  <div class='ocr_page' id='page_1' title='image "/cluster/home/n/w/nwhite01/storage/ocr_20150623/24/hvd.32044073501108/134.png"; bbox 0 0 4158 6402; ppageno 0'>
   <div class='ocr_carea' id='block_1_1' title="bbox 301 341 1036 398">
    <p class='ocr_par' dir='ltr' id='par_1_1' title="bbox 301 341 1036 398">
     <span class='ocr_line' id='line_1_1' title="bbox 301 341 1036 398; baseline 0.004 -2"><span class='ocrx_word' id='word_1_1' title='bbox 301 341 409 398; x_wconf 77' lang='lat'><strong>255</strong></span> <span class='ocrx_word' id='word_1_2' title='bbox 1019 341 1036 370; x_wconf 83' lang='lat'>‘</span> 
     </span>
    </p>
   </div>
   <div class='ocr_carea' id='block_1_2' title="bbox 1219 335 2676 420">
    <p class='ocr_par' dir='ltr' id='par_1_2' title="bbox 1219 335 2676 420">
     <span class='ocr_line' id='line_1_2' title="bbox 1219 335 2676 420; baseline -0.003 -24"><span class='ocrx_word' id='word_1_3' title='bbox 1219 338 1725 420; x_wconf 69' lang='lat' dir='ltr'><strong>COMMENTARIA</strong></span> <span class='ocrx_word' id='word_1_4' title='bbox 1767 341 1832 397; x_wconf 79' lang='lat' dir='ltr'><strong>IN</strong></span> <span class='ocrx_word' id='word_1_5' title='bbox 1870 339 2128 397; x_wconf 72' lang='lat' dir='ltr'><strong>ISAIAM.</strong></span> <span class='ocrx_word' id='word_1_6' title='bbox 2170 369 2239 379; x_wconf 91' lang='lat'><strong>-—</strong></span> <span class='ocrx_word' id='word_1_7' title='bbox 2275 337 2429 396; x_wconf 81' lang='lat' dir='ltr'><strong>CAP.</strong></span> <span class='ocrx_word' id='word_1_8' title='bbox 2481 335 2676 396; x_wconf 71' lang='lat' dir='ltr'><strong>XXIII.</strong></span> 
     </span>
    </p>
   </div>
   <div class='ocr_carea' id='block_1_3' title="bbox 3470 339 3578 397">
    <p class='ocr_par' dir='ltr' id='par_1_3' title="bbox 3470 339 3578 397">
     <span class='ocr_line' id='line_1_3' title="bbox 3470 339 3578 397; baseline -0.009 -1"><span class='ocrx_word' id='word_1_9' title='bbox 3470 339 3578 397; x_wconf 69' lang='grc'><strong>234</strong></span> 
     </span>
    </p>
   </div>
   <div class='ocr_carea' id='block_1_4' title="bbox 304 448 1881 530">
    <p class='ocr_par' dir='ltr' id='par_1_4' title="bbox 304 454 1881 530">
     <span class='ocr_line' id='line_1_4' title="bbox 304 454 1881 530; baseline 0.001 -21"><span class='ocrx_word' id='word_1_10' title='bbox 304 454 542 528; x_wconf 81' lang='grc' dir='ltr'><strong>πρώτοις</strong></span> <span class='ocrx_word' id='word_1_11' title='bbox 579 472 834 527; x_wconf 88' lang='grc' dir='ltr'>σημαινει</span> <span class='ocrx_word' id='word_1_12' title='bbox 859 455 958 527; x_wconf 78' lang='grc' dir='ltr'>τὴν</span> <span class='ocrx_word' id='word_1_13' title='bbox 1003 454 1336 510; x_wconf 77' lang='grc' dir='ltr'><strong>ἐπελθοῦσαν</strong></span> <span class='ocrx_word' id='word_1_14' title='bbox 1363 460 1428 528; x_wconf 81' lang='grc' dir='ltr'>τῇ</span> <span class='ocrx_word' id='word_1_15' title='bbox 1476 456 1637 530; x_wconf 86' lang='grc' dir='ltr'>Τύρῳ</span> <span class='ocrx_word' id='word_1_16' title='bbox 1683 458 1881 530; x_wconf 85' lang='grc' dir='ltr'>πολιορ</span> 
     </span>
    </p>
   </div>
   <div class='ocr_carea' id='block_1_5' title="bbox 1986 448 3579 530">
    <p class='ocr_par' dir='ltr' id='par_1_5' title="bbox 1997 448 3579 525">
     <span class='ocr_line' id='line_1_5' title="bbox 1997 448 3579 525; baseline -0.002 -14"><span class='ocrx_word' id='word_1_17' title='bbox 1997 452 2267 524; x_wconf 75' lang='lat' dir='ltr'><strong>significat</strong></span> <span class='ocrx_word' id='word_1_18' title='bbox 2312 451 2550 514; x_wconf 86' lang='lat' dir='ltr'><strong>futuram</strong></span> <span class='ocrx_word' id='word_1_19' title='bbox 2595 449 2723 524; x_wconf 82' lang='lat' dir='ltr'><strong>Tyri</strong></span> <span class='ocrx_word' id='word_1_20' title='bbox 2772 448 3112 512; x_wconf 75' lang='lat' dir='ltr'><strong>obsidionem</strong></span> <span class='ocrx_word' id='word_1_21' title='bbox 3143 465 3160 506; x_wconf 87' lang='lat'><strong>:</strong></span> <span class='ocrx_word' id='word_1_22' title='bbox 3191 466 3298 523; x_wconf 87' lang='lat' dir='ltr'><strong>quo</strong></span> <span class='ocrx_word' id='word_1_23' title='bbox 3334 458 3579 525; x_wconf 83' lang='lat' dir='ltr'><strong>tempore</strong></span> 
     </span>
    </p>
   </div>
   <div class='ocr_carea' id='block_1_6' title="bbox 304 543 1890 618">
    <p class='ocr_par' dir='ltr' id='par_1_6' title="bbox 304 543 1890 618">
     <span class='ocr_line' id='line_1_6' title="bbox 304 543 1890 618; baseline -0.002 -17"><span class='ocrx_word' id='word_1_24' title='bbox 304 549 428 601; x_wconf 89' lang='grc' dir='ltr'>κίαν</span> <span class='ocrx_word' id='word_1_25' title='bbox 450 565 465 578; x_wconf 74' lang='grc' dir='ltr'><strong>ο</strong></span> <span class='ocrx_word' id='word_1_26' title='bbox 494 545 616 600; x_wconf 83' lang='grc' dir='ltr'>καθ’</span> <span class='ocrx_word' id='word_1_27' title='bbox 655 547 715 600; x_wconf 78' lang='grc' dir='ltr'>ὃν</span> <span class='ocrx_word' id='word_1_28' title='bbox 751 546 942 618; x_wconf 83' lang='grc' dir='ltr'>χρόνον</span> <span class='ocrx_word' id='word_1_29' title='bbox 974 545 1206 610; x_wconf 80' lang='grc' dir='ltr'>ἐπιστὰς</span> <span class='ocrx_word' id='word_1_30' title='bbox 1228 547 1255 598; x_wconf 87' lang='grc' dir='ltr'><strong>ὀ</strong></span> <span class='ocrx_word' id='word_1_31' title='bbox 1299 543 1582 618; x_wconf 79' lang='grc' dir='ltr'><strong>Ἀσσύριος</strong></span> <span class='ocrx_word' id='word_1_32' title='bbox 1617 545 1754 616; x_wconf 80' lang='grc' dir='ltr'>μετὰ</span> <span class='ocrx_word' id='word_1_33' title='bbox 1782 545 1890 598; x_wconf 83' lang='grc' dir='ltr'><strong>τῶν</strong></span> 
     </span>
    </p>
   </div>
   <div class='ocr_carea' id='block_1_7' title="bbox 303 632 1890 708">
    <p class='ocr_par' dir='ltr' id='par_1_7' title="bbox 303 632 1890 708">
     <span class='ocr_line' id='line_1_7' title="bbox 303 632 1890 708; baseline -0.003 -15"><span class='ocrx_word' id='word_1_34' title='bbox 303 640 479 693; x_wconf 76' lang='grc' dir='ltr'>ἄλλων</span> <span class='ocrx_word' id='word_1_35' title='bbox 513 637 682 693; x_wconf 82' lang='grc' dir='ltr'>ἐθνῶν</span> <span class='ocrx_word' id='word_1_36' title='bbox 711 639 803 691; x_wconf 79' lang='grc' dir='ltr'><strong>καὶ</strong></span> <span class='ocrx_word' id='word_1_37' title='bbox 825 637 994 708; x_wconf 71' lang='grc' dir='ltr'>αὐτὴν</span> <span class='ocrx_word' id='word_1_38' title='bbox 1021 632 1132 690; x_wconf 75' lang='grc' dir='ltr'>εἷλε</span> <span class='ocrx_word' id='word_1_39' title='bbox 1171 637 1265 690; x_wconf 82' lang='grc' dir='ltr'>καὶ</span> <span class='ocrx_word' id='word_1_40' title='bbox 1297 636 1394 708; x_wconf 79' lang='grc' dir='ltr'>τὴν</span> <span class='ocrx_word' id='word_1_41' title='bbox 1423 637 1649 700; x_wconf 78' lang='grc' dir='ltr'>Σιδῶνα,</span> <span class='ocrx_word' id='word_1_42' title='bbox 1678 637 1755 702; x_wconf 88' lang='grc' dir='ltr'>ὼς</span> <span class='ocrx_word' id='word_1_43' title='bbox 1797 636 1890 689; x_wconf 76' lang='grc' dir='ltr'><strong>καὶ</strong></span> 
     </span>
    </p>
   </div>
   <div class='ocr_carea' id='block_1_8' title="bbox 303 726 1891 800">
    <p class='ocr_par' dir='ltr' id='par_1_8' title="bbox 303 726 1891 800">
     <span class='ocr_line' id='line_1_8' title="bbox 303 726 1891 800; baseline -0.003 -16"><span class='ocrx_word' id='word_1_44' title='bbox 303 733 362 784; x_wconf 67' lang='grc' dir='ltr'><strong>δν</strong></span> <span class='ocrx_word' id='word_1_45' title='bbox 396 733 514 794; x_wconf 90' lang='grc' dir='ltr'>ταῖς</span> <span class='ocrx_word' id='word_1_46' title='bbox 552 729 749 795; x_wconf 72' lang='grc' dir='ltr'>ἔξωθεν</span> <span class='ocrx_word' id='word_1_47' title='bbox 778 727 1077 800; x_wconf 67' lang='grc' dir='ltr'>ἐμφέρεται</span> <span class='ocrx_word' id='word_1_48' title='bbox 1119 729 1401 800; x_wconf 80' lang='grc' dir='ltr'>ἱστορίαις.</span> <span class='ocrx_word' id='word_1_49' title='bbox 1462 729 1550 781; x_wconf 86' lang='grc' dir='ltr'>Ἐν</span> <span class='ocrx_word' id='word_1_50' title='bbox 1591 727 1670 798; x_wconf 80' lang='grc' dir='ltr'>τῷ</span> <span class='ocrx_word' id='word_1_51' title='bbox 1715 726 1891 798; x_wconf 81' lang='grc' dir='ltr'><strong>καιρῷ</strong></span> 
     </span>
    </p>
   </div>
   <div class='ocr_carea' id='block_1_9' title="bbox 303 819 1892 893">
    <p class='ocr_par' dir='ltr' id='par_1_9' title="bbox 303 819 1892 893">
     <span class='ocr_line' id='line_1_9' title="bbox 303 819 1892 893; baseline -0.004 -17"><span class='ocrx_word' id='word_1_52' title='bbox 303 825 482 878; x_wconf 89' lang='grc' dir='ltr'>τοίνυν</span> <span class='ocrx_word' id='word_1_53' title='bbox 509 822 721 893; x_wconf 83' lang='grc' dir='ltr'>ἐκείνῳ,</span> <span class='ocrx_word' id='word_1_54' title='bbox 759 820 880 874; x_wconf 88' lang='grc' dir='ltr'>καθ’</span> <span class='ocrx_word' id='word_1_55' title='bbox 909 821 969 874; x_wconf 86' lang='grc' dir='ltr'>ὂν</span> <span class='ocrx_word' id='word_1_56' title='bbox 997 820 1095 892; x_wconf 74' lang='grc' dir='ltr'><strong>τὴν</strong></span> <span class='ocrx_word' id='word_1_57' title='bbox 1126 819 1396 890; x_wconf 79' lang='grc' dir='ltr'>τοσαύτην</span> <span class='ocrx_word' id='word_1_58' title='bbox 1423 819 1638 892; x_wconf 21' lang='grc' dir='ltr'>ἐκεί-νην</span> <span class='ocrx_word' id='word_1_59' title='bbox 1664 819 1892 889; x_wconf 85' lang='grc' dir='ltr'>ὑπέμει-</span> 
     </span>
    </p>
   </div>
   <div class='ocr_carea' id='block_1_10' title="bbox 302 905 1890 988">
    <p class='ocr_par' dir='ltr' id='par_1_10' title="bbox 302 905 1890 988">
     <span class='ocr_line' id='line_1_10' title="bbox 302 905 1890 988; baseline -0.004 -18"><span class='ocrx_word' id='word_1_60' title='bbox 302 905 394 970; x_wconf 68' lang='grc' dir='ltr'><strong>νεν</strong></span> <span class='ocrx_word' id='word_1_61' title='bbox 420 914 655 988; x_wconf 76' lang='grc' dir='ltr'>ἐρημίαν</span> <span class='ocrx_word' id='word_1_62' title='bbox 681 915 712 986; x_wconf 80' lang='grc' dir='ltr'>ἡ</span> <span class='ocrx_word' id='word_1_63' title='bbox 739 913 954 986; x_wconf 79' lang='grc' dir='ltr'><strong>Τυρίων</strong></span> <span class='ocrx_word' id='word_1_64' title='bbox 989 913 1162 978; x_wconf 87' lang='grc' dir='ltr'>πόλις,</span> <span class='ocrx_word' id='word_1_65' title='bbox 1193 913 1339 977; x_wconf 77' lang='grc' dir='ltr'>εἰκὸς</span> <span class='ocrx_word' id='word_1_66' title='bbox 1360 908 1427 984; x_wconf 79' lang='grc' dir='ltr'>ἦν</span> <span class='ocrx_word' id='word_1_67' title='bbox 1456 913 1652 978; x_wconf 75' lang='grc' dir='ltr'>αὐτοὺς</span> <span class='ocrx_word' id='word_1_68' title='bbox 1691 912 1890 984; x_wconf 81' lang='grc' dir='ltr'><strong>μηκέτι</strong></span> 
     </span>
    </p>
   </div>
   <div class='ocr_carea' id='block_1_11' title="bbox 307 1005 1886 1084">
    <p class='ocr_par' dir='ltr' id='par_1_11' title="bbox 307 1005 1886 1084">
     <span class='ocr_line' id='line_1_11' title="bbox 307 1005 1886 1084; baseline -0.003 -22"><span class='ocrx_word' id='word_1_69' title='bbox 307 1009 444 1084; x_wconf 80' lang='grc' dir='ltr'><strong>μηδέ</strong></span> <span class='ocrx_word' id='word_1_70' title='bbox 491 1008 708 1080; x_wconf 79' lang='grc' dir='ltr'>συνήθει</span> <span class='ocrx_word' id='word_1_71' title='bbox 746 1005 1044 1078; x_wconf 79' lang='grc' dir='ltr'>κεχρῆσθαι</span> <span class='ocrx_word' id='word_1_72' title='bbox 1084 1006 1345 1077; x_wconf 72' lang='grc' dir='ltr'>ἐμπορίᾳ,</span> <span class='ocrx_word' id='word_1_73' title='bbox 1381 1007 1668 1071; x_wconf 77' lang='grc' dir='ltr'>ναυτικοὺς</span> <span class='ocrx_word' id='word_1_74' title='bbox 1708 1005 1886 1069; x_wconf 74' lang='grc' dir='ltr'>ὂντας,</span> 
     </span>
    </p>
   </div>
   <div class='ocr_carea' id='block_1_12' title="bbox 305 1095 1890 1170">
    <p class='ocr_par' dir='ltr' id='par_1_12' title="bbox 305 1095 1890 1170">
     <span class='ocr_line' id='line_1_12' title="bbox 305 1095 1890 1170; baseline -0.003 -15"><span class='ocrx_word' id='word_1_75' title='bbox 305 1103 402 1162; x_wconf 72' lang='grc' dir='ltr'><strong>καὶ</strong></span> <span class='ocrx_word' id='word_1_76' title='bbox 430 1101 660 1155; x_wconf 79' lang='grc' dir='ltr'>πάντοτε</span> <span class='ocrx_word' id='word_1_77' title='bbox 698 1099 1105 1170; x_wconf 79' lang='grc' dir='ltr'>πραγματείαις</span> <span class='ocrx_word' id='word_1_78' title='bbox 1133 1101 1253 1161; x_wconf 88' lang='grc' dir='ltr'>ταῖς</span> <span class='ocrx_word' id='word_1_79' title='bbox 1283 1097 1371 1151; x_wconf 82' lang='grc' dir='ltr'>διὰ</span> <span class='ocrx_word' id='word_1_80' title='bbox 1400 1097 1675 1169; x_wconf 76' lang='grc' dir='ltr'>θαλάσσης</span> <span class='ocrx_word' id='word_1_81' title='bbox 1702 1095 1890 1167; x_wconf 85' lang='grc' dir='ltr'>σχολά-</span> 
     </span>
    </p>
   </div>
   <div class='ocr_carea' id='block_1_13' title="bbox 306 1187 1888 1262">
    <p class='ocr_par' dir='ltr' id='par_1_13' title="bbox 306 1187 1888 1262">
     <span class='ocr_line' id='line_1_13' title="bbox 306 1187 1888 1262; baseline -0.001 -17"><span class='ocrx_word' id='word_1_82' title='bbox 306 1191 521 1258; x_wconf 80' lang='grc' dir='ltr'>ζοντας.</span> <span class='ocrx_word' id='word_1_83' title='bbox 599 1191 1016 1260; x_wconf 83' lang='grc' dir='ltr'>Ἀφανισθείσης</span> <span class='ocrx_word' id='word_1_84' title='bbox 1063 1187 1242 1242; x_wconf 81' lang='grc' dir='ltr'>τοίνυν</span> <span class='ocrx_word' id='word_1_85' title='bbox 1293 1194 1392 1261; x_wconf 79' lang='grc' dir='ltr'>τῆς</span> <span class='ocrx_word' id='word_1_86' title='bbox 1445 1189 1658 1262; x_wconf 87' lang='grc' dir='ltr'>Τύρου,</span> <span class='ocrx_word' id='word_1_87' title='bbox 1706 1191 1888 1244; x_wconf 84' lang='grc' dir='ltr'>οὐκέτι</span> 
     </span>
    </p>
   </div>
   <div class='ocr_carea' id='block_1_14' title="bbox 304 1280 1891 1356">
    <p class='ocr_par' dir='ltr' id='par_1_14' title="bbox 304 1280 1891 1356">
     <span class='ocr_line' id='line_1_14' title="bbox 304 1280 1891 1356; baseline -0.001 -17"><span class='ocrx_word' id='word_1_88' title='bbox 304 1280 446 1356; x_wconf 83' lang='grc' dir='ltr'>ἦσαν</span> <span class='ocrx_word' id='word_1_89' title='bbox 494 1285 544 1338; x_wconf 90' lang='grc' dir='ltr'><strong>οί</strong></span> <span class='ocrx_word' id='word_1_90' title='bbox 591 1284 690 1350; x_wconf 78' lang='grc' dir='ltr'>τὰς</span> <span class='ocrx_word' id='word_1_91' title='bbox 739 1285 1009 1355; x_wconf 82' lang='grc' dir='ltr'>ἐμπορίας</span> <span class='ocrx_word' id='word_1_92' title='bbox 1059 1283 1118 1350; x_wconf 81' lang='grc' dir='ltr'><strong>ἐξ</strong></span> <span class='ocrx_word' id='word_1_93' title='bbox 1164 1285 1335 1355; x_wconf 78' lang='grc' dir='ltr'>αὐτῆς</span> <span class='ocrx_word' id='word_1_94' title='bbox 1384 1283 1731 1354; x_wconf 74' lang='grc' dir='ltr'>κομίζοντες,</span> <span class='ocrx_word' id='word_1_95' title='bbox 1783 1286 1891 1338; x_wconf 81' lang='grc' dir='ltr'><strong>ἀπὸ</strong></span> 
     </span>
    </p>
   </div>
   <div class='ocr_carea' id='block_1_15' title="bbox 307 1375 1891 1448">
    <p class='ocr_par' dir='ltr' id='par_1_15' title="bbox 307 1375 1891 1448">
     <span class='ocr_line' id='line_1_15' title="bbox 307 1375 1891 1448; baseline 0 -19"><span class='ocrx_word' id='word_1_96' title='bbox 307 1375 651 1448; x_wconf 71' lang='grc' dir='ltr'>Καρχηδόνος</span> <span class='ocrx_word' id='word_1_97' title='bbox 681 1376 932 1441; x_wconf 78' lang='grc' dir='ltr'>εἰωθότες</span> <span class='ocrx_word' id='word_1_98' title='bbox 965 1377 1207 1430; x_wconf 83' lang='grc' dir='ltr'>διαπλεῖν</span> <span class='ocrx_word' id='word_1_99' title='bbox 1248 1376 1340 1429; x_wconf 71' lang='grc' dir='ltr'><strong>ἐπὶ</strong></span> <span class='ocrx_word' id='word_1_100' title='bbox 1369 1375 1466 1448; x_wconf 88' lang='grc' dir='ltr'>τὴν</span> <span class='ocrx_word' id='word_1_101' title='bbox 1497 1377 1693 1448; x_wconf 87' lang='grc' dir='ltr'>Τύρον.</span> <span class='ocrx_word' id='word_1_102' title='bbox 1730 1397 1746 1428; x_wconf 79' lang='grc' dir='ltr'><strong>ι</strong></span> <span class='ocrx_word' id='word_1_103' title='bbox 1780 1376 1891 1431; x_wconf 70' lang='grc' dir='ltr'><strong>Καὶ</strong></span> 
     </span>
    </p>
   </div>
   <div class='ocr_carea' id='block_1_16' title="bbox 305 1460 1892 1543">
    <p class='ocr_par' dir='ltr' id='par_1_16' title="bbox 305 1460 1892 1543">
     <span class='ocr_line' id='line_1_16' title="bbox 305 1460 1892 1543; baseline 0.001 -21"><span class='ocrx_word' id='word_1_104' title='bbox 305 1471 488 1525; x_wconf 83' lang='grc' dir='ltr'>οὐκέτι</span> <span class='ocrx_word' id='word_1_105' title='bbox 518 1469 764 1543; x_wconf 77' lang='grc' dir='ltr'>ἔρχονται</span> <span class='ocrx_word' id='word_1_106' title='bbox 810 1472 874 1523; x_wconf 81' lang='grc' dir='ltr'><strong>ἐκ</strong></span> <span class='ocrx_word' id='word_1_107' title='bbox 914 1472 1016 1542; x_wconf 75' lang='grc' dir='ltr'><strong>γῆς</strong></span> <span class='ocrx_word' id='word_1_108' title='bbox 1056 1469 1354 1523; x_wconf 84' lang='grc' dir='ltr'>Κιττιέων·</span> <span class='ocrx_word' id='word_1_109' title='bbox 1399 1460 1892 1541; x_wconf 70' lang='grc' dir='ltr'>ἦκταιάίχμὰλω·</span> 
     </span>
    </p>
   </div>
   <div class='ocr_carea' id='block_1_17' title="bbox 303 1562 1898 1634">
    <p class='ocr_par' dir='ltr' id='par_1_17' title="bbox 303 1562 1898 1634">
     <span class='ocr_line' id='line_1_17' title="bbox 303 1562 1898 1634; baseline 0.001 -18"><span class='ocrx_word' id='word_1_110' title='bbox 303 1581 417 1628; x_wconf 88' lang='grc' dir='ltr'>τος.</span> <span class='ocrx_word' id='word_1_111' title='bbox 465 1583 484 1615; x_wconf 70' lang='grc' dir='ltr'><strong>ι</strong></span> <span class='ocrx_word' id='word_1_112' title='bbox 525 1563 756 1632; x_wconf 82' lang='grc' dir='ltr'>Λέγεται</span> <span class='ocrx_word' id='word_1_113' title='bbox 803 1562 860 1614; x_wconf 84' lang='grc' dir='ltr'><strong>δὲ</strong></span> <span class='ocrx_word' id='word_1_114' title='bbox 910 1564 942 1634; x_wconf 78' lang='grc' dir='ltr'>ἡ</span> <span class='ocrx_word' id='word_1_115' title='bbox 996 1562 1221 1633; x_wconf 83' lang='grc' dir='ltr'>Κύπρος</span> <span class='ocrx_word' id='word_1_116' title='bbox 1266 1563 1410 1616; x_wconf 71' lang='grc' dir='ltr'>οὕτω</span> <span class='ocrx_word' id='word_1_117' title='bbox 1449 1562 1739 1634; x_wconf 74' lang='grc' dir='ltr'>δηλοῦσθαι</span> <span class='ocrx_word' id='word_1_118' title='bbox 1796 1563 1898 1620; x_wconf 70' lang='grc' dir='ltr'>καὶ</span> 
     </span>
    </p>
   </div>
   <div class='ocr_carea' id='block_1_18' title="bbox 305 1647 1888 1725">
    <p class='ocr_par' dir='ltr' id='par_1_18' title="bbox 305 1647 1888 1725">
     <span class='ocr_line' id='line_1_18' title="bbox 305 1647 1888 1725; baseline 0 -19"><span class='ocrx_word' id='word_1_119' title='bbox 305 1650 548 1706; x_wconf 84' lang='grc' dir='ltr'>Κιττίων</span> <span class='ocrx_word' id='word_1_120' title='bbox 601 1647 739 1705; x_wconf 81' lang='grc' dir='ltr'>εἶναι</span> <span class='ocrx_word' id='word_1_121' title='bbox 779 1651 932 1704; x_wconf 74' lang='grc' dir='ltr'>πόλιν</span> <span class='ocrx_word' id='word_1_122' title='bbox 974 1653 1032 1705; x_wconf 84' lang='grc' dir='ltr'><strong>ἐν</strong></span> <span class='ocrx_word' id='word_1_123' title='bbox 1075 1654 1236 1724; x_wconf 78' lang='grc' dir='ltr'>αὐτῇ,</span> <span class='ocrx_word' id='word_1_124' title='bbox 1271 1653 1338 1706; x_wconf 81' lang='grc' dir='ltr'>δι’</span> <span class='ocrx_word' id='word_1_125' title='bbox 1376 1647 1444 1724; x_wconf 76' lang='grc' dir='ltr'><strong>ἧς</strong></span> <span class='ocrx_word' id='word_1_126' title='bbox 1484 1652 1792 1725; x_wconf 80' lang='grc' dir='ltr'>παρέπλεον</span> <span class='ocrx_word' id='word_1_127' title='bbox 1838 1654 1888 1707; x_wconf 76' lang='grc' dir='ltr'>οἳ</span> 
     </span>
    </p>
   </div>
   <div class='ocr_carea' id='block_1_19' title="bbox 303 1744 1188 1816">
    <p class='ocr_par' dir='ltr' id='par_1_19' title="bbox 303 1744 1188 1816">
     <span class='ocr_line' id='line_1_19' title="bbox 303 1744 1188 1816; baseline 0 -17"><span class='ocrx_word' id='word_1_128' title='bbox 303 1744 413 1800; x_wconf 80' lang='grc' dir='ltr'>ἀπὸ</span> <span class='ocrx_word' id='word_1_129' title='bbox 436 1745 536 1815; x_wconf 84' lang='grc' dir='ltr'>τῆς</span> <span class='ocrx_word' id='word_1_130' title='bbox 563 1745 739 1814; x_wconf 85' lang='grc' dir='ltr'>Τύρου</span> <span class='ocrx_word' id='word_1_131' title='bbox 768 1745 1188 1816; x_wconf 84' lang='grc' dir='ltr'>ναυτιλλόμενοι.</span> 
     </span>
    </p>
   </div>
   <div class='ocr_carea' id='block_1_20' title="bbox 1995 544 3578 620">
    <p class='ocr_par' dir='ltr' id='par_1_20' title="bbox 1995 544 3578 620">
     <span class='ocr_line' id='line_1_20' title="bbox 1995 544 3578 620; baseline -0.004 -14"><span class='ocrx_word' id='word_1_132' title='bbox 1995 546 2388 616; x_wconf 88' lang='lat' dir='ltr'><strong>superveniens</strong></span> <span class='ocrx_word' id='word_1_133' title='bbox 2414 546 2677 620; x_wconf 83' lang='lat' dir='ltr'><strong>Assyrius</strong></span> <span class='ocrx_word' id='word_1_134' title='bbox 2701 559 2827 600; x_wconf 87' lang='lat' dir='ltr'><strong>cum</strong></span> <span class='ocrx_word' id='word_1_135' title='bbox 2856 544 2977 600; x_wconf 88' lang='lat' dir='ltr'><strong>aliis</strong></span> <span class='ocrx_word' id='word_1_136' title='bbox 3002 545 3278 617; x_wconf 75' lang='lat' dir='ltr'><strong>gentibus,</strong></span> <span class='ocrx_word' id='word_1_137' title='bbox 3307 556 3363 603; x_wconf 85' lang='lat' dir='ltr'><strong>et</strong></span> <span class='ocrx_word' id='word_1_138' title='bbox 3406 546 3578 617; x_wconf 80' lang='lat' dir='ltr'><strong>ipsam</strong></span> 
     </span>
    </p>
   </div>
   <div class='ocr_carea' id='block_1_21' title="bbox 1992 635 3577 704">
    <p class='ocr_par' dir='ltr' id='par_1_21' title="bbox 1992 635 3577 704">
     <span class='ocr_line' id='line_1_21' title="bbox 1992 635 3577 704; baseline -0.001 -10"><span class='ocrx_word' id='word_1_139' title='bbox 1992 648 2047 694; x_wconf 90' lang='lat' dir='ltr'><strong>et</strong></span> <span class='ocrx_word' id='word_1_140' title='bbox 2077 637 2334 693; x_wconf 87' lang='lat' dir='ltr'><strong>Sidonem</strong></span> <span class='ocrx_word' id='word_1_141' title='bbox 2376 635 2552 704; x_wconf 91' lang='lat' dir='ltr'><strong>cepit,</strong></span> <span class='ocrx_word' id='word_1_142' title='bbox 2597 642 2655 699; x_wconf 85' lang='lat' dir='ltr'><strong>ut</strong></span> <span class='ocrx_word' id='word_1_143' title='bbox 2685 635 2854 690; x_wconf 89' lang='lat' dir='ltr'><strong>etiam</strong></span> <span class='ocrx_word' id='word_1_144' title='bbox 2900 635 2952 690; x_wconf 95' lang='lat' dir='ltr'><strong>in</strong></span> <span class='ocrx_word' id='word_1_145' title='bbox 2983 647 3296 692; x_wconf 82' lang='lat' dir='ltr'><strong>exteroer</strong></span> <span class='ocrx_word' id='word_1_146' title='bbox 3331 638 3577 694; x_wconf 77' lang='lat' dir='ltr'><strong>historiis</strong></span> 
     </span>
    </p>
   </div>
   <div class='ocr_carea' id='block_1_22' title="bbox 1995 725 3578 800">
    <p class='ocr_par' dir='ltr' id='par_1_22' title="bbox 1995 725 3578 800">
     <span class='ocr_line' id='line_1_22' title="bbox 1995 725 3578 800; baseline 0.001 -16"><span class='ocrx_word' id='word_1_147' title='bbox 1995 737 2271 786; x_wconf 82' lang='lat' dir='ltr'><strong>narratur.</strong></span> <span class='ocrx_word' id='word_1_148' title='bbox 2315 725 2413 782; x_wconf 89' lang='lat' dir='ltr'><strong>lllo</strong></span> <span class='ocrx_word' id='word_1_149' title='bbox 2464 725 2648 794; x_wconf 77' lang='lat' dir='ltr'><strong>itaque</strong></span> <span class='ocrx_word' id='word_1_150' title='bbox 2699 735 2973 798; x_wconf 85' lang='lat' dir='ltr'><strong>tempore,</strong></span> <span class='ocrx_word' id='word_1_151' title='bbox 3023 743 3133 798; x_wconf 90' lang='lat' dir='ltr'><strong>quo</strong></span> <span class='ocrx_word' id='word_1_152' title='bbox 3169 728 3459 800; x_wconf 84' lang='lat' dir='ltr'><strong>Tyriorum</strong></span> <span class='ocrx_word' id='word_1_153' title='bbox 3498 731 3578 785; x_wconf 89' lang='lat' dir='ltr'><strong>ci-</strong></span> 
     </span>
    </p>
   </div>
   <div class='ocr_carea' id='block_1_23' title="bbox 1993 820 3578 895">
    <p class='ocr_par' dir='ltr' id='par_1_23' title="bbox 1993 820 3578 895">
     <span class='ocr_line' id='line_1_23' title="bbox 1993 820 3578 895; baseline 0.003 -17"><span class='ocrx_word' id='word_1_154' title='bbox 1993 825 2130 880; x_wconf 97' lang='lat' dir='ltr'><strong>vitas</strong></span> <span class='ocrx_word' id='word_1_155' title='bbox 2161 830 2368 878; x_wconf 89' lang='lat' dir='ltr'><strong>tantam</strong></span> <span class='ocrx_word' id='word_1_156' title='bbox 2402 835 2564 892; x_wconf 83' lang='lat' dir='ltr'><strong>passa</strong></span> <span class='ocrx_word' id='word_1_157' title='bbox 2609 829 2696 876; x_wconf 90' lang='lat' dir='ltr'><strong>est</strong></span> <span class='ocrx_word' id='word_1_158' title='bbox 2728 820 3061 888; x_wconf 70' lang='lat' dir='ltr'><strong>vastitatem,</strong></span> <span class='ocrx_word' id='word_1_159' title='bbox 3091 838 3432 895; x_wconf 82' lang='lat' dir='ltr'><strong>consequens</strong></span> <span class='ocrx_word' id='word_1_160' title='bbox 3458 836 3578 882; x_wconf 82' lang='lat' dir='ltr'><strong>erat</strong></span> 
     </span>
    </p>
   </div>
   <div class='ocr_carea' id='block_1_24' title="bbox 1995 912 3577 986">
    <p class='ocr_par' dir='ltr' id='par_1_24' title="bbox 1995 912 3577 986">
     <span class='ocr_line' id='line_1_24' title="bbox 1995 912 3577 986; baseline 0.002 -17"><span class='ocrx_word' id='word_1_161' title='bbox 1995 915 2116 972; x_wconf 88' lang='lat' dir='ltr'><strong>illos</strong></span> <span class='ocrx_word' id='word_1_162' title='bbox 2169 929 2276 970; x_wconf 88' lang='lat' dir='ltr'><strong>non</strong></span> <span class='ocrx_word' id='word_1_163' title='bbox 2343 912 2506 970; x_wconf 86' lang='lat' dir='ltr'><strong>solito</strong></span> <span class='ocrx_word' id='word_1_164' title='bbox 2561 913 2894 968; x_wconf 82' lang='lat' dir='ltr'><strong>commercio</strong></span> <span class='ocrx_word' id='word_1_165' title='bbox 2944 915 3060 978; x_wconf 78' lang='lat' dir='ltr'><strong>uti;</strong></span> <span class='ocrx_word' id='word_1_166' title='bbox 3121 916 3332 970; x_wconf 87' lang='lat' dir='ltr'><strong>nautici</strong></span> <span class='ocrx_word' id='word_1_167' title='bbox 3377 917 3577 986; x_wconf 84' lang='lat' dir='ltr'><strong>quippe</strong></span> 
     </span>
    </p>
   </div>
   <div class='ocr_carea' id='block_1_25' title="bbox 1995 1004 3576 1075">
    <p class='ocr_par' dir='ltr' id='par_1_25' title="bbox 1995 1004 3576 1075">
     <span class='ocr_line' id='line_1_25' title="bbox 1995 1004 3576 1075; baseline -0.008 -12"><span class='ocrx_word' id='word_1_168' title='bbox 1995 1016 2189 1071; x_wconf 87' lang='lat' dir='ltr'><strong>erant,</strong></span> <span class='ocrx_word' id='word_1_169' title='bbox 2237 1021 2300 1062; x_wconf 89' lang='lat' dir='ltr'><strong>ac</strong></span> <span class='ocrx_word' id='word_1_170' title='bbox 2335 1019 2551 1075; x_wconf 85' lang='lat' dir='ltr'><strong>semper</strong></span> <span class='ocrx_word' id='word_1_171' title='bbox 2627 1004 2856 1064; x_wconf 88' lang='lat' dir='ltr'><strong>marinis</strong></span> <span class='ocrx_word' id='word_1_172' title='bbox 2915 1005 3368 1075; x_wconf 70' lang='lat' dir='ltr'><strong>negotiationibus</strong></span> <span class='ocrx_word' id='word_1_173' title='bbox 3415 1024 3576 1064; x_wconf 65' lang='lat' dir='ltr'><strong>mea-</strong></span> 
     </span>
    </p>
   </div>
   <div class='ocr_carea' id='block_1_26' title="bbox 1995 1097 3577 1173">
    <p class='ocr_par' dir='ltr' id='par_1_26' title="bbox 1995 1097 3577 1173">
     <span class='ocr_line' id='line_1_26' title="bbox 1995 1097 3577 1173; baseline 0 -17"><span class='ocrx_word' id='word_1_174' title='bbox 1995 1101 2146 1156; x_wconf 83' lang='lat' dir='ltr'><strong>bant.</strong></span> <span class='ocrx_word' id='word_1_175' title='bbox 2183 1099 2368 1153; x_wconf 89' lang='lat' dir='ltr'><strong>Deleta</strong></span> <span class='ocrx_word' id='word_1_176' title='bbox 2413 1099 2594 1167; x_wconf 87' lang='lat' dir='ltr'><strong>itaque</strong></span> <span class='ocrx_word' id='word_1_177' title='bbox 2624 1097 2790 1168; x_wconf 89' lang='lat' dir='ltr'><strong>Tyro,</strong></span> <span class='ocrx_word' id='word_1_178' title='bbox 2825 1097 2954 1158; x_wconf 85' lang='lat' dir='ltr'><strong>nulli</strong></span> <span class='ocrx_word' id='word_1_179' title='bbox 2995 1111 3154 1156; x_wconf 88' lang='lat' dir='ltr'><strong>erant</strong></span> <span class='ocrx_word' id='word_1_180' title='bbox 3178 1103 3268 1171; x_wconf 91' lang='lat' dir='ltr'><strong>qui</strong></span> <span class='ocrx_word' id='word_1_181' title='bbox 3301 1119 3399 1173; x_wconf 81' lang='lat' dir='ltr'><strong>pro</strong></span> <span class='ocrx_word' id='word_1_182' title='bbox 3425 1121 3577 1161; x_wconf 80' lang='lat' dir='ltr'><strong>more</strong></span> 
     </span>
    </p>
   </div>
   <div class='ocr_carea' id='block_1_27' title="bbox 1995 1192 3576 1269">
    <p class='ocr_par' dir='ltr' id='par_1_27' title="bbox 1995 1192 3576 1269">
     <span class='ocr_line' id='line_1_27' title="bbox 1995 1192 3576 1269; baseline 0.004 -22"><span class='ocrx_word' id='word_1_183' title='bbox 1995 1208 2204 1249; x_wconf 79' lang='lat' dir='ltr'><strong>merces</strong></span> <span class='ocrx_word' id='word_1_184' title='bbox 2271 1192 2397 1247; x_wconf 87' lang='lat' dir='ltr'><strong>inde</strong></span> <span class='ocrx_word' id='word_1_185' title='bbox 2460 1193 2932 1249; x_wconf 83' lang='lat' dir='ltr'><strong>transveherent:</strong></span> <span class='ocrx_word' id='word_1_186' title='bbox 2982 1193 3016 1248; x_wconf 86' lang='lat' dir='ltr'><strong>ii</strong></span> <span class='ocrx_word' id='word_1_187' title='bbox 3068 1209 3200 1251; x_wconf 87' lang='lat' dir='ltr'><strong>vero</strong></span> <span class='ocrx_word' id='word_1_188' title='bbox 3247 1194 3576 1269; x_wconf 74' lang='lat' dir='ltr'><strong>Carthagine</strong></span> 
     </span>
    </p>
   </div>
   <div class='ocr_carea' id='block_1_28' title="bbox 1992 1281 3579 1354">
    <p class='ocr_par' dir='ltr' id='par_1_28' title="bbox 1992 1281 3579 1354">
     <span class='ocr_line' id='line_1_28' title="bbox 1992 1281 3579 1354; baseline 0.005 -17"><span class='ocrx_word' id='word_1_189' title='bbox 1992 1283 2196 1354; x_wconf 83' lang='lat' dir='ltr'><strong>Tyrum</strong></span> <span class='ocrx_word' id='word_1_190' title='bbox 2233 1283 2492 1354; x_wconf 76' lang='lat' dir='ltr'><strong>navigare</strong></span> <span class='ocrx_word' id='word_1_191' title='bbox 2541 1281 2809 1342; x_wconf 83' lang='lat' dir='ltr'><strong>solebant.</strong></span> <span class='ocrx_word' id='word_1_192' title='bbox 2851 1301 2869 1335; x_wconf 76' lang='grc' dir='ltr'><strong>ι</strong></span> <span class='ocrx_word' id='word_1_193' title='bbox 2904 1283 2969 1337; x_wconf 82' lang='lat' dir='ltr'><strong>Et</strong></span> <span class='ocrx_word' id='word_1_194' title='bbox 3015 1300 3121 1339; x_wconf 85' lang='lat' dir='ltr'><strong>non</strong></span> <span class='ocrx_word' id='word_1_195' title='bbox 3167 1286 3304 1344; x_wconf 86' lang='lat' dir='ltr'><strong>ultra</strong></span> <span class='ocrx_word' id='word_1_196' title='bbox 3353 1289 3579 1345; x_wconf 81' lang='lat' dir='ltr'><strong>veniunt</strong></span> 
     </span>
    </p>
   </div>
   <div class='ocr_carea' id='block_1_29' title="bbox 1991 1373 3575 1448">
    <p class='ocr_par' dir='ltr' id='par_1_29' title="bbox 1991 1373 3575 1448">
     <span class='ocr_line' id='line_1_29' title="bbox 1991 1373 3575 1448; baseline 0.006 -20"><span class='ocrx_word' id='word_1_197' title='bbox 1991 1375 2058 1430; x_wconf 85' lang='lat' dir='ltr'><strong>de</strong></span> <span class='ocrx_word' id='word_1_198' title='bbox 2106 1383 2249 1438; x_wconf 85' lang='lat' dir='ltr'><strong>terra</strong></span> <span class='ocrx_word' id='word_1_199' title='bbox 2279 1373 2638 1440; x_wconf 84' lang='lat' dir='ltr'><strong>Citiensium:</strong></span> <span class='ocrx_word' id='word_1_200' title='bbox 2676 1373 2952 1436; x_wconf 72' lang='lat' dir='ltr'><strong>abductus.</strong></span> <span class='ocrx_word' id='word_1_201' title='bbox 2995 1387 3080 1434; x_wconf 88' lang='lat' dir='ltr'><strong>est</strong></span> <span class='ocrx_word' id='word_1_202' title='bbox 3113 1380 3383 1448; x_wconf 80' lang='lat' dir='ltr'><strong>captivus.</strong></span> <span class='ocrx_word' id='word_1_203' title='bbox 3406 1399 3424 1432; x_wconf 74' lang='grc' dir='ltr'><strong>ι</strong></span> <span class='ocrx_word' id='word_1_204' title='bbox 3480 1381 3575 1438; x_wconf 76' lang='lat' dir='ltr'><strong>l-lis</strong></span> 
     </span>
    </p>
   </div>
   <div class='ocr_carea' id='block_1_30' title="bbox 1994 1465 3575 1539">
    <p class='ocr_par' dir='ltr' id='par_1_30' title="bbox 1994 1465 3575 1539">
     <span class='ocr_line' id='line_1_30' title="bbox 1994 1465 3575 1539; baseline 0.001 -19"><span class='ocrx_word' id='word_1_205' title='bbox 1994 1465 2230 1520; x_wconf 84' lang='lat' dir='ltr'><strong>indicari</strong></span> <span class='ocrx_word' id='word_1_206' title='bbox 2280 1465 2519 1536; x_wconf 80' lang='lat' dir='ltr'><strong>Cyprum</strong></span> <span class='ocrx_word' id='word_1_207' title='bbox 2551 1467 2774 1532; x_wconf 85' lang='lat' dir='ltr'><strong>dicitur,</strong></span> <span class='ocrx_word' id='word_1_208' title='bbox 2806 1467 3205 1539; x_wconf 81' lang='lat' dir='ltr'><strong>Cittiorumque</strong></span> <span class='ocrx_word' id='word_1_209' title='bbox 3233 1472 3421 1537; x_wconf 70' lang='lat' dir='ltr'><strong>urbem</strong></span> <span class='ocrx_word' id='word_1_210' title='bbox 3473 1473 3575 1528; x_wconf 84' lang='lat' dir='ltr'><strong>ibi.-</strong></span> 
     </span>
    </p>
   </div>
   <div class='ocr_carea' id='block_1_31' title="bbox 1992 1558 3574 1633">
    <p class='ocr_par' dir='ltr' id='par_1_31' title="bbox 1992 1558 3574 1633">
     <span class='ocr_line' id='line_1_31' title="bbox 1992 1558 3574 1633; baseline 0.006 -22"><span class='ocrx_word' id='word_1_211' title='bbox 1992 1558 2113 1612; x_wconf 89' lang='lat' dir='ltr'><strong>dem</strong></span> <span class='ocrx_word' id='word_1_212' title='bbox 2166 1568 2419 1626; x_wconf 76' lang='lat' dir='ltr'><strong>exstare,</strong></span> <span class='ocrx_word' id='word_1_213' title='bbox 2473 1559 2560 1624; x_wconf 73' lang='lat' dir='ltr'><strong>cui</strong></span> <span class='ocrx_word' id='word_1_214' title='bbox 2607 1558 3024 1630; x_wconf 68' lang='lat' dir='ltr'><strong>adnavigaliant</strong></span> <span class='ocrx_word' id='word_1_215' title='bbox 3058 1561 3151 1630; x_wconf 70' lang='lat' dir='ltr'><strong>qui</strong></span> <span class='ocrx_word' id='word_1_216' title='bbox 3199 1560 3348 1633; x_wconf 76' lang='lat' dir='ltr'><strong>Tyro</strong></span> <span class='ocrx_word' id='word_1_217' title='bbox 3391 1564 3574 1621; x_wconf 83' lang='lat' dir='ltr'><strong>solvo-</strong></span> 
     </span>
    </p>
   </div>
   <div class='ocr_carea' id='block_1_32' title="bbox 1991 1649 2144 1704">
    <p class='ocr_par' dir='ltr' id='par_1_32' title="bbox 1991 1649 2144 1704">
     <span class='ocr_line' id='line_1_32' title="bbox 1991 1649 2144 1704; baseline -0.007 0"><span class='ocrx_word' id='word_1_218' title='bbox 1991 1649 2144 1704; x_wconf 90' lang='lat' dir='ltr'><strong>bant.</strong></span> 
     </span>
    </p>
   </div>
   <div class='ocr_carea' id='block_1_33' title="bbox 379 1831 1881 1910">
    <p class='ocr_par' dir='ltr' id='par_1_33' title="bbox 379 1832 1881 1910">
     <span class='ocr_line' id='line_1_33' title="bbox 379 1832 1881 1910; baseline 0.003 -22"><span class='ocrx_word' id='word_1_219' title='bbox 379 1857 398 1888; x_wconf 86' lang='grc'><strong><em>‹</em></strong></span> <span class='ocrx_word' id='word_1_220' title='bbox 462 1837 579 1891; x_wconf 87' lang='grc' dir='ltr'>Τίνι</span> <span class='ocrx_word' id='word_1_221' title='bbox 628 1839 803 1908; x_wconf 83' lang='grc' dir='ltr'>ὅμοιοι</span> <span class='ocrx_word' id='word_1_222' title='bbox 856 1832 1144 1906; x_wconf 85' lang='grc' dir='ltr'>γεγόνασιν</span> <span class='ocrx_word' id='word_1_223' title='bbox 1195 1839 1245 1891; x_wconf 88' lang='grc' dir='ltr'><strong>οί</strong></span> <span class='ocrx_word' id='word_1_224' title='bbox 1293 1839 1672 1902; x_wconf 74' lang='grc' dir='ltr'>κατοικοῦντες</span> <span class='ocrx_word' id='word_1_225' title='bbox 1716 1839 1881 1910; x_wconf 24' lang='grc' dir='ltr'>ἐνλτῇ</span> 
     </span>
    </p>
   </div>
   <div class='ocr_carea' id='block_1_34' title="bbox 1986 1831 3570 1910">
    <p class='ocr_par' dir='ltr' id='par_1_34' title="bbox 2069 1831 3570 1905">
     <span class='ocr_line' id='line_1_34' title="bbox 2069 1831 3570 1905; baseline 0.007 -21"><span class='ocrx_word' id='word_1_226' title='bbox 2069 1831 2232 1887; x_wconf 71' lang='grc' dir='ltr'>νειιε.</span> <span class='ocrx_word' id='word_1_227' title='bbox 2259 1833 2379 1888; x_wconf 71' lang='grc'><strong>2-4.</strong></span> <span class='ocrx_word' id='word_1_228' title='bbox 2426 1852 2444 1885; x_wconf 76' lang='grc' dir='ltr'><strong>ι</strong></span> <span class='ocrx_word' id='word_1_229' title='bbox 2474 1832 2572 1889; x_wconf 86' lang='lat' dir='ltr'><strong>Cui</strong></span> <span class='ocrx_word' id='word_1_230' title='bbox 2607 1831 2822 1890; x_wconf 77' lang='lat' dir='ltr'><strong>similes</strong></span> <span class='ocrx_word' id='word_1_231' title='bbox 2856 1831 2982 1888; x_wconf 83' lang='lat' dir='ltr'><strong>facti</strong></span> <span class='ocrx_word' id='word_1_232' title='bbox 3017 1842 3148 1892; x_wconf 80' lang='lat' dir='ltr'><strong>sunt</strong></span> <span class='ocrx_word' id='word_1_233' title='bbox 3190 1837 3281 1905; x_wconf 67' lang='lat' dir='ltr'><strong>qui</strong></span> <span class='ocrx_word' id='word_1_234' title='bbox 3321 1836 3570 1897; x_wconf 56' lang='lat' dir='ltr'><strong>habitant</strong></span> 
     </span>
    </p>
   </div>
   <div class='ocr_carea' id='block_1_35' title="bbox 302 1930 1887 2004">
    <p class='ocr_par' dir='ltr' id='par_1_35' title="bbox 302 1930 1887 2004">
     <span class='ocr_line' id='line_1_35' title="bbox 302 1930 1887 2004; baseline 0 -18"><span class='ocrx_word' id='word_1_235' title='bbox 302 1930 472 2002; x_wconf 79' lang='grc' dir='ltr'>νήσῳ,</span> <span class='ocrx_word' id='word_1_236' title='bbox 502 1930 788 2002; x_wconf 83' lang='grc' dir='ltr'>μετάϐολοι</span> <span class='ocrx_word' id='word_1_237' title='bbox 807 1931 1079 2002; x_wconf 78' lang='grc' dir='ltr'>Φοινίκης,</span> <span class='ocrx_word' id='word_1_238' title='bbox 1100 1931 1467 2003; x_wconf 83' lang='grc' dir='ltr'>διαπερῶντες</span> <span class='ocrx_word' id='word_1_239' title='bbox 1489 1933 1586 2004; x_wconf 71' lang='grc' dir='ltr'>τὴν</span> <span class='ocrx_word' id='word_1_240' title='bbox 1613 1932 1887 2002; x_wconf 79' lang='grc' dir='ltr'>θάλασσαν</span> 
     </span>
    </p>
   </div>
   <div class='ocr_carea' id='block_1_36' title="bbox 303 2021 1889 2095">
    <p class='ocr_par' dir='ltr' id='par_1_36' title="bbox 303 2021 1889 2095">
     <span class='ocr_line' id='line_1_36' title="bbox 303 2021 1889 2095; baseline 0.002 -21"><span class='ocrx_word' id='word_1_241' title='bbox 303 2022 362 2075; x_wconf 87' lang='grc' dir='ltr'><strong>ἐν</strong></span> <span class='ocrx_word' id='word_1_242' title='bbox 389 2021 541 2075; x_wconf 77' lang='grc' dir='ltr'>ὕδατι</span> <span class='ocrx_word' id='word_1_243' title='bbox 562 2021 775 2092; x_wconf 81' lang='grc' dir='ltr'>πολλῷ;</span> <span class='ocrx_word' id='word_1_244' title='bbox 802 2023 1021 2094; x_wconf 88' lang='grc' dir='ltr'>σπέρμα</span> <span class='ocrx_word' id='word_1_245' title='bbox 1047 2023 1359 2092; x_wconf 84' lang='grc' dir='ltr'>μεταϐόλων</span> <span class='ocrx_word' id='word_1_246' title='bbox 1376 2024 1451 2088; x_wconf 83' lang='grc' dir='ltr'>ὼς</span> <span class='ocrx_word' id='word_1_247' title='bbox 1478 2024 1690 2095; x_wconf 76' lang='grc' dir='ltr'>ἀμητοῦ</span> <span class='ocrx_word' id='word_1_248' title='bbox 1714 2026 1889 2093; x_wconf 72' lang='grc' dir='ltr'>εἰσφε-</span> 
     </span>
    </p>
   </div>
   <div class='ocr_carea' id='block_1_37' title="bbox 308 2113 1890 2188">
    <p class='ocr_par' dir='ltr' id='par_1_37' title="bbox 308 2113 1890 2188">
     <span class='ocr_line' id='line_1_37' title="bbox 308 2113 1890 2188; baseline 0.003 -22"><span class='ocrx_word' id='word_1_249' title='bbox 308 2113 569 2186; x_wconf 85' lang='grc' dir='ltr'>ρομένου’</span> <span class='ocrx_word' id='word_1_250' title='bbox 607 2115 657 2167; x_wconf 83' lang='grc' dir='ltr'>οἱ</span> <span class='ocrx_word' id='word_1_251' title='bbox 698 2115 982 2186; x_wconf 83' lang='grc' dir='ltr'>μετάϐολοι</span> <span class='ocrx_word' id='word_1_252' title='bbox 1031 2114 1137 2169; x_wconf 80' lang='grc' dir='ltr'><strong>τῶν</strong></span> <span class='ocrx_word' id='word_1_253' title='bbox 1180 2115 1370 2171; x_wconf 80' lang='grc' dir='ltr'>ἐθνῶν.</span> <span class='ocrx_word' id='word_1_254' title='bbox 1418 2115 1767 2188; x_wconf 81' lang='grc' dir='ltr'>Αίσχύνθητι,</span> <span class='ocrx_word' id='word_1_255' title='bbox 1802 2116 1890 2170; x_wconf 82' lang='grc' dir='ltr'><strong>Σι-</strong></span> 
     </span>
    </p>
   </div>
   <div class='ocr_carea' id='block_1_38' title="bbox 306 2202 1889 2280">
    <p class='ocr_par' dir='ltr' id='par_1_38' title="bbox 306 2202 1889 2280">
     <span class='ocr_line' id='line_1_38' title="bbox 306 2202 1889 2280; baseline 0.002 -20"><span class='ocrx_word' id='word_1_256' title='bbox 306 2205 429 2269; x_wconf 74' lang='grc' dir='ltr'>δὼν,</span> <span class='ocrx_word' id='word_1_257' title='bbox 473 2202 624 2259; x_wconf 81' lang='grc' dir='ltr'>εἶπεν</span> <span class='ocrx_word' id='word_1_258' title='bbox 663 2208 696 2278; x_wconf 79' lang='grc' dir='ltr'><strong>ἡ</strong></span> <span class='ocrx_word' id='word_1_259' title='bbox 747 2206 1010 2262; x_wconf 75' lang='grc' dir='ltr'>θάλασσα.</span> <span class='ocrx_word' id='word_1_260' title='bbox 1064 2209 1129 2260; x_wconf 85' lang='grc' dir='ltr'><strong>Ἦ</strong></span> <span class='ocrx_word' id='word_1_261' title='bbox 1169 2208 1225 2261; x_wconf 79' lang='grc' dir='ltr'>δὲ</span> <span class='ocrx_word' id='word_1_262' title='bbox 1270 2209 1421 2279; x_wconf 79' lang='grc' dir='ltr'>ἰσχὺς</span> <span class='ocrx_word' id='word_1_263' title='bbox 1469 2212 1567 2280; x_wconf 81' lang='grc' dir='ltr'>τῆς</span> <span class='ocrx_word' id='word_1_264' title='bbox 1614 2209 1889 2280; x_wconf 74' lang='grc' dir='ltr'>θαλάσσης</span> 
     </span>
    </p>
   </div>
   <div class='ocr_carea' id='block_1_39' title="bbox 303 2292 1888 2374">
    <p class='ocr_par' dir='ltr' id='par_1_39' title="bbox 303 2292 1888 2374">
     <span class='ocr_line' id='line_1_39' title="bbox 303 2292 1888 2374; baseline 0.002 -23"><span class='ocrx_word' id='word_1_265' title='bbox 303 2292 456 2351; x_wconf 73' lang='grc' dir='ltr'>εἶπεν</span> <span class='ocrx_word' id='word_1_266' title='bbox 477 2315 490 2327; x_wconf 91' lang='grc'><strong>·</strong></span> <span class='ocrx_word' id='word_1_267' title='bbox 521 2298 635 2352; x_wconf 81' lang='grc' dir='ltr'>Οὐκ</span> <span class='ocrx_word' id='word_1_268' title='bbox 659 2297 868 2362; x_wconf 61' lang='lat' dir='ltr'><strong>eam,</strong></span> <span class='ocrx_word' id='word_1_269' title='bbox 897 2300 1018 2353; x_wconf 76' lang='grc' dir='ltr'>οὐδὲ</span> <span class='ocrx_word' id='word_1_270' title='bbox 1046 2299 1254 2365; x_wconf 79' lang='grc' dir='ltr'>ἔτεκον,</span> <span class='ocrx_word' id='word_1_271' title='bbox 1280 2301 1401 2354; x_wconf 77' lang='grc' dir='ltr'>οὐδὲ</span> <span class='ocrx_word' id='word_1_272' title='bbox 1427 2299 1691 2374; x_wconf 62' lang='grc' dir='ltr'>ἐξέθρεψα</span> <span class='ocrx_word' id='word_1_273' title='bbox 1720 2303 1888 2356; x_wconf 87' lang='grc' dir='ltr'>νεανί-</span> 
     </span>
    </p>
   </div>
   <div class='ocr_carea' id='block_1_40' title="bbox 307 2389 1889 2464">
    <p class='ocr_par' dir='ltr' id='par_1_40' title="bbox 307 2389 1889 2464">
     <span class='ocr_line' id='line_1_40' title="bbox 307 2389 1889 2464; baseline 0.008 -24"><span class='ocrx_word' id='word_1_274' title='bbox 307 2405 490 2452; x_wconf 85' lang='grc' dir='ltr'>σκους,</span> <span class='ocrx_word' id='word_1_275' title='bbox 546 2389 666 2442; x_wconf 81' lang='grc' dir='ltr'>οὐδὲ</span> <span class='ocrx_word' id='word_1_276' title='bbox 719 2389 909 2462; x_wconf 67' lang='grc' dir='ltr'>ὕψωσα</span> <span class='ocrx_word' id='word_1_277' title='bbox 956 2392 1273 2464; x_wconf 80' lang='grc' dir='ltr'>παρθένους.</span> <span class='ocrx_word' id='word_1_278' title='bbox 1335 2413 1353 2446; x_wconf 74' lang='grc' dir='ltr'><strong>ι</strong></span> <span class='ocrx_word' id='word_1_279' title='bbox 1404 2393 1520 2458; x_wconf 69' lang='grc' dir='ltr'>Νῦν</span> <span class='ocrx_word' id='word_1_280' title='bbox 1565 2395 1620 2448; x_wconf 83' lang='grc' dir='ltr'><strong>δὲ</strong></span> <span class='ocrx_word' id='word_1_281' title='bbox 1670 2397 1889 2456; x_wconf 79' lang='grc' dir='ltr'>πάντων</span> 
     </span>
    </p>
   </div>
   <div class='ocr_carea' id='block_1_41' title="bbox 303 2481 1889 2561">
    <p class='ocr_par' dir='ltr' id='par_1_41' title="bbox 303 2481 1889 2561">
     <span class='ocr_line' id='line_1_41' title="bbox 303 2481 1889 2561; baseline 0.008 -27"><span class='ocrx_word' id='word_1_282' title='bbox 303 2481 519 2554; x_wconf 81' lang='grc' dir='ltr'>ἁθρόως</span> <span class='ocrx_word' id='word_1_283' title='bbox 549 2484 970 2556; x_wconf 76' lang='grc' dir='ltr'>ἀφῃρημένους,</span> <span class='ocrx_word' id='word_1_284' title='bbox 1013 2488 1106 2540; x_wconf 82' lang='grc' dir='ltr'><strong>καὶ</strong></span> <span class='ocrx_word' id='word_1_285' title='bbox 1132 2487 1240 2541; x_wconf 84' lang='grc' dir='ltr'><strong>τῶν</strong></span> <span class='ocrx_word' id='word_1_286' title='bbox 1285 2488 1657 2561; x_wconf 74' lang='grc' dir='ltr'>νομιζομένων</span> <span class='ocrx_word' id='word_1_287' title='bbox 1702 2493 1889 2558; x_wconf 76' lang='grc' dir='ltr'>αὐτοῖς</span> 
     </span>
    </p>
   </div>
   <div class='ocr_carea' id='block_1_42' title="bbox 303 2575 1885 2655">
    <p class='ocr_par' dir='ltr' id='par_1_42' title="bbox 303 2575 1885 2655">
     <span class='ocr_line' id='line_1_42' title="bbox 303 2575 1885 2655; baseline 0.006 -27"><span class='ocrx_word' id='word_1_288' title='bbox 303 2575 525 2643; x_wconf 69' lang='grc' dir='ltr'>ἀγαθῶν</span> <span class='ocrx_word' id='word_1_289' title='bbox 561 2579 945 2650; x_wconf 80' lang='grc' dir='ltr'>στερηθέντας,</span> <span class='ocrx_word' id='word_1_290' title='bbox 991 2579 1253 2653; x_wconf 83' lang='grc' dir='ltr'>αἰσχύνην</span> <span class='ocrx_word' id='word_1_291' title='bbox 1293 2582 1655 2653; x_wconf 81' lang='grc' dir='ltr'>καταχέεσθαι</span> <span class='ocrx_word' id='word_1_292' title='bbox 1721 2601 1885 2655; x_wconf 83' lang='grc' dir='ltr'>προσ-</span> 
     </span>
    </p>
   </div>
   <div class='ocr_carea' id='block_1_43' title="bbox 302 2667 1885 2744">
    <p class='ocr_par' dir='ltr' id='par_1_43' title="bbox 302 2667 1885 2744">
     <span class='ocr_line' id='line_1_43' title="bbox 302 2667 1885 2744; baseline 0.008 -25"><span class='ocrx_word' id='word_1_293' title='bbox 302 2667 425 2738; x_wconf 85' lang='grc' dir='ltr'>ήκει</span> <span class='ocrx_word' id='word_1_294' title='bbox 444 2685 458 2698; x_wconf 77' lang='grc' dir='ltr'><strong>ο</strong></span> <span class='ocrx_word' id='word_1_295' title='bbox 505 2669 581 2741; x_wconf 82' lang='grc' dir='ltr'>μὴ</span> <span class='ocrx_word' id='word_1_296' title='bbox 618 2670 836 2741; x_wconf 87' lang='grc' dir='ltr'>μόνους,</span> <span class='ocrx_word' id='word_1_297' title='bbox 863 2671 996 2726; x_wconf 78' lang='grc' dir='ltr'>ἀλλὰ</span> <span class='ocrx_word' id='word_1_298' title='bbox 1026 2673 1120 2726; x_wconf 76' lang='grc' dir='ltr'><strong>καὶ</strong></span> <span class='ocrx_word' id='word_1_299' title='bbox 1152 2673 1276 2738; x_wconf 78' lang='grc' dir='ltr'>τοὺς</span> <span class='ocrx_word' id='word_1_300' title='bbox 1304 2675 1368 2728; x_wconf 84' lang='grc' dir='ltr'>ὲκ</span> <span class='ocrx_word' id='word_1_301' title='bbox 1410 2675 1666 2744; x_wconf 82' lang='grc' dir='ltr'>γειτόνων</span> <span class='ocrx_word' id='word_1_302' title='bbox 1704 2677 1885 2743; x_wconf 75' lang='grc' dir='ltr'>αὐτοῖς</span> 
     </span>
    </p>
   </div>
   <div class='ocr_carea' id='block_1_44' title="bbox 301 2759 1886 2840">
    <p class='ocr_par' dir='ltr' id='par_1_44' title="bbox 301 2759 1886 2840">
     <span class='ocr_line' id='line_1_44' title="bbox 301 2759 1886 2840; baseline 0.008 -30"><span class='ocrx_word' id='word_1_303' title='bbox 301 2759 585 2826; x_wconf 78' lang='grc' dir='ltr'>οἰκοῦντας</span> <span class='ocrx_word' id='word_1_304' title='bbox 631 2762 942 2829; x_wconf 82' lang='grc' dir='ltr'>Σιδωνίους·</span> <span class='ocrx_word' id='word_1_305' title='bbox 997 2767 1280 2837; x_wconf 79' lang='grc' dir='ltr'>μονονουχὶ</span> <span class='ocrx_word' id='word_1_306' title='bbox 1326 2767 1421 2820; x_wconf 78' lang='grc' dir='ltr'>καὶ</span> <span class='ocrx_word' id='word_1_307' title='bbox 1465 2767 1566 2837; x_wconf 78' lang='grc' dir='ltr'><strong>τῆς</strong></span> <span class='ocrx_word' id='word_1_308' title='bbox 1607 2767 1886 2840; x_wconf 86' lang='grc' dir='ltr'>θαλάσσης</span> 
     </span>
    </p>
   </div>
   <div class='ocr_carea' id='block_1_45' title="bbox 301 2851 1883 2930">
    <p class='ocr_par' dir='ltr' id='par_1_45' title="bbox 301 2851 1883 2930">
     <span class='ocr_line' id='line_1_45' title="bbox 301 2851 1883 2930; baseline 0.006 -26"><span class='ocrx_word' id='word_1_309' title='bbox 301 2851 493 2924; x_wconf 77' lang='grc' dir='ltr'>αὐτῆς,</span> <span class='ocrx_word' id='word_1_310' title='bbox 523 2851 704 2926; x_wconf 80' lang='grc' dir='ltr'>φωνὴν</span> <span class='ocrx_word' id='word_1_311' title='bbox 737 2853 1008 2928; x_wconf 72' lang='grc' dir='ltr'>ἀφιείσης,</span> <span class='ocrx_word' id='word_1_312' title='bbox 1038 2857 1132 2910; x_wconf 74' lang='grc' dir='ltr'><strong>καὶ</strong></span> <span class='ocrx_word' id='word_1_313' title='bbox 1159 2857 1574 2930; x_wconf 21' lang='grc' dir='ltr'>ἀποθρληνούσης</span> <span class='ocrx_word' id='word_1_314' title='bbox 1600 2859 1770 2930; x_wconf 77' lang='grc' dir='ltr'>αὐτῆς</span> <span class='ocrx_word' id='word_1_315' title='bbox 1795 2860 1883 2913; x_wconf 85' lang='grc' dir='ltr'>διὰ</span> 
     </span>
    </p>
   </div>
   <div class='ocr_carea' id='block_1_46' title="bbox 301 2927 1883 3019">
    <p class='ocr_par' dir='ltr' id='par_1_46' title="bbox 301 2927 1883 3019">
     <span class='ocr_line' id='line_1_46' title="bbox 301 2927 1883 3019; baseline 0.006 -26"><span class='ocrx_word' id='word_1_316' title='bbox 301 2939 362 2994; x_wconf 77' lang='grc' dir='ltr'><strong>τὸ</strong></span> <span class='ocrx_word' id='word_1_317' title='bbox 397 2940 594 3015; x_wconf 80' lang='grc' dir='ltr'>μηκέτι</span> <span class='ocrx_word' id='word_1_318' title='bbox 642 2943 784 3014; x_wconf 80' lang='grc' dir='ltr'>ἔχειν</span> <span class='ocrx_word' id='word_1_319' title='bbox 823 2943 916 3010; x_wconf 74' lang='grc' dir='ltr'><strong>οὓς</strong></span> <span class='ocrx_word' id='word_1_320' title='bbox 946 2927 1145 3016; x_wconf 67' lang='grc' dir='ltr'>θρέψει</span> <span class='ocrx_word' id='word_1_321' title='bbox 1194 2927 1507 3012; x_wconf 74' lang='grc' dir='ltr'>νεανίσκους</span> <span class='ocrx_word' id='word_1_322' title='bbox 1530 2927 1643 3002; x_wconf 34' lang='grc' dir='ltr'>-καὶ</span> <span class='ocrx_word' id='word_1_323' title='bbox 1676 2927 1883 3019; x_wconf 83' lang='grc' dir='ltr'>παρθέ-</span> 
     </span>
    </p>
   </div>
   <div class='ocr_carea' id='block_1_47' title="bbox 300 3033 1885 3114">
    <p class='ocr_par' dir='ltr' id='par_1_47' title="bbox 300 3033 1885 3114">
     <span class='ocr_line' id='line_1_47' title="bbox 300 3033 1885 3114; baseline 0.006 -28"><span class='ocrx_word' id='word_1_324' title='bbox 300 3051 445 3102; x_wconf 89' lang='grc' dir='ltr'>νους.</span> <span class='ocrx_word' id='word_1_325' title='bbox 479 3033 600 3088; x_wconf 87' lang='grc' dir='ltr'>Ὅτι</span> <span class='ocrx_word' id='word_1_326' title='bbox 627 3036 686 3089; x_wconf 83' lang='grc' dir='ltr'><strong>τὸ</strong></span> <span class='ocrx_word' id='word_1_327' title='bbox 714 3038 942 3091; x_wconf 82' lang='grc' dir='ltr'>παλαιὸν</span> <span class='ocrx_word' id='word_1_328' title='bbox 967 3039 1156 3113; x_wconf 81' lang='grc' dir='ltr'>ὥσπερ</span> <span class='ocrx_word' id='word_1_329' title='bbox 1188 3041 1461 3112; x_wconf 86' lang='grc' dir='ltr'>θαλάσσης</span> <span class='ocrx_word' id='word_1_330' title='bbox 1496 3041 1664 3114; x_wconf 78' lang='grc' dir='ltr'>αὐτῆς</span> <span class='ocrx_word' id='word_1_331' title='bbox 1691 3044 1885 3114; x_wconf 83' lang='grc' dir='ltr'>γεννή-</span> 
     </span>
    </p>
   </div>
   <div class='ocr_carea' id='block_1_48' title="bbox 304 3127 1882 3206">
    <p class='ocr_par' dir='ltr' id='par_1_48' title="bbox 304 3127 1882 3206">
     <span class='ocr_line' id='line_1_48' title="bbox 304 3127 1882 3206; baseline 0.006 -27"><span class='ocrx_word' id='word_1_332' title='bbox 304 3144 448 3198; x_wconf 87' lang='grc' dir='ltr'>ματα</span> <span class='ocrx_word' id='word_1_333' title='bbox 495 3127 587 3181; x_wconf 76' lang='grc' dir='ltr'>ύπ⁵</span> <span class='ocrx_word' id='word_1_334' title='bbox 626 3129 795 3201; x_wconf 80' lang='grc' dir='ltr'>αὐτῆς</span> <span class='ocrx_word' id='word_1_335' title='bbox 843 3131 1164 3204; x_wconf 75' lang='grc' dir='ltr'>ἐτρέφοντο,</span> <span class='ocrx_word' id='word_1_336' title='bbox 1223 3134 1310 3186; x_wconf 84' lang='grc' dir='ltr'><strong>ὅτε</strong></span> <span class='ocrx_word' id='word_1_337' title='bbox 1350 3133 1501 3204; x_wconf 72' lang='grc' dir='ltr'>ἤνθει</span> <span class='ocrx_word' id='word_1_338' title='bbox 1550 3133 1619 3187; x_wconf 73' lang='grc' dir='ltr'>τὰ</span> <span class='ocrx_word' id='word_1_339' title='bbox 1668 3135 1882 3206; x_wconf 88' lang='grc' dir='ltr'>Τυρίων</span> 
     </span>
    </p>
   </div>
   <div class='ocr_carea' id='block_1_49' title="bbox 1999 1925 3574 2000">
    <p class='ocr_par' dir='ltr' id='par_1_49' title="bbox 1999 1925 3574 2000">
     <span class='ocr_line' id='line_1_49' title="bbox 1999 1925 3574 2000; baseline -0.001 -13"><span class='ocrx_word' id='word_1_340' title='bbox 1999 1933 2052 1987; x_wconf 83' lang='grc' dir='ltr'>ἱιι</span> <span class='ocrx_word' id='word_1_341' title='bbox 2085 1929 2284 1995; x_wconf 84' lang='lat' dir='ltr'><strong>insula,</strong></span> <span class='ocrx_word' id='word_1_342' title='bbox 2321 1927 2688 2000; x_wconf 76' lang='lat' dir='ltr'><strong>negotiatores</strong></span> <span class='ocrx_word' id='word_1_343' title='bbox 2718 1925 3028 1990; x_wconf 63' lang='lat' dir='ltr'><strong>Phoenicim,</strong></span> <span class='ocrx_word' id='word_1_344' title='bbox 3061 1927 3398 1996; x_wconf 72' lang='lat' dir='ltr'><strong>trajicientes</strong></span> <span class='ocrx_word' id='word_1_345' title='bbox 3423 1945 3574 1989; x_wconf 78' lang='lat' dir='ltr'><strong>mare</strong></span> 
     </span>
    </p>
   </div>
   <div class='ocr_carea' id='block_1_50' title="bbox 1996 2019 3575 2091">
    <p class='ocr_par' dir='ltr' id='par_1_50' title="bbox 1996 2019 3575 2091">
     <span class='ocr_line' id='line_1_50' title="bbox 1996 2019 3575 2091; baseline 0.002 -17"><span class='ocrx_word' id='word_1_346' title='bbox 1996 2023 2048 2077; x_wconf 94' lang='lat' dir='ltr'><strong>in</strong></span> <span class='ocrx_word' id='word_1_347' title='bbox 2086 2035 2226 2091; x_wconf 84' lang='lat' dir='ltr'><strong>aqua</strong></span> <span class='ocrx_word' id='word_1_348' title='bbox 2269 2019 2477 2076; x_wconf 81' lang='lat' dir='ltr'><strong>multa?</strong></span> <span class='ocrx_word' id='word_1_349' title='bbox 2528 2035 2712 2079; x_wconf 84' lang='lat' dir='ltr'><strong>semen</strong></span> <span class='ocrx_word' id='word_1_350' title='bbox 2751 2020 3150 2090; x_wconf 67' lang='lat' dir='ltr'><strong>negotiator-mn</strong></span> <span class='ocrx_word' id='word_1_351' title='bbox 3183 2021 3339 2090; x_wconf 79' lang='lat' dir='ltr'><strong>quasi</strong></span> <span class='ocrx_word' id='word_1_352' title='bbox 3385 2022 3575 2077; x_wconf 82' lang='lat' dir='ltr'><strong>messis</strong></span> 
     </span>
    </p>
   </div>
   <div class='ocr_carea' id='block_1_51' title="bbox 1995 2113 3574 2184">
    <p class='ocr_par' dir='ltr' id='par_1_51' title="bbox 1995 2113 3574 2184">
     <span class='ocr_line' id='line_1_51' title="bbox 1995 2113 3574 2184; baseline 0 -13"><span class='ocrx_word' id='word_1_353' title='bbox 1995 2124 2380 2184; x_wconf 69' lang='lat' dir='ltr'><strong>compertam;</strong></span> <span class='ocrx_word' id='word_1_354' title='bbox 2430 2116 2794 2184; x_wconf 79' lang='lat' dir='ltr'><strong>negotiatores</strong></span> <span class='ocrx_word' id='word_1_355' title='bbox 2839 2114 3101 2182; x_wconf 72' lang='lat' dir='ltr'><strong>gentium.</strong></span> <span class='ocrx_word' id='word_1_356' title='bbox 3137 2113 3432 2180; x_wconf 73' lang='lat' dir='ltr'><strong>Erubesce,</strong></span> <span class='ocrx_word' id='word_1_357' title='bbox 3487 2115 3574 2171; x_wconf 74' lang='lat' dir='ltr'><strong>Si-</strong></span> 
     </span>
    </p>
   </div>
   <div class='ocr_carea' id='block_1_52' title="bbox 1993 2206 3574 2272">
    <p class='ocr_par' dir='ltr' id='par_1_52' title="bbox 1993 2206 3574 2272">
     <span class='ocr_line' id='line_1_52' title="bbox 1993 2206 3574 2272; baseline 0.001 -10"><span class='ocrx_word' id='word_1_358' title='bbox 1993 2211 2122 2272; x_wconf 84' lang='lat' dir='ltr'><strong>don,</strong></span> <span class='ocrx_word' id='word_1_359' title='bbox 2158 2207 2293 2264; x_wconf 79' lang='lat' dir='ltr'><strong>dixit</strong></span> <span class='ocrx_word' id='word_1_360' title='bbox 2325 2222 2494 2261; x_wconf 87' lang='lat' dir='ltr'><strong>mare.</strong></span> <span class='ocrx_word' id='word_1_361' title='bbox 2530 2206 2817 2266; x_wconf 78' lang='lat' dir='ltr'><strong>Fortitudo.</strong></span> <span class='ocrx_word' id='word_1_362' title='bbox 2840 2217 3024 2262; x_wconf 82' lang='lat' dir='ltr'><strong>autem</strong></span> <span class='ocrx_word' id='word_1_363' title='bbox 3069 2208 3238 2265; x_wconf 79' lang='lat' dir='ltr'><strong>maris</strong></span> <span class='ocrx_word' id='word_1_364' title='bbox 3270 2208 3423 2270; x_wconf 76' lang='lat' dir='ltr'><strong>dixit,</strong></span> <span class='ocrx_word' id='word_1_365' title='bbox 3456 2207 3574 2264; x_wconf 75' lang='lat' dir='ltr'><strong>Non</strong></span> 
     </span>
    </p>
   </div>
   <div class='ocr_carea' id='block_1_53' title="bbox 1994 2301 3574 2374">
    <p class='ocr_par' dir='ltr' id='par_1_53' title="bbox 1994 2301 3574 2374">
     <span class='ocr_line' id='line_1_53' title="bbox 1994 2301 3574 2374; baseline 0.003 -21"><span class='ocrx_word' id='word_1_366' title='bbox 1994 2301 2290 2374; x_wconf 82' lang='lat' dir='ltr'><strong>parturivi,</strong></span> <span class='ocrx_word' id='word_1_367' title='bbox 2335 2315 2434 2354; x_wconf 86' lang='lat' dir='ltr'><strong>nec</strong></span> <span class='ocrx_word' id='word_1_368' title='bbox 2483 2301 2701 2369; x_wconf 86' lang='lat' dir='ltr'><strong>peperi,</strong></span> <span class='ocrx_word' id='word_1_369' title='bbox 2746 2315 2846 2358; x_wconf 86' lang='lat' dir='ltr'><strong>nec</strong></span> <span class='ocrx_word' id='word_1_370' title='bbox 2897 2301 3134 2360; x_wconf 83' lang='lat' dir='ltr'><strong>eautri-vi</strong></span> <span class='ocrx_word' id='word_1_371' title='bbox 3176 2302 3428 2370; x_wconf 76' lang='lat' dir='ltr'><strong>juvenes,</strong></span> <span class='ocrx_word' id='word_1_372' title='bbox 3473 2319 3574 2358; x_wconf 81' lang='lat' dir='ltr'><strong>nec</strong></span> 
     </span>
    </p>
   </div>
   <div class='ocr_carea' id='block_1_54' title="bbox 1994 2389 3571 2461">
    <p class='ocr_par' dir='ltr' id='par_1_54' title="bbox 1994 2389 3571 2461">
     <span class='ocr_line' id='line_1_54' title="bbox 1994 2389 3571 2461; baseline 0 -13"><span class='ocrx_word' id='word_1_373' title='bbox 1994 2391 2224 2448; x_wconf 77' lang='lat' dir='ltr'><strong>exaltavi</strong></span> <span class='ocrx_word' id='word_1_374' title='bbox 2264 2389 2519 2461; x_wconf 80' lang='lat' dir='ltr'><strong>virgines.</strong></span> <span class='ocrx_word' id='word_1_375' title='bbox 2545 2410 2563 2442; x_wconf 71' lang='grc' dir='ltr'><strong>ι</strong></span> <span class='ocrx_word' id='word_1_376' title='bbox 2607 2390 2761 2453; x_wconf 67' lang='lat' dir='ltr'><strong>Nune</strong></span> <span class='ocrx_word' id='word_1_377' title='bbox 2797 2401 2982 2452; x_wconf 80' lang='lat' dir='ltr'><strong>autem</strong></span> <span class='ocrx_word' id='word_1_378' title='bbox 3020 2408 3116 2448; x_wconf 85' lang='lat' dir='ltr'><strong>eos</strong></span> <span class='ocrx_word' id='word_1_379' title='bbox 3148 2393 3401 2450; x_wconf 63' lang='lat' dir='ltr'><strong>militibus</strong></span> <span class='ocrx_word' id='word_1_380' title='bbox 3436 2410 3571 2450; x_wconf 84' lang='lat' dir='ltr'><strong>eon-</strong></span> 
     </span>
    </p>
   </div>
   <div class='ocr_carea' id='block_1_55' title="bbox 1994 2468 3574 2555">
    <p class='ocr_par' dir='ltr' id='par_1_55' title="bbox 1994 2468 3574 2555">
     <span class='ocr_line' id='line_1_55' title="bbox 1994 2468 3574 2555; baseline -0.001 -13"><span class='ocrx_word' id='word_1_381' title='bbox 1994 2468 2174 2542; x_wconf 69' lang='lat' dir='ltr'><strong>fet-tim</strong></span> <span class='ocrx_word' id='word_1_382' title='bbox 2222 2484 2460 2548; x_wconf 80' lang='lat' dir='ltr'><strong>orbatos,</strong></span> <span class='ocrx_word' id='word_1_383' title='bbox 2492 2493 2547 2539; x_wconf 92' lang='lat' dir='ltr'><strong>et</strong></span> <span class='ocrx_word' id='word_1_384' title='bbox 2579 2485 2772 2548; x_wconf 72' lang='lat' dir='ltr'><strong>bonis,</strong></span> <span class='ocrx_word' id='word_1_385' title='bbox 2801 2485 2872 2538; x_wconf 85' lang='lat' dir='ltr'><strong>ita</strong></span> <span class='ocrx_word' id='word_1_386' title='bbox 2915 2485 2989 2540; x_wconf 82' lang='lat' dir='ltr'><strong>illi</strong></span> <span class='ocrx_word' id='word_1_387' title='bbox 3039 2486 3422 2555; x_wconf 67' lang='lat' dir='ltr'><strong>opinabantur,</strong></span> <span class='ocrx_word' id='word_1_388' title='bbox 3456 2488 3574 2546; x_wconf 85' lang='lat' dir='ltr'><strong>suis</strong></span> 
     </span>
    </p>
   </div>
   <div class='ocr_carea' id='block_1_56' title="bbox 1993 2575 3570 2648">
    <p class='ocr_par' dir='ltr' id='par_1_56' title="bbox 1993 2575 3570 2648">
     <span class='ocr_line' id='line_1_56' title="bbox 1993 2575 3570 2648; baseline -0.001 -13"><span class='ocrx_word' id='word_1_389' title='bbox 1993 2593 2236 2644; x_wconf 80' lang='lat' dir='ltr'><strong>eversos,</strong></span> <span class='ocrx_word' id='word_1_390' title='bbox 2269 2578 2476 2648; x_wconf 68' lang='lat' dir='ltr'><strong>pudore</strong></span> <span class='ocrx_word' id='word_1_391' title='bbox 2506 2575 2743 2636; x_wconf 70' lang='lat' dir='ltr'><strong>suﬂundi</strong></span> <span class='ocrx_word' id='word_1_392' title='bbox 2772 2579 3057 2642; x_wconf 67' lang='lat' dir='ltr'><strong>ciunt-cuit;</strong></span> <span class='ocrx_word' id='word_1_393' title='bbox 3101 2594 3200 2634; x_wconf 82' lang='lat' dir='ltr'><strong>nec</strong></span> <span class='ocrx_word' id='word_1_394' title='bbox 3236 2595 3333 2634; x_wconf 82' lang='lat' dir='ltr'><strong>eos</strong></span> <span class='ocrx_word' id='word_1_395' title='bbox 3361 2581 3570 2648; x_wconf 90' lang='lat' dir='ltr'><strong>solum,</strong></span> 
     </span>
    </p>
   </div>
   <div class='ocr_carea' id='block_1_57' title="bbox 1993 2670 3574 2740">
    <p class='ocr_par' dir='ltr' id='par_1_57' title="bbox 1993 2670 3574 2740">
     <span class='ocr_line' id='line_1_57' title="bbox 1993 2670 3574 2740; baseline 0.001 -14"><span class='ocrx_word' id='word_1_396' title='bbox 1993 2671 2087 2726; x_wconf 84' lang='lat' dir='ltr'><strong>sed</strong></span> <span class='ocrx_word' id='word_1_397' title='bbox 2121 2670 2289 2726; x_wconf 88' lang='lat' dir='ltr'><strong>etiam</strong></span> <span class='ocrx_word' id='word_1_398' title='bbox 2320 2670 2530 2728; x_wconf 83' lang='lat' dir='ltr'><strong>vicinos</strong></span> <span class='ocrx_word' id='word_1_399' title='bbox 2562 2687 2752 2726; x_wconf 79' lang='lat' dir='ltr'><strong>eorum</strong></span> <span class='ocrx_word' id='word_1_400' title='bbox 2805 2670 3098 2726; x_wconf 80' lang='lat' dir='ltr'><strong>Sidonios:</strong></span> <span class='ocrx_word' id='word_1_401' title='bbox 3141 2671 3226 2726; x_wconf 82' lang='lat' dir='ltr'><strong>vel</strong></span> <span class='ocrx_word' id='word_1_402' title='bbox 3271 2672 3392 2740; x_wconf 84' lang='lat' dir='ltr'><strong>ipso</strong></span> <span class='ocrx_word' id='word_1_403' title='bbox 3436 2675 3574 2728; x_wconf 68' lang='grc' dir='ltr'>ιυοῖὺ</span> 
     </span>
    </p>
   </div>
   <div class='ocr_carea' id='block_1_58' title="bbox 1993 2763 3576 2835">
    <p class='ocr_par' dir='ltr' id='par_1_58' title="bbox 1993 2763 3576 2835">
     <span class='ocr_line' id='line_1_58' title="bbox 1993 2763 3576 2835; baseline 0.003 -18"><span class='ocrx_word' id='word_1_404' title='bbox 1993 2766 2146 2835; x_wconf 88' lang='lat' dir='ltr'><strong>quasi</strong></span> <span class='ocrx_word' id='word_1_405' title='bbox 2191 2779 2382 2830; x_wconf 74' lang='lat' dir='ltr'><strong>vocent</strong></span> <span class='ocrx_word' id='word_1_406' title='bbox 2421 2765 2726 2828; x_wconf 72' lang='lat' dir='ltr'><strong>omittente,</strong></span> <span class='ocrx_word' id='word_1_407' title='bbox 2775 2778 2839 2818; x_wconf 89' lang='lat' dir='ltr'><strong>ac</strong></span> <span class='ocrx_word' id='word_1_408' title='bbox 2887 2763 3124 2833; x_wconf 79' lang='lat' dir='ltr'><strong>lugente,</strong></span> <span class='ocrx_word' id='word_1_409' title='bbox 3159 2764 3301 2833; x_wconf 79' lang='lat' dir='ltr'><strong>quod</strong></span> <span class='ocrx_word' id='word_1_410' title='bbox 3343 2763 3576 2833; x_wconf 79' lang='lat' dir='ltr'><strong>juvenes</strong></span> 
     </span>
    </p>
   </div>
   <div class='ocr_carea' id='block_1_59' title="bbox 1992 2854 3578 2925">
    <p class='ocr_par' dir='ltr' id='par_1_59' title="bbox 1992 2854 3578 2925">
     <span class='ocr_line' id='line_1_59' title="bbox 1992 2854 3578 2925; baseline 0.001 -15"><span class='ocrx_word' id='word_1_411' title='bbox 1992 2865 2047 2910; x_wconf 91' lang='lat' dir='ltr'><strong>et</strong></span> <span class='ocrx_word' id='word_1_412' title='bbox 2080 2855 2335 2924; x_wconf 78' lang='lat' dir='ltr'><strong>virgines.</strong></span> <span class='ocrx_word' id='word_1_413' title='bbox 2358 2869 2493 2925; x_wconf 86' lang='lat' dir='ltr'><strong>quos</strong></span> <span class='ocrx_word' id='word_1_414' title='bbox 2519 2854 2772 2920; x_wconf 82' lang='lat' dir='ltr'><strong>enutriat,</strong></span> <span class='ocrx_word' id='word_1_415' title='bbox 2797 2869 2902 2910; x_wconf 89' lang='lat' dir='ltr'><strong>non</strong></span> <span class='ocrx_word' id='word_1_416' title='bbox 2935 2855 3152 2916; x_wconf 77' lang='lat' dir='ltr'><strong>babeat.</strong></span> <span class='ocrx_word' id='word_1_417' title='bbox 3184 2855 3448 2922; x_wconf 78' lang='lat' dir='ltr'><strong>Quoniam</strong></span> <span class='ocrx_word' id='word_1_418' title='bbox 3484 2874 3578 2911; x_wconf 83' lang='lat' dir='ltr'><strong>an-</strong></span> 
     </span>
    </p>
   </div>
   <div class='ocr_carea' id='block_1_60' title="bbox 1994 2945 3565 3019">
    <p class='ocr_par' dir='ltr' id='par_1_60' title="bbox 1994 2945 3565 3019">
     <span class='ocr_line' id='line_1_60' title="bbox 1994 2945 3565 3019; baseline 0 -16"><span class='ocrx_word' id='word_1_419' title='bbox 1994 2947 2243 3019; x_wconf 74' lang='lat' dir='ltr'><strong>tiquitus,</strong></span> <span class='ocrx_word' id='word_1_420' title='bbox 2271 2963 2369 3004; x_wconf 89' lang='lat' dir='ltr'><strong>ceu</strong></span> <span class='ocrx_word' id='word_1_421' title='bbox 2411 2947 2578 3012; x_wconf 83' lang='lat' dir='ltr'><strong>maris</strong></span> <span class='ocrx_word' id='word_1_422' title='bbox 2613 2945 2787 3015; x_wconf 88' lang='lat' dir='ltr'><strong>ipsius</strong></span> <span class='ocrx_word' id='word_1_423' title='bbox 2830 2948 3028 3016; x_wconf 84' lang='lat' dir='ltr'><strong>proles,</strong></span> <span class='ocrx_word' id='word_1_424' title='bbox 3056 2949 3124 3004; x_wconf 90' lang='lat' dir='ltr'><strong>ab</strong></span> <span class='ocrx_word' id='word_1_425' title='bbox 3151 2964 3218 3004; x_wconf 87' lang='lat' dir='ltr'><strong>eo</strong></span> <span class='ocrx_word' id='word_1_426' title='bbox 3252 2947 3565 3018; x_wconf 81' lang='lat' dir='ltr'><strong>alebantur,</strong></span> 
     </span>
    </p>
   </div>
   <div class='ocr_carea' id='block_1_61' title="bbox 1990 3041 3567 3115">
    <p class='ocr_par' dir='ltr' id='par_1_61' title="bbox 1990 3041 3567 3115">
     <span class='ocr_line' id='line_1_61' title="bbox 1990 3041 3567 3115; baseline 0.001 -17"><span class='ocrx_word' id='word_1_427' title='bbox 1990 3059 2096 3113; x_wconf 88' lang='lat' dir='ltr'><strong>quo</strong></span> <span class='ocrx_word' id='word_1_428' title='bbox 2126 3053 2368 3113; x_wconf 86' lang='lat' dir='ltr'><strong>tempore</strong></span> <span class='ocrx_word' id='word_1_429' title='bbox 2411 3058 2496 3098; x_wconf 77' lang='lat' dir='ltr'><strong>res</strong></span> <span class='ocrx_word' id='word_1_430' title='bbox 2527 3041 2812 3113; x_wconf 81' lang='lat' dir='ltr'><strong>Tyriorum</strong></span> <span class='ocrx_word' id='word_1_431' title='bbox 2844 3042 3109 3099; x_wconf 80' lang='lat' dir='ltr'><strong>ﬂorebant</strong></span> <span class='ocrx_word' id='word_1_432' title='bbox 3135 3063 3150 3101; x_wconf 90' lang='lat'><strong>:</strong></span> <span class='ocrx_word' id='word_1_433' title='bbox 3189 3063 3330 3101; x_wconf 74' lang='lat' dir='ltr'><strong>nunc</strong></span> <span class='ocrx_word' id='word_1_434' title='bbox 3359 3058 3567 3115; x_wconf 84' lang='lat' dir='ltr'><strong>autem,</strong></span> 
     </span>
    </p>
   </div>
   <div class='ocr_carea' id='block_1_62' title="bbox 1990 3135 3570 3206">
    <p class='ocr_par' dir='ltr' id='par_1_62' title="bbox 1990 3135 3570 3206">
     <span class='ocr_line' id='line_1_62' title="bbox 1990 3135 3570 3206; baseline 0.004 -16"><span class='ocrx_word' id='word_1_435' title='bbox 1990 3136 2137 3206; x_wconf 84' lang='lat' dir='ltr'><strong>Tyro</strong></span> <span class='ocrx_word' id='word_1_436' title='bbox 2185 3135 2380 3201; x_wconf 84' lang='lat' dir='ltr'><strong>deleta,</strong></span> <span class='ocrx_word' id='word_1_437' title='bbox 2424 3135 2546 3203; x_wconf 83' lang='lat' dir='ltr'><strong>jure</strong></span> <span class='ocrx_word' id='word_1_438' title='bbox 2587 3137 2736 3206; x_wconf 86' lang='lat' dir='ltr'><strong>ipsos</strong></span> <span class='ocrx_word' id='word_1_439' title='bbox 2785 3135 2931 3206; x_wconf 81' lang='lat' dir='ltr'><strong>luget</strong></span> <span class='ocrx_word' id='word_1_440' title='bbox 2981 3152 3164 3202; x_wconf 85' lang='lat' dir='ltr'><strong>mare,</strong></span> <span class='ocrx_word' id='word_1_441' title='bbox 3210 3149 3266 3194; x_wconf 88' lang='lat' dir='ltr'><strong>et</strong></span> <span class='ocrx_word' id='word_1_442' title='bbox 3308 3139 3570 3196; x_wconf 74' lang='lat' dir='ltr'><strong>fortitudo</strong></span> 
     </span>
    </p>
   </div>
   <div class='ocr_carea' id='block_1_63' title="bbox 301 3217 1881 3298">
    <p class='ocr_par' dir='ltr' id='par_1_63' title="bbox 301 3221 1881 3298">
     <span class='ocr_line' id='line_1_63' title="bbox 301 3221 1881 3298; baseline 0.006 -26"><span class='ocrx_word' id='word_1_443' title='bbox 301 3221 636 3292; x_wconf 78' lang='grc' dir='ltr'>πράγματα’</span> <span class='ocrx_word' id='word_1_444' title='bbox 674 3221 768 3276; x_wconf 75' lang='grc' dir='ltr'><strong>νῦν</strong></span> <span class='ocrx_word' id='word_1_445' title='bbox 800 3223 857 3277; x_wconf 84' lang='grc' dir='ltr'>δὲ</span> <span class='ocrx_word' id='word_1_446' title='bbox 890 3225 978 3278; x_wconf 80' lang='grc' dir='ltr'><strong>ὅτε</strong></span> <span class='ocrx_word' id='word_1_447' title='bbox 1025 3226 1220 3298; x_wconf 84' lang='grc' dir='ltr'>μηκέτι</span> <span class='ocrx_word' id='word_1_448' title='bbox 1262 3228 1430 3290; x_wconf 84' lang='grc' dir='ltr'>ἐστὶν,</span> <span class='ocrx_word' id='word_1_449' title='bbox 1478 3228 1703 3291; x_wconf 80' lang='grc' dir='ltr'>εἰκότως</span> <span class='ocrx_word' id='word_1_450' title='bbox 1748 3229 1881 3282; x_wconf 87' lang='grc' dir='ltr'>ἀπο-</span> 
     </span>
    </p>
   </div>
   <div class='ocr_carea' id='block_1_64' title="bbox 1986 3217 3348 3298">
    <p class='ocr_par' dir='ltr' id='par_1_64' title="bbox 1991 3226 3348 3298">
     <span class='ocr_line' id='line_1_64' title="bbox 1991 3226 3348 3298; baseline 0.004 -19"><span class='ocrx_word' id='word_1_451' title='bbox 1991 3226 2106 3297; x_wconf 81' lang='lat' dir='ltr'><strong>ejus</strong></span> <span class='ocrx_word' id='word_1_452' title='bbox 2139 3226 2487 3289; x_wconf 78' lang='lat' dir='ltr'><strong>lamentatur.</strong></span> <span class='ocrx_word' id='word_1_453' title='bbox 2521 3227 2752 3287; x_wconf 78' lang='lat' dir='ltr'><strong>ﬁliorum</strong></span> <span class='ocrx_word' id='word_1_454' title='bbox 2783 3228 3008 3282; x_wconf 78' lang='lat' dir='ltr'><strong>exitium</strong></span> <span class='ocrx_word' id='word_1_455' title='bbox 3039 3228 3348 3298; x_wconf 76' lang='lat' dir='ltr'><strong>deplorans.</strong></span> 
     </span>
    </p>
   </div>
   <div class='ocr_carea' id='block_1_65' title="bbox 301 3311 1884 3394">
    <p class='ocr_par' dir='ltr' id='par_1_65' title="bbox 301 3311 1884 3394">
     <span class='ocr_line' id='line_1_65' title="bbox 301 3311 1884 3394; baseline 0.008 -31"><span class='ocrx_word' id='word_1_456' title='bbox 301 3311 547 3367; x_wconf 86' lang='grc' dir='ltr'>κλαίεται</span> <span class='ocrx_word' id='word_1_457' title='bbox 574 3312 771 3380; x_wconf 79' lang='grc' dir='ltr'>αὐτοὺς</span> <span class='ocrx_word' id='word_1_458' title='bbox 796 3318 828 3387; x_wconf 82' lang='grc' dir='ltr'>ἡ</span> <span class='ocrx_word' id='word_1_459' title='bbox 865 3316 1128 3381; x_wconf 81' lang='grc' dir='ltr'>θάλασσα,</span> <span class='ocrx_word' id='word_1_460' title='bbox 1168 3320 1262 3374; x_wconf 68' lang='grc' dir='ltr'><strong>καλ⁸</strong></span> <span class='ocrx_word' id='word_1_461' title='bbox 1293 3321 1327 3390; x_wconf 81' lang='grc' dir='ltr'><strong>ἡ</strong></span> <span class='ocrx_word' id='word_1_462' title='bbox 1355 3321 1508 3391; x_wconf 75' lang='grc' dir='ltr'>ἰσχὺς</span> <span class='ocrx_word' id='word_1_463' title='bbox 1547 3323 1718 3394; x_wconf 81' lang='grc' dir='ltr'>αὐτῆς</span> <span class='ocrx_word' id='word_1_464' title='bbox 1747 3323 1884 3376; x_wconf 84' lang='grc' dir='ltr'>ἀπο-</span> 
     </span>
    </p>
   </div>
   <div class='ocr_carea' id='block_1_66' title="bbox 300 3397 1747 3482">
    <p class='ocr_par' dir='ltr' id='par_1_66' title="bbox 300 3397 1747 3482">
     <span class='ocr_line' id='line_1_66' title="bbox 300 3397 1747 3482; baseline 0.01 -32"><span class='ocrx_word' id='word_1_465' title='bbox 300 3397 601 3471; x_wconf 84' lang='grc' dir='ltr'>θρηνεῖται,</span> <span class='ocrx_word' id='word_1_466' title='bbox 632 3403 724 3455; x_wconf 73' lang='grc' dir='ltr'><strong>ἐπὶ</strong></span> <span class='ocrx_word' id='word_1_467' title='bbox 751 3403 962 3470; x_wconf 87' lang='grc' dir='ltr'>τέκνοις</span> <span class='ocrx_word' id='word_1_468' title='bbox 989 3407 1321 3462; x_wconf 83' lang='grc' dir='ltr'>ἀπολωλόσιν</span> <span class='ocrx_word' id='word_1_469' title='bbox 1352 3409 1747 3482; x_wconf 77' lang='grc' dir='ltr'>ὀλοφυρομένη.</span> 
     </span>
    </p>
   </div>
   <div class='ocr_carea' id='block_1_67' title="bbox 376 3490 1883 3573">
    <p class='ocr_par' dir='ltr' id='par_1_67' title="bbox 376 3490 1883 3573">
     <span class='ocr_line' id='line_1_67' title="bbox 376 3490 1883 3573; baseline 0.01 -31"><span class='ocrx_word' id='word_1_470' title='bbox 376 3507 394 3541; x_wconf 81' lang='lat' dir='ltr'><strong>t</strong></span> <span class='ocrx_word' id='word_1_471' title='bbox 439 3490 606 3545; x_wconf 88' lang='grc' dir='ltr'>Ὅταν</span> <span class='ocrx_word' id='word_1_472' title='bbox 631 3493 688 3546; x_wconf 81' lang='grc' dir='ltr'>δὲ</span> <span class='ocrx_word' id='word_1_473' title='bbox 715 3494 978 3548; x_wconf 83' lang='grc' dir='ltr'>ἀκουστὸν</span> <span class='ocrx_word' id='word_1_474' title='bbox 1010 3497 1235 3570; x_wconf 80' lang='grc' dir='ltr'>γένηται</span> <span class='ocrx_word' id='word_1_475' title='bbox 1263 3501 1321 3553; x_wconf 86' lang='grc' dir='ltr'><strong>ἐν</strong></span> <span class='ocrx_word' id='word_1_476' title='bbox 1344 3499 1627 3571; x_wconf 83' lang='grc' dir='ltr'>Αἰγύπτῳ,</span> <span class='ocrx_word' id='word_1_477' title='bbox 1651 3501 1883 3573; x_wconf 73' lang='grc' dir='ltr'>λήψεται</span> 
     </span>
    </p>
   </div>
   <div class='ocr_carea' id='block_1_68' title="bbox 298 3581 1880 3669">
    <p class='ocr_par' dir='ltr' id='par_1_68' title="bbox 298 3581 1880 3669">
     <span class='ocr_line' id='line_1_68' title="bbox 298 3581 1880 3669; baseline 0.011 -36"><span class='ocrx_word' id='word_1_478' title='bbox 298 3581 496 3648; x_wconf 75' lang='grc' dir='ltr'>αὐτοὺς</span> <span class='ocrx_word' id='word_1_479' title='bbox 525 3585 683 3658; x_wconf 87' lang='grc' dir='ltr'>ὀδύνη</span> <span class='ocrx_word' id='word_1_480' title='bbox 713 3589 842 3660; x_wconf 77' lang='grc' dir='ltr'>περὶ</span> <span class='ocrx_word' id='word_1_481' title='bbox 867 3589 1065 3661; x_wconf 87' lang='grc' dir='ltr'>Τύρου.</span> <span class='ocrx_word' id='word_1_482' title='bbox 1109 3593 1396 3647; x_wconf 76' lang='grc' dir='ltr'>Ἀπέλθετε</span> <span class='ocrx_word' id='word_1_483' title='bbox 1424 3597 1502 3658; x_wconf 85' lang='grc' dir='ltr'>εἰς</span> <span class='ocrx_word' id='word_1_484' title='bbox 1537 3596 1880 3669; x_wconf 75' lang='grc' dir='ltr'>Καρχηδόνα,</span> 
     </span>
    </p>
   </div>
   <div class='ocr_carea' id='block_1_69' title="bbox 299 3676 1881 3760">
    <p class='ocr_par' dir='ltr' id='par_1_69' title="bbox 299 3676 1881 3760">
     <span class='ocr_line' id='line_1_69' title="bbox 299 3676 1881 3760; baseline 0.008 -30"><span class='ocrx_word' id='word_1_485' title='bbox 299 3676 583 3742; x_wconf 85' lang='grc' dir='ltr'>ὀλολύξατε</span> <span class='ocrx_word' id='word_1_486' title='bbox 625 3681 674 3733; x_wconf 87' lang='grc' dir='ltr'><strong>οί</strong></span> <span class='ocrx_word' id='word_1_487' title='bbox 715 3683 1096 3748; x_wconf 75' lang='grc' dir='ltr'>κατοικοῦντες</span> <span class='ocrx_word' id='word_1_488' title='bbox 1135 3687 1192 3738; x_wconf 88' lang='grc' dir='ltr'><strong>ἐν</strong></span> <span class='ocrx_word' id='word_1_489' title='bbox 1224 3689 1289 3758; x_wconf 80' lang='grc' dir='ltr'>τῇ</span> <span class='ocrx_word' id='word_1_490' title='bbox 1334 3688 1484 3759; x_wconf 82' lang='grc' dir='ltr'>νήσῳ</span> <span class='ocrx_word' id='word_1_491' title='bbox 1525 3688 1718 3760; x_wconf 84' lang='grc' dir='ltr'>ταύτῃ.</span> <span class='ocrx_word' id='word_1_492' title='bbox 1769 3689 1881 3746; x_wconf 79' lang='grc' dir='ltr'>Οὐκ</span> 
     </span>
    </p>
   </div>
   <div class='ocr_carea' id='block_1_70' title="bbox 298 3765 1878 3850">
    <p class='ocr_par' dir='ltr' id='par_1_70' title="bbox 298 3765 1878 3850">
     <span class='ocr_line' id='line_1_70' title="bbox 298 3765 1878 3850; baseline 0.009 -30"><span class='ocrx_word' id='word_1_493' title='bbox 298 3769 436 3841; x_wconf 73' lang='grc' dir='ltr'>αὑτὴ</span> <span class='ocrx_word' id='word_1_494' title='bbox 471 3765 538 3842; x_wconf 75' lang='grc' dir='ltr'>ἦν</span> <span class='ocrx_word' id='word_1_495' title='bbox 571 3773 604 3842; x_wconf 83' lang='grc' dir='ltr'>ἡ</span> <span class='ocrx_word' id='word_1_496' title='bbox 635 3771 792 3844; x_wconf 76' lang='grc' dir='ltr'>ὕϐρις</span> <span class='ocrx_word' id='word_1_497' title='bbox 819 3775 913 3827; x_wconf 82' lang='grc' dir='ltr'>ἀπ’</span> <span class='ocrx_word' id='word_1_498' title='bbox 941 3775 1134 3848; x_wconf 79' lang='grc' dir='ltr'>ἀρχῆς,</span> <span class='ocrx_word' id='word_1_499' title='bbox 1183 3778 1348 3850; x_wconf 77' lang='grc' dir='ltr'>πρινὴ</span> <span class='ocrx_word' id='word_1_500' title='bbox 1376 3781 1744 3850; x_wconf 77' lang='grc' dir='ltr'>παραδοθῆναι</span> <span class='ocrx_word' id='word_1_501' title='bbox 1779 3781 1878 3834; x_wconf 84' lang='grc' dir='ltr'>αύ-</span> 
     </span>
    </p>
   </div>
   <div class='ocr_carea' id='block_1_71' title="bbox 299 3862 1880 3944">
    <p class='ocr_par' dir='ltr' id='par_1_71' title="bbox 299 3862 1880 3944">
     <span class='ocr_line' id='line_1_71' title="bbox 299 3862 1880 3944; baseline 0.009 -31"><span class='ocrx_word' id='word_1_502' title='bbox 299 3862 435 3931; x_wconf 85' lang='grc' dir='ltr'>τήν;</span> <span class='ocrx_word' id='word_1_503' title='bbox 484 3862 578 3926; x_wconf 89' lang='grc' dir='ltr'><strong>Τίς</strong></span> <span class='ocrx_word' id='word_1_504' title='bbox 623 3862 794 3918; x_wconf 83' lang='grc' dir='ltr'>ταῦτα</span> <span class='ocrx_word' id='word_1_505' title='bbox 837 3867 1155 3920; x_wconf 86' lang='grc' dir='ltr'>ἐϐούλευσεν</span> <span class='ocrx_word' id='word_1_506' title='bbox 1197 3871 1289 3922; x_wconf 84' lang='grc' dir='ltr'><strong>ἐπί</strong></span> <span class='ocrx_word' id='word_1_507' title='bbox 1322 3869 1530 3942; x_wconf 87' lang='grc' dir='ltr'>Τύρον;</span> <span class='ocrx_word' id='word_1_508' title='bbox 1569 3873 1663 3944; x_wconf 76' lang='grc' dir='ltr'><strong>Μὴ</strong></span> <span class='ocrx_word' id='word_1_509' title='bbox 1697 3874 1880 3943; x_wconf 78' lang='grc' dir='ltr'>ἥσσων</span> 
     </span>
    </p>
   </div>
   <div class='ocr_carea' id='block_1_72' title="bbox 297 3951 1879 4030">
    <p class='ocr_par' dir='ltr' id='par_1_72' title="bbox 297 3951 1879 4030">
     <span class='ocr_line' id='line_1_72' title="bbox 297 3951 1879 4030; baseline 0.01 -29"><span class='ocrx_word' id='word_1_510' title='bbox 297 3951 467 4013; x_wconf 63' lang='grc' dir='ltr'>ἐστὶν,</span> <span class='ocrx_word' id='word_1_511' title='bbox 581 3953 680 4006; x_wconf 74' lang='grc' dir='ltr'><strong>οὐκ</strong></span> <span class='ocrx_word' id='word_1_512' title='bbox 721 3954 930 4025; x_wconf 71' lang='grc' dir='ltr'>ίσχύει;</span> <span class='ocrx_word' id='word_1_513' title='bbox 977 3957 1042 4010; x_wconf 83' lang='grc' dir='ltr'><strong>Οἱ</strong></span> <span class='ocrx_word' id='word_1_514' title='bbox 1076 3957 1306 4029; x_wconf 77' lang='grc' dir='ltr'>ἔμποροι</span> <span class='ocrx_word' id='word_1_515' title='bbox 1357 3959 1526 4030; x_wconf 80' lang='grc' dir='ltr'>αὐτῆς</span> <span class='ocrx_word' id='word_1_516' title='bbox 1577 3963 1626 4014; x_wconf 76' lang='lat' dir='ltr'><strong>oi</strong></span> <span class='ocrx_word' id='word_1_517' title='bbox 1681 3961 1879 4028; x_wconf 77' lang='grc' dir='ltr'>ἔνδοξοι</span> 
     </span>
    </p>
   </div>
   <div class='ocr_carea' id='block_1_73' title="bbox 297 4043 1880 4126">
    <p class='ocr_par' dir='ltr' id='par_1_73' title="bbox 297 4043 1880 4126">
     <span class='ocr_line' id='line_1_73' title="bbox 297 4043 1880 4126; baseline 0.009 -32"><span class='ocrx_word' id='word_1_518' title='bbox 297 4043 556 4114; x_wconf 63' lang='grc' dir='ltr'>ἄρχοντες</span> <span class='ocrx_word' id='word_1_519' title='bbox 583 4045 683 4115; x_wconf 75' lang='grc' dir='ltr'>τῆς</span> <span class='ocrx_word' id='word_1_520' title='bbox 704 4047 824 4117; x_wconf 87' lang='grc' dir='ltr'><strong>γῆς.</strong></span> <span class='ocrx_word' id='word_1_521' title='bbox 849 4047 1054 4119; x_wconf 81' lang='grc' dir='ltr'>Κύριος</span> <span class='ocrx_word' id='word_1_522' title='bbox 1075 4051 1300 4105; x_wconf 84' lang='grc' dir='ltr'>Σαϐαὼθ</span> <span class='ocrx_word' id='word_1_523' title='bbox 1329 4051 1684 4114; x_wconf 81' lang='grc' dir='ltr'>ἐϐουλεύσατο</span> <span class='ocrx_word' id='word_1_524' title='bbox 1707 4072 1880 4126; x_wconf 83' lang='grc' dir='ltr'>παρα-</span> 
     </span>
    </p>
   </div>
   <div class='ocr_carea' id='block_1_74' title="bbox 296 4133 1880 4215">
    <p class='ocr_par' dir='ltr' id='par_1_74' title="bbox 296 4133 1880 4215">
     <span class='ocr_line' id='line_1_74' title="bbox 296 4133 1880 4215; baseline 0.011 -31"><span class='ocrx_word' id='word_1_525' title='bbox 296 4133 458 4186; x_wconf 84' lang='grc' dir='ltr'>λῦσαι</span> <span class='ocrx_word' id='word_1_526' title='bbox 493 4135 670 4188; x_wconf 82' lang='grc' dir='ltr'>πᾶσαν</span> <span class='ocrx_word' id='word_1_527' title='bbox 711 4137 810 4208; x_wconf 81' lang='grc' dir='ltr'>τὴν</span> <span class='ocrx_word' id='word_1_528' title='bbox 860 4136 1016 4210; x_wconf 81' lang='grc' dir='ltr'>ὓϐριν</span> <span class='ocrx_word' id='word_1_529' title='bbox 1051 4140 1158 4193; x_wconf 79' lang='grc' dir='ltr'><strong>τῶν</strong></span> <span class='ocrx_word' id='word_1_530' title='bbox 1194 4141 1447 4206; x_wconf 81' lang='grc' dir='ltr'>ἐνδόξων,</span> <span class='ocrx_word' id='word_1_531' title='bbox 1483 4145 1580 4197; x_wconf 73' lang='grc' dir='ltr'>καὶ</span> <span class='ocrx_word' id='word_1_532' title='bbox 1611 4145 1880 4215; x_wconf 84' lang='grc' dir='ltr'>ἀτιμάσαι</span> 
     </span>
    </p>
   </div>
   <div class='ocr_carea' id='block_1_75' title="bbox 295 4223 1876 4306">
    <p class='ocr_par' dir='ltr' id='par_1_75' title="bbox 295 4223 1876 4306">
     <span class='ocr_line' id='line_1_75' title="bbox 295 4223 1876 4306; baseline -0.001 -15"><span class='ocrx_word' id='word_1_533' title='bbox 295 4225 406 4276; x_wconf 67' lang='grc' dir='ltr'><strong>πᾶν</strong></span> <span class='ocrx_word' id='word_1_534' title='bbox 436 4223 642 4289; x_wconf 72' lang='grc' dir='ltr'><strong>ἔνδοξον</strong></span> <span class='ocrx_word' id='word_1_535' title='bbox 681 4226 774 4279; x_wconf 67' lang='grc' dir='ltr'><strong>ἐπὶ</strong></span> <span class='ocrx_word' id='word_1_536' title='bbox 804 4227 904 4299; x_wconf 76' lang='grc' dir='ltr'><strong>τῆς</strong></span> <span class='ocrx_word' id='word_1_537' title='bbox 948 4229 1071 4301; x_wconf 82' lang='grc' dir='ltr'><strong>γῆς.</strong></span> <span class='ocrx_word' id='word_1_538' title='bbox 1113 4250 1131 4282; x_wconf 76' lang='grc' dir='ltr'><strong>ι</strong></span> <span class='ocrx_word' id='word_1_539' title='bbox 1194 4231 1354 4286; x_wconf 76' lang='grc' dir='ltr'>Ἀλλὰ</span> <span class='ocrx_word' id='word_1_540' title='bbox 1381 4235 1474 4287; x_wconf 74' lang='grc' dir='ltr'><strong>καὶ</strong></span> <span class='ocrx_word' id='word_1_541' title='bbox 1514 4237 1546 4306; x_wconf 85' lang='grc' dir='ltr'>ή</span> <span class='ocrx_word' id='word_1_542' title='bbox 1581 4235 1876 4304; x_wconf 71' lang='grc' dir='ltr'>Αἴγυπτος,</span> 
     </span>
    </p>
   </div>
   <div class='ocr_carea' id='block_1_76' title="bbox 291 4317 1880 4400">
    <p class='ocr_par' dir='ltr' id='par_1_76' title="bbox 291 4317 1880 4400">
     <span class='ocr_line' id='line_1_76' title="bbox 291 4317 1880 4400; baseline 0.004 -25"><span class='ocrx_word' id='word_1_543' title='bbox 291 4317 357 4370; x_wconf 83' lang='grc' dir='ltr'>ὲκ</span> <span class='ocrx_word' id='word_1_544' title='bbox 381 4318 636 4387; x_wconf 68' lang='grc' dir='ltr'>γειτόνων</span> <span class='ocrx_word' id='word_1_545' title='bbox 668 4321 1071 4393; x_wconf 83' lang='grc' dir='ltr'>παρακειμένη,</span> <span class='ocrx_word' id='word_1_546' title='bbox 1112 4323 1170 4378; x_wconf 56' lang='lat' dir='ltr'><strong>ﬁ;</strong></span> <span class='ocrx_word' id='word_1_547' title='bbox 1199 4323 1380 4399; x_wconf 82' lang='grc' dir='ltr'>ὀδύνῃ,</span> <span class='ocrx_word' id='word_1_548' title='bbox 1423 4328 1576 4396; x_wconf 76' lang='grc' dir='ltr'>φησὶ,</span> <span class='ocrx_word' id='word_1_549' title='bbox 1608 4331 1880 4400; x_wconf 80' lang='grc' dir='ltr'>καταστή-</span> 
     </span>
    </p>
   </div>
   <div class='ocr_carea' id='block_1_77' title="bbox 292 4411 1875 4492">
    <p class='ocr_par' dir='ltr' id='par_1_77' title="bbox 292 4411 1875 4492">
     <span class='ocr_line' id='line_1_77' title="bbox 292 4411 1875 4492; baseline 0.008 -32"><span class='ocrx_word' id='word_1_550' title='bbox 292 4418 466 4473; x_wconf 80' lang='grc' dir='ltr'>σεται,</span> <span class='ocrx_word' id='word_1_551' title='bbox 497 4411 853 4483; x_wconf 60' lang='grc' dir='ltr'>φραντίζουσα</span> <span class='ocrx_word' id='word_1_552' title='bbox 889 4413 980 4467; x_wconf 81' lang='grc' dir='ltr'><strong>καὶ</strong></span> <span class='ocrx_word' id='word_1_553' title='bbox 1013 4413 1357 4483; x_wconf 74' lang='grc' dir='ltr'>ἀγωνίζουσα</span> <span class='ocrx_word' id='word_1_554' title='bbox 1395 4418 1522 4488; x_wconf 72' lang='grc' dir='ltr'>περὶ</span> <span class='ocrx_word' id='word_1_555' title='bbox 1565 4419 1756 4490; x_wconf 81' lang='grc' dir='ltr'>αὐτῆς,</span> <span class='ocrx_word' id='word_1_556' title='bbox 1801 4421 1875 4492; x_wconf 82' lang='grc' dir='ltr'>μή</span> 
     </span>
    </p>
   </div>
   <div class='ocr_carea' id='block_1_78' title="bbox 292 4501 1872 4582">
    <p class='ocr_par' dir='ltr' id='par_1_78' title="bbox 292 4501 1872 4582">
     <span class='ocr_line' id='line_1_78' title="bbox 292 4501 1872 4582; baseline 0.009 -30"><span class='ocrx_word' id='word_1_557' title='bbox 292 4517 371 4571; x_wconf 79' lang='grc' dir='ltr'><strong>πη</strong></span> <span class='ocrx_word' id='word_1_558' title='bbox 404 4501 473 4555; x_wconf 83' lang='grc' dir='ltr'>τὰ</span> <span class='ocrx_word' id='word_1_559' title='bbox 506 4503 667 4573; x_wconf 84' lang='grc' dir='ltr'>ὃμοια</span> <span class='ocrx_word' id='word_1_560' title='bbox 702 4503 851 4578; x_wconf 68' lang='grc' dir='ltr'>πάθῃ</span> <span class='ocrx_word' id='word_1_561' title='bbox 883 4508 948 4576; x_wconf 84' lang='grc' dir='ltr'>τῇ</span> <span class='ocrx_word' id='word_1_562' title='bbox 985 4506 1216 4578; x_wconf 87' lang='grc' dir='ltr'>Τυρίων.</span> <span class='ocrx_word' id='word_1_563' title='bbox 1250 4501 1350 4562; x_wconf 81' lang='grc' dir='ltr'>Ὧν</span> <span class='ocrx_word' id='word_1_564' title='bbox 1373 4508 1514 4563; x_wconf 83' lang='grc' dir='ltr'>οὓτω</span> <span class='ocrx_word' id='word_1_565' title='bbox 1547 4511 1872 4582; x_wconf 82' lang='grc' dir='ltr'>γενομένων,</span> 
     </span>
    </p>
   </div>
   <div class='ocr_carea' id='block_1_79' title="bbox 2057 3499 3564 3571">
    <p class='ocr_par' dir='ltr' id='par_1_79' title="bbox 2057 3499 3564 3571">
     <span class='ocr_line' id='line_1_79' title="bbox 2057 3499 3564 3571; baseline 0.001 -17"><span class='ocrx_word' id='word_1_566' title='bbox 2057 3499 2372 3556; x_wconf 77' lang='lat' dir='ltr'><strong>Vsas.5—9.</strong></span> <span class='ocrx_word' id='word_1_567' title='bbox 2430 3519 2448 3550; x_wconf 76' lang='grc' dir='ltr'><strong>ι</strong></span> <span class='ocrx_word' id='word_1_568' title='bbox 2481 3499 2710 3571; x_wconf 84' lang='lat' dir='ltr'><strong>Quando</strong></span> <span class='ocrx_word' id='word_1_569' title='bbox 2764 3509 2944 3554; x_wconf 78' lang='lat' dir='ltr'><strong>autem</strong></span> <span class='ocrx_word' id='word_1_570' title='bbox 3010 3499 3253 3556; x_wconf 86' lang='lat' dir='ltr'><strong>auditum</strong></span> <span class='ocrx_word' id='word_1_571' title='bbox 3304 3499 3465 3555; x_wconf 76' lang='lat' dir='ltr'><strong>tuerit</strong></span> <span class='ocrx_word' id='word_1_572' title='bbox 3512 3500 3564 3555; x_wconf 87' lang='lat' dir='ltr'><strong>in</strong></span> 
     </span>
    </p>
   </div>
   <div class='ocr_carea' id='block_1_80' title="bbox 1982 3584 3568 3661">
    <p class='ocr_par' dir='ltr' id='par_1_80' title="bbox 1982 3584 3568 3661">
     <span class='ocr_line' id='line_1_80' title="bbox 1982 3584 3568 3661; baseline 0.001 -21"><span class='ocrx_word' id='word_1_573' title='bbox 1982 3584 2247 3658; x_wconf 66' lang='lat' dir='ltr'><strong>Egypto,</strong></span> <span class='ocrx_word' id='word_1_574' title='bbox 2274 3601 2368 3641; x_wconf 83' lang='lat' dir='ltr'><strong>eos</strong></span> <span class='ocrx_word' id='word_1_575' title='bbox 2399 3587 2582 3657; x_wconf 79' lang='lat' dir='ltr'><strong>capiet</strong></span> <span class='ocrx_word' id='word_1_576' title='bbox 2627 3585 2782 3644; x_wconf 86' lang='lat' dir='ltr'><strong>dolor</strong></span> <span class='ocrx_word' id='word_1_577' title='bbox 2811 3587 2875 3642; x_wconf 88' lang='lat' dir='ltr'><strong>de</strong></span> <span class='ocrx_word' id='word_1_578' title='bbox 2899 3586 3064 3657; x_wconf 86' lang='lat' dir='ltr'><strong>Tyro.</strong></span> <span class='ocrx_word' id='word_1_579' title='bbox 3093 3588 3250 3642; x_wconf 84' lang='lat' dir='ltr'><strong>Abite</strong></span> <span class='ocrx_word' id='word_1_580' title='bbox 3281 3587 3568 3661; x_wconf 81' lang='lat' dir='ltr'><strong>Carthagi-</strong></span> 
     </span>
    </p>
   </div>
   <div class='ocr_carea' id='block_1_81' title="bbox 1985 3678 3567 3752">
    <p class='ocr_par' dir='ltr' id='par_1_81' title="bbox 1985 3678 3567 3752">
     <span class='ocr_line' id='line_1_81' title="bbox 1985 3678 3567 3752; baseline 0.003 -19"><span class='ocrx_word' id='word_1_581' title='bbox 1985 3695 2108 3733; x_wconf 88' lang='lat' dir='ltr'><strong>nem</strong></span> <span class='ocrx_word' id='word_1_582' title='bbox 2139 3693 2152 3732; x_wconf 91' lang='lat'><strong>:</strong></span> <span class='ocrx_word' id='word_1_583' title='bbox 2183 3678 2386 3734; x_wconf 88' lang='lat' dir='ltr'><strong>ululate</strong></span> <span class='ocrx_word' id='word_1_584' title='bbox 2417 3680 2513 3750; x_wconf 87' lang='lat' dir='ltr'><strong>qui</strong></span> <span class='ocrx_word' id='word_1_585' title='bbox 2545 3678 2782 3733; x_wconf 84' lang='lat' dir='ltr'><strong>incolitis</strong></span> <span class='ocrx_word' id='word_1_586' title='bbox 2821 3679 3052 3734; x_wconf 87' lang='lat' dir='ltr'><strong>insulam</strong></span> <span class='ocrx_word' id='word_1_587' title='bbox 3103 3682 3263 3737; x_wconf 87' lang='lat' dir='ltr'><strong>hanc.</strong></span> <span class='ocrx_word' id='word_1_588' title='bbox 3295 3681 3567 3752; x_wconf 82' lang='lat' dir='ltr'><strong>Numquid</strong></span> 
     </span>
    </p>
   </div>
   <div class='ocr_carea' id='block_1_82' title="bbox 1985 3770 3562 3843">
    <p class='ocr_par' dir='ltr' id='par_1_82' title="bbox 1985 3770 3562 3843">
     <span class='ocr_line' id='line_1_82' title="bbox 1985 3770 3562 3843; baseline 0.002 -17"><span class='ocrx_word' id='word_1_589' title='bbox 1985 3773 2098 3827; x_wconf 72' lang='lat' dir='ltr'><strong>brec</strong></span> <span class='ocrx_word' id='word_1_590' title='bbox 2145 3781 2265 3827; x_wconf 83' lang='lat' dir='ltr'><strong>erat</strong></span> <span class='ocrx_word' id='word_1_591' title='bbox 2309 3771 2506 3841; x_wconf 80' lang='lat' dir='ltr'><strong>injuria</strong></span> <span class='ocrx_word' id='word_1_592' title='bbox 2553 3770 2621 3824; x_wconf 92' lang='lat' dir='ltr'><strong>ab</strong></span> <span class='ocrx_word' id='word_1_593' title='bbox 2668 3771 2850 3841; x_wconf 80' lang='lat' dir='ltr'><strong>initio,</strong></span> <span class='ocrx_word' id='word_1_594' title='bbox 2890 3773 3206 3843; x_wconf 86' lang='lat' dir='ltr'><strong>priusquam</strong></span> <span class='ocrx_word' id='word_1_595' title='bbox 3253 3774 3562 3831; x_wconf 88' lang='lat' dir='ltr'><strong>traderetur</strong></span> 
     </span>
    </p>
   </div>
   <div class='ocr_carea' id='block_1_83' title="bbox 1984 3861 3563 3935">
    <p class='ocr_par' dir='ltr' id='par_1_83' title="bbox 1984 3861 3563 3935">
     <span class='ocr_line' id='line_1_83' title="bbox 1984 3861 3563 3935; baseline 0.002 -17"><span class='ocrx_word' id='word_1_596' title='bbox 1984 3865 2130 3932; x_wconf 85' lang='lat' dir='ltr'><strong>ipsa?</strong></span> <span class='ocrx_word' id='word_1_597' title='bbox 2158 3862 2291 3932; x_wconf 85' lang='lat' dir='ltr'><strong>Quis</strong></span> <span class='ocrx_word' id='word_1_598' title='bbox 2334 3863 2450 3918; x_wconf 71' lang='lat' dir='ltr'><strong>haec</strong></span> <span class='ocrx_word' id='word_1_599' title='bbox 2497 3861 2770 3918; x_wconf 78' lang='lat' dir='ltr'><strong>consuluit</strong></span> <span class='ocrx_word' id='word_1_600' title='bbox 2820 3878 2982 3931; x_wconf 82' lang='lat' dir='ltr'><strong>super</strong></span> <span class='ocrx_word' id='word_1_601' title='bbox 3009 3864 3254 3935; x_wconf 84' lang='lat' dir='ltr'><strong>Tyrum?</strong></span> <span class='ocrx_word' id='word_1_602' title='bbox 3293 3865 3430 3923; x_wconf 83' lang='lat' dir='ltr'><strong>Num</strong></span> <span class='ocrx_word' id='word_1_603' title='bbox 3464 3867 3563 3921; x_wconf 84' lang='lat' dir='ltr'><strong>im-</strong></span> 
     </span>
    </p>
   </div>
   <div class='ocr_carea' id='block_1_84' title="bbox 1980 3954 3563 4027">
    <p class='ocr_par' dir='ltr' id='par_1_84' title="bbox 1980 3954 3563 4027">
     <span class='ocr_line' id='line_1_84' title="bbox 1980 3954 3563 4027; baseline 0.002 -15"><span class='ocrx_word' id='word_1_604' title='bbox 1980 3956 2230 4012; x_wconf 84' lang='lat' dir='ltr'><strong>becillior</strong></span> <span class='ocrx_word' id='word_1_605' title='bbox 2259 3964 2364 4020; x_wconf 90' lang='lat' dir='ltr'><strong>est,</strong></span> <span class='ocrx_word' id='word_1_606' title='bbox 2395 3965 2489 4012; x_wconf 90' lang='lat' dir='ltr'><strong>aut</strong></span> <span class='ocrx_word' id='word_1_607' title='bbox 2517 3971 2624 4009; x_wconf 90' lang='lat' dir='ltr'><strong>non</strong></span> <span class='ocrx_word' id='word_1_608' title='bbox 2655 3954 2866 4014; x_wconf 87' lang='lat' dir='ltr'><strong>viribus</strong></span> <span class='ocrx_word' id='word_1_609' title='bbox 2889 3957 3070 4012; x_wconf 77' lang='lat' dir='ltr'><strong>valet?</strong></span> <span class='ocrx_word' id='word_1_610' title='bbox 3098 3957 3422 4016; x_wconf 74' lang='lat' dir='ltr'><strong>Mercatores</strong></span> <span class='ocrx_word' id='word_1_611' title='bbox 3445 3959 3563 4027; x_wconf 77' lang='lat' dir='ltr'><strong>eius</strong></span> 
     </span>
    </p>
   </div>
   <div class='ocr_carea' id='block_1_85' title="bbox 1981 4048 3561 4121">
    <p class='ocr_par' dir='ltr' id='par_1_85' title="bbox 1981 4048 3561 4121">
     <span class='ocr_line' id='line_1_85' title="bbox 1981 4048 3561 4121; baseline 0.004 -19"><span class='ocrx_word' id='word_1_612' title='bbox 1981 4048 2223 4121; x_wconf 81' lang='lat' dir='ltr'><strong>gloriosi,</strong></span> <span class='ocrx_word' id='word_1_613' title='bbox 2265 4048 2538 4120; x_wconf 88' lang='lat' dir='ltr'><strong>principes</strong></span> <span class='ocrx_word' id='word_1_614' title='bbox 2563 4057 2744 4105; x_wconf 66' lang='lat' dir='ltr'><strong>terrae.</strong></span> <span class='ocrx_word' id='word_1_615' title='bbox 2791 4050 3050 4106; x_wconf 86' lang='lat' dir='ltr'><strong>Dominus</strong></span> <span class='ocrx_word' id='word_1_616' title='bbox 3082 4048 3323 4106; x_wconf 76' lang='lat' dir='ltr'><strong>Sabaoth</strong></span> <span class='ocrx_word' id='word_1_617' title='bbox 3354 4050 3561 4108; x_wconf 80' lang='lat' dir='ltr'><strong>delibe-</strong></span> 
     </span>
    </p>
   </div>
   <div class='ocr_carea' id='block_1_86' title="bbox 1983 4138 3561 4212">
    <p class='ocr_par' dir='ltr' id='par_1_86' title="bbox 1983 4138 3561 4212">
     <span class='ocr_line' id='line_1_86' title="bbox 1983 4138 3561 4212; baseline 0.004 -20"><span class='ocrx_word' id='word_1_618' title='bbox 1983 4139 2124 4194; x_wconf 91' lang='lat' dir='ltr'><strong>ravit</strong></span> <span class='ocrx_word' id='word_1_619' title='bbox 2162 4138 2457 4198; x_wconf 85' lang='lat' dir='ltr'><strong>dissolvere</strong></span> <span class='ocrx_word' id='word_1_620' title='bbox 2491 4140 2800 4206; x_wconf 86' lang='lat' dir='ltr'><strong>universam</strong></span> <span class='ocrx_word' id='word_1_621' title='bbox 2853 4141 3240 4205; x_wconf 86' lang='lat' dir='ltr'><strong>contumeliam</strong></span> <span class='ocrx_word' id='word_1_622' title='bbox 3298 4141 3561 4212; x_wconf 75' lang='lat' dir='ltr'><strong>glorioso-</strong></span> 
     </span>
    </p>
   </div>
   <div class='ocr_carea' id='block_1_87' title="bbox 1980 4234 3558 4308">
    <p class='ocr_par' dir='ltr' id='par_1_87' title="bbox 1980 4234 3558 4308">
     <span class='ocr_line' id='line_1_87' title="bbox 1980 4234 3558 4308; baseline 0.003 -21"><span class='ocrx_word' id='word_1_623' title='bbox 1980 4249 2140 4299; x_wconf 89' lang='lat' dir='ltr'><strong>rum,</strong></span> <span class='ocrx_word' id='word_1_624' title='bbox 2191 4244 2247 4289; x_wconf 89' lang='lat' dir='ltr'><strong>et</strong></span> <span class='ocrx_word' id='word_1_625' title='bbox 2310 4234 2601 4306; x_wconf 77' lang='lat' dir='ltr'><strong>ignominia</strong></span> <span class='ocrx_word' id='word_1_626' title='bbox 2655 4235 2871 4292; x_wconf 79' lang='lat' dir='ltr'><strong>allicere</strong></span> <span class='ocrx_word' id='word_1_627' title='bbox 2929 4252 3092 4292; x_wconf 82' lang='lat' dir='ltr'><strong>omne</strong></span> <span class='ocrx_word' id='word_1_628' title='bbox 3152 4237 3444 4308; x_wconf 77' lang='lat' dir='ltr'><strong>gloriosum</strong></span> <span class='ocrx_word' id='word_1_629' title='bbox 3505 4238 3558 4293; x_wconf 91' lang='lat' dir='ltr'><strong>in</strong></span> 
     </span>
    </p>
   </div>
   <div class='ocr_carea' id='block_1_88' title="bbox 1982 4325 3561 4400">
    <p class='ocr_par' dir='ltr' id='par_1_88' title="bbox 1982 4325 3561 4400">
     <span class='ocr_line' id='line_1_88' title="bbox 1982 4325 3561 4400; baseline 0.003 -20"><span class='ocrx_word' id='word_1_630' title='bbox 1982 4335 2147 4382; x_wconf 86' lang='lat' dir='ltr'><strong>terra.</strong></span> <span class='ocrx_word' id='word_1_631' title='bbox 2169 4345 2191 4377; x_wconf 80' lang='grc'><strong>·›</strong></span> <span class='ocrx_word' id='word_1_632' title='bbox 2226 4325 2424 4382; x_wconf 88' lang='lat' dir='ltr'><strong>Verum</strong></span> <span class='ocrx_word' id='word_1_633' title='bbox 2454 4327 2616 4382; x_wconf 88' lang='lat' dir='ltr'><strong>etiam</strong></span> <span class='ocrx_word' id='word_1_634' title='bbox 2655 4327 2927 4400; x_wconf 62' lang='lat' dir='ltr'><strong>Egyptus</strong></span> <span class='ocrx_word' id='word_1_635' title='bbox 2966 4345 2997 4383; x_wconf 89' lang='lat' dir='ltr'><strong>e</strong></span> <span class='ocrx_word' id='word_1_636' title='bbox 3039 4330 3215 4386; x_wconf 85' lang='lat' dir='ltr'><strong>vicino</strong></span> <span class='ocrx_word' id='word_1_637' title='bbox 3262 4331 3456 4399; x_wconf 86' lang='lat' dir='ltr'><strong>posita,</strong></span> <span class='ocrx_word' id='word_1_638' title='bbox 3505 4331 3561 4385; x_wconf 87' lang='lat' dir='ltr'><strong>in</strong></span> 
     </span>
    </p>
   </div>
   <div class='ocr_carea' id='block_1_89' title="bbox 1979 4420 3561 4492">
    <p class='ocr_par' dir='ltr' id='par_1_89' title="bbox 1979 4420 3561 4492">
     <span class='ocr_line' id='line_1_89' title="bbox 1979 4420 3561 4492; baseline 0.004 -20"><span class='ocrx_word' id='word_1_639' title='bbox 1979 4420 2184 4483; x_wconf 86' lang='lat' dir='ltr'><strong>dolore,</strong></span> <span class='ocrx_word' id='word_1_640' title='bbox 2232 4422 2426 4492; x_wconf 82' lang='lat' dir='ltr'><strong>inquitl</strong></span> <span class='ocrx_word' id='word_1_641' title='bbox 2470 4423 2853 4486; x_wconf 80' lang='lat' dir='ltr'><strong>constituetur,</strong></span> <span class='ocrx_word' id='word_1_642' title='bbox 2890 4422 3122 4478; x_wconf 85' lang='lat' dir='ltr'><strong>sollicita</strong></span> <span class='ocrx_word' id='word_1_643' title='bbox 3159 4433 3214 4476; x_wconf 84' lang='lat' dir='ltr'><strong>et</strong></span> <span class='ocrx_word' id='word_1_644' title='bbox 3245 4424 3403 4478; x_wconf 80' lang='lat' dir='ltr'><strong>auxia</strong></span> <span class='ocrx_word' id='word_1_645' title='bbox 3442 4439 3561 4491; x_wconf 85' lang='lat' dir='ltr'><strong>pro-</strong></span> 
     </span>
    </p>
   </div>
   <div class='ocr_carea' id='block_1_90' title="bbox 1981 4510 3557 4582">
    <p class='ocr_par' dir='ltr' id='par_1_90' title="bbox 1981 4510 3557 4582">
     <span class='ocr_line' id='line_1_90' title="bbox 1981 4510 3557 4582; baseline 0.001 -18"><span class='ocrx_word' id='word_1_646' title='bbox 1981 4518 2100 4579; x_wconf 86' lang='lat' dir='ltr'><strong>pter</strong></span> <span class='ocrx_word' id='word_1_647' title='bbox 2132 4510 2294 4570; x_wconf 85' lang='lat' dir='ltr'><strong>illam.</strong></span> <span class='ocrx_word' id='word_1_648' title='bbox 2339 4527 2406 4566; x_wconf 90' lang='lat' dir='ltr'><strong>ne</strong></span> <span class='ocrx_word' id='word_1_649' title='bbox 2453 4513 2709 4569; x_wconf 88' lang='lat' dir='ltr'><strong>videlicet</strong></span> <span class='ocrx_word' id='word_1_650' title='bbox 2757 4527 2942 4582; x_wconf 88' lang='lat' dir='ltr'><strong>parem</strong></span> <span class='ocrx_word' id='word_1_651' title='bbox 2985 4511 3160 4581; x_wconf 73' lang='lat' dir='ltr'><strong>Tyriae</strong></span> <span class='ocrx_word' id='word_1_652' title='bbox 3192 4512 3557 4567; x_wconf 88' lang='lat' dir='ltr'><strong>calamitatem</strong></span> 
     </span>
    </p>
   </div>
   <div class='ocr_carea' id='block_1_91' title="bbox 290 4573 1881 4675">
    <p class='ocr_par' dir='ltr' id='par_1_91' title="bbox 290 4573 1877 4673">
     <span class='ocr_line' id='line_1_91' title="bbox 290 4573 1877 4673; baseline 0.008 -28"><span class='ocrx_word' id='word_1_653' title='bbox 290 4594 342 4646; x_wconf 79' lang='grc' dir='ltr'><strong>εί</strong></span> <span class='ocrx_word' id='word_1_654' title='bbox 368 4593 618 4657; x_wconf 86' lang='grc' dir='ltr'>δύνασθε,</span> <span class='ocrx_word' id='word_1_655' title='bbox 652 4595 806 4666; x_wconf 74' lang='grc' dir='ltr'>φησὶ,</span> <span class='ocrx_word' id='word_1_656' title='bbox 823 4573 980 4668; x_wconf 61' lang='grc' dir='ltr'><strong>⁷μετά</strong></span> <span class='ocrx_word' id='word_1_657' title='bbox 1006 4573 1131 4662; x_wconf 57' lang='grc' dir='ltr'>τούς</span> <span class='ocrx_word' id='word_1_658' title='bbox 1163 4599 1508 4666; x_wconf 85' lang='grc' dir='ltr'>ἀπολωλότας</span> <span class='ocrx_word' id='word_1_659' title='bbox 1532 4573 1877 4673; x_wconf 28' lang='grc' dir='ltr'>ύίπολειφθένζ</span> 
     </span>
    </p>
   </div>
   <div class='ocr_carea' id='block_1_92' title="bbox 1986 4573 3555 4675">
    <p class='ocr_par' dir='ltr' id='par_1_92' title="bbox 1986 4603 3555 4675">
     <span class='ocr_line' id='line_1_92' title="bbox 1986 4603 3555 4675; baseline 0.003 -19"><span class='ocrx_word' id='word_1_660' title='bbox 1986 4604 2235 4672; x_wconf 88' lang='lat' dir='ltr'><strong>patiatur.</strong></span> <span class='ocrx_word' id='word_1_661' title='bbox 2270 4603 2453 4661; x_wconf 80' lang='lat' dir='ltr'><strong>Rebus</strong></span> <span class='ocrx_word' id='word_1_662' title='bbox 2491 4616 2671 4660; x_wconf 88' lang='lat' dir='ltr'><strong>autem</strong></span> <span class='ocrx_word' id='word_1_663' title='bbox 2707 4605 2779 4659; x_wconf 84' lang='lat' dir='ltr'><strong>ita</strong></span> <span class='ocrx_word' id='word_1_664' title='bbox 2809 4607 3012 4675; x_wconf 77' lang='lat' dir='ltr'><strong>gestis.</strong></span> <span class='ocrx_word' id='word_1_665' title='bbox 3052 4605 3110 4661; x_wconf 88' lang='lat' dir='ltr'><strong>Si</strong></span> <span class='ocrx_word' id='word_1_666' title='bbox 3160 4606 3408 4674; x_wconf 86' lang='lat' dir='ltr'><strong>potestis,</strong></span> <span class='ocrx_word' id='word_1_667' title='bbox 3453 4605 3555 4669; x_wconf 83' lang='lat' dir='ltr'><strong>ait.</strong></span> 
     </span>
    </p>
   </div>
   <div class='ocr_carea' id='block_1_93' title="bbox 287 4688 1876 4766">
    <p class='ocr_par' dir='ltr' id='par_1_93' title="bbox 287 4688 1876 4766">
     <span class='ocr_line' id='line_1_93' title="bbox 287 4688 1876 4766; baseline 0.006 -26"><span class='ocrx_word' id='word_1_668' title='bbox 287 4705 383 4750; x_wconf 78' lang='grc' dir='ltr'><strong>τες</strong></span> <span class='ocrx_word' id='word_1_669' title='bbox 414 4689 470 4740; x_wconf 77' lang='grc' dir='ltr'><strong>ἐν</strong></span> <span class='ocrx_word' id='word_1_670' title='bbox 506 4691 568 4760; x_wconf 85' lang='grc' dir='ltr'><strong>τῇ</strong></span> <span class='ocrx_word' id='word_1_671' title='bbox 605 4688 785 4761; x_wconf 82' lang='grc' dir='ltr'>Τύρῳ,</span> <span class='ocrx_word' id='word_1_672' title='bbox 815 4690 1037 4761; x_wconf 84' lang='grc' dir='ltr'>διὰϐητε</span> <span class='ocrx_word' id='word_1_673' title='bbox 1066 4691 1356 4762; x_wconf 83' lang='grc' dir='ltr'>φεύγοντες</span> <span class='ocrx_word' id='word_1_674' title='bbox 1398 4695 1490 4746; x_wconf 78' lang='grc' dir='ltr'><strong>ἐπὶ</strong></span> <span class='ocrx_word' id='word_1_675' title='bbox 1521 4697 1647 4759; x_wconf 81' lang='grc' dir='ltr'>τοὺς</span> <span class='ocrx_word' id='word_1_676' title='bbox 1679 4696 1876 4766; x_wconf 85' lang='grc' dir='ltr'>ύμετέ-</span> 
     </span>
    </p>
   </div>
   <div class='ocr_carea' id='block_1_94' title="bbox 292 4783 1874 4858">
    <p class='ocr_par' dir='ltr' id='par_1_94' title="bbox 292 4783 1874 4858">
     <span class='ocr_line' id='line_1_94' title="bbox 292 4783 1874 4858; baseline 0.004 -24"><span class='ocrx_word' id='word_1_677' title='bbox 292 4799 422 4852; x_wconf 85' lang='grc' dir='ltr'>ρους</span> <span class='ocrx_word' id='word_1_678' title='bbox 465 4783 731 4847; x_wconf 79' lang='grc' dir='ltr'>ἀποίκους</span> <span class='ocrx_word' id='word_1_679' title='bbox 779 4783 875 4855; x_wconf 77' lang='grc' dir='ltr'><strong>τὴν</strong></span> <span class='ocrx_word' id='word_1_680' title='bbox 922 4784 1246 4858; x_wconf 84' lang='grc' dir='ltr'>Καρχηδόνα</span> <span class='ocrx_word' id='word_1_681' title='bbox 1290 4786 1602 4852; x_wconf 77' lang='grc' dir='ltr'>οἰκοῦνταςο</span> <span class='ocrx_word' id='word_1_682' title='bbox 1651 4790 1874 4842; x_wconf 85' lang='grc' dir='ltr'>κάκεῖσε</span> 
     </span>
    </p>
   </div>
   <div class='ocr_carea' id='block_1_95' title="bbox 290 4875 1870 4950">
    <p class='ocr_par' dir='ltr' id='par_1_95' title="bbox 290 4875 1870 4950">
     <span class='ocr_line' id='line_1_95' title="bbox 290 4875 1870 4950; baseline 0.003 -22"><span class='ocrx_word' id='word_1_683' title='bbox 290 4876 687 4946; x_wconf 79' lang='grc' dir='ltr'>ἀπομείναντες</span> <span class='ocrx_word' id='word_1_684' title='bbox 736 4875 1151 4930; x_wconf 83' lang='grc' dir='ltr'>ἀποκλαύσασθε</span> <span class='ocrx_word' id='word_1_685' title='bbox 1198 4877 1297 4947; x_wconf 79' lang='grc' dir='ltr'><strong>τὴν</strong></span> <span class='ocrx_word' id='word_1_686' title='bbox 1343 4877 1553 4931; x_wconf 83' lang='grc' dir='ltr'>ἑαυτῶν</span> <span class='ocrx_word' id='word_1_687' title='bbox 1599 4880 1870 4950; x_wconf 86' lang='grc' dir='ltr'>πατρίδα,</span> 
     </span>
    </p>
   </div>
   <div class='ocr_carea' id='block_1_96' title="bbox 291 4964 1874 5042">
    <p class='ocr_par' dir='ltr' id='par_1_96' title="bbox 291 4964 1874 5042">
     <span class='ocr_line' id='line_1_96' title="bbox 291 4964 1874 5042; baseline 0.003 -20"><span class='ocrx_word' id='word_1_688' title='bbox 291 4968 773 5039; x_wconf 76' lang='grc' dir='ltr'>καταμεμφόμενοι</span> <span class='ocrx_word' id='word_1_689' title='bbox 809 4969 880 5042; x_wconf 80' lang='grc' dir='ltr'>μὴ</span> <span class='ocrx_word' id='word_1_690' title='bbox 915 4969 1132 5041; x_wconf 87' lang='grc' dir='ltr'>ἐτέρους</span> <span class='ocrx_word' id='word_1_691' title='bbox 1163 4969 1246 5038; x_wconf 79' lang='grc' dir='ltr'>ἐφ’</span> <span class='ocrx_word' id='word_1_692' title='bbox 1285 4964 1366 5033; x_wconf 76' lang='grc' dir='ltr'>οἷς</span> <span class='ocrx_word' id='word_1_693' title='bbox 1391 4971 1707 5036; x_wconf 86' lang='grc' dir='ltr'>πεποίθατε,</span> <span class='ocrx_word' id='word_1_694' title='bbox 1738 4972 1874 5026; x_wconf 74' lang='grc' dir='ltr'>ἀλλὰ</span> 
     </span>
    </p>
   </div>
   <div class='ocr_carea' id='block_1_97' title="bbox 288 5062 1871 5142">
    <p class='ocr_par' dir='ltr' id='par_1_97' title="bbox 288 5062 1871 5142">
     <span class='ocr_line' id='line_1_97' title="bbox 288 5062 1871 5142; baseline 0.004 -29"><span class='ocrx_word' id='word_1_695' title='bbox 288 5063 389 5131; x_wconf 85' lang='grc' dir='ltr'><strong>τὴν</strong></span> <span class='ocrx_word' id='word_1_696' title='bbox 438 5062 592 5132; x_wconf 82' lang='grc' dir='ltr'>ὑμῶν</span> <span class='ocrx_word' id='word_1_697' title='bbox 642 5062 823 5116; x_wconf 72' lang='grc' dir='ltr'>αὐτῶν</span> <span class='ocrx_word' id='word_1_698' title='bbox 876 5063 1256 5136; x_wconf 65' lang='grc' dir='ltr'>ὑπερηφανίαν</span> <span class='ocrx_word' id='word_1_699' title='bbox 1303 5063 1396 5116; x_wconf 70' lang='grc' dir='ltr'><strong>καὶ</strong></span> <span class='ocrx_word' id='word_1_700' title='bbox 1453 5065 1552 5136; x_wconf 81' lang='grc' dir='ltr'>τὴν</span> <span class='ocrx_word' id='word_1_701' title='bbox 1603 5065 1782 5137; x_wconf 79' lang='grc' dir='ltr'>ὓϐριν,</span> 
     </span>
    </p>
   </div>
   <div class='ocr_carea' id='block_1_98' title="bbox 289 5155 1872 5229">
    <p class='ocr_par' dir='ltr' id='par_1_98' title="bbox 289 5155 1872 5229">
     <span class='ocr_line' id='line_1_98' title="bbox 289 5155 1872 5229; baseline 0.003 -21"><span class='ocrx_word' id='word_1_702' title='bbox 289 5156 499 5220; x_wconf 76' lang='grc' dir='ltr'>πάντας</span> <span class='ocrx_word' id='word_1_703' title='bbox 525 5155 720 5220; x_wconf 76' lang='grc' dir='ltr'>αὐτοὺς</span> <span class='ocrx_word' id='word_1_704' title='bbox 750 5155 1091 5228; x_wconf 76' lang='grc' dir='ltr'>περιϐάλλειν</span> <span class='ocrx_word' id='word_1_705' title='bbox 1126 5155 1436 5228; x_wconf 78' lang='grc' dir='ltr'>ἐπειρᾶσθε.</span> <span class='ocrx_word' id='word_1_706' title='bbox 1466 5156 1547 5211; x_wconf 75' lang='grc' dir='ltr'><strong>Τὰ</strong></span> <span class='ocrx_word' id='word_1_707' title='bbox 1574 5157 1630 5211; x_wconf 88' lang='grc' dir='ltr'><strong>δὲ</strong></span> <span class='ocrx_word' id='word_1_708' title='bbox 1665 5159 1872 5229; x_wconf 85' lang='grc' dir='ltr'>συμϐε-</span> 
     </span>
    </p>
   </div>
   <div class='ocr_carea' id='block_1_99' title="bbox 285 5241 1871 5320">
    <p class='ocr_par' dir='ltr' id='par_1_99' title="bbox 285 5241 1871 5320">
     <span class='ocr_line' id='line_1_99' title="bbox 285 5241 1871 5320; baseline 0.004 -22"><span class='ocrx_word' id='word_1_709' title='bbox 285 5245 494 5316; x_wconf 83' lang='grc' dir='ltr'>ϐηκότα</span> <span class='ocrx_word' id='word_1_710' title='bbox 529 5246 677 5317; x_wconf 87' lang='grc' dir='ltr'>ὑμῖν,</span> <span class='ocrx_word' id='word_1_711' title='bbox 707 5241 752 5300; x_wconf 79' lang='grc' dir='ltr'><strong>ὦ</strong></span> <span class='ocrx_word' id='word_1_712' title='bbox 787 5246 996 5319; x_wconf 91' lang='grc' dir='ltr'>Τύριοι,</span> <span class='ocrx_word' id='word_1_713' title='bbox 1037 5247 1111 5320; x_wconf 78' lang='grc' dir='ltr'>μὴ</span> <span class='ocrx_word' id='word_1_714' title='bbox 1156 5247 1498 5320; x_wconf 81' lang='grc' dir='ltr'>εἱμαρμένης</span> <span class='ocrx_word' id='word_1_715' title='bbox 1534 5249 1871 5320; x_wconf 83' lang='grc' dir='ltr'>ἐπιγράφετε</span> 
     </span>
    </p>
   </div>
   <div class='ocr_carea' id='block_1_100' title="bbox 283 5339 1870 5412">
    <p class='ocr_par' dir='ltr' id='par_1_100' title="bbox 283 5339 1870 5412">
     <span class='ocr_line' id='line_1_100' title="bbox 283 5339 1870 5412; baseline 0.001 -21"><span class='ocrx_word' id='word_1_716' title='bbox 283 5339 529 5410; x_wconf 73' lang='grc' dir='ltr'>ἀνάγκη·</span> <span class='ocrx_word' id='word_1_717' title='bbox 584 5339 720 5392; x_wconf 75' lang='grc' dir='ltr'>ἀλλὰ</span> <span class='ocrx_word' id='word_1_718' title='bbox 775 5341 1042 5409; x_wconf 75' lang='grc' dir='ltr'>ζητήσατε</span> <span class='ocrx_word' id='word_1_719' title='bbox 1099 5342 1228 5412; x_wconf 84' lang='grc' dir='ltr'>παρ’</span> <span class='ocrx_word' id='word_1_720' title='bbox 1274 5341 1520 5406; x_wconf 78' lang='grc' dir='ltr'>ἑαυτοῖς,</span> <span class='ocrx_word' id='word_1_721' title='bbox 1565 5341 1650 5404; x_wconf 89' lang='grc' dir='ltr'><strong>τίς</strong></span> <span class='ocrx_word' id='word_1_722' title='bbox 1698 5341 1870 5395; x_wconf 79' lang='grc' dir='ltr'>ταῦτα</span> 
     </span>
    </p>
   </div>
   <div class='ocr_carea' id='block_1_101' title="bbox 284 5431 1866 5507">
    <p class='ocr_par' dir='ltr' id='par_1_101' title="bbox 284 5431 1866 5507">
     <span class='ocr_line' id='line_1_101' title="bbox 284 5431 1866 5507; baseline 0.003 -24"><span class='ocrx_word' id='word_1_723' title='bbox 284 5431 665 5497; x_wconf 87' lang='grc' dir='ltr'>ἐϐουλεύσατο,</span> <span class='ocrx_word' id='word_1_724' title='bbox 698 5431 778 5494; x_wconf 88' lang='grc' dir='ltr'><strong>τίς</strong></span> <span class='ocrx_word' id='word_1_725' title='bbox 814 5432 996 5504; x_wconf 74' lang='grc' dir='ltr'>ἔκρινε</span> <span class='ocrx_word' id='word_1_726' title='bbox 1037 5433 1205 5488; x_wconf 75' lang='grc' dir='ltr'>ταῦτα</span> <span class='ocrx_word' id='word_1_727' title='bbox 1241 5433 1433 5488; x_wconf 86' lang='grc' dir='ltr'>παθεῖν</span> <span class='ocrx_word' id='word_1_728' title='bbox 1465 5434 1563 5506; x_wconf 81' lang='grc' dir='ltr'>τὴν</span> <span class='ocrx_word' id='word_1_729' title='bbox 1594 5435 1866 5507; x_wconf 83' lang='grc' dir='ltr'>ὑμετέραν</span> 
     </span>
    </p>
   </div>
   <div class='ocr_carea' id='block_1_102' title="bbox 286 5519 1866 5597">
    <p class='ocr_par' dir='ltr' id='par_1_102' title="bbox 286 5519 1866 5597">
     <span class='ocr_line' id='line_1_102' title="bbox 286 5519 1866 5597; baseline 0.003 -25"><span class='ocrx_word' id='word_1_730' title='bbox 286 5521 543 5591; x_wconf 80' lang='grc' dir='ltr'>πατρίδα.</span> <span class='ocrx_word' id='word_1_731' title='bbox 587 5519 884 5593; x_wconf 81' lang='grc' dir='ltr'>Ζητοῦντες</span> <span class='ocrx_word' id='word_1_732' title='bbox 917 5521 1026 5592; x_wconf 77' lang='grc' dir='ltr'><strong>γὰρ</strong></span> <span class='ocrx_word' id='word_1_733' title='bbox 1058 5523 1318 5596; x_wconf 74' lang='grc' dir='ltr'>εὑρήσετε</span> <span class='ocrx_word' id='word_1_734' title='bbox 1365 5526 1423 5576; x_wconf 85' lang='grc' dir='ltr'><strong>ἐν</strong></span> <span class='ocrx_word' id='word_1_735' title='bbox 1471 5525 1656 5596; x_wconf 76' lang='grc' dir='ltr'>δικαία</span> <span class='ocrx_word' id='word_1_736' title='bbox 1688 5526 1866 5597; x_wconf 84' lang='grc' dir='ltr'>κρίσει</span> 
     </span>
    </p>
   </div>
   <div class='ocr_carea' id='block_1_103' title="bbox 284 5612 1869 5689">
    <p class='ocr_par' dir='ltr' id='par_1_103' title="bbox 284 5612 1869 5689">
     <span class='ocr_line' id='line_1_103' title="bbox 284 5612 1869 5689; baseline 0.004 -24"><span class='ocrx_word' id='word_1_737' title='bbox 284 5612 354 5666; x_wconf 78' lang='grc' dir='ltr'>τὰ</span> <span class='ocrx_word' id='word_1_738' title='bbox 399 5612 622 5666; x_wconf 83' lang='grc' dir='ltr'>τοιαῦτα</span> <span class='ocrx_word' id='word_1_739' title='bbox 675 5613 1106 5684; x_wconf 69' lang='grc' dir='ltr'>συμϐεϐηκέναι·</span> <span class='ocrx_word' id='word_1_740' title='bbox 1150 5615 1353 5688; x_wconf 88' lang='grc' dir='ltr'>Κύριος</span> <span class='ocrx_word' id='word_1_741' title='bbox 1392 5619 1497 5689; x_wconf 79' lang='grc' dir='ltr'><strong>γὰρ</strong></span> <span class='ocrx_word' id='word_1_742' title='bbox 1545 5616 1794 5683; x_wconf 83' lang='grc' dir='ltr'>Σαϐαὼθ,</span> <span class='ocrx_word' id='word_1_743' title='bbox 1839 5619 1869 5671; x_wconf 75' lang='grc' dir='ltr'>ὁ</span> 
     </span>
    </p>
   </div>
   <div class='ocr_carea' id='block_1_104' title="bbox 288 5702 1865 5778">
    <p class='ocr_par' dir='ltr' id='par_1_104' title="bbox 288 5702 1865 5778">
     <span class='ocr_line' id='line_1_104' title="bbox 288 5702 1865 5778; baseline 0.002 -22"><span class='ocrx_word' id='word_1_744' title='bbox 288 5703 440 5776; x_wconf 73' lang='grc' dir='ltr'><strong>παρά</strong></span> <span class='ocrx_word' id='word_1_745' title='bbox 487 5705 666 5775; x_wconf 82' lang='grc' dir='ltr'>μόνοις</span> <span class='ocrx_word' id='word_1_746' title='bbox 713 5702 985 5776; x_wconf 80' lang='grc' dir='ltr'>Ἑϐραίοις</span> <span class='ocrx_word' id='word_1_747' title='bbox 1053 5703 1487 5778; x_wconf 71' lang='grc' dir='ltr'>θεολογούμενος,</span> <span class='ocrx_word' id='word_1_748' title='bbox 1549 5705 1735 5760; x_wconf 68' lang='grc' dir='ltr'>τοῦτον</span> <span class='ocrx_word' id='word_1_749' title='bbox 1783 5706 1865 5771; x_wconf 77' lang='grc' dir='ltr'><strong>ἐξ-</strong></span> 
     </span>
    </p>
   </div>
   <div class='ocr_carea' id='block_1_105' title="bbox 291 5793 778 5866">
    <p class='ocr_par' dir='ltr' id='par_1_105' title="bbox 291 5793 778 5866">
     <span class='ocr_line' id='line_1_105' title="bbox 291 5793 778 5866; baseline 0.008 -22"><span class='ocrx_word' id='word_1_750' title='bbox 291 5793 488 5865; x_wconf 71' lang='grc' dir='ltr'>ήνεγκε</span> <span class='ocrx_word' id='word_1_751' title='bbox 522 5793 610 5848; x_wconf 76' lang='grc' dir='ltr'>τὸν</span> <span class='ocrx_word' id='word_1_752' title='bbox 639 5796 778 5866; x_wconf 80' lang='grc' dir='ltr'>ὅρον·</span> 
     </span>
    </p>
   </div>
   <div class='ocr_carea' id='block_1_106' title="bbox 1978 4695 3555 4766">
    <p class='ocr_par' dir='ltr' id='par_1_106' title="bbox 1978 4695 3555 4766">
     <span class='ocr_line' id='line_1_106' title="bbox 1978 4695 3555 4766; baseline 0.003 -22"><span class='ocrx_word' id='word_1_753' title='bbox 1978 4709 2074 4748; x_wconf 90' lang='lat' dir='ltr'><strong>vos</strong></span> <span class='ocrx_word' id='word_1_754' title='bbox 2122 4695 2243 4763; x_wconf 88' lang='lat' dir='ltr'><strong>qui,</strong></span> <span class='ocrx_word' id='word_1_755' title='bbox 2295 4696 2450 4750; x_wconf 64' lang='lat' dir='ltr'><strong>caesis</strong></span> <span class='ocrx_word' id='word_1_756' title='bbox 2485 4695 2625 4763; x_wconf 88' lang='lat' dir='ltr'><strong>aliis,</strong></span> <span class='ocrx_word' id='word_1_757' title='bbox 2673 4696 2726 4749; x_wconf 89' lang='lat' dir='ltr'><strong>in</strong></span> <span class='ocrx_word' id='word_1_758' title='bbox 2787 4696 2918 4751; x_wconf 90' lang='lat' dir='ltr'><strong>urbe</strong></span> <span class='ocrx_word' id='word_1_759' title='bbox 2968 4696 3112 4766; x_wconf 84' lang='lat' dir='ltr'><strong>Tyro</strong></span> <span class='ocrx_word' id='word_1_760' title='bbox 3148 4697 3344 4751; x_wconf 86' lang='lat' dir='ltr'><strong>residui</strong></span> <span class='ocrx_word' id='word_1_761' title='bbox 3399 4696 3555 4758; x_wconf 81' lang='lat' dir='ltr'><strong>estis,</strong></span> 
     </span>
    </p>
   </div>
   <div class='ocr_carea' id='block_1_107' title="bbox 1978 4786 3553 4858">
    <p class='ocr_par' dir='ltr' id='par_1_107' title="bbox 1978 4786 3553 4858">
     <span class='ocr_line' id='line_1_107' title="bbox 1978 4786 3553 4858; baseline 0.003 -21"><span class='ocrx_word' id='word_1_762' title='bbox 1978 4786 2214 4855; x_wconf 87' lang='lat' dir='ltr'><strong>trajicite</strong></span> <span class='ocrx_word' id='word_1_763' title='bbox 2241 4786 2449 4858; x_wconf 79' lang='lat' dir='ltr'><strong>profugi</strong></span> <span class='ocrx_word' id='word_1_764' title='bbox 2481 4788 2548 4843; x_wconf 90' lang='lat' dir='ltr'><strong>ad</strong></span> <span class='ocrx_word' id='word_1_765' title='bbox 2575 4789 2798 4844; x_wconf 88' lang='lat' dir='ltr'><strong>colonos</strong></span> <span class='ocrx_word' id='word_1_766' title='bbox 2832 4799 3044 4844; x_wconf 87' lang='lat' dir='ltr'><strong>vestros</strong></span> <span class='ocrx_word' id='word_1_767' title='bbox 3071 4788 3553 4858; x_wconf 75' lang='lat' dir='ltr'><strong>Carthaginienses.</strong></span> 
     </span>
    </p>
   </div>
   <div class='ocr_carea' id='block_1_108' title="bbox 1976 4862 3553 4948">
    <p class='ocr_par' dir='ltr' id='par_1_108' title="bbox 1976 4862 3553 4948">
     <span class='ocr_line' id='line_1_108' title="bbox 1976 4862 3553 4948; baseline 0 -16"><span class='ocrx_word' id='word_1_768' title='bbox 1976 4877 2089 4933; x_wconf 75' lang='lat' dir='ltr'><strong>Illic</strong></span> <span class='ocrx_word' id='word_1_769' title='bbox 2113 4893 2240 4934; x_wconf 89' lang='lat' dir='ltr'><strong>vero</strong></span> <span class='ocrx_word' id='word_1_770' title='bbox 2262 4862 2660 4936; x_wconf 75' lang='lat' dir='ltr'><strong>Commorantes</strong></span> <span class='ocrx_word' id='word_1_771' title='bbox 2700 4880 2926 4948; x_wconf 86' lang='lat' dir='ltr'><strong>patriam</strong></span> <span class='ocrx_word' id='word_1_772' title='bbox 2975 4880 3170 4948; x_wconf 72' lang='lat' dir='ltr'><strong>lugete,</strong></span> <span class='ocrx_word' id='word_1_773' title='bbox 3197 4888 3252 4933; x_wconf 89' lang='lat' dir='ltr'><strong>et</strong></span> <span class='ocrx_word' id='word_1_774' title='bbox 3278 4889 3553 4946; x_wconf 68' lang='lat' dir='ltr'><strong>accusata,</strong></span> 
     </span>
    </p>
   </div>
   <div class='ocr_carea' id='block_1_109' title="bbox 1979 4970 3549 5042">
    <p class='ocr_par' dir='ltr' id='par_1_109' title="bbox 1979 4970 3549 5042">
     <span class='ocr_line' id='line_1_109' title="bbox 1979 4970 3549 5042; baseline 0.001 -17"><span class='ocrx_word' id='word_1_775' title='bbox 1979 4987 2083 5026; x_wconf 90' lang='lat' dir='ltr'><strong>non</strong></span> <span class='ocrx_word' id='word_1_776' title='bbox 2115 4970 2250 5025; x_wconf 89' lang='lat' dir='ltr'><strong>alios</strong></span> <span class='ocrx_word' id='word_1_777' title='bbox 2281 4974 2590 5042; x_wconf 87' lang='lat' dir='ltr'><strong>quospiam,</strong></span> <span class='ocrx_word' id='word_1_778' title='bbox 2618 4972 2814 5040; x_wconf 86' lang='lat' dir='ltr'><strong>quibus</strong></span> <span class='ocrx_word' id='word_1_779' title='bbox 2859 4971 3126 5034; x_wconf 81' lang='lat' dir='ltr'><strong>lidebatis,</strong></span> <span class='ocrx_word' id='word_1_780' title='bbox 3173 4972 3266 5025; x_wconf 88' lang='lat' dir='ltr'><strong>sed</strong></span> <span class='ocrx_word' id='word_1_781' title='bbox 3315 4983 3549 5026; x_wconf 74' lang='lat' dir='ltr'><strong>vesuam</strong></span> 
     </span>
    </p>
   </div>
   <div class='ocr_carea' id='block_1_110' title="bbox 1978 5063 3552 5133">
    <p class='ocr_par' dir='ltr' id='par_1_110' title="bbox 1978 5063 3552 5133">
     <span class='ocr_line' id='line_1_110' title="bbox 1978 5063 3552 5133; baseline 0.001 -15"><span class='ocrx_word' id='word_1_782' title='bbox 1978 5063 2286 5133; x_wconf 89' lang='lat' dir='ltr'><strong>superbiam</strong></span> <span class='ocrx_word' id='word_1_783' title='bbox 2335 5071 2395 5120; x_wconf 67' lang='lat' dir='ltr'><strong>et.</strong></span> <span class='ocrx_word' id='word_1_784' title='bbox 2430 5063 2840 5126; x_wconf 88' lang='lat' dir='ltr'><strong>contumeliam,</strong></span> <span class='ocrx_word' id='word_1_785' title='bbox 2876 5079 2979 5132; x_wconf 89' lang='lat' dir='ltr'><strong>qua</strong></span> <span class='ocrx_word' id='word_1_786' title='bbox 3017 5063 3137 5118; x_wconf 84' lang='lat' dir='ltr'><strong>illos</strong></span> <span class='ocrx_word' id='word_1_787' title='bbox 3167 5079 3359 5117; x_wconf 86' lang='lat' dir='ltr'><strong>omnes</strong></span> <span class='ocrx_word' id='word_1_788' title='bbox 3402 5079 3552 5122; x_wconf 85' lang='lat' dir='ltr'><strong>eom-</strong></span> 
     </span>
    </p>
   </div>
   <div class='ocr_carea' id='block_1_111' title="bbox 1977 5155 3554 5228">
    <p class='ocr_par' dir='ltr' id='par_1_111' title="bbox 1977 5155 3554 5228">
     <span class='ocr_line' id='line_1_111' title="bbox 1977 5155 3554 5228; baseline 0.001 -18"><span class='ocrx_word' id='word_1_789' title='bbox 1977 5157 2178 5228; x_wconf 89' lang='lat' dir='ltr'><strong>plicare</strong></span> <span class='ocrx_word' id='word_1_790' title='bbox 2207 5157 2386 5214; x_wconf 89' lang='lat' dir='ltr'><strong>conati</strong></span> <span class='ocrx_word' id='word_1_791' title='bbox 2426 5158 2577 5212; x_wconf 88' lang='lat' dir='ltr'><strong>estis.</strong></span> <span class='ocrx_word' id='word_1_792' title='bbox 2611 5158 2802 5214; x_wconf 72' lang='lat' dir='ltr'><strong>(Iasum</strong></span> <span class='ocrx_word' id='word_1_793' title='bbox 2835 5170 2998 5227; x_wconf 89' lang='lat' dir='ltr'><strong>porro</strong></span> <span class='ocrx_word' id='word_1_794' title='bbox 3026 5166 3288 5224; x_wconf 86' lang='lat' dir='ltr'><strong>vestrum,</strong></span> <span class='ocrx_word' id='word_1_795' title='bbox 3315 5172 3348 5212; x_wconf 88' lang='grc' dir='ltr'><strong>ο</strong></span> <span class='ocrx_word' id='word_1_796' title='bbox 3375 5155 3554 5228; x_wconf 78' lang='lat' dir='ltr'><strong>Tyrii,</strong></span> 
     </span>
    </p>
   </div>
   <div class='ocr_carea' id='block_1_112' title="bbox 1975 5249 3555 5321">
    <p class='ocr_par' dir='ltr' id='par_1_112' title="bbox 1975 5249 3555 5321">
     <span class='ocr_line' id='line_1_112' title="bbox 1975 5249 3555 5321; baseline 0.003 -17"><span class='ocrx_word' id='word_1_797' title='bbox 1975 5265 2044 5306; x_wconf 88' lang='lat' dir='ltr'><strong>ne</strong></span> <span class='ocrx_word' id='word_1_798' title='bbox 2095 5249 2189 5304; x_wconf 80' lang='lat' dir='ltr'><strong>fati</strong></span> <span class='ocrx_word' id='word_1_799' title='bbox 2239 5250 2554 5310; x_wconf 86' lang='lat' dir='ltr'><strong>necessitati</strong></span> <span class='ocrx_word' id='word_1_800' title='bbox 2608 5250 2926 5314; x_wconf 87' lang='lat' dir='ltr'><strong>ascribatis;</strong></span> <span class='ocrx_word' id='word_1_801' title='bbox 2977 5252 3070 5305; x_wconf 90' lang='lat' dir='ltr'><strong>sed</strong></span> <span class='ocrx_word' id='word_1_802' title='bbox 3114 5253 3165 5304; x_wconf 90' lang='lat' dir='ltr'><strong>in</strong></span> <span class='ocrx_word' id='word_1_803' title='bbox 3221 5252 3376 5308; x_wconf 85' lang='lat' dir='ltr'><strong>vobis</strong></span> <span class='ocrx_word' id='word_1_804' title='bbox 3421 5252 3555 5321; x_wconf 86' lang='lat' dir='ltr'><strong>ipsis</strong></span> 
     </span>
    </p>
   </div>
   <div class='ocr_carea' id='block_1_113' title="bbox 1974 5342 3549 5414">
    <p class='ocr_par' dir='ltr' id='par_1_113' title="bbox 1974 5342 3549 5414">
     <span class='ocr_line' id='line_1_113' title="bbox 1974 5342 3549 5414; baseline 0.006 -20"><span class='ocrx_word' id='word_1_805' title='bbox 1974 5343 2222 5412; x_wconf 71' lang='lat' dir='ltr'><strong>qurerite,</strong></span> <span class='ocrx_word' id='word_1_806' title='bbox 2251 5343 2372 5412; x_wconf 89' lang='lat' dir='ltr'><strong>quis</strong></span> <span class='ocrx_word' id='word_1_807' title='bbox 2405 5343 2520 5396; x_wconf 65' lang='lat' dir='ltr'><strong>hate</strong></span> <span class='ocrx_word' id='word_1_808' title='bbox 2567 5342 2796 5398; x_wconf 87' lang='lat' dir='ltr'><strong>consilia</strong></span> <span class='ocrx_word' id='word_1_809' title='bbox 2835 5344 3039 5410; x_wconf 89' lang='lat' dir='ltr'><strong>inierit,</strong></span> <span class='ocrx_word' id='word_1_810' title='bbox 3071 5344 3195 5414; x_wconf 89' lang='lat' dir='ltr'><strong>quis</strong></span> <span class='ocrx_word' id='word_1_811' title='bbox 3225 5347 3293 5398; x_wconf 81' lang='lat' dir='ltr'><strong>ad</strong></span> <span class='ocrx_word' id='word_1_812' title='bbox 3341 5353 3549 5403; x_wconf 72' lang='lat' dir='ltr'><strong>tantum</strong></span> 
     </span>
    </p>
   </div>
   <div class='ocr_carea' id='block_1_114' title="bbox 1974 5433 3550 5506">
    <p class='ocr_par' dir='ltr' id='par_1_114' title="bbox 1974 5433 3550 5506">
     <span class='ocr_line' id='line_1_114' title="bbox 1974 5433 3550 5506; baseline 0.002 -15"><span class='ocrx_word' id='word_1_813' title='bbox 1974 5435 2337 5502; x_wconf 84' lang='lat' dir='ltr'><strong>calamitatem</strong></span> <span class='ocrx_word' id='word_1_814' title='bbox 2401 5437 2630 5506; x_wconf 84' lang='lat' dir='ltr'><strong>patriam</strong></span> <span class='ocrx_word' id='word_1_815' title='bbox 2691 5446 2928 5492; x_wconf 88' lang='lat' dir='ltr'><strong>vestram</strong></span> <span class='ocrx_word' id='word_1_816' title='bbox 2995 5437 3356 5492; x_wconf 82' lang='lat' dir='ltr'><strong>damnaverit.</strong></span> <span class='ocrx_word' id='word_1_817' title='bbox 3409 5433 3550 5494; x_wconf 83' lang='lat' dir='ltr'><strong>Nam</strong></span> 
     </span>
    </p>
   </div>
   <div class='ocr_carea' id='block_1_115' title="bbox 1977 5529 3549 5599">
    <p class='ocr_par' dir='ltr' id='par_1_115' title="bbox 1977 5529 3549 5599">
     <span class='ocr_line' id='line_1_115' title="bbox 1977 5529 3549 5599; baseline -0.002 -14"><span class='ocrx_word' id='word_1_818' title='bbox 1977 5529 2344 5599; x_wconf 84' lang='lat' dir='ltr'><strong>disquirentcs</strong></span> <span class='ocrx_word' id='word_1_819' title='bbox 2377 5529 2814 5598; x_wconf 71' lang='lat' dir='ltr'><strong>deprclnendetis,</strong></span> <span class='ocrx_word' id='word_1_820' title='bbox 2856 5530 2970 5586; x_wconf 69' lang='lat' dir='ltr'><strong>hare</strong></span> <span class='ocrx_word' id='word_1_821' title='bbox 2995 5529 3145 5597; x_wconf 89' lang='lat' dir='ltr'><strong>justo</strong></span> <span class='ocrx_word' id='word_1_822' title='bbox 3169 5530 3376 5598; x_wconf 83' lang='lat' dir='ltr'><strong>judicio</strong></span> <span class='ocrx_word' id='word_1_823' title='bbox 3402 5531 3549 5586; x_wconf 82' lang='lat' dir='ltr'><strong>acci-</strong></span> 
     </span>
    </p>
   </div>
   <div class='ocr_carea' id='block_1_116' title="bbox 1975 5620 3548 5695">
    <p class='ocr_par' dir='ltr' id='par_1_116' title="bbox 1975 5620 3548 5695">
     <span class='ocr_line' id='line_1_116' title="bbox 1975 5620 3548 5695; baseline 0.004 -22"><span class='ocrx_word' id='word_1_824' title='bbox 1975 5623 2155 5676; x_wconf 86' lang='lat' dir='ltr'><strong>disse:</strong></span> <span class='ocrx_word' id='word_1_825' title='bbox 2194 5622 2450 5677; x_wconf 87' lang='lat' dir='ltr'><strong>Dominus</strong></span> <span class='ocrx_word' id='word_1_826' title='bbox 2500 5622 2700 5692; x_wconf 86' lang='lat' dir='ltr'><strong>quippe</strong></span> <span class='ocrx_word' id='word_1_827' title='bbox 2750 5622 3022 5690; x_wconf 79' lang='lat' dir='ltr'><strong>Sabaoth,</strong></span> <span class='ocrx_word' id='word_1_828' title='bbox 3065 5625 3156 5693; x_wconf 90' lang='lat' dir='ltr'><strong>qui</strong></span> <span class='ocrx_word' id='word_1_829' title='bbox 3211 5623 3352 5692; x_wconf 72' lang='lat' dir='ltr'><strong>apuel</strong></span> <span class='ocrx_word' id='word_1_830' title='bbox 3405 5620 3548 5695; x_wconf 51' lang='lat' dir='ltr'><strong>giliis</strong></span> 
     </span>
    </p>
   </div>
   <div class='ocr_carea' id='block_1_117' title="bbox 1978 5712 3544 5783">
    <p class='ocr_par' dir='ltr' id='par_1_117' title="bbox 1978 5712 3544 5783">
     <span class='ocr_line' id='line_1_117' title="bbox 1978 5712 3544 5783; baseline 0.003 -19"><span class='ocrx_word' id='word_1_831' title='bbox 1978 5712 2227 5768; x_wconf 70' lang='lat' dir='ltr'><strong>Ilebrmos</strong></span> <span class='ocrx_word' id='word_1_832' title='bbox 2289 5729 2386 5783; x_wconf 84' lang='lat' dir='ltr'><strong>pro</strong></span> <span class='ocrx_word' id='word_1_833' title='bbox 2443 5713 2552 5769; x_wconf 88' lang='lat' dir='ltr'><strong>Deo</strong></span> <span class='ocrx_word' id='word_1_834' title='bbox 2607 5716 2853 5782; x_wconf 84' lang='lat' dir='ltr'><strong>habetur,</strong></span> <span class='ocrx_word' id='word_1_835' title='bbox 2911 5720 3010 5772; x_wconf 85' lang='lat' dir='ltr'><strong>hoc</strong></span> <span class='ocrx_word' id='word_1_836' title='bbox 3069 5715 3354 5771; x_wconf 85' lang='lat' dir='ltr'><strong>decretum</strong></span> <span class='ocrx_word' id='word_1_837' title='bbox 3417 5726 3544 5783; x_wconf 78' lang='lat' dir='ltr'><strong>pro-</strong></span> 
     </span>
    </p>
   </div>
   <div class='ocr_carea' id='block_1_118' title="bbox 1978 5805 2113 5859">
    <p class='ocr_par' dir='ltr' id='par_1_118' title="bbox 1978 5805 2113 5859">
     <span class='ocr_line' id='line_1_118' title="bbox 1978 5805 2113 5859; baseline 0.007 -1"><span class='ocrx_word' id='word_1_838' title='bbox 1978 5805 2113 5859; x_wconf 56' lang='lat' dir='ltr'><strong>tulit.</strong></span> 
     </span>
    </p>
   </div>
  </div>
