4158 6402
583 327 693 382 233

667 448 828 505 Vens.
872 449 962 516 10,
1017 450 1104 504 ll.
1151 446 1437 517 «Operare
1489 457 1692 502 terram
1744 455 1890 500 tuam
1932 463 1947 500 :

589 542 738 596 enim
776 555 880 596 non
931 541 1157 610 amplius
1199 539 1422 596 veniunt
1455 537 1807 608 Carthagine.
1841 537 2032 594 Manus
2075 554 2174 592 au-

595 644 702 689 tem
735 644 824 688 tua
857 633 988 688 nihil
1027 642 1202 703 potest
1237 631 1469 701 amplius
1509 631 1561 685 in
1603 631 1767 696 mari,
1810 645 1932 699 quae
1977 646 2176 700 provo-

595 719 999 788 cabatreges.»
1057 715 1136 770 Ne
1185 717 1348 786 igitur
1394 715 1629 784 amplius
1677 715 1986 785 superbias,
2039 729 2176 770 neve

594 819 915 878 arroganter
947 824 1099 878 agas,
1139 807 1210 862 ob
1244 807 1464 863 divitias
1493 817 1548 863 et
1574 823 1704 876 opes
1735 807 1872 860 tnari
1917 807 2176 862 advectas

595 899 691 954 tibi
738 917 753 953 :
803 914 991 953 verum
1047 900 1302 968 depressa
1354 909 1408 954 et
1461 899 1701 962 lmmilis,
1728 897 1965 953 colenda:
2018 908 2176 954 terra:

591 1005 748 1052 vaca,
784 997 844 1044 ut
891 989 1156 1044 fructibus
1187 999 1349 1044 terra:
1382 1005 1447 1042 ex
1495 989 1824 1058 agricultura
1860 988 2031 1058 partis
2077 1005 2176 1043 nu-

595 1082 842 1138 triaris:
897 1082 1107 1136 marina
1170 1081 1442 1150 siquidem
1506 1081 1598 1136 tibi
1658 1081 1810 1135 lucra
1869 1093 2171 1136 cessarunt.

590 1173 728 1227 Nam
755 1175 881 1228 dum
914 1173 982 1228 iis
1029 1173 1319 1239 fruebaris,
1352 1172 1664 1227 felicitatem
1697 1171 1841 1228 ferre
1887 1183 2032 1228 tuam
2069 1190 2174 1229 non

589 1273 835 1333 poteras,
877 1265 972 1318 sed
1005 1264 1216 1319 vicinos
1244 1278 1400 1334 reges
1439 1279 1629 1320 omnes
1668 1264 2010 1320 contumeliis
2053 1281 2178 1334 pro-

589 1358 844 1416 vocabas.
878 1357 1142 1412 Caeterum
1179 1357 1294 1411 haec
1345 1355 1486 1411 ultra
1533 1355 1718 1412 facere
1753 1357 1850 1412 tibi
1901 1373 2008 1412 non
2045 1357 2176 1412 lice-

590 1449 702 1516 bit,
747 1465 924 1520 neque
975 1460 1166 1506 contra
1199 1449 1336 1505 alios
1387 1451 1710 1521 quospiam,
1759 1465 1936 1521 neque.
1984 1462 2174 1506 contra

591 1543 878 1598 ﬁnitimam
907 1541 1186 1610 Sidonem,
1214 1555 1376 1612 quam
1405 1541 1600 1598 laedere
1627 1543 1902 1597 tentabas.
1934 1561 1952 1594 ι
1985 1543 2176 1598 Manus

591 1645 774 1690 autem
807 1645 898 1690 tua
931 1635 1064 1689 nihil
1097 1642 1274 1704 potest
1299 1633 1570 1704 amplius;
1602 1653 1622 1687 ›
1657 1634 1908 1691 videlicet
1935 1645 2176 1706 potestas

593 1727 765 1796 regia,
795 1739 900 1795 qua
930 1725 1058 1780 olim
1092 1727 1303 1779 firmata
1329 1733 1464 1778 erat.

667 1819 828 1874 Vens.
857 1819 1050 1874 12-16.
1087 1837 1106 1870 ι
1140 1819 1401 1875 Dominus
1436 1819 1775 1875 exercituum
1814 1819 2068 1889 praecepit
2111 1817 2178 1873 de
2215 1809 2256 1867 Β

593 1911 876 1976 Chanaan,
911 1921 970 1964 ut
1001 1910 1326 1979 perderetur
1361 1909 1479 1980 ejus
1509 1912 1693 1966 robur.
1731 1910 1797 1965 Et
1827 1911 2033 1976 dicent,
2062 1909 2178 1966 Non

515 1985 520 1990 ’
595 2002 739 2054 ultra
768 2000 1036 2070 adjicietis
1063 2001 1423 2057 contumelias
1468 2012 1522 2057 et
1557 2003 1788 2072 injurias
1823 2002 2026 2058 inferre
2059 2002 2183 2058 lilia:

597 2093 748 2147 Sion.
787 2091 853 2146 Et
880 2091 924 2146 si
974 2092 1176 2147 abieris
1205 2093 1270 2146 ad
1305 2092 1621 2158 Cittienses,
1653 2109 1826 2164 neque
1869 2093 1939 2149 ibi
1969 2094 2181 2165 requies

593 2184 698 2238 erit
727 2184 824 2238 tibi
853 2207 867 2240 :
895 2194 950 2240 et
978 2184 1023 2240 si
1053 2185 1122 2239 ad
1157 2195 1359 2240 terram
1385 2185 1784 2252 Chaldaeorum,
1816 2186 1930 2257 ipsa
1963 2202 2182 2258 quoque

595 2277 666 2333 ab
705 2277 946 2348 Assyriis
976 2287 1188 2333 vastata
1215 2288 1320 2342 est,
1353 2293 1528 2348 neque
1559 2279 1634 2334 ibi
1665 2281 1771 2334 erit
1800 2279 1897 2335 tibi
1938 2281 2180 2350 requies,

594 2373 721 2442 quia
763 2387 951 2428 murus
977 2371 1092 2442 ejus
1113 2371 1332 2427 cecidit.
1363 2370 1594 2438 Ululate,
1627 2387 1792 2428 naves
1813 2371 2180 2443 Carthaginis,

593 2462 719 2531 quia
755 2464 918 2534 periit
961 2462 1194 2517 munitio
1228 2471 1431 2517 vestra.
1474 2462 1540 2517 Et
1580 2464 1686 2518 erit
1723 2463 1777 2518 in
1830 2463 1918 2518 die
1963 2464 2050 2517 illa
2095 2479 2182 2518 re-

592 2554 870 2624 linquetur
916 2554 1094 2626 Tyrus
1144 2569 1252 2609 ιη
1313 2555 1506 2621 annis,
1554 2555 1696 2610 sicut
1751 2565 1961 2626 tempus
2017 2555 2182 2626 regis,

592 2646 737 2702 sicut
772 2656 986 2716 tempus
1019 2645 1281 2700 hominis.
1323 2645 1391 2700 Et
1421 2648 1530 2700 erit
1575 2656 1699 2716 post
1746 2661 1921 2700 annos
1965 2656 2184 2716 septua-

591 2741 762 2810 ginta,
787 2741 895 2795 erit
918 2738 1094 2810 Tyrus
1121 2748 1381 2808 tanquam
1413 2739 1687 2796 canticum
1714 2739 1994 2794 adulteras.
2017 2739 2185 2794 Sume

591 2833 882 2898 citharam,
927 2831 1134 2898 circui,
1179 2830 1378 2886 civitas
1425 2830 1702 2896 adultera,
1751 2829 2014 2884 oblivioni
2069 2841 2182 2885 tra-

523 2917 538 2935 ’
594 2925 748 2980 dita:
783 2925 920 2980 bene
953 2925 1106 2994 pulsa
1137 2925 1424 2988 citharatrt,
1463 2923 1628 2976 multa
1662 2937 1821 2991 cane,
1857 2934 1916 2978 ut
1953 2925 2028 2978 lui
2071 2941 2184 2980 me-

597 3015 770 3072 tnoria
811 3015 1063 3070 exsistat.
1086 3034 1106 3068 ο
1143 3015 1273 3082 Quae
1314 3029 1478 3084 porro
1505 3023 1697 3068 contra
1724 3013 1928 3086 Tyrum
1971 3016 2023 3070 in
2061 3015 2188 3070 vali-

598 3109 744 3166 cinio
793 3109 1058 3170 feruntur.
1109 3109 1292 3164 omnia
1347 3108 1536 3179 paucis
1583 3108 1740 3164 annis
1790 3109 2182 3164 absolventur:

1301 321 1572 380 EUSEBll
1607 320 2093 378 cmsammtsrs
2130 319 2284 377 ore.
2325 317 2504 374 rans
2543 315 2631 373 nt.
2673 345 2742 356 -
2781 293 3170 370 execranda

2008 461 2172 501 naves
2200 464 2246 514 Α

3755 304 3868 360 9.36

2350 461 2367 492 ι
2419 437 2683 512 Ἐργάζου
2724 437 2822 509 τὴν
2865 437 2966 506 γῆν
3013 451 3142 487 σου·
3191 433 3286 485 καὶ
3320 431 3428 501 γὰρ
3479 429 3633 483 πλοῖα
3675 427 3864 480 οὐκέτι

2275 535 2492 608 ἔρχεται
2519 533 2583 584 ἐκ
2613 530 2985 602 Καρχηδόνος.
3026 529 3090 580 Ἠ
3117 526 3172 580 δέ
3195 525 3317 596 χείρ
3347 541 3440 578 σου
3467 523 3652 576 οὐκέτι
3685 521 3864 590 ἰσχύει

2275 625 2418 684 κατὰ
2457 623 2754 687 Θάλασσαν,
2797 625 2831 694 ὴ
2867 619 3245 693 παροξύνουσα
3282 613 3540 688 βασιλεῖς.
3585 634 3602 666 ι
3644 611 3866 682 Μηκέτι

2275 721 2455 773 τοίνυν
2497 716 2724 790 ἐπαίρου
2755 716 2832 780 ὡς
2868 713 3009 786 αύτὴ
3048 708 3535 784 μεγαλαυχουμένη
3569 705 3661 758 ἐπὶ
3689 702 3768 772 τῷ
3799 703 3868 754 ἐκ

2276 811 2553 881 θαλάσσης
2586 807 2930 881 ποριζομένῳ
2963 823 3046 858 σοι.
3079 803 3326 873 πλούτῳ·
3357 797 3755 854 ταπεινωθεῖσα
3781 793 3862 858 δὲ,

2277 903 2404 973 περὶ
2447 901 2545 970 τὴν
2591 897 2794 967 σαυτῆς
2832 893 3063 966 ἀσχολοῦ
3095 893 3198 964 γῆν
3225 887 3595 961 γεωπονοῦσα,
3625 885 3720 939 καὶ
3753 883 3866 936 ἀπὸ

2275 993 2382 1047 τῶν
2419 991 2528 1047 ἀπὸ
2551 991 2652 1062 γῆς
2690 986 2920 1060 καρπῶν
2957 985 3267 1058 τρεφομένη
3288 1001 3301 1014 ·
3336 981 3614 1034 πέπαυται
3639 978 3749 1047 γάρ
3779 991 3866 1027 σοι

2274 1087 2344 1140 τά
2372 1085 2478 1140 ἀπὸ
2519 1086 2619 1156 τῆς
2657 1082 2934 1150 θαλάσσης
2967 1079 3156 1150 κέρδη.
3201 1079 3312 1131 Καὶ
3344 1076 3450 1146 γάρ
3483 1073 3686 1126 τούτων
3727 1071 3869 1124 ἀπσ-

2275 1179 2536 1242 λαύουσα,
2576 1177 2676 1230 οὐκ
2725 1175 2918 1246 ἔφερες
2969 1172 3137 1241 αὐτῆς
3190 1171 3286 1240 τὴν
3334 1167 3706 1238 εὐδαιμονίαν·
3744 1163 3869 1216 ἀλλ’

2277 1272 2570 1344 ἐξύϐρισας
2611 1267 2990 1342 παροξύνουσα
3025 1264 3264 1335 βασιλεῖς
3311 1261 3514 1323 πάντας
3553 1260 3682 1321 τοὺς
3724 1255 3870 1326 πλη-

2278 1361 2596 1436 σιοχώρους.
2628 1361 2776 1434 Πλὴν
2808 1358 2993 1412 οὐκέτι
3018 1374 3101 1410 σοι
3121 1355 3294 1410 ταῦτα
3323 1355 3582 1425 πράττειν
3622 1348 3868 1416 ἐξέσται,

2276 1459 2397 1513 οὐδὲ
2428 1456 2547 1511 καθ’
2577 1455 2803 1526 ἐτέρων,
2827 1453 2948 1507 οὐδὲ
2974 1449 3114 1505 κατὰ
3135 1448 3234 1518 τῆς
3258 1446 3482 1518 πλησίον
3506 1462 3587 1496 σοι
3609 1442 3868 1506 Σιδῶνος,

2277 1551 2343 1622 ἢν
2389 1549 2484 1602 καὶ
2512 1547 2682 1618 αὐτὴν
2713 1546 2921 1600 ἀδικεῖν
2966 1543 3280 1614 ἐπιχειρεῖς.
3341 1559 3358 1589 ι
3421 1539 3483 1590 Ἡ
3515 1537 3572 1589 δὲ
3604 1535 3724 1606 χείρ
3769 1550 3870 1588 σου

2277 1643 2464 1698 οὐκέτι
2497 1640 2704 1712 ἰσχύεισ
2755 1659 2773 1691 ι
2815 1639 2960 1707 λέγω
2989 1637 3054 1708 δὴ
3080 1639 3114 1707 ἡ
3155 1635 3382 1705 δύναμις
3413 1633 3447 1702 ἡ
3477 1629 3752 1701 βασιλικὴ,
3797 1627 3870 1682 δι’

2279 1731 2347 1808 ἧς
2376 1735 2437 1788 τὸ
2465 1734 2636 1788 πάλαι
2661 1731 2774 1802 ὠχύ
2785 1749 2970 1803 ρωται.

2358 1845 2378 1878 ι
2428 1825 2635 1896 Κύριος
2682 1821 2910 1876 Σαϐαὼθ
2953 1818 3254 1874 ἐνετείλατο
3299 1815 3426 1886 περὶ
3475 1813 3718 1876 Χαναὰν,
3761 1813 3872 1866 άπ-

2281 1919 2466 1974 ολέσαι
2507 1918 2678 1989 αὐτῆς
2709 1917 2807 1989 τὴν
2835 1914 3010 1986 ἰσχύν.
3041 1913 3151 1966 Kal
3179 1909 3416 1982 ἐροῦσιν
3465 1908 3662 1961 Οὐκέτι
3692 1905 3753 1962 ού
3793 1904 3874 1976 μὴ

2281 2012 2622 2086 προσθήσετε
2660 2008 2755 2064 τοῦ
2787 2008 3030 2080 ὑϐρίζειν
3069 2006 3163 2060 καί
3203 2005 3410 2058 ἀδικεῖν
3446 1999 3875 2072 τὴν“τθυγατέρα

2282 2105 2442 2161 Σιών.
2483 2105 2594 2160 Καὶ
2635 2103 2729 2157 ἐὰν
2767 2101 3008 2174 ἀπέλθῃς
3047 2102 3127 2163 είς
3161 2099 3421 2160 Κιττιεῖς,
3451 2095 3570 2148 ούδέ
3597 2096 3714 2147 ἐκεῖ
3741 2091 3876 2146 ἀνά-

2284 2213 2486 2260 παυσις
2508 2195 2661 2248 ἔσται
2702 2211 2814 2246 σοι·
2861 2193 2954 2246 καὶ
2990 2193 3072 2256 είς
3105 2193 3206 2263 γῆν
3251 2188 3553 2248 Χαλδαίων,
3599 2187 3694 2239 καὶ
3733 2185 3874 2255 αὑτὴ

2283 2289 2576 2359 ἠρήμωται
2605 2287 2714 2340 ἀπὸ
2751 2285 2861 2338 τῶν
2905 2284 3209 2356 ’Δσσυρίων
3232 2323 3248 2346 ,
3279 2280 3400 2334 ούδέ
3449 2281 3566 2332 ἐκεῖ
3615 2295 3699 2330 σοι
3741 2277 3876 2330 ἀνά-

2284 2397 2487 2443 παυσις
2516 2378 2704 2432 ἔσται·
2747 2378 2830 2431 ὅτι
2875 2377 2904 2429 ὁ
2937 2377 3117 2446 τοῖχος
3155 2373 3323 2444 αὐτῆς
3369 2371 3679 2424 πέπτωκεν.
3725 2369 3876 2420 Ὀλο-

2283 2471 2501 2536 λύξατε,
2535 2471 2696 2524 πλοῖα
2721 2467 3090 2541 Καρχηδόνος,
3125 2467 3206 2521 ἔτι
3232 2464 3480 2519 ἀπώλετο
3519 2463 3581 2516 τὸ
3608 2461 3876 2532 ὀχύρωμα

2285 2565 2458 2635 ὑμῶν.
2500 2564 2607 2617 Καὶ
2647 2562 2799 2616 ἕσται
2829 2563 2888 2614 ἐν
2918 2563 2982 2632 τῇ
3021 2559 3202 2632 ἡμέρᾳ
3233 2557 3419 2630 ἐκείνῃ
3443 2553 3876 2624 καταλειφθήσε-

2283 2673 2374 2710 ται
2413 2656 2585 2727 Τύρος
2623 2655 2717 2726 ἓτη
2773 2660 2836 2716 ο’,
2883 2653 2956 2718 ὡς
2991 2651 3184 2723 χρόνος
3235 2648 3520 2722 βασιλέως,
3563 2648 3639 2709 ὡς
3681 2647 3876 2719 χρόνος

2286 2749 2600 2822 ἀνθρώπου.
2648 2747 2758 2800 Καὶ
2801 2745 2950 2798 ἔσται
2991 2743 3128 2814 μετὰ
3169 2741 3238 2795 τά
3280 2740 3462 2812 ο’ἒτη,
3506 2738 3656 2792 ἔσται
3699 2738 3876 2810 Τύρος

2283 2841 2360 2906 ὡς
2403 2837 2556 2914 ᾆσμα
2598 2837 3008 2911 πόρνης.-Λά6ε
3053 2835 3306 2906 κιθάραν,
3349 2833 3670 2905 ρέμϐευσον,
3721 2829 3876 2896 πόλις

2289 2933 2460 3004 πόρνη
2506 2929 2930 3000 ὲπιλελησμένη,
2965 2925 3146 2989 καλῶς
3177 2925 3477 2996 κιθάρισον,
3513 2920 3682 2974 πολλὰ
3720 2917 3875 2992 ᾆσον,

2287 3023 2374 3076 ἴνα
2405 3039 2497 3076 σου
2531 3021 2690 3093 μνεία
2716 3020 2968 3090 γένηται.
3009 3035 3027 3067 ι
3069 3015 3150 3069 Τά
3176 3015 3231 3068 δέ
3259 3012 3708 3086 προφητευόμενα
3735 3011 3880 3064 κατὰ

2286 3117 2386 3184 τῆς
2420 3115 2596 3187 Τύρου
2631 3112 2809 3166 πάντα
2839 3114 2896 3164 ὲν
2931 3109 3130 3177 ὀλίγοις
3168 3107 3312 3159 ἔτεσι
3351 3104 3834 3175 συντελεσθήσεται
3857 3119 3874 3133 ο

597 3203 800 3274 quibus
829 3202 992 3256 etiam
1027 3202 1222 3258 civitas
1253 3199 1364 3256 Deo
1408 3213 1753 3268 consecrata,
1802 3203 2020 3257 deserta
2061 3200 2182 3256 fuit.

2293 3208 2351 3262 ἐν
2381 3201 2461 3270 οἷς
2490 3206 2584 3260 καὶ
2613 3206 2646 3275 ἠ
2673 3203 2752 3275 τῷ
2779 3201 2898 3274 Θεῷ
2925 3199 3277 3272 ἀφιερωμένη
3309 3197 3462 3260 πόλις
3491 3197 3728 3267 κατέστη
3751 3194 3882 3267 ἔρη-

600 3295 854 3349 Decrevit
879 3294 1078 3364 quippe
1127 3294 1292 3360 Deus,
1336 3293 1496 3349 unius
1547 3295 1781 3351 hominis
1827 3295 1954 3348 vita:
1983 3294 2182 3364 spatio,

599 3387 718 3440 sive
767 3385 929 3439 etiam
980 3386 1141 3440 unius
1183 3386 1378 3440 annosi
1433 3384 1580 3452 regis
1627 3385 1942 3450 dominatu,
1990 3400 2186 3456 nempe

599 3477 943 3547 septuaginta
977 3479 1155 3544 annis,
1207 3477 1442 3532 futuram
1480 3477 1610 3550 Tyri
1659 3477 2008 3532 solitudinem
2051 3475 2184 3532 deli-

600 3572 739 3626 nire.
769 3571 824 3624 ln
861 3571 948 3626 his
983 3581 1161 3624 autem
1213 3568 1555 3639 septuaginta
1603 3569 1783 3635 annis,
1830 3569 2100 3623 canticum
2131 3577 2186 3622 et

600 3679 818 3718 carmen
857 3663 924 3718 de
971 3663 1230 3718 vastitate
1279 3673 1369 3716 tua
1421 3673 1624 3717 canent
1671 3676 1861 3716 omnes
1912 3661 2182 3724 homines,

598 3756 691 3824 qui
721 3765 772 3810 te
819 3755 946 3809 olim
981 3765 1237 3810 accurate
1291 3761 1575 3818 noverant,
1621 3753 2073 3824 quemadmodum
2120 3757 2188 3808 de

601 3848 831 3903 muliere
857 3863 888 3902 a
921 3851 1115 3903 decore
1147 3863 1246 3903 suo
1281 3847 1451 3916 lapsa.
1481 3845 1562 3900 Tu
1596 3862 1727 3902 vero
1758 3849 1874 3915 ipsa
1907 3855 2019 3901 toto
2050 3845 2184 3900 soli-

605 3941 808 3995 tudinis
835 3949 938 3994 tua-
980 3950 1242 4010 tempore,
1285 3941 1712 4009 circumquaque
1739 3939 1955 4001 oberra,
1985 3951 2188 4008 gyrans

605 4041 662 4089 et
685 4049 714 4086 a
745 4033 864 4088 loco
893 4034 944 4086 in
979 4033 1152 4087 locum
1188 4043 1555 4098 transmeans,
1583 4045 1747 4102 atque
1776 4029 1920 4102 apud
1949 4031 2188 4100 reliquas

605 4133 797 4195 gentes
840 4124 1136 4179 fornicans.
1164 4123 1318 4192 Quod
1347 4125 1391 4179 si
1427 4125 1596 4191 vales,
1643 4139 1826 4179 sumas
1857 4123 1981 4177 licet
2013 4122 2182 4178 citha-

605 4233 725 4272 ram
755 4227 924 4283 tuam,
952 4231 1055 4270 non
1083 4225 1136 4270 ut
1167 4217 1495 4278 meretricio,
1525 4214 1618 4271 sed
1648 4225 1706 4270 ut
1731 4215 1981 4285 prudenti
2013 4231 2184 4283 more,

603 4309 968 4364 instrumento
1021 4311 1189 4364 utaris
1238 4318 1352 4365 tuo.
1404 4308 1630 4364 Multum
1681 4309 1890 4363 cithara
1949 4309 2097 4372 lude,
2132 4317 2188 4362 et

601 4401 830 4458 multum
859 4415 1016 4464 cane,
1043 4414 1106 4454 ac
1135 4415 1324 4471 preces
1354 4402 1882 4472 supplicationesque
1913 4403 1979 4454 ad
2017 4400 2185 4455 Deum

601 4497 828 4553 emitte:
861 4496 938 4550 sic
966 4495 1110 4550 enim
1159 4494 1265 4549 erit
1308 4495 1383 4548 tui
1426 4493 1688 4550 memoria
1739 4493 1878 4563 apud
1919 4493 2108 4556 Deum,
2142 4492 2185 4546 si

600 4589 1058 4650 modulationibus
1096 4590 1317 4654 cantici,
1345 4599 1400 4644 et
1429 4589 1475 4642 si
1507 4588 1756 4644 sensibus
1787 4587 1924 4656 ejus,
1965 4586 2189 4640 citharae

601 4687 798 4752 instar,
853 4684 1146 4754 prudenter
1201 4683 1396 4746 utaris,
1446 4690 1811 4752 temperanter
1855 4681 2072 4747 vivens,
2123 4697 2188 4736 ac

604 4778 714 4832 Deo
745 4779 999 4848 placitura
1044 4789 1262 4833 cantutn
1303 4777 1495 4832 edens.
1525 4775 1616 4830 Sic
1651 4779 1756 4830 erit
1789 4777 2046 4830 memoria
2085 4774 2184 4841 tui,

606 4870 716 4926 Deo
745 4883 796 4926 te
829 4871 1206 4928 recordatione
1238 4885 1335 4925 sua
1371 4870 1650 4942 dignante.

675 5049 838 5106 Vens.
867 5053 951 5106 l7.
995 5073 1012 5103 ι
1043 5054 1108 5107 Ει
1136 5055 1240 5110 erit
1288 5065 1411 5126 post
1457 5069 1632 5110 annos
1664 5055 2029 5126 septuaginta,
2061 5055 2192 5109 visi—

606 5144 745 5200 tabit
773 5144 915 5201 Deus
949 5145 1172 5217 Tyrum,
1203 5159 1258 5204 et
1295 5165 1517 5205 rursum
1569 5149 1890 5203 restituetur
1924 5149 1977 5203 in
2017 5147 2195 5217 pristi-

605 5250 758 5300 ntun,
781 5243 835 5290 et
869 5237 972 5290 erit
1003 5241 1302 5308 emporium
1335 5243 1587 5296 omnibus
1635 5241 1815 5310 regnis
1847 5241 1995 5295 orbis
2030 5255 2192 5309 super

607 5328 800 5384 faciem
853 5339 1031 5385 teme.
1057 5351 1074 5383 ι
1117 5332 1440 5401 Snpradicto
1479 5334 1666 5404 elapso
1704 5345 1966 5405 tempore,
2004 5333 2192 5386 visita-

609 5422 806 5476 tionem
851 5423 970 5492 ejus
1020 5425 1378 5490 nancisceris,
1423 5441 1488 5480 ac
1535 5425 1842 5481 restitueris
1885 5425 1939 5478 in
1987 5432 2188 5479 statum

609 5512 927 5584 pristinum;
963 5513 1036 5568 ita
1081 5524 1138 5568 ut
1174 5529 1386 5569 rursum
1423 5531 1591 5585 penes
1623 5527 1674 5570 te
1721 5516 2022 5587 emporium
2056 5531 2188 5570 con-

609 5606 888 5672 stituaJur,
914 5623 977 5660 ac
1003 5619 1191 5678 gentes
1217 5609 1575 5680 undeqnaque
1606 5609 1923 5668 festinanter
1945 5607 2188 5677 alllnant,

609 5709 664 5758 et
697 5715 904 5756 merces
931 5715 1057 5757 suas
1088 5702 1153 5757 ad
1185 5711 1234 5756 te
1264 5699 1510 5757 deferant

2297 3318 2414 3372 μος.
2450 3301 2672 3370 Ἔκρινε
2707 3297 2816 3367 γὰρ
2845 3298 2872 3350 ό
2894 3295 3024 3358 Θεὸς
3049 3291 3338 3365 ἀνθρώπου
3364 3291 3478 3354 ἐνὸς
3503 3289 3647 3362 ζωῆς
3673 3289 3880 3360 χρόνῳ,

2292 3393 2436 3460 λέγω
2473 3391 2532 3444 δὲ
2570 3389 2938 3460 ἑϐδομήκοντα
2982 3385 3179 3447 ἐτεσιν,
3217 3383 3400 3456 ὁρίσαι
3435 3382 3532 3454 τὴν
3576 3381 3882 3453 μέλλουσαν

2292 3483 2646 3557 διαλήψεσθαι
2690 3481 2926 3555 ἐρημίαν
2970 3481 3069 3552 τὴν
3122 3479 3329 3548 Τύρον,
3380 3479 3412 3548 ἢ
3470 3477 3564 3530 καὶ
3613 3477 3884 3548 βασιλέως

2295 3578 2412 3642 ἐνὸς
2451 3575 2742 3638 πολυετοῦς
2766 3575 2959 3646 ἀρχήν.
3002 3573 3090 3626 Ἐν
3128 3572 3184 3624 δὲ
3211 3570 3422 3634 τούτοις
3455 3573 3566 3632 τοῖς
3607 3567 3648 3621 ο¹
3675 3567 3882 3630 ἐτεσιν,

2293 3669 2436 3742 ᾠδὴν
2468 3669 2560 3722 καὶ
2589 3663 2739 3739 ᾇσμα
2773 3666 2902 3736 περὶ
2927 3665 3026 3736 τῆς
3058 3664 3156 3734 σῆς
3182 3662 3417 3734 ἐρημίας
3450 3661 3640 3732 ᾄσουσι
3673 3660 3884 3722 πάντες

2294 3761 2569 3832 ἄνθρωποι
2607 3761 2653 3813 οἱ
2684 3757 2851 3812 πάλαι
2895 3774 2954 3809 σε
2993 3754 3238 3827 ἀκριϐῶς
3276 3753 3496 3816 εἰδότες.
3537 3753 3612 3813 ὡς
3653 3753 3746 3804 ἐπὶ
3781 3769 3888 3821 γυ-

2295 3855 2441 3908 νοιικὶ¹
2480 3851 2788 3921 ἐκπεσούσῃ
2834 3852 2934 3920 τῆς
2982 3849 3116 3912 ἰδίας
3162 3847 3348 3919 τιμῆς.
3383 3846 3496 3912 Καὶ
3542 3847 3605 3899 σὺ
3645 3846 3700 3900 δὲ
3741 3845 3886 3918 αὑτὴ

2295 3945 2546 4020 περίελθε
2591 3945 2681 3999 τὸν
2717 3944 2808 3998 σὺν
2862 3943 3052 4013 χρόνον
3091 3941 3192 4011 τῆς
3239 3940 3494 4012 ἐρημίας,
3543 3940 3886 4010 ῥεμϐομένη,

2297 4042 2390 4097 καὶ⁵
2423 4040 2588 4094 τόπον
2628 4040 2692 4091 ἐκ
2733 4036 2899 4089 τόπου
2937 4033 3330 4105 μεθισταμένη,
3371 4033 3464 4085 καί
3495 4033 3576 4095 εἰς
3611 4029 3678 4084 τά
3717 4030 3888 4084 λοιπά

2295 4134 2423 4206 ἔθνη
2449 4130 2874 4204 ἐκπορνεύουσα.
2909 4128 2972 4180 El
2997 4126 3054 4179 δὲ
3083 4125 3308 4179 δύνασαι
3329 4121 3567 4177 λαϐοῦσα
3591 4123 3690 4193 τὴν
3721 4139 3886 4175 σεαυ-

2293 4229 2394 4300 τῆς
2446 4224 2677 4295 κιθάραν
2737 4220 2934 4292 μηκέτι
2987 4217 3258 4291 πορνικῷ,
3307 4215 3418 4270 ἀλλ’
3471 4214 3886 4287 ἐπιστημονικῷ

2296 4316 2601 4390 χρήσασθαι
2633 4313 2712 4384 τῷ
2744 4315 2946 4384 σαυτῆς
2971 4311 3208 4382 ὀργάνῳ,
3247 4308 3416 4363 πολλά
3447 4307 3752 4378 κιθάρισον,
3785 4307 3888 4361 καὶ

2297 4409 2470 4462 πολλὰ
2495 4405 2647 4479 ᾆσον,
2682 4407 2778 4461 καὶ
2808 4406 2875 4459 δι’
2910 4405 3085 4475 εὐχῶν
3119 4405 3212 4457 καὶ
3247 4402 3534 4474 ἱκετηρίων
3567 4401 3742 4470 πότων
3771 4401 3886 4454 τῶν

2297 4501 2434 4574 πρὸς
2462 4501 2611 4554 Θεὸν⁵
2637 4498 2778 4552 οὕτω
2804 4499 2914 4568 γὰρ
2941 4497 3092 4550 ἔσται
3121 4514 3213 4549 σου
3245 4495 3405 4567 μνεία
3435 4494 3571 4565 πρὸς
3601 4494 3692 4546 τὸν
3723 4493 3886 4559 Θεὸν,

2295 4597 2345 4649 εί
2373 4597 2484 4657 τοῖς
2519 4593 2706 4664 μέλεσι
2732 4591 2827 4645 τοῦ
2855 4591 3098 4663 ᾅσματος
3128 4591 3222 4642 καὶ
3250 4592 3359 4652 τοῖς
3383 4587 3756 4659 αἰσθητηρίοις
3785 4588 3890 4640 αύ-

2294 4687 2393 4759 τῆς
2429 4683 2858 4757 ἐνηρμοσμένοις
2887 4683 3117 4754 κιθάρας
3145 4682 3299 4752 δίκην
3332 4681 3708 4752 ἐπιστημόνως
3739 4682 3890 4752 χρή-

2297 4795 2438 4841 σαιο,
2468 4777 2762 4848 σωφρόνως
2788 4775 3001 4847 βιοῦσα,
3028 4773 3124 4827 καὶ
3145 4772 3265 4844 Θεῷ
3285 4772 3630 4845 ἀρεσκόντως
3655 4771 3884 4842 ᾄδουσαι

2293 4871 2436 4924 οὓτω
2473 4870 2584 4940 γάρ
2628 4886 2721 4922 σου
2777 4869 2936 4940 μνεία
2982 4867 3304 4940 γενήσεται,
3340 4861 3776 4930 καταξιώσαντὸς
3819 4881 3888 4918 σε

2297 4963 2395 5034 τῆς
2427 4961 2589 5015 αὐτοῦ
2627 4961 2848 5033 μνήμης
2879 4959 2974 5013 τοῦ
3011 4959 3166 5012 Θεοῦ.

2373 5075 2390 5108 ι
2432 5056 2540 5109 Καὶ
2562 5053 2714 5108 ἔσται
2747 5053 2884 5124 μετά
2911 5053 2954 5106 ο’
2978 5051 3094 5122 ἔτη,
3124 5051 3431 5122 ἐπισκοπὴν
3451 5052 3666 5123 ποιήσει
3691 5051 3722 5102 ὁ
3749 5049 3892 5116 Θεὸς

2299 5148 2501 5221 Τύρου,
2530 5147 2624 5199 καὶ
2665 5144 2828 5198 πάλιν
2869 5143 3380 5213 ἀποκαταστήσεται
3419 5144 3500 5206 εἰς
3538 5142 3600 5196 τὺ
3632 5143 3888 5214 ἀρχαῖον,

2303 5243 2398 5296 καὶ
2435 5241 2585 5294 ἔσται
2621 5239 2882 5311 ἐμπόριον
2916 5238 3118 5302 πάσαις
3151 5241 3270 5302 ταῖς
3316 5237 3616 5309 βασιλείαις
3656 5238 3756 5308 τῆς
3805 5238 3892 5290 οξ-

2297 5334 2570 5406 κουμένης
2599 5333 2690 5386 ἐπὶ
2722 5333 3013 5404 πρόσωπον
3045 5335 3144 5397 τῆς
3175 5331 3299 5401 γῆς.
3346 5353 3365 5384 ι
3403 5331 3631 5393 Λύτίκα,
3668 5347 3886 5400 συμπε-

2301 5424 2584 5498 ρανθέντος
2615 5421 2710 5475 τοῦ
2751 5420 3181 5494 προλελεγμένου
3213 5419 3426 5491 χρόνου,
3453 5418 3756 5488 ἐπισκοπῆς
3783 5417 3890 5487 τῆς

2299 5518 2428 5586 παρ’
2457 5512 2620 5568 αὑτοῦ
2647 5511 2833 5586 τεύξῃ,
2879 5514 2974 5565 καὶ
3006 5507 3163 5576 αὖθις
3189 5511 3688 5584 ἀποκαταστηθήσῃ
3715 5511 3798 5576 είς
3819 5511 3892 5564 τὸ

2299 5609 2522 5681 ἀρχαῖον
2545 5625 2559 5637 ’
2596 5605 2738 5659 ὥστε
2779 5605 2938 5660 πάλιν
2973 5606 3230 5676 συστῆναι
3259 5605 3317 5658 ἐν
3353 5605 3434 5658 σοὶ
3473 5605 3754 5677 ἐμπόριον,
3785 5605 3894 5659 καὶ

2299 5703 2424 5765 τοὺς
2459 5697 2835 5770 ἁπανταχόθεν
2879 5701 3097 5770 συρρεῖν
3137 5697 3591 5766 ἐπισπεύδοντας,
3639 5697 3734 5752 καὶ
3779 5697 3892 5766 τάς

2300 5790 2504 5850 ἑαυτῶν
2539 5790 2630 5849 ἐπὶ
2665 5791 2747 5846 σοι
2777 5787 3156 5862 πραγματείας
3187 5785 3528 5864 κομίζοντας.
