4158 6402
298 392 402 452 257
1213 393 1714 455 COMMENTARIA
1758 393 1819 448 IN
1861 392 2121 448 lSAlAM.
2158 425 2229 436 —
2266 391 2419 448 CAP.
2463 391 2654 448 XXIV.
3475 399 3580 455 238

377 529 396 562 ι
433 509 541 563 Καὶ
573 511 721 563 ἔσται
753 509 923 580 αὐτῆς
957 510 989 579 ἡ
1025 508 1284 580 ἐμπορία,
1314 508 1406 560 καὶ
1444 509 1472 559 6
1504 506 1695 576 μισθὸς
1733 507 1884 575 ἅγιος

2065 504 2229 559 Vrsas.
2259 507 2348 560 18.
2395 523 2415 556 ι
2448 506 2512 560 Et
2565 507 2671 561 erit
2720 506 2836 575 ejus
2910 510 3205 580 negotiatio
3245 520 3298 566 et
3363 529 3578 571 merces

303 600 509 672 Κυρίῳ.
539 621 556 651 ›
588 599 702 670 (‘23)
727 602 792 652 Ὃ
807 599 870 670 δὴ
895 602 988 652 καὶ
1015 599 1317 670 πληροῦται
1345 598 1466 652 καθ’
1490 599 1640 669 ἡμᾶς
1667 598 1881 662 αὐτούς.

301 692 414 763 Τῆς
442 691 550 763 γὰρ
595 691 922 762 Ἐκκλησίας
960 689 1054 743 τοῦ
1084 689 1218 742 Θεοῦ
1249 689 1541 760 ἱδρυμένης
1581 689 1638 742 ἐν
1670 691 1737 760 τῇ
1783 690 1887 742 Τυ-

305 783 437 855 ρίων
487 780 668 847 πόλει,
699 781 886 853 ὥσπερ
929 777 1022 834 οῦν
1060 781 1154 834 κα)⁸
1184 783 1240 835 ἐν
1283 783 1396 845 τοῖς
1430 781 1636 844 λοιποῖς
1687 779 1882 845 ἔθνεσι,

303 873 474 928 πολλὰ
495 874 602 927 τῶν
629 875 685 926 ἐν
710 875 846 944 αὐτῇ
884 872 1250 944 μισθωμάτων
1279 873 1343 926 ἐκ
1373 872 1759 945 πραγματείας
1792 890 1886 925 κο-

305 967 612 1039 μιζομένων
634 967 917 1035 ἁγιάζεται
940 965 1017 1036 τῷ
1035 965 1220 1038 Κυρίῳ
1244 966 1662 1037 προσφερόμενα
1677 967 1743 1036 τῇ
1762 965 1886 1018 Ἑκ-

303 1061 504 1134 κλησίᾳ
517 1059 698 1115 αὑτοῦ·
716 1060 919 1131 ἆπεροί
938 1058 1256 1131 κομίζοντες
1272 1059 1642 1132 προσφέρουσι
1674 1060 1769 1113 σὺν
1797 1060 1887 1112 εὑ-

301 1155 511 1226 λαϐείᾳ.
533 1173 551 1205 ι
573 1155 687 1207 Οὐκ
699 1153 882 1217 αὐτοῖς
900 1153 1314 1224 συναχθήσεται,
1329 1153 1462 1206 ἀλλὰ
1473 1156 1585 1217 τοῖς
1602 1151 1890 1208 κατοικοῦ-

309 1266 388 1302 σιν
413 1247 592 1300 ἔναντι
635 1246 838 1318 Κυρίου
860 1263 874 1276 ·
907 1247 1058 1300 πᾶσα
1088 1249 1121 1318 ή
1153 1247 1394 1318 ἐμπορία
1431 1247 1632 1320 αὐτῆς,
1665 1249 1883 1317 φαγεῖν,

307 1343 397 1396 καὶ
422 1344 584 1402 πιεῖν,
601 1341 696 1393 καὶ
721 1339 1124 1411 ἐμπλησθῆναι,
1146 1342 1240 1393 καὶ
1256 1342 1336 1404 είς
1355 1340 1649 1412 συμϐολὴν,
1673 1359 1777 1413 μνη
1787 1341 1884 1412 μό-

306 1452 456 1488 συνον
505 1434 682 1488 ἔναντι
716 1433 952 1504 Κυρίου·
1010 1453 1028 1485 ι
1074 1433 1275 1506 δηλαδὴ
1311 1437 1422 1497 τοῖς
1457 1434 1753 1506 παρέδροις
1789 1432 1884 1487 τοῦ

304 1529 719 1600 θυσιαστηρίου⁸
765 1525 908 1580 οὕτω
958 1526 1066 1598 γὰρ
1109 1526 1315 1598 Κύριος
1353 1527 1635 1594 διετάξατο
1672 1530 1785 1591 τοῖς
1824 1525 1885 1579 τὸ

302 1623 632 1691 Εὑαγγέλιον
673 1621 1132 1691 καταγγέλλουσιν
1174 1622 1238 1674 ἐκ
1268 1620 1362 1674 τοῦ
1395 1620 1728 1690 Εὐαγγελίου
1762 1621 1881 1692 ζῇνο

302 1715 393 1767 καὶ
418 1715 467 1767 οί
490 1712 568 1784 τῷ
601 1703 969 1784 θυσιαστηρίῳ
1002 1710 1446 1783 παρεδρεύοντες,
1482 1711 1562 1782 τῷ
1591 1711 1887 1782 θυσιαστη-

303 1806 403 1876 ρίῳ
425 1805 876 1876 συμμερίξεσθαι.
903 1805 1123 1867 Τούτοις
1147 1800 1239 1857 οῦν
1262 1805 1466 1868 αὐτοῖς,
1493 1804 1568 1868 ὡς
1590 1803 1655 1858 ἂν
1681 1805 1883 1876 ἱερεῦσι

1996 608 2182 651 sancta
2220 595 2466 650 Domino.
2494 615 2512 647 ι
2549 597 2700 664 Quod
2732 608 2880 654 certe
2917 609 3102 655 noslro
3136 611 3378 672 tempore
3425 620 3576 660 com-

1995 688 2196 758 pletum
2228 689 2522 744 cernimus.
2563 687 2696 743 Nam
2750 705 2871 745 cum
2919 690 3160 747 Ecclesia
3204 693 3299 750 Dei
3336 695 3390 750 in
3444 697 3579 752 urbe

1996 780 2304 852 Tyriorum,
2340 779 2562 848 perinde
2600 789 2764 851 atque
2812 783 2862 836 in
2899 782 3121 852 reliquis
3153 787 3410 857 gentibus
3453 787 3582 842 fun-

1996 871 2118 925 data
2174 873 2279 934 sit,
2344 871 2524 926 multa:
2570 887 2638 926 ex
2688 873 2804 942 ejus
2873 875 3144 931 mercibus
3214 879 3579 947 negotiatione

1992 964 2164 1032 partis
2197 963 2423 1018 Domino
2449 975 2869 1029 consecrantur,
2902 964 3160 1022 Ecclesiae
3190 969 3308 1040 ejus
3337 970 3533 1026 oblatae
3556 987 3574 1024 :

1993 1071 2112 1126 quae
2147 1072 2268 1111 cum
2313 1057 2515 1126 pietate
2557 1071 2584 1111 a
2617 1058 2988 1126 praebentibus
3035 1057 3360 1117 oﬂ'eruntur.
3408 1078 3426 1114 ι
3461 1061 3578 1116 Νοιι

1995 1150 2125 1220 ipsis
2169 1150 2618 1220 congregabitur;
2663 1150 2758 1205 sed
2801 1149 2900 1214 iis,
2948 1151 3039 1220 qui
3095 1151 3345 1208 habitant
3389 1169 3575 1210 coram

1994 1241 2240 1296 Domino.
2270 1239 2459 1298 Omnis
2503 1242 2798 1312 negotiatio
2840 1240 2980 1310 ejus,
3021 1253 3080 1297 ut
3114 1245 3260 1310 edat,
3309 1254 3363 1301 et
3396 1247 3574 1316 bibat,

1992 1343 2048 1389 et
2076 1335 2322 1400 satietur,
2354 1344 2410 1389 et
2451 1335 2503 1390 in
2554 1335 2893 1405 symbolum,
2941 1348 3347 1393 monumentum
3393 1354 3576 1394 coram

1993 1423 2250 1490 Domino;
2287 1423 2544 1479 videlicet
2579 1425 2843 1480 ministris
2882 1425 3067 1481 altaris
3103 1445 3116 1482 :
3150 1429 3228 1482 sic
3273 1430 3414 1483 enim
3449 1446 3579 1500 prac-

1994 1514 2136 1584 cepit
2159 1514 2414 1570 Dominus
2444 1515 2507 1570 iis
2533 1517 2625 1586 qui
2657 1516 3006 1587 Evangelium
3038 1521 3378 1588 annuntiant,
3421 1533 3476 1576 ut
3507 1539 3575 1578 cx

1992 1607 2281 1679 Evangelio
2307 1609 2525 1674 vivant,
2557 1617 2612 1664 et
2641 1618 2698 1663 ut
2742 1609 2777 1662 ii
2808 1610 2898 1680 qui
2941 1611 3096 1665 altari
3127 1621 3326 1677 astant,
3365 1613 3419 1668 in
3453 1629 3577 1684 por-

1995 1698 2193 1752 tionem
2243 1699 2433 1755 altaris
2473 1700 2850 1756 admittautur.
2888 1701 2983 1756 llis
3029 1718 3161 1774 ergo
3203 1703 3354 1774 ipsis,
3390 1715 3576 1776 utpote

1993 1793 2368 1848 sacerdotibus
2406 1793 2540 1858 Dei,
2599 1794 2973 1850 habitantibus
3015 1796 3068 1850 in
3115 1806 3408 1866 conspectu
3453 1795 3563 1850 Do-

298 1896 394 1948 τοῦ
423 1895 555 1949 Θεοῦ
585 1899 698 1960 τοῖς
723 1895 1068 1950 κατοικοῦσιν
1101 1895 1280 1949 ἔναντι
1311 1896 1516 1967 Κυρίου
1535 1936 1550 1959 ,
1582 1896 1681 1959 τὰς
1707 1897 1884 1967 ἀπαρ-

1995 1885 2149 1951 mini,
2187 1886 2452 1955 primitias
2500 1885 2792 1943 oll‘erentes
2841 1889 3124 1942 memorati
3182 1889 3466 1967 homines,
3517 1908 3574 1946 re

301 1988 401 2058 χὰς
434 1987 834 2060 προσφέροντες
858 1989 908 2042 οἱ
937 1987 1289 2058 δηλωθέντες,
1315 1988 1462 2061 ἔργῳ
1492 1987 1760 2060 πληροῦσι
1791 1988 1891 2060 τὴν

302 2081 616 2149 φάσκουσαν
641 2080 997 2152 προφητείαν·
1032 2101 1048 2130 ι
1082 2081 1193 2132 Καὶ
1218 2080 1370 2134 ἐσται
1393 2081 1657 2152 ἐμπόριον
1682 2081 1886 2146 αὐτοῖς,

304 2173 400 2225 καὶ
431 2173 621 2244 μισθὸς
645 2174 847 2236 αὐτοῖς,
883 2192 901 2222 ι
949 2173 1044 2225 κα¹ι
1080 2171 1147 2225 τὰ
1176 2170 1322 2244 ἑξῆς.

814 2305 1213 2360 ΚΕΦΑΛΑΙΟΝ
1249 2306 1377 2359 ΚΔ’.

381 2460 400 2492 ι
446 2440 574 2494 Ἰδοὺ
616 2441 818 2513 Κύριος
857 2441 1214 2513 καταφθείρει
1248 2441 1346 2511 τὴν
1385 2440 1710 2511 οἰκουμένην
1738 2439 1886 2511 ὃλην,

301 2534 396 2586 καὶ
422 2533 696 2605 ἐρημώσει
726 2534 917 2606 αὐτὴν,
952 2536 1046 2588 καὶ
1100 2533 1436 2603 ἁνακαλῦψει
1482 2535 1542 2586 τὸ
1597 2534 1888 2602 πρόσωπον

300 2627 492 2696 αὐτῆς.
533 2647 550 2677 ι
603 2626 817 2698 Ἐπειδὴ
851 2627 958 2698 γάρ
1007 2647 1024 2678 ι
1083 2626 1177 2680 τοῦ
1230 2627 1432 2697 Κυρίου
1480 2628 1512 2696 ἡ
1558 2626 1626 2695 γῆ
1687 2625 1780 2678 καὶ
1829 2624 1888 2678 τὸ

301 2719 578 2790 πλήρωμα
617 2719 804 2788 αὐτῆς,
846 2739 864 2770 ι
902 2720 1103 2773 ώσανεὶ¹
1126 2720 1345 2772 πάντων
1384 2718 1687 2790 ἀνθρώπων
1723 2718 1884 2789 κηδό-

306 2828 485 2882 μενος,
519 2811 884 2865 διαστέλλεται
918 2814 983 2883 τῇ
1023 2812 1317 2884 οἰκουμένῃ
1346 2811 1416 2864 τὰ
1449 2811 1576 2882 περὶ
1614 2811 1712 2881 τῆς
1753 2809 1885 2880 μελε

302 2901 498 2973 λούσης
551 2903 795 2967 ἅπαντας
841 2903 1160 2975 ἀνθρώπους
1200 2902 1554 2974 διαλήψεσθαι
1600 2902 1692 2958 τοῦ
1750 2901 1884 2955 Θεοῦ

303 2995 552 3067 κρίσεως,
585 2999 641 3050 ἐν
664 2996 846 3069 ἡμέρᾳ
882 2998 970 3051 ὅτε
999 2998 1174 3070 κρινεῖ
1203 2998 1231 3050 6
1263 2996 1392 3060 Θεὸς
1425 2996 1494 3049 τὰ
1524 2995 1744 3068 κρυπτὰ
1775 2995 1884 3048 τῶν

299 3087 631 3160 ἀνθρώπων,
688 3108 706 3138 ί
764 3089 857 3142 καὶ
913 3089 1198 3160 διασπερεῖ
1247 3089 1375 3152 τοὺς
1428 3088 1770 3153 ἐνοικοῦντας
1826 3091 1884 3144 ἐν

300 3181 460 3251 αὐτῇ.
531 3200 548 3231 ι
605 3180 676 3232 Ἢ
738 3180 877 3234 κατὰ
932 3181 1024 3234 τὸν
1083 3180 1314 3233 Ἀκύλαν
1373 3181 1465 3232 καὶ
1529 3181 1879 3246 Θεοδοτίωνα,

306 3292 322 3323 ι
365 3271 744 3344 διασκορπίζει
789 3271 980 3335 ἄλλους
1025 3269 1278 3342 ἀλλαχοῦ,
1322 3291 1339 3323 ›
1380 3271 1522 3323 κατὰ
1555 3271 1652 3342 τὴν
1686 3272 1880 3326 ἀναλο-

299 3365 425 3432 γίαν
458 3364 565 3418 τῶν
587 3364 818 3418 ἑκάστου
851 3363 1136 3434 πράξεων·
1165 3362 1355 3416 πολλαὶ
1389 3362 1498 3435 γάρ
1533 3365 1692 3434 μοναὶ
1733 3363 1886 3438 παρὰ

298 3453 378 3525 τῷ
400 3455 598 3527 Πατρὶ,
636 3456 808 3527 μέγας
845 3473 904 3508 τε
940 3457 1034 3509 καὶ
1069 3455 1235 3534 πολὺς
1279 3457 1306 3508 ὀ
1346 3454 1441 3508 τοῦ
1481 3453 1615 3508 Θεοῦ
1660 3456 1883 3527 κόσμος,

299 3552 376 3616 ὡς
407 3551 666 3606 δύνασθαι
705 3553 885 3616 πάσας
921 3550 1279 3621 ὑποδέχεσθαι
1326 3551 1422 3604 καὶ
1449 3550 1549 3615 τὰς
1597 3551 1655 3618 ἐξ
1691 3551 1887 3616 αἰῶνος

300 3641 361 3692 ἐν
389 3643 453 3712 τῇ
497 3644 566 3712 γῇ
616 3641 1082 3712 πεπολιτευμένας
1124 3640 1320 3711 ψυχὰς,
1365 3641 1475 3694 τῶν
1532 3641 1630 3712 μὲν
1675 3641 1887 3695 ἀσεϐῶν

301 3734 390 3786 τὸν
430 3733 562 3804 ᾇδην
606 3734 698 3787 καὶ
733 3734 794 3786 τὸ
828 3733 932 3786 ὑπὸ
961 3734 1064 3804 γῆν
1107 3734 1443 3804 οἰκητήριον,
1498 3733 1746 3798 σκοτίους
1793 3735 1888 3788 καὶ

301 3825 569 3894 ἁοράτους
612 3825 818 3894 μυχοὺς
864 3823 1326 3895 κληρωσαμένων,
1377 3825 1518 3878 κατὰ
1568 3825 1649 3888 τὸ,
1692 3845 1708 3876 ι
1761 3827 1887 3878 Εἰσ-

301 3916 608 3970 ελεύσονται
632 3922 709 3980 εἰς
733 3915 801 3970 τὰ
829 3915 1116 3970 κατώτατα
1141 3917 1238 3988 τῆς
1269 3917 1392 3987 γῆς·
1423 3918 1887 3990 παραδοθήσονται

300 4012 381 4072 εἰς
410 4011 598 4082 χεῖρας
632 4011 924 4082 ῥομφαίας,
979 4009 1196 4081 μερίδες
1238 4009 1820 4084 ἁλωπέκωνέσονται·
1863 4031 1881 4064 ι

305 4101 407 4155 τῶν
451 4103 508 4156 δὲ
557 4101 795 4155 εὐσεϐῶν
856 4101 1334 4174 ἁρπαγησομένων
1389 4103 1447 4155 ἐν
1507 4102 1758 4172 νεφέλαις
1807 4105 1888 4168 είς

299 4195 603 4264 ἀπάντησιν
634 4193 727 4247 τοῦ
770 4194 977 4266 Παρίου
1005 4196 1085 4256 είς
1115 4194 1274 4266 ἀέρα,
1305 4194 1399 4248 καὶ
1441 4193 1612 4259 οὕτως
1657 4195 1886 4249 πάντοτε

303 4289 399 4341 σὺν
429 4286 622 4358 Κυρίῳ
649 4286 1052 4357 γενησομένων.

377 4399 396 4430 ι
434 4380 546 4434 Καὶ
577 4379 729 4433 ἔσται
763 4381 792 4432 6
823 4379 949 4444 λαὸς
982 4379 1058 4443 ὡς
1091 4381 1120 4433 6
1155 4379 1354 4451 ἱερεὺς,
1399 4377 1493 4432 καὶ⁹
1526 4378 1554 4430 6
1591 4381 1717 4442 παῖς
1749 4379 1824 4441 ὡς
1857 4379 1885 4431 6

302 4472 512 4544 κύριος,
543 4474 636 4527 καὶ
669 4475 702 4544 ή
737 4473 1040 4544 θεράπαινα
1079 4473 1154 4537 ὼς
1184 4475 1218 4545 ή
1253 4471 1436 4543 κυρία.
1476 4470 1671 4525 Ἔσται
1695 4473 1723 4525 6
1753 4471 1884 4540 ἀγο-

305 4563 487 4636 ράζων
521 4564 597 4626 ὠς
633 4565 662 4616 6
703 4564 918 4627 πωλῶν,
956 4582 1052 4618 και
1085 4565 1114 4616 6
1158 4562 1418 4627 δανείζων
1465 4562 1540 4625 ὡς
1580 4563 1607 4614 6
1645 4561 1884 4626 δανειζό-

309 4673 489 4726 μενος,
524 4659 617 4711 καὶ
648 4659 676 4711 6
707 4656 936 4725 ὀφείλων
961 4656 1036 4720 ώς
1067 4659 1095 4710 6
1124 4651 1168 4726 ᾧ
1199 4655 1421 4725 ὀφείλει’
1466 4673 1483 4706 ι
1527 4653 1882 4725 σημαίνοντος

303 4749 398 4803 τοῦ
446 4749 605 4818 λόγου
657 4749 749 4804 τοῦ
813 4749 1150 4822 προφητικοῦ
1205 4750 1296 4802 τὸν
1355 4751 1454 4819 τῆς
1499 4748 1608 4801 τῶν
1668 4747 1883 4818 νεκρῶν

303 4842 653 4905 ἀναστάσεως
727 4844 947 4913 τρόπον.
1009 4841 1254 4894 Ἐπειδὰν
1306 4841 1361 4894 δὲ
1424 4840 1777 4912 ἀνακαλυφθῇ
1817 4840 1886 4894 τὰ

303 4935 726 5005 ἐγκεκρυμμένα
770 4937 827 4988 ἐν
865 4939 929 5006 τῇ
961 4938 1030 5006 γῇ
1071 4934 1317 5004 σώματα,
1360 4933 1800 5003 παραστήσονται
1835 4933 1884 4985 οί

301 5026 611 5097 κρινόμενοι
647 5027 751 5098 πρὸ
800 5026 893 5081 τοῦ
946 5027 1185 5099 βήματος
1213 5026 1304 5079 τοῦ
1343 5025 1578 5098 μεγάλου
1613 5025 1801 5097 κριτοῦ
1828 5025 1886 5092 ἐξ

305 5119 420 5172 ἴσου
468 5119 702 5183 πάντες,
747 5120 822 5183 ὼς
857 5119 989 5190 μηδὲ
1027 5119 1303 5189 διαφέρειν
1335 5117 1462 5180 τοὺς
1502 5117 1560 5168 ἐν
1592 5115 1671 5188 τῷ
1703 5115 1883 5187 θνητῷ

304 5212 406 5283 βίῳ
435 5213 565 5266 ποτέ
593 5211 849 5278 δόξαντας
877 5213 1035 5265 πλέον
1066 5229 1118 5264 τι
1145 5210 1433 5281 ἐσχηκέναι
1461 5209 1578 5280 ἦτοι
1618 5211 1675 5262 ἐν
1718 5207 1883 5276 ἀξιώ-

307 5324 458 5377 ματι.
494 5305 527 5375 ἢ
558 5304 725 5373 γένει,
764 5304 797 5374 ἢ
832 5303 1065 5376 πλούτῳ,
1115 5302 1219 5356 τῶν
1260 5301 1638 5371 ἐνδεεστέρων.
1673 5302 1882 5365 Πάντες

301 5398 412 5470 γὰρ
447 5397 505 5462 ἐξ
529 5399 644 5451 ἴσου
674 5397 792 5450 τότε
829 5397 1264 5470 παραστήσονται
1290 5393 1367 5464 τῷ
1391 5393 1594 5466 βήματι
1621 5392 1714 5446 τοῦ
1745 5394 1881 5463 Χρι-

304 5491 452 5544 στοῦο
490 5490 582 5543 καὶ
609 5489 687 5560 τῷ
728 5491 864 5558 ἱερεῖ
896 5485 1289 5558 παραπλησίως
1322 5487 1350 5538 ό
1383 5485 1530 5550 λαὸς,
1563 5485 1655 5537 καὶ
1682 5486 1882 5554 ὁμοίως

373 5604 395 5633 ⁸
428 5601 564 5656 l‘sal.
599 5602 688 5664 95,
730 5617 766 5654 ι.
873 5599 894 5630 ⁸
928 5597 1070 5654 Psal.
1105 5615 1238 5659 uti.
1275 5598 1356 5651 ll.

377 5695 489 5765 (9.9)
534 5694 656 5748 lianc
705 5694 774 5747 ita
824 5692 1074 5765 exprimit
1101 5691 1485 5765 rllieronyinus,
1529 5709 1547 5741 ι
1579 5689 1878 5765 cernamus

305 5767 356 5820 in
385 5763 530 5837 Tyro
576 5763 1110 5837 exstructasthristi
1148 5763 1445 5827 ecclesias;
1473 5763 1878 5837 consideremus

302 5831 448 5906 opes'
467 5837 730 5900 omnium,
759 5835 899 5903 quod
961 5849 1066 5888 non
1131 5843 1476 5903 reponantur,
1525 5847 1622 5886 nec
1661 5831 1878 5885 thesau-

1995 1978 2106 2048 ipsa
2151 1987 2207 2032 et
2257 1993 2425 2049 Opere
2463 1979 2687 2049 implent
2728 1979 3067 2049 prophetiam
3118 1995 3240 2050 qum
3291 1983 3400 2049 ait,
3455 2002 3474 2035 ι
3509 1983 3574 2038 Et

1992 2070 2098 2126 erit
2142 2071 2442 2141 emporium
2506 2071 2671 2142 ipsis,
2714 2082 2769 2128 et
2819 2087 3029 2128 merces
3096 2073 3246 2143 ipsis.
3278 2093 3296 2128 ι
3344 2085 3397 2130 et
3463 2091 3572 2131 ca:-

1995 2171 2130 2219 tera.

2547 2304 2777 2360 CAPUT
2830 2303 3020 2360 XXlV.

2066 2440 2224 2496 Vnus.
2262 2443 2314 2496 l.
2356 2461 2374 2494 ι
2427 2443 2564 2498 Ecce
2603 2444 2860 2499 Dominus
2913 2456 3224 2514 corrumpet
3272 2454 3441 2500 totum
3481 2462 3570 2501 or-

1990 2536 2133 2601 bem,
2162 2544 2217 2589 et
2249 2536 2481 2591 vastabit
2521 2551 2667 2602 eum,
2715 2547 2768 2592 et
2811 2537 3075 2594 revelabit
3139 2538 3336 2593 faciem
3383 2541 3534 2610 ejus.

1990 2627 2125 2694 Quia
2158 2646 2177 2679 ι
2221 2629 2363 2683 enim
2395 2649 2412 2680 ι
2455 2628 2664 2683 Domini
2709 2638 2790 2684 est
2820 2641 2960 2685 terra
2981 2640 3034 2685 ct
3058 2631 3336 2702 plenitudo
3365 2633 3562 2702 ejus“;-

1993 2726 2250 2786 tanquam
2285 2718 2377 2788 qui
2413 2719 2690 2773 hominum
2729 2721 2970 2774 omnium
3023 2737 3209 2775 curam
3250 2732 3424 2793 gerat,
3449 2723 3569 2776 orbi

1990 2816 2258 2864 terrarum
2301 2810 2538 2879 explicat
2576 2824 2640 2865 ea
2671 2827 2791 2880 qua:
2819 2813 2883 2866 ad
2938 2812 3030 2868 Dei
3073 2812 3336 2880 judicium
3399 2814 3568 2885 perti-

1990 2911 2137 2964 nent,
2194 2900 2262 2956 de
2296 2903 2566 2957 universis
2597 2903 2905 2959 hominibus
2961 2903 3294 2973 habendum,
3348 2921 3451 2975 qua
3482 2905 3572 2959 die
3647 2959 3650 2964 .

1981 2993 2245 3064 judicabit
2262 2993 2403 3050 Deus
2415 2997 2624 3052 occulta
2646 2997 2946 3064 hominum,
2971 3017 2988 3049 ι
3012 2996 3070 3052 Et
3086 2998 3463 3070 dispergeteos
3478 2998 3571 3067 qui

1989 3087 2240 3142 habitant
2275 3089 2324 3142 in
2353 3091 2491 3157 ipso.
2519 3109 2537 3142 ι
2561 3092 2686 3146 Sive
2716 3091 3013 3145 secundum
3041 3091 3295 3162 Aquilam
3317 3100 3371 3147 et
3392 3092 3570 3147 Theo-

1987 3184 2283 3249 dotioncm,
2358 3203 2376 3234 ι
2416 3185 2656 3254 Dissipat
2711 3185 2846 3239 alios
2904 3185 3054 3254 alibi,
3097 3205 3116 3239 ι
3183 3201 3283 3256 pro
3358 3187 3570 3241 ratione

1989 3290 2214 3345 operum
2275 3275 2578 3346 cujusque:
2623 3293 2746 3331 nam
2798 3277 2980 3332 multa:
3050 3279 3364 3334 mansiones
3427 3281 3570 3348 apud

1989 3364 2246 3420 Patrem:
2285 3381 2620 3437 magnusque
2661 3377 2716 3420 et
2755 3376 2942 3422 vastus
2970 3377 3055 3422 est
3094 3367 3188 3423 Dei
3223 3371 3478 3434 mundus,
3512 3379 3571 3422 ut

1988 3461 2159 3530 possit
2195 3459 2316 3515 illas
2362 3475 2552 3515 omnes
2588 3460 2870 3516 continere
2904 3461 3136 3524 animas,
3170 3476 3288 3531 qua:
3317 3477 3346 3515 a
3369 3462 3570 3516 saeculo

1990 3553 2042 3606 in
2082 3561 2228 3606 terra
2255 3561 2485 3606 versata:
2532 3563 2662 3606 sunt
2705 3570 2719 3608 :
2755 3553 2936 3622 impiis
2968 3551 3240 3607 infernum
3267 3563 3323 3607 et
3350 3554 3567 3609 subter-

1990 3657 2214 3696 raneum
2255 3641 2614 3708 domicilium,
2641 3642 2957 3698 tenebrosos
2995 3641 3208 3698 scilicet
3235 3652 3292 3697 et
3327 3644 3568 3700 occuitos

1987 3749 2233 3789 recessus
2263 3733 2459 3798 nactis,
2491 3733 2786 3788 secundum
2821 3734 2971 3801 illud,
3000 3754 3019 3788 ι
3055 3734 3356 3790 lntroibunt
3397 3736 3448 3790 in
3487 3737 3569 3791 in~

1990 3825 2193 3882 feriora
2243 3837 2402 3884 terra:
2443 3844 2457 3880 :
2495 3828 2778 3882 tradentur
2823 3829 2877 3882 in
2912 3843 3102 3883 manus
3153 3827 3339 3898 gladii,
3387 3840 3571 3900 partes

1991 3921 2229 3990 vulpium
2251 3931 2407 3976 erunt
2423 3923 2475 3990 ’ς
2503 3940 2520 3973 ι
2543 3921 2644 3992 piis
2666 3936 2796 3976 vero
2815 3923 2984 3991 raptis
3015 3922 3066 3976 in
3096 3919 3329 3976 nubibus
3353 3923 3570 3978 obviam

1998 4015 2222 4070 Domino
2259 4014 2313 4068 in
2367 4029 2514 4079 aera,
2571 4023 2626 4070 et
2667 4015 2751 4068 sic
2795 4028 3008 4084 semper
3061 4029 3183 4068 cum
3218 4013 3446 4070 Domino
3481 4016 3567 4071 fu-

1991 4106 2150 4159 turis.

2063 4373 2224 4431 Vsus.
2252 4376 2307 4430 2.
2347 4393 2364 4427 ι
2401 4375 2592 4431 Eterit
2638 4390 2867 4446 polimus
2899 4384 3153 4446 tanquam
3205 4379 3486 4441 sacerdos,
3513 4387 3568 4432 et

1988 4483 2177 4523 servus
2210 4478 2464 4539 tanquam
2508 4469 2786 4535 dominus,
2833 4478 2888 4523 et
2923 4469 3122 4522 faiiiula
3177 4480 3432 4540 tanquam
3469 4472 3566 4526 do-

1913 4586 1960 4646 ο
1991 4559 2155 4614 mina.
2200 4559 2316 4614 Erit
2361 4560 2452 4629 qui
2484 4561 2616 4615 emit
2675 4571 2932 4630 tanquam
2964 4560 3056 4630 ηιιὶ
3095 4561 3301 4625 vendit,
3344 4563 3434 4630 qui
3489 4562 3566 4616 le-

1991 4651 2106 4704 nori
2142 4650 2232 4703 dat
2283 4655 2540 4719 tanquam
2577 4649 2668 4720 qui
2700 4651 2918 4719 accipit,
2973 4650 3064 4720 qui
3099 4651 3256 4705 debet
3308 4659 3564 4718 tanquam

1991 4741 2038 4794 is
2059 4741 2144 4795 cui
2174 4742 2353 4796 debet.
2388 4760 2407 4794 ι
2442 4741 2769 4811 Prophetico
2796 4757 2946 4797 more
2973 4741 3390 4797 resurrectionis
3417 4757 3565 4797 mor-

1993 4841 2207 4888 tuorum
2242 4837 2457 4888 modum
2501 4834 2789 4904 significat.
2821 4833 2952 4888 Cum
2983 4843 3162 4888 autem
3195 4833 3427 4888 revelata
3454 4828 3568 4889 fue-

1994 4923 2106 4979 rint
2141 4939 2204 4979 ea
2257 4939 2374 4990 quae
2417 4925 2467 4979 in
2515 4934 2661 4980 terra
2719 4927 2937 4981 condita
2973 4941 3224 4995 corpora,
3279 4926 3370 4996 qui
3423 4925 3567 4995 judi-

1993 5018 2150 5099 επις(ιί
2184 5028 2309 5073 sunt
2347 5029 2471 5074 ante
2512 5017 2747 5074 tribunal
2798 5018 2978 5090 magni
3040 5016 3258 5087 judicis,
3288 5034 3354 5072 ex
3410 5034 3566 5088 ωτιυο

1992 5130 2180 5170 onmes
2225 5115 2517 5182 sistentur,
2561 5116 2634 5170 ita
2677 5126 2736 5169 ut
2774 5116 2865 5183 qui
2920 5115 3048 5170 olim
3102 5116 3153 5170 in
3193 5116 3404 5171 mortali
3456 5118 3563 5171 vita

1993 5208 2196 5278 aliquid
2234 5209 2354 5280 plus
2393 5209 2515 5263 aliis
2547 5209 2749 5262 habere
2790 5207 3111 5262 videbantur
3137 5210 3252 5264 sive
3280 5208 3562 5274 dignitate,

1990 5299 2104 5353 sive
2132 5316 2351 5370 genere,
2377 5301 2492 5354 sive
2524 5299 2749 5360 divitiis.
2777 5297 2908 5352 nihil
2940 5297 3188 5352 diﬂ'crant
3223 5315 3250 5352 a
3284 5301 3566 5369 pauperio-

1990 5391 2161 5446 ribus.
2241 5392 2441 5448 Omnes
2504 5392 2649 5446 enim
2707 5390 2990 5461 inqualitcr
3041 5391 3296 5444 tribunali
3359 5392 3563 5446 Christi

1991 5486 2270 5553 sistentur,
2306 5485 2529 5555 perinde
2566 5494 2622 5538 ut
2659 5484 2940 5548 sacerdos,
2989 5485 3063 5538 ita
3093 5494 3148 5538 et
3204 5490 3458 5554 populus,
3509 5495 3565 5540 et

1983 5694 2248 5774 rigentur,
2289 5692 2384 5747 sed
2432 5693 2628 5748 dentur
2662 5691 2747 5747 his
2791 5689 2882 5760 qui
2933 5689 3176 5744 habitant
3226 5689 3420 5744 coram‘
3453 5686 3562 5743 Do-

1982 5779 2148 5818 ιιιιιιο.
2175 5780 2194 5813 ι
