4082 6398
597 383 706 446 259
1299 381 1570 443 EUSEBII
1608 381 2085 442 CAESAlilE'NSlS
2123 383 2277 439 OPI’.
2320 369 2503 439 PARS
2542 383 2630 438 ιιι.
2671 414 2744 425 —
2783 381 3204 444 EXEGETICA.
3725 391 3810 446 260

597 507 824 579 perinde
853 507 944 562 alii
998 523 1210 574 omnes,
1247 509 1394 578 "quia
1431 525 1537 564 non
1569 519 1654 566 est
1695 523 2050 579 personarum
2101 523 2191 564 ae-

2301 507 2519 570 πάντες·
2545 507 2666 560 ἐπεὶ
2699 509 2774 578 μή
2803 507 2920 558 ἐστι
2952 504 3371 580 προσωποληψία
3419 507 3558 578 παρᾶ
3595 508 3664 578 τῷ
3699 511 3810 583 θεῷ.

598 601 781 672 ecptio
821 601 964 671 apud
1001 599 1190 656 Deum.
1253 600 1620 668 Quamobrem
1657 601 1798 672 apud
1838 601 1940 656 Job
1983 603 2190 658 dictum

599 703 733 748 est:
778 712 796 746 ‹
831 693 1038 748 Parvus
1071 701 1124 748 et
1174 709 1404 764 magnus
1453 691 1563 748 illic
1609 703 1778 760 sunt,
1835 705 1893 749 et
1957 695 2193 751 l'an’mlus

600 803 708 838 non
744 794 998 840 metuens
1049 783 1328 838 dominum
1373 799 1531 838 suum
1571 785 1632 837 ¹⁰.
1670 805 1690 837 ι

675 873 837 930 Vrsas.
868 873 923 940 5,
959 877 1014 928 ὁ.
1065 894 1082 926 ι
1119 875 1482 946 Corruptione
1513 888 1900 948 corrumpetur
1929 887 2106 944 terra,
2136 887 2192 933 et

601 969 914 1039 direptione
960 967 1252 1038 diripietur
1283 979 1430 1022 terra
1461 984 1474 1020 :
1509 985 1570 1024 os
1609 970 1756 1025 enim
1809 971 2022 1026 Domini
2058 971 2194 1026 dixit

599 1063 737 1116 ha'c.
769 1059 931 1115 Luxit
963 1071 1132 1124 terra,
1162 1071 1216 1115 et
1267 1071 1562 1132 corruptus
1585 1073 1672 1118 est
1709 1063 1858 1118 orbis
1885 1081 1898 1118 :
1938 1063 2195 1120 luxerunt

601 1155 800 1214 excelsi
853 1167 1034 1212 terrae.
1067 1176 1086 1210 ι
1115 1155 1250 1210 Nam
1285 1157 1492 1228 prolata
1541 1171 1637 1228 per
1677 1157 1996 1229 prophetam
2021 1173 2050 1212 a
2082 1157 2193 1214 Deo

601 1249 900 1314 sententia,
929 1255 1042 1304 haec
1066 1249 1385 1319 contingent
1419 1249 1510 1310 iis,
1559 1247 1652 1318 qui
1697 1249 1940 1320 peiorem
1985 1260 2190 1304 sortem

603 1343 750 1398 nacti
813 1343 1016 1398 fuerint
1051 1361 1064 1396 :
1099 1359 1234 1412 quos
1283 1343 1488 1398 terreni
1550 1358 1746 1398 sensus
1780 1358 1942 1398 causa
1991 1353 2190 1398 terram

599 1447 780 1492 vocat.
817 1435 1284 1502 Quemadmodum
1328 1433 1474 1490 enim
1505 1431 1633 1488 olim
1679 1433 1808 1490 Ada'
1837 1433 2046 1490 dictum
2085 1445 2190 1500 est,

607 1548 625 1580 ι
663 1527 832 1582 Terra
865 1542 945 1584 es.
981 1537 1036 1580 et
1066 1527 1116 1580 in
1151 1537 1352 1580 terram
1405 1527 1700 1582 reverteris
1731 1525 1772 1558 ”
1796 1567 1813 1594 ,
1847 1547 1866 1580 ι
1903 1529 1984 1581 sic
2017 1538 2072 1582 et
2127 1527 2192 1582 iis

601 1619 694 1688 qui
731 1629 974 1688 tempore
1028 1604 1198 1672 ἀει-επὶ
1255 1617 1468 1688 judicii,
1525 1615 1816 1688 voluptarii
1851 1627 1906 1674 et
1945 1619 2192 1689 corporis

601 1717 868 1776 amantes,
899 1723 962 1762 ac
991 1707 1218 1778 proinde
1251 1707 1450 1762 terreni
1500 1719 1556 1764 et
1593 1707 1840 1764 carnales
1871 1709 2190 1780 deprehensi

601 1801 831 1866 fuerint,
867 1801 1235 1870 corruptionis
1276 1801 1606 1872 supplicium
1639 1803 2026 1858 comminatur.
2061 1804 2192 1870 Qua:

2294 601 2386 654 Διδ
2433 599 2649 672 εἴρηται
2702 595 2854 671 παρα
2897 599 2976 669 τῷ
3037 597 3187 652 Ἰὼϐ·
3244 616 3262 649 ι
3309 597 3509 670 Μικρὸς
3552 602 3636 654 καὶ
3675 603 3814 672 μέγας

2295 695 2412 745 ἐκεῖ
2464 693 2597 756 ἐστι,
2668 691 2763 744 καὶ
2811 691 3066 764 θεράπων
3119 691 3179 743 οὑ
3241 689 3482 754 δεδοικὼς
3535 691 3618 746 τὸν
3661 693 3816 766 κύριον

2295 783 2484 838 αὑτοῦ.
2527 805 2544 836 ι

2370 901 2386 930 ι
2440 873 2621 952 Φθορᾷ
2671 873 3010 950 φθαρήσεται
3049 879 3083 948 ἠ
3117 877 3210 948 γῆ,
3259 877 3350 930 καὶ
3389 879 3621 949 προνομῇ
3654 895 3814 948 προνο-

2297 969 2625 1040 μευθήσεται
2669 971 2702 1040 ἡ
2744 969 2838 1040 γῆ·
2888 969 2949 1022 τὸ
2996 969 3104 1042 γὰρ
3163 968 3336 1040 στόμα
3387 969 3581 1041 Κυρίου
3629 969 3818 1042 ἐλάλησε

2293 1061 2486 1116 ταῦτα.
2535 1059 2863 1132 Ἐπένθησεν
2907 1063 2941 1134 ή
2981 1063 3053 1134 γῆ
3093 1063 3186 1115 καὶ
3225 1059 3434 1133 ἐφθάρη
3481 1063 3818 1134 ήοὶκουμένη·

2293 1155 2600 1226 ἐπένθησαν
2623 1157 2670 1208 οἱ
2700 1153 2894 1226 ὑψηλοῖ
2925 1155 3024 1225 τῆς
3056 1155 3179 1226 γῆς.
3223 1175 3241 1205 ι
3283 1154 3464 1226 Φωνῆς
3494 1154 3594 1226 γάρ
3619 1155 3822 1225 ἀποφαν-

2293 1249 2452 1318 τικῆς
2483 1248 2618 1301 Θεοῦ
2639 1247 2728 1302 διά
2759 1247 2852 1302 τοῦ
2901 1249 3178 1320 προφήτου
3225 1245 3648 1320 προενεχθείσης,
3685 1245 3824 1299 ταῦτα

2294 1337 2447 1392 ἔσται
2471 1341 2584 1403 τοῖς
2615 1339 2713 1410 τὴν
2753 1339 2971 1410 χείρονα
3013 1337 3166 1408 λῆξιν
3197 1337 3466 1408 είληχόσιν
3487 1353 3498 1366 ·
3541 1335 3627 1398 οὓς
3663 1335 3738 1388 διὰ
3775 1337 3826 1389 τὸ

2293 1433 2496 1502 γεῶδες
2541 1434 2795 1504 φρόνημα
2855 1433 2958 1502 γῆν
3009 1429 3286 1502 ὀνομάζει.
3341 1429 3546 1502 Ὥσπερ
3588 1427 3684 1501 γάρ
3721 1445 3826 1484 ποτε

2293 1521 2487 1594 ἐλέχθη
2513 1523 2588 1594 τῷ
2626 1523 2817 1596 Ἀδάμ,
2855 1541 2873 1574 ι
2917 1521 2995 1594 Γῆ
3029 1517 3099 1586 εἴ,
3139 1521 3234 1575 καὶ
3265 1521 3345 1585 εἰς
3373 1521 3476 1591 γῆν
3513 1520 3774 1593 ἀπελεύσῃ,
3807 1540 3824 1573 ι

2291 1615 2435 1668 οὕτω
2463 1615 2680 1680 καὶτοῖς
2705 1615 2847 1670 κατᾶ
2874 1615 2965 1668 τὸν
2987 1615 3178 1687 καιρὸν
3213 1613 3313 1686 τῆς
3343 1613 3436 1667 τοῦ
3465 1612 3593 1666 Θεοῦ
3636 1613 3829 1684 κρίσεως

2293 1709 2597 1780 φιληδόνοις
2645 1711 2738 1764 καὶ
2788 1708 3151 1781 φιλοσώμασι,
3199 1709 3295 1762 καὶ
3339 1707 3428 1761 διὰ
3465 1707 3616 1760 τοῦτο
3659 1709 3830 1778 γηῖνοις

2293 1779 2386 1857 καὶ
2412 1779 2691 1874 σαρκίνοις
2717 1779 3171 1876 εὑρεθησομὲνοις
3199 1803 3233 1873 ἡ
3260 1801 3554 1872 διαφθορᾶς
3583 1800 3830 1870 ἡπείληται

605 1903 786 1948 autem
819 1893 890 1948 sit
931 1902 1076 1947 terra
1113 1891 1302 1963 lugens
1351 1903 1405 1947 et
1437 1893 1558 1963 quis
1600 1895 1752 1949 orbis
1783 1905 2092 1964 corruptus,
2135 1897 2187 1950 iu

2294 1867 2547 1967 τιμωρία.
2585 1896 2680 1959 Τίς
2714 1867 2943 1949 δέ’ἐστίν
3054 1867 3329 1948 πενθοὺσα
3363 1867 3568 1964 -γῆἰκαὶ
3606 1867 3833 1964 φθαρεῖσα

603 1983 958 2054 sequentibus
987 1983 1258 2047 declarat,
1315 2003 1332 2034 ι
1369 1981 1648 2039 Luxerunt
1676 1981 1878 2038 excelsi
1929 1994 2125 2040 terrae:
2167 2005 2185 2040 ι

606 2079 704 2134 hos
738 2079 938 2148 quippe
973 2077 1207 2130 maxime
1241 2077 1318 2130 ira
1363 2077 1456 2131 Dei
1489 2077 1728 2140 invadet,
1761 2075 2014 2146 quoniam
2045 2097 2063 2130 ι
2102 2094 2192 2133 su-

605 2173 786 2242 perbis
825 2171 1052 2236 resistit,
1109 2168 1406 2226 humilibus
1445 2179 1628 2224 autem
1668 2170 1762 2224 dat
1817 2170 2048 2238 gratiam
2081 2172 2186 2226 η.»

674 2353 840 2409 Vens.
873 2351 928 2406 5.
964 2369 982 2402 ι
1021 2349 1192 2406 Terra
1233 2350 1344 2421 egit
1377 2349 1542 2418 impie
1583 2361 1806 2422 propter
1853 2351 2192 2409 habitatores

603 2462 770 2503 suos:
809 2445 933 2514 quia
967 2445 1305 2514 prmvaricati
1338 2453 1464 2499 sunt
1493 2441 1665 2512 legem
1717 2444 1954 2512 Domini,
1984 2456 2038 2500 et
2080 2446 2192 2500 dis-

605 2542 925 2608 sipaverunt
975 2541 1032 2590 et
1071 2541 1418 2588 mutaverunt
1463 2543 1758 2606 praecepta,
1805 2545 2188 2590 testamentum

601 2643 892 2690 internum.
941 2649 960 2682 ι
1002 2633 1202 2684 Omnes
1257 2625 1462 2699 quippe
1517 2629 1764 2682 homines
1796 2629 1884 2696 qui
1937 2641 1966 2680 a
1997 2627 2192 2683 saeculo

603 2725 794 2779 orbem
827 2721 1192 2786 incoluerunt,
1228 2721 1402 2776 Graeci
1457 2721 1614 2774 simul
1654 2730 1710 2774 et
1759 2721 2001 2786 barbari,
2035 2731 2195 2774 natu-

603 2816 704 2870 rali
739 2825 960 2885 accepta
1001 2815 1137 2883 lege,
1159 2821 1214 2867 et
1237 2822 1501 2882 praecepta
1533 2809 1627 2866 Dei
1657 2811 1712 2864 in
1753 2810 2194 2880 animabussuis

605 2907 874 2976 insculpta
909 2908 1193 2971 habentes,
1221 2915 1381 2974 atque
1417 2913 1802 2958 testamentum
1837 2923 1866 2957 ιι
1907 2895 2108 2960 saeculo
2139 2904 2190 2958 in

603 2997 876 3052 communi
946 2993 1214 3066 cogitandi
1281 2997 1438 3049 modo
1489 2999 1918 3065 complectentes
1953 3014 1966 3049 :
2004 3003 2190 3060 postea

607 3087 700 3143 ubi
734 3103 794 3144 se
823 3089 1065 3157 peccatis
1081 3097 1270 3143 contra
1298 3099 1544 3140 naturam
1570 3085 2193 3150 dediderunt,uaturalis

2291 1989 2605 2060 οἰκουμένη,
2659 1989 2916 2058 διασαφεῖ
2969 1989 3285 2059 ἐπιφέρων·
3363 2007 3382 2039 ι
3458 1985 3764 2055 Ἐπένθησαν
3793 1985 3832 2036 οἱ

2293 2081 2485 2154 ὑψηλοὶ
2517 2083 2616 2154 τῆς
2665 2083 2800 2154 γῆς·
2847 2101 2866 2134 ι
2915 2081 3152 2154 μάλιστα
3219 2081 3332 2154 γὰρ
3403 2079 3618 2142 τούτους
3657 2079 3686 2150 ἡ
3725 2075 3834 2150 ὀργή

2287 2176 2386 2228 τοῦ
2411 2175 2545 2230 Θεοῦ
2569 2174 2975 2246 μετελεύσεται,
3008 2175 3132 2228 ἐπεὶ
3169 2193 3186 2226 ι
3229 2173 3600 2246 ὑπερηφάνοις
3625 2169 3836 2224 ἀντιτάσ-

2295 2287 2466 2336 σεται,
2493 2272 2766 2333 ταπεινοῖς
2789 2270 2846 2322 as
2865 2267 3048 2322 δίδωσι
3083 2269 3266 2340 χάριν,
3297 2288 3318 2320 ο

2368 2382 2386 2414 ι
2426 2363 2488 2416 Ἡ
2506 2364 2578 2434 γῆ
2603 2363 2848 2434 ήνόμησε
2870 2361 2958 2415 διὰ
2977 2363 3104 2426 τοὺς
3134 2360 3529 2422 κατοικοῦντας
3545 2359 3717 2428 αὑτήν·
3730 2355 3840 2409 διότι

2295 2458 2614 2529 παρέϐησαν
2652 2456 2743 2508 τὸν
2778 2457 2942 2526 νόμον
2988 2456 3196 2526 Κυρίου
3243 2457 3342 2510 καὶ
3387 2451 3742 2514 διεσκέδασαν,
3767 2446 3844 2520 ἢλ-

2293 2543 2459 2608 λαξαν
2485 2544 2552 2597 τὰ
2583 2542 3000 2614 προστάγματα,
3030 2541 3301 2614 διαθήκην
3340 2541 3578 2596 αἰώνιον.
3621 2561 3636 2590 ι
3671 2537 3842 2598 Πάντες

2294 2635 2402 2706 γάρ
2436 2635 2711 2704 ἅνθρωποι
2744 2635 2792 2686 oi
2826 2633 2886 2698 ἐξ
2911 2633 3110 2698 αἰῶνος
3140 2636 3238 2706 τὴν
3267 2633 3594 2706 οἰκουμένην
3626 2632 3845 2702 οἰκήσανο

2293 2741 2404 2788 τες,
2428 2724 2688 2795 Ἕλληνες
2715 2723 2850 2795 ὁμοῦ
2882 2725 2978 2780 καὶ
3007 2723 3294 2798 βάρϐαροι,
3333 2725 3427 2778 τὸν
3458 2723 3678 2794 φυσικὸν
3707 2722 3844 2791 νόμον

2295 2815 2694 2888 παρειληφότες
2733 2817 2826 2870 καὶ
2856 2819 2924 2870 τὰ
2967 2818 3374 2888 προστάγματα
3423 2817 3517 2871 τοῦ
3572 2813 3699 2869 Θεοῦ
3751 2811 3850 2872 ταῖς

2294 2909 2503 2962 ἑαυτῶν
2529 2907 2726 2980 ψυχαῖς
2761 2907 2974 2980 ἔχοντες
3011 2909 3474 2980 ἐγγεγραμμένα,
3525 2909 3623 2980 τήν
3665 2921 3718 2958 τε
3752 2903 3850 2956 δια-

2293 3002 2466 3074 θήκην
2487 3003 2583 3075 τὴν
2607 3001 2666 3068 ἐξ
2687 3003 2880 3066 αἰῶνος
2905 3004 2961 3054 ἐν
2991 3004 3111 3064 ταῖς
3155 3007 3372 3066 κοιναῖς
3407 3001 3636 3064 ἐννοίαις
3683 2995 3846 3052 ὑποδε-

2293 3094 2563 3166 δεγμένοι,
2593 3095 2826 3148 κᾶπειτα
2851 3094 3074 3156 ἑαυτοὺς
3104 3095 3215 3157 τοῖς
3245 3094 3406 3166 παρὰ
3445 3093 3608 3164 φύσιν
3640 3089 3854 3163 ἁμαρτή-

604 3181 743 3252 legis
775 3189 1205 3248 transgressores
1235 3179 1410 3234 etl‘ecti
1451 3187 1600 3234 sunt.
1670 3178 2034 3247 Quamobrem
2069 3179 2191 3246 jure

2297 3205 2427 3259 μασι
2458 3185 2836 3250 ἐκδεδωκότες,
2867 3183 3184 3256 παραϐάται
3213 3184 3309 3238 τοῦ
3350 3183 3590 3254 φυσικοῦ
3631 3181 3855 3252 γεγόνασι

607 3277 674 3330 ad
715 3271 947 3326 tribunal
973 3271 1064 3326 Dei
1099 3272 1384 3340 sistentur,
1417 3272 1470 3327 in
1503 3270 1712 3341 judicio
1739 3273 2192 3344 transgressionis

605 3379 720 3422 Sua:
752 3381 807 3418 ra
817 3365 1017 3420 tionem
1051 3363 1256 3420 daturi.

677 3543 842 3600 Vens.
885 3545 1042 3601 6-10.
1101 3563 1119 3597 ι
1179 3543 1409 3616 Propter
1448 3549 1552 3604 hoc
1607 3549 1919 3607 maledictio
1977 3553 2192 3608 vorabit

609 3647 829 3704 terram,
888 3639 1144 3710 quoniam
1193 3651 1556 3710 peccaverunt
1612 3643 1704 3712 qui
1773 3643 2016 3699 incolunt
2047 3660 2189 3700 eam.

607 3731 730 3785 Ideo
761 3747 1026 3802 pauperes
1075 3741 1236 3786 erunt
1295 3731 1631 3790 habitatores
1695 3743 1876 3800 tet-rte,
1933 3747 1988 3792 et
2027 3738 2192 3792 relin-

605 3827 842 3892 quentur
871 3823 1115 3878 homines
1143 3823 1322 3894 pauci.
1353 3825 1586 3897 Lugebit
1621 3827 1830 3890 vinum,
1873 3828 2077 3900 lugebit
2117 3831 2194 3884 vi-

607 3925 750 3966 nea:
785 3913 1141 3982 ingemiscent
1189 3929 1381 3970 omnes
1443 3917 1536 3986 qui
1609 3915 1934 3974 laetabantur
1987 3923 2192 3974 animo.

605 4001 858 4059 Cessavit
897 4007 1152 4074 gaudium
1215 4017 1620 4079 tympanorum,
1687 4015 1921 4070 cessavit
1961 4031 2065 4072 vox
2113 4017 2202 4070 eia

607 4098 799 4152 tharm.
851 4097 1220 4166 Erubuerunt,
1273 4116 1380 4155 non
1397 4125 1410 4136 ιι
1431 4103 1688 4158 biberunt
1730 4107 1914 4160 vinum
1951 4125 1965 4160 :
2007 4125 2192 4164 amara

608 4189 755 4243 facta
793 4199 879 4244 est
922 4189 1094 4254 sicera
1129 4191 1441 4248 bibentibus
1475 4211 1487 4246 :
1523 4195 1768 4251 desolata
1791 4209 1876 4254 est
1901 4201 2078 4254 onmis
2119 4203 2198 4256 ei-

607 4282 783 4349 vitas;
817 4283 1032 4337 claudet
1059 4285 1278 4338 domum
1305 4300 1374 4340 ne
1399 4293 1582 4355 pateat
1612 4287 1912 4358 ingressus.
1945 4309 1964 4342 ι
1991 4291 2191 4357 Quem-

605 4375 906 4430 admodum
979 4375 1034 4428 in
1101 4375 1368 4444 principio
1411 4377 1738 4444 creationis,
1809 4381 2044 4436 nondum
2099 4397 2196 4438 ex-

609 4467 834 4522 sistente
885 4475 1134 4534 peccato,
1201 4465 1477 4522 benedixit
1520 4467 1661 4522 Deus
1695 4469 1998 4536 hominem,
2029 4471 2107 4526 sic
2141 4481 2196 4527 et

2291 3281 2476 3352 νόμου.
2520 3279 2612 3331 Διὸ
2653 3279 2716 3350 δὴ
2757 3279 2996 3346 εὐλόγως
3039 3277 3496 3348 παραστήσονται
3541 3275 3618 3347 τῷ
3652 3273 3768 3344 θείῳ
3795 3272 3858 3324 δι-

2293 3371 2596 3444 καστηρίῳ,
2649 3371 3038 3442 κριθησόμενοι
3088 3369 3165 3433 ὡς
3221 3369 3386 3438 λόγον
3449 3369 3732 3440 ὑφέξοντες
3777 3363 3856 3434 τῆς

2293 3461 2502 3517 ἑαυτῶν
2537 3462 2920 3535 παραϐάσεως.
2953 3479 2966 3494 ·

2369 3575 2386 3608 ι
2425 3554 2524 3607 Διὰ
2551 3554 2707 3607 τοῦτο
2733 3553 2842 3626 ἀρὰ
2867 3553 3040 3607 ἔδεται
3070 3553 3168 3626 τὴν
3198 3553 3326 3624 γῆν,
3362 3553 3449 3606 ὅτι
3487 3550 3794 3622 ήμάρτοσαν
3820 3543 3860 3595 οἱ

2292 3647 2672 3712 κατοικοῦντες
2724 3647 2914 3718 αὑτήν.
2959 3645 3058 3699 Διὰ
3099 3646 3260 3699 τοῦτο
3307 3645 3526 3716 πτωχοὶ
3575 3643 3777 3696 ἔσονται
3821 3635 3866 3688 οἱ

2291 3739 2626 3804 ἐνοικοῦντες
2649 3743 2706 3793 ἐν
2731 3741 2798 3811 τῇ
2827 3741 2920 3810 γῇ,
2963 3739 3058 3792 καὶ
3091 3737 3630 3810 καταλειφθήσονται
3678 3731 3864 3802 ἄνθρω-

2293 3852 2384 3887 ποι
2408 3834 2598 3902 ὀλίγοι.
2634 3831 2898 3902 Πενθήσει
2930 3827 3094 3896 οἶνος,
3139 3829 3404 3902 πενθήσει
3457 3829 3723 3902 ἄμπελος,
3765 3839 3869 3876 στε-

2293 3925 2511 3991 νάξουσι
2541 3923 2741 3988 πάντες
2770 3925 2820 3976 οἱ
2852 3921 3265 3994 εὐφραινόμενοι
3291 3923 3396 3994 τὴν
3425 3922 3634 3994 ψυχήν.
3673 3917 3870 3972 Πέπαυ-

2291 4037 2382 4072 ται
2412 4017 2720 4090 εὐφροσύνη
2751 4015 3070 4086 τυμπάνων,
3107 4015 3385 4068 πέπαυται
3431 4015 3594 4086 φωνὴ
3641 4007 3872 4081 κιθάρας-

2306 4111 2704 4183 ᾝσχύνοησαν,
2753 4111 2853 4163 οὑκ
2891 4109 3072 4162 ἔπινον
3113 4105 3284 4162 οἶνον·
3325 4109 3538 4180 πικρὸν
3583 4107 3786 4176 ἐγίνετο
3823 4097 3875 4151 τὸ

2297 4203 2490 4274 σίκερα
2527 4203 2638 4264 τοῖς
2669 4201 2942 4254 πίνουσιν·
2977 4197 3248 4272 ἠρημώθη
3281 4201 3440 4254 πᾶσα
3466 4199 3660 4264 πόλις·
3693 4195 3878 4252 κλείσει

2293 4297 2471 4348 οἰκίαν
2517 4293 2612 4347 τοῦ
2667 4294 2742 4364 μὴ
2773 4292 3054 4346 εἰσελθεῖν.
3095 4311 3113 4343 ι
3151 4291 3362 4363 Ὠσπερ
3407 4292 3468 4346 δὲ
3509 4294 3570 4344 ἐν
3617 4291 3757 4362 ἀρχῇ
3793 4285 3880 4354 τῆς

2293 4386 2672 4458 κοσμοποιίας,
2706 4385 2872 4456 μήπω
2906 4385 3180 4456 ἁμαρτίας
3207 4385 3558 4458 ὑποστάσης,
3593 4381 3881 4456 ηὑλόγησεν

2293 4482 2322 4534 ὁ
2348 4476 2480 4542 Θεὸς
2509 4479 2598 4532 τὸν
2629 4477 2935 4548 ἄνθρωπον,
2974 4477 3148 4540 οὕτως
3180 4478 3273 4531 ἐπὶ
3299 4477 3606 4548 συντελείᾳ
3639 4475 3746 4528 τῶν
3771 4469 3885 4526 αίὼ-

607 4560 665 4615 ἱιι
706 4559 1180 4612 consummatione
1212 4559 1556 4614 sreculorum.
1609 4559 1795 4630 Neque
1825 4563 1969 4616 enim
2001 4578 2190 4619 etnnes

2294 4591 2419 4626 νων.
2465 4571 2598 4626 Οὑδέ
2639 4569 2748 4642 γὰρ
2787 4569 2995 4633 πάντας
3035 4569 3308 4635 στενάξειν
3351 4573 3496 4641 φησὶ
3541 4571 3673 4634 τοὺς
3717 4569 3772 4619 ἐν
3815 4561 3885 4634 τῷ

607 4653 666 4709 in
723 4652 978 4725 praesenti
1025 4651 1134 4705 vita
1188 4663 1476 4708 versantes
1547 4655 1905 4726 ingemituros
1943 4657 2041 4722 ait,
2094 4661 2188 4714 sed

607 4756 819 4800 tantum
843 4761 960 4812 eos,
984 4747 1074 4816 qui
1103 4747 1154 4800 in
1190 4745 1298 4800 lata
1338 4757 1392 4801 et
1421 4749 1656 4818 spatiOSa
1699 4750 1784 4804 via
1827 4751 2189 4818 incesserunt,

601 4839 704 4906 qui
736 4839 1139 4908 compotatione
1173 4849 1228 4894 et
1268 4839 1395 4894 luxu
1428 4856 1529 4896 sua
1568 4843 1750 4896 omnia
1777 4843 2144 4915 dilapidarunt
2174 4867 2188 4903 :

603 4931 703 5002 qui
743 4949 852 4987 non
879 4933 1021 4988 ultra
1067 4933 1437 5004 voluptatibus
1479 4934 1778 5002 fruuntur,
1835 4939 1929 4994 sed
1972 4941 2038 4996 de
2074 4951 2192 4996 tur-

607 5023 769 5093 pibus
809 5039 872 5077 ac
905 5023 1132 5078 nefariis
1167 5027 1336 5095 gestis
1373 5025 1488 5082 suis
1527 5029 1785 5094 convicti,
1841 5031 2046 5100 pudore
2075 5033 2192 5086 suf-

607 5111 930 5166 funduntur.
971 5113 1294 5186 Plerumque
1327 5127 1508 5172 autem
1535 5115 1844 5191 Theologus
1862 5121 2046 5176 vinum
2077 5139 2190 5178 nie-

609 5218 850 5265 morans.
909 5205 1192 5261 hominum
1233 5207 1561 5278 voluptatem
1627 5213 2014 5280 subimlicavit,
2079 5215 2192 5270 sive

609 5299 914 5353 mercedem
943 5299 1182 5365 malitize,
1215 5311 1376 5370 atque
1407 5303 1602 5357 anima:
1639 5311 1943 5370 veternum,
1969 5307 2062 5375 qui
2097 5323 2190 5362 co-

605 5391 929 5461 gitationum
965 5403 1236 5446 rectarum
1279 5401 1333 5448 et
1377 5397 1706 5452 naturalium
1739 5399 2006 5453 rationem
2035 5415 2192 5454 ever-

610 5485 694 5542 tit.
725 5481 840 5552 Qua
875 5485 1137 5539 ebrietate
1186 5487 1343 5556 quasi
1395 5487 1717 5558 evigilantes
1748 5493 1842 5562 qui
1901 5503 2026 5548 tunc
2063 5507 2190 5562 sup-

608 5575 772 5644 plicio
825 5573 1166 5641 adicientur,
1241 5590 1401 5632 voces
1471 5590 1526 5632 et
1597 5579 1865 5636 clamores
1933 5581 2187 5654 lugubres

606 5665 899 5722 cﬂ'ttttdent.

681 5847 840 5906 "Job
869 5848 1052 5920 tn,19.
1091 5851 1156 5924 I“
1177 5847 1312 5906 Gen.
1349 5867 1430 5919 ut,
1461 5849 1544 5906 i9.
1625 5853 1668 5884 “
1698 5850 1883 5909 Iacob.
1907 5870 1980 5922 tv,
2003 5855 2056 5910 6.

2300 4665 2526 4738 παρόντι
2565 4664 2684 4734 βίῳ,
2711 4663 2882 4734 ἀλλ’ἢ
2913 4665 3040 4726 τοὺς
3065 4663 3164 4735 τὴν
3191 4663 3456 4718 πλατεῖαν
3503 4666 3606 4718 καὶ
3657 4660 3886 4734 εὐρύχω-

2301 4771 2396 4830 ρον
2417 4757 2740 4820 ὼδευκάεας,
2774 4755 3141 4826 οἰνοφλυγίαις
3167 4756 3261 4810 καὶ
3281 4755 3558 4820 ἀσωτίαις
3586 4757 3658 4810 τὰ
3693 4751 3890 4808 ἑαυτῶν

2297 4849 2734 4922 κατατρίψαντας
2759 4869 2772 4879 ·
2833 4853 2881 4904 oi
2931 4851 3026 4902 καὶ
3078 4849 3275 4920 μηκέτι
3341 4847 3574 4920 ἔχοντες
3627 4849 3728 4920 τὴν
3795 4843 3892 4897 τῶν

2295 4944 2496 5014 ἡδονῶν
2542 4943 2871 4996 ἀπόλαυσιν·
2931 4940 3067 4994 ἀλλὰ
3109 4941 3202 4994 καὶ
3263 4940 3630 5010 ἐλεγχόμενοι
3685 4939 3770 5009 ἐφ’
3813 4929 3894 4998 αἷς

2293 5035 2535 5106 ἔπραξαν
2565 5038 2816 5106 αἰσχραῖς
2853 5037 2946 5088 καὶ
2975 5031 3254 5105 ἀθεμίτοις
3293 5031 3596 5104 πράξεσιν,
3641 5031 3898 5104 αἰσχύνην

2301 5128 2714 5199 καταχεοῦνται.
2750 5127 3016 5190 Πολλάκις
3051 5127 3105 5180 δέ
3143 5129 3170 5180 ὁ
3198 5125 3462 5194 Θεολόγος
3505 5127 3663 5178 οῖνου
3693 5140 3896 5194 μνημοο

2299 5221 2513 5284 νεύσας,
2532 5220 2626 5292 τὴν
2652 5220 2759 5272 τῶν
2786 5219 3087 5289 ἀνθρώπων
3124 5213 3334 5290 τρυφὴν
3361 5215 3618 5290 ᾐνίξατο,
3651 5217 3686 5290 ἢ
3725 5218 3786 5270 τὸ
3815 5215 3901 5284 τῆς

2299 5311 2498 5374 κακίας
2523 5309 2779 5381 μίσθωμα
2813 5311 2905 5364 καὶ
2937 5310 3028 5363 τὸν
3057 5309 3156 5380 τῆς
3184 5307 3362 5380 ψυχῆς
3389 5307 3594 5380 κάρον,
3625 5305 3902 5379 παρατρέ-

2299 5421 2468 5457 ποντα
2499 5405 2597 5474 τὴν
2626 5403 2864 5458 διάνοιαν
2910 5403 3017 5456 τῶν
3059 5401 3235 5474 ὀρθῶν
3271 5404 3364 5456 καὶ
3412 5403 3572 5456 κατὰ
3616 5403 3790 5474 φύσιν
3823 5399 3908 5452 λο-

2297 5497 2539 5568 γισμῶν·
2575 5493 2634 5552 οὑ
2677 5497 3026 5570 μεθὺσματος
3065 5499 3253 5568 ὥσπερ
3299 5495 3683 5566 διανήψαντες
3705 5497 3758 5549 oi
3794 5493 3908 5545 τότε

2297 5589 2686 5660 κολαζόμενοι,
2770 5589 2956 5658 φωνὰς
3031 5589 3306 5658 ἀφήσουσι
3389 5586 3487 5640 καὶ
3577 5585 3724 5657 βοάς
3800 5599 3915 5636 mv-

2297 5679 2473 5744 θικάς.
