4158 6402
338 362 434 418 261

1258 370 1763 430 COMMENTARIA
1807 372 1872 429 ΙΝ
1912 373 2170 433 lSAlAM.
2212 409 2282 417 —
2318 379 2473 436 CAP.
2510 378 2701 441 XXIV.

3517 398 3627 463 962

412 497 433 530 ι
492 477 800 548 Ὀλολύζετε
826 484 956 557 περὶ
986 486 1077 540 τοῦ
1115 487 1259 541 οἴνου
1297 494 1546 563 πανταχῆ
1576 509 1587 522 ·
1643 495 1896 549 πέπαυτα

2100 491 2266 548 Vens.
2300 496 2483 552 H-ls.
2515 517 2535 550 ι
2571 499 2779 557 Ululate
2809 516 2908 574 pro
2935 504 3061 562 vino
3089 510 3293 584 ubique
3334 530 3348 568 :
3384 522 3624 579 cessavit

335 574 488 628 πᾶσα
510 575 839 651 εὐφροσύνη,
882 579 1091 652 ἀπῆλθε
1133 584 1284 638 πᾶσα
1322 585 1632 659 εὐφροσύνη
1675 592 1776 661 τῆς
1803 593 1927 661 γῆς.

334 662 439 716 Καὶ
474 665 994 739 καταλειφθήσονται
1023 670 1211 736 πόλεις
1240 672 1461 746 ἔρημοι,
1489 677 1585 731 καὶ
1609 674 1750 732 οἶκοι
1771 681 1932 749 ἐγκα-

330 756 746 829 ταλελειμμένα
777 762 1127 818 ἀπολοῦνται.
1167 764 1354 821 Ταῦτα
1378 768 1561 824 πάντα
1587 770 1739 825 ἔσται
1769 774 1827 826 ὲν
1860 778 1926 847 τῇ

329 850 425 921 γῇ,
448 851 505 902 ἐν
537 851 687 924 μέσῳ
711 853 821 907 τῶν
849 853 1041 911 ἐθνῶν.
1071 858 1167 912 Ὃν
1199 860 1402 931 τρόπον
1436 861 1532 916 ἐάν
1560 880 1645 928 τις
1685 867 1929 939 καλαμή-

333 955 492 1011 σηται
530 942 739 1011 ὲλαίαν,
774 942 949 1011 οὕτως
978 949 1391 1021 καλαμήσονται
1421 952 1621 1020 αὐτούς
1658 971 1673 988 ·
1704 958 1799 1013 καὶ
1828 958 1924 1013 ἐὰν

331 1031 611 1105 παύσηται
650 1039 681 1091 ό
720 1038 1016 1111 τρυγητός.
1063 1056 1084 1093 r
1135 1041 1227 1106 Ὧς
1262 1044 1465 1115 μηδένα
1507 1044 1924 1122 περιλειφθῆναι

327 1123 440 1179 τῶν
470 1127 705 1193 ἀσεϐῶν,
746 1128 885 1184 ἀλλά
932 1133 1029 1185 καὶ
1071 1132 1268 1205 μέχρις
1310 1136 1430 1202 ἐνὸς
1466 1139 1567 1211 τὴν
1604 1142 1787 1215 κρίσιν
1827 1143 1923 1199 τοῦ

326 1218 464 1273 Θεοῦ
494 1218 790 1291 μετελθεῖν.
832 1224 920 1289 Ὠς
950 1226 1060 1298 γὰρ
1106 1229 1154 1281 οἱ
1201 1226 1296 1283 τὸν
1330 1230 1431 1303 τῆς
1475 1232 1667 1301 ἐλαίας
1708 1238 1921 1309 καρπῢν

324 1308 714 1383 ἀναλεγόμενοι
743 1314 1012 1387 καλάμοις
1027 1315 1251 1371 εἰώθασι
1280 1318 1592 1393 διακρούειν
1623 1325 1719 1378 καὶ
1747 1308 1918 1380 κατα-

325 1401 510 1456 ϐαλεῖν
548 1403 712 1475 μέχρι
757 1405 853 1460 καὶ
899 1411 1050 1479 μιᾶς,
1087 1408 1244 1463 εἵπου
1278 1412 1676 1488 περιλειφθείη,
1710 1417 1806 1471 καὶ
1843 1419 1920 1483 ὡς

326 1493 469 1577 μετά
525 1494 615 1551 τὸν
667 1499 938 1569 τρυγητὸν
997 1501 1313 1566 ἐπανιόντες
1356 1504 1504 1569 τινὲς
1561 1507 1919 1577 ἁναλὲγονται

326 1576 510 1658 ῥῶγας
538 1605 692 1654 τινας
715 1590 939 1663 βραχεῖς
959 1592 994 1664 ἢ
1016 1593 1251 1667 βότρυας
1275 1599 1404 1663 τοὺς
1423 1600 1911 1672 παραλειφθέντας·

320 1679 416 1734 τὸν
450 1681 614 1737 αὐτὸν
640 1683 844 1756 τρόπον
878 1687 973 1740 καὶ
1015 1688 1140 1754 τοὺς
1176 1690 1403 1754 ἀσεϐεῖς
1432 1691 1782 1759 ἀναλὲξονται
1819 1696 1914 1751 καὶ

326 1772 519 1844 μέχρις
539 1775 676 1840 ἑνὸς,
693 1775 770 1840 ὡς
787 1777 991 1850 μηδένα
1005 1778 1292 1852 διαφυγεῖν
1314 1782 1415 1855 τὴν
1438 1783 1532 1838 τοῦ
1547 1782 1685 1838 Θεοῦ
1705 1786 1909 1857 κρίσιν.

2034 585 2216 641 Omnis
2254 586 2462 654 laetitia,
2507 592 2761 650 discessit
2791 598 2973 653 omnis
3001 599 3183 659 laetitia
3216 614 3397 664 teme.
3434 608 3501 665 Et
3530 627 3622 670 re-

2034 671 2350 745 linquentnr
2378 681 2546 736 urbes
2578 683 2828 749 desertae,
2857 698 2913 741 et
2943 688 3137 747 domus
3175 696 3453 757 derelicta:
3496 716 3623 773 per-

2032 765 2210 825 ibunt.
2254 769 2384 825 Haec
2437 774 2620 828 omnia
2663 787 2827 831 erunt
2884 780 2936 833 in
2974 788 3141 851 terra,
3185 786 3238 841 in
3274 791 3453 847 medio
3482 765 3619 864 gen-

2032 859 2186 916 t'mm.
2221 861 2688 929 Quemadmodum
2743 868 2789 923 si
2843 872 2967 939 quis
2998 878 3243 933 excutiat
3274 859 3510 951 olivam:
3537 888 3619 945 sie

2026 954 2308 1008 excutiem
2358 953 2540 1025 ipsos;
2576 964 2634 1013 et
2673 958 2718 1012 si
2761 961 3007 1029 (priescat
3037 967 3332 1026 vindemia.
3376 989 3396 1024 ι
3433 973 3510 1030 Ita
3558 985 3620 1034 ut

2028 1044 2210 1099 nullus
2240 1046 2533 1116 impiorum
2565 1050 2821 1107 residuus
2861 1050 2963 1120 sit,
3008 1058 3104 1112 sed
3154 1062 3223 1115 ad
3249 1078 3412 1119 unum
3443 1082 3617 1140 usque

2022 1144 2216 1191 munies
2238 1137 2503 1208 judicium
2541 1140 2636 1196 Dei
2668 1143 2923 1199 subeant.
2957 1145 3428 1214 Quemadmodum
3461 1137 3615 1217 enim

2022 1229 2116 1297 qni
2144 1229 2307 1285 olivae
2337 1229 2574 1287 fructum
2612 1235 2899 1306 colligunt,
2958 1242 3181 1308 perticis
3234 1246 3411 1312 solent
3451 1250 3614 1310 oliva

2021 1330 2191 1392 grana
2217 1333 2478 1382 excutere
2517 1340 2584 1382 ac
2620 1326 2860 1398 dejicere
2898 1345 3072 1402 usque
3102 1336 3169 1391 ad
3215 1350 3401 1406 unum,
3429 1343 3611 1400 sicubi

2022 1413 2432 1486 derelinquam
2460 1432 2476 1472 :
2506 1433 2575 1473 ac
2607 1424 3062 1491 quemadmodum
3103 1438 3228 1497 post
3252 1432 3607 1505 vindemiam,

2022 1517 2364 1566 revertentes
2409 1513 2629 1583 quidam
2668 1530 2868 1586 parvos
2892 1520 3080 1577 acinos
3099 1533 3154 1578 et
3194 1539 3323 1580 uvas
3359 1529 3609 1588 residuas

2020 1600 2314 1671 colligunt,
2356 1603 2432 1659 ita
2467 1616 2523 1661 et
2552 1607 2747 1679 impios
2774 1612 3031 1684 eolligent
3086 1631 3259 1687 usque
3297 1621 3366 1677 ad
3398 1638 3599 1695 unum;

2017 1691 2091 1747 ita
2124 1705 2181 1749 ut
2218 1696 2482 1766 judicium
2528 1699 2622 1756 Dci
2658 1718 2818 1759 nemo
2857 1706 3224 1778 subterfugiat

394 1886 414 1919 ι
449 1859 610 1922 Οὗτοι
663 1867 758 1941 βοῇ
795 1872 1156 1945 φωνήσουσιν.
1201 1894 1219 1926 ι
1254 1854 1412 1940 Τίνες
1452 1875 1508 1930 δὲ
1548 1869 1696 1930 οὗτοι
1728 1854 1896 1932 ἀλλ”ἳ

2084 1875 2251 1933 Vsus.
2282 1878 2371 1935 14.
2405 1898 2426 1932 ι
2448 1880 2513 1936 Hi
2537 1882 2775 1941 clamore
2807 1888 3269 1947 vociferabnntur.
3307 1913 3327 1947 ι
3366 1895 3600 1963 Quinam

316 1959 369 2012 oi
390 1959 485 2013 τοῦ
515 1962 825 2034 κρείττονος
855 1966 1170 2038 τάγματος;
1204 1963 1327 2022 Εἶεν
1372 1968 1420 2022 δ’
1451 1968 1518 2022 ἂν
1555 1965 1701 2025 οῦτοι
1735 1972 1783 2024 ei
1809 1972 1911 2044 τῆς

317 2050 470 2122 παρά
505 2051 625 2125 Θεῷ
673 2057 1092 2130 μεγαλειότητος
1133 2058 1447 2132 ἠξιωμένοι.
1496 2081 1513 2113 ι
1557 2063 1622 2116 Oi
1649 2062 1707 2117 δὲ
1738 2080 1909 2118 κατα-

316 2143 627 2214 λειφθέντες
662 2149 755 2202 ἐπὶ
779 2147 877 2221 τῆς
907 2149 1012 2220 γῆς
1045 2151 1509 2223 εὐφρανθήσονται
1541 2154 1656 2225 ἅμα
1685 2156 1750 2228 τῇ
1780 2156 1906 2228 δόξῃ

317 2235 556 2309 Κυρίου·
597 2241 1001 2313 ταραχθήσεται
1035 2243 1097 2298 τὸ
1131 2242 1275 2315 ὕδωρ
1316 2244 1416 2319 τῆς
1448 2246 1748 2320 θαλάσσης.
1791 2267 1810 2301 ι
1840 2252 1906 2303 0i

316 2328 373 2382 δὲ
398 2330 496 2402 τῆς
527 2330 744 2403 μερίδος
783 2335 1061 2407 γενόμενοι
1102 2336 1197 2392 τοῦ
1244 2336 1380 2392 Θεοῦ
1432 2340 1904 2413 εὐφρανθήσονται

316 2421 435 2493 ἅμα
464 2425 529 2496 τῇ
562 2424 688 2499 δόξῃ
721 2426 814 2481 τοῦ
864 2430 1102 2501 Κυρίου·
1132 2430 1256 2484 τότε
1290 2431 1401 2504 γὰρ
1435 2433 1598 2498 αὐτὸς
1629 2435 1659 2487 ὁ
1698 2434 1904 2508 Κύριος

313 2517 595 2573 ἐλεύσεται
628 2521 687 2573 ὲν
710 2523 776 2593 τῇ
806 2520 933 2594 δόξῃ
964 2522 1059 2576 τοῦ
1096 2524 1309 2597 Πατρὸς
1349 2526 1516 2580 αὐτοῦ
1560 2528 1699 2599 μετά
1739 2529 1902 2583 δυνά-

315 2624 464 2679 μεως
487 2610 581 2663 καὶ
612 2610 770 2683 δόξης
802 2611 1023 2684 πολλῆς.
1080 2615 1203 2668 Ἐπὶ
1238 2615 1411 2690 ταύτῃ
1459 2616 1638 2672 τοίνυν
1671 2621 1739 2690 τῇ
1774 2619 1900 2691 δόξῃ

309 2696 405 2751 τοῦ
451 2699 660 2755 ἑαυτῶν
714 2703 919 2775 Κυρίου
973 2705 1444 2779 εὐφρανθήσονται
1490 2710 1542 2762 οε
1591 2710 1761 2766 πάλαι
1816 2712 1901 2777 εἰς

310 2789 473 2844 αὐτὸν
498 2790 808 2861 ἠλπικότες.
860 2793 1006 2848 Ἀντὶ
1045 2795 1104 2848 δὲ
1141 2797 1259 2861 τοῦ,
1314 2817 1334 2850 ι
1385 2799 1802 2873 Ταραχθήσεται
1837 2803 1900 2856 τὸ

310 2877 454 2952 ΰδωρ
477 2881 576 2952 τῆς
601 2881 894 2956 θαλάσσης,
938 2902 955 2937 ι
996 2903 1015 2937 ι
1050 2886 1303 2958 Ἥχησαν
1336 2888 1506 2946 ὕδατα
1537 2891 1835 2962 θαλάσσης,
1871 2911 1890 2945 ι

308 2971 599 3028 Θεοδοτίων
617 2976 949 3048 ήρμήνευσε,
972 2978 1252 3049 σημαίνων
1268 2980 1330 3034 τὸ
1354 2982 1583 3052 μέγεθος
1604 2987 1703 3056 τῆς
1725 2984 1893 3056 ζωῆς,

308 3058 343 3138 ᾖ
375 3064 666 3138 χρῄζονται
696 3070 745 3122 οἱ
772 3068 1086 3138 δοξάζοντες
1127 3074 1221 3129 τὸν
1260 3075 1470 3129 ἑαυτῶν
1502 3078 1735 3150 Κύριον·
1775 3081 1895 3151 ήχῳ

305 3157 415 3230 γὰρ
445 3159 720 3231 θαλάσσης
744 3164 1228 3237 παραϐληθήσεται
1258 3169 1439 3222 αὐτῶν
1467 3171 1502 3242 ή
1537 3173 1711 3242 φωνή.

379 3270 401 3304 ι
441 3252 541 3308 Διά
568 3252 728 3308 τοῦτο
760 3257 795 3326 ή
823 3255 951 3324 δόξα
990 3258 1195 3331 Κυρίου
1228 3261 1286 3314 ἐν
1331 3263 1452 3327 ταῖς
1499 3263 1682 3335 νήσοις
1736 3265 1891 3324 ἔσται

300 3345 403 3419 τῆς
431 3345 727 3419 θαλάσσης.
767 3367 785 3399 ι
822 3349 955 3414 Ταῖς
997 3351 1349 3424 Ἐκκλησίαις
1394 3353 1595 3428 δηλαδὴ
1632 3362 1753 3424 ταῖς
1794 3376 1892 3431 με-

300 3436 434 3504 ταξύ
480 3438 648 3493 πάλαι
687 3440 797 3494 τῶν
846 3441 1092 3497 ἀπίστων
1150 3444 1353 3509 ἐθνῶν,
1401 3445 1592 3520 ὥσπερ
1629 3450 1688 3505 ὲν
1736 3452 1890 3526 μέσῳ

300 3529 596 3603 θαλάσσης,
624 3532 1083 3605 ἀπειλημμέναις,
1105 3535 1190 3607 ἐφ’
1210 3536 1275 3602 ἃς
1307 3539 1341 3607 ή
1373 3538 1503 3604 δόξα
1532 3543 1737 3615 Κυρίου
1762 3547 1886 3599 ἐπι-

297 3620 500 3693 λάμψει
526 3623 669 3678 τότε.
705 3642 726 3676 ι
748 3624 821 3678 Τὸ
843 3625 1013 3697 ὄνομα
1042 3628 1250 3700 Κυρίου
1271 3628 1481 3696 ἔνδοξον
1509 3631 1682 3689 ἔσται.
1713 3636 1888 3710 Κύριε

293 3713 325 3767 ὸ
348 3714 481 3777 Θεὸς
523 3715 759 3788 Ἰσραὴλ,
786 3716 897 3771 ἀπὸ
930 3717 1039 3774 τῶν
1081 3720 1371 3791 πτερύγων
1403 3722 1504 3793 τῆς
1533 3726 1637 3796 γῆς
1680 3727 1885 3800 τέρατα

292 3804 588 3877 ἠκούομεν,
614 3806 770 3871 ἐλπὶς
800 3806 882 3879 τῷ
906 3808 1141 3865 εὐσεϐεῖ.
1178 3812 1336 3865 Κατά
1362 3811 1419 3866 δὲ
1453 3813 1545 3868 τὸν
1587 3816 1885 3891 Σύμμαχον

291 3898 387 3953 καὶ
417 3897 769 3961 Θεοδοτίωνα.
797 3917 816 3953 ι
850 3902 986 3957 Ἀπὸ
1016 3902 1127 3957 τῶν
1154 3904 1442 3976 πτερύγων
1484 3907 1584 3978 τῆς
1611 3912 1715 3982 γῆς
1744 3910 1886 3981 ψαλ-

295 3992 431 4061 μοὺς
473 3991 823 4065 ἠκούσαμεν·
867 4012 887 4043 ι
922 3993 1066 4049 κατά
1104 3994 1163 4048 δὲ
1200 3995 1294 4049 τὸν
1358 3996 1609 4062 Ἀκύλαν,
1644 4018 1663 4051 ι
1704 4000 1881 4073 μελῳ-

288 4081 427 4147 δίας.
472 4103 491 4135 »
536 4086 599 4139 Οἱ
628 4085 741 4157 γὰρ
774 4087 875 4159 τῆς
912 4086 1128 4158 μερίδος
1171 4088 1267 4142 τοῦ
1315 4088 1475 4154 Θεοῦ,
1521 4088 1621 4163 τήν
1659 4091 1879 4148 δικαίαν

287 4175 454 4230 αὐτοῦ
490 4177 672 4249 κρίσιν
701 4178 1208 4251 ἀποθαυμάζοντες,
1237 4182 1626 4253 εὐφραίνονται
1661 4184 1777 4257 ἅμα
1810 4190 1877 4261 τῇ

287 4265 416 4339 δόξῃ
447 4266 542 4320 τοῦ
593 4267 825 4338 Κυρίου,
863 4269 960 4322 καὶ
1006 4270 1422 4341 εὐφραινόμενοι
1469 4269 1673 4343 ὕμνους
1725 4276 1878 4348 αὐτῷ

287 4355 382 4409 καὶ
416 4356 735 4429 ψαλμῳδίας
775 4358 1230 4430 εὐχαριστηρίους
1274 4360 1713 4432 ἀναπέμπουσιν.
1758 4360 1878 4421 Εἷτ³

286 4446 551 4516 ἐπιλέγει,
584 4467 603 4500 ι
658 4448 842 4514 Ἐλπὶς
860 4447 939 4520 τῷ
965 4444 1195 4503 εὐσεϐεῖ.
1228 4468 1247 4501 ι
1293 4449 1510 4523 Ἐπειδὴ
1536 4454 1646 4526 γὰρ
1674 4456 1743 4509 τά
1760 4459 1875 4529 τοῖς

285 4539 509 4594 ἀσεϐέσι
540 4540 752 4614 διῆλθεν
775 4542 1135 4634 ήπειλημένα,
1180 4540 1309 4614 ἑξῆς
1354 4545 1481 4616 περὶ
1512 4547 1611 4617 τῆς
1656 4549 1873 4620 μερίδος
1905 4578 1950 4634 D

284 4636 384 4705 τῆς
424 4628 558 4687 Θεοῦ
600 4636 898 4707 ἐπήγαγεν,
945 4633 1021 4698 ὡς
1063 4652 1080 4687 ι
1125 4632 1605 4707 Εὐφρανθήσονται
1649 4638 1766 4710 ἅμα
1802 4643 1870 4712 τῇ

283 4726 413 4798 δόξῃ
437 4726 666 4800 Κυρίου,
696 4747 714 4778 ι
742 4725 838 4782 καὶ
857 4726 934 4789 ὡς
973 4745 991 4776 ι
1038 4726 1100 4779 'H
1121 4724 1250 4791 δόξα
1291 4726 1499 4799 Κυρίου
1537 4730 1594 4782 ἐν
1627 4733 1748 4795 ταῖς
1778 4733 1872 4804 νή-

285 4835 398 4883 σοις
424 4818 576 4872 Emi
597 4836 610 4848 ·
647 4839 666 4871 ι
705 4820 780 4883 ὡς
802 4819 868 4891 δὴ
891 4817 990 4889 τήν
1007 4818 1405 4891 δικαιοκρισίαν
1440 4818 1535 4873 τοῦ
1574 4820 1710 4874 Θεοῦ
1748 4840 1872 4877 πα-

282 4911 579 4982 ραστήσας,
640 4909 947 4974 ἀκολούθως
1010 4911 1258 4981 ἐπήγαγε
1307 4910 1400 4963 τό·
1465 4932 1484 4962 ι
1561 4912 1748 4978 Ἐλπὶς
1791 4916 1869 4988 τῷ

280 5003 518 5056 εὐσεϐεῖ·
566 5023 584 5054 ι
615 5004 779 5057 παντὶ
807 5003 914 5075 γὰρ
936 5001 1128 5073 δικαίῳ
1152 5002 1246 5055 καὶ
1285 5000 1499 5056 εὐσεϐεῖ
1527 5003 1681 5076 ἀνδρὶ
1708 5004 1867 5070 ἐλπὶς

280 5093 461 5167 ἀγαθὴ
491 5095 766 5169 σωτηρίας
791 5096 1101 5149 ἀπόκειται.

353 5208 375 5241 ι
405 5190 518 5243 Καὶ
551 5187 767 5260 ἐροῦσι·
811 5188 947 5242 Οὐαὶ
993 5191 1106 5251 τοῖς
1151 5186 1429 5251 ἀθετοῦσι,
1461 5190 1511 5242 οἱ
1540 5187 1865 5256 ἀθετοῦντες

274 5282 368 5339 ’ὼν
401 5283 597 5355 νόμον·
635 5301 653 5333 ι
684 5282 824 5336 κατά
867 5282 964 5353 μὲν
986 5281 1078 5335 τὸν
1114 5278 1345 5335 ’Δκύλαν
1370 5281 1605 5353 εἴρηται,
1637 5300 1656 5335 ι
1698 5282 1764 5335 Ὢ
1785 5283 1868 5337 οτ-

279 5393 372 5448 μθι
395 5376 743 5440 ἀθετοῦντες·
772 5374 1057 5447 ὴθέτησαι.
1086 5394 1104 5425 ι
1143 5373 1304 5446 Ὁρᾷς
1326 5376 1475 5439 ὅπως
1527 5376 1866 5448 συνέπασχον

271 5470 389 5533 τοῖς
447 5466 859 5539 ἀπολλυμένοις,
906 5464 1000 5519 καὶ
1049 5465 1393 5537 ὐπερήλγουν
1463 5465 1644 5521 αὐτῶν
1680 5467 1732 5521 oi
1766 5467 1863 5522 τοῦ

271 5560 411 5616 Θεοῦ
441 5560 717 5635 ἀνθρωττοι
766 5556 854 5613 διὰ
894 5556 1327 5630 φιλανθρωπίαν,
1380 5559 1457 5623 ὡς
1511 5561 1593 5624 εἰς
1638 5560 1864 5626 ἑαυτοὺς

270 5653 632 5725 ἀναστρέφειν
682 5651 776 5706 τὸν
836 5648 1188 5722 ταλανισμδν,
1232 5652 1329 5706 καὶ
1374 5652 1576 5722 λέγειν,
1624 5650 1670 5707 ὦ
1714 5652 1861 5725 οἴμοι

270 5749 356 5819 ἐφ’
380 5746 461 5813 οἷς
488 5748 762 5820 ἠθέτησαν
777 5747 825 5800 οἱ
860 5743 1169 5817 παραϐάται
1192 5744 1205 5798 l

2012 1965 2089 2034 hi,
2120 1969 2224 2023 nisi
2254 1970 2350 2041 qui
2382 1973 2680 2044 superioris
2714 1978 2922 2035 ordinis
2947 1982 3113 2036 sunt?
3151 1983 3244 2038 Isti
3291 2000 3456 2055 porro
3481 1991 3600 2052 fue—

2012 2057 2144 2125 rint,
2191 2058 2283 2129 qui
2329 2074 2417 2127 ea,
2474 2077 2593 2133 qua:
2624 2068 2767 2136 apud
2808 2069 2976 2125 Deum
3016 2085 3104 2127 est
3164 2079 3594 2152 magnﬁﬁcentia,

2010 2148 2216 2216 dignati
2243 2163 2388 2206 sunt.
2422 2172 2440 2206 ι
2472 2154 2573 2222 Qui
2609 2167 2789 2213 autem
2819 2160 2994 2218 relicti
3044 2163 3250 2223 fuerint
3290 2184 3454 2242 super
3485 2148 3598 2232 ter;

2008 2252 2151 2307 rum,
2185 2241 2511 2301 latebuntur
2534 2263 2656 2303 cum
2686 2250 2858 2320 gloria
2886 2254 3102 2312 Domini
3129 2274 3142 2309 :
3181 2241 3597 2324 contui-habitur

2006 2342 2148 2397 aqua
2196 2333 2384 2387 maris.
2437 2353 2456 2388 ι
2510 2336 2612 2403 Qui
2651 2348 2828 2395 autem
2868 2358 2933 2398 ex
2986 2347 3237 2414 porticue
3274 2348 3368 2405 Dei
3406 2363 3590 2421 erunt.

2006 2419 2333 2480 lmtabuntur
2359 2441 2483 2483 eum
2515 2429 2691 2500 gloria
2725 2433 2972 2490 Domini:
2998 2448 3127 2494 tunc
3155 2441 3300 2496 enim
3340 2443 3455 2514 ipse
3489 2419 3592 2505 Do;-

2006 2515 2186 2571 minus
2228 2519 2406 2574 veniet
2445 2519 2499 2575 in
2534 2522 2705 2592 gloria
2750 2524 2930 2584 Patris
2957 2531 3040 2585 sui
3078 2545 3200 2586 cum
3237 2543 3506 2603 potestate
3532 2552 3590 2595 et

2004 2604 2286 2674 iiiojestate
2325 2610 2538 2680 grandi.
2589 2613 2644 2668 In
2692 2616 2793 2673 hac
2845 2632 2974 2689 ergo
3015 2621 3227 2677 Domini
3276 2625 3360 2680 sui
3416 2628 3585 2698 gloria

2002 2695 2346 2766 lmtabuntur,
2394 2702 2487 2772 qui
2509 2702 2637 2759 olim
2664 2706 2720 2760 in
2754 2707 2926 2778 ipsum
2952 2724 3328 2781 speraverant.
3356 2695 3467 2789 ‘Pro
3496 2716 3589 2775 illo

1999 2796 2204 2852 alitem,
2244 2807 2264 2842 ι
2295 2792 2710 2850 conturbabitur
2753 2811 2892 2868 aqua
2923 2802 3110 2868 maris,
3151 2822 3169 2856 ι
3204 2805 3284 2860 sic
3337 2800 3585 2865 Theodo-

2001 2876 2077 2931 tio
2127 2878 2517 2951 interpretatus
2559 2894 2663 2953 est,
2717 2905 2737 2939 ι
2778 2899 3078 2945 sonuerunt
3137 2908 3293 2964 aqua;
3337 2900 3524 2967 maris,
3555 2920 3578 2956 ι

1998 2967 2125 3022 vitae
2164 2967 2312 3026 illius
2343 2972 2776 3041 magnitudinem
2830 2974 3168 3048 signiﬁcans,
3196 2996 3301 3052 qua
3333 2981 3587 3041 fruentur

1999 3057 2035 3113 ii
2068 3060 2161 3131 qui
2189 3061 2479 3117 Dominum
2528 3079 2686 3119 suum
2731 3068 2903 3138 gloria
2952 3068 3194 3127 alliciunt
3231 3091 3245 3128 :
3277 3089 3381 3132 vox
3434 3078 3584 3134 enim

1999 3164 2189 3206 eorum
2230 3152 2431 3208 sonitui
2473 3154 2643 3210 maris
2675 3160 3102 3228 comparabitur.

2067 3240 2234 3302 Vens.
2267 3246 2355 3301 l5.
2388 3264 2407 3297 ι
2451 3246 2745 3320 Propterea
2800 3250 2970 3322 gloria
3028 3253 3244 3312 Domini
3290 3259 3343 3315 in
3388 3262 3584 3318 insulis

1996 3338 2163 3393 maris
2195 3339 2318 3392 erit.
2354 3355 2375 3390 ι
2415 3337 2473 3392 lu
2512 3336 2767 3395 Ecelesiis
2796 3342 3069 3411 videlicet,
3115 3355 3236 3416 qum
3259 3346 3386 3406 olim
3437 3352 3584 3410 inter

1994 3426 2302 3484 incredulas
2337 3438 2550 3500 gentes,
2605 3432 2760 3501 quasi
2818 3433 2871 3488 in
2922 3437 3101 3493 medio
3154 3442 3313 3506 inuri,
3353 3441 3581 3498 inclusa:

1990 3529 2149 3577 erant
2180 3538 2194 3576 :
2232 3521 2285 3575 in
2314 3524 2469 3590 queis
2496 3522 2667 3596 gloria
2694 3524 2911 3581 Domini
2943 3539 3070 3585 tunc
3092 3528 3389 3605 ell'ulgcbit.
3412 3552 3434 3587 ι
3471 3532 3578 3591 Νυ-

1990 3627 2115 3667 men
2154 3612 2363 3668 Domini
2405 3615 2697 3684 gloriosum
2727 3619 2850 3673 erit.
2878 3616 3102 3676 Domine
3128 3618 3275 3679 Deus
3301 3625 3484 3695 israel,
3506 3631 3582 3685 ab

1988 3706 2090 3762 alis
2126 3717 2287 3762 terra:
2316 3706 2567 3780 prodigia
2609 3710 2960 3767 audivimus:
2994 3724 3120 3783 Spes
3148 3714 3257 3786 pio.
3298 3736 3319 3772 ι
3366 3720 3573 3776 Secun-

1986 3798 2114 3852 dum
2153 3795 2542 3870 Symmachum
2574 3815 2708 3858 vero
2732 3811 2789 3858 et
2818 3800 3272 3874 TheodOtionem,
3306 3827 3331 3863 ι
3358 3810 3440 3867 Ab
3470 3813 3573 3870 alis

1987 3900 2147 3944 teme
2197 3889 2439 3960 psalmos
2483 3892 2828 3961 audivimus;
2879 3908 2899 3948 ι
2941 3900 3241 3955 secundum
3293 3902 3567 3974 Aquilam,

1988 3998 2009 4030 ι
2044 3979 2323 4036 melodias.
2363 4000 2382 4033 ι
2419 3982 2553 4038 Nam
2579 3985 2669 4054 qui
2699 4001 2766 4041 ex
2807 3990 3056 4057 portione
3079 3990 3172 4046 Dei
3193 4002 3339 4060 sunt,
3358 3994 3572 4064 justum

1981 4067 2383 4139 ejusjudicium
2424 4074 2780 4141 admirantes,
2807 4076 3065 4135 laetantur
3097 4096 3221 4136 cum
3256 4083 3429 4153 gloria
3460 4084 3569 4143 Ι)οο

1981 4161 2139 4228 mini,
2196 4178 2262 4219 ae
2309 4163 2416 4219 lacti
2477 4166 2711 4236 hymnos
2758 4168 2860 4238 ipsi
2918 4179 3080 4241 atque
3135 4173 3466 4241 psalmodias
3510 4179 3570 4235 in

1980 4255 2284 4325 gratiarum
2307 4258 2581 4313 actionem
2608 4260 2891 4315 emittunt.
2919 4261 3111 4318 Postea
3148 4265 3335 4331 infert,
3366 4285 3387 4320 ι
3426 4266 3570 4339 Spes

1980 4344 2088 4414 pio.
2123 4362 2145 4397 ι
2182 4345 2319 4401 Cum
2351 4347 2497 4403 enim
2520 4350 3004 4407 comminationem
3034 4354 3216 4425 impiis
3243 4356 3569 4415 intentatam

1978 4435 2355 4504 μεθίει-ἥκει,
2425 4438 2527 4493 sub
2572 4438 2689 4494 hare
2725 4440 2793 4495 de
2840 4442 3093 4509 portione
3155 4444 3250 4501 Dei
3295 4447 3398 4502 ista
3429 4450 3564 4504 sub-

1974 4527 2175 4598 jungit,
2244 4545 2263 4579 ι
2302 4528 2660 4586 Laetabuntur
2705 4548 2830 4587 eum
2887 4532 3061 4604 gloria
3130 4536 3378 4603 Domini,
3437 4558 3458 4593 ι
3506 4550 3565 4595 et

1986 4619 2214 4676 «Gloria
2264 4621 2478 4678 Demiui
2533 4623 2587 4678 in
2644 4624 2840 4682 insulis
2882 4628 3035 4682 erit:
3085 4646 3103 4680 ι
3145 4643 3211 4686 ac
3276 4641 3565 4702 postquam

1975 4712 2179 4783 justum
2229 4712 2325 4769 Dei
2372 4716 2639 4785 judicium
2698 4720 3100 4788 enuntiaverat,
3161 4734 3561 4792 consequenter

1979 4805 2177 4873 adjecit
2212 4805 2365 4872 illud,
2405 4825 2424 4857 ι
2475 4807 2612 4878 Spes
2639 4812 2768 4879 pio:
2802 4829 2821 4862 ι
2856 4826 2982 4865 nam
3010 4811 3158 4867 onmi
3185 4812 3328 4880 justo
3364 4815 3565 4886 pioque

1978 4902 2096 4955 viro
2122 4901 2262 4955 bona
2289 4902 2480 4957 salutis
2518 4904 2755 4971 reposita
2790 4917 2915 4973 spes
2954 4913 3064 4958 est.

2048 5172 2210 5229 \‘sus.
2252 5174 2337 5230 16.
2366 5194 2384 5227 ι
2420 5175 2489 5231 Et
2513 5176 2695 5231 dicent
2727 5175 2858 5231 εγω
2889 5186 3423 5247 praevancatormus,
3463 5182 3558 5253 qui

1971 5269 2403 5337 pravaricantur
2430 5270 2607 5341 legem
2639 5271 2653 5322 Ξ
2691 5287 2711 5321 ι
2771 5269 3080 5325 Secundum
3111 5272 3371 5341 Aquilam
3420 5273 3561 5329 dici-

1970 5375 2099 5417 tur:
2129 5381 2147 5414 ι
2190 5361 2257 5430 0,
2304 5378 2381 5417 vae
2430 5363 2587 5426 mihi,
2644 5363 3107 5439 praevaricantes!
3168 5364 3559 5434 pravarieatus

1966 5466 2048 5510 es.
2095 5474 2114 5506 ι
2149 5455 2337 5511 Viden'
2360 5470 2468 5526 quo
2513 5465 2675 5525 pacto
2704 5455 2802 5513 Dei
2829 5456 3078 5514 homines
3103 5460 3168 5514 de
3201 5459 3555 5530 pereuntium

1967 5562 2096 5605 casu
2124 5550 2379 5607 dolebant
2402 5561 2460 5606 et
2488 5551 2853 5622 angebantur,
2885 5567 3083 5624 nempe
3108 5568 3176 5608 ex
3200 5554 3554 5610 humanitatis

1964 5641 2195 5707 allecto,
2248 5643 2325 5698 ita
2372 5650 2433 5699 ut
2491 5642 2549 5699 in
2575 5644 2792 5715 seipsos
2841 5647 3080 5702 miseriae
3115 5645 3393 5717 planctum
3420 5661 3553 5703 con-

1961 5745 2264 5803 verterent,
2306 5750 2370 5792 ae
2421 5736 2667 5793 dicerent
2702 5756 2717 5795 :
2749 5738 2817 5810 Ο,
2847 5754 2929 5796 va:
2976 5739 3112 5797 mihi
3151 5755 3251 5811 pro
3288 5739 3549 5810 prevari-

1959 5832 2181 5889 catioue
2207 5839 2675 5905 transgressorum
2700 5835 2716 5891 ξ
