4082 6398
617 311 731 370 363»

620 543 737 594 vos,
761 529 850 597 qui
883 527 1144 582 habitatis
1187 537 1412 580 terram.
1455 527 1523 580 Et
1549 526 1656 582 erit
1686 527 1776 596 qui
1805 525 2006 596 fugerit
2045 528 2208 582 timo-

621 638 760 684 rem,
791 622 947 677 cadet
1001 621 1053 674 in
1089 621 1296 676 foveam
1325 637 1339 685 ;
1371 619 1464 689 qui
1489 631 1670 674 autem
1700 619 1901 674 exierit
1937 618 2005 674 de
2027 618 2205 686 fovea,

617 717 814 786 laqueo
863 716 1108 784 capietur
1161 714 1339 783 :quia
1391 713 1644 768 fenestrae
1693 713 1762 768 de
1815 711 1958 768 coelo
2005 721 2206 782 aperta:

617 819 764 872 sunt,
796 819 852 862 et
881 809 1266 864 concutientur
1297 807 1650 862 fundamenta
1701 815 1880 862 terra}.
1935 827 1954 860 ι
1997 807 2088 862 Dei
2124 808 2206 862 in-

615 906 977 972 spectionettt,
1032 913 1086 956 et
1115 899 1234 968 ejus
1267 901 1522 954 virtutem
1569 898 1905 964 subindicat,
1945 915 2050 969 qua
2085 915 2206 954 om-

615 998 775 1052 nibus
805 997 1082 1066 providet,
1113 1005 1167 1048 et
1199 994 1381 1048 omnia
1411 992 1722 1062 speculatur
1759 993 1914 1062 quasi
1949 1008 2014 1048 ex
2055 994 2206 1048 lene.

615 1093 744 1147 stris
767 1091 888 1146 emli
923 1091 1178 1144 universa
1217 1086 1534 1157 respiciens.
1555 1087 1686 1152 Qua:
1707 1085 1924 1155 quidem
1947 1083 2204 1140 fenestra:

615 1197 746 1242 tunc
774 1185 950 1256 claudi
982 1185 1258 1246 videntur,
1285 1196 1410 1234 eum
1437 1179 1583 1234 Deus
1607 1179 1660 1234 in
1691 1189 1838 1234 terra
1887 1189 2204 1249 peccatores

613 1280 1042 1342 circtttnlnslrat,
1073 1291 1168 1331 nec
1191 1283 1370 1330 tamen
1409 1275 1557 1343 ipsos
1585 1273 1818 1344 castigat
1847 1289 1862 1326 :
1897 1283 2026 1327 nmc
2053 1273 2200 1328 enim

612 1391 710 1428 ceu
739 1387 964 1427 aversus
997 1369 1128 1424 nihil
1162 1377 1452 1440 peccantes
1505 1367 1774 1436 inspicere
1799 1367 2037 1422 videtur.
2061 1365 2200 1422 Cum

612 1478 791 1522 autem
823 1474 1110 1535 peccantes
1135 1461 1322 1516 ulcisci
1347 1462 1612 1527 decrevit,
1643 1469 1770 1516 tunc
1797 1459 2048 1518 fenestra:
2071 1459 2198 1516 (εωιί

611 1573 810 1630 aperta:
861 1557 1130 1612 videntur.

683 1736 846 1792 Vens.
875 1735 960 1796 l9,
979 1735 1070 1789 20.
1097 1753 1114 1786 ι
1136 1733 1473 1788 Turbatione
1498 1733 1824 1799 turbabitur,
1855 1745 1908 1790 et
1932 1735 2198 1806 angustiis

1267 309 1540 366 EUSEBII
1581 309 2066 368 CAESARIENSIS
2103 313 2188 368 ΟΡ

2299 313 2480 370 rans
2517 315 2604 372 ιιι.
2647 349 2718 358 -
2755 311 3170 380 EXEGETICA.

697 433 858 492 Vitas.
899 433 985 498 Π,
1023 433 1112 488 18.
1149 451 1166 484 ι
1201 429 1386 486 Timor
1413 441 1468 486 et
1495 432 1672 497 fovea,
1703 441 1759 486 et
1799 403 2025 502 laqueus
2047 448 2210 502 super
2238 446 2284 500 Α

3753 343 3840 400 268

2391 455 2408 488 ι
2449 436 2618 502 Φόϐος
2671 439 2765 491 καὶ
2802 438 3024 509 βόθυνος
3076 442 3172 495 καὶ
3225 445 3386 514 παγὶς
3435 447 3516 518 ἐφ’
3570 449 3699 522 ὑμᾶς
3735 461 3841 524 τοὺς

2309 527 2656 593 ἐνοικοῦντας
2701 531 2795 582 ἐπὶ
2838 535 2938 603 τῆς
2985 535 3110 606 γῆς.
3161 536 3270 590 Καὶ
3307 537 3454 592 ἔσται
3490 543 3516 593 ό
3547 543 3740 611 φεύγων
3769 548 3843 602 τὸν

2302 621 2494 690 φόϐον,
2521 625 2842 693 ἐμπεσεῖται
2869 628 2950 689 εἰς
2973 627 3065 680 τὸν
3088 627 3308 698 βόθυνον
3325 649 3337 660 ·
3369 633 3396 685 ὁ
3427 631 3480 684 δὲ
3517 634 3756 690 ἐκϐαίνων
3786 641 3841 692 ἐκ

2305 713 2402 764 τοῦ
2443 713 2663 783 βοθύνου
2688 715 2955 770 ἁλώσεται
2979 717 3082 771 ὑπὸ
3101 723 3200 792 τῆς
3226 722 3462 790 παγίδος·
3489 725 3568 777 ὃτι
3591 723 3846 797 θυρίδες

2305 805 2400 859 τοῦ
2427 809 2486 860 ού
2497 807 2658 880 ρανοῦ
2685 809 3060 880 ἀνεῴχθησαν,
3089 813 3184 866 καὶ
3211 813 3546 886 σεισθήσεται
3567 816 3631 870 τὰ
3653 817 3842 889 θεμέλια

2305 903 2403 972 τῆς
2418 905 2539 974 γῆς.
2568 921 2586 954 ι
2607 902 2721 972 Τὴν
2753 905 3056 976 ἐπισκοπὴν
3067 905 3161 958 τοῦ
3183 905 3339 972 Θεοῦ,
3361 909 3452 962 καὶ
3475 909 3568 979 τὴν
3581 911 3842 982 ὲποπτικὴν

2305 997 2398 1048 καὶ
2413 997 2512 1068 τὴν
2529 995 2868 1070 θεωρητικὴν
2885 998 3050 1053 αὐτοῦ
3065 999 3173 1054 τῶν
3188 1000 3322 1054 ὅλων
3337 1000 3556 1074 δύναμιν
3583 1005 3845 1074 αἰνιττόμε-

2303 1109 2412 1156 νος,
2439 1091 2720 1164 ἐφορῶσαν
2737 1093 2803 1146 τὰ
2823 1093 3020 1156 πάντα,
3037 1093 3225 1166 ὥσπερ
3247 1094 3332 1148 διὰ
3355 1093 3574 1168 θυρίδων
3593 1095 3677 1148 τοῦ
3697 1097 3746 1150 ού
3755 1113 3845 1168 ρα-

2305 1182 2420 1250 νοῦ,
2445 1184 2502 1238 αἳ
2536 1185 2752 1240 δοκοῦσι
2790 1186 2889 1257 μὲν
2923 1185 3256 1260 κεκλεῖσθαι,
3293 1187 3507 1240 ἐπειδὰν
3535 1189 3650 1252 τοὺς
3677 1189 3844 1260 ἁμαρ-

2305 1278 2568 1344 τάνοντας
2609 1280 2704 1332 ἐπὶ
2739 1283 2841 1351 γῆς
2881 1280 3234 1352 περιέρχεται
3276 1282 3306 1333 ό
3338 1281 3488 1344 Θεὸς,
3535 1281 3608 1352 μὴ
3645 1281 3842 1346 ἐπεξιὼν

2301 1375 2416 1434 τοῖς
2459 1372 2871 1446 πλημμελοῦσν
2925 1373 3044 1426 τότε
3091 1373 3198 1444 γὰρ
3253 1372 3441 1446 ὥσπερ
3491 1373 3842 1445 ἀποστραιςεὶς,

2301 1465 2410 1520 οὐδ’
2439 1466 2636 1538 ὁρῶντι
2673 1467 2798 1530 τοὺς
2835 1465 3249 1538 ἁμαρτάνοντας
3297 1467 3488 1520 ἔοικεν.
3545 1467 3768 1518 Ἐπειδὰν
3795 1465 3842 1518 δὲ

2303 1558 2464 1631 κρίνῃ
2508 1556 2818 1622 ἐπεξελθεῖν
2848 1561 2960 1622 τοῖς
2999 1558 3412 1630 ἡμαρτηκόσιν,
3454 1556 3636 1628 ὥσπερ
3673 1557 3843 1610 ἀναπε-

2299 1649 2589 1703 τάννυνται
2615 1647 2708 1701 τοῦ
2738 1648 2968 1720 ούρανοῦ
2997 1651 3056 1702 αἱ
3083 1647 3298 1720 θυρίδες

2376 1761 2394 1792 ς
2426 1741 2651 1813 Ταραχῇ
2683 1739 3089 1813 ταραχθήσεται
3125 1743 3157 1812 ἡ
3197 1743 3292 1813 γῆ,
3333 1739 3428 1794 καὶ
3449 1737 3642 1808 ἀπορίᾳ
3663 1739 3840 1808 ἀπορη-

607 1829 1013 1900 angustiabitnr
1044 1837 1189 1882 terra
1223 1842 1238 1880 :
1282 1826 1564 1882 inclinavit
1613 1836 1670 1882 et
1715 1827 2022 1882 movebitur
2049 1828 2188 1883 sicut

2297 1831 2524 1904 θήσεται
2563 1836 2598 1905 ἡ
2630 1837 2700 1905 γῆ
2721 1851 2734 1864 ·
2772 1833 2948 1887 ἔκλινε
2989 1835 3084 1888 καὶ
3117 1833 3462 1905 σεισθήσεται
3502 1831 3574 1896 ὡς
3595 1832 3842 1902 ὀπωροφύ-

609 1925 882 1992 tugurium
911 1933 1077 1988 terra,
1107 1922 1248 1976 sicut
1293 1921 1478 1974 ebrius
1511 1929 1567 1974 et
1623 1921 1960 1991 crapulatus.
2009 1939 2028 1973 ι
2067 1919 2194 1979 Haec

609 2032 770 2083 porro
823 2016 1006 2072 omnia
1059 2013 1297 2083 patietur
1337 2023 1520 2078 terra;
1575 2015 1656 2070 sic
1693 2015 1902 2070 vocatis
1937 2015 2044 2072 illis
2077 2016 2196 2086 ejus

603 2111 732 2166 olim
769 2109 1191 2171 habitatoribus,
1237 2122 1372 2176 quos
1409 2107 1524 2162 base
1555 2123 1911 2178 perpessuros
1941 2109 2060 2174 ait;
2115 2111 2190 2165 ita

605 2215 664 2259 ut
698 2221 762 2258 ex
817 2203 1083 2258 malorum
1121 2201 1170 2256 vi
1202 2209 1258 2256 et
1287 2201 1580 2272 gravitate,
1629 2201 1798 2256 ebriis
1821 2210 1878 2256 et
1895 2201 2192 2272 crapulatis

603 2299 809 2354 similes
841 2297 969 2353 sint.
1013 2315 1032 2348 ι
1065 2295 1130 2350 Et
1179 2295 1364 2360 cadet,
1397 2303 1454 2348 et
1485 2309 1591 2350 non
1623 2296 1823 2366 poterit
1857 2309 2144 2369 resurgere
2173 2313 2186 2348 :

605 2407 728 2446 nam
759 2389 1042 2462 prmvalnit
1071 2389 1125 2444 in
1151 2403 1216 2444 ea
1251 2388 1530 2456 iniquitas.
1567 2407 1586 2440 ι

673 2603 840 2659 Vsus.
880 2603 970 2656 2|.
1009 2621 1026 2652 ‹
1069 2597 1134 2654 Et
1187 2599 1294 2654 erit
1334 2599 1388 2652 in
1419 2597 1508 2652 die
1545 2597 1660 2662 illa,
1703 2596 1922 2651 inducet
1967 2597 2106 2651 Deus
2133 2596 2186 2652 in

599 2705 854 2751 ornatum
883 2693 1004 2749 cmli
1030 2709 1271 2747 manum.
1307 2709 1326 2742 ›
1361 2690 1642 2758 Siquidem
1665 2689 1833 2744 semel
1865 2691 1916 2743 in
1949 2689 2056 2745 line
2087 2691 2188 2745 hu-

601 2807 772 2845 mana:
805 2791 924 2844 vita:
947 2789 1096 2858 lapsa
1125 2797 1288 2850 terra,
1319 2785 1434 2839 sive
1463 2797 1630 2838 carne
1656 2783 1897 2837 terrestri
1929 2792 1982 2836 et
2007 2785 2186 2837 anima

599 2885 844 2954 corporis
875 2891 1126 2945 amante;
1181 2887 1292 2932 tum
1323 2877 1380 2940 ii,
1436 2875 1531 2946 qui
1559 2875 1690 2930 olim
1735 2884 1938 2930 terram
1977 2875 2184 2929 incolc-

601 2981 764 3042 bant,
827 2973 1283 3030 resurrectionem
1363 2982 1554 3042 postea
1635 2977 2065 3038 consequentur,
2127 2977 2186 3022 ut

597 3072 861 3126 sistantur
894 3066 1152 3124 tribunali
1193 3065 1420 3130 Christi,
1457 3071 1512 3118 et
1561 3062 1937 3132 unusquisque
1981 3059 2184 3116 referat

2295 1925 2482 1980 λάκιον
2521 1927 2556 1998 ἡ
2600 1929 2694 1997 γῆ,
2729 1927 2806 1988 ὡς
2844 1927 2874 1979 ὁ
2905 1925 3120 1996 μεθύων
3179 1927 3272 1980 καὶ
3316 1923 3645 1997 κραιπαλῶν.
3689 1943 3705 1975 ι
3748 1921 3841 1974 Καὶ

2295 2018 2467 2072 ταῦτα
2503 2017 2683 2071 πάντα
2715 2017 2964 2070 πείσεται
2994 2017 3028 2088 ἡ
3061 2019 3154 2088 γῆ,
3190 2016 3300 2070 τῶν
3343 2032 3470 2067 ποτε
3517 2011 3839 2083 κατοικησάν-

2293 2129 2401 2165 των
2449 2111 2619 2183 αύτὴν
2652 2110 2796 2166 οὕτω
2839 2111 2904 2183 δὴ
2949 2111 3302 2182 καλουμένων
3329 2126 3345 2140 ’
3380 2107 3596 2162 τοιαῦτα
3635 2105 3688 2159 δέ
3731 2119 3840 2175 φησι

2297 2203 2576 2258 πείσεσθαι
2601 2203 2820 2270 αὐτοὺς,
2846 2203 2922 2266 ὡς
2943 2203 3176 2257 ἐοικέναι
3209 2202 3469 2274 μεθύουσι
3505 2201 3596 2254 καὶ
3637 2212 3840 2270 κραιπα-

2293 2295 2456 2350 λῶσιν
2481 2299 2546 2350 ἐκ
2579 2298 2679 2368 τῆς
2709 2295 2816 2350 τῶν
2849 2293 3035 2350 κακῶν
3067 2295 3396 2366 ὑπερῢολῆς.
3430 2313 3448 2347 ι
3473 2293 3581 2348 Καὶ
3611 2293 3839 2350 πεσεῖται,

2294 2391 2390 2444 καὶ
2425 2390 2488 2444 οῦ
2532 2388 2607 2461 μὴ
2645 2389 2869 2460 δύνηται
2911 2389 3232 2459 ἀναστῆναι⁸
3283 2389 3578 2458 κατίσγυσε
3627 2383 3726 2456 γὰρ
3765 2379 3837 2436 ἐπ’

2295 2486 2521 2557 αὺτῆςή
2558 2484 2776 2556 ἀνομία.
2817 2503 2836 2536 ι

2367 2621 2386 2652 ι
2431 2601 2542 2654 Καὶ
2569 2599 2720 2653 ἔσται
2757 2603 2818 2654 ὲν
2850 2603 2916 2672 τῇ
2963 2599 3148 2673 ἡμέρα
3193 2599 3400 2672 ἐκείνῃ,
3445 2594 3631 2662 ἐπάξει
3667 2597 3694 2648 ὁ
3728 2593 3838 2656 Θεὸς

2291 2693 2383 2746 ἐπὶ
2401 2692 2492 2744 τὸν
2511 2691 2714 2762 κόσμον
2745 2693 2838 2746 τοῦ
2875 2691 3108 2764 ούρανοῦ
3143 2691 3242 2764 τὴν
3289 2695 3466 2764 χεῖρα.
3507 2711 3525 2742 ι
3561 2685 3732 2751 Ἅπαξ
3757 2685 3838 2758 μὲν

2289 2787 2396 2861 γὰρ
2425 2787 2666 2840 πεσοῦσα
2697 2785 2839 2841 κατὰ
2866 2787 2966 2857 τὴν
3009 2787 3105 2839 τοῦ
3149 2785 3350 2857 θνητοῦ
3399 2784 3514 2856 βίου
3549 2779 3836 2852 τελευτὴνή

2287 2885 2381 2955 γῆν
2429 2881 2547 2953 ἦτοι
2599 2879 2738 2952 σὰρξ
2788 2879 2996 2950 γεώδης
3043 2879 3139 2932 καὶ
3183 2878 3564 2950 φιλοσώματος
3605 2874 3765 2945 ψυχὴ,
3799 2871 3840 2926 οἱ

2291 2975 2456 3029 πάλαι
2481 2975 2580 3047 τὴν
2607 2975 2712 3046 γῆν
2745 2973 3068 3045 οἰκήσαντες
3109 2973 3209 3042 τῆς
3249 2970 3488 3042 καθεξῆς
3524 2967 3836 3026 ἀναστάσεως

2287 3071 2564 3138 τεύξονται
2591 3069 2672 3132 είς
2702 3067 2764 3120 τὸ
2795 3067 3136 3139 παραστῆναι
3166 3063 3243 3136 τῷ
3267 3064 3478 3136 βήματι
3495 3062 3586 3117 τοῦ
3611 3055 3836 3133 Χριστοῦ,

597 3163 898 3218 secundum
933 3176 996 3217 ea
1031 3175 1152 3230 quae
1179 3173 1410 3230 corpore
1443 3156 1798 3227 perpetravit,
1836 3157 1951 3209 sive
1983 3154 2181 3208 bonum

2288 3164 2382 3216 καὶ
2413 3159 2741 3233 κομίσασθαι
2773 3159 3002 3212 ἕκαστον
3031 3157 3102 3210 τὰ
3125 3155 3213 3208 διὰ
3242 3155 3339 3208 τοῦ
3383 3153 3628 3226 σώματος
3657 3150 3775 3222 πρὸς
3807 3147 3838 3202 ἃ

599 3260 715 3314 sive
769 3257 993 3312 malum.
1027 3257 1158 3309 Cum
1198 3261 1380 3307 autem
1447 3251 1557 3305 lato
1593 3249 1800 3318 judicio
1834 3263 1864 3302 a
1897 3249 2036 3302 bona
2089 3261 2186 3315 spe

597 3349 926 3414 exciderint,
959 3355 1015 3404 et
1069 3343 1353 3417 suppliciis
1391 3342 1522 3398 olim
1577 3341 1955 3412 praenuntiatis
1997 3339 2182 3396 traditi

595 3443 834 3510 fuerint;
880 3452 1008 3497 tunc
1035 3457 1066 3496 a
1110 3439 1218 3494 Deo
1249 3437 1406 3508 lapsi,
1465 3450 1571 3490 non
1601 3435 1741 3488 ultra
1772 3447 2055 3504 resurgere
2090 3445 2184 3501 po-

599 3547 800 3594 terunt.
830 3535 996 3604 Queis
1033 3531 1274 3588 universi
1299 3526 1828 3586 consummationem
1863 3524 2180 3588 declaravit,

595 3650 700 3704 qua
743 3632 940 3688 cmlum
969 3640 1026 3686 et
1055 3639 1200 3684 terra
1227 3623 1562 3680 transibunt.
1596 3619 1863 3676 Ornatum
1897 3633 2029 3674 vero
2056 3615 2180 3671 coeli

595 3729 732 3786 solet
757 3725 968 3798 Moyses
999 3721 1268 3792 appellare
1297 3715 1486 3783 solem,
1507 3713 1688 3768 lunam
1721 3723 1775 3766 et
1806 3709 2018 3764 stellas.
2048 3727 2065 3758 ι
2093 3707 2181 3761 ln-

594 3825 754 3876 ducet
783 3821 925 3876 Deus
965 3818 1018 3872 in
1042 3823 1296 3872 ornatum
1330 3808 1454 3865 caeli
1483 3821 1743 3872 manum;
1785 3823 1803 3855 ι
1838 3817 2033 3873 nempe
2061 3815 2179 3855 me-

596 3925 807 3968 morato
836 3911 1024 3982 iudicii
1063 3908 1156 3964 Dei
1197 3915 1459 3974 tempore.

669 4225 831 4282 Vens.
862 4225 957 4279 22.
988 4243 1004 4277 ι
1047 4229 1113 4280 Et
1145 4227 1199 4278 in
1253 4237 1406 4294 reges
1437 4231 1620 4284 teme,
1671 4227 1727 4275 et
1768 4216 2180 4288 eongregabunt

593 4317 1066 4390 congregationem
1109 4317 1227 4386 ejus
1271 4316 1322 4369 in
1367 4326 1668 4378 carcerem,
1693 4321 1748 4365 et
1788 4307 2079 4365 occludent
2123 4307 2177 4360 in

594 4411 978 4474 uumitionem;
1027 4408 1348 4480 permultas
1393 4405 1774 4477 generationes
1797 4399 2040 4460 visitatio
2071 4406 2176 4452 erit

589 4523 800 4564 eorum.
826 4525 844 4558 ι
859 4505 1085 4560 Videtur
1099 4503 1226 4557 mihi
1249 4517 1344 4571 per
1361 4515 1514 4570 reges
1537 4509 1718 4561 teme,
1733 4493 2004 4565 principes
2017 4489 2178 4560 hujns

2287 3255 2541 3328 ἔπραξεν,
2567 3253 2676 3306 εἴτε
2703 3251 2931 3320 ἀγαθὸν,
2951 3251 3060 3303 εἴτε
3091 3248 3278 3302 κακόν·
3315 3247 3540 3301 ἐπειδὰν
3576 3246 3630 3299 δὲ
3657 3241 3838 3316 κριθέν-

2284 3366 2378 3412 τες
2401 3347 2678 3401 ἐκπέσωσι
2723 3347 2824 3415 τῆς
2857 3341 3070 3414 ἀγαθῆς
3101 3341 3339 3406 ἐλπίδος,
3377 3342 3471 3396 καὶ
3495 3343 3614 3404 ταῖς
3639 3335 3838 3408 ἠπειλη-

2287 3441 2476 3513 μέναις
2505 3439 2757 3493 κολάσεσι
2791 3435 3157 3508 παραδοθῶσι,
3185 3435 3247 3488 τὺ
3275 3434 3580 3506 τηνικαῦτα
3607 3429 3694 3484 τοῦ
3723 3423 3834 3480 Θεοῦ

2284 3531 2628 3595 ἐκπεσόντες,
2671 3529 2856 3596 οὐκέτι
2909 3529 3206 3600 ἀναστῆναι
3251 3527 3592 3599 δυνήσονται.
3655 3524 3736 3576 Ἐν
3771 3513 3837 3580 οἷς

2282 3624 2380 3696 τὴν
2409 3623 2714 3677 συντέλειαν
2745 3621 2980 3692 ἐδήλωσε
3023 3619 3117 3676 τοῦ
3148 3619 3376 3683 παντὸς,
3412 3621 3471 3672 ὲν
3575 3617 3604 3668 ὁ
3641 3609 3836 3684 οὐρανὸς

2283 3719 2377 3772 καὶ
2419 3719 2452 3789 ἡ
2501 3719 2570 3788 γῆ
2605 3713 3050 3788 παρελεύσονται.
3095 3711 3314 3784 Κόσμον
3349 3711 3408 3765 δὲ
3449 3707 3670 3782 ούρανοῦ
3703 3703 3838 3760 είωθε

2281 3811 2459 3875 λέγειν
2489 3810 2518 3862 ὁ
2555 3809 2796 3878 Μωῦσῆς
2823 3807 2913 3860 τὸν
2945 3805 3096 3877 ἥλιον
3117 3805 3214 3858 καὶ⁵
3249 3805 3351 3875 τὴν
3381 3805 3607 3876 σελήνην
3629 3797 3836 3857 καὶτοὺς

2279 3905 2534 3976 ἀστέρας.
2567 3923 2584 3952 ι
2609 3901 2830 3967 Ἐπάξει
2859 3900 2888 3952 ὁ
2919 3897 3052 3961 Θεὸς
3079 3897 3172 3949 ἐπὶ
3203 3898 3293 3950 τὸν
3325 3897 3534 3968 κόσμον
3581 3893 3672 3949 τοῦ
3697 3891 3838 3962 ούρα-

2280 3997 2372 4052 νοῦ
2405 3998 2503 4070 τὴν
2537 3999 2726 4069 χεῖρα·
2765 4014 2784 4046 ι
2821 3993 2966 4061 λέγω
3003 3993 3061 4045 δὲ
3095 3991 3236 4047 κατᾶ
3271 3991 3365 4045 τὸν
3407 3989 3726 4062 δηλούμενον
3753 3983 3836 4051 τῆς

2279 4090 2373 4144 τοῦ
2407 4089 2544 4144 Θεοῦ
2577 4089 2814 4159 κρίσεως
2841 4085 3054 4157 καιρόν.

2357 4225 2374 4257 ι
2411 4205 2520 4258 Καὶ
2557 4205 2649 4256 ἐπὶ
2687 4203 2812 4265 τοὺς
2858 4199 3098 4271 βασιλεῖς
3130 4199 3230 4269 τῆς
3271 4201 3398 4268 γῆς,
3451 4195 3548 4249 καὶ
3585 4189 3837 4255 συνάξουσι

2283 4299 2603 4368 συναγωγὴν
2632 4297 2802 4366 αὐτῆς
2826 4297 2907 4357 εἰς
2939 4291 3339 4364 δεσμωτήριον,
3391 4291 3488 4345 καὶ
3520 4283 3840 4344 ἀποκλείσον-

2281 4409 2365 4445 σιν
2394 4393 2473 4454 εἰς
2500 4389 2762 4461 ὀχύρωμα
2780 4405 2792 4416 ·
2823 4385 2911 4440 διὰ
2939 4385 3150 4438 πολλῶν
3180 4383 3383 4453 γενεῶν
3414 4379 3684 4450 ἐπισκοπὴ
3711 4375 3838 4428 ἔσται

2279 4483 2476 4538 αὐτῶν.
2519 4502 2536 4534 ι
2573 4483 2729 4533 Δοκεῖ
2763 4497 2852 4550 μοι
2877 4479 3003 4542 τοὺς
3025 4477 3291 4548 ἄρχοντας
3311 4475 3406 4530 τοῦ
3446 4475 3642 4535 αἰῶνος
3675 4465 3838 4522 τούτου

591 4602 776 4660 saacnli
806 4599 1154 4672 significare;
1207 4594 1288 4650 sic
1316 4593 1459 4647 enim
1493 4587 1700 4643 Danieli
1729 4585 2042 4642 declarabat
2067 4581 2177 4638 Ga-

2288 4573 2566 4648 σημαίνειν
2588 4572 2677 4626 διὰ
2703 4571 2810 4624 τῶν
2842 4570 3103 4640 βασιλέων
3132 4571 3230 4639 τῆς
3258 4569 3392 4638 γῆς·
3429 4566 3577 4622 οὕτω
3611 4561 3734 4633 γοῦν
3762 4553 3839 4610 καὶ

2322 4668 2345 4672 --
2397 4670 2403 4672 .
2518 4665 2561 4672 .-
2606 4667 2618 4672 -
2879 4661 2924 4672 ιι.
3071 4661 3084 4672 ι
3137 4659 3232 4672 cn
3275 4659 3304 4672 ιι
3372 4659 3423 4672 ιι
3463 4657 3576 4672 δᾳσὶ
3669 4651 3837 4672 \!_-_..n

591 4695 753 4761 hriel,
796 4694 922 4749 dum
961 4687 1178 4746 oracula
1237 4685 1338 4756 ipsi
1383 4683 1573 4740 ederet
1623 4681 1709 4736 his
1773 4677 2002 4732 verbis:
2041 4694 2060 4728 ι
2111 4673 2177 4728 Et

589 4789 738 4844 venit
764 4789 814 4842 in
845 4798 1134 4842 occursum
1171 4793 1346 4835 meum
1371 4776 1622 4847 princeps
1644 4772 1796 4840 regni
1823 4769 2120 4824 Medorum.
2150 4786 2168 4820 ι

589 4881 883 4950 Postquam
925 4873 1226 4932 invisibiles
1255 4869 1561 4936 huiusmodi
1611 4865 1854 4935 gentium
1895 4877 2046 4930 reges
2082 4861 2170 4916 hic

594 4973 934 5033 memoravit,
958 4971 1103 5040 ipsos
1133 4981 1291 5020 tnanu
1321 4963 1416 5016 Dei
1439 4956 1851 5030 congregandos
1875 4955 1972 5019 ait,
2009 4964 2172 5022 atque

593 5071 647 5122 in
683 5077 957 5122 carcerem
993 5058 1388 5130 conjiciendos.
1423 5061 1472 5108 et
1505 5048 1871 5106 occludendos
1907 5045 1961 5099 in
1991 5043 2170 5098 muni-

593 5163 761 5214 tione.
793 5155 927 5210 Nam
959 5169 1083 5209 cum
1117 5151 1355 5206 futurum
1396 5157 1544 5202 esset
1573 5153 1632 5198 ut
1662 5155 1886 5212 regnum
1921 5137 2012 5192 Dei
2043 5148 2171 5190 tunc

593 5250 852 5323 temporis
891 5247 1286 5318 resplenderet,
1317 5257 1382 5298 ac
1427 5255 1625 5295 novum
1657 5234 1934 5296 saeculum,
1965 5229 2172 5301 princi-

591 5358 771 5419 patus,
813 5351 1109 5414 potestates
1152 5347 1206 5392 et
1259 5345 1503 5392 rectores
1555 5319 1748 5386 mundi
1799 5326 2168 5386 tenebrarum,

593 5458 654 5496 ne
707 5435 1011 5507 spiritualia
1053 5431 1310 5500 nequitia:
1342 5435 1650 5497 superaret,
1691 5433 2030 5490 consequens
2053 5425 2174 5471 erat

592 5543 649 5585 nt
677 5532 712 5586 ii
749 5530 803 5585 in
837 5527 1011 5582 lacum
1046 5537 1206 5594 quem
1241 5519 1488 5575 foderant
1511 5518 1935 5586 conjicerentur.
1969 5511 2170 5564 Lacnm

589 5627 732 5679 enim
765 5621 963 5693 impius
1007 5616 1184 5673 omnis
1215 5615 1426 5683 aperuit
1462 5623 1517 5668 et
1538 5610 1724 5666 effodit
1759 5623 1908 5670 eum,
1937 5602 2170 5661 cteadet

593 5717 646 5772 in
671 5715 882 5770 foveam
906 5727 1068 5782 quam
1100 5709 1248 5763 fecit.

2279 4668 2356 4740 τῷ
2382 4665 2579 4737 Δανιὴλ
2597 4667 2625 4718 ὁ
2649 4661 3002 4736 χρηματίζων
3025 4659 3172 4730 αὐτῷ
3193 4659 3437 4731 Γαϐριὴλ
3459 4657 3650 4730 ἐδήλου
3669 4651 3837 4719 λέγων’

2285 4783 2302 4812 ι
2347 4761 2455 4814 Καὶ
2481 4759 2702 4830 ἐξῆλθεν
2735 4757 2816 4820 είς
2848 4754 3171 4824 συνάντησίν
3217 4769 3318 4824 μου
3365 4753 3554 4826 ἄρχων
3595 4741 3842 4821 βασιλείας

2277 4854 2495 4926 Μήδων.
2539 4872 2556 4904 ι
2593 4851 2732 4914 Τοὺς
2759 4847 3036 4910 τοιούτους
3067 4845 3334 4916 ἀοράτους
3367 4843 3484 4896 τῶν
3511 4839 3680 4895 ἐθνῶν
3713 4833 3844 4906 βασι-

2275 4925 2387 5012 λεῖς
2419 4943 2648 5000 ἐνταῦθα
2687 4937 2963 5014 προειπὼν
3003 4941 3031 4992 ὁ
3061 4937 3240 5006 λόγος,
3287 4931 3718 5008 συναχθήσεσθαι
3758 4925 3842 4979 σὺ·

2277 5040 2404 5102 τούς
2434 5055 2596 5109 φησιν
2629 5036 2734 5090 ὑπὸ
2759 5036 2858 5106 τῆς
2889 5031 3070 5103 χειρὸς
3105 5029 3198 5082 τοῦ
3239 5029 3399 5094 Θεοῦ,
3443 5030 3541 5081 καὶ
3589 5018 3841 5097 ἐμϐληθή-

2281 5130 2467 5184 σεσθαι
2511 5131 2590 5192 είς
2638 5127 3008 5198 δεσμωτήριον
3060 5125 3152 5176 καὶ
3206 5115 3734 5192 ἀποκλεισθήσεσθαι
3775 5111 3846 5171 εἰς

2279 5225 2562 5296 ὀχύρωμα.
2607 5219 2922 5274 Ἀκόλουθόν
2957 5237 3050 5290 μοι
3087 5213 3285 5290 γὰρῆν
3317 5219 3414 5286 τῆς
3458 5211 3732 5286 βασιλείας
3763 5201 3841 5258 τοῦ

2273 5317 2408 5372 Θεοῦ
2441 5314 2739 5388 μελλούσης
2769 5313 2887 5366 τότε
2919 5311 3264 5381 διαλάμπειν,
3301 5308 3394 5361 τοῦ
3422 5323 3486 5360 τε
3517 5307 3642 5359 νέου
3675 5298 3846 5354 αἰῶνος

2275 5387 2590 5482 ἐπικρατεῖν
2639 5407 2737 5470 τὰς
2781 5405 2956 5478 ἀρχὰς
3003 5405 3098 5458 καὶ
3146 5403 3244 5466 τὰς
3295 5401 3552 5466 ἐξουσίας
3601 5393 3696 5449 καὶ
3737 5387 3846 5446 τοὺς

2273 5502 2722 5574 κοσμοκράτορας
2756 5497 2848 5552 τοῦ
2895 5497 3120 5560 σκότους
3153 5495 3365 5558 τούτου,
3397 5493 3495 5544 καὶ
3520 5489 3592 5543 τὰ
3625 5495 3847 5550 πνευμα-

2273 5597 2400 5650 τικᾶ
2431 5597 2529 5666 τῆς
2570 5592 2854 5664 πονηρίας,
2899 5591 2978 5654 εἰς
3011 5591 3102 5643 τὸν
3145 5589 3494 5660 προσήκοντα
3531 5580 3724 5638 αὐτοὺς
3757 5586 3844 5624 κη·-

2273 5689 2608 5762 τα6ληθῆναι
2639 5686 2861 5750 λάκκον,
2885 5684 2944 5738 ὃν
2963 5683 3116 5737 αὐτοὶ
3142 5683 3354 5744 ἑαυτοῖς
3374 5677 3618 5750 ὤρυξαν.
3650 5669 3850 5727 Λάκων

589 5817 698 5888 γὰρ
729 5815 838 5878 πᾶς
887 5778 1088 5882 ἀσεϐὴς
1120 5805 1294 5878 ὤρυξε
1349 5806 1444 5858 καὶ
1491 5801 1795 5869 ἀνέσκαψεν
1845 5799 2028 5862 αὐτὸν,
2077 5795 2174 5849 καὶ
2212 5791 2528 5862 ἐμπεσεῖται
2557 5786 2638 5848 εἰς
2667 5782 2855 5855 βόθρον
2891 5780 2951 5834 ὃν
2979 5778 3290 5853 εἰργάσατο.
