4158 6402
541 370 641 428 261
1210 368 1484 432 EUSEBll
1512 368 1986 428 CIESARIENSIS
2022 367 2173 429 OPP.
2214 370 2391 427 PARS
2430 369 2518 428 Ill.
2557 398 2630 416 -
2665 370 3078 431 EXEGETICA.
3689 375 3798 432 268

541 503 600 551 et
625 498 992 564 tegumentum
1029 502 1150 544 eras
1182 501 1200 542 :
1233 489 1344 545 imo
1369 487 1532 544 etiam
1575 487 1684 542 illis
1717 495 1847 541 tunc
1880 486 2115 542 sitienti-

2224 485 2351 540 ἀλλὰ
2381 485 2480 540 καὶ
2523 486 2801 557 διψώντων
2839 490 2961 542 κατ’
2992 489 3169 541 έκεῖνο
3199 489 3390 560 καιροῦ
3413 529 3428 553 ,
3483 489 3560 555 ὡς
3597 489 3802 562 λέγειν,

543 588 669 653 bus,
712 601 778 641 ac
827 583 1144 648 dicentibus,
1193 601 1212 634 ι
1244 581 1430 638 Sitivit
1475 580 1653 636 anima
1695 595 1814 635 mea
1851 580 1916 635 ad
1944 577 2114 635 Deum

2224 599 2240 632 ι
2291 579 2575 650 Ἐδίψησεν
2604 582 2637 650 ἡ
2667 579 2812 652 ψυχὴ
2847 597 2947 652 μου
2988 581 3124 651 πρὸς
3152 581 3244 635 τὸν
3289 582 3421 636 Θεὸν
3451 583 3544 638 τὸν
3584 584 3802 658 ἰσχυρὸν

546 673 740 728 fortem
788 681 844 727 et
875 671 1165 734 viventem,
1197 688 1215 722 ι
1272 677 1326 725 tu
1363 670 1487 724 item
1536 667 1658 724 fons
1700 683 1854 735 eras,
1889 669 1980 740 qui
2023 684 2117 725 eos

2224 673 2310 726 καὶ
2339 670 2538 736 ζῶντα,
2580 691 2605 747 ιη
2638 671 2704 724 σὺ
2737 671 2899 726 πάλιν
2926 667 3070 745 ἦσθα
3091 672 3263 745 πηγὴ,
3312 674 3576 746 δροσίζων
3605 677 3804 742 αὐτοὺς

549 765 728 821 sancti
758 763 988 834 Spiritus
1035 761 1188 816 alveo
1243 759 1604 833 refrigerabas
1657 769 1820 832 atque
1865 765 2116 832 potabas,

547 874 612 915 ac
638 873 731 914 eos
756 857 936 912 animo
963 854 1274 911 deﬁcientes
1304 855 1612 918 recreabas,
1639 857 1893 925 ipsosque
1916 855 2116 911 virtute

549 949 810 1017 unigeniti
847 946 1005 1004 Verbi
1061 949 1134 1002 tui
1178 947 1546 1003 confortabas.
1597 946 1675 1003 Ne
1734 962 1863 1003 vero
1892 947 2005 1003 haec
2049 951 2118 1004 de

547 1057 604 1096 se
653 1041 794 1096 dicta
850 1041 1014 1096 fuisse
1062 1041 1466 1111 suspicarentur
1519 1038 1727 1104 Judaei,
1782 1039 2006 1096 ell'usam
2061 1042 2115 1096 in

547 1146 740 1187 omnes
791 1142 982 1199 gentes
1031 1130 1230 1186 Christi
1289 1130 1519 1202 gratiam
1573 1132 1877 1188 necessario
1933 1133 2119 1188 adiicit

547 1226 634 1282 his
665 1226 844 1281 verbis
875 1243 889 1278 :

619 1405 786 1460 Vens.
821 1403 872 1458 6.
917 1423 935 1456 ι
966 1405 1034 1460 Ει
1077 1405 1238 1461 faciet
1279 1405 1540 1461 Dominus
1585 1404 1822 1460 Sabaoth
1867 1406 2118 1459 omnibus

549 1501 801 1568 gentibus
832 1499 885 1552 in
921 1507 1104 1553 monte
1139 1500 1258 1553 hoc.
1293 1519 1311 1552 ι
1352 1500 1493 1566 Quid
1521 1515 1651 1555 vero
1683 1499 1884 1554 faciet?
1917 1499 2122 1554 Secun-

549 1593 672 1645 dum
718 1591 950 1659 reliquos
997 1590 1211 1660 quidem
1243 1591 1586 1660 interpretes,
1624 1610 1642 1643 ι
1683 1603 1930 1662 potum,»
1980 1593 2119 1647 dici-

552 1695 674 1751 tur;
725 1685 1018 1740 secundum
1061 1695 1236 1739 autem
1264 1682 1429 1749 LXX,
1473 1703 1490 1736 ι
1515 1685 1729 1751 Bibeut,
1763 1687 1955 1754 inquit.
1987 1686 2122 1740 laeti-

550 1777 707 1841 tiam,
749 1777 934 1830 bibent
965 1774 1172 1829 vinum.
1199 1794 1218 1828 ι
1264 1774 1579 1829 Convivium
1610 1790 1739 1847 ergo
1769 1791 1871 1830 non
1912 1775 2118 1840 lsraeli,

2217 764 2311 816 καὶ
2333 762 2566 828 ποτίζων
2598 765 2664 834 τῇ
2690 762 2786 816 τοῦ
2809 763 2966 832 άγίου
2997 763 3314 834 Πνεύματος
3332 765 3590 839 ἐπιρροῇ,
3614 768 3711 821 καὶ
3738 769 3804 821 σὺ

2215 855 2315 927 τῆς
2348 854 2696 926 όλιγσᾲυχίας
2741 856 2936 920 αὐτοὺς
2995 857 3241 923 άνεκτώ,
3291 859 3558 930 ἐνισχύων
3605 861 3805 923 αὐτοὺς

2216 952 2282 1021 τῇ
2316 949 2541 1019 δυνάμει
2588 948 2682 1002 τοῦ
2733 949 3054 1020 μονογενοῦς
3104 968 3198 1004 σου
3236 951 3432 1020 Λόγου.
3470 954 3590 1007 Ἵνα
3635 953 3693 1008 δὲ
3731 951 3805 1024 μὶν

2219 1043 2348 1112 περὶ¹
2377 1041 2556 1095 αὐτῶν
2607 1040 2779 1095 ταῦτα
2811 1041 3066 1110 λέγεσθαι
3121 1042 3466 1097 ὑπολάϐωσιν
3529 1045 3806 1098 Ἰουδαίων

2220 1135 2426 1197 παῖδες,
2482 1134 2794 1204 ἀναγκαίως
2817 1133 2916 1206 τὴν
2955 1135 3035 1199 είς
3065 1135 3244 1189 πάντα
3286 1136 3352 1189 τὰ
3385 1136 3512 1207 ἔθνη
3545 1136 3806 1207 χυθεῖσαν

2216 1225 2312 1278 τοῦ
2333 1223 2568 1296 Χριστοῦ
2601 1226 2762 1298 χάριν
2794 1225 3044 1298 ἐπιφέρει
3075 1225 3251 1295 λέγων
3272 1245 3286 1257 ·

2296 1426 2314 1458 r
2352 1405 2463 1461 Kal.
2500 1407 2715 1478 ποιήσει
2742 1408 2771 1460 ό
2800 1406 3006 1479 Κύριος
3039 1406 3266 1460 Σαϐαὼθ
3307 1409 3439 1460 πᾶσι
3478 1410 3591 1472 τοῖς
3627 1408 3808 1462 ἔθνεσι

2219 1498 2311 1551 ἐπὶ
2339 1499 2400 1552 τὸ
2424 1499 2550 1571 ὅρος
2572 1500 2748 1552 τοῦτο.
2791 1517 2808 1550 ι
2866 1500 2931 1552 Τί
2975 1499 3030 1552 δὲ
3073 1501 3324 1570 ποιήσεις
3370 1500 3509 1552 κατὰ
3554 1501 3654 1571 μὲν
3679 1502 3808 1564 τοὺς

2219 1591 2437 1655 λοιποὺς
2460 1593 2824 1664 ὲρμηνευτάς,
2879 1611 2898 1644 ι
2937 1593 3120 1656 πότον,
3154 1611 3171 1645 ι
3220 1591 3346 1664 ἑξῆς
3380 1593 3628 1664 εἴρηται*
3667 1593 3809 1646 κατὰ

2219 1683 2275 1736 δὲ
2315 1685 2440 1747 τοὺς
2479 1683 2900 1755 Ἑϐδομὴκοντα,
2941 1703 2958 1735 t
2994 1685 3237 1752 Πίονται,
3276 1703 3294 1736 ι
3335 1685 3527 1756 φησὶν,
3562 1704 3581 1736 r
3620 1686 3808 1758 εὐφροι

2226 1775 2414 1846 σύνην,
2449 1777 2663 1829 πίονται
2689 1771 2851 1830 οἶνον.
2892 1795 2910 1828 ι
2956 1775 3263 1848 Συμπόσιον
3288 1776 3468 1830 τοίνυν
3491 1778 3553 1831 ού
3585 1776 3663 1849 τῷ
3701 1779 3808 1832 Ἰσ-

556 1883 735 1936 neque
760 1867 987 1922 Judai'co
1020 1866 1233 1936 pupulo,
1285 1868 1378 1922 sed
1409 1865 1659 1922 omnibus
1680 1845 1936 1938 gentibus
1963 1883 2122 1938 para.

2230 1866 2389 1938 ραὴλ,
2428 1867 2548 1920 οὐδὲ
2596 1867 2674 1938 τῷ
2731 1867 3003 1920 Ἰουδαίων
3051 1866 3185 1938 λαῷ,
3234 1869 3368 1921 πᾶσι
3406 1868 3462 1922 δὲ
3486 1871 3600 1933 τοῖς
3633 1867 3810 1922 ἔθνεσι

553 1969 730 2013 turum
754 1973 876 2014 esse
897 1959 1179 2013 Dominum
1201 1959 1543 2020 vaticinatur,
1570 1975 1674 2014 non
1702 1961 1752 2014 in
1771 1960 2121 2022 convallibus.

548 2067 654 2106 non
692 2052 743 2106 in
774 2051 1018 2123 planitie.
1053 2052 1146 2105 sed
1193 2067 1367 2120 neque
1403 2052 1582 2106 multis
1616 2055 1670 2106 in
1705 2054 1994 2118 montibus,
2031 2071 2126 2106 ne-

547 2157 654 2212 quc
687 2144 738 2197 in
780 2144 887 2198 alio
925 2144 1116 2213 quovis
1170 2153 1372 2207 monte,
1403 2145 1496 2199 scd
1531 2145 1582 2198 iu
1617 2146 1727 2214 illo,
1759 2161 1918 2215 quem
1951 2148 2124 2212 expli-

548 2253 679 2292 cans
708 2238 942 2304 dicebat,
981 2257 998 2289 ί
1023 2238 1288 2304 Quoniam
1325 2237 1568 2307 regnabit
1604 2239 1862 2293 Dominus
1894 2240 1944 2294 iu
1973 2257 2126 2293 mon-

548 2329 713 2395 tibus,
757 2339 810 2385 et
852 2329 904 2384 in
945 2340 1235 2401 conspectu
1267 2331 1541 2386 seniorum
1594 2347 1812 2386 suorum
1857 2331 2124 2404 gloriﬁca-

544 2422 711 2477 bitur.
739 2442 757 2474 ι
797 2422 930 2478 Nam
969 2423 1018 2478 in
1061 2433 1242 2478 monte
1288 2423 1437 2493 regni
1483 2426 1590 2490 sui,
1640 2423 1692 2478 in
1738 2439 1846 2495 quo
1894 2425 2121 2496 gloriam

543 2531 697 2570 suam
741 2517 1046 2571 senioribus
1083 2516 1196 2571 suis
1235 2516 1522 2586 prazhehit,
1568 2532 1630 2572 ac
1660 2518 1910 2588 gentibus
1937 2521 2122 2574 convi-

541 2607 687 2660 vium
746 2607 1049 2676 apparabit,
1103 2603 1529 2660 immortalitatis
1583 2617 1765 2675 potum
1817 2607 1949 2677 ipsis
1981 2609 2123 2664 elar-

540 2699 735 2765 gietur.
778 2697 930 2753 Hunc
979 2714 1110 2752 vero
1161 2707 1397 2752 montem
1443 2697 1682 2765 explicat
1721 2700 2010 2772 Apestolus
2044 2701 2126 2755 di-

539 2806 668 2846 rens
697 2791 756 2855 ",
799 2810 815 2843 I
851 2791 1170 2847 Accessistis
1211 2789 1276 2842 ad
1311 2789 1438 2843 Sion
1473 2800 1734 2857 montem,
1762 2801 1818 2846 et
1849 2791 2121 2847 civitatem

539 2881 634 2936 Dei
680 2881 956 2947 viventis,
1005 2879 1307 2936 Jerusalem
1369 2881 1670 2946 ctelestem,
1723 2892 1782 2937 et
1831 2881 2121 2938 multorum

540 2974 773 3030 millium
819 2975 1135 3046 angelorum
1179 2971 1558 3042 frequentiam,
1589 2983 1644 3028 et
1674 2974 1970 3030 Ecclesiam
2012 2979 2126 3047 pri-

537 3067 874 3134 mitivorum,
902 3066 992 3136 qui
1024 3065 1279 3135 descripti
1315 3073 1445 3119 sunt
1476 3066 1528 3120 in
1557 3067 1731 3124 ctelis.
1759 3087 1778 3122 τ
1815 3066 1929 3124 Hoc
1961 3069 2125 3140 igitur

538 3157 594 3213 in
620 3157 738 3213 loco
765 3158 1067 3222 constituti,
1105 3173 1212 3215 non
1246 3157 1436 3224 Israel,
1481 3159 1576 3216 sed
1603 3169 1866 3230 quotquot
1892 3177 1956 3216 ex
1986 3178 2118 3232 gen-

537 3253 684 3309 tibus
710 3253 963 3308 omnibus
1001 3251 1462 3323 promissionibus
1493 3253 1701 3323 dignati
1733 3263 1900 3319 sunt,
1932 3254 2122 3310 bibent

535 3345 808 3413 lmtitiam,
838 3346 1026 3402 bibent
1066 3347 1192 3400 item
1227 3344 1355 3401 illud
1392 3359 1458 3400 ex
1490 3360 1619 3399 vera
1651 3346 1762 3401 vite
1799 3361 2118 3417 expressum

535 3440 745 3507 vinum,
785 3440 852 3494 de
898 3455 1008 3510 quo
1059 3438 1312 3495 Salvator
1356 3438 1452 3501 ait,
1504 3457 1524 3492 ο
1553 3438 1670 3494 Νοη
1716 3439 1901 3510 utique
1940 3441 2119 3496 bibam

533 3529 685 3596 illud,
726 3529 898 3584 donec
928 3529 1109 3586 bibam
1139 3527 1270 3584 illud
1303 3541 1505 3582 novum
1543 3525 1826 3582 vobiscum
1859 3527 1914 3582 in
1955 3541 2122 3598 regno

534 3623 797 3678 caelorum
829 3623 894 3678 ”.
925 3640 944 3675 ι

605 3799 777 3858 Vens.
815 3805 869 3858 7.
929 3821 948 3856 ι
981 3804 1267 3874 ngentur
1320 3813 1598 3876 unguento
1657 3803 1713 3859 in
1767 3812 1950 3858 monte
1996 3803 2120 3858 hoc.

535 3889 714 3947 Trade
747 3893 930 3947 omnia
978 3895 1094 3949 haec
1124 3893 1382 3963 gentibus
1419 3911 1434 3949 :
1486 3893 1776 3952 consilium
1821 3893 1966 3949 enim
2018 3894 2124 3947 hoc

539 3998 702 4052 super
747 4000 940 4040 omnes
983 3996 1189 4056 gentes.
1223 4006 1242 4039 ι
1307 3987 1507 4041 Horum
1555 4001 1722 4056 porro
1771 3986 2040 4055 imagines
2071 3993 2126 4039 et

539 4077 780 4147 symbola
814 4078 865 4131 in
904 4079 1180 4148 mysteriis
1229 4081 1354 4132 novi
1396 4079 1728 4134 Testamenti
1783 4095 1882 4150 per
1932 4079 2127 4150 mysti-

536 4185 661 4224 cutn
695 4171 933 4226 chrisma
961 4182 1016 4226 et
1044 4171 1333 4226 salutarem
1366 4171 1686 4241 sanguinem
1724 4173 1878 4226 nobis
1903 4170 2124 4224 tradidit

536 4263 882 4334 evangelicus
911 4279 1123 4327 sermo;
1155 4273 1213 4318 ut
1248 4264 1301 4317 in
1342 4264 1427 4319 his
1459 4265 1695 4332 probati,
1731 4265 1895 4318 etiam
1938 4262 2126 4318 melio-

538 4372 660 4412 rum
721 4356 1012 4427 participes
1064 4357 1284 4411 simus:
1322 4359 1522 4411 etenim
1577 4357 1740 4412 Israel
1798 4357 1882 4411 his
1932 4357 2126 4425 dignus

536 4461 646 4501 non
705 4457 812 4501 est.
872 4447 1340 4514 Quemadmodum
1399 4458 1583 4502 autem
1641 4446 1766 4516 quis
1820 4447 2124 4514 depositum

2229 1961 2670 2032 παρασκευάσειν
2702 1960 2793 2013 τὸν
2839 1959 3042 2032 Κύριον
3074 1961 3132 2012 tv
3163 1959 3375 2023 τούτοις
3415 1960 3682 2026 θεσπίζει,
3710 1961 3810 2015 οὐκ

2226 2053 2283 2105 tv
2312 2050 2665 2122 κοιλώμασιν,
2706 2052 2827 2105 οὐδὲ
2857 2054 2915 2106 tv
2947 2051 3238 2122 φάραγξιν,
3278 2052 3399 2106 οὐδὲ
3431 2054 3489 2107 tv
3523 2054 3774 2108 πεδιάσιν
3794 2069 3809 2082 ·

2225 2143 2338 2198 ἀλλ’
2394 2145 2513 2198 οὐδὲ
2567 2146 2624 2197 tv
2681 2145 2894 2208 πολλοῖς
2937 2145 3142 2217 ὄρεσιν,
3193 2144 3303 2198 οὐδ’
3333 2145 3410 2209 ὼς
3457 2145 3646 2216 ἔτυχεν
3694 2145 3812 2208 ἐνὸς

2223 2236 2411 2306 ὅρους·
2440 2237 2555 2290 ἀλλ’
2604 2239 2662 2289 tv
2707 2237 2918 2308 ἐκείνῳ,
2947 2238 3084 2309 ὅπερ
3103 2237 3318 2302 δεικνὺς
3357 2237 3579 2307 ἔλεγενο
3621 2259 3640 2290 ι
3687 2239 3813 2293 Ὀτι

2226 2327 2535 2398 βασιλεύσει
2572 2329 2775 2401 Κύριος
2808 2331 2866 2383 tv
2902 2331 3078 2401 δρεσι,
3125 2331 3220 2384 καὶ
3265 2329 3499 2385 ἐνώπιον
3531 2331 3642 2384 τῶν
3675 2349 3814 2404 πρε-

2226 2419 2504 2492 σϐυτέρων
2537 2419 2704 2474 αὑτοῦ
2745 2420 3158 2491 δοξασθήσεται.
3200 2439 3220 2472 ι
3270 2421 3358 2475 Ἐν
3410 2420 3520 2493 γὰρ
3565 2420 3646 2492 τῷ
3695 2422 3816 2493 όρει

2222 2514 2318 2582 τῆς
2348 2511 2541 2564 ἑαυτοῦ
2575 2510 2873 2582 βασιλείας,
2899 2511 2956 2564 tv
2982 2503 3028 2578 ᾧ
3055 2511 3148 2564 καὶ
3175 2509 3274 2581 τὴν
3295 2507 3452 2574 δόξαν
3475 2508 3670 2562 ἑαυτοῦ
3700 2511 3815 2572 τοῖς

2224 2600 2416 2654 ἑαυτοῦ
2469 2599 2864 2673 πρεσϐυτέροις
2907 2599 3157 2671 παρέξει,
3216 2601 3312 2655 καὶ
3363 2603 3476 2664 τοῖς
3527 2600 3703 2654 ἔθνεσι
3753 2600 3816 2654 τὸ

2227 2694 2528 2765 συμπόσιον
2562 2692 3018 2765 παρασκευάσας,
3053 2692 3117 2746 τὸ
3150 2692 3250 2764 τῆς
3283 2690 3585 2755 ἀθανασίας
3628 2693 3815 2756 αὐτοῖς

2223 2787 2386 2840 ποτὸν
2413 2786 2736 2859 δωρήσεται.
2770 2785 3077 2856 Παρίστησι
3101 2784 3158 2839 δὲ
3184 2784 3247 2838 τὸ
3270 2784 3398 2856 ὅρος
3420 2785 3450 2836 ό
3490 2785 3813 2849 ’Δπόστολος

2223 2878 2423 2933 είπὼνο
2453 2898 2470 2930 t
2496 2877 2948 2951 Προσεληλύθατε
2993 2877 3132 2932 Σιὼν
3176 2877 3291 2950 δρει
3315 2916 3332 2942 ,
3367 2877 3462 2932 καὶ
3493 2877 3645 2931 πόλει
3673 2878 3812 2932 Θεοῦ

2225 2968 2425 3033 ζῶντος
2465 2968 2822 3040 Ἰερουσαλὴμ
2850 2967 3181 3040 ἐπουρανίῳ,
3229 2968 3324 3022 καὶ
3364 2968 3620 3040 μυριάσιν
3647 2968 3816 3038 ἀγγέ-

2222 3060 2330 3114 λων
2388 3061 2718 3134 πανηγύρει,
2764 3062 2861 3116 καὶ
2908 3060 3206 3134 Ἐκκλησία
3257 3062 3625 3135 πρωτοτόκων
3671 3063 3814 3115 ἀπο-

2225 3155 2634 3228 γεγραμμένων
2679 3155 2738 3209 ὲν
2784 3155 3056 3228 οὐρανοῖς.
3125 3173 3144 3207 ι
3212 3154 3478 3210 Ἐνταῦθα
3515 3156 3690 3210 τοίνυν
3721 3171 3817 3224 γε·

2224 3247 2460 3320 νόμενοι,
2485 3249 2586 3319 οὐχ
2605 3249 2633 3301 ό
2671 3247 2912 3320 Ἰσραὴλ,
2939 3247 3054 3301 ἀλλ’
3079 3247 3129 3301 οί
3154 3245 3216 3312 ὲξ
3234 3247 3488 3303 ἁπάντων
3512 3249 3622 3304 τῶν
3643 3249 3816 3304 ἐθνῶν

2226 3340 2642 3412 καταξιούμενοι
2674 3340 2785 3394 τῶν
2820 3339 3162 3410 ἐπαγγελιῶν
3195 3339 3410 3394 πίονται
3442 3340 3812 3414 εὐφροσύνην,

2227 3434 2322 3488 καὶ
2355 3432 2566 3486 πίονται
2591 3433 2682 3486 τὸν
2712 3433 2778 3486 ὲκ
2801 3432 2900 3504 τῆς
2927 3431 3188 3504 ἀληθινῆς
3214 3432 3462 3505 ἀμπέλου
3491 3429 3657 3496 οἶνον,
3686 3435 3818 3507 περὶ

2225 3521 2286 3579 οὗ
2314 3527 2342 3578 ό
2373 3525 2567 3596 Σωτὴρ
2593 3524 2747 3593 ἔλεγε
2771 3541 2785 3554 ο
2831 3545 2849 3576 r
2892 3524 2969 3578 Οὐ
2998 3523 3104 3596 μὴν
3131 3524 3242 3578 πίω
3272 3523 3456 3590 αὑτὸν,
3483 3525 3589 3590 ἓως
3617 3525 3684 3579 ἂν
3704 3527 3820 3580 πίω

2227 3615 2394 3668 αὐτὸν
2442 3614 2628 3668 καινὸν
2669 3613 2786 3685 μεθ’
2832 3613 2989 3686 ὑμῶν
3029 3616 3089 3669 tv
3119 3618 3186 3688 τῇ
3239 3614 3483 3688 βασιλεία
3514 3616 3622 3671 τῶν
3651 3617 3819 3689 obpa-

2229 3723 2354 3758 νων.
2395 3723 2410 3754 ι

2302 3817 2321 3851 ι
2363 3798 2657 3869 Χρίσονται
2703 3797 2872 3871 μύρον
2919 3799 2978 3853 tv
3028 3797 3108 3871 τῷ
3159 3797 3276 3872 ὄρει
3323 3798 3519 3871 τούτῳ.
3568 3799 3819 3872 Παράὸος

2225 3891 2404 3946 ταῦτα
2447 3892 2625 3966 πάντα
2661 3895 2772 3956 τοῖς
2808 3892 3018 3946 ἔθνεσιν
3045 3906 3061 3922 ⁸
3101 3893 3135 3964 ή
3189 3890 3299 3964 γὰρ
3331 3892 3494 3964 βουλὴ
3538 3891 3678 3965 αὕτη
3725 3895 3821 3947 ἐπὶ

2231 3987 2412 4040 πάντα
2443 3985 2512 4039 τὰ
2545 3984 2694 4056 ἔθνη.
2739 4003 2758 4036 ι
2795 3983 3012 4039 Τούτων
3037 3983 3096 4038 δὲ
3125 3984 3340 4048 εἰκόνας
3371 3985 3506 4056 ημῖν
3543 3984 3638 4037 καὶ
3675 3983 3819 4056 σύμο

2229 4076 2361 4130 ϐολα
2387 4077 2444 4129 tv
2475 4078 2588 4139 τοῖς
2625 4075 2950 4146 μυστηρίοις
2969 4076 3069 4146 τῆς
3098 4077 3293 4148 καινῆς
3321 4074 3595 4146 Διαθήκης
3613 4075 3702 4129 διὰ
3722 4073 3819 4128 τοῦ

2234 4170 2496 4241 μυστικοῦ
2541 4169 2843 4240 χρίσματος
2899 4171 2994 4224 καὶ
3047 4169 3142 4224 τοῦ
3190 4169 3461 4242 σωτηρίου
3512 4169 3741 4240 αἵματος
3788 4171 3822 4223 6

2229 4262 2586 4332 εὐαγγελικὸς
2618 4262 2978 4334 παραδέδωκε
3011 4262 3168 4332 λόγος
3202 4280 3216 4293 ’
3248 4263 3358 4331 ἵνα,
3400 4265 3460 4318 tv
3491 4263 3698 4328 τούτοις
3727 4264 3819 4320 δο-

2231 4353 2613 4426 κιμασθέντες,
2660 4354 2888 4409 καὶτῶν
2925 4356 3248 4427 κρειττόνων
3293 4355 3689 4427 μεταλάῦωμεν
3718 4373 3737 4390 ⁸
3787 4359 3821 4410 ὁ

2229 4449 2340 4519 γὰρ
2381 4447 2600 4519 Ἰσραὴλ
2637 4448 2738 4501 οὐκ
2767 4447 2916 4513 ἄξιος
2943 4448 3167 4503 τούτων.
3205 4450 3420 4522 Ὥσπερ
3448 4449 3506 4503 δέ
3539 4468 3624 4516 τις
3650 4467 3822 4522 napa-

535 4554 659 4594 cum
715 4555 965 4593 mensura
1031 4541 1230 4608 tradit,
1285 4542 1402 4605 sic,
1461 4541 1660 4608 inquit,
1702 4539 1997 4609 mysticum
2053 4539 2121 4592 de

2224 4540 2539 4612 καταθὴκην
2571 4543 2628 4594 tv
2648 4541 2831 4613 μέτρῳ
2855 4541 3385 4612 παραδίδωσι,οὖτω,
3412 4542 3567 4613 φησι,
3583 4542 3674 4597 τὸν
3689 4542 3824 4615 περὶ

535 4630 810 4699 praedictis
866 4632 1032 4685 rebus
1089 4645 1398 4686 sermonem
1474 4629 1627 4684 trade
1688 4629 1939 4684 omnibus
1994 4641 2127 4697 geu-

539 4722 684 4776 tibus
739 4736 756 4776 :

536 4823 618 4872 ιοε
649 4825 749 4870 est.

612 4906 774 4964 Vens.
801 4910 855 4965 8.
895 4927 915 4962 ‹
938 4911 1226 4982 Absorpsit
1265 4923 1414 4964 mors
1451 4906 1752 4980 praevalens
1775 4946 1791 4971 ,
1839 4916 1894 4961 ct
1935 4919 2126 4960 rursus

537 4997 761 5053 abstulit
789 5000 930 5058 Deus
958 5019 1174 5059 omnem
1207 5003 1512 5074 lacrymam
1538 5003 1606 5054 ab
1632 4997 1780 5055 omni
1811 4997 1957 5052 vultu
1989 5015 2004 5052 :
2036 5011 2125 5067 op-

537 5087 822 5158 probrium
861 5093 1055 5161 [populi
1108 5093 1336 5149 abstulit
1384 5093 1454 5147 ab
1516 5090 1774 5146 universa
1826 5097 2018 5144 terra:
2063 5102 2124 5142 os

538 5181 684 5234 enim
711 5179 925 5237 Domini
956 5184 1195 5239 locutum
1220 5191 1324 5240 est.
1352 5203 1370 5236 ι
1407 5183 1548 5238 Tum
1577 5183 1767 5253 igitur,
1795 5196 1919 5236 cum
1949 5181 2123 5236 sancti

539 5287 643 5326 una
694 5271 826 5328 cum
863 5274 1003 5329 Filio
1054 5277 1148 5331 Dei
1203 5271 1550 5348 regnabant,
1604 5277 1718 5344 ipsa
1777 5289 1946 5338 mors,
2007 5289 2126 5342 qua:

539 5365 668 5420 olim
698 5366 1029 5436 dcglutiebat
1057 5383 1152 5422 eos
1172 5409 1188 5435 ,
1215 5371 1437 5424 omnino
1466 5369 1870 5425 absorbehitur.
1902 5366 2007 5421 Pro
2033 5367 2123 5421 illa

538 5468 747 5523 autem,
779 5461 883 5513 erit
911 5461 1098 5515 unctio
1141 5476 1246 5530 qua
1299 5461 1630 5531 inungentur
1671 5476 1862 5516 omnes
1913 5469 2120 5532 gentes.

539 5549 752 5606 Etenim
783 5554 930 5608 uncti
978 5552 1068 5608 illo
1097 5564 1396 5621 unguento,
1441 5570 1547 5610 non
1581 5556 1726 5610 ultra
1754 5557 1914 5612 morti
1962 5563 2127 5611 erunt

539 5645 756 5700 obnoxii
783 5685 798 5710 ,
840 5647 936 5702 sed
967 5645 1395 5702 immortalitatis
1427 5658 1481 5702 et
1505 5659 1724 5704 aeterna:
1755 5649 1877 5705 vita:
1903 5663 2124 5706 consor-

541 5850 586 5883 ⁸⁸
640 5847 800 5904 Hebr.
831 5847 1056 5922 χιιι-,29η
1127 5851 1178 5882 ⁷¹⁶
1202 5847 1392 5906 Matth.
1426 5864 1576 5911 uti,
1611 5849 1698 5905 29.

816 4739 939 4778 nam
1006 4725 1112 4782 hoc
1173 4722 1465 4778 consilium
1526 4736 1693 4794 super
1746 4735 1937 4775 omnes
1990 4735 2156 4790 gen»

2219 4630 2336 4686 ’τῶν
2382 4632 2683 4704 λεχθέντων
2737 4633 2998 4704 μυστικὸν
3051 4635 3208 4704 λόγον
3253 4633 3494 4706 παράδος
3526 4635 3661 4689 πᾶσι
3704 4639 3820 4699 τοῖς

2229 4726 2407 4780 ἔθνεσι
2436 4743 2450 4758 ο
2480 4729 2575 4780 καὶ
2604 4727 2712 4802 γὰρ
2741 4727 2904 4800 βουλὴ
2934 4727 3074 4800 αὕτη
3102 4729 3197 4783 ἐπὶ
3228 4729 3406 4784 πάντα
3423 4728 3494 4784 τά
3523 4728 3671 4800 ἔθνη.

2303 4923 2322 4960 t
2365 4909 2644 4963 Κατέπιεν
2663 4911 2692 4962 ό
2717 4909 2948 4974 θάνατος
2965 4908 3211 4981 ἰσχύσας,
3227 4910 3324 4964 καὶ
3339 4908 3502 4965 πάλιν
3525 4907 3766 4978 άφεῖλειν
3787 4909 3836 4961 ἃ

2227 4999 2359 5065 Θεὸς
2384 5003 2494 5056 πᾶν
2517 5001 2752 5072 δάκρυον
2783 5004 2891 5057 ἀπὸ
2913 5003 3115 5068 παντὸς
3145 5003 3439 5078 προσώπου
3463 5019 3477 5032 ·
3512 5002 3575 5056 τὸ
3616 5001 3825 5067 Elvsios

2222 5091 2320 5146 τοῦ
2356 5092 2486 5148 λαοῦ
2517 5095 2736 5163 ἀφεῖλεν
2755 5096 2864 5152 άπὸ
2890 5096 3072 5168 πάσης
3101 5096 3324 5168 τῆς³γῆς
3349 5111 3364 5126 ο
3401 5095 3462 5150 τὸ
3485 5094 3595 5165 γάρ
3629 5092 3824 5164 ’στόμα

2222 5185 2426 5258 Κυρίου
2448 5187 2695 5260 ὲλάλησε.
2724 5207 2742 5239 ι
2765 5189 2897 5242 Τότε
2916 5189 3114 5261 τοίνυν,
3133 5189 3220 5265 ὅτε
3246 5187 3324 5259 τῷ
3355 5187 3472 5259 Υἱῷ
3494 5187 3588 5240 τοῦ
3610 5185 3745 5240 Θεοῦ
3767 5185 3822 5239 οι

2223 5279 2369 5348 ἅγιοι
2401 5281 2942 5352 συμᾶισιλεύσουσιν,
2977 5274 3139 5346 αὐτὸς
3164 5283 3193 5335 ό
3218 5280 3448 5345 θάνατος
3464 5283 3494 5335 ό
3523 5279 3693 5334 πάλαι
3718 5287 3821 5335 ata-

2226 5373 2472 5427 ταπίνων
2485 5375 2702 5440 αὐτοὺς,
2724 5377 2942 5440 πάντως
2968 5370 3430 5447 καταποθήσίται.
3448 5375 3593 5428 ’Δντὶ
3612 5372 3671 5428 δὲ
3696 5373 3828 5427 106‘-

2231 5483 2325 5519 του
2356 5467 2506 5522 ἔσται
2539 5471 2572 5539 ἡ
2606 5470 2788 5540 χρίσις
2824 5471 2856 5542 ἡ
2888 5469 3221 5542 κεχρισμένη
3251 5472 3333 5533 είς
3361 5450 3638 5522 πάντατά
3660 5467 3819 5538 {Om}.

2231 5557 2560 5630 Χρισθέντες
2612 5560 2722 5633 γὰρ
2751 5561 2852 5634 ’τῷ
2890 5554 3190 5634 χρίσματι,
3249 5561 3434 5615 οὐκέτι
3499 5561 3824 5633 γενήσονται

2234 5651 2533 5725 ὑποχείριοι
2567 5654 2644 5727 τῷ
2678 5655 2892 5726 θανάτῳ
2915 5673 2927 5686 ·
2966 5655 3262 5720 ἀθανασίας
3287 5653 3344 5709 δὲ
3379 5655 3472 5710 καὶ
3506 5653 3652 5726 ζωῆς
3686 5653 3844 5715 αΙυέ
