4158 6402
361 374 475 431 269

1285 370 1789 428 COMMENTARIA
1824 369 1894 428 IN
1933 369 2192 425 ISAIAM.
2227 399 2297 410 —
2320 370 2486 424 .CAl’.
2527 370 2720 425 XXVI.

3530 372 3635 427 270

360 488 477 546 νίου
509 486 855 562 μετέχοντες.
889 486 988 542 τὸν
1019 487 1249 544 θάνατον
1271 488 1631 564 ἀνενέργητον
1657 492 1752 546 καὶ
1771 491 1958 563 ὥσπερ

2064 498 2169 554 tes,
2199 498 2432 543 mortem
2464 486 2793 543 imbecillam
2822 494 2875 542 et
2904 485 3060 557 quasi
3086 495 3353 542 mortuam
3384 488 3633 547 reddent.

362 582 557 654 νεκρὸν
578 582 1004 654 καταστήσουσι.
1053 580 1193 635 Ἀλλ’
1214 581 1364 653 ὁμῶς
1387 582 1416 635 ό
1446 582 1826 654 φιλάνθρωπος
1845 583 1956 637 τῶν

365 653 674 744 ἀνθρώπων
714 670 930 743 Σωτὴρ,
965 669 1272 742 ῥυσάμενος
1314 670 1411 726 τοῦ
1457 653 1685 726 θανάτου
1719 671 1819 736 τὰς
1846 671 1955 727 τῶν

368 761 676 835 ἀνθρώπων
725 759 929 832 ψυχὰς,
973 760 1074 831 τῆς
1109 778 1171 814 τε
1211 760 1473 816 πολυθέου
1506 762 1602 816 καὶ
1637 762 1956 834 δαιμονικῆς

368 856 586 925 πλάνης
626 851 1020 927 ἐλευθερώσας,
1056 853 1244 922 ἀφεῖλε
1278 854 1387 907 πᾶν
1414 853 1649 926 δάκρυον
1686 854 1795 908 ἀπὸ
1820 871 1957 908 παν-

369 945 462 1012 τὸς
514 945 828 1019 προσώπου.
893 944 1141 1008 Ὄνειδος
1189 945 1246 998 δὲ
1302 940 1372 1018 ἦν
1422 946 1519 999 τοῦ
1577 945 1705 1000 λαοῦ
1756 946 1849 1000 τοῦ
1896 946 1956 1013 ἐξ

368 1040 541 1096 ὲθνῶν
600 1041 634 1110 ἡ
688 1039 1017 1112 κρατήσασα
1066 1038 1249 1091 αὐτῶν
1307 1038 1722 1111 είδωλολατρεία
1751 1057 1767 1069 ⁸
1821 1039 1956 1110 ὅπερ

369 1130 571 1193 δνειδος
603 1130 824 1200 ἀφεῖλεν
872 1129 901 1181 ό
933 1127 1067 1191 Θεὸς
1086 1168 1099 1187 .
1137 1128 1233 1183 καὶ⁵
1279 1127 1341 1182 τὸ
1377 1129 1470 1182 ἐπὶ
1495 1129 1671 1201 τούτῳ
1701 1130 1955 1200 δάκρυον,

370 1222 481 1276 τῶν
511 1221 601 1276 διά
622 1222 722 1293 τὴν
746 1219 1160 1293 φιλανθρωπίαν
1191 1220 1291 1292 τὴν
1319 1221 1428 1275 τῶν
1464 1222 1734 1276 τοσούτων
1769 1222 1957 1294 ψυχῶν

371 1312 822 1383 ἀποκλαιομένων
849 1309 1146 1364 ἀπώλειαν.
1184 1309 1422 1374 Ὄνειδος
1447 1310 1555 1383 γὰρ
1582 1305 1650 1382 ἦν
1674 1311 1734 1364 οὐ
1763 1310 1958 1383 μικρὸν

367 1408 483 1469 τοῖς
515 1404 636 1458 κατ’
688 1403 873 1457 εἰκόνα
924 1400 1021 1456 τοῦ
1074 1401 1210 1456 Θεοῦ
1243 1402 1635 1475 πεποιημένοις
1684 1402 1746 1456 τὸ
1795 1404 1961 1456 ἐκπε-

370 1500 486 1550 σεῖν
531 1497 630 1566 τῆς
681 1494 904 1549 αἰωνίου
954 1495 1099 1564 ζωῆς
1153 1494 1246 1548 καὶ
1299 1494 1516 1565 θανάτῳ
1564 1494 1954 1566 ὑποϐληθῆναι.

379 1588 521 1643 Ἀλλ’
573 1585 873 1660 ἀρθήσεται
924 1585 985 1639 τὸ
1033 1584 1255 1650 ὄνειδος,
1294 1584 1388 1639 τοῦ
1421 1586 1519 1657 μὲν
1553 1585 1781 1640 θανάτου
1825 1603 1961 1638 κατ-

368 1680 701 1754 αργῆθέντος
770 1679 865 1732 καὶ
903 1676 1000 1731 τοῦ
1043 1676 1267 1742 σκότους
1310 1676 1698 1747 ἀφανισθέντος
1724 1692 1736 1703 δ
1772 1675 1871 1746 τῆς
1905 1675 1963 1728 δὲ

382 1772 478 1827 τοῦ
514 1772 752 1847 Χριστοῦ
802 1770 1077 1844 βασιλείας
1126 1770 1328 1841 αἰωνίῳ
1372 1771 1484 1842 ζωῇ
1524 1770 1958 1842 διαλαμπούσης,

2054 580 2309 635 Attamen
2357 579 2598 635 clemens
2642 578 2733 634 ille
2774 578 3054 636 hominum
3104 576 3397 648 Servator,
3431 583 3634 651 ereptis

2056 685 2086 724 a
2132 681 2306 726 morte
2352 681 2515 736 atque
2563 685 2592 724 a
2639 670 3019 739 superstitioso
3060 678 3116 726 et
3157 670 3421 728 diabolico
3452 674 3633 727 numl~

2057 777 2182 816 num
2234 775 2418 816 errore
2450 759 2701 815 liberatis
2738 760 3022 816 animabus
3052 762 3355 827 hominum,
3405 763 3633 819 abstulit

2056 867 2269 906 omnem
2326 850 2620 923 lacrymam
2660 851 2729 906 ab
2768 853 2915 907 omni
2942 852 3112 907 vultu.
3141 853 3504 925 Opprobrium
3536 870 3635 909 au-
3727 872 3750 886 κ

2058 951 2165 998 tem
2211 941 2392 1013 populi
2422 956 2489 997 ex
2532 943 2785 1013 gentibus
2813 954 2931 998 erat
2976 944 3276 1001 idololatria
3314 961 3487 1016 penes
3513 947 3637 1004 illos

2056 1036 2307 1091 obtinens
2342 1053 2357 1090 :
2397 1037 2540 1107 quod
2573 1035 2924 1107 opprobrium
2961 1048 3016 1091 et
3049 1037 3315 1110 lacrymas
3352 1039 3478 1096 inde
3509 1056 3636 1097 con-

2057 1137 2347 1198 sequentes
2381 1128 2607 1183 abstulit
2641 1129 2806 1196 Deus,
2847 1130 2912 1185 iis
2968 1129 3058 1200 qui
3089 1130 3159 1185 ob
3201 1133 3498 1188 humanum
3546 1133 3636 1189 af-

2057 1216 2257 1271 lectum
2307 1219 2611 1272 animarum
2663 1216 2972 1286 bujusmodi
3027 1219 3319 1287 perniciem
3358 1220 3634 1292 lugebant.

2061 1308 2204 1364 Sane
2255 1309 2609 1380 Opprobrium
2661 1324 2770 1363 non
2820 1308 3091 1364 modicum
3141 1320 3260 1365 erat
3310 1310 3378 1367 iis
3423 1312 3513 1383 qui
3563 1314 3636 1369 ad

2061 1400 2350 1472 imaginem
2392 1401 2485 1457 Dei
2523 1401 2726 1456 conditi
2773 1410 2973 1465 erant,
3016 1401 3159 1471 quod
3198 1418 3228 1457 a
3276 1403 3385 1458 vita
3432 1412 3635 1461 aeterna

2062 1493 2376 1549 laberentur
2399 1508 2463 1548 ac
2491 1492 2651 1547 morti
2683 1492 3102 1562 subjicerentur.
3140 1493 3246 1549 Sed
3278 1495 3632 1565 opprobrium

2062 1585 2366 1650 auferetur,
2400 1585 2572 1640 deleta
2606 1596 2801 1648 morte,
2834 1585 3176 1655 tenebrisque
3204 1585 3452 1642 sublatis.
3479 1585 3637 1643 Chri-

2063 1680 2135 1733 sti
2166 1689 2348 1734 autem
2383 1694 2549 1749 regno
2576 1679 2628 1733 in
2660 1687 2865 1733 aeterna
2900 1678 3007 1732 vita
3039 1676 3299 1748 fulgente,
3330 1677 3420 1733 illo
3450 1677 3635 1734 fruen-

2067 1778 2155 1824 tur
2193 1771 2226 1824 ii
2263 1785 2330 1826 ex
2379 1770 2667 1839 gentibus,
2708 1769 2801 1840 qui
2850 1784 2880 1822 a
2929 1768 3171 1838 pristinis
3213 1769 3429 1838 quidem
3480 1770 3638 1828 malis

373 1864 773 1921 ἀπολαύσουσιν
800 1866 850 1917 οἱ
879 1862 938 1931 ἐξ
964 1863 1221 1917 ἁπάντων
1240 1862 1348 1916 τῶν
1371 1862 1540 1916 ἐθνῶν
1568 1862 1677 1916 τῶν
1702 1861 1801 1933 μὲν
1826 1879 1957 1932 προ-

2060 1861 2232 1931 erepti
2265 1870 2428 1926 sunt,
2465 1870 2523 1916 et
2556 1861 2647 1929 qui
2680 1859 2961 1931 promissis
2987 1858 3082 1915 Dei
3123 1860 3492 1917 donabuntur.

371 1958 548 2031 τέρων
597 1956 1035 2028 ἠλευθερωμένοι
1093 1955 1302 2022 κακῶν,
1340 1954 1452 2009 τῶν
1506 1956 1563 2009 δὲ
1615 1954 1955 2024 ἐπαγγελιῶν
2062 2032 2073 2035 Δ

370 2047 505 2103 Θεοῦ
538 2045 1096 2119 καταξιωθησόμενοι.

445 2156 463 2189 ι
496 2137 606 2191 Καὶ
634 2135 818 2208 ἐροῦσι
847 2138 915 2207 τῇ
944 2135 1125 2208 ἡμέρᾳ
1155 2134 1338 2208 ἐκείνῃ
1358 2153 1372 2166 ·
1414 2135 1542 2190 Ἰδοὺ
1589 2135 1618 2188 ό
1643 2135 1774 2200 Θεὸς
1803 2134 1958 2207 ἡμῶν

374 2230 460 2301 ἐφ’
492 2222 906 2301 ἠλπίζομεν,
957 2230 1050 2284 καὶ
1097 2228 1258 2283 σώσει
1308 2232 1478 2302 ἡμᾶς.
1521 2224 1687 2294 Οὗτος
1734 2229 1957 2303 Κύριος,

375 2322 744 2393 ὑπεμείναμεν
778 2320 926 2392 αὐτῷ
961 2322 1055 2376 καὶ
1086 2321 1493 2393 ῆγαλλιώμεθα,
1527 2323 1622 2376 καὶ⁵
1654 2322 1961 2396 εὐφρανθῆ-

372 2411 583 2483 σόμεθα
621 2412 713 2465 ἐπὶ
741 2413 808 2482 τῇ
843 2410 1086 2483 σωτηρίᾳ
1128 2410 1306 2482 ἡμῶν.
1348 2412 1679 2466 Ἀνάπαυσιν
1722 2412 1882 2466 δώσει
1930 2414 1960 2465 ό

371 2503 505 2569 Θεὸς
535 2504 627 2558 ἐπὶ
663 2503 723 2557 τὸ
750 2504 885 2574 ὅρος,
904 2502 1081 2557 τοῦτο.
1119 2523 1137 2554 ι
1159 2503 1579 2569 Καταποθέντος
1609 2505 1704 2559 τοῦ
1727 2504 1959 2563 θανάτου

370 2596 515 2650 κατὰ
545 2596 636 2649 τὸν
659 2596 759 2666 τῆς
790 2596 1149 2662 ἀναστάσεως·
1184 2597 1395 2669 καιρὸν,
1420 2598 1470 2650 οἱ
1504 2595 1598 2650 τοῦ
1621 2596 1742 2650 νέου
1768 2597 1962 2661 αἰῶνος

371 2682 481 2741 υἱοὶ
526 2690 592 2761 τῇ
635 2689 820 2761 ἡμέρα
846 2688 1027 2761 ἐκείνῃ
1070 2689 1484 2761 εὐχαριστήριον
1526 2688 1747 2761 ᾁσουσιν
1791 2689 1957 2761 ᾠδὴν,

373 2778 610 2853 ὁρῶντες
653 2782 712 2832 ὲν
751 2778 879 2852 δόξῃ
914 2780 1005 2834 τὸν
1047 2778 1257 2833 ἑαυτῶν
1288 2780 1535 2850 Σωτῆρα,
1579 2778 1674 2833 καὶ
1707 2777 1956 2849 ἐροῦσιν

376 2890 399 2924 ς
449 2871 581 2927 Ἰδοὺ
610 2869 640 2921 ὁ
678 2870 810 2935 Θεὸς
838 2870 997 2943 ἡμῶν
1046 2871 1132 2940 ἐφ’
1163 2864 1208 2939 ᾧ
1236 2869 1557 2941 ἠλπίζομεν.
1598 2889 1617 2921 ι
1655 2869 1830 2923 Πάλαι
1862 2869 1962 2940 μὲν

369 2963 479 3035 γὰρ
528 2964 690 3018 αὐτὸν
749 2965 810 3017 ὲν
861 2962 1073 3016 ἐλπίσιν
1128 2963 1378 3035 εἴχομεν,
1442 2962 1788 3026 πιστεύοντες
1840 2964 1960 3025 ταῖς

373 3056 544 3125 θείαις
563 3057 694 3129 περὶ
718 3054 883 3108 αὑτοῦ
910 3046 1282 3118 διδασκαλίαις
1301 3070 1315 3084 ·
1344 3052 1440 3107 νῦν
1465 3053 1519 3105 δὲ
1544 3053 1641 3107 καὶ
1660 3052 1960 3123 ὀφθαλμοῖς

2133 2133 2300 2189 Vens.
2330 2134 2384 2198 9,
2416 2133 2506 2188 lo.
2543 2151 2562 2185 ι
2587 2134 2652 2188 Ει
2698 2132 2881 2188 dicent
2912 2134 2965 2188 in
3009 2132 3099 2188 illa
3146 2133 3233 2189 die
3256 2175 3273 2199 ,
3315 2134 3456 2191 Ecce
3494 2136 3636 2193 Deus

2062 2236 2266 2291 noster,
2301 2226 2355 2280 in
2399 2240 2507 2296 quo
2549 2227 2902 2295 sperabamus
2927 2268 2941 2292 ,
2986 2237 3039 2279 et
3087 2224 3320 2281 salvabit
3360 2242 3479 2282 nos.
3529 2226 3634 2285 lste

2063 2315 2351 2380 Dominus,
2378 2314 2736 2371 sustinuimus
2764 2329 2910 2377 eum,
2943 2323 2998 2369 et
3023 2315 3428 2372 exsultabamus
3456 2326 3511 2372 et
3542 2318 3627 2373 ια».

2063 2409 2299 2464 tabimur
2328 2410 2381 2464 in
2413 2408 2590 2464 salute
2635 2418 2844 2464 nostra.
2897 2406 3157 2476 Requieut
3192 2409 3343 2463 dabit
3373 2407 3514 2465 Deus
3542 2426 3623 2467 su-

2061 2515 2160 2570 per
2190 2508 2424 2555 montem
2452 2499 2615 2553 hunc.
2649 2517 2668 2551 ι
2715 2499 2983 2567 Absurpta
3014 2501 3639 2558 morte.resurrectionia

2064 2604 2341 2662 tempore,
2398 2591 2523 2647 novi
2583 2591 2769 2647 saeculi
2822 2590 2916 2645 lilii
2965 2592 3017 2646 in
3064 2591 3153 2645 illa
3206 2592 3296 2647 die
3339 2593 3637 2662 gratiarum

2062 2686 2292 2740 actionis
2329 2684 2606 2739 canticum
2637 2694 2855 2746 canent,
2888 2683 3133 2737 videntes
3163 2683 3214 2737 in
3242 2682 3414 2753 gloria
3441 2684 3628 2740 Serva-

2064 2783 2234 2829 tarem
2265 2788 2422 2829 suum
2442 2813 2458 2839 ,
2489 2781 2544 2830 et
2580 2773 2783 2839 dicent,
2822 2791 2841 2822 ι
2872 2770 3011 2828 Ecce
3034 2773 3179 2828 Deus
3215 2784 3421 2840 noster,
3445 2774 3498 2829 in
3528 2790 3636 2846 quo

2061 2866 2433 2936 sperabamus.
2456 2884 2475 2918 ›
2510 2865 2652 2922 Olim
2681 2879 2917 2935 namque
2958 2863 3131 2934 ipsum
3176 2866 3229 2921 in
3263 2882 3358 2937 spe
3391 2866 3601 2924 habeba

2063 2974 2211 3025 mus,
2246 2959 2506 3016 doctrinae
2534 2958 2710 3028 ipsum
2744 2946 3279 3013 annuntianti‘iidctn
3330 2959 3637 3027 habentes;

2055 3048 2168 3121 jam
2192 3065 2325 3106 vero
2370 3048 2502 3119 ipsis
2531 3048 2706 3104 oculis
2734 3049 2982 3105 videmus
3014 3064 3159 3117 eum,
3187 3064 3355 3121 quare
3393 3051 3504 3122 jam
3543 3052 3636 3108 diu

371 3148 589 3220 δρῶμεν
659 3147 849 3213 αὑτὸν,
890 3148 972 3202 διὸ
1017 3146 1359 3217 ὑπεμένομεν
1412 3144 1577 3199 πάλαι
1626 3144 1695 3198 τὰ
1738 3143 1958 3198 ἐπιόντα

2063 3141 2464 3197 sustinebamus
2507 3139 2812 3210 ingruentia
2863 3140 3024 3196 nobis
3068 3141 3228 3196 mala.
3284 3142 3351 3198 Et
3398 3142 3475 3197 illi
3508 3144 3635 3214 qui-

372 3210 505 3310 ἠξιτᾷ
542 3238 780 3310 λυπηρά.
831 3210 942 3294 και
985 3241 1035 3293 oi
1073 3210 1172 3310 μέν
1204 3210 1378 3292 ταῦτα
1410 3237 1656 3308 ἐροῦσινο
1686 3239 1715 3291 ό
1746 3236 1803 3290 δὲ
1831 3235 1956 3289 ἀνά-

2061 3235 2184 3290 dem
2220 3232 2336 3288 haec
2362 3232 2561 3287 dicturi
2590 3240 2759 3299 sunt;
2805 3231 2896 3287 ille
2928 3247 3057 3288 vero
3102 3233 3343 3305 requiem
3377 3233 3510 3305 ipsis
3526 3210 3636 3290 vda-

375 3347 574 3385 παυσιν
602 3330 783 3395 αὐτοῖς
813 3330 971 3386 δώσει
996 3333 1052 3385 ὲν
1075 3329 1154 3402 τῷ
1181 3328 1527 3402 προλεχθέντι
1557 3329 1656 3401 τῆς
1679 3327 1955 3399 βασιλείας

375 3422 541 3479 αὐτοῦ
575 3422 713 3495 ὄρει.

448 3532 467 3566 ι
504 3515 612 3569 Καὶ
653 3514 1170 3587 καταπατηθήσεται
1230 3515 1263 3586 ἡ
1320 3513 1627 3580 Μωαϐῖτις,
1664 3511 1725 3567 ὃν
1752 3511 1954 3585 τρόπον

369 3608 631 3663 πατοῦσιν
660 3608 840 3663 ἀλωνα
871 3610 930 3662 ἐν
971 3607 1228 3679 ἀμάξαις.
1265 3607 1377 3661 Καὶ
1404 3607 1592 3678 ἀνήσει
1633 3606 1732 3670 τάς
1763 3610 1954 3681 χεῖρας

368 3702 554 3767 αὐτοῦ,
574 3702 634 3755 ὃν
658 3702 856 3775 τρόπον
885 3703 977 3756 καί
996 3700 1158 3764 αὐτὸς
1183 3699 1514 3754 ἐταπείνωσε
1538 3697 1632 3752 τοῦ
1665 3698 1952 3753 ἀπολέσαι.

369 3794 482 3848 Καὶ
511 3791 838 3847 ταπεινώσει
879 3791 976 3862 τὴν
1025 3788 1180 3862 ῦὸριν
1227 3788 1413 3854 αὐτοῦ,
1451 3790 1537 3859 ἐφ’
1567 3787 1603 3842 ἀ
1639 3788 1737 3852 τὰς
1765 3791 1954 3860 χεῖρας

367 3884 623 3949 ἐπέϐαλε,
665 3885 758 3937 καὶ
790 3884 850 3937 τὸ
884 3883 1017 3953 ὕψος
1053 3882 1150 3952 τῆς
1181 3880 1499 3951 καταφυγῆς
1532 3878 1623 3932 τοῦ
1650 3878 1830 3950 τοίχου
1858 3896 1955 3933 τα-

370 3976 624 4032 πεινώσει
643 3993 656 4008 ³
687 3976 782 4030 καὶ⁸
807 3973 1174 4044 καταόήσεται
1192 3973 1298 4036 ἕως
1324 3970 1416 4025 τοῦ
1444 3970 1692 4041 ἐδάφους.
1732 3990 1749 4020 ι
1785 3967 1952 4042 Οἶμαι

366 4069 425 4125 δὲ
480 4066 715 4124 ἐνταῦθα
765 4065 938 4121 Μωάϐ
985 4064 1241 4134 λέγεσθαι
1281 4062 1375 4117 τὸν
1422 4062 1654 4134 πονηρὸν
1697 4062 1950 4133 δαίμονα,

375 4161 474 4216 καὶ
534 4160 632 4233 τὴν
676 4158 1058 4230 ἀντικειμένην
1121 4155 1373 4227 δύναμιν,
1410 4154 1509 4227 τὴν
1572 4153 1739 4208 πάλαι
1800 4154 1953 4226 παρά

365 4256 478 4317 τοῖς
532 4251 852 4315 Μωαϐίταις
899 4250 975 4314 ῶς
1021 4248 1143 4302 θεὸν
1186 4245 1535 4319 τιμωμένην·
1597 4246 1719 4317 ῆτις
1763 4246 1951 4319 ἐπειδὴ

371 4347 513 4418 μέγα
549 4345 786 4416 ἐφρόνει,
822 4339 1263 4412 κατεπαιρομένη
1294 4337 1389 4391 τοῦ
1429 4336 1564 4392 Θεοῦ
1600 4336 1830 4409 Ἰσραὴλ,
1857 4339 1953 4394 καὶ

365 4440 427 4496 τὸ
471 4432 560 4509 ὕφ’
601 4437 799 4508 ἑαυτὴν
843 4435 995 4498 ἔθνος
1039 4430 1410 4505 ἑπιτρίὸουσα,
1439 4429 1515 4493 ὡς
1548 4428 1642 4483 καὶ
1670 4430 1755 4482 ἐπ’
1783 4429 1950 4484 αὐτοῦ

2058 3327 2137 3383 bit
2166 3325 2220 3380 in
2254 3331 2556 3379 memorato
2589 3323 2736 3392 regni
2770 3322 2855 3378 sui
2895 3334 3100 3380 monte.

2128 3507 2295 3564 Vens.
2327 3506 2418 3572 Η,
2452 3504 2540 3560 12.
2577 3524 2597 3558 ι
2624 3507 2691 3560 Ει
2730 3504 3139 3561 conculcabitur
3165 3504 3450 3571 Moabitis,
3495 3521 3629 3577 quo-

2054 3603 2218 3660 modo
2254 3601 2465 3657 calcant
2507 3614 2690 3654 aream
2743 3598 3018 3667 plaustris.
3062 3598 3129 3655 Et
3168 3600 3407 3654 remittet
3436 3615 3634 3654 manus

2054 3711 2207 3760 suas,
2252 3694 2395 3748 sicut
2426 3698 2480 3745 et
2514 3692 2626 3760 ipse
2666 3689 2998 3755 humiliavit,
3038 3698 3097 3744 ut
3129 3689 3397 3761 perderet.
3443 3671 3511 3746 Εἰ
3535 3690 3632 3745 de-

2055 3787 2251 3856 primet
2281 3781 2534 3854 injuriam
2569 3780 2708 3851 ejus,
2747 3780 2801 3833 in
2831 3795 2952 3849 qua:
2984 3795 3178 3835 manus
3220 3780 3426 3850 injecit,
3460 3790 3516 3836 et
3543 3780 3629 3836 al-

2057 3865 2339 3935 titudinem
2392 3876 2582 3946 refugii
2637 3876 2778 3930 muri
2825 3875 3133 3932 humiliabit
3171 3893 3185 3930 :
3228 3884 3282 3930 et
3332 3874 3630 3933 descendet

2054 3989 2230 4045 usque
2259 3972 2325 4028 ad
2366 3970 2758 4042 pavimentum.
2788 3987 2807 4022 ι
2841 3968 3092 4023 Arbitror
3136 3967 3227 4023 hic
3257 3963 3414 4023 Moab
3449 3966 3634 4026 vocari

2054 4066 2350 4134 malignum
2417 4062 2755 4126 daemonem,
2822 4069 2878 4114 et
2933 4058 3299 4113 adversariam
3348 4057 3634 4119 virtutem.

2054 4173 2174 4229 quae
2219 4156 2346 4212 olim
2380 4153 2522 4224 apud
2553 4151 2824 4208 Moabitas
2874 4159 2935 4206 ut
2967 4150 3100 4206 deus
3151 4149 3458 4218 colebatur;
3512 4164 3635 4221 qua)

2054 4250 2180 4321 quia
2227 4247 2395 4303 altum
2445 4243 2734 4312 sapiebat,
2779 4253 2969 4299 contra
3009 4242 3177 4300 Deum
3227 4239 3393 4314 Israel
3440 4255 3630 4310 super-

2054 4343 2258 4406 bicns,
2312 4339 2526 4409 sibique
2578 4334 2852 4392 subditam
2901 4342 3117 4406 gentem
3172 4331 3479 4403 depravans
3509 4370 3526 4398 ,
3574 4343 3636 4387 ut

2054 4435 2219 4490 etiam
2258 4441 2499 4499 tempore
2529 4428 2731 4502 Moysis
2781 4425 2908 4481 talia
2959 4424 3218 4492 auderet,
3264 4438 3329 4479 ac
3374 4422 3632 4495 populum

366 4533 646 4597 Μωῦσὲως
699 4529 924 4586 τοιαῦτα
982 4526 1276 4598 τολμῆσαι,
1328 4523 1403 4588 ῶς
1442 4520 1805 4593 ἐκπορνεῦσαι
1858 4520 1950 4574 τὸν

2058 4528 2122 4582 ad
2167 4524 2614 4587 fornicationem,
2671 4529 2726 4576 et
2775 4518 2842 4574 ad
2890 4516 3248 4571 initiationem
3287 4513 3634 4584 .Beelphegor

366 4624 497 4679 λαὸν
536 4623 633 4678 xa't
666 4621 980 4692 τελεσθῆναι
1010 4617 1089 4689 τῷ
1116 4612 1435 4685 Βεελφεγὼρ
1454 4631 1467 4642 ·
1512 4612 1668 4666 τοῦτο
1693 4612 1750 4665 δὲ
1790 4607 1857 4683 ἧν
1889 4610 1951 4664 τὸ

2058 4618 2535 4682 deduceret;erat
2580 4621 2766 4668 autem
2813 4609 2941 4665 illud
2987 4607 3343 4664 Moabitarum
3393 4604 3631 4668 idolum;

366 4717 477 4771 τῶν
504 4712 812 4771 Μωαϐιτῶν
837 4710 1080 4766 εἴδωλον·
1105 4707 1295 4763 τούτου
1328 4705 1486 4778 χάριν
1520 4703 1589 4757 τά
1612 4701 1952 4773 προκείμενα

2058 4709 2260 4765 idcirco
2307 4707 2425 4762 haec
2462 4720 2581 4775 quae
2615 4702 2728 4773 jam
2768 4710 3065 4757 tractamus
3092 4739 3108 4765 ,
3156 4696 3310 4767 quasi
3361 4696 3428 4750 de
3477 4694 3634 4766 gravi

365 4809 443 4875 ῶς
473 4808 601 4880 περὶ
622 4804 805 4876 δεινῆς
832 4819 975 4866 τινος
1003 4800 1098 4855 καὶ
1126 4798 1394 4870 θεομάχου
1428 4794 1710 4858 δυνάμεως
1742 4808 1961 4864 προπε-,

366 4905 653 4976 φήτιυται.
972 4958 975 4961 _

856 5004 1252 5066 ΚΕΦΑΛᾹΙΟΝ
1303 5004 1450 5068 KG".

444 5127 464 5162 ι
494 5109 573 5179 Τῇ
604 5105 790 5178 ἡμέρᾳ
814 5102 998 5172 ἐκείνῃ
1029 5100 1247 5172 ᾄσονται
1276 5094 1339 5147 τὸ
1359 5089 1513 5166 ᾆσμα
1540 5089 1703 5143 τοῦτο
1732 5087 1826 5179 ἐπὶ
1849 5086 1952 5179 γῆς

379 5177 841 5268 Ἰούδα-ἀλέγοντες.
885 5213 904 5246 ι
957 5191 1095 5248 Μεθ’
1130 5190 1217 5262 ἢν,
1250 5184 1344 5241 τοῦ
1377 5182 1627 5254 Σωτῆρος
1668 5178 1824 5250 ἡμῶν
1852 5177 1954 5247 τὴν

367 5292 534 5351 αὐτοῦ
574 5289 854 5363 βασιλείαν
869 5283 1233 5357 ἀπειληφότος
1271 5281 1329 5333 ὲν
1355 5276 1436 5347 τῷ
1471 5271 1781 5344 ἐπουρανίῳ
1811 5270 1956 5342 ὄρει,

363 5387 417 5441 oi
450 5384 560 5439 τῶν
593 5380 939 5452 ἐπαγγελιῶν
970 5378 1112 5445 ἄξιοι
1135 5374 1358 5448 ᾅσονται
1385 5373 1448 5424 ὲν
1469 5371 1535 5440 τῇ
1558 5365 1746 5439 ἡμέρᾳ
1767 5363 1952 5434 ἐκείνῃ

362 5479 427 5536 τὸ
471 5464 795 5548 ἔπουράνιον
838 5469 992 5545 ᾆσμα
1032 5470 1093 5522 ιν
1130 5469 1198 5539 τῇ
1244 5462 1551 5537 ὲπωρανίῳ
1596 5455 1951 5531 Ἰερουσαλὴμ

364 5572 669 5646 γενόμενοι,
700 5569 768 5641 ἣν
796 5565 890 5620 ἐπὶ
910 5562 1004 5618 τοῦ
1031 5560 1296 5634 παρόντος
1329 5555 1588 5611 Ἰουδαίαν
1610 5551 1893 5646 ὠνόμασεν
1922 5551 1957 5603 ὁ

365 5642 545 5736 λόγος,
567 5659 877 5722 ἀκολούθως
898 5660 967 5729 τῇ
988 5653 1142 5727 χώρᾳ
1168 5648 1531 5723 τῆςὶπιγείου
1571 5642 1947 5736 Ἰερουσαλήμ.

368 5734 526 5814 οὕτω
553 5756 662 5827 γὰρ
690 5749 826 5824 ὁμοῦ
867 5748 961 5803 καὶ
991 5748 1104 5810 τοῖς
1147 5740 1517 5814 ἀκροωμένοις
1555 5735 1651 5791 τοῦ
1686 5734 1957 5827 Ἰουδαίων

366 5849 498 5904 λαοῦ
523 5821 691 5901 «ita»
703 5821 969 5909 θυμηδίαν
990 5833 1112 5890 τινὰ
1137 5833 1230 5889 καὶ
1257 5829 1569 5899 προτροπὴν
1608 5827 1687 5891 είς
1724 5823 1823 5892 τὴν
1844 5821 1947 5880 τῶῖ

2050 4801 2286 4875 quadam
2317 4808 2375 4855 et
2404 4796 2513 4853 Deo
2543 4795 2777 4853 inimica,
2799 4794 2999 4851 virtute
3034 4790 3492 4862 praenuntiantur.

2070 5030 2075 5035 .
2611 4972 2840 5032 CAPUT
2876 4967 3075 5028 XXVI.

2071 5121 2075 5125 .
2127 5077 2294 5133 Vens.
2330 5078 2358 5131 1
2420 5095 2439 5128 1
2472 5073 2531 5128 lu
2559 5071 2648 5127 illa
2687 5068 2781 5125 die
2813 5065 3113 5121 cantabunt
3147 5058 3419 5116 canticum
3443 5058 3547 5113 hoc
3572 5057 3632 5112 in

2056 5182 2200 5226 terra
2228 5169 2387 5235 Juda,
2426 5168 2698 5222 dicentes.
2725 5179 2746 5214 ι
2795 5159 2927 5215 Post
2971 5170 3134 5228 quam
3176 5153 3347 5220 diem,
3386 5152 3478 5208 ubi
3510 5148 3634 5207 Sal-

2053 5270 2208 5317 vator
2251 5268 2439 5316 noster
2475 5257 2528 5312 in
2562 5252 2769 5311 caelesti
2812 5258 2996 5306 monte
3032 5261 3255 5318 regnum
3286 5259 3444 5299 suum
3476 5256 3635 5299 acce-

2053 5353 2216 5425 perit,
2246 5352 2339 5423 qui
2369 5346 2654 5421 promissis
2698 5342 2843 5414 tligni
2876 5348 3062 5402 erunt,
3094 5346 3224 5392 tunc
3252 5334 3476 5392 caeleste
3503 5348 3641 5405 can:

2057 5447 2225 5502 ticum
2276 5443 2563 5507 emittent,
2617 5437 2672 5493 in
2723 5432 2928 5491 caelesti
2983 5429 3280 5488 Jerusalem
3328 5425 3637 5492 constituti,

2055 5555 2217 5612 quam
2258 5537 2314 5592 in
2346 5531 2600 5607 praesenti
2627 5529 2867 5584 Judaeatn
2907 5539 3086 5581 sermo
3114 5526 3410 5591 nuncupat,
3444 5517 3632 5612 habita

2055 5609 2292 5702 regionis
2317 5628 2371 5683 in
2399 5633 2755 5699 quaterrena
2790 5616 3093 5674 Jerusalem
3112 5614 3224 5689 sita
3261 5623 3368 5675 est,
3397 5609 3631 5666 ratione.

2054 5728 2134 5783 Ita
2163 5724 2309 5779 enim
2360 5731 2416 5777 et
2442 5713 2778 5786 Judzisqui
2833 5709 3157 5773 audiebant,
3201 5702 3537 5760 alacritatem
3577 5708 3638 5752 et

2059 5818 2471 5879 incitamentum
2508 5811 2575 5868 ad
2624 5820 2807 5887 rerum
2856 5800 3446 5879 propositaruutrspetn
3492 5789 3625 5848 indi
