4158 6402
368 342 479 413 s13

1274 333 1785 393 oblectamenta
1819 341 1889 392 ω
1931 336 2187 390 ιδΔιΑι.
2228 366 2296 377 -
2331 342 2485 391 ωηο.
2527 338 2716 392 μὴ.

3492 341 3602 401 1Ὶί

360 454 391 509 ὁ
414 451 639 525 ἀσεϐὴς.
674 451 763 507 ἴνα
796 450 872 522 μὴ
904 449 990 525 ἴδῃ
1020 447 1116 521 ’ξῆν
1138 447 1295 515 δόξαν
1308 440 1545 524 Κυρίου.
1578 450 1775 523 Κύριε,
1806 452 1946 523 ὑψη-

2047 450 2288 509 Tollatur
2325 452 2544 523 impius,
2580 462 2764 509 utnon
2790 452 2967 510 videat
2991 451 3218 525 gloriam
3241 451 3475 511 Domini.
3507 453 3614 512 Do-

360 536 451 604 λός
507 553 603 592 σου
647 538 677 593 ό
728 536 989 608 βραχίων,
1035 538 1132 592 καὶ
1171 538 1271 593 οὐκ
1314 538 1567 610 ᾔδεισαν·
1616 541 1836 610 γνόντες
1881 542 1940 597 δὲ

362 628 872 701 αἰσχυνθήσονται.»
898 629 1155 686 Ταπεινοὶ
1189 630 1298 703 γάρ
1317 631 1469 697 ὄντες
1497 633 1545 686 οἰ
1578 632 1812 697 ἀσεϐεῖς,
1845 634 1941 688 καὶ

364 720 582 793 μικρὰν
614 720 985 792 ἀφεστηκότες
1008 721 1107 792 τῆς
1138 721 1391 792 γνώσεως
1422 723 1517 777 τοῦ
1545 724 1702 790 Θεοῦ,
1736 727 1795 779 ὲν
1822 727 1947 781 σκόο

359 829 440 884 τῳ
500 812 602 884 τῆς
655 811 822 866 αὐτοῦ
887 812 1107 881 ἀγνοίας
1167 814 1538 870 ἐκαλινδοῦντο
1564 830 1579 848 ο
1649 816 1785 871 ἀλλά
1842 819 1943 888 τῆς

362 900 592 954 καθόλου
626 899 879 970 γνώσεως
906 901 1225 972 ἐπιστάσης,
1267 902 1592 975 θεασάμενοι
1620 904 1711 959 τὸν
1742 904 1942 977 ὑψηλὸν

366 989 627 1063 βραχίονα
682 992 735 1046 οί
795 993 963 1046 πάλαι
1014 993 1176 1048 αὐτὸν
1235 994 1312 1060 ὡς
1374 996 1449 1068 μὴ
1508 997 1638 1051 ὄντα
1697 997 1943 1071 βλασφη-

369 1080 618 1153 μοῦντες,
660 1081 957 1138 παύσονται
1000 1083 1101 1155 τῆς
1143 1085 1401 1150 ἀπονοίας
1443 1088 1676 1161 αἰσχύνῃ
1715 1090 1944 1159 κατεχόο

369 1189 542 1246 μενοι.

442 1283 463 1317 ι
500 1265 668 1338 Ζῆλος
695 1265 926 1340 λήψεται
945 1266 1073 1322 λαὸν
1113 1267 1460 1324 ἀπαίδευτον.
1498 1288 1518 1324 ι
1558 1270 1861 1325 Δίνίττεται
1888 1272 1946 1328 δὲ

363 1354 490 1420 τοὺς
524 1356 588 1409 ὲκ
618 1360 919 1428 περιτομῆς
948 1356 1024 1429 μὴ
1062 1356 1531 1429 καταδεξαμένους
1568 1360 1665 1433 τὴν
1692 1362 1779 1417 διὰ
1807 1364 1945 1436 Χρι-

368 1445 493 1502 στοῦ
509 1447 688 1520 χάριν.
712 1466 729 1499 ι
755 1449 862 1502 Kal.
881 1448 978 1502 νῦν
1006 1448 1119 1520 πῦρ
1146 1450 1271 1514 τοὺς
1300 1451 1648 1517 ὑπεναντίους
1676 1452 1850 1508 ἔδεται
1867 1471 1881 1483 ’
1920 1473 1939 1507 ι

364 1538 443 1604 ὡς
501 1538 568 1594 ἂν
621 1539 895 1609 ἀποφάσει
950 1540 1490 1613 ὐποόληθησομένους
1542 1546 1608 1615 τῇ
1673 1542 1943 1619 λεγούσῃ·

371 1653 392 1688 ι
424 1635 725 1707 Πορεύεσθε
759 1633 839 1700 εἰς
861 1638 921 1689 τὸ
950 1634 1062 1709 πῦρ
1099 1637 1159 1689 τὸ
1208 1633 1422 1691 αἰώνιον
1456 1638 1516 1691 τὸ
1548 1639 1946 1711 ἡτοιμασμένον

365 1727 443 1800 τῷ
493 1726 723 1799 διαόόλῳ
774 1730 869 1782 καὶ
916 1730 1029 1793 τοῖς
1066 1728 1317 1797 ἀγγέλοις
1345 1730 1533 1785 αὐτοῦ.
1575 1749 1596 1785 ι
1644 1731 1859 1806 Ἐπειδὴ
1885 1733 1946 1786 τὸ

368 1818 484 1889 φῶς
520 1821 619 1873 οὐκ
647 1819 915 1886 ἐδέξαντο,
948 1819 1410 1893 παραδοθήσονται
1444 1822 1521 1895 τῷ
1558 1822 1694 1896 πυρὶ
1740 1824 1835 1879 καὶ
1866 1825 1945 1897 τῷ

372 1911 574 1965 σκότει.

441 2019 462 2055 ι
491 2000 662 2075 Κύριε
722 2004 751 2055 ό
793 2002 926 2068 Θεὸς
963 2002 1139 2075 ἡμῶν,
1175 2004 1397 2077 εἰρήνην
1431 2005 1520 2071 δὸς
1544 2007 1674 2078 ημῖν
1699 2024 1713 2039 ⁶
1768 2010 1944 2064 πάντα

366 2089 477 2167 γάρ
528 2092 816 2157 ἀπέδωκας
876 2095 1029 2164 ημῖν.
1076 2093 1249 2167 Κύριε
1296 2098 1326 2149 ὀ
1366 2095 1497 2162 Θεὸς
1534 2099 1711 2170 ἡμῶν,
1749 2102 1947 2172 κτῆσαι

369 2183 535 2256 ἡμᾶς.
565 2183 758 2257 Κύριε,
787 2185 943 2251 ἐκτὸς
969 2185 1063 2239 σοῦ
1093 2186 1251 2241 ἄλλον
1277 2189 1377 2243 οὐκ
1403 2190 1622 2263 οἴδαμεν
1641 2208 1655 2223 ⁶
1689 2191 1749 2246 τὸ
1777 2194 1948 2265 ὄνομά

370 2292 467 2330 σου
494 2275 849 2349 ὀνομάζομεν.
889 2299 907 2330 ι
940 2279 1094 2334 Καλὰ
1132 2283 1229 2353 μὲν
1261 2282 1370 2354 γάρ
1403 2284 1496 2337 καὶ
1527 2284 1594 2338 τά
1623 2284 1757 2340 άλλα
1796 2288 1949 2359 παρά

373 2366 467 2420 σοῦ
500 2367 676 2421 πάντα
698 2385 712 2399 ι
742 2368 803 2422 τὸ
832 2369 889 2423 δὲ
914 2371 1173 2441 μέγιστον
1191 2372 1361 2446 δῶρον
1393 2376 1427 2446 η
1459 2375 1613 2447 παρά
1648 2376 1762 2442 σοῦ,
1796 2379 1944 2451 καὶὴ

372 2459 509 2532 πρὸς
531 2458 720 2513 ἑαυτὸν
756 2463 948 2535 εἰρήνη
984 2464 1262 2535 τυγχάνει,
1297 2465 1366 2520 ἵν’
1396 2467 1744 2522 ἀστασίαστοι
1779 2464 1946 2541 ὦμεν,

371 2550 467 2604 καὶ
490 2551 817 2623 χρονεύουσα
842 2556 975 2627 πρὸς
997 2556 1056 2609 σὲ
1084 2557 1375 2623 διαπαντὸς
1395 2559 1709 2628 φυλάττοιτο
1739 2564 1888 2634 ἡμῶν
1914 2565 1948 2636 ἡ

366 2639 536 2713 ψυχή.
571 2640 741 2697 Τοῦτο
770 2643 815 2697 δ’
837 2644 902 2698 ἂν
928 2646 1152 2716 γένοιτο,
1187 2650 1235 2703 εἰ
1264 2649 1577 2725 καταξιώσῃ
1609 2654 1793 2725 κτῆμα
1828 2674 1951 2709 σαυ-

367 2732 461 2787 τοῦ
512 2734 641 2788 [διον
672 2735 924 2805 γενέσθαι
958 2740 1136 2811 ἡμᾶς’
1166 2742 1288 2796 ὲπεί
1315 2744 1405 2796 καὶ
1443 2746 1606 2815 ἡμεῖς
1646 2728 1747 2800 οῦκ
1790 2746 1947 2801 ἄλλον

366 2821 489 2877 τινὰ
516 2824 737 2896 οἴδαμεν
767 2826 800 2898 ἢ
836 2826 915 2893 σὲ,
945 2831 1039 2883 καὶ
1077 2832 1223 2904 μόνῳ
1260 2833 1337 2905 τῷ
1361 2834 1586 2907 ὀνόματί
1620 2854 1712 2891 σου
1752 2839 1950 2914 τεθαρ-

371 2916 635 2989 ρήκαμεν.
699 2918 827 2973 ὐτε
889 2921 1073 2976 ’τοίνυν
1136 2924 1326 2981 οὐδένα
1384 2928 1568 3000 ἕτερον
1605 2932 1949 3003 ἑκεκτήμεῧα

368 3006 427 3060 ὲν
490 3007 571 3079 τῷ
638 3007 737 3080 βίῳ
794 3010 829 3082 ἢ
896 3010 977 3078 σὲ,
1047 3014 1271 3080 εἰκότως
1326 3016 1712 3089 ἀντιϐολοῦμεν
1778 3038 1949 3076 κατα-

2038 546 2207 612 mine,
2230 544 2505 600 excelsum
2560 542 2839 599 brachium
2869 553 3019 601 tuum
3041 583 3057 609 ,
3106 551 3160 600 et
3193 559 3302 599 nou
3349 558 3613 617 cognove-

2041 646 2169 692 runt
2196 655 2214 693 :
2246 636 2482 693 scientes
2506 646 2685 691 autem
2715 635 3058 692 erubescent.
3092 653 3114 690 ο
3154 636 3305 705 lmpii
3329 638 3497 703 enim,
3524 638 3614 695 ab-

2037 731 2169 800 iecti
2198 744 2319 785 cum
2354 729 2465 785 sint
2487 772 2502 796 ,
2533 744 2596 787 ac
2630 731 2817 801 procul
2847 730 3155 798 cognitione
3204 730 3296 786 Dei
3332 729 3520 801 positi,
3555 731 3610 786 in

2045 822 2282 879 tenebris
2332 822 2449 891 ejus
2496 820 2817 891 ignorantia:
2846 822 3225 878 volutabantur
3259 840 3274 878 :
3304 836 3494 878 verum
3522 822 3618 878 ad-

2045 915 2297 969 veniente
2332 913 2421 968 illa
2462 913 2755 969 universali
2809 913 3152 985 cognitione.
3194 914 3439 970 videntes
3488 914 3617 968 bra-

2045 1005 2227 1061 chium
2274 1006 2404 1061 illud
2448 1004 2723 1060 excelsqu
2774 1006 2811 1060 ii
2838 1045 2855 1067 .
2886 1008 2976 1076 qui
3016 1002 3146 1059 nllin
3172 1006 3296 1062 éum
3322 1006 3475 1076 quasi
3508 1020 3617 1062 non

2044 1096 2399 1151 essistentem
2429 1095 2760 1166 blasphemis
2810 1096 2972 1152 dictis
3014 1096 3380 1164 incessebant,
3409 1095 3619 1167 pudore

2046 1185 2225 1242 allecti
2261 1186 2486 1241 Insania:
2516 1186 2681 1241 linem
2713 1185 2938 1241 facient.

2122 1301 2142 1334 ι
2179 1281 2338 1336 Zelus
2364 1280 2735 1351 apprehendet
2755 1280 3006 1352 populum
3038 1279 3388 1338 ineruditum.
3415 1298 3436 1332 ι
3476 1278 3620 1334 Sub-

2046 1374 2249 1430 indicat
2289 1387 2384 1430 eos
2419 1389 2486 1429 ex
2535 1373 2951 1429 circumcisione
2977 1412 2995 1437 ,
3033 1372 3126 1443 qui
3154 1373 3382 1442 gratiam
3411 1370 3616 1428 Christi

2048 1481 2157 1522 non
2188 1464 2418 1537 amplexi
2466 1474 2629 1530 sunt;
2674 1481 2693 1516 ι
2727 1462 2794 1518 Et
2826 1462 2942 1532 jam
2985 1462 3124 1534 ignis
3157 1462 3498 1518 adversarios
3525 1460 3619 1518 de-

2045 1566 2236 1625 vorat;
2279 1575 2301 1610 ι
2359 1566 2548 1627 utpote
2574 1556 2668 1626 qui
2715 1556 3001 1612 sententia:
3045 1553 3369 1625 subjiciendi
3402 1553 3513 1608 sint
3535 1553 3623 1607 di-

2048 1652 2217 1716 centi,
2258 1669 2278 1702 ι
2309 1649 2577 1706 Discedite
2623 1651 2675 1703 in
2731 1649 3226 1718 igncmaaternum,
3254 1656 3619 1717 prmparatum

2048 1744 2266 1799 diabolo
2296 1753 2350 1799 et
2379 1742 2585 1813 angelis
2609 1742 2728 1812 ejus
2755 1741 2820 1796 ".
2855 1758 2874 1794 ι
2925 1739 3064 1808 Quia
3113 1739 3287 1795 lucem
3314 1752 3422 1793 non
3461 1745 3622 1791 acceo

1979 1812 2021 1867 Β
2052 1846 2265 1907 perunt,
2307 1835 2414 1906 igni
2447 1812 2513 1889 ac
2539 1832 2776 1889 tenebris
2806 1834 3108 1888 tradentur.

2119 2014 2282 2069 Vens.
2311 2013 2398 2080 12,
2438 2013 2525 2067 13.
2558 2031 2576 2064 ι
2616 2010 2840 2067 Domine
2872 2010 3015 2066 Deus
3067 2018 3274 2076 noster,
3319 2020 3506 2079 pacem
3550 2004 3619 2060 da

2049 2105 2204 2161 nobis
2235 2122 2251 2160 :
2279 2104 2458 2160 omnia
2485 2102 2630 2159 enim
2658 2103 2854 2159 dedisti
2885 2102 3062 2157 nobis.
3099 2100 3322 2155 Domine
3353 2097 3497 2155 Deus
3525 2112 3622 2153 no-

2046 2204 2181 2259 ster,
2212 2194 2426 2264 posside
2465 2208 2564 2249 nos
2597 2212 2611 2247 :
2648 2192 2894 2258 Domine,
2924 2203 3079 2247 extra
3103 2199 3154 2245 te
3181 2188 3346 2243 alium
3381 2202 3491 2244 non
3522 2202 3621 2243 nu-

2048 2285 2225 2340 vimus
2261 2303 2277 2340 :
2314 2300 2510 2341 nomen
2553 2294 2701 2339 tuum
2741 2285 3083 2339 invocamus.
3113 2282 3231 2335 Alia
3261 2280 3461 2351 quippe
3496 2294 3619 2335 om—

2050 2375 2138 2431 nia
2167 2375 2265 2432 abs
2300 2387 2349 2431 te
2372 2377 2494 2430 data
2525 2376 2729 2447 optima
2754 2384 2882 2430 sunt
2915 2392 2931 2429 :
2964 2374 3058 2430 sed
3082 2373 3328 2428 omnium
3355 2372 3617 2429 donorum

2051 2469 2345 2524 maximum
2380 2476 2484 2534 est,
2508 2483 2615 2536 pax
2660 2467 2751 2522 illa
2781 2482 2902 2536 quae
2932 2469 3031 2522 abs
3062 2476 3117 2521 te
3149 2464 3535 2536 proﬁciscitur,
3567 2473 3629 2519 et

2049 2573 2208 2631 quam
2236 2560 2515 2615 nobiscum
2562 2558 2825 2613 habemus
2852 2597 2869 2623 ,
2902 2566 2963 2612 ut
3008 2556 3126 2612 sine
3160 2555 3391 2610 tumultu
3417 2565 3473 2609 ct
3503 2569 3623 2610 mu-

2052 2655 2253 2709 tatione
2290 2654 2570 2722 degamus,
2619 2663 2908 2719 annuaque
2953 2658 3141 2703 nostra
3165 2646 3261 2702 tibi
3285 2659 3500 2715 semper
3527 2660 3625 2699 va-

2050 2757 2181 2799 cans
2209 2754 2477 2798 servetttr.
2511 2741 2566 2797 ld
2612 2750 2793 2795 autem
2847 2740 3081 2795 inveniet
3108 2778 3128 2807 ,
3173 2737 3220 2793 si
3266 2753 3364 2792 nos
3395 2736 3511 2807 ipse
3566 2734 3625 2789 in

2049 2835 2322 2906 propriam
2359 2834 2451 2889 tibi
2477 2832 2881 2905 possessionem
2921 2831 3122 2887 habere
3150 2831 3393 2902 digneris
3434 2848 3449 2885 :
3494 2832 3627 2902 quia

2052 2943 2155 2986 nos
2198 2944 2302 2984 non
2342 2927 2507 2983 alium
2542 2927 2794 2981 novimus
2820 2933 3016 2995 prmter
3063 2934 3153 2991 te,
3185 2934 3240 2980 et
3292 2924 3345 2979 iu
3379 2924 3496 2979 solo
3526 2940 3623 2978 no-

2053 3021 2199 3076 mine
2231 3031 2321 3077 tuo
2347 3019 2688 3075 conﬁdimus.
2713 3016 2847 3072 Cum
2878 3016 3043 3088 igitur
3071 3016 3125 3070 iu
3151 3016 3259 3070 vita
3291 3025 3478 3071 nostra
3512 3031 3624 3070 non

371 3094 626 3167 ξιωθῆναι
677 3097 776 3169 τῆς
828 3098 926 3170 σῆς
977 3101 1231 3172 γενέσθαι
1283 3105 1497 3177 μερίδος
1552 3108 1647 3162 καὶ
1697 3109 1793 3163 τοῦ
1851 3112 1945 3166 σοῦ

2053 3111 2217 3166 alium
2251 3126 2413 3182 quam
2453 3120 2502 3165 te
2533 3108 2974 3179 possederimus;
3000 3106 3126 3176 jure
3150 3108 3630 3179 rogamusmttua:

372 3188 597 3261 κλήρου.

450 3299 467 3331 ι
512 3282 576 3334 Ui
616 3282 673 3335 δὲ
702 3285 883 3356 νεκροὶ
909 3285 1051 3358 ζωὴν
1086 3287 1149 3340 οὐ
1178 3288 1254 3360 μὴ
1287 3288 1491 3357 ἴδωσιν,
1518 3292 1639 3346 οὐδὲ
1685 3294 1859 3369 ἰατροὶ
1885 3296 1948 3349 οὐ

376 3370 452 3445 μὴ
472 3372 833 3447 ἀναστήσωσι.
868 3380 966 3433 Διὰ
993 3379 1152 3453 τοῦτο
1183 3382 1490 3453 ἀπήγαγες,
1525 3384 1620 3438 καί
1638 3385 1947 3452 ἀπώλεσας,

372 3439 468 3519 καὶ
494 3459 635 3538 ἦρας
658 3439 762 3521 πᾶν
795 3470 960 3541 ἄρσεν
988 3439 1186 3527 Ᾰύτῶν.
1227 3492 1247 3527 ι
1514 3476 1612 3549 μὲν
1644 3474 1759 3543 οῦν,

374 3556 457 3610 σοὶ
488 3558 673 3628 ἐσμὲν,
700 3557 893 3632 Κύριε,
916 3563 1009 3615 καὶ
1044 3566 1107 3617 σὺ
1136 3564 1200 3618 τὸ
1229 3566 1494 3639 ἡμέτερον
1525 3570 1787 3643 ὑπάρχεις
1812 3572 1949 3645 κτῆ-

372 3664 448 3719 μα
464 3664 478 3679 ·
505 3650 554 3702 οἰ
579 3649 634 3703 δὲ
654 3653 773 3715 ταῖς
793 3652 929 3735 προς
948 3653 1174 3710 θάνατον
1207 3657 1499 3731 ἁμαρτίαις
1528 3659 1754 3724 ἑαυτοὺς
1777 3661 1951 3716 ἐκδόν-

368 3755 479 3806 τες,
512 3743 605 3797 καὶ
634 3741 721 3796 διὰ
746 3743 906 3798 τοῦτο
926 3748 1109 3818 νεκροὶ
1135 3748 1233 3812 τάς
1257 3748 1431 3819 ψυχὰς
1457 3750 1736 3823 γενόμενοι
1753 3769 1768 3783 ⁸
1807 3772 1826 3805 ι
1848 3752 1951 3824 ψυ-

369 3832 438 3906 χὴ
476 3852 493 3884 ι
532 3834 644 3906 γὰρ
685 3854 702 3886 ι
742 3836 1154 3911 ἁμαρτάνουσα,
1201 3839 1340 3913 αῦτη
1367 3842 1754 3898 ἀποθανεῖται·
1792 3864 1811 3897 ι
1850 3848 1948 3919 τὴν

370 3925 423 3980 δὲ
448 3927 865 3999 ἐπηγγελμένην
893 3933 1004 3995 τοῖς
1029 3933 1204 4002 ἀγίοις
1236 3933 1452 3989 αἰώνιον
1479 3934 1623 4009 ζωὴν
1663 3938 1764 3992 οὐκ
1790 3939 1948 4011 ὄψον-

370 4031 480 4079 ται,
505 4017 624 4071 οὐδὲ
670 4019 839 4092 ἰατροί
876 4020 1040 4074 ποθεν
1078 4023 1395 4089 ἐπιστάντες
1426 4026 1568 4081 κατά
1591 4027 1683 4081 τὸν
1704 4028 1805 4099 τῆς
1827 4030 1947 4101 κρί-

371 4125 509 4173 σεως
538 4110 725 4183 καιρὸν
755 4113 1069 4184 δυνήσονται
1093 4115 1274 4179 αὐτοῖς
1295 4118 1656 4191 ἐπικουρῆσαι
1684 4120 1822 4194 πρὸς
1847 4139 1950 4176 σω-

378 4201 582 4274 τηρίαν,
636 4203 746 4257 οὐδ’
787 4203 852 4259 ἂν
892 4206 1190 4279 ἀναστῆσαι
1240 4208 1417 4264 αὐτῶν
1450 4211 1551 4283 τὴν
1587 4212 1815 4267 πτῶσιν.
1841 4213 1949 4278 Οὓς

371 4293 479 4367 γάρ
511 4295 576 4349 σὺ
605 4297 634 4350 ό
660 4295 831 4368 μέγας
860 4300 954 4352 καὶ
981 4299 1207 4373 φοϐερὸς
1240 4302 1332 4356 καὶ
1355 4301 1561 4368 δίκαιος
1589 4305 1783 4376 κρίτης
1805 4322 1948 4380 παρ-

372 4383 581 4453 έδωκας
638 4389 903 4461 ἀπωλείᾳ,
963 4391 1045 4455 τίς
1113 4393 1312 4466 ἰατρῶν
1370 4394 1740 4452 διασώσασθαι
1780 4396 1946 4469 δυνή-

373 4492 523 4532 σεται
543 4496 558 4544 ;
914 4484 933 4497 ’

448 4586 467 4621 ι
502 4570 599 4624 Διά
623 4572 776 4626 τοῦτο
811 4575 1092 4646 ἀπήγαγες
1117 4576 1211 4629 καὶ
1236 4576 1539 4643 ἀπώλεσας,
1567 4580 1658 4633 καὶ
1676 4575 1816 4654 ἦρας
1836 4582 1947 4638 πᾶν

372 4659 540 4733 ἄρσεν
603 4663 797 4719 αὐτῶν.
840 4685 859 4717 ι
917 4666 1062 4719 Ἀντί
1122 4666 1179 4721 δὲ
1240 4666 1358 4733 τοῦ,
1415 4687 1435 4719 r
1492 4669 1585 4723 καὶ
1643 4665 1783 4743 ἦρας
1836 4674 1947 4728 πᾶν

372 4752 539 4826 ἀρσεν
571 4753 770 4820 αὐτῶν,
816 4775 835 4807 ι
881 4757 911 4810 ό
949 4756 1261 4829 Σύμμαχος.
1303 4778 1321 4810 ι
1357 4762 1534 4813 πᾶσαν
1578 4761 1678 4832 τὴν
1724 4764 1947 4836 μνήμην

373 4846 553 4900 αὐτῶν
582 4863 596 4878 ο
627 4868 647 4899 ι
678 4848 777 4902 eas
817 4850 1157 4920 Ἀκόλαςζκαὶ
1177 4851 1486 4916 Θεοδοτίων,
1522 4873 1540 4904 ι
1582 4856 1688 4909 πᾶν
1715 4855 1776 4909 τὸ
1806 4874 1945 4928 μνη-

375 4938 605 5009 μόσυνον
640 4941 820 4995 αὐτῶν
856 4963 873 4995 ι
895 4943 1269 5015 ἡρμηνευσαν.
1296 4944 1441 4997 Ἔδει
1469 4945 1576 5018 γάρ
1605 4948 1785 5001 πᾶσαν
1816 4950 1946 5021 μνή-

375 5048 483 5104 μην
516 5031 713 5097 κακίας
755 5031 985 5105 ἀρθῆναι
1029 5035 1168 5087 κατά
1217 5034 1304 5089 τὸν
1325 5035 1652 5108 δηλούμενον
1700 5039 1800 5111 τῆς
1832 5042 1954 5110 κρί-

377 5139 511 5187 σεως
566 5124 775 5197 καιρόν.
817 5126 880 5180 Ei
930 5125 988 5180 δὲ
1030 5126 1260 5195 λέγοιτο,
1295 5146 1313 5178 ι
1348 5130 1456 5182 πᾶν
1491 5129 1656 5202 ἄρσεν
1688 5130 1888 5197 αὐτῶν,
1926 5151 1947 5184 ι

381 5214 573 5285 πολλὴν
603 5215 811 5285 εἰσάγει
832 5217 931 5289 τὴν
951 5218 1359 5293 φιλανθρωπίαν
1392 5221 1420 5273 ὁ
1450 5220 1636 5290 λόγος’
1675 5223 1750 5286 ὡς
1773 5222 1953 5277 αὐτῶν

320 5296 327 5307 ’
377 5304 475 5376 μὲν
497 5306 893 5379 ἡμαρτηκότων
934 5310 1009 5382 μὴ
1054 5310 1354 5383 μελλόντων
1386 5313 1763 5384 ἀφανίζεσθαι,
1813 5316 1953 5389 μηδὲ

377 5400 453 5463 εἰς
474 5399 535 5454 τὸ
548 5400 809 5467 παντελὲς
830 5404 1160 5459 ἀπόλλυσθαι
1179 5423 1192 5437 ·
1226 5407 1333 5461 τῶν
1353 5406 1410 5461 δὲ
1427 5410 1777 5482 γεννημάτων
1804 5409 1947 5465 οὕτω

378 5488 733 5564 ¹ἱηλουμὲνουν,
790 5487 865 5549 ὧν
911 5496 944 5566 ἡ
1002 5496 1147 5569 ψυχὴ
1197 5498 1377 5554 αὐτῶν
1433 5501 1727 5575 γεγέννηκε
1796 5501 1945 5572 λογι-

378 5581 526 5650 τιμῶν
549 5585 819 5656 πονηρῶν,
846 5586 1051 5641 τούτων
1078 5591 1381 5664 ἀφανισμὸν
1400 5590 1723 5666 γενήσεσθαί
1752 5610 1939 5667 φησιν.

440 5780 481 5812 θ’
518 5781 704 5838 Ηςιιίὶι.
744 5801 869 5842 xxv.
902 5785 991 5842 tt.

1976 4505 2029 4564 υ

2052 3203 2313 3275 partionis
2339 3212 2390 3257 et
2414 3202 2579 3258 sortis
2606 3216 2727 3256 esse
2756 3215 3082 3256 mereamur.

2098 3288 2286 3362 .Yuns.
2330 3290 2413 3342 14.
2466 3306 2485 3339 ι
2544 3285 2741 3342 Mortui
2785 3297 2965 3342 autem
3000 3287 3167 3343 vitam
3204 3302 3310 3343 non
3342 3287 3631 3352 videbunt,

2015 3396 2230 3473 ‘neque
2262 3380 2455 3435 medici
2493 3378 2861 3434 suscitabunt.
2891 3379 3017 3436 ldco
3061 3379 3336 3435 abduxisti
3362 3418 3379 3445 ,
3414 3389 3469 3435 et
3500 3394 3628 3450 per-

2048 3471 2258 3539 didisti,
2287 3479 2344 3527 et
2375 3467 2643 3526 sustulisti
2681 3482 2845 3524 onme
2895 3469 3194 3525 masculum
3224 3483 3435 3523 corum.
3465 3488 3485 3521 ι
3517 3468 3637 3525 Nos

2049 3561 2292 3634 quidem,
2326 3562 2425 3625 ait,
2452 3559 2528 3614 ttti
2557 3574 2745 3629 sumus
2765 3597 2783 3625 ,
2811 3559 3036 3614 Domine
3057 3601 3075 3626 ,
3108 3568 3163 3614 et
3190 3569 3244 3612 tu
3275 3569 3462 3614 nostra
3495 3574 3624 3629 pos-

2048 3654 2226 3710 sessio
2255 3668 2352 3718 es;
2386 3652 2480 3722 qui
2515 3666 2647 3707 vero
2671 3664 2793 3707 sese
2826 3652 3067 3722 pcccatis
3093 3651 3161 3707 ad
3206 3664 3439 3708 mortem
3468 3654 3628 3707 dedi-

2048 3746 2264 3813 derunt,
2332 3744 2563 3814 ideoque
2616 3742 2905 3799 animabus
2969 3746 3168 3799 mortui
3225 3754 3350 3799 sunt
3420 3762 3436 3800 :
3499 3760 3629 3799 nam

2052 3855 2075 3892 ι
2099 3839 2279 3893 anima
2297 3833 2418 3907 quin
2438 3838 2767 3908 peccaverit,
2799 3836 2913 3906 ipsa
2934 3837 3195 3892 morietur
3218 3854 3232 3890 :
3254 3854 3274 3890 ι
3299 3837 3627 3908 promissam

2049 3930 2249 3986 sanctis
2282 3940 2542 3985 αξιοι-ηοω
2574 3929 2739 3982 vitam
2774 3942 2879 3983 non
2912 3928 3194 3991 videbunt,
3226 3943 3399 4000 neque
3428 3928 3631 3984 medici

2048 4024 2411 4093 undecunque
2458 4023 2723 4078 accedant
2758 4020 2950 4093 judicii
3024 4030 3307 4094 tempore,
3368 4033 3628 4092 poterunt

2050 4117 2183 4189 ipsis
2210 4130 2366 4187 opem
2396 4115 2462 4171 ad
2495 4115 2724 4171 salutem
2767 4112 3018 4170 conferre
3042 4153 3059 4180 ,
3092 4130 3264 4188 neque
3290 4130 3384 4171 eos
3406 4116 3475 4170 ab
3503 4117 3625 4172 exi-

2050 4210 2126 4267 tio
2152 4208 2439 4266 suscitare.
2470 4208 2528 4265 Si
2557 4208 2779 4280 quidem
2807 4223 2946 4277 quos
2976 4218 3031 4263 tu
3056 4247 3072 4273 ,
3103 4224 3330 4281 magne,
3364 4209 3627 4265 terribilis

2048 4312 2104 4359 et
2143 4303 2290 4374 juste
2317 4301 2493 4358 Iudex
2521 4343 2541 4367 ,
2566 4302 2825 4375 perniciei
2878 4302 3147 4358 tradidisti
3174 4343 3190 4368 ,
3221 4303 3345 4373 quis
3373 4302 3620 4358 medicus

2049 4407 2266 4452 servare
2291 4395 2536 4466 poterit?

2130 4594 2147 4628 ι
2187 4575 2311 4631 Ideo
2342 4574 2613 4630 abduxisti
2649 4584 2702 4630 ct
2734 4576 3053 4646 perdidisti,
3094 4587 3148 4632 et
3177 4575 3439 4633 sustulisti
3463 4592 3625 4630 omne

2053 4666 2354 4722 masculum
2401 4681 2612 4721 eorum.
2661 4684 2681 4719 ι
2714 4665 2820 4721 Pro
2850 4668 2941 4722 illo
2971 4677 3150 4722 autem
3179 4705 3196 4729 ,
3230 4685 3251 4721 ι
3280 4678 3334 4724 et
3355 4667 3624 4722 sustulisti

2050 4758 2211 4813 οῖ’ῢίιέ
2240 4756 2540 4814 masculum
2579 4774 2766 4814 eorum
2794 4799 2810 4825 ,
2854 4778 2872 4811 ι
2910 4752 3267 4831 Syuunachus
3290 4797 3310 4822 ,
3349 4777 3369 4809 «
3404 4773 3621 4814 omnem

2051 4853 2372 4908 memoriam
2425 4867 2643 4919 eorum;
2681 4871 2702 4905 ι
2739 4850 2935 4922 Aquila
2980 4865 3119 4906 vero
3165 4859 3222 4906 et
3269 4850 3571 4907 Theodoti»
3607 4895 3624 4917 ,

2056 4961 2077 4997 ι
2114 4958 2275 4999 omne
2307 4944 2619 5000 memoriale
2646 4961 2857 5010 eorum,
2896 4963 2915 4996 ι
2950 4945 3288 5015 interpretati
3319 4954 3467 5002 sunt.
3520 4945 3632 5000 Par

2047 5045 2167 5093 erat
2195 5037 2339 5092 enim
2372 5046 2673 5093 memorato
2715 5036 2903 5106 judicii
2941 5048 3184 5108 tempore
3207 5078 3223 5103 ,
3252 5052 3472 5095 omnem
3523 5056 3625 5095 ne-

2049 5130 2232 5197 quitia:
2269 5130 2590 5185 memoriam
2617 5130 2685 5185 de
2714 5129 2891 5183 medio
2918 5129 3055 5183 tolli.
3093 5128 3246 5196 Quod
3278 5130 3324 5185 si
3351 5132 3629 5197 dicamus,

2055 5240 2076 5275 ι
2105 5237 2267 5278 omne
2304 5221 2602 5278 masculum
2638 5236 2849 5287 eormn,
2893 5240 2913 5276 ι
2949 5237 3200 5292 magnam
3249 5238 3430 5279 sermo
3478 5239 3621 5294 pra:-

2052 5315 2156 5371 fert
2194 5317 2611 5381 humanitatem,
2664 5316 2820 5385 quasi
2850 5315 3059 5372 scilicet
3085 5332 3191 5372 non
3222 5317 3325 5389 ipsi
3361 5327 3618 5388 peccato-

2056 5424 2145 5466 res
2171 5408 2384 5466 delendi
2413 5424 2478 5467 ac
2522 5407 2765 5464 futulitus
2815 5408 3072 5479 perdendi
3102 5411 3236 5477 sint,
3283 5409 3381 5465 sed
3428 5422 3622 5464 eorum

2052 5501 2193 5556 fe.tts
2218 5539 2234 5567 ,
2270 5515 2407 5570 quos
2451 5515 2638 5556 eorum
2672 5501 2851 5554 anima
2883 5500 3094 5571 peperit
3118 5540 3133 5564 .
3192 5500 3344 5557 mala:
3370 5497 3649 5557 videlicet

2051 5592 2425 5666 cogitationes,
2459 5592 2526 5649 de
2560 5592 2737 5648 medio
2764 5592 3010 5651 tollenda:
3037 5592 3166 5649 sint.
