4082 6398
511 337 622 396 275

587 451 756 512 Vens.
803 455 872 511 i5
901 495 918 521 ,
955 455 1050 514 ‘16.
1089 475 1108 507 ι
1147 457 1297 512 Adde
1323 458 1403 514 eis
1432 459 1567 512 mala
1596 500 1612 524 ,
1663 459 1888 516 Domine
1911 502 1925 526 ,
1956 461 2091 516 adde
2119 467 2165 523 Α

517 550 658 606 mala
702 549 952 621 gloriosis
1003 559 1180 605 terrm.
1233 551 1498 617 Domine,
1542 551 1595 607 in
1627 554 1974 608 tribulatione
2010 571 2092 608 re-

515 643 722 696 cordati
756 657 944 696 sumus
973 642 1048 696 tui
1089 665 1100 696 :
1139 643 1190 696 in
1225 643 1576 700 tribulatione
1603 661 1767 715 parva
1808 647 2090 717 disciplina

515 741 612 787 tua
639 733 816 788 nobis.
858 751 876 784 ι
913 733 1179 800 Quoniam
1213 735 1534 790 universalis
1556 735 1748 804 iudicii
1773 737 1947 792 locum
1971 755 2095 794 con-

517 823 812 892 templatur
839 823 1128 892 propheta,
1160 839 1256 880 ceu
1285 825 1491 894 judicio
1523 841 1782 896 praesens,
1827 843 1890 883 ac
1917 829 2091 885 tribu-

517 913 630 968 nali
663 914 756 969 Dei
809 925 1031 982 astans;
1071 931 1169 986 pro
1195 917 1510 972 conditione
1537 933 1716 972 rerum
1743 935 1878 989 quas
1907 922 2048 974 videt
2073 963 2090 988 ,

513 1007 676 1061 modo
707 1008 1019 1072 confitetur,
1037 991 1211 1064 'modo
1240 1019 1516 1078 precatur,
1551 1011 1710 1066 modo
1737 1014 1938 1083 gratias
1959 1014 2089 1082 agit,

513 1111 638 1152 mox
665 1097 842 1168 dignis
877 1113 906 1152 a
939 1099 1050 1154 Deo
1085 1114 1184 1168 pro
1233 1099 1427 1155 merito
1463 1102 1670 1157 dandas
1705 1105 2100 1160 retributiones

511 1199 755 1244 enarrat.
802 1189 928 1244 llaec
977 1205 1142 1260 porro
1177 1193 1360 1246 omnia
1413 1193 1568 1248 nobis
1601 1209 1698 1264 per
1753 1193 2090 1264 Scripturam

513 1293 666 1334 suam
695 1279 872 1348 oﬂert,
910 1291 969 1334 ut
998 1281 1366 1348 instituamur,
1396 1285 1574 1340 edocti
1608 1287 1788 1340 omnia
1825 1302 1946 1356 qua:
1978 1287 2093 1357 ipse

509 1385 582 1426 ex
613 1373 778 1428 divini
811 1374 1046 1442 Spiritus
1075 1375 1437 1431 illustratione
1485 1388 1732 1433 noverat.
1782 1379 1848 1433 Et
1899 1395 2040 1434 nunc
2073 1421 2088 1444 ,

513 1465 728 1538 inquit,
771 1467 1034 1534 Domine,
1072 1483 1196 1523 cum
1231 1479 1442 1540 tempus
1478 1471 1691 1526 adesset
1714 1511 1730 1535 ,
1777 1471 1831 1526 in
1865 1481 2088 1542 angusta

517 1568 575 1614 et
605 1567 754 1614 arcta
785 1561 868 1613 via
911 1559 1243 1624 incedentes,
1263 1575 1360 1630 pro
1383 1561 1581 1630 pietate
1605 1561 2086 1618 concertabamus:

511 1665 700 1706 verum
752 1649 805 1706 in
841 1649 1130 1705 alllictione
1181 1651 1271 1706 illa
1309 1691 1324 1716 ,
1379 1667 1717 1723 nequaquam
1749 1670 1966 1711 eramus
2014 1656 2090 1711 tui

511 1744 861 1799 immemores
892 1760 908 1798 :
942 1743 1034 1798 sed
1063 1745 1438 1800 recordatione
1480 1747 1554 1800 tui
1600 1748 1937 1802 corroborati
1998 1763 2092 1817 pa-

1193 337 1465 396 susrznn
1505 333 1978 398 cmsanmnsrs
2010 341 2160 398 opp.
2199 341 2382 400 rans
2419 339 2508 398 tn.
2546 347 2617 383 —'
2651 319 3064 398 Εχεοὲτιολ.
3665 339 3734 397 ετ

2269 477 2291 512 t
2319 459 2560 532 Πρόσθες
2591 459 2774 522 αὐτοῖς
2807 457 2975 522 κακὰ,
2999 456 3196 528 Κύριε,
3227 453 3463 528 πρόσθες
3493 455 3642 514 κακὰ
3671 459 3784 520 τοῖς

2193 553 2426 618 ἐνδόξοις
2450 553 2546 625 τῆς
2573 552 2698 623 γῆς.
2727 551 2922 624 Κύριε,
2965 551 3022 604 ἐν
3055 549 3231 619 θλίψει
3263 546 3616 620 ἐμνήσθημέν
3649 565 3744 601 σου
3763 565 3780 578 ο

2193 645 2251 696 ὲν
2279 643 2454 714 θλίψει
2499 644 2672 713 μικρᾷ
2715 643 2748 713 ή
2786 641 3004 695 παιδεία
3050 657 3142 693 σου
3188 641 3342 711 ἡμῖν.
3377 658 3395 690 ι
3437 638 3654 710 Ἐπειδὴ
3692 639 3786 692 τὸν

2194 735 2322 806 περὶ
2353 735 2454 806 τῆς
2480 733 2709 787 καθόλου
2743 733 2978 804 κρίσεως
3004 733 3167 786 τόπον
3195 731 3390 800 θεωρεῖ
3417 731 3445 783 ό
3473 733 3783 802 προφήτης,

2194 829 2393 882 ὡσανεὶ
2449 825 2638 898 παρὼν
2691 829 2756 898 τῇ
2799 825 2998 898 κρίσει,
3033 825 3126 878 καὶ
3167 823 3244 895 τῷ
3278 823 3484 894 βήματι
3517 822 3611 876 τοῦ
3645 821 3784 876 Θεοῦ

2193 918 2502 992 παρεστὼς,
2533 921 2616 990 ἐφ’
2637 913 2718 982 οἷς
2745 920 2869 990 ὁρᾷ,
2899 917 3028 972 ποτὲ
3055 918 3153 989 μὲν
3186 917 3611 988 ἐξομολογεῖται,
3651 915 3785 969 ποτε

2192 1013 2248 1065 δὲ
2285 1011 2535 1078 ἱκετεύει,
2565 1012 2698 1064 ποτὲ
2724 1011 2779 1064 δὲ
2801 1011 3130 1082 εὐχαριστεῖ,
3155 1008 3284 1061 ποτὲ
3309 1009 3366 1061 δέ
3387 1007 3485 1072 τὰς
3513 1006 3786 1080 ἀποθησοο

2196 1103 2362 1174 μένας
2407 1103 2510 1156 ὑπὸ
2557 1102 2651 1156 τοῦ
2699 1099 2834 1155 Θεοῦ
2871 1099 3104 1172 ἁμοιὸἁς
3140 1101 3253 1162 10"»;
3285 1099 3454 1165 ἀξίοις
3486 1098 3784 1169 διέρχεται.

2192 1195 2376 1250 Πάντα
2415 1195 2472 1248 δέ
2517 1194 2690 1248 ταῦτα
2713 1193 2800 1247 διὰ
2831 1193 2930 1263 τῆς
2959 1191 3122 1247 αὐτοῦ
3151 1191 3374 1262 Γραφῆς
3403 1191 3498 1244 καὶ
3521 1192 3654 1262 ἡμῖν
3683 1206 3786 1244 πα-

2195 1287 2498 1361 ραδίδωσιν,
2547 1287 2623 1351 ὡς
2673 1287 2739 1340 ἂν
2779 1283 3177 1356 παιδευοίμεθα
3213 1283 3587 1353 διδασκόμενοι
3619 1283 3786 1338 πάνθ’

2191 1377 2291 1430 ὅσα
2345 1378 2439 1430 καὶ
2491 1376 2653 1440 αὐτὸς
2702 1377 2767 1429 ὲκ
2807 1375 2906 1445 τῆς
2953 1372 3048 1426 τοῦ
3093 1371 3236 1426 θείου
3285 1371 3606 1444 Πνεύματος
3659 1375 3788 1427 ἐπι-

2191 1469 2450 1540 λάμψεως
2468 1468 2628 1538 ἔγνω.
2655 1467 2767 1520 Καὶ
2792 1465 2886 1521 νῦν
2919 1461 3034 1530 οὖν,
3067 1465 3249 1542 φησὶν,
3279 1465 3367 1518 ὅτε
3392 1464 3583 1536 καιρὸς
3610 1459 3702 1536 ἦν,
3733 1459 3784 1519 ὧ

2193 1561 2386 1633 Κύριε,
2420 1561 2518 1633 τὴν
2571 1559 2762 1630 στενήν
2809 1559 2902 1614 καὶ
2947 1559 3046 1630 τὴν
3091 1557 3458 1628 τεθλιμμένην
3503 1555 3784 1620 ὁδεύοντες

2194 1653 2332 1725 ὑπὲρ
2354 1654 2452 1724 τῆς
2477 1652 2760 1715 εὐσεϐείας
2786 1649 3192 1722 ὴγωνιζόμεθα’
3225 1649 3362 1721 πλὴν
3390 1649 3483 1702 καὶ
3511 1651 3569 1702 ἐν
3589 1649 3778 1721 ἐκείνῃ

2192 1743 2257 1813 τῇ
2298 1741 2474 1811 θλίψει
2510 1743 2610 1794 οὐκ
2663 1737 2805 1812 ἦμέν
2866 1757 2957 1793 σου
3002 1741 3345 1811 ἀμνήμονες·
3395 1741 3486 1793 ὑπ’
3522 1739 3694 1810 αὐτῆς
3722 1739 3782 1793 δὲ

511 1836 709 1890 tienter
759 1835 1089 1902 ferebamus,
1137 1837 1212 1891 ita
1244 1847 1304 1892 ut
1331 1837 1672 1902 diceremus,
1711 1858 1729 1890 ι
1767 1837 2092 1896 Tribulatio-

2194 1835 2290 1906 τῆς
2333 1836 2434 1906 σῆς
2484 1836 2704 1907 μνήμης
2739 1835 3134 1906 δυναμούμενοι
3189 1833 3470 1906 καρτερῶς
3512 1833 3784 1905 ὑπεμένο-

511 1943 636 1981 nem
670 1927 960 1998 patientes,
997 1929 1092 1983 sed
1121 1943 1230 1983 non
1282 1929 1582 2000 angustiati
1612 1947 1626 1996 ;
1659 1932 2089 2000 persecutionem

509 2019 770 2087 ferentes,
799 2021 894 2076 sed
922 2035 1027 2076 non
1055 2021 1332 2088 derelicti;
1369 2021 1584 2090 dejecti,
1617 2021 1711 2076 sed
1755 2037 1860 2077 non
1909 2023 2090 2093 perdi-

513 2110 552 2165 ti
577 2109 640 2166 “.
674 2131 692 2165 ι
729 2109 840 2166 Hac
872 2125 1002 2180 ergo
1025 2109 1346 2166 calamitate
1373 2111 1674 2180 erudimur,
1707 2113 1938 2169 scientes
1964 2113 2091 2183 quia

511 2217 676 2274 quem
709 2201 884 2274 diligit
915 2203 1080 2268 Deus,
1102 2202 1350 2274 castigat.

581 2383 752 2440 Vens.
783 2385 869 2452 l7,
898 2385 985 2440 i8.
1021 2403 1040 2438 ι
1077 2385 1144 2440 Ει
1171 2386 1314 2441 sicut
1351 2385 1671 2456 parturiens
1699 2389 2095 2458 appropinquat

509 2477 579 2531 ad
603 2486 840 2548 partum,
865 2487 918 2532 et
943 2477 996 2532 in
1028 2478 1216 2534 dolore
1243 2495 1342 2534 suo
1373 2481 1606 2534 clamat:
1639 2481 1720 2534 sic
1747 2479 1874 2534 facti
1907 2495 2095 2534 sumus

509 2567 718 2628 Dilecto
743 2577 855 2623 tuo.
885 2567 1112 2637 Propter
1141 2570 1386 2624 timorem
1417 2579 1589 2634 tuum,
1617 2569 1857 2629 Domine.
1894 2571 1948 2624 in
1975 2580 2094 2624 ute-

509 2673 576 2714 ro
603 2659 914 2730 accepimus
935 2701 952 2727 ,
987 2671 1043 2716 et
1075 2663 1462 2730 parturivimus
1490 2705 1505 2730 ,
1547 2674 1602 2719 et
1629 2666 1937 2735 peperimus
1980 2667 2088 2735 spi-

511 2751 678 2806 ritum
699 2751 890 2807 salutis
917 2763 1021 2806 tuae
1044 2792 1059 2816 ,
1092 2767 1251 2822 quem
1285 2755 1515 2808 fecimus
1547 2755 1600 2810 in
1645 2765 1810 2810 terra.
1853 2755 1966 2811 Non
2001 2772 2093 2811 ca-

510 2841 725 2910 demus,
751 2842 845 2898 sed
873 2843 1068 2898 cadent
1090 2859 1280 2899 onmes
1304 2845 1638 2902 habitatores
1669 2856 1846 2902 terrm.
1874 2867 1893 2900 ι
1915 2849 2094 2916 Quare

511 2951 726 2993 omnem
753 2937 992 2992 laborem
1022 2939 1375 3004 sustinentes,
1410 2941 1614 2996 similes
1638 2957 1857 2998 eramus
1879 2942 2088 2998 mulieri

511 3026 834 3094 parturienti
861 3065 877 3090 ,
918 3035 971 3081 et
1001 3027 1296 3083 clamorem
1329 3032 1598 3086 emittenti
1621 3073 1637 3100 ,
1686 3035 1810 3102 quia
1846 3035 1920 3098 id,
1948 3037 2089 3104 quod

508 3119 564 3171 in
597 3127 784 3173 ventre
815 3129 1087 3186 movetur,
1124 3119 1176 3174 in
1209 3120 1380 3176 lucem
1404 3123 1631 3178 enixura
1662 3135 1746 3180 est
1776 3145 1790 3179 :
1826 3125 1899 3180 ita
1919 3133 2090 3182 et'nos

511 3218 759 3277 respectu
791 3208 982 3264 Dilecti
1033 3211 1108 3266 tui
1155 3213 1355 3268 fuimus
1390 3233 1402 3268 :
1439 3230 1561 3268 nam
1596 3217 1929 3287 unigenitum
1955 3219 2089 3274 Ver-

511 3299 635 3352 lntm
672 3307 819 3355 tuum
855 3301 1000 3366 intus
1027 3303 1078 3356 in
1109 3305 1288 3358 anima
1315 3305 1598 3372 habentes,
1630 3323 1840 3364 necnon
1871 3311 2088 3365 insitum

509 3391 609 3446 abs
659 3401 712 3448 te
760 3393 918 3448 nobis
949 3393 1187 3450 divinum
1245 3398 1532 3464 timorem,
1587 3415 1649 3453 ac
1680 3413 2092 3470 perseveranter

511 3485 771 3549 ferentes,
803 3499 907 3539 non
948 3501 1043 3556 spe
1069 3486 1205 3556 lapsi
1235 3503 1464 3556 sumus;
1507 3493 1600 3545 sed
1631 3495 1937 3562 peperimus
1978 3493 2090 3564 spi-

511 3576 673 3630 ritum
705 3575 919 3631 salutis.
961 3575 1094 3632 Nam
1143 3579 1268 3634 finis
1308 3579 1399 3634 ille
1455 3580 1645 3636 Dilecti
1681 3583 1754 3636 tui
1792 3593 1846 3637 et
1881 3584 2091 3638 timoris

509 3668 625 3734 t-jus
650 3677 860 3737 partus,
899 3667 1122 3739 spiritus
1155 3673 1326 3725 nostri
1358 3680 1503 3728 salus
1530 3683 1685 3738 erat;
1728 3689 1887 3744 quem
1925 3675 2087 3744 spiri-

512 3770 624 3812 tum
659 3767 720 3812 ut
747 3759 1039 3823 edidimus,
1077 3760 1330 3817 omnibus
1357 3763 1546 3818 orbem
1597 3763 1960 3826 incolentibus
1989 3767 2088 3822 ho-

510 3851 749 3904 minibus
778 3859 962 3904 notum
997 3851 1252 3916 fecimus;
1299 3863 1354 3908 ut
1401 3863 1457 3910 et
1499 3855 1601 3924 ipsi
1641 3857 1770 3912 hinc
1793 3859 1989 3925 edocti,
2023 3873 2092 3914 ex

511 3941 854 3995 aemulatione
889 3945 1227 4009 parturiendi
1267 3961 1296 3999 a
1331 3945 1526 4001 timore
1583 3958 1674 4002 tuo
1699 3989 1714 4014 ,
1745 3958 1801 4004 et
1847 3951 2088 4018 pariendi

511 4029 758 4083 eumdem
814 4031 1102 4100 spiritum,
1155 4033 1440 4090 utilitatem
1482 4038 1805 4108 percipiant.
1871 4039 2089 4095 Etenim

511 4121 602 4191 qui
633 4121 775 4175 hunc
807 4121 1000 4178 salutis
1047 4124 1298 4192 spiritum
1351 4143 1456 4180 non
1491 4131 1882 4199 conceperint,
1917 4147 2092 4202 neque

511 4214 842 4282 pepererint,
868 4227 990 4267 eum
1018 4213 1257 4284 alioquin
1284 4217 1500 4272 steriles
1526 4227 1578 4272 et
1611 4217 1933 4276 infructuosi
1959 4224 2087 4289 sint,

509 4321 540 4359 a
573 4319 671 4374 spe
715 4305 768 4360 in
803 4315 854 4360 te
885 4305 1120 4376 reposita
1161 4307 1414 4362 excident
1457 4327 1471 4364 :
1521 4310 1612 4378 qui
1655 4319 1835 4364 autem
1875 4326 1940 4366 ex
1967 4325 2091 4382 por-

511 4399 657 4453 tione
687 4408 778 4452 tua
811 4409 938 4454 sunt
962 4439 978 4466 ,
1024 4400 1227 4470 quique
1254 4411 1475 4472 propter
1509 4411 1561 4456 te
1601 4418 1963 4458 aerumnarum
1993 4419 2088 4475 ge-

511 4507 614 4547 nus
643 4507 805 4547 onme
830 4492 1068 4548 tolerant
1095 4533 1111 4558 ,
1141 4493 1354 4548 etiamsi
1393 4511 1566 4566 usque
1595 4495 1661 4549 ad
1691 4506 1921 4550 mortem
1953 4513 2086 4552 con-
2120 4517 2168 4577 ι)

512 4595 591 4662 tra
625 4594 906 4655 peccatum
942 4587 1381 4640 concertaverint
1406 4627 1421 4652 ,
1455 4603 1483 4640 a
1519 4588 1627 4643 vita
1655 4630 1671 4656 ,
1717 4604 1836 4658 qua:
1866 4592 2006 4662 apud
2037 4601 2090 4647 te

509 4655 614 4741 est,
642 4693 981 4746 nequaqttam
1008 4677 1280 4732 labentur.

579 4856 748 4912 Vens.
777 4859 866 4916 l9.
916 4875 936 4911 ι
973 4859 1279 4928 Resurgeut
1315 4859 1514 4913 mortui
1543 4898 1558 4923 ,
1615 4867 1670 4913 et
1701 4859 2090 4913 excitabuntur

509 4955 604 5024 qui
635 4965 758 5010 sunt
795 4956 848 5009 itt
878 4957 1248 5012 monumentis
1273 4998 1287 5022 ,
1316 4967 1372 5012 et
1401 4957 1734 5011 lartabnntur
1757 4955 1848 5024 qui
1879 4963 2005 5009 sunt
2031 4955 2086 5008 in

511 5056 656 5101 terra
688 5064 702 5100 :
736 5061 824 5102 ros
863 5048 1007 5101 enim
1040 5089 1056 5114 ,
1107 5049 1200 5117 qui
1234 5063 1260 5101 a
1299 5057 1351 5104 te
1379 5057 1504 5110 est,
1551 5046 1756 5101 medela
1789 5047 1922 5114 ipsis
1957 5055 2040 5100 est
2070 5063 2086 5099 :
2125 5039 2130 5044 ’

511 5147 658 5191 terra
680 5145 861 5191 autem
895 5137 1184 5208 impiorum
1229 5139 1410 5194 cadet.
1469 5159 1486 5191 ι
1541 5139 1848 5206 llesurgeut
1891 5136 2089 5206 quippe

509 5228 745 5292 mortui;
773 5227 888 5283 sive
922 5229 1218 5284 secundum
1247 5231 1518 5300 Aquilam,
1552 5247 1572 5281 ι
1607 5227 1803 5284 Vivent
1824 5229 1916 5298 qui
1942 5243 2088 5282 mor-

513 5325 588 5373 tui
643 5321 858 5375 fuerant
909 5320 1023 5387 tui;
1065 5339 1084 5374 ι
1126 5321 1242 5378 sive
1291 5324 1585 5380 secundum
1616 5321 2000 5394 Symmachum
2034 5329 2089 5376 et

509 5411 940 5468 Theodotionem
965 5453 980 5478 ,
1025 5432 1042 5465 ι
1082 5412 1276 5468 Vivent
1309 5417 1506 5471 mortui
1554 5416 1652 5470 tui.
1699 5433 1719 5468 ι
1759 5413 1957 5468 Mortui
1989 5427 2088 5467 au-

512 5512 619 5557 tem
649 5503 764 5570 ejus
792 5503 1016 5573 quinam
1050 5503 1273 5569 fuerint,
1308 5505 1411 5560 nisi
1446 5505 1618 5562 sancti
1647 5505 1762 5574 ejus
1793 5514 2085 5576 martyres,

507 5593 603 5665 qui
637 5595 727 5650 alii
763 5609 794 5649 a
822 5595 1098 5666 praedictis
1119 5595 1348 5653 mortuis
1379 5607 1526 5666 sunt,
1555 5597 1622 5654 de
1648 5596 1850 5668 quibus
1879 5594 2084 5653 dictum

581 5773 626 5806 ⁸⁸
667 5773 706 5828 ll
737 5773 860 5830 Cor.
897 5791 970 5840 tv,
999 5774 1051 5831 9.

2197 1941 2324 1996 μεν’
2349 1923 2488 1978 ὥστε
2514 1925 2692 1994 λέγειν
2756 1943 2774 1976 ι
2803 1923 3139 1994 Θλιεόμενοι,
3177 1923 3290 1977 ἀλλ’
3328 1925 3388 1977 οὐ
3417 1923 3784 1996 στενοχωρού-

2196 2033 2377 2088 μενοι·
2401 2017 2738 2089 διωκόμενοι,
2758 2016 2870 2070 ἀλλ’
2896 2017 2994 2069 οὑκ
3019 2017 3620 2088 ἐγκαταλιμπανόμενοι
3639 2033 3654 2047 ·
3679 2033 3786 2072 καν-

2193 2107 2604 2180 ταδαλλόμενοι,
2645 2107 2760 2162 ἀλλ’
2801 2109 2902 2162 οὐκ
2935 2107 3314 2179 ἀπολλύμενοι.
3369 2127 3387 2159 ι
3429 2109 3527 2164 Διὰ
3574 2108 3784 2178 ταύτης

2191 2199 2323 2268 γοῦν
2351 2200 2453 2270 τῆς
2477 2199 2708 2270 θλίψεως
2731 2199 3119 2272 παιδευόμεθα,
3145 2200 3365 2264 εἰδότες,
3393 2201 3475 2254 ὅτι
3499 2199 3557 2253 ὃν
3585 2201 3782 2271 ἀγαπᾷ

2193 2291 2415 2362 Κύριος,
2443 2291 2708 2345 παιδεύει.

2269 2401 2288 2434 t
2317 2383 2429 2435 Καὶ
2458 2383 2533 2446 ὡς
2569 2385 2602 2455 ή
2639 2383 2905 2436 ὠδίνουσα
2937 2381 3142 2452 ἐγγίζει
3187 2381 3280 2434 τοῦ
3315 2386 3510 2446 τεκεῖν,
3549 2382 3645 2436 καὶ
3682 2383 3781 2434 ἐπὶ

2175 2477 2257 2552 ,τῇ
2316 2473 2464 2527 ὠδῖνι
2503 2475 2676 2545 αὐτῆς
2719 2475 3018 2546 ὲκέκραγεν
3043 2492 3058 2504 ·
3107 2473 3279 2537 οὕτως
3333 2475 3668 2546 ἐγενήθημεν
3699 2474 3782 2546 τῷ

2205 2567 2497 2638 Ἀγαπητῷ
2521 2585 2635 2621 σου.
2664 2567 2764 2621 Διά
2797 2569 2886 2622 τὸν
2918 2567 3079 2638 φόϐον
3115 2585 3229 2632 σου,
3259 2567 3452 2638 Κύριε,
3489 2569 3544 2618 ὲν
3577 2567 3782 2637 γαστρὶ

2195 2657 2479 2729 ἐλάϐομεν,
2503 2659 2598 2712 καὶ
2631 2659 2992 2730 ὠδινήσαμεν,
3015 2661 3108 2714 καὶ
3141 2659 3401 2730 ὲτέκομεν
3429 2657 3646 2729 πνεῦμα
3674 2673 3784 2711 σω-

2191 2749 2384 2820 τηρίας
2416 2767 2531 2814 σου,
2571 2749 2600 2802 ὃ
2631 2750 2965 2822 ἐποιήσαμεν
2991 2750 3082 2804 ἐπὶ
3115 2749 3214 2822 τῆς
3243 2751 3364 2821 γῆς.
3397 2751 3472 2803 Οὺ
3508 2749 3784 2819 πεσούμε-

2192 2839 2279 2904 θα,
2337 2838 2472 2894 ἀλλὰ
2523 2840 2810 2895 πεσοῦνται
2857 2843 3058 2906 πάντες
3097 2843 3146 2894 οἱ
3169 2840 3506 2904 ἐνοικοῦντες
3543 2839 3638 2893 ἐπὶ
3673 2839 3778 2912 τῆς

2193 2935 2312 3004 γῆς.
2353 2952 2372 2985 ι
2404 2933 2493 2986 Διὸ
2531 2933 2709 2989 πάντα
2749 2935 2908 2989 πόνον
2953 2935 3333 3006 ὑπομένοντες,
3368 2935 3604 2998 ἐοικότες
3631 2929 3780 3006 ἦμεν

2190 3025 2456 3101 ὼδινούσῃ
2501 3029 2742 3096 γυναικὶ,
2794 3031 2888 3082 καὶ
2939 3028 3066 3100 βοὰς
3105 3027 3339 3102 ἀφιούσῃ
3385 3027 3513 3100 περὶ
3544 3027 3675 3080 αὐτὸ
3717 3025 3780 3081 τδ

2199 3119 2413 3190 μέλλειν
2451 3120 2512 3174 τὸ
2541 3121 2682 3175 κατὰ
2709 3122 2946 3194 γαστρὸς
2977 3123 3292 3194 κινούμενον
3343 3123 3423 3185 είς
3476 3120 3593 3190 φῶς
3643 3137 3780 3192 προ-

2191 3211 2346 3279 άγειν
2365 3228 2379 3242 ·
2408 3211 2550 3266 οὕτω
2588 3213 2696 3286 γὰρ
2732 3215 2826 3268 καὶ
2853 3215 3012 3284 ἡμεῖς
3039 3215 3266 3286 ἐγενήθη
3291 3213 3389 3285 μὲν
3406 3213 3482 3284 τῷ
3512 3212 3588 3284 σῷ
3617 3213 3784 3280 Ἀγα-

2369 3320 2382 3333 ·
2413 3305 2502 3356 τὸν
2538 3304 2646 3376 γὰρ
2685 3309 2945 3377 μονογενῆ
2985 3323 3076 3358 σου
3101 3306 3271 3375 Λόγον
3298 3304 3446 3358 ἔνδον
3479 3307 3692 3376 ἔχοντες
3717 3306 3780 3357 ὲν

2189 3399 2256 3466 5f,
2298 3395 2504 3450 ἑαυτῶν
2539 3395 2707 3468 ψυχῇ,
2743 3399 2837 3452 καὶ
2869 3399 2958 3450 τὸν
2984 3400 3048 3452 ἐκ
3079 3399 3172 3451 σοῦ
3197 3399 3614 3468 κατασπαρέντα
3642 3399 3779 3469 ήμῖν

2195 3485 2372 3539 ἔνθεον
2403 3487 2585 3554 φόϐον,
2613 3487 2707 3538 καί¹
2739 3486 2802 3558 δή
2833 3489 3290 3560 καρτερήσαντες,
3330 3488 3432 3541 οὐκ
3463 3487 3780 3556 ἐσφάλημεν

2192 3579 2290 3647 τῆς
2319 3578 2550 3640 ἐλπίδος.
2583 3577 2696 3631 ἀλλ’
2727 3579 2984 3649 ἐτέκομεν
3015 3579 3229 3650 πνεῦμα
3267 3580 3562 3650 σωτηρίας.
3609 3579 3780 3642 Τέλος

2193 3669 2302 3740 γὰρ
2337 3670 2436 3740 τῆς
2459 3671 2704 3742 κυήσεως
2745 3671 2838 3724 τοῦ
2885 3673 3194 3744 Ἀγαπητοῦ
3229 3690 3318 3726 σου
3363 3673 3458 3726 καὶ
3485 3672 3577 3724 τοῦ
3607 3671 3776 3741 φόϐου

2193 3761 2357 3814 αυτοῦ
2399 3763 2432 3833 ή
2467 3763 2706 3834 σωτηρία
2731 3759 2798 3834 ἦν
2819 3763 2912 3816 τοῦ
2942 3765 3209 3836 ἡμετέρου
3241 3765 3572 3834 πνεύματος.
3595 3765 3778 3836 Ὅπερ

2193 3854 2660 3926 ἁπογεννήσαντες
2719 3857 2950 3928 φανερὸν
3013 3859 3426 3929 κατεστήσαμεν
3471 3858 3604 3910 πᾶσι
3663 3861 3782 3922 τοῖς

2195 3947 2288 4000 ἐπὶ
2317 3947 2417 4017 τῆς
2449 3947 2552 4018 γῆς
2579 3947 2921 4001 κατοικοῦσιν
2955 3947 3281 4022 ἀνθρώποις,
3307 3951 3382 4014 ὡς
3405 3950 3470 4003 ἂν
3502 3949 3595 4002 καὶ
3625 3949 3784 4002 αὐτοὶ

2199 4037 2462 4108 μαθόνπς
2509 4039 2838 4110 ὼτεληθεῖεν
2887 4041 2975 4094 διὰ
3019 4041 3112 4094 τοῦ
3157 4040 3398 4112 ζηλῶσαι
3441 4041 3646 4111 κυῆσαι
3683 4043 3784 4094 καὶ

2195 4129 2391 4194 αὐτοὺς
2425 4131 2532 4184 ἀπὸ
2555 4131 2649 4184 τοῦ
2685 4132 2872 4202 φόϐου,
2913 4133 3007 4187 καὶ
3036 4135 3322 4186 ἀποτεκεῖν
3357 4135 3419 4186 τὸ
3455 4133 3586 4186 αὐτὸ
3615 4132 3782 4186 πνεῦ-

2199 4239 2291 4290 μα.
2341 4223 2402 4274 Οί
2453 4223 2560 4293 γὰρ
2614 4225 2687 4294 μὴ
2740 4223 2899 4278 τοῦτο
2947 4224 3204 4289 λαϐόντες
3249 4225 3383 4298 μηδέ
3421 4225 3674 4288 τεκόντες
3719 4224 3782 4277 τὸ

2196 4312 2414 4384 πνεῦμα
2447 4315 2544 4385 τῆς
2578 4315 2870 4386 σωτηρίας,
2906 4315 3082 4380 ἄλλως
3115 4316 3170 4370 δὲ
3203 4315 3385 4386 ἄγονοι
3413 4317 3506 4370 καὶ
3539 4317 3783 4388 ἄκαρποι

2195 4404 2494 4474 γενόμενοι,
2522 4405 2615 4458 καὶ
2638 4405 2996 4461 ἐκπεσοῦνται
3017 4410 3117 4480 τῆς
3143 4409 3294 4480 παρὰ
3329 4409 3422 4462 σού
3458 4407 3672 4472 ἐλπίδος
3691 4425 3706 4440 ·
3729 4409 3782 4462 oi

2195 4495 2252 4548 δέ
2299 4513 2362 4564 γε
2395 4499 2493 4568 τῆς
2515 4497 2612 4567 σῆς
2649 4497 2864 4570 μερίδος
2887 4499 3062 4565 ὄντες,
3101 4502 3149 4554 oi
3181 4499 3270 4554 διὰ
3303 4501 3362 4554 σὲ
3397 4501 3576 4554 πᾶσαν
3603 4500 3783 4570 θλίψιν

2200 4588 2608 4658 ὑπομείναντες,
2675 4591 2723 4642 εί
2785 4591 2878 4643 καὶ
2940 4590 3102 4663 μέχρι
3141 4591 3370 4646 θανάτου
3423 4591 3784 4660 ἀγωνίσαιντο

2201 4681 2337 4752 πρὸς
2386 4680 2484 4751 τὴν
2534 4681 2824 4754 ἁμαρτίαν,
2881 4683 3131 4754 οὐδαμῶς
3181 4684 3277 4754 τῆς
3321 4684 3471 4756 παρὰ
3519 4683 3602 4735 σοὶ
3633 4679 3782 4754 ζωῆς

2198 4772 2379 4826 ἁποπε
2389 4772 2620 4826 σοῦνται.

2276 4886 2292 4916 ι
2347 4865 2763 4937 Ἀναστήσονται
2790 4869 2840 4922 οί
2871 4869 3075 4940 νεκροὶ,
3117 4869 3210 4922 καὶ
3239 4867 3620 4940 ἐγερθήσονται
3643 4867 3694 4919 οἱ
3723 4869 3783 4920 ἐν

2195 4957 2308 5019 τοῖς
2352 4957 2656 5028 μνημείοις,
2707 4959 2800 5012 καὶ
2843 4960 3306 5030 εὐφρανθήσονται
3358 4963 3404 5013 οἱ
3453 4962 3510 5014 ὲν
3561 4961 3624 5030 τῇ
3671 4961 3780 5031 γῇ⁶

2197 5047 2364 5120 ήγὰρ
2402 5049 2588 5120 δρόσος
2621 5051 2654 5122 ἡ
2693 5051 2846 5122 παρὰ
2889 5050 2981 5104 σοῦ
3031 5053 3168 5123 ἴαμα
3204 5053 3386 5115 αὐτοῖς
3427 5053 3576 5104 ἐστιν
3600 5067 3614 5080 ·
3657 5053 3692 5121 ἡ
3723 5049 3783 5104 δὲ

2198 5141 2268 5210 γῆ
2309 5139 2417 5192 τῶν
2455 5141 2664 5194 ἀσεϐῶν
2710 5146 2972 5197 πεσεῖται.
3027 5163 3044 5196 ι
3110 5145 3528 5216 Ἀναστήσονται
3571 5143 3682 5215 γὰρ
3731 5143 3782 5196 οἱ

2195 5231 2398 5302 νεκροὶ,
2429 5233 2462 5304 ἢ
2493 5233 2636 5287 κατὰ
2663 5233 2753 5286 τὸν
2798 5235 3047 5300 Ἀκύλαν,
3091 5257 3108 5286 ι
3147 5238 3412 5307 Ζήσονται
3443 5236 3492 5288 οἱ
3543 5233 3778 5287 τεθνεῶ-

2196 5321 2286 5385 τὲς
2329 5339 2442 5386 σου,
2495 5341 2512 5372 ι
2555 5323 2587 5394 ἢ
2629 5323 2770 5378 κατὰ
2810 5325 2900 5378 τὸν
2945 5325 3239 5398 Σύμμαχον
3282 5325 3378 5378 καὶ
3425 5323 3781 5388 Θεοδοτίωνα,

2203 5433 2220 5464 ι
2263 5415 2524 5485 Ζήσονται
2571 5417 2620 5468 οἱ
2656 5417 2838 5491 νεκροί
2887 5437 3001 5472 σου.
3039 5437 3056 5470 ι
3099 5419 3304 5490 Νεκροί
3347 5417 3402 5470 δὲ
3435 5415 3600 5470 αὑτοῦ
3633 5417 3780 5480 τίνες

2197 5503 2262 5558 ἂν
2293 5500 2424 5568 εἶεν,
2473 5507 2506 5578 ἢ
2553 5510 2600 5560 οί
2651 5509 2796 5578 ἅγιοι
2845 5511 3008 5564 αὑτοῦ
3063 5509 3356 5583 μάρτυρες,
3402 5509 3580 5580 ἕτεροι
3625 5507 3780 5569 ὄντες

2197 5595 2352 5671 παρὰ
2381 5599 2506 5664 τοὺς
2542 5597 2828 5672 λεχθέντας
2858 5603 3104 5674 νεκροὺς,
3141 5603 3268 5674 περὶ
3300 5595 3374 5658 ὧν
3405 5600 3609 5674 εἴρητο’
3655 5619 3674 5654 ι
3715 5597 3782 5653 Ol
