4158 6402
407 326 513 383 377

1330 322 1839 383 COMMENTARIA
1875 322 1942 380 IN
1980 313 2353 398 [SAIAM.;:
2393 323 2551 380 CAP.
2590 314 2784 381 XXVII

3559 297 3668 378 27's

405 441 467 496 δὲ
499 439 682 511 νεκροὶ
705 439 850 512 ζωὴν
879 440 940 494 οὑ
973 441 1046 512 μὴ
1079 441 1281 505 ίδωσιν,
1309 441 1430 495 οὐδὲ
1466 443 1641 513 ίατροὶ
1665 442 1728 494 οὗ
1763 443 1836 514 μὴ
1872 442 1996 495 ἀνα-

2104 441 2293 508 fuerat,
2330 460 2352 494 ι
2393 441 2590 500 Mortui
2619 450 2802 498 autem
2848 437 3148 496 vitam'non
3184 437 3462 504 videbunt,
3494 455 3670 511 neque

417 533 744 604 στήσονταις
776 549 794 584 ι
841 531 978 585 Ἀλλ’
1006 533 1202 586 ἐκεῖνοι
1232 532 1330 604 μὲν
1358 529 1499 603 ἦσαν
1531 534 1734 604 νεκροὶ,
1761 532 1830 585 τά
1857 533 1993 604 πρὸς

409 623 638 679 θάνατον
659 624 1060 695 ἡμαρτηκότες,
1093 626 1141 678 οί
1170 624 1225 677 δὲ
1257 624 1441 695 νεκροὶ
1478 625 1574 678 τοῦ
1608 624 1813 696 Κυρίου
1845 625 1894 677 oi.
1925 623 1991 676 δι’

409 715 575 769 αὑτὸν
606 716 784 769 πᾶσαν
815 713 992 785 θλίψιν
1021 715 1125 780 ἓως
1157 715 1386 771 θάνατον
1418 715 1799 786 ὑπομένοντες.
1849 715 1994 770 Ἀντὶ

406 806 470 862 δὲ
493 805 611 873 τοῦ,
651 825 671 859 ι
712 806 1118 878 ἐγερθήσονται,
1161 827 1178 860 ο
1217 809 1266 860 oi
1298 807 1479 862 λοιποὶ⁵
1509 809 1880 880 ἡρμήνευσαν,
1919 808 1994 871 ὡς

407 900 788 973 κοιμηθέντων
820 899 1020 964 αὐτῶν,
1054 901 1174 972 οὐχὶ
1220 900 1293 955 δὲ’
1316 900 1647 955 τεθνεώτων.
1684 901 1774 954 Διὸ
1819 902 1846 953 ὁ
1887 900 1994 953 τῶν

411 992 584 1060 ἁγίων
617 991 842 1055 θάνατος
886 992 1142 1063 κοίμησις
1175 992 1519 1064 ὀνομάζεται.
1561 992 1891 1055 Ἀκολούθως
1936 992 1994 1044 δὲ

411 1087 479 1157 τῇ
508 1085 760 1156 κοιμήσει
785 1087 818 1156 ἡ
846 1084 1139 1148 ἀνάστασις
1170 1084 1503 1156 ὲξυπνισμὸς
1531 1084 1596 1139 ἂν
1629 1084 1867 1156 λεχθείη.
1903 1084 1994 1137 Διὸ

413 1176 556 1230 κατά
597 1178 722 1240 τοὺς
767 1176 986 1241 λοιποὺς
1024 1177 1364 1248 ἑρμηνευτάς
1408 1177 1898 1250 ὲξυπνισθήσεσθαι
1944 1177 1996 1230 οί

409 1270 470 1322 ιν
500 1272 613 1332 τοῖς
648 1268 928 1341 μνημείοις
960 1269 1102 1322 κατά
1128 1270 1190 1322 τὸ
1218 1269 1432 1342 πρῶτον
1465 1270 1736 1342 εἴρηνται·
1766 1269 1907 1324 κατά
1940 1270 1997 1324 δὲ

412 1361 473 1413 τὸ
499 1359 772 1432 δεύτερον,
802 1380 820 1412 ι
844 1360 1280 1429 ἀγαλλιάσονται,
1320 1381 1340 1415 ι
1375 1362 1407 1432 ἢ
1435 1381 1454 1413 ι
1485 1362 1780 1427 αίνέσουσι,
1811 1381 1828 1414 ι
1856 1361 1998 1415 κατά

410 1451 500 1504 τὸν
538 1451 838 1524 Ἀκύλαν,ἢ
868 1470 886 1502 ι
915 1452 1257 1520 ἀλαλάξουσι,
1295 1473 1314 1505 ι
1340 1453 1481 1508 κατά
1524 1453 1615 1506 τὸν
1647 1453 1992 1507 Θεοδοτίωνα.

412 1544 613 1614 Δρόσος
646 1545 680 1615 ἡ
711 1544 804 1598 ἐπὶ
834 1545 935 1615 γῆς
964 1544 1225 1598 κατιοῦσα
1262 1546 1445 1618 ἡρέμα
1473 1546 1567 1599 καὶ
1590 1547 1780 1617 πράως
1807 1545 1996 1618 ἐκτρέ-

413 1651 503 1703 φει
533 1635 623 1687 καὶ
649 1633 830 1702 αῦξειν
852 1639 994 1688 ποιεῖ
1015 1635 1082 1689 τά
1107 1636 1502 1708 ὲναποκείμενα
1521 1637 1657 1707 αὐτῇ
1688 1636 1992 1707 σπέρματα·

410 1725 502 1780 τὸν
528 1727 690 1781 αὑτὸν
722 1727 923 1799 τρόπον
953 1730 986 1798 ἡ
1022 1728 1170 1800 παρά
1198 1728 1291 1782 σοῦ
1324 1728 1513 1800 δρόσος
1551 1728 1688 1800 ἴαμα
1720 1729 1816 1780 καὶ
1852 1728 1995 1800 ζωὴν

411 1816 507 1872 καὶ
540 1817 814 1888 σωτηρίαν
853 1817 1074 1889 παρέξει
1107 1822 1218 1882 τοῖς
1253 1821 1360 1882 σοῖς
1394 1822 1627 1890 νεκροῖς,
1659 1811 1735 1870 ὧν
1791 1829 1857 1871 τά
1890 1817 1997 1870 σὼ-
2029 1805 2071 1858 Β

416 1924 564 1979 ματα
607 1908 751 1962 κατά
782 1911 972 1980 καιρὸν
1008 1912 1100 1963 ἐπὶ
1148 1910 1249 1980 τῆς
1280 1911 1385 1980 γῆς
1412 1910 1651 1982 ὲσπάρη.
1693 1909 1806 1963 Ούκ
1838 1909 1904 1962 ἂν
1939 1908 1997 1962 δὲ

414 1999 684 2072 ἁμάρτοις
707 2001 868 2054 αὐτὸν
897 1997 1036 2055 εἶναι
1064 2002 1252 2073 δρόσον
1274 2001 1446 2069 λέγων
1481 2002 1574 2054 τὸν
1609 1999 1873 2072 μονογενῆ
1905 1999 1998 2053 τοῦ

411 2091 546 2144 Θεοῦ
591 2092 784 2161 Λόγον,
835 2093 915 2160 ὃς,
960 2093 1258 2158 ὲπιστάξας
1305 2090 1403 2156 τάς
1456 2091 1649 2145 ἑαυτοῦ
1703 2091 2002 2156 ζωοποιοὺς

421 2180 687 2248 σταγόνας
717 2184 828 2246 τοῖς
859 2182 1023 2235 αὑτοῦ
1054 2185 1287 2253 νεκροῖς,
1321 2180 1456 2252 ὁμοῦ
1503 2181 1598 2234 καὶ
1650 2179 1792 2233 ίασιν
1826 2181 2001 2251 ἁμαρ-

415 2274 692 2345 τημάτων,
717 2276 769 2328 εί
795 2275 896 2329 πού
928 2293 980 2329 τι
1013 2277 1193 2340 αὐτοῖς
1213 2275 1329 2329 κατ’
1357 2273 1644 2346 ἄνθρωπον
1677 2272 2003 2344 πεπλημμέ-

416 2363 566 2435 λητο,
619 2363 845 2436 παρέξει
893 2364 1028 2436 ὁμοῦ
1074 2365 1171 2418 καὶ⁸
1223 2363 1523 2418 ἀνάστασιν
1569 2364 1661 2417 καὶ
1705 2363 1999 2434 σωτηρίαν,

419 2456 516 2510 καὶ
563 2453 707 2527 ζωὴν
734 2442 960 2510 ἀἰώνιον
1009 2457 1191 2521 αὐτοῖς
1233 2457 1571 2529 δωρήσεται·
1620 2455 1735 2510 ἀλλ’
1768 2455 1887 2526 οὐχὶ
1933 2455 2008 2510 τά

418 2544 526 2601 τῶν
554 2546 770 2601 ἀσεϐῶν
803 2547 1048 2601 τοιαῦτα.
1174 2548 1178 2553 ’

493 2745 514 2780 r
537 2724 729 2791 Βάδιζε
752 2767 766 2792 ,
795 2727 824 2780 ὁ
853 2726 978 2792 λαός
1014 2745 1137 2800 μουο
1174 2729 1377 2783 εἴσελθε
1408 2730 1488 2793 είς
1513 2727 1580 2781 τά
1600 2727 1822 2798 ταμιεῖα
1850 2743 1996 2778 σουῚ

423 2820 498 2892 μὴ
528 2818 893 2891 περιεργάζου
925 2819 994 2874 τά
1025 2823 1362 2894 πορρωτάτω
1387 2823 1724 2892 τυγχάνοντα
1755 2821 1862 2873 τῶν
1894 2819 2002 2873 σῶν

414 2913 696 2985 ταμιείων.
719 2933 738 2965 ι
764 2913 1107 2968 Ἀπόκλεισον
1147 2913 1246 2986 τὴν
1297 2914 1465 2986 θύραν
1501 2931 1590 2966 σου
1611 2931 1624 2944 ·
1661 2911 2002 2984 ἀποκρύϐηθι

421 3006 616 3079 μικρὸν
645 3007 788 3074 ὅσον,
809 3008 915 3072 ἕως
938 3007 1005 3062 ἂν
1038 3007 1336 3080 παρέλθῃή
1369 3006 1506 3079 ὀργὴ
1533 3007 1756 3078 Κυρίου.
1791 3025 1809 3056 ι
1847 3003 2002 3059 Μετά

417 3101 516 3173 τὴν
562 3099 910 3155 διδασκαλίαν
946 3102 1045 3172 τῆς
1085 3101 1192 3154 τῶν
1232 3099 1444 3172 νεκρῶν
1493 3097 1865 3161 ἀναστάσεως,
1923 3096 1998 3159 ὡς

421 3158 794 3267 περιεστῶτας
854 3158 1182 3267 ἔμπροσθεν,
1253 3158 1349 3246 καί
1404 3193 1497 3245 ἐπὶ
1556 3191 1618 3243 τὸ
1678 3158 2003 3261 αὑτὸ-’μετά
2029 3158 2072 3215 C

425 3286 525 3359 τὴν
573 3286 864 3341 ἀνάστασιν
906 3285 1277 3358 συνηγμένους
1316 3285 1441 3348 τοὺς
1489 3284 1676 3352 ἁγίους
1723 3281 1818 3335 τοῦ
1866 3279 2000 3334 Θεοῦ

419 3379 759 3452 θεασάμενον
799 3380 860 3434 τὸ
910 3379 1126 3451 πνεῦμα
1181 3379 1242 3432 τὸ
1292 3376 1650 3450 προφητικὸν,
1702 3375 1893 3429 ἔπειτα
1945 3374 2005 3439 ἐξ

420 3472 607 3544 ἑτέρου
642 3472 839 3544 μέρους
868 3473 967 3544 τὴν
1001 3470 1258 3524 ἐπιοῦσαν
1286 3472 1400 3532 τοῖς
1425 3468 1677 3522 ἀσεϐέσιν
1705 3467 1874 3540 ὀργὴν
1903 3484 2003 3520 κα-

419 3562 712 3633 τανοῆσαν,
741 3561 813 3633 τις·
847 3563 1088 3633 τάγματι
1114 3560 1223 3614 τῶν
1252 3560 1421 3629 ἁγίων
1451 3561 1762 3631 προσφωνεῖ
1794 3558 2006 3627 ἀποχω·

422 3657 538 3725 ρεῖν
573 3654 709 3728 πρὸς
757 3654 930 3727 βραχὺ
963 3654 1057 3708 τοῦ
1091 3653 1306 3727 μακρὰν
1345 3651 1706 3724 κρύπτεσθαι,
1743 3650 1818 3713 ὼς
1867 3650 2004 3721 μηδὲ

422 3745 660 3818 θεωροὺς
701 3746 805 3815 τῆς
841 3745 949 3799 τῶν
994 3744 1206 3799 ἀσεϐῶν
1248 3743 1494 3814 γίνεσθαι
1547 3741 1842 3804 ἀπωλείας.
1894 3739 2003 3794 Τα-

425 3837 656 3910 μιεῖαδὲ
684 3836 780 3891 τοῦ
809 3836 940 3891 λαοῦ
964 3837 1058 3890 τοῦ
1080 3835 1214 3890 Θεοῦ
1239 3837 1295 3889 αί
1330 3835 1522 3888 πολλαὶ
1547 3831 1698 3905 παρὰ
1723 3832 1800 3903 τῷ
1828 3832 2005 3903 Πατρὶ

421 3929 746 4000 τυγχάνουσι
785 3931 971 4002 μοναὶ,
999 3929 1214 4000 ἑκάστῳ
1246 3929 1485 3998 τάγματι
1517 3925 1625 3980 τῶν
1660 3925 1830 3993 ἁγίων
1864 3923 2006 3978 κατὰ

423 4021 639 4076 δικαίαν
670 4021 806 4075 Θεοῦ
858 4023 1037 4094 κρίσιν
1071 4021 1467 4092 ἀφωρισμέναι.
1505 4018 1599 4080 Εἰς
1632 4017 1782 4069 ταῦτ’
1817 4011 1908 4068 οὖν
1937 4015 2008 4068 τὰ

425 4116 510 4168 σοὶ
529 4115 1020 4186 παρεσκευασμένα
1050 4131 1116 4166 τα
1125 4113 1274 4184 μιείά
1300 4130 1416 4174 σου,
1443 4112 1624 4181 φησιν,
1649 4111 1676 4163 ό
1699 4108 1831 4180 ἐμὸς
1855 4106 2002 4170 λαὸς,

423 4203 651 4269 εἴσελθε,
684 4206 779 4260 καὶ
816 4205 1136 4259 ἀπόκλεισον
1166 4205 1266 4276 τὴν
1299 4203 1468 4274 θύραν
1504 4219 1616 4255 σου.

499 4315 518 4348 ι
569 4297 702 4351 Ἰδοὺ
731 4297 841 4370 γὰρ
874 4297 1078 4370 Κύριος
1110 4295 1219 4350 ἀπὸ
1249 4295 1338 4348 τοῦ
1369 4295 1526 4364 ἁγίου
1560 4295 1755 4362 ἐπάγει
1783 4292 1881 4364 τὴν
1916 4292 2003 4362 όρα

422 4390 526 4464 γῆν
559 4391 653 4444 ἐπὶ
692 4391 818 4454 τοὺς
849 4388 1192 4451 ἐνοικοῦντας
1223 4389 1316 4442 ὲπὶ
1343 4388 1441 4458 τῆς
1469 4386 1592 4456 γῆς.
1633 4405 1650 4437 ι
1690 4381 2002 4456 Παρελθούο

2096 533 2290 589 medici
2313 531 2690 588 suscitabunt?
2721 551 2741 583 ›
2775 529 2881 586 Sed
2911 527 2987 585 illi
3015 531 3234 600 quidem
3267 528 3462 584 tnortui
3491 539 3670 596 erant,

2095 625 2186 696 qui
2217 625 2283 679 ad
2314 634 2543 680 mortem
2577 633 2958 694 peccaverant.
3005 622 3201 678 Μαι-ιυί
3242 632 3422 678 autem
3455 623 3669 680 Domini

2095 727 2220 774 sunt
2263 715 2302 773 ii
2335 717 2427 786 qui
2469 724 2695 787 prapter
2754 730 2876 772 eum
2911 729 3127 771 omnem
3178 713 3545 770 calamitatem
3597 715 3668 770 ad

2097 819 2326 865 mortem
2357 821 2530 878 usque
2559 815 2690 863 sunt
2734 807 3002 878 perpessi.
3033 805 3142 862 Pro
3169 804 3261 861 illo
3291 814 3497 874 autem,
3529 825 3549 860 ‹
3580 820 3675 861 ex-

2095 903 2426 966 citabuntur,
2457 918 2476 953 »
2499 899 2692 971 reliqui
2723 899 3174 972 interpretantur,
3202 915 3268 957 ac
3290 901 3338 955 si
3370 899 3670 967 dormiant,

2097 1011 2160 1050 ac
2185 1011 2290 1050 non
2328 993 2526 1048 mortui
2575 993 2708 1047 sint.
2745 991 3105 1058 Quamobrem
3141 1001 3454 1048 sanctorum
3485 1006 3670 1056 mors,

2098 1102 2320 1142 somnus
2354 1085 2677 1157 appellatur.
2714 1085 3126 1154 Consequenter
3179 1094 3362 1139 autem
3410 1083 3479 1138 ad
3528 1097 3675 1138 som-

2100 1196 2248 1243 num,
2280 1177 2634 1245 resurrectio,
2670 1177 3012 1245 experrectio
3044 1190 3164 1231 esse
3186 1176 3418 1230 dicatur.
3474 1173 3674 1242 Quam-

2099 1273 2284 1328 oin-ein
2323 1271 2622 1326 secundum
2653 1269 2892 1338 reliquos
2921 1270 3246 1339 interpretes
3272 1306 3290 1334 ,
3322 1275 3675 1337 experrectu-

2100 1380 2193 1420 ros
2227 1379 2348 1419 esse
2401 1366 2492 1432 qui
2550 1363 2601 1417 in
2657 1360 3021 1416 monumentis
3055 1368 3182 1414 sunt
3223 1359 3403 1428 primo
3435 1358 3672 1424 dicitur;

2099 1457 2337 1511 secundo
2366 1463 2544 1510 autem
2581 1471 2599 1506 ι
2636 1453 2998 1519 lmtabuntur;
3038 1471 3057 1504 ι
3097 1452 3232 1518 sive,
3258 1449 3616 1514 «laudabunt,
3651 1466 3671 1502 ι

2101 1561 2158 1602 ιιι
2190 1547 2418 1615 Aquila;
2467 1546 2606 1613 sive,
2642 1563 2660 1597 ι
2695 1544 3030 1614 jubilabnnt,
3069 1561 3089 1597 ›
3132 1552 3189 1598 ut
3223 1541 3518 1598 Tbeodotio
3551 1557 3675 1597 ver-

2101 1639 2186 1694 tit.
2225 1637 2334 1692 Ros
2368 1645 2549 1692 autem
2580 1636 2632 1690 in
2660 1646 2860 1691 terram
2897 1635 3177 1705 delapsus,
3214 1633 3414 1689 sensim
3444 1631 3677 1702 placide—

2100 1748 2206 1802 que
2236 1732 2431 1801 injecta
2464 1731 2536 1785 ibi
2563 1730 2768 1785 semina
2798 1728 3004 1784 enutrit
3049 1737 3104 1782 et
3148 1741 3462 1782 accrescere
3499 1725 3628 1780 facit
3657 1742 3671 1778 :

2102 1823 2403 1891 eodemque
2435 1823 2593 1877 modo
2623 1835 2714 1876 ros
2755 1821 2852 1875 abs
2889 1829 2940 1876 te
2971 1819 3246 1890 prodiens,
3280 1817 3564 1886 medelam,
3591 1817 3675 1873 vi-

2106 1924 2211 1967 tam
2241 1924 2295 1968 et
2327 1914 2556 1968 salutem
2589 1912 2820 1968 mortuis
2868 1909 3056 1966 afferet
3094 1912 3198 1966 tuis
3221 1950 3238 1978 ,
3290 1924 3518 1981 quorum
3550 1923 3673 1965 cor-

2101 2021 2230 2076 pora
2265 2007 2429 2060 variis
2459 2005 2792 2076 temporibus
2839 2005 2893 2059 in
2925 2013 3125 2058 terram
3162 2004 3305 2058 velut
3333 2003 3541 2059 semina
3589 2001 3678 2071 ja-

2103 2106 2190 2150 cta
2227 2096 2448 2151 fuerint.
2485 2094 2672 2165 Neque
2706 2109 2868 2165 porro
2908 2095 3249 2151 aberraveris
3274 2135 3290 2160 ,
3324 2092 3371 2149 si
3418 2094 3567 2149 dicas
3597 2095 3680 2164 ip-

2102 2203 2221 2242 sum
2258 2188 2594 2258 unigenitum
2627 2187 2724 2243 Dei
2761 2185 2993 2242 Verbum
3025 2201 3199 2242 rorem
3222 2201 3362 2253 esse,
3395 2186 3538 2257 quod
3559 2195 3679 2258 gut-

2105 2279 2245 2332 tulas
2271 2293 2400 2334 suas
2430 2277 2662 2333 mortuis
2689 2276 2803 2332 suis
2841 2275 3109 2331 instillare
3138 2274 3348 2330 faciens
3373 2317 3387 2342 ,
3434 2290 3542 2328 una
3596 2287 3680 2327 re-

2104 2370 2340 2425 medium
2371 2369 2633 2440 peccatis,
2659 2368 2704 2422 si
2742 2367 2874 2438 quid
2904 2367 2972 2423 ab
3001 2367 3109 2422 illis
3135 2368 3451 2422 humanitus
3487 2381 3679 2436 pecca-

2107 2473 2217 2516 tum
2245 2501 2260 2527 ,
2305 2477 2370 2516 ac
2399 2459 2858 2516 resurrectionem
2883 2499 2898 2526 ,
2932 2458 3161 2514 salutem
3191 2468 3246 2513 et
3283 2460 3448 2513 vitam
3478 2458 3678 2527 sempi-

2107 2566 2316 2610 ternam
2351 2553 2481 2624 ipsis
2513 2550 2776 2609 conferet.
2805 2551 2876 2607 At
2909 2566 2998 2606 res
3033 2549 3318 2621 impiorum
3347 2565 3455 2605 non
3488 2550 3678 2606 eodem

2103 2649 2264 2704 modo
2288 2663 2347 2703 se
2379 2648 2600 2705 habent.

2177 2743 2343 2797 Vens.
2372 2741 2462 2796 ΞΟ.
2500 2738 2535 2793 ι’
2559 2740 2728 2807 Vade,
2759 2739 2990 2809 populus
3024 2732 3191 2792 'meus
3223 2755 3236 2792 :
3273 2736 3414 2792 intra
3448 2737 3500 2790 in
3528 2735 3681 2792 cubi-

2106 2836 2227 2892 cula
2260 2846 2389 2901 tua;
2428 2853 2448 2888 ι
2487 2835 2860 2890 ne'curiosius
2904 2831 3150 2902 inquiras
3191 2845 3255 2886 ea
3286 2870 3301 2896 ,
3331 2844 3450 2898 quae
3495 2829 3681 2898 procul

2107 2927 2369 2984 cubiculis
2422 2927 2528 2982 tuis
2569 2920 2882 2981 versantur.
2935 2941 2954 2976 ι
3007 2920 3214 2978 Claude
3250 2919 3446 2974 ostium
3485 2928 3630 2973 tuum
3657 2927 3678 2971 ':

2106 3019 2444 3076 abscondere
2521 3018 2795 3089 paululum
2867 3014 3399 3088 quantulumcunque
3436 3051 3453 3078 ,
3511 3013 3682 3067 donec

2108 3120 2457 3182 pertranseat
2481 3113 2560 3168 ira
2591 3109 2828 3166 Domini.
2871 3127 2890 3161 ›
2927 3108 3055 3168 Post
3092 3105 3309 3162 allatam
3336 3104 3404 3160 de
3440 3118 3684 3160 resurre-

2108 3206 2292 3261 ctione
2353 3215 2696 3261 mortuorum
2745 3201 3074 3266 doctrinam,
3121 3209 3341 3255 sanctos
3393 3196 3535 3264 Dei,
3588 3196 3683 3266 qni

2109 3309 2267 3352 antea
2314 3298 2822 3360 circumsteterant,
2851 3294 3040 3349 eodem
3075 3292 3129 3346 in
3167 3292 3287 3347 loco
3319 3299 3536 3346 coactos
3563 3299 3684 3359 post

2034 3440 2052 3448 -
2108 3387 2562 3442 resurrectionem
2592 3385 2784 3440 videns
2809 3382 3157 3454 propheticus
3213 3381 3458 3451 spiritus.
3489 3380 3684 3435 deinde

2105 3493 2236 3534 vero
2264 3479 2366 3532 alia
2398 3493 2463 3533 ex
2491 3486 2643 3549 parte
2676 3474 3050 3530 imminentem
3089 3463 3434 3542 impiis'iram
3466 3472 3685 3541 conspi-

2107 3581 2280 3636 catus,
2323 3581 2640 3626 sanctorum
2678 3577 2879 3622 emtum
2921 3565 2989 3621 ad
3014 3565 3285 3619 modicum
3335 3573 3544 3634 tempus
3592 3577 3682 3616 se-

2109 3663 2302 3718 cedere
2333 3676 2398 3716 ac
2429 3659 2627 3730 procul“
2650 3671 2772 3714 sese
2799 3656 3076 3712 occultare
3108 3665 3312 3720 monet,
3342 3672 3408 3710 ne
3440 3655 3550 3709 sint
3583 3654 3685 3708 im-

2112 3754 2322 3824 piorum
2357 3751 2622 3822 perniciei
2649 3757 3010 3820 spectatores.
3057 3745 3315 3802 Cubicula
3345 3761 3470 3800 vero
3503 3745 3685 3814 populi

2110 3845 2228 3912 Dei,
2261 3845 2527 3916 intelligas
2557 3857 2677 3897 esse
2709 3838 2905 3895 multas
2928 3839 3069 3907 apud
3099 3838 3318 3892 Patrem
3343 3837 3681 3905 mansiones,

2101 3940 2250 4009 justo
2289 3939 2378 3994 Dei
2406 3935 2609 4007 judicio
2648 3931 2876 4002 singulis
2928 3931 3208 3986 ordinibus
3255 3929 3573 3985 destinatas.
3624 3927 3682 3983 In

2112 4034 2225 4086 llaec
2269 4030 2454 4100 igitur,
2489 4027 2685 4098 popule
2717 4026 2830 4090 mi,
2877 4033 3064 4094 parata
3097 4021 3190 4077 tibi
3222 4019 3469 4075 cubicula
3508 4019 3686 4089 ingre-

2111 4125 2261 4189 dere,
2293 4133 2348 4178 et
2377 4122 2568 4177 claude
2592 4119 2787 4176 ostium
2820 4129 2992 4172 tuum.

2183 4280 2352 4336 Vsas.
2381 4279 2474 4336 9.1.
2511 4297 2529 4332 ι
2580 4279 2716 4334 Ecce
2751 4275 2898 4336 enim
2927 4274 3187 4330 Dominus
3222 4272 3286 4326 de
3317 4281 3506 4326 sancto
3538 4270 3688 4325 indu.

2113 4376 2190 4430 cit
2219 4375 2355 4429 iram
2389 4373 2561 4442 super’
2587 4371 2926 4427 habitatores
2957 4378 3140 4424 terrae.
3190 4385 3210 4418 ι
3245 4364 3540 4435 Postquam
3593 4377 3688 4416 an-

427 4499 525 4553 σης
575 4482 631 4535 δὲ
681 4482 875 4552 αὐτῆς,
919 4481 1264 4544 ἀναπετάσας
1312 4479 1498 4532 λοιπὸν
1526 4476 1626 4540 τάς
1655 4475 1764 4529 τῶν
1805 4469 2001 4528 σαυτοῦ

2115 4479 2219 4522 tem
2249 4466 2336 4521 illa
2361 4464 2742 4535 pertransierit
2764 4504 2780 4530 ,
2820 4461 3076 4518 reseratis
3103 4458 3320 4514 demum
3347 4453 3578 4511 cubiculi
3613 4453 3688 4508 tui

423 4545 691 4646 ταμιείων
723 4545 919 4638 πύλας,
967 4571 1105 4644 μετά
1133 4571 1335 4642 πολλῆς
1375 4569 1620 4634 ἐξουσίας
1655 4566 1749 4620 καὶ
1788 4568 2003 4638 παρῤης

2109 4559 2312 4628 ianuis,
2347 4564 2614 4627 potestate
2635 4563 2692 4610 et
2719 4553 2915 4610 ﬁducia
2955 4551 3122 4607 multa
3156 4550 3454 4604 instructus
3494 4545 3686 4615 prodi,

426 4670 548 4732 σίας
569 4667 755 4740 πρόῖθι
775 4667 866 4722 τὸν
887 4666 1005 4720 νέον
1027 4664 1344 4720 ἐποπτεύων
1377 4662 1568 4722 αίῶνα,
1594 4661 1687 4714 καὶ
1708 4659 1805 4730 τὴν
1831 4660 2002 4728 ἐπηγ-

424 4761 693 4832 γελμένην
729 4777 810 4814 σοι
841 4757 1113 4830 βασιλείαν
1138 4755 1230 4809 τοῦ
1265 4752 1422 4809 Θεοῦ.
1467 4772 1484 4804 ι
1529 4753 1637 4806 Καὶ
1667 4748 2002 4819 ἀνάκαλύψει

424 4855 459 4925 ἡ
487 4852 560 4923 γῆ
590 4852 650 4906 τὸ
679 4846 819 4924 αἷμα
852 4851 1039 4922 αὐτῆς,
1076 4848 1172 4902 καὶ
1203 4848 1264 4900 οὑ
1298 4844 1666 4914 κατακαλύψει
1710 4844 1836 4905 τοὺς
1870 4842 2002 4912 ἀνῃ-

428 4944 727 5018 ρημένους·
767 4964 786 4998 ι
837 4944 914 5008 ὡς
958 4942 1163 5014 μηδένα
1204 4940 1389 4995 λαθεῖν
1433 4938 1542 4992 τῶν
1571 4936 1737 4990 πάλαι
1769 4937 1830 4988 ὲν
1862 4935 2002 5005 αὐτῇ

425 5037 525 5100 τὰς
555 5034 735 5108 ψυχὰς
766 5035 1124 5109 ἀνῃρημένων
1145 5032 1232 5087 διὰ
1262 5032 1370 5086 τῶν
1400 5030 1536 5103 πρὸς
1559 5029 1786 5083 θάνατον
1825 5027 2006 5098 ἁμαρ-

425 5129 684 5201 τημάτων
703 5145 716 5159 ·
745 5129 838 5182 ἐπὶ
867 5127 1042 5199 τούτῳ
1079 5126 1188 5198 γάρ
1209 5125 1308 5197 τὴν
1335 5125 1507 5197 ὀργὴν
1538 5119 1760 5186 ἐπάξειν
1793 5119 2008 5192 εἴρηται

425 5222 454 5274 ὁ
485 5219 633 5283 Θεός’
660 5219 829 5292 ὀργῆς
865 5217 1098 5274 ἐνταῦθα
1121 5215 1527 5287 ὀνομαζομένης
1555 5211 1662 5266 τῶν
1695 5213 1814 5272 ταῖς
1846 5207 2005 5261 κολά-

427 5329 545 5368 σεσι
575 5311 1001 5382 διακονουμένων
1026 5308 1291 5378 ἀγγέλων.
1315 5305 1427 5377 (50)
1449 5305 1610 5377 Δηλοῖ
1626 5303 1683 5357 δὲ
1696 5302 1783 5356 διὰ
1803 5299 2005 5355 τούτων

425 5403 526 5473 τὴν
557 5403 663 5457 τῶν
710 5403 880 5470 ἀγίων
911 5400 1005 5454 τοῦ
1031 5399 1166 5454 Θεοῦ
1197 5399 1475 5469 ἀναίρεσιν
1504 5396 1596 5450 καὶ
1620 5393 1689 5448 τὰ
1721 5391 1828 5446 τῶν
1865 5409 2004 5464 μαρ-

426 5492 607 5565 τύρων
639 5493 866 5565 αἵματα,
898 5491 1027 5563 περὶ
1059 5483 1134 5546 ὧν
1163 5490 1257 5546 καὶ
1281 5489 1523 5560 Μωῦσῆς
1553 5489 1610 5540 ἐν
1647 5484 1855 5559 μεγάλῃ
1894 5483 2002 5555 ᾤδῇ

427 5585 654 5657 γράνων
685 5585 859 5653 ἔλεγε·
895 5603 913 5635 ι
955 5585 1076 5639 Ὅτι
1105 5583 1167 5640 τὸ
1197 5577 1334 5655 αἷμα
1365 5581 1472 5638 τῶν
1506 5579 1638 5636 υίῶν
1681 5576 1844 5634 αὐτοῦ
1868 5575 2010 5633 ἐκδι-

506 5758 617 5820 (30)
656 5759 776 5816 llaec
811 5758 1192 5820 llieronvmus.

2114 4666 2310 4705 novum
2359 4648 2615 4704 saeculum
2645 4655 3040 4718 conspecturus
3061 4687 3077 4709 ,
3109 4655 3318 4698 necnon
3360 4637 3687 4710 promissum

2114 4743 2208 4798 tibi
2235 4757 2458 4811 regnum
2511 4739 2627 4796 Dei.
2675 4757 2694 4792 ι
2746 4739 2813 4794 Et
2865 4736 3128 4793 revelabit
3182 4743 3325 4787 terra
3367 4731 3685 4801 sanguinem

2112 4851 2294 4900 suum,
2325 4843 2378 4890 et
2409 4849 2513 4889 non
2545 4831 2842 4888 abscondet
2875 4828 3227 4890 interfectos;
3265 4845 3285 4880 ι
3321 4825 3392 4880 ita
3429 4833 3490 4878 ut
3528 4837 3690 4878 nemo

2115 4927 2281 4983 lateat
2313 4942 2500 4982 eorum
2531 4966 2546 4992 ,
2582 4925 2667 4996 qui
2690 4924 2816 4980 olim
2845 4923 2896 4978 in
2928 4937 2988 4978 ea
3019 4918 3317 4976 secundum
3347 4916 3584 4972 animam
3619 4918 3689 4972 ob

2115 5029 2337 5092 peccata
2380 5019 2447 5074 ad
2499 5025 2730 5074 murtem
2780 5013 3051 5070 interfecti
3097 5012 3249 5066 fuere
3277 5029 3292 5066 :
3322 5011 3426 5065 hac
3446 5008 3593 5064 enim
3623 5011 3691 5064 de

2115 5111 2276 5169 causa
2309 5112 2443 5166 iram
2479 5109 2795 5165 lnducturus
2824 5121 2977 5162 suam
3028 5103 3169 5158 Deus
3200 5102 3422 5157 dicitur.
3459 5100 3558 5156 Hic
3588 5101 3693 5156 sci-

2115 5205 2243 5261 licet
2276 5205 2355 5258 ira
2401 5209 2661 5256 vocantur
2709 5197 2888 5267 angeli
2939 5193 3234 5251 inferenda:
3286 5191 3480 5248 ultioni
3530 5191 3692 5245 mini-

2113 5305 2376 5353 strantes.
2429 5292 2524 5348 llis
2553 5305 2718 5362 porro
2779 5287 3049 5359 significat
3105 5294 3418 5344 sanctomm
3453 5283 3548 5340 Dei
3597 5297 3694 5338 ne-

2112 5405 2273 5454 cem,
2330 5397 2385 5442 et
2445 5395 2745 5456 martyrum
2801 5381 3118 5453 sanguinem
3159 5424 3172 5446 ,
3230 5379 3297 5435 tle
3333 5379 3532 5450 quibus
3579 5376 3694 5433 hare

2116 5485 2167 5540 in
2209 5497 2405 5554 magno
2453 5480 2664 5536 cantico
2722 5476 2911 5532 scribit
2980 5474 3238 5548 Moyses,
3296 5491 3316 5527 ι
3379 5472 3516 5541 Quia
3573 5487 3694 5527 san-

2119 5578 2336 5650 guinem
2384 5574 2616 5633 tiliorum
2647 5587 2861 5633 suorunt
2923 5569 3215 5628 ulciscetur
3247 5578 3304 5626 et
3357 5566 3694 5634 vindicabit,
