4158 6402
536 272 642 338 9.79

1209 284 1480 342 EUSEBII
1515 285 1986 342 CESABIENSIS
2018 285 2168 344 OPP.
2207 289 2390 346 PARS
2427 289 2514 346 lii.
2555 321 2624 332 -—
2661 291 3079 350 EXEGETICA.

535 413 588 456 et
613 399 872 456 ultionem
901 402 1421 482 retribuetinimicis
1445 443 1464 468 ,
1501 415 1554 460 et
1577 404 1884 459 odientibus
1925 423 1983 461 se
2023 425 2079 461 re

2215 413 2408 474 κεῖται,
2453 412 2545 466 καὶ⁵
2592 412 2882 484 ἐκδικήσει,
2928 415 3017 470 καὶ
3063 417 3429 472 ἀνταποδώσει
3473 421 3626 494 δίκην
3673 427 3782 491 τοῖς

540 493 740 549 tribuet
771 494 836 548 ".

1083 587 1310 643 CAPUT
1343 585 1558 642 ΧΧιίι.

609 679 771 734 Vnus.
813 679 863 736 Ι.
897 699 915 730 ι
957 681 1010 734 In
1047 680 1132 734 die
1161 680 1248 735 illa
1301 681 1521 736 inducet
1548 681 1690 738 Deus
1720 683 1955 754 gladium
1987 704 2112 742 san-

536 782 710 838 etum,
741 788 991 842 magnum
1020 781 1072 828 et
1098 773 1332 828 validum
1365 787 1528 844 super
1551 776 1864 846 draconem,
1897 795 2114 848 serpen-

533 881 640 924 tem
687 867 981 940 fugientem
1009 910 1026 932 ,
1065 885 1230 938 super
1257 870 1550 926 draconem
1581 881 1884 941 serpentem
1913 883 2112 928 tOrtnu-

528 977 670 1026 sum,
701 972 754 1014 ct
781 963 996 1016 occidet
1027 963 1348 1019 draconem.
1383 964 1544 1036 Virga
1577 965 1757 1036 itaque
1809 965 1930 1032 Dei,
1963 976 2108 1019 recta

527 1069 650 1108 cum
677 1055 769 1120 sit,
797 1067 846 1108 et
877 1057 1223 1126 castigationi
1256 1067 1406 1126 apta,
1443 1059 1736 1112 secundum
1774 1058 1924 1124 illud,
1947 1077 1966 1110 ι
1994 1057 2110 1110 V'ir-

525 1161 588 1214 ga
619 1145 978 1210 rectitudinis,
1012 1149 1159 1218 virga
1189 1149 1336 1218 regni
1367 1149 1441 1204 ttti
1477 1150 1550 1214 ³⁸,
1587 1168 1606 1201 ι
1647 1151 1712 1204 iis
1738 1154 1826 1220 qui
1860 1151 1911 1204 in
1949 1151 2108 1205 rebus

527 1235 793 1291 medelam
831 1240 1246 1296 admittentibus
1277 1251 1572 1310 peccarunt
1594 1286 1609 1309 ,
1639 1253 1890 1298 servatur
1917 1246 1983 1296 ad
2024 1243 2106 1310 ip-

525 1343 710 1384 sorum
749 1329 1184 1400 castigationem,
1211 1336 1647 1390 emendationem
1681 1345 1736 1390 et
1781 1338 1846 1390 ad
1895 1337 2102 1390 utilita-

523 1429 630 1474 tem
662 1422 895 1491 prolata.
935 1421 1036 1488 Qui
1083 1436 1262 1478 autem
1317 1427 1447 1482 nihil
1486 1439 1732 1496 rectum,
1778 1443 2104 1499 {equumque

519 1513 656 1568 nihil
691 1513 876 1580 habet,
919 1517 1011 1568 sed
1059 1517 1279 1572 omnino
1315 1519 1552 1576 deﬂexus
1577 1533 1632 1576 et
1670 1533 1944 1577 tortuosos
1975 1534 2056 1576 est
2082 1568 2096 1588 ,

521 1621 587 1660 ac
620 1618 839 1676 pectore
872 1619 1163 1672 ventreqne
1194 1611 1340 1664 humi
1379 1624 1594 1679 reptat,
1623 1615 1972 1682 omniumque
2009 1631 2100 1684 pe—

521 1699 682 1754 dibus
733 1701 800 1754 ad
844 1701 1341 1769 supplantationem
1389 1716 1444 1759 et
1475 1707 1837 1775 dejectionem
1873 1708 2098 1762 insidias

2215 500 2447 572 ἐχθροῖς,
2482 503 2574 556 καὶ
2609 505 2722 566 τοῖς
2747 503 2996 575 μισοῦσιν
3025 507 3412 564 ἁνταποδώσει.
3445 530 3464 562 ι

2705 609 3096 664 ΚΕΦΑΛΑῙΟΝ
3131 612 3256 665 ΚΖ’.

2286 717 2306 752 ι
2356 701 2444 754 Ἐν
2468 703 2534 772 τῇ
2561 701 2742 772 ἡμέρᾳ
2767 689 2949 772 ἐκείνῃ
2975 703 3164 770 ἐπάξει
3189 707 3216 758 ό
3239 703 3370 768 Θεὸς
3393 703 3490 776 τὴν
3511 705 3780 778 μάχαιραν

2211 791 2306 862 τὴν
2331 791 2512 859 ἁγίαν,
2547 791 2644 862 τὴν
2671 793 2912 866 μεγάλην
2939 796 3032 847 καὶ
3047 794 3142 865 τὴν
3169 797 3390 866 ἰσχυραν
3423 798 3516 850 ἐπὶ
3543 798 3631 850 τὸν
3655 798 3781 870 δρά-

2211 899 2392 946 κοντα,
2419 883 2508 936 τὸν
2531 883 2652 952 ὅφιν
2676 885 2962 954 φεύγοντα,
2993 888 3085 940 ἐπὶ
3107 887 3197 940 τὸν
3218 888 3486 960 δράκοντα
3501 889 3624 958 ﬁeri
3653 908 3778 945 σκο-

2210 972 2342 1036 λιὺν,
2377 975 2471 1028 καὶ
2498 975 2677 1028 ἀνελεῖ
2697 977 2786 1028 τὸν
2814 976 3099 1047 δράκοντα.
3133 999 3150 1028 ι
3183 979 3244 1031 Ἠ
3271 979 3369 1050 μὲν
3401 975 3491 1034 οὖν
3523 981 3620 1034 τοῦ
3641 982 3776 1038 Θεοῦ

2207 1063 2425 1134 ῥάϐδος,
2478 1065 2661 1120 εὐθεῖά
2701 1085 2784 1132 τις
2822 1066 2956 1122 οὖσα
2997 1069 3090 1122 καὶ
3131 1069 3467 1142 παιδευτικὴ,
3513 1073 3652 1128 κατὰ
3691 1075 3773 1138 τὺ,

2213 1171 2230 1202 ι
2256 1154 2474 1219 Ῥάὸδος
2499 1155 2790 1228 εὐθύτητος
2811 1162 2844 1230 ἡ
2870 1159 3061 1231 ῥάϐδος
3073 1161 3168 1232 τῆς
3187 1161 3460 1231 βασιλείας
3483 1163 3596 1216 σοῦ’
3625 1185 3644 1214 ι
3665 1169 3778 1230 τοῖς

2209 1245 2400 1314 ἰάσιμα
2417 1247 2758 1318 ἡμαρτηκόσι
2773 1257 3065 1322 τετήρηται
3083 1251 3160 1314 εἰς
3189 1251 3464 1304 παίδευσιν
3487 1254 3664 1308 αὐτῶν
3684 1257 3777 1310 καὶ

2205 1333 2485 1402 βελτίωσιν
2509 1338 2600 1390 καὶ
2619 1337 2794 1408 ψυχῆς
2814 1340 3072 1408 ὠφέλειαν
3091 1345 3492 1412 προσαγομένη’
3513 1347 3540 1397 ό
3557 1344 3616 1398 δὲ
3639 1345 3776 1416 μηδὲ

2201 1427 2358 1498 ὀρθὸν
2385 1430 2518 1500 μηδὲ
2548 1431 2674 1484 εὐθὺ
2703 1449 2868 1502 κεκτη
2877 1432 3186 1502 μένος,ὃλος
3211 1433 3266 1488 δὲ
3293 1433 3466 1488 διόλου
3487 1436 3770 1506 καμπύλος

2202 1523 2294 1574 καὶ
2321 1522 2547 1587 σκολιὸς,
2569 1526 2739 1594 χαμαί
2757 1542 2815 1578 τε
2833 1526 2923 1579 ἐπί
2942 1526 3002 1578 τὸ
3027 1527 3218 1598 στῆθος
3238 1529 3330 1581 καὶ
3347 1528 3546 1581 κοιλίαν
3563 1529 3768 1601 ἕρπων,

2199 1615 2500 1686 ἐφεδρεύων
2531 1633 2588 1670 τε
2619 1621 2730 1680 τοῖς
2771 1619 2985 1672 πάντων
3016 1621 3168 1672 ποσὶν
3199 1622 3290 1674 ἐπὶ
3319 1621 3380 1674 τὸ
3397 1621 3658 1686 σκελίζειν
3680 1623 3774 1678 καὶ

2197 1707 2552 1760 καταϐάλλειν
2586 1710 2800 1772 αὐτοὺς,
2839 1711 2976 1780 μετὰ
3029 1711 3232 1775 πάντας
3287 1715 3410 1774 τοὺς
3452 1713 3667 1778 ἀσεϐεῖς
3705 1720 3774 1786 τῇ

520 1787 764 1854 molitur,
815 1802 937 1860 post
971 1793 1166 1861 impios
1196 1810 1385 1850 omnes
1407 1836 1423 1862 ,
1455 1799 1630 1866 gravi,
1657 1815 1853 1867 magno
1883 1801 2063 1854 valido

2203 1799 2414 1870 σκληρᾷ
2447 1801 2539 1852 καὶ
2577 1800 2784 1872 μεγάλῃ
2820 1802 2906 1854 καὶ
2966 1803 3160 1874 ἰσχυρᾷ
3185 1805 3427 1876 μαχαίρᾳ
3467 1807 3772 1879 παραδοθήσ

518 1893 626 1950 que
665 1881 842 1950 gladio
871 1883 1134 1948 tradetur.
1173 1902 1332 1955 quem
1368 1889 1466 1958 ipsi
1497 1892 1596 1944 soli
1631 1907 1856 1962 magnus
1895 1894 1981 1948 ille
2013 1894 2098 1948 Ju-

518 1974 620 2027 dcx
653 1976 986 2030 reconditum
1013 1989 1060 2032 et
1097 1991 1340 2048 paratum
1374 1984 1872 2042 hahttit.'Glatlium
1901 1991 1988 2044 hic
2013 2005 2099 2046 vo-

518 2075 605 2120 cat
638 2067 860 2122 ultionis
897 2070 1148 2126 eﬂ'ectum
1185 2093 1198 2126 :
1231 2091 1390 2143 quem
1447 2078 1572 2132 item
1619 2088 1870 2135 sanctum
1923 2083 2092 2146 dicit,

518 2175 638 2213 cum
670 2171 728 2214 ut
761 2162 1030 2217 minarum
1060 2173 1322 2222 terrorem
1369 2168 1575 2236 leniat,
1603 2183 1714 2226 tum
1749 2181 1808 2226 ut
1847 2176 2096 2228 ostendat

517 2266 610 2308 eos
655 2255 745 2323 qui
791 2257 1054 2324 supplicio
1090 2257 1420 2326 afﬁcientur,
1465 2280 1572 2319 non
1623 2266 1687 2319 ad
1723 2267 1947 2322 exitium
1979 2281 2095 2320 vcr-

517 2351 707 2404 teudos
733 2387 752 2416 ,
785 2352 878 2404 sed
914 2352 1326 2422 castigationem
1359 2357 1485 2424 ipsis
1518 2359 1825 2414 sanctitatis
1861 2375 2088 2414 causam

517 2439 755 2495 futuram
781 2457 919 2496 esse.
945 2445 1012 2496 At
1041 2446 1183 2499 enim
1221 2447 1361 2502 Deus
1387 2451 1516 2503 dum
1547 2453 1801 2522 castigat,
1833 2467 1939 2506 non
1967 2469 2089 2522 per-

516 2533 669 2595 dere,
706 2533 801 2586 sed
825 2549 917 2588 eos
947 2536 1035 2603 qui
1065 2549 1454 2596 convertuntur
1479 2545 1769 2598 emendare
1797 2556 1853 2600 et
1889 2546 2088 2600 sancti-

513 2621 676 2678 ficare
693 2635 962 2694 pet-optat.

583 2713 746 2770 Vens.
787 2717 908 2772 2-4.
957 2739 974 2770 ι
1007 2719 1062 2772 In
1105 2720 1193 2774 illa
1231 2721 1318 2776 die
1354 2723 1508 2778 vinea
1563 2726 1789 2794 pulchra
1827 2726 2084 2783 :tleside-

511 2806 648 2859 rium
704 2811 930 2862 canendi
967 2820 1156 2866 contra
1208 2814 1376 2870 illam.
1435 2815 1548 2886 Ego
1598 2815 1791 2872 civitas
1851 2819 2080 2885 munita,

509 2898 702 2954 civitas
750 2900 994 2966 obsessa,
1053 2902 1252 2958 frustra
1303 2917 1486 2974 potmn
1529 2909 1670 2962 dabo
1700 2909 1772 2963 illi
1802 2928 1814 2962 :
1841 2911 2084 2978 capietur

507 2991 654 3044 enim
683 3004 864 3056 noctu.
895 2995 980 3048 die
1017 3004 1198 3051 autem
1233 2997 1390 3052 cadet
1437 3014 1627 3054 murus
1657 3000 1796 3070 ejus.
1839 2999 1955 3054 Non
1997 3009 2080 3056 est

507 3097 628 3151 qua:
653 3097 757 3137 noo
793 3087 1216 3162 apprehenderit
1249 3103 1390 3144 eam.
1424 3089 1556 3157 Quis
1585 3103 1745 3161 ponet
1777 3110 1862 3148 mc
1891 3104 2078 3149 custo-

505 3177 624 3227 dem
659 3174 823 3229 culmi
861 3179 910 3230 in
938 3179 1113 3247 agro?
1154 3190 1379 3250 propter
1411 3183 1686 3239 inimicam
1719 3186 1862 3241 hanc
1908 3187 2078 3256 repuli

504 3280 644 3323 eam.
675 3265 798 3320 Ideo
828 3267 955 3322 fecit
989 3271 1248 3326 Dominus
1269 3275 1451 3327 omnia
1475 3290 1594 3345 qua:
1613 3279 1895 3346 disposuit.
1922 3280 2082 3334 Com-

503 3357 662 3410 busta
687 3374 826 3414 sum.
865 3379 884 3412 ι
943 3361 1066 3417 ll:rc
1114 3379 1275 3432 porro
1309 3377 1392 3421 est
1442 3369 1572 3422 dicti
1600 3373 1866 3425 sententia
1895 3389 1908 3426 :
1939 3374 2076 3429 Num

505 3450 702 3503 malmn
732 3467 828 3519 pro
869 3454 1015 3508 malo
1037 3457 1288 3524 gentibus
1329 3459 1717 3529 reddiderunt,
1757 3466 1848 3532 qui
1886 3481 2074 3534 pacem

503 3542 612 3598 illis
673 3546 1076 3612 prmdicabant?
1155 3548 1218 3602 lli
1270 3551 1416 3604 enim
1473 3552 1900 3621 insequebantur
1959 3575 2072 3623 eos,

503 3633 682 3704 plagis
713 3637 876 3692 etiam
911 3639 1143 3704 additis;
1193 3641 1266 3694 illi
1314 3657 1443 3696 vero
1492 3644 1860 3713 pulcherrima
1922 3650 2072 3718 ipsis.

499 3739 694 3794 pacem
757 3729 970 3784 scilicet
1026 3733 1441 3789 annuntiabaut.
1507 3733 1645 3791 Num
1709 3738 1871 3808 igitur
1920 3744 2070 3811 paria

497 3819 842 3888 patiebantur
869 3822 1098 3890 gentiles
1129 3824 1226 3888 illi,
1269 3825 1393 3880 dum
1424 3829 1573 3898 paris
1601 3845 1879 3899 prmi-ones
1929 3835 2070 3904 inju-

499 3909 598 3962 riis
653 3909 969 3966 allicerent?
1017 3911 1390 3968 Vetherabant
1447 3919 1615 3982 enim,
1677 3937 1776 3975 nee
1833 3922 2069 3978 vicissim

497 4001 824 4070 wpulahant
849 4019 862 4066 ;
885 4004 1205 4059 occidebant
1233 4023 1336 4060 nec
1360 4011 1752 4066 occidebantur
1781 4029 1796 4069 :
1831 4031 2073 4083 pugnan-

499 4103 581 4146 tes
611 4099 791 4146 autem
825 4105 878 4147 et
898 4098 1188 4163 opprobria
1219 4098 1534 4163 inferentes,
1567 4104 1712 4168 ipsos
1745 4107 2070 4163 divexabtut

496 4192 658 4248 atque
689 4183 998 4250 pellebant:
1051 4187 1125 4238 illi
1177 4203 1306 4240 vero
1361 4206 1466 4244 non
1526 4205 1821 4260 cessantes,
1884 4214 2067 4266 pacem

495 4273 630 4340 ipsis
663 4284 714 4326 et
749 4275 886 4327 bona
912 4276 1254 4332 nuntiabant.
1285 4279 1463 4345 Quare
1491 4285 1670 4338 subdit
1703 4302 1716 4337 :

561 4455 726 4511 Vsus.
767 4457 884 4512 5-8.
933 4458 1294 4516 «Clamabunt
1327 4463 1660 4520 habitatores
1690 4467 1808 4535 ejus
1835 4487 1848 4522 :
1879 4467 2066 4522 Facia-
2101 4494 2141 4547 υ

489 4563 608 4603 mus
641 4561 832 4616 pacem
863 4567 985 4605 cum
1017 4565 1104 4616 eo,
1139 4553 1404 4608 faeianms
1449 4571 1632 4622 parem
1671 4575 1684 4610 :
1716 4563 1806 4626 qni
1843 4565 2064 4616 veniunt

487 4641 582 4694 lilii
610 4640 780 4696 Jacoh
822 4645 1225 4710 germinabunt,
1276 4657 1330 4702 et
1367 4647 1578 4703 florebit
1611 4652 1772 4708 Israel
1807 4671 1820 4707 :
1851 4663 1906 4709 et
1959 4657 2060 4708 itu-

487 4731 723 4798 plebitur
755 4745 898 4789 terra
933 4735 1112 4790 fructu
1144 4738 1280 4804 ejus.
1327 4739 1463 4793 Num
1507 4743 1648 4796 sicut
1691 4745 1804 4814 ipse
1833 4763 2062 4814 percus-

485 4825 579 4888 sit,
635 4837 686 4879 et
743 4829 856 4894 ipse
910 4829 1163 4883 similiter
1223 4836 1593 4900 pereutietur?
1648 4845 1701 4890 ct
1745 4839 1886 4892 sicut
1946 4841 2062 4908 ipse

485 4918 708 4978 occidit,
737 4919 805 4972 ita
833 4921 982 4974 oet-id
1002 4923 1144 4976 "llll‘?
1169 4921 1422 4996 Puguuns
1445 4937 1501 4979 et
1536 4927 1870 4994 exprobrans
1899 4931 2062 4985 eznit-

487 5015 558 5060 tet
591 5021 705 5060 cus.
739 5008 924 5064 Nonne
949 5024 1000 5063 tu
1029 5029 1177 5078 eras,
1209 5015 1298 5082 qui
1333 5017 1686 5072 tnetlilaharls
1706 5021 1900 5089 spiritu
1923 5022 2058 5077 duro

486 5095 792 5150 interficere
821 5113 914 5151 eos
945 5103 1132 5168 spiritu
1173 5104 1462 5160 furorish
1505 5107 1630 5164 lltec
1679 5111 1823 5164 enim
1879 5113 2054 5166 medi-

481 5188 732 5242 tabantur
773 5191 844 5244 illi
897 5208 960 5246 ev
1003 5197 1250 5264 gentibus
1295 5200 1558 5264 infideles,
1599 5203 1830 5270 «Spiritu
1870 5205 2054 5258 duros

481 5291 668 5334 contra
728 5285 998 5353 apostolos
1039 5287 1238 5342 Christi
1297 5295 1580 5360 ecettpati,
1616 5295 1856 5366 nihilque
1905 5297 2052 5351 aliud

480 5377 802 5440 Cogitautcs,
835 5395 994 5444 quam
1031 5383 1298 5450 (pmniodo
1334 5385 1523 5441 eodem
1552 5389 1743 5457 spiritu
1773 5391 2052 5446 interfice-

481 5477 596 5519 rent
622 5480 734 5520 eos.
767 5468 874 5522 Sed
903 5472 1158 5538 quoniam
1212 5479 1464 5532 :ermnnis
1506 5479 1812 5550 hujusmodi
1864 5484 2049 5540 allecti

479 5553 578 5624 illi,
624 5575 732 5614 rex
762 5559 930 5616 Jacob
973 5567 1365 5636 gertninantcs,
1415 5580 1470 5624 et
1511 5587 1574 5626 ex
1617 5572 1784 5632 Israel
1829 5573 2050 5632 cillere-

539 5739 582 5770 ⁸³
615 5741 948 5804 Οοιιιδιιινιι,
993 5745 1076 5797 ιδ.
1155 5747 1199 5776 *θ
1231 5746 1368 5800 Ρειιιι.
1397 5763 1540 5815 ιιι-ιν,
1567 5749 1618 5804 7.

2203 1907 2373 1954 σεται,
2411 1891 2478 1962 ἣν
2505 1891 2653 1962 αὐτῷ
2679 1893 2822 1964 μόνῳ
2866 1897 2894 1947 ὁ
2938 1895 3110 1966 μέγας
3153 1898 3346 1968 κριτὴς
3397 1898 3768 1968 ἐταμιεύσατο.

2197 1983 2490 2054 Μάχαιραν
2531 1985 2768 2040 ἐνταῦθα
2806 1987 2952 2056 λέγει
2985 1989 3084 2059 τὴν
3123 1990 3401 2060 ἐνέργειαν
3448 1991 3550 2061 τῆς
3593 1991 3768 2062 δίκης·

2197 2077 2333 2130 ἀλλὰ
2362 2079 2454 2130 καὶ
2487 2079 2647 2146 ἁγίαν
2679 2079 2851 2143 καλεῖ,
2888 2079 3020 2150 ὁμοῦ
3065 2081 3162 2151 μὲν
3195 2082 3682 2154 παραμυθούμενος
3707 2083 3770 2138 τὸ

2196 2168 2422 2240 φοϐερὸν
2461 2171 2558 2241 τῆς
2590 2171 2842 2241 ἀπειλῆς,
2877 2171 3012 2242 ὁμοῦ
3046 2173 3102 2226 δέ
3135 2175 3228 2227 καὶ
3263 2173 3495 2238 δεικνὺς,
3545 2175 3622 2239 ὡς
3668 2175 3768 2230 οὐκ

2195 2262 2274 2324 εἰς
2303 2261 2578 2316 ἀπώλειαν
2610 2265 3074 2336 καταστρέψωσιν
3095 2267 3144 2318 οἰ
3169 2267 3584 2338 τιμωρούμενοι·
3608 2270 3746 2337 ἀγιω

2195 2353 2359 2424 cum;
2380 2371 2440 2407 τε
2470 2357 2650 2419 αὐτοῖς
2673 2358 2843 2410 αἴτιον
2874 2359 3023 2411 ἔσται
3053 2358 3388 2429 μετανοοῦσι.
3412 2361 3520 2414 Καὶ
3539 2361 3647 2432 γὰρ
3664 2361 3766 2415 οὐκ

2191 2446 2449 2500 ἀπολέσαι
2493 2447 2742 2517 βούλεται
2785 2450 2814 2501 ὁ
2864 2449 2996 2514 Θεὸς
3035 2451 3322 2516 παιδεύων,
3369 2450 3504 2506 ἀλλὰ
3529 2451 3764 2525 καθάρας

2191 2540 2284 2592 καὶ
2315 2540 2535 2609 ἁγιάσαι
2566 2539 3017 2614 ἐπιστρέψανταςῖ

2260 2739 2280 2771 ⁸
2325 2719 2402 2792 Τῇ
2451 2723 2630 2794 ἡμέρᾳ
2680 2725 2861 2796 ἐκείνῃ
2910 2725 3168 2795 ἁμπελὼν
3209 2725 3390 2789 καλὸς,
3441 2727 3762 2800 ἐπιθύμημα

2185 2812 2437 2884 ἐξάρχειν
2471 2818 2590 2868 κατ’
2625 2817 2814 2886 αὐτῆς.
2866 2816 3006 2886 Ἐγὼ
3055 2817 3207 2882 πόλις
3247 2819 3442 2890 ὀχυρὰ,
3489 2821 3640 2886 πόλις
3671 2838 3762 2876 πο-

2183 2907 2562 2978 λιορκουμένη,
2627 2910 2802 2979 μάτην
2851 2909 3018 2962 ποτιῶ
3074 2912 3280 2982 αὐτήν·
3346 2911 3608 2966 ἁλώσεται
3651 2916 3762 2987 γὰρ

2181 3000 2394 3062 νυκτὸς,
2446 3001 2657 3072 ἡμέρας
2697 3001 2754 3054 δὲ
2793 3005 3036 3054 πεσεῖται
3077 3002 3140 3054 τὸ
3183 3007 3361 3074 τεῖχος
3410 3005 3596 3075 αὐτῆς.
3646 3007 3760 3062 Οὐκ

2185 3089 2328 3143 ἐστιν
2373 3091 2405 3161 ἢ
2440 3093 2540 3145 οὐκ
2569 3091 2862 3146 ἐπελάϐετο
2895 3093 3087 3162 αὐτῆς.
3121 3093 3218 3158 Τίς
3260 3111 3327 3165 με
3368 3094 3521 3166 θήσει
3555 3096 3760 3166 calda—

2185 3199 2297 3236 σειν
2336 3184 2584 3254 καλάμην
2630 3185 2686 3236 ἐν
2728 3183 2918 3256 άγρῷς
2967 3185 3054 3240 διὰ
3099 3185 3198 3257 τὴν
3247 3187 3508 3258 πολεμίαν
3554 3190 3759 3261 ταύτην

2177 3275 2419 3347 ὴθέτηκα
2481 3278 2667 3348 αὑτήν.
2715 3279 2906 3331 Τοίνυν
2947 3279 3036 3332 διὰ
3081 3279 3240 3333 τοῦτο
3281 3282 3504 3352 ἐποίησε
3555 3281 3757 3355 Κύριος

2179 3369 2353 3421 πάντα
2375 3370 2474 3422 ὅσα.
2505 3370 2779 3436 συνέταξε.
2809 3371 3262 3442 Κατακέκαυμαι.
3297 3393 3314 3424 ι
3355 3375 3412 3426 '0
3432 3373 3488 3427 δὲ
3510 3373 3634 3438 νοῦς
3659 3375 3756 3430 τοῦ

2176 3460 2334 3528 λόγου
2370 3461 2608 3524 τοιοῦτός
2641 3464 2790 3514 ἐστι·
2827 3465 2916 3534 Μή
2953 3480 3003 3516 τι
3046 3465 3215 3518 κακον
3277 3465 3398 3518 ἀντὶ
3437 3467 3608 3520 κακοῦ
3641 3471 3756 3530 τοῖς

2177 3549 2384 3602 ἔθνεσιν
2424 3550 2741 3604 ἀπεδίδοσαν
2786 3555 2834 3606 οἱ
2881 3553 3242 3625 κηρύττοντες
3283 3558 3466 3619 αὐτοῖς
3499 3557 3752 3630 είρήνηνς

2177 3643 2240 3694 Οἱ
2278 3642 2374 3711 μὲν
2405 3641 2512 3712 γὰρ
2543 3642 2764 3696 ἐδίωκον
2805 3645 3002 3708 αὐτοὺς
3049 3647 3144 3698 καὶ
3184 3647 3396 3718 πληγὰς
3435 3648 3710 3711 ἐπιθέντες
3734 3665 3752 3680 ο

2173 3735 2224 3785 εἰ
2256 3733 2312 3785 δέ
2338 3733 2406 3785 τὰ
2434 3733 2694 3787 κάλλιστα
2727 3737 2910 3800 αὐτοῖς
2931 3738 3031 3808 τὴν
3059 3741 3282 3810 εἰρήνην
3313 3742 3746 3814 εὐηγγελίζοντο.

2173 3827 2316 3896 Μήτι
2364 3823 2456 3879 οὖν
2502 3829 2570 3878 τὰ
2613 3827 2702 3880 ἴσα
2751 3829 2985 3900 ἔπασχον
3019 3833 3066 3883 οἱ
3115 3833 3172 3896 ἐξ
3222 3832 3412 3896 ἐθνῶν,
3446 3835 3752 3900 ἀδικοῦντες

2173 3918 2298 3980 τοὺς
2338 3918 2438 3988 τῆς
2470 3921 2694 3990 εἰρήνης
2737 3923 3016 3991 κήρυκαςς
3053 3925 3322 3977 Ἔτυπτον
3355 3926 3485 3998 γὰρ,
3528 3929 3620 3980 καὶ
3653 3930 3752 3980 οὐκ

2172 4009 2580 4074 ὰντετύπτοντο,
2603 4013 2696 4065 καὶ
2734 4013 2987 4084 ἀνῄρουν,
3035 4015 3146 4068 ἀλλ’
3182 4017 3281 4070 οὐκ
3325 4019 3748 4092 ἁντανῃροῦντο·

2173 4101 2266 4152 καὶ
2314 4103 2608 4172 μαχόμενοι
2654 4103 2710 4156 δὲ
2755 4107 2847 4157 καὶ
2884 4106 3250 4173 ὀνειδίζοντες,
3291 4109 3511 4164 ἐδίωκον
3555 4113 3748 4174 αὐτοὺς

2174 4194 2266 4246 καί
2310 4197 2726 4260 ἐξαπέστελλον·
2754 4200 2802 4250 οἱ
2841 4198 2896 4251 δέ
2935 4200 3034 4252 οὐκ
3067 4203 3372 4274 ἀνεχώρουν
3411 4204 3504 4258 τοῦ
3542 4207 3637 4277 τὴν
3669 4209 3747 4258 εἰ-

2175 4288 2342 4357 ρήνην
2381 4289 2475 4340 καὶ
2507 4289 2600 4340 τοῦ
2634 4291 2700 4342 τα
2733 4291 2914 4358 ἀγαθὰ
2941 4294 3122 4357 αὐτοῖς
3158 4294 3620 4364 εὐαγγελίζεσθαι.
3659 4300 3745 4352 At.)

2173 4378 2435 4446 ἐπιλέγει·

2247 4489 2265 4518 ι
2305 4471 2595 4542 Βοήσονται
2641 4476 2684 4526 οἷ
2733 4476 3066 4541 ἐνοικοῦντες
3113 4481 3168 4532 ἐν
3221 4481 3381 4552 αὐτῇ·
3435 4484 3744 4553 ποιήσωμεν

2171 4563 2394 4632 εἰρήνην
2431 4564 2600 4634 αὐτῷ,
2635 4567 2948 4638 ποιήσωμεν
2979 4572 3226 4641 εἰρήνην·
3264 4574 3310 4624 εἰ
3343 4575 3626 4644 ἐρχόμενοι
3661 4577 3741 4629 τὲ·-

2171 4671 2274 4706 κνα
2325 4655 2518 4708 Ἰακὼϐ
2554 4657 2869 4728 βλαστήσει,
2915 4663 3010 4714 καὶ
3041 4663 3320 4734 ἐξανθήσει
3378 4667 3612 4739 Ἰσραὴλ,
3651 4670 3740 4722 κε)

2169 4745 2610 4818 ἐμπλησθήσεται
2655 4753 2686 4821 ή
2721 4755 3010 4825 οἰκουμένη
3045 4756 3134 4808 τοῦ
3180 4758 3391 4828 καρποῦ
3435 4759 3618 4813 αὑτοῦ.
3653 4765 3742 4836 δίη

2171 4837 2245 4900 ὡς
2277 4839 2438 4903 αὐτὸς
2462 4841 2717 4906 ἐπάταξε,
2745 4847 2838 4897 καὶ
2858 4847 3020 4910 αὐτὸς
3046 4848 3215 4911 οὕτως
3241 4851 3574 4922 πληγήσεται
3593 4871 3606 4884 ·
3649 4859 3741 4908 καὶ

2170 4929 2244 4992 ὡς
2277 4932 2439 4994 αὐτὸς
2470 4933 2696 4999 ἀνεῖλεν,
2737 4935 2910 5001 οὕτως
2941 4939 3386 5014 ἀναιρεθήσεται;
3420 4947 3738 5018 Μαχόμενος

2170 5023 2263 5074 καί
2291 5022 2562 5088 ὀνειδίζων
2589 5026 2938 5091 ἐξαποστελΞί
2960 5031 3174 5096 αὐτούς.
3205 5038 3280 5088 (ita
3313 5037 3374 5088 σὺ
3411 5032 3553 5107 ἦσθα
3585 5039 3738 5109 μελε-

2169 5111 2278 5165 τῶν
2319 5115 2395 5186 τῷ
2423 5116 2794 5192 πνεύματιτῴ
2837 5121 3074 5194 σκληρῷ,
3101 5127 3310 5180 ἀνελεῖν
3345 5130 3540 5194 αὐτοὺς
3578 5132 3740 5182 πνεύ-

2170 5220 2296 5274 ματι
2345 5205 2550 5277 θυμοῦ;
2597 5227 2616 5259 ι
2669 5211 2852 5264 Ταῦτα
2905 5214 3012 5284 γάρ
3052 5215 3318 5284 ἐμελέτων
3363 5218 3412 5270 οἱ
3459 5217 3518 5282 ἐξ
3569 5217 3738 5270 ἐθνῶν

2163 5297 2378 5352 ἄπιστοι
2420 5301 2560 5354 κατὰ
2597 5301 2704 5354 τῶν
2751 5305 3058 5358 ἀποστόλων
3099 5308 3194 5360 τοῦ
3237 5310 3472 5380 Χριστοῦ
3521 5331 3538 5360 ι
3580 5310 3740 5364 πνεύ-

2165 5407 2292 5461 ματι
2330 5392 2548 5465 σκληρῷ
2580 5413 2598 5444 ι
2649 5396 3022 5467 κατεχόμενοι,
3065 5401 3157 5453 καὶ
3201 5402 3358 5456 οὐδὲν
3391 5402 3578 5475 ἕτερον
3623 5404 3736 5457 62a.-

2161 5483 2459 5558 νοούμενοι,
2513 5488 2544 5558 ἦ
2587 5489 2730 5554 ὅπως
2778 5491 3039 5548 ἀνέλωσιν
3095 5497 3292 5562 αὐτοὺς
3334 5498 3412 5569 τῷ
3455 5501 3514 5554 ἐν
3555 5501 3738 5564 αὐτοῖς

2161 5579 2450 5652 πνεύματι.
2495 5581 2631 5636 Ἀλλ’
2681 5585 2864 5659 ἐπειδὴ
2907 5587 3128 5642 τοιαῦτα
3157 5591 3455 5662 πάσχοντες
3477 5596 3524 5647 οἱ
3555 5596 3617 5646 ἐκ
3639 5593 3732 5648 τοῦ
