4158 6402
1275 329 1784 386 COMMENTAItlA
1823 332 1890 386 IN
1929 331 2186 386 ISAIAM.
2219 358 2288 368 —
2320 335 2476 384 (Δι’.
2522 335 2751 382 sunt.

3517 347 3632 408 286

363 460 447 515 μα
474 439 586 496 τῶν
630 440 731 513 τὴν
751 440 941 515 ’ψυχὴν
974 444 1442 516 πεπαχυμμένων,
1474 448 1602 518 περ)⁸
1639 440 1714 502 ὧν
1743 447 1937 518 ἐλέχθη

2066 445 2268 502 dictum
2316 455 2424 512 est,
2494 462 2513 496 ι
2545 445 2907 500 lnerassatum
2980 448 3064 495 est
3123 439 3266 508 enim
3316 454 3411 494 cor
3451 439 3629 509 populi

365 552 393 587 ς
439 532 748 606 Ἐπαχύνθη
779 534 889 605 γὰρ
914 537 948 606 ή
980 535 1177 607 καρδία
1201 536 1296 590 τοῦ
1331 537 1462 592 λαοῦ
1483 538 1695 595 τούτου.
1732 558 1751 593 ι
1773 539 1954 594 *Ησαν

2056 537 2218 610 hujus
2249 538 2318 593 “.
2343 557 2364 592 ι
2408 537 2586 593 Erant-
2616 537 2801 606 itaque
2835 549 2934 590 ceu
2969 533 3238 602 quoddam
3277 531 3478 586 montis
3507 531 3627 600 pin-

361 625 544 680 τοίνυν
577 625 765 698 ὥσπερ
801 643 884 690 τις
908 627 1117 699 κορυφὴ
1143 627 1304 700 ὅρους
1330 629 1424 682 τοῦ
1452 631 1654 702 παχέος
1683 633 1734 684 οἱ
1761 632 1943 703 ἄρχον-

2055 632 2173 703 guis
2206 646 2491 695 cacumen,
2526 629 2799 700 principes
2828 626 3008 699 populi
3071 625 3434 696 impingttati,
3461 629 3630 690 caput

363 737 456 783 τες
477 717 573 772 τοῦ
604 721 1038 790 πεπαχυμμένου
1059 720 1210 785 λαοῦ,
1237 722 1446 796 κεφαλὴ
1471 724 1828 793 τυγχάνοντες
1851 724 1952 776 αύ-

361 811 495 876 τῶν,
529 807 610 875 οἷς
634 812 880 882 συνήφθη
904 811 966 864 τὸ
999 810 1159 874 ἄνθος
1191 812 1250 865 τὸ
1281 815 1514 868 ἐκπεσὸν
1547 814 1647 885 τῆς
1667 815 1841 886 δόξης·
1873 815 1954 868 διδ

362 905 726 971 ταλανίζεται.
773 905 917 957 Ἀντί
970 905 1028 959 δέ
1076 905 1194 970 τοῦ,
1247 925 1265 958 ι
1308 907 1400 960 ἐπὶ
1432 907 1536 977 τῆς
1568 908 1807 980 κορυφῆς
1855 907 1950 962 τοῦ

360 995 526 1067 δρους
545 993 637 1049 τοῦ
667 996 888 1066 παχέος,
922 1015 943 1049 ι
968 998 996 1049 6
1021 997 1117 1067 μὲν
1151 996 1401 1062 Ἀκύλας,
1431 1017 1448 1048 ‹
1477 999 1757 1070 φάραγγος
1782 1003 1952 1071 ῥυπα-

362 1088 520 1162 ριῶν,
554 1107 573 1140 ι
611 1090 640 1141 6
668 1089 726 1142 δὲ
753 1089 1068 1160 Σύμμαχος,
1101 1109 1119 1141 ι
1163 1090 1440 1161 φάραγγος
1463 1069 1748 1162 πιοτὴτων,
1835 1091 1862 1143 ό
1894 1092 1951 1144 δὲ

360 1181 676 1245 θεοδοτίων,
719 1200 737 1232 ί
774 1181 1057 1253 φάραγγος
1091 1181 1312 1247 πιόνων,
1359 1201 1376 1233 ι
1409 1183 1782 1254 ήρμήνευσαν·
1835 1183 1950 1254 ἠδὲ

375 1274 637 1348 Ἐϐραῖκὴ
687 1277 864 1347 φωνὴ,
927 1277 1324 1349 ιΓηθσημανὶ,
1384 1295 1403 1328 ›
1462 1276 1727 1348 περιέχει.
1774 1278 1948 1349 ’Ὀπερ

360 1367 574 1439 ἤκουσά
599 1385 745 1432 τινος
786 1368 893 1422 τῶν
921 1370 1203 1442 ἡμετέρων
1230 1369 1533 1442 ἀγαπητῶν
1562 1369 1950 1440 διασαφοῦντος

359 1458 456 1514 καὶ
504 1459 757 1529 λέγοντος
802 1461 894 1514 τὸν
928 1461 1092 1515 τόπον
1131 1457 1268 1515 εἶναι
1297 1463 1389 1515 τὸν
1424 1465 1481 1516 ὲν
1510 1462 1589 1534 τῷ
1632 1462 1948 1534 Εύαγγελίῳ

361 1569 387 1602 η
434 1551 747 1624 Γεθσημανὶ
800 1572 818 1604 ι
853 1553 1262 1625 ὠνομασμένον,
1297 1554 1425 1608 ἔνθα
1454 1556 1482 1608 ὀ
1509 1554 1775 1633 προδότης
1810 1554 1948 1625 μετὰ

357 1643 455 1715 τοῦ
491 1645 754 1715 στεφάνου
773 1647 872 1717 τῆς
902 1645 1113 1719 ὕϐρεως
1136 1646 1376 1701 ἐπελθὼν
1403 1647 1480 1719 τῷ
1501 1647 1740 1720 Σωτῆρι,
1764 1646 1834 1702 τὰ
1851 1647 1949 1719 τῆς

358 1739 648 1811 προδοσίας
678 1739 993 1811 εἰργάσατο.

2055 725 2305 781 videlicet
2325 738 2538 787 eorum.
2565 722 2762 792 quibus
2805 720 2904 776 ﬂos
2944 719 3131 791 gloria:
3175 717 3433 772 decidens
3488 730 3627 769 con-

2048 817 2272 888 junctus
2313 827 2428 882 est;
2465 817 2588 871 ideo
2633 815 2868 870 miseros
2898 813 3019 868 illos
3045 810 3327 882 prmdicat.
3383 807 3489 863 Pro
3535 806 3628 861 illo

2053 920 2256 975 autem,
2288 928 2308 962 ‹
2339 923 2502 980 super
2527 907 2791 963 verticem
2833 905 3034 959 montis
3065 904 3305 975 pinguis,
3330 919 3350 953 ι
3407 896 3626 969 Aquila,

2057 1019 2077 1053 ι
2107 1001 2268 1057 vallis
2319 1000 2601 1064 sordium;
2634 1016 2654 1052 ι
2713 998 3100 1069 Symmachus,
3144 993 3342 1049 «vallis
3394 992 3624 1062 pingue-

2051 1093 2271 1160 diuum;
2303 1112 2322 1145 ι
2356 1091 2680 1158 Theodotio,
2722 1109 2742 1143 ι
2773 1088 2929 1144 vallis
2951 1088 3254 1159 pinguium,
3287 1106 3305 1139 ι
3356 1086 3626 1154 interpre-

2054 1184 2152 1239 tati
2187 1193 2348 1250 sunt;
2392 1183 2662 1239 llebraica
2709 1189 2892 1237 autem
2939 1181 3117 1245 lectio,
3157 1198 3175 1231 ι
3202 1174 3619 1237 Gethsemani.a

2049 1275 2386 1332 circumfert.
2409 1276 2586 1344 Quam
2617 1288 2801 1328 vocem
2826 1273 3010 1328 audivi
3033 1270 3344 1340 quempiam
3364 1283 3396 1322 e
3413 1266 3626 1323 dilectis

2050 1367 2270 1434 nostris,
2320 1367 2387 1422 de
2417 1367 2557 1434 loco,
2607 1365 2700 1436 qui
2735 1364 2789 1418 in
2827 1360 3120 1432 Evangelio
3172 1377 3192 1412 ι
3221 1354 3567 1414 Gethsemani
3597 1373 3620 1408 ι

2049 1460 2267 1526 dicitur,
2293 1457 2681 1530 explicantem,
2731 1455 2820 1510 ubi
2863 1454 3112 1524 proditor
3142 1466 3264 1506 cum
3306 1449 3397 1504 illa
3431 1456 3624 1504 contu-

2051 1553 2224 1608 melia:
2287 1567 2488 1609 corona
2549 1550 2901 1607 Servatorem
2967 1545 3196 1610 adiens,
3256 1540 3620 1613 proditionem

2049 1645 2198 1704 fecit.

361 1853 363 1856 ⁴
409 1797 456 1879 ἰ
497 1797 644 1883 Ἰδοὺ⁷
666 1797 883 1900 ἰσχυρὸν
924 1831 1018 1883 καὶ
1051 1829 1307 1901 σκληρὸν,
1336 1830 1364 1882 ό
1393 1829 1563 1900 θυμὸς
1592 1829 1819 1899 Κυρίου,
1871 1829 1943 1894 ὡς

2117 1826 2284 1885 Vens.
2322 1828 2389 1884 2..
2426 1849 2446 1878 ο
2471 1826 2612 1881 Ecce
2642 1824 2784 1879 forte
2818 1830 2874 1877 et
2921 1819 3153 1883 durum,
3212 1815 3362 1869 furor
3411 1810 3622 1866 Domini

354 1919 570 1990 ’χάλαζα
596 1920 1016 1991 καταφερομένη
1050 1920 1149 1974 οὐκ
1179 1919 1378 1991 ἔχουσα
1409 1921 1638 1992 σκέπην,
1669 1920 1760 1993 βίᾳ
1788 1938 1950 1975 κατα-

355 2010 656 2083 φερομένη·
693 2011 768 2074 ὡς
797 2009 988 2076 ὓδατος
1017 2011 1154 2066 πολὺ
1189 2011 1392 2082 πλῆθος
1426 2010 1588 2083 σύρον
1621 2011 1826 2083 χώραν,
1877 2017 1942 2084 τῇ

357 2106 431 2173 γῇ
462 2104 676 2175 ποιήσει
696 2104 994 2175 ἀνάπαυμα
1027 2107 1146 2167 ταῖς
1162 2103 1368 2174 χερσίνσ
1405 2121 1424 2154 ³
1469 2103 1626 2156 υῦτω
1644 2103 1754 2175 γὰρ
1776 2103 1946 2176 θυμὸς

357 2196 591 2268 Κυρίου,
627 2198 780 2268 φησι,
816 2195 956 2250 κατὰ
973 2196 1177 2249 τούτων
1206 2194 1384 2248 αὐτῶν
1415 2194 1692 2249 ἐλεύσεται
1721 2195 1829 2249 τῶν
1851 2214 1946 2266 με·

360 2283 597 2340 θυόντων
622 2287 747 2341 ἄνευ
777 2287 942 2342 οἴνου·
974 2287 1048 2350 ὼς
1074 2285 1285 2358 χαλάζῃ
1313 2286 1777 2358 παραϐάλλεσθαι,
1803 2288 1946 2342 κατὰ

361 2377 608 2448 κεφαλῆς
638 2377 846 2450 ἀνδρῶν
874 2378 974 2431 ούκ
1015 2377 1244 2449 ἐχούσης
1262 2379 1471 2451 σκέπην
1503 2379 1940 2451 καταρασσούσῃ.

361 2466 523 2522 (Υύτω
540 2485 655 2533 πως
677 2469 767 2522 τὸν
790 2469 960 2540 θυμὸν
995 2467 1088 2523 τοῦ
1117 2467 1250 2522 Θεοῦ
1285 2469 1427 2523 κατὰ
1470 2469 1578 2522 τῶν
1602 2468 1944 2542 δηλουμένων

357 2560 818 2632 ἐπενεχθήσεσθαί
833 2578 987 2632 φησι.

435 2671 455 2704 ι
494 2653 604 2708 Kai
665 2656 779 2717 τοῖς
828 2655 954 2707 ποσὶ
1018 2654 1534 2726 καταπατηθήσεται
1593 2657 1622 2709 6
1683 2657 1944 2726 στέφανος

360 2742 591 2817 ὕϐρεως,
618 2747 666 2799 οί
709 2745 967 2816 μισθωτοὶ
991 2745 1087 2799 τοῦ
1117 2746 1379 2819 Ἐφραΐμ.
1415 2767 1434 2800 ι
1472 2747 1646 2802 Πάλαι
1683 2749 1782 2820 μὲν
1832 2750 1942 2823 γὰρ

357 2830 499 2908 ἦσαν
527 2836 787 2906 στέφανος
818 2837 1028 2910 ὕϐρεως
1057 2841 1137 2903 είς
1161 2839 1225 2892 τὸ
1253 2839 1493 2914 ὑϐρίζειν
1519 2843 1939 2914 παρατεταγμέ-

360 2946 459 2983 νοι·
489 2928 572 2982 διὸ
609 2930 702 2983 καὶ
741 2930 1000 3000 στέφανος
1027 2930 1401 3004 ὑπερηφανίας
1421 2931 1683 3002 ἐλέγοντο·
1708 2932 1862 2998 τέλος
1885 2933 1942 2988 δὲ

358 3021 558 3085 αὐτοὺς
593 3021 911 3092 διαλήψεται
941 3024 1203 3088 τοιοῦτον,
1232 3024 1308 3088 ὡς
1356 3025 1804 3097 καταπατηθῆναι
1844 3027 1942 3080 αύ-

359 3114 504 3179 τούς·
537 3114 616 3168 διὸ
643 3114 738 3167 καὶ
767 3115 1225 3188 κατεπατήθησαν
1257 3115 1362 3170 ύπό
1386 3133 1447 3170 τε
1475 3115 1584 3169 τῶν
1613 3118 1941 3174 καταδουλω-

364 3207 612 3277 σαμένων
646 3207 841 3272 αύτούς
874 3208 1167 3279 πολεμίων·
1223 3209 1272 3262 οἳ
1319 3209 1414 3262 καὶ
1444 3207 1542 3280 τὴν
1578 3208 1730 3263 πόλιν
1763 3211 1941 3266 αὐτῶν

363 3298 575 3364 ἑαυτοῖς
601 3300 884 3372 καταπατή
894 3317 1039 3371 ματα
1064 3301 1417 3373 πεποιήκασι.

437 3499 456 3531 ς
486 3480 597 3534 Καὶ
627 3479 779 3535 ἔσται
820 3483 880 3536 τὸ
911 3483 1070 3548 ἄνθος
1101 3486 1162 3538 τὸ
1188 3487 1422 3541 ἐκπεσὸν
1453 3488 1550 3559 τῆς
1579 3488 1792 3553 ἐλπίδος
1843 3489 1942 3560 τῆς

357 3569 518 3641 δόξης
561 3572 647 3624 ἐπ’
677 3572 844 3644 ἄκρου
877 3573 972 3627 τοῦ
993 3575 1152 3646 ὅρους
1175 3577 1269 3630 τοῦ
1302 3578 1527 3649 ὑψηλοῦ·
1545 3579 1620 3643 ὼς
1636 3581 1943 3653 πρόδρομος

361 3662 547 3715 σύκου·
584 3662 707 3717 ίδὼν
754 3664 906 3729 αὐτὸ,
957 3666 1085 3738 πρὶν
1136 3670 1215 3732 είς
1245 3671 1344 3742 τήν
1375 3674 1531 3746 χεῖρα
1563 3672 1728 3726 αὑτοῦ
1758 3672 1942 3727 λαϐεῖν

359 3754 513 3819 αὐτὸ,
549 3753 765 3826 θελήσει
807 3755 936 3811 αύτδ
975 3763 1282 3816 καταπιεῖν.
1327 3780 1345 3812 ι
1397 3763 1648 3826 Τοιοῦτος
1676 3763 1732 3817 δέ
1758 3782 1842 3829 τις
1872 3761 1941 3836 ἦν

355 3847 386 3897 6
424 3844 642 3909 Ἰούδας,
678 3845 838 3909 ἄνθος
873 3847 971 3917 μὲν
1003 3848 1261 3917 γεγονὼς,
1290 3849 1425 3903 ἀλλὰ
1455 3851 1700 3905 ἐκπεσὼν
1732 3854 1829 3924 τῆς
1856 3853 1942 3906 ἐλ-

360 3935 512 4000 πίδος
538 3935 672 4006 ὁμοῦ
705 3939 798 3990 καὶ
831 3939 928 4007 τῆς
959 3939 1134 4010 δόξης.
1173 3941 1284 3994 Καὶ
1324 3941 1491 3994 πάλαι
1530 3944 1627 4013 μὲν
1656 3943 1940 4013 τυγχάνων

358 4030 547 4082 ἐπάνω
576 4029 731 4101 όρσυς
756 4030 850 4084 τοῦ
881 4031 1108 4103 ὑψηλοῦ,
1139 4033 1266 4102 περὶ
1297 4029 1356 4088 ού
1384 4034 1586 4104 προῖὼν
1614 4036 1641 4088 6
1661 4039 1941 4109 προφήτης

359 4121 548 4199 φησίν·
577 4142 594 4172 ι
620 4123 875 4196 Ἐπ’,ὅρος
899 4123 1098 4194 ὑψηλὸν
1127 4124 1378 4196 ἀνάϐηθι,
1404 4129 1431 4179 6
1456 4127 1940 4198 εὐαγγελιζόμενος

358 4211 520 4274 Σιών.
554 4233 572 4266 ι
626 4214 785 4268 Ἀλλὰ.
816 4217 1006 4285 γέγονε
1053 4216 1289 4280 τοιοῦτός
1345 4235 1449 4282 τις,
1482 4219 1557 4282 ὠς
1609 4221 1938 4291 ὁμοιωθῆναι

359 4307 648 4382 προδρόμῳ
680 4308 866 4372 σύκου,
917 4309 1113 4384 καρπῷ
1145 4311 1579 4383 ἀτελεσφορήτῳ,
1619 4312 1806 4386 ὡραίῳ
1838 4313 1939 4385 μὲν

356 4401 453 4454 καὶ
481 4401 630 4472 καλῷ
661 4404 728 4473 τῇ
775 4400 892 4471 θέᾳ,
934 4403 1191 4474 ἀχρήστῳ
1223 4403 1280 4457 δὲ
1310 4403 1483 4467 ἄλλως
1523 4403 1610 4457 διὰ
1661 4405 1723 4458 τὸ
1750 4405 1939 4469 ἀτελὲς

2046 1919 2188 1974 sicut
2237 1917 2444 1989 grando
2507 1915 2730 1986 delapsa
2787 1927 2895 1968 non
2957 1909 3166 1965 habens
3224 1901 3622 1972 umbraculum,

2047 2026 2166 2081 quas
2189 2010 2456 2065 violenter
2497 2008 2700 2064 decidit
2737 2023 2753 2066 :
2784 2005 2926 2060 sicut
2951 2016 3108 2073 aquae
3148 1999 3230 2054 vis
3276 2010 3470 2067 magna
3507 2003 3622 2049 tra-

2046 2103 2183 2158 hens
2217 2101 2490 2171 regionem
2525 2113 2541 2152 :
2579 2099 2632 2153 in
2668 2107 2814 2152 terra
2839 2095 3002 2150 faciet
3031 2091 3268 2162 quietem
3296 2086 3564 2142 manibus.
3596 2100 3620 2138 ι

2046 2191 2145 2258 ita,
2186 2191 2382 2260 inquit,
2412 2189 2564 2244 furor
2593 2187 2804 2244 Domini
2839 2200 2935 2242 eos
2970 2184 3064 2254 qui
3094 2182 3229 2238 ebrii
3266 2189 3392 2236 sunt
3422 2178 3623 2248 absque

2046 2285 2192 2347 vino,
2245 2284 2532 2338 invasurus
2590 2289 2710 2346 est,
2766 2288 2826 2334 ut
2874 2276 3122 2348 grandini
3177 2281 3524 2343 comparetur
3569 2269 3622 2325 in

2044 2379 2218 2447 capita
2243 2377 2483 2432 virorum
2513 2383 2822 2444 legumento
2855 2369 3100 2426 carentia
3127 2366 3358 2437 delapsa:
3392 2385 3405 2420 :
3431 2363 3620 2418 eodem

2043 2472 2204 2527 modo
2248 2471 2486 2525 furorem
2522 2466 2618 2524 Dei
2669 2465 2984 2522 memoratis
3027 2459 3340 2517 hominibus
3381 2455 3622 2511 inferen-

2042 2565 2169 2619 dum
2198 2564 2458 2634 praedicit.

2118 2655 2280 2711 Vens.
2319 2656 2372 2712 3.
2420 2673 2439 2708 ι
2469 2653 2537 2710 Ει
2563 2653 2793 2724 pedibus
2819 2649 3230 2708 conculcabitur
3254 2657 3456 2700 corona
3491 2656 3622 2696 con-

2045 2749 2318 2817 tumelias,
2373 2747 2695 2804 mercenarii
2748 2745 3074 2816 Ephraimu
3149 2739 3291 2796 Olim
3352 2732 3620 2805 siquidem

2042 2856 2240 2898 corona
2270 2840 2614 2897 contumeliae
2634 2846 2794 2894 erant
2813 2877 2828 2902 ,
2862 2838 2929 2892 ad
2973 2834 3311 2891 inferendam
3338 2836 3620 2885 contume-

2042 2934 2170 2990 liam
2219 2933 2507 2999 instructi;
2559 2940 2892 3004 quapropter
2927 2943 3126 2984 corona
3181 2926 3311 2981 item
3357 2919 3622 2993 superbia

2041 3025 2409 3093 vocabantur;
2449 3024 2571 3080 talis
2604 3033 2784 3078 autem
2817 3022 2941 3078 linis
2973 3028 3338 3089 occupaturus
3375 3031 3469 3071 eos
3503 3024 3621 3076 est.

2043 3126 2101 3172 ut
2129 3116 2518 3173 conculcentur
2546 3133 2560 3170 :
2592 3123 2648 3170 et
2682 3128 2816 3169 sane
2843 3111 3152 3168 conculcati
3181 3117 3309 3165 sunt
3339 3108 3408 3162 ab
3433 3105 3619 3162 inimi-

2043 3213 2143 3274 cis,
2177 3209 2271 3280 qui
2311 3210 2456 3280 ipsos
2484 3209 2536 3264 in
2570 3207 2892 3263 servitutem
2924 3205 3253 3275 redegerunt
3284 3219 3297 3256 :
3327 3199 3420 3269 qui
3451 3197 3616 3252 etiam

2041 3303 2318 3359 civitatem
2361 3317 2548 3358 eorum
2585 3298 2855 3355 calcaneis
2899 3295 3015 3352 suis
3059 3294 3412 3351 obterendam
3457 3303 3618 3345 cura.

2043 3407 2188 3453 runt.

2115 3488 2274 3541 Vens.
2328 3486 2380 3541 ι.
2440 3503 2460 3538 ι
2485 3484 2552 3539 Ει
2601 3483 2707 3539 erit
2753 3481 2855 3538 ﬂos
2889 3479 2980 3550 qui
3015 3476 3215 3533 decidit
3265 3475 3331 3530 de
3364 3486 3460 3542 spe
3500 3469 3620 3541 glo-

2045 3583 2159 3643 riae,
2207 3582 2262 3634 in
2310 3579 2515 3634 vertice
2563 3575 2764 3632 montis
2817 3570 3056 3637 excelsi;
3107 3569 3248 3624 sicut
3298 3570 3621 3635 praematura

2043 3675 2222 3738 licus;
2267 3671 2360 3742 qui
2399 3669 2597 3725 viderit
2648 3683 2803 3732 eam,
2846 3666 3159 3736 priusquam
3209 3665 3388 3714 sumat
3431 3668 3618 3719 manu,

2042 3765 2219 3832 cupiet
2253 3777 2372 3818 eam
2407 3762 2688 3818 devorare.
2722 3778 2741 3813 ι
2799 3756 2946 3812 Talis
2975 3763 3096 3811 erat
3139 3751 3332 3816 Judas,
3393 3748 3484 3818 qui
3519 3745 3620 3804 flos

2043 3870 2174 3910 sane
2198 3854 2405 3920 fuerat;
2450 3866 2638 3907 verum
2663 3851 2729 3905 de
2759 3864 2856 3920 spe
2886 3846 3050 3904 simul
3079 3855 3130 3901 et
3176 3847 3241 3900 de
3267 3841 3448 3914 gloria
3470 3838 3620 3896 deci-

2040 3949 2139 4004 dit.
2175 3947 2241 4002 Et
2265 3946 2391 4002 olim
2421 3945 2640 4016 quidem
2675 3957 2841 4013 supra
2888 3949 3125 3996 montem
3165 3935 3440 3993 excelsum
3476 3939 3618 3999 erat,

2041 4041 2106 4095 de
2155 4054 2262 4108 quo
2314 4041 2368 4095 in
2399 4037 2783 4108 ,‘sequentibus
2833 4033 3098 4105 propheta
3161 4030 3334 4094 dicit,
3394 4025 3618 4096 «Supra

2042 4141 2277 4186 montem
2303 4131 2578 4186 excelsum
2621 4128 2853 4185 ascende
2873 4166 2888 4194 ,
2926 4126 3017 4197 qui
3041 4123 3385 4193 evangelizas
3411 4121 3564 4176 Sion.
3591 4137 3613 4173 ι

2046 4223 2240 4277 Verum
2269 4223 2357 4276 ille
2387 4222 2507 4276 talis
2545 4221 2743 4284 evasit,
2777 4231 2836 4274 ut
2869 4229 3212 4290 praematura;
3243 4216 3367 4270 [icui
3396 4227 3620 4284 compa-

2044 4323 2278 4379 raretur,
2313 4313 2631 4380 imperfecto
2676 4311 2886 4367 scilicet
2931 4309 3172 4373 fructui;
3218 4306 3463 4376 specioso
3493 4303 3617 4374 qui~

2043 4411 2164 4464 :lem
2199 4423 2264 4464 ac
2304 4407 2477 4462 forma
2528 4405 2777 4478 pulchro,
2833 4402 2928 4458 sed
2965 4401 3100 4456 alias
3144 4398 3362 4462 inutili,
3393 4398 3518 4467 quia
3545 4392 3618 4450 ob

355 4492 453 4545 τοῦ
489 4493 625 4564 πρὸς
652 4494 856 4566 τροφὴν
885 4495 1192 4565 ἐπιτηδείου
1226 4495 1459 4568 καρποῦ.
1513 4497 1604 4550 Διὸ
1637 4498 1939 4569 πρόδρομον

2046 4500 2505 4571 imperfectionem
2559 4499 2792 4554 nondum
2839 4494 2956 4550 esui
3011 4502 3168 4563 aptus
3219 4490 3428 4544 fructus
3473 4495 3615 4542 erat.

356 4585 523 4638 αὐτὸν
561 4585 850 4657 γενόμενον
893 4586 1217 4658 τεθεαμένος
1241 4590 1270 4642 6
1300 4588 1408 4642 τῶν
1439 4588 1619 4643 καλῶν
1647 4588 1935 4660 βάσκανος,

359 4677 684 4749 προήρπασε
716 4678 972 4742 σπεύσας·
1030 4679 1106 4743 ὡς
1159 4678 1380 4752 θελῆσαι
1439 4681 1601 4735 αύτδν
1653 4683 1939 4736 καταπιεῖν

359 4770 490 4841 πρὶν
521 4769 553 4840 ή
586 4770 683 4842 τῆς
713 4771 896 4842 χειρὸς
919 4770 1288 4826 ἐπιλαϐέσθαι·
1314 4771 1456 4826 οὕτω
1493 4771 1623 4842 γοῦν
1661 4773 1821 4826 αὐτὸν
1845 4773 1938 4826 καὶ

356 4861 618 4916 κατέπιεν
650 4862 895 4933 ἰσχύσας.

435 4973 453 5007 t
496 4954 576 5027 Τῇ
609 4956 794 5028 ήμέρᾳ
822 4956 1005 5029 ἐκείνῃ
1059 4955 1213 5009 ἔσται
1247 4955 1452 5028 Κύριος
1481 4955 1707 5012 Σαϐαὼθ
1754 4959 1783 5012 6
1822 4958 1941 5011 στέ-

356 5063 524 5116 φανος
564 5047 662 5120 τῆς
690 5048 921 5114 ἐλπίδος,
956 5051 985 5103 6
1031 5048 1260 5112 πλακεὶς
1289 5048 1387 5119 τῆς
1439 5048 1614 5118 δόξης,
1652 5049 1729 5120 τῷ
1776 5067 1941 5104 κατα·-

354 5138 628 5208 λειφθέντι
679 5141 774 5194 τοῦ
803 5141 954 5196 λαοῦ.
988 5140 1524 5214 Καταλειφθήσονται
1555 5143 1614 5196 δέ
1639 5143 1732 5196 ἐπὶ
1775 5142 1939 5197 πνεύ-

357 5246 491 5300 ματι
519 5229 754 5302 κρίσεως
788 5233 880 5285 ἐπὶ
908 5232 1108 5304 κρίσιν,
1153 5233 1249 5286 καὶ
1302 5234 1454 5302 ἰσχὺν
1498 5233 1812 5289 κωλυόντων
1847 5235 1940 5288 av-

356 5320 516 5375 κλεῖν.
557 5341 575 5374 ι
605 5321 775 5393 Δῆλον
802 5324 858 5377 δὲ
885 5324 966 5378 ὅτι
990 5327 1100 5389 τοῖς
1134 5323 1554 5397 περιλειφθεῖσιν
1587 5327 1651 5380 ὲκ
1696 5326 1796 5396 τῆς
1838 5326 1933 5379 τοῦ

356 5413 558 5477 παντὸς
591 5413 722 5468 λαοῦ
749 5416 1042 5480 ἀπωλείας·
1073 5412 1216 5472 οὗτοι
1234 5417 1291 5472 δὲ
1320 5413 1460 5489 ἦσαν
1484 5419 1534 5471 0i
1557 5417 1650 5472 τοῦ
1687 5418 1935 5489 Σωτῆρος

355 5504 642 5560 ἀπόστολοί
658 5525 716 5561 τε
749 5510 842 5562 καὶ⁵
870 5508 1124 5580 μαθηταί·
1155 5509 1314 5562 αὐτὸν
1347 5509 1454 5582 γὰρ
1480 5509 1694 5566 ἔσεσθαι
1712 5510 1800 5566 τὸν
1820 5509 1930 5566 Κύ-

361 5614 475 5670 ριον
509 5599 768 5670 στέφανον
797 5600 1008 5666 ἐλπίδος
1031 5602 1440 5673 ἐπαγγέλλεται.

361 5777 406 5810 ³⁸
435 5778 601 5835 Matth
664 5795 780 5837 IIII.
817 5781 899 5835 iii.

2044 4593 2404 4662 Quamobrem
2450 4599 2832 4662 praematurum
2875 4601 3000 4643 eum
3053 4582 3407 4651 conspicatus
3445 4580 3619 4633 bono-

2047 4701 2163 4740 rum
2193 4684 2410 4740 invidus
2453 4683 2577 4746 ille,
2621 4682 2944 4737 festinanter
2983 4674 3282 4748 praeripuit,
3327 4673 3400 4728 ita
3442 4680 3502 4726 ut
3533 4669 3617 4726 vel

2043 4791 2334 4848 antequam
2363 4776 2516 4832 illum
2547 4789 2710 4830 manu
2743 4781 2984 4844 caperet,
3031 4771 3293 4824 devorare
3317 4762 3480 4820 vellet
3513 4781 3529 4819 :
3562 4771 3618 4819 et

2040 4873 2119 4928 sic
2153 4885 2278 4927 vere
2296 4870 2600 4934 devoravit,
2635 4869 2761 4940 quia
2790 4863 3078 4937 praevaluit
3109 4862 3234 4932 ipsi.

2113 4961 2255 5019 Vens
2311 4961 2366 5029 5,
2413 4961 2471 5022 6.
2531 4980 2551 5015 ι
2583 4961 2637 5016 In
2676 4960 2765 5015 die
2803 4957 2895 5014 illa
2931 4957 3037 5013 erit
3086 4951 3344 5010 Dominus
3373 4951 3614 5007 Sabaoth

2035 5071 2236 5112 corona
2291 5059 2428 5125 spei,
2475 5069 2596 5125 qua:
2650 5050 2977 5122 complicata
3025 5055 3111 5104 est
3160 5045 3345 5118 glorias
3398 5043 3616 5100 residuo

2038 5146 2233 5217 populi.
2294 5146 2689 5217 Relinquentur
2738 5152 2919 5198 autem
2956 5141 3010 5198 in
3070 5139 3264 5209 spiritu
3317 5137 3510 5206 iudicii
3557 5136 3614 5193 in

2033 5236 2293 5308 judicium
2337 5247 2392 5294 et
2441 5235 2813 5292 fortitudinem
2864 5234 3164 5290 vetantium
3221 5229 3551 5286 interficere.
3589 5247 3612 5283 ι

2042 5327 2299 5383 Videlicet
2325 5328 2391 5384 iis
2428 5328 2519 5399 qui
2547 5343 2580 5383 a
2615 5325 2776 5382 totius
2801 5324 2982 5396 populi
3011 5324 3181 5380 exitio
3208 5321 3571 5379 remanserint
3598 5337 3613 5392 ς

2042 5419 2093 5474 hi
2134 5429 2316 5477 autem
2360 5429 2516 5476 erant
2571 5418 2798 5489 apostoli
2855 5428 2912 5475 et
2948 5416 3198 5488 discipuli
3263 5413 3610 5472 Salvatoris:

2043 5510 2216 5581 ipsum
2242 5513 2440 5583 quippe
2475 5510 2756 5569 Dominum
2787 5524 3046 5570 coronam
3077 5507 3192 5580 spei
3223 5506 3465 5565 futurum
3496 5520 3617 5563 esse

2045 5602 2349 5674 pollicetur.
