4158 6402
571 325 676 378 387

641 439 811 496 Vsus.
865 439 918 494 7.

570 541 892 588 erraverunt
927 540 1145 601 propter
1192 533 1443 597 siceram,
1469 550 1490 586 ι
1548 549 1712 602 quam
1760 535 1954 604 reliqtit
1989 536 2160 592 inter-

568 633 776 695 pretes,
821 638 843 674 ι
871 623 1225 685 ebrietatem,
1260 640 1280 674 ι
1339 635 1692 680 vocaverunt.
1746 623 1823 680 Ne
1864 627 1989 690 quis
2030 642 2158 682 vero

568 726 721 784 putet
777 714 961 767 viuum
1015 723 1071 766 et
1103 714 1428 768 ebrietatem
1486 716 1541 770 in
1593 719 1799 789 vulgari
1856 735 2018 776 sensu
2070 723 2157 777 hic

567 803 817 874 intelligi,
855 805 1108 859 cautione
1136 805 1386 873 superius
1434 817 1519 862 est
1564 824 1696 863 usus
1735 811 1954 877 dicens,
2011 832 2032 866 ι
2060 818 2151 882 qui

567 897 702 952 ehrii
730 897 861 951 estis
902 897 1108 966 absque
1139 898 1286 954 vino.
1316 916 1335 950 ι
1381 900 1541 955 Aliud
1585 901 1768 970 itaque
1797 903 1984 958 vinum
2013 916 2152 972 eral,

566 989 676 1044 alia
737 989 912 1044 sicera
965 991 1079 1045 sive
1123 991 1386 1058 ebrietas,
1447 1008 1566 1062 quae
1601 995 1748 1062 ipsos
1798 997 1852 1050 iu
1909 1010 2152 1053 errorem

566 1081 802 1137 induxit.
833 1101 854 1136 ι
880 1082 1152 1138 Sacerdos
1187 1093 1242 1138 et
1282 1086 1545 1154 propheta
1584 1097 1768 1142 mente
1801 1101 2155 1145 excesserunt

565 1165 791 1245 propter
843 1175 1078 1230 siceram
1118 1189 1133 1228 :
1167 1178 1414 1246 ahsorpti
1473 1189 1605 1234 sunt
1641 1189 1865 1249 propter
1917 1183 2100 1237 viuum
2134 1203 2148 1239 :

564 1267 936 1323 titubaverqu
999 1270 1068 1324 ab
1138 1269 1404 1326 ebrietate
1438 1311 1454 1337 ,
1498 1284 1827 1328 erraverunt
1863 1292 1876 1329 :
1912 1273 2016 1332 hoc
2069 1288 2151 1332 est

563 1358 813 1430 phasma.
849 1378 868 1412 ι

633 1448 798 1504 Vens.
855 1450 909 1504 8.
977 1469 996 1502 ι
1030 1449 1336 1506 Maledictio
1370 1454 1651 1509 devorabit
1688 1456 1792 1512 hoc
1824 1459 2146 1515 consilium:

561 1541 664 1598 hoc
718 1543 864 1599 enim
904 1545 1194 1598 consilium
1261 1557 1489 1615 propter
1541 1549 1847 1605 avaritiam.
1878 1569 1898 1604 ι
1960 1553 2148 1608 Visum

560 1634 703 1688 enim
759 1649 884 1688 rere
909 1646 1028 1689 era:
1063 1651 1125 1691 ac
1177 1641 1519 1706 phantasma,
1565 1642 1709 1711 quod
1762 1644 1834 1698 illi
1878 1660 2068 1701 omnes
2094 1656 2149 1700 et

559 1722 846 1778 confertim
883 1724 975 1779 tali
1025 1737 1209 1781 esseut
1248 1725 1443 1782 aﬂectu
1469 1767 1484 1790 ,
1533 1745 1596 1782 ac
1637 1732 1923 1786 consilium
1981 1748 2144 1803 grave

1278 324 1547 380 EUSEBII
1585 324 2070 382 εεδλιιιεαδιε
2104 327 2129 382 (

2231 334 2254 382 ’.
2297 326 2479 384 PARS
2519 328 2604 386 Ill.
2645 361 2717 372 -—
2751 330 3164 388 EXEGETICA.

979 438 1090 494 cili
1157 441 1301 494 enim
1366 441 1494 496 vino
1553 442 1818 499 scelerate
1873 455 2100 514 egerunt
2133 459 2149 499 :
2181 453 2225 506 Α

3727 337 3833 393 288

2329 464 2349 498 ι
2385 440 2542 499 οὗτοι
2570 446 2676 519 γὰρ
2705 447 2833 518 οίνῳ
2862 447 3386 520 πεπλημμελημένοι
3413 450 3837 525 είσίνκὶπλανή-

2261 535 2431 608 θησαν
2477 537 2564 592 διὰ
2619 539 2679 592 τὸ
2710 538 2923 612 σίκερα’
2965 559 2984 592 ι
3021 544 3160 612 ὅπερ
3200 542 3248 593 οἱ
3295 541 3471 596 λοιποὶ
3508 544 3838 614 ἑρμηνευταλ

2263 647 2283 680 ι
2319 628 2570 700 μέθυσμα
2601 648 2620 681 ι
2640 630 2950 700 ὠνόμασαν.
2971 631 3088 683 Ἵνα
3117 630 3176 683 δὲ
3212 633 3284 702 μή
3307 648 3391 696 τις
3418 625 3558 685 οἶνον
3580 633 3836 688 ὑπολάϐοι

2257 722 2353 774 καὶ
2387 721 2643 793 μέθυσμα
2655 722 2716 774 τὸ
2734 722 3035 794 προχείρως
3068 723 3374 793 νοούμενον,
3397 724 3836 796 προησφαλίσατο

2255 813 2513 884 ἀνωτέρω
2538 813 2730 879 εἰπὼν,
2756 833 2776 865 ι
2815 817 2864 867 oi
2901 814 3192 885 μεθύοντες
3217 815 3343 869 ἄνευ
3371 816 3534 869 οἴνου.
3573 836 3592 868 ι
3627 817 3834 873 Οὐκοῦν

2254 901 2441 975 ἔτερος
2490 900 2558 976 ἦν
2587 900 2739 970 οὗτος
2771 906 2800 959 6
2823 901 2987 971 οἶνος,
3017 906 3110 959 καὶ
3136 905 3262 961 ἄλλο
3295 907 3355 960 τὸ
3385 907 3717 980 καλούμενον
3750 910 3836 964 σί-

2255 1013 2413 1067 κερα,
2445 997 2477 1068 ἢ
2513 998 2574 1050 τὸ
2618 999 2892 1071 μέθυσμα,
2945 1000 3014 1053 δι’
3048 994 3110 1053 οὗ
3143 999 3212 1053 τὰ
3257 999 3353 1071 τῆς
3411 1000 3619 1073 πλάνης
3651 1001 3838 1065 αὐτοῖς

2253 1090 2464 1155 γέγονε.
2501 1108 2519 1140 ι
2573 1091 2772 1161 ’ἱερεὺς
2803 1093 2896 1145 καὶ
2929 1094 3212 1164 προφήτης
3236 1091 3530 1164 ἐξέστησαν
3555 1094 3642 1148 διὰ
3668 1095 3732 1150 τὸ
3756 1096 3836 1153 eis

2253 1197 2410 1251 κεραο
2446 1182 2822 1253 κατεπόθησαν
2843 1183 2930 1238 διὰ
2954 1186 3044 1238 τὸν
3075 1181 3235 1247 οἶνον,
3262 1186 3580 1258 ἐσείσθησαν
3597 1188 3704 1242 άπὸ
3732 1187 3835 1260 τῆς

2255 1271 2446 1343 μέθης,
2482 1273 2883 1346 ἐπλανήθησαν·
2923 1278 3170 1330 τουτέστι
3205 1277 3416 1349 φάσμα.
3451 1297 3472 1331 ι

2325 1471 2344 1500 ‹
2389 1453 2520 1524 Ἀρὰ
2549 1453 2723 1508 ἔδεται
2757 1455 2959 1531 ταύτην
2979 1458 3077 1531 τὴν
3101 1459 3315 1529 βουλήν·
3351 1459 3489 1533 αῦτη
3524 1461 3681 1534 γὰρὴ
3709 1463 3835 1535 βου-

2249 1543 2312 1616 λὴ
2359 1545 2520 1600 ἕνεκα
2573 1548 2898 1616 πλεονεξίας.
2942 1570 2960 1602 ι
2992 1553 3190 1623 Φάσμα
3221 1553 3329 1626 γὰρ
3369 1549 3437 1626 ἦν
3468 1554 3682 1628 ἀληθῶς
3735 1557 3833 1612 καὶ

2248 1638 2540 1706 φάντασμα
2576 1639 2634 1692 τὸ
2673 1640 2882 1705 πάντας
2904 1643 3100 1708 αὐτοὺς
3132 1643 3343 1716 ἁθρόως
3374 1643 3444 1698 τὰ
3474 1645 3706 1700 τοσαῦτα
3727 1663 3834 1702 παο

2249 1726 2361 1782 θεῖν
2398 1729 2566 1783 καὶτὸ
2591 1729 2785 1802 βουλὴν
2813 1733 3200 1802 βουλεύσασθαι
3229 1735 3408 1807 δεινὴν
3438 1736 3532 1792 καὶ
3553 1737 3730 1800 ἄθεον,
3763 1740 3832 1811 ἣν

559 1813 897 1885 impiumque
929 1815 1179 1872 iuiissent
1201 1861 1215 1886 ,
1251 1818 1393 1888 quod
1428 1820 1518 1874 Dei
1546 1821 1852 1877 maledictio
1885 1801 2129 1879 invasura

2247 1822 2665 1895 καταλήψεταιὴ
2693 1801 2758 1880 ὲκ
2779 1801 2872 1880 τοῦ
2897 1825 3031 1880 Θεοῦ
3059 1829 3184 1900 ἀρά.
3225 1801 3428 1894 Ἰούδας
3462 1830 3560 1901 μὲν
3577 1826 3668 1885 οῦν
3694 1801 3831 1904 χρη-

559 1917 664 1962 est.
697 1905 866 1964 ludas
913 1909 1077 1976 igitur
1107 1912 1351 1982 pecunia
1386 1923 1441 1967 et
1465 1914 1708 1968 avaritia:
1752 1930 1915 1970 causa
1949 1917 2142 1972 Salva-

560 2006 732 2053 torem
765 1999 1003 2069 prodidit
1038 2003 1276 2072 :reliqui
1316 2017 1445 2056 vero
1490 2019 1613 2074 quze
1657 2019 1721 2060 ex
1766 2008 1962 2076 populo
2005 2010 2144 2065 refe-

559 2091 748 2145 rebant
815 2091 1177 2149 emolumenta
1246 2096 1632 2163 vindicantes,
1713 2115 1780 2154 ac
1835 2103 2141 2172 suspicione

558 2178 820 2250 permoti,
858 2196 926 2237 ue
960 2182 1160 2237 Christi
1192 2187 1416 2238 vet-hum
1468 2187 1614 2254 ipsos
1649 2189 1954 2260 principatu:
1987 2207 2142 2246 ever-

557 2281 719 2337 teret,
749 2275 1212 2345 conspirationem
1258 2279 1309 2330 iu
1345 2278 1492 2332 illum
1540 2279 1882 2349 conﬂuunt;
1921 2299 2025 2354 qua
2074 2286 2140 2342 de

554 2377 718 2419 causa
748 2365 976 2433 dicitur,
1020 2386 1039 2420 ι
1064 2367 1177 2423 ίνΙοο
1217 2370 1361 2424 enim
1393 2373 1677 2426 c0usilium
1711 2386 1932 2446 propter
1963 2379 2140 2432 avari-

553 2458 707 2512 tiam.
736 2474 755 2509 ι

626 2546 790 2604 Vsus.
818 2547 870 2605 9.
907 2567 924 2602 ι
955 2549 1054 2606 Cui
1099 2551 1542 2608 annuntiavimus
1574 2555 1761 2611 mala?
1806 2557 1872 2612 Et
1914 2561 2001 2614 cui
2042 2576 2138 2617 an-

552 2639 923 2696 nuutiavimus
961 2642 1367 2714 nttutiumiqui
1400 2647 1572 2702 avulsi
1607 2659 1730 2703 sunt
1775 2666 1804 2703 a
1842 2649 2002 2716 lacte,
2041 2655 2133 2724 qui

551 2729 814 2786 abstracti
851 2742 978 2788 sunt
1014 2733 1084 2788 ah
1125 2738 1312 2791 ubere.
1363 2755 1382 2791 ι
1437 2737 1733 2808 Postquam
1789 2745 2134 2813 prolihetiam

549 2822 618 2877 de
659 2837 861 2878 corona
895 2827 1185 2896 superbiaz,
1219 2843 1283 2884 ac
1311 2829 1380 2884 de
1415 2831 1645 2901 reliquis
1674 2835 1981 2905 subiunctis
2037 2838 2134 2894 tle-

549 2913 869 2984 scripserat,
919 2932 1134 2972 rursum
1167 2922 1233 2973 ad
1266 2922 1625 2988 apostolicqu
1661 2928 1908 2983 ordinem
1930 2933 2131 2987 transi-

551 3015 662 3058 tum
721 3005 868 3077 facit,
918 3009 1077 3078 cujus
1146 3011 1261 3081 ipse
1314 3013 1577 3072 Dominus
1629 3015 1866 3076 Sabaoth
1929 3038 2131 3080 corona

2250 1913 2437 1984 μάτων
2453 1915 2636 1969 ἕνεκεν
2669 1917 2762 1971 καὶ
2782 1916 2880 1986 τῆς
2903 1918 3106 1972 τούτων
3138 1919 3450 1984 πλεονεξίας
3479 1919 3570 1974 τὸν
3597 1921 3829 1994 Σωτῆρα

2246 2007 2554 2080 παρεδίδου·
2583 2009 2633 2062 οἱ
2665 2009 2722 2063 δὲ
2755 2009 2953 2072 λοιποὶ,
3009 2011 3465 2092 μεταποιούμενοι
3491 2012 3590 2082 τῆς
3621 2013 3683 2066 ὲκ
3729 2011 3828 2067 τοῦ

2243 2095 2371 2152 λαοῦ
2398 2096 2727 2165 πλεονεξίας,
2754 2097 2849 2151 καὶ
2885 2099 2957 2170 μὴ
2990 2115 3065 2169 πη
3095 2101 3122 2152 6
3157 2099 3394 2171 Χριστοῦ
3417 2099 3573 2168 λόγος
3608 2099 3828 2155 καθέλοι

2241 2190 2440 2254 αὐτοὺς
2454 2190 2555 2261 τῆς
2581 2189 2754 2261 ἀρχῆς
2780 2188 3143 2262 ὑφορώμενοι,
3160 2191 3259 2263 τὴν
3290 2194 3410 2246 κατ’
3443 2191 3606 2248 αὐτοῦ
3625 2194 3827 2266 σκευὴν

2241 2279 2554 2352 ἑτύρευσαν·
2591 2280 2672 2334 διὸ
2715 2280 2948 2352 εἴρηται·
2990 2300 3008 2331 ι
3056 2281 3203 2352 Αὕτη
3230 2282 3338 2356 γὰρ
3367 2285 3395 2356 ἡ
3427 2283 3592 2356 βουλὴ
3633 2285 3823 2340 ἕνεκεν

2242 2371 2567 2437 πλεονεξίας.
2600 2391 2619 2426 ι

2313 2595 2338 2634 α
2368 2581 2482 2634 Τίνι
2518 2579 2918 2650 ἀνηγγείλαμεν
2946 2579 3120 2642 κακὰ,
3146 2579 3241 2633 καὶ
3277 2579 3383 2633 τίνι
3422 2579 3824 2651 ἁνηγγείλαμεν

2238 2669 2526 2740 ἀγγελίαν;
2559 2673 2607 2723 oi
2648 2669 3248 2742 άπογεγαλακτισμένοι
3295 2670 3404 2724 ἀπὸ
3433 2671 3722 2740 γάλακτος,
3768 2674 3822 2725 οι

2237 2763 2649 2835 ἀπεσπασμένοι
2687 2763 2794 2816 ἀπὸ
2819 2762 3044 2834 μαστοῦ.
3077 2783 3095 2814 ι
3132 2763 3448 2835 Διαγράψας
3476 2765 3504 2817 6
3534 2764 3690 2833 λόγος
3716 2763 3821 2836 τὴν

2239 2855 2363 2926 περὶ
2393 2854 2487 2910 τοῦ
2524 2854 2788 2924 στεφάνου
2837 2854 2936 2926 τῆς
2969 2853 3178 2928 ὕϐρεως
3201 2855 3297 2909 καὶ⁵
3323 2855 3431 2908 τῶν
3463 2854 3589 2927 ἑξῆς
3618 2856 3820 2927 ἐπενη-

2236 2947 2512 3018 νεγμένων
2537 2947 2890 3018 προφητείαν,
2912 2947 3223 3019 μεταϐαίνει
3259 2947 3419 3002 πάλιν
3441 2949 3532 3002 ἐπὶ
3547 2948 3606 3002 τὸ
3630 2949 3820 3019 τάγμα

2234 3039 2296 3094 1:6
2332 3039 2709 3102 ἁποστολικὸν,
2743 3035 2802 3094 οὗ
2832 3039 3050 3109 ἐλέγετο
3078 3036 3408 3106 εἷναιάύτδς
3429 3043 3457 3096 6
3477 3040 3678 3113 Κύριος
3712 3043 3820 3097 Σα-

549 3099 686 3167 spci,
727 3109 779 3154 et
815 3101 951 3156 tiara
985 3104 1170 3173 gloria:
1218 3122 1340 3163 esse
1383 3110 1686 3167 dicebatur.
1731 3113 1888 3170 lluuc
1937 3131 2121 3186 porro,

2232 3129 2380 3184 ϐαὼο
2416 3131 2677 3200 στέφανος
2699 3099 3045 3194 ’ἐλπίδος-καὶ
3093 3131 3302 3203 κίδαρις
3328 3099 3502 3203 δόξης.
3535 3099 3817 3187 Ιξαὶ-διδάο

551 3191 808 3248 videlicet
837 3195 1194 3263 apostolicqu
1237 3200 1489 3264 chorum,
1529 3203 1690 3259 docet
1735 3207 1992 3265 lloruiuus
2029 3211 2129 3266 Sa-

550 3279 745 3351 hamh,
774 3294 832 3340 ut
864 3288 930 3341 ad
971 3305 1243 3346 mruumas
1273 3293 1374 3347 sibi
1403 3304 1627 3366 prOpter
1651 3295 1856 3355 Christi
1901 3305 2127 3358 verbum

547 3374 865 3434 lul'ercudas
925 3396 986 3436 se
1035 3393 1362 3452 pra-parent.
1426 3385 1774 3459 Quapropter
1829 3408 1925 3447 ceu
1985 3396 2130 3463 ipsos

544 3468 874 3538 compellans
902 3473 999 3537 ait,
1031 3491 1050 3526 ι
1081 3475 1176 3530 Cui
1205 3479 1659 3537 annuntiavimus
1703 3484 1890 3540 mala?
1943 3486 2008 3542 Et
2035 3488 2125 3544 cui

545 3562 988 3619 anutmtiavituus
1037 3568 1332 3623 nuntium?
1384 3585 1450 3626 ac
1500 3573 1546 3626 si
1597 3578 1844 3644 apertius
1892 3579 2122 3644 diceret,

541 3651 675 3718 Quis
707 3653 906 3710 alacris
938 3667 994 3712 et
1034 3670 1315 3730 promptus
1350 3671 1434 3718 est
1471 3663 1537 3717 ad
1587 3670 1948 3734 praenuntiata
1982 3672 2121 3726 mala

539 3743 864 3802 subeunda?
888 3748 1019 3804 Mala
1051 3766 1214 3820 porro
1235 3754 1285 3808 itt
1317 3759 1590 3810 connuuni
1624 3771 1801 3827 vocat,
1823 3777 2119 3832 a'rumnas,

541 3843 598 3888 et
631 3847 851 3906 exetcra,
885 3857 1004 3909 qua:
1036 3844 1209 3899 tristia
1240 3857 1581 3916 reputautur,
1620 3851 1834 3910 labores
1886 3856 2118 3923 scilicet,

541 3926 876 3987 amictioues
923 3935 1143 4003 pietatis
1191 3953 1354 3994 causa
1401 3954 1704 4013 susceptas.
1751 3948 1856 4005 \’os
1916 3954 2116 4008 etenim

541 4022 821 4089 apostolos
878 4040 1060 4080 sermo
1109 4032 1337 4100 respicit
1367 4051 1382 4088 ε
1411 4036 1524 4090 lucc
1557 4039 1726 4094 vobis.
1748 4039 1930 4096 futura
1957 4046 2119 4114 pulli-

539 4125 747 4168 eemur.
779 4113 912 4169 Nam
940 4133 1062 4172 cum
1094 4120 1329 4176 infantes
1349 4128 1566 4190 essetis,
1597 4113 2120 4195 mammarumilacte

538 4206 750 4269 nutriti,
799 4208 935 4263 nihil
988 4211 1142 4268 vobis
1189 4215 1368 4271 simile
1416 4219 1770 4289 imminebat,
1819 4229 1889 4282 ob
1945 4234 2118 4287 mtatis

537 4295 904 4365 spiritualiter
930 4317 1169 4374 accepta:
1203 4308 1650 4370 immaturitatem
1679 4333 1778 4374 :ac
1809 4319 2113 4391 hujusmmli

538 4395 668 4443 tunc
701 4393 890 4457 eratis,
920 4395 1020 4451 sub
1050 4396 1168 4468 lege
1201 4401 1399 4472 Muysis
1431 4419 1530 4458 ceu
1563 4411 1855 4481 pa'dagogo
1884 4430 2112 4470 versan-

2232 3241 2352 3277 σκει
2403 3222 2590 3277 τοῦτον
2623 3223 2786 3286 αὐτὸς
2833 3224 2860 3274 ὁ
2911 3223 3114 3296 Κύριος
3152 3222 3403 3289 Σαϐαὼθ,
3436 3223 3578 3294 λέγω
3609 3225 3674 3297 δὴ
3719 3226 3816 3280 τὸν

2228 3317 2582 3370 ἀποστολικὸν
2641 3317 2800 3388 χορὸν
2845 3317 3358 3388 παρασκευάζεσθαι
3419 3319 3556 3390 πρὸς
3607 3317 3815 3389 θλίψεις

2231 3408 2530 3480 μελλούσας
2561 3412 2746 3474 αὐτοῖς
2784 3410 3084 3480 ἐπάγεσθαι
3126 3411 3211 3464 διὰ
3245 3411 3334 3465 τὸν
3362 3411 3597 3483 Χριστοῦ
3633 3412 3812 3481 λόγον.

2227 3500 2319 3554 Διὸ
2353 3499 2540 3572 ὥσπερ
2586 3501 2874 3571 ἐπιφωνῶν
2911 3503 3094 3566 αὐτοῖς
3119 3502 3285 3571 λέγει’
3327 3523 3344 3554 ι
3385 3504 3502 3557 Τίνι
3555 3505 3808 3576 ἀνηγγεί-

2226 3588 2397 3661 λαμεν
2430 3590 2607 3654 κακάς
2643 3591 2736 3645 καὶ
2765 3591 2872 3644 τίνι
2910 3591 3314 3661 άνηγγείλαμεν
3341 3590 3634 3661 ἀγγελίανς
3678 3611 3696 3643 ι
3734 3592 3810 3657 ὡς

2225 3682 2274 3734 εί
2299 3681 2629 3755 σαφέστερον
2660 3682 2831 3752 ἔλεγεο
2864 3683 2959 3748 Τίς
2979 3683 3084 3754 ἄρα
3103 3684 3380 3755 πρόθυμος
3407 3684 3806 3758 παραδέξασθαι

2225 3776 2293 3830 τι
2317 3775 2759 3848 ἐπαγγελλόμενα
2793 3777 2972 3840 κακὰς
3003 3777 3161 3831 Κακὰ
3193 3776 3248 3830 δὲ
3285 3777 3538 3848 ὀνομάζει
3575 3781 3804 3833 κοινοτέ-

2228 3885 2336 3939 ρως
2350 3869 2448 3932 τὰς
2482 3870 2832 3940 περιστάσεις
2862 3870 2956 3923 καὶ
2979 3870 3045 3924 τὰ
3066 3871 3393 3942 νομιζόμενα
3424 3871 3662 3942 λυπηρά·
3682 3873 3804 3935 τοὺς

2225 3959 2421 4023 πόνους
2464 3959 2664 4030 δηλαδὴ
2709 3960 2799 4014 καὶ
2840 3960 2939 4024 τὰς
2972 3961 3177 4031 θλίψεις
3205 3965 3302 4026 τὰς
3334 3963 3472 4034 ὑπὲρ
3503 3962 3802 4026 εὐσεϐείας.

2223 4050 2365 4122 H96;
2403 4052 2545 4122 ὑμᾶς
2574 4051 2681 4121 γὰρ
2721 4053 2846 4116 τους
2898 4053 3226 4117 ἀποστόλους
3259 4056 3403 4108 ἐστὶν
3425 4059 3454 4109 ὁ
3482 4055 3656 4124 λόγος,
3709 4056 3798 4109 καὶ

2221 4141 2391 4194 ταῦτα
2415 4142 2543 4213 περὶ⁵
2583 4142 2738 4212 ὑμῶν
2791 4143 3214 4216 ἐπαγγέλλομεν.
3261 4145 3388 4199 Ὅτε
3424 4146 3522 4216 μὲν
3548 4145 3654 4218 γὰρ
3699 4142 3799 4218 ἦτε

2218 4233 2420 4304 νήπιοι,
2454 4235 2653 4288 ὡσανεὶ
2687 4235 2791 4288 67:6
2817 4234 3004 4306 μαζῶν
3036 4235 3356 4308 τρεφόμενοι
3380 4237 3799 4306 γάλακτι,ούδὲν

2219 4319 2286 4395 ἦν
2320 4325 2448 4395 ὑμῖν
2481 4326 2828 4397 ἐπικείμενον
2869 4327 3105 4382 τοιοῦτον
3137 4328 3226 4382 διὰ
3259 4330 3321 4383 τὸ
3348 4329 3536 4394 ἀτελὲς
3559 4330 3655 4401 τῆς
3675 4347 3799 4401 νοη-

2217 4412 2318 4482 τῆς
2333 4414 2568 4484 ἡλικίας·
2605 4415 2834 4469 τοιοῦτοι
2855 4417 2909 4470 δὲ
2929 4416 3288 4488 τυγχάνοντες
3311 4419 3359 4471 οἱ
3391 4419 3494 4473 ὑπὸ
3525 4420 3799 4488 παιδαγω-

537 4492 639 4544 tcs,
665 4483 779 4538 sive
803 4487 976 4554 prima
1013 4490 1114 4558 pize
1146 4493 1407 4550 doctrina:
1448 4499 1788 4557 institutione
1834 4511 1988 4574 quasi
2031 4511 2107 4562 la-

2231 4506 2308 4575 τὸν
2322 4506 2415 4560 τὸν
2446 4509 2576 4561 Μωῦ
2585 4509 2721 4572 σέως
2736 4509 2919 4580 νόμον,
2951 4511 3060 4563 εἴτε
3078 4509 3338 4582 γαλουχού
3347 4528 3496 4582 μενοι
3518 4514 3635 4576 ταῖς
3656 4511 3800 4584 πρώ-

531 4585 622 4629 cte
669 4575 855 4630 refecti
886 4594 902 4644 ;
935 4596 1080 4636 llllllc
1122 4596 1300 4640 autem
1350 4606 1471 4644 cum
1505 4593 1558 4646 in
1590 4596 1912 4662 porrectiore
1952 4611 2110 4658 :tvtalc

531 4682 559 4720 α
586 4669 857 4739 tmtlagogi
888 4687 1018 4726 cura
1046 4676 1246 4739 educti,
1269 4683 1333 4734 ad
1361 4683 1746 4749 perfectiorem
1785 4693 2105 4758 i‘uagistrum

530 4762 891 4828 arcesseritis,
944 4781 974 4818 a
1028 4765 1185 4838 legali
1247 4770 1385 4829 lacte
1429 4777 1675 4845 abducti,
1718 4791 1772 4835 ct
1820 4799 1848 4834 a
1889 4787 2103 4850 matris,

529 4853 645 4905 sive
693 4847 901 4908 Judaici
978 4864 1033 4910 et
1091 4864 1336 4929 corporei
1401 4867 1603 4933 cultus,
1652 4870 1776 4925 sinu
1843 4847 2102 4931 abstracti

527 4941 683 4996 estis.

596 5123 764 5184 Vsus.
787 5129 971 5187 10-12.
1008 5153 1025 5184 ι
1059 5135 1482 5196 Trihulationcm
1511 5146 2099 5212 superlrilmlationcm

525 5232 803 5290 exspecta,
841 5239 988 5294 spent
1021 5243 1185 5299 super
1215 5249 1362 5302 spem
1398 5254 1411 5291 :
1448 5238 1624 5291 adhuc
1662 5253 1878 5306 parum,
1924 5243 2100 5297 adhuc

525 5325 751 5382 parum:
787 5321 1340 5393 prupterchpcctum
1375 5326 1661 5392 labiorum,
1717 5347 1812 5400 per
1862 5332 2098 5401 linguam

523 5406 728 5460 aliatu-
779 5411 902 5480 quia
941 5411 1233 5484 loquentur
1284 5420 1484 5489 populo
1531 5421 1680 5485 huic,
1722 5425 1970 5480 diceutcs
2028 5427 2100 5492 ci,

524 5495 761 5568 Ile-quies
802 5505 1087 5564 esurienti.
1121 5517 1177 5562 et
1216 5508 1331 5564 hzec
1381 5521 1464 5567 est
1496 5516 1774 5578 contritio,
1811 5525 1867 5572 et
1912 5518 2102 5574 uolue-

524 5601 652 5651 runt
701 5595 908 5651 audire.
954 5617 973 5650 ι
1023 5599 1152 5657 llaec
1205 5603 1503 5664 apostolico
1539 5604 1706 5661 choro
1733 5609 2007 5675 dicuntur,
2043 5619 2097 5666 et

596 5690 1125 5795 iﬁlJlliet-ouymus,
1175 5729 1194 5763 ι
1242 5710 1502 5795 [sequitur
1549 5725 1730 5795 autem
1791 5721 1856 5776 ad
1916 5721 2140 5777 chorum
2185 5725 2563 5795 apostolicum,

527 5771 613 5828 ille
641 5777 751 5842 pari
783 5771 961 5847 moto:
1000 5783 1092 5835 sed
1123 5771 1464 5850 paucioribus
1486 5788 1750 5843 enuntiat.

2213 4614 2334 4660 ταις
2356 4599 2686 4667 εἰσαγωγαῖς
2706 4599 2798 4652 τοῦ
2816 4599 3098 4664 θεοσεϐοῦς
3123 4601 3300 4669 λόγουο
3332 4600 3426 4654 νῦν
3450 4602 3506 4656 δὲ
3529 4603 3638 4665 ὅτε,
3670 4619 3797 4675 προ-

2215 4688 2477 4758 κόψαντες
2490 4693 2555 4761 τῇ
2581 4691 2784 4764 ἡλικίᾳ,
2811 4692 2902 4746 τοῦ
2924 4693 3020 4763 μὲν
3047 4692 3390 4763 παιδαγωγοῦ
3418 4696 3789 4768 ἀπηλλάγητε,

2209 4777 2288 4848 τῷ
2319 4779 2374 4832 δὲ
2398 4779 2585 4852 τελείῳ
2614 4781 2913 4853 διδασκάλῳ
2948 4783 3398 4855 προσεληλύθατε,
3427 4788 3792 4856 ἀπογαλακτι-

2209 4874 2428 4938 σθέντες
2481 4875 2588 4928 ἀπὸ
2637 4876 2860 4947 νομικοῦ
2894 4878 3162 4946 γάλακτος
3207 4884 3300 4934 καὶ
3351 4882 3790 4947 ἀποσπασθέντες

2204 4967 2279 5030 ὡς
2328 4969 2434 5022 ἀπὸ
2469 4954 2674 5041 μητρὸς
2721 4971 2823 5042 τῆς
2868 4973 3162 5044 Ἰουδαϊκῆς
3213 4977 3304 5030 καὶ
3337 4978 3652 5050 σωματικῆς
3694 4979 3790 5032 λα-

2204 5060 2412 5131 τρείας.

2281 5172 2298 5204 ι
2339 5153 2528 5224 Θλίψιν
2549 5157 2636 5209 ἐπὶ
2670 5155 2847 5223 θλίψιν
2875 5159 3191 5231 προσδέχου,
3237 5160 3423 5214 ἐλπίδα
3453 5162 3538 5214 ἐπ’
3574 5163 3782 5217 ἐλπίδα·

2202 5248 2284 5301 ἔτι
2327 5248 2537 5322 μικρὸν,
2568 5250 2649 5302 ἔτι
2684 5252 2896 5323 μικρόν·
2937 5251 3025 5306 διὰ
3068 5253 3370 5325 φαυλισμδν
3403 5256 3786 5327 χειλέων,’διά

2203 5342 2452 5410 γλώσσης
2483 5341 2690 5412 ἑτέρας’
2713 5343 2793 5396 ὃτι
2818 5343 3109 5414 λαλήσουσι
3141 5345 3220 5416 τῷ
3248 5346 3360 5417 λαῷ
3391 5347 3567 5419 τούτῳ
3591 5349 3783 5418 λέγον-

2201 5447 2292 5494 τες
2332 5431 2497 5503 αὐτῷ’
2559 5434 2880 5506 ’Λνάπαυμα
2913 5437 2990 5508 τῷ
3049 5437 3330 5502 πεινῶντι,
3391 5429 3484 5494 καὶ
3525 5440 3685 5494 τοῦτο
3718 5439 3784 5494 7:6

2203 5521 2534 5595 σύντριμμα,
2570 5527 2662 5579 καὶ
2681 5527 2780 5580 οὐκ
2803 5528 3072 5600 ἠθέλησαν
3111 5530 3329 5585 ἀκούειν
3356 5531 3488 5601 (59).
3511 5551 3530 5584 ι
3551 5533 3781 5598 Λέγεται

2199 5611 2256 5665 δὲ
2298 5613 2472 5669 ταῦτα
2517 5617 2653 5690 πρὸς
2683 5618 2774 5672 τὸν
2804 5617 2966 5693 χορὸν
2998 5621 3090 5674 τὸν
3122 5623 3476 5678 ἁποστολικὸν
3501 5625 3593 5678 καὶ
3645 5641 3780 5694 προς

2605 5730 2954 5804 omniumque
2994 5734 3354 5803 credentium,
3389 5756 3407 5790 ι
3463 5747 3592 5804 etc.,
3652 5757 3774 5810 qua
