4082 6398
555 351 657 409 291

1229 343 1499 402 EUSEBII
1537 343 2019 402 CESABIENS‘IS
2056 344 2208 400 OPP.
2249 344 2434 401 PARS
2474 345 2562 401 Ill.
2600 375 2665 383 —
2707 344 3125 402 EXEG’ETICA.

3718 349 3820 407 293

557 480 708 539 pere,
764 478 866 519 non
924 463 977 517 in
1026 477 1085 519 se
1136 472 1420 520 venturam
1469 479 1590 519 esse
1631 465 1946 534 sperabant,
1996 467 2132 536 quod

2243 462 2383 519 εἶναι
2416 468 2481 539 τῇ
2533 467 2887 540 ἀντικειμένῃ
2925 466 3153 539 δυνάμει
3183 467 3278 521 καὶ
3312 466 3458 540 αύτῷ
3485 466 3570 539 τῷ
3592 466 3821 543 θανάτῳ,

557 558 659 629 ipsi
697 557 1026 612 adversaria:
1073 559 1332 628 potestati
1390 566 1443 612 et
1491 556 1654 612 morti
1702 558 1940 611 amicitia
1965 557 2138 624 juncti

554 660 777 705 essent:
809 649 931 706 ideo
963 669 981 702 ‹
1012 650 1215 711 audite.
1243 669 1261 703 ι
1299 650 1498 719 inquit,
1539 667 1560 702 ‹
1590 650 1813 705 verbum
1849 649 2079 704 Domini.
2115 668 2133 702 ι

627 741 790 795 Vens.
822 741 912 795 16.
954 759 974 794 ι
1000 740 1294 811 Propterea
1347 741 1463 797 haec
1502 740 1635 796 dicit
1665 741 1971 796 Dominus:
2004 742 2141 799 Ecce

553 844 654 901 ego
677 832 966 887 innuittam
1013 834 1064 888 in
1112 832 1461 888 fundamenta
1508 833 1639 889 Sion
1666 832 1900 903 lapidem
1934 836 2142 905 pretio-

552 937 697 990 sum,
750 925 1006 992 electum,
1059 926 1396 997 angularem,
1453 926 1834 982 houorabilem
1866 927 1917 981 in
1948 928 2141 983 funda-

554 1028 734 1073 menta
767 1018 925 1087 eius:
961 1028 1015 1075 et
1046 1021 1137 1089 qui
1167 1019 1465 1075 crediderit
1508 1019 1562 1074 iu
1611 1034 1698 1087 eo,
1758 1035 1864 1074 non
1898 1019 2142 1075 confun-

554 1108 739 1167 detur.
784 1129 803 1163 ι
867 1112 977 1167 Vos
1029 1112 1251 1181 quidem
1295 1112 1528 1179 primum
1575 1114 1730 1167 vobis
1786 1115 2137 1183 praedicatam

557 1204 789 1272 gratiam
830 1219 937 1259 non
971 1202 1293 1272 suscepistis
1329 1220 1343 1258 :
1380 1218 1479 1273 ego
1510 1218 1639 1258 vero
1683 1202 1921 1274 lapidem
1959 1221 2137 1259 meum

555 1296 854 1363 pretiosum
898 1304 953 1351 et
998 1295 1375 1351 lionorabilem
1426 1296 1479 1349 in
1535 1296 1748 1366 angulis
1774 1298 2137 1363 constituens,

552 1387 826 1441 excelsum
865 1402 1013 1451 eum,
1048 1387 1339 1451 illustrem,
1382 1389 1746 1459 omnibusque
1796 1390 1918 1444 aliis
1966 1394 2142 1444 mani-

551 1477 748 1532 festum
787 1478 1009 1542 faciam,
1052 1488 1111 1533 ut
1140 1479 1389 1551 quisquis
1423 1480 1475 1534 in
1503 1480 1674 1549 ipsum
1717 1482 2031 1549 crediderit,
2074 1500 2140 1538 ne

552 1582 647 1637 spe
683 1568 915 1623 labatur.
970 1569 1125 1625 Hunc
1168 1585 1334 1639 porro
1384 1572 1617 1639 lapidem
1669 1572 1723 1627 in
1772 1573 2140 1631 fundamentis

554 1660 685 1713 Sion
732 1675 790 1715 se
820 1661 1124 1729 positurum
1176 1662 1487 1731 pollicetur,
1523 1664 1667 1735 quod
1724 1667 1889 1721 etiam
1934 1668 2134 1735 effecit,

552 1766 676 1805 cum
711 1753 814 1808 hoc
839 1754 1044 1809 dictum
1094 1756 1408 1825 complevit,
1458 1776 1476 1809 ι
1510 1757 1685 1829 Supra
1730 1769 1939 1828 petram
1966 1761 2133 1816 :cdifi-

2242 561 2429 631 φησιν,
2465 578 2484 612 ι
2515 560 2785 614 ἀκούσατε
2819 561 2977 629 λόγον
3008 561 3235 632 Κυρίου.
3278 579 3299 613 ι

2319 761 2337 793 ι
2367 742 2467 796 Διά
2486 742 2642 797 τοῦτο
2665 743 2792 798 τάδε
2834 742 2983 813 λέγει
3015 743 3236 817 Κύριοςο
3277 745 3408 800 Ἰδοὺ
3446 745 3563 815 ἐγὼ
3607 747 3825 818 ἐμϐαλῶ

2242 837 2322 900 είς
2347 836 2415 890 τὰ
2445 836 2670 908 θεμέλια
2704 837 2845 891 Σιὼν
2868 838 3013 892 λίθον
3043 838 3330 911 πολυτελῆ,
3362 839 3639 904 ἐκλεκτὸν,
3661 842 3826 914 ἀκρο-

2242 931 2515 997 γωνιαῖον,
2568 928 2788 1000 ἔντιμον
2837 931 2916 995 είς
2940 931 3010 985 τὰ
3058 930 3285 1003 θεμέλια
3315 932 3505 1003 αὐτῆς
3540 934 3633 987 καὶ
3662 936 3694 987 6
3741 952 3827 987 πι-

2244 1020 2449 1074 στεύων
2483 1023 2569 1074 ἐπ¹
2601 1021 2774 1092 αύτῷ,
2806 1022 2868 1075 ού
2902 1022 2977 1094 μὴ
3010 1023 3401 1095 καταισχυνθῇ.
3439 1043 3457 1075 ι
3518 1024 3707 1096 Ὑμεῖς
3732 1027 3829 1096 μὲν

2241 1113 2303 1165 ού
2333 1112 2703 1184 παρεδέξασθε
2749 1113 2850 1185 τὴν
2878 1113 3110 1184 πρώτως
3137 1116 3267 1186 ύμῖν
3294 1115 3828 1185 κατεπαηελθεῖσαν

2241 1202 2422 1273 χάριν·
2472 1202 2581 1271 ἐγὼ
2630 1203 2686 1256 δὲ
2719 1203 2810 1257 τὸν
2844 1205 3081 1275 ἐμαυτοῦ
3106 1204 3255 1259 λίθον
3294 1206 3387 1259 τὸν
3414 1206 3676 1278 πολυτελῆ
3735 1208 3829 1260 καὶ

2240 1296 2420 1365 τίμιον
2448 1298 2506 1349 ἐν
2542 1296 2907 1369 ἀκρογωνίαις
2944 1297 3183 1362 ἀναθεὶς,
3210 1298 3412 1370 ὑψηλὸν
3436 1301 3534 1353 καὶ
3562 1301 3825 1372 ἐπιφανῆ,

2242 1390 2463 1453 καὶτοῖς
2485 1389 2665 1454 ἄλλοις
2687 1393 2853 1445 πᾶσιν
2888 1390 3111 1461 ἔκδηλον
3139 1394 3371 1463 ποιήσω,
3404 1393 3552 1456 ὅπως
3581 1396 3689 1458 πᾶς
3737 1396 3828 1447 ἐπ’

2242 1480 2402 1532 αὑτὸν
2437 1480 2710 1534 πιστεύων
2762 1480 2836 1552 μὴ
2887 1481 3096 1554 ἐκπέσῃ
3128 1482 3225 1552 τῆς
3258 1481 3499 1546 ἐλπίδος.
3527 1482 3727 1536 Τοῦτον
3774 1484 3830 1537 δέ

2241 1572 2331 1625 τὸν
2356 1573 2502 1626 λίθον
2520 1573 2915 1642 ἐπαγγέλλεται
2940 1573 3126 1645 θήσειν
3156 1575 3236 1637 είς
3262 1575 3330 1626 τὰ
3363 1573 3591 1645 θεμέλια
3622 1575 3787 1639 Σιὼν,
3804 1576 3831 1629 δ

2239 1665 2304 1737 δὴ
2359 1667 2452 1719 καὶ
2497 1666 2643 1738 ἔργῳ
2677 1666 2997 1736 πεποίηκεν,
3044 1664 3213 1717 εἰπὼν
3247 1666 3340 1719 καὶ
3387 1666 3703 1732 ἐπιτελέσας
3743 1668 3829 1733 τύ,

2246 1776 2263 1806 ι
2302 1757 2424 1810 Ἐπὶ
2444 1757 2542 1829 τὴν
2570 1758 2777 1829 πέτραν
2800 1757 3136 1829 οἰκοδομήσω
3163 1774 3263 1828 μου
3292 1757 3388 1829 τὴν
3417 1758 3765 1831 Ἐκκλησίαν.
3806 1779 3825 1813 ο

553 1845 687 1901 cabo
728 1846 1029 1902 Ecclesiain
1061 1864 1236 1902 meam
1271 1850 1339 1904 ".
1372 1869 1392 1902 ι
1429 1849 1565 1903 Nam
1604 1862 1843 1907 montem
1872 1853 2002 1908 Sion
2040 1870 2132 1924 pro

2241 1845 2380 1900 Σιὼν
2424 1847 2534 1919 γὰρ
2578 1847 2703 1921 ὅρος
2748 1848 2810 1901 τὸ
2852 1848 3206 1917 εύαγγελικὸν
3252 1852 3535 1921 κήρυγμα,
3588 1829 3683 1905 καὶ
3737 1853 3831 1905 ἐπὶ

551 1940 862 2008 evangelica
890 1939 1297 2009 praedicatione,
1335 1951 1391 1996 et
1424 1958 1521 2011 pro
1552 1941 1795 1998 Ecclesia
1832 1958 1993 2012 supra
2015 1960 2136 1999 eam

551 2029 774 2085 fundata
824 2032 1150 2102 plerumque
1195 2034 1532 2103 accepimus.
1583 2033 1743 2089 Hunc
1794 2051 1957 2105 porro
1999 2036 2136 2106 lapi-

550 2124 672 2178 dem
702 2125 1024 2193 pretiosum,
1072 2124 1306 2180 electum
1347 2134 1401 2179 et
1450 2124 1826 2180 bonorabilem
1860 2129 1912 2180 in
1946 2126 2138 2182 funda-

548 2227 728 2271 menta
787 2216 1039 2272 Ecclesiae
1079 2233 1142 2272 se
1192 2217 1497 2286 positurum
1552 2218 1857 2288 promittit;
1904 2218 2136 2288 indeque

547 2316 631 2362 est
667 2309 809 2378 quod
862 2310 1142 2379 angularis
1175 2318 1232 2363 et
1265 2300 1515 2365 summus
1561 2310 1847 2380 angularis
1886 2322 2132 2368 vocetur.

548 2398 852 2457 Humanum
884 2410 1066 2457 autem
1102 2402 1405 2457 Salvatoris
1462 2402 1633 2455 nostri
1683 2418 1881 2471 corpus
1915 2402 2005 2471 sic
2033 2418 2133 2456 vo—

550 2495 667 2550 cari
706 2494 900 2565 potuit,
928 2493 1214 2563 quoniam.
1267 2493 1571 2548 secundum
1607 2493 1911 2558 Danielem,
1946 2511 1965 2543 ι
1998 2491 2135 2560 lapis

545 2585 759 2642 excisus
785 2586 905 2641 sine
936 2587 1212 2649 manibus,
1252 2604 1271 2639 ι
1311 2586 1463 2640 visus
1492 2584 1628 2651 fuit;
1661 2585 1734 2639 ita
1768 2594 1827 2638 ut
1856 2584 1992 2653 lapis
2015 2588 2135 2654 qui-

547 2678 667 2733 dem
691 2694 789 2749 pro
819 2679 1057 2733 humano
1085 2692 1335 2747 corpore,
1368 2690 1526 2731 mons
1556 2691 1656 2746 pro
1679 2674 1983 2730 Salvatoris
2014 2676 2129 2732 dei-

548 2780 678 2836 tate,
716 2771 1073 2842 intelligatur.

615 2862 783 2918 Vsus.
814 2864 902 2920 17.
940 2882 957 2915 ι
987 2862 1055 2917 Ει
1082 2878 1278 2933 ponam
1307 2860 1574 2929 judicium
1606 2861 1658 2915 in
1695 2876 1877 2931 spem:
1923 2861 2135 2918 miseri-

546 2954 732 3009 cordia
760 2962 945 3009 autem
994 2969 1112 3008 mea
1161 2954 1215 3007 iu
1267 2954 1549 3021 pondera;
1585 2961 1642 3007 et
1674 2954 1769 3023 qui
1806 2954 1970 3010 iiditis
2018 2953 2135 3010 fru-

545 3055 655 3102 str-a
688 3046 993 3119 mendacio,
1046 3046 1175 3115 quia
1233 3060 1340 3100 non
1397 3046 1755 3114 pertransibit
1797 3061 1894 3101 vos
1921 3056 2130 3117 tempe-

545 3145 679 3191 stas.
713 3155 733 3189 ι
779 3136 1089 3191 Secundum
1120 3138 1359 3207 reliquos
1399 3148 1580 3193 autem
1619 3141 1952 3207 interpretes
1987 3158 2006 3191 ι
2038 3142 2128 3210 qui
2159 3171 2201 3227 ο

546 3229 739 3293 credit,
775 3245 882 3284 non
925 3228 1227 3284 festinabit.
1264 3249 1283 3282 ι
1322 3229 1459 3284 Nam
1505 3231 1598 3301 qui
1650 3232 1847 3297 credit,
1877 3248 2130 3300 perseve-

542 3330 730 3377 ranter
758 3331 899 3391 aget,
927 3338 1039 3376 rem
1074 3323 1241 3377 verbo
1271 3323 1597 3394 promissam
1648 3332 1993 3393 exspectans.
2029 3325 2128 3381 Hic

545 3430 673 3468 vero
706 3415 843 3484 lapis
874 3414 1057 3482 fuerit,
1095 3414 1320 3485 ipsaque
1348 3425 1501 3484 petra
1535 3414 1603 3470 de
1629 3429 1736 3485 qua
1778 3414 2031 3470 Salvator
2050 3416 2129 3470 di-

543 3505 724 3572 ccbat,
768 3527 785 3560 ι
822 3507 998 3577 Super
1047 3509 1186 3562 hanc
1232 3517 1443 3577 petram
1491 3507 1774 3564 aedificabo
1826 3508 2127 3564 Ecclesiam

543 3615 742 3655 meam.
778 3619 798 3653 ι
834 3599 931 3655 llic
967 3599 1125 3670 lapis,
1155 3600 1240 3654 vel
1275 3616 1396 3655 cum
1419 3599 1712 3670 iudicabit,
1746 3618 1998 3672 magnam
2038 3603 2126 3667 iis,

544 3693 611 3749 de
640 3692 838 3762 quibus
874 3692 1142 3761 judicium
1196 3693 1524 3760 instituitur,
1558 3709 1710 3765 spem
1747 3695 1963 3762 aﬂ’eret,
2000 3698 2127 3767 quia

542 3789 669 3860 ipsi,
691 3789 1001 3861 justissimo
1037 3790 1275 3859 pondere
1319 3798 1375 3841 et
1419 3804 1698 3855 mensura,
1752 3787 2127 3844 misericordia

540 3883 896 3953 adiungitur;
928 3881 1283 3950 quamobrem
1320 3879 1523 3933 dicitur
1550 3896 1564 3933 :

616 3974 777 4029 Vens.
815 3974 902 4027 18.
946 3990 965 4023 ι
1000 3972 1372 4027 Misericordia
1411 3981 1592 4024 autem
1627 3984 1745 4024 mea
1777 3968 1831 4023 in
1862 3970 2125 4041 pondera.

540 4068 608 4124 Et
648 4084 753 4121 non
781 4065 993 4119 auferet
1040 4064 1193 4118 vobis
1240 4073 1630 4118 testamentum
1662 4063 1884 4118 mortis;
1922 4076 1977 4117 et
1999 4078 2127 4131 spes

538 4165 721 4213 vestra
762 4158 816 4211 in
851 4156 1149 4221 infernum,
1182 4170 1289 4209 non
1322 4155 1665 4224 permanebit
1692 4172 1705 4208 :
1760 4154 1997 4223 procella
2030 4171 2125 4210 ve-

540 4251 696 4307 niens
724 4250 769 4305 si
799 4247 1102 4315 transierit,
1148 4248 1305 4319 eritis
1340 4248 1415 4301 illi
1466 4248 1520 4301 in
1567 4247 2058 4302 conculcatimnein.
2092 4267 2111 4300 ι

538 4343 617 4402 Ne
642 4359 738 4399 vos
773 4342 874 4412 ipsi
915 4340 1221 4412 decipiatis,
1283 4339 1480 4410 inquit,
1523 4339 1817 4395 dicentes:
1858 4342 2123 4406 Quoniam

539 4437 734 4493 mortis
768 4434 931 4491 amici
962 4449 1194 4502 ,sumus,
1243 4448 1350 4488 non
1384 4433 1552 4486 irruct
1583 4431 1637 4485 in
1663 4446 1763 4486 nos
1808 4440 2121 4500 tempestas,

2238 1938 2414 2010 τούτῳ
2446 1939 2919 2011 τεθεμελιωμένην
2963 1941 3289 2013 Ἐκκλησίαν
3325 1943 3584 2008 πολλάκις
3621 1944 3829 2017 ἐξειλή-

2241 2046 2437 2101 φαμεν.
2471 2030 2745 2102 Πολυτελῆ
2773 2032 2829 2085 δὲ
2855 2034 2984 2085 ὄντα
3006 2032 3099 2085 τὸν
3149 2032 3294 2087 λίθον
3320 2032 3508 2086 τοῦτον
3536 2035 3629 2088 καὶ
3673 2035 3830 2089 ἐκλε-

2239 2120 2364 2173 κτὸν
2403 2122 2494 2174 καὶ
2534 2122 2714 2192 τίμιον
2749 2122 2936 2193 θήσειν
2969 2125 3049 2187 είς
3092 2123 3159 2176 τὰ
3201 2122 3431 2193 θεμέλια
3457 2124 3554 2195 τῆς
3597 2125 3832 2197 Ἐκκλη-

2241 2214 2359 2277 σίας
2392 2214 2811 2282 ἐπαγγέλλεται·
2846 2215 3095 2269 ἐντεῦθεν
3146 2220 3399 2285 γωνιαῖος
3449 2216 3543 2270 καὶ
3578 2218 3827 2289 ἀκρογω-

2236 2308 2405 2370 νιαῖος
2433 2306 2710 2376 κέκληται.
2753 2308 2851 2378 Εῖη
2883 2307 2926 2360 δ’
2960 2308 3025 2361 ἂν
3049 2308 3109 2360 τὸ
3148 2308 3485 2381 ἀνθρώπινον
3516 2310 3609 2363 τοῦ
3644 2312 3832 2384 Σωτῆ-

2246 2415 2336 2469 ρος
2366 2397 2524 2469 ἡμῶν
2556 2399 2727 2463 οὕτως
2759 2398 3145 2470 ὠνομασμένον
3180 2400 3358 2472 σῶμα·
3389 2404 3517 2455 ἐπεὶ
3556 2404 3652 2457 καὶ
3685 2406 3833 2458 κα.τᾶ

2238 2492 2329 2544 τὸν
2366 2492 2587 2564 Δανιὴλ,
2622 2511 2638 2545 ι
2684 2493 2828 2557 λίθος
2863 2494 3093 2563 τμηθεὶς
3130 2495 3258 2549 ἀνευ
3294 2496 3491 2570 χειρῶν
3532 2517 3551 2548 ι
3592 2500 3833 2570 ἐωρᾶτω

2234 2584 2383 2637 λίθου
2416 2586 2514 2656 μὲν
2538 2584 2633 2639 τοῦ
2667 2585 3009 2657 ἀνθρωπίνου
3035 2589 3326 2660 νοουμένου
3358 2589 3629 2661 σώματος·
3663 2592 3830 2663 ὄρους

2234 2676 2290 2729 δὲ
2324 2678 2423 2747 τῆς
2457 2679 2594 2732 κατὰ
2619 2679 2707 2731 τὸν
2741 2680 2971 2750 Σωτῆρα
3006 2680 3278 2753 θεότητος.

2311 2876 2327 2907 ι
2370 2857 2480 2911 Καὶ
2508 2856 2656 2930 θήσω
2708 2858 2889 2930 κρίσιν
2930 2859 3009 2921 είς
3060 2860 3281 2914 ἐλπίδα.⁶
3316 2860 3433 2931 ἡ»δέ
3472 2858 3829 2931 ἐλεημοσύνη

2238 2968 2339 3021 μου
2374 2952 2453 3013 εἱς
2485 2950 2787 3021 σταθμοὺς,
2818 2952 2912 3004 καὶ
2952 2953 3002 3005 οἱ
3034 2953 3355 3017 πεποιθότες
3390 2954 3568 3024 μάτην
3611 2952 3828 3022 ψεύδει,

2233 3043 2315 3095 ὃτι
2360 3044 2422 3095 οὐ
2470 3045 2544 3114 μὴ
2592 3043 2839 3117 παρέλθῃ
2874 3046 3019 3115 ὑμᾶς
3048 3046 3320 3115 καταιγίς.
3362 3066 3380 3097 ι
3410 3046 3569 3099 Κατά
3605 3047 3664 3098 δὲ
3698 3047 3837 3109 τοὺς

2233 3136 2454 3201 λοιποὺς
2485 3138 2850 3208 ἐρμηνευτάς,
2873 3158 2889 3189 ι
2914 3142 2942 3192 6
2970 3138 3241 3192 πιστεύων
3279 3140 3339 3192 ού
3371 3139 3616 3193 σπεύσει.
3654 3160 3671 3190 ι
3697 3141 3831 3193 Ma-

2238 3229 2575 3301 κροθυμήσει
2625 3231 2734 3303 γάρ
2766 3233 2794 3284 ὁ
2829 3231 3123 3295 πιστεύων,
3173 3232 3483 3305 περιμένων
3516 3232 3613 3285 τοῦ
3660 3231 3838 3300 λόγου

2237 3322 2337 3392 τὴν
2371 3322 2722 3391 ἐπαγγελιαν.
2758 3319 2927 3388 Οὗτος
2956 3325 3001 3378 δ’
3025 3324 3091 3379 ἂν
3126 3324 3210 3396 εἴη
3239 3328 3265 3378 6
3292 3325 3459 3389 λίθος,
3503 3327 3532 3378 6
3572 3324 3743 3387 αὑτός
3772 3342 3831 3377 τε

2238 3411 2411 3483 πέτρα
2431 3454 2444 3475 ,
2491 3414 2618 3484 περὶ
2645 3408 2712 3485 ἦς
2744 3417 2772 3467 ὁ
2799 3415 2992 3486 Σωτὴρ
3029 3415 3181 3483 ἔλεγε
3205 3433 3221 3447 ·
3254 3434 3273 3467 ι
3323 3416 3445 3468 Ἐπὶ
3481 3415 3580 3487 τὴν
3614 3414 3838 3486 πέτραν

2235 3502 2439 3574 ταύτην
2472 3505 2812 3576 οἰκοδομήσω
2861 3524 2961 3577 μου
2995 3507 3095 3577 τὴν
3130 3507 3478 3578 Ἐκκλησίαν.
3516 3526 3535 3559 ι
3576 3501 3751 3570 Οὗτος
3805 3508 3833 3559 ὁ

2235 3597 2380 3661 λίθος
2410 3599 2502 3650 καὶ
2529 3598 2732 3669 κρίνων
2778 3599 2990 3666 ἀγαθὰς
3034 3600 3262 3670 παρέξει
3316 3601 3430 3664 τοῖς
3478 3603 3836 3673 κρινομένοις

2236 3688 2480 3753 ἐλπίδας,
2514 3690 2701 3761 ἐπειδὴ
2752 3691 3018 3761 συνῆπται
3079 3691 3232 3761 αὐτῷ
3285 3691 3625 3764 ἐλεημοσύνη
3683 3699 3840 3765 μετὰ

2234 3781 2573 3836 δικαιοτάτου
2608 3782 2852 3855 σταθμοῦ
2882 3785 2979 3838 καὶ
3007 3784 3207 3856 μέτρου
3234 3801 3246 3813 ⁸
3276 3783 3356 3837 διὸ
3385 3784 3659 3839 λέλεκται·

2312 4000 2332 4034 ‹
2366 3983 2495 4036 Ἡδὲ
2519 3983 2856 4057 ἐλεημοσύνη
2883 4005 2982 4059 μου
3006 4004 3087 4051 εις
3109 3988 3404 4059 σταθμούς.
3425 3989 3519 4061 Μὴ
3532 3991 3627 4045 καὶ
3647 3992 3835 4065 ἀφὲλῃ

2235 4071 2389 4143 ὑμῶν
2422 4072 2520 4145 τὴν
2565 4074 2830 4146 διαθήκην
2860 4075 2954 4129 τοῦ
2987 4076 3218 4129 θανάτου
3242 4091 3257 4105 ⁹
3297 4078 3444 4149 καὶὴ
3475 4078 3629 4142 ἐλπὶς
3670 4080 3842 4152 ὑμῶν

2233 4167 2267 4237 ὴ
2300 4166 2433 4237 πρὸς
2472 4168 2562 4221 τὸν
2763 4172 2823 4222 οὐ
2859 4170 2931 4241 μὴ
2962 4172 3217 4243 ἐμμείνῃ.
3246 4173 3512 4241 Καταιγὶς
3546 4176 3835 4248 φερομένη

2234 4257 2328 4310 ἐὰν
2358 4259 2579 4331 ἐπέλθῃ,
2617 4261 2807 4314 ἔσεσθε
2831 4264 2968 4333 αὐτῇ
3001 4268 3080 4326 είς
3116 4264 3515 4336 καταπάτημα.
3544 4284 3561 4316 ι
3596 4266 3691 4337 Μὴ
3716 4267 3837 4338 γὰρ

2234 4348 2476 4413 ἑαυτοὺς,
2506 4351 2689 4419 φησὶν,
2727 4351 2970 4405 ἁπατᾶτε
3006 4353 3571 4425 φάσκοντες-Ἐπειδὴ
3608 4354 3688 4424 τῷ
3726 4355 3832 4409 θα-

2232 4438 2376 4510 νάτῳ
2408 4440 2794 4513 ἐφιλιὼθημεν,
2818 4444 2878 4496 ού
2920 4444 2993 4516 μὴ
3017 4444 3219 4518 ἐπέλθῃ
3252 4446 3336 4515 ἐφ’
3366 4447 3513 4517 ἡμᾶς
3538 4448 3828 4517 καταιγὶς,

539 4548 641 4588 nec
671 4530 947 4601 quidpiam
981 4527 1185 4584 doloris
1214 4525 1581 4596 experiemur.
1610 4522 1832 4585 Verum,
1852 4525 1987 4578 beus
2008 4540 2124 4594 vos,

2236 4530 2351 4583 ούδέ
2402 4531 2853 4605 πειραθησόμεθά
2892 4553 3038 4598 τινος
3094 4535 3360 4607 λυπηροῦ.
3407 4536 3661 4590 Ἀκούετε
3715 4537 3840 4606 γὰρ

535 4618 647 4694 iam
680 4610 949 4680 auditeet
981 4619 1231 4683 ediscite,
1259 4616 1352 4687 qui
1389 4615 1678 4670 mendacio
1708 4613 1893 4680 fiditis,
1921 4614 2127 4669 dicitis-

537 4732 668 4791 que,
734 4734 754 4769 ‹
812 4714 1100 4770 Posuimus
1153 4708 1499 4766 mendacium
1549 4723 1701 4779 spem
1750 4718 2017 4775 nostrain,
2073 4717 2129 4765 et

540 4809 827 4866 mendacio
885 4816 1234 4879 protegemur
1264 4820 1280 4869 ;
1316 4822 1337 4856 ›
1387 4802 1622 4873 procella
1674 4801 1983 4871 irrumpens
2025 4818 2126 4859 ne-

541 4917 814 4972 quaquam
868 4916 962 4956 vos
1012 4897 1352 4971 praeteribit;
1390 4896 1487 4951 sed
1519 4904 1757 4949 vestrum
1786 4910 1909 4949 cum
1950 4904 2127 4951 morte

540 5001 759 5064 pactum
790 4990 1022 5055 auferet,
1067 5005 1132 5045 ac
1181 5002 1307 5061 spes
1355 4995 1558 5051 vestra,
1592 5001 1754 5055 quam
1808 4986 1863 5040 in
1914 4986 2127 5044 inferno

542 5072 837 5154 repositam
870 5083 1175 5147 habebatis,
1225 5098 1331 5138 non
1386 5080 1648 5136 manebit.
1693 5078 1975 5149 Siquidem
2025 5081 2128 5134 im-

541 5177 750 5233 becilla:
778 5178 855 5233 rei
892 5191 987 5232 vos
1016 5175 1456 5240 eonercdidistis,
1489 5189 1613 5229 cum
1647 5172 1702 5228 in
1747 5180 1923 5226 morte
1953 5183 2011 5227 et
2044 5172 2127 5226 in-

544 5270 697 5324 ferno
724 5284 875 5340 spem
905 5277 1145 5323 vestram
1182 5268 1539 5339 apposuistis.

619 5359 779 5417 Vitas.
808 5358 991 5425 1930.
1030 5377 1050 5411 ι
1080 5359 1217 5416 Cum
1252 5361 1557 5428 transierit,
1594 5359 1746 5417 tollet
1775 5373 1868 5414 vos
1900 5375 1916 5412 :
1946 5372 2124 5423 mane,

542 5466 723 5517 mane,
756 5452 1011 5506 transibit
1047 5452 1100 5507 in
1146 5452 1253 5517 die,
1293 5464 1349 5507 et
1383 5454 1437 5508 in
1474 5463 1633 5509 nocte
1661 5454 1766 5508 erit
1801 5466 1927 5522 spes
1960 5450 2122 5531 mala.

542 5540 744 5599 Discite
775 5550 834 5598 ut
860 5543 1114 5598 audiatis.
1169 5544 1229 5599 In
1268 5546 1532 5615 angustiis
1572 5547 1730 5617 positi
1782 5562 1888 5602 non
1936 5558 2126 5614 possu-

542 5647 662 5687 mus
708 5648 1003 5705 pugnare:
1060 5636 1162 5708 ipsi
1208 5649 1391 5694 autem
1447 5638 1646 5694 infirmi
1688 5654 1901 5705 sumus,
1941 5649 1999 5693 ut
2027 5651 2123 5691 vos

540 5728 965 5799 congregemini.
1012 5746 1031 5780 ι
1079 5728 1211 5784 Nam
1272 5732 1316 5787 si
1382 5730 1721 5800 voluissetis,
1770 5732 1824 5787 in
1878 5730 2125 5802 portione

618 5839 664 5873 “
691 5838 883 5899 Matth.
933 5856 1046 5907 xvr,
1074 5841 1158 5897 l8.

2234 4625 2483 4679 ἐντεῦθεν
2511 4626 2612 4699 ἤδη
2658 4628 2751 4681 καὶ
2783 4629 3104 4699 μανθάνετε,
3146 4623 3191 4683 ὦ
3235 4623 3382 4683 οὗτοι
3416 4630 3465 4682 οἱ
3498 4629 3841 4693 πεποιθότες

2232 4713 2309 4784 τῷ
2346 4714 2528 4783 ψεύδει
2570 4717 2663 4770 καὶ
2707 4718 3011 4790 εἰρηκότες,
3054 4738 3071 4769 ι
3126 4719 3439 4791 Ἐθήκαμεν
3482 4718 3683 4789 ψεῦδος
3726 4719 3837 4789 τὴν

2234 4808 2423 4863 ἐλπίδα
2451 4811 2629 4882 ἡμῶν,
2663 4814 2757 4866 καὶ
2783 4812 2861 4884 τῷ
2893 4813 3078 4883 ψεύδει
3112 4813 3607 4885 σκεπασθησόμεθα
3627 4830 3641 4843 ο
3676 4832 3696 4864 ι
3743 4814 3837 4867 ὅτι

2233 4905 2487 4972 καταιγὶς
2531 4904 2877 4977 παρελθοῦσα
2914 4906 2985 4958 ού
3027 4904 3425 4977 παρελεύσεται
3470 4905 3616 4975 ὑμᾶς
3641 4920 3659 4934 ο
3685 4904 3837 4959 ἀλλὰ

2231 4992 2422 5064 ἀφελεῖ
2448 4997 2601 5068 ὑμῶν
2627 4998 2728 5069 τὴν
2768 5000 2906 5072 πρὸς
2935 4999 3027 5052 τὸν
3060 4998 3292 5051 θάνατον
3325 4997 3620 5068 συνθήκην,
3652 4999 3755 5050 καὶ
3798 5001 3834 5067 ἡ

2233 5088 2388 5155 ἐλπὶς
2416 5090 2572 5162 ὑμῶν
2598 5094 2633 5165 ἡ
2667 5094 2804 5165 πρὸς
2831 5093 2922 5147 τὸν
2956 5092 3090 5164 ᾅδην
3118 5092 3180 5145 οὐ
3224 5091 3299 5164 μὴ
3324 5090 3580 5163 ἐμμείνῃ.
3628 5089 3839 5161 Σαθρῷ

2233 5182 2343 5255 γάρ
2375 5186 2662 5257 πράγματι
2697 5189 2921 5253 ἑαυτοὺς
2950 5186 3332 5251 ἐπιστεύσατε,
3352 5178 3570 5257 θανάτῳ
3598 5185 3696 5239 καὶ

2126 5288 2127 5291 ‘
2233 5272 2334 5338 τὰς
2363 5275 2635 5347 ὑμετέρας
2662 5276 2879 5342 ἐλπίδας
2899 5274 3323 5350 ἀναρτήσαντες.

2312 5384 2331 5417 ι
2366 5367 2535 5421 Ὅταν
2552 5368 2823 5443 παρέλθῃ,
2856 5369 3087 5441 λήψεται
3110 5371 3274 5441 ὑμᾶς·
3323 5367 3471 5442 πριιιῖ
3496 5367 3644 5439 πρωῒ
3684 5374 3835 5440 παρ-

2226 5448 2515 5513 ελεύσεται
2550 5461 2786 5535 ἡμέρας,
2817 5463 2912 5517 καὶ
2946 5463 3005 5514 ἐν
3032 5463 3188 5516 νυκτὶ⁵
3218 5462 3369 5516 ἕσται
3395 5461 3549 5525 ἐλπὶς
3577 5461 3826 5531 πονηρά.

2232 5547 2447 5602 Μάθετε
2476 5548 2715 5607 ἀκούειν.
2747 5553 3265 5627 Στενοχωρούμενοι,
3298 5552 3360 5606 οὐ
3403 5549 3682 5621 δυνάμεθα
3710 5550 3831 5620 μά-

2230 5639 2423 5710 χεσθαι
2441 5659 2456 5674 ’
2486 5644 2641 5698 αὐτοὶ
2667 5645 2723 5699 δέ
2750 5644 3084 5717 ἀσθενοῦμεν
3114 5645 3208 5699 τοῦ
3242 5646 3385 5716 ὑμᾶς
3410 5642 3773 5713 συναχθῆναι.
3808 5636 3832 5695 ὑ

2234 5735 2298 5790 Εἰ
2334 5737 2443 5811 γὰρ
2473 5739 2716 5811 ἐθέλητε,
2746 5742 2837 5795 καὶ
2865 5742 2923 5793 ἐν
2946 5742 3012 5811 τῇ
3049 5738 3224 5811 μερίδι
3258 5739 3349 5792 τοῦ
3376 5736 3510 5790 Θεοῦ
3545 5730 3837 5807 συναχθῇ-ι
