4158 6402
321 355 432 412 293

1241 342 1749 401 COMMENTARIA
1786 340 1862 396 IN
1896 338 2154 397 ISAIAM.
2195 369 2264 381 --
2301 338 2453 394 CAP.
2495 335 2728 393 XXVIII.
2782 387 2784 390 .
2843 387 2852 396 .

3474 332 3582 390 195

320 464 503 529 0560s,
535 460 628 516 καὶ
661 460 762 513 οὐκ
795 458 1122 529 ἀσθενήσετι
1152 456 1292 526 ὑπερ
1329 453 1611 518 εὐσεϐείας
1640 453 1902 523 ἀγωνιζόο
1928 502 1935 513 ,

2018 451 2100 506 Dei
2132 448 2449 520 congregati
2485 447 2749 513 fuissetis,
2789 457 2888 500 nec
2935 443 2989 499 in
3035 457 3214 516 pugna
3249 456 3348 513 pro
3380 443 3582 514 pietate

325 574 475 632 μενοι
497 571 510 584 ·
538 551 801 624 ἐπειδὴδὲ
821 551 1039 614 ἔχοντες
1063 549 1141 620 τῷ
1164 549 1380 620 θανάτῳ
1406 548 1501 602 καὶ
1526 547 1606 618 τῷ
1639 546 1738 618 ᾅδῃ
1772 548 1900 600 ἑαυ-

319 649 449 713 τοὺς
477 641 991 719 προπκληρὼσατε,
1017 639 1334 711 γινώσκετε,
1369 640 1450 693 ὅτι
1478 638 1579 710 ήδη
1609 639 1736 709 ὑμῖν
1769 639 1900 690 επε-

319 737 571 794 λεύσεται
595 734 754 797 αὐτὸς
776 735 806 786 ό
824 732 1048 804 Κύριος,
1065 732 1285 799 ὲπάγων
1309 729 1428 784 καθ’
1447 729 1476 780 ὑ
1484 728 1600 800 μῶν
1624 726 1792 800 ὀργὴν
1816 727 1903 780 διά

321 831 393 884 τά
423 827 794 901 προλεχθέντα
822 824 1018 878 πάντα.

402 963 426 996 ιΔ
463 943 675 1011 Ὥσπερ
701 939 825 1011 ὅρος
857 936 1068 991 ἀσεϐῶν
1104 937 1470 1007 ἀναστήσεται
1519 933 1759 1007 Κύριος,
1810 932 1904 987 καὶ

323 1037 478 1090 ἔσται
510 1037 568 1088 ὲν
593 1036 662 1104 τῇ
695 1031 940 1102 φάραγγι
970 1028 1228 1082 Γαϐαώνσ
1281 1029 1418 1101 μετά
1466 1027 1638 1098 θυμοῦ
1688 1031 1904 1096 ποιήσει

325 1126 395 1181 τὰ
425 1125 561 1196 ἔργα
595 1121 782 1186 αὐτοῦ,
818 1120 1046 1191 πικρίας
1077 1118 1258 1190 ἔργον.
1299 1138 1317 1170 ι
1350 1118 1582 1190 Πικρίας
1608 1118 1745 1190 ἔργα
1790 1121 1905 1181 τοῖς

324 1220 594 1292 δεηθεῖσιν
608 1217 798 1287 ὥσπερ
821 1213 1092 1268 ἀντιδότου
1110 1213 1312 1284 πικρᾶς
1325 1211 1414 1264 διὰ.
1430 1211 1527 1283 τὴν
1542 1209 1904 1280 ὑποκειμένην

325 1313 504 1368 αὐτῶν
533 1314 599 1383 τῇ
628 1311 772 1381 ψυχῇ
792 1307 1010 1362 κακίαν.
1024 1305 1227 1376 Πικρία
1247 1304 1301 1358 δὲ
1321 1303 1416 1358 καὶ
1434 1304 1572 1375 ὀργὴ
1587 1303 1681 1356 καὶ
1711 1302 1903 1373 θυμὸς,

326 1408 419 1462 καὶ
446 1407 515 1460 τὰ
534 1404 754 1459 τοιαῦτα
780 1401 1048 1472 λεγόμενα
1075 1399 1166 1452 ἐπὶ
1193 1396 1326 1452 Θεοῦ
1347 1396 1497 1450 οὐδὲν
1529 1396 1712 1466 ἕτερον
1745 1395 1778 1466 ἦ
1807 1394 1906 1458 τὰς

327 1497 471 1552 κατά
495 1496 604 1550 τῶν
635 1491 846 1548 ἀσεϐῶν
868 1490 1118 1552 κολάσεις
1142 1488 1240 1551 τὰς
1265 1489 1330 1540 ὲκ
1361 1483 1455 1538 τοῦ
1485 1484 1630 1538 θείου
1658 1485 1910 1553 δικαστη-

332 1591 450 1663 ρίου
473 1586 902 1658 ὲπελευσομένας
920 1582 1076 1638 εἴωθε
1099 1580 1404 1652 σημαίνειν.
1427 1599 1444 1629 ι
1469 1578 1527 1631 '0
1553 1577 1609 1630 δὲ
1626 1576 1793 1647 θυμὸς
1811 1579 1909 1630 αὑ-

329 1681 421 1734 τοῦ
477 1679 771 1750 ἀλλοτρίως
827 1678 1102 1748 χρήσεται,
1155 1671 1316 1743 καὶή
1359 1672 1563 1742 σαπρία
1597 1669 1760 1722 αὑτοῦ
1812 1669 1907 1721 ἀλ-

329 1774 516 1847 λοτρία
533 1792 545 1804 ο
582 1792 601 1825 ι

404 1903 424 1938 ι
461 1885 571 1939 Καὶ
613 1884 770 1954 ὑμεῖς
814 1881 889 1954 μὴ
925 1876 1336 1950 εὐφρανθείητε,
1367 1876 1500 1947 μηδὲ
1530 1875 1905 1946 ίσχυσάτωσαν

329 1976 362 2030 ὑ
368 1975 483 2046 μῶν
494 1976 542 2028 οἱ
557 1975 609 2028 δε
618 1973 759 2045 σμοί·
777 1972 910 2025 διότι
927 1968 1380 2039 συντετελεσμένα
1391 1967 1485 2021 καὶ
1496 1982 1682 2020 συντετ
1689 1982 1761 2037 μη
1770 1965 1907 2036 μένα

331 2068 633 2141 πράγματα
666 2066 875 2137 ήκουσα
885 2080 960 2117 πα
968 2061 1032 2135 ρὰ
1045 2061 1251 2133 Κυρίου
1269 2057 1517 2121 Σαϐαὼθ,
1534 2057 1570 2112 ἀ
1585 2058 1800 2128 ποιήσει
1815 2057 1908 2109 ἐπὶ

333 2162 510 2213 πᾶσαν
525 2160 623 2230 τὴν
639 2157 763 2227 γῆν.
785 2175 804 2207 ›
825 2155 976 2226 Μηδὲ
1000 2151 1369 2224 ίσχυσάτωσαν
1385 2151 1434 2204 οἱ
1454 2149 1611 2213 πόδες
1635 2147 1810 2219 ὑμῶν,
1827 2142 1908 2211 οἷς

334 2250 662 2321 κατεδήσατε
693 2249 916 2310 ἑαυτοὺς
947 2245 1212 2316 διαθήκην
1242 2241 1482 2315 μετάτοῦ
1507 2241 1738 2296 θανάτου
1754 2257 1909 2311 ποιη-

336 2341 558 2411 σάμενοι
584 2342 677 2394 καὶ
701 2338 840 2410 μετά
869 2337 962 2391 τοῦ
979 2337 1104 2409 ᾂδου
1136 2335 1405 2407 συνθήκας
1421 2352 1435 2366 ’
1457 2335 1571 2389 ἀλλ’
1600 2335 1652 2388 εί
1676 2351 1759 2395 τις
1781 2333 1908 2404 ὑμῖν

336 2435 451 2484 εστι
482 2431 756 2501 σωτηρίας
781 2429 957 2491 ἐλπὶς,
989 2426 1322 2500 διαρῤήξατε
1352 2425 1480 2489 τοὺς
1514 2424 1650 2497 πρὸς
1683 2423 1774 2476 τὸν
1815 2422 1910 2476 θά-

337 2538 495 2575 νατον
537 2519 795 2588 δεσμούς·
827 2520 1152 2589 ἀναχωρεῖτε
1185 2516 1242 2569 δὲ
1279 2515 1374 2569 καὶ
1408 2514 1509 2585 τῆς
1549 2513 1908 2586 νομιζομένης

334 2610 464 2680 ὑμῖν
493 2607 850 2680 εὐφροσύνης,
884 2607 983 2675 τῆς
1016 2623 1076 2658 τε
1105 2595 1440 2677 προσκαίρου
1486 2603 1767 2658 παύσασθε
1793 2603 1910 2674 ἡδο-

336 2702 454 2772 νῆς·
495 2700 700 2752 τούτων
721 2699 829 2768 γὰρ
861 2699 1042 2751 ὁποῖον
1061 2696 1211 2749 ἔσται
1247 2695 1308 2748 τὸ
1331 2694 1483 2757 τέλος
1529 2693 1908 2765 μεμαθήκατε.

336 2793 520 2850 Ταῦτα
550 2791 607 2845 δὲ
642 2792 716 2864 μὴ
745 2791 1002 2862 νομίσητε
1040 2789 1218 2856 λέγειν
1263 2788 1363 2858 ἐμὲ
1395 2786 1486 2840 τὸν
1518 2786 1839 2858 προφήτηνσ
1875 2783 1911 2838 ἀ

337 2885 443 2957 γὰρ
471 2885 679 2956 ἥκουσα
704 2881 881 2952 ψυχῆς
916 2883 1052 2952 ἀκοῇ
1101 2880 1383 2951 εἰρηκότος
1409 2877 1504 2932 τοῦ
1550 2878 1759 2948 Κυρίου
1804 2878 1910 2930 Σα-

337 2977 505 3042 ϐαὼθ,
553 2975 706 3029 ταῦθ’
729 2975 858 3045 ὑμῖν
913 2972 1257 3045 μεταδέδωκα
1280 2988 1293 3001 ·
1331 2969 1606 3041 ἠϐουλήθη
1636 2967 1746 3041 γὰρ
1769 2969 1914 3040 ὑμᾶς

342 3073 417 3142 μὴ
437 3072 649 3139 ἀγνοεῖν
684 3069 751 3122 τὰ
778 3067 905 3139 παρ’
935 3066 1082 3136 αὑτῷ
1113 3063 1471 3136 κεκρυμμένα
1499 3063 1594 3116 καὶ
1631 3062 1914 3133 ὡρισμένα

340 3165 430 3217 καὶ
455 3164 856 3232 συντεταγμένα
884 3162 1208 3231 πράγματα.

416 3275 435 3308 ι
487 3254 834 3319 Ἐνωτίζεσθε
876 3255 964 3310 καί
993 3252 1215 3308 ἀκούετε
1241 3251 1342 3321 τῆς
1368 3247 1552 3321 φωνῆς
1589 3265 1690 3318 μου
1713 3262 1727 3276 °
1754 3261 1920 3316 προσ-

342 3355 496 3422 έχετε
529 3351 622 3404 καὶ
650 3349 871 3403 ἀκούετε
895 3349 1021 3410 τοὺς
1038 3347 1229 3415 λόγους
1252 3361 1373 3415 μου.
1411 3361 1429 3394 ι
1460 3341 1559 3394 Διά
1593 3340 1692 3411 μὲν
1731 3337 1826 3392 τοῦ
1850 3339 1918 3407 τῇ

342 3445 490 3514 φωνῇ
517 3445 582 3514 τῇ
604 3442 669 3496 δι’
686 3442 845 3514 ἀέρος
862 3438 1136 3512 φερομένῃ
1153 3437 1222 3490 τά
1242 3430 1357 3489 ὦτα
1379 3433 1636 3505 παρέχειν
1651 3431 1712 3484 τὸ
1731 3429 1920 3484 ἐνωτί-

341 3533 524 3600 ζεσθαι
556 3531 729 3604 δηλῶν
753 3549 767 3562 °
794 3530 881 3584 διά
901 3531 957 3583 δὲ
983 3528 1078 3582 τοῦ
1114 3526 1330 3582 ἀκούειν
1356 3527 1451 3578 καὶ
1474 3522 1787 3593 πειθαρχεῖν
1810 3523 1921 3584 τοῖς

341 3625 646 3696 λεγομένοις
671 3624 731 3677 τὸ
762 3621 999 3676 ἀκούειν’
1025 3620 1111 3674 διὰ
1134 3620 1191 3673 δὲ
1202 3616 1293 3672 τοῦ
1306 3620 1445 3671 νοεῖν
1462 3617 1573 3680 τοῖς
1588 3613 1919 3684 σημαινομέ-

341 3735 450 3782 νοις
471 3719 562 3789 νοή
572 3715 831 3788 μασι,τὴν
853 3713 1125 3787 προσοχὴν
1141 3711 1236 3765 καὶ
1251 3710 1351 3782 τὴν
1368 3707 1602 3778 θεωρίαν
1619 3705 1915 3777 σημαίνων.

415 3829 434 3861 ι
479 3810 571 3881 Μὴ
625 3808 754 3879 ὃλην
813 3807 911 3877 τὴν
970 3804 1184 3876 ἡμέραν
1243 3795 1558 3873 ἀροτριάσει
1617 3794 1920 3870 ἁροτριῶν;

342 3901 376 3974 ἦ
408 3903 607 3973 σπόρον
657 3897 1065 3975 προετοιμάσει,
1117 3895 1244 3966 πρὶν
1294 3889 1629 3964 ἐργάσασθαι
1658 3888 1756 3960 τὴν
1783 3889 1920 3959 γῆν;

343 3995 456 4062 Οὐχ
505 3993 634 4044 ὅταν
659 3990 892 4061 όμαλίσῃ
926 3987 987 4041 τὸ
1016 3987 1308 4058 πρόσωπον
1332 3983 1520 4054 αὐτῆς,
1556 3981 1680 4034 τότε
1710 3979 1923 4050 σπείρει

347 4083 543 4154 μικρὸν
569 4079 848 4153 μελάνθιον
865 4079 898 4150 ἢ
917 4077 985 4131 κύ
995 4093 1175 4148 μινον;
1197 4074 1292 4127 καὶ
1313 4073 1472 4128 πάλιν
1498 4070 1712 4141 σπείρει
1729 4068 1921 4142 πυρὸν,

344 4177 438 4229 καί
464 4173 680 4247 κριθὴν,
706 4173 802 4226 καὶ
834 4170 1067 4241 κέγχρον
1093 4167 1188 4221 καὶ
1217 4164 1343 4230 ζέαν
1371 4168 1429 4218 ὲν
1449 4165 1561 4226 τοῖς
1582 4160 1754 4233 ὁρίοις
1779 4177 1871 4213 σου
1905 4175 1920 4224 ;

343 4268 434 4322 καὶ
470 4265 806 4336 παιδευθήσῃ
835 4262 1061 4335 κρίματι
1103 4257 1239 4313 Θεοῦ
1265 4275 1379 4318 σου,
1423 4254 1519 4309 καὶ
1551 4250 1919 4324 εὑφρανθήσῃ.

346 4363 423 4415 Ub
463 4361 572 4432 γὰρ
607 4356 744 4430 μετά
778 4355 1142 4427 σκληρότητος
1175 4348 1495 4419 καθαίρεται
1527 4345 1589 4398 τὸ
1618 4342 1920 4414 μελάνθιον,

344 4454 466 4508 οὐδὲ
492 4451 685 4524 τροχὸς
727 4446 944 4520 ἀμάξης
970 4443 1214 4517 περιάξει
1246 4440 1340 4494 ἐπὶ
1389 4439 1451 4492 τὸ
1491 4434 1749 4506 κύμινονο
1788 4432 1924 4524 ἀλλά

342 4541 528 4622 ρἀδῳ
556 4539 872 4594 τινάσσεται
896 4536 956 4588 τὸ
988 4531 1296 4606 μελάνθιον,
1329 4528 1390 4581 τὸ
1425 4526 1481 4580 δὲ
1522 4524 1744 4594 κύμινον
1786 4539 1884 4593 μετ

347 4616 514 4707 ἄρτου
543 4632 901 4705 βρωθήσεται.
941 4647 960 4680 ι
991 4623 1102 4680 Εἶθ’
1132 4622 1488 4693 ὑποδείγματι
1529 4616 1791 4687 κέχρηται
1831 4632 1930 4682 φυ-

350 4726 518 4798 σικῷ·
545 4725 622 4788 ὼς
657 4723 766 4794 γὰρ
795 4721 894 4792 τῆς
919 4717 1060 4772 κατά
1088 4717 1186 4788 τὴν
1230 4712 1413 4785 χώραν
1438 4710 1713 4781 γεωργίας
1743 4709 1929 4780 ἕτερός

347 4821 492 4872 ἐστιν
524 4820 552 4871 ὁ
571 4817 762 4887 καιρὸς
789 4813 883 4867 τοῦ
914 4809 1081 4883 ἀροῦν
1116 4807 1214 4879 τὴν
1254 4803 1459 4876 χώραν,
1490 4803 1585 4856 καὶ
1621 4801 1805 4872 ἕτερος
1834 4798 1928 4854 τοῦ

350 4910 591 4984 σπείρειν
623 4907 946 4979 σπέρματα,
984 4905 1049 4973 τῇ
1097 4895 1431 4967 ὑποκειμένῃ
1472 4891 1926 4984 γῇῇκατάλληλαὶ

349 4974 493 5058 κατά
513 4998 584 5053 τὰ
617 4974 882 5052 αῠτάνκαὶ
927 4994 958 5049 ὁ
999 4989 1108 5044 τῶν
1152 4983 1340 5057 ψυχῶν
1371 4978 1614 5052 γεωργὸς
1654 4976 1748 5030 τοῦ
1793 4974 1928 5029 θεοῦ

349 5094 542 5164 Λόγος,
571 5089 714 5146 κατὰ
747 5089 846 5161 μὲν
876 5086 970 5140 τὸν
1017 5079 1319 5150 ἐπιτήδειον
1349 5072 1540 5144 καιρὸν
1567 5069 1665 5164 τάς
1703 5067 1811 5164 τῶν
1837 5069 1931 5164 ἀν-

349 5161 585 5260 θρώπων
621 5182 799 5255 ψυχὰς
827 5177 1096 5235 νεοῦσθαι-
1125 5173 1372 5246 βούλεται
1393 5207 1409 5233 ,
1447 5164 1536 5260 διά
1566 5163 1667 5234 τῆς
1709 5161 1932 5260 λογικῆς

348 5254 718 5340 διδασκαλίας
754 5271 1045 5345 σχιζούσης
1088 5268 1183 5326 καὶ
1229 5258 1638 5333 ἀνατεμνούσης
1691 5256 1818 5345 τους
1871 5254 1934 5306 tv
1989 5287 1996 5295 ο

354 5369 508 5441 βάθει
530 5366 942 5441 κρυπτομένους
966 5358 1259 5430 λογισμοὺς
1286 5351 1365 5423 τῷ
1382 5350 1476 5404 τοῦ
1499 5348 1658 5417 λόγου
1686 5344 1924 5441 ἀρότρῳ.

352 5436 445 5516 Ᾰιδ
463 5436 791 5534 προστάττει
816 5455 1016 5524 λέγων’
1057 5471 1075 5503 ι
1108 5447 1364 5503 Νεὼσατε
1395 5443 1610 5504 ἑαυτοῖς
1649 5436 1924 5507 νεώματα,

354 5557 471 5610 καῖ’
499 5529 575 5626 μὴ
625 5552 889 5621 σπείρητε
917 5547 1002 5599 ἐπ’
1031 5541 1311 5603 ἀκάνθαις.
1346 5555 1365 5589 s
1410 5531 1662 5626 Τξὶπειδάν
1700 5529 1758 5583 δὲ
1794 5531 1928 5626 δμα-

349 5618 510 5717 λισθῆ
539 5618 602 5697 τὸ
623 5618 863 5711 ὡσπερεὶ
892 5635 1180 5707 πρόσωπον
1197 5631 1294 5702 τῆς
1313 5625 1518 5717 ψυχῆς.
1529 5623 1716 5717 πάσης
1737 5618 1936 5717 sta-vcta;

352 5709 793 5805 περιαιρεθείσης
847 5726 948 5794 τῆς
983 5721 1147 5776 πάλαι
1177 5721 1234 5772 ὲν
1283 5719 1418 5786 αὐτῇ
1469 5709 1721 5784 ἀκανθῶν
1773 5709 1929 5777 δίκην

353 5830 600 5902 φυείσής,
627 5819 926 5900 τηνικαξῦτα
967 5815 1317 5881 καταλλήλως
1358 5813 1424 5881 τῇ
1458 5809 1565 5864 τῶν
1597 5804 1924 5874 ὑποδεχομέο

1888 4493 1998 4574 ἀί)

2006 541 2325 598 sustinenda
2378 540 2580 595 infirmi
2639 537 2874 604 essetis;
2944 534 3068 605 quia
3129 548 3261 589 vero
3332 533 3583 591 lubenter

2001 635 2161 690 morti
2195 644 2249 689 et
2284 633 2494 688 inferno
2527 646 2619 686 vos
2684 627 2989 692 dedidistis,
3022 625 3217 681 scitote
3252 623 3364 693 jam
3405 625 3582 694 ipsum

2004 727 2290 783 Dominum
2343 740 2440 779 vos
2505 723 2816 776 invasurum
2871 734 3020 784 esse,
3078 728 3139 773 ut
3177 718 3248 773 ob
3281 728 3580 774 memorata

2002 819 2184 874 omnia
2219 819 2357 874 iram
2387 828 2442 872 et
2468 816 2726 870 ultionem
2761 813 2956 868 inferat
2981 811 3156 866 vobis.

2074 955 2240 1010 Vsus.
2261 953 2354 1010 2|.
2387 969 2405 1004 ι
2438 951 2594 1008 Sicut
2634 965 2792 1006 mons
2839 948 3128 1020 impiorum
3157 955 3448 1018 consurget
3471 945 3582 1003 Do-

2004 1047 2207 1110 minus.
2237 1058 2293 1102 et
2319 1046 2424 1101 erit
2457 1045 2510 1099 in
2540 1044 2680 1098 valle
2709 1043 2975 1097 Gabaon:
3021 1056 3144 1096 cum
3194 1039 3382 1095 furore
3421 1039 3587 1095 faciet

2003 1153 2167 1208 opera
2195 1153 2314 1202 sua,
2347 1135 2732 1191 amaritudinis
2755 1149 2910 1204 Opus.
2941 1152 2961 1187 ι
2997 1133 3395 1188 Amaritudinis
3417 1147 3583 1203 opera

2005 1232 2073 1285 iis
2097 1229 2323 1299 inﬂiget,
2352 1229 2444 1298 qui
2471 1229 2542 1283 ob
2590 1228 2807 1282 insitam
2856 1226 3050 1282 animae
3095 1225 3380 1291 malitiam,
3426 1226 3581 1296 quasi

2005 1323 2203 1378 acerbo
2234 1321 2471 1376 remedio
2500 1337 2638 1391 opus
2668 1321 2894 1374 habent.
2931 1319 3209 1373 Caeterum
3252 1317 3581 1383 amaritudo,
3633 1367 3636 1370 .

1957 1454 1960 1458 .
2007 1414 2084 1469 ira
2111 1425 2166 1469 et
2197 1415 2367 1481 furor,
2399 1425 2455 1469 et
2483 1413 2679 1468 similia
2734 1414 2801 1467 de
2847 1412 2958 1466 Deo
3003 1410 3235 1481 prolata,
3274 1409 3408 1465 nihil
3437 1409 3584 1468 aliud

2006 1506 2320 1576 significare
2354 1505 2550 1568 solent,
2595 1519 2758 1574 quam
2802 1518 2832 1557 a
2889 1502 3072 1557 divino
3101 1503 3356 1558 tribunali
3386 1503 3588 1558 immit-

2008 1600 2171 1654 tenda
2208 1598 2387 1669 impiis
2413 1596 2698 1668 supplicia.
2747 1614 2766 1647 ι
2813 1595 2984 1650 Furor
3015 1604 3195 1649 autem
3233 1594 3366 1663 ‘cjus
3404 1595 3586 1654 alieno

2007 1693 2166 1750 modo
2195 1702 2399 1758 utetur,
2423 1701 2478 1748 et
2502 1691 2678 1746 caries
2703 1689 2822 1759 ejus
2851 1688 3063 1743 aliena:
3094 1706 3114 1740 ι

2080 1878 2248 1934 Vsus.
2281 1876 2370 1931 22.
2403 1895 2426 1928 ‹
2455 1875 2523 1930 Ει
2566 1889 2659 1929 vos
2701 1872 2872 1929 nolite
2914 1871 3107 1937 laetari,
3143 1883 3320 1941 neque
3364 1869 3588 1927 confor-

2008 1979 2196 2027 tentur
2221 1970 2435 2025 vincula
2468 1978 2679 2024 vestra:
2709 1968 2834 2037 quia
2859 1974 3272 2022 consummatae
3309 1972 3365 2020 et
3387 1963 3586 2021 οδω.

2008 2063 2182 2118 viatas
2215 2077 2302 2132 res
2336 2060 2516 2115 audivi
2569 2075 2599 2112 ει
2648 2059 2878 2113 Domino
2922 2057 3161 2112 Sabaoth
3193 2074 3208 2110 :
3253 2070 3394 2127 quas
3424 2056 3592 2111 faciet

2010 2171 2174 2226 super
2206 2155 2516 2209 universam
2550 2162 2772 2206 terram.
2801 2168 2822 2203 ι
2873 2147 3058 2219 Neque
3079 2145 3458 2202 conforteutur
3495 2159 3591 2218 pe-

2009 2248 2106 2301 des
2135 2246 2324 2310 vestri,
2349 2245 2570 2314 quibus,
2607 2243 2745 2298 iuito
2793 2257 2915 2298 cum
2944 2251 3119 2296 morte
3150 2238 3383 2307 fmclere,
3409 2247 3466 2294 et
3495 2253 3591 2309 pa-

2009 2338 2191 2405 ctione
2232 2353 2355 2393 cum
2391 2335 2612 2391 inferno
2640 2335 2806 2402 facta,
2851 2349 2950 2390 vos
2993 2332 3296 2405 colligastis
3339 2351 3355 2387 :
3405 2332 3501 2388 sed
3543 2332 3590 2388 si
3672 2387 3674 2390 ,

2011 2447 2116 2502 qua
2145 2432 2296 2488 vobis
2320 2445 2445 2502 spes
2476 2429 2670 2485 salutis
2690 2428 2953 2499 supersit,
2978 2427 3216 2497 rumpite
3251 2424 3444 2480 mortis
3471 2424 3593 2480 vin-

2012 2526 2169 2582 cula:
2218 2526 2285 2580 ab
2312 2539 2400 2591 ea,
2429 2538 2590 2594 quam
2632 2521 2880 2576 laetitiam
2921 2518 3248 2589 Opinamini,
3289 2517 3590 2581 abscedite,

2014 2627 2375 2688 temporaneac
2399 2615 2692 2686 voluptatis
2716 2615 2877 2669 ﬁne‘m
2908 2613 3103 2670 facite:
3128 2612 3323 2668 borum
3358 2623 3594 2680 namque

2012 2711 2104 2781 qui
2133 2711 2348 2766 futurus
2378 2709 2503 2764 ﬁnis
2524 2708 2595 2763 sit
2618 2707 2944 2764 edidicistis.
2976 2705 3247 2762 Caeterum
3285 2720 3358 2761 ne
3393 2703 3595 2775 putetis

2013 2818 2100 2857 me
2123 2803 2448 2872 prophetam
2478 2801 2670 2856 istltaac
2698 2799 2882 2854 dicere
2909 2815 2925 2854 :
2960 2814 3085 2853 nam
3115 2813 3237 2869 qua:
3273 2797 3470 2853 anima:
3494 2811 3596 2854 au-

2017 2893 2166 2949 ribus
2187 2893 2496 2964 loquentem
2525 2893 2818 2948 Dominum
2848 2890 3092 2948 Sabaoth
3124 2892 3331 2955 audivi,
3365 2892 3479 2948 haec
3506 2904 3576 2946 vo

2014 2987 2099 3042 bis
2131 2987 2468 3043 renuntiavi:
2503 2986 2619 3056 ipse
2645 2985 2846 3056 quippe
2875 2985 3087 3042 occulta
3120 2994 3176 3040 et
3200 2994 3406 3040 statuta
3437 2983 3508 3039 ab
3537 2999 3597 3039 se

2018 3081 2234 3136 decreta
2257 3094 2287 3134 a
2318 3079 2472 3135 vobis
2506 3094 2613 3134 non
2643 3077 2885 3148 ignorari
2912 3076 3158 3147 expetiit.

2093 3239 2258 3294 Vens.
2297 3239 2390 3294 25.
2439 3257 2458 3290 ι
2485 3241 2723 3293 Auribus
2770 3236 3033 3308 percipite
3080 3245 3137 3290 et
3193 3235 3379 3289 audite
3407 3249 3597 3292 vocem

2020 3346 2238 3387 meam:
2268 3333 2534 3389 attendite
2567 3343 2616 3389 et
2648 3333 2833 3387 audite
2854 3331 3022 3387 verba
3061 3345 3200 3384 mea.
3239 3348 3258 3382 ι
3296 3329 3406 3385 Per
3442 3331 3596 3398 illud,

2027 3439 2047 3474 ι
2082 3423 2304 3480 auribus
2327 3427 2630 3495 percipere,
2655 3443 2674 3477 ι
2706 3425 2823 3480 voci
2851 3440 2949 3492 per
2975 3439 3104 3478 aera
3127 3423 3252 3478 lata:
3277 3438 3439 3479 aures
3466 3440 3601 3495 pra:-

2022 3515 2170 3579 bere,
2208 3517 2518 3588 signiﬁcat;
2557 3533 2655 3587 per
2689 3517 2820 3572 illud
2853 3525 3063 3580 autem,
3100 3533 3119 3567 ι
3151 3515 3362 3580 audire,
3396 3534 3416 3568 ι
3455 3517 3601 3574 dicta

2021 3610 2521 3680 auscultareilsque
2537 3610 2761 3680 obsequi
2783 3609 3169 3664 :attentionem
3201 3616 3376 3662 autem
3397 3617 3454 3663 et
3480 3623 3603 3678 spe-
3658 3643 3662 3646 -

2023 3715 2346 3771 culationem
2375 3725 2535 3772 vocat
2550 3715 2944 3771 declaratarum
2968 3729 3148 3769 rerum
3169 3711 3600 3784 intelligentiam.

2096 3808 2470 3866 Vens.2i-27.
2506 3827 2525 3862 ι
2553 3807 2824 3878 Numquid
2852 3816 2966 3862 tota
2991 3807 3080 3862 die
3103 3805 3304 3870 arabit,
3326 3806 3422 3877 qui
3448 3810 3605 3863 arat?

2023 3910 2115 3955 aut
2143 3916 2327 3956 semen
2352 3902 2705 3972 praeparabit,
2731 3910 3024 3972 antequam
3062 3907 3320 3970 operetur
3357 3903 3606 3957 terram?

2023 3992 2212 4048 Nonne
2243 4010 2366 4049 cum
2394 3995 2697 4065 equaverit
2725 3995 3075 4065 superﬁciem
3103 3992 3242 4062 ejus,
3270 4003 3403 4048 tunc
3442 3994 3607 4050 semi-

2025 4087 2174 4143 nabit
2227 4102 2450 4159 parvum
2500 4102 2756 4158 papaver,
2798 4096 2895 4142 aut
2935 4086 3212 4160 cyminum
3245 4085 3268 4140 τ
3308 4096 3364 4142 et
3387 4102 3604 4142 rursum

2026 4181 2316 4237 seminabit
2371 4181 2639 4247 triticum,
2693 4189 2747 4237 et
2806 4181 3095 4246 hordeum,
3153 4189 3211 4235 et
3257 4179 3496 4247 milium,
3550 4190 3607 4234 et

2025 4289 2253 4360 speltam
2317 4289 2369 4344 in
2426 4288 2630 4344 ﬁnibus
2676 4288 2825 4343 tuis?
2857 4287 2924 4342 Et
2957 4286 3225 4342 erudieris
3267 4283 3476 4353 judicio
3508 4285 3603 4339 Dei

2028 4381 2126 4448 tui,
2156 4389 2210 4434 et
2249 4379 2536 4436 laetaberis.
2595 4377 2710 4434 Non
2747 4380 2895 4434 enim
2930 4394 3057 4434 cum
3110 4377 3310 4432 duritia
3341 4389 3605 4448 purgatur

2029 4489 2286 4545 papaver,
2319 4489 2496 4545 neque
2531 4483 2649 4528 rota
2688 4471 2914 4542 plaustri
2941 4471 3186 4526 volvetur
3232 4484 3398 4540 super
3433 4469 3606 4540 cymi-

2029 4583 2188 4634 num;
2237 4567 2331 4622 sed
2371 4567 2522 4636 virga
2556 4563 2834 4621 excutitur
2882 4576 3152 4634 papaver:
3182 4560 3454 4632 cyminum
3504 4572 3606 4614 au-

2029 4670 2140 4717 tem
2167 4676 2290 4717 cum
2320 4674 2462 4732 pane
2487 4659 2826 4714 comedetur.
2859 4675 2879 4710 ι
2917 4652 3158 4710 Naturali
3202 4653 3396 4708 deinde
3420 4666 3608 4706 exem-

2031 4756 2118 4828 plo
2174 4756 2384 4810 utitur:
2444 4751 2901 4824 quemadmodum
2959 4748 3102 4803 enim
3152 4747 3205 4801 in
3249 4742 3605 4814 agricultura,

2032 4849 2176 4907 aliud
2225 4859 2438 4919 tempus
2468 4844 2655 4902 arandi
2687 4859 2873 4915 agrum
2907 4850 3013 4906 est,
3045 4838 3193 4894 aliud
3221 4851 3352 4891 vero
3401 4833 3608 4891 semina

2033 4945 2271 5000 subactae
2302 4950 2463 4996 terrze
2489 4937 2848 5011 congruentia
2864 4931 3103 5006 jaciendi
3126 4946 3142 4996 ;
3163 4927 3354 4995 eadem
3384 4940 3610 4998 prorsus

2031 5053 2241 5110 ratione
2295 5050 2602 5105 animarum
2653 5043 2912 5117 agricola,
2964 5039 3060 5096 Dei
3095 5034 3360 5102 Verbum,
3399 5033 3610 5090 animas

2033 5148 2317 5206 hominum
2361 5142 2532 5207 arari,
2560 5123 2628 5196 ac
2654 5155 2754 5207 per
2775 5129 3154 5193 rationabilem
3192 5127 3500 5186 doctrinam
3538 5123 3610 5179 la-

2036 5253 2211 5300 tentes
2238 5243 2347 5296 imo
2371 5213 2983 5308 pectorecogitationes
3009 5223 3163 5281 verbi
3195 5230 3382 5278 aratro
3411 5211 3607 5308 sulcari

2029 5329 2260 5410 espetit.
2301 5306 2667 5400 Quamobrem
2715 5324 2790 5377 ita
2827 5319 3072 5392 praecipit
3107 5333 3123 5369 :
3155 5334 3174 5368 ι
3199 5312 3406 5410 Novate
3450 5306 3612 5363 nobis

2033 5403 2274 5499 novalia,
2301 5435 2358 5482 et
2392 5439 2460 5479 ne
2486 5419 2753 5477 seminate
2782 5429 2948 5486 supra
2987 5411 3198 5482 spinas.
3232 5425 3252 5459 ι
3309 5403 3609 5473 Postquam

2035 5498 2215 5576 autem
2252 5517 2340 5571 illa
2371 5514 2566 5570 animae
2596 5508 2760 5566 veluti
2787 5504 3104 5579 superﬁcies
3135 5498 3478 5574 complanata
3505 5501 3612 5557 est,

2043 5605 2252 5680 sublata
2276 5607 2456 5672 omni,
2502 5604 2630 5660 olim
2663 5603 2735 5662 in
2774 5616 2838 5658 ea
2871 5600 3153 5670 spinarum
3212 5593 3389 5665 instar
3435 5585 3615 5680 pullu-

2036 5677 2207 5767 iante,
2241 5701 2481 5772 nequitia
2521 5716 2538 5766 ;
2597 5707 2724 5753 tunc
2771 5694 2983 5750 ratione
3033 5689 3220 5772 habita
3279 5677 3616 5740 discriminis

2039 5813 2228 5860 eorum
2261 5770 2354 5868 qui
2396 5810 2582 5873 semen
2617 5793 2919 5860 excipiunt,
2951 5770 3362 5850 seminajacit;
3392 5777 3448 5835 in
3479 5773 3620 5832 alios
