4158 6402
593 353 705 410 299

1277 345 1544 405 EUSEBII
1580 343 2058 402 CIESARIENSIS
2095 342 2246 400 OPP.
2289 343 2467 399 PARS
2505 341 2589 398 Ill.
2631 375 2698 385 --
2736 343 3148 400 EXEGETICA.

3735 345 3841 402 300

587 486 836 534 raremus
864 470 986 540 quis
1011 469 1221 524 illorum
1248 467 1462 521 futurus
1487 465 1610 518 ﬁnis
1645 465 1737 519 sit.
1763 464 1849 518 Ait
1876 477 2003 534 ergo
2029 478 2159 532 opes

2266 460 2491 514 πλοῦτον
2516 461 2612 515 καὶ
2643 460 2742 533 τὴν
2763 462 2974 533 τρυφὴν
2996 462 3174 516 αὐτῶν
3207 463 3370 535 μέχρι
3402 464 3498 534 τῆς
3536 465 3840 538 ἐνεστώσης

585 565 995 632 voluptatesque
1021 575 1208 616 eorum
1251 559 1302 612 iu
1341 559 1440 612 hac
1467 566 1673 612 tantum
1707 561 1815 610 vita
1854 566 2155 618 manentes,

585 660 808 729 perinde
837 673 896 713 se
921 656 1121 711 habere
1162 662 1324 722 atque
1374 652 1581 708 somnia
1634 649 2040 716 dormientium,
2067 648 2157 720 qui

585 749 974 819 imaginatione
997 747 1285 812 duntaxat,
1309 745 1397 800 illa
1423 759 1543 814 qua:
1574 743 1846 798 somniant
1873 757 1932 797 se
1959 740 2158 796 habere

583 853 775 913 putant
807 859 822 897 :
863 841 1022 896 talem
1047 841 1245 910 quippe
1272 855 1394 895 esse
1427 837 1587 908 hujus
1619 837 1803 891 mundi
1844 835 2154 890 divitiarum

585 936 942 1007 phantasiam.
998 933 1134 988 Nam
1186 943 1310 1003 post
1363 941 1684 1001 prteseutcm
1753 929 1917 984 vitam
1960 942 2155 982 vanum

584 1030 850 1085 somnium
883 1027 951 1081 ab
1005 1026 1136 1095 ipsis
1182 1025 1654 1095 deprehendetur,
1701 1023 1988 1092 inanisque
2031 1019 2157 1076 linis

584 1123 896 1194 voluptatis,
930 1136 1036 1192 qua
1064 1133 1124 1175 se
1153 1119 1259 1173 frui
1294 1118 1719 1173 arbitrabantur.

658 1217 820 1272 Vsus.
858 1213 1012 1279 9,10.
1053 1231 1071 1264 ι
1104 1211 1329 1267 Deﬁcite
1352 1222 1407 1265 et
1430 1208 1818 1279 obstupescite,
1841 1219 1895 1263 et
1923 1207 2159 1263 inebrie-

586 1307 737 1371 mini,
768 1320 873 1360 non
898 1305 1100 1366 sicera,
1130 1313 1308 1372 neque
1343 1299 1491 1364 vino,
1529 1298 1655 1367 quia
1685 1299 1892 1367 potavit
1928 1311 2020 1351 vos
2048 1294 2156 1350 Do-

584 1399 764 1452 minus
793 1394 985 1465 spiritu
1015 1389 1450 1461 compunctionis
1478 1407 1492 1443 :
1531 1397 1585 1442 et
1615 1385 1829 1441 claudet
1853 1385 2040 1440 oculos
2066 1397 2158 1437 co-

582 1508 730 1557 rum,
759 1499 815 1545 et
846 1488 1230 1560 prophetarum
1261 1496 1472 1547 eorum,
1505 1491 1561 1536 et
1606 1478 1909 1548 principum
1945 1489 2153 1539 eorum,

583 1586 676 1655 qui
709 1583 890 1638 vidcut
922 1576 1258 1634 abscondita.
1297 1595 1316 1627 ι
1343 1575 1482 1642 Quia
1516 1581 1839 1644 praesentem
1870 1568 2155 1623 Dominum

2260 553 2404 626 ζωῆς
2423 553 2772 626 ὑπάρχουσαν
2803 555 3164 620 ἐοικέναιτοῖς
3201 555 3341 608 κατά
3366 559 3478 620 τοῖς
3501 556 3689 622 ὕπνοις
3728 561 3861 631 (33),

2260 643 2637 716 ὀνειρώττουσι
2682 647 2773 699 καὶ
2800 646 2962 717 μέχρι
2982 646 3075 699 τοῦ
3108 646 3284 700 δοκεῖν
3313 647 3646 719 διακατέχειν
3672 647 3857 706 ταῦτα

2260 736 2574 806 νομίζουσι’
2599 737 2852 807 τοιαύτην
2869 738 2975 809 γὰρ
2993 734 3243 810 εἶναιτὴν
3265 738 3356 792 τοῦ
3396 740 3664 811 παρόντος
3689 744 3840 798 πλεύ-

2260 844 2351 880 του
2381 828 2700 896 φαντασίαν.
2728 829 2882 884 Μετὰ
2912 831 3022 901 γὰρ
3046 832 3137 884 τὸν
3168 832 3439 886 ἐνεστῶτα
3469 833 3581 902 βίον
3614 835 3838 905 μάταιον

2259 920 2442 983 αὐτοῖς
2485 921 2840 993 εὑρεθήσεται
2877 923 2937 978 τὺ
2987 925 3274 990 ἐνύπνιον,
3330 927 3425 980 καὶ
3481 925 3542 979 τὸ
3579 926 3734 992 τέλος
3773 923 3838 1000 ἧς

2259 1013 2508 1084 ἐνόμιζον
2529 1014 2823 1070 ἀπολαύειν
2847 1017 3080 1087 τρυφῆς.

2336 1213 2353 1243 t
2379 1193 2671 1266 Ἐκλυθῆτε
2711 1197 2804 1250 καὶ
2851 1197 3103 1270 ἐκστητε,
3158 1199 3251 1252 καὶ
3295 1201 3706 1273 κραιπαλήσατε
3741 1202 3842 1256 οὐκ

2259 1284 2367 1337 ἀπὸ
2404 1286 2613 1359 σίκερα,
2635 1289 2755 1342 οὐδὲ
2787 1289 2894 1342 ἀπὸ
2923 1291 3064 1345 οἴνου
3082 1308 3095 1320 ⁶
3137 1291 3219 1344 ὅτι
3252 1292 3542 1346 πεπότικεν
3569 1294 3711 1365 ὑμᾶς
3732 1294 3842 1348 Κύ-

2263 1392 2373 1446 ριος
2399 1377 2668 1449 πνεύματι
2687 1379 3029 1445 κατανύξεως
3049 1398 3062 1411 ·
3093 1382 3187 1435 καὶ
3208 1383 3486 1454 καμμύσει
3508 1385 3631 1448 τοὺς
3649 1385 3844 1453 ὀφθαλα

2262 1469 2395 1539 μους
2429 1470 2629 1536 αὐτῶν,
2675 1472 2768 1525 καὶ
2793 1472 2904 1526 τῶν
2932 1475 3228 1547 προφητῶν
3257 1476 3454 1543 αὐτῶν,
3494 1477 3588 1530 καὶ
3611 1475 3717 1530 τῶν
3743 1478 3844 1550 ἀρ-

2259 1560 2461 1630 χόντων
2490 1559 2691 1627 αὐτῶν,
2719 1564 2767 1616 οἱ
2804 1563 3040 1635 ὁρῶντες
3067 1565 3136 1619 τὰ
3168 1567 3406 1638 κρυπτά.
3435 1587 3454 1619 ι
3493 1568 3840 1640 Ἐπειδήπερ,

584 1651 862 1731 liomincm
891 1671 1093 1727 factum
1125 1667 1408 1723 audientes
1431 1705 1447 1731 ,
1482 1679 1591 1719 non
1641 1661 2023 1717 intellexerunt
2045 1697 2060 1724 ,
2094 1669 2158 1710 ac

2266 1651 2346 1704 ὅτε
2372 1651 2555 1723 παρῆν
2583 1653 2764 1718 αὐτοῖς
2802 1654 3227 1729 ἐνανθρωπήσας
3267 1658 3295 1710 ὁ
3350 1657 3574 1729 Κύριος,
3609 1659 3744 1730 ἀκοῇ
3773 1660 3842 1713 ἀ-

474 1769 478 1774 ’
583 1769 832 1824 videutes
861 1764 1031 1821 oculis
1052 1802 1070 1828 ,
1106 1761 1302 1816 anima:
1327 1758 1442 1812 visu
1475 1769 1580 1810 non
1612 1759 2031 1823 conspexerunt,
2062 1762 2156 1800 au-

2258 1745 2508 1812 κούοντες
2558 1748 2745 1815 αὐτοῦ,
2785 1751 2845 1803 ού
2897 1751 3172 1816 συνίεσαν,
3214 1753 3307 1805 καὶ
3346 1751 3632 1822 βλέποντες
3679 1754 3843 1808 αὐτὸν

583 1875 782 1930 resque
810 1872 964 1921 suas,
997 1870 1064 1911 ne
1089 1853 1372 1916 audirent,
1403 1855 1793 1926 aggravarunt,
1823 1842 2031 1914 potabit
2063 1855 2158 1896 eos

2266 1836 2579 1930 δφθαλμοῖς,
2620 1842 2685 1911 τῇ
2721 1840 2908 1912 ὁράσει
2936 1841 3035 1912 τῆς
3071 1842 3246 1914 ψυχῆς
3283 1842 3382 1912 ούχ
3415 1842 3618 1913 ἐώρων,
3647 1843 3742 1898 καὶ
3773 1845 3844 1899 τὰ

584 1953 849 2009 Dominus
879 1950 1070 2021 spiritu
1101 1943 1557 2016 compunctiouis.

661 2135 821 2190 Vens.
855 2135 940 2190 ll.
983 2151 1001 2183 ‹
1022 2131 1087 2186 Ει
1114 2137 1273 2184 erunt
1294 2126 1445 2182 vobis
1476 2125 1591 2179 hate
1619 2120 1800 2176 omnia
1819 2115 2162 2183 verba,velut

584 2240 867 2283 sermones
893 2223 1016 2278 libri
1059 2218 1258 2290 signati
1305 2216 1497 2285 bujus,
1528 2227 1686 2283 quem
1713 2210 1758 2266 si
1787 2211 1918 2264 dent
1953 2206 2158 2262 homini

584 2318 777 2374 scienti
802 2311 1325 2380 litteras,dicentes:
1359 2306 1500 2376 Lege
1528 2307 1663 2370 haec,
1698 2302 1858 2364 dicet,
1890 2298 2006 2353 Non
2034 2312 2157 2369 pos-

586 2425 704 2465 sum
741 2408 917 2475 legere
951 2423 966 2472 ;
997 2404 1243 2474 signatus
1274 2400 1421 2454 enim
1476 2404 1578 2452 est.
1621 2413 1641 2448 »
1689 2393 1762 2448 De
1808 2393 1877 2446 iis
1913 2390 2002 2460 qui
2055 2389 2156 2444 sub

581 2501 702 2555 inec
734 2496 911 2568 populi
952 2510 1019 2551 ex
1061 2490 1481 2549 circumcisione
1522 2483 1762 2558 praefecti
1805 2482 1971 2538 futuri
2004 2489 2154 2544 sunt,

582 2591 760 2663 pergit
788 2584 1108 2644 vaticinari":
1142 2604 1160 2636 ι
1197 2584 1261 2638 Et
1292 2590 1455 2638 erunt
1487 2580 1643 2634 vobis
1681 2577 1859 2633 omnia
1893 2575 2056 2629 verba
2089 2573 2156 2627 Ii-

584 2684 668 2740 bri
705 2703 724 2736 ι
754 2701 769 2738 :
797 2697 916 2752 qua:
950 2694 1080 2735 sane
1125 2677 1200 2732 illi
1245 2690 1351 2730 non
1399 2672 1794 2742 intelligebant.
1840 2667 1987 2722 Nihil
2011 2667 2154 2720 enim

587 2773 907 2830 differebant
934 2771 1023 2826 illa
1056 2771 1122 2824 ab
1151 2768 1556 2836 obsignalorum
1587 2761 1811 2832 sigillis,
1845 2760 1917 2814 ita
1967 2771 2025 2813 ut
2052 2773 2158 2813 non

584 2869 772 2931 posset
800 2858 1111 2913 Judaeorum
1155 2855 1294 2909 ullus
1336 2853 1542 2922 scripta
1581 2849 1906 2920 perlegere;
1954 2848 2026 2902 ita
2055 2847 2160 2901 illis

588 2951 804 3018 ignotos
849 2946 965 3001 fore
1007 2946 1083 2999 ait
1137 2943 1477 3016 proplieticos
1534 2955 1848 3005 sermones,
1893 2939 2006 2994 sive
2051 2939 2156 2994 illis

584 3052 686 3092 ore
709 3037 1144 3108 pronuntientur,
1176 3035 1288 3089 sive
1304 3048 1488 3090 eorum
1514 3046 1738 3102 prorsus
1761 3031 1994 3102 imperiti
2023 3034 2153 3088 sint.

2262 1921 2375 1982 ὦτα
2399 1929 2576 1984 αὐτῶν
2606 1929 2875 2002 ἐϐάρυναν
2902 1931 2996 1985 τοῦ
3030 1933 3105 2005 μὴ
3137 1932 3374 1998 ἀκούειν,
3410 1934 3616 1988 ποτίσει
3650 1935 3845 2001 αὐτοὺς

2265 2021 2464 2093 Κύριος
2489 2023 2760 2094 πνεύματι
2791 2023 3154 2090 κατανύξεως.

2341 2132 2359 2165 t
2384 2115 2492 2168 Kal
2513 2115 2726 2170 ἔσονται
2761 2117 2889 2188 ὑμῖν
2913 2117 2980 2171 τὰ
3015 2118 3080 2190 ρή
3091 2135 3236 2189 ματα
3270 2119 3445 2173 πάντα
3474 2119 3666 2181 ταῦτα.
3699 2121 3774 2184 ὡς
3794 2121 3844 2173 οῖ

2263 2205 2411 2274 λόγοι
2441 2205 2534 2259 τοῦ
2591 2205 2796 2277 βιϐλίου
2851 2208 2944 2262 τοῦ
2977 2210 3412 2282 ἐσφραγισμένου
3461 2211 3670 2276 τούτου,
3699 2211 3846 2265 δέἀν

2263 2297 2426 2352 δῶσιν
2456 2299 2585 2352 αὐτὸ
2624 2298 2895 2372 ἀνθρώπῳ
2933 2303 3281 2374 ἐπισταμένῳ
3329 2304 3632 2374 γράμματα
3658 2304 3846 2374 λέγον-

2263 2405 2374 2452 τεςο
2415 2388 2711 2457 Ἀνόιγνωθι
2733 2389 2904 2444 ταῦτα
2927 2433 2942 2456 ,
2971 2392 3066 2445 καὶ
3087 2393 3221 2463 ἐρεῖ,
3251 2392 3325 2446 Ού
3347 2393 3579 2465 δύναμαι
3604 2394 3847 2462 ἀναγνῶ-

2266 2498 2352 2534 ναι
2373 2497 2385 2510 ·
2423 2481 2784 2552 ἐσφράγισται
2819 2484 2947 2555 γάρ.
2981 2502 2999 2536 ι
3035 2485 3168 2556 Περὶ
3190 2484 3300 2538 τῶν
3342 2485 3480 2556 μετά
3511 2485 3681 2540 ταῦτα
3709 2503 3846 2558 προ·

2267 2573 2485 2628 εστάναι
2531 2573 2830 2629 δοκούντων
2860 2575 2953 2629 τοῦ
2985 2577 3050 2631 ἐκ
3092 2578 3394 2650 περιτομῆς
3423 2578 3551 2632 λαοῦ
3576 2579 3847 2651 διέρχεται

2268 2664 2566 2730 θεσπίζων⁶
2609 2685 2629 2718 t
2658 2668 2768 2722 Kal
2795 2668 3008 2724 ἔσονται
3039 2671 3170 2740 ὑμῖν
3199 2670 3376 2724 πάντα
3407 2669 3475 2723 τὰ
3507 2671 3726 2743 ῥήματα
3749 2670 3846 2723 τοῦ

2267 2756 2490 2826 βιϐλίου,
2516 2777 2534 2810 ι
2585 2758 2647 2812 ού
2708 2758 2814 2830 μὴν
2862 2760 2955 2813 καὶ
2984 2761 3253 2824 συνιέντες
3304 2760 3478 2815 αὐτά·
3529 2760 3690 2831 μηδὲν
3736 2759 3848 2831 γὰρ

2264 2848 2538 2922 διαφέρειν
2613 2851 2752 2905 αύτά
2796 2852 2905 2906 τῶν
2954 2853 3514 2924 κατεσφραγισμένων
3565 2855 3847 2924 σφραγῖσι,

2263 2943 2398 3013 πρὸς
2409 2942 2469 2996 τὸ
2485 2943 2560 3015 μὴ
2572 2943 2830 2998 δύνασθαί
2844 2962 2964 2998 τινα
2985 2945 3075 3000 τὸν
3094 2946 3209 3017 (34)
3225 2948 3289 3000 ἐκ
3309 2945 3404 3000 τοῦ
3429 2946 3694 3001 Ἰουδαίων
3714 2945 3847 2999 λαοῦ

2259 3036 2329 3089 τὰ
2356 3037 2783 3108 ἐγγεγραμμένα
2827 3037 3225 3108 διαγινώσκειν⁹
3265 3040 3434 3104 οὕτως
3459 3041 3641 3105 αὐτοῖς
3669 3040 3848 3110 ἀγνώ-

594 3148 750 3192 στους
783 3130 999 3184 ἔσεσθαι
1027 3131 1152 3193 τοὺς
1180 3127 1550 3200 προφητικοὺς
1587 3126 1780 3196 λόγους
1805 3127 1906 3181 κᾶν
1923 3145 1980 3180 τε
2007 3128 2412 3201 ἀπαγγέλληται
2429 3132 2613 3196 αὐτοῖς
2635 3132 2743 3186 ἀπὸ
2769 3133 3054 3206 στόματος,
3072 3136 3174 3191 κᾶν
3188 3153 3246 3189 τε
3262 3136 3475 3208 ἄπειροι
3490 3130 3621 3190 ὦσιν
3647 3136 3845 3192 αὐτῶν.

671 3223 829 3278 Vens.
861 3222 946 3278 l2.
990 3240 1008 3273 t
1049 3222 1112 3275 Et
1137 3220 1356 3276 dabitur
1385 3221 1475 3275 hic
1511 3219 1649 3276 liber
1680 3221 1733 3274 in
1765 3235 1955 3274 manus
1985 3221 2159 3276 homi-

2337 3245 2356 3276 t
2375 3225 2485 3278 Kal
2503 3225 2784 3297 δοθήσεται
2831 3225 2892 3279 τὸ
2909 3224 3110 3296 βιϐλίον
3135 3226 3294 3280 τοῦτο
3315 3227 3395 3291 εἰς
3421 3229 3605 3298 χεῖρας
3637 3227 3851 3300 ἀνθρώ-

592 3319 681 3374 nis
707 3315 998 3371 nescientis
1027 3314 1273 3369 litteras:
1301 3320 1356 3367 et
1377 3312 1520 3366 dicet
1547 3312 1621 3377 ei,
1654 3311 1797 3381 Lege
1829 3312 1966 3378 hoc;
1994 3323 2050 3366 et
2083 3313 2166 3367 di-

583 3418 712 3472 cet,
745 3406 859 3461 Non
902 3419 1124 3474 possum
1162 3403 1376 3474 legere,
1413 3402 1594 3458 nescio
1638 3402 1869 3458 litteras.
1924 3421 1944 3456 ι
1979 3404 2162 3460 Talem

597 3503 830 3555 futuram
860 3497 936 3552 ait
967 3497 1338 3568 propheticum
1374 3505 1633 3564 mentem,
1666 3511 1773 3550 non
1801 3497 2017 3565 quidem
2050 3513 2166 3553 om-

597 3593 786 3655 nibus,
826 3591 920 3646 sed
954 3590 1021 3645 iis
1055 3597 1263 3644 tantum
1285 3629 1301 3652 ,
1338 3587 1406 3643 de
1443 3587 1642 3657 quibus
1681 3589 1794 3644 harc
1820 3590 2162 3645 vaticinatur.

594 3685 727 3739 Nam
759 3683 946 3739 sedulo
973 3681 1376 3736 animadvertas
1399 3695 1508 3750 qua
1537 3680 1748 3736 ratione
1775 3681 2006 3751 dicatur,
2048 3701 2067 3734 ι
2101 3683 2167 3738 Et

596 3784 753 3830 erunt
783 3773 935 3828 vobis
958 3773 1070 3827 huic
1083 3771 1248 3828 verba
1271 3787 1288 3839 ;
1313 3790 1331 3824 ι
1357 3771 1510 3827 vobis
1543 3772 1754 3828 scilicet
1783 3774 2163 3844 praesentibus,

585 3867 918 3929 uidentibus,
966 3875 1022 3919 et
1050 3865 1412 3920 audientibus.
1450 3863 1666 3920 Judaaos
1704 3874 1884 3922 autem
1919 3866 2164 3938 alloque-

595 3961 755 4013 batur
776 3999 791 4022 ,
825 3956 980 4027 queis
1011 3958 1254 4027 ignotam
1285 3971 1409 4012 esse
1446 3957 1747 4027 prophetiae
1785 3968 2022 4014 mentem
2066 3960 2166 4016 sub

599 4049 713 4102 liam
750 4048 968 4112 edocet,
1000 4062 1120 4102 cum
1164 4047 1280 4102 haec
1307 4047 1518 4116 adjicit,
1562 4065 1581 4098 t
1625 4048 1691 4102 Et
1729 4049 1950 4105 audient
1994 4050 2046 4104 in
2083 4051 2170 4106 die

587 4141 686 4196 .illa
718 4140 864 4196 surdi
895 4139 1054 4194 verba
1083 4139 1227 4204 libri,
1265 4149 1322 4194 et
1348 4138 1490 4202 oculi
1517 4153 1785 4196 caecorum
1813 4141 2092 4209 videbunt,
2114 4153 2171 4198 et

599 4233 971 4288 exsultabant.
1013 4250 1030 4282 ι

588 4451 590 4454 μ
677 4411 838 4465 Vens.
880 4410 1068 4474 15,14.
1099 4428 1120 4461 ι
1156 4411 1217 4466 Et
1264 4410 1399 4466 dixit
1426 4410 1685 4471 Dominus
1715 4431 1730 4468 :
1765 4417 2171 4486 Appropinquat

598 4505 736 4562 mibi
759 4505 983 4575 populus
1003 4504 1092 4560 hic
1107 4519 1200 4560 ore
1222 4523 1320 4564 suo
1335 4547 1350 4576 ,
1369 4519 1422 4564 et
1439 4507 1598 4563 labiis
1613 4510 1725 4563 suis
1753 4510 2022 4566 honorant
2049 4526 2166 4566 me:

2267 3336 2368 3372 που
2402 3319 2477 3391 μὴ
2515 3321 2880 3392 ἐπισταμένου
2911 3321 3216 3394 γράμματα
3235 3340 3250 3354 ⁶
3281 3324 3375 3378 καὶ
3404 3325 3519 3394 ἐρεῖ
3544 3323 3713 3396 αὐτῷ,
3756 3325 3850 3378 ’Λ-

2265 3411 2499 3480 νάγνωθι
2522 3413 2679 3466 τοῦτο
2697 3431 2710 3444 -
2747 3414 2840 3466 καὶ
2868 3415 3005 3485 ἐρεῖ,
3029 3415 3104 3467 Οὐ
3135 3414 3366 3487 δύναμαι
3396 3416 3723 3485 ἀναγνῶναι,
3746 3418 3852 3471 οὐκ

2267 3504 2564 3575 ἐπίσταμαι
2593 3507 2918 3577 γράμματα.
2944 3526 2961 3557 ι
2991 3507 3244 3564 Τοιοῦτον
3267 3507 3322 3562 δὲ
3351 3508 3570 3564 ἔσεσθαι
3596 3511 3687 3564 τὸν
3715 3527 3853 3582 προ-

2267 3598 2494 3669 φητικὸν
2531 3599 2675 3664 νοῦν,
2708 3599 2771 3653 ού
2801 3601 2966 3653 πᾶσιν
3006 3599 3331 3672 ἀνθρώποις,
3372 3601 3506 3656 ἀλλά
3539 3601 3718 3674 μόνοις
3746 3603 3851 3656 αύ-

2265 3691 2397 3753 τοῖς,
2429 3690 2565 3760 πρὸς
2590 3688 2684 3753 οὓς
2710 3689 2883 3744 ταῦτα
2914 3691 3249 3757 ἐθεσπίζετο.
3279 3711 3298 3744 t
3324 3693 3566 3766 Πρὸσχες
3595 3693 3702 3767 γὰρ
3728 3696 3854 3748 ἐπι-

2271 3781 2446 3853 μελῶς
2462 3784 2608 3846 ὅπως
2623 3784 2837 3855 εἴρηται
2855 3801 2870 3815 ο
2903 3785 3041 3838 «Καὶ
3060 3784 3211 3838 ἔσται
3229 3787 3356 3857 ὑμῖν
3382 3786 3451 3840 τὰ
3477 3789 3542 3858 ρή
3551 3804 3693 3858 ματα
3719 3786 3853 3841 ταῦ-

2265 3890 2335 3926 τα
2354 3891 2368 3904 ·
2394 3895 2412 3927 ι
2435 3875 2564 3945 ὑμῖν
2595 3876 2704 3945 γάρ
2728 3891 2861 3946 φησι
2890 3879 3003 3940 τοῖς
3031 3877 3289 3948 παροῦσι,
3325 3879 3420 3932 καὶ
3449 3879 3636 3951 ὁρῶσι,
3665 3882 3758 3934 καὶ
3783 3883 3855 3936 ἀ-

2268 3964 2536 4020 κούουσιν.
2580 3982 2598 4016 t
2624 3964 2682 4018 '0
2733 3965 2789 4018 δὲ
2820 3965 2976 4033 λόγος
3007 3961 3076 4038 ἦν
3123 3967 3258 4039 πρὸς
3289 3967 3598 4035 Ἰουδαίους,
3631 3965 3714 4033 οἷς
3755 3969 3851 4023 τὸν

2268 4053 2393 4108 νοῦν
2424 4057 2523 4126 τῆς
2555 4055 2890 4127 προφητείας
2919 4055 3193 4124 ἄγνωστον
3227 4059 3575 4124 ὑποκαταϐὰς
3609 4061 3854 4115 διδάσκει

2268 4147 2334 4200 δι’
2367 4141 2442 4202 ὧν
2472 4147 2748 4217 ἐπιλέγει·
2788 4169 2806 4200 t
2827 4150 2938 4203 Kal
2963 4151 3284 4205 ἀκούσονται
3315 4153 3373 4206 ἐν
3391 4155 3458 4224 τῇ
3493 4153 3675 4225 ἡμέρᾳ
3702 4137 3855 4208 ἐκεί-

2270 4255 2336 4312 νῃ
2365 4241 2542 4311 κωφοὶ
2568 4240 2757 4310 λόγους
2792 4242 3018 4313 βιϐλίου,
3051 4246 3143 4299 καὶ
3169 4245 3435 4317 ὀφθαλμοὶ
3456 4246 3673 4316 τυφλῶν
3692 4247 3854 4316 ὄψον-

2269 4349 2378 4397 ται,
2408 4334 2501 4387 καὶ
2530 4333 2964 4402 ἀγαλλιάσονται.
2999 4357 3019 4389 ι

2349 4445 2368 4476 t
2391 4426 2501 4478 Kal
2527 4422 2648 4478 εἷπε
2690 4426 2895 4499 Κύριος
2917 4445 2932 4458 ο
2991 4427 3226 4498 Ἐγγίζει
3256 4431 3398 4500 μοιὸ
3431 4428 3558 4493 λαὸς
3599 4422 3752 4494 οὗτος
3789 4431 3856 4484 ἐν

2274 4517 2351 4588 τῷ
2385 4518 2613 4588 στόματι
2645 4519 2832 4583 αὐτοῦ,
2861 4521 2955 4574 καὶ
2989 4523 3048 4574 ἐν
3070 4524 3184 4585 τοῖς
3214 4519 3445 4592 χείλεσιν
3471 4522 3650 4576 αὐτῶν
3677 4522 3821 4593 τιμῶ
3854 4559 3858 4562 ν

595 4614 693 4655 cor
722 4609 902 4653 autem
925 4612 1116 4653 eorum
1146 4599 1302 4671 longe
1328 4612 1408 4657 est
1429 4617 1458 4656 a
1479 4617 1585 4656 me.
1616 4600 1839 4657 Frustra
1864 4614 2047 4659 autem
2073 4620 2162 4662 co-

2273 4612 2327 4665 σί
2359 4628 2458 4682 με’
2493 4614 2527 4682 ή
2567 4612 2623 4666 δὲ
2661 4612 2857 4685 καρδία
2889 4614 3069 4668 αὐτῶν
3110 4588 3299 4686 πόρρω
3326 4616 3518 4685 ἀπέχει
3564 4617 3658 4669 ἀπ’
3692 4588 3854 4687 ἐμοῦ.

597 4693 714 4746 lunt
749 4706 854 4755 me,
879 4691 1138 4746 docentes
1163 4704 1435 4763 praecepta
1461 4694 1766 4762 hominum,
1783 4705 1947 4766 atque
1970 4699 2171 4754 doctri-

600 4799 719 4838 nas.
741 4782 1055 4852 Propterea,
1073 4797 1202 4838 ecce
1225 4783 1474 4852 adjiciam
1498 4794 1557 4839 ut
1574 4786 1893 4843 transferam
1914 4790 2171 4860 populum

589 4875 766 4938 .liunc,
797 4884 852 4928 ct
875 4873 1204 4930 transferam
1232 4889 1379 4929 eum.
1416 4895 1436 4927 ι
1469 4874 1536 4930 Et
1564 4878 1691 4947 quia
1719 4878 2045 4950 sapientiam
2077 4881 2173 4936 lto-

603 4968 806 5022 miuum
834 4968 1153 5037 praeferunt,
1179 4969 1304 5023 dum
1334 4969 1550 5026 interim
1577 4974 1894 5042 sapientiam
1926 4985 1980 5029 et
2007 4978 2171 5031 verba

595 5075 720 5113 mea
750 5071 1111 5126 aversantur;
1149 5062 1282 5116 alias
1301 5077 1429 5116 vero
1455 5066 1718 5133 quasdam
1747 5068 2021 5122 seniorum
2055 5084 2174 5124 suo-

591 5165 723 5204 -rum
751 5151 1102 5216 traditiones,
1138 5167 1203 5207 ac
1244 5153 1292 5208 si
1335 5154 1664 5224 sapientium
1693 5158 1930 5212 virorum
1965 5169 2167 5229 essent,

601 5251 1011 5310 consectantur,
1035 5242 1158 5298 ideo
1187 5243 1498 5315 Scripturas
1527 5248 1744 5317 quidem
1777 5265 1926 5306 meas
1955 5265 2062 5306 non
2091 5253 2172 5308 in-

599 5336 847 5405 telligent
907 5352 922 5390 :
996 5354 1013 5387 t
1067 5336 1181 5407 Ego
1252 5355 1382 5395 vero
1448 5341 1771 5411 sapientiam
1845 5346 2167 5415 sapientium

599 5426 814 5481 illorum
854 5427 1074 5497 perdam
1099 5465 1114 5492 ,
1148 5437 1203 5482 et
1251 5429 1592 5498 prudentiam
1642 5431 1969 5500 prudentum
2010 5436 2171 5491 abro-

598 5521 757 5588 gabo.
793 5538 812 5570 ι

675 5608 836 5665 Vens.
868 5610 958 5669 15.
991 5631 1010 5664 ‹
1044 5610 1135 5668 Va:
1166 5614 1259 5682 qui
1294 5614 1618 5683 profundum
1649 5620 1932 5676 consilium
1966 5621 2172 5689 ineunt,

601 5712 653 5755 et
685 5719 788 5756 non
821 5719 918 5773 per
957 5705 1145 5760 Deum.
1176 5704 1270 5760 Vae
1303 5709 1394 5776 qui
1441 5709 1492 5762 in
1539 5709 1859 5768 abscondito
1883 5714 2173 5770 consilium

672 5817 784 5891 (33)
805 5817 942 5890 Lege
957 5819 1096 5873 κατὰ
1108 5819 1231 5884 τοὺς
1249 5819 1466 5893 ὕπνους,
1485 5823 1568 5880 vel
1587 5823 1768 5900 ἐντοῖς
1791 5824 1996 5890 ὕπνοις.
2017 5827 2171 5882 Εοιτ.

2269 4703 2474 4773 Μάτην
2491 4703 2547 4757 δὲ
2571 4705 2817 4759 σέϐονταί
2843 4723 2932 4777 με,
2955 4705 3296 4771 διδάσκοντες
3317 4707 3621 4778 ἐντάλματα
3646 4707 3860 4778 ἀνθρὼ⁶

2273 4814 2388 4850 πων
2423 4797 2518 4852 καὶ
2543 4797 2910 4863 διδασκαλίας.
2937 4799 3035 4854 Διά
3085 4799 3242 4853 τοῦτο
3275 4800 3384 4853 ἰδοὺ
3417 4800 3708 4872 προσθήσω
3754 4800 3856 4854 τοῦ

2275 4888 2585 4958 μεταθεῖναι
2611 4891 2702 4943 τὸν
2730 4891 2856 4945 λαὸν
2888 4892 3096 4956 τοῦτον,
3149 4893 3243 4947 καὶ
3291 4893 3584 4965 μεταθήσω
3617 4894 3794 4949 αὐτόν.
3830 4915 3853 4947 δ

2273 4979 2385 5030 Kal
2417 4979 2604 5051 ἐπειδὴ
2657 4983 2851 5051 σοφίαν
2883 4982 3187 5055 ἀνθρώπων
3214 4984 3626 5056 προϐάλλονται,
3665 4986 3763 5057 τὴν
3790 4988 3858 5039 ἐ-

2276 5071 2383 5141 μὴν
2415 5073 2512 5142 μὲν
2537 5073 2974 5146 ἀποστρέφοντες
3022 5077 3212 5145 σοφίαν
3256 5079 3348 5130 καὶ
3379 5079 3470 5133 τὸν
3515 5079 3645 5151 ἐμὸν
3672 5078 3858 5147 λόγον,

2273 5163 2466 5234 ἐτέρας
2488 5163 2546 5218 δέ
2574 5183 2724 5230 τινας
2749 5167 3077 5240 παραδόσεις
3103 5169 3210 5223 τῶν
3237 5173 3368 5242 παρ’
3402 5173 3583 5237 αὐτοῖς
3612 5174 3861 5244 πρεσϐυ-

2272 5255 2464 5325 τέρων,
2492 5255 2681 5329 ῶσπερ
2733 5257 2898 5311 τινῶν
2953 5257 3131 5328 σοφῶν
3155 5261 3503 5333 κατέχοντες·
3527 5261 3714 5315 τούτου
3755 5262 3868 5331 χά-

2273 5364 2356 5420 ριν
2384 5347 2484 5412 τὰς
2517 5349 2615 5420 μέν
2651 5349 2791 5422 ἐμὰς
2837 5352 3060 5424 Γραφὰς
3098 5354 3159 5407 ού
3199 5356 3540 5424 συνήσουσιν.
3572 5374 3591 5406 ‹
3613 5353 3753 5422 Ἐγὼ
3790 5355 3863 5406 δὲ

2269 5439 2431 5503 αὐτὸς
2467 5441 2578 5496 τῶν
2617 5444 2797 5512 σοφῶν
2821 5445 2999 5498 αὐτῶν
3035 5445 3132 5516 τὴν
3163 5447 3356 5516 σοφίαν
3387 5447 3594 5514 ἀπολῶ,
3623 5448 3714 5502 καὶ
3751 5449 3864 5520 τὴν

2271 5531 2484 5587 σύνεσιν
2511 5534 2619 5587 τῶν
2647 5535 2880 5588 συνετῶν
2913 5536 3183 5608 ἀθετήσω.
3207 5560 3223 5588 ι

2343 5645 2362 5675 t
2387 5625 2525 5679 Οὐαὶ
2554 5627 2604 5678 οί
2621 5625 2839 5695 βαθεῖαν
2863 5627 3056 5700 βουλὴν
3077 5628 3374 5694 ποιοῦντες,
3403 5631 3497 5684 καὶ
3516 5631 3578 5684 οὐ
3591 5630 3676 5684 διὰ
3687 5629 3864 5684 Θεοῦ.

2269 5715 2405 5770 Οὐαὶ
2425 5716 2474 5769 οἱ
2506 5717 2564 5768 ἐν
2581 5720 2762 5788 κρυφῇ
2792 5718 2986 5791 βουλὴν
3015 5719 3313 5786 ποιοῦντες,
3344 5722 3437 5777 καὶ
3465 5721 3617 5778 ἔσται
3636 5724 3693 5777 ἐν
3722 5721 3866 5779 σκύ-

2342 5831 2452 5902 (54)
2493 5831 2658 5890 Forte
2685 5833 2968 5907 legendum
3006 5835 3130 5892 τῶν.
3163 5836 3319 5894 Ευιτ.
