4158 6402
339 341 437 400 30!

1239 331 1739 390 COMMENTARIA
1777 329 1845 385 IN
1886 327 2140 385 ISAIAM.
2183 365 2250 374 -η
2286 333 2440 388 CAP.
2483 333 2674 389 XXIX.

3479 335 3582 390 sua

339 461 516 517 τειτά
548 461 683 534 ἔργα
730 459 936 514 αὐτῶν·
974 459 1064 512 καὶ
1090 457 1292 529 ἐροῦσι,
1319 457 1415 519 Τίς
1445 455 1686 526 ἑώρακεν
1728 455 1872 523 ἡμᾶς
1898 469 1910 516 ;

2026 454 2219 512 ineunt,
2243 463 2296 507 et
2320 465 2478 509 erunt
2507 455 2558 508 in
2585 452 2822 508 tenebris
2850 465 3009 520 opera
3039 467 3222 507 eorum
3248 470 3260 506 :
3291 462 3343 508 et
3379 453 3580 513 dicent,

340 555 434 608 καὶ
459 554 544 616 τίς
576 553 721 623 ἡμᾶς
761 549 1045 619 γνώσεται,
1075 549 1108 620 ἢ
1133 548 1168 603 ἃ.
1223 549 1382 619 ἡμεῖς
1411 547 1704 616 ποιοῦμενς
1735 571 1753 595 ι
1800 546 1912 596 Εἶτ’

341 645 637 716 ἐπειδήπερ
659 642 929 696 θεοσεϐεῖν
956 639 1408 710 ἐπαγγελλόμενοι
1441 641 1552 702 τοῖς
1579 637 1831 707 χείλεσιν,
1857 638 1914 688 ἐν

341 739 419 810 τῷ
457 737 684 808 κρυπτῷ
714 735 782 790 τὰ
819 735 1067 806 χείριστα
1098 732 1494 804 διεπράττοντο,
1551 729 1914 802 φαρμακείαις

342 831 440 884 καὶ
463 829 843 901 ἀκαθαρσίαις,
880 827 974 880 καὶ
996 825 1182 889 ἄλλαις
1225 825 1444 894 μυρίαις
1467 822 1742 892 ἀθεμίτοις
1771 821 1914 891 πρά-

345 921 461 987 ξεσι
485 938 547 974 συ
555 920 886 992 μφυρόμενοι
907 934 923 949 ο
951 919 1083 970 πᾶσι
1102 917 1159 970 δὲ
1181 915 1391 978 τούτοις
1414 915 1717 985 ἐνεχείρουν
1743 912 1818 976 ὡς
1841 913 1916 983 μὴ

344 1015 646 1087 ἐφορῶντος
684 1011 779 1067 τοῦ
809 1011 944 1066 Θεοῦ
964 1028 977 1041 ’
1005 1010 1229 1073 εἰκότως
1262 1009 1459 1073 αὐτοὺς
1487 1004 1758 1072 ταλανίζει
1788 1005 1918 1060 ταῦ-

344 1125 412 1160 τα
437 1107 608 1175 λέγων
627 1123 641 1138 ·
1890 1097 1901 1114 ⁷

423 1219 441 1251 ι
467 1200 580 1268 Οὐχ
619 1197 694 1260 ὡς
721 1195 890 1267 πηλὸς
920 1192 1012 1249 τοῦ
1052 1193 1340 1265 κεραμέως
1379 1192 1796 1264 λογισθήσεσθε;
1826 1190 1918 1263 Μὴ

345 1294 461 1363 ἐρεῖ
489 1292 550 1344 τὸ
578 1289 804 1360 πλάσμα
833 1288 912 1359 τῷ
964 1287 1228 1341 πλάσαντι
1275 1285 1425 1350 αὐτὸ,
1461 1286 1538 1338 Ob
1570 1284 1632 1339 σύ
1668 1302 1735 1355 με
1757 1283 1921 1336 έπλα-

346 1401 472 1449 σας;
502 1383 536 1454 ἢ
558 1382 618 1435 τὺ
638 1381 846 1453 ποίημα
864 1378 940 1450 τῷ
963 1380 1268 1451 ποιήσαντι,
1294 1377 1369 1432 Οὐ
1393 1377 1626 1440 συνετῶς
1648 1395 1714 1448 με
1738 1378 1920 1447 ἐποίη-

347 1492 482 1541 σας;
512 1494 532 1527 ι
566 1475 627 1527 Ei
659 1473 768 1544 γὰρ
810 1472 874 1542 δὴ
907 1471 1106 1534 πάντες
1138 1469 1413 1542 ἄνθρωποι
1450 1469 1605 1541 πηλῷ
1634 1471 1920 1542 κεραμέως

342 1566 603 1636 ἐοίκαμεν
633 1563 795 1618 διὰτὸ
817 1563 1037 1634 πήλινον
1068 1563 1224 1633 ἡμῶν
1245 1562 1424 1633 σῶμα,
1459 1561 1574 1624 πῶς
1604 1560 1920 1630 οὐχχὲπεται

347 1660 508 1721 νοεῖν,
539 1658 619 1711 ὅτι
649 1656 722 1728 μὴ
749 1655 970 1709 δυνατὸν
1001 1653 1182 1708 λαθεῖν
1211 1653 1303 1708 τὸν
1337 1653 1584 1724 ποιητὴν,
1614 1653 1803 1716 ὁποίας
1833 1653 1923 1723 ἐρ-

347 1749 541 1818 γασίας
563 1748 794 1820 ὑπάρχει
821 1746 883 1800 τὸ
912 1747 1002 1799 ὑπ’
1033 1744 1194 1798 αὐτοῦ
1215 1744 1610 1817 πεποιημένον;
1639 1745 1736 1808 Τίς
1766 1744 1923 1798 δύνα-
1951 1787 1995 1842 Β

346 1859 458 1906 ται,
489 1842 521 1912 ἥ
552 1842 636 1905 τίς
657 1839 915 1910 τολμήσει
941 1839 1124 1907 φάναι,
1151 1839 1232 1891 ὅτι
1259 1837 1333 1909 μὴ
1359 1839 1388 1890 ὁ
1411 1837 1538 1902 Θεὸς
1571 1837 1730 1891 αὑτὸν
1755 1837 1917 1890 ἐπλα-

351 1949 482 2000 σεν;
517 1935 578 1987 Ei
608 1933 666 1988 δὲ
692 1934 791 1988 οὐκ
824 1933 892 1986 ἂν
919 1930 1058 1984 εἴποι
1087 1929 1260 1985 ταῦτά
1290 1947 1420 1984 ποτε
1449 1930 1578 2000 περὶ
1619 1929 1712 1983 τοῦ
1749 1947 1917 2002 κερα-

353 2024 499 2095 μέως
528 2025 556 2078 ὁ
587 2021 940 2093 ὑποκείμενος
971 2020 1119 2092 αύτῷ
1146 2019 1335 2091 πηλὸς,
1373 2019 1549 2091 δῆλον,
1581 2020 1658 2084 ὡς
1700 2020 1917 2090 μάταιοι

351 2118 551 2182 πάντες
580 2118 630 2170 οἱ
661 2116 806 2170 ἔνδον
833 2117 898 2187 τῇ
935 2115 1079 2185 ψυχῇ
1111 2114 1288 2168 αὐτῶν
1333 2111 1526 2184 βουλὴν
1557 2112 1775 2182 βαθεῖαν
1806 2113 1919 2165 δια-

351 2208 650 2279 νοούμενοι,
692 2208 787 2260 καὶ
837 2205 928 2259 τὸν
966 2205 1096 2258 Θεὸν
1141 2205 1376 2275 οἰόμενοι
1407 2204 1624 2272 ἀγνοεῖν
1645 2203 1714 2258 τὰ
1759 2205 1815 2256 ἐν
1843 2203 1920 2273 τῷ

356 2299 532 2369 σκότῳ
564 2297 909 2369 πραττόμενα
937 2295 1118 2359 αὐτοῖς
1141 2295 1297 2366 ἔργα.

383 2424 397 2439 .
431 2410 451 2444 ι
475 2393 671 2446 Οὐκέτι
703 2389 892 2461 μικρὸν
919 2389 1018 2442 καὶ
1051 2388 1470 2460 μετατεθήσεται
1500 2389 1529 2442 ὁ
1563 2386 1813 2450 Λίϐανος,
1847 2386 1921 2450 ὡς

353 2483 418 2536 τὸ
447 2483 572 2554 ὅρος
601 2482 662 2535 τὸ
684 2478 921 2552 Χέρμελ,
943 2479 1038 2533 καὶ
1069 2479 1128 2533 τὸ
1174 2479 1393 2550 Χέρμελ
1420 2480 1501 2542 εις
1545 2477 1746 2548 δρυμὸν
1777 2478 1924 2546 λογι-

356 2576 610 2647 σθήσεται
635 2590 649 2638 ;
677 2593 695 2625 ι
731 2572 956 2627 Λίϐανον
982 2570 1079 2642 μὲν
1109 2569 1200 2624 τὸν
1229 2571 1290 2634 ἐξ
1321 2569 1487 2624 ἐθνῶν
1513 2569 1661 2634 λαὸν,
1693 2568 1925 2640 Κάρμη-

354 2667 519 2721 λονδὲ
543 2667 604 2720 τδ
617 2665 881 2720 Ἰουδαίων
915 2664 1064 2726 ἔθνος
1087 2661 1217 2734 ('55).
1241 2662 1495 2717 Ἕσεσθαι
1513 2662 1692 2716 τοίνυν
1715 2677 1926 2734 προφη-

352 2759 501 2813 τεύει
525 2758 584 2812 τὺ
607 2759 704 2829 μὲν
746 2755 1010 2811 Ἰουδαίων
1051 2755 1202 2819 ἔθνος
1232 2749 1342 2808 οἷόν
1377 2772 1500 2810 τινα
1527 2755 1729 2826 δρυμὸν
1751 2755 1924 2822 ξύλων

354 2852 560 2923 ἀγρίων
592 2851 686 2903 καὶ
727 2848 1010 2920 ἀκάρπων·
1061 2847 1154 2901 τὸν
1193 2847 1250 2901 δὲ
1282 2846 1448 2902 πάλαι
1492 2845 1683 2918 δρυμῷ
1715 2846 1924 2900 ἐοικότα

357 2939 607 3002 Λίϐανον,
633 2937 725 2991 τὸν
755 2937 815 3003 ἐξ
845 2937 1011 2992 ἐθνῶν
1063 2935 1212 3000 λαὸν,
1262 2938 1444 3000 ὁποῖος
1469 2931 1537 3007 ἦν
1570 2953 1700 2990 ποτε
1727 2937 1756 2988 ὁ
1799 2937 1926 2990 Ἰου-

292 3035 299 3041 ’
357 3029 520 3084 δαίων
540 3029 687 3093 λαὸς,
719 3028 1141 3100 πεπληρωμένος
1167 3027 1394 3100 δένδρων
1418 3028 1636 3098 ἀγαθῶν
1667 3029 1762 3083 καὶ
1789 3046 1924 3082 παν-

359 3123 519 3177 τοίων
551 3122 729 3192 φυτῶν
752 3139 812 3175 τε
833 3121 926 3176 καὶ¹
947 3119 1192 3192 καρπῶν.

440 3321 459 3356 ι
483 3301 593 3355 Καὶ
619 3300 934 3356 ἀκούσονται
959 3301 1016 3355 ἐν
1047 3303 1113 3373 τῇ
1132 3301 1312 3373 ἡμέρᾳ
1338 3301 1517 3373 ἐκείνῃ
1545 3301 1717 3370 κωφοὶ
1740 3299 1928 3369 λόγους

365 3394 594 3466 βιϐλίου,
629 3396 725 3450 καὶ
749 3396 796 3449 οἰ
816 3395 873 3448 ἐν
897 3394 976 3466 τῷ
1013 3394 1213 3461 σκότει,
1244 3396 1338 3448 καὶ
1359 3396 1406 3448 οἱ
1442 3396 1500 3448 ἐν
1532 3396 1598 3466 τῇ
1622 3393 1844 3465 ὁμίχλῃ’
1873 3393 1930 3446 ὁ-

363 3488 600 3559 φθαλμοὶ
628 3486 840 3557 τυφλῶν
879 3487 1114 3555 δψονται.
1147 3507 1166 3539 ι
1210 3487 1375 3550 Ποίας
1410 3487 1467 3540 δὲ
1505 3485 1764 3557 βίϐλου,ἢ
1796 3485 1928 3540 ταύ-

361 3599 461 3654 της
483 3580 650 3651 αύτῆς
665 3580 764 3651 τῆς
788 3581 920 3652 μετά
934 3583 1140 3651 χεῖρας,
1161 3581 1291 3650 περὶ
1315 3574 1382 3651 ἦς
1405 3578 1660 3650 ἀνωτέρω
1679 3578 1894 3647 ἐλέγετο
1912 3597 1924 3609 ο

371 3693 390 3726 ι
414 3675 574 3746 Ὑμῖν
603 3675 673 3728 τὰ
704 3675 923 3747 ῥήματα
941 3673 1113 3728 ταῦτα
1141 3675 1339 3741 πάντα,
1382 3675 1458 3737 ὡς
1483 3677 1531 3729 οἱ
1557 3674 1704 3743 λόγοι
1733 3674 1827 3728 τοῦ
1849 3674 1930 3745 βι-

364 3766 512 3820 ϐλίου
537 3765 628 3820 τοῦ
660 3767 1091 3838 ὲσφραγισμένου
1113 3767 1321 3822 τούτου.
1344 3787 1364 3821 ι
1412 3767 1572 3821 Ἀλλά
1597 3767 1675 3838 τῷ
1709 3767 1807 3838 μέν
1835 3785 1932 3821 πο-

363 3875 422 3912 τε
454 3858 753 3930 Καρμήλῳ,
780 3859 1163 3930 μεταϐληθέντι
1195 3859 1253 3912 δὲ
1284 3860 1364 3924 εἰς
1396 3859 1619 3930 δρυμὸν,
1648 3859 1858 3913 ἔσονται
1879 3861 1929 3912 οἱ

364 3950 510 4019 λόγοι
552 3950 647 4003 τοῦ
691 3950 894 4020 βιϐλίου
945 3951 1042 4021 τῆς
1091 3951 1424 4022 προφητείας
1469 3953 1928 4024 ἐσφραγισμένοι·

2015 544 2145 608 Quis
2173 544 2306 598 vidit
2335 560 2432 599 nos
2465 546 2488 597 ?
2521 554 2614 598 aut
2643 544 2766 614 quis
2816 558 2916 597 nos
2966 551 3289 613 cognoscet,
3336 553 3434 598 aut
3467 558 3586 610 qua-

2016 649 2114 688 nos
2145 635 2416 689 facimus?
2447 655 2465 686 ι
2495 635 2699 690 Deinde
2731 634 2856 704 quia
2893 649 2954 690 se
2992 634 3160 690 Deum
3201 635 3378 690 colere
3427 635 3586 688 lahik

2015 725 2351 795 proﬁtentes,
2404 726 2455 778 in
2502 725 2715 780 occulto
2750 724 2984 793 pessima
3031 740 3260 794 qumque
3301 735 3577 795 perpetra-

2015 817 2166 882 bant,
2199 817 2252 870 in
2280 815 2574 880 veneﬁciis,
2621 815 2996 879 immunditiis,
3032 826 3089 870 et
3136 815 3409 870 sexcentis
3464 813 3587 868 aliis

2019 911 2238 965 nefariis
2263 909 2428 978 gestis
2455 921 2574 964 sese
2591 907 2926 962 volutantes:
2964 909 3186 977 bamque
3211 906 3394 961 omnia
3429 904 3583 975 quasi

2017 1019 2127 1060 non
2176 1004 2536 1074 pr05piciente
2586 1003 2696 1058 Deo
2732 1003 3109 1074 peragebant;
3157 1003 3282 1074 jure
3330 1002 3450 1058 illos
3499 999 3586 1054 his

2019 1096 2198 1151 verbis
2226 1094 2456 1150 miseros
2480 1094 2811 1164 deprmdicat
2852 1112 2866 1149 :

2091 1187 2253 1242 Vens.
2284 1186 2372 1241 16.
2413 1205 2431 1238 ι
2467 1185 2655 1243 Nonne
2685 1197 2745 1241 ut
2774 1187 2944 1240 lutum
2980 1185 3125 1256 ﬁguli
3159 1182 3586 1256 reputabimini?

2018 1275 2154 1330 Num
2188 1277 2332 1331 dicet
2365 1277 2677 1345 ﬁgmentum
2704 1276 2878 1331 ﬁctori
2921 1291 3039 1343 suo,
3067 1275 3149 1329 Tu
3176 1290 3259 1330 me
3283 1289 3390 1330 non
3426 1273 3586 1328 ﬁnxi-

2019 1369 2128 1422 Sti?
2160 1377 2254 1422 aut
2291 1383 2426 1437 opus
2482 1367 2778 1438 Opiﬁci,Tu
2808 1385 2892 1423 me
2919 1384 3025 1423 non
3055 1369 3323 1436 sapienter
3340 1367 3580 1422 fecisti?»

2021 1460 2087 1512 At
2115 1461 2257 1514 enim
2294 1461 2339 1515 si
2379 1475 2567 1516 omnes
2608 1459 2852 1514 homines
2890 1459 2959 1513 ob
2989 1458 3194 1513 luteum
3227 1472 3425 1528 corpus
3470 1457 3583 1512 luto

2023 1553 2166 1624 ﬁguli
2194 1554 2399 1611 similes
2425 1569 2635 1619 sumus,
2663 1555 2762 1626 qui
2787 1568 2892 1619 non
2918 1562 3313 1621 consequenter
3337 1561 3587 1622 putemus

2023 1657 2127 1698 non
2149 1657 2305 1712 posse
2329 1643 2572 1712 opiﬁcem
2607 1644 2796 1710 latere,
2821 1659 2954 1714 quas
2971 1652 3313 1714 operatzones
3330 1641 3448 1699 edat
3467 1641 3587 1710 opi-

2024 1734 2209 1792 ﬁcium
2251 1737 2446 1791 suum?
2479 1736 2610 1803 Quis
2636 1736 2816 1791 dicere
2842 1737 3013 1806 possit
3039 1736 3120 1790 vel
3143 1737 3356 1800 audeat,
3391 1751 3449 1790 se
3479 1750 3584 1790 non

2022 1840 2054 1880 a
2086 1827 2192 1882 Deo
2214 1827 2552 1882 efformatum
2578 1830 2730 1884 esse?
2751 1829 2901 1896 Quod
2934 1829 2978 1883 si
3011 1829 3063 1882 id
3099 1829 3262 1899 ﬁgulo
3285 1827 3585 1897 subjectum

2024 1918 2126 1988 ipsi
2163 1918 2334 1973 lutum
2381 1934 2656 1988 nunquam
2686 1921 2920 1987 dixerit;
2956 1919 3131 1988 palam
3171 1931 3318 1975 certe
3348 1927 3431 1974 est
3459 1917 3588 1973 futi-

2022 2010 2103 2070 les
2139 2021 2194 2065 et
2235 2025 2404 2066 vanos
2442 2027 2565 2067 esse
2600 2027 2788 2069 omnes
2829 2013 2918 2082 qui
2964 2014 3113 2068 intus
3149 2011 3202 2067 in
3247 2013 3432 2066 animo
3461 2025 3588 2082 pro-

2024 2101 2186 2156 funda
2212 2101 2432 2156 consilia
2481 2103 2688 2168 ineunt,
2716 2112 2770 2158 et
2811 2119 2932 2174 quae
2963 2103 3065 2172 ipsi
3103 2103 3157 2158 in
3189 2102 3425 2159 tenebris
3449 2101 3588 2158 faci-

2025 2208 2157 2249 nora
2194 2197 2382 2259 edunt,
2420 2195 2586 2249 Deum
2629 2197 2880 2266 ignorare
2917 2198 3251 2252 existimant.

2097 2364 2263 2422 Vsus.
2305 2368 2391 2421 17.
2437 2386 2456 2420 ι
2503 2367 2694 2425 Nonne
2729 2370 2902 2426 adhuc
2939 2371 3231 2441 paululum,
3265 2381 3322 2427 et
3357 2373 3588 2430 transfe-

2027 2466 2179 2514 retur
2212 2457 2449 2514 Libanus
2484 2461 2627 2515 sicut
2663 2476 2818 2518 mons
2856 2462 3122 2525 Chermel,
3155 2473 3210 2517 et
3247 2463 3496 2521 Cltermel
3536 2469 3590 2524 in

2029 2551 2220 2607 saltum
2260 2553 2598 2622 reputabitur
2632 2553 2657 2608 ?
2701 2572 2720 2608 ι
2779 2554 3040 2611 Libanum
3081 2557 3294 2627 quidem
3336 2559 3588 2629 populum

2029 2657 2096 2700 ex
2135 2643 2406 2714 gentibus,
2435 2643 2739 2700 Carmelum
2779 2662 2907 2702 vero
2940 2646 3217 2703 Judaicam
3252 2659 3464 2719 gentem
3499 2665 3594 2704 vo-

2031 2745 2139 2791 cat.
2180 2735 2292 2792 Ceu
2321 2739 2608 2806 quemdam
2655 2737 2853 2792 saltum
2893 2739 3185 2809 agrestium
3213 2750 3268 2795 et
3296 2739 3626 2796 infructuo-'

2029 2844 2212 2899 sarum
2241 2830 2497 2884 arborum
2525 2827 2640 2884 fore
2666 2827 2948 2884 Judaicum
2973 2828 3224 2899 p0pnlum
3242 2830 3590 2884 vaticinatur.

2029 2923 2294 2979 Libanum
2330 2933 2530 2988 autem,
2553 2924 2644 2994 qui
2680 2923 2808 2978 olim
2854 2924 3011 2978 saltui
3038 2924 3231 2980 similis
3258 2936 3397 2988 erat,
3427 2939 3594 2994 popu-

2031 3014 2142 3069 lum
2168 3014 2420 3071 videlicet
2447 3029 2516 3069 ex
2542 3015 2816 3086 gentibus,
2858 3014 3096 3070 futurum
3127 3015 3222 3079 ait,
3253 3016 3427 3086 qualis
3461 3016 3592 3070 olim

2031 3113 2148 3161 erat
2191 3103 2448 3160 Judaicus
2491 3105 2756 3174 populus,
2813 3105 3028 3175 plenum
3082 3106 3238 3164 bonis
3287 3088 3592 3171 arboribus,

2029 3197 2376 3268 omniumque
2401 3211 2656 3268 generum
2688 3195 2890 3266 plantis
2910 3206 2960 3251 et
2985 3196 3269 3253 fructibus.

2099 3287 2264 3344 Vens.
2295 3286 2380 3344 18.
2417 3307 2437 3341 ‹
2471 3287 2536 3342 Ει
2559 3287 2779 3342 audient
2815 3287 2870 3341 in
2898 3286 3105 3343 die'illa
3131 3288 3278 3343 surdi
3307 3303 3592 3345 sermones

2028 3381 2175 3447 libri,
2204 3393 2258 3438 et
2294 3383 2386 3452 qui
2426 3382 2478 3437 in
2520 3381 2794 3446 tenebris,
2832 3391 2887 3436 et
2924 3381 3012 3450 qui
3051 3382 3102 3435 in
3145 3379 3410 3452 caligine;
3448 3378 3590 3436 oculi

2029 3488 2293 3529 czecorum
2352 3473 2629 3526 videbunt.
2683 3490 2702 3522 ι
2747 3470 2913 3540 Cujus
2965 3470 3133 3533 libri,
3179 3469 3280 3523 nisi
3337 3469 3583 3538 hujusce,

2029 3580 2187 3634 quem
2227 3578 2337 3633 pra:
2377 3562 2622 3616 manibus
2658 3561 2953 3624 habemus,
2994 3563 3060 3616 de
3098 3574 3206 3629 quo
3243 3573 3404 3628 supra
3443 3558 3592 3613 dice-

2031 3659 2223 3723 batur,
2262 3675 2280 3708 ι
2320 3655 2486 3711 Vobis
2522 3654 2684 3709 verba
2723 3653 2838 3708 haec
2871 3651 3051 3707 omnia
3077 3691 3093 3715 ,
3133 3650 3280 3706 velut
3315 3663 3594 3705 sermones

2032 3751 2229 3822 signati
2269 3750 2391 3806 libri
2443 3748 2641 3818 hujus?
2681 3767 2699 3801 ι
2739 3745 2936 3802 Verum
2979 3745 3027 3800 ei
3075 3743 3163 3814 qui
3213 3742 3342 3798 olim
3381 3742 3593 3811 quidem

2033 3843 2332 3910 Carmelus,
2363 3844 2458 3898 sed
2485 3842 2597 3912 jam
2622 3849 2862 3896 mutatus
2884 3849 2965 3894 est
2994 3839 3046 3892 in
3073 3835 3291 3902 saltum,
3314 3842 3476 3892 erunt
3503 3835 3596 3887 hu-

2029 3937 2183 4007 jusce
2230 3935 2350 3991 libri
2401 3944 2456 3990 et
2507 3935 2807 4005 prophetiae
2850 3945 3128 3988 sermones
3179 3927 3594 3999 obsignatiﬁlli

364 4016 477 4106 τοῖς
504 4042 561 4096 δὲ
590 4016 754 4097 πάλαι
787 4016 1011 4112 τυφλοῖς
1046 4016 1147 4096 καί
1169 4016 1226 4096 ἐν
1357 4016 1557 4115 δρυμῷ⁷
1577 4016 1672 4096 τού
1700 4016 1926 4098 Λιϐάνου

2035 4041 2165 4082 vero
2201 4024 2294 4095 qui
2331 4026 2457 4081 olim
2495 4027 2645 4088 caeci,
2685 4033 2740 4078 et
2777 4023 2830 4077 in
2868 4020 3005 4076 saltu
3044 4018 3235 4074 Libani
3277 4016 3598 4087 reputaban-

364 4133 782 4204 λελογισμένοις,
820 4109 1228 4205 μεταϐληθεῖσιν
1251 4109 1342 4186 ἐπὶ
1367 4109 1426 4187 τὸ
1450 4109 1653 4204 ἥμερον
1685 4133 1780 4187 καὶ
1800 4150 1926 4204 καρ-

2037 4125 2124 4172 ιυι·
2163 4131 2302 4180 esse,
2342 4125 2628 4186 postquam
2677 4112 2746 4169 ad
2791 4121 3126 4166 mansuetum
3160 4119 3216 4165 et
3256 4109 3595 4164 fructuosum

367 4200 622 4296 ποφόρον,
671 4200 924 4279 ἀκουστοὶ
966 4200 1284 4297 γενήσονται
1330 4226 1380 4278 οἱ
1433 4200 1577 4292 λύγοι
1599 4224 1706 4278 τῶν
1761 4200 1918 4278 θείων

2035 4220 2240 4263 morem
2258 4206 2496 4260 translati
2511 4204 2729 4268 fuerint,
2747 4201 3054 4258 divinarum
3070 4200 3280 4270 Scriptu
3290 4213 3470 4253 rarum
3483 4211 3598 4253 ser-

365 4291 736 4392 γραμμάτων·
774 4321 867 4374 καὶ
902 4319 952 4372 οἱ
980 4291 1148 4372 πάλαι
1167 4318 1224 4372 δὲ
1251 4318 1400 4382 ὄντες
1436 4291 1602 4386 ἐντῷ
1637 4316 1816 4369 σκότει
1845 4315 1926 4369 καὶ

2037 4315 2226 4356 mones
2259 4299 2518 4365 audient;
2559 4307 2612 4352 et
2648 4299 2736 4368 qui
2772 4295 2899 4351 olim
2933 4297 2986 4350 in
3019 4293 3254 4350 tenebris
3287 4302 3342 4346 et
3367 4291 3599 4361 caligine

573 4412 791 4484 ὁμίχλῃ,
820 4411 959 4464 ὥστε
991 4409 1064 4482 μὴ
1094 4410 1308 4482 βλέπειν
1335 4413 1472 4480 μήτε
1504 4382 1764 4472 συνιέναι,
1798 4407 1926 4478 μήτε

2038 4393 2414 4456 versabantur,
2473 4392 2546 4446 ita
2575 4399 2632 4443 ut
2672 4403 2778 4444 non
2809 4388 3086 4450 viderent,
3119 4399 3294 4454 neque
3337 4382 3600 4450 intellige-

366 4469 530 4568 νοεῖν,
569 4469 1018 4571 δίά”τέ’τυφλοὺξ
1045 4469 1188 4571 ἐχειν
1232 4469 1356 4563 τοὺς
1397 4469 1729 4570 οφθαλμοὺς,
1752 4469 1926 4563 ὦτα,

2041 4493 2180 4550 rent,
2216 4499 2389 4554 neque
2412 4483 2746 4551 cogitarent,
2777 4483 2903 4549 quia
2934 4478 3107 4533 oculis
3135 4479 3262 4532 caeci
3285 4484 3444 4530 erant
3468 4513 3485 4538 ,
3510 4473 3598 4527 in-

365 4566 666 4670 παραδόξου
701 4566 998 4666 μεταϐολῆς
1027 4566 1361 4660 ἀξιωθέντες,
1400 4566 1592 4662 θεωροῖ
1617 4591 1926 4662 γενήσονται

2039 4585 2352 4644 exspectata
2383 4574 2680 4630 mutatione
2718 4571 2956 4641 dignati,
2990 4570 3365 4640 mysteriorum
3403 4566 3459 4620 in
3506 4577 3598 4620 sa-

367 4661 475 4742 τῶν
489 4661 914 4758 ἐναποκειμένων
928 4661 1105 4748 ἐντοῖς
1125 4683 1287 4748 θείοις
1300 4661 1584 4755 γράμμασι
1607 4681 1926 4753 μυστηρίων.

2040 4671 2150 4725 eris
2182 4668 2379 4724 litteris
2409 4665 2813 4729 reconditorum
2839 4661 3208 4736 speculatores
3239 4667 3420 4714 erunt.

441 4800 460 4832 ι
480 4781 590 4834 Καὶ
623 4778 1036 4848 ἀγαλλιάσονται
1061 4777 1263 4848 πτωχοὶ
1293 4775 1380 4828 διὰ
1416 4774 1618 4846 Κύριον
1639 4774 1697 4826 ἐν
1736 4773 1934 4843 εὐφρο-

369 4873 522 4945 σύνῃ,
565 4872 658 4926 καὶ
701 4871 752 4924 οἱ
805 4868 1206 4939 ἀπηλπισμένοι
1253 4866 1360 4921 τῶν
1397 4865 1695 4936 ἀνθρώπων
1721 4864 1934 4936 ἐμπλη-

367 4965 654 5037 σθήσονται
681 4963 1036 5036 εὐφροσύνης.
1064 4982 1082 5015 ι
1139 4962 1233 5025 Τίς
1259 4961 1365 5031 γὰρ
1402 4959 1496 5013 καὶ
1535 4959 1782 5031 διενοήθη
1817 4960 1934 5012 πώ-

365 5075 496 5111 ποτε
517 5059 643 5121 τοὺς
666 5058 731 5111 ἐκ
761 5057 1009 5129 πατέρων
1027 5055 1434 5126 είδωλολάτρας,
1457 5053 1649 5116 ἀθέους
1664 5054 1820 5117 ὄντας
1841 5055 1935 5107 καὶ

366 5149 578 5214 ἀσεϐεῖς
624 5150 718 5202 καὶ
749 5148 1056 5220 ἀλλοτρίους
1109 5147 1207 5218 τῆς
1248 5144 1499 5216 γνώσεως
1533 5145 1627 5200 τοῦ
1673 5144 1828 5210 θεοῦ,
1859 5145 1940 5208 είς

362 5242 616 5312 τοιαύτην
645 5241 796 5312 ἥξειν
826 5239 1045 5304 ἐλπίδα;
1079 5239 1268 5310 Ὅμως
1298 5239 1343 5291 δ’
1371 5233 1463 5291 οὖν
1507 5237 1600 5291 καὶ
1632 5255 1650 5289 ι
1681 5238 1732 5290 οί
1766 5236 1940 5307 ἀπηλ-

366 5333 638 5404 πισμένοι,
719 5333 872 5402 φησὶ,
926 5330 1036 5385 τῶν
1077 5329 1380 5403 ἀνθρώπων
1452 5328 1928 5401 ἐμπλησθήσονται

366 5425 721 5498 εὐφροσύνης.
746 5444 765 5476 ι

441 5537 460 5570 ι
484 5517 757 5583 Ἐξέλιπεν
771 5517 1000 5586 ἄνομος,
1036 5517 1128 5569 καὶ
1169 5514 1415 5570 ἀπώλετο
1449 5514 1814 5584 ὑπερήφανος,
1841 5510 1935 5565 καὶ

2111 4761 2276 4818 Vsus.
2325 4761 2411 4819 i9.
2483 4780 2502 4814 ι
2541 4759 2609 4814 Et
2656 4759 3004 4814 exsultabunt
3048 4769 3308 4826 pauperes
3377 4761 3601 4824 propter

2042 4854 2326 4911 Dominum
2351 4856 2405 4908 in
2441 4852 2646 4919 laetitia,
2686 4862 2741 4907 et
2762 4865 2856 4921 spe
2907 4848 3149 4905 destituti
3194 4846 3462 4910 homines,
3498 4845 3601 4899 im-

2041 4947 2330 5018 plebuntur
2356 4946 2560 5001 laetitia.
2598 4964 2619 4998 ι
2648 4943 2780 5010 Quis
2833 4940 2975 4998 enim
3019 4952 3258 5008 unquam
3309 4935 3602 5008 cogitasset

2043 5054 2158 5104 eos,
2192 5039 2283 5108 qui
2316 5054 2346 5091 a
2377 5038 2672 5108 majoribus
2703 5031 3020 5096 idololatrae,
3055 5029 3200 5084 athei
3227 5038 3283 5082 et
3307 5028 3492 5097 impii,
3524 5036 3602 5081 at-

2043 5148 2148 5202 que
2175 5131 2329 5187 ιι.οεί
2357 5130 2664 5200 cognitione
2688 5125 2849 5182 alieni
2888 5133 3074 5190 erant,
3125 5131 3327 5177 tantam
3357 5121 3409 5174 in
3449 5135 3600 5190 spem

2043 5235 2303 5280 venturos
2319 5222 2484 5278 fuisse
2499 5223 2522 5276 ?
2539 5223 2810 5282 Attamen,
2833 5218 2930 5284 ait,
2948 5217 3110 5272 etiam
3127 5215 3190 5279 ii,
3211 5214 3303 5284 qui
3325 5231 3344 5264 ι
3373 5228 3470 5282 spe
3510 5214 3605 5268 de-

2046 5317 2220 5375 ειὶιυιί
2251 5324 2410 5372 erant
2436 5314 2702 5374 homines,
2739 5309 3106 5379 implebuntur
3135 5306 3338 5360 laetitia.
3384 5324 3404 5357 ι

2108 5501 2273 5556 Vsus.
2306 5499 2399 5554 20.
2431 5515 2450 5549 ι
2489 5495 2700 5551 Defecit
2738 5493 2977 5564 iniquus,
3019 5501 3076 5546 et
3109 5489 3272 5560 periit
3315 5487 3602 5557 superbus,

369 5577 838 5682 ἐξωλοθρεύθησαν
872 5577 922 5660 οἱ
956 5606 1280 5676 ἀνομοῦντες
1317 5604 1410 5658 ἐπὶ
1442 5577 1672 5676 κακίαι-ι
1717 5603 1926 5656 Τούτων

2041 5604 2098 5650 et
2127 5593 2289 5648 deleti
2337 5597 2466 5645 sunt
2507 5587 2691 5658 inique
2744 5596 2968 5656 agentes
3019 5599 3130 5652 prae
3162 5580 3390 5651 malitia.
3439 5598 3458 5631 ι
3493 5577 3604 5654 ~liis

367 5701 764 5756 ἀπολαύσουσιν
799 5691 946 5753 οὗτοί
986 5698 1204 5764 πάντες,
1236 5697 1422 5766 ἐπειδὴ
1454 5700 1482 5750 ὁ
1512 5696 1676 5750 πάλαι
1722 5693 1926 5766 κρατῶν

2039 5687 2291 5741 fruentur
2324 5683 2381 5739 hi
2413 5694 2636 5750 omnes,
2661 5679 2788 5751 quia
2819 5678 2865 5735 is
2902 5675 2994 5747 qui
3036 5675 3166 5732 olim
3211 5671 3501 5743 imperium
3549 5677 3606 5723 et

440 5814 554 5886 ('55)
595 5816 790 5873 Deesse
822 5813 1036 5871 vidctur
1073 5810 1289 5884 aliquod
1326 5810 1573 5878 verbum,
1608 5824 1660 5866 ν.
1685 5803 1761 5879 ε.,
1791 5805 1926 5862 καλέ

2263 5801 2485 5837 ””ἶπσῖ’ῖίιίῖ
