4158 6402
555 309 660 362 503

1220 308 1486 365 lCUSEBll
1526 306 2009 366 CAESARIENSIS
2046 306 2200 363 OPP.
2241 306 2422 363 PARS
2460 308 2551 364 Ill.
2592 343 2659 351 —
2699 310 3109 370 EXEGETICA.

3724 322 3829 379 504

555 422 897 492 tyrannidem
928 424 978 478 in
997 437 1096 480 eos
1120 425 1418 490 obtinebat,
1450 408 1667 496 iniquus
1692 437 1746 481 et
1781 427 1980 497 impius
2008 428 2121 498 qui-

2237 425 2416 480 αύτῶν
2463 428 2557 482 καὶ
2594 429 2893 499 τυραννῶν,
2961 430 3159 502 ἀνομὸς
3197 451 3279 498 τις
3329 434 3424 488 καὶ
3474 435 3675 507 ἀσεϐὴς
3728 437 3829 508 ἀρ-

552 514 678 568 dam
710 516 994 585 princeps,
1032 515 1281 571 diabolus
1315 518 1534 587 inquam
1564 559 1581 585 ,
1628 518 1833 574 defecit
1870 531 1926 577 et
1973 522 2135 590 periit

552 606 714 678 longe
743 608 1019 679 depulsus,
1056 608 1323 677 superbus
1352 609 1458 670 ille,
1492 611 1586 680 qui
1618 610 1746 673 olim
1770 612 1917 682 ipsos
1940 613 1993 669 in
2019 628 2134 669 ser-

552 700 781 754 vitutem
814 701 1115 770 redegerat.
1138 699 1252 755 lmo
1268 702 1431 757 etiam
1455 703 1546 771 qui
1566 704 1667 759 sub
1696 704 1938 773 eoimpie
1955 714 2010 760 ct
2026 706 2134 760 ini-

552 806 660 861 que
681 792 929 862 agebant,
951 792 1282 861 deletisunt;
1317 794 1542 864 maligni
1560 795 1811 853 videlicet
1840 797 2129 855 daatnones.

623 883 788 938 Vnus.
816 883 907 938 21.
946 901 965 935 ι
1005 882 1106 952 Qui
1138 899 1372 954 peccare
1395 886 1607 943 faciunt
1638 887 1888 945 homines
1930 889 1984 944 in
2020 905 2135 947 ser-

550 989 731 1030 mone.
767 975 970 1030 Omncs
1005 984 1189 1031 autem
1222 987 1515 1050 arguentes
1549 979 1603 1033 in
1637 981 1809 1052 portis
1838 980 2135 1038 offendicu-

549 1066 660 1121 lum
694 1077 900 1137 ponent
947 1084 960 1120 :
998 1069 1255 1139 quoniam
1295 1071 1652 1127 detorserunt
1692 1073 1759 1131 ad
1791 1074 1994 1145 injusta
2043 1076 2133 1147 ju-

547 1168 714 1214 stum.
752 1178 774 1212 ι
809 1159 942 1216 Nam
976 1161 1259 1231 prophetis
1287 1178 1347 1219 se
1378 1178 1561 1231 coram
1604 1168 1961 1237 arguentibus
1985 1207 2001 1233 ,
2043 1183 2131 1225 se-

547 1266 655 1323 que
683 1267 713 1306 a
749 1254 1013 1324 peccandi
1038 1256 1434 1323 consuetudine
1466 1260 1878 1324 averteutibus,
1910 1260 2135 1330 laqueos

547 1345 863 1411 tendebant,
888 1348 1207 1404 occasiones
1238 1349 1496 1407 adversus
1516 1365 1612 1406 eos
1640 1361 1942 1421 captantes,
1975 1362 2033 1409 ut
2054 1355 2135 1425 ip-

543 1449 638 1492 sos
676 1436 984 1505 perderent.

618 1527 787 1593 Vens.
833 1531 1028 1595 22,25.
1075 1550 1095 1585 ι
1148 1532 1445 1604 Propterea
1501 1534 1617 1590 ha-c
1680 1537 1811 1603 dicit
1870 1537 2134 1596 Dominus

543 1638 709 1693 super
744 1625 963 1681 domum
999 1624 1191 1691 Jacob,
1233 1641 1396 1695 quam
1420 1628 1701 1698 separavit
1723 1644 1791 1686 ex
1820 1629 2127 1687 Abraham:

542 1714 661 1771 Non
701 1730 845 1771 nunc
881 1716 1244 1775 confundetur
1275 1714 1481 1785 Jacob,
1535 1734 1711 1789 neque
1750 1735 1895 1775 nunc
1928 1721 2124 1781 faciem

2238 536 2369 587 χων,
2408 518 2549 588 λέγω
2593 518 2658 592 δὴ
2709 520 2871 585 αὐτὸς
2912 522 2941 573 ὁ
2992 522 3256 592 διάϐολος,
3304 524 3552 591 ἐξέλιπεν
3589 526 3685 581 καὶ
3722 528 3829 580 ἀπ-

2237 607 2404 664 ώλετο
2419 610 2637 682 μακρὰν
2661 611 2928 683 διωχθεὶς,
2945 613 2974 666 ὁ
2998 612 3164 668 πάλαι
3186 614 3731 688 καταδουλωσάμενος
3741 617 3831 673 αὺτ-

2234 703 2361 767 τοὺς
2377 703 2742 776 ὑπερήφανος·
2762 705 2897 761 ἀλλά
2912 708 3067 761 καὶοὶ
3085 707 3189 762 ὑπὸ
3204 708 3378 779 τούτῳ
3393 710 3717 776 ἀσεϐοῦντες
3735 698 3847 767 ἐπι

2234 795 2417 866 ἀδικίᾳ
2461 795 2956 869 ὲξωλοθρεύθησαν,
2987 798 3187 871 δηλαδὴ
3220 801 3269 854 οἱ
3296 801 3521 872 πονηροὶ
3550 786 3847 873 δαιμονεςδ

2311 903 2330 937 ι
2357 887 2420 939 Οἱ
2476 886 2757 953 ποιοῦντες
2806 888 3125 961 ἀνθρώπους
3177 892 3512 963 ἁμαρτάνειν
3552 894 3612 947 ὲν
3656 894 3820 966 λόγῳ.

2235 977 2449 1043 Πάντας
2463 976 2520 1035 δὲ
2549 980 2676 1044 τοὺς
2707 981 3028 1051 ἐλέγχοντας
3059 983 3117 1037 ἐν
3147 981 3342 1048 πύλαις
3372 984 3707 1056 πρόσκομμα
3726 985 3823 1058 θή-

2237 1088 2449 1124 σουσιν⁸
2481 1071 2564 1124 ὃτι
2609 1071 2947 1141 ὲπλαγίασαν
3006 1074 3093 1126 ἐπ’
3122 1074 3327 1138 ἀδίκοις
3376 1075 3601 1137 δίκαιον,
3628 1096 3648 1129 ι
3683 1078 3823 1145 Τοὺς

2233 1162 2343 1235 γὰρ
2368 1164 2651 1236 προφήτας
2678 1165 2758 1237 εἰς
2792 1165 3081 1237 πρόσωπον
3119 1166 3316 1233 αὐτοὺς
3354 1168 3695 1240 ἐλέγχοντας,
3728 1173 3825 1225 καὶ

2232 1254 2341 1311 τῶν
2393 1255 2809 1326 ἁμαρτημάτων
2846 1257 3275 1329 ἐπιστρέφοντας
3308 1260 3448 1330 (56),
3479 1261 3818 1329 ἐπαγῶευον,

2234 1346 2405 1412 λαϐἀς
2426 1348 2547 1401 κατ’
2566 1348 2745 1403 αὐτῶν
2762 1347 3088 1420 θηρώμενοι,
3105 1350 3253 1419 ὅπως
3276 1352 3469 1417 αὐτοὺς
3490 1354 3818 1412 ἀπολέσωσι.

2310 1548 2329 1581 ι
2350 1530 2449 1585 Διά
2488 1529 2645 1585 τοῦτο
2677 1531 2801 1586 τάδε
2844 1505 2991 1602 λέγει
3022 1533 3224 1603 Κύριος
3259 1534 3353 1588 ἐπὶ
3381 1534 3472 1588 τὸν
3525 1529 3673 1589 οἷκον
3714 1537 3820 1592 ἰα-

2233 1620 2369 1686 κὼϐ,
2395 1623 2455 1677 ὃν
2481 1623 2758 1696 ἀφώρισεν
2789 1623 2849 1689 ἐξ
2885 1625 3139 1697 Ἀϐραάμ
3156 1643 3168 1656 ο
3189 1626 3263 1680 Ού
3290 1625 3385 1681 νῦν
3400 1628 3821 1701 αἰσχυνθήσεται

2230 1715 2449 1781 Ἰακὼϐ,
2492 1716 2615 1770 οὐδὲ
2668 1716 2761 1772 νῦν
2824 1717 2885 1772 τὸ
2922 1718 3210 1789 πρόσωπον
3253 1721 3549 1791 μεταϐαλεῖ
3572 1739 3587 1753 ο
3627 1723 3741 1777 ἀλλ’
3764 1724 3824 1776 ὅσ

542 1805 778 1860 mutabit
808 1822 821 1858 :
848 1808 946 1860 sed
994 1807 1215 1876 quando
1254 1808 1517 1871 videbunt
1575 1810 1673 1867 filii
1712 1825 1901 1868 eorum
1956 1826 2121 1882 opera

2226 1829 2324 1867 ταν
2352 1811 2503 1865 ἴδωσι
2531 1810 2599 1865 τὰ
2622 1812 2788 1865 τέκνα
2813 1812 2993 1866 αὐτῶν
3020 1812 3091 1866 τὰ
3109 1790 3395 1884 ἑργαγμου,
3429 1813 3498 1867 δι’
3535 1815 3637 1886 ἐμὲ
3660 1815 3820 1885 ἁγιάρ-

542 1913 691 1964 mea,
730 1908 954 1969 prapter
986 1914 1075 1956 me
1111 1902 1529 1967 sanctiﬁcabunt
1574 1918 1771 1960 nomen
1819 1919 2035 1972 meum,
2069 1915 2126 1979 et

544 1991 967 2049 sanctificabunt
987 1989 1251 2049 Sanctum
1277 1994 1469 2062 Jacob,
1500 2004 1556 2051 et
1579 1995 1747 2052 Deum
1773 1995 1937 2055 lsrael
1970 1999 2126 2055 time-

540 2084 699 2140 bunt.
742 2106 762 2143 ι
802 2085 908 2149 Vos
930 2087 1071 2152 dico,
1104 2087 1322 2145 domum
1345 2084 1514 2143 Jacob
1543 2097 1765 2144 vocatos
1806 2106 1822 2145 :
1864 2105 2026 2160 quam
2068 2099 2125 2147 ut

540 2179 800 2250 religioso
845 2179 936 2234 illo
983 2179 1302 2243 Abrahamo
1370 2179 1649 2251 indignam
1723 2182 2026 2251 separavit,
2071 2192 2127 2241 et

540 2272 751 2329 alienos
786 2273 909 2328 illos
951 2273 1136 2344 posuit
1167 2271 1346 2337 Deus;
1391 2273 1519 2342 quia
1566 2287 1626 2328 se
1665 2289 1772 2329 non
1812 2274 2126 2329 Abraham.

541 2365 734 2435 dignos
779 2380 900 2423 esse
954 2366 1213 2437 operibus
1275 2363 1628 2423 exhibebant.
1692 2364 1760 2419 At
1818 2366 1967 2420 enim
2028 2366 2122 2421 lilii

540 2459 776 2514 Abrahae
801 2460 1058 2529 operibus
1087 2469 1390 2515 noscuntur
1409 2498 1424 2525 ,
1457 2466 1518 2513 ut
1547 2459 1730 2515 docuit
1752 2458 2014 2515 Servatur
2037 2460 2125 2515 his

539 2549 754 2606 verbis:
794 2570 813 2602 ι
855 2551 911 2605 Si
968 2550 1064 2604 filii
1121 2550 1354 2605 Abrahae
1406 2549 1618 2613 essetis,
1670 2564 1839 2618 opera
1893 2550 2125 2606 Abrahae

535 2635 787 2693 faceretis
811 2636 877 2687 ³⁷.
914 2654 933 2687 ι
969 2635 1253 2702 Quodnam
1305 2648 1440 2689 vero
1488 2643 1703 2704 tempus
1750 2634 1883 2688 illud
1932 2634 2119 2697 fuerit,

534 2728 639 2783 nisi
668 2741 777 2797 quo
810 2726 975 2783 verba
1007 2740 1126 2784 mea
1156 2727 1579 2797 complebuntur
1599 2765 1615 2791 ,
1652 2741 1775 2783 cum
1813 2727 1911 2793 ﬁlii
1955 2728 2122 2784 vestri

534 2819 873 2890 alienigenas
898 2828 956 2875 et
986 2819 1172 2889 generi
1195 2823 1389 2874 Vestro
1412 2828 1705 2875 extraneos
1743 2834 1941 2877 nomen
1975 2819 2125 2876 cele-

534 2908 702 2963 brare
734 2923 912 2963 meum
949 2907 1251 2969 videbunt?
1280 2908 1433 2964 Tunc
1483 2908 1629 2981 enim
1660 2909 1764 2979 ipsi
1809 2908 1903 2965 ﬁlii
1951 2911 2122 2967 vestri

535 2998 933 3055 confundentur
956 3008 1012 3054 et
1034 3000 1357 3061 erubescent
1379 3039 1395 3065 ,
1424 3001 1750 3071 stupendam
1795 3000 1946 3057 illam
1975 3016 2115 3073 gen-

533 3092 674 3145 tium
707 3091 1062 3147 mutationem
1096 3101 1384 3147 cernentes
1406 3132 1421 3157 ,
1466 3092 1878 3164 conspicatique
1925 3092 2119 3151 alieni-

535 3198 704 3255 genas
760 3182 1007 3239 homines
1062 3182 1325 3241 Sanctum
1384 3183 1550 3241 Israel
1601 3194 1656 3241 et
1720 3186 1887 3241 Deum
1947 3184 2118 3243 Iacob

535 3276 904 3341 sanetiticare,
933 3292 997 3331 ac
1026 3276 1120 3333 Dei
1155 3277 1535 3334 universorum
1567 3278 1761 3343 timore
1789 3276 1951 3335 allici.

605 3460 771 3517 Vens.
795 3461 887 3517 24.
933 3480 952 3515 ι
983 3461 1049 3519 Ει
1078 3461 1254 3518 scient
1277 3462 1368 3530 qui
1401 3472 1585 3518 errant
1622 3462 1823 3535 spiritu
1846 3503 1863 3532 ,
1912 3463 2116 3520 intelli-

534 3553 774 3627 gentiam
818 3572 832 3607 :
868 3554 958 3624 qui
993 3564 1177 3609 autem
1214 3555 1634 3611 obmurmurant
1659 3595 1675 3622 ,
1724 3556 1938 3612 discent
1987 3557 2119 3612 obe-

536 3647 822 3714 dientiam,
847 3657 904 3702 et
933 3646 1127 3719 lingua:
1153 3645 1521 3702 balbutientes
1556 3646 1767 3703 discent
1818 3645 1966 3716 loqui
2014 3662 2115 3718 pa-

534 3753 673 3795 cem.
713 3757 734 3791 »
767 3738 992 3811 Lingua:
1031 3739 1413 3805 balbutientes,
1444 3753 1563 3808 Quae
1599 3739 1733 3796 nihil
1772 3740 1952 3806 clare,
1978 3740 2116 3797 nihil

532 3848 663 3889 vere
712 3831 858 3901 loqui
913 3838 1188 3901 poterant,
1245 3830 1312 3885 ad
1346 3838 1596 3887 naturam
1632 3845 1899 3901 regressae
1931 3846 2111 3895 suam,

534 3922 840 3979 clarissime
866 3920 1177 3990 loquentur,
1220 3919 1372 3990 pacis
1410 3934 1697 3975 sermones
1742 3920 1988 3987 educta;
2021 3927 2113 3975 ut-

532 4023 664 4083 pote
699 4027 820 4082 quae
859 4020 914 4067 et
944 4010 1087 4068 bello
1121 4009 1346 4077 liberae,
1372 4020 1429 4065 et
1455 4025 1643 4080 pacem
1683 4025 1807 4066 cum
1847 4011 1959 4069 Deo
1989 4026 2112 4069 am-

534 4106 707 4175 plexa:
732 4104 857 4159 sint.

1118 4194 1348 4251 CAPUT
1379 4193 1548 4251 XXX.

609 4291 773 4347 Vens.
807 4291 923 4345 1-5.
959 4289 1069 4358 Vae,
1109 4289 1202 4345 filii
1239 4291 1587 4355 desertores,
1637 4289 1770 4345 dicit
1828 4288 2108 4348 Dominus.

532 4384 743 4442 lniistis
773 4383 1083 4448 consilium,
1112 4397 1216 4438 non
1246 4396 1342 4452 per
1364 4397 1451 4437 me
1492 4399 1508 4449 ;
1543 4390 1597 4437 et
1636 4390 1793 4451 pacta
1819 4421 1835 4446 ,
1880 4396 1988 4439 non
2015 4396 2113 4453 per

2229 1921 2381 1957 σουσι
2406 1902 2468 1956 τὸ
2496 1902 2669 1975 ὄνομά
2700 1921 2825 1975 μου,
2857 1903 2953 1958 καὶ
2979 1904 3266 1974 ἀγιάσουσι
3281 1905 3372 1959 τὸν
3389 1906 3576 1976 Ἄγιον
3598 1906 3816 1973 Ἰακὼϐ,

2226 1994 2437 2049 καὶτὸν
2461 1994 2594 2049 Θεὸν
2649 1994 2744 2048 τοῦ
2787 1996 3005 2070 Ἰσραὴλ
3052 1996 3472 2069 φοϐηθήσονται.
3493 2017 3513 2051 ι
3558 2000 3732 2073 Ὑμᾶς
3758 2001 3819 2056 δὲ

2224 2088 2389 2155 λέγω,
2419 2088 2512 2142 τὸν
2570 2088 2906 2160 καλούμενον
2957 2086 3103 2145 οἷκον
3142 2090 3357 2159 Ἰακὼϐ,
3407 2091 3467 2146 ὃν
3516 2094 3617 2148 οὐκ
3666 2094 3820 2162 ἄξιον

2223 2180 2354 2236 ὄντα
2396 2180 2491 2234 τοῦ
2539 2180 2819 2251 θεοφιλοῦς
2863 2182 3072 2236 ἐκείνου
3115 2183 3367 2255 ’Δϐραάμ
3420 2184 3684 2257 ἀφώρισε,
3721 2188 3819 2247 καὶ

2223 2270 2667 2343 ἀπηλλοτρίωσεν
2697 2273 2895 2339 αὐτοὺς
2928 2275 2959 2327 ὁ
2986 2272 3137 2340 Θεὸς,
3164 2275 3254 2328 διὰ
3295 2276 3355 2331 τὸ
3388 2277 3465 2349 μὴ
3490 2280 3605 2342 τοῖς
3636 2278 3818 2352 ἔργοις

2223 2362 2407 2429 ἀξίους
2437 2363 2532 2416 τοῦ
2572 2364 2819 2435 Ἀϐραὰμ
2844 2365 3183 2437 καταστῆσαι
3213 2367 3460 2434 ἑαυτούς.
3493 2369 3575 2424 Τὰ
3595 2370 3702 2444 γὰρ
3728 2372 3819 2426 τέ.

2223 2472 2328 2509 κνα
2352 2453 2448 2509 τοῦ
2487 2456 2739 2529 ’Δϐραὰμ
2767 2456 2856 2511 διὰ
2887 2458 2997 2513 τῶν
3025 2459 3200 2533 ἔργων
3233 2462 3572 2533 γνωρίζεται,
3605 2463 3820 2526 ὡς’ὲδι-

2221 2546 2379 2611 δαξεν
2408 2549 2437 2601 ὁ
2466 2547 2656 2621 Σωτὴρ
2688 2546 2889 2603 εἰπών·
2941 2570 2959 2602 ι
2985 2551 3049 2606 Ei
3083 2551 3249 2607 τέκνα
3279 2554 3376 2607 τοῦ
3419 2555 3668 2628 Ἀϐραὰμ
3693 2552 3816 2630 ἦτε,

2220 2638 2289 2693 τὰ
2317 2637 2455 2710 ἔργα
2483 2641 2577 2705 τοῦ
2625 2641 2877 2712 Ἀϐραὰμ
2907 2643 3162 2701 ἐποιεῖτε.
3192 2666 3211 2699 ι
3248 2647 3345 2711 Τίς
3382 2648 3425 2703 δ’
3449 2648 3516 2703 ἂν
3542 2649 3628 2723 εἴη
3661 2646 3817 2717 οὗτος

2221 2734 2250 2786 ὁ
2273 2734 2483 2805 καιρὸς,
2514 2732 2548 2805 ἢ
2582 2734 2726 2806 ὁτῆς
2755 2734 3035 2801 ἐκϐάσεως
3060 2736 3167 2791 τῶν
3197 2738 3347 2808 ὲμῶν
3371 2738 3564 2809 λόγων,
3604 2742 3725 2799 καθ’
3755 2744 3819 2798 ὃν

2220 2825 2290 2880 τὰ
2315 2826 2481 2881 τέκνα
2509 2824 2579 2881 τὰ
2612 2826 2855 2898 ὑμέτερα
2892 2828 3017 2892 τοὺς
3040 2828 3345 2898 ἀλλογενεῖς
3382 2831 3479 2887 καὶ
3507 2832 3819 2905 ἀλλοτρίους

2218 2917 2315 2971 τοῦ
2346 2917 2618 2990 ἡμετέρου
2646 2917 2837 2995 γένους
2866 2920 3088 2990 ὕψονται
3115 2920 3436 2988 δοξάζοντας
3462 2925 3522 2980 τὸ
3550 2927 3683 2997 ἐμὸν
3701 2928 3819 2983 δνο-

2226 3025 2340 3079 μα;
2372 3010 2508 3063 Τότε
2536 3009 2645 3081 γὰρ
2675 3009 2823 3071 αὐτὰ,
2847 3010 2916 3064 τὰ
2944 3012 3191 3083 ὑμέτερα
3217 3014 3382 3069 τέκνα
3410 3018 3814 3090 καταισχυνθή-

2222 3118 2376 3157 σεται
2405 3103 2500 3156 καὶ
2538 3103 2993 3176 διατραπήσεται,
3032 3107 3246 3179 ὁρῶντα
3288 3111 3351 3165 τὸ
3380 3112 3683 3184 παράδοξον
3714 3115 3816 3186 τῆς

2219 3194 2327 3249 τῶν
2354 3194 2521 3250 ἐθνῶν
2558 3197 2883 3269 μεταϐολῆς,
2914 3198 3008 3252 καὶ
3034 3200 3111 3264 ὡς
3133 3201 3415 3273 ἀλλόφυλοί
3450 3222 3592 3269 τινες
3624 3206 3816 3279 ἄνδρες

2228 3283 2319 3337 τὸν
2339 3284 2527 3354 Ἂγιον
2543 3286 2637 3345 τοῦ
2672 3288 2889 3362 Ἰσραήλ
2916 3292 3011 3346 καὶ
3038 3291 3128 3346 τὸν
3155 3292 3287 3348 Θεὸν
3301 3294 3396 3348 τοῦ
3434 3295 3627 3350 Ἰακὼϐ
3655 3299 3816 3368 ἁγιά-

2220 3374 2391 3441 ζουσι,
2408 3378 2501 3433 καὶ
2522 3379 2685 3449 φόϐον
2696 3380 3054 3439 ἀναλάϐονται
3072 3384 3183 3457 (57)
3199 3384 3294 3439 τοῦ
3311 3387 3404 3440 ἐπὶ
3421 3386 3638 3443 πάντων
3651 3389 3812 3449 Θεοῦ.

2295 3487 2315 3521 ι
2340 3470 2451 3523 Καὶ
2481 3470 2779 3540 γνώσονται
2804 3476 2855 3529 οἱ
2894 3476 3239 3549 πλανώμενοι
3260 3480 3340 3551 τῷ
3367 3481 3638 3553 πνεύματι
3696 3484 3817 3539 σύνο

2219 3578 2335 3616 εσιν
2358 3580 2370 3593 ·
2417 3564 2468 3616 οἱ
2496 3564 2555 3617 δὲ
2581 3566 2943 3637 γογγύζοντες
2975 3570 3309 3645 μαθήσονται
3364 3575 3679 3642 ὑπακούειν,
3715 3579 3813 3633 καὶ

2217 3656 2276 3708 αἱ
2314 3654 2556 3724 γλῶσσαι
2591 3660 2649 3713 αἱ
2678 3659 3023 3731 ψελλίζουσαι
3077 3665 3412 3739 μαθήσονται
3454 3668 3633 3725 λαλεῖν
3657 3672 3815 3743 εἰρήσ-

2217 3762 2336 3818 νην.
2365 3767 2382 3800 ι
2431 3750 2496 3803 Αἱ
2528 3750 2771 3819 γλῶσσαι
2806 3756 2864 3813 αἱ
2903 3754 3246 3827 ψελλὶζουσαι
3278 3760 3374 3814 κα)¹
3416 3761 3581 3832 μηδὲν
3611 3764 3812 3833 τρανὸν

2220 3839 2357 3911 μηδὲ
2385 3841 2584 3914 ἀληθὲς
2613 3845 2790 3901 λαλεῖν
2823 3847 3138 3920 δυνάμεναι,
3180 3852 3261 3915 εἰς
3282 3852 3344 3906 τὸ
3369 3853 3510 3908 κατά
3534 3853 3695 3924 φύσιν
3714 3855 3810 3908 ἑλ-

2219 3929 2433 4002 θοῦσαι,
2472 3937 2793 4009 τρανιὶντατα
2819 3940 3135 4012 λαλήσουσι,
3179 3942 3445 4012 μαθοῦσαι
3476 3946 3695 4018 εἰρήνης
3720 3947 3814 4000 λό-

2215 4038 2367 4090 γους,
2391 4026 2469 4091 ὼς
2492 4027 2574 4095 ⁸ἂν
2611 4032 2812 4095 παντὸς
2844 4033 3259 4105 ἀπηλλαγμέναι
3298 4035 3558 4108 πολέμου,
3589 4039 3682 4092 καὶ
3707 4053 3811 4111 την

2216 4116 2354 4187 πρὸς
2386 4118 2522 4176 Θεὸν
2550 4122 2775 4196 εἰρήνην
2801 4123 3212 4197 ἀσπασάμεναι.

2754 4217 3153 4273 ΚΕΦΑΛΑΙΟΝ
3180 4220 3258 4273 A'.

2290 4323 2309 4358 ι
2331 4304 2469 4359 0ὐαῖ¹
2492 4305 2660 4361 τέκνα
2687 4307 3011 4371 ἀποστάται,
3038 4308 3186 4379 λέγει
3215 4310 3435 4382 Κύριος.
3482 4312 3804 4384 Ἐποιήσατε

2215 4398 2430 4471 βουλὴν,
2455 4399 2517 4454 ού
2537 4399 2604 4454 δι’
2629 4400 2788 4471 ἐμοῦ,
2817 4402 2911 4456 καὶ
2943 4402 3233 4474 συνθήκας,
3262 4403 3323 4457 οὐ
3343 4403 3431 4458 διὰ
3446 4402 3541 4457 τοῦ
3566 4403 3807 4477 πνεύμα-

530 4475 785 4549 spiritum
811 4488 1022 4537 meum;
1051 4480 1109 4527 ut
1141 4472 1412 4527 adderetis
1440 4479 1661 4541 peccata
1694 4472 1934 4541 peccatis
1975 4489 1989 4527 :
2018 4472 2110 4541 qui

2224 4492 2308 4556 τός
2339 4509 2462 4563 μου,
2484 4492 2801 4564 προσθεῖναι
2842 4472 3121 4568 ἁμαρτίας
3171 4495 3256 4565 ἐφ’
3295 4495 3591 4567 ἁμαρτίας,
3620 4498 3667 4549 οὶ

531 4570 741 4627 vadunt
797 4576 855 4623 et.
926 4565 1264 4621 descendunt
1325 4563 1380 4620 in
1431 4562 1758 4635 Egyptum,
1799 4578 1886 4619 me
1931 4575 2111 4620 autem

532 4679 639 4719 non
668 4662 1099 4731 intermgarunt,
1123 4667 1183 4711 ut
1207 4656 1467 4712 auxilium
1491 4657 1728 4712 habeant
1751 4673 1781 4712 a
1803 4655 2109 4725 Pharaone,

532 4768 590 4813 et
629 4763 984 4828 protegantur
1014 4752 1083 4807 ab
1128 4749 1422 4822 Egyptiis.
1453 4750 1574 4806 Erit
1621 4751 1769 4807 enim
1800 4751 1959 4808 vobis
1986 4766 2111 4821 pro-

532 4853 701 4909 tectio
735 4850 1037 4906 Pharaonis
1068 4849 1125 4904 in
1170 4847 1570 4912 confusionem,
1604 4857 1660 4904 et
1706 4848 1773 4904 iis
1800 4849 1894 4919 qui
1940 4850 2113 4904 contio

534 4949 673 5001 dunt
714 4944 773 4999 in
824 4943 1061 5014 Egypto
1085 4982 1101 5007 ,
1138 4941 1490 5011 opprobrium
1522 4957 1536 4993 :
1568 4942 1826 5011 quoniam
1876 4951 2007 4998 sunt
2056 4942 2111 4997 in

535 5035 671 5091 Tatii
693 5035 983 5105 principes,
1006 5034 1179 5105 angeli
1202 5034 1351 5092 mali.
1380 5033 1599 5090 FruStra
1626 5035 1952 5093 laborabunt.
1971 5037 2114 5105 apud

533 5130 819 5199 populum,
844 5127 937 5197 qui
960 5127 1043 5182 eis
1074 5142 1177 5183 non
1206 5112 1449 5196 proderit
1474 5128 1542 5183 ad
1572 5128 1837 5183 auxilium
1861 5168 1879 5193 ,
1921 5127 2017 5183 sed
2043 5129 2110 5181 ad

538 5218 913 5276 confusionem
934 5219 1381 5288 etopprobrium.
1416 5237 1435 5270 ι
1470 5223 1669 5290 Aperte
1695 5219 1960 5283 declarat,
1986 5228 2116 5275 tunc

537 5310 817 5365 daemonas
859 5306 916 5362 in
964 5307 1201 5380 Egypto
1241 5309 1432 5374 fuisse,
1482 5325 1623 5379 quos
1665 5310 1893 5381 angelos
1938 5309 2114 5366 malos

536 5405 847 5467 nuncupat,
881 5397 972 5466 qui
999 5398 1168 5453 multa
1217 5400 1584 5469 operabantur
1644 5400 1697 5455 in
1746 5400 1840 5455 illa
1889 5398 2111 5472 IEgypti

536 5492 755 5547 civitate
797 5505 918 5560 qua)
956 5492 1157 5548 dicitur
1177 5492 1344 5550 Tanis
1369 5534 1384 5557 ,
1418 5494 1507 5550 ubi
1540 5495 1632 5550 illo
1678 5502 1920 5565 tempore
1964 5496 2111 5566 regia

603 5609 648 5639 "’
671 5607 829 5663 Joan.
856 5625 972 5678 vni,
995 5611 1085 5666 59.

604 5702 715 5782 (ἔρ)
757 5705 965 5782 gallent
997 5708 1177 5782 legere
1202 5710 1668 5782 ἀποστρέψοντας.
1696 5710 1856 5768 Enn.

2222 4584 2504 4656 ρευόμενοι
2545 4586 2852 4657 καταϐῆναι
2898 4589 2978 4652 εἰς
3009 4588 3302 4658 Αἴγυπτον,
3342 4589 3441 4662 ἐμὲ
3473 4589 3532 4643 δὲ
3574 4590 3671 4643 οὐκ
3701 4589 3809 4643 ἑπ-

2220 4674 2532 4747 ηρώτησαν,
2574 4676 2668 4730 τοῦ
2700 4676 2958 4750 βοηθῆναι
2982 4678 3089 4733 ὑπὸ
3132 4677 3350 4750 Φαραὼ,
3374 4679 3469 4733 καὶ
3490 4678 3807 4749 σκεπασθῆ-

2220 4783 2310 4820 ναι
2359 4767 2464 4821 ὑπὸ
2488 4768 2821 4837 Αἰγυπτίων.
2869 4770 3062 4825 Ἔσται
3090 4770 3199 4841 γὰρ
3237 4772 3364 4841 ὑμῖν
3393 4769 3567 4841 σκέπη
3603 4768 3807 4842 Φαραὼ

2222 4860 2301 4922 εἰς
2332 4860 2615 4933 αἰσχύνην,
2650 4864 2747 4929 καὶ
2775 4866 2889 4928 τοῖς
2924 4863 3237 4917 πεποιθόσιν
3260 4864 3348 4916 ἐπ’
3371 4862 3645 4930 Αἴγυπτον
3669 4862 3805 4917 om.

2220 4948 2343 5012 ὅσς’
2384 4951 2467 5003 ὅτι
2522 4951 2661 5006 εἰσὶν
2694 4955 2751 5007 ὲν
2783 4954 2943 5015 Τάνει
2975 4952 3228 5024 ἀρχηγοὶ,
3280 4951 3502 5022 ἄγγελοι
3551 4952 3798 5024 πονηροί.

2220 5039 2414 5112 Μάτην
2439 5041 2761 5101 κοπιάσουσι
2784 5043 2920 5116 πρὸς
2947 5044 3096 5107 λαὸν,
3121 5043 3179 5107 ὃς
3192 5043 3294 5098 οὐκ
3314 5042 3583 5114 ὠφελήσει
3605 5042 3806 5107 αὐτοὺς

2219 5131 2300 5194 εἰς
2332 5130 2606 5203 βοήθειαν,
2636 5135 2775 5191 ἀλλά
2794 5137 2873 5200 εἰς
2900 5136 3162 5207 αἰσχύνην
3190 5138 3282 5193 καὶ
3309 5136 3529 5201 ὄνειδος.
3556 5156 3574 5189 ι
3606 5135 3805 5205 Σαφῶς

2221 5226 2465 5296 παριστᾷ
2492 5227 2771 5295 γεγονέναι
2808 5229 2930 5285 τότε
2981 5229 3111 5302 παρ’
3154 5229 3473 5297 Αἰγυπτίοις
3504 5229 3798 5299 δαίμονας,

2219 5316 2483 5385 ἀγγέλους
2510 5322 2774 5393 πονηροὺς
2797 5320 3052 5394 ὀνομάζει
3076 5323 3292 5390 αὐτοὺς,
3321 5324 3371 5377 οἳ
3394 5322 3627 5393 μάλιστα
3646 5323 3805 5395 ὲνήρ⁸

2219 5424 2348 5476 γουν
2372 5410 2440 5463 τὰ
2471 5413 2639 5468 πολλά
2663 5416 2721 5467 ὲν
2760 5416 2825 5485 τῇ
2853 5415 3160 5488 καλουμένῃ
3193 5415 3346 5470 πόλει
3383 5416 3482 5487 τῆς
3516 5414 3801 5484 Δῐγύπτου

2219 5500 2403 5568 Τάνει,
2425 5504 2554 5561 ἔνθα
2564 5506 2625 5559 τὸ
2642 5506 2909 5577 βασίλειον
2924 5507 3018 5563 τοῦ
3037 5508 3236 5581 Φαραὼ
3258 5508 3573 5565 κατ’ὲκεῖνο
3589 5506 3797 5579 ἵδρυτο.

604 5754 716 5846 (ἑῆ
757 5754 1516 5841 νιῖῗᾶνὰῖἲέᾶνῖάῗῖιίἕῑιῖἔ
1530 5754 1544 5766 ’
1560 5754 1668 5842 ἓὲἵ
1686 5754 2056 5842 barbarismus
2071 5820 2089 5852 ο

2230 5798 2291 5842 us
2320 5784 2437 5842 loco
2470 5783 2753 5857 legendum
2794 5785 3290 5859 ἀναλαμϐάνονται.
3334 5784 3497 5845 Enrr.
3560 5754 3568 5761 ⁸
