4158 6402
344 433 530 509 ωδ,

1281 424 1781 493 COMMENTARIA
1821 436 1886 492 iN
1928 430 2186 494 lSAiAM.
2226 430 2297 502 τέ
2333 429 2696 496 ΟΑΡῘΧΧΧΞ

3505 452 3610 506 506

346 553 494 624 Πλὴν
527 553 669 610 ἀλλά
704 553 801 607 και
829 543 1002 620 οὗτοι,
1037 542 1222 623 φησιν,
1277 555 1328 607 οἱ
1361 535 1422 609 ἑν
1481 555 1644 612 Τάνει
1677 559 1910 629 ἀρχηγοί

2036 528 2340 613 Ρίίοηοιιὶε
2371 565 2510 616 erat.
2535 558 2807 614 Caeterum
2835 559 2890 614 bi
2921 573 3170 632 quoque,
3203 557 3312 629 nit',
3337 563 3612 636 principes

345 651 570 719 ἄγγελοι
621 650 851 720 πονηροὶ
879 648 1031 702 οὐδὲν
1059 647 1430 720 ὠφελήσουσιν
1455 652 1534 714 είς
1569 651 1630 704 τὸ
1658 651 1934 722 ἐπαμῦναι

343 743 458 808 τοῖς
494 740 905 814 προσφυγοῦσιν
929 741 1132 807 αὐτοῖς,
1161 740 1254 795 καὶ
1271 741 1370 812 τὴν
1390 739 1451 806 ἐξ
1473 741 1652 795 αὐτῶν
1685 741 1934 814 βοήθειαν

344 834 871 906 ἀνακαλεσαμένοις.
919 833 1030 887 Καὶ
1056 835 1238 898 αὐτοῖς
1269 833 1450 906 ἔργοις
1490 835 1791 906 ἐπληροῦτο
1810 835 1932 889 καθ’

342 927 404 981 ὃν
452 928 645 1000 χρόνον
684 928 715 980 ὁ
757 927 864 981 τῶν
915 925 1273 981 Βαϐυλωνίων
1306 926 1579 997 βασιλεὺς,
1623 927 1931 1000 ὑποχείριον

345 1020 713 1091 ποιησάμενος
765 1019 865 1091 τὴν
895 1016 1188 1088 Αἴγυπτον,
1237 1018 1300 1071 οὐ
1336 1019 1528 1089 μόνους
1581 1019 1928 1088 Αἰγυπτίους,

340 1113 479 1167 ἀλλὰ
505 1113 600 1165 καὶ
617 1111 728 1166 τῶν
760 1111 1028 1166 Ἰουδαίων
1048 1111 1174 1175 τοὺς
1201 1111 1522 1183 πρόσφυγας
1547 1111 1744 1176 αὐτοὺς
1772 1129 1929 1181 γενο-

343 1207 557 1277 μένους,
585 1205 839 1278 πολεμῶν
862 1204 999 1276 όμοῦ
1036 1203 1544 1277 ἐξηνδραποδίσατο.
1572 1204 1646 1259 Τὸ
1673 1205 1930 1276 τηνικαῦ-

339 1315 407 1351 τα
433 1300 540 1372 γὰρ
567 1301 599 1370 ή
629 1299 722 1351 ἐπὶ
753 1297 956 1369 Φαραὼ
982 1297 1091 1351 τῶν
1137 1297 1406 1352 Ἰουδαίων
1439 1299 1594 1362 ἐλπὶς
1633 1299 1712 1362 είς
1735 1298 1926 1370 αἰσχύ-

337 1409 439 1464 νην
466 1392 560 1446 καὶ
585 1390 783 1454 ὄνειδος
807 1391 992 1453 αὐτοῖς
1025 1389 1390 1461 περιετράπη.

415 1484 520 1538 «Ἦ
549 1483 741 1555 ὅρασις
795 1481 906 1536 τῶν
933 1481 1277 1552 τετραπόδων
1325 1479 1434 1534 τῶν
1489 1482 1547 1534 ὲν
1596 1483 1662 1552 τῇ
1712 1482 1921 1554 ἐρήμῳ.

336 1574 676 1646 (Σύμμαχος,
691 1570 906 1643 Λῆμμα
933 1569 1170 1641 κτηνῶν
1189 1572 1430 1640 Νότου.)
1447 1572 1534 1626 Ἐν
1561 1574 1625 1644 τῇ
1647 1571 1928 1642 θλίψεικαὶ

336 1670 401 1739 τῇ
439 1665 766 1737 στενοχωρίᾳ
792 1664 930 1718 λέων
955 1665 1049 1718 καὶ
1081 1663 1319 1734 σκύμνος
1341 1663 1572 1730 λέοντος,
1601 1664 1810 1720 ἐκεῖθεν
1834 1665 1927 1720 καὶ

334 1759 562 1823 ἀσπίδες
586 1759 679 1812 καὶ
701 1757 900 1827 ἔκγονα
923 1757 1164 1811 ἀσπίδων
1191 1756 1522 1829 πετομένων,
1545 1757 1594 1810 οἳ
1618 1757 1810 1828 εφερον
1833 1757 1927 1811 ἐπὶ

332 1853 471 1908 ὄνων
499 1853 593 1906 καὶ
629 1851 891 1923 καμήλων
921 1850 1012 1904 τὸν
1037 1849 1264 1904 πλοῦτον
1308 1850 1488 1905 αὐτῶν
1517 1851 1653 1924 πρὸς
1685 1850 1856 1915 ἔθνος,
1897 1851 1926 1906 ὄ

330 1943 433 1997 οὐκ
459 1943 731 2014 ὠφελήσει
789 1939 1018 2004 αὐτούς·
1043 1959 1063 1992 ι
1096 1939 1186 1994 διὰ
1227 1940 1290 1994 τὸ
1315 1940 1522 2013 ἔρημον
1572 1937 1710 1994 εἶναι
1741 1942 1921 1996 πᾶσαν

331 2025 490 2105 Θεοῦ,
529 2034 917 2107 πεπληρῶσθαι
943 2035 1000 2088 δὲ
1031 2035 1377 2106 τετραπόδων
1420 2035 1529 2089 τῶν
1577 2035 1708 2106 παρ’
1738 2035 1920 2098 αὐτοῖς

331 2127 782 2199 θεοποιουμὲνων,
814 2128 910 2182 καὶ
927 2127 1038 2182 τῶν
1063 2128 1191 2198 παρ’
1208 2127 1390 2190 αὐτοῖς
1413 2123 1782 2199 ἐνεργούντων
1806 2126 1919 2182 δαιο

334 2221 534 2293 μόνων.
577 2219 728 2291 Αὕτη
785 2220 962 2274 τοίνυν
997 2220 1030 2290 ή
1064 2220 1252 2292 ὅρασις
1287 2219 1398 2272 τῶν
1423 2219 1768 2291 τετραπόδων
1811 2221 1920 2276 τῶν

333 2315 393 2367 ἑν
419 2315 487 2384 τῇ
519 2309 832 2381 Αἰγυπτίων
865 2313 1070 2384 ἐρημίᾳ
1105 2311 1389 2384 ὲθεωρεῖτο
1411 2313 1490 2384 τῷ
1521 2314 1800 2386 προφήτῃ,
1825 2314 1919 2368 καὶ

335 2403 551 2466 τούτοις
588 2403 638 2456 οἰ
663 2401 976 2474 πρόσφυγες
1014 2402 1122 2456 τῶν
1162 2401 1430 2456 Ἰουδαίων
1459 2403 1788 2474 ὲπεκόμιζον
1826 2403 1917 2458 τὸν

330 2495 543 2550 ἑαυτῶν
576 2494 838 2548 πλοῦτον·
878 2494 947 2549 τὰ
973 2496 1082 2567 γὰρ
1114 2498 1339 2567 ταμιεῖα
1368 2495 1470 2566 τῆς
1509 2495 1715 2550 ἑαυτῶν
1741 2496 1918 2568 ψυχῆς

327 2585 393 2658 τῇ
427 2587 773 2658 Αἰγυπτιακῇ
804 2587 1112 2658 παρέδοσαν
1143 2586 1339 2660 πλάνῃ.

402 2695 422 2727 ι
446 2675 736 2744 Αίγύπτιοι
777 2677 988 2747 μάταια
1026 2679 1123 2731 καὶ
1165 2676 1300 2731 κενά
1343 2677 1719 2748 ὠφελήσουσιν
1748 2680 1910 2751 ὑμᾶς.

337 2767 691 2836 ’Δπάγγειλον
716 2768 922 2836 αὐτοῖς,
947 2769 1052 2833 ὅτι,
1085 2768 1349 2839 Ματαίαή
1380 2770 1727 2842 παράκλησις
1757 2770 1913 2844 ὑμῶν

324 2856 484 2930 αὕτη.
511 2859 626 2914 Νῦν
645 2855 738 2914 οὖν
762 2859 993 2924 καθίσας
1023 2861 1232 2933 γράψον
1261 2862 1354 2914 ἑπὶ
1379 2862 1571 2928 πυξίου
1603 2863 1793 2930 ταῦτα,
1817 2866 1912 2920 καὶ

325 2951 406 3013 εἰς
429 2949 654 3020 βιϐλίον,
687 2951 769 3004 ὃτι
822 2951 977 3004 ἔσται
1008 2953 1090 3015 εἰς
1135 2953 1351 3023 ἡμέρας
1381 2952 1558 3008 ταῦτα
1586 2955 1786 3027 καιρῷ,
1817 2955 1911 3010 καὶ

325 3039 430 3102 ἕως
453 3040 545 3094 τὸν
575 3041 748 3094 αίῶνα
768 3059 782 3071 ο
817 3042 903 3094 ὅτι
935 3043 964 3096 ό
1012 3041 1140 3106 λαὸς
1172 3044 1408 3116 ἀπειθής
1445 3045 1611 3110 ἑστιν,
1643 3046 1750 3100 uio).
1781 3047 1911 3117 ψευ·

324 3130 456 3198 δεῖς,
482 3133 530 3186 οἳ
567 3133 667 3187 οὐκ
701 3133 987 3203 ὴὸούλοντο
1014 3135 1233 3190 ἀκούειν
1264 3137 1356 3190 τὸν
1387 3137 1548 3209 νόμον
1571 3138 1672 3192 τοῦ
1691 3137 1830 3192 Θεοῦ
1847 3156 1860 3170 ·
1884 3157 1904 3191 ι

324 3225 425 3326 τῆς
479 3223 704 3326 ἀλογίας
721 3225 834 3326 dmi
885 3226 1196 3298 ἀφροσύνης
1235 3228 1415 3282 αὐτῶν
1461 3230 1606 3285 οὕτω
1653 3249 1770 3296 πως
1814 3233 1908 3304 δη-
1939 3270 1981 3326 C

325 3314 613 3388 λουμένης.
673 3315 810 3371 υΰτε
859 3318 969 3390 γὰρ
1015 3321 1062 3372 oi
1114 3319 1366 3392 αἰσθητοὶ
1425 3322 1736 3392 Αἰγύπτιοι,
1787 3325 1910 3380 οὔτε

319 3408 370 3459 oi.
423 3407 633 3462 τούτων
668 3409 1010 3480 νομιζόμενοι
1045 3411 1178 3476 θεοὶ,
1217 3412 1508 3486 βοηθήσειν
1559 3415 1786 3486 ἔμελλον
1832 3419 1912 3491 τῷ

331 3499 704 3571 προσφυγόντι
724 3501 905 3566 αὐτοῖς
945 3502 1210 3558 Ἰουδαίων
1239 3504 1372 3574 λαῷ.
1404 3507 1560 3560 Κατὰ
1582 3509 1693 3580 γὰρ
1713 3510 1911 3583 πολλὴν

334 3591 696 3662 στενοχωρίαν
715 3591 894 3664 ψυχῆς
919 3592 1015 3648 καί
1049 3593 1170 3647 καθ’
1202 3594 1510 3668 ὑπερϐολὴν
1531 3597 1761 3670 θλίψεως
1784 3604 1910 3667 τοὺς

321 3683 451 3753 παρ’
478 3683 659 3746 αὐτοῖς
697 3685 1026 3756 ἀνηγόρευον
1075 3686 1231 3751 θεούς
1271 3705 1284 3718 ·
1316 3689 1514 3754 αὐτοὺς
1555 3690 1619 3762 δὴ
1669 3694 1911 3759 ἐκείνους

321 3776 448 3840 τοὺς
471 3775 568 3840 τὰς
591 3776 768 3847 ψυχὰς
806 3778 987 3831 αὐτῶν
1014 3778 1293 3838 θλίϐοντας
1323 3781 1417 3834 καὶ
1444 3785 1908 3856 στενοχωροῦντας

320 3870 590 3939 πονηροὺς
621 3868 883 3940 δαίμονας
903 3887 917 3901 ·
949 3873 1006 3924 ἑν
1027 3865 1108 3935 οἷς
1136 3867 1282 3944 ἦσαν
1308 3871 1522 3938 λέοντες
1548 3875 1643 3928 καί
1662 3877 1904 3942 ἀσπίδες,

320 3959 640 4014 καὶτούτων
667 3959 887 4030 ἔκγονα,
913 3962 1008 4016 καὶ
1037 3963 1209 4032 ὄφεις,
1237 3965 1330 4019 καὶ
1356 3965 1492 4019 ἀλλα
1515 3967 1682 4038 μυρία
1705 3969 1908 4040 ἑρπετά

318 4065 378 4102 τε
412 4049 506 4102 καὶ
549 4049 746 4120 θηρία·
783 4044 856 4104 ὧν
887 4051 1094 4117 εἰκόνες
1122 4048 1262 4124 ἦσαν
1295 4055 1392 4108 καὶ
1430 4055 1498 4109 τὰ
1529 4056 1764 4129 αἰσθητά
1791 4059 1904 4124 ζῶα

320 4139 443 4193 καθ’
469 4141 596 4212 ὅλης
619 4142 717 4213 τῆς
747 4142 1022 4211 Αἰγύπτου
1054 4144 1463 4218 θεοποιούμενα.
1493 4149 1602 4202 Καὶ
1623 4150 1732 4223 γὰρ
1755 4151 1906 4205 λέον-

318 4249 416 4296 τας
437 4233 653 4304 ἀληθῶς
683 4235 776 4287 καὶ
813 4235 1066 4301 ἀσπίδας,
1114 4237 1208 4290 καὶ⁵
1246 4235 1398 4307 ὄφεις
1438 4245 1534 4293 καὶ
1563 4241 1697 4296 ἄλλα
1737 4247 1906 4316 μυρία

316 4319 406 4378 οἷα
431 4325 585 4390 θεοὺς
602 4326 950 4397 τετιμήκασι.
989 4329 1128 4400 Ἤδη
1151 4329 1282 4398 γοῦν
1303 4331 1410 4384 ἀπὸ
1425 4332 1526 4402 τῆς
1556 4333 1666 4388 τῶν
1687 4334 1903 4408 νομιζο·

321 4418 497 4489 μένων
522 4421 705 4484 αὐτοῖς
720 4420 858 4474 θεῶν
880 4423 1196 4494 ἐπωνυμίας
1212 4425 1416 4489 καὶτὰς
1432 4413 1615 4491 πόλεις
1636 4430 1906 4502 κεκλήκα-

320 4525 425 4576 σιν,
444 4513 560 4566 ’ἀπὺ
582 4512 674 4566 τοῦ
697 4513 928 4579 λέοντος,
949 4513 1048 4587 τήν
1067 4518 1300 4582 Δεοντὼ,
1319 4519 1426 4572 ἀπὸ
1441 4519 1498 4573 δὲ
1513 4521 1606 4574 τοῦ
1628 4523 1788 4587 κυνὸς
1805 4524 1904 4595 τὴν

2039 645 2251 702 Taneos
2272 686 2288 712 ,
2313 647 2492 716 angeli
2520 648 2682 716 mali,
2712 650 2845 704 nihil
2867 650 3132 719 juvabunt
3162 665 3290 716 eos,
3318 654 3412 723 qui
3449 657 3517 710 ad
3551 671 3612 711 se

2035 738 2382 809 confugient,
2405 748 2460 794 et
2486 753 2642 810 Opem
2668 741 2908 810 ipsorum
2943 742 3330 811 implorabant.
3361 743 3516 810 Quod
3550 762 3608 802 re

2034 832 2150 900 ipsa
2183 840 2311 886 tunc
2352 832 2632 900 impletum
2673 842 2758 888 est
2785 873 2800 899 ,
2854 851 2978 890 eum
3021 849 3117 889 rex
3164 835 3606 907 Babyloniorum.

2035 924 2266 994 Egypto
2301 931 2456 992 capta
2480 963 2497 990 ,
2531 939 2638 978 non
2675 934 2884 980 tantum
2931 925 3255 998 Egyptios,
3297 929 3392 984 sed
3419 930 3607 999 {etiam

2032 1016 2288 1087 profugos
2315 1015 2528 1073 Iudaeos
2569 1031 2674 1072 una
2703 1018 2984 1075 debellans
3008 1060 3024 1083 ,
3066 1021 3310 1091 captivos
3355 1022 3602 1078 abduxit.

2034 1107 2184 1163 Tune
2211 1110 2356 1164 enim
2385 1108 2691 1165 Judaeorum
2720 1125 2845 1180 spes
2882 1108 2936 1164 in
2960 1110 3296 1169 Pharaonem
3341 1129 3493 1170 versa
3525 1123 3609 1170 est

2033 1200 2145 1258 illis
2170 1202 2225 1256 in
2256 1203 2628 1260 confusionem
2657 1213 2714 1260 et
2742 1207 2794 1259 in
2823 1205 3194 1276 opprobrium.

2105 1474 2264 1529 Vens.
2332 1475 2386 1531 6.
2457 1493 2476 1528 ι
2549 1476 2700 1532 Visio
2767 1477 3172 1547 quadrupedum
3243 1480 3296 1534 in
3364 1482 3602 1538 deserto.

2031 1562 2460 1636 (Symmachus,
2511 1567 2813 1637 Assumptio
2862 1571 3225 1639 jumentorum
3261 1571 3511 1643 Austri.)
3544 1572 3604 1628 In

2031 1657 2382 1716 tribulatione
2415 1668 2470 1714 et
2503 1661 2755 1731 angustia
2779 1661 2885 1730 leo,
2927 1672 2984 1717 et
3005 1663 3224 1720 catulus
3250 1663 3442 1730 leonis,
3477 1667 3602 1722 inde

2027 1761 2082 1810 et
2131 1752 2386 1823 aspides,
2418 1761 2473 1809 et
2513 1755 2802 1824 progenies
2845 1755 3092 1824 aspidum
3136 1757 3465 1826 volantium,
3509 1763 3602 1830 qui

2029 1843 2277 1900 ferebant
2316 1859 2478 1914 super
2510 1845 2698 1903 asinos
2725 1855 2779 1902 et
2813 1848 3056 1904 camelos
3105 1848 3329 1905 divitias
3368 1861 3495 1907 suas
3533 1853 3602 1907 ad

2026 1945 2240 2008 gentem
2269 1951 2392 2007 qum
2427 1935 2536 1992 illis
2566 1950 2674 1992 non
2711 1937 2973 2008 proderit.
3014 1957 3034 1992 ι
3085 1937 3222 2006 Quia
3255 1940 3465 1996 scilicet
3487 1950 3600 1997 tota

2027 2030 2139 2087 Deo
2163 2044 2332 2084 vacua
2363 2038 2504 2095 erat,
2537 2030 2853 2101 repletaque
2884 2032 3340 2102 quadrupedibus,
3371 2049 3512 2104 quos
3543 2041 3602 2089 ut

2025 2117 2156 2174 deos
2187 2117 2459 2184 colebant,
2496 2132 2706 2174 necnon
2751 2118 3086 2175 daemonibus
3130 2134 3298 2190 penes
3341 2120 3490 2193 ipsos
3518 2123 3600 2178 vi-

2023 2208 2299 2280 gentibus.
2361 2208 2488 2264 Hme
2533 2209 2701 2280 igitur
2752 2211 3030 2281 propheta:
3088 2210 3272 2268 oblata
3328 2223 3410 2269 est
3464 2215 3600 2271 visio

2037 2301 2484 2372 quadrupedum,
2536 2302 2590 2356 in
2635 2301 3013 2374 Egyptiorum
3062 2304 3355 2361 solitudine
3387 2321 3602 2362 moran-

2025 2397 2184 2462 tium,
2212 2395 2368 2464 queis
2396 2394 2608 2466 prologi
2637 2395 2948 2451 Judzeorum
2997 2411 3128 2468 opes
3176 2413 3303 2454 suas
3351 2400 3598 2470 deporta-

1967 2503 1969 2506 ‘
2023 2487 2155 2542 bant
2183 2504 2197 2542 :
2226 2495 2353 2542 nam
2378 2487 2570 2542 animae
2621 2501 2734 2543 suae
2771 2489 3032 2557 penuaria
3064 2487 3388 2560 [Egyptiaco
3421 2491 3595 2548 errori

2021 2580 2366 2636 dediderant.

2092 2669 2258 2726 Vens.
2291 2671 2412 2726 7-9.
2450 2689 2469 2724 ι
2509 2667 2748 2743 Egyptii
2781 2672 2979 2728 frustra
3013 2683 3068 2728 et
3103 2673 3336 2730 inaniter
3362 2676 3594 2731 auxilia-

2019 2764 2222 2820 buntur
2252 2764 2423 2819 Vobis.
2471 2763 2745 2817 Annuntia
2771 2765 2849 2819 eis
2875 2804 2892 2828 ,
2915 2765 3062 2833 quia,
3094 2761 3240 2819 Vana
3287 2775 3374 2821 est
3400 2781 3596 2822 conso-

2018 2857 2149 2912 latio
2175 2865 2354 2913 vestra
2376 2857 2510 2912 haec.
2545 2855 2700 2911 Nunc
2733 2855 2899 2927 igitur
2921 2856 3119 2912 sedens
3158 2858 3336 2912 scribe
3369 2858 3425 2912 in
3451 2859 3594 2913 buxo

2019 2948 2154 3013 haec,
2184 2957 2239 3003 et
2272 2948 2329 3003 in
2363 2947 2524 3014 libro,
2561 2948 2688 3019 quia
2711 2955 2870 3002 erunt
2907 2946 2960 3000 in
2996 2947 3113 3003 dies
3161 2948 3276 3003 inec
3327 2957 3592 3018 tempore,

2016 3050 2072 3096 et
2103 3054 2276 3110 usque
2317 3040 2371 3094 in
2424 3041 2683 3095 saeculum
2733 3055 2747 3094 :
2783 3041 2907 3109 quia
2935 3039 3185 3109 populus,
3211 3041 3595 3114 itnmorigerus

2014 3143 2122 3200 est,
2155 3133 2251 3188 lilii
2307 3135 2634 3199 mendaces,
2669 3131 2760 3202 qui
2820 3133 3110 3188 noluerunt
3169 3133 3359 3189 audire
3417 3133 3592 3205 legem

2019 3227 2135 3282 Dei.
2175 3244 2194 3280 ι
2237 3223 2331 3280 Sic
2383 3239 2570 3284 eorum
2618 3226 2842 3280 stultitia
2899 3233 2955 3280 et
3018 3225 3588 3282 insania'euarratur.

2013 3316 2201 3388 Neque
2233 3319 2376 3375 enim
2429 3316 2657 3373 sensiles
2705 3315 2784 3370 illi
2824 3313 3064 3386 Egyptii
3091 3357 3106 3382 ,
3151 3331 3324 3387 neque
3370 3316 3466 3384 illi,
3499 3317 3589 3388 qui

2013 3419 2182 3478 penes
2231 3421 2329 3464 eos
2369 3407 2443 3461 dii
2491 3407 2918 3478 reputabuntur,
2952 3407 3270 3476 epitulaturi
3306 3409 3590 3464 erantin-

2012 3497 2254 3552 timorum
2305 3498 2534 3568 populo,
2588 3496 2654 3550 ad
2701 3496 2846 3565 ipsos
2898 3495 3254 3567 eonl’ugienti.
3308 3496 3588 3568 Siquidem

2011 3599 2126 3660 pm
2163 3603 2357 3659 magna
2388 3588 2554 3642 animi
2579 3587 2875 3651 anxietate,
2909 3601 2972 3641 ae
2999 3601 3110 3656 pra:
3138 3586 3446 3645 alliietionis
3476 3590 3589 3646 vio-

2011 3681 2197 3748 lentia,
2228 3679 2606 3752 Egyptiorum
2636 3679 2767 3733 deos
2801 3678 3187 3747 celebrabant;
3236 3681 3385 3752 ipsos
3435 3685 3588 3740 vide-

2012 3774 2138 3829 licet
2167 3773 2443 3829 dzcmonas
2473 3770 2761 3840 malignos,
2816 3771 3052 3826 animam
3100 3787 3255 3828 suam
3310 3775 3362 3828 in
3415 3791 3587 3847 augu-

2011 3865 2144 3922 stias
2172 3873 2226 3920 et
2257 3877 2528 3918 aerumnas
2557 3862 2909 3932 cerijicientes
2937 3881 2951 3929 ;
2982 3864 3034 3918 in
3067 3864 3266 3935 quibus
3292 3877 3448 3922 erant
3473 3867 3585 3924 leo-

2011 3973 2108 4014 nes
2142 3966 2196 4014 et
2226 3957 2444 4027 aspides
2467 3997 2484 4024 ,
2509 3969 2805 4028 eorumque
2832 3957 3143 4027 progenies,
3186 3972 3250 4013 ae
3277 3971 3582 4028 serpentes,

2008 4060 2064 4107 et
2092 4051 2196 4106 alia
2231 4060 2490 4106 sexcenta
2517 4049 2730 4120 reptilia
2758 4060 2920 4120 atque
2944 4051 3092 4116 tene,
3119 4066 3347 4121 quorum
3375 4053 3582 4122 icones,

2009 4160 2220 4201 necnon
2251 4145 2365 4214 ipsa
2397 4143 2618 4198 sensilia
2653 4143 2910 4198 animalia
2941 4158 3039 4213 per
3090 4154 3256 4198 totam
3287 4143 3584 4218 Aigyptum

2008 4253 2109 4309 pro
2133 4237 2236 4293 diis
2261 4237 2602 4292 colebantur.
2631 4235 2849 4289 Atenim
2877 4235 3064 4290 leones
3090 4249 3276 4292 revera
3299 4278 3315 4302 ,
3342 4239 3582 4308 aSpidcs,

2009 4337 2316 4398 serpentes,
2346 4335 2401 4382 et
2426 4325 2535 4380 alia
2563 4334 2822 4380 sexcenta
2878 4340 2978 4396 pro
3025 4326 3132 4381 diis
3158 4329 3579 4383 venerabantur.

2007 4421 2074 4477 Et
2099 4435 2234 4477 sane
2267 4435 2479 4486 eorum,
2512 4434 2651 4490 quos
2682 4418 2813 4474 deos
2837 4419 3122 4490 putabant,
3170 4420 3389 4475 nomine
3421 4421 3583 4475 urbes

2007 4529 2135 4572 suas
2156 4513 2540 4585 appellarunt;
2577 4528 2607 4566 a
2637 4514 2792 4569 leone
2825 4512 3051 4576 scilicet,
3082 4512 3316 4577 Leonte;
3363 4529 3396 4568 a
3421 4528 3578 4578 eane,

319 4603 519 4669 Κυνὼ,
568 4607 662 4660 καὶ
709 4607 817 4660 ἀπὸ
856 4605 1014 4661 ἄλλου
1061 4608 1222 4663 πάλιν
1266 4609 1433 4682 θηρὸς
1479 4612 1672 4684 ἑτέραν
1717 4613 1891 4668 πόλιν.

2015 4608 2169 4681 Βγηο,
2201 4609 2269 4663 ab
2300 4607 2403 4661 alia
2442 4606 2570 4660 item
2602 4605 2713 4659 fera
2763 4605 2922 4659 aliam
2959 4606 3253 4659 civitatem.

393 4717 413 4751 ι
440 4701 504 4754 Oi
539 4700 784 4769 λέγοντες
832 4703 946 4766 τοῖς
1006 4704 1352 4775 προφήταις,
1392 4704 1484 4774 Μὴ
1546 4705 1906 4775 ἀναγγέλλετε

318 4795 448 4864 ἡμῖν
471 4809 485 4822 ο
504 4795 726 4857 καὶτοῖς
745 4794 999 4866 ὁράματα
1021 4793 1216 4866 ὁρῶσι,
1240 4797 1334 4868 Μὴ
1350 4797 1561 4850 λαλεῖτε
1583 4801 1714 4869 ήμῖν
1732 4815 1746 4830 ο
1771 4800 1907 4855 ἀλλὰ

316 4886 446 4956 ἡμῖν
465 4884 676 4938 λαλεῖτε
723 4886 815 4939 καὶ
853 4887 1214 4956 ἀναγγέλλετε
1232 4890 1363 4959 ήμῖν
1390 4889 1580 4960 ἑτέραν
1607 4890 1901 4964 πλάνησιν·

317 4979 410 5031 καὶ
445 4977 823 5049 ἀποστρέψατε
869 4981 1016 5050 ἡμᾶς
1048 4979 1156 5034 ἀπὸ
1187 4981 1286 5050 τῆς
1316 4979 1438 5033 ὁδοῦ
1486 4981 1709 5054 ταύτης.
1748 4985 1906 5054 Ἀφέ-

313 5067 434 5122 λετε
459 5071 552 5140 ἀφ’
591 5069 752 5141 ήμῶν
778 5071 870 5124 τὸν
905 5071 1091 5145 τρίϐον
1122 5072 1333 5133 τοῦτον,
1374 5076 1467 5127 καὶ
1524 5075 1751 5144 ἀφέλετε
1805 5079 1897 5148 ἀφ’

315 5160 472 5232 ἡμῶν
502 5161 565 5214 τὸ
593 5161 772 5230 λόγιον
812 5161 908 5216 τοῦ
951 5163 1184 5235 Ἰσραήλ.
1221 5182 1241 5215 ι
1302 5162 1486 5217 Ταῦτα
1543 5163 1652 5236 γὰρ
1708 5165 1760 5218 οἰ
1823 5167 1896 5238 μὴ

315 5252 705 5316 πιστεύσαντες
725 5256 844 5318 ταῖς
875 5254 972 5308 τοῦ
1005 5255 1269 5327 Ἰερεμίου
1308 5257 1513 5325 φωναῖς
1546 5256 1685 5327 πρὸς
1737 5256 1898 5310 αὑτὸν

311 5345 553 5408 καὶτοὺς
580 5345 650 5399 τὰ
680 5345 843 5416 ὅμοια
864 5345 1012 5418 αὑτῷ
1045 5345 1375 5420 φρονοῦντας
1405 5347 1608 5416 ἔλεγον.

391 5454 412 5488 r
441 5436 540 5490 Διά
569 5435 729 5490 τοῦτο
753 5438 881 5492 τάδε
931 5437 1082 5506 λέγει
1131 5438 1334 5511 Κύριος
1359 5439 1388 5493 ὁ
1440 5439 1595 5508 ἅγιος
1643 5440 1857 5512 Ἰσραήλ
1879 5459 1892 5472 ο

313 5528 438 5582 Ὅτι
460 5529 795 5602 ἠπειθήσατε
819 5533 934 5594 τοῖς
967 5529 1147 5599 λόγοις
1192 5531 1420 5597 τούτοις,
1483 5532 1578 5585 καὶ
1622 5531 1892 5604 ⁴ήλπίσατε

309 5621 404 5676 ἐστὶ
428 5621 635 5692 ψεύδει,
663 5623 758 5676 καὶ
785 5623 869 5676 ὃτι
909 5623 1236 5692 ὲγόγγυσας,
1273 5625 1367 5678 καὶ
1399 5625 1676 5689 πεποιθὼς
1705 5625 1892 5695 ἐγένου

310 5712 403 5766 ἐπὶ
427 5713 511 5784 τῷ
542 5713 686 5785 λόγῳ
711 5714 916 5786 τούτῳ*
951 5714 1041 5788 sta
1056 5713 1216 5768 τοῦτο
1239 5714 1389 5768 ἔσται
1427 5717 1556 5787 ύμῖν
1584 5718 1618 5788 ὴ
1653 5718 1894 5792 ἁμαρτία

311 5805 452 5869 αῦτη
483 5807 560 5871 ὡς
586 5811 766 5880 τεῖχος
815 5809 1016 5862 πίπτον
1057 5809 1398 5882 παραχρῆμα
1443 5811 1647 5874 πόλεως
1689 5813 1893 5884 ὀχυρᾶς

316 5897 640 5983 ἑαλωκυίας,
670 5895 735 5975 ἧς
760 5901 1097 5975 παραχρῆμα
1115 5902 1344 5973 πάρεστι
1362 5901 1420 5955 τὸ
1451 5902 1678 5974 πτῶμα⁹
1711 5903 1806 5985 καί
1832 5903 1912 5986 τθζ

2077 4704 2244 4758 Vens.
2273 4703 2360 4766 10,
2394 4701 2480 4754 Η.
2507 4699 2606 4767 Qui
2637 4699 2822 4754 dicunt
2843 4697 3142 4769 prophetis,
3181 4695 3258 4751 Ne
3288 4696 3578 4751 annuntio-

2007 4795 2076 4849 tis
2104 4794 2278 4860 nobis,
2315 4801 2370 4847 et
2393 4791 2706 4846 videntibus
2737 4790 2992 4854 visiones,
3034 4788 3112 4843 Ne
3150 4788 3439 4858 loquamini
3476 4805 3578 4844 no-

2003 4885 2090 4942 bis
2119 4904 2131 4940 :
2168 4889 2262 4939 sed
2289 4882 2774 4952 noblsJoquimini,
2807 4890 2864 4937 et
2887 4881 3208 4936 anmmtiate
3231 4880 3386 4936 nobis
3413 4881 3576 4937 alium

2004 4989 2245 5035 errorem
2288 4995 2303 5031 :
2342 4986 2397 5032 et
2442 4979 2672 5032 avertite
2725 4992 2823 5030 nos
2871 4973 2938 5028 ab
2990 4975 3091 5030 hac
3141 4975 3248 5031 via.
3285 4971 3508 5030 Auferte
3547 4989 3581 5030 a‘

2005 5071 2163 5127 nobis
2191 5071 2443 5126 semitam
2489 5069 2632 5124 hanc
2658 5108 2674 5132 ,
2702 5077 2758 5124 et
2800 5067 3011 5122 auferte
3040 5084 3068 5120 a
3115 5067 3269 5122 nobis
3297 5068 3575 5122 oraculum

2005 5161 2193 5218 Israel.
2235 5179 2254 5213 ι
2291 5161 2414 5215 Haec
2449 5160 2648 5230 quippe
2680 5158 2968 5224 Jeremiae,
3003 5166 3060 5213 et
3111 5160 3260 5228 paria
3319 5173 3442 5214 cum
3484 5159 3578 5214 illo

2005 5251 2366 5310 sentientibus
2402 5251 2677 5317 dicebant,
2713 5250 2801 5320 qui
2837 5264 3025 5305 eorum
3054 5251 3277 5307 vocibus
3317 5266 3422 5306 non
3457 5268 3578 5308 cre-

2002 5348 2223 5403 debent.

2074 5435 2238 5491 Vens.
2266 5436 2448 5491 12-16.
2495 5457 2519 5487 «ι
2557 5433 2681 5491 ideo
2709 5435 2826 5490 ιιωο
2857 5435 2986 5490 dicit
3017 5435 3299 5502 Dominus,
3342 5437 3578 5492 Sanctus

2001 5531 2166 5588 Israel
2194 5546 2210 5585 :
2242 5532 2377 5598 Quia
2427 5544 2532 5585 non
2574 5529 2991 5599 obtemperastis
3049 5529 3137 5584 his
3205 5529 3574 5593 sermonibus,

2003 5625 2104 5680 sed
2127 5623 2387 5694 sperastis
2412 5622 2463 5677 in
2492 5623 2776 5678 mendacio
2799 5661 2815 5687 ,
2851 5633 2905 5678 et
2949 5621 3074 5691 quia
3107 5621 3489 5684 murmurasti,
3521 5629 3577 5672 et

2001 5714 2277 5772 credidisti
2309 5716 2544 5769 sermoni
2586 5715 2745 5782 huic;
2797 5715 2999 5770 idcirco
3040 5713 3149 5768 erit
3179 5712 3334 5768 vobis
3375 5725 3575 5780 pecca-

2002 5816 2116 5862 tum
2151 5805 2256 5862 hoc
2291 5807 2443 5875 quasi
2483 5822 2671 5863 murus
2707 5808 2910 5863 cadens
2942 5806 3122 5861 subito
3165 5804 3312 5858 urbis
3354 5803 3574 5858 munita:

2000 5911 2343 5984 expugnatae,
2365 5901 2518 5984 cujus
2550 5903 2726 5961 subito
2757 5905 2907 5962 adest
2938 5901 3090 5959 ruina
3128 5916 3142 5954 :
3192 5908 3245 5954 et
3275 5899 3426 5954 ruina
3458 5895 3574 5965 ejus
