4158 6402
555 387 666 444 307

1237 359 1504 441 EUSEDH
1541 380 2012 438 CESARIENSIS
2049 379 2200 438 OPP.
2240 381 2417 438 PARS
2455 380 2546 438 ll].
2588 411 2655 422 —
2693 379 3109 438 EXEGETICA.

3711 385 3821 442 308

490 484 493 486 S
555 506 664 561 erit
691 503 846 573 quasi
905 500 1157 558 contritio
1195 500 1342 556 vasis
1394 501 1616 557 testacei
1663 517 1728 556 ex
1773 499 2012 568 olilciua,
2065 501 2136 554 ita

2260 503 2443 574 ττῶμα
2473 503 2642 574 αὐτῆς
2668 503 2819 558 ἐσται
2847 504 2924 566 ὡς
2973 502 3286 574 σύντριμμα
3319 504 3541 572 ἀγγείου
3563 505 3820 578 ὀστρακί-

557 596 874 654 comminuti
939 603 996 650 ut
1049 609 1155 650 non
1223 593 1535 650 inveniatur
1583 594 1636 648 in
1676 594 1757 649 eis
1812 605 1986 659 testa,
2033 609 2140 664 qua

555 689 739 760 ignem
768 689 934 752 feras,
958 699 1016 742 et
1042 687 1262 759 paulum
1286 703 1451 757 aquae
1479 688 1725 750 haurias.
1761 687 1852 742 Sic
1874 687 2010 742 dicit
2038 686 2142 740 Do-

557 782 737 835 minus
775 779 1055 845 Dominus,
1086 779 1320 834 Sanctus
1349 777 1514 834 Israel
1544 796 1558 832 :
1587 778 1721 834 Cum
1777 792 2026 833 reversus
2067 777 2143 830 in-

555 871 846 940 gemueris,
877 878 1010 925 tunc
1037 870 1218 925 salvus
1235 870 1372 935 eris,
1403 879 1460 924 et
1499 869 1641 924 scies
1661 867 1749 923 ubi
1780 866 1972 931 fueris,
2010 882 2132 921 cum

557 961 868 1017 conﬁdebas
900 975 1065 1030 super
1111 960 1266 1015 vanis
1309 975 1322 1011 :
1368 974 1503 1013 vana
1553 958 1690 1014 facta
1742 966 1827 1013 est
1873 956 2140 1012 fortitudo

559 1066 758 1124 vestra,
792 1065 847 1112 et
869 1056 1118 1112 noluistis
1141 1055 1361 1119 audire;
1390 1055 1485 1110 sed
1504 1053 1738 1116 dixistis,
1767 1052 1933 1122 Equis
1958 1051 2140 1123 fugie-

557 1163 723 1203 mus:
772 1157 1059 1218 prepterea
1098 1146 1361 1217 fugietis:
1407 1158 1463 1202 et
1506 1144 1783 1203 velocibus
1828 1143 2141 1200 cursoribus

559 1239 934 1296 insidebimus.
978 1259 997 1292 ι
1030 1239 1274 1308 Fugietis
1303 1239 1558 1310 quidem;
1609 1239 1702 1294 sed
1752 1252 1860 1308 quo
1907 1235 2144 1306 effugere

562 1333 818 1388 valebitis
860 1331 1288 1404 Babyloniorum
1330 1345 1583 1394 manum,
1631 1344 1752 1401 qua:
1803 1343 1896 1384 vos
1950 1343 2144 1399 appre-

564 1423 766 1478 hendet
793 1421 923 1476 etin
951 1436 1012 1477 se
1035 1420 1337 1476 detinebit?
1372 1439 1390 1472 ι
1421 1418 1717 1489 Propterea
1749 1416 1955 1473 celeres
1983 1426 2145 1474 erunt

560 1513 660 1584 qui
691 1521 1090 1584 persequentur
1117 1527 1235 1568 vos.
1271 1530 1290 1563 ι

641 1692 810 1748 Vsus.
847 1691 936 1748 l7.
974 1711 992 1742 ι
1028 1689 1108 1746 Ad
1139 1705 1328 1746 vocem
1353 1689 1515 1745 unius
1545 1687 1752 1758 fugient
1786 1688 1965 1753 mille,
1999 1697 2053 1743 et
2076 1690 2143 1744 ad

2241 613 2333 648 νου
2374 597 2439 649 ἐκ
2490 595 2758 666 κεραμίου
2786 595 2980 660 λεπτὰ,
3015 597 3157 650 ὥστε
3189 596 3264 666 μὴ
3297 597 3476 667 εὑρεῖν
3535 599 3593 651 ἐν
3641 598 3824 663 αὐτοῖς

2240 685 2529 756 ὄστρακον,
2560 685 2619 739 ὲν
2643 678 2688 752 ᾧ
2715 685 2824 756 πῦρ
2861 686 3032 756 ἀρεῖς,
3058 687 3151 740 καὶ
3183 687 3242 738 ἐν
3273 680 3318 754 ᾧ
3340 686 3655 756 ἀποσυριεῖς
3678 688 3826 759 ὕδωρ

2245 777 2458 849 μικρόν.
2515 777 2671 830 Οὕτω
2727 777 2873 848 λέγει
2926 781 3128 849 Κύριος
3171 778 3395 850 Κύριος,
3423 781 3452 833 ὁ
3492 781 3686 849 Ἄγιος
3727 780 3823 834 τοῦ

2255 869 2472 940 Ἰσραήλ
2494 886 2508 900 ο
2534 869 2700 922 Ὅταν
2721 869 3090 940 ἀποστραφεὶς
3113 869 3393 940 στενάξῃς,
3426 869 3550 923 τότε
3580 871 3825 944 σωθήσῃ,

2242 963 2336 1016 καὶ
2357 960 2541 1033 γνώσῃ
2577 960 2680 1014 ποῦ
2723 957 2886 1033 ἦσθα,
2917 963 3006 1014 ὅτε
3045 960 3356 1025 ἐπεποίθεις
3392 963 3486 1016 ἐπὶ
3549 967 3663 1028 τοῖς
3723 982 3830 1036 μα-

2241 1056 2415 1119 ταίοις
2433 1073 2446 1086 ·
2487 1054 2746 1127 ματαίαή
2777 1056 2930 1125 ἰσχὺς
2953 1054 3107 1126 ὑμῶν
3135 1054 3366 1127 ἐγενήθη
3386 1072 3400 1087 ο
3417 1056 3512 1110 καί⁸
3535 1057 3636 1110 οὐκ
3664 1057 3828 1128 ἠϐού-

2242 1145 2398 1198 λεσθε
2417 1144 2635 1198 ἀκούειν
2658 1161 2671 1174 ο
2705 1143 2818 1198 ἀλλ’
2854 1143 3078 1210 εἴπατε,
3125 1144 3239 1213 Ἐφ’
3267 1144 3451 1199 ἵππων
3481 1145 3789 1218 φευξόμεθα
3809 1165 3827 1179 °

2241 1236 2329 1292 διὰ
2370 1235 2529 1291 τοῦτο
2563 1236 2853 1306 φεύξεσθεο
2877 1238 2971 1291 καὶ
3003 1238 3096 1291 ἐπὶ
3134 1236 3358 1306 κούφοις
3378 1237 3677 1304 ἅναὸάταις
3709 1241 3832 1295 ἐσό-

2247 1331 2402 1403 μεθα.
2441 1351 2459 1385 ι
2485 1331 2748 1395 Φεύξεσθε
2784 1331 2884 1402 μέν
2907 1347 2920 1361 ·
2965 1330 3067 1385 ποῦ
3101 1332 3207 1402 μὴν
3225 1331 3506 1402 διαφυγεῖν
3533 1333 3829 1406 δυνήσεσθε

2243 1423 2340 1495 τὴν
2397 1422 2507 1476 τῶν
2539 1421 2894 1476 Βαϐυλωνίων
2951 1424 3128 1493 χεῖρα,
3164 1423 3620 1497 καταληψομένην
3660 1426 3828 1497 ὑμᾶς,

2243 1516 2337 1568 καὶ
2374 1516 2430 1568 ἐν
2452 1514 2596 1584 ἀὐτῇ
2642 1513 2904 1583 ἕχουσαν;
2939 1533 2957 1565 ι
2997 1514 3095 1568 Διὰ
3123 1513 3279 1568 τοῦτο
3303 1512 3495 1586 κοῦφοι
3535 1515 3746 1572 ἔσονται
3780 1519 3830 1572 οἱ

2243 1606 2525 1671 διώκοντες
2557 1606 2718 1676 ὑμᾶς.
2765 1622 2785 1659 ι

2320 1718 2339 1748 ι
2378 1697 2551 1751 Χίλιοι
2590 1695 2681 1750 διὰ
2715 1695 2895 1767 φωνὴν
2924 1694 3042 1760 ἐνὸς
3071 1694 3377 1765 φεύξονται,
3404 1696 3500 1750 καὶ
3528 1695 3618 1751 διὰ
3649 1697 3833 1769 φωνὴν

566 1799 757 1841 vocem
788 1784 1029 1853 quinque
1065 1783 1272 1854 fugient
1302 1780 1455 1836 multi
1496 1799 1509 1835 :
1543 1780 1716 1835 donec
1760 1778 2143 1848 relinquamiui

2260 1791 2406 1844 πέντε
2425 1790 2706 1858 φεύξονται
2732 1789 3050 1852 πολλοὶ,ἐως
3075 1789 3142 1843 ἂν
3157 1789 3557 1861 καταλειφθῆτε
3582 1790 3659 1855 ὡς
3689 1791 3834 1856 ἱστὸς

567 1875 727 1944 quasi
761 1874 936 1929 malus
966 1874 1116 1929 navis
1148 1875 1201 1928 iu
1234 1883 1442 1936 monte,
1465 1882 1519 1926 et
1543 1873 1697 1942 quasi
1724 1873 1939 1941 signum
1967 1872 2147 1927 ferens

2260 1849 2636 1956 ἐπ’δρους,καὶ
2661 1883 2736 1946 ὡς
2751 1849 2988 1952 σημαίαν
3005 1849 3184 1952 φέρων
3213 1882 3305 1936 ἐπὶ
3334 1849 3543 1952 βουνοῦ.
3574 1902 3592 1934 ι
3622 1849 3835 1955 ’ἴασπερ

567 1982 732 2035 super
751 1965 969 2022 collem.
1011 1985 1030 2018 ι
1074 1964 1541 2032 Quemadmodqu
1583 1965 1735 2020 navis
1770 1966 1821 2019 in
1849 1966 1984 2019 mari
2029 1981 2151 2034 per-

566 2057 694 2112 ditae
725 2071 788 2111 ac
814 2058 1075 2112 demersa:
1118 2056 1331 2125 signum
1368 2066 1449 2111 est
1491 2055 1732 2110 malusin
1757 2057 1959 2111 vertice
1995 2071 2151 2110 mon-

569 2149 640 2204 tis
662 2147 893 2218 positus,
920 2149 1063 2218 quod
1095 2164 1198 2203 non
1234 2147 1374 2202 ultra
1417 2147 1512 2203 illo
1537 2148 1606 2203 sit
1633 2164 1805 2217 opus;
1831 2149 1904 2202 ita
1933 2148 2150 2217 conspi-

568 2254 728 2294 cuam
763 2237 878 2294 fore
929 2238 1004 2292 ait
1051 2247 1469 2293 memoratarum
1509 2239 1788 2293 hominum
1819 2239 2138 2309 perniciem.

570 2323 773 2380 Verum
805 2340 908 2380 non
936 2338 1128 2381 omnes
1158 2324 1402 2381 funditus
1441 2328 1711 2396 perituros
1743 2343 1864 2384 esse
1899 2328 2009 2395 ait;
2043 2328 2142 2383 sed

569 2417 832 2485 quosdam
865 2432 1094 2472 numero
1126 2433 1328 2487 paucos
1361 2419 1604 2474 relictum
1639 2418 1726 2485 iri,
1754 2435 1891 2486 quos
1916 2420 2146 2476 misera-

577 2519 666 2564 tus
694 2507 855 2575 Deus,
885 2510 1065 2565 salvos
1102 2508 1292 2577 faciet,
1316 2510 1386 2563 ob
1417 2509 1848 2564 misericordiam
1881 2510 2012 2580 ipsis
2049 2525 2150 2566 ex-

571 2601 802 2658 hibitam
831 2600 1132 2657 laudandus
1157 2615 1221 2657 ac
1252 2601 1657 2656 celebrandus:
1692 2601 1774 2657 sic
1813 2600 1959 2656 enim
1996 2601 2150 2656 illum

567 2693 770 2763 justum
812 2690 1051 2760 iudicem
1101 2706 1242 2757 esse,
1294 2700 1354 2746 ut
1387 2693 1580 2764 dignos
1621 2693 1841 2763 quidem
1887 2694 2154 2764 supplicio

573 2784 806 2856 plectat;
860 2799 954 2840 eos
1010 2793 1227 2848 autem,
1269 2783 1363 2852 qui
1419 2785 1848 2840 misericordiam
1897 2787 2153 2856 consequi

575 2875 783 2940 valent,
816 2877 992 2932 salute
1019 2876 1273 2947 dignetur
1301 2890 1418 2930 sua.
1447 2874 1626 2944 Quare
1655 2875 1730 2930 ait
1761 2892 1777 2928 :

650 2968 817 3024 Vens.
843 2967 932 3024 l8.
979 2987 999 3020 ι
1035 2966 1100 3021 Ει
1127 2983 1345 3022 rursum
1382 2977 1662 3038 exspectat
1695 2968 1834 3022 Deus
1857 3009 1872 3033 ,
1901 2977 1960 3024 ut
2000 2969 2160 3025 mise-

581 3072 772 3118 reatur
803 3062 968 3117 vestri
1002 3079 1018 3117 :
1053 3071 1108 3117 et
1137 3071 1422 3133 propterea
1452 3062 1748 3118 extolletur
1769 3104 1784 3128 ,
1812 3072 1871 3118 ιιι
1894 3063 2161 3119 miserea-

2250 1978 2378 2048 νηὸς
2408 1975 2833 2047 παραπεσούσης
2861 1975 2955 2028 καὶ
2984 1973 3328 2045 ἀπολομένης
3370 1975 3428 2027 ἐν
3458 1974 3695 2049 θαλάττῃ
3731 1993 3834 2047 ση-

2255 2071 2402 2142 μεῖον
2429 2068 2688 2138 τυγχάνει
2718 2065 3002 2130 άποτεθεὶς
3031 2067 3118 2120 ἐπ’
3151 2066 3322 2136 ἄκρου
3350 2065 3508 2138 ὅρους
3543 2065 3708 2131 ίστὺς,
3737 2065 3834 2119 τοῦ

2254 2160 2450 2234 μηκέτι
2484 2159 2649 2214 αὐτοῦ
2696 2159 2885 2231 χρείαν
2933 2152 3102 2212 εἶναι’
3152 2156 3325 2222 οὕτως
3380 2157 3645 2228 ἐπίσημον
3670 2156 3835 2227 γενή-

2254 2253 2442 2308 σεσθαι
2466 2251 2563 2324 τὴν
2588 2251 2859 2306 ἀπώλειαν
2887 2251 2993 2304 τῶν
3017 2249 3360 2321 δηλουμένων
3375 2267 3388 2281 ο
3409 2248 3547 2320 πλὴν
3573 2248 3632 2302 ού
3657 2248 3835 2320 πάντη

2253 2349 2460 2412 πάντας
2481 2345 2794 2400 ἀπολεῖσθαί
2812 2361 2965 2415 φησι,
2992 2341 3506 2415 περιλειφθήσεσθαι
3525 2343 3582 2396 δὲ
3615 2341 3837 2414 βραχεῖς

2252 2458 2426 2506 τινας,
2454 2439 2547 2503 οὓς
2581 2440 2806 2512 ἐλεήσας
2835 2440 2863 2492 ὁ
2881 2437 3034 2502 Θεὸς,
3048 2437 3141 2490 καὶ
3168 2432 3347 2491 οἶκτον
3377 2432 3561 2490 λαϐὼν
3583 2434 3837 2500 διασώζει

2251 2531 2637 2604 δοξαζόμενος,
2687 2532 2782 2586 καὶ
2819 2530 3122 2602 ὑψούμενος
3181 2529 3271 2583 διὰ
3329 2528 3422 2582 τοῦ
3453 2528 3672 2599 ἐλεῆσαι
3735 2528 3839 2583 αὖε

2252 2626 2379 2690 τούς
2401 2643 2414 2658 ·
2445 2625 2588 2680 οὕτω
2609 2624 2717 2697 γὰρ
2745 2624 2907 2678 αὐτὸν
2943 2622 3135 2694 κριτὴν
3159 2613 3364 2677 δίκαιον
3391 2618 3552 2688 εἶναι,
3579 2622 3656 2685 ὡς
3711 2619 3839 2685 τοὺς

2258 2720 2356 2790 μὲν
2382 2717 2566 2784 ἀξίους
2606 2716 2878 2788 τιμωρίας
2908 2713 3180 2778 κολάζειν,
3230 2714 3357 2778 τοὺς
3400 2712 3459 2767 δὲ
3505 2713 3840 2784 δυναμένους

2255 2812 2407 2866 ἐλέου
2437 2813 2644 2881 τυχεῖν,
2675 2809 2777 2881 τῆς
2811 2809 2940 2881 παρ’
2973 2806 3139 2862 αὑτοῦ
3187 2803 3477 2871 καταξιοῦν
3541 2805 3837 2878 σωτηρίας.
3938 2857 3950 2865 ,

2257 2901 2348 2956 Διό
2382 2918 2516 2956 φησι
2535 2917 2550 2932 ο

2333 2920 2348 2955 2
2463 2919 2516 2954 σι
2535 2919 2550 2932 ·

2333 3013 2352 3046 ι
2382 2919 2504 3049 ςἒῑαὶ
2561 2993 2722 3048 πάλιν
2757 2992 2907 3064 μένει
2934 2992 3115 3056 ὁΘεδς
3140 2991 3235 3046 τοῦ
3265 2991 3603 3064 οίκτειρῆσαι
3650 2990 3795 3062 ὑμᾶς
3821 3005 3838 3024 ⁶

2259 3087 2354 3141 καὶ
2371 3085 2459 3140 διὰ
2492 3083 2651 3139 τοῦτο
2685 3083 3028 3156 ὑψωθήσεται
3059 3083 3154 3138 τοῦ
3208 3083 3430 3155 ἐλεῆσαι
3483 3083 3660 3154 ὑμᾶς·
3703 3081 3840 3136 διότι

583 3167 674 3212 tur
718 3155 887 3213 vestri
917 3172 932 3210 :
958 3155 1214 3228 quoniam
1255 3156 1425 3225 iudex
1470 3157 1732 3216 Dominus
1779 3157 1926 3215 Deus
1969 3158 2156 3213 vestri.

2261 3177 2452 3250 κριτὴς
2473 3179 2676 3251 Κύριος
2703 3176 2732 3229 ὀ
2769 3155 2902 3241 Geor;
2933 3177 3106 3248 ὑμῶν.
3134 3175 3409 3250 Μακάριοι
3437 3176 3485 3228 οἰ
3511 3173 3841 3246 ἐμμένοντες

579 3249 730 3305 Beati
749 3249 840 3320 qui
862 3257 1079 3305 manent
1116 3248 1168 3303 in
1192 3263 1279 3304 eo.
1311 3267 1332 3302 ι
1366 3246 1502 3303 Nam
1525 3265 1647 3305 cum
1673 3249 1855 3318 justus
1873 3249 1944 3304 sit
1967 3248 2156 3319 judex,

585 3342 781 3414 dignos
803 3341 1022 3414 quidem
1044 3339 1343 3411 captivitati
1375 3341 1596 3396 tradidit
1626 3356 1640 3393 :
1667 3355 1803 3411 quos
1839 3349 2021 3396 autem
2053 3342 2157 3396 mi-

581 3434 759 3490 serari
784 3450 887 3507 par
917 3441 1060 3496 erat.
1091 3425 1187 3488 eos
1211 3432 1390 3489 salvos
1428 3431 1562 3487 fecit
1591 3449 1604 3484 :
1635 3433 1779 3488 unde
1821 3433 2039 3489 beatum
2076 3441 2162 3489 est

580 3526 639 3584 in
666 3526 759 3584 illo
778 3540 1043 3591 manere;
1079 3525 1195 3581 sive
1225 3535 1284 3580 ut
1313 3524 1675 3597 Symmachus
1697 3525 1886 3590 edidit,
1924 3543 1943 3577 ι
1983 3524 2159 3595 ipsum

583 3619 873 3688 sustinere.
912 3638 932 3672 ι
985 3618 1420 3675 Consentaneum
1469 3617 1668 3688 quippe
1729 3626 1814 3671 est
1868 3615 2160 3671 stationem

587 3727 696 3768 non
720 3711 998 3778 deserere,
1025 3726 1127 3768 nec
1147 3711 1216 3768 de
1252 3709 1454 3765 auxilio
1487 3709 1580 3766 Dei
1608 3710 1900 3780 desperare
1931 3709 1983 3763 iu
2013 3711 2160 3764 cala-

586 3806 864 3862 mitatibus
917 3805 1349 3862 occurrentibus.
1395 3802 1466 3860 Ut
1495 3804 1680 3874 justus
1726 3804 1912 3874 itaque
1964 3803 2158 3874 judex,

584 3905 644 3952 et
665 3906 848 3968 utpote
869 3897 1068 3960 bonus,
1105 3896 1483 3960 miserebitur;
1519 3895 1595 3950 ita
1619 3905 1678 3950 ut
1707 3895 1836 3950 Siou
1863 3905 1919 3950 et
1945 3891 2164 3950 Jerusa-

587 3987 694 4045 lem
731 3990 910 4046 denuo
943 3988 1299 4054 aedificentur,
1342 3996 1397 4044 et
1431 3987 1488 4042 in
1534 3987 1628 4044 illa
1675 4001 1891 4043 rursum
1933 3986 2164 4056 populus

593 4079 823 4136 habitet.
1770 4133 1777 4142 ,

667 4169 828 4226 Vens.
858 4171 948 4228 t9.
991 4170 1250 4237 Quoniam
1275 4171 1500 4244 populus
1534 4180 1759 4227 sanctus
1788 4173 1843 4228 in
1883 4173 2012 4230 Sion
2064 4174 2166 4228 ha-

593 4263 806 4331 bitabit,
828 4273 882 4319 et
896 4263 1194 4319 Jerusalem
1217 4263 1344 4320 ﬂetu
1372 4279 1475 4319 non
1503 4263 1672 4320 flevit.
1722 4263 1985 4320 Miserere
2013 4265 2116 4318 mei
2149 4282 2164 4319 :

589 4356 938 4414 miserebitur
964 4357 1063 4412 tui.
1097 4354 1298 4413 Vocem
1347 4356 1606 4412 clamoris
1633 4359 1709 4411 tui
1746 4357 1966 4427 quando
2015 4355 2166 4424 vidit,

589 4447 869 4504 exaudivit
895 4456 968 4503 te.
1006 4466 1027 4501 ι
1062 4447 1136 4503 lta
1163 4449 1308 4503 enim
1332 4449 1598 4504 Hebraica
1624 4448 1784 4504 lectio
1818 4447 2165 4505 circumfert:

2261 3268 2320 3322 ἐν
2345 3268 2513 3339 αὐτῷ.
2551 3287 2569 3322 ι
2594 3267 2814 3330 Δίκαιος
2841 3265 2951 3339 γάρ
2982 3265 3058 3319 ὢν
3115 3265 3328 3338 κριτὴς,
3356 3264 3484 3328 τοὺς
3512 3265 3609 3335 μὲν
3654 3263 3840 3329 ἀξίους

2261 3360 2606 3432 αἰχμαλωσίᾳ
2627 3359 2909 3432 παρεδίδου
2925 3375 2940 3390 ’
2973 3357 3068 3421 οὒς
3089 3358 3145 3412 δὲ
3169 3357 3374 3411 δίκαιον
3389 3356 3578 3421 ἐλεεῖν,
3605 3355 3839 3421 ἔσωζενο

2261 3449 2386 3504 ὅθεν
2421 3448 2516 3503 καὶ
2547 3448 2814 3522 μακάριόν
2844 3449 2959 3502 ἐστι
2981 3447 3318 3518 τὺέμμένειν
3347 3447 3405 3500 ἐν
3428 3445 3604 3517 αὐτῷ·
3632 3446 3665 3518 ἦ
3699 3445 3841 3500 κατὰ

2261 3541 2353 3595 τὸν
2378 3540 2689 3612 Σύμμαχον,
2730 3559 2748 3592 ι
2789 3539 3079 3610 ὑπομένειν
3112 3538 3292 3592 αὐτόν.
3338 3557 3358 3590 ›
3391 3538 3570 3592 Καλὸν
3613 3537 3721 3608 γὰρ
3778 3537 3844 3591 τὸ

2267 3633 2341 3707 μὴ
2367 3633 2761 3696 λειποτακτεῖν,
2794 3634 2889 3687 καὶ
2917 3632 2990 3704 μὴ
3024 3631 3422 3700 ἀπογινώσκειν
3453 3631 3554 3702 τὴν
3580 3630 3674 3684 τοῦ
3703 3631 3844 3700 Θεοῦ

2266 3721 2519 3796 βοήθειαν
2557 3726 2614 3777 ἐν
2662 3726 2781 3788 ταῖς
2814 3722 3353 3794 καταλαμϐανούσαις
3384 3724 3707 3794 συμφοραῖς.
3754 3722 3847 3786 Ὡς

2264 3817 2470 3880 δίκαιος
2512 3815 2795 3889 τοιγαροῦν
2836 3815 3047 3887 κριτὴς,
3099 3814 3194 3868 καὶ
3220 3814 3297 3878 ὡς
3331 3815 3533 3883 ἀγαθὸς
3580 3814 3739 3868 πάλιν
3765 3815 3849 3868 oi-

2265 3910 2542 3981 κτειρήσει
2566 3925 2578 3939 ο
2611 3909 2688 3972 ὡς
2717 3908 2814 3980 τὴν
2847 3907 2983 3962 Σιὼν
3010 3907 3105 3961 καὶ
3142 3907 3239 3979 τὴν
3283 3907 3637 3980 Ἰερουσαλὴμ
3663 3905 3848 3960 δεύτε-

2269 4017 2360 4072 ρον
2413 3998 2869 4072 οἰκοδομηθῆναι,
2912 4000 3006 4054 καὶ
3035 3995 3193 4063 αὖθις
3230 4000 3289 4052 ἐν
3340 3999 3476 4070 αὐτῇ
3520 3998 3847 4070 κατοικῆσαι

2266 4087 2414 4142 λαόν.

2340 4199 2358 4232 ι
2393 4180 2535 4234 Διότι
2565 4179 2691 4244 λαὸς
2715 4179 2869 4250 ἅγιος
2898 4181 2957 4234 ἐν
3016 4180 3156 4234 Σιὼν
3178 4181 3413 4253 οίκήσει,
3443 4181 3539 4236 καὶ
3575 4182 3846 4255 Ἰερουσα-

2267 4272 2379 4344 λὴμ
2418 4271 2680 4344 κλαυθμῷ
2704 4274 2807 4326 ούκ
2849 4272 3132 4329 ἔκλαυσεν.
3178 4274 3429 4346 Ἐλέησόν
3478 4290 3580 4346 με’
3633 4273 3850 4345 ἐλεήσει

2268 4379 2349 4416 σε.
2377 4361 2486 4415 Tiw
2512 4363 2694 4433 φωνὴν
2728 4361 2828 4433 τῆς
2877 4361 3127 4433 κραυγῆς
3165 4379 3258 4417 σου
3289 4363 3453 4435 ἡνίκα
3517 4357 3677 4426 εἶδεν,
3743 4364 3847 4415 ἐπ-

2269 4455 2467 4524 ήκουσε
2494 4469 2608 4506 σου.
2647 4471 2666 4504 ι
2721 4451 2876 4506 υύτω
2899 4451 3008 4524 γὰρ
3036 4453 3278 4526 περιέχει
3303 4456 3336 4526 ὴ
3381 4454 3640 4525 Ἐὸραῖκὴ
3668 4453 3848 4520 λέξις·

587 4557 758 4613 quare
785 4543 1144 4615 Symmachus
1169 4542 1250 4598 sic
1274 4543 1458 4608 habet,
1500 4563 1519 4596 ι
1545 4543 1870 4608 Jerusalem,
1902 4541 2028 4598 ﬂetu
2065 4557 2156 4596 nor

2273 4542 2354 4596 διὸ
2399 4541 2540 4596 κατὰ
2578 4542 2670 4595 τὸν
2729 4541 3026 4614 Σύμμαχον
3087 4543 3334 4614 εἴρηται·
3396 4561 3415 4594 ι
3461 4539 3849 4614 Ἰερουσαλὴμ,

588 4635 781 4702 flebis;
810 4655 830 4689 ι
863 4635 1162 4692 Theodotio
1184 4635 1459 4702 similiter,
1484 4655 1503 4688 ι
1530 4636 1587 4689 In
1606 4635 1904 4691 Jerusalem
1916 4634 2040 4690 fletu
2067 4652 2174 4689 non

589 4729 827 4786 ﬂebitur.
855 4747 874 4780 ι
919 4727 1201 4798 Siquidem
1259 4741 1368 4782 non
1417 4727 1578 4782 flendi
1621 4737 1828 4798 tempus
1871 4727 2059 4782 aderat
2106 4727 2173 4782 iis

591 4823 684 4893 qui
712 4837 777 4878 ex
798 4817 1171 4877 misericordia
1195 4819 1284 4874 Dei
1300 4830 1584 4888 paternum
1609 4820 1782 4876 solum
1807 4820 2170 4891 repetierant;

593 4915 800 4985 quique
828 4928 890 4969 ea
914 4913 980 4970 de
998 4928 1160 4968 causa
1180 4912 1489 4983 gaudebant
1513 4923 1574 4969 et
1614 4912 1964 4977 laetabantur,
1999 4920 2058 4966 ut
2091 4912 2174 4966 di-

594 5007 819 5063 cituru
852 5006 1148 5061 Venientes
1191 5016 1376 5061 autem
1423 5007 1643 5062 venient
1686 5006 1740 5062 in
1789 5006 2168 5072 exsultatione,

596 5107 877 5172 portantes
902 5097 1203 5175 manipulos
1226 5113 1356 5155 suos
1382 5099 1448 5154 ’⁸.
1491 5117 1509 5151 ι
1542 5098 1774 5153 Sanctos
1824 5111 1985 5166 porro
2017 5107 2170 5151 vocat

595 5207 694 5248 cos
722 5190 815 5259 qui
881 5191 1201 5259 pmnitentia
1246 5192 1591 5247 sanctitatem
1640 5191 1743 5246 sibi
1785 5199 2168 5260 procurarunt.

598 5282 1029 5352 Hierosolymam
1063 5299 1189 5340 vero
1227 5283 1441 5340 ﬂentem
1465 5284 1674 5340 inducit
1705 5284 1988 5355 propheta,
2028 5283 2170 5352 quod

596 5373 1080 5430 commiseratione
1115 5385 1290 5430 motus
1322 5375 1486 5430 talem
1526 5376 1672 5431 illam
1699 5391 1818 5432 esse
1853 5375 1953 5429 sibi
1989 5383 2170 5430 mente

597 5464 932 5531 fortunaverit.
975 5465 1079 5522 Pro
1129 5466 1218 5522 illo
1254 5475 1455 5534 autem,
1510 5487 1530 5520 ι
1571 5470 1767 5525 Vocem
1808 5468 2058 5524 clamoris
2094 5467 2170 5524 tui

595 5559 814 5628 quando
838 5559 993 5624 vidit,
1019 5559 1298 5615 exaudivit
1327 5569 1401 5626 te,
1435 5579 1455 5613 ι
1501 5560 1860 5632 Symmachus
1884 5560 1982 5624 ait,
2019 5578 2038 5612 ι
2066 5560 2171 5616 Vo-

598 5668 716 5710 cem
747 5653 1004 5710 clamoris
1032 5654 1133 5720 tui,
1162 5653 1302 5710 sicut
1339 5653 1586 5711 auditum
1612 5653 1799 5722 fuerit,
1835 5654 2018 5711 audiet
2044 5663 2114 5710 te.
2149 5675 2167 5707 ι

669 5831 713 5868 ⁸⁸
744 5828 887 5887 Psal.
914 5845 1078 5898 cxxv,
1105 5831 1158 5888 ὕ.

2277 4633 2548 4705 κλαυθμὸν
2570 4635 2630 4687 ού
2658 4633 2910 4700 κλαύσεις
2930 4651 2942 4664 ·
2979 4655 2998 4686 ι
3025 4633 3226 4704 ὁμοίως
3244 4633 3301 4687 δὲ
3330 4632 3585 4688 καὶκατὰ
3605 4633 3696 4686 τὸν
3723 4632 3852 4685 Θεο-

2273 4727 2500 4782 δοτίωνα
2543 4726 2785 4798 εἴρηται·
2835 4745 2856 4777 ι
2908 4727 2996 4779 Ἐν
3054 4725 3404 4797 Ἰερουσαλὴμ
3459 4723 3733 4796 κλαυθμὸς
3782 4723 3856 4776 οὗ

2274 4819 2696 4890 κλαυσθήσεται.
2724 4838 2740 4869 ι
2777 4817 2970 4871 Οὐκέτι
2994 4817 3103 4889 γὰρ
3122 4813 3190 4888 ἦν
3225 4817 3414 4890 καιρὸς
3429 4814 3708 4888 κλαυθμοῦ
3737 4816 3854 4878 τοῖς

2272 4911 2360 4965 διὰ
2387 4912 2477 4965 τὸν
2501 4911 2646 4964 ἔλεον
2667 4911 2762 4963 τοῦ
2791 4909 2926 4963 Θεοῦ
2959 4909 3291 4964 ἀπολαϐοῦσι
3326 4910 3386 4964 τὸ
3429 4908 3679 4981 πατρῷον
3731 4907 3854 4960 ἔδα-

2275 5022 2392 5074 φος,
2423 5004 2516 5058 καὶ
2539 5004 2632 5057 ἐπὶ
2649 5003 2822 5074 τούτῳ
2837 5003 3086 5075 χαίρουσι
3114 5004 3206 5056 καὶ
3232 5003 3691 5074 εύφραινομένοις,
3709 4999 3854 5055 κατὰ

2273 5097 2335 5149 τὸ
2360 5096 2644 5168 εἰρημένον
2663 5112 2676 5126 ο
2703 5113 2720 5146 ι
2769 5095 3079 5168 Ἐρχόμενοι
3103 5095 3159 5149 δὲ
3180 5097 3396 5167 ἥξουσιν
3421 5097 3479 5149 ἐν
3510 5094 3853 5164 ἀγαλλιάσει,

2277 5188 2520 5259 αἴροντες
2567 5187 2634 5242 τὰ
2665 5187 2956 5259 δράγματα
3017 5188 3218 5242 αὐτῶν.
3265 5208 3286 5240 ι
3328 5189 3541 5258 Ἀγίους
3587 5188 3644 5241 δὲ
3698 5187 3858 5241 καλεῖ

2276 5281 2404 5344 τοὺς
2425 5279 2514 5334 διὰ
2550 5280 2650 5351 τῆς
2686 5278 2972 5351 μετανοίας
3026 5280 3117 5333 τὸν
3163 5281 3433 5351 ἁγιασμὸν
3477 5277 3854 5349 ἐφελκυσαμέ-

2278 5389 2422 5436 νους.
2463 5371 2767 5428 Κλαίουσαν
2798 5375 2855 5428 δὲ
2880 5375 2981 5446 τὴν
3024 5371 3376 5446 Ἰερουσαλὴμ
3401 5371 3609 5439 εἰσάγει
3637 5371 3666 5423 ὀ
3715 5386 3857 5440 προ-

2279 5464 2456 5535 φήτης
2479 5504 2496 5530 ,
2553 5466 2950 5536 προανατυπῶν
3004 5465 3174 5538 αὐτὴν
3235 5460 3490 5533 τοιαύτην
3539 5460 3680 5516 κατά
3728 5459 3859 5514 νοῦν

2279 5555 2470 5610 ἑαυτοῦ
2489 5557 2601 5622 τοῖς
2627 5557 2727 5629 τῆς
2752 5556 3092 5628 συμπαθείας
3124 5556 3466 5626 σπλάγχνοις.
3486 5554 3630 5608 Ἀντί⁸
3649 5553 3705 5606 δὲ
3732 5549 3857 5609 τοῦ.

2280 5669 2297 5702 ι
2338 5649 2447 5723 Τὴν
2469 5650 2653 5723 φωνὴν
2674 5650 2776 5722 τῆς
2809 5650 3054 5724 κραυγῆς
3097 5666 3190 5704 σου
3225 5646 3386 5721 ἡνίκα
3411 5642 3550 5701 εἶδεν
3568 5687 3582 5714 ,
3610 5645 3851 5716 ἐπήκου-
