4158 6402
375 396 480 454 309

381 625 499 673 σου,
527 602 713 666 καθὼς
739 601 806 656 ἂν
861 595 1126 667 ἀκὸυσθῇ,
1164 591 1347 647 ἀκούει
1398 607 1515 643 σου.
1549 606 1567 639 ι
1622 586 1844 656 Ὅμοιον
1895 580 1954 634 δὲ

379 697 572 768 τούτῳ,
607 714 625 747 ι
657 691 819 748 Κατὰ
840 690 938 761 τὴν
959 686 1142 741 πίστιν
1186 699 1281 738 σου
1309 680 1594 753 γενηθήτω
1627 693 1729 741 σοι,
1771 694 1790 726 ι
1828 674 1953 726 εἰω-

382 790 498 843 θότι
524 764 775 856 λέγεσθαι
809 781 916 836 ὑπὸ
938 778 1033 833 τοῦ
1053 775 1322 846 Σωτῆρος.
1354 771 1468 826 Νῦν
1505 770 1601 841 μὲν
1621 764 1952 856 γὰρ,φησῖν,

384 883 485 936 οὐκ
512 853 760 941 ἓκλαυσε,
782 872 902 928 καθ’
928 871 1114 944 ἕτερον
1139 867 1198 922 δὲ
1218 863 1410 937 καιρὸν
1436 860 1593 916 τοῦτο
1620 860 1781 913 ποιεῖ.
1811 853 1957 924 Πλὴν

386 976 416 1028 ό
445 972 601 1041 λόγος
636 968 889 1040 παραινεῖ
926 964 1064 1033 αὐτῇ
1109 959 1238 1031 βοᾷν
1263 957 1398 1031 πρὸς
1418 955 1510 1009 τὸν
1537 952 1668 1006 Θεὸν
1707 950 1953 1041 πάντοτε.

394 1086 413 1117 ι
452 1039 595 1135 Πρὸς
616 1039 731 1132 τὴν
766 1058 947 1130 φωνήν
990 1071 1106 1120 σου,
1158 1053 1355 1123 φησὶν,
1411 1039 1834 1118 ἀποκριθήσεται
1878 1054 1956 1091 σοι

386 1160 416 1212 ὁ
441 1156 590 1220 Θεός.
621 1173 641 1207 ι

461 1268 480 1299 ι
514 1246 625 1301 Καὶ
652 1243 812 1299 δώσει
841 1241 1044 1315 Κύριος
1073 1241 1200 1311 ὑμῖν
1222 1237 1385 1309 ἄρτον
1414 1231 1663 1302 θλίψεως,
1694 1228 1784 1282 καὶ
1816 1224 1960 1294 ὕδωρ

390 1339 573 1395 στενόν
593 1353 606 1367 ·
632 1337 727 1391 καὶ
743 1335 927 1391 οὐκέτι
963 1332 1037 1405 μὴ
1066 1328 1325 1401 ὲγγίσωσί
1353 1344 1434 1380 σοι
1454 1326 1502 1379 οἱ
1527 1319 1835 1383 πλανῶντες
1860 1335 1920 1370 σε
1943 1337 1956 1349 ·

387 1433 470 1488 ὅτι
500 1432 549 1485 οί
576 1427 839 1500 ὀφθαλμοί
869 1442 963 1479 σου
983 1422 1347 1495 ὃψονταιτοὺς
1372 1415 1686 1480 πλανῶντάς
1728 1429 1818 1466 σε’
1870 1412 1963 1466 καὶ

388 1522 457 1576 τὰ
484 1516 601 1575 ὧτά
628 1537 721 1574 σου
758 1515 1086 1572 ἀκούσονται
1114 1514 1241 1578 τοὺς
1298 1511 1489 1580 λόγους
1511 1508 1619 1562 τῶν
1678 1504 1853 1558 ὀπίσω
1903 1518 1963 1554 σε

391 1611 778 1682 πλανησάντων
801 1626 815 1640 ·
849 1610 900 1663 ei
924 1607 1172 1677 λέγοντες
1187 1623 1201 1637 ·
1226 1603 1373 1675 Αὕτη
1401 1599 1589 1673 ήόδδς,
1613 1594 1965 1669 πορευθῶμεν

388 1704 447 1756 ὲν
480 1703 642 1775 αὐτῇ,
669 1701 777 1756 εἴτε
804 1699 975 1766 δεξιὰ,
1009 1697 1118 1752 εἴτε
1152 1693 1432 1770 ἀριστερά.
1466 1712 1485 1744 ι
1506 1690 1757 1744 Διδάσκει
1783 1687 1840 1740 δὲ
1880 1684 1967 1740 διὰ

388 1796 616 1859 τούτων,
651 1795 727 1858 ὡς
747 1795 804 1847 ὲν
833 1794 931 1865 μὲν
950 1793 1016 1863 τῇ
1032 1791 1175 1862 ἀρχῇ
1204 1786 1306 1858 τῆς
1340 1785 1595 1840 ἐπανόδου
1622 1780 1825 1852 πολλῆς
1852 1778 1965 1833 θλι-

1290 376 1796 439 COMMENTARIA
1830 373 1895 429 ΙΝ
1936 368 2194 429 lSAlAM.
2236 396 2302 410 —-
2340 364 2492 422 CAP.
2529 360 2699 419 XXX.

380 515 440 571 σε
482 529 597 578 σου,
638 530 657 562 ι
711 511 739 564 ὁ
761 505 1055 580 Σύμμαχός
1086 520 1239 574 φησι,
1286 520 1304 553 ι
1334 499 1448 570 Τὴν
1482 496 1664 568 φωνὴν
1691 494 1788 565 τῆς
1826 491 1952 562 βοῆς
1982 495 2029 552 Α

2055 484 2244 543 Simile
2281 479 2623 538 autemtliuic
2674 484 2757 531 est
2815 471 3055 535 illudﬁt
3098 466 3408 524 Secundum
3462 462 3623 517 fidem

2057 590 2200 636 tuam
2251 576 2345 631 fiat
2384 574 2520 639 tibi,
2564 589 2585 624 ι
2641 568 2784 639 quod
2820 581 2849 620 a
2887 544 3169 619 Salvatore
3213 558 3323 616 d-ici
3352 556 3507 613 solet.
3562 555 3630 609 Et

2057 685 2201 727 nunc
2221 668 2459 740 quidem,
2492 665 2588 730 ait,
2643 676 2753 718 non
2799 657 2969 722 ﬂevit,
3012 653 3111 710 sed
3154 651 3263 707 alio
3296 656 3540 719 tempore
3576 648 3627 700 id

2055 759 2350 833 prastabit.
2387 756 2660 813 Caeterum
2700 753 2790 807 hic
2813 755 3091 813 monetur,
3119 754 3181 800 ut
3197 743 3266 800 ad
3294 742 3469 797 Deum‘
3489 754 3631 795 sem-

2056 831 2155 927 per
2181 853 2398 909 clamet.
2446 866 2465 902 ι
2504 848 2585 904 Ad
2608 858 2794 903 vocem
2821 851 2992 909 tuam,
3025 839 3238 910 inquit,
3277 831 3630 904 respondebit

2057 948 2151 1005 tibi
2178 947 2339 1003 Deus.
2373 966 2392 998 ι

2135 1212 2297 1267 Vens.
2333 1210 2425 1276 ‘20,
2453 1209 2545 1263 Ξῖ.
2593 1228 2610 1262 ι
2658 1208 2724 1263 Ει
2758 1206 2909 1262 dabit
2936 1204 3091 1259 vobis
3143 1202 3404 1257 Dominus
3444 1212 3637 1270 panem

2064 1303 2386 1367 afﬂictionis,
2411 1311 2467 1357 et
2491 1316 2685 1371 aquam
2710 1307 2995 1368 angustam
3016 1313 3030 1348 :
3051 1305 3105 1350 et
3143 1305 3480 1363 nequaquam
3498 1289 3637 1343 ultra

2064 1393 2571 1468 appropinquabunt
2600 1391 2832 1463 tibi{qui
2872 1404 3056 1444 errare
3119 1386 3326 1440 faciunt
3375 1392 3466 1448 te,
3513 1381 3642 1451 quia

2064 1492 2205 1548 oculi
2249 1488 2323 1544 tui
2373 1487 2631 1543 videbunt
2669 1490 2795 1549 eds,
2835 1483 2929 1554 qui
2974 1495 3162 1537 errare
3199 1478 3403 1532 faciunt
3441 1485 3495 1530 te
3535 1490 3551 1527 :
3586 1483 3647 1528 et

2066 1599 2227 1641 aures
2255 1592 2359 1638 tua:
2405 1581 2627 1636 audient
2654 1580 2822 1633 verba
2861 1589 3048 1632 eorum
3107 1572 3200 1644 qui
3242 1579 3539 1626 retrorsum
3592 1575 3645 1620 te

2068 1690 2258 1732 errare
2287 1674 2537 1730 fecerunt
2567 1689 2581 1726 :
2613 1669 2708 1740 qui
2734 1669 2924 1724 dicunt
2958 1686 2972 1722 :
3012 1666 3136 1721 Haec
3161 1665 3273 1730 via,
3307 1660 3646 1717 ambulemus
3742 1725 3753 1738 ο

2070 1768 2122 1824 in
2162 1783 2261 1833 ea,
2304 1767 2419 1822 sive
2453 1766 2522 1820 ad
2560 1764 2843 1826 dextram,
2885 1761 3000 1815 sive
3034 1759 3099 1812 ad
3144 1757 3448 1812 sinistram.
3484 1773 3503 1805 ι
3545 1751 3645 1808 Hie

388 1847 822 1958 ιβεωςῆμετέσχον
833 1847 890 1937 ᾈι
915 1847 1024 1936 ἀπό
1193 1847 1299 1949 γῆς
1326 1875 1590 1946 πολεμίας
1640 1847 1959 1926 ἐπανελθόν-

2071 1861 2245 1926 docet,
2286 1873 2380 1915 eos
2432 1857 2522 1929 qui
2578 1870 2645 1912 ex
2675 1854 2893 1911 inimica
2947 1863 3093 1908 terra
3134 1850 3335 1906 reversi
3395 1857 3558 1913 sunt,
3591 1847 3643 1900 in

389 1996 502 2045 τες,
536 1977 646 2031 τῶν
683 1972 1003 2046 περιχώρων
1044 1970 1331 2024 θλιϐόντων
1361 1964 1579 2029 αὐτοὺς,
1630 1963 1707 2026 ὡς
1758 1962 1853 2015 καὶ
1897 1959 1958 2013 τὸ

391 2069 551 2139 εργον
583 2067 828 2136 ἐπισχεῖν
860 2067 960 2136 τῆς
997 2060 1282 2132 οἰκοδομῆς
1307 2059 1402 2113 τοῦ
1434 2057 1603 2131 ἱεροῦ.
1651 2056 1823 2112 Τοῦτο
1866 2051 1960 2110 οὖν

394 2161 490 2214 καὶ
521 2160 579 2213 ὲν
600 2160 667 2230 τῇ
700 2155 911 2229 ἱστορίᾳ
943 2156 1000 2207 ὲν
1021 2155 1088 2225 τῇ
1125 2150 1289 2223 βίϐλῳ
1332 2150 1428 2204 τοῦ
1462 2149 1669 2221 Ἔσδρα
1699 2149 1957 2203 διδάσκει.

397 2250 490 2304 Διὸ
519 2248 699 2303 οὐκέτι
728 2244 1055 2317 πλανήσουσί
1107 2259 1197 2297 σε·
1253 2242 1307 2294 εί
1362 2240 1473 2313 γὰρ
1521 2242 1615 2294 καὶ¹
1654 2237 1962 2312 πειραθεῖεν

391 2342 550 2396 τοῦτο
594 2338 797 2412 πρᾶξαί
848 2354 1012 2401 τινες,
1043 2334 1157 2389 ἀλλ’
1189 2334 1241 2387 οί
1294 2331 1562 2403 ὀφθαλμοί
1602 2348 1696 2385 σου
1745 2330 1963 2401 ὄψονται

393 2431 611 2495 αὐτούς.
655 2429 874 2492 ’ἰδόντες
926 2426 985 2480 δὲ
1032 2424 1228 2488 αὐτοὺς
1270 2424 1367 2477 καὶ
1395 2423 1689 2494 νοήσαντες
1706 2462 1722 2487 ,
1746 2423 1807 2476 ού
1831 2422 1965 2476 πλα-

394 2523 736 2595 νηθήσονται.
764 2519 875 2574 Kal
923 2517 1083 2573 πάλιν
1117 2516 1167 2569 εἰ
1196 2513 1502 2587 πειραθεῖεν
1539 2513 1748 2586 ἑτέροις
1785 2513 1964 2582 λόγοις

392 2617 690 2688 ἀπατηλοῖς
718 2610 1046 2684 διαστροφάς
1067 2610 1204 2683 πρὸς
1226 2610 1375 2681 ὑμᾶς
1406 2608 1608 2666 λαλεῖν.
1631 2607 1728 2661 καὶ
1762 2607 1966 2661 τούτων

392 2707 462 2763 τὰ
489 2709 708 2780 ῥήματα
734 2705 795 2760 οὐ
827 2699 1218 2775 παραδέξονται
1252 2699 1322 2754 τὰ
1355 2692 1471 2754 ὦτά
1496 2715 1623 2752 σουο
1672 2698 1774 2753 κᾶν
1819 2699 1965 2753 ἀπα-

392 2800 591 2863 τῶντες
615 2798 823 2868 λέγοιεν
840 2812 855 2827 ο
890 2815 908 2847 ι
933 2794 1079 2866 Δῦτη
1106 2795 1141 2866 ή
1160 2793 1297 2862 ὁδὸς,
1329 2790 1682 2865 πορευθῶμεν
1718 2793 1778 2844 ὲν
1805 2793 1965 2863 αὐτῇ,

395 2892 509 2946 εἴτε
535 2878 705 2957 δεξιὰ,
732 2890 845 2943 εἴτε
874 2885 1171 2960 ἀριστερά’
1213 2904 1233 2938 ι
1262 2884 1320 2938 οὐ
1348 2882 1617 2956 πεισθήσῃ
1640 2881 1750 2955 γὰρ
1787 2884 1970 2948 αὐτοῖς

395 2982 809 3054 λέγουσι-ταῦτα
829 2998 845 3014 ⁸
878 2980 994 3036 ἀλλ’
1027 2976 1414 3051 όδῷ;βασιλικῇ
1437 2976 1698 3049 πορεύσῃ,
1719 2977 1819 3049 τὴν
1869 2976 1965 3048 μὲ-

399 3094 499 3147 σην
534 3075 752 3141 ὁδεύων,
780 3073 873 3128 καὶ
901 3072 976 3145 μὴ
994 3070 1258 3126 ἐκκλίνων
1282 3069 1419 3141 μήτε
1446 3070 1525 3134 είς
1555 3068 1704 3134 δεξιὰ
1732 3070 1867 3141 μήτε
1890 3071 1969 3135 είς

400 3168 587 3240 ἁριστε
596 3167 682 3238 ρά.

468 3278 489 3311 ι
515 3260 628 3313 Καὶ
666 3260 875 3331 μιανεῖς
901 3255 969 3310 τὰ
993 3255 1183 3311 εῖδωλα
1209 3256 1279 3310 τὰ
1312 3255 1827 3330 περιηργυρωμένα,
1878 3254 1972 3308 καὶ

399 3349 920 3423 περικεχρυσωμένα
953 3346 1123 3401 λεπτὰ
1151 3347 1426 3420 ποιήσεις,
1456 3346 1551 3400 καὶ
1588 3346 1873 3418 λικμήσεις
1898 3346 1973 3411 ὡς

400 3441 547 3514 ὕδωρ
564 3440 1009 3512 άποκαθημένης,
1039 3439 1133 3495 καὶ
1160 3440 1236 3505 ὡς
1267 3441 1471 3512 κόπρον
1490 3438 1649 3504 ὥσεις
1670 3438 1825 3493 αὑτά.
1838 3438 1972 3492 Τότε

400 3535 554 3589 ἔσται
574 3537 605 3589 ὁ
634 3533 787 3598 ὑετὸς
814 3532 892 3604 τῷ
923 3532 1198 3605 σπέρματι
1215 3533 1315 3604 τῆς
1346 3532 1451 3602 γῆς
1479 3547 1594 3595 σου,
1628 3530 1723 3583 καὶ
1749 3530 1778 3582 ὁ
1809 3528 1972 3600 ἄρτος

403 3629 498 3683 τοῦ
528 3629 864 3701 γεννήματος
906 3626 1010 3696 τῆς
1041 3625 1144 3695 γῆς
1197 3642 1290 3679 σου
1340 3624 1491 3678 ἔσται
1537 3621 1821 3694 πλησμονή
1880 3621 1974 3676 καὶ

401 3720 645 3795 λιπαρός.
693 3740 713 3773 ι
750 3719 935 3774 Πάντα
972 3719 1053 3782 είς
1079 3718 1140 3772 σὲ
1185 3717 1605 3790 πληρωθήσεται
1653 3716 1711 3768 ὲν
1751 3713 1975 3785 εύθηνίᾳ.

401 3812 592 3885 πολλῇ,
615 3812 710 3866 καλ⁸
741 3812 1019 3887 βαθυτάτῃ
1046 3813 1238 3886 εἰρήνῃ
1279 3809 1377 3881 τὴν
1419 3808 1565 3880 ζωὴν
1612 3805 1971 3863 διατελοῦντιο

401 3903 478 3970 ὡς
498 3905 592 3959 καὶ
617 3904 768 3976 παρὰ
795 3905 878 3958 σοὶ
905 3903 1040 3971 ζῶα,
1072 3905 1166 3959 καὶ
1189 3902 1420 3974 μάλιστα
1451 3902 1551 3973 τὴν
1578 3899 1761 3973 χώραν
1803 3916 1976 3972 γεωρ-

402 3997 604 4069 γοῦντα
623 4036 641 4064 ,
668 3996 1000 4069 πληροῦσθαι
1024 3997 1123 4069 τῆς
1148 3996 1330 4058 αὐτοῖς
1357 3993 1499 4048 κατὰ
1520 3995 1680 4062 φύσιν
1698 3992 1922 4064 τροφῆς.

482 4108 502 4142 ι
541 4089 652 4143 Καὶ
678 4087 1072 4161 βοσκηθήσεταί
1100 4104 1193 4140 σου
1223 4085 1291 4140 τὰ
1320 4086 1492 4158 κτήνη
1517 4087 1582 4156 τῇ
1619 4083 1801 4156 ἡμέρᾳ
1829 4084 1975 4137 ὲκεί-

404 4195 474 4255 νῃ
493 4180 654 4235 τόπον
681 4181 839 4235 πίονα
861 4181 957 4234 καὶ
975 4179 1304 4251 εὐρύχωρον.
1339 4178 1402 4230 Οἱ
1444 4176 1636 4249 ταῦροι
1667 4174 1822 4246 ὑμῶν
1883 4175 1977 4230 καὶ

402 4276 455 4330 οῖ
491 4275 611 4346 βόες
639 4275 689 4327 0i
709 4272 1062 4346 ἐργαζόμενοι
1083 4270 1180 4343 τὴν
1210 4270 1316 4341 γοῆν
1343 4268 1606 4340 φάγονται
1631 4269 1809 4348 ἄχυρα
1849 4268 1978 4322 ἀνα-

404 4364 750 4437 πεποιημένα
773 4364 831 4416 ὲν
869 4361 1029 4434 κριθῇ
1074 4359 1471 4432 λελικμημένῃ.
1529 4357 1641 4412 Kal
1681 4356 1834 4410 ἔσται
1887 4357 1979 4411 ἐπὶ

406 4458 605 4521 παντὸς
646 4457 806 4529 ὅρους
835 4452 1039 4527 ὑψηλοῦ
1072 4455 1165 4508 καὶ
1194 4454 1288 4506 ἐπὶ
1318 4451 1519 4514 παντὸς
1558 4448 1749 4522 βουνοῦ
1778 4449 1979 4522 μετεώ-

2061 1952 2328 2023 principio
2367 1951 2572 2005 reditus
2597 1948 2794 2004 multas
2833 1960 3104 2002 :nrumnas
3150 1954 3312 2008 atque
3364 1941 3643 1997 molestias

2062 2057 2091 2097 a
2120 2041 2367 2098 finitimis
2392 2042 2505 2096 suis
2534 2054 2656 2096 esse
2683 2050 2967 2110 perpessos
2989 2077 3004 2103 ,
3041 2035 3113 2091 ita
3153 2044 3212 2091 ut
3236 2033 3425 2104 templi
3473 2033 3642 2089 fabri-

2063 2150 2184 2190 cam
2214 2133 2552 2190 cohiberent.
2576 2132 2632 2188 Id
2661 2145 2791 2188 vero
2816 2131 2869 2185 in
2905 2128 3129 2185 historia
3156 2127 3279 2183 libri
3326 2125 3515 2182 Esdra‘:
3552 2126 3649 2181 de-

2065 2230 2323 2285 claratur.
2356 2226 2720 2294 Quamobrem
2758 2238 2863 2279 non
2898 2220 3038 2277 ultra
3080 2234 3269 2276 errare
3324 2228 3378 2273 te
3408 2216 3645 2282 facient;

2063 2322 2274 2378 etiamsi
2317 2322 2462 2377 enim
2513 2320 2731 2391 quidam
2778 2318 2831 2372 id
2879 2315 3234 2378 tentaverint,
3282 2321 3338 2367 at
3378 2313 3519 2367 oculi
3571 2312 3650 2367 tui

2065 2416 2325 2472 videbunt
2368 2413 2511 2470 illos.
2550 2413 2687 2468 Cum
2736 2425 2898 2480 porro
2943 2409 3165 2462 videant
3215 2416 3270 2461 et
3318 2405 3648 2475 intelligant,

2066 2523 2411 2582 nequaquam
2440 2509 2495 2562 in
2524 2518 2767 2562 errorem
2805 2502 3161 2558 deducentur.
3212 2496 3559 2566 Rursumque
3601 2498 3648 2552 si

2067 2605 2307 2663 subdolis
2358 2601 2750 2671 fallacibusque
2790 2595 2950 2654 dictis
3000 2604 3256 2663 perversa
3305 2588 3460 2644 vobis
3502 2587 3650 2656 loqui

2066 2706 2350 2762 conentur,
2381 2695 2577 2750 horum
2606 2693 2774 2748 verba
2822 2703 2929 2745 non
2965 2687 3241 2756 excipient
3282 2697 3446 2738 aures
3498 2692 3603 2736 tuo:
3633 2697 3650 2733 τ

2067 2788 2283 2845 etiamsi
2309 2786 2578 2843 fallaciter
2606 2785 2812 2849 dicant,
2856 2800 2875 2832 ι
2908 2780 3034 2836 Ilaec
3063 2780 3172 2844 via,
3204 2776 3548 2832 ambulemus
3591 2772 3648 2829 in

2068 2896 2158 2951 ea,
2175 2883 2289 2939 sive
2314 2881 2383 2937 ad
2405 2881 2675 2945 dextram,
2699 2877 2813 2933 sive
2836 2876 2903 2931 ad
2926 2872 3204 2931 sinistram
3231 2886 3246 2924 :
3274 2888 3293 2922 ι
3331 2868 3416 2924 bis
3452 2867 3652 2937 quippe

2071 2974 2197 3030 talia
2227 2971 2607 3030 eﬂ'utientibus
2647 2986 2756 3027 non
2790 2964 3231 3036 obtemperabis;
3265 2963 3359 3020 sed
3403 2962 3457 3016 in
3504 2961 3649 3030 regia

2071 3068 2159 3123 via
2199 3064 2526 3131 ambulabis,
2570 3064 2805 3120 mediam
2865 3071 3095 3127 tenens,
3137 3072 3313 3128 neque
3371 3054 3652 3112 declinans

1996 3186 2040 3246 ο
2075 3159 2140 3216 ad
2171 3158 2455 3213 dexteram
2491 3155 2576 3212 vel
2606 3158 2673 3211 ad
2702 3155 3004 3212 sinistram.

2143 3249 2307 3306 Vens.
2332 3248 2525 3305 22-25.
2586 3267 2605 3301 ι
2645 3248 2713 3304 Ει
2757 3245 3154 3313 contaminabis
3193 3243 3333 3300 idola
3389 3244 3654 3314 deargen-

2076 3350 2214 3408 tata,
2245 3349 2301 3397 et
2339 3341 2602 3397 deaurata
2657 3339 3013 3404 comminues,
3057 3346 3112 3394 ct
3171 3337 3451 3408 disperges
3513 3335 3659 3390 sicut

2073 3446 2270 3502 aquam
2311 3441 2683 3500 menstruatze,
2709 3441 2765 3486 et
2817 3430 2961 3485 sicut
3017 3437 3229 3484 stercus
3280 3427 3504 3497 abjicies
3564 3442 3651 3482 ea.

2074 3523 2227 3579 'l‘unc
2246 3523 2352 3580 erit
2387 3522 2570 3593 pluvia
2604 3521 2801 3578 semini
2831 3529 2989 3574 terra:
3022 3530 3151 3583 ture,
3177 3527 3232 3574 et
3261 3519 3413 3589 panis
3436 3516 3652 3588 frugum

2078 3624 2238 3671 terrae
2270 3624 2376 3671 tua}
2424 3615 2531 3672 erit
2568 3614 2852 3670 abundans
2884 3618 2942 3668 et
2965 3609 3204 3682 pinguis.
3234 3628 3253 3661 ι
3287 3607 3481 3665 Omnia
3509 3608 3655 3679 apud

2079 3712 2134 3761 te
2176 3704 2334 3776 copia
2391 3719 2573 3762 rerum
2625 3702 3017 3774 implebantur,
3070 3710 3127 3756 et
3186 3699 3451 3754 altissima
3523 3713 3655 3768 pace

2076 3796 2305 3868 frueris;
2339 3798 2412 3854 ita
2446 3797 2773 3853 utanimalia
2794 3806 2904 3859 tua,
2936 3795 3280 3864 maximeque
3308 3808 3372 3848 ea
3406 3808 3527 3863 qua:
3560 3808 3657 3849 co-

2077 3889 2251 3948 lendis
2269 3891 2417 3962 agris
2448 3889 2566 3945 usui
2583 3897 2730 3955 sunt,
2745 3888 2943 3960 pabulo
2969 3895 3180 3942 natura:
3201 3900 3314 3941 sua:
3331 3884 3654 3956 congruenti

2077 3982 2375 4040 abundent.
2409 4001 2429 4037 ι

2156 4095 2176 4129 ι
2200 4076 2266 4132 Et
2287 4082 2578 4147 pascentur
2593 4073 2831 4144 iumenta
2866 4080 2954 4128 tua
2985 4072 3039 4127 in
3069 4071 3156 4126 die
3184 4070 3274 4127 illa
3296 4069 3352 4125 in
3385 4070 3504 4127 loco
3530 4071 3656 4142 pin~

2075 4169 2164 4240 gui
2202 4178 2257 4224 et
2280 4168 2542 4240 spatioso.
2576 4167 2740 4223 Tauri
2771 4167 2939 4223 vestri
2974 4175 3032 4221 et
3070 4166 3261 4230 boves,
3302 4165 3392 4234 qui
3427 4179 3659 4235 operan-

2080 4270 2171 4317 tur
2209 4271 2438 4327 terram,
2489 4260 2772 4316 comedent
2832 4258 3019 4332 paleas
3065 4257 3392 4313 commixtas
3451 4258 3662 4313 hordeo

2078 4354 2362 4411 ventilato.
2387 4354 2452 4410 Et
2480 4352 2586 4408 erit
2623 4368 2785 4424 super
2822 4368 3050 4408 omnem.
3081 4356 3322 4407 montem
3379 4350 3659 4407 excelsum

2080 4457 2137 4503 et
2158 4462 2319 4518 super
2357 4458 2575 4501 omnem
2604 4443 2799 4500 collem
2846 4444 3133 4500 sublimem
3172 4457 3311 4514 aqua
3356 4442 3655 4497 decurrens

409 4564 502 4619 ρου
534 4528 687 4616 ὕδωρ
702 4543 1155 4616 διαπορευόμενον
1182 4543 1240 4596 ὲν
1264 4543 1332 4613 τῇ
1378 4539 1561 4612 ἡμέρᾳ
1600 4538 1804 4616 ἐκείνῃ,
1851 4538 1970 4592 ὅταν

2083 4537 2138 4593 in
2164 4536 2253 4594 die
2285 4536 2396 4604 illa,
2423 4550 2544 4591 cum
2584 4534 2848 4606 perierint
2868 4534 3046 4600 multi,
3068 4544 3125 4589 et
3170 4548 3293 4588 cum
3346 4531 3657 4588 ceciderint

405 4637 711 4692 ἀπόλωνται
769 4635 955 4691 πολλοὶ
977 4676 993 4703 ,
1035 4635 1131 4690 καὶ⁸
1183 4634 1315 4688 ὅταν
1363 4632 1570 4686 πέσωσι
1627 4631 1846 4703 πύργοι,
1886 4650 1904 4681 ι
1946 4629 1980 4703 ἢ

407 4729 550 4784 κατὰ
569 4729 660 4784 τὸν
680 4728 993 4800 Σύμμαχον,
1018 4745 1035 4777 ι
1064 4728 1120 4780 ὲν
1134 4725 1318 4798 ἡμέρᾳ
1340 4724 1554 4796 σφαγῆς
1577 4723 1795 4794 πολλῆς,
1826 4724 1883 4777 ἐν
1904 4721 1982 4793 τῷ

410 4824 592 4876 πεσεῖν
622 4820 939 4894 μεγάλους.»
964 4819 1102 4873 Πότε
1127 4819 1185 4872 δὲ
1212 4817 1362 4872 ἔσται
1386 4817 1420 4888 ἡ
1456 4814 1623 4886 πολλὴ
1651 4815 1855 4886 σφαγὴ,
1888 4815 1983 4868 καὶ

408 4915 538 4968 πότε
567 4914 858 4969 πεσοῦνται
884 4912 934 4966 οί
965 4911 1211 4984 μεγάλοι,
1245 4910 1279 4982 ἢ
1324 4907 1466 4962 κατὰ
1491 4907 1582 4961 τὸν
1633 4907 1824 4979 καιρὸν
1881 4906 1978 4978 τῆς

407 5004 634 5060 καθόλου
663 5003 895 5083 κρίσεως
913 5003 1013 5074 τῆς
1031 5001 1170 5075 μετά
1197 5000 1297 5072 τήν
1330 4999 1636 5052 συντέλειαν
1662 4997 1756 5051 τοῦ
1785 4997 1981 5061 αἰῶνος

407 5095 592 5151 τούτου
607 5095 979 5168 γεγενημένης
996 5093 1130 5167 ('58);
1158 5092 1248 5146 Διὸ
1262 5089 1476 5165 εἴρηται
1494 5090 1635 5145 κατὰ
1659 5089 1785 5152 τοὺς
1797 5087 1979 5142 Ἑϐδο-

411 5189 674 5261 μήκοντα,
710 5206 731 5241 ι
762 5188 929 5243 Ὅταν
970 5187 1179 5241 πέσωσι
1205 5184 1423 5257 πύργοι,
1454 5183 1548 5237 καὶ
1585 5181 1712 5237 ὅταν
1735 5182 1979 5236 ἀπόλων-

408 5297 498 5335 ται
538 5278 737 5334 πολλοί.
772 5297 793 5331 ›
827 5277 1022 5333 Πολλοὶ
1062 5276 1172 5349 γὰρ
1229 5275 1350 5330 κατ’
1409 5275 1612 5329 ἐκεῖνον
1653 5272 1979 5327 ἀπολοῦνται

408 5369 500 5425 τὸν
526 5370 736 5442 χρόνον,
770 5369 830 5423 ὲν
872 5362 918 5437 ᾧ
960 5368 1055 5422 καὶ
1101 5366 1172 5422 τὰ
1214 5363 1597 5437 ἐπηγγελμένα
1644 5363 1756 5428 τοῖς
1810 5360 1980 5430 ἀξίοις

410 5460 822 5533 ἀποδοθήσεται.
889 5458 1152 5515 Ἐνταῦθα
1206 5458 1330 5513 οὕτε
1380 5456 1473 5511 τοῦ
1511 5455 1723 5527 Ἰσραὴλ
1774 5472 1982 5526 μνημο-

409 5552 576 5621 νεύει,
595 5554 717 5608 οὐδὲ
742 5552 880 5618 ὅλως
910 5551 1020 5606 τῶν
1046 5550 1333 5617 Ἰουδαίων,
1355 5548 1490 5603 ἀλλὰ
1510 5548 1604 5603 τοῦ
1635 5546 1767 5602 λαοῦ
1796 5545 1981 5601 αὐτοῦ·

413 5647 489 5711 ὼς
520 5646 726 5711 πάντας
774 5646 901 5709 τοὺς
928 5643 1114 5712 ἀξίους
1152 5643 1509 5716 χρηματίζειν
1537 5641 1664 5696 λαὸν
1694 5640 1850 5709 Θεοῦ,
1884 5639 1983 5695 sic

381 5735 405 5805 ,Ι
414 5738 743 5809 ἐπαγγελίας
764 5736 997 5803 ὲξαπλου
1005 5735 1191 5809 μένης.

487 5848 602 5923 (38)
639 5849 804 5909 Forte
832 5849 935 5923 leg.
970 5849 1357 5924 γενησομένης.
1387 5848 1540 5905 Eutr.

2086 4639 2287 4696 turres,
2328 4647 2349 4682 ι
2395 4629 2511 4684 sive
2548 4628 2843 4684 secundum
2912 4626 3341 4699 Symmachum,
3393 4643 3411 4676 ι
3472 4624 3532 4679 ln
3571 4624 3660 4679 die

2084 4722 2246 4777 undis
2273 4719 2471 4785 multa},
2503 4734 2624 4773 cum
2644 4719 2842 4774 cadent
2863 4717 3065 4789 magni.
3100 4736 3119 4770 ι
3164 4716 3518 4785 Quandonam
3549 4729 3660 4770 ca:-

2083 4816 2180 4870 des
2213 4812 2381 4867 multa
2409 4812 2706 4881 continget,
2736 4821 2791 4866 et
2817 4811 3161 4881 quandonam
3199 4808 3375 4879 magni
3422 4806 3653 4870 cadent,

2081 4905 2184 4960 nisi
2220 4913 2460 4973 tempore
2494 4900 2818 4957 universalis
2842 4898 3051 4968 judieii,
3083 4897 3224 4967 quod
3259 4906 3379 4968 post
3402 4912 3657 4952 consum-

2083 4996 2377 5051 mationem
2409 4993 2593 5050 saeculi
2621 4992 2781 5062 lmjus
2812 4991 3092 5048 ferendum
3117 4989 3239 5045 est?
3262 4988 3441 5057 Quare
3469 5004 3662 5045 secun-

2087 5087 2211 5142 dum
2232 5083 2375 5140 LXX
2394 5084 2721 5156 interpretes
2745 5082 2963 5144 dicitur,
3003 5100 3022 5133 ι
3050 5097 3172 5136 cum
3217 5079 3414 5135 cadent
3456 5089 3657 5144 turres,

2084 5186 2140 5235 et
2180 5192 2302 5233 cum
2339 5176 2589 5247 peribunt
2643 5174 2817 5229 multi.
2858 5191 2876 5225 ι
2938 5172 3072 5228 Nam
3128 5188 3193 5228 eo
3224 5182 3466 5242 tempore
3499 5172 3654 5227 multi

2085 5270 2359 5345 peribunt,
2391 5283 2500 5338 quo
2533 5267 2623 5333 iis,
2646 5268 2737 5337 qui
2766 5265 2913 5338 digni
2952 5274 3130 5328 erunt,
3175 5263 3443 5334 promissa
3498 5262 3664 5318 retri-

2085 5365 2338 5421 buentur.
2375 5348 2679 5430 Hie‘porro
2706 5373 2879 5429 neque
2922 5356 3176 5413 lsraelem
3223 5370 3397 5425 neque
3444 5354 3661 5411 Judtcos

2087 5464 2376 5521 memorat,
2405 5452 2500 5511 sed
2519 5450 2771 5523 populum
2803 5464 2997 5515 suum;
3028 5450 3101 5504 ita
3133 5458 3210 5515 ut,
3256 5447 3490 5517 expletis
3535 5463 3661 5517 pro-

2082 5546 2454 5613 missionibus,
2495 5559 2687 5603 omnes
2714 5543 2807 5615 qui
2846 5542 2991 5616 digni
3024 5550 3218 5607 erunt,
3270 5541 3497 5613 populus
3564 5540 3662 5597 Dei

2082 5639 2455 5697 nominentur.

3517 349 3623 404 510
3696 372 3707 381 ι
