4158 6402
339 358 448 432 sis

1219 367 1727 426 COMMENTARIA
1764 367 1835 426 IN
1873 367 2138 424 ISAIAM.
2181 402 2247 411 —
2286 367 2442 426 CAP.
2479 365 2674 422 XXXI.

3497 373 3607 430 3M

341 489 524 546 αὐτῶν
546 487 780 544 ἔσονται.
825 485 893 542 Ἢ
923 485 1033 558 γὰρ
1056 483 1193 558 ὀργὴ
1223 485 1318 540 καὶ
1348 488 1378 539 6
1423 485 1595 557 θυμὸς
1618 485 1759 539 κατά
1812 484 1899 538 τῶι

2000 493 2222 545 ,contra
2247 498 2373 538 eum
2412 497 2480 539 ex
2513 479 2976 547 commutatione;
3005 498 3023 536 ι
3067 489 3255 553 utpote
3285 485 3376 555 qui
3412 486 3608 547 alienis

341 579 556 636 ἀσεόὦν
591 576 1054 648 ἀποστελλόμενος
1098 577 1166 631 δι’
1215 575 1463 645 ἀγγέλων
1496 576 1785 646 γενήσεται
1830 592 1922 628 πο-

2033 575 2192 630 malis
2235 575 2508 645 gaudeant
2537 589 2703 630 :nam
2728 587 2797 628 cx
2829 573 3023 628 amicis
3048 574 3253 630 inimici
3276 579 3531 634 evadent.

340 675 539 747 νηρῶν.
567 692 589 726 ι
621 673 784 728 Δύτοὶ
817 672 955 746 μετά
988 671 1286 744 τυμπάνων
1325 673 1421 728 καὶ
1454 671 1682 743 κιθάρας
1709 670 2112 742 πολεμήσουσιν
2136 669 2298 724 αὑτὸν
2335 671 2400 723 ἐκ
2423 669 2726 740 μεταϐολῆς
2745 686 2758 699 ·
2793 688 2813 722 ι
2847 667 2942 723 ἆτε
2971 670 3439 742 ἐπιχαιρεσίκακοί
3458 691 3605 741 τινες

338 773 524 836 ὄντες·
588 771 709 827 ἀντὶ
763 769 872 843 γὰρ
929 770 1039 824 τῶν
1096 770 1268 840 φίλων
1315 769 1500 840 ἐχθροὶ
1546 771 2007 840 καταστήσονται.

409 912 428 945 ι
471 895 543 948 Σὺ
569 892 810 972 γὰρμρὸ
852 891 1076 965 ἡμερῶν
1132 891 1508 966 ἀπαιτηθήσῃ.
1540 893 1633 964 Μή
1685 891 1782 946 καὶ
1833 892 1917 944 σοὶ

341 983 644 1056 ήτοιμάσθη
677 983 1011 1052 βασιλεύειν;
1053 1001 1071 1034 ›
1111 981 1297 1036 Ταῦτα
1314 983 1394 1043 δὲ,
1431 983 1583 1054 φησὶ,
1644 981 1705 1035 σέ
1761 997 1919 1053 περιρ

345 1075 513 1147 μένει,
533 1075 624 1129 τὸν
651 1075 815 1128 πάλαι
832 1074 1100 1146 τρυφερὸν
1127 1076 1219 1127 καὶ
1239 1075 1603 1146 ὑπερήφανον
1631 1076 1679 1128 εί
1709 1073 1784 1146 μὴ
1809 1073 1917 1148 ἄρα

343 1165 536 1219 σαυτὸν
552 1164 776 1219 ἀπατῶν
799 1166 1106 1236 προσδοκᾷς
1137 1166 1217 1218 ὅτι
1236 1167 1330 1219 καὶ
1360 1167 1441 1219 σοὶ
1459 1165 1761 1236 βασιλεύειν
1775 1167 1918 1239 ήτοίο

343 1270 541 1324 μασται
566 1254 768 1326 δμοίως
791 1257 902 1318 τοῖς
937 1254 1127 1324 στενὴν
1156 1255 1248 1307 καὶ
1274 1254 1642 1326 τεθλιμμένην
1658 1255 1911 1310 ὁδεύσασι

337 1322 542 1416 τρίῦον,
573 1322 667 1397 ita!
714 1347 948 1414 πτωχοῖς
979 1322 1235 1398 antem
1268 1322 1580 1416 γενομένοις
1595 1322 1794 1398 ’ἕνεκεν
1828 1343 1912 1398 δι-

337 1436 647 1508 καιοσύνης.
683 1437 823 1491 Πᾶσι
851 1437 960 1510 γὰρ
991 1438 1218 1501 ἐκείνοις
1241 1437 1565 1508 ἡτοίμασται
1591 1437 1909 1510 ἡβασιλεία,

335 1529 450 1582 ἀλλ’
463 1529 523 1582 οὐ
546 1529 631 1582 σοὶ
645 1528 832 1601 τῷτὴν
845 1528 1103 1582 πλατεῖαν
1119 1530 1213 1582 καὶ
1228 1528 1537 1602 εὐρύχωρον
1547 1530 1667 1583 ὁδὸν
1684 1547 1911 1602 πορευο-

339 1621 506 1692 μένῳ.
536 1639 555 1673 ι
577 1621 834 1692 Φάραγγα
853 1620 1090 1691 βαθεῖαν,
1113 1619 1242 1686 ξύλα
1256 1621 1503 1692 κείμενα,
1523 1622 1633 1694 πῦρ
1652 1623 1746 1677 καὶ
1775 1623 1908 1692 ξύλα

335 1712 524 1768 πολλά.
569 1715 627 1767 Ὀ
657 1713 827 1784 θυμὸς
851 1713 1056 1785 Κυρίου
1088 1712 1164 1777 ὡς
1186 1713 1405 1785 φάραγξ
1433 1715 1536 1768 ὑπὸ
1565 1715 1707 1769 θείου
1749 1734 1904 1770 καιο-

336 1803 494 1875 μινη.
539 1823 558 1856 ι
584 1805 737 1858 Θεῖον
761 1804 988 1876 καὶπῦρ
1015 1805 1366 1858 ὑποκαίουσιν
1405 1808 1486 1870 εἰς
1515 1806 1612 1880 τὴν
1650 1806 1759 1861 τῶν
1808 1809 1905 1861 αύ-

2100 887 2265 942 sts.
2291 887 2380 941 55.
2420 904 2438 938 ι
2475 885 2554 940 Tu
2585 884 2732 940 enim
2764 895 2891 940 ante
2921 884 3036 940 dies
3064 885 3334 940 rationem
3374 887 3602 942 reddere

2024 981 2258 1050 cogeris.
2293 978 2564 1047 Numquid
2585 980 2750 1032 etiam
2782 977 2879 1032 tibi
2907 987 3155 1047 paratum
3192 988 3276 1033 est
3306 979 3594 1046 regnare?»

2015 1071 2173 1136 Haec,
2207 1071 2403 1141 inquit,
2431 1081 2483 1124 te
2536 1069 2666 1124 olim
2711 1069 3074 1139 voluptarium
3099 1079 3153 1123 et
3177 1071 3477 1139 superbum
3511 1086 3603 1125 ex-

2017 1173 2277 1235 spectant
2309 1179 2322 1216 :
2357 1163 2459 1218 nisi
2501 1162 2735 1218 fortasse
2779 1161 3010 1232 teipsum
3045 1160 3344 1229 decipiens,
3407 1175 3600 1229 exspe-

2019 1268 2142 1313 clas
2183 1255 2279 1310 tibi
2345 1269 2562 1325 quoque
2618 1263 2868 1326 paratum
2923 1269 3145 1324 regnum
3190 1268 3334 1319 esse,
3373 1253 3601 1322 perinde

2021 1359 2186 1417 atque
2225 1346 2311 1411 iis,
2349 1347 2441 1416 qui
2497 1345 2548 1400 in
2595 1354 2821 1416 angusta
2847 1354 2900 1399 et
2924 1354 3074 1400 arcta
3103 1345 3186 1398 via
3231 1343 3596 1408 incesserunt,

2018 1450 2077 1495 et
2127 1452 2394 1510 pauperes
2448 1448 2671 1508 propter
2720 1437 2888 1492 Deum
2951 1446 3281 1506 propterque
3327 1434 3597 1504 justitiam

2015 1529 2198 1588 eiecti
2230 1539 2377 1586 sunt.
2424 1528 2522 1584 His
2553 1530 2755 1600 quippe
2781 1528 3033 1584 omnibus
3089 1538 3333 1598 paratum
3370 1541 3597 1597 regnum

2013 1633 2123 1685 est,
2158 1639 2263 1678 non
2316 1622 2433 1684 tibi.
2471 1623 2564 1693 qui
2605 1623 2655 1676 in
2691 1622 2797 1676 lata
2837 1631 2898 1676 et-
2948 1621 3188 1692 spatiosa
3230 1620 3318 1675 via
3367 1618 3598 1676 incedis.

2018 1736 2042 1769 ‹
2085 1716 2286 1772 Vallem
2317 1714 2666 1785 profundam,
2699 1713 2842 1784 ligna
2880 1712 3140 1783 jacentia,
3171 1713 3347 1784 ignem
3371 1721 3424 1767 et
3453 1711 3597 1783 ligna

2011 1807 2212 1864 multa.
2243 1807 2419 1862 Furor
2446 1805 2658 1862 Domini
2693 1804 3005 1862 sicutvallis
3028 1804 3285 1876 sulphure
3305 1817 3594 1860 accensa.)

330 1872 1024 1969 ⁸τόθικατακριθησομένιιον
1055 1898 1295 1953 κόλασιν.
1335 1872 1583 1953 Τοσαῦτα
1610 1900 1667 1953 δὲ
1695 1899 1784 1954 διὰ
1810 1899 1899 1971 μὲ-

2009 1899 2256 1970 δυέριιυτ
2311 1908 2366 1956 et
2424 1899 2606 1967 ignem
2661 1896 3023 1963 succendunt,
3084 1872 3151 1950 ad
3224 1911 3436 1961 eorum,
3501 1895 3596 1966 qui

333 2001 430 2040 σου
463 1985 652 2050 είπὼν,
681 1988 1049 2060 ἀναλαμϐάνει
1077 1989 1176 2060 τὴν
1225 1990 1361 2062 πρὸς
1383 1993 1510 2056 τοὺς
1536 1991 1908 2061 καταφεύγονο

330 2092 430 2142 τας
462 2081 542 2144 εἰς
563 2079 832 2149 Αἴγυπτον
865 2083 1222 2154 προφητείαν.

842 2327 1236 2384 ΚΕΦΔΛΔΙΟΝ
1269 2328 1392 2384 AA’.

408 2457 428 2494 ι
455 2439 592 2494 υύαὶ
610 2440 659 2493 oi
681 2439 1100 2505 καταϐαίνοντες
1119 2440 1198 2504 είς
1223 2440 1495 2510 Αἴγυπτον
1517 2442 1609 2497 ἐπὶ
1632 2442 1902 2516 βοήθειαν,

327 2533 379 2584 oi
406 2530 492 2601 ἐφ’
527 2532 711 2597 ἵπποις
739 2533 1056 2598 πεποιθότες
1085 2533 1176 2587 καὶ
1203 2533 1288 2603 ἐφ’
1316 2533 1573 2604 άρμασιν.
1615 2535 1771 2587 Ἔστι
1797 2533 1902 2606 γὰρ

328 2623 518 2689 πολλὰ,
546 2624 642 2677 καὶ
669 2624 754 2693 ἐφ’
788 2624 975 2689 ἵπποις
1009 2625 1210 2697 πλῆθος
1237 2626 1459 2697 σφόδρα.
1495 2627 1605 2681 Καὶ
1636 2626 1737 2680 ούκ
1763 2621 1904 2696 ἦσαν

325 2713 648 2778 πεποιθότες
678 2715 773 2768 ἐπὶ
806 2714 900 2770 τὸν
929 2713 1121 2784 Ἂγιον
1153 2714 1248 2768 τοῦ
1289 2715 1526 2787 Ἰσραὴλ,
1552 2716 1646 2769 καὶ
1672 2716 1765 2770 τὸν
1789 2716 1904 2770 Κύ-

329 2806 442 2879 ρίον
469 2809 570 2862 οὐκ
596 2809 883 2881 ἐζήτησαν.
913 2810 1021 2864 Καὶ
1049 2809 1212 2874 αὐτὸς
1240 2810 1417 2880 σοφῶς
1438 2801 1572 2881 ἦγεν
1594 2811 1680 2864 ἐπ’
1705 2811 1902 2877 αὐτοὺς

327 2899 495 2965 κακὰ,
541 2901 634 2955 καὶ
669 2903 698 2954 6
725 2900 882 2970 λόγος
914 2899 1080 2954 αὑτοῦ
1123 2901 1186 2954 οῦ
1345 2901 1605 2976 ἀθετηθῇ,
1670 2902 1766 2957 καὶ
1805 2905 1902 2957 ἐπ-

324 2995 684 3063 αναστήσεται
716 2994 802 3046 ἐπ’
834 2991 1016 3056 οἴκους
1039 2991 1342 3064 ἀνθρώπων
1385 2993 1662 3066 πονηρῶν,
1700 2995 1792 3048 καὶ
1809 2994 1901 3048 ἐπὶ

325 3083 425 3153 τὴν
451 3083 639 3137 ἐλπίδα
666 3083 842 3139 αὐτῶν
871 3084 970 3156 τὴν
1011 3085 1265 3156 ματαίαν,
1293 3085 1586 3156 Αίγύπτιον
1616 3087 1902 3156 ἄνθρωπον

325 3175 423 3230 καὶ
453 3176 514 3228 οὐ
539 3174 688 3241 Θεὸν,
717 3176 897 3230 ἵππων
929 3177 1132 3249 σάρκας
1163 3178 1254 3231 καὶ
1285 3177 1385 3232 ούκ
1413 3177 1529 3232 ἔστι
1562 3176 1802 3250 βοήθεια.
1841 3180 1899 3234 ’0

323 3266 383 3322 δέ
425 3266 629 3339 Κύριος
659 3267 854 3336 ἐπάγει
893 3267 992 3339 τὴν
1028 3272 1182 3340 χεῖρα
1224 3268 1388 3323 αὐτοῦ
1423 3271 1513 3324 ἐπ’
1541 3271 1756 3335 αὐτοὺς,
1800 3271 1894 3324 καὶ

324 3357 678 3410 κοπιάσουσιν
735 3358 784 3410 οι
830 3357 1174 3428 βοηθοῦντες,
1228 3359 1323 3412 καλ⁸
1368 3359 1483 3430 ἃμα
1535 3360 1736 3424 πάντες
1789 3359 1895 3414 ἀπ-

321 3447 574 3504 ολοῦνται
611 3448 872 3520 μαχαίρᾳ.
914 3467 936 3500 ›
968 3449 1256 3520 Μέμφεται
1297 3451 1494 3514 αὐτοὺς
1522 3453 1550 3504 6
1589 3450 1764 3520 λόγος,
1789 3452 1892 3516 ὅτι,

325 3541 401 3610 μὴ
426 3538 745 3603 πεποιθότες
773 3541 866 3594 ἐπὶ
891 3540 982 3594 τὸν
1007 3542 1196 3611 Ἀγιον
1224 3541 1317 3595 τοῦ
1347 3541 1580 3613 Ἰσραὴλ,
1612 3544 1693 3608 εἰς
1729 3545 1896 3613 Αἰγυ-

321 3632 512 3695 πτίους
539 3631 863 3702 κατέφυγον·
885 3633 967 3686 διδ
992 3634 1085 3688 καὶ
1106 3635 1506 3708 καταλήψεσθαι
1532 3636 1728 3701 αὐτοὺς
1757 3634 1793 3690 ά
1819 3637 1894 3708 μὴ

321 3724 728 3797 προσεδόκησαν
752 3726 898 3780 κακά
923 3726 1011 3780 ἐπ’
1034 3727 1201 3799 αὐτῆς
1226 3727 1326 3798 τῆς
1353 3729 1627 3798 Αἰγύπτου
1659 3728 1891 3782 ἀπειλεῖ.

322 3817 569 3872 Διδάσκει
593 3817 662 3872 δι’
683 3817 810 3889 ὅλης
834 3819 936 3890 τῆς
972 3820 1338 3892 προκειμένης
1384 3821 1623 3892 ἱστορίας
1659 3822 1688 3874 6
1715 3820 1892 3890 λόγος,

322 3905 381 3956 ἐν
404 3905 518 3968 τοῖς
546 3907 754 3976 καιροῖς
784 3906 894 3960 τῶν
920 3907 1193 3979 διωγμῶν,
1223 3908 1276 3962 εἴ
1297 3926 1427 3963 ποτε
1457 3912 1692 3979 κρινεῖεν
1711 3911 1740 3964 ὁ
1761 3911 1893 3975 Θεὸς

319 3993 412 4046 τὸν
435 3992 564 4047 λαὸν
588 3995 774 4060 αὑτοῦ,
812 3995 845 4068 ἦ
886 3998 979 4050 καὶ
1016 3999 1114 4070 τὴν
1154 3998 1478 4071 Ἐκκλησίαν
1501 4001 1666 4055 αὐτοῦ
1711 4019 1891 4073 παρα-

318 4082 498 4138 δοῦναι
540 4087 651 4150 τοῖς
682 4087 782 4158 τὴν
823 4087 1132 4144 θεοσέϐειαν
1160 4091 1462 4157 ἐλαύνουσι,
1509 4091 1584 4165 μὴ
1621 4092 1730 4147 δεῖν
1762 4095 1892 4149 ἀνα-

319 4179 519 4248 χωρεῖν
549 4177 651 4249 τῆς
683 4179 866 4234 ἐνθέου
904 4181 1166 4248 πίστεως,
1210 4183 1342 4256 μηδέ
1370 4186 1470 4256 τῆς
1503 4185 1595 4238 ἐπὶ
1631 4184 1726 4238 τὸν
1757 4185 1892 4240 Θεὸν

319 4268 1105 4342 πεποιθήσειικοάφίστασθαι,
1159 4277 1294 4348 μηδὲ
1345 4276 1744 4346 ἀπογινώσκειν
1792 4278 1920 4344 τὰς.

317 4361 508 4420 τούτου
535 4365 849 4436 διαλλαγὰς,
873 4369 1008 4440 μηδέ
1034 4370 1127 4424 ἐπὶ
1150 4370 1241 4423 τὸν
1262 4371 1628 4439 Αἰγυπτιακόν
1649 4371 1763 4442 βίον
1792 4372 1890 4426 αύ-

316 4453 581 4525 τομολεῖν,
609 4455 752 4527 λέγω
777 4458 842 4530 δὴ
869 4459 958 4513 τὸν
984 4459 1088 4516 τῶν
1113 4460 1526 4534 εἰδωλολατρῶν.
1558 4463 1749 4516 Πολλοὶ
1778 4464 1886 4537 γὰρ

2008 1992 2137 2050 istic
2172 1991 2700 2053 condemnabuntur,
2756 1989 3104 2060 supplicium.
3161 1987 3260 2045 Ilis
3302 2004 3468 2059 porro
3499 1989 3596 2044 ad-

2006 2087 2192 2140 ductis
2231 2085 2287 2140 in
2344 2084 2602 2149 medium,
2665 2083 3012 2153 pr0plietiam
3058 2096 3224 2152 super
3274 2082 3363 2148 iis,
3397 2083 3490 2154 qui
3538 2081 3594 2137 in

2005 2175 2306 2247 Egyptum
2334 2173 2742 2245 confugiebant,
2783 2173 3032 2229 resumit.

2572 2327 2804 2385 CAPUT
2835 2326 3032 2384 XXXI.

2079 2441 2243 2497 Vsus.
2263 2441 2376 2496 I-5.
2413 2439 2538 2495 «Vae
2555 2440 2645 2509 qui
2665 2439 3002 2494 descendunt
3024 2438 3075 2493 in
3094 2437 3386 2508 Egyptum
3407 2438 3473 2492 ad
3490 2451 3592 2492 au-

2000 2533 2224 2597 xilium,
2249 2533 2338 2602 qui
2395 2532 2674 2588 confidunt
2706 2532 2758 2587 in
2793 2531 2952 2600 equis
2982 2538 3036 2586 et
3068 2531 3120 2584 in
3147 2529 3417 2584 curribus.
3453 2528 3594 2584 Sunt

2002 2625 2149 2678 enim
2168 2623 2346 2687 multi,
2365 2633 2420 2678 et
2444 2625 2496 2676 in
2521 2623 2676 2692 cquis
2693 2620 2978 2676 multitudo
3000 2619 3212 2692 ingens.
3243 2620 3308 2673 Et
3329 2635 3433 2674 non
3453 2634 3590 2674 con-

2006 2717 2088 2772 lisi
2106 2724 2232 2771 sunt
2248 2717 2300 2769 in
2316 2713 2518 2770 Sancto
2536 2714 2720 2781 Israel,
2739 2721 2794 2768 et
2810 2711 3094 2767 Dominum
3115 2729 3218 2766 non
3235 2711 3589 2782 quaesierunt.

2004 2808 2074 2866 Et
2103 2809 2216 2879 ipse
2239 2807 2514 2878 sapienter
2533 2807 2746 2861 induxit
2766 2821 2928 2876 super
2947 2820 3042 2861 eos
3083 2803 3247 2870 mala,
3282 2814 3338 2859 et
3366 2802 3590 2858 verbum

2003 2902 2122 2974 eius
2137 2915 2243 2956 non
2266 2900 2642 2964 frustrabitur,
2665 2908 2721 2954 et
2744 2898 2991 2969 insurget
3025 2897 3079 2951 in
3103 2898 3291 2952 domos
3310 2897 3589 2952 hominum

2003 2995 2292 3058 nudorum,
2327 3003 2380 3049 et
2417 2994 2469 3048 in
2494 3009 2642 3064 spem
2664 3007 2851 3048 eorum
2879 3008 3095 3060 vanam,
3137 2991 3452 3064 Egyptium
3481 2991 3585 3048 ho-

2003 3085 2205 3140 minem
2254 3093 2308 3138 et
2337 3099 2443 3138 non
2503 3085 2696 3149 Deum,
2727 3098 2989 3155 equorum
3032 3100 3248 3152 carnes,
3275 3096 3332 3141 et
3370 3102 3476 3140 non
3505 3094 3591 3142 est

2002 3175 2291 3231 auxilium.
2325 3175 2588 3231 Dominus
2624 3185 2806 3231 autem
2842 3177 3059 3231 inducet
3099 3192 3315 3231 manum
3351 3192 3504 3232 suam
3527 3178 3587 3234 in

2001 3281 2118 3329 eos,
2149 3275 2206 3322 et
2241 3267 2560 3323 laborabunt
2580 3268 2672 3338 qui
2700 3267 3054 3334 auxiliantur,
3108 3277 3164 3322 et
3206 3268 3368 3322 simul
3392 3285 3590 3326 omnes

2001 3357 2256 3428 peribunt
2289 3357 2487 3428 gladio.
2516 3375 2536 3408 ι
2578 3355 2726 3426 Ipsos
2749 3357 3013 3426 coarguit,
3037 3357 3163 3427 quia
3191 3356 3393 3414 Sancto
3415 3356 3586 3415 Israel

2003 3463 2112 3503 non
2153 3447 2402 3514 fidentes,
2443 3447 2508 3501 ad
2534 3447 2818 3518 Egyptios
2842 3447 3208 3517 confugerunt
3243 3467 3257 3504 :
3315 3451 3585 3519 quamob-

2003 3541 2696 3611 remzipsosinexspectatis
2723 3540 2878 3596 malis
2905 3541 2955 3595 in
2980 3541 3216 3613 Egypto
3247 3543 3587 3599 invadendos
3683 3573 3694 3586 ι

2000 3646 2122 3690 esse
2144 3633 2530 3688 comminatur.
2556 3634 2612 3688 In
2634 3643 2744 3688 tota
2771 3633 2939 3703 igitur
2956 3637 3209 3703 praesenti
3235 3637 3459 3692 historia
3483 3637 3582 3693 do-

1996 3736 2124 3793 cet,
2156 3725 2202 3780 si
2233 3727 2451 3795 quando
2496 3725 2672 3781 visum
2710 3725 2820 3782 Deo
2855 3726 3041 3794 fuerit,
3095 3729 3350 3798 pOpttltttn
3386 3743 3586 3796 suum,

1994 3819 2109 3874 sive
2134 3817 2434 3874 Ecclesium
2473 3833 2648 3884 suam,
2693 3819 3090 3887 persecutionis
3144 3829 3386 3889 tempore
3432 3820 3581 3890 piam

1993 3907 2308 3980 religionem
2337 3909 2664 3966 vexantibus
2692 3910 2928 3979 tradere,
2967 3927 2997 3966 a
3045 3911 3226 3967 divina
3273 3912 3378 3968 fide
3427 3928 3582 3968 rece-

1997 4000 2234 4057 dendum
2259 4017 2368 4057 non
2387 4017 2533 4069 esse,
2562 4017 2739 4073 neque
2757 4003 3140 4059 abstinendum
3169 4020 3197 4058 a
3224 4004 3419 4061 ﬁducia
3451 4021 3580 4077 erga

1998 4092 2189 4163 Deum,
2239 4109 2342 4151 nec
2384 4095 2452 4151 de
2507 4095 2624 4164 eius
2671 4097 3121 4155 reconciliatione
3155 4098 3580 4169 deSperandum,

1995 4203 2098 4244 nec
2128 4188 2510 4246 declinandum
2543 4194 2612 4246 ad
2649 4190 3030 4262 Egyptiacam
3062 4191 3228 4245 vitam
3259 4229 3274 4256 ,
3323 4192 3581 4248 videlicet

1993 4281 2059 4334 ad
2082 4281 2489 4338 idololatrarum
2518 4284 2850 4340 institutum.
2876 4285 3027 4339 Multi
3052 4299 3288 4355 namque
3318 4286 3370 4340 in
3391 4284 3579 4356 hujus-

1995 4375 2144 4430 modi
2165 4376 2500 4446 temporibus
2531 4390 2560 4430 a
2587 4377 2690 4447 pia:
2724 4377 3003 4447 religionis
3029 4378 3276 4432 doctrina
3294 4378 3578 4432 disceden-

1996 4476 2094 4534 tes,
2119 4483 2270 4538 spem
2298 4484 2449 4526 suam
2485 4469 2536 4524 in
2573 4469 2980 4526 idololatrarum
3000 4469 3201 4524 auxilio
3236 4469 3571 4523 locaverunt.

316 4545 377 4601 ἐν
401 4553 515 4615 τοῖς
540 4552 798 4618 τοιούτοις
824 4558 1054 4627 καιροῖς,
1087 4557 1496 4630 ἀποστήσαντες
1558 4557 1652 4613 τοῦ
1716 4561 1814 4634 τῆς
1881 4560 2193 4630 θεοσεϐείας
2233 4565 2414 4636 λόγου,
2449 4564 2550 4630 τὰς
2591 4565 2814 4630 ἐλπίδας
2857 4566 3171 4636 ἀνήρτησαν
3213 4561 3422 4617 ἑαυτῶν
3475 4560 3575 4633 τῆς

314 4643 426 4699 τῶν
461 4644 856 4718 είδωλολατρῶν
890 4648 1157 4722 βοηθείας.

393 4783 412 4818 t
459 4764 580 4817 Ὅτι
615 4763 785 4829 οὕτως
815 4761 935 4820 εἶπέ
977 4784 1066 4839 μοι
1109 4766 1338 4839 Κύριος·
1382 4771 1478 4823 Ὃν
1513 4770 1714 4841 τρόπον
1758 4770 1884 4825 ὅταν

2061 4768 2229 4828 Vens.
2263 4768 2388 4825 4-7.
2424 4787 2444 4822 ι
2481 4769 2749 4838 Quoniam
2795 4769 2878 4824 sic
2926 4767 3064 4824 dixit
3105 4765 3236 4821 mihi
3269 4765 3567 4824 Dominus:

317 4853 483 4927 βοήσῃ
516 4856 546 4909 δ
587 4854 743 4920 λέων,
778 4854 816 4926 ἢ
850 4857 878 4908 6
922 4856 1158 4927 σκύμνος
1202 4859 1298 4911 ἐπὶ
1326 4862 1392 4931 τῇ
1443 4859 1584 4932 θήρᾳ
1699 4860 1882 4923 ἔλαϐε,

313 4948 409 5000 καὶ
428 4946 670 5018 κεκράξῃ
698 4947 784 5000 ἐπ’
811 4946 980 5018 αὐτὴν
1011 4947 1114 5012 ἕως
1151 4949 1216 5002 ἂν
1254 4949 1544 5024 ἐμπλησθῇ
1569 4949 1639 5005 τά
1659 4951 1761 5023 δρη
1784 4953 1882 5023 τῆς

315 5039 496 5110 φωνῆς
522 5038 708 5104 αὐτοῦ,
739 5040 832 5092 καὶ
858 5039 1188 5113 ἡττήθησαν,
1217 5041 1310 5094 καὶ
1336 5041 1397 5095 τὸ
1429 5042 1632 5113 πλῆθος
1663 5042 1757 5097 τοῦ
1790 5042 1882 5096 θυ-

315 5131 416 5201 μοῦ
443 5131 811 5202 ἐπτοήθησαν·
838 5130 1008 5197 οὓτως
1035 5133 1404 5204 καταθήσεται
1427 5133 1629 5207 Κύριος
1656 5134 1878 5189 Σαϐαὼθ

311 5222 732 5295 ἐπιστρατεῦσαι
769 5223 862 5277 ἐπὶ
896 5224 959 5278 τὸ
995 5225 1119 5298 ὅρος
1162 5226 1319 5292 Σιὼν,
1366 5228 1459 5281 ἐπὶ
1486 5227 1554 5282 τὰ
1581 5228 1682 5300 ὅρη
1712 5229 1882 5300 αὐτῆς

310 5317 387 5381 ὡς
413 5317 574 5390 ὄρνεα
603 5320 907 5390 πετόμεναο
946 5319 1120 5385 οὕτως
1162 5323 1492 5394 ὑπερασπιεῖ
1529 5321 1751 5393 Κύριος,
1789 5326 1882 5379 καὶ

310 5411 593 5479 ἐξελεῖται,
627 5415 722 5468 καὶ
755 5417 1183 5486 περιποιήσεται,
1230 5417 1324 5470 καὶ
1364 5417 1547 5472 σώσει.
1590 5399 1882 5492 Ἐπιστρά-

310 5519 449 5574 φητε
469 5504 518 5557 oi
547 5504 644 5577 τὴν
673 5504 892 5575 βαθεῖαν
923 5505 1114 5578 βουλὴν
1139 5507 1512 5580 βουλευόμενοι
1540 5510 1634 5564 καὶ
1659 5510 1878 5581 ἄνομον,

313 5596 420 5648 uio).
473 5596 717 5669 Ἰσραήλ⁶
754 5598 935 5669 ὅτιτῇ
971 5599 1151 5672 ἡμέρᾳ
1175 5600 1358 5674 ἐκείνῃ
1407 5601 1879 5676 ἀπαρνηθήσονται

311 5687 363 5779 oi
398 5687 672 5779 ἄνθρωποι
703 5687 775 5779 ea
800 5691 1152 5762 χειροποίητα
1192 5694 1406 5775 αὐτῶν,
1426 5695 1495 5748 τὰ
1541 5695 1756 5769 ἀργυρᾶ
1783 5698 1875 5750 καὶ

311 5776 377 5836 τὰ
406 5779 600 5853 χρυσᾶ,
644 5778 680 5837 ἃ
721 5771 982 5855 ἐποίησαν
1028 5783 1083 5838 ai
1129 5786 1306 5861 χεῖρες
1353 5771 1547 5844 αὐτῶν.
1591 5807 1611 5843 ι
1659 5787 1873 5860 Ἔξεστι

1991 4861 2458 4930 Quemadmodum
2487 4879 2611 4919 cum
2651 4862 2910 4919 clamabit
2952 4861 3060 4927 leo,
3101 4869 3192 4913 aut
3211 4859 3452 4925 catulus,
3473 4874 3570 4914 su.-

1988 4968 2084 5024 per
2117 4955 2295 5023 praeda
2340 4970 2500 5025 quam
2555 4955 2718 5024 cepit,
2751 4964 2806 5009 et
2848 4952 3236 5008 vociferabitur
3265 4967 3432 5020 super
3478 4967 3568 5020 ea,

1989 5047 2164 5102 donec
2214 5047 2539 5118 impleantur
2563 5059 2777 5103 montes
2809 5059 2942 5101 voce
2971 5045 3112 5116 ejus,
3145 5055 3200 5099 et
3233 5045 3360 5099 victi
3406 5057 3566 5111 sunt,

1988 5151 2044 5197 et
2079 5142 2475 5198 vehementiam
2503 5143 2708 5198 furoris
2743 5142 2864 5212 ejus
2885 5154 3191 5211 expavere;
3227 5142 3306 5196 sic
3329 5134 3566 5198 descen-

1989 5232 2080 5288 det
2102 5232 2358 5290 Dominus
2389 5233 2654 5298 Sabaotb,
2689 5243 2746 5286 ut
2777 5233 3052 5303 praelietur
3085 5235 3136 5288 in
3171 5245 3354 5289 monte
3386 5234 3518 5290 Sion
3549 5273 3568 5300 ,

1988 5340 2148 5395 supra
2173 5335 2382 5382 montes
2409 5327 2546 5394 ejus,
2600 5329 2745 5381 sicut
2794 5342 2926 5381 aves
2954 5327 3231 5390 volantes;
3263 5329 3344 5382 sic
3383 5339 3568 5397 prote-

1988 5428 2076 5486 get
2106 5416 2384 5484 Dominus,
2408 5427 2462 5472 ει
2483 5417 2701 5488 eripiet,
2736 5428 2789 5473 et
2816 5417 3037 5483 fovebit,
3064 5429 3118 5475 et
3145 5421 3404 5478 servabit.
3429 5421 3568 5476 Con-

1988 5511 2288 5576 vertimini,
2314 5513 2407 5581 qui
2436 5513 2764 5582 profundum
2793 5513 3077 5568 consilium
3099 5514 3345 5569 iuieratis
3368 5525 3424 5569 et
3453 5516 3561 5569 ini-

1987 5621 2175 5675 quum,
2206 5604 2304 5659 ﬁlii
2327 5604 2500 5660 Israel
2525 5623 2540 5659 :
2570 5605 2694 5674 quia
2730 5604 2786 5660 in
2822 5605 2909 5661 die
2946 5605 3035 5661 illa
3086 5606 3431 5676 abnegabunt
3461 5606 3560 5660 ho-

1985 5697 2158 5751 mines
2189 5697 2328 5752 idola
2357 5712 2455 5753 sua
2503 5705 2762 5767 argentea
2789 5707 2844 5751 et
2905 5711 3093 5763 aurea,
3145 5712 3266 5767 qua:
3315 5695 3561 5750 fecerunt

1984 5803 2179 5846 manus
2213 5804 2422 5850 eorum.
2449 5810 2468 5846 ι
2523 5791 2680 5850 Licet
2731 5790 2873 5847 enim
2933 5789 3064 5864 ipsis
3116 5791 3279 5848 etiam
3316 5804 3475 5856 nunc,
3510 5787 3569 5849 si
