  <div class='ocr_page' id='page_1' title='image "/cluster/home/n/w/nwhite01/storage/ocr_20150623/24/hvd.32044073501108/165.png"; bbox 0 0 4158 6402; ppageno 0'>
   <div class='ocr_carea' id='block_1_1' title="bbox 581 365 688 422">
    <p class='ocr_par' dir='ltr' id='par_1_1' title="bbox 581 365 688 422">
     <span class='ocr_line' id='line_1_1' title="bbox 581 365 688 422; baseline -0.009 -1"><span class='ocrx_word' id='word_1_1' title='bbox 581 365 688 422; x_wconf 80' lang='grc'><strong>515</strong></span> 
     </span>
    </p>
   </div>
   <div class='ocr_carea' id='block_1_2' title="bbox 1252 362 3140 423">
    <p class='ocr_par' dir='ltr' id='par_1_2' title="bbox 1252 362 3140 423">
     <span class='ocr_line' id='line_1_2' title="bbox 1252 362 3140 423; baseline 0.002 -5"><span class='ocrx_word' id='word_1_2' title='bbox 1252 362 1519 420; x_wconf 83' lang='lat' dir='ltr'><strong>EUSEBII</strong></span> <span class='ocrx_word' id='word_1_3' title='bbox 1556 363 2037 423; x_wconf 67' lang='lat' dir='ltr'><strong>CESARIENSIS</strong></span> <span class='ocrx_word' id='word_1_4' title='bbox 2074 365 2219 422; x_wconf 84' lang='lat' dir='ltr'><strong>OPP.</strong></span> <span class='ocrx_word' id='word_1_5' title='bbox 2269 364 2450 421; x_wconf 79' lang='lat' dir='ltr'><strong>PARS</strong></span> <span class='ocrx_word' id='word_1_6' title='bbox 2489 365 2579 420; x_wconf 88' lang='lat' dir='ltr'><strong>Ill.</strong></span> <span class='ocrx_word' id='word_1_7' title='bbox 2621 397 2691 406; x_wconf 91' lang='lat'><strong>—-</strong></span> <span class='ocrx_word' id='word_1_8' title='bbox 2729 365 3140 423; x_wconf 76' lang='lat' dir='ltr'><strong>EXEGETICA.</strong></span> 
     </span>
    </p>
   </div>
   <div class='ocr_carea' id='block_1_3' title="bbox 3731 369 3838 424">
    <p class='ocr_par' dir='ltr' id='par_1_3' title="bbox 3731 369 3838 424">
     <span class='ocr_line' id='line_1_3' title="bbox 3731 369 3838 424; baseline 0 0"><span class='ocrx_word' id='word_1_9' title='bbox 3731 369 3838 424; x_wconf 75' lang='lat'><strong>3|6</strong></span> 
     </span>
    </p>
   </div>
   <div class='ocr_carea' id='block_1_4' title="bbox 581 475 2164 558">
    <p class='ocr_par' dir='ltr' id='par_1_4' title="bbox 581 475 2158 552">
     <span class='ocr_line' id='line_1_4' title="bbox 581 475 2158 552; baseline -0.002 -18"><span class='ocrx_word' id='word_1_10' title='bbox 581 478 956 552; x_wconf 65' lang='lat' dir='ltr'><strong>panitentiant</strong></span> <span class='ocrx_word' id='word_1_11' title='bbox 989 485 1174 548; x_wconf 84' lang='lat' dir='ltr'><strong>agant,</strong></span> <span class='ocrx_word' id='word_1_12' title='bbox 1197 475 1250 531; x_wconf 88' lang='lat' dir='ltr'><strong>in</strong></span> <span class='ocrx_word' id='word_1_13' title='bbox 1272 491 1426 532; x_wconf 89' lang='lat' dir='ltr'><strong>suam</strong></span> <span class='ocrx_word' id='word_1_14' title='bbox 1454 478 1754 549; x_wconf 89' lang='lat' dir='ltr'><strong>remigrare</strong></span> <span class='ocrx_word' id='word_1_15' title='bbox 1778 489 2000 544; x_wconf 86' lang='lat' dir='ltr'><strong>terram,</strong></span> <span class='ocrx_word' id='word_1_16' title='bbox 2035 495 2158 534; x_wconf 88' lang='lat' dir='ltr'><strong>cum</strong></span> 
     </span>
    </p>
   </div>
   <div class='ocr_carea' id='block_1_5' title="bbox 2263 475 3842 558">
    <p class='ocr_par' dir='ltr' id='par_1_5' title="bbox 2267 479 3842 558">
     <span class='ocr_line' id='line_1_5' title="bbox 2267 479 3842 558; baseline 0.004 -25"><span class='ocrx_word' id='word_1_17' title='bbox 2267 479 2376 550; x_wconf 81' lang='grc' dir='ltr'><strong>γάρ</strong></span> <span class='ocrx_word' id='word_1_18' title='bbox 2403 481 2568 534; x_wconf 90' lang='grc' dir='ltr'>εἰσέτι</span> <span class='ocrx_word' id='word_1_19' title='bbox 2600 481 2695 534; x_wconf 77' lang='grc' dir='ltr'>καὶ</span> <span class='ocrx_word' id='word_1_20' title='bbox 2718 480 2812 534; x_wconf 90' lang='grc' dir='ltr'><strong>νῦν</strong></span> <span class='ocrx_word' id='word_1_21' title='bbox 2843 483 3278 552; x_wconf 85' lang='grc' dir='ltr'><strong>μετανοήσαντας</strong></span> <span class='ocrx_word' id='word_1_22' title='bbox 3301 483 3610 537; x_wconf 86' lang='grc' dir='ltr'>ἐπανελθεῖν</span> <span class='ocrx_word' id='word_1_23' title='bbox 3638 485 3716 550; x_wconf 91' lang='grc' dir='ltr'><strong>εἰς</strong></span> <span class='ocrx_word' id='word_1_24' title='bbox 3738 486 3842 558; x_wconf 77' lang='grc' dir='ltr'><strong>τὴν</strong></span> 
     </span>
    </p>
   </div>
   <div class='ocr_carea' id='block_1_6' title="bbox 584 566 2161 640">
    <p class='ocr_par' dir='ltr' id='par_1_6' title="bbox 584 566 2161 640">
     <span class='ocr_line' id='line_1_6' title="bbox 584 566 2161 640; baseline -0.001 -14"><span class='ocrx_word' id='word_1_25' title='bbox 584 571 904 626; x_wconf 76' lang='lat' dir='ltr'><strong>edidicerint</strong></span> <span class='ocrx_word' id='word_1_26' title='bbox 957 568 1136 638; x_wconf 81' lang='lat' dir='ltr'><strong>qualia</strong></span> <span class='ocrx_word' id='word_1_27' title='bbox 1171 566 1314 623; x_wconf 86' lang='lat' dir='ltr'><strong>Deus</strong></span> <span class='ocrx_word' id='word_1_28' title='bbox 1343 569 1487 623; x_wconf 85' lang='lat' dir='ltr'><strong>circa</strong></span> <span class='ocrx_word' id='word_1_29' title='bbox 1521 585 1648 624; x_wconf 90' lang='lat' dir='ltr'><strong>cam</strong></span> <span class='ocrx_word' id='word_1_30' title='bbox 1689 572 1963 640; x_wconf 74' lang='lat' dir='ltr'><strong>pollicitus</strong></span> <span class='ocrx_word' id='word_1_31' title='bbox 1991 573 2079 626; x_wconf 87' lang='lat' dir='ltr'><strong>sit.</strong></span> <span class='ocrx_word' id='word_1_32' title='bbox 2107 571 2161 625; x_wconf 88' lang='lat' dir='ltr'><strong>Id</strong></span> 
     </span>
    </p>
   </div>
   <div class='ocr_carea' id='block_1_7' title="bbox 583 659 2164 729">
    <p class='ocr_par' dir='ltr' id='par_1_7' title="bbox 583 659 2164 729">
     <span class='ocr_line' id='line_1_7' title="bbox 583 659 2164 729; baseline -0.003 -11"><span class='ocrx_word' id='word_1_33' title='bbox 583 665 750 718; x_wconf 89' lang='lat' dir='ltr'><strong>etiam</strong></span> <span class='ocrx_word' id='word_1_34' title='bbox 787 661 1024 717; x_wconf 88' lang='lat' dir='ltr'><strong>declarat</strong></span> <span class='ocrx_word' id='word_1_35' title='bbox 1047 659 1274 715; x_wconf 82' lang='lat' dir='ltr'><strong>historia</strong></span> <span class='ocrx_word' id='word_1_36' title='bbox 1309 681 1323 715; x_wconf 86' lang='lat'><strong>:</strong></span> <span class='ocrx_word' id='word_1_37' title='bbox 1357 676 1480 714; x_wconf 87' lang='lat' dir='ltr'><strong>nam</strong></span> <span class='ocrx_word' id='word_1_38' title='bbox 1520 672 1643 729; x_wconf 88' lang='lat' dir='ltr'><strong>post</strong></span> <span class='ocrx_word' id='word_1_39' title='bbox 1669 664 1900 717; x_wconf 82' lang='lat' dir='ltr'><strong>reditum</strong></span> <span class='ocrx_word' id='word_1_40' title='bbox 1949 679 2013 717; x_wconf 76' lang='lat' dir='ltr'><strong>ex</strong></span> <span class='ocrx_word' id='word_1_41' title='bbox 2067 661 2164 715; x_wconf 84' lang='lat' dir='ltr'><strong>Da-</strong></span> 
     </span>
    </p>
   </div>
   <div class='ocr_carea' id='block_1_8' title="bbox 583 752 2160 825">
    <p class='ocr_par' dir='ltr' id='par_1_8' title="bbox 583 752 2160 825">
     <span class='ocr_line' id='line_1_8' title="bbox 583 752 2160 825; baseline -0.001 -15"><span class='ocrx_word' id='word_1_42' title='bbox 583 755 798 825; x_wconf 84' lang='lat' dir='ltr'><strong>bylone,</strong></span> <span class='ocrx_word' id='word_1_43' title='bbox 827 768 891 808; x_wconf 86' lang='lat' dir='ltr'><strong>ac</strong></span> <span class='ocrx_word' id='word_1_44' title='bbox 915 752 1208 807; x_wconf 81' lang='lat' dir='ltr'><strong>excitatum</strong></span> <span class='ocrx_word' id='word_1_45' title='bbox 1249 752 1426 805; x_wconf 91' lang='lat' dir='ltr'><strong>denuo</strong></span> <span class='ocrx_word' id='word_1_46' title='bbox 1467 755 1722 822; x_wconf 83' lang='lat' dir='ltr'><strong>templum</strong></span> <span class='ocrx_word' id='word_1_47' title='bbox 1755 756 1809 809; x_wconf 89' lang='lat' dir='ltr'><strong>in</strong></span> <span class='ocrx_word' id='word_1_48' title='bbox 1838 753 2160 822; x_wconf 83' lang='lat' dir='ltr'><strong>Jerusalem,</strong></span> 
     </span>
    </p>
   </div>
   <div class='ocr_carea' id='block_1_9' title="bbox 587 843 1662 902">
    <p class='ocr_par' dir='ltr' id='par_1_9' title="bbox 587 843 1662 902">
     <span class='ocr_line' id='line_1_9' title="bbox 587 843 1662 902; baseline 0.002 -2"><span class='ocrx_word' id='word_1_49' title='bbox 587 861 694 901; x_wconf 91' lang='lat' dir='ltr'><strong>non</strong></span> <span class='ocrx_word' id='word_1_50' title='bbox 718 845 856 901; x_wconf 90' lang='lat' dir='ltr'><strong>ultra</strong></span> <span class='ocrx_word' id='word_1_51' title='bbox 880 843 1037 900; x_wconf 83' lang='lat' dir='ltr'><strong>idolis</strong></span> <span class='ocrx_word' id='word_1_52' title='bbox 1071 845 1152 899; x_wconf 90' lang='lat' dir='ltr'><strong>usi</strong></span> <span class='ocrx_word' id='word_1_53' title='bbox 1182 844 1354 901; x_wconf 87' lang='lat' dir='ltr'><strong>fuisse</strong></span> <span class='ocrx_word' id='word_1_54' title='bbox 1391 848 1662 902; x_wconf 86' lang='lat' dir='ltr'><strong>videntur.</strong></span> 
     </span>
    </p>
   </div>
   <div class='ocr_carea' id='block_1_10' title="bbox 659 1021 2170 1102">
    <p class='ocr_par' dir='ltr' id='par_1_10' title="bbox 659 1021 2170 1102">
     <span class='ocr_line' id='line_1_10' title="bbox 659 1021 2170 1102; baseline 0.009 -28"><span class='ocrx_word' id='word_1_55' title='bbox 659 1021 820 1076; x_wconf 73' lang='lat' dir='ltr'><strong>Vens.</strong></span> <span class='ocrx_word' id='word_1_56' title='bbox 845 1023 899 1077; x_wconf 91' lang='lat'><strong>8.</strong></span> <span class='ocrx_word' id='word_1_57' title='bbox 935 1042 953 1075; x_wconf 86' lang='grc' dir='ltr'><strong>ι</strong></span> <span class='ocrx_word' id='word_1_58' title='bbox 985 1023 1049 1078; x_wconf 87' lang='grc' dir='ltr'>Ει</span> <span class='ocrx_word' id='word_1_59' title='bbox 1087 1025 1246 1081; x_wconf 80' lang='lat' dir='ltr'><strong>cadet</strong></span> <span class='ocrx_word' id='word_1_60' title='bbox 1269 1027 1441 1082; x_wconf 87' lang='lat' dir='ltr'><strong>Assur</strong></span> <span class='ocrx_word' id='word_1_61' title='bbox 1473 1044 1577 1083; x_wconf 87' lang='lat' dir='ltr'><strong>non</strong></span> <span class='ocrx_word' id='word_1_62' title='bbox 1621 1030 1800 1098; x_wconf 84' lang='lat' dir='ltr'><strong>gladio</strong></span> <span class='ocrx_word' id='word_1_63' title='bbox 1828 1031 1952 1099; x_wconf 87' lang='lat' dir='ltr'><strong>viri,</strong></span> <span class='ocrx_word' id='word_1_64' title='bbox 1991 1047 2170 1102; x_wconf 85' lang='lat' dir='ltr'><strong>neque</strong></span> 
     </span>
    </p>
   </div>
   <div class='ocr_carea' id='block_1_11' title="bbox 587 1113 2162 1190">
    <p class='ocr_par' dir='ltr' id='par_1_11' title="bbox 587 1113 2162 1190">
     <span class='ocr_line' id='line_1_11' title="bbox 587 1113 2162 1190; baseline 0.007 -24"><span class='ocrx_word' id='word_1_65' title='bbox 587 1113 800 1182; x_wconf 78' lang='lat' dir='ltr'><strong>gladius</strong></span> <span class='ocrx_word' id='word_1_66' title='bbox 830 1115 932 1170; x_wconf 89' lang='lat' dir='ltr'><strong>viri</strong></span> <span class='ocrx_word' id='word_1_67' title='bbox 960 1115 1242 1170; x_wconf 86' lang='lat' dir='ltr'><strong>devorahit</strong></span> <span class='ocrx_word' id='word_1_68' title='bbox 1267 1133 1387 1172; x_wconf 87' lang='lat' dir='ltr'><strong>eum</strong></span> <span class='ocrx_word' id='word_1_69' title='bbox 1419 1137 1432 1172; x_wconf 89' lang='lat'>:</span> <span class='ocrx_word' id='word_1_70' title='bbox 1466 1129 1522 1174; x_wconf 92' lang='lat' dir='ltr'><strong>et</strong></span> <span class='ocrx_word' id='word_1_71' title='bbox 1563 1119 1754 1190; x_wconf 81' lang='lat' dir='ltr'><strong>fugiet,</strong></span> <span class='ocrx_word' id='word_1_72' title='bbox 1794 1137 1899 1174; x_wconf 92' lang='lat' dir='ltr'><strong>non</strong></span> <span class='ocrx_word' id='word_1_73' title='bbox 1933 1137 1962 1175; x_wconf 90' lang='lat' dir='ltr'><strong>a</strong></span> <span class='ocrx_word' id='word_1_74' title='bbox 2020 1123 2162 1177; x_wconf 89' lang='lat' dir='ltr'><strong>facie</strong></span> 
     </span>
    </p>
   </div>
   <div class='ocr_carea' id='block_1_12' title="bbox 586 1206 2168 1284">
    <p class='ocr_par' dir='ltr' id='par_1_12' title="bbox 586 1206 2168 1284">
     <span class='ocr_line' id='line_1_12' title="bbox 586 1206 2168 1284; baseline 0.007 -27"><span class='ocrx_word' id='word_1_75' title='bbox 586 1206 792 1277; x_wconf 86' lang='lat' dir='ltr'><strong>gladii:</strong></span> <span class='ocrx_word' id='word_1_76' title='bbox 847 1208 1077 1276; x_wconf 80' lang='lat' dir='ltr'><strong>juvenes</strong></span> <span class='ocrx_word' id='word_1_77' title='bbox 1131 1220 1310 1264; x_wconf 89' lang='lat' dir='ltr'><strong>autem</strong></span> <span class='ocrx_word' id='word_1_78' title='bbox 1354 1211 1779 1280; x_wconf 79' lang='lat' dir='ltr'><strong>superabuntur.</strong></span> <span class='ocrx_word' id='word_1_79' title='bbox 1817 1233 1836 1266; x_wconf 80' lang='grc' dir='ltr'><strong>ι</strong></span> <span class='ocrx_word' id='word_1_80' title='bbox 1880 1212 2168 1284; x_wconf 83' lang='lat' dir='ltr'><strong>Significat</strong></span> 
     </span>
    </p>
   </div>
   <div class='ocr_carea' id='block_1_13' title="bbox 583 1299 2167 1374">
    <p class='ocr_par' dir='ltr' id='par_1_13' title="bbox 583 1299 2167 1374">
     <span class='ocr_line' id='line_1_13' title="bbox 583 1299 2167 1374; baseline 0.005 -22"><span class='ocrx_word' id='word_1_81' title='bbox 583 1308 766 1352; x_wconf 89' lang='lat' dir='ltr'><strong>autem</strong></span> <span class='ocrx_word' id='word_1_82' title='bbox 826 1299 1234 1355; x_wconf 89' lang='lat' dir='ltr'><strong>idololatrarum</strong></span> <span class='ocrx_word' id='word_1_83' title='bbox 1291 1302 1444 1371; x_wconf 83' lang='lat' dir='ltr'><strong>regni</strong></span> <span class='ocrx_word' id='word_1_84' title='bbox 1497 1303 1790 1368; x_wconf 78' lang='lat' dir='ltr'><strong>excidium,</strong></span> <span class='ocrx_word' id='word_1_85' title='bbox 1841 1307 2167 1374; x_wconf 85' lang='lat' dir='ltr'><strong>ruinamque</strong></span> 
     </span>
    </p>
   </div>
   <div class='ocr_carea' id='block_1_14' title="bbox 581 1391 2164 1465">
    <p class='ocr_par' dir='ltr' id='par_1_14' title="bbox 581 1391 2164 1465">
     <span class='ocr_line' id='line_1_14' title="bbox 581 1391 2164 1465; baseline 0.004 -19"><span class='ocrx_word' id='word_1_86' title='bbox 581 1405 771 1446; x_wconf 85' lang='lat' dir='ltr'><strong>eorum</strong></span> <span class='ocrx_word' id='word_1_87' title='bbox 803 1410 816 1446; x_wconf 90' lang='lat'><strong>:</strong></span> <span class='ocrx_word' id='word_1_88' title='bbox 850 1391 1074 1460; x_wconf 84' lang='lat' dir='ltr'><strong>pristina</strong></span> <span class='ocrx_word' id='word_1_89' title='bbox 1109 1393 1197 1446; x_wconf 89' lang='lat' dir='ltr'><strong>illa</strong></span> <span class='ocrx_word' id='word_1_90' title='bbox 1230 1395 1374 1465; x_wconf 83' lang='lat' dir='ltr'><strong>regia</strong></span> <span class='ocrx_word' id='word_1_91' title='bbox 1427 1395 1714 1464; x_wconf 85' lang='lat' dir='ltr'><strong>dignitate,</strong></span> <span class='ocrx_word' id='word_1_92' title='bbox 1741 1397 1899 1465; x_wconf 88' lang='lat' dir='ltr'><strong>quasi</strong></span> <span class='ocrx_word' id='word_1_93' title='bbox 1951 1396 2019 1451; x_wconf 86' lang='lat' dir='ltr'><strong>ab</strong></span> <span class='ocrx_word' id='word_1_94' title='bbox 2053 1401 2164 1452; x_wconf 90' lang='lat' dir='ltr'><strong>alto</strong></span> 
     </span>
    </p>
   </div>
   <div class='ocr_carea' id='block_1_15' title="bbox 581 1483 2162 1559">
    <p class='ocr_par' dir='ltr' id='par_1_15' title="bbox 581 1483 2162 1559">
     <span class='ocr_line' id='line_1_15' title="bbox 581 1483 2162 1559; baseline 0.001 -20"><span class='ocrx_word' id='word_1_95' title='bbox 581 1483 844 1539; x_wconf 80' lang='lat' dir='ltr'><strong>humilem</strong></span> <span class='ocrx_word' id='word_1_96' title='bbox 870 1484 923 1537; x_wconf 92' lang='lat' dir='ltr'><strong>in</strong></span> <span class='ocrx_word' id='word_1_97' title='bbox 956 1484 1133 1540; x_wconf 92' lang='lat' dir='ltr'><strong>locum</strong></span> <span class='ocrx_word' id='word_1_98' title='bbox 1175 1485 1402 1555; x_wconf 87' lang='lat' dir='ltr'><strong>dejecta.</strong></span> <span class='ocrx_word' id='word_1_99' title='bbox 1435 1487 1486 1540; x_wconf 88' lang='lat' dir='ltr'><strong>ld</strong></span> <span class='ocrx_word' id='word_1_100' title='bbox 1521 1497 1700 1542; x_wconf 88' lang='lat' dir='ltr'><strong>autem</strong></span> <span class='ocrx_word' id='word_1_101' title='bbox 1733 1489 1838 1543; x_wconf 91' lang='lat' dir='ltr'><strong>illis</strong></span> <span class='ocrx_word' id='word_1_102' title='bbox 1860 1490 2162 1559; x_wconf 83' lang='lat' dir='ltr'><strong>continget,</strong></span> 
     </span>
    </p>
   </div>
   <div class='ocr_carea' id='block_1_16' title="bbox 582 1576 2162 1649">
    <p class='ocr_par' dir='ltr' id='par_1_16' title="bbox 582 1576 2162 1649">
     <span class='ocr_line' id='line_1_16' title="bbox 582 1576 2162 1649; baseline 0.003 -20"><span class='ocrx_word' id='word_1_103' title='bbox 582 1576 681 1642; x_wconf 91' lang='lat' dir='ltr'><strong>ait,</strong></span> <span class='ocrx_word' id='word_1_104' title='bbox 715 1591 820 1630; x_wconf 94' lang='lat' dir='ltr'><strong>non</strong></span> <span class='ocrx_word' id='word_1_105' title='bbox 849 1592 914 1630; x_wconf 85' lang='lat' dir='ltr'><strong>ex</strong></span> <span class='ocrx_word' id='word_1_106' title='bbox 944 1577 1178 1632; x_wconf 84' lang='lat' dir='ltr'><strong>humana</strong></span> <span class='ocrx_word' id='word_1_107' title='bbox 1222 1579 1520 1649; x_wconf 73' lang='lat' dir='ltr'><strong>irruptione</strong></span> <span class='ocrx_word' id='word_1_108' title='bbox 1548 1599 1561 1634; x_wconf 92' lang='lat'><strong>:</strong></span> <span class='ocrx_word' id='word_1_109' title='bbox 1604 1581 1698 1634; x_wconf 89' lang='lat' dir='ltr'><strong>sed</strong></span> <span class='ocrx_word' id='word_1_110' title='bbox 1731 1596 1794 1634; x_wconf 84' lang='lat' dir='ltr'><strong>ex</strong></span> <span class='ocrx_word' id='word_1_111' title='bbox 1825 1581 2004 1634; x_wconf 86' lang='lat' dir='ltr'><strong>divina</strong></span> <span class='ocrx_word' id='word_1_112' title='bbox 2029 1598 2162 1635; x_wconf 93' lang='lat' dir='ltr'><strong>con-</strong></span> 
     </span>
    </p>
   </div>
   <div class='ocr_carea' id='block_1_17' title="bbox 584 1665 2160 1727">
    <p class='ocr_par' dir='ltr' id='par_1_17' title="bbox 584 1665 2160 1727">
     <span class='ocr_line' id='line_1_17' title="bbox 584 1665 2160 1727; baseline 0.006 -9"><span class='ocrx_word' id='word_1_113' title='bbox 584 1673 669 1718; x_wconf 90' lang='lat' dir='ltr'><strong>tra</strong></span> <span class='ocrx_word' id='word_1_114' title='bbox 701 1665 824 1720; x_wconf 87' lang='lat' dir='ltr'><strong>illos</strong></span> <span class='ocrx_word' id='word_1_115' title='bbox 863 1681 1090 1723; x_wconf 85' lang='lat' dir='ltr'><strong>accensa</strong></span> <span class='ocrx_word' id='word_1_116' title='bbox 1122 1669 1222 1722; x_wconf 88' lang='lat' dir='ltr'><strong>ira.</strong></span> <span class='ocrx_word' id='word_1_117' title='bbox 1261 1669 1487 1725; x_wconf 80' lang='lat' dir='ltr'><strong>Etiamsi</strong></span> <span class='ocrx_word' id='word_1_118' title='bbox 1507 1671 1653 1724; x_wconf 90' lang='lat' dir='ltr'><strong>enim</strong></span> <span class='ocrx_word' id='word_1_119' title='bbox 1682 1670 1930 1727; x_wconf 83' lang='lat' dir='ltr'><strong>homines</strong></span> <span class='ocrx_word' id='word_1_120' title='bbox 1960 1673 2160 1727; x_wconf 81' lang='lat' dir='ltr'><strong>excidii</strong></span> 
     </span>
    </p>
   </div>
   <div class='ocr_carea' id='block_1_18' title="bbox 583 1757 2166 1830">
    <p class='ocr_par' dir='ltr' id='par_1_18' title="bbox 583 1757 2166 1830">
     <span class='ocr_line' id='line_1_18' title="bbox 583 1757 2166 1830; baseline 0.006 -19"><span class='ocrx_word' id='word_1_121' title='bbox 583 1770 771 1811; x_wconf 89' lang='lat' dir='ltr'><strong>eorum</strong></span> <span class='ocrx_word' id='word_1_122' title='bbox 809 1757 1042 1812; x_wconf 84' lang='lat' dir='ltr'><strong>ministri</strong></span> <span class='ocrx_word' id='word_1_123' title='bbox 1091 1774 1252 1828; x_wconf 88' lang='lat' dir='ltr'><strong>quam</strong></span> <span class='ocrx_word' id='word_1_124' title='bbox 1299 1763 1534 1816; x_wconf 81' lang='lat' dir='ltr'><strong>maxime</strong></span> <span class='ocrx_word' id='word_1_125' title='bbox 1573 1763 1859 1818; x_wconf 86' lang='lat' dir='ltr'><strong>videantur</strong></span> <span class='ocrx_word' id='word_1_126' title='bbox 1907 1779 2062 1830; x_wconf 88' lang='lat' dir='ltr'><strong>esse;</strong></span> <span class='ocrx_word' id='word_1_127' title='bbox 2109 1774 2166 1820; x_wconf 84' lang='lat' dir='ltr'><strong>at</strong></span> 
     </span>
    </p>
   </div>
   <div class='ocr_carea' id='block_1_19' title="bbox 583 1822 2233 1924">
    <p class='ocr_par' dir='ltr' id='par_1_19' title="bbox 583 1822 2233 1924">
     <span class='ocr_line' id='line_1_19' title="bbox 583 1822 2233 1924; baseline 0.007 -22"><span class='ocrx_word' id='word_1_128' title='bbox 583 1848 700 1917; x_wconf 80' lang='lat' dir='ltr'><strong>ipse</strong></span> <span class='ocrx_word' id='word_1_129' title='bbox 736 1847 876 1904; x_wconf 82' lang='lat' dir='ltr'><strong>Deus</strong></span> <span class='ocrx_word' id='word_1_130' title='bbox 919 1861 1040 1905; x_wconf 88' lang='lat' dir='ltr'><strong>erat</strong></span> <span class='ocrx_word' id='word_1_131' title='bbox 1088 1822 1179 1920; x_wconf 74' lang='lat' dir='ltr'><strong>qui</strong></span> <span class='ocrx_word' id='word_1_132' title='bbox 1232 1853 1508 1908; x_wconf 88' lang='lat' dir='ltr'><strong>hominum</strong></span> <span class='ocrx_word' id='word_1_133' title='bbox 1552 1869 1715 1924; x_wconf 83' lang='lat' dir='ltr'><strong>opera</strong></span> <span class='ocrx_word' id='word_1_134' title='bbox 1741 1855 1992 1922; x_wconf 51' lang='lat' dir='ltr'><strong>:funditus</strong></span> <span class='ocrx_word' id='word_1_135' title='bbox 2045 1822 2233 1912; x_wconf 69' lang='lat' dir='ltr'><strong>illosc</strong></span> 
     </span>
    </p>
   </div>
   <div class='ocr_carea' id='block_1_20' title="bbox 583 1943 802 2003">
    <p class='ocr_par' dir='ltr' id='par_1_20' title="bbox 583 1943 802 2003">
     <span class='ocr_line' id='line_1_20' title="bbox 583 1943 802 2003; baseline -0.014 -5"><span class='ocrx_word' id='word_1_136' title='bbox 583 1943 802 2003; x_wconf 83' lang='lat' dir='ltr'><strong>evertit.</strong></span> 
     </span>
    </p>
   </div>
   <div class='ocr_carea' id='block_1_21' title="bbox 655 2115 2161 2198">
    <p class='ocr_par' dir='ltr' id='par_1_21' title="bbox 655 2115 2161 2198">
     <span class='ocr_line' id='line_1_21' title="bbox 655 2115 2161 2198; baseline 0.01 -29"><span class='ocrx_word' id='word_1_137' title='bbox 655 2115 821 2172; x_wconf 73' lang='grc' dir='ltr'>νειιε.</span> <span class='ocrx_word' id='word_1_138' title='bbox 850 2118 904 2174; x_wconf 89' lang='lat'><strong>9.</strong></span> <span class='ocrx_word' id='word_1_139' title='bbox 953 2137 973 2170; x_wconf 81' lang='grc' dir='ltr'><strong>ι</strong></span> <span class='ocrx_word' id='word_1_140' title='bbox 1024 2119 1184 2176; x_wconf 83' lang='lat' dir='ltr'><strong>Petra</strong></span> <span class='ocrx_word' id='word_1_141' title='bbox 1236 2122 1381 2176; x_wconf 89' lang='lat' dir='ltr'><strong>enim</strong></span> <span class='ocrx_word' id='word_1_142' title='bbox 1430 2124 1956 2192; x_wconf 89' lang='lat' dir='ltr'><strong>circumdahuntur,</strong></span> <span class='ocrx_word' id='word_1_143' title='bbox 2009 2129 2161 2198; x_wconf 87' lang='lat' dir='ltr'><strong>quasi</strong></span> 
     </span>
    </p>
   </div>
   <div class='ocr_carea' id='block_1_22' title="bbox 581 2206 2164 2276">
    <p class='ocr_par' dir='ltr' id='par_1_22' title="bbox 581 2206 2164 2276">
     <span class='ocr_line' id='line_1_22' title="bbox 581 2206 2164 2276; baseline 0.012 -18"><span class='ocrx_word' id='word_1_144' title='bbox 581 2206 744 2273; x_wconf 76' lang='lat' dir='ltr'><strong>vallo,</strong></span> <span class='ocrx_word' id='word_1_145' title='bbox 781 2217 834 2264; x_wconf 89' lang='lat' dir='ltr'><strong>et</strong></span> <span class='ocrx_word' id='word_1_146' title='bbox 862 2210 1172 2266; x_wconf 81' lang='lat' dir='ltr'><strong>vincentur.</strong></span> <span class='ocrx_word' id='word_1_147' title='bbox 1211 2233 1231 2266; x_wconf 76' lang='grc' dir='ltr'><strong>ι</strong></span> <span class='ocrx_word' id='word_1_148' title='bbox 1267 2213 1483 2269; x_wconf 85' lang='lat' dir='ltr'><strong>Petram</strong></span> <span class='ocrx_word' id='word_1_149' title='bbox 1519 2227 1677 2272; x_wconf 90' lang='lat' dir='ltr'><strong>vocat</strong></span> <span class='ocrx_word' id='word_1_150' title='bbox 1734 2219 1879 2273; x_wconf 87' lang='lat' dir='ltr'><strong>illam</strong></span> <span class='ocrx_word' id='word_1_151' title='bbox 1906 2220 2033 2275; x_wconf 92' lang='lat' dir='ltr'><strong>olim</strong></span> <span class='ocrx_word' id='word_1_152' title='bbox 2062 2222 2164 2276; x_wconf 83' lang='lat' dir='ltr'><strong>As-</strong></span> 
     </span>
    </p>
   </div>
   <div class='ocr_carea' id='block_1_23' title="bbox 583 2299 2165 2381">
    <p class='ocr_par' dir='ltr' id='par_1_23' title="bbox 583 2299 2165 2381">
     <span class='ocr_line' id='line_1_23' title="bbox 583 2299 2165 2381; baseline 0.012 -32"><span class='ocrx_word' id='word_1_153' title='bbox 583 2299 858 2367; x_wconf 79' lang='lat' dir='ltr'><strong>syriorum</strong></span> <span class='ocrx_word' id='word_1_154' title='bbox 897 2299 1230 2367; x_wconf 88' lang='lat' dir='ltr'><strong>ﬁrmitatem,</strong></span> <span class='ocrx_word' id='word_1_155' title='bbox 1277 2307 1534 2376; x_wconf 83' lang='lat' dir='ltr'><strong>regnique</strong></span> <span class='ocrx_word' id='word_1_156' title='bbox 1571 2310 1752 2374; x_wconf 90' lang='lat' dir='ltr'><strong>robur,</strong></span> <span class='ocrx_word' id='word_1_157' title='bbox 1813 2312 1954 2381; x_wconf 90' lang='lat' dir='ltr'><strong>quod</strong></span> <span class='ocrx_word' id='word_1_158' title='bbox 1988 2325 2165 2369; x_wconf 83' lang='lat' dir='ltr'><strong>trans-</strong></span> 
     </span>
    </p>
   </div>
   <div class='ocr_carea' id='block_1_24' title="bbox 582 2387 2162 2471">
    <p class='ocr_par' dir='ltr' id='par_1_24' title="bbox 582 2387 2162 2471">
     <span class='ocr_line' id='line_1_24' title="bbox 582 2387 2162 2471; baseline 0.013 -31"><span class='ocrx_word' id='word_1_159' title='bbox 582 2387 786 2442; x_wconf 91' lang='lat' dir='ltr'><strong>iturum</strong></span> <span class='ocrx_word' id='word_1_160' title='bbox 816 2404 939 2446; x_wconf 89' lang='lat' dir='ltr'><strong>esse</strong></span> <span class='ocrx_word' id='word_1_161' title='bbox 961 2391 1114 2447; x_wconf 90' lang='lat' dir='ltr'><strong>dicit.</strong></span> <span class='ocrx_word' id='word_1_162' title='bbox 1148 2411 1167 2445; x_wconf 88' lang='grc' dir='ltr'><strong>ι</strong></span> <span class='ocrx_word' id='word_1_163' title='bbox 1188 2394 1290 2461; x_wconf 86' lang='lat' dir='ltr'><strong>Qui</strong></span> <span class='ocrx_word' id='word_1_164' title='bbox 1317 2405 1495 2452; x_wconf 90' lang='lat' dir='ltr'><strong>autem</strong></span> <span class='ocrx_word' id='word_1_165' title='bbox 1525 2399 2004 2471; x_wconf 89' lang='lat' dir='ltr'><strong>fngiet,capietur.</strong></span> <span class='ocrx_word' id='word_1_166' title='bbox 2036 2405 2162 2461; x_wconf 65' lang='lat' dir='ltr'><strong>llaec</strong></span> 
     </span>
    </p>
   </div>
   <div class='ocr_carea' id='block_1_25' title="bbox 582 2479 2158 2565">
    <p class='ocr_par' dir='ltr' id='par_1_25' title="bbox 582 2479 2158 2565">
     <span class='ocr_line' id='line_1_25' title="bbox 582 2479 2158 2565; baseline 0.01 -31"><span class='ocrx_word' id='word_1_167' title='bbox 582 2479 716 2534; x_wconf 91' lang='lat' dir='ltr'><strong>dicit</strong></span> <span class='ocrx_word' id='word_1_168' title='bbox 744 2480 1003 2539; x_wconf 90' lang='lat' dir='ltr'><strong>Dominus</strong></span> <span class='ocrx_word' id='word_1_169' title='bbox 1034 2504 1047 2540; x_wconf 92' lang='lat'>:</span> <span class='ocrx_word' id='word_1_170' title='bbox 1079 2484 1296 2551; x_wconf 77' lang='lat' dir='ltr'><strong>Beatus,</strong></span> <span class='ocrx_word' id='word_1_171' title='bbox 1341 2493 1429 2558; x_wconf 89' lang='lat' dir='ltr'><strong>qui</strong></span> <span class='ocrx_word' id='word_1_172' title='bbox 1464 2493 1624 2548; x_wconf 85' lang='lat' dir='ltr'><strong>habet</strong></span> <span class='ocrx_word' id='word_1_173' title='bbox 1659 2494 1711 2548; x_wconf 91' lang='lat' dir='ltr'><strong>in</strong></span> <span class='ocrx_word' id='word_1_174' title='bbox 1755 2495 1884 2550; x_wconf 89' lang='lat' dir='ltr'><strong>Sion</strong></span> <span class='ocrx_word' id='word_1_175' title='bbox 1931 2512 2158 2565; x_wconf 89' lang='lat' dir='ltr'><strong>semen,</strong></span> 
     </span>
    </p>
   </div>
   <div class='ocr_carea' id='block_1_26' title="bbox 579 2573 2163 2647">
    <p class='ocr_par' dir='ltr' id='par_1_26' title="bbox 579 2573 2163 2647">
     <span class='ocr_line' id='line_1_26' title="bbox 579 2573 2163 2647; baseline 0.013 -20"><span class='ocrx_word' id='word_1_176' title='bbox 579 2579 639 2627; x_wconf 92' lang='lat' dir='ltr'><strong>et</strong></span> <span class='ocrx_word' id='word_1_177' title='bbox 666 2573 995 2632; x_wconf 87' lang='lat' dir='ltr'><strong>domesticos</strong></span> <span class='ocrx_word' id='word_1_178' title='bbox 1025 2578 1081 2634; x_wconf 85' lang='lat' dir='ltr'><strong>in’</strong></span> <span class='ocrx_word' id='word_1_179' title='bbox 1109 2578 1432 2638; x_wconf 82' lang='lat' dir='ltr'><strong>Jerusalem.</strong></span> <span class='ocrx_word' id='word_1_180' title='bbox 1471 2603 1490 2637; x_wconf 76' lang='grc' dir='ltr'><strong>ι</strong></span> <span class='ocrx_word' id='word_1_181' title='bbox 1514 2583 1608 2641; x_wconf 84' lang='lat' dir='ltr'><strong>llis</strong></span> <span class='ocrx_word' id='word_1_182' title='bbox 1634 2585 1760 2641; x_wconf 90' lang='lat' dir='ltr'><strong>item</strong></span> <span class='ocrx_word' id='word_1_183' title='bbox 1788 2588 2041 2643; x_wconf 87' lang='lat' dir='ltr'><strong>hortatur</strong></span> <span class='ocrx_word' id='word_1_184' title='bbox 2067 2605 2163 2647; x_wconf 81' lang='lat' dir='ltr'><strong>eos</strong></span> 
     </span>
    </p>
   </div>
   <div class='ocr_carea' id='block_1_27' title="bbox 579 2664 2163 2743">
    <p class='ocr_par' dir='ltr' id='par_1_27' title="bbox 579 2664 2163 2743">
     <span class='ocr_line' id='line_1_27' title="bbox 579 2664 2163 2743; baseline 0.015 -27"><span class='ocrx_word' id='word_1_185' title='bbox 579 2664 673 2732; x_wconf 88' lang='lat' dir='ltr'><strong>qui</strong></span> <span class='ocrx_word' id='word_1_186' title='bbox 724 2665 777 2720; x_wconf 93' lang='lat' dir='ltr'><strong>in</strong></span> <span class='ocrx_word' id='word_1_187' title='bbox 836 2667 1131 2739; x_wconf 67' lang='lat' dir='ltr'><strong>Egyptum</strong></span> <span class='ocrx_word' id='word_1_188' title='bbox 1165 2673 1540 2743; x_wconf 86' lang='lat' dir='ltr'><strong>confugerant,</strong></span> <span class='ocrx_word' id='word_1_189' title='bbox 1575 2688 1632 2732; x_wconf 92' lang='lat' dir='ltr'><strong>ut</strong></span> <span class='ocrx_word' id='word_1_190' title='bbox 1667 2694 1736 2736; x_wconf 92' lang='lat' dir='ltr'><strong>ne</strong></span> <span class='ocrx_word' id='word_1_191' title='bbox 1769 2683 2085 2740; x_wconf 87' lang='lat' dir='ltr'><strong>recederent</strong></span> <span class='ocrx_word' id='word_1_192' title='bbox 2131 2702 2163 2740; x_wconf 84' lang='lat' dir='ltr'><strong>a</strong></span> 
     </span>
    </p>
   </div>
   <div class='ocr_carea' id='block_1_28' title="bbox 580 2753 2165 2846">
    <p class='ocr_par' dir='ltr' id='par_1_28' title="bbox 580 2753 2165 2846">
     <span class='ocr_line' id='line_1_28' title="bbox 580 2753 2165 2846; baseline 0.015 -37"><span class='ocrx_word' id='word_1_193' title='bbox 580 2753 702 2812; x_wconf 92' lang='lat' dir='ltr'><strong>loco</strong></span> <span class='ocrx_word' id='word_1_194' title='bbox 741 2758 829 2812; x_wconf 92' lang='lat' dir='ltr'><strong>ubi</strong></span> <span class='ocrx_word' id='word_1_195' title='bbox 853 2772 972 2817; x_wconf 90' lang='lat' dir='ltr'><strong>erat</strong></span> <span class='ocrx_word' id='word_1_196' title='bbox 1005 2763 1265 2832; x_wconf 88' lang='lat' dir='ltr'><strong>templum</strong></span> <span class='ocrx_word' id='word_1_197' title='bbox 1294 2767 1386 2821; x_wconf 89' lang='lat' dir='ltr'><strong>Dei</strong></span> <span class='ocrx_word' id='word_1_198' title='bbox 1414 2787 1429 2821; x_wconf 87' lang='lat'><strong>:</strong></span> <span class='ocrx_word' id='word_1_199' title='bbox 1467 2771 1560 2824; x_wconf 89' lang='lat' dir='ltr'><strong>sed</strong></span> <span class='ocrx_word' id='word_1_200' title='bbox 1583 2772 1747 2826; x_wconf 90' lang='lat' dir='ltr'><strong>etiam</strong></span> <span class='ocrx_word' id='word_1_201' title='bbox 1798 2773 1994 2830; x_wconf 87' lang='lat' dir='ltr'><strong>beatos</strong></span> <span class='ocrx_word' id='word_1_202' title='bbox 2024 2792 2165 2846; x_wconf 71' lang='lat' dir='ltr'><strong>prae-</strong></span> 
     </span>
    </p>
   </div>
   <div class='ocr_carea' id='block_1_29' title="bbox 580 2846 2160 2934">
    <p class='ocr_par' dir='ltr' id='par_1_29' title="bbox 580 2846 2160 2934">
     <span class='ocr_line' id='line_1_29' title="bbox 580 2846 2160 2934; baseline 0.016 -34"><span class='ocrx_word' id='word_1_203' title='bbox 580 2846 730 2901; x_wconf 89' lang='lat' dir='ltr'><strong>dicat</strong></span> <span class='ocrx_word' id='word_1_204' title='bbox 753 2864 872 2916; x_wconf 89' lang='lat' dir='ltr'><strong>eos,</strong></span> <span class='ocrx_word' id='word_1_205' title='bbox 908 2853 1000 2922; x_wconf 90' lang='lat' dir='ltr'><strong>qui</strong></span> <span class='ocrx_word' id='word_1_206' title='bbox 1049 2867 1234 2910; x_wconf 91' lang='lat' dir='ltr'><strong>semen</strong></span> <span class='ocrx_word' id='word_1_207' title='bbox 1275 2857 1326 2911; x_wconf 94' lang='lat' dir='ltr'><strong>in</strong></span> <span class='ocrx_word' id='word_1_208' title='bbox 1360 2858 1491 2914; x_wconf 90' lang='lat' dir='ltr'><strong>Sion</strong></span> <span class='ocrx_word' id='word_1_209' title='bbox 1529 2861 1762 2919; x_wconf 79' lang='lat' dir='ltr'><strong>habituri</strong></span> <span class='ocrx_word' id='word_1_210' title='bbox 1801 2877 1952 2934; x_wconf 81' lang='lat' dir='ltr'><strong>sunt,</strong></span> <span class='ocrx_word' id='word_1_211' title='bbox 1983 2879 2039 2924; x_wconf 91' lang='lat' dir='ltr'><strong>et</strong></span> <span class='ocrx_word' id='word_1_212' title='bbox 2064 2871 2160 2924; x_wconf 83' lang='lat' dir='ltr'><strong>do-</strong></span> 
     </span>
    </p>
   </div>
   <div class='ocr_carea' id='block_1_30' title="bbox 581 2941 2158 3033">
    <p class='ocr_par' dir='ltr' id='par_1_30' title="bbox 581 2941 2158 3033">
     <span class='ocr_line' id='line_1_30' title="bbox 581 2941 2158 3033; baseline 0.017 -42"><span class='ocrx_word' id='word_1_213' title='bbox 581 2941 844 2996; x_wconf 84' lang='lat' dir='ltr'><strong>mesticos</strong></span> <span class='ocrx_word' id='word_1_214' title='bbox 871 2942 926 2998; x_wconf 92' lang='lat' dir='ltr'><strong>in</strong></span> <span class='ocrx_word' id='word_1_215' title='bbox 973 2943 1314 3018; x_wconf 84' lang='lat' dir='ltr'><strong>Jerusalem;</strong></span> <span class='ocrx_word' id='word_1_216' title='bbox 1365 2955 1621 3022; x_wconf 91' lang='lat' dir='ltr'><strong>quoniam</strong></span> <span class='ocrx_word' id='word_1_217' title='bbox 1656 2957 1745 3012; x_wconf 90' lang='lat' dir='ltr'><strong>illa</strong></span> <span class='ocrx_word' id='word_1_218' title='bbox 1781 2966 2158 3033; x_wconf 85' lang='lat' dir='ltr'><strong>restauranda,</strong></span> 
     </span>
    </p>
   </div>
   <div class='ocr_carea' id='block_1_31' title="bbox 581 3032 2159 3123">
    <p class='ocr_par' dir='ltr' id='par_1_31' title="bbox 581 3032 2159 3123">
     <span class='ocr_line' id='line_1_31' title="bbox 581 3032 2159 3123; baseline 0.02 -41"><span class='ocrx_word' id='word_1_219' title='bbox 581 3039 639 3084; x_wconf 92' lang='lat' dir='ltr'><strong>et</strong></span> <span class='ocrx_word' id='word_1_220' title='bbox 669 3032 952 3101; x_wconf 88' lang='lat' dir='ltr'><strong>pristinam</strong></span> <span class='ocrx_word' id='word_1_221' title='bbox 985 3037 1210 3107; x_wconf 83' lang='lat' dir='ltr'><strong>gloriam</strong></span> <span class='ocrx_word' id='word_1_222' title='bbox 1238 3057 1390 3098; x_wconf 91' lang='lat' dir='ltr'><strong>suam</strong></span> <span class='ocrx_word' id='word_1_223' title='bbox 1443 3059 1825 3119; x_wconf 77' lang='lat' dir='ltr'><strong>recuperatum</strong></span> <span class='ocrx_word' id='word_1_224' title='bbox 1873 3065 2033 3123; x_wconf 90' lang='lat' dir='ltr'><strong>erat,</strong></span> <span class='ocrx_word' id='word_1_225' title='bbox 2065 3032 2159 3113; x_wconf 85' lang='lat' dir='ltr'><strong>seu</strong></span> 
     </span>
    </p>
   </div>
   <div class='ocr_carea' id='block_1_32' title="bbox 581 3123 2229 3223">
    <p class='ocr_par' dir='ltr' id='par_1_32' title="bbox 581 3123 2229 3223">
     <span class='ocr_line' id='line_1_32' title="bbox 581 3123 2229 3223; baseline 0.017 -46"><span class='ocrx_word' id='word_1_226' title='bbox 581 3123 749 3177; x_wconf 89' lang='lat' dir='ltr'><strong>etiam</strong></span> <span class='ocrx_word' id='word_1_227' title='bbox 778 3125 1040 3194; x_wconf 87' lang='lat' dir='ltr'><strong>majorem</strong></span> <span class='ocrx_word' id='word_1_228' title='bbox 1075 3130 1184 3197; x_wconf 87' lang='lat' dir='ltr'><strong>illa,</strong></span> <span class='ocrx_word' id='word_1_229' title='bbox 1221 3151 1382 3204; x_wconf 89' lang='lat' dir='ltr'><strong>qnam</strong></span> <span class='ocrx_word' id='word_1_230' title='bbox 1418 3138 1568 3206; x_wconf 89' lang='lat' dir='ltr'><strong>prius</strong></span> <span class='ocrx_word' id='word_1_231' title='bbox 1598 3152 1758 3198; x_wconf 88' lang='lat' dir='ltr'><strong>nacta</strong></span> <span class='ocrx_word' id='word_1_232' title='bbox 1784 3144 1984 3202; x_wconf 84' lang='lat' dir='ltr'><strong>fuerat.</strong></span> <span class='ocrx_word' id='word_1_233' title='bbox 2018 3149 2161 3216; x_wconf 88' lang='lat' dir='ltr'><strong>Qua-</strong></span> <span class='ocrx_word' id='word_1_234' title='bbox 2187 3165 2229 3223; x_wconf 75' lang='grc' dir='ltr'>ο</span> 
     </span>
    </p>
   </div>
   <div class='ocr_carea' id='block_1_33' title="bbox 581 3219 2160 3304">
    <p class='ocr_par' dir='ltr' id='par_1_33' title="bbox 581 3219 2160 3304">
     <span class='ocr_line' id='line_1_33' title="bbox 581 3219 2160 3304; baseline 0.02 -36"><span class='ocrx_word' id='word_1_235' title='bbox 581 3225 806 3286; x_wconf 90' lang='lat' dir='ltr'><strong>propter</strong></span> <span class='ocrx_word' id='word_1_236' title='bbox 829 3219 950 3274; x_wconf 92' lang='lat' dir='ltr'><strong>aliis</strong></span> <span class='ocrx_word' id='word_1_237' title='bbox 983 3223 1283 3293; x_wconf 83' lang='lat' dir='ltr'><strong>dicebatur,</strong></span> <span class='ocrx_word' id='word_1_238' title='bbox 1317 3247 1336 3280; x_wconf 80' lang='grc' dir='ltr'><strong>ι</strong></span> <span class='ocrx_word' id='word_1_239' title='bbox 1370 3229 1436 3284; x_wconf 82' lang='lat' dir='ltr'><strong>Et</strong></span> <span class='ocrx_word' id='word_1_240' title='bbox 1461 3233 1565 3286; x_wconf 88' lang='lat' dir='ltr'><strong>erit</strong></span> <span class='ocrx_word' id='word_1_241' title='bbox 1593 3235 1760 3304; x_wconf 73' lang='lat' dir='ltr'><strong>gloria</strong></span> <span class='ocrx_word' id='word_1_242' title='bbox 1787 3237 1980 3296; x_wconf 91' lang='lat' dir='ltr'><strong>domus</strong></span> <span class='ocrx_word' id='word_1_243' title='bbox 2007 3241 2160 3299; x_wconf 85' lang='lat' dir='ltr'><strong>istius</strong></span> 
     </span>
    </p>
   </div>
   <div class='ocr_carea' id='block_1_34' title="bbox 581 3307 2152 3400">
    <p class='ocr_par' dir='ltr' id='par_1_34' title="bbox 581 3307 2152 3400">
     <span class='ocr_line' id='line_1_34' title="bbox 581 3307 2152 3400; baseline 0.02 -41"><span class='ocrx_word' id='word_1_244' title='bbox 581 3307 881 3364; x_wconf 86' lang='lat' dir='ltr'><strong>novissima</strong></span> <span class='ocrx_word' id='word_1_245' title='bbox 919 3327 1083 3382; x_wconf 83' lang='lat' dir='ltr'><strong>super</strong></span> <span class='ocrx_word' id='word_1_246' title='bbox 1111 3316 1345 3385; x_wconf 88' lang='lat' dir='ltr'><strong>priorem</strong></span> <span class='ocrx_word' id='word_1_247' title='bbox 1379 3321 1444 3376; x_wconf 81' lang='grc' dir='ltr'><strong>³ο.</strong></span> <span class='ocrx_word' id='word_1_248' title='bbox 1481 3342 1500 3375; x_wconf 75' lang='grc' dir='ltr'><strong>ι</strong></span> <span class='ocrx_word' id='word_1_249' title='bbox 1533 3323 1689 3382; x_wconf 83' lang='lat' dir='ltr'><strong>Scias</strong></span> <span class='ocrx_word' id='word_1_250' title='bbox 1728 3340 1967 3398; x_wconf 88' lang='lat' dir='ltr'><strong>oportet,</strong></span> <span class='ocrx_word' id='word_1_251' title='bbox 2003 3333 2152 3400; x_wconf 83' lang='lat' dir='ltr'><strong>illud,</strong></span> 
     </span>
    </p>
   </div>
   <div class='ocr_carea' id='block_1_35' title="bbox 589 3399 2155 3485">
    <p class='ocr_par' dir='ltr' id='par_1_35' title="bbox 589 3399 2155 3485">
     <span class='ocr_line' id='line_1_35' title="bbox 589 3399 2155 3485; baseline 0.02 -35"><span class='ocrx_word' id='word_1_252' title='bbox 589 3415 609 3450; x_wconf 82' lang='grc' dir='ltr'><strong>ι</strong></span> <span class='ocrx_word' id='word_1_253' title='bbox 640 3399 850 3468; x_wconf 80' lang='lat' dir='ltr'><strong>beatus,</strong></span> <span class='ocrx_word' id='word_1_254' title='bbox 883 3421 902 3456; x_wconf 73' lang='grc' dir='ltr'><strong>ι</strong></span> <span class='ocrx_word' id='word_1_255' title='bbox 925 3419 953 3458; x_wconf 90' lang='lat' dir='ltr'><strong>a</strong></span> <span class='ocrx_word' id='word_1_256' title='bbox 974 3406 1188 3462; x_wconf 89' lang='lat' dir='ltr'><strong>nemine</strong></span> <span class='ocrx_word' id='word_1_257' title='bbox 1218 3409 1322 3464; x_wconf 91' lang='lat' dir='ltr'><strong>alio</strong></span> <span class='ocrx_word' id='word_1_258' title='bbox 1346 3410 1701 3485; x_wconf 88' lang='lat' dir='ltr'><strong>interpretum</strong></span> <span class='ocrx_word' id='word_1_259' title='bbox 1723 3419 1925 3476; x_wconf 89' lang='lat' dir='ltr'><strong>dictum</strong></span> <span class='ocrx_word' id='word_1_260' title='bbox 1953 3399 2155 3482; x_wconf 77' lang='lat' dir='ltr'><strong>fuisse:</strong></span> 
     </span>
    </p>
   </div>
   <div class='ocr_carea' id='block_1_36' title="bbox 580 3492 2161 3579">
    <p class='ocr_par' dir='ltr' id='par_1_36' title="bbox 580 3492 2161 3579">
     <span class='ocr_line' id='line_1_36' title="bbox 580 3492 2161 3579; baseline 0.019 -35"><span class='ocrx_word' id='word_1_261' title='bbox 580 3505 682 3561; x_wconf 90' lang='lat' dir='ltr'><strong>pro</strong></span> <span class='ocrx_word' id='word_1_262' title='bbox 717 3492 806 3548; x_wconf 91' lang='lat' dir='ltr'><strong>illo</strong></span> <span class='ocrx_word' id='word_1_263' title='bbox 833 3506 1036 3562; x_wconf 90' lang='lat' dir='ltr'><strong>autem,</strong></span> <span class='ocrx_word' id='word_1_264' title='bbox 1069 3518 1088 3550; x_wconf 80' lang='grc' dir='ltr'><strong>ι</strong></span> <span class='ocrx_word' id='word_1_265' title='bbox 1124 3499 1224 3566; x_wconf 87' lang='lat' dir='ltr'><strong>Qui</strong></span> <span class='ocrx_word' id='word_1_266' title='bbox 1261 3501 1420 3560; x_wconf 87' lang='lat' dir='ltr'><strong>habet</strong></span> <span class='ocrx_word' id='word_1_267' title='bbox 1454 3506 1508 3560; x_wconf 85' lang='lat' dir='ltr'><strong>in</strong></span> <span class='ocrx_word' id='word_1_268' title='bbox 1553 3508 1682 3565; x_wconf 91' lang='lat' dir='ltr'><strong>Sion</strong></span> <span class='ocrx_word' id='word_1_269' title='bbox 1721 3525 1929 3579; x_wconf 89' lang='lat' dir='ltr'><strong>semen,</strong></span> <span class='ocrx_word' id='word_1_270' title='bbox 1960 3526 2017 3571; x_wconf 88' lang='lat' dir='ltr'><strong>et</strong></span> <span class='ocrx_word' id='word_1_271' title='bbox 2068 3518 2161 3573; x_wconf 85' lang='lat' dir='ltr'><strong>do-</strong></span> 
     </span>
    </p>
   </div>
   <div class='ocr_carea' id='block_1_37' title="bbox 581 3585 2157 3676">
    <p class='ocr_par' dir='ltr' id='par_1_37' title="bbox 581 3585 2157 3676">
     <span class='ocr_line' id='line_1_37' title="bbox 581 3585 2157 3676; baseline 0.015 -38"><span class='ocrx_word' id='word_1_272' title='bbox 581 3585 841 3643; x_wconf 89' lang='lat' dir='ltr'><strong>mesticos</strong></span> <span class='ocrx_word' id='word_1_273' title='bbox 875 3589 926 3642; x_wconf 92' lang='lat' dir='ltr'><strong>in</strong></span> <span class='ocrx_word' id='word_1_274' title='bbox 952 3587 1272 3657; x_wconf 79' lang='lat' dir='ltr'><strong>Jerusalem,</strong></span> <span class='ocrx_word' id='word_1_275' title='bbox 1300 3613 1319 3647; x_wconf 73' lang='grc' dir='ltr'><strong>ι</strong></span> <span class='ocrx_word' id='word_1_276' title='bbox 1350 3595 1710 3666; x_wconf 82' lang='lat' dir='ltr'><strong>Symmachus</strong></span> <span class='ocrx_word' id='word_1_277' title='bbox 1733 3603 1911 3670; x_wconf 89' lang='lat' dir='ltr'><strong>habet,</strong></span> <span class='ocrx_word' id='word_1_278' title='bbox 1935 3625 1953 3657; x_wconf 79' lang='grc' dir='ltr'><strong>ι</strong></span> <span class='ocrx_word' id='word_1_279' title='bbox 1983 3607 2157 3676; x_wconf 85' lang='lat' dir='ltr'><strong>ignem</strong></span> 
     </span>
    </p>
   </div>
   <div class='ocr_carea' id='block_1_38' title="bbox 582 3675 2159 3766">
    <p class='ocr_par' dir='ltr' id='par_1_38' title="bbox 582 3675 2159 3766">
     <span class='ocr_line' id='line_1_38' title="bbox 582 3675 2159 3766; baseline 0.016 -36"><span class='ocrx_word' id='word_1_280' title='bbox 582 3675 637 3731; x_wconf 92' lang='lat' dir='ltr'><strong>in</strong></span> <span class='ocrx_word' id='word_1_281' title='bbox 673 3677 801 3734; x_wconf 89' lang='lat' dir='ltr'><strong>Sion</strong></span> <span class='ocrx_word' id='word_1_282' title='bbox 831 3691 886 3736; x_wconf 91' lang='lat' dir='ltr'><strong>et</strong></span> <span class='ocrx_word' id='word_1_283' title='bbox 912 3683 1184 3738; x_wconf 88' lang='lat' dir='ltr'><strong>clibanum</strong></span> <span class='ocrx_word' id='word_1_284' title='bbox 1220 3685 1273 3741; x_wconf 91' lang='lat' dir='ltr'><strong>in</strong></span> <span class='ocrx_word' id='word_1_285' title='bbox 1305 3687 1642 3754; x_wconf 83' lang='lat' dir='ltr'><strong>Jerusalem;</strong></span> <span class='ocrx_word' id='word_1_286' title='bbox 1673 3713 1694 3746; x_wconf 74' lang='grc' dir='ltr'><strong>ι</strong></span> <span class='ocrx_word' id='word_1_287' title='bbox 1731 3695 1923 3766; x_wconf 79' lang='lat' dir='ltr'><strong>Aquila</strong></span> <span class='ocrx_word' id='word_1_288' title='bbox 1954 3675 2085 3753; x_wconf 86' lang='lat' dir='ltr'><strong>vero</strong></span> <span class='ocrx_word' id='word_1_289' title='bbox 2104 3711 2159 3756; x_wconf 91' lang='lat' dir='ltr'><strong>et</strong></span> 
     </span>
    </p>
   </div>
   <div class='ocr_carea' id='block_1_39' title="bbox 583 3765 2156 3860">
    <p class='ocr_par' dir='ltr' id='par_1_39' title="bbox 583 3765 2156 3860">
     <span class='ocr_line' id='line_1_39' title="bbox 583 3765 2156 3860; baseline 0.017 -39"><span class='ocrx_word' id='word_1_290' title='bbox 583 3765 906 3840; x_wconf 79' lang='lat' dir='ltr'><strong>Theodotio,</strong></span> <span class='ocrx_word' id='word_1_291' title='bbox 945 3791 967 3826; x_wconf 82' lang='grc' dir='ltr'><strong>ι</strong></span> <span class='ocrx_word' id='word_1_292' title='bbox 1005 3773 1123 3830; x_wconf 82' lang='lat' dir='ltr'><strong>Lux</strong></span> <span class='ocrx_word' id='word_1_293' title='bbox 1159 3777 1258 3846; x_wconf 81' lang='lat' dir='ltr'><strong>ipsi</strong></span> <span class='ocrx_word' id='word_1_294' title='bbox 1293 3780 1345 3833; x_wconf 93' lang='lat' dir='ltr'><strong>in</strong></span> <span class='ocrx_word' id='word_1_295' title='bbox 1393 3781 1550 3846; x_wconf 86' lang='lat' dir='ltr'><strong>Sion,</strong></span> <span class='ocrx_word' id='word_1_296' title='bbox 1583 3795 1640 3840; x_wconf 89' lang='lat' dir='ltr'><strong>et</strong></span> <span class='ocrx_word' id='word_1_297' title='bbox 1673 3765 1920 3844; x_wconf 88' lang='lat' dir='ltr'><strong>clibanus</strong></span> <span class='ocrx_word' id='word_1_298' title='bbox 1955 3791 2055 3860; x_wconf 83' lang='lat' dir='ltr'><strong>ipsi</strong></span> <span class='ocrx_word' id='word_1_299' title='bbox 2101 3793 2156 3848; x_wconf 92' lang='lat' dir='ltr'><strong>in</strong></span> 
     </span>
    </p>
   </div>
   <div class='ocr_carea' id='block_1_40' title="bbox 581 3855 2159 3941">
    <p class='ocr_par' dir='ltr' id='par_1_40' title="bbox 581 3855 2159 3941">
     <span class='ocr_line' id='line_1_40' title="bbox 581 3855 2159 3941; baseline 0.018 -29"><span class='ocrx_word' id='word_1_300' title='bbox 581 3855 909 3918; x_wconf 87' lang='lat' dir='ltr'><strong>Jerusalem.</strong></span> <span class='ocrx_word' id='word_1_301' title='bbox 941 3884 960 3917; x_wconf 75' lang='grc' dir='ltr'><strong>ι</strong></span> <span class='ocrx_word' id='word_1_302' title='bbox 989 3868 1154 3932; x_wconf 83' lang='lat' dir='ltr'><strong>Qneis</strong></span> <span class='ocrx_word' id='word_1_303' title='bbox 1194 3871 1418 3927; x_wconf 88' lang='lat' dir='ltr'><strong>docetur</strong></span> <span class='ocrx_word' id='word_1_304' title='bbox 1467 3876 1847 3935; x_wconf 88' lang='lat' dir='ltr'><strong>universorum</strong></span> <span class='ocrx_word' id='word_1_305' title='bbox 1900 3883 2070 3939; x_wconf 89' lang='lat' dir='ltr'><strong>Deum</strong></span> <span class='ocrx_word' id='word_1_306' title='bbox 2105 3896 2159 3941; x_wconf 89' lang='lat' dir='ltr'><strong>ct</strong></span> 
     </span>
    </p>
   </div>
   <div class='ocr_carea' id='block_1_41' title="bbox 587 3948 2159 4047">
    <p class='ocr_par' dir='ltr' id='par_1_41' title="bbox 587 3948 2159 4047">
     <span class='ocr_line' id='line_1_41' title="bbox 587 3948 2159 4047; baseline 0.02 -45"><span class='ocrx_word' id='word_1_307' title='bbox 587 3948 898 4019; x_wconf 88' lang='lat' dir='ltr'><strong>Dominum,</strong></span> <span class='ocrx_word' id='word_1_308' title='bbox 928 3959 1019 4026; x_wconf 89' lang='lat' dir='ltr'><strong>qui</strong></span> <span class='ocrx_word' id='word_1_309' title='bbox 1047 3959 1214 4015; x_wconf 88' lang='lat' dir='ltr'><strong>hasce</strong></span> <span class='ocrx_word' id='word_1_310' title='bbox 1240 3973 1430 4019; x_wconf 88' lang='lat' dir='ltr'><strong>contra</strong></span> <span class='ocrx_word' id='word_1_311' title='bbox 1454 3967 1711 4042; x_wconf 78' lang='lat' dir='ltr'><strong>Assyrios</strong></span> <span class='ocrx_word' id='word_1_312' title='bbox 1750 3974 1925 4031; x_wconf 88' lang='lat' dir='ltr'><strong>minas</strong></span> <span class='ocrx_word' id='word_1_313' title='bbox 1974 3987 2159 4047; x_wconf 85' lang='lat' dir='ltr'><strong>protu-</strong></span> 
     </span>
    </p>
   </div>
   <div class='ocr_carea' id='block_1_42' title="bbox 584 4041 2160 4124">
    <p class='ocr_par' dir='ltr' id='par_1_42' title="bbox 584 4041 2160 4124">
     <span class='ocr_line' id='line_1_42' title="bbox 584 4041 2160 4124; baseline 0.019 -28"><span class='ocrx_word' id='word_1_314' title='bbox 584 4041 671 4106; x_wconf 85' lang='lat' dir='ltr'><strong>lit,</strong></span> <span class='ocrx_word' id='word_1_315' title='bbox 722 4045 900 4114; x_wconf 86' lang='lat' dir='ltr'><strong>ignem</strong></span> <span class='ocrx_word' id='word_1_316' title='bbox 935 4050 1135 4104; x_wconf 90' lang='lat' dir='ltr'><strong>hahere</strong></span> <span class='ocrx_word' id='word_1_317' title='bbox 1167 4052 1218 4106; x_wconf 94' lang='lat' dir='ltr'><strong>in</strong></span> <span class='ocrx_word' id='word_1_318' title='bbox 1269 4053 1421 4123; x_wconf 92' lang='lat' dir='ltr'><strong>Sion,</strong></span> <span class='ocrx_word' id='word_1_319' title='bbox 1453 4066 1508 4112; x_wconf 90' lang='lat' dir='ltr'><strong>et</strong></span> <span class='ocrx_word' id='word_1_320' title='bbox 1535 4041 1808 4117; x_wconf 84' lang='lat' dir='ltr'><strong>clibanum</strong></span> <span class='ocrx_word' id='word_1_321' title='bbox 1855 4066 1908 4120; x_wconf 93' lang='lat' dir='ltr'><strong>in</strong></span> <span class='ocrx_word' id='word_1_322' title='bbox 1938 4041 2160 4124; x_wconf 80' lang='lat' dir='ltr'><strong>Jerusa-</strong></span> 
     </span>
    </p>
   </div>
   <div class='ocr_carea' id='block_1_43' title="bbox 584 4132 2159 4222">
    <p class='ocr_par' dir='ltr' id='par_1_43' title="bbox 584 4132 2159 4222">
     <span class='ocr_line' id='line_1_43' title="bbox 584 4132 2159 4222; baseline 0.02 -36"><span class='ocrx_word' id='word_1_323' title='bbox 584 4132 689 4187; x_wconf 92' lang='lat' dir='ltr'><strong>lem</strong></span> <span class='ocrx_word' id='word_1_324' title='bbox 713 4151 728 4200; x_wconf 92' lang='lat'><strong>;</strong></span> <span class='ocrx_word' id='word_1_325' title='bbox 758 4147 816 4191; x_wconf 92' lang='lat' dir='ltr'><strong>ut</strong></span> <span class='ocrx_word' id='word_1_326' title='bbox 839 4140 884 4193; x_wconf 90' lang='lat' dir='ltr'><strong>si</strong></span> <span class='ocrx_word' id='word_1_327' title='bbox 902 4143 1118 4209; x_wconf 87' lang='lat' dir='ltr'><strong>quando</strong></span> <span class='ocrx_word' id='word_1_328' title='bbox 1143 4145 1392 4213; x_wconf 90' lang='lat' dir='ltr'><strong>voluerit,</strong></span> <span class='ocrx_word' id='word_1_329' title='bbox 1419 4149 1521 4206; x_wconf 91' lang='lat' dir='ltr'><strong>hoc</strong></span> <span class='ocrx_word' id='word_1_330' title='bbox 1551 4153 1674 4222; x_wconf 91' lang='lat' dir='ltr'><strong>igne</strong></span> <span class='ocrx_word' id='word_1_331' title='bbox 1699 4165 1754 4210; x_wconf 93' lang='lat' dir='ltr'><strong>et</strong></span> <span class='ocrx_word' id='word_1_332' title='bbox 1779 4157 1994 4215; x_wconf 86' lang='lat' dir='ltr'><strong>clibano</strong></span> <span class='ocrx_word' id='word_1_333' title='bbox 2017 4176 2159 4216; x_wconf 90' lang='lat' dir='ltr'><strong>com-</strong></span> 
     </span>
    </p>
   </div>
   <div class='ocr_carea' id='block_1_44' title="bbox 583 4227 2154 4319">
    <p class='ocr_par' dir='ltr' id='par_1_44' title="bbox 583 4227 2154 4319">
     <span class='ocr_line' id='line_1_44' title="bbox 583 4227 2154 4319; baseline 0.019 -40"><span class='ocrx_word' id='word_1_334' title='bbox 583 4227 744 4281; x_wconf 91' lang='lat' dir='ltr'><strong>burat</strong></span> <span class='ocrx_word' id='word_1_335' title='bbox 767 4238 822 4285; x_wconf 89' lang='lat' dir='ltr'><strong>et</strong></span> <span class='ocrx_word' id='word_1_336' title='bbox 842 4244 1111 4302; x_wconf 80' lang='lat' dir='ltr'><strong>excoquat</strong></span> <span class='ocrx_word' id='word_1_337' title='bbox 1133 4251 1225 4293; x_wconf 86' lang='lat' dir='ltr'><strong>eos</strong></span> <span class='ocrx_word' id='word_1_338' title='bbox 1248 4241 1338 4307; x_wconf 90' lang='lat' dir='ltr'><strong>qui</strong></span> <span class='ocrx_word' id='word_1_339' title='bbox 1361 4243 1746 4302; x_wconf 86' lang='lat' dir='ltr'><strong>combustione</strong></span> <span class='ocrx_word' id='word_1_340' title='bbox 1773 4263 1906 4319; x_wconf 87' lang='lat' dir='ltr'><strong>opus</strong></span> <span class='ocrx_word' id='word_1_341' title='bbox 1934 4251 2154 4309; x_wconf 89' lang='lat' dir='ltr'><strong>habent.</strong></span> 
     </span>
    </p>
   </div>
   <div class='ocr_carea' id='block_1_45' title="bbox 583 4319 2155 4403">
    <p class='ocr_par' dir='ltr' id='par_1_45' title="bbox 583 4319 2155 4403">
     <span class='ocr_line' id='line_1_45' title="bbox 583 4319 2155 4403; baseline 0.019 -32"><span class='ocrx_word' id='word_1_342' title='bbox 583 4319 848 4386; x_wconf 83' lang='lat' dir='ltr'><strong>Quocirca</strong></span> <span class='ocrx_word' id='word_1_343' title='bbox 877 4323 966 4379; x_wconf 91' lang='lat' dir='ltr'><strong>Dei</strong></span> <span class='ocrx_word' id='word_1_344' title='bbox 1001 4327 1088 4381; x_wconf 89' lang='lat' dir='ltr'><strong>illa</strong></span> <span class='ocrx_word' id='word_1_345' title='bbox 1117 4329 1311 4387; x_wconf 82' lang='lat' dir='ltr'><strong>civitas</strong></span> <span class='ocrx_word' id='word_1_346' title='bbox 1337 4334 1615 4403; x_wconf 88' lang='lat' dir='ltr'><strong>despectui</strong></span> <span class='ocrx_word' id='word_1_347' title='bbox 1645 4338 1892 4395; x_wconf 87' lang='lat' dir='ltr'><strong>habenda</strong></span> <span class='ocrx_word' id='word_1_348' title='bbox 1923 4358 2026 4398; x_wconf 89' lang='lat' dir='ltr'><strong>non</strong></span> <span class='ocrx_word' id='word_1_349' title='bbox 2051 4357 2155 4402; x_wconf 86' lang='lat' dir='ltr'><strong>est.</strong></span> 
     </span>
    </p>
   </div>
   <div class='ocr_carea' id='block_1_46' title="bbox 584 4411 2154 4506">
    <p class='ocr_par' dir='ltr' id='par_1_46' title="bbox 584 4411 2154 4506">
     <span class='ocr_line' id='line_1_46' title="bbox 584 4411 2154 4506; baseline 0.016 -39"><span class='ocrx_word' id='word_1_350' title='bbox 584 4411 711 4469; x_wconf 69' lang='lat' dir='ltr'><strong>Haec</strong></span> <span class='ocrx_word' id='word_1_351' title='bbox 750 4431 914 4486; x_wconf 90' lang='lat' dir='ltr'><strong>porro</strong></span> <span class='ocrx_word' id='word_1_352' title='bbox 973 4420 1040 4474; x_wconf 88' lang='lat' dir='ltr'><strong>de</strong></span> <span class='ocrx_word' id='word_1_353' title='bbox 1083 4421 1321 4478; x_wconf 82' lang='lat' dir='ltr'><strong>Ecclesia</strong></span> <span class='ocrx_word' id='word_1_354' title='bbox 1379 4425 1508 4480; x_wconf 91' lang='lat' dir='ltr'><strong>item</strong></span> <span class='ocrx_word' id='word_1_355' title='bbox 1538 4426 1662 4494; x_wconf 85' lang='lat' dir='ltr'><strong>jure</strong></span> <span class='ocrx_word' id='word_1_356' title='bbox 1705 4431 1979 4500; x_wconf 88' lang='lat' dir='ltr'><strong>dicantur,</strong></span> <span class='ocrx_word' id='word_1_357' title='bbox 2029 4437 2154 4506; x_wconf 84' lang='lat' dir='ltr'><strong>quia</strong></span> 
     </span>
    </p>
   </div>
   <div class='ocr_carea' id='block_1_47' title="bbox 583 4503 2235 4596">
    <p class='ocr_par' dir='ltr' id='par_1_47' title="bbox 583 4503 2235 4596">
     <span class='ocr_line' id='line_1_47' title="bbox 583 4503 2235 4596; baseline 0.017 -39"><span class='ocrx_word' id='word_1_358' title='bbox 583 4503 699 4573; x_wconf 83' lang='lat' dir='ltr'><strong>ipsa</strong></span> <span class='ocrx_word' id='word_1_359' title='bbox 727 4516 812 4560; x_wconf 86' lang='lat' dir='ltr'><strong>est</strong></span> <span class='ocrx_word' id='word_1_360' title='bbox 844 4509 1037 4564; x_wconf 83' lang='lat' dir='ltr'><strong>civitas</strong></span> <span class='ocrx_word' id='word_1_361' title='bbox 1090 4511 1177 4565; x_wconf 89' lang='lat' dir='ltr'><strong>illa</strong></span> <span class='ocrx_word' id='word_1_362' title='bbox 1232 4514 1326 4568; x_wconf 89' lang='lat' dir='ltr'><strong>Dei</strong></span> <span class='ocrx_word' id='word_1_363' title='bbox 1381 4517 1638 4586; x_wconf 87' lang='lat' dir='ltr'><strong>gloriosa,</strong></span> <span class='ocrx_word' id='word_1_364' title='bbox 1666 4523 1732 4576; x_wconf 88' lang='lat' dir='ltr'><strong>de</strong></span> <span class='ocrx_word' id='word_1_365' title='bbox 1782 4539 1884 4592; x_wconf 85' lang='lat' dir='ltr'><strong>qua</strong></span> <span class='ocrx_word' id='word_1_366' title='bbox 1914 4503 2114 4582; x_wconf 80' lang='lat' dir='ltr'><strong>dicitur</strong></span> <span class='ocrx_word' id='word_1_367' title='bbox 2139 4571 2157 4596; x_wconf 93' lang='lat'><strong>,</strong></span> <span class='ocrx_word' id='word_1_368' title='bbox 2190 4540 2235 4593; x_wconf 86' lang='grc' dir='ltr'>ι)</span> 
     </span>
    </p>
   </div>
   <div class='ocr_carea' id='block_1_48' title="bbox 587 4597 2159 4677">
    <p class='ocr_par' dir='ltr' id='par_1_48' title="bbox 587 4597 2159 4677">
     <span class='ocr_line' id='line_1_48' title="bbox 587 4597 2159 4677; baseline 0.018 -29"><span class='ocrx_word' id='word_1_369' title='bbox 587 4614 608 4648; x_wconf 79' lang='grc' dir='ltr'><strong>ι</strong></span> <span class='ocrx_word' id='word_1_370' title='bbox 644 4597 894 4654; x_wconf 87' lang='lat' dir='ltr'><strong>Gloriosa</strong></span> <span class='ocrx_word' id='word_1_371' title='bbox 927 4602 1068 4655; x_wconf 92' lang='lat' dir='ltr'><strong>dicta</strong></span> <span class='ocrx_word' id='word_1_372' title='bbox 1105 4614 1236 4658; x_wconf 89' lang='lat' dir='ltr'><strong>sunt</strong></span> <span class='ocrx_word' id='word_1_373' title='bbox 1271 4607 1338 4662; x_wconf 92' lang='lat' dir='ltr'><strong>de</strong></span> <span class='ocrx_word' id='word_1_374' title='bbox 1371 4619 1442 4674; x_wconf 90' lang='lat' dir='ltr'><strong>te,</strong></span> <span class='ocrx_word' id='word_1_375' title='bbox 1485 4611 1681 4667; x_wconf 88' lang='lat' dir='ltr'><strong>civitas</strong></span> <span class='ocrx_word' id='word_1_376' title='bbox 1736 4615 1830 4670; x_wconf 90' lang='lat' dir='ltr'><strong>Dei</strong></span> <span class='ocrx_word' id='word_1_377' title='bbox 1876 4617 1942 4673; x_wconf 71' lang='grc'><strong>³⁸.</strong></span> <span class='ocrx_word' id='word_1_378' title='bbox 1985 4638 2004 4672; x_wconf 70' lang='grc' dir='ltr'><strong>ι</strong></span> <span class='ocrx_word' id='word_1_379' title='bbox 2062 4621 2159 4677; x_wconf 85' lang='lat' dir='ltr'><strong>Est</strong></span> 
     </span>
    </p>
   </div>
   <div class='ocr_carea' id='block_1_49' title="bbox 583 4689 2158 4782">
    <p class='ocr_par' dir='ltr' id='par_1_49' title="bbox 583 4689 2158 4782">
     <span class='ocr_line' id='line_1_49' title="bbox 583 4689 2158 4782; baseline 0.017 -40"><span class='ocrx_word' id='word_1_380' title='bbox 583 4689 714 4744; x_wconf 92' lang='lat' dir='ltr'><strong>item</strong></span> <span class='ocrx_word' id='word_1_381' title='bbox 750 4691 806 4744; x_wconf 92' lang='lat' dir='ltr'><strong>in</strong></span> <span class='ocrx_word' id='word_1_382' title='bbox 863 4692 952 4746; x_wconf 87' lang='lat' dir='ltr'><strong>illa</strong></span> <span class='ocrx_word' id='word_1_383' title='bbox 989 4693 1127 4763; x_wconf 84' lang='lat' dir='ltr'><strong>ignis</strong></span> <span class='ocrx_word' id='word_1_384' title='bbox 1165 4705 1221 4751; x_wconf 92' lang='lat' dir='ltr'><strong>ct</strong></span> <span class='ocrx_word' id='word_1_385' title='bbox 1268 4699 1532 4767; x_wconf 88' lang='lat' dir='ltr'><strong>clibanus,</strong></span> <span class='ocrx_word' id='word_1_386' title='bbox 1568 4719 1676 4775; x_wconf 89' lang='lat' dir='ltr'><strong>quo</strong></span> <span class='ocrx_word' id='word_1_387' title='bbox 1728 4707 2158 4782; x_wconf 88' lang='lat' dir='ltr'><strong>uniuscujusque</strong></span> 
     </span>
    </p>
   </div>
   <div class='ocr_carea' id='block_1_50' title="bbox 582 4782 2159 4862">
    <p class='ocr_par' dir='ltr' id='par_1_50' title="bbox 582 4782 2159 4862">
     <span class='ocr_line' id='line_1_50' title="bbox 582 4782 2159 4862; baseline 0.018 -28"><span class='ocrx_word' id='word_1_388' title='bbox 582 4782 779 4836; x_wconf 69' lang='lat' dir='ltr'><strong>animae</strong></span> <span class='ocrx_word' id='word_1_389' title='bbox 807 4783 972 4852; x_wconf 81' lang='lat' dir='ltr'><strong>ligna,</strong></span> <span class='ocrx_word' id='word_1_390' title='bbox 1008 4785 1189 4844; x_wconf 91' lang='lat' dir='ltr'><strong>fenum</strong></span> <span class='ocrx_word' id='word_1_391' title='bbox 1221 4799 1275 4846; x_wconf 90' lang='lat' dir='ltr'><strong>et</strong></span> <span class='ocrx_word' id='word_1_392' title='bbox 1301 4793 1554 4862; x_wconf 84' lang='lat' dir='ltr'><strong>stipulam</strong></span> <span class='ocrx_word' id='word_1_393' title='bbox 1587 4799 1867 4856; x_wconf 87' lang='lat' dir='ltr'><strong>comburat</strong></span> <span class='ocrx_word' id='word_1_394' title='bbox 1909 4813 1963 4858; x_wconf 90' lang='lat' dir='ltr'><strong>et</strong></span> <span class='ocrx_word' id='word_1_395' title='bbox 1995 4808 2159 4862; x_wconf 87' lang='lat' dir='ltr'><strong>absu-</strong></span> 
     </span>
    </p>
   </div>
   <div class='ocr_carea' id='block_1_51' title="bbox 583 4877 2155 4958">
    <p class='ocr_par' dir='ltr' id='par_1_51' title="bbox 583 4877 2155 4958">
     <span class='ocr_line' id='line_1_51' title="bbox 583 4877 2155 4958; baseline 0.017 -33"><span class='ocrx_word' id='word_1_396' title='bbox 583 4884 714 4927; x_wconf 91' lang='lat' dir='ltr'><strong>mat.</strong></span> <span class='ocrx_word' id='word_1_397' title='bbox 746 4877 897 4942; x_wconf 90' lang='lat' dir='ltr'><strong>Quod</strong></span> <span class='ocrx_word' id='word_1_398' title='bbox 923 4879 966 4933; x_wconf 91' lang='lat' dir='ltr'><strong>si</strong></span> <span class='ocrx_word' id='word_1_399' title='bbox 991 4880 1226 4952; x_wconf 90' lang='lat' dir='ltr'><strong>dicatur,</strong></span> <span class='ocrx_word' id='word_1_400' title='bbox 1259 4901 1279 4936; x_wconf 84' lang='grc' dir='ltr'><strong>ι</strong></span> <span class='ocrx_word' id='word_1_401' title='bbox 1319 4885 1434 4940; x_wconf 90' lang='lat' dir='ltr'><strong>Lux</strong></span> <span class='ocrx_word' id='word_1_402' title='bbox 1468 4887 1568 4956; x_wconf 86' lang='lat' dir='ltr'><strong>ipsi</strong></span> <span class='ocrx_word' id='word_1_403' title='bbox 1605 4891 1656 4944; x_wconf 92' lang='lat' dir='ltr'><strong>in</strong></span> <span class='ocrx_word' id='word_1_404' title='bbox 1701 4891 1851 4958; x_wconf 91' lang='lat' dir='ltr'><strong>Sion,</strong></span> <span class='ocrx_word' id='word_1_405' title='bbox 1897 4904 1952 4950; x_wconf 92' lang='lat' dir='ltr'><strong>et</strong></span> <span class='ocrx_word' id='word_1_406' title='bbox 1981 4897 2155 4952; x_wconf 85' lang='lat' dir='ltr'><strong>cliba-</strong></span> 
     </span>
    </p>
   </div>
   <div class='ocr_carea' id='block_1_52' title="bbox 584 4970 2157 5058">
    <p class='ocr_par' dir='ltr' id='par_1_52' title="bbox 584 4970 2157 5058">
     <span class='ocr_line' id='line_1_52' title="bbox 584 4970 2157 5058; baseline 0.017 -39"><span class='ocrx_word' id='word_1_407' title='bbox 584 4982 688 5022; x_wconf 84' lang='lat' dir='ltr'><strong>nus</strong></span> <span class='ocrx_word' id='word_1_408' title='bbox 720 4970 818 5038; x_wconf 84' lang='lat' dir='ltr'><strong>ipsi</strong></span> <span class='ocrx_word' id='word_1_409' title='bbox 854 4971 904 5024; x_wconf 95' lang='lat' dir='ltr'><strong>in</strong></span> <span class='ocrx_word' id='word_1_410' title='bbox 937 4971 1263 5042; x_wconf 87' lang='lat' dir='ltr'><strong>Jerusalem,</strong></span> <span class='ocrx_word' id='word_1_411' title='bbox 1306 4996 1327 5030; x_wconf 76' lang='grc' dir='ltr'><strong>ι</strong></span> <span class='ocrx_word' id='word_1_412' title='bbox 1371 4978 1549 5048; x_wconf 84' lang='lat' dir='ltr'><strong>ignem</strong></span> <span class='ocrx_word' id='word_1_413' title='bbox 1585 4981 1946 5054; x_wconf 88' lang='lat' dir='ltr'><strong>intelligamus</strong></span> <span class='ocrx_word' id='word_1_414' title='bbox 1994 5004 2157 5058; x_wconf 89' lang='lat' dir='ltr'><strong>opor-</strong></span> 
     </span>
    </p>
   </div>
   <div class='ocr_carea' id='block_1_53' title="bbox 586 5069 2149 5150">
    <p class='ocr_par' dir='ltr' id='par_1_53' title="bbox 586 5069 2149 5150">
     <span class='ocr_line' id='line_1_53' title="bbox 586 5069 2149 5150; baseline 0.014 -37"><span class='ocrx_word' id='word_1_415' title='bbox 586 5069 686 5126; x_wconf 90' lang='lat' dir='ltr'><strong>tet,</strong></span> <span class='ocrx_word' id='word_1_416' title='bbox 740 5075 960 5132; x_wconf 86' lang='lat' dir='ltr'><strong>propter</strong></span> <span class='ocrx_word' id='word_1_417' title='bbox 989 5081 1082 5122; x_wconf 90' lang='lat' dir='ltr'><strong>eos</strong></span> <span class='ocrx_word' id='word_1_418' title='bbox 1112 5082 1179 5122; x_wconf 83' lang='lat' dir='ltr'><strong>cx</strong></span> <span class='ocrx_word' id='word_1_419' title='bbox 1211 5078 1376 5136; x_wconf 74' lang='lat' dir='ltr'><strong>C(Bitl,</strong></span> <span class='ocrx_word' id='word_1_420' title='bbox 1412 5073 1501 5141; x_wconf 84' lang='lat' dir='ltr'><strong>qui</strong></span> <span class='ocrx_word' id='word_1_421' title='bbox 1553 5072 1758 5130; x_wconf 83' lang='lat' dir='ltr'><strong>lumine</strong></span> <span class='ocrx_word' id='word_1_422' title='bbox 1789 5087 1913 5132; x_wconf 90' lang='lat' dir='ltr'><strong>sunt</strong></span> <span class='ocrx_word' id='word_1_423' title='bbox 1959 5080 2106 5150; x_wconf 84' lang='lat' dir='ltr'><strong>digni</strong></span> <span class='ocrx_word' id='word_1_424' title='bbox 2133 5099 2149 5148; x_wconf 90' lang='lat'><strong>;</strong></span> 
     </span>
    </p>
   </div>
   <div class='ocr_carea' id='block_1_54' title="bbox 583 5153 2152 5240">
    <p class='ocr_par' dir='ltr' id='par_1_54' title="bbox 583 5153 2152 5240">
     <span class='ocr_line' id='line_1_54' title="bbox 583 5153 2152 5240; baseline 0.014 -34"><span class='ocrx_word' id='word_1_425' title='bbox 583 5153 857 5208; x_wconf 84' lang='lat' dir='ltr'><strong>clibannm</strong></span> <span class='ocrx_word' id='word_1_426' title='bbox 887 5168 1067 5212; x_wconf 87' lang='lat' dir='ltr'><strong>autem</strong></span> <span class='ocrx_word' id='word_1_427' title='bbox 1100 5161 1152 5214; x_wconf 93' lang='lat' dir='ltr'><strong>in</strong></span> <span class='ocrx_word' id='word_1_428' title='bbox 1183 5160 1508 5230; x_wconf 86' lang='lat' dir='ltr'><strong>Jerusalem,</strong></span> <span class='ocrx_word' id='word_1_429' title='bbox 1542 5177 1760 5237; x_wconf 89' lang='lat' dir='ltr'><strong>pr0pter</strong></span> <span class='ocrx_word' id='word_1_430' title='bbox 1786 5184 1878 5224; x_wconf 85' lang='lat' dir='ltr'><strong>eos</strong></span> <span class='ocrx_word' id='word_1_431' title='bbox 1897 5171 1983 5240; x_wconf 87' lang='lat' dir='ltr'><strong>qui</strong></span> <span class='ocrx_word' id='word_1_432' title='bbox 2003 5187 2152 5228; x_wconf 84' lang='lat' dir='ltr'><strong>cont-</strong></span> 
     </span>
    </p>
   </div>
   <div class='ocr_carea' id='block_1_55' title="bbox 583 5247 1693 5328">
    <p class='ocr_par' dir='ltr' id='par_1_55' title="bbox 583 5247 1693 5328">
     <span class='ocr_line' id='line_1_55' title="bbox 583 5247 1693 5328; baseline 0.014 -27"><span class='ocrx_word' id='word_1_433' title='bbox 583 5247 834 5304; x_wconf 85' lang='lat' dir='ltr'><strong>bnslione</strong></span> <span class='ocrx_word' id='word_1_434' title='bbox 865 5262 916 5305; x_wconf 92' lang='lat' dir='ltr'><strong>ct</strong></span> <span class='ocrx_word' id='word_1_435' title='bbox 948 5256 1268 5324; x_wconf 83' lang='lat' dir='ltr'><strong>purgatione</strong></span> <span class='ocrx_word' id='word_1_436' title='bbox 1305 5273 1440 5328; x_wconf 90' lang='lat' dir='ltr'><strong>opus</strong></span> <span class='ocrx_word' id='word_1_437' title='bbox 1473 5259 1693 5316; x_wconf 82' lang='lat' dir='ltr'><strong>habent.</strong></span> 
     </span>
    </p>
   </div>
   <div class='ocr_carea' id='block_1_56' title="bbox 1127 5521 1602 5580">
    <p class='ocr_par' dir='ltr' id='par_1_56' title="bbox 1127 5521 1602 5580">
     <span class='ocr_line' id='line_1_56' title="bbox 1127 5521 1602 5580; baseline 0.006 -3"><span class='ocrx_word' id='word_1_438' title='bbox 1127 5521 1356 5578; x_wconf 77' lang='lat' dir='ltr'><strong>CAPUT</strong></span> <span class='ocrx_word' id='word_1_439' title='bbox 1390 5523 1602 5580; x_wconf 78' lang='lat' dir='ltr'><strong>XXXII.</strong></span> 
     </span>
    </p>
   </div>
   <div class='ocr_carea' id='block_1_57' title="bbox 656 5608 2152 5691">
    <p class='ocr_par' dir='ltr' id='par_1_57' title="bbox 656 5608 2152 5691">
     <span class='ocr_line' id='line_1_57' title="bbox 656 5608 2152 5691; baseline 0.007 -26"><span class='ocrx_word' id='word_1_440' title='bbox 656 5608 820 5668; x_wconf 69' lang='lat' dir='ltr'><strong>Vsus.</strong></span> <span class='ocrx_word' id='word_1_441' title='bbox 864 5611 911 5679; x_wconf 35' lang='grc' dir='ltr'><strong>ἰ,</strong></span> <span class='ocrx_word' id='word_1_442' title='bbox 937 5612 994 5668; x_wconf 83' lang='lat'><strong>2.</strong></span> <span class='ocrx_word' id='word_1_443' title='bbox 1027 5613 1206 5670; x_wconf 65' lang='lat' dir='ltr'><strong>«Ecce</strong></span> <span class='ocrx_word' id='word_1_444' title='bbox 1244 5616 1387 5670; x_wconf 88' lang='lat' dir='ltr'><strong>enim</strong></span> <span class='ocrx_word' id='word_1_445' title='bbox 1423 5633 1513 5672; x_wconf 77' lang='lat' dir='ltr'><strong>rex</strong></span> <span class='ocrx_word' id='word_1_446' title='bbox 1566 5617 1745 5686; x_wconf 84' lang='lat' dir='ltr'><strong>justus</strong></span> <span class='ocrx_word' id='word_1_447' title='bbox 1784 5619 2048 5691; x_wconf 78' lang='lat' dir='ltr'><strong>regnabit,</strong></span> <span class='ocrx_word' id='word_1_448' title='bbox 2099 5629 2152 5676; x_wconf 87' lang='lat' dir='ltr'><strong>ct</strong></span> 
     </span>
    </p>
   </div>
   <div class='ocr_carea' id='block_1_58' title="bbox 658 5809 1711 5884">
    <p class='ocr_par' dir='ltr' id='par_1_58' title="bbox 658 5809 1711 5884">
     <span class='ocr_line' id='line_1_58' title="bbox 658 5809 1711 5884; baseline 0.01 -22"><span class='ocrx_word' id='word_1_449' title='bbox 658 5809 706 5842; x_wconf 74' lang='lat'><strong>”</strong></span> <span class='ocrx_word' id='word_1_450' title='bbox 733 5813 866 5882; x_wconf 67' lang='lat' dir='ltr'><strong>Agg.</strong></span> <span class='ocrx_word' id='word_1_451' title='bbox 904 5827 965 5879; x_wconf 80' lang='grc' dir='ltr'><strong>ιι,</strong></span> <span class='ocrx_word' id='word_1_452' title='bbox 1009 5814 1092 5869; x_wconf 85' lang='lat' dir='ltr'><strong>lt).</strong></span> <span class='ocrx_word' id='word_1_453' title='bbox 1172 5814 1376 5872; x_wconf 73' lang='lat' dir='ltr'><strong>“l’sal.</strong></span> <span class='ocrx_word' id='word_1_454' title='bbox 1412 5817 1711 5884; x_wconf 73' lang='lat' dir='ltr'><strong>Lxxxvt,3.</strong></span> 
     </span>
    </p>
   </div>
   <div class='ocr_carea' id='block_1_59' title="bbox 2269 571 3842 648">
    <p class='ocr_par' dir='ltr' id='par_1_59' title="bbox 2269 571 3842 648">
     <span class='ocr_line' id='line_1_59' title="bbox 2269 571 3842 648; baseline 0.005 -25"><span class='ocrx_word' id='word_1_455' title='bbox 2269 571 2478 624; x_wconf 82' lang='grc' dir='ltr'>ἑαυτῶν</span> <span class='ocrx_word' id='word_1_456' title='bbox 2510 573 2633 641; x_wconf 83' lang='grc' dir='ltr'>γῆν,</span> <span class='ocrx_word' id='word_1_457' title='bbox 2677 571 2946 642; x_wconf 83' lang='grc' dir='ltr'>μαθόντας</span> <span class='ocrx_word' id='word_1_458' title='bbox 2971 573 3130 625; x_wconf 84' lang='grc' dir='ltr'>ὁποῖα</span> <span class='ocrx_word' id='word_1_459' title='bbox 3155 573 3482 643; x_wconf 77' lang='grc' dir='ltr'><strong>ἐπήγγελται</strong></span> <span class='ocrx_word' id='word_1_460' title='bbox 3511 575 3637 647; x_wconf 73' lang='grc' dir='ltr'>περὶ</span> <span class='ocrx_word' id='word_1_461' title='bbox 3668 579 3842 648; x_wconf 81' lang='grc' dir='ltr'>αὐτῆς</span> 
     </span>
    </p>
   </div>
   <div class='ocr_carea' id='block_1_60' title="bbox 2266 664 3843 740">
    <p class='ocr_par' dir='ltr' id='par_1_60' title="bbox 2266 664 3843 740">
     <span class='ocr_line' id='line_1_60' title="bbox 2266 664 3843 740; baseline 0.004 -24"><span class='ocrx_word' id='word_1_462' title='bbox 2266 665 2296 716; x_wconf 94' lang='lat'><strong>6</strong></span> <span class='ocrx_word' id='word_1_463' title='bbox 2337 664 2490 727; x_wconf 88' lang='grc' dir='ltr'>Θεός.</span> <span class='ocrx_word' id='word_1_464' title='bbox 2525 665 2634 716; x_wconf 72' lang='grc' dir='ltr'><strong>Καὶ</strong></span> <span class='ocrx_word' id='word_1_465' title='bbox 2663 664 2818 717; x_wconf 88' lang='grc' dir='ltr'>τοῦτο</span> <span class='ocrx_word' id='word_1_466' title='bbox 2861 665 2917 718; x_wconf 87' lang='grc' dir='ltr'><strong>δέ</strong></span> <span class='ocrx_word' id='word_1_467' title='bbox 2965 666 3290 736; x_wconf 78' lang='grc' dir='ltr'>παρίστησιν</span> <span class='ocrx_word' id='word_1_468' title='bbox 3330 668 3364 736; x_wconf 80' lang='grc' dir='ltr'><strong>ἡ</strong></span> <span class='ocrx_word' id='word_1_469' title='bbox 3415 668 3652 736; x_wconf 81' lang='grc' dir='ltr'><strong>ἱστορία·</strong></span> <span class='ocrx_word' id='word_1_470' title='bbox 3702 671 3843 740; x_wconf 85' lang='grc' dir='ltr'><strong>μετά</strong></span> 
     </span>
    </p>
   </div>
   <div class='ocr_carea' id='block_1_61' title="bbox 2267 753 3830 826">
    <p class='ocr_par' dir='ltr' id='par_1_61' title="bbox 2267 753 3830 826">
     <span class='ocr_line' id='line_1_61' title="bbox 2267 753 3830 826; baseline 0.004 -20"><span class='ocrx_word' id='word_1_471' title='bbox 2267 753 2375 826; x_wconf 84' lang='grc' dir='ltr'>γὰρ</span> <span class='ocrx_word' id='word_1_472' title='bbox 2403 755 2464 807; x_wconf 81' lang='grc' dir='ltr'>τὸ</span> <span class='ocrx_word' id='word_1_473' title='bbox 2489 754 2804 808; x_wconf 82' lang='grc' dir='ltr'>ἐπανελθεῖν</span> <span class='ocrx_word' id='word_1_474' title='bbox 2837 756 3033 819; x_wconf 79' lang='grc' dir='ltr'>αὐτοὺς</span> <span class='ocrx_word' id='word_1_475' title='bbox 3070 757 3178 811; x_wconf 83' lang='grc' dir='ltr'>ἀπὸ</span> <span class='ocrx_word' id='word_1_476' title='bbox 3222 756 3557 820; x_wconf 88' lang='grc' dir='ltr'>Βαϐυλῶνος,</span> <span class='ocrx_word' id='word_1_477' title='bbox 3616 759 3710 811; x_wconf 78' lang='grc' dir='ltr'>καὶ</span> <span class='ocrx_word' id='word_1_478' title='bbox 3753 760 3830 812; x_wconf 79' lang='grc' dir='ltr'><strong>ἀν</strong></span> 
     </span>
    </p>
   </div>
   <div class='ocr_carea' id='block_1_62' title="bbox 2267 845 3843 919">
    <p class='ocr_par' dir='ltr' id='par_1_62' title="bbox 2267 845 3843 919">
     <span class='ocr_line' id='line_1_62' title="bbox 2267 845 3843 919; baseline 0.003 -21"><span class='ocrx_word' id='word_1_479' title='bbox 2267 848 2478 916; x_wconf 86' lang='grc' dir='ltr'>εγεῖραι</span> <span class='ocrx_word' id='word_1_480' title='bbox 2523 845 2772 918; x_wconf 88' lang='grc' dir='ltr'>δεύτερον</span> <span class='ocrx_word' id='word_1_481' title='bbox 2819 847 2910 900; x_wconf 59' lang='grc' dir='ltr'><strong>τόν</strong></span> <span class='ocrx_word' id='word_1_482' title='bbox 2949 848 3430 919; x_wconf 41' lang='grc' dir='ltr'>ἐνςιεροσολύμοις</span> <span class='ocrx_word' id='word_1_483' title='bbox 3471 849 3617 913; x_wconf 82' lang='grc' dir='ltr'>ναὸν,</span> <span class='ocrx_word' id='word_1_484' title='bbox 3658 851 3843 903; x_wconf 81' lang='grc' dir='ltr'>οὐκέτι</span> 
     </span>
    </p>
   </div>
   <div class='ocr_carea' id='block_1_63' title="bbox 2267 937 3189 1012">
    <p class='ocr_par' dir='ltr' id='par_1_63' title="bbox 2267 937 3189 1012">
     <span class='ocr_line' id='line_1_63' title="bbox 2267 937 3189 1012; baseline 0.004 -21"><span class='ocrx_word' id='word_1_485' title='bbox 2267 939 2549 1007; x_wconf 77' lang='grc' dir='ltr'>φαίνονται</span> <span class='ocrx_word' id='word_1_486' title='bbox 2576 937 2814 1004; x_wconf 80' lang='grc' dir='ltr'><strong>εἰδώλοις</strong></span> <span class='ocrx_word' id='word_1_487' title='bbox 2841 941 3189 1012; x_wconf 81' lang='grc' dir='ltr'>χρησάμενοι.</span> 
     </span>
    </p>
   </div>
   <div class='ocr_carea' id='block_1_64' title="bbox 2343 1029 3844 1102">
    <p class='ocr_par' dir='ltr' id='par_1_64' title="bbox 2343 1029 3844 1102">
     <span class='ocr_line' id='line_1_64' title="bbox 2343 1029 3844 1102; baseline 0.003 -22"><span class='ocrx_word' id='word_1_488' title='bbox 2343 1046 2362 1080; x_wconf 80' lang='grc' dir='ltr'><strong>ι</strong></span> <span class='ocrx_word' id='word_1_489' title='bbox 2396 1029 2504 1080; x_wconf 75' lang='grc' dir='ltr'><strong>Καὶ</strong></span> <span class='ocrx_word' id='word_1_490' title='bbox 2535 1031 2778 1082; x_wconf 83' lang='grc' dir='ltr'>πεσεῖται</span> <span class='ocrx_word' id='word_1_491' title='bbox 2830 1029 3060 1099; x_wconf 79' lang='grc' dir='ltr'>Ἀσσοὺρ</span> <span class='ocrx_word' id='word_1_492' title='bbox 3088 1030 3148 1082; x_wconf 84' lang='grc' dir='ltr'><strong>ού</strong></span> <span class='ocrx_word' id='word_1_493' title='bbox 3187 1031 3432 1102; x_wconf 69' lang='grc' dir='ltr'>μαχαίρᾳ</span> <span class='ocrx_word' id='word_1_494' title='bbox 3474 1029 3684 1101; x_wconf 76' lang='grc' dir='ltr'>ἀνδρὸς,</span> <span class='ocrx_word' id='word_1_495' title='bbox 3718 1031 3844 1085; x_wconf 80' lang='grc' dir='ltr'>οὐδὲ</span> 
     </span>
    </p>
   </div>
   <div class='ocr_carea' id='block_1_65' title="bbox 2270 1121 3846 1193">
    <p class='ocr_par' dir='ltr' id='par_1_65' title="bbox 2270 1121 3846 1193">
     <span class='ocr_line' id='line_1_65' title="bbox 2270 1121 3846 1193; baseline 0.003 -19"><span class='ocrx_word' id='word_1_496' title='bbox 2270 1121 2513 1193; x_wconf 78' lang='grc' dir='ltr'>μάχαιρα</span> <span class='ocrx_word' id='word_1_497' title='bbox 2536 1121 2821 1192; x_wconf 85' lang='grc' dir='ltr'>ἀνθρώπου</span> <span class='ocrx_word' id='word_1_498' title='bbox 2852 1123 3226 1192; x_wconf 76' lang='grc' dir='ltr'>καταφάγεταί</span> <span class='ocrx_word' id='word_1_499' title='bbox 3254 1124 3434 1186; x_wconf 77' lang='grc' dir='ltr'>αὐτὸν,</span> <span class='ocrx_word' id='word_1_500' title='bbox 3467 1125 3560 1177; x_wconf 74' lang='grc' dir='ltr'>καὶ</span> <span class='ocrx_word' id='word_1_501' title='bbox 3587 1124 3846 1193; x_wconf 80' lang='grc' dir='ltr'>φεύξεται</span> 
     </span>
    </p>
   </div>
   <div class='ocr_carea' id='block_1_66' title="bbox 2267 1209 3846 1283">
    <p class='ocr_par' dir='ltr' id='par_1_66' title="bbox 2267 1209 3846 1283">
     <span class='ocr_line' id='line_1_66' title="bbox 2267 1209 3846 1283; baseline 0.003 -21"><span class='ocrx_word' id='word_1_502' title='bbox 2267 1211 2365 1263; x_wconf 81' lang='grc' dir='ltr'>οὐκ</span> <span class='ocrx_word' id='word_1_503' title='bbox 2401 1209 2510 1262; x_wconf 82' lang='grc' dir='ltr'>ἀπὸ</span> <span class='ocrx_word' id='word_1_504' title='bbox 2542 1209 2832 1282; x_wconf 83' lang='grc' dir='ltr'>προσώπου</span> <span class='ocrx_word' id='word_1_505' title='bbox 2881 1213 3178 1283; x_wconf 75' lang='grc' dir='ltr'>μαχαίραςο</span> <span class='ocrx_word' id='word_1_506' title='bbox 3214 1213 3264 1265; x_wconf 87' lang='grc' dir='ltr'><strong>οἰ</strong></span> <span class='ocrx_word' id='word_1_507' title='bbox 3303 1212 3360 1265; x_wconf 79' lang='grc' dir='ltr'>δὲ</span> <span class='ocrx_word' id='word_1_508' title='bbox 3394 1214 3662 1265; x_wconf 70' lang='grc' dir='ltr'>νεανίσκοι</span> <span class='ocrx_word' id='word_1_509' title='bbox 3700 1213 3846 1267; x_wconf 75' lang='grc' dir='ltr'>ἔσον-</span> 
     </span>
    </p>
   </div>
   <div class='ocr_carea' id='block_1_67' title="bbox 2266 1301 3846 1377">
    <p class='ocr_par' dir='ltr' id='par_1_67' title="bbox 2266 1301 3846 1377">
     <span class='ocr_line' id='line_1_67' title="bbox 2266 1301 3846 1377; baseline 0.004 -25"><span class='ocrx_word' id='word_1_510' title='bbox 2266 1318 2354 1353; x_wconf 84' lang='grc' dir='ltr'><strong>ται</strong></span> <span class='ocrx_word' id='word_1_511' title='bbox 2397 1301 2476 1364; x_wconf 90' lang='grc' dir='ltr'><strong>εἰς</strong></span> <span class='ocrx_word' id='word_1_512' title='bbox 2523 1301 2762 1372; x_wconf 76' lang='grc' dir='ltr'>ἥττημα.</span> <span class='ocrx_word' id='word_1_513' title='bbox 2811 1323 2828 1355; x_wconf 79' lang='grc' dir='ltr'><strong>ι</strong></span> <span class='ocrx_word' id='word_1_514' title='bbox 2881 1303 3141 1374; x_wconf 88' lang='grc' dir='ltr'>Σημαίνει</span> <span class='ocrx_word' id='word_1_515' title='bbox 3176 1303 3232 1356; x_wconf 84' lang='grc' dir='ltr'>δὲ</span> <span class='ocrx_word' id='word_1_516' title='bbox 3270 1303 3366 1375; x_wconf 81' lang='grc' dir='ltr'>τὴν</span> <span class='ocrx_word' id='word_1_517' title='bbox 3400 1303 3709 1376; x_wconf 82' lang='grc' dir='ltr'>καθαίρεσιν</span> <span class='ocrx_word' id='word_1_518' title='bbox 3742 1307 3846 1377; x_wconf 82' lang='grc' dir='ltr'>τῆς</span> 
     </span>
    </p>
   </div>
   <div class='ocr_carea' id='block_1_68' title="bbox 2265 1392 3842 1464">
    <p class='ocr_par' dir='ltr' id='par_1_68' title="bbox 2265 1392 3842 1464">
     <span class='ocr_line' id='line_1_68' title="bbox 2265 1392 3842 1464; baseline 0.003 -20"><span class='ocrx_word' id='word_1_519' title='bbox 2265 1392 2372 1445; x_wconf 90' lang='grc' dir='ltr'><strong>τῶν</strong></span> <span class='ocrx_word' id='word_1_520' title='bbox 2396 1392 2798 1464; x_wconf 84' lang='grc' dir='ltr'>εἰδωλολατρῶν</span> <span class='ocrx_word' id='word_1_521' title='bbox 2829 1393 3126 1464; x_wconf 82' lang='grc' dir='ltr'>βασιλείας,</span> <span class='ocrx_word' id='word_1_522' title='bbox 3153 1395 3248 1447; x_wconf 63' lang='grc' dir='ltr'><strong>κα)⁸</strong></span> <span class='ocrx_word' id='word_1_523' title='bbox 3276 1394 3373 1464; x_wconf 82' lang='grc' dir='ltr'>τὴν</span> <span class='ocrx_word' id='word_1_524' title='bbox 3401 1395 3608 1449; x_wconf 84' lang='grc' dir='ltr'>πτῶσιν</span> <span class='ocrx_word' id='word_1_525' title='bbox 3642 1397 3842 1463; x_wconf 80' lang='grc' dir='ltr'>αὐτῶν,</span> 
     </span>
    </p>
   </div>
   <div class='ocr_carea' id='block_1_69' title="bbox 2265 1481 3847 1558">
    <p class='ocr_par' dir='ltr' id='par_1_69' title="bbox 2265 1481 3847 1558">
     <span class='ocr_line' id='line_1_69' title="bbox 2265 1481 3847 1558; baseline 0.002 -22"><span class='ocrx_word' id='word_1_526' title='bbox 2265 1481 2456 1556; x_wconf 82' lang='grc' dir='ltr'>ὥσπερ</span> <span class='ocrx_word' id='word_1_527' title='bbox 2489 1486 2581 1554; x_wconf 81' lang='grc' dir='ltr'>ἀφ’</span> <span class='ocrx_word' id='word_1_528' title='bbox 2611 1484 2777 1554; x_wconf 78' lang='grc' dir='ltr'>ὕψους</span> <span class='ocrx_word' id='word_1_529' title='bbox 2808 1485 2900 1538; x_wconf 92' lang='grc' dir='ltr'><strong>τοῦ</strong></span> <span class='ocrx_word' id='word_1_530' title='bbox 2930 1486 3196 1556; x_wconf 83' lang='grc' dir='ltr'>προτέρου</span> <span class='ocrx_word' id='word_1_531' title='bbox 3230 1485 3504 1556; x_wconf 81' lang='grc' dir='ltr'>βασιλικοῦ</span> <span class='ocrx_word' id='word_1_532' title='bbox 3538 1486 3847 1558; x_wconf 78' lang='grc' dir='ltr'>ἀξιώματος</span> 
     </span>
    </p>
   </div>
   <div class='ocr_carea' id='block_1_70' title="bbox 2267 1577 3845 1650">
    <p class='ocr_par' dir='ltr' id='par_1_70' title="bbox 2267 1577 3845 1650">
     <span class='ocr_line' id='line_1_70' title="bbox 2267 1577 3845 1650; baseline 0 -18"><span class='ocrx_word' id='word_1_533' title='bbox 2267 1579 2360 1632; x_wconf 76' lang='grc' dir='ltr'>ἐπὶ</span> <span class='ocrx_word' id='word_1_534' title='bbox 2399 1578 2460 1631; x_wconf 85' lang='grc' dir='ltr'>τὸ</span> <span class='ocrx_word' id='word_1_535' title='bbox 2495 1577 2749 1631; x_wconf 72' lang='grc' dir='ltr'>ταπεινὸν</span> <span class='ocrx_word' id='word_1_536' title='bbox 2776 1579 3077 1650; x_wconf 75' lang='grc' dir='ltr'>φερομένου</span> <span class='ocrx_word' id='word_1_537' title='bbox 3099 1595 3111 1608; x_wconf 89' lang='grc'><strong>·</strong></span> <span class='ocrx_word' id='word_1_538' title='bbox 3145 1579 3237 1632; x_wconf 81' lang='grc' dir='ltr'>καὶ</span> <span class='ocrx_word' id='word_1_539' title='bbox 3271 1577 3427 1632; x_wconf 83' lang='grc' dir='ltr'>τοῦτο</span> <span class='ocrx_word' id='word_1_540' title='bbox 3453 1579 3651 1642; x_wconf 77' lang='grc' dir='ltr'>αὐτοῖς,</span> <span class='ocrx_word' id='word_1_541' title='bbox 3683 1582 3845 1649; x_wconf 72' lang='grc' dir='ltr'>φησι,</span> 
     </span>
    </p>
   </div>
   <div class='ocr_carea' id='block_1_71' title="bbox 2269 1668 3848 1742">
    <p class='ocr_par' dir='ltr' id='par_1_71' title="bbox 2269 1668 3848 1742">
     <span class='ocr_line' id='line_1_71' title="bbox 2269 1668 3848 1742; baseline 0.002 -21"><span class='ocrx_word' id='word_1_542' title='bbox 2269 1669 2606 1740; x_wconf 83' lang='grc' dir='ltr'>συμϐήσεται</span> <span class='ocrx_word' id='word_1_543' title='bbox 2639 1670 2740 1723; x_wconf 79' lang='grc' dir='ltr'>οὐκ</span> <span class='ocrx_word' id='word_1_544' title='bbox 2770 1668 2830 1733; x_wconf 81' lang='grc' dir='ltr'>ἐξ</span> <span class='ocrx_word' id='word_1_545' title='bbox 2870 1669 3220 1742; x_wconf 81' lang='grc' dir='ltr'>ἀνθρωπίνης</span> <span class='ocrx_word' id='word_1_546' title='bbox 3267 1669 3478 1738; x_wconf 83' lang='grc' dir='ltr'>ἐφόδου,</span> <span class='ocrx_word' id='word_1_547' title='bbox 3505 1670 3617 1723; x_wconf 82' lang='grc' dir='ltr'>ἀλλ’</span> <span class='ocrx_word' id='word_1_548' title='bbox 3647 1674 3711 1724; x_wconf 87' lang='grc' dir='ltr'><strong>ἐκ</strong></span> <span class='ocrx_word' id='word_1_549' title='bbox 3743 1672 3848 1741; x_wconf 82' lang='grc' dir='ltr'>τῆς</span> 
     </span>
    </p>
   </div>
   <div class='ocr_carea' id='block_1_72' title="bbox 2265 1760 3850 1834">
    <p class='ocr_par' dir='ltr' id='par_1_72' title="bbox 2265 1760 3850 1834">
     <span class='ocr_line' id='line_1_72' title="bbox 2265 1760 3850 1834; baseline 0.004 -22"><span class='ocrx_word' id='word_1_550' title='bbox 2265 1760 2359 1813; x_wconf 88' lang='grc' dir='ltr'><strong>τοῦ</strong></span> <span class='ocrx_word' id='word_1_551' title='bbox 2397 1760 2531 1813; x_wconf 84' lang='grc' dir='ltr'>Θεοῦ</span> <span class='ocrx_word' id='word_1_552' title='bbox 2570 1763 2688 1814; x_wconf 84' lang='grc' dir='ltr'>κατ’</span> <span class='ocrx_word' id='word_1_553' title='bbox 2715 1761 2895 1815; x_wconf 83' lang='grc' dir='ltr'>αὐτῶν</span> <span class='ocrx_word' id='word_1_554' title='bbox 2939 1761 3128 1833; x_wconf 81' lang='grc' dir='ltr'>ὀργῆς.</span> <span class='ocrx_word' id='word_1_555' title='bbox 3161 1763 3222 1815; x_wconf 85' lang='grc' dir='ltr'><strong>Εἰ</strong></span> <span class='ocrx_word' id='word_1_556' title='bbox 3249 1763 3358 1834; x_wconf 84' lang='grc' dir='ltr'>γὰρ</span> <span class='ocrx_word' id='word_1_557' title='bbox 3386 1764 3482 1827; x_wconf 73' lang='grc' dir='ltr'><strong>καὶ</strong></span> <span class='ocrx_word' id='word_1_558' title='bbox 3510 1764 3580 1816; x_wconf 75' lang='grc' dir='ltr'>τὰ</span> <span class='ocrx_word' id='word_1_559' title='bbox 3609 1764 3850 1834; x_wconf 84' lang='grc' dir='ltr'>μάλιστα</span> 
     </span>
    </p>
   </div>
   <div class='ocr_carea' id='block_1_73' title="bbox 2267 1853 3848 1928">
    <p class='ocr_par' dir='ltr' id='par_1_73' title="bbox 2267 1853 3848 1928">
     <span class='ocr_line' id='line_1_73' title="bbox 2267 1853 3848 1928; baseline 0.003 -23"><span class='ocrx_word' id='word_1_560' title='bbox 2267 1853 2483 1906; x_wconf 79' lang='grc' dir='ltr'>ἐδόκουν</span> <span class='ocrx_word' id='word_1_561' title='bbox 2528 1853 2803 1926; x_wconf 79' lang='grc' dir='ltr'>ἄνθρωποι</span> <span class='ocrx_word' id='word_1_562' title='bbox 2843 1855 3114 1926; x_wconf 84' lang='grc' dir='ltr'>ὑπηρέται</span> <span class='ocrx_word' id='word_1_563' title='bbox 3147 1856 3427 1924; x_wconf 90' lang='grc' dir='ltr'>γεγονέναι</span> <span class='ocrx_word' id='word_1_564' title='bbox 3462 1859 3558 1927; x_wconf 81' lang='grc' dir='ltr'>τῆς</span> <span class='ocrx_word' id='word_1_565' title='bbox 3585 1857 3848 1928; x_wconf 72' lang='grc' dir='ltr'>καθαιρέ-</span> 
     </span>
    </p>
   </div>
   <div class='ocr_carea' id='block_1_74' title="bbox 2268 1943 3851 2019">
    <p class='ocr_par' dir='ltr' id='par_1_74' title="bbox 2268 1943 3851 2019">
     <span class='ocr_line' id='line_1_74' title="bbox 2268 1943 3851 2019; baseline 0.004 -23"><span class='ocrx_word' id='word_1_566' title='bbox 2268 1961 2403 2008; x_wconf 84' lang='grc' dir='ltr'>σεως</span> <span class='ocrx_word' id='word_1_567' title='bbox 2425 1945 2627 2009; x_wconf 80' lang='grc' dir='ltr'>αὐτῶν,</span> <span class='ocrx_word' id='word_1_568' title='bbox 2651 1946 2764 2000; x_wconf 82' lang='grc' dir='ltr'>ἀλλ’</span> <span class='ocrx_word' id='word_1_569' title='bbox 2791 1946 2951 2010; x_wconf 80' lang='grc' dir='ltr'>αὐτὸς</span> <span class='ocrx_word' id='word_1_570' title='bbox 2975 1943 3042 2018; x_wconf 80' lang='grc' dir='ltr'>ἦν</span> <span class='ocrx_word' id='word_1_571' title='bbox 3066 1949 3096 2001; x_wconf 97' lang='lat'><strong>6</strong></span> <span class='ocrx_word' id='word_1_572' title='bbox 3125 1947 3276 2012; x_wconf 85' lang='grc' dir='ltr'>Θεὸς,</span> <span class='ocrx_word' id='word_1_573' title='bbox 3304 1947 3332 1999; x_wconf 89' lang='grc' dir='ltr'><strong>ό</strong></span> <span class='ocrx_word' id='word_1_574' title='bbox 3361 1947 3454 2001; x_wconf 80' lang='grc' dir='ltr'><strong>διὰ</strong></span> <span class='ocrx_word' id='word_1_575' title='bbox 3495 1948 3602 2002; x_wconf 84' lang='grc' dir='ltr'><strong>τῶν</strong></span> <span class='ocrx_word' id='word_1_576' title='bbox 3641 1949 3851 2019; x_wconf 83' lang='grc' dir='ltr'>ἀνθρώ-</span> 
     </span>
    </p>
   </div>
   <div class='ocr_carea' id='block_1_75' title="bbox 2266 2037 2941 2108">
    <p class='ocr_par' dir='ltr' id='par_1_75' title="bbox 2266 2037 2941 2108">
     <span class='ocr_line' id='line_1_75' title="bbox 2266 2037 2941 2108; baseline 0.004 -19"><span class='ocrx_word' id='word_1_577' title='bbox 2266 2054 2384 2090; x_wconf 87' lang='grc' dir='ltr'>πων</span> <span class='ocrx_word' id='word_1_578' title='bbox 2412 2037 2696 2108; x_wconf 88' lang='grc' dir='ltr'>καθαιρῶν</span> <span class='ocrx_word' id='word_1_579' title='bbox 2723 2038 2941 2102; x_wconf 80' lang='grc' dir='ltr'>αὐτούς.</span> 
     </span>
    </p>
   </div>
   <div class='ocr_carea' id='block_1_76' title="bbox 2341 2129 3848 2206">
    <p class='ocr_par' dir='ltr' id='par_1_76' title="bbox 2341 2129 3848 2206">
     <span class='ocr_line' id='line_1_76' title="bbox 2341 2129 3848 2206; baseline 0.005 -25"><span class='ocrx_word' id='word_1_580' title='bbox 2341 2147 2358 2180; x_wconf 84' lang='grc' dir='ltr'><strong>ι</strong></span> <span class='ocrx_word' id='word_1_581' title='bbox 2421 2130 2604 2201; x_wconf 78' lang='grc' dir='ltr'>Πέτρᾳ</span> <span class='ocrx_word' id='word_1_582' title='bbox 2645 2129 2754 2201; x_wconf 77' lang='grc' dir='ltr'><strong>γάρ</strong></span> <span class='ocrx_word' id='word_1_583' title='bbox 2804 2130 3297 2203; x_wconf 79' lang='grc' dir='ltr'>περιληφοήσονται</span> <span class='ocrx_word' id='word_1_584' title='bbox 3341 2132 3417 2196; x_wconf 78' lang='grc' dir='ltr'><strong>ὡς</strong></span> <span class='ocrx_word' id='word_1_585' title='bbox 3462 2134 3695 2206; x_wconf 82' lang='grc' dir='ltr'>χάρακι,</span> <span class='ocrx_word' id='word_1_586' title='bbox 3746 2135 3848 2189; x_wconf 72' lang='grc' dir='ltr'>καὶ</span> 
     </span>
    </p>
   </div>
   <div class='ocr_carea' id='block_1_77' title="bbox 2255 2221 3853 2297">
    <p class='ocr_par' dir='ltr' id='par_1_77' title="bbox 2255 2221 3853 2297">
     <span class='ocr_line' id='line_1_77' title="bbox 2255 2221 3853 2297; baseline 0.008 -27"><span class='ocrx_word' id='word_1_587' title='bbox 2255 2221 2681 2292; x_wconf 68' lang='grc' dir='ltr'>ἡττηθήσονται.</span> <span class='ocrx_word' id='word_1_588' title='bbox 2743 2241 2760 2273; x_wconf 76' lang='grc' dir='ltr'><strong>ι</strong></span> <span class='ocrx_word' id='word_1_589' title='bbox 2821 2222 3034 2293; x_wconf 84' lang='grc' dir='ltr'>Πέτραν</span> <span class='ocrx_word' id='word_1_590' title='bbox 3091 2222 3240 2291; x_wconf 85' lang='grc' dir='ltr'>λέγει</span> <span class='ocrx_word' id='word_1_591' title='bbox 3287 2223 3382 2276; x_wconf 86' lang='grc' dir='ltr'><strong>τοῦ</strong></span> <span class='ocrx_word' id='word_1_592' title='bbox 3446 2226 3726 2297; x_wconf 77' lang='grc' dir='ltr'>Ἀσσυρίου</span> <span class='ocrx_word' id='word_1_593' title='bbox 3779 2227 3853 2282; x_wconf 69' lang='grc' dir='ltr'><strong>τὸ</strong></span> 
     </span>
    </p>
   </div>
   <div class='ocr_carea' id='block_1_78' title="bbox 2264 2312 3848 2388">
    <p class='ocr_par' dir='ltr' id='par_1_78' title="bbox 2264 2312 3848 2388">
     <span class='ocr_line' id='line_1_78' title="bbox 2264 2312 3848 2388; baseline 0.006 -25"><span class='ocrx_word' id='word_1_594' title='bbox 2264 2312 2430 2365; x_wconf 85' lang='grc' dir='ltr'>πάλαι</span> <span class='ocrx_word' id='word_1_595' title='bbox 2464 2315 2687 2386; x_wconf 74' lang='grc' dir='ltr'>στερρὸν</span> <span class='ocrx_word' id='word_1_596' title='bbox 2708 2315 2803 2367; x_wconf 75' lang='grc' dir='ltr'>καὶ</span> <span class='ocrx_word' id='word_1_597' title='bbox 2828 2315 3044 2385; x_wconf 83' lang='grc' dir='ltr'>βέϐαιον</span> <span class='ocrx_word' id='word_1_598' title='bbox 3069 2313 3162 2368; x_wconf 73' lang='grc' dir='ltr'><strong>καὶ</strong></span> <span class='ocrx_word' id='word_1_599' title='bbox 3188 2316 3406 2387; x_wconf 77' lang='grc' dir='ltr'>ἰσχυρὸν</span> <span class='ocrx_word' id='word_1_600' title='bbox 3433 2317 3533 2388; x_wconf 83' lang='grc' dir='ltr'><strong>τῆς</strong></span> <span class='ocrx_word' id='word_1_601' title='bbox 3564 2318 3848 2388; x_wconf 78' lang='grc' dir='ltr'>βασιλείας</span> 
     </span>
    </p>
   </div>
   <div class='ocr_carea' id='block_1_79' title="bbox 2264 2399 3847 2478">
    <p class='ocr_par' dir='ltr' id='par_1_79' title="bbox 2264 2399 3847 2478">
     <span class='ocr_line' id='line_1_79' title="bbox 2264 2399 3847 2478; baseline 0.008 -26"><span class='ocrx_word' id='word_1_602' title='bbox 2264 2399 2425 2454; x_wconf 76' lang='grc' dir='ltr'>αὑτοῦ</span> <span class='ocrx_word' id='word_1_603' title='bbox 2455 2441 2470 2465; x_wconf 92' lang='grc'><strong>,</strong></span> <span class='ocrx_word' id='word_1_604' title='bbox 2529 2402 2665 2474; x_wconf 86' lang='grc' dir='ltr'>ὅπερ</span> <span class='ocrx_word' id='word_1_605' title='bbox 2731 2403 3158 2477; x_wconf 77' lang='grc' dir='ltr'>παρελεύσεσθαι</span> <span class='ocrx_word' id='word_1_606' title='bbox 3207 2423 3371 2476; x_wconf 85' lang='grc' dir='ltr'>φησιν</span> <span class='ocrx_word' id='word_1_607' title='bbox 3428 2409 3458 2461; x_wconf 93' lang='lat'><strong>6</strong></span> <span class='ocrx_word' id='word_1_608' title='bbox 3504 2408 3678 2478; x_wconf 85' lang='grc' dir='ltr'>λόγος.</span> <span class='ocrx_word' id='word_1_609' title='bbox 3719 2431 3738 2462; x_wconf 83' lang='grc' dir='ltr'><strong>ι</strong></span> <span class='ocrx_word' id='word_1_610' title='bbox 3785 2413 3847 2465; x_wconf 76' lang='grc' dir='ltr'>’Θ</span> 
     </span>
    </p>
   </div>
   <div class='ocr_carea' id='block_1_80' title="bbox 2263 2491 3846 2572">
    <p class='ocr_par' dir='ltr' id='par_1_80' title="bbox 2263 2491 3846 2572">
     <span class='ocr_line' id='line_1_80' title="bbox 2263 2491 3846 2572; baseline 0.009 -28"><span class='ocrx_word' id='word_1_611' title='bbox 2263 2491 2320 2544; x_wconf 85' lang='grc' dir='ltr'>δὲ</span> <span class='ocrx_word' id='word_1_612' title='bbox 2379 2492 2594 2562; x_wconf 79' lang='grc' dir='ltr'>φεύγων</span> <span class='ocrx_word' id='word_1_613' title='bbox 2657 2494 2947 2552; x_wconf 81' lang='grc' dir='ltr'>ἁλώσεται.</span> <span class='ocrx_word' id='word_1_614' title='bbox 3014 2496 3151 2550; x_wconf 85' lang='grc' dir='ltr'>Τάδε</span> <span class='ocrx_word' id='word_1_615' title='bbox 3229 2497 3374 2567; x_wconf 83' lang='grc' dir='ltr'>λέγει</span> <span class='ocrx_word' id='word_1_616' title='bbox 3429 2499 3631 2572; x_wconf 82' lang='grc' dir='ltr'>Κύριος</span> <span class='ocrx_word' id='word_1_617' title='bbox 3661 2520 3675 2534; x_wconf 75' lang='grc' dir='ltr'><strong><em>ο</em></strong></span> <span class='ocrx_word' id='word_1_618' title='bbox 3729 2504 3846 2558; x_wconf 81' lang='grc' dir='ltr'><strong>Μα-</strong></span> 
     </span>
    </p>
   </div>
   <div class='ocr_carea' id='block_1_81' title="bbox 2263 2583 3847 2661">
    <p class='ocr_par' dir='ltr' id='par_1_81' title="bbox 2263 2583 3847 2661">
     <span class='ocr_line' id='line_1_81' title="bbox 2263 2583 3847 2661; baseline 0.007 -25"><span class='ocrx_word' id='word_1_619' title='bbox 2263 2583 2453 2656; x_wconf 89' lang='grc' dir='ltr'>κάριος</span> <span class='ocrx_word' id='word_1_620' title='bbox 2499 2585 2558 2650; x_wconf 83' lang='grc' dir='ltr'>ὃς</span> <span class='ocrx_word' id='word_1_621' title='bbox 2605 2585 2717 2656; x_wconf 76' lang='grc' dir='ltr'>ἔχει</span> <span class='ocrx_word' id='word_1_622' title='bbox 2767 2588 2825 2640; x_wconf 93' lang='grc' dir='ltr'><strong>ἐν</strong></span> <span class='ocrx_word' id='word_1_623' title='bbox 2878 2585 3016 2641; x_wconf 85' lang='grc' dir='ltr'>Σιὼν</span> <span class='ocrx_word' id='word_1_624' title='bbox 3066 2588 3307 2661; x_wconf 86' lang='grc' dir='ltr'>σπέρμα,</span> <span class='ocrx_word' id='word_1_625' title='bbox 3364 2592 3459 2644; x_wconf 79' lang='grc' dir='ltr'>καὶ</span> <span class='ocrx_word' id='word_1_626' title='bbox 3502 2592 3734 2657; x_wconf 89' lang='grc' dir='ltr'>οἰκείους</span> <span class='ocrx_word' id='word_1_627' title='bbox 3785 2594 3847 2646; x_wconf 83' lang='grc' dir='ltr'><strong>ἐν</strong></span> 
     </span>
    </p>
   </div>
   <div class='ocr_carea' id='block_1_82' title="bbox 2275 2675 3848 2754">
    <p class='ocr_par' dir='ltr' id='par_1_82' title="bbox 2275 2675 3848 2754">
     <span class='ocr_line' id='line_1_82' title="bbox 2275 2675 3848 2754; baseline 0.008 -27"><span class='ocrx_word' id='word_1_628' title='bbox 2275 2675 2649 2748; x_wconf 84' lang='grc' dir='ltr'>Ἰερουσαλήμ.</span> <span class='ocrx_word' id='word_1_629' title='bbox 2707 2696 2725 2729; x_wconf 75' lang='grc' dir='ltr'><strong>ι</strong></span> <span class='ocrx_word' id='word_1_630' title='bbox 2772 2678 2882 2732; x_wconf 75' lang='grc' dir='ltr'><strong>Καὶ</strong></span> <span class='ocrx_word' id='word_1_631' title='bbox 2921 2678 3008 2732; x_wconf 83' lang='grc' dir='ltr'><strong>διά</strong></span> <span class='ocrx_word' id='word_1_632' title='bbox 3040 2679 3230 2734; x_wconf 88' lang='grc' dir='ltr'>τούτου</span> <span class='ocrx_word' id='word_1_633' title='bbox 3267 2682 3564 2754; x_wconf 87' lang='grc' dir='ltr'>προτρέπει</span> <span class='ocrx_word' id='word_1_634' title='bbox 3591 2685 3718 2750; x_wconf 83' lang='grc' dir='ltr'>τοὺς</span> <span class='ocrx_word' id='word_1_635' title='bbox 3763 2689 3848 2750; x_wconf 82' lang='grc' dir='ltr'><strong>εἰς</strong></span> 
     </span>
    </p>
   </div>
   <div class='ocr_carea' id='block_1_83' title="bbox 2261 2765 3844 2843">
    <p class='ocr_par' dir='ltr' id='par_1_83' title="bbox 2261 2765 3844 2843">
     <span class='ocr_line' id='line_1_83' title="bbox 2261 2765 3844 2843; baseline 0.006 -23"><span class='ocrx_word' id='word_1_636' title='bbox 2261 2765 2361 2837; x_wconf 76' lang='grc' dir='ltr'>τὴν</span> <span class='ocrx_word' id='word_1_637' title='bbox 2403 2766 2676 2836; x_wconf 79' lang='grc' dir='ltr'>Αἴγυπτον</span> <span class='ocrx_word' id='word_1_638' title='bbox 2707 2769 3054 2840; x_wconf 79' lang='grc' dir='ltr'>ὁρμήσαντας</span> <span class='ocrx_word' id='word_1_639' title='bbox 3097 2772 3172 2842; x_wconf 83' lang='grc' dir='ltr'>μὴ</span> <span class='ocrx_word' id='word_1_640' title='bbox 3219 2772 3519 2843; x_wconf 85' lang='grc' dir='ltr'>ἀναχωρεῖν</span> <span class='ocrx_word' id='word_1_641' title='bbox 3547 2773 3642 2827; x_wconf 79' lang='grc' dir='ltr'><strong>τοῦ</strong></span> <span class='ocrx_word' id='word_1_642' title='bbox 3672 2776 3844 2829; x_wconf 81' lang='grc' dir='ltr'>τόπου</span> 
     </span>
    </p>
   </div>
   <div class='ocr_carea' id='block_1_84' title="bbox 2263 2854 3845 2935">
    <p class='ocr_par' dir='ltr' id='par_1_84' title="bbox 2263 2854 3845 2935">
     <span class='ocr_line' id='line_1_84' title="bbox 2263 2854 3845 2935; baseline 0.006 -25"><span class='ocrx_word' id='word_1_643' title='bbox 2263 2857 2393 2912; x_wconf 79' lang='grc' dir='ltr'>ἔνθα</span> <span class='ocrx_word' id='word_1_644' title='bbox 2421 2854 2489 2930; x_wconf 83' lang='grc' dir='ltr'>ἦν</span> <span class='ocrx_word' id='word_1_645' title='bbox 2517 2859 2545 2912; x_wconf 88' lang='lat'><strong>6</strong></span> <span class='ocrx_word' id='word_1_646' title='bbox 2577 2857 2714 2922; x_wconf 90' lang='grc' dir='ltr'>νεὼς</span> <span class='ocrx_word' id='word_1_647' title='bbox 2745 2858 2839 2912; x_wconf 89' lang='grc' dir='ltr'><strong>τοῦ</strong></span> <span class='ocrx_word' id='word_1_648' title='bbox 2872 2860 3006 2914; x_wconf 83' lang='grc' dir='ltr'>Θεὸῦ</span> <span class='ocrx_word' id='word_1_649' title='bbox 3027 2878 3040 2892; x_wconf 72' lang='grc' dir='ltr'><strong>ο</strong></span> <span class='ocrx_word' id='word_1_650' title='bbox 3077 2862 3212 2916; x_wconf 88' lang='grc' dir='ltr'><strong>ἀλλά</strong></span> <span class='ocrx_word' id='word_1_651' title='bbox 3253 2863 3345 2917; x_wconf 81' lang='grc' dir='ltr'>καὶ</span> <span class='ocrx_word' id='word_1_652' title='bbox 3390 2864 3682 2935; x_wconf 78' lang='grc' dir='ltr'>μακαρίζει</span> <span class='ocrx_word' id='word_1_653' title='bbox 3711 2867 3845 2931; x_wconf 84' lang='grc' dir='ltr'>τοὺς</span> 
     </span>
    </p>
   </div>
   <div class='ocr_carea' id='block_1_85' title="bbox 2261 2949 3842 3030">
    <p class='ocr_par' dir='ltr' id='par_1_85' title="bbox 2261 2949 3842 3030">
     <span class='ocr_line' id='line_1_85' title="bbox 2261 2949 3842 3030; baseline 0.005 -26"><span class='ocrx_word' id='word_1_654' title='bbox 2261 2950 2479 3016; x_wconf 71' lang='grc' dir='ltr'>ἕξοντας</span> <span class='ocrx_word' id='word_1_655' title='bbox 2529 2952 2584 3004; x_wconf 87' lang='grc' dir='ltr'><strong>ἐν</strong></span> <span class='ocrx_word' id='word_1_656' title='bbox 2624 2949 2762 3005; x_wconf 87' lang='grc' dir='ltr'>Σιὼν</span> <span class='ocrx_word' id='word_1_657' title='bbox 2813 2951 3056 3024; x_wconf 85' lang='grc' dir='ltr'>σπέρμα,</span> <span class='ocrx_word' id='word_1_658' title='bbox 3111 2955 3205 3008; x_wconf 79' lang='grc' dir='ltr'>καὶ</span> <span class='ocrx_word' id='word_1_659' title='bbox 3246 2957 3304 3009; x_wconf 89' lang='grc' dir='ltr'><strong>ἐν</strong></span> <span class='ocrx_word' id='word_1_660' title='bbox 3359 2957 3711 3030; x_wconf 81' lang='grc' dir='ltr'>Ἰερουσαλὴμ</span> <span class='ocrx_word' id='word_1_661' title='bbox 3758 2959 3842 3012; x_wconf 75' lang='lat' dir='ltr'><strong>oi-</strong></span> 
     </span>
    </p>
   </div>
   <div class='ocr_carea' id='block_1_86' title="bbox 2262 3041 3841 3122">
    <p class='ocr_par' dir='ltr' id='par_1_86' title="bbox 2262 3041 3841 3122">
     <span class='ocr_line' id='line_1_86' title="bbox 2262 3041 3841 3122; baseline 0.006 -28"><span class='ocrx_word' id='word_1_662' title='bbox 2262 3043 2460 3107; x_wconf 90' lang='grc' dir='ltr'>κείους,</span> <span class='ocrx_word' id='word_1_663' title='bbox 2499 3041 2588 3095; x_wconf 80' lang='grc' dir='ltr'><strong>διὰ</strong></span> <span class='ocrx_word' id='word_1_664' title='bbox 2627 3043 2687 3096; x_wconf 83' lang='grc' dir='ltr'>τὸ</span> <span class='ocrx_word' id='word_1_665' title='bbox 2732 3043 2944 3114; x_wconf 82' lang='grc' dir='ltr'>μέλλειν</span> <span class='ocrx_word' id='word_1_666' title='bbox 2976 3045 3147 3116; x_wconf 77' lang='grc' dir='ltr'>αὐτὴν</span> <span class='ocrx_word' id='word_1_667' title='bbox 3192 3047 3567 3111; x_wconf 83' lang='grc' dir='ltr'>ἀνανεοῦσθαι,</span> <span class='ocrx_word' id='word_1_668' title='bbox 3601 3049 3697 3104; x_wconf 75' lang='grc' dir='ltr'><strong>καὶ</strong></span> <span class='ocrx_word' id='word_1_669' title='bbox 3739 3049 3841 3122; x_wconf 79' lang='grc' dir='ltr'><strong>τήν</strong></span> 
     </span>
    </p>
   </div>
   <div class='ocr_carea' id='block_1_87' title="bbox 2261 3130 3842 3212">
    <p class='ocr_par' dir='ltr' id='par_1_87' title="bbox 2261 3130 3842 3212">
     <span class='ocr_line' id='line_1_87' title="bbox 2261 3130 3842 3212; baseline 0.007 -26"><span class='ocrx_word' id='word_1_670' title='bbox 2261 3133 2468 3187; x_wconf 78' lang='grc' dir='ltr'>οἰκείαν</span> <span class='ocrx_word' id='word_1_671' title='bbox 2510 3130 2668 3198; x_wconf 79' lang='grc' dir='ltr'>αὖθις</span> <span class='ocrx_word' id='word_1_672' title='bbox 2699 3135 3107 3207; x_wconf 82' lang='grc' dir='ltr'>ἀπολαμϐάνειν</span> <span class='ocrx_word' id='word_1_673' title='bbox 3137 3137 3314 3204; x_wconf 79' lang='grc' dir='ltr'>δόξαν,</span> <span class='ocrx_word' id='word_1_674' title='bbox 3355 3139 3388 3209; x_wconf 80' lang='grc' dir='ltr'>ἢ</span> <span class='ocrx_word' id='word_1_675' title='bbox 3424 3140 3516 3194; x_wconf 72' lang='grc' dir='ltr'><strong>καὶ</strong></span> <span class='ocrx_word' id='word_1_676' title='bbox 3558 3141 3842 3212; x_wconf 85' lang='grc' dir='ltr'>κρείττονα</span> 
     </span>
    </p>
   </div>
   <div class='ocr_carea' id='block_1_88' title="bbox 2264 3219 3842 3300">
    <p class='ocr_par' dir='ltr' id='par_1_88' title="bbox 2264 3219 3842 3300">
     <span class='ocr_line' id='line_1_88' title="bbox 2264 3219 3842 3300; baseline 0.007 -23"><span class='ocrx_word' id='word_1_677' title='bbox 2264 3219 2332 3295; x_wconf 82' lang='grc' dir='ltr'>ἦς</span> <span class='ocrx_word' id='word_1_678' title='bbox 2359 3221 2472 3296; x_wconf 86' lang='grc' dir='ltr'>εἷχε</span> <span class='ocrx_word' id='word_1_679' title='bbox 2507 3226 2789 3298; x_wconf 85' lang='grc' dir='ltr'>πρότερον.</span> <span class='ocrx_word' id='word_1_680' title='bbox 2823 3228 2919 3281; x_wconf 78' lang='grc' dir='ltr'><strong>Διὸ</strong></span> <span class='ocrx_word' id='word_1_681' title='bbox 2951 3227 3166 3298; x_wconf 83' lang='grc' dir='ltr'>ἐλέγετο</span> <span class='ocrx_word' id='word_1_682' title='bbox 3199 3230 3407 3300; x_wconf 80' lang='grc' dir='ltr'>ἑτέροις</span> <span class='ocrx_word' id='word_1_683' title='bbox 3431 3248 3444 3262; x_wconf 69' lang='grc'><strong>⁸</strong></span> <span class='ocrx_word' id='word_1_684' title='bbox 3485 3251 3504 3283; x_wconf 81' lang='grc' dir='ltr'><strong>ι</strong></span> <span class='ocrx_word' id='word_1_685' title='bbox 3549 3233 3656 3286; x_wconf 75' lang='grc' dir='ltr'><strong>Καὶ</strong></span> <span class='ocrx_word' id='word_1_686' title='bbox 3685 3233 3842 3288; x_wconf 80' lang='grc' dir='ltr'>ἔσται</span> 
     </span>
    </p>
   </div>
   <div class='ocr_carea' id='block_1_89' title="bbox 2265 3318 3840 3399">
    <p class='ocr_par' dir='ltr' id='par_1_89' title="bbox 2265 3318 3840 3399">
     <span class='ocr_line' id='line_1_89' title="bbox 2265 3318 3840 3399; baseline 0.006 -28"><span class='ocrx_word' id='word_1_687' title='bbox 2265 3319 2299 3389; x_wconf 82' lang='grc' dir='ltr'>ἡ</span> <span class='ocrx_word' id='word_1_688' title='bbox 2331 3318 2454 3386; x_wconf 77' lang='grc' dir='ltr'>δόξα</span> <span class='ocrx_word' id='word_1_689' title='bbox 2486 3319 2579 3374; x_wconf 89' lang='grc' dir='ltr'><strong>τοῦ</strong></span> <span class='ocrx_word' id='word_1_690' title='bbox 2623 3321 2773 3375; x_wconf 77' lang='grc' dir='ltr'>οἴκου</span> <span class='ocrx_word' id='word_1_691' title='bbox 2817 3321 3007 3376; x_wconf 88' lang='grc' dir='ltr'>τούτου</span> <span class='ocrx_word' id='word_1_692' title='bbox 3045 3325 3078 3393; x_wconf 90' lang='grc' dir='ltr'><strong>ή</strong></span> <span class='ocrx_word' id='word_1_693' title='bbox 3126 3323 3329 3395; x_wconf 79' lang='grc' dir='ltr'>ἐσχάτη</span> <span class='ocrx_word' id='word_1_694' title='bbox 3370 3325 3511 3396; x_wconf 80' lang='grc' dir='ltr'>ὑπὲρ</span> <span class='ocrx_word' id='word_1_695' title='bbox 3553 3325 3651 3397; x_wconf 78' lang='grc' dir='ltr'>τὴν</span> <span class='ocrx_word' id='word_1_696' title='bbox 3685 3326 3840 3399; x_wconf 80' lang='grc' dir='ltr'>πρώ-</span> 
     </span>
    </p>
   </div>
   <div class='ocr_carea' id='block_1_90' title="bbox 2262 3413 3833 3490">
    <p class='ocr_par' dir='ltr' id='par_1_90' title="bbox 2262 3413 3833 3490">
     <span class='ocr_line' id='line_1_90' title="bbox 2262 3413 3833 3490; baseline 0.006 -27"><span class='ocrx_word' id='word_1_697' title='bbox 2262 3427 2384 3482; x_wconf 89' lang='grc' dir='ltr'>την.</span> <span class='ocrx_word' id='word_1_698' title='bbox 2443 3431 2462 3465; x_wconf 75' lang='grc' dir='ltr'><strong>ι</strong></span> <span class='ocrx_word' id='word_1_699' title='bbox 2499 3413 2714 3468; x_wconf 82' lang='grc' dir='ltr'>Εἰδέναι</span> <span class='ocrx_word' id='word_1_700' title='bbox 2764 3414 2822 3468; x_wconf 86' lang='grc' dir='ltr'><strong>δέ</strong></span> <span class='ocrx_word' id='word_1_701' title='bbox 2874 3414 2999 3486; x_wconf 80' lang='grc' dir='ltr'>χρὴ,</span> <span class='ocrx_word' id='word_1_702' title='bbox 3030 3416 3112 3468; x_wconf 80' lang='grc' dir='ltr'>ὅτι</span> <span class='ocrx_word' id='word_1_703' title='bbox 3145 3415 3206 3469; x_wconf 80' lang='grc' dir='ltr'><strong>τὸ</strong></span> <span class='ocrx_word' id='word_1_704' title='bbox 3241 3417 3360 3487; x_wconf 84' lang='grc' dir='ltr'>μὲν,</span> <span class='ocrx_word' id='word_1_705' title='bbox 3401 3435 3420 3468; x_wconf 84' lang='grc' dir='ltr'><strong>ι</strong></span> <span class='ocrx_word' id='word_1_706' title='bbox 3476 3418 3763 3490; x_wconf 87' lang='grc' dir='ltr'>μακάριος,</span> <span class='ocrx_word' id='word_1_707' title='bbox 3814 3439 3833 3473; x_wconf 77' lang='grc' dir='ltr'><strong>ι</strong></span> 
     </span>
    </p>
   </div>
   <div class='ocr_carea' id='block_1_91' title="bbox 2263 3502 3840 3578">
    <p class='ocr_par' dir='ltr' id='par_1_91' title="bbox 2263 3502 3840 3578">
     <span class='ocr_line' id='line_1_91' title="bbox 2263 3502 3840 3578; baseline 0.008 -24"><span class='ocrx_word' id='word_1_708' title='bbox 2263 3502 2436 3567; x_wconf 74' lang='grc' dir='ltr'>οὐδεὶς</span> <span class='ocrx_word' id='word_1_709' title='bbox 2473 3503 2580 3556; x_wconf 89' lang='grc' dir='ltr'><strong>τῶν</strong></span> <span class='ocrx_word' id='word_1_710' title='bbox 2609 3505 2966 3576; x_wconf 79' lang='grc' dir='ltr'>ἐρμηνευτῶν</span> <span class='ocrx_word' id='word_1_711' title='bbox 2984 3507 3232 3578; x_wconf 75' lang='grc' dir='ltr'>εἴρηκεν·</span> <span class='ocrx_word' id='word_1_712' title='bbox 3267 3509 3390 3562; x_wconf 83' lang='grc' dir='ltr'><strong>ἀντί</strong></span> <span class='ocrx_word' id='word_1_713' title='bbox 3425 3509 3480 3563; x_wconf 83' lang='grc' dir='ltr'>δὲ</span> <span class='ocrx_word' id='word_1_714' title='bbox 3515 3511 3636 3576; x_wconf 87' lang='grc' dir='ltr'>τοῦ,</span> <span class='ocrx_word' id='word_1_715' title='bbox 3674 3531 3692 3563; x_wconf 86' lang='grc' dir='ltr'><strong>ι</strong></span> <span class='ocrx_word' id='word_1_716' title='bbox 3742 3515 3840 3576; x_wconf 83' lang='grc' dir='ltr'>’ος</span> 
     </span>
    </p>
   </div>
   <div class='ocr_carea' id='block_1_92' title="bbox 2265 3589 3831 3674">
    <p class='ocr_par' dir='ltr' id='par_1_92' title="bbox 2265 3589 3831 3674">
     <span class='ocr_line' id='line_1_92' title="bbox 2265 3589 3831 3674; baseline 0.007 -28"><span class='ocrx_word' id='word_1_717' title='bbox 2265 3593 2378 3664; x_wconf 83' lang='grc' dir='ltr'>ἔχει</span> <span class='ocrx_word' id='word_1_718' title='bbox 2399 3597 2455 3648; x_wconf 86' lang='grc' dir='ltr'><strong>ἐν</strong></span> <span class='ocrx_word' id='word_1_719' title='bbox 2483 3595 2620 3650; x_wconf 87' lang='grc' dir='ltr'>Σιὼν</span> <span class='ocrx_word' id='word_1_720' title='bbox 2654 3598 2877 3669; x_wconf 88' lang='grc' dir='ltr'>σπέρμα</span> <span class='ocrx_word' id='word_1_721' title='bbox 2913 3589 3008 3652; x_wconf 49' lang='grc' dir='ltr'>κὰκ.</span> <span class='ocrx_word' id='word_1_722' title='bbox 3039 3600 3271 3664; x_wconf 88' lang='grc' dir='ltr'>οἰκείους</span> <span class='ocrx_word' id='word_1_723' title='bbox 3296 3602 3355 3654; x_wconf 87' lang='grc' dir='ltr'><strong>ἐν</strong></span> <span class='ocrx_word' id='word_1_724' title='bbox 3405 3602 3777 3674; x_wconf 79' lang='grc' dir='ltr'>Ἰερουσαλὴμ,</span> <span class='ocrx_word' id='word_1_725' title='bbox 3813 3624 3831 3657; x_wconf 81' lang='grc' dir='ltr'><strong>ι</strong></span> 
     </span>
    </p>
   </div>
   <div class='ocr_carea' id='block_1_93' title="bbox 2264 3685 3842 3760">
    <p class='ocr_par' dir='ltr' id='par_1_93' title="bbox 2264 3685 3842 3760">
     <span class='ocr_line' id='line_1_93' title="bbox 2264 3685 3842 3760; baseline 0.007 -24"><span class='ocrx_word' id='word_1_726' title='bbox 2264 3685 2294 3736; x_wconf 83' lang='lat'><strong>6</strong></span> <span class='ocrx_word' id='word_1_727' title='bbox 2335 3686 2433 3756; x_wconf 86' lang='grc' dir='ltr'>μὲν</span> <span class='ocrx_word' id='word_1_728' title='bbox 2474 3685 2767 3758; x_wconf 81' lang='grc' dir='ltr'>Σύμμαχος</span> <span class='ocrx_word' id='word_1_729' title='bbox 2796 3687 2929 3758; x_wconf 73' lang='grc' dir='ltr'>ἔχει,</span> <span class='ocrx_word' id='word_1_730' title='bbox 2972 3707 2991 3740; x_wconf 82' lang='grc' dir='ltr'><strong>ι</strong></span> <span class='ocrx_word' id='word_1_731' title='bbox 3029 3687 3140 3760; x_wconf 92' lang='grc' dir='ltr'><strong>πῦρ</strong></span> <span class='ocrx_word' id='word_1_732' title='bbox 3177 3691 3234 3743; x_wconf 86' lang='grc' dir='ltr'><strong>ἐν</strong></span> <span class='ocrx_word' id='word_1_733' title='bbox 3267 3690 3426 3755; x_wconf 90' lang='grc' dir='ltr'>Σιὼν,</span> <span class='ocrx_word' id='word_1_734' title='bbox 3460 3693 3554 3745; x_wconf 77' lang='grc' dir='ltr'>καὶ</span> <span class='ocrx_word' id='word_1_735' title='bbox 3587 3693 3842 3748; x_wconf 80' lang='grc' dir='ltr'>κλίϐανον</span> 
     </span>
    </p>
   </div>
   <div class='ocr_carea' id='block_1_94' title="bbox 2265 3777 3838 3850">
    <p class='ocr_par' dir='ltr' id='par_1_94' title="bbox 2265 3777 3838 3850">
     <span class='ocr_line' id='line_1_94' title="bbox 2265 3777 3838 3850; baseline 0.006 -22"><span class='ocrx_word' id='word_1_736' title='bbox 2265 3777 2323 3828; x_wconf 86' lang='grc' dir='ltr'><strong>ἐν</strong></span> <span class='ocrx_word' id='word_1_737' title='bbox 2367 3777 2749 3850; x_wconf 76' lang='grc' dir='ltr'>ἰερουσαλήμο</span> <span class='ocrx_word' id='word_1_738' title='bbox 2787 3798 2804 3832; x_wconf 79' lang='grc' dir='ltr'><strong>ι</strong></span> <span class='ocrx_word' id='word_1_739' title='bbox 2846 3781 2876 3833; x_wconf 90' lang='lat'><strong>6</strong></span> <span class='ocrx_word' id='word_1_740' title='bbox 2916 3780 3144 3845; x_wconf 85' lang='grc' dir='ltr'>Ἀκύλας</span> <span class='ocrx_word' id='word_1_741' title='bbox 3186 3783 3280 3836; x_wconf 76' lang='grc' dir='ltr'>καὶ</span> <span class='ocrx_word' id='word_1_742' title='bbox 3318 3783 3626 3849; x_wconf 81' lang='grc' dir='ltr'>Θεοδοτίων,</span> <span class='ocrx_word' id='word_1_743' title='bbox 3663 3804 3682 3835; x_wconf 86' lang='grc' dir='ltr'><strong>ι</strong></span> <span class='ocrx_word' id='word_1_744' title='bbox 3717 3784 3838 3849; x_wconf 76' lang='grc' dir='ltr'>Φῶς</span> 
     </span>
    </p>
   </div>
   <div class='ocr_carea' id='block_1_95' title="bbox 2269 3869 3833 3947">
    <p class='ocr_par' dir='ltr' id='par_1_95' title="bbox 2269 3869 3833 3947">
     <span class='ocr_line' id='line_1_95' title="bbox 2269 3869 3833 3947; baseline 0.006 -27"><span class='ocrx_word' id='word_1_745' title='bbox 2269 3869 2416 3939; x_wconf 84' lang='grc' dir='ltr'><strong>αὑτῷ</strong></span> <span class='ocrx_word' id='word_1_746' title='bbox 2448 3871 2506 3922; x_wconf 86' lang='grc' dir='ltr'><strong>ἐν</strong></span> <span class='ocrx_word' id='word_1_747' title='bbox 2540 3870 2678 3923; x_wconf 87' lang='grc' dir='ltr'>Σιὼν</span> <span class='ocrx_word' id='word_1_748' title='bbox 2712 3873 2804 3925; x_wconf 74' lang='grc' dir='ltr'><strong>καί⁸</strong></span> <span class='ocrx_word' id='word_1_749' title='bbox 2834 3872 3084 3937; x_wconf 87' lang='grc' dir='ltr'>κλίϐανος</span> <span class='ocrx_word' id='word_1_750' title='bbox 3114 3873 3263 3944; x_wconf 85' lang='grc' dir='ltr'>αύτῷ</span> <span class='ocrx_word' id='word_1_751' title='bbox 3302 3876 3360 3928; x_wconf 93' lang='grc' dir='ltr'><strong>ἐν</strong></span> <span class='ocrx_word' id='word_1_752' title='bbox 3405 3875 3779 3947; x_wconf 79' lang='grc' dir='ltr'>Ἰερουσαλὴμ,</span> <span class='ocrx_word' id='word_1_753' title='bbox 3812 3895 3833 3929; x_wconf 74' lang='grc' dir='ltr'><strong>ι</strong></span> 
     </span>
    </p>
   </div>
   <div class='ocr_carea' id='block_1_96' title="bbox 2265 3960 3836 4036">
    <p class='ocr_par' dir='ltr' id='par_1_96' title="bbox 2265 3960 3836 4036">
     <span class='ocr_line' id='line_1_96' title="bbox 2265 3960 3836 4036; baseline 0.008 -25"><span class='ocrx_word' id='word_1_754' title='bbox 2265 3960 2550 4032; x_wconf 75' lang='grc' dir='ltr'>εἰρήκασιο</span> <span class='ocrx_word' id='word_1_755' title='bbox 2603 3962 2939 4029; x_wconf 84' lang='grc' dir='ltr'>διδάσκοντος</span> <span class='ocrx_word' id='word_1_756' title='bbox 2971 3965 3066 4018; x_wconf 90' lang='grc' dir='ltr'><strong>τοῦ</strong></span> <span class='ocrx_word' id='word_1_757' title='bbox 3116 3966 3294 4036; x_wconf 88' lang='grc' dir='ltr'>λόγου,</span> <span class='ocrx_word' id='word_1_758' title='bbox 3341 3968 3423 4021; x_wconf 82' lang='grc' dir='ltr'>ὅτι</span> <span class='ocrx_word' id='word_1_759' title='bbox 3467 3971 3497 4022; x_wconf 91' lang='lat'><strong>6</strong></span> <span class='ocrx_word' id='word_1_760' title='bbox 3543 3969 3650 4022; x_wconf 90' lang='grc' dir='ltr'><strong>τῶν</strong></span> <span class='ocrx_word' id='word_1_761' title='bbox 3697 3971 3836 4024; x_wconf 85' lang='grc' dir='ltr'>ὅλων</span> 
     </span>
    </p>
   </div>
   <div class='ocr_carea' id='block_1_97' title="bbox 2264 4053 3836 4138">
    <p class='ocr_par' dir='ltr' id='par_1_97' title="bbox 2264 4053 3836 4138">
     <span class='ocr_line' id='line_1_97' title="bbox 2264 4053 3836 4138; baseline 0.009 -33"><span class='ocrx_word' id='word_1_762' title='bbox 2264 4053 2396 4118; x_wconf 81' lang='grc' dir='ltr'>Θεὸς</span> <span class='ocrx_word' id='word_1_763' title='bbox 2425 4055 2519 4109; x_wconf 76' lang='grc' dir='ltr'>καὶ</span> <span class='ocrx_word' id='word_1_764' title='bbox 2551 4056 2784 4128; x_wconf 85' lang='grc' dir='ltr'>Κύριος,</span> <span class='ocrx_word' id='word_1_765' title='bbox 2815 4059 2843 4111; x_wconf 92' lang='lat'><strong>6</strong></span> <span class='ocrx_word' id='word_1_766' title='bbox 2875 4059 3015 4114; x_wconf 84' lang='grc' dir='ltr'><strong>κατά</strong></span> <span class='ocrx_word' id='word_1_767' title='bbox 3051 4061 3157 4116; x_wconf 85' lang='grc' dir='ltr'><strong>τῶν</strong></span> <span class='ocrx_word' id='word_1_768' title='bbox 3202 4063 3499 4134; x_wconf 88' lang='grc' dir='ltr'>Ἀσσυρίων</span> <span class='ocrx_word' id='word_1_769' title='bbox 3539 4066 3836 4138; x_wconf 88' lang='grc' dir='ltr'>ἀπειλήσας</span> 
     </span>
    </p>
   </div>
   <div class='ocr_carea' id='block_1_98' title="bbox 2263 4146 3838 4222">
    <p class='ocr_par' dir='ltr' id='par_1_98' title="bbox 2263 4146 3838 4222">
     <span class='ocr_line' id='line_1_98' title="bbox 2263 4146 3838 4222; baseline 0.008 -23"><span class='ocrx_word' id='word_1_770' title='bbox 2263 4146 2333 4200; x_wconf 82' lang='grc' dir='ltr'>τὰ</span> <span class='ocrx_word' id='word_1_771' title='bbox 2357 4147 2646 4220; x_wconf 82' lang='grc' dir='ltr'>λεγόμενα,</span> <span class='ocrx_word' id='word_1_772' title='bbox 2681 4150 2794 4220; x_wconf 76' lang='grc' dir='ltr'>ἔχει</span> <span class='ocrx_word' id='word_1_773' title='bbox 2819 4151 2928 4222; x_wconf 92' lang='grc' dir='ltr'><strong>πῦρ</strong></span> <span class='ocrx_word' id='word_1_774' title='bbox 2957 4152 3014 4205; x_wconf 91' lang='grc' dir='ltr'><strong>ἐν</strong></span> <span class='ocrx_word' id='word_1_775' title='bbox 3043 4153 3203 4217; x_wconf 86' lang='grc' dir='ltr'>Σιὼν,</span> <span class='ocrx_word' id='word_1_776' title='bbox 3233 4156 3326 4208; x_wconf 72' lang='grc' dir='ltr'>καὶ</span> <span class='ocrx_word' id='word_1_777' title='bbox 3354 4154 3604 4210; x_wconf 89' lang='grc' dir='ltr'>κλίϐανον</span> <span class='ocrx_word' id='word_1_778' title='bbox 3631 4158 3691 4209; x_wconf 90' lang='grc' dir='ltr'><strong>ἐν</strong></span> <span class='ocrx_word' id='word_1_779' title='bbox 3739 4158 3838 4211; x_wconf 77' lang='grc' dir='ltr'><strong>Ἰε-</strong></span> 
     </span>
    </p>
   </div>
   <div class='ocr_carea' id='block_1_99' title="bbox 2266 4239 3835 4322">
    <p class='ocr_par' dir='ltr' id='par_1_99' title="bbox 2266 4239 3835 4322">
     <span class='ocr_line' id='line_1_99' title="bbox 2266 4239 3835 4322; baseline 0.008 -32"><span class='ocrx_word' id='word_1_780' title='bbox 2266 4239 2577 4310; x_wconf 69' lang='grc' dir='ltr'>ρουσαλήμο</span> <span class='ocrx_word' id='word_1_781' title='bbox 2612 4239 2690 4292; x_wconf 81' lang='grc' dir='ltr'><strong>ἵν’</strong></span> <span class='ocrx_word' id='word_1_782' title='bbox 2722 4241 2810 4294; x_wconf 83' lang='grc' dir='ltr'>ὅτε</span> <span class='ocrx_word' id='word_1_783' title='bbox 2845 4241 3121 4314; x_wconf 87' lang='grc' dir='ltr'>βούληται,</span> <span class='ocrx_word' id='word_1_784' title='bbox 3155 4244 3234 4316; x_wconf 84' lang='grc' dir='ltr'>τῷ</span> <span class='ocrx_word' id='word_1_785' title='bbox 3266 4248 3398 4318; x_wconf 68' lang='grc' dir='ltr'><strong>πυρ)⁸</strong></span> <span class='ocrx_word' id='word_1_786' title='bbox 3423 4247 3595 4320; x_wconf 87' lang='grc' dir='ltr'>τούτῳ</span> <span class='ocrx_word' id='word_1_787' title='bbox 3633 4249 3726 4302; x_wconf 74' lang='grc' dir='ltr'><strong>καὶ</strong></span> <span class='ocrx_word' id='word_1_788' title='bbox 3756 4251 3835 4322; x_wconf 85' lang='grc' dir='ltr'>τῷ</span> 
     </span>
    </p>
   </div>
   <div class='ocr_carea' id='block_1_100' title="bbox 2264 4330 3835 4412">
    <p class='ocr_par' dir='ltr' id='par_1_100' title="bbox 2264 4330 3835 4412">
     <span class='ocr_line' id='line_1_100' title="bbox 2264 4330 3835 4412; baseline 0.008 -29"><span class='ocrx_word' id='word_1_789' title='bbox 2264 4330 2501 4402; x_wconf 85' lang='grc' dir='ltr'>κλιϐάνῳ</span> <span class='ocrx_word' id='word_1_790' title='bbox 2549 4332 2870 4406; x_wconf 84' lang='grc' dir='ltr'>κατακαύσῃ</span> <span class='ocrx_word' id='word_1_791' title='bbox 2916 4335 3009 4388; x_wconf 76' lang='grc' dir='ltr'>καὶ</span> <span class='ocrx_word' id='word_1_792' title='bbox 3061 4340 3378 4412; x_wconf 83' lang='grc' dir='ltr'>κατοπτήσῃ</span> <span class='ocrx_word' id='word_1_793' title='bbox 3428 4341 3555 4405; x_wconf 83' lang='grc' dir='ltr'>τοὺς</span> <span class='ocrx_word' id='word_1_794' title='bbox 3592 4341 3835 4408; x_wconf 89' lang='grc' dir='ltr'>καύσεως</span> 
     </span>
    </p>
   </div>
   <div class='ocr_carea' id='block_1_101' title="bbox 2261 4421 3834 4504">
    <p class='ocr_par' dir='ltr' id='par_1_101' title="bbox 2261 4421 3834 4504">
     <span class='ocr_line' id='line_1_101' title="bbox 2261 4421 3834 4504; baseline 0.01 -30"><span class='ocrx_word' id='word_1_795' title='bbox 2261 4421 2564 4493; x_wconf 87' lang='grc' dir='ltr'>δεομένους.</span> <span class='ocrx_word' id='word_1_796' title='bbox 2617 4425 2708 4477; x_wconf 85' lang='grc' dir='ltr'><strong>Διὸ</strong></span> <span class='ocrx_word' id='word_1_797' title='bbox 2746 4425 2805 4478; x_wconf 82' lang='grc' dir='ltr'>οὐ</span> <span class='ocrx_word' id='word_1_798' title='bbox 2861 4429 3125 4498; x_wconf 84' lang='grc' dir='ltr'>προσήκει</span> <span class='ocrx_word' id='word_1_799' title='bbox 3175 4435 3534 4503; x_wconf 84' lang='grc' dir='ltr'>καταφρονεῖν</span> <span class='ocrx_word' id='word_1_800' title='bbox 3585 4434 3684 4504; x_wconf 81' lang='grc' dir='ltr'>τῆς</span> <span class='ocrx_word' id='word_1_801' title='bbox 3739 4435 3834 4488; x_wconf 88' lang='grc' dir='ltr'><strong>τοῦ</strong></span> 
     </span>
    </p>
   </div>
   <div class='ocr_carea' id='block_1_102' title="bbox 2263 4513 3835 4595">
    <p class='ocr_par' dir='ltr' id='par_1_102' title="bbox 2263 4513 3835 4595">
     <span class='ocr_line' id='line_1_102' title="bbox 2263 4513 3835 4595; baseline 0.01 -30"><span class='ocrx_word' id='word_1_802' title='bbox 2263 4513 2397 4566; x_wconf 86' lang='grc' dir='ltr'>Θεοῦ</span> <span class='ocrx_word' id='word_1_803' title='bbox 2424 4515 2652 4580; x_wconf 84' lang='grc' dir='ltr'>πόλεως.</span> <span class='ocrx_word' id='word_1_804' title='bbox 2683 4517 2866 4571; x_wconf 89' lang='grc' dir='ltr'>Ταῦτα</span> <span class='ocrx_word' id='word_1_805' title='bbox 2895 4518 2951 4572; x_wconf 83' lang='grc' dir='ltr'>δὲ</span> <span class='ocrx_word' id='word_1_806' title='bbox 2984 4521 3076 4572; x_wconf 76' lang='grc' dir='ltr'>καὶ</span> <span class='ocrx_word' id='word_1_807' title='bbox 3116 4520 3244 4592; x_wconf 79' lang='grc' dir='ltr'>περὶ</span> <span class='ocrx_word' id='word_1_808' title='bbox 3267 4522 3367 4592; x_wconf 80' lang='grc' dir='ltr'>τῆς</span> <span class='ocrx_word' id='word_1_809' title='bbox 3406 4525 3728 4595; x_wconf 86' lang='grc' dir='ltr'>Ἐκκλησίας</span> <span class='ocrx_word' id='word_1_810' title='bbox 3752 4529 3835 4580; x_wconf 58' lang='grc' dir='ltr'>είς</span> 
     </span>
    </p>
   </div>
   <div class='ocr_carea' id='block_1_103' title="bbox 2267 4605 3835 4687">
    <p class='ocr_par' dir='ltr' id='par_1_103' title="bbox 2267 4605 3835 4687">
     <span class='ocr_line' id='line_1_103' title="bbox 2267 4605 3835 4687; baseline 0.008 -30"><span class='ocrx_word' id='word_1_811' title='bbox 2267 4605 2436 4670; x_wconf 89' lang='grc' dir='ltr'>κότως</span> <span class='ocrx_word' id='word_1_812' title='bbox 2468 4607 2533 4660; x_wconf 84' lang='grc' dir='ltr'>ἂν</span> <span class='ocrx_word' id='word_1_813' title='bbox 2567 4607 2778 4678; x_wconf 80' lang='grc' dir='ltr'>ῥηθείη,</span> <span class='ocrx_word' id='word_1_814' title='bbox 2811 4609 3108 4682; x_wconf 84' lang='grc' dir='ltr'>ἐπειδήπερ</span> <span class='ocrx_word' id='word_1_815' title='bbox 3145 4614 3177 4683; x_wconf 89' lang='grc' dir='ltr'><strong>ή</strong></span> <span class='ocrx_word' id='word_1_816' title='bbox 3217 4613 3370 4676; x_wconf 84' lang='grc' dir='ltr'>πόλις</span> <span class='ocrx_word' id='word_1_817' title='bbox 3404 4614 3498 4667; x_wconf 87' lang='grc' dir='ltr'><strong>τοῦ</strong></span> <span class='ocrx_word' id='word_1_818' title='bbox 3525 4613 3659 4668; x_wconf 87' lang='grc' dir='ltr'>Θεοῦ</span> <span class='ocrx_word' id='word_1_819' title='bbox 3692 4619 3725 4687; x_wconf 81' lang='grc' dir='ltr'>ἡ</span> <span class='ocrx_word' id='word_1_820' title='bbox 3749 4617 3835 4670; x_wconf 75' lang='grc' dir='ltr'>δεο</span> 
     </span>
    </p>
   </div>
   <div class='ocr_carea' id='block_1_104' title="bbox 2264 4697 3833 4780">
    <p class='ocr_par' dir='ltr' id='par_1_104' title="bbox 2264 4697 3833 4780">
     <span class='ocr_line' id='line_1_104' title="bbox 2264 4697 3833 4780; baseline 0.009 -30"><span class='ocrx_word' id='word_1_821' title='bbox 2264 4697 2564 4770; x_wconf 84' lang='grc' dir='ltr'>δοξασμένη</span> <span class='ocrx_word' id='word_1_822' title='bbox 2589 4700 2722 4772; x_wconf 85' lang='grc' dir='ltr'>αύτή</span> <span class='ocrx_word' id='word_1_823' title='bbox 2747 4703 2883 4767; x_wconf 88' lang='grc' dir='ltr'>ἐστι,</span> <span class='ocrx_word' id='word_1_824' title='bbox 2912 4705 3038 4774; x_wconf 79' lang='grc' dir='ltr'>περὶ</span> <span class='ocrx_word' id='word_1_825' title='bbox 3062 4700 3130 4776; x_wconf 80' lang='grc' dir='ltr'>ἧς</span> <span class='ocrx_word' id='word_1_826' title='bbox 3149 4706 3362 4776; x_wconf 87' lang='grc' dir='ltr'>εῖρηται</span> <span class='ocrx_word' id='word_1_827' title='bbox 3378 4723 3392 4737; x_wconf 83' lang='grc'><strong>·</strong></span> <span class='ocrx_word' id='word_1_828' title='bbox 3421 4727 3438 4758; x_wconf 81' lang='grc' dir='ltr'><strong>ι</strong></span> <span class='ocrx_word' id='word_1_829' title='bbox 3469 4708 3833 4780; x_wconf 86' lang='grc' dir='ltr'>Δεδοξασμένα</span> 
     </span>
    </p>
   </div>
   <div class='ocr_carea' id='block_1_105' title="bbox 2263 4789 3834 4864">
    <p class='ocr_par' dir='ltr' id='par_1_105' title="bbox 2263 4789 3834 4864">
     <span class='ocr_line' id='line_1_105' title="bbox 2263 4789 3834 4864; baseline 0.009 -22"><span class='ocrx_word' id='word_1_830' title='bbox 2263 4789 2496 4863; x_wconf 83' lang='grc' dir='ltr'>ἐλαλήθη</span> <span class='ocrx_word' id='word_1_831' title='bbox 2531 4793 2660 4863; x_wconf 71' lang='grc' dir='ltr'>περὶ</span> <span class='ocrx_word' id='word_1_832' title='bbox 2690 4793 2804 4856; x_wconf 88' lang='grc' dir='ltr'>σοῦ,</span> <span class='ocrx_word' id='word_1_833' title='bbox 2834 4795 2867 4864; x_wconf 87' lang='grc' dir='ltr'><strong>ή</strong></span> <span class='ocrx_word' id='word_1_834' title='bbox 2899 4794 3051 4859; x_wconf 90' lang='grc' dir='ltr'>πόλις</span> <span class='ocrx_word' id='word_1_835' title='bbox 3083 4796 3176 4849; x_wconf 90' lang='grc' dir='ltr'><strong>τοῦ</strong></span> <span class='ocrx_word' id='word_1_836' title='bbox 3207 4797 3361 4852; x_wconf 83' lang='grc' dir='ltr'>Θεοῦ.</span> <span class='ocrx_word' id='word_1_837' title='bbox 3401 4818 3419 4850; x_wconf 82' lang='grc'>›</span> <span class='ocrx_word' id='word_1_838' title='bbox 3473 4801 3628 4853; x_wconf 86' lang='grc' dir='ltr'>Ἔστι</span> <span class='ocrx_word' id='word_1_839' title='bbox 3659 4803 3748 4855; x_wconf 74' lang='grc' dir='ltr'>καὶ</span> <span class='ocrx_word' id='word_1_840' title='bbox 3775 4803 3834 4858; x_wconf 87' lang='grc' dir='ltr'><strong>ἐν</strong></span> 
     </span>
    </p>
   </div>
   <div class='ocr_carea' id='block_1_106' title="bbox 2264 4881 3834 4960">
    <p class='ocr_par' dir='ltr' id='par_1_106' title="bbox 2264 4881 3834 4960">
     <span class='ocr_line' id='line_1_106' title="bbox 2264 4881 3834 4960; baseline 0.009 -26"><span class='ocrx_word' id='word_1_841' title='bbox 2264 4883 2404 4954; x_wconf 80' lang='grc' dir='ltr'>αὐτῇ</span> <span class='ocrx_word' id='word_1_842' title='bbox 2433 4881 2543 4955; x_wconf 90' lang='grc' dir='ltr'><strong>πῦρ</strong></span> <span class='ocrx_word' id='word_1_843' title='bbox 2573 4885 2668 4938; x_wconf 73' lang='grc' dir='ltr'><strong>καὶ</strong></span> <span class='ocrx_word' id='word_1_844' title='bbox 2699 4884 2969 4950; x_wconf 88' lang='grc' dir='ltr'>κλίϐανος,</span> <span class='ocrx_word' id='word_1_845' title='bbox 2993 4889 3072 4951; x_wconf 84' lang='grc' dir='ltr'><strong>εἰς</strong></span> <span class='ocrx_word' id='word_1_846' title='bbox 3099 4888 3160 4941; x_wconf 84' lang='grc' dir='ltr'>τὸ</span> <span class='ocrx_word' id='word_1_847' title='bbox 3196 4890 3554 4960; x_wconf 78' lang='grc' dir='ltr'>καταφλέγειν</span> <span class='ocrx_word' id='word_1_848' title='bbox 3603 4894 3695 4946; x_wconf 76' lang='grc' dir='ltr'>καὶ</span> <span class='ocrx_word' id='word_1_849' title='bbox 3740 4895 3834 4948; x_wconf 64' lang='grc' dir='ltr'><strong>ἀνα</strong></span> 
     </span>
    </p>
   </div>
   <div class='ocr_carea' id='block_1_107' title="bbox 2259 4974 3834 5055">
    <p class='ocr_par' dir='ltr' id='par_1_107' title="bbox 2259 4974 3834 5055">
     <span class='ocr_line' id='line_1_107' title="bbox 2259 4974 3834 5055; baseline 0.008 -27"><span class='ocrx_word' id='word_1_850' title='bbox 2259 4974 2508 5029; x_wconf 87' lang='grc' dir='ltr'>αλίσκειν</span> <span class='ocrx_word' id='word_1_851' title='bbox 2534 4974 2603 5028; x_wconf 80' lang='grc' dir='ltr'>τὰ</span> <span class='ocrx_word' id='word_1_852' title='bbox 2628 4977 2685 5031; x_wconf 85' lang='grc' dir='ltr'><strong>ἐν</strong></span> <span class='ocrx_word' id='word_1_853' title='bbox 2721 4977 2924 5052; x_wconf 79' lang='grc' dir='ltr'>ἑκάστῃ</span> <span class='ocrx_word' id='word_1_854' title='bbox 2947 4977 3089 5052; x_wconf 77' lang='grc' dir='ltr'>ψυχῇ</span> <span class='ocrx_word' id='word_1_855' title='bbox 3125 4979 3252 5045; x_wconf 75' lang='grc' dir='ltr'>ξύλα</span> <span class='ocrx_word' id='word_1_856' title='bbox 3277 4984 3369 5034; x_wconf 70' lang='grc' dir='ltr'><strong>καὶ</strong></span> <span class='ocrx_word' id='word_1_857' title='bbox 3394 4984 3582 5055; x_wconf 86' lang='grc' dir='ltr'>χόρτον</span> <span class='ocrx_word' id='word_1_858' title='bbox 3613 4986 3706 5038; x_wconf 66' lang='grc' dir='ltr'><strong>κα)⁸</strong></span> <span class='ocrx_word' id='word_1_859' title='bbox 3735 5003 3834 5040; x_wconf 87' lang='grc' dir='ltr'>κα-</span> 
     </span>
    </p>
   </div>
   <div class='ocr_carea' id='block_1_108' title="bbox 2256 5064 3834 5144">
    <p class='ocr_par' dir='ltr' id='par_1_108' title="bbox 2256 5064 3834 5144">
     <span class='ocr_line' id='line_1_108' title="bbox 2256 5064 3834 5144; baseline 0.008 -26"><span class='ocrx_word' id='word_1_860' title='bbox 2256 5064 2455 5136; x_wconf 85' lang='grc' dir='ltr'>λάμην.</span> <span class='ocrx_word' id='word_1_861' title='bbox 2499 5066 2624 5120; x_wconf 80' lang='grc' dir='ltr'>Ἐἀν</span> <span class='ocrx_word' id='word_1_862' title='bbox 2661 5067 2718 5120; x_wconf 85' lang='grc' dir='ltr'>δὲ</span> <span class='ocrx_word' id='word_1_863' title='bbox 2764 5067 3011 5139; x_wconf 86' lang='grc' dir='ltr'>λέγηται,</span> <span class='ocrx_word' id='word_1_864' title='bbox 3051 5089 3069 5122; x_wconf 83' lang='grc' dir='ltr'><strong>ι</strong></span> <span class='ocrx_word' id='word_1_865' title='bbox 3105 5071 3224 5136; x_wconf 82' lang='grc' dir='ltr'><strong>Φῶς</strong></span> <span class='ocrx_word' id='word_1_866' title='bbox 3261 5073 3410 5144; x_wconf 81' lang='grc' dir='ltr'>αὐτῷ</span> <span class='ocrx_word' id='word_1_867' title='bbox 3442 5076 3499 5127; x_wconf 89' lang='grc' dir='ltr'><strong>ἐν</strong></span> <span class='ocrx_word' id='word_1_868' title='bbox 3540 5074 3696 5139; x_wconf 86' lang='grc' dir='ltr'>Σιὼν,</span> <span class='ocrx_word' id='word_1_869' title='bbox 3739 5081 3834 5131; x_wconf 69' lang='grc' dir='ltr'>καὶ</span> 
     </span>
    </p>
   </div>
   <div class='ocr_carea' id='block_1_109' title="bbox 2257 5157 3831 5237">
    <p class='ocr_par' dir='ltr' id='par_1_109' title="bbox 2257 5157 3831 5237">
     <span class='ocr_line' id='line_1_109' title="bbox 2257 5157 3831 5237; baseline 0.009 -27"><span class='ocrx_word' id='word_1_870' title='bbox 2257 5157 2506 5224; x_wconf 90' lang='grc' dir='ltr'>κλίϐανος</span> <span class='ocrx_word' id='word_1_871' title='bbox 2530 5159 2678 5231; x_wconf 80' lang='grc' dir='ltr'>αὐτῷ</span> <span class='ocrx_word' id='word_1_872' title='bbox 2706 5161 2764 5214; x_wconf 89' lang='grc' dir='ltr'><strong>ἐν</strong></span> <span class='ocrx_word' id='word_1_873' title='bbox 2796 5159 3168 5234; x_wconf 82' lang='grc' dir='ltr'>Ἰερουσαλὴμ,</span> <span class='ocrx_word' id='word_1_874' title='bbox 3208 5184 3226 5216; x_wconf 81' lang='grc' dir='ltr'><strong>ι</strong></span> <span class='ocrx_word' id='word_1_875' title='bbox 3258 5164 3346 5218; x_wconf 85' lang='grc' dir='ltr'><strong>διὰ</strong></span> <span class='ocrx_word' id='word_1_876' title='bbox 3373 5168 3473 5236; x_wconf 82' lang='grc' dir='ltr'>μὲν</span> <span class='ocrx_word' id='word_1_877' title='bbox 3504 5169 3630 5232; x_wconf 83' lang='grc' dir='ltr'>τοὺς</span> <span class='ocrx_word' id='word_1_878' title='bbox 3656 5168 3831 5237; x_wconf 66' lang='grc' dir='ltr'>φονεὺς</span> 
     </span>
    </p>
   </div>
   <div class='ocr_carea' id='block_1_110' title="bbox 2255 5250 3826 5330">
    <p class='ocr_par' dir='ltr' id='par_1_110' title="bbox 2255 5250 3826 5330">
     <span class='ocr_line' id='line_1_110' title="bbox 2255 5250 3826 5330; baseline 0.005 -26"><span class='ocrx_word' id='word_1_879' title='bbox 2255 5250 2438 5315; x_wconf 80' lang='grc' dir='ltr'>ἀξίους</span> <span class='ocrx_word' id='word_1_880' title='bbox 2459 5252 2568 5305; x_wconf 88' lang='grc' dir='ltr'><strong>τῶν</strong></span> <span class='ocrx_word' id='word_1_881' title='bbox 2589 5254 2968 5325; x_wconf 81' lang='grc' dir='ltr'>συναγομένων</span> <span class='ocrx_word' id='word_1_882' title='bbox 2987 5254 3047 5308; x_wconf 80' lang='grc' dir='ltr'><strong>τὸ</strong></span> <span class='ocrx_word' id='word_1_883' title='bbox 3062 5254 3190 5324; x_wconf 71' lang='grc' dir='ltr'>φῶς</span> <span class='ocrx_word' id='word_1_884' title='bbox 3207 5257 3456 5328; x_wconf 79' lang='grc' dir='ltr'>εἰρῆσθαι</span> <span class='ocrx_word' id='word_1_885' title='bbox 3481 5258 3826 5330; x_wconf 80' lang='grc' dir='ltr'>ἐκδεξόμεοα·</span> 
     </span>
    </p>
   </div>
   <div class='ocr_carea' id='block_1_111' title="bbox 2256 5341 3830 5422">
    <p class='ocr_par' dir='ltr' id='par_1_111' title="bbox 2256 5341 3830 5422">
     <span class='ocr_line' id='line_1_111' title="bbox 2256 5341 3830 5422; baseline 0.007 -28"><span class='ocrx_word' id='word_1_886' title='bbox 2256 5341 2345 5395; x_wconf 83' lang='grc' dir='ltr'><strong>διά</strong></span> <span class='ocrx_word' id='word_1_887' title='bbox 2377 5342 2435 5395; x_wconf 81' lang='grc' dir='ltr'>δὲ</span> <span class='ocrx_word' id='word_1_888' title='bbox 2465 5344 2591 5407; x_wconf 74' lang='grc' dir='ltr'>τοὺς</span> <span class='ocrx_word' id='word_1_889' title='bbox 2626 5347 2872 5408; x_wconf 78' lang='grc' dir='ltr'>καύσεως</span> <span class='ocrx_word' id='word_1_890' title='bbox 2904 5347 2997 5400; x_wconf 78' lang='grc' dir='ltr'><strong>καὶ</strong></span> <span class='ocrx_word' id='word_1_891' title='bbox 3028 5347 3345 5418; x_wconf 87' lang='grc' dir='ltr'>καθάρσεως</span> <span class='ocrx_word' id='word_1_892' title='bbox 3389 5349 3578 5421; x_wconf 88' lang='grc' dir='ltr'>χρείαν</span> <span class='ocrx_word' id='word_1_893' title='bbox 3610 5350 3830 5422; x_wconf 78' lang='grc' dir='ltr'>ἔχοντας</span> 
     </span>
    </p>
   </div>
   <div class='ocr_carea' id='block_1_112' title="bbox 2253 5433 3198 5508">
    <p class='ocr_par' dir='ltr' id='par_1_112' title="bbox 2253 5433 3198 5508">
     <span class='ocr_line' id='line_1_112' title="bbox 2253 5433 3198 5508; baseline 0.007 -22"><span class='ocrx_word' id='word_1_894' title='bbox 2253 5433 2334 5500; x_wconf 82' lang='grc' dir='ltr'>τὸ,</span> <span class='ocrx_word' id='word_1_895' title='bbox 2368 5434 2650 5501; x_wconf 72' lang='grc' dir='ltr'>κλίϐανος</span> <span class='ocrx_word' id='word_1_896' title='bbox 2677 5436 2746 5490; x_wconf 85' lang='grc' dir='ltr'><strong>ὲν</strong></span> <span class='ocrx_word' id='word_1_897' title='bbox 2786 5437 3198 5508; x_wconf 73' lang='grc' dir='ltr'>Ἰερουσαλήμ.</span> 
     </span>
    </p>
   </div>
   <div class='ocr_carea' id='block_1_113' title="bbox 2762 5529 3297 5586">
    <p class='ocr_par' dir='ltr' id='par_1_113' title="bbox 2762 5529 3297 5586">
     <span class='ocr_line' id='line_1_113' title="bbox 2762 5529 3297 5586; baseline 0.011 -6"><span class='ocrx_word' id='word_1_898' title='bbox 2762 5529 3154 5584; x_wconf 80' lang='grc' dir='ltr'><strong>ΚΕΦΛΛΑΙΟΝ</strong></span> <span class='ocrx_word' id='word_1_899' title='bbox 3176 5529 3297 5586; x_wconf 86' lang='grc' dir='ltr'><strong>ΛΒ’.</strong></span> 
     </span>
    </p>
   </div>
   <div class='ocr_carea' id='block_1_114' title="bbox 2333 5617 3826 5696">
    <p class='ocr_par' dir='ltr' id='par_1_114' title="bbox 2333 5617 3826 5696">
     <span class='ocr_line' id='line_1_114' title="bbox 2333 5617 3826 5696; baseline 0.005 -23"><span class='ocrx_word' id='word_1_900' title='bbox 2333 5635 2350 5667; x_wconf 70' lang='grc' dir='ltr'><strong>ε</strong></span> <span class='ocrx_word' id='word_1_901' title='bbox 2401 5617 2532 5674; x_wconf 80' lang='grc' dir='ltr'>Ἰδοὺ</span> <span class='ocrx_word' id='word_1_902' title='bbox 2576 5617 2682 5692; x_wconf 85' lang='grc' dir='ltr'><strong>γὰρ</strong></span> <span class='ocrx_word' id='word_1_903' title='bbox 2711 5619 2961 5691; x_wconf 77' lang='grc' dir='ltr'>βασιλεὺς</span> <span class='ocrx_word' id='word_1_904' title='bbox 2989 5621 3196 5687; x_wconf 86' lang='grc' dir='ltr'>δίκαιος</span> <span class='ocrx_word' id='word_1_905' title='bbox 3229 5622 3553 5696; x_wconf 87' lang='grc' dir='ltr'>βασιλεύσει,</span> <span class='ocrx_word' id='word_1_906' title='bbox 3595 5624 3687 5680; x_wconf 76' lang='grc' dir='ltr'>καὶ</span> <span class='ocrx_word' id='word_1_907' title='bbox 3727 5623 3826 5696; x_wconf 63' lang='grc' dir='ltr'>ἇρε</span> 
     </span>
    </p>
   </div>
  </div>
