4158 6402
337 416 442 471 517

1256 407 1763 465 (ΖΟΜΜΕΝΤΑΒΙΑ
1801 407 1868 462 IN
1911 408 2168 465 ISAIAM.
2188 395 2433 484 Quae.
2469 410 2689 466 xxxn.
3483 408 3588 460 ms

335 569 522 624 χοντες
551 549 690 623 μετά
720 549 953 622 κρίσεως
986 547 1227 620 ἄρξουσι.
1255 548 1365 601 Kal
1391 547 1542 602 ἔσται
1574 549 1604 600 6
1633 548 1917 620 ἄνθρωπος

2024 551 2291 620 principes
2317 564 2440 605 cum
2464 548 2666 618 judicio
2690 549 3053 618 imperabunt.
3081 546 3148 600 Et
3173 545 3279 600 erit
3305 546 3466 600 homo
3491 561 3585 599 oc-

338 646 596 719 κρύπτων
626 642 751 705 τοὺς
786 641 976 709 λόγους
1002 639 1202 702 αὑτοῦ,
1228 640 1322 692 καὶ
1358 637 1693 710 κρυϐήσεται
1723 638 1797 701 ὡς
1822 637 1914 707 ἀφ’

339 736 528 798 ὓδατος
561 732 882 804 φερομένου.
923 731 1034 784 Kal
1064 731 1361 800 φανήσεται
1393 733 1449 782 ἐν
1478 728 1616 782 Σιὼν
1640 729 1716 792 ὡς
1753 745 1919 782 ποτα.-

342 829 438 899 μδς
465 827 762 899 φερόμενος
783 865 797 890 ,
826 822 1032 888 ἔνδοξος
1058 824 1115 875 ἐν
1141 825 1212 894 γῇ
1239 821 1470 893 διψώσῃ.
1517 841 1535 873 ι
1566 821 1824 885 Θεσπίζει
1850 820 1920 873 τὰ

340 919 468 989 πέρι
501 919 599 990 τῆς
629 915 946 985 θεοφανείας
990 915 1082 968 τοῦ
1125 912 1358 985 Χριστοῦ
1379 930 1391 942 ·
1441 915 1599 984 μόνος
1626 913 1734 988 γὰρ
1764 906 1919 977 οὗτος

339 1010 546 1072 δίκαιος
585 1010 642 1062 ἐν
689 1006 994 1080 ἀνθρώποις
1030 1007 1269 1078 ἀνεφάνη
1321 1008 1349 1060 6
1399 1005 1671 1076 βασιλεύς.
1716 1007 1828 1060 Kal
1867 1008 1917 1060 οί

340 1101 625 1155 ἀπόστολοι
657 1100 714 1154 66
747 1098 911 1152 αὐτοῦ
950 1097 1088 1170 μετά
1121 1097 1355 1169 κρίσεως
1384 1096 1478 1151 τοῦ
1511 1098 1719 1150 ἑαυτῶν
1765 1095 1918 1166 βασι-

339 1191 497 1256 λὲως,
532 1193 629 1262 τῆς
691 1191 1018 1261 Ἐκκλησίας
1050 1189 1214 1244 αὐτοῦ
1249 1187 1650 1259 καθηγήσαντο.
1703 1186 1918 1242 Ἐϐασί-

339 1285 495 1338 λευσε
529 1285 705 1338 τοίνυν
737 1285 818 1346 εἰς
848 1281 1194 1353 δικαιοσύνην
1239 1283 1269 1335 6
1306 1280 1541 1352 Χριστὸς
1575 1280 1767 1352 καινήν
1798 1296 1920 1332 τινα

337 1376 540 1446 ταύτην
567 1375 666 1446 τὴν
693 1373 1000 1445 βασιλεία-δ’
1037 1373 1097 1428 ού
1129 1372 1235 1444 γὰρ
1269 1374 1348 1436 εἰς
1381 1371 1729 1444 ἀνθρωπίνην
1762 1371 1919 1438 ἀξίαν

339 1466 682 1529 ἀποϐλέπων,
723 1466 843 1519 οὐδὲ
879 1467 958 1529 εἰς
993 1465 1156 1536 τιμὴν
1195 1464 1473 1530 καὶδόξαν
1503 1465 1602 1536 τὴν
1643 1464 1794 1536 παρά
1821 1465 1918 1518 ἀν·

340 1559 598 1630 θρώποις,
634 1559 732 1628 τὴν
783 1556 1058 1628 βασιλείαν
1088 1558 1433 1628 ἐπανήρατο,
1469 1556 1580 1609 ἀλλ’
1607 1558 1687 1620 είς
1719 1556 1921 1609 δικαιο-

341 1651 540 1722 σύνην·
571 1649 758 1721 ὥσπερ
790 1645 881 1702 οὖν
935 1648 1030 1702 καὶ
1080 1649 1130 1700 οἱ
1179 1647 1438 1719 ἄρχοντες
1485 1647 1670 1713 αὐτοῦ,
1717 1649 1817 1700 οὐκ
1863 1648 1920 1699 ἐν

341 1743 614 1816 ἀξιώμασι
666 1743 952 1811 κοσμικαῖς
1003 1740 1370 1811 προαχθέντες
1421 1736 1609 1812 ἦρχον,
1670 1739 1784 1793 ἀλλ’
1841 1739 1920 1801 εἰς

341 1836 546 1906 κρίσιν.
584 1833 677 1886 Διὸ
728 1832 869 1886 κατά
893 1833 1018 1895 τοὺς
1047 1831 1267 1895 λοιποὺς
1302 1832 1643 1903 ἐρμηνευτάς
1683 1832 1917 1902 εἴρηται,

346 1947 365 1981 ι
405 1928 515 1981 Kal
542 1928 800 1999 ἄρχοντες
832 1928 913 1989 εἰς
952 1927 1126 1998 κρῖμα
1155 1924 1431 1995 ἄρξουσιν.
1471 1943 1489 1976 ι
1542 1924 1686 1976 Ἀντὶ
1716 1923 1773 1976 δὲ
1803 1922 1919 1985 τοῦ,

347 2037 365 2070 ι
420 2017 530 2071 Kal
572 2016 724 2069 ἔσται
760 2019 788 2071 6
818 2014 1104 2086 ἄνθρωπος
1137 2014 1396 2084 κρύπτων
1440 2013 1567 2078 τοὺς
1601 2014 1794 2082 λόγους
1823 2012 1923 2065 αύ-

339 2111 457 2174 τοῦ,
496 2130 514 2162 ι
562 2113 590 2165 6
629 2111 941 2182 Σύμμαχος,
1003 2127 1022 2160 ι
1060 2108 1170 2163 Kal
1202 2107 1375 2171 ἔσται,
1445 2107 1631 2177 φησιν,
1679 2103 1818 2176 ἀνὴρ
1849 2106 1925 2168 ὡς

341 2202 632 2273 ἀποκρυφὴ
693 2202 800 2255 ἀπὸ
872 2200 1180 2270 πνεύματος
1222 2201 1316 2254 καὶ
1371 2199 1653 2261 λαίλαπος.
1689 2217 1707 2249 ι
1769 2199 1926 2260 Ποῖος

339 2289 434 2346 οὖν
465 2293 750 2366 ἄνθρωπος
788 2292 941 2346 ἔσται
975 2291 1089 2345 ἀλλ’
1118 2293 1146 2346 6
1177 2290 1432 2362 ἀνωτέρω
1481 2289 1685 2353 δίκαιος
1713 2288 1927 2359 ὠνομαέ

347 2385 573 2456 σμένος;
609 2386 779 2448 Αὐτὸς
803 2385 911 2456 γὰρ
943 2378 1096 2448 οὗτος
1122 2383 1276 2439 ἔσται
1306 2384 1467 2455 ἀνὴρ,
1493 2382 1689 2435 οὐκοῦν
1725 2383 1791 2451 τῇ
1827 2379 1926 2449 φύ-

345 2493 428 2530 σει
459 2478 618 2549 ἀνὴρ,
659 2476 793 2530 ἀλλά
838 2477 1100 2549 κρείττων
1141 2474 1175 2548 ἢ
1219 2474 1362 2529 κατά
1405 2473 1694 2544 ἀνθρώπου
1742 2471 1921 2542 φύσιν.

341 2565 488 2637 Πλὴν
543 2565 694 2620 ἔσται
745 2565 1029 2638 ἄνθρωπος
1071 2563 1423 2637 ἐπικρύπτων
1474 2561 1641 2616 αὐτοῦ
1679 2562 1778 2633 τὴν
1811 2561 1927 2614 θεό-

338 2676 498 2732 τητα.
536 2659 720 2731 ’Ὑδωρ
761 2659 869 2730 γὰρ
903 2657 1199 2729 φερόμενον
1230 2651 1299 2727 ἦν
1328 2655 1422 2709 καὶ
1454 2653 1823 2726 ἀπολλύμενον
1863 2653 1925 2707 16

341 2751 548 2824 πλῆθος
578 2749 673 2804 τοῦ
709 2751 816 2803 τῶν
847 2749 1113 2813 Ἰουδαίων
1145 2747 1272 2801 λαοῦ
1297 2764 1311 2778 ο
1345 2746 1424 2800 διὸ
1453 2746 1926 2818 καὶλάπέκρυπτεν

339 2844 507 2898 αὐτὸν
533 2842 592 2910 ἐξ
619 2842 822 2904 αὐτῶν,
862 2841 958 2894 καὶ
994 2841 1121 2904 τοὺς
1157 2839 1347 2905 λόγους
1371 2837 1537 2893 αὑτοῦ
1577 2839 1670 2891 ἀπ’
1701 2838 1925 2891 ἐκείνων

345 2932 444 3003 μὲν
473 2931 763 2993 ἐκάλυπτε,
795 2933 907 2994 τοῖς
937 2930 993 2983 δὲ
1023 2928 1188 2983 αὑτοῦ
1213 2929 1480 3001 μαθηταῖς
1508 2928 1796 3000 ἐφανέρου.
1825 2929 1924 2993 Τίς

340 3021 400 3076 66
435 3022 732 3092 φανήσεται
773 3021 807 3092 ἢ
842 3020 1004 3084 αὐτὸς
1037 3018 1244 3084 δίκαιος
1279 3019 1564 3090 βασιλεύς;
1615 3019 1778 3084 αὐτὸς
1817 3019 1923 3090 γὰρ

344 3115 646 3185 φανήσεται
694 3114 769 3178 ὡς
821 3113 1065 3184 ποταμὸς
1113 3113 1414 3184 φερόμενος
1459 3113 1686 3178 ἔνδοξος.
1730 3113 1825 3176 Τίς
1867 3111 1924 3166 δέ

2019 642 2231 697 cultans
2269 656 2549 697 sermones
2577 656 2725 706 suos.
2767 651 2823 696 et
2845 639 3209 696 occultabitnr
3239 647 3297 692 ut
3347 638 3416 692 ab
3443 654 3587 707 aqua

2019 744 2293 789 manante.
2317 735 2388 789 Et
2405 734 2688 803 apparebit
2715 735 2770 788 in
2790 733 2942 799 Sion,
2963 732 3105 787 sicut
3125 729 3317 785 ﬂuvius
3339 745 3586 794 currens,

2020 827 2256 897 inclytus
2291 829 2343 882 in
2376 836 2520 881 terra
2547 827 2782 882 sitienti.
2814 844 2833 878 ι
2865 825 2996 892 Quae
3023 824 3090 879 ad
3121 823 3359 878 divinum
3386 821 3588 875 Christi

2018 921 2308 974 adventum
2335 926 2581 990 spectant
2608 917 2966 972 vaticinatur:
2997 916 3045 970 is
3070 929 3303 982 namque
3325 912 3470 967 solus
3493 926 3587 966 rex

2014 1013 2193 1082 justus
2221 1014 2274 1067 in
2329 1010 2644 1066 hominibus
2684 1010 2958 1080 apparuit.
3014 1006 3259 1076 Apostoli
3307 1019 3436 1060 vero
3471 1004 3588 1073 ejus

2019 1118 2141 1158 cum
2174 1104 2378 1172 judicio
2409 1103 2554 1173 regis
2606 1102 2690 1156 sui
2729 1100 2988 1156 Ecclesiae
3034 1099 3206 1169 ipsius
3235 1096 3584 1166 praefuerunt.

2021 1197 2284 1268 Regnavit
2314 1197 2498 1265 itaque
2537 1196 2590 1248 in
2619 1193 2887 1262 justitiam
2919 1191 3190 1254 Christus,
3233 1203 3427 1244 novum
3456 1201 3589 1243 sane

2022 1290 2170 1360 regni
2207 1303 2411 1360 genus;
2457 1303 2562 1342 non
2607 1286 2664 1340 in
2692 1287 2982 1340 humanam
3015 1284 3212 1352 quippe
3251 1280 3586 1349 dignitatem,

2021 1383 2198 1439 nonin
2231 1384 2489 1437 honorem
2521 1389 2575 1435 et
2592 1377 2819 1448 gloriam
2844 1375 3122 1430 hominum
3153 1371 3467 1440 respiciens,
3503 1384 3592 1423 re-

2021 1489 2185 1545 gnum
2202 1474 2410 1540 erexit;
2441 1473 2534 1526 sed
2559 1472 2610 1524 in
2627 1468 2897 1538 justitiam
2925 1485 2940 1522 :
2971 1463 3423 1536 quemadmodum
3443 1462 3590 1531 prin-

2020 1568 2169 1636 cipes
2204 1565 2340 1634 ejus,
2372 1579 2476 1618 non
2507 1562 2572 1617 ad
2596 1561 2901 1616 mundanas
2946 1558 3240 1628 dignitates
3262 1555 3458 1617 evecti,
3490 1553 3592 1606 im.-

2021 1658 2313 1731 perabantf;
2345 1657 2436 1713 sed
2496 1655 2562 1710 ad
2593 1653 2878 1723 judicium.
2920 1648 3259 1718 Quapropter
3296 1647 3590 1699 secundum

2024 1751 2263 1821 reliquos
2289 1751 2614 1819 interpretes
2655 1747 2858 1802 dictum
2885 1753 2968 1809 est
2992 1780 3010 1807 ,
3052 1759 3070 1792 ι
3110 1741 3177 1794 Et
3223 1736 3495 1810 principes
3525 1735 3592 1789 ad

2019 1844 2281 1914 judicium
2324 1840 2687 1912 imperabunt.
2721 1857 2740 1891 ι
2785 1835 2892 1890 Pro
2939 1835 3030 1889 illo
3088 1843 3292 1894 autem,
3342 1847 3361 1881 ι
3397 1828 3464 1882 Et
3489 1827 3595 1882 erit

2027 1939 2188 1992 homo
2235 1935 2575 1990 abscondens
2620 1943 2903 1986 sermones
2952 1941 3106 1991 suos,
3137 1943 3156 1976 ι
3193 1921 3549 1993 Symmachus
3575 1958 3591 1984 ,

2033 2050 2050 2083 ι
2088 2031 2154 2085 Ει
2179 2029 2285 2084 erit
2320 2027 2402 2082 vir
2439 2028 2580 2081 sicut
2615 2022 2908 2078 absconsio
2933 2035 2962 2072 a
2995 2017 3185 2088 spiritu
3213 2023 3269 2070 et
3297 2011 3588 2082 procella.»

2026 2125 2160 2192 Quis
2219 2123 2384 2194 igitur
2417 2122 2580 2176 homo
2614 2118 2738 2182 erit,
2779 2115 2885 2169 nisi
2921 2115 2966 2168 is
3011 2112 3103 2181 qni
3139 2108 3386 2180 superius
3413 2106 3596 2174 justus

2026 2215 2328 2287 appellatus
2359 2213 2482 2268 est?
2523 2211 2622 2265 Hie
2658 2209 2803 2262 enim
2840 2207 2956 2276 ipse
2999 2204 3082 2258 vir
3128 2203 3254 2268 erit,
3287 2209 3480 2254 natura
3513 2198 3596 2252 vir

2026 2309 2264 2379 quidem,
2296 2307 2391 2361 sed
2416 2302 2653 2359 hominis
2680 2311 2875 2355 natura
2901 2298 3057 2367 longe
3081 2293 3446 2365 praestantior.
3477 2289 3594 2345 Ce-

2027 2411 2200 2456 terum
2254 2399 2414 2453 bomo
2455 2396 2560 2450 erit
2601 2408 2755 2450 suam
2797 2389 3082 2446 occultans
3135 2385 3412 2440 deitatem.
3458 2381 3595 2436 Nam

2026 2506 2166 2562 aqua
2197 2491 2339 2545 ﬂuxa
2357 2499 2412 2544 et
2451 2486 2662 2558 perdita
2686 2493 2803 2540 erat
2825 2479 3111 2536 multitudo
3135 2474 3344 2530 Iudaici
3378 2471 3592 2544 populi:

2024 2599 2195 2657 quare
2221 2598 2341 2639 sese
2371 2581 2440 2636 ab
2471 2580 2599 2643 illis,
2633 2588 2689 2633 et
2734 2574 2899 2631 verba
2930 2588 3026 2628 sua
3064 2569 3132 2626 ab
3160 2569 3372 2624 illorum
3417 2565 3597 2621 verbis

2025 2656 2355 2740 occultabat,
2387 2674 2483 2728 sed
2525 2667 2808 2739 discipulis
2859 2668 2978 2721 suis
3001 2679 3063 2718 ea
3098 2660 3430 2718 declarabat.
3465 2656 3597 2723 Quis

2025 2780 2204 2826 autem
2231 2766 2548 2839 apparebit,
2584 2763 2686 2818 nisi
2720 2762 2834 2831 ipse
2886 2774 2980 2814 rex
3004 2755 3216 2825 justus?
3245 2754 3361 2821 ipse
3392 2752 3592 2820 quippe

2023 2875 2144 2918 sese
2170 2857 2618 2928 conspiciendum
2649 2851 2932 2924 prmbebit,
2960 2850 3114 2921 quasi
3151 2848 3344 2901 ﬂuvius
3370 2858 3597 2899 manans

2025 2951 2273 3026 inclytus.
2296 2949 2426 3018 Quae
2446 2963 2575 3004 vero
2599 2948 2728 3003 Sion
2753 2945 2865 3007 illa,
2887 2943 2993 2998 nisi
3016 2957 3135 3010 quae
3156 2954 3301 2999 eum.
3321 2938 3415 3007 qui
3442 2952 3501 2991 se
3529 2935 3598 2990 ab

2025 3046 2129 3101 illis
2156 3044 2482 3109 occultabat,
2513 3039 2725 3111 publice
2758 3036 3004 3104 accepit?
3034 3049 3156 3088 nam
3193 3047 3314 3101 qua:
3338 3029 3469 3084 olim
3496 3028 3595 3081 de-

2025 3144 2169 3192 serta
2204 3144 2259 3189 et
2303 3132 2576 3189 sitibunda
2605 3138 2746 3200 erat,
2779 3127 3021 3185 Ecclesia
3069 3139 3136 3180 ex
3171 3122 3441 3195 gentibus,
3482 3120 3598 3191 ipsa

345 3206 492 3304 ἐστιν
519 3207 563 3304 ή
582 3204 719 3259 Σιὼν
750 3203 887 3275 αὕτη
914 3204 947 3275 ἢ
978 3206 1012 3275 ὴ
1038 3204 1129 3258 τὸν
1169 3204 1263 3257 ἀπ’
1294 3204 1518 3258 ἐκείνων
1546 3204 1921 3278 κρυπτόμενον
1947 3243 1993 3304 c
2024 3240 2149 3281 vere
2175 3224 2305 3281 δίοη
2337 3233 2443 3280 εει,

346 3295 606 3368 ἐμφανῶς
655 3295 1107 3367 παραδεξαμένη;
1145 3297 1178 3366 ἠ
1227 3295 1337 3368 γὰρ
1379 3296 1545 3350 πάλαι
1585 3296 1791 3368 ἕρημος
1829 3296 1924 3350 καὶ

344 3386 556 3458 διψῶσα
587 3387 622 3459 ἡ
653 3386 713 3452 ἐξ
753 3387 919 3440 ἐθνῶν
961 3385 1274 3458 Ἐκκλησία,
1302 3387 1442 3459 αὕτη
1479 3387 1629 3442 ἐστὶν
1661 3389 1694 3458 ή
1724 3385 1883 3440 Σιών.

421 3537 441 3570 ι
481 3517 592 3571 Kal
633 3516 813 3570 οὐκέτι
854 3515 1066 3571 ἔσονται
1099 3517 1418 3582 πεποιθότες
1464 3519 1548 3571 ἐπ’
1581 3515 1920 3590 ἀνθρώπους,

344 3609 482 3665 ἀλλὰ
518 3609 588 3663 τὰ
619 3603 734 3664 ὦτα
766 3607 1027 3664 δώσουσιν
1075 3609 1316 3674 ἀκούειν,
1359 3611 1454 3664 καὶ
1501 3612 1535 3680 ἡ
1583 3609 1780 3682 καρδία
1813 3610 1924 3662 τῶν

344 3698 713 3753 ἀσθενούντων
751 3698 1004 3771 προσέξει
1042 3697 1136 3753 τοῦ
1182 3697 1420 3761 ἀκούειν,
1456 3697 1552 3751 καὶ⁵
1589 3699 1647 3752 αἱ
1676 3697 1921 3766 γλῶσσαι

345 3791 400 3844 αἱ
431 3790 776 3860 ψελλίξουσαι
818 3791 957 3861 ταχὺ
1008 3790 1340 3862 μαθήσονται
1388 3789 1569 3843 λαλεῖν
1611 3791 1852 3860 εἰρήνην.
1897 3808 1917 3841 ι

346 3881 487 3936 Σιὼν
517 3883 694 3936 τοίνυν
731 3882 824 3935 καὶ
865 3882 938 3952 γῆ
977 3880 1187 3954 διψῶσα
1218 3880 1386 3935 πάλαι
1416 3880 1620 3953 ἔρημος
1652 3881 1737 3951 εἴη
1782 3881 1848 3935 ἂν
1885 3883 1920 3953 ἡ

360 3972 684 4044 Ἐκκλησίαο
727 3972 823 4056 καὶ
865 3971 1062 4044 καρδία
1105 3969 1496 4034 ἀσθενούντων,
1543 3971 1636 4023 καὶ
1678 3969 1922 4038 γλῶσσαι

345 4064 748 4135 τραυλίζουσαι,
781 4065 838 4118 αἱ
873 4063 982 4116 τῶν
1015 4063 1180 4116 πάλαι
1217 4062 1308 4115 τὸν
1339 4061 1472 4115 Θεὸν
1521 4062 1594 4132 μὴ
1638 4061 1920 4129 νοούντων,

351 4153 484 4225 μηδὲ
524 4153 658 4224 ὀρθὰ
695 4153 994 4208 λαλούντων
1025 4135 1215 4216 ἐθνῶν,
1261 4147 1342 4216 οἷς
1388 4153 1778 4221 ἐπαγγέλλεται
1826 4155 1922 4228 τὴν

347 4247 442 4302 ἐπὶ
477 4246 545 4300 τὰ
571 4246 806 4318 κρείττω
834 4245 1154 4318 μεταόολήν.
1180 4243 1402 4308 Τούτοις
1422 4245 1696 4314 ἐπιλέγει·

427 4421 446 4455 ι
489 4403 600 4456 Kal
646 4401 827 4456 οὐκέτι
870 4402 931 4455 οὐ
987 4401 1060 4473 μὴ
1085 4402 1280 4455 εἴπωσι
1329 4401 1407 4474 τῷ
1449 4401 1615 4474 μωρῷ
1646 4401 1869 4473 ἄρχειν·
1896 4424 1917 4458 ι

349 4491 537 4564 ὥσπερ
578 4489 670 4546 οὖν
716 4493 979 4564 πρότερον
1024 4492 1259 4555 ἐποίουν,
1308 4493 1397 4546 ὅτε
1445 4497 1557 4556 τοῖς
1601 4494 1676 4558 ὡς
1709 4494 1926 4567 ἀληθῶς

2098 3537 2264 3594 Vens.
2292 3540 2348 3602 5,
2376 3538 2431 3592 4.
2467 3556 2486 3588 ι
2520 3537 2588 3593 Ει
2623 3550 2730 3592 non
2778 3544 2936 3591 erunt
2999 3533 3229 3605 amplius
3268 3528 3598 3586 conﬁdentes

2030 3631 2082 3686 in
2123 3631 2472 3687 hominibus:
2503 3629 2596 3685 sed
2625 3642 2785 3684 aures
2821 3627 2888 3682 ad
2927 3625 3250 3681 audiendum
3287 3625 3513 3685 dabunt,
3543 3630 3598 3676 et

2027 3739 2124 3779 cor
2156 3723 2494 3778 infirmorum
2533 3720 2796 3784 attendet,
2826 3728 2884 3772 ut
2923 3718 3098 3772 audiat
3130 3735 3145 3770 :
3182 3725 3236 3771 et
3262 3716 3455 3784 linguae
3482 3713 3599 3768 bal-

2027 3814 2347 3871 butientium
2379 3815 2487 3868 cito
2519 3813 2736 3866 discent
2765 3811 2909 3880 loqui
2953 3824 3160 3876 pacem.
3201 3827 3218 3860 ι
3249 3807 3381 3862 Sion
3417 3806 3596 3874 itaque

2027 3917 2081 3963 et
2109 3918 2250 3964 terra
2280 3906 2470 3962 sitiens
2498 3903 2626 3958 olim
2652 3904 2888 3968 deserta,
2917 3901 3157 3957 Ecclesia
3193 3899 3356 3954 fuerit
3386 3915 3400 3953 :
3430 3905 3484 3952 et
3504 3912 3597 3952 cor

2028 4000 2389 4064 inﬁrmorum,
2417 4006 2470 4050 et
2491 3996 2684 4066 lingua:
2711 3995 3092 4060 balbutientes,
3115 3993 3351 4064 gentium
3372 3991 3593 4055 fuerint,

2026 4109 2148 4164 qua)
2173 4093 2304 4148 olim
2341 4106 2442 4146 nee
2467 4089 2632 4144 Deum
2669 4097 2952 4152 noverant,
2987 4102 3086 4142 nec
3116 4095 3263 4142 recte
3296 4084 3594 4153 loqueban-

2029 4198 2136 4254 tur,
2165 4187 2361 4259 quibus
2399 4185 2807 4242 conversionem
2834 4187 2900 4240 ad
2923 4183 3146 4240 meliora
3170 4181 3470 4254 pollicetur.
3499 4178 3594 4234 liis

2027 4281 2299 4353 subiungit
2319 4298 2334 4335 :

2097 4420 2260 4476 Vens.
2285 4419 2339 4477 5.
2378 4436 2398 4470 ι
2425 4417 2610 4488 Neque
2641 4417 2872 4487 amplius
2899 4416 3083 4471 dicent
3117 4413 3306 4476 stulto,
3341 4421 3400 4468 ut
3425 4411 3595 4481 impe-

2029 4523 2152 4569 ret:
2191 4532 2211 4566 ι
2253 4511 2706 4581 quemadmodum
2745 4510 2873 4564 olim
2913 4507 3165 4578 agebant,
3206 4521 3328 4560 cum
3380 4506 3591 4558 animas

354 4587 556 4672 μωροῖς
575 4584 910 4672 διδασκάλοις
931 4584 1109 4637 αὐτῶν
1137 4585 1437 4655 ἐπέτρεπον
1455 4585 1554 4650 τὰς
1581 4586 1789 4640 ἑαυτῶν
1818 4587 1921 4656 ψυ-

2026 4621 2154 4661 suas
2189 4603 2371 4660 stultis
2420 4618 2547 4659 vere
2600 4600 2879 4672 magistris
2939 4597 3381 4654 concredehant:
3434 4601 3620 4655 erant,

351 4675 453 4749 χὰς
473 4692 487 4706 ·
521 4671 660 4746 ἦσαν
686 4675 743 4729 66
767 4668 913 4729 οὗτοι
957 4676 1006 4728 οἱ
1036 4676 1190 4744 σοφοὶ
1230 4677 1323 4729 τοῦ
1367 4676 1561 4741 αἰῶνος
1605 4679 1815 4742 τούτου,
1849 4673 1924 4733 ὧν

351 4767 630 4841 ἐμώρανεν
659 4770 689 4822 6
727 4768 859 4832 Θεὸς
887 4769 988 4840 τὴν
1030 4770 1238 4838 σοφίαν.
1269 4769 1519 4834 Τοιοῦτος
1560 4772 1616 4824 δὲ
1655 4768 1721 4843 ἦν
1754 4774 1863 4836 πᾶς
1896 4775 1925 4827 6

346 4861 448 4931 τὴν
477 4861 666 4931 σοφίαν
697 4861 1160 4931 ἐπαγγελλόμενος
1180 4861 1271 4914 τοῦ
1289 4861 1483 4926 αἰῶνος
1525 4863 1739 4920 τούτου.
1782 4866 1923 4920 «Καὶ

346 4952 529 5007 οὐκέτι
564 4953 640 5025 μὴ
669 4955 895 5008 εἴπωσιν
937 4954 987 5007 οί
1036 4953 1302 5024 ὑπηρέται
1343 4970 1458 5018 σου,
1491 4954 1644 5024 Σίγα.
1686 4974 1706 5006 ι

427 5154 446 5186 ι
470 5135 528 5189 Ὀ
547 5134 655 5207 γὰρ
691 5135 872 5208 μωρὸς
906 5133 1063 5208 μωρὰ
1079 5132 1322 5205 λαλήσει,
1353 5131 1444 5185 καὶ
1474 5133 1507 5202 ἡ
1536 5130 1731 5200 καρδία
1757 5128 1921 5183 αὑτοῦ

353 5223 558 5296 μάταια
585 5225 786 5295 νοήσει,
813 5224 906 5277 τοῦ
937 5223 1208 5277 συντελεῖν
1245 5222 1440 5293 ἄνομα,
1473 5220 1566 5274 καὶ
1586 5219 1763 5273 λαλεῖν
1789 5218 1924 5289 πρὸς

350 5317 555 5389 Κύριον
600 5317 888 5389 πλάνησιν,
933 5315 1028 5369 τοῦ
1061 5315 1370 5385 διασπεῖραι
1406 5312 1583 5384 ψυχὰς
1629 5311 1920 5374 πεινώσας,

349 5412 445 5468 καὶ
477 5411 575 5475 τὰς
605 5411 783 5484 ψυχὰς
825 5411 922 5476 τὰς
952 5409 1190 5479 διψώσας
1219 5407 1380 5472 κενὰς
1422 5408 1657 5478 ποιήσει.
1706 5406 1768 5458 Ἡ
1811 5405 1920 5477 γὰρ

348 5503 515 5576 βουλὴ
556 5504 666 5557 τῶν
698 5503 950 5575 πονηρῶν
991 5501 1166 5573 ἄνομα
1202 5501 1530 5573 βουλεύεται,
1562 5499 1921 5570 καταφθεῖραι

348 5599 638 5661 ταπεινοὺς
667 5599 725 5652 ἐν
757 5596 934 5665 λόγοις
963 5595 1166 5658 ἀδίκοις
1185 5637 1200 5661 ,
1224 5594 1319 5649 καὶ
1358 5593 1704 5646 διασκεδάσαι
1731 5590 1921 5660 λόγους

349 5687 623 5742 ταπεινῶν
662 5689 720 5740 ἐν
766 5687 966 5758 κρίσει.
1021 5703 1042 5737 ι
1083 5682 1260 5754 Μωρά
1299 5684 1356 5737 δὲ
1389 5683 1559 5736 ταῦτα
1589 5683 1695 5754 γὰρ
1744 5681 1920 5735 πάντα

353 5777 521 5832 πάλαι
545 5776 810 5848 ἔπραττον
838 5777 887 5828 οί
917 5774 1084 5829 πάλαι
1110 5773 1280 5844 μωροὶ
1304 5760 1559 5842 ἄρχοντες
1581 5773 1688 5826 τῶν
1710 5770 1920 5842 ἀνθρώ-

353 5884 469 5923 πων
489 5887 501 5900 ·
540 5868 634 5924 καὶ
668 5869 701 5938 ὴ
735 5867 896 5938 βουλὴ
940 5866 1116 5923 αὐτῶν
1163 5865 1372 5936 πονηρὰ
1399 5861 1532 5920 οὖσα
1564 5866 1736 5934 ἄνομα
1770 5864 1920 5917 ἐϐου-

2029 4713 2190 4770 porro
2229 4697 2266 4752 ii
2312 4696 2585 4765 sapientes
2616 4694 2777 4765 hujus
2811 4691 3017 4755 smenli,
3047 4703 3276 4759 quorum
3321 4687 3460 4740 Deus
3508 4700 3596 4739 sa-

2028 4789 2288 4862 pientiam
2319 4788 2625 4843 infamavit.
2651 4785 2801 4841 Talis
2835 4794 2952 4840 erat
2988 4780 3236 4853 quisquis
3265 4777 3592 4849 sapientiam

2028 4881 2187 4952 hujus
2211 4880 2392 4935 saeculi
2431 4880 2805 4949 proﬁtebatur.
2843 4894 2864 4931 ι
2918 4875 3101 4945 Neque
3131 4871 3365 4942 amplius
3409 4870 3594 4926 dicent

2029 4974 2170 5030 servi
2209 4973 2306 5041 tui,
2329 4972 2490 5028 Tace.
2531 4991 2550 5026 ι

2099 5128 2262 5186 Vsus.
2290 5129 2343 5196 6,
2368 5128 2420 5186 7.
2450 5147 2476 5180 ι·
2500 5127 2630 5183 Nam
2662 5126 2858 5183 stultus
2896 5124 3057 5182 stulta
3090 5123 3362 5194 loquetur,
3395 5132 3452 5178 et
3498 5138 3594 5178 cor

2028 5223 2142 5292 ejus
2171 5238 2309 5277 vana
2361 5222 2624 5291 cogitabit
2672 5221 2739 5276 ad
2771 5219 3161 5291 perliciendum
3193 5217 3398 5287 iniqua,
3428 5224 3484 5272 et
3517 5217 3595 5270 Io-

2029 5318 2298 5388 quendum
2345 5328 2588 5370 errorem
2619 5315 2686 5369 ad
2718 5313 3026 5378 Dominum,
3073 5320 3132 5366 ut
3166 5312 3440 5381 dispergat
3472 5310 3592 5362 ani-

2028 5425 2145 5465 mas
2166 5406 2494 5472 esurientes,
2531 5415 2585 5460 et
2616 5407 2828 5462 animas
2884 5405 3134 5460 sitientes
3167 5418 3362 5458 vacuas
3408 5401 3591 5457 faciet.

2026 5499 2320 5557 Consilium
2347 5497 2490 5552 enim
2513 5497 2777 5553 malorum
2810 5498 2994 5568 iniqua
3024 5495 3301 5566 cogitabit,
3331 5495 3398 5548 ad
3426 5495 3568 5549 inter

2031 5590 2316 5648 liciendum
2344 5589 2573 5646 humiles
2600 5593 2652 5645 in
2679 5591 3022 5647 sermonibus
3051 5587 3273 5657 iniquis,
3299 5596 3354 5642 et
3376 5588 3444 5640 ad
3477 5585 3592 5642 dis-

2025 5683 2248 5750 sipanda
2287 5683 2450 5736 verba
2506 5681 2785 5737 humilium
2827 5683 2881 5737 in
2905 5681 3126 5750 judicio.
3166 5698 3186 5732 ι
3233 5679 3357 5733 Hazc
3383 5679 3580 5748 quippe

2025 5774 2189 5830 stulta
2209 5775 2388 5830 omnia
2414 5775 2540 5830 olim
2572 5775 2805 5845 agebant
2843 5775 2918 5830 illi
2967 5773 3092 5829 olim
3135 5772 3284 5828 stulti
3321 5770 3590 5840 principes

2028 5869 2303 5925 hominum
2333 5884 2346 5922 :
2377 5879 2428 5926 ct
2455 5869 2734 5927 consilium
2762 5883 2949 5926 eorum
2988 5865 3188 5923 malum
3241 5865 3425 5934 iniqua
3453 5862 3586 5919 deli-
