4158 6402
551 369 657 424 519

1225 362 1492 422 EUSEBII
1529 363 2008 422 CESARIENSIS
2043 361 2192 421 OPP.
2236 365 2415 420 PARS
2452 366 2542 424 Ill.
2582 399 2653 408 —
2689 367 3098 425 EXEGETICA.

3695 373 3799 428 3‘20

549 460 876 526 berabat,ut
905 459 1253 516 sermonibus
1282 457 1397 514 suis
1423 457 1708 512 humilium
1759 456 1970 514 animas
2003 472 2108 528 per-

2227 455 2434 522 λεύετο,
2464 460 2545 522 είς
2575 458 2638 512 τὸ
2663 459 3022 532 καταφθεῖραι
3065 462 3180 524 τοῖς
3212 459 3417 516 ἑαυτῶν
3451 460 3631 532 λόγοις
3673 467 3798 530 τοὺς

550 554 786 700 desetis.
814 643 868 700 8.
899 662 918 696 ‹
944 641 1024 698 Pii
1053 651 1233 698 autem
1249 642 1534 713 prudentia
1559 643 1788 699 consilia
1813 644 2118 700 iniverunt:

545 750 603 793 et
635 738 738 793 hoc
761 736 1046 792 consilium
1069 735 1330 791 manebit.
1357 753 1376 787 ι
1403 735 1569 803 Qneis
1592 732 1970 805 signiﬁcantur
1994 749 2124 804 apo-

546 828 675 883 stoll
707 824 1019 883 Servatoris
1058 824 1257 892 nostri,
1294 826 1350 882 in
1393 825 1666 898 principio
1719 827 1912 882 salutis
1963 829 2030 882 ab
2065 839 2124 883 se

545 923 715 985 datae,
752 934 876 990 qua:
919 927 980 974 ut
1027 920 1201 990 probe
1246 919 1608 992 dlrigeretur,
1651 935 1748 977 rex
1792 921 1974 992 justus
2024 919 2122 976 da-

549 1024 633 1069 tus
659 1020 765 1068 est.

622 1105 784 1164 Vens.
813 1107 867 1164 9.
906 1125 926 1159 ι
965 1105 1218 1164 Mulieres
1249 1106 1472 1172 divites,
1505 1103 1731 1177 surgite,
1747 1108 1803 1162 et
1830 1103 2013 1160 audite
2030 1119 2123 1161 vo-

546 1215 663 1258 cem
716 1216 931 1256 meam:
969 1201 1113 1266 llliaa,
1147 1202 1198 1256 in
1230 1215 1324 1271 spe
1353 1201 1536 1258 audite
1583 1213 1860 1255 sermones
1893 1213 2057 1254 meos.
2096 1217 2115 1253 ι

547 1294 701 1349 Nunc
758 1294 1035 1364 proponit,
1091 1294 1157 1348 ad
1215 1293 1510 1365 lacrymas,
1567 1291 1750 1348 ﬂetum
1806 1301 1863 1347 et
1920 1291 2120 1348 luctum

545 1402 841 1458 provocare
888 1401 1021 1452 eos,
1067 1388 1209 1457 quod
1262 1401 1328 1442 ex
1374 1402 1471 1441 sua
1528 1401 1656 1459 erga
1714 1383 1882 1441 Deum
1941 1385 2120 1440 incre-

544 1481 776 1537 dulitate
827 1494 856 1534 a
896 1478 994 1535 Dei
1043 1482 1215 1550 gratia
1272 1479 1574 1535 exciderint
1629 1495 1646 1532 :
1691 1492 1880 1532 eorum
1940 1485 2118 1532 autem

543 1572 820 1628 emollitos
847 1582 903 1628 et
931 1571 1272 1627 eﬂeminatos
1298 1573 1509 1627 animos
1557 1571 1893 1641 vituperans,
1926 1566 2120 1625 mulie-

543 1677 632 1720 res
667 1673 961 1735 nuncupat.
996 1665 1168 1720 Aiuut
1197 1671 1358 1733 porro
1413 1664 1516 1719 bac
1550 1662 1833 1734 prOphetia
1858 1683 1860 1685 ’
1884 1675 2118 1734 synago-

544 1773 641 1829 gas
691 1758 931 1829 ipsorum
981 1759 1230 1815 indicari.
1262 1755 1522 1812 Hortatur
1555 1754 1738 1827 itaque
1787 1755 1929 1821 illos,
1962 1766 2024 1810 ut
2051 1769 2118 1810 ne

2225 547 2323 613 τὰς
2352 548 2529 620 ψυχὰς
2553 553 2860 617 ταπεινούς.

2298 658 2318 690 ι
2357 641 2420 692 Οἱ
2457 640 2514 693 δὲ
2553 639 2794 705 εὐσεϐεῖς
2836 641 3032 718 συνετά
3067 642 3488 698 ἐϐουλεύσαντο·
3530 644 3623 698 καὶ
3657 645 3794 718 αὕτη

2224 731 2258 803 ή
2292 731 2452 804 βουλὴ
2480 737 2648 804 μενεῖ.
2688 754 2706 787 ι
2735 737 2813 788 Δι’
2837 729 2911 789 ὧν
2937 737 3291 808 σημαίνονται
3315 738 3362 790 oi
3394 736 3677 792 ἀπόστολοι
3702 741 3794 795 τοῦ

2224 824 2478 896 Σωτῆρος
2512 825 2669 897 ήμῶν
2701 829 2782 891 είς
2811 827 2910 898 τὴν
2945 827 3116 900 ἀρχὴν
3155 829 3255 899 τῆς
3303 829 3577 902 σωτηρίας
3605 833 3792 896 αὐτοῦ,

2223 913 2318 969 καὶ
2344 915 2424 969 τὸ’
2449 917 2698 988 ἡγεῖσθαι
2733 917 2923 989 αὐτῆς,
2964 918 3168 984 δίκαιος
3194 917 3487 993 δεδώρηται
3521 920 3791 992 βασιλεύς.

2222 1126 2226 1132 -
2299 1113 2318 1152 ι
2351 1101 2611 1164 Γυναῖκες
2645 1101 2916 1168 πλούσιαι,
2949 1102 3236 1175 ἀνάστητε,
3271 1101 3366 1158 καὶ
3402 1103 3666 1159 ἀκούσατε
3694 1103 3794 1175 τῆς

2223 1195 2408 1266 φωνῆς
2437 1213 2538 1267 μου
2558 1214 2571 1226 ·
2604 1196 2918 1270 Θυγατέρες,
2950 1198 3036 1253 ἐπ’
3066 1197 3240 1253 ἐλπίδι
3269 1199 3533 1253 ἀκούσατε
3557 1201 3681 1264 τοῦς
3708 1199 3796 1253 λό-

2221 1303 2351 1356 γους
2379 1306 2501 1360 μου.
2547 1309 2565 1342 ι
2603 1288 2701 1343 Διά
2733 1289 2840 1344 τῶν
2874 1291 3250 1363 προκειμένων
3283 1294 3594 1362 προσφωνεῖ
3617 1308 3795 1363 παρα-

2221 1372 2573 1453 κελευόμενος
2616 1382 3006 1437 ἀποκλαίεσθαι
3056 1383 3150 1437 καὶ
3195 1383 3490 1437 κόπτεσθαι
3532 1383 3627 1437 καὶ
3663 1383 3794 1456 θρη-

2220 1476 2352 1538 νεῖν,
2389 1473 2464 1538 ὡς
2494 1473 2561 1528 ἂν
2593 1475 2875 1529 ἐκπέσοιεν
2897 1475 2997 1546 τῆς
3024 1474 3117 1529 τοῦ
3140 1475 3276 1529 Θεοῦ
3317 1475 3536 1546 χάριτος
3575 1476 3663 1530 διὰ
3692 1475 3791 1547 τὴν

2219 1566 2300 1629 είς
2327 1566 2418 1620 τὸν
2442 1565 2576 1620 Θεὸν
2599 1565 2858 1620 ἀπιστίαν
2884 1566 3062 1621 αὐτῶν
3079 1584 3093 1598 ·
3126 1560 3422 1621 διαϐάλλων
3455 1568 3513 1621 δὲ
3546 1568 3606 1620 τὸ
3632 1569 3791 1622 ἀναν-

2218 1652 2342 1729 δρον
2367 1655 2466 1729 τῆς
2491 1657 2669 1729 ψυχῆς
2707 1657 2887 1712 αὐτῶν
2913 1659 3007 1712 καὶ
3036 1659 3096 1712 τὸ
3121 1649 3502 1729 τεθηλυμένον,
3531 1661 3793 1728 γυναῖκας

2220 1749 2418 1813 αὐτοὺς
2443 1750 2728 1804 ἀποκαλεῖ.
2761 1749 2897 1805 Φασὶ
2924 1749 2982 1804 δὲ
3011 1749 3109 1815 τὰς
3139 1749 3460 1819 συναγωγάς
3487 1745 3666 1804 αὐτῶν
3693 1750 3790 1821 δη-

543 1814 741 1921 supine
771 1860 826 1907 et
863 1850 1234 1922 perfunctorie
1278 1847 1438 1906 dictis
1471 1814 1790 1915 attendant;
1813 1847 1916 1904 sed
1941 1848 2108 1919 pervi‘

2218 1839 2441 1895 λοῦσθαι
2465 1841 2553 1896 διὰ
2580 1842 2682 1913 τῆς
2705 1842 3016 1914 φασκούσης
3033 1841 3143 1913 (59)
3171 1814 3524 1915 προέρητείας.
3543 1814 3794 1914 Παρακε-

547 1943 640 2012 gili
667 1950 724 1997 et
744 1943 1044 2012 composito
1074 1943 1274 1998 animo.
1305 1941 1563 1998 Fortasse
1590 1941 1819 2008 dixeris,
1839 1953 1936 2011 per
1968 1939 2114 2010 prio-

540 2049 628 2090 rcs
658 2034 774 2091 illas
791 2033 1045 2090 mulieres
1071 2034 1364 2103 significari
1393 2034 1606 2104 priscos
1635 2032 1754 2089 illos
1798 2033 2106 2089 Juda’orum

545 2139 868 2192 conventus,
902 2142 964 2183 ac
1005 2127 1408 2182 multitudinem
1452 2127 1524 2182 ibi
1551 2137 1970 2197 congregatam;
2018 2137 2117 2196 per

541 2221 678 2278 ﬁlias
706 2237 855 2288 vero,
890 2220 1280 2294 posterioribus
1313 2222 1645 2292 temporibus
1670 2221 1997 2286 nascituras,
2019 2233 2114 2274 eo-

540 2329 658 2370 rum
687 2327 1008 2386 synagogas.

608 2585 772 2642 Vens.
807 2585 894 2641 10.
931 2605 952 2639 ι
996 2585 1106 2641 Diei
1140 2585 1267 2640 anni
1298 2583 1616 2640 memoriam
1649 2581 1811 2638 facite
1834 2581 1887 2635 In
1921 2580 2112 2636 dolore

535 2691 658 2732 cum
690 2690 785 2747 spe
813 2694 826 2730 :
861 2687 1185 2747 consumpta
1212 2687 1293 2732 est
1314 2675 1612 2740 vindemia,
1639 2675 1870 2730 cessavit
1899 2687 2109 2736 semen,

535 2779 586 2822 et
616 2784 726 2824 non
748 2769 981 2839 amplius
1026 2769 1235 2824 veniet.
1278 2786 1299 2820 ι
1344 2767 1559 2822 Annum
1601 2781 1768 2836 porro
1803 2775 1959 2822 vocat
1987 2779 2116 2836 pro.

534 2857 783 2924 pheticus
814 2871 1015 2918 sermo.
1051 2865 1265 2926 tempus
1294 2855 1696 2925 praedicationis
1744 2854 2065 2927 evangelicae
2089 2895 2106 2921 ,

535 2959 642 3011 quo
671 2943 920 2999 Salvator
946 2953 1003 2998 et
1053 2943 1314 2998 Dominus
1360 2951 1567 3006 noster,
1621 2956 1742 2998 eum
1798 2941 2108 2997 hominibus

533 3049 760 3089 versans
782 3044 837 3089 et
853 3034 1053 3090 docens
1069 3035 1402 3103 praedicavit.
1427 3033 1484 3088 ld
1503 3048 1632 3090 vero
1655 3035 1894 3090 declarat
1914 3034 2110 3090 deinde

2217 1933 2430 1988 λεύεται
2457 1935 2637 1988 τοίνυν
2667 1937 2696 1988 6
2723 1933 2879 2004 λόγος
2905 1933 3087 1999 αὐτοῖς
3120 1933 3194 2007 μή
3237 1933 3464 1999 ὑπτίως,
3497 1933 3631 2005 μηδὲ
3652 1951 3792 2006 παρ-

2216 2026 2396 2100 έργως
2454 2025 2741 2098 προσέχειν
2800 2029 2912 2092 τοῖς
2963 2026 3311 2098 λεγομένοις,
3357 2023 3792 2097 διεγηγερμένως

2214 2118 2270 2172 δὲ
2300 2118 2393 2172 καὶ
2421 2119 2889 2189 συντεταγμένως.
2920 2114 3109 2184 Είποις
3138 2118 3184 2172 δ’
3213 2117 3279 2172 ἂν
3315 2117 3416 2183 τὰς
3447 2118 3546 2190 μὲν
3571 2116 3790 2190 πρώτας

2215 2212 2478 2278 γυναῖκας
2526 2209 2812 2282 σημαίνειν
2854 2207 2954 2276 τάς
2997 2211 3090 2265 ἐπὶ
3139 2211 3247 2265 τῶν
3290 2211 3536 2266 παλαιῶν
3584 2211 3791 2283 χρόνων

2215 2300 2368 2372 παρά
2417 2300 2691 2365 Ἰουδαίοις
2736 2301 3019 2367 συνόδους,
3050 2303 3146 2356 καὶ
3175 2301 3248 2368 τά¹
3285 2301 3460 2374 πλήθη
3501 2302 3570 2356 τά
3605 2305 3662 2356 ὲν
3694 2303 3793 2356 αύ-

2210 2394 2324 2457 τοῖς
2357 2393 2698 2464 συναγόμενα
2717 2409 2732 2424 ·
2761 2393 2860 2459 τάς
2897 2394 2954 2448 δὲ
2988 2394 3288 2468 θυγατέρας
3321 2395 3379 2448 ὲν
3402 2398 3514 2459 τοῖς
3542 2395 3789 2468 ὑπέροις

2213 2485 2426 2558 χρόνοις
2454 2483 2921 2558 ὑποστησομένας,
2962 2486 3062 2550 τὰς
3091 2484 3269 2540 αὐτῶν
3303 2487 3642 2555 συναγωγάς.

2288 2597 2307 2630 ι
2370 2575 2898 2650 Ἢμέραςὲνιαυτοῦ
2947 2577 3134 2650 μνείαν
3177 2578 3471 2651 ποιήσασθε
3515 2581 3573 2633 ὲν
3624 2578 3784 2650 ὀδύνῃ

2215 2669 2334 2740 μετ’
2381 2669 2628 2733 ἐλπίδος·
2677 2670 2949 2742 ἀνήλωται
3004 2669 3032 2723 6
3079 2669 3379 2743 τρύγητος,
3428 2670 3701 2725 πέπαυται
3757 2673 3786 2724 6

2214 2760 2436 2832 σπόρος,
2475 2760 2570 2814 καὶ
2611 2757 2794 2814 οὐκέτι
2825 2760 2899 2832 μὴ
2926 2759 3074 2832 ἔλθῃ.
3107 2781 3127 2813 ι
3175 2755 3448 2815 Ἑνιαυτὸν
3479 2759 3537 2814 δὲ
3565 2761 3720 2816 καλεῖ
3753 2763 3784 2816 6

2212 2851 2548 2923 προφητικὸς
2587 2852 2745 2921 λόγος
2787 2851 2878 2906 τὸν
2915 2853 3105 2924 χρόνον
3155 2853 3246 2906 τοῦ
3291 2854 3643 2926 κηρύγματος
3689 2851 3786 2909 τοῦ

2211 2940 2589 3011 εύαγγελικοῦ,
2619 2942 2738 2997 καθ’
2771 2940 2830 2996 ὃν
2859 2944 2888 2996 6
2910 2941 3098 3015 Σωτὴρ
3122 2946 3217 2999 καὶ
3239 2944 3443 3016 Κύριος
3476 2945 3632 3017 ἡμῶν
3665 2963 3782 3000 συν-

2208 3025 2284 3087 ὧν
2320 3033 2630 3106 ἀνθρώποις
2669 3033 2900 3108 ἐκήρυξε
2942 3030 3222 3090 διδάσκων.
3273 3037 3386 3090 Καὶ
3433 3037 3593 3092 τοῦτο
3633 3037 3783 3108 δηλοῖ

532 3137 662 3181 cum
691 3141 755 3180 ex
786 3139 1018 3194 persona
1047 3126 1140 3182 Dei
1179 3127 1256 3181 sic
1283 3125 1519 3195 loquitur
1547 3144 1562 3181 :
1594 3143 1613 3178 ι
1641 3124 1872 3197 Spiritus
1894 3123 2106 3179 Domini

2210 3123 2318 3178 ἀπὸ
2372 3124 2466 3178 τοῦ
2503 3123 2628 3197 έξῆς
2685 3127 2751 3180 ὲκ
2810 3124 3098 3199 προσώπου
3163 3128 3256 3182 τοῦ
3309 3127 3445 3182 Θεοῦ
3502 3128 3778 3198 λέγεσθαι·

534 3231 697 3287 super
730 3232 836 3283 me,
865 3233 931 3270 eo
965 3219 1107 3288 quod
1159 3218 1376 3273 unxerit
1407 3233 1512 3283 me,
1560 3216 1941 3289 evangelizare
1971 3231 2107 3286 pau-

533 3309 756 3378 peritus
795 3310 942 3364 misit
963 3325 1081 3374 me;
1120 3311 1414 3380 praedicare
1443 3310 1677 3380 captivis
1703 3309 2106 3374 dimissionem,

531 3410 587 3456 et
620 3399 778 3456 caecis
815 3401 962 3456 visus
1020 3400 1416 3458 restitutionem
1441 3443 1456 3469 ,
1510 3417 1709 3459 vocare
1756 3417 1959 3457 annum
2002 3401 2107 3458 Do-

531 3495 665 3548 miui
700 3494 1087 3564 acceptabilem
1131 3495 1195 3548 δ’.
1232 3513 1253 3547 ι

603 3586 769 3641 Vens.
805 3586 893 3640 11.
939 3605 958 3638 ι
1014 3585 1426 3657 Obstupescite,
1480 3586 1874 3643 coalrlstemiui
1938 3589 2106 3644 conli—

529 3677 741 3744 dentes,
794 3679 976 3733 exuite
1027 3692 1142 3743 vos,
1187 3678 1347 3732 nuda:
1373 3687 1584 3734 estote:
1635 3679 1901 3750 accingite
1933 3681 2108 3736 saccis

528 3767 740 3825 lumbos
771 3777 1002 3824 vestros.
1043 3787 1061 3820 ›
1090 3769 1207 3838 Illa,
1237 3769 1437 3840 inquit,
1465 3786 1586 3840 quae
1606 3771 1902 3827 secundum
1936 3770 2104 3828 Deum

529 3867 632 3923 est,
669 3859 888 3914 tristitia
912 3874 1007 3914 vos
1034 3871 1388 3930 compungat,
1412 3870 1467 3915 et
1521 3876 1552 3915 a
1588 3862 1820 3932 pristina
1851 3863 2104 3919 incredu-

531 3948 684 4003 litate
711 3948 994 4015 discedite,
1046 3949 1489 4019 pmnitentiteque
1541 3965 1641 4006 vos
1682 3953 1826 4007 date.
1857 3951 1994 4008 Nam
2039 3971 2102 4010 ea

528 4056 652 4110 quat
684 4039 980 4095 secundum
1022 4036 1193 4094 Deum
1223 4050 1309 4095 est
1351 4040 1595 4107 tristitia,
1623 4043 1999 4110 pmtiitentiam
2035 4047 2102 4102 ad

527 4134 764 4190 salutem
796 4131 923 4186 nulli
952 4131 1282 4201 poenitentiae
1310 4133 1624 4200 obnoxiam,
1655 4143 1936 4205 operatur.

599 4223 765 4280 Vens.
804 4225 898 4290 12,
933 4225 1021 4279 15.
1054 4241 1074 4276 ι
1104 4223 1170 4278 Ει
1199 4239 1363 4295 super
1402 4240 1667 4282 mammas
1724 4228 1934 4283 tundite
1964 4242 2102 4294 vos,

2212 3235 2233 3270 ι
2278 3213 2502 3289 Πνεῦμα
2541 3217 2747 3291 Κυρίου
2797 3219 2884 3272 ἐπ’
2941 3219 3039 3290 ἐμὲ
3067 3259 3082 3284 ,
3131 3213 3192 3274 οὗ
3232 3220 3437 3275 εἵνεκεν
3476 3221 3659 3295 ἐχρισέ
3690 3241 3783 3294 με,

2205 3307 2662 3377 εὐαγγελίσασθαι
2722 3309 2954 3381 πτωχοῖς
3009 3307 3315 3364 ἀπέσταλκέ
3388 3329 3490 3382 με,
3545 3313 3780 3386 κηρύξαι

2204 3398 2570 3469 αἰχμαλώτοις
2604 3399 2798 3469 ἄφεσιν
2823 3439 2837 3464 ,
2875 3399 2969 3452 καὶ
2996 3399 3215 3469 τυφλοῖς
3257 3400 3572 3472 ἀνάϐλεψιν,
3619 3402 3782 3459 καλέο

2206 3507 2297 3543 σαι
2330 3490 2578 3544 ἐνιαυτὸν
2610 3491 2816 3563 Κυρίου
2850 3492 3053 3546 δεκτόν.
3095 3507 3118 3545 ι

2279 3599 2302 3632 ι
2337 3581 2607 3651 Ἔκστητε
2627 3619 2645 3645 ,
2688 3581 2966 3653 λυπήθητε
3006 3581 3068 3657 ut
3099 3582 3432 3646 πεποιθυῖαι,
3461 3584 3780 3652 ἑκδύσασθε,

2202 3672 2410 3743 γυμναὶ
2445 3669 2698 3742 γένεσθε·
2745 3672 3121 3744 περιζώσασθε
3167 3675 3404 3740 σάκκους
3441 3678 3540 3741 τὰς
3574 3677 3782 3745 ὀσφύας

2205 3765 2380 3836 ὑμῶν.
2431 3783 2451 3818 ι
2499 3761 2774 3836 Ἀψάσθω,
2803 3767 2983 3837 φησιν,
3015 3766 3169 3837 ὑμῶν
3206 3769 3243 3839 ή
3270 3767 3409 3822 κατά
3443 3769 3574 3823 Θεὸν
3612 3769 3777 3843 λύπη,

2203 3857 2415 3929 καὶτῆς
2443 3857 2715 3930 προτέρας
2738 3858 2996 3922 ἀπιστίας
3025 3859 3253 3930 έκστητε
3278 3862 3552 3916 ἐπιδοῦναι
3579 3863 3775 3928 ἑαυτὰς

2201 3952 2282 4014 εις
2307 3949 2615 4021 μετάνοιαν.
2656 3951 2720 4004 Ἦ
2752 3950 2862 4023 γὰρ
2887 3951 3030 4005 κατά
3052 3951 3186 4006 Θεὸν
3211 3953 3354 4024 λύπη
3390 3955 3677 4025 μετάνοιαν
3701 3956 3780 4020 είς

2205 4043 2479 4116 σωτηρίαν
2506 4043 2922 4116 ἀμεταμέλητον
2945 4046 3357 4117 κατεργάζεται.

2275 4244 2296 4277 ι
2333 4225 2442 4281 Καὶ
2471 4227 2571 4281 ἐπὶ·
2593 4227 2702 4281 τῶν
2728 4228 2948 4300 μαστῶν
2989 4230 3274 4294 κόπτεσθε,
3305 4233 3431 4304 περὶ
3461 4231 3631 4306 ἀγροῦ
3659 4234 3777 4286 ἑπι-

527 4325 751 4387 propter
773 4329 960 4386 agrum
993 4314 1269 4381 desiderii,
1290 4324 1344 4371 et
1364 4316 1576 4371 vineam
1601 4317 1895 4386 germinis:
1956 4327 2098 4375 terra

2210 4315 2345 4390 θυμή
2356 4336 2543 4389 ματος,
2574 4321 2668 4374 καὶ
2695 4321 2938 4392 ἀμπέλου
2968 4325 3326 4394 γεννήματος.
3368 4326 3515 4397 Ἦγῆ
3539 4325 3631 4378 τοῦ
3647 4325 3776 4379 λαοῦ

526 4405 712 4477 populi
730 4407 854 4472 mei,
879 4408 1034 4476 spina
1059 4417 1118 4462 et
1141 4409 1318 4463 fenum
1337 4406 1596 4476 proferet,
1618 4418 1673 4463 et
1694 4423 1761 4464 ex
1776 4411 1921 4465 omni
1943 4409 2101 4466 domo

2210 4423 2326 4480 μου,
2355 4411 2567 4467 ἄκανθα
2611 4412 2706 4466 καὶ
2754 4413 2946 4486 χόρτος
2985 4416 3335 4488 ἀναϐήσεται,
3377 4418 3468 4472 καὶ
3506 4419 3566 4470 ὲκ
3599 4418 3778 4488 πάσης

525 4497 713 4552 laetitia
749 4497 1046 4552 auferetur.
1090 4517 1110 4551 ι
1144 4497 1202 4553 Μ
1237 4513 1366 4553 vero
1390 4499 1641 4567 superius
1670 4500 1985 4558 declarabat
2015 4504 2102 4560 bis

2210 4499 2378 4564 οἰκίας
2411 4501 2715 4574 εὐφροσύνη
2754 4503 3072 4576 ἀρθήσεται.
3113 4524 3131 4556 ›
3177 4505 3346 4559 Τοῦτο
3381 4507 3437 4559 δὲ
3475 4506 3659 4578 ἐδήλου
3690 4505 3778 4560 διά

524 4589 726 4656 verbis,
760 4608 780 4641 ι
817 4591 883 4646 Et
915 4593 1224 4660 exspectavi
1257 4599 1313 4645 ut
1339 4590 1544 4647 faceret
1592 4605 1774 4658 uvam,
1817 4593 1947 4650 fecit
1996 4611 2097 4650 au-

526 4687 632 4733 tem
661 4681 869 4747 spinas,
908 4698 936 4733 ιν
955 4695 1096 4749 quas
1115 4680 1302 4750 spinas
1330 4694 1451 4736 mes
1483 4682 1770 4751 explicans
1792 4685 1869 4740 ait
1895 4701 1910 4740 :
1939 4704 1959 4737 ι
1986 4686 2095 4741 Ex-

526 4772 764 4838 spectavi
792 4781 854 4827 ut
888 4770 1098 4826 faceret
1128 4771 1416 4840 judicium,
1448 4771 1578 4827 fecit
1626 4784 1805 4830 autem
1838 4776 2096 4846 iniquita-

529 4874 675 4930 tem;
704 4872 758 4918 et
780 4879 886 4918 non
913 4863 1206 4932 justitiam,
1235 4865 1328 4919 sed
1372 4865 1683 4922 clamorem.
1725 4885 1744 4920 ι
1777 4867 1852 4924 De
1885 4869 1970 4925 his
2001 4869 2098 4924 ita-

525 4971 632 5024 que
661 4955 934 5024 plancmm
974 4959 1136 5013 edere
1156 4957 1406 5024 iubebat,
1439 4961 1674 5016 maxime
1700 4963 1770 5017 ob
1798 4962 2096 5020 intentatas

525 5049 725 5103 minas.

595 5137 760 5195 Vens.
795 5138 878 5193 14.
923 5158 942 5192 ι
968 5137 1109 5196 Urbs
1148 5143 1420 5212 opulenta,
1451 5144 1647 5200 domus
1681 5145 1982 5211 derelictae,
2009 5142 2094 5203 di-

523 5230 684 5284 vitias
715 5231 949 5287 civitatis
991 5231 1314 5305 relinquent,
1363 5235 1553 5290 domos
1600 5235 2004 5292 desiderabiles.
2031 5236 2097 5291 Et

523 5329 686 5376 erunt
737 5323 861 5394 pagi
913 5325 1180 5393 spelunca:
1229 5341 1407 5396 usque
1463 5326 1514 5380 in
1563 5328 1842 5394 saeculum,
1911 5328 2095 5384 laetitia

523 5428 869 5483 onagrorum,
917 5431 1112 5486 pascua
1146 5429 1448 5488 pastorum.
1473 5437 1492 5469 ι
1529 5414 1662 5485 Quis
1710 5419 1949 5474 advenas
1977 5429 2096 5474 cer-

527 5519 660 5559 nens
694 5503 1075 5579 Hierosolyma:
1104 5507 1308 5562 incolas
1327 5546 1342 5570 ,
1374 5509 1630 5579 ipsosque
1660 5509 1971 5566 idololatras
2001 5523 2094 5564 va-

528 5595 625 5649 riis
674 5609 740 5650 ex
795 5598 1046 5664 gentibus
1093 5607 1479 5668 congregatos,
1533 5613 1642 5653 nun
1693 5599 1886 5657 merito
1921 5600 2091 5667 dicat”,

593 5685 642 5718 ⁸³
677 5685 778 5744 lsa.
802 5703 916 5756 ut,
951 5689 1001 5743 1.

594 5797 712 5868 ('59)
753 5799 917 5856 Forte
944 5800 1048 5873 leg.
1085 5818 1384 5876 παρουσης.
1431 5802 1590 5858 Eutr.

2204 4591 2312 4646 τῶν
2336 4593 2642 4664 ἔμπροσθεν
2673 4593 2842 4648 είπών
2862 4613 2874 4625 ·
2906 4615 2924 4645 ι
2953 4596 3062 4650 Kal.
3091 4595 3280 4668 ἔμεινα
3312 4597 3398 4651 ἴνα
3428 4601 3628 4670 ποιήσῃ
3652 4615 3776 4652 στα-

2204 4682 2394 4756 φυλὴν,
2432 4684 2652 4756 ἐποίησε
2682 4686 2738 4739 δὲ
2785 4687 3055 4752 ἀκάνθας·
3105 4707 3123 4739 ι
3166 4689 3260 4741 καὶ
3300 4689 3498 4754 ταύτας
3550 4691 3774 4765 διερμη-

2202 4776 2368 4829 νεύων
2412 4779 2658 4850 ἐπήγαγε
2684 4779 2857 4849 λέγων
2877 4797 2891 4811 ·
2928 4799 2946 4832 ι
2977 4780 3204 4853 Ἕμεινα
3230 4782 3315 4835 ἵνα
3336 4786 3534 4858 ποιήσῃ
3576 4785 3778 4855 κρίσιν,

2202 4869 2424 4941 ἐποίησε
2453 4869 2510 4924 δὲ
2537 4870 2787 4943 ἀνομίαν,
2819 4872 2910 4925 καὶ
2954 4873 3014 4925 ού
3037 4871 3401 4944 δικαιοσύνην,
3430 4873 3565 4927 ἀλλά
3601 4891 3773 4947 κραυ-

2201 4962 2323 5031 γήν,
2369 4981 2386 5012 ι
2457 4960 2578 5016 Ἐπὶ
2617 4963 2827 5028 τούτοις
2877 4963 3164 5035 τοιγαροῦν
3207 4965 3498 5019 κόπτεσθαι
3541 4983 3775 5037 παρεκε-

2199 5051 2402 5116 λεύετο,
2430 5053 2524 5106 καὶ
2549 5054 2778 5124 μάλιστα
2801 5054 2885 5108 διά
2907 5055 3005 5126 τὴν
3028 5055 3426 5126 ἐπιφερομένην
3452 5055 3701 5126 ἀπειλήν.

2276 5165 2294 5196 ι
2324 5145 2484 5209 Πόλις
2504 5146 2756 5211 πλουσία,
2779 5143 2920 5201 οἶκοι
2937 5145 3490 5217 ὲγκαταλελειμμένοι
3513 5186 3526 5208 ,
3547 5145 3774 5200 πλοῦτον

2203 5237 2408 5300 πόλεως
2438 5237 2756 5309 ἀφήσουσιν,
2785 5241 2967 5304 οἴκους
3001 5231 3392 5311 ἐπιθυμητούς.
3424 5240 3535 5293 και
3565 5238 3775 5292 ἔσονται

2201 5327 2259 5379 αἱ
2285 5321 2465 5399 κῶμαι
2501 5328 2748 5400 σπήλαια·
2775 5331 2878 5395 ἓως
2909 5329 3002 5383 τοῦ
3045 5330 3260 5394 αἰῶνος,
3299 5329 3602 5402 εὐφροσύνη
3641 5325 3776 5381 ὄνων

2200 5417 2426 5490 ἀγρίων,
2460 5419 2778 5492 βοσκήματα
2809 5421 3096 5494 ποιμένων.
3123 5441 3142 5474 ι
3175 5419 3271 5486 Τίς
3299 5421 3374 5487 δὲ,
3407 5421 3548 5493 ὁρῶν
3598 5419 3775 5492 μετοί-

2200 5527 2328 5574 κους
2370 5512 2566 5587 ἀνδρας
2610 5513 2892 5579 οἰκοῦντας
2937 5514 3033 5586 τήν
3072 5513 3448 5587 Ἰερουσαλήμ,
3491 5513 3772 5568 εἰδωλολά-

2196 5617 2332 5675 τροις
2375 5621 2434 5658 τε
2485 5607 2549 5660 ὲκ
2612 5605 2881 5679 διαφόρων
2933 5604 3100 5663 ἐθνῶν
3155 5605 3633 5678 συνειλεγμένους,
3676 5604 3776 5661 οὐκ
