4158 6402
311 310 324 335 Ι
376 358 478 417 521

1280 356 1781 414 ΟΟΜΜΕΝΤΑΜΑ
1814 355 1884 411 ΙΝ
1921 355 2176 413 ISAIAM.
2219 387 2285 400 --
2321 353 2480 414 CAP.
2513 354 2734 412 XXXII.

3512 359 3619 416 323

375 481 445 536 ἂν
495 479 729 549 εὐλόγως
785 478 927 533 είποι
986 477 1139 540 ὅνους
1192 477 1448 551 ἀγρίους,
1507 479 1602 533 καὶ
1662 478 1918 550 διαφόρου

2055 491 2286 548 onagros
2307 477 2662 547 diversasque
2683 489 2874 548 greges
2889 474 3064 546 ipsam
3081 475 3392 546 depascere?
3413 477 3616 546 Quam.

373 573 574 640 ἀγέλας
620 567 1051 626 καταϐόσκεσθαι
1097 569 1289 639 αὐτήν.
1336 570 1426 623 Διὸ
1471 569 1750 624 λέλεκται·
1791 588 1809 621 ι
1838 571 1946 624 Εὐ-

374 663 613 736 φροσύνη
658 663 793 718 ὄνων
838 661 1062 733 ἀγρίων,
1104 662 1424 734 βοσκήματα
1466 663 1798 734 ποιμένων.»
1847 663 1945 718 Διά

371 756 546 812 ταῦτα
598 752 879 826 τοιγαροῦν
925 753 1253 826 προσέταξεν
1296 755 1424 826 ὑμῖν
1455 757 1484 809 6
1524 753 1680 824 λόγος
1728 758 1945 828 ίσχυρὸν

374 847 640 902 ποιεῖσθαι
685 847 930 911 κοπετὸν,
978 845 1072 899 καὶ
1120 846 1200 918 τῷ
1239 845 1420 918 θρήνῳ
1463 847 1798 920 παραμένειν
1851 849 1944 902 ἐπὶ

371 940 647 1002 τοσοῦτον.

369 1099 374 1103 ι
447 1052 468 1086 ι
501 1034 644 1096 Ἕως
679 1031 744 1086 ἂν
771 1033 983 1086 ἐπέλθοι
1016 1031 1102 1102 ἐφ’
1127 1032 1270 1104 ὑμᾶς
1303 1031 1526 1103 Πνεῦμα
1558 1031 1654 1102 ἀφ’
1677 1031 1934 1102 ὑψηλοῦ.»

369 1124 540 1182 Τοῦτο
565 1124 620 1178 δὲ
658 1120 724 1194 ἦν
759 1126 886 1196 περὶ
929 1119 990 1178 οῦ
1023 1123 1258 1194 ἔφασκεν
1293 1125 1321 1177 6
1349 1124 1570 1196 Σωτήρο
1613 1143 1631 1174 ι
1669 1123 1797 1178 Ἰδοὺ
1829 1123 1939 1192 ἐγὼ

367 1215 695 1286 ἀπέρχομαι,
737 1216 828 1268 καὶ
865 1214 1144 1268 ἀποστελῶ
1183 1215 1310 1286 ὑμῖν
1341 1214 1432 1268 τὸν
1471 1213 1844 1285 Παράκλητον,
1878 1215 1938 1268 τὸ

369 1306 591 1378 Πνεῦμα
629 1305 729 1375 τῆς
773 1305 1060 1376 ἀληθείας·
1091 1324 1107 1355 ι
1144 1305 1236 1358 καὶ
1266 1303 1458 1360 πάλιν*
1507 1323 1524 1355 ι
1557 1305 1702 1366 Ἕως
1728 1303 1795 1357 ἂν
1839 1303 1936 1358 λά-

367 1397 496 1470 ϐητε
537 1395 596 1464 ἐξ
625 1396 790 1467 ὕψους
822 1398 1065 1467 δύναμιν.
1093 1416 1112 1448 ι
1155 1397 1302 1451 Ἐπεὶ
1329 1396 1506 1448 τοίνυν
1545 1415 1564 1447 ι
1586 1397 1858 1468 Μακάριοι
1885 1397 1934 1450 oi

365 1488 705 1554 πενθοῦντες,
731 1489 810 1540 ὅτι
840 1486 1370 1560 παρακληθήσονται.
1400 1507 1418 1539 ι
1456 1487 1571 1550 καὶ,
1602 1506 1619 1535 ι
1659 1487 1932 1558 Μακάριοι

362 1581 412 1632 oi
435 1580 726 1644 κλαίοντες,
755 1581 832 1633 ὅτι
866 1579 1203 1648 γελάσουσιν,·
1242 1597 1261 1631 ι
1300 1579 1524 1642 εἰκότως
1548 1581 1667 1642 ταῖς
1699 1578 1931 1648 προλεχ-

363 1669 590 1734 θείσαις,
619 1671 673 1723 αἳ
720 1669 808 1723 διὰ
857 1669 1052 1740 θρήνου
1092 1671 1185 1722 καὶ
1244 1669 1521 1739 κλαυθμοῦ
1565 1670 1660 1722 καὶ
1699 1668 1929 1722 κοπετοῦ

359 1761 458 1831 τὴν
491 1759 774 1832 μετάνοιαν
803 1759 1147 1824 ἐνεδείξαντο.
1173 1758 1501 1829 ἐπαγγελίαν
1537 1759 1749 1812 δίδωσιν
1787 1759 1928 1827 ἀγαο

362 1853 458 1924 θὴν
486 1854 585 1925 τὴν
606 1853 691 1908 διὰ
717 1852 809 1906 τοῦ
841 1852 1183 1923 Πνεῦματος,

435 1963 460 2005 ι
487 1947 594 2008 Καὶ
626 1945 777 2000 ἔσται
827 1945 1031 2017 ἔρημος
1075 1946 1102 1998 6
1136 1943 1374 2018 Χερμέλ,
1423 1944 1514 1998 καί
1546 1943 1574 1996 6
1607 1943 1823 2014 Χερμὲλ
1858 1944 1937 2008 είς

357 2036 556 2108 δρυμὸν
587 2035 966 2106 λογισθήσεται
985 2051 998 2064 ’
1031 2034 1124 2088 καὶ
1152 2035 1524 2088 ἀναπαύσεται
1557 2035 1614 2087 ἐν
1645 2038 1711 2106 τῇ
1747 2035 1938 2106 ἐρήμῳ

357 2129 553 2198 κρῖμα,
582 2126 676 2182 καὶ
703 2126 1016 2198 δικαιοσύνη
1045 2126 1102 2179 ἐν
1139 2125 1216 2196 τῷ
1246 2127 1527 2197 Καρμήλῳ
1559 2128 1928 2198 κατοικήσει.»

357 2218 586 2282 Λίϐανος
619 2219 714 2288 μὲν
747 2218 806 2272 τὺ
844 2219 968 2289 ὅρος
993 2219 1054 2271 τδ
1099 2219 1190 2271 ἐπὶ
1231 2219 1329 2289 τῆς
1373 2218 1624 2288 Φοινίκης
1653 2217 1840 2288 ἐδήλου
1867 2219 1934 2274 τὰ

358 2309 517 2381 ἔθνη·
572 2309 868 2382 Κάρμηλος
917 2309 972 2361 δὲ
1027 2308 1087 2362 τὺ
1140 2307 1264 2378 ὅρος
1317 2309 1379 2361 τὸ
1433 2308 1540 2362 ὑπὸ
1575 2309 1844 2373 Ἰουδαίοις
1875 2308 1934 2363 ὃν

358 2398 626 2471 πρότερον,
648 2398 738 2454 τὸν
769 2399 833 2456 ἐκ
863 2395 1162 2469 περιτομῆς
1187 2399 1334 2462 λαὸν,
1360 2399 1480 2453 ὅθεν
1512 2401 1606 2455 καὶ
1636 2403 1932 2475 ἑρμηνεύε-

355 2505 445 2542 ται
476 2491 505 2542 ὁ
535 2488 770 2560 Χερμέλ,
797 2489 992 2560 δηλαδὴ
1023 2489 1330 2561 Κάρμηλος,
1372 2510 1390 2541 ι
1423 2492 1751 2561 Ἐπίγνωσις
1779 2513 1934 2568 περι..

353 2582 547 2650 τομῆς.
576 2599 595 2631 ι
653 2581 755 2634 Τὸν
818 2580 1047 2634 Λίϐανον
1097 2581 1294 2645 τοίνυν,
1347 2582 1438 2635 τὸν
1490 2582 1786 2652 ἀλλόφυλον
1841 2589 1932 2640 καὶ

352 2670 612 2742 ἀλλογενῆ
649 2671 795 2736 λαὸν,
828 2672 919 2732 τὸν
949 2671 1009 2739 ἐξ
1051 2671 1220 2725 ἐθνῶν
1253 2673 1680 2744 μεταϐληθέντα,
1714 2675 1931 2732 ἔσεσθαί

354 2779 541 2832 φησιν,
562 2765 743 2826 ὁποῖος
774 2759 842 2833 ἦν
869 2765 898 2817 6
932 2761 1096 2816 πάλαι
1126 2761 1282 2833 παρά
1309 2761 1387 2833 τῷ
1423 2761 1541 2833 Θεῷ
1569 2765 1931 2840 τετιμημένος

351 2851 476 2918 λαὸς
522 2856 551 2908 6
593 2856 658 2908 ἐκ
691 2855 1021 2926 περιτομῆςο
1074 2853 1234 2907 αὐτὸν
1281 2853 1338 2908 δὲ
1387 2854 1479 2908 τὸν
1529 2857 1594 2909 ἐκ
1631 2857 1930 2928 περιτομῆς

349 2945 496 3010 λαὸν,
527 2946 745 3018 Χερμὲλ
777 2947 809 3017 ἢ
842 2945 1136 3019 Κάρμηλον
1176 2945 1592 3018 ὀνομαζόμενον,
1621 2950 1701 3012 είς
1727 2949 1928 3022 δρυμὸν

349 3034 780 3106 λογισθήσεσθαι.
811 3036 979 3089 Τοῦτο
1005 3037 1184 3090 τοίνυν
1217 3037 1310 3089 καὶ
1342 3037 1399 3089 ἐν
1428 3039 1540 3101 τοῖς
1572 3039 1710 3108 μετά
1738 3042 1927 3111 χεῖρας

353 3129 606 3199 σημαίνει
636 3129 855 3198 φάσκων
885 3129 912 3180 6
934 3129 1088 3197 λόγος
1130 3129 1270 3182 κατά
1291 3129 1381 3182 τὸν
1413 3129 1734 3202 Σύμμαχον·
1772 3150 1790 3182 ι
1816 3132 1925 3185 Καὶ

351 3220 501 3274 ἔσται
535 3223 567 3292 ή
597 3221 796 3292 ἕρημος
839 3222 918 3284 είς
959 3221 1282 3294 Κάρμηλον·
1314 3241 1334 3273 ι
1371 3221 1448 3286 ὼς
1483 3221 1593 3293 γὰρ
1623 3224 1741 3275 ἐκεῖ
1765 3223 1794 3276 6
1829 3223 1924 3276 Δί-

351 3311 512 3375 6ανος
545 3314 624 3376 είς
673 3312 964 3386 Κάρμηλον
1012 3312 1227 3381 ἐλέγετο
1271 3311 1719 3382 μεταϐάλλεσθαι,
1752 3313 1922 3380 οὕτως

348 3404 585 3458 ἐνταῦθα
629 3405 660 3475 ή
707 3403 932 3478 ἕρημος,
959 3403 1046 3457 ἵνα
1164 3403 1360 3457 ταύτὸν
1402 3404 1494 3456 καὶ
1535 3403 1740 3476 ἔρημος
1769 3405 1798 3457 6
1829 3406 1924 3458 Δί·-

349 3494 544 3560 6ανος,
588 3495 728 3550 οῦτω
769 3494 1104 3568 δηλουμένης
1135 3495 1233 3567 τῆς
1268 3495 1325 3562 ἐξ
1367 3494 1535 3548 ἐθνῶν
1560 3493 1918 3568 Ἑκκλησίας,

347 3586 469 3653 ἥτις
523 3584 917 3656 μεταϐέϐληται
967 3587 1045 3648 είς
1094 3585 1408 3658 Κάρμηλον.
1440 3585 1650 3656 Ὠσπερ
1699 3587 1807 3659 γάρ
1851 3582 1920 3658 ἦν

350 3676 517 3730 πάλαι
550 3677 810 3749 πρότερον
850 3697 867 3728 ι
898 3676 1055 3749 μερὶς
1083 3677 1290 3748 Κυρίου
1335 3676 1459 3741 λαὸς
1500 3676 1663 3731 αὐτοῦ
1703 3678 1916 3745 Ἰακὼϐ,

351 3767 634 3837 σχοίνισμα
669 3768 1028 3840 κληρονομίας
1073 3765 1236 3821 αὐτοῦ
1278 3767 1522 3840 Ἰσραήλ·
1554 3786 1574 3819 ι
1611 3769 1640 3822 6
1665 3786 1724 3822 τε
1767 3769 1919 3840 Κάρ-

352 3860 521 3931 μηλος
559 3855 626 3930 ἦν
655 3861 946 3929 ἐπίγνωσιν
976 3859 1112 3932 ἔχων
1144 3859 1273 3931 περὶ
1297 3859 1528 3930 ταύτηςο
1563 3860 1735 3924 οὕτως
1764 3861 1793 3913 6
1820 3861 1916 3914 Δί-

347 3955 510 4017 δανος
557 3957 650 4008 καὶ
683 3956 716 4024 ὴ
761 3954 928 4008 πάλαι
971 3953 1194 4028 ἔρημος,
1223 3954 1322 4014 ἐπὶ¹
1358 3954 1420 4007 τὸ
1466 3956 1708 4025 κρεῖττον
1749 3971 1913 4025 μετα-

347 4045 616 4110 ϐαλοῦσα,
655 4047 842 4116 γέγονε
893 4047 1048 4118 μερὶς
1107 4045 1202 4100 τοῦ
1252 4044 1422 4100 Θεοῦο
1463 4047 1539 4110 ὡς
1576 4042 1642 4101 αὖ
1689 4045 1851 4100 πάλιν
1885 4047 1914 4100 6

347 4135 645 4207 Κάρμηλος
697 4140 778 4200 εἰς
830 4137 1033 4209 δρυμὸν
1084 4137 1354 4207 ἐλογίσθη.
1405 4137 1620 4209 Δρυμὸς
1681 4137 1737 4190 δέ
1795 4139 1912 4192 ἐστι

347 4228 544 4298 χωρίον
576 4228 758 4298 φυτῶν
821 4230 1028 4301 ἀγρίων
1072 4230 1166 4286 καὶ
1223 4229 1487 4301 ἀκάρπων
1547 4229 1783 4302 πλῆρεςο
1831 4229 1912 4283 διὸ

348 4320 576 4392 σύνηθες
618 4323 685 4392 τῇ
719 4321 838 4392 θείᾳ
879 4322 1075 4393 Γραφῇ
1112 4322 1181 4375 τὰ
1224 4321 1352 4393 ἐθνη
1398 4321 1468 4375 τά
1510 4320 1600 4376 τὸν
1634 4320 1768 4374 Θεὸν
1812 4321 1910 4375 οὐκ

345 4412 552 4478 eam,
596 4412 800 4485 δρυμὸν
826 4410 1146 4485 ὀνομάζειν,
1189 4413 1265 4478 ὡς
1315 4413 1572 4476 πολλάκις
1622 4411 1907 4480 ἀπεδείξα-

349 4519 469 4573 μεν.

419 4609 440 4644 ι
480 4591 588 4645 Καὶ
647 4591 801 4644 ἔσται
842 4591 912 4646 τά
955 4592 1090 4664 ἔργα
1135 4593 1232 4664 τῆς
1278 4591 1619 4664 δικαιοσύνης
1683 4594 1909 4666 εἰρήνη,

343 4681 440 4738 καὶ
486 4684 747 4754 κρατήσει
787 4683 1159 4756 ήδικαιοσύνη
1201 4684 1526 4746 ἀνάπαυσιν,
1571 4685 1666 4737 καὶ
1717 4701 1910 4738 πεποι-

343 4774 494 4839 θότες
527 4776 629 4840 ἓως
652 4775 746 4828 τοῦ
781 4775 997 4841 αἰῶνος.
1031 4777 1148 4834 Καὶ,
1169 4777 1485 4847 κατοικήσει
1516 4778 1544 4828 6
1582 4775 1716 4840 λαὸς,
1747 4778 1909 4833 αὑτοῦ

343 4869 401 4921 ἐν
431 4868 582 4920 πόλει
613 4869 854 4940 εἰρήνης,
891 4869 984 4922 καὶ
1011 4869 1278 4939 ἐνοικήσει
1310 4867 1604 4934 πεποιθὼς,
1640 4871 1734 4923 καὶ
1778 4871 1910 4925 ἁνα-

344 4961 642 5024 παὺσονται
685 4959 828 5030 μετά
861 4958 1110 5012 πλούτου.
1137 4978 1158 5010 ι
1213 4957 1355 5014 Ἀντί.
1381 4957 1490 5030 γὰρ
1531 4959 1630 5029 τῆς
1658 4958 1910 5032 καθαιρε-

343 5049 528 5122 θείσης
558 5052 761 5116 πόλεως
793 5051 895 5122 τῆς
925 5051 1164 5123 μεγάλης
1199 5051 1410 5122 ἐκείνης
1451 5051 1543 5104 καὶ
1574 5050 1906 5122 γαυριὼσης,

338 5145 530 5214 ἑτέραν
570 5144 648 5215 τῷ
687 5143 807 5215 Θεῷ
856 5142 1218 5214 συστήσεσθαι
1251 5143 1427 5204 πόλιν,
1458 5142 1555 5214 τὴν
1596 5143 1704 5195 ἀπὸ
1739 5144 1908 5214 περά-

335 5255 444 5290 των
475 5237 578 5301 ἐως
620 5239 871 5308 περάτων
905 5235 1192 5306 καθολικὴν
1234 5235 1575 5306 Ἐκκλησίαν,
1607 5236 1700 5288 καὶ
1744 5235 1816 5290 τὺ,
1847 5237 1906 5289 ἐν

335 5331 480 5402 αὐτῇ
528 5332 860 5404 πολίτευμα,
913 5331 1177 5396 θεσπίζει.
1230 5329 1455 5384 Βέσαιον
1500 5331 1609 5401 γὰρ
1662 5329 1770 5382 τῶν
1824 5331 1906 5394 είς

334 5425 467 5482 Θεὸν
494 5427 934 5481 πεπιστευκότων
958 5424 1021 5478 τὸ
1051 5425 1323 5496 φρόνημα.
1359 5423 1521 5477 Πόλιν
1553 5423 1773 5495 εἰρήνης
1801 5423 1902 5496 τὴν

334 5520 396 5574 ἐν
461 5521 575 5584 τοῖς
633 5521 880 5592 οὐρανοῖς
931 5518 1110 5587 λέγει·
1164 5538 1186 5570 ι
1240 5519 1306 5572 Ἦ
1361 5517 1470 5589 γὰρ
1529 5516 1664 5581 ἄνω,
1741 5517 1903 5587 φησὶ,

345 5611 701 5686 Ἰερουσαλὴμ
729 5610 990 5682 ἐλευθέρα
1026 5611 1162 5679 ἐστὶ,
1209 5611 1391 5684 μήτηρ
1433 5609 1650 5664 πάντων
1689 5607 1898 5681 ήμῶν.»

407 5789 455 5827 ⁸⁸
478 5791 635 5850 Joan.
673 5807 762 5858 xv,
788 5791 877 5847 26.
956 5790 998 5823 ³⁸
1027 5789 1137 5845 Luc
1187 5805 1253 5843 xx
1285 5803 1339 5855 ν,
1373 5786 1462 5844 49.
1539 5787 1583 5820 ³³
1610 5783 1800 5844 Matth.
1837 5783 1950 5852 v,5.

1951 3172 1993 3234 ϐ

1942 4526 1986 4585 D

2052 570 2237 624 obrem
2286 569 2480 624 dicitur
2514 585 2530 623 :
2561 586 2582 619 ι
2613 566 2822 622 Laetitia
2877 581 3230 636 onagrorum,
3269 581 3472 649 pascua
3518 584 3616 639 pa-

2051 671 2276 719 storum.
2303 679 2321 712 ι
2376 659 2497 716 Ideo
2541 659 2813 728 planctuum
2869 674 3120 730 magnum
3181 673 3284 718 vos
3325 659 3489 718 edem
3529 661 3620 730 ju-

2052 755 2162 821 bet,
2197 764 2253 810 et
2274 753 2327 808 in
2361 752 2505 807 luctu
2539 765 2908 822 perseverare.

2118 1020 2282 1078 Vens.
2315 1021 2403 1075 15.
2443 1039 2462 1071 ι
2481 1021 2662 1076 Donec
2682 1021 2867 1076 veniat
2896 1021 2952 1075 in
2976 1035 3074 1076 vos
3094 1021 3332 1090 Spiritus
3353 1035 3419 1076 ex
3443 1023 3610 1078 alto.»

2047 1110 2138 1165 Ille
2189 1120 2368 1165 autem
2429 1119 2546 1164 erat
2599 1111 2667 1166 de
2725 1125 2832 1180 quo
2890 1110 3140 1166 Salvator
3181 1112 3296 1167 hiet:
3343 1113 3612 1182 protulit:

2051 1222 2070 1255 ι
2100 1203 2242 1258 Ecce
2267 1217 2366 1272 ego
2395 1204 2553 1265 vado,
2599 1210 2654 1257 et
2683 1203 2891 1258 mittam
2916 1203 3068 1258 vobis
3099 1203 3460 1268 Paracletnm,
3488 1205 3613 1275 Spio

2044 1295 2207 1349 ritum
2240 1294 2586 1358 veritatis”;
2621 1313 2639 1346 ι
2675 1294 2982 1362 iterumque
3015 1312 3072 1348 ει
3103 1295 3282 1350 Donec
3327 1297 3612 1366 accipiatis

2042 1391 2294 1444 virtutem
2349 1405 2417 1444 ex
2469 1389 2664 1444 alio“.
2697 1407 2716 1442 ι
2773 1389 2909 1456 Quia
2959 1389 3124 1460 igitur
3179 1408 3196 1441 ι
3231 1391 3375 1446 Beati
3407 1392 3496 1462 qui
3531 1391 3610 1446 lu-

2041 1493 2188 1554 gent,
2215 1483 2473 1552 quoniam
2496 1481 2945 1546 consolabuntur,
2972 1501 2996 1535 ι
3022 1492 3098 1547 et,
3129 1501 3147 1534 ι
3171 1481 3319 1538 Beati
3342 1484 3440 1554 qui
3461 1484 3610 1552 ηοιιι,

2039 1576 2295 1646 quoniam
2345 1575 2690 1641 ridebunt”;
2725 1593 2744 1627 ι
2769 1574 2892 1645 jure
2945 1575 3216 1644 praedictis
3273 1574 3608 1641 mulieribus,

2037 1682 2156 1738 quae
2182 1666 2330 1732 ﬂetu,
2365 1667 2622 1738 lacrymis
2679 1675 2738 1723 et
2766 1667 2983 1737 planctu
3018 1665 3393 1737 paenitentiam
3420 1668 3610 1737 praefe-

2037 1759 2251 1825 rebant,
2277 1757 2691 1828 promissionem
2740 1757 2953 1814 confert
2990 1757 3184 1816 bonam
3215 1771 3311 1828 per
3348 1756 3607 1828 Spiritum

1964 1837 2008 1894 Β
2037 1849 2389 1906 aﬂ‘erendam.

2107 1942 2272 1997 Vens.
2307 1941 2394 1996 i6.
2437 1959 2457 1998 ι
2487 1940 2556 1995 Et
2587 1939 2694 1996 erit
2735 1940 3014 1997 desertum
3037 1939 3319 2007 (ἔδει-Μελ,
3352 1949 3408 1996 et
3433 1938 3604 1996 Cher-

2035 2033 2143 2089 mel
2191 2033 2243 2088 in
2296 2033 2494 2089 saltum
2549 2033 2934 2103 reputabitur:
2965 2043 3020 2089 et
3074 2033 3383 2103 requiescet
3414 2032 3467 2088 in
3503 2034 3598 2087 dc-

2035 2137 2184 2181 serto
2216 2126 2499 2197 judicium,
2529 2136 2582 2180 et
2607 2125 2826 2194 iustitia
2869 2125 2924 2180 in
2971 2126 3222 2182 Carmelo
3270 2126 3556 2185 habitabit.
3581 2145 3600 2179 ι

2037 2220 2278 2275 Libanus
2305 2234 2461 2274 mons
2495 2217 2787 2274 Pbmniciat
2824 2217 3135 2284 imminens,
3163 2226 3354 2287 gentes
3395 2199 3606 2288 signia;

2035 2310 2212 2374 cubat,
2249 2306 2544 2366 Carmelus
2579 2319 2767 2363 autem
2804 2322 2983 2372 mons.
3025 2307 3124 2376 (μή
3143 2306 3373 2366 antehac
3399 2305 3608 2362 ludatu-

2034 2417 2154 2457 rum
2183 2411 2327 2464 erat,
2356 2399 2617 2469 populum
2640 2415 2709 2454 ex
2736 2399 3158 2454 circumcisione
3189 2415 3202 2451 :
3229 2398 3375 2454 unde
3431 2398 3601 2454 Clter-

2034 2492 2162 2557 κιαι,
2189 2492 2304 2548 sive
2331 2491 2635 2552 Carmelus.
2662 2491 2733 2548 ita
2762 2490 2992 2545 vertitur
3023 2507 3038 2544 :
3062 2489 3302 2560 Cognitio
3331 2491 3578 2544 circumci
3595 2523 3602 2530 -

2030 2584 2216 2640 tionis.
2258 2581 2522 2638 Libanum
2554 2597 2705 2652 ergo,
2736 2581 2992 2637 videlicet
3023 2582 3382 2654 alienigenam
3409 2591 3467 2637 et
3503 2599 3599 2638 ex-

2032 2685 2278 2731 traneum
2329 2671 2583 2744 populum
2639 2687 2707 2730 ex
2755 2673 3007 2742 gentibus
3053 2689 3399 2741 conversum,
3439 2675 3599 2730 talem

2027 2766 2273 2827 multum
2315 2767 2409 2830 ait,
2460 2765 2639 2835 qualis
2670 2773 2791 2820 erat
2817 2765 2908 2821 ille
2939 2764 3070 2822 olim
3125 2765 3352 2836 populus
3397 2779 3467 2822 ex
3497 2767 3604 2820 cir-

2028 2858 2384 2921 cumcisione,
2409 2858 2557 2926 apud
2585 2857 2752 2912 Deum
2779 2856 3100 2921 honoratus,
3132 2857 3312 2927 ipsum
3339 2871 3470 2912 vero
3512 2872 3600 2926 po.-

2026 2950 2210 3020 pnlum
2237 2964 2308 3006 ex
2323 2948 2760 3014 circumcisione,
2791 2949 2881 3017 qui
2915 2947 3165 3004 Chermel
3199 2949 3600 3006 autCar-mclus

2027 3041 2242 3104 αἰτίων,
2277 3041 2332 3098 in
2357 3041 2552 3100 saltum
2589 3040 2944 3112 reputandum
2975 3039 3108 3094 fore.
3131 3039 3284 3108 Quod
3319 3040 3498 3111 ipsum.
3519 3042 3598 3094 iu-

2026 3131 2170 3188 dicat
2212 3131 2497 3201 przeseutis
2526 3130 2631 3187 loci
2692 3129 3065 3198 interpretatio
3121 3130 3601 3202 sccundnmSytn-

2030 3224 2429 3294 mediumque
2448 3223 2527 3279 sic
2556 3223 2720 3278 habet
2747 3239 2763 3278 ι
2789 3222 3006 3280 «Ειετίι
3026 3223 3297 3279 desertum
3315 3224 3369 3278 in
3387 3225 3602 3280 Carme-

2029 3313 2161 3372 lum.
2177 3315 2666 3382 iQucmadmodum
2695 3314 2839 3370 enim
2859 3314 2932 3369 ibi
2961 3313 3198 3371 Libanus
3225 3316 3278 3370 in
3297 3315 3596 3372 Carmelum

2027 3405 2327 3458 vertendus
2361 3403 2680 3466 dicebatur;
2709 3402 2788 3459 sic
2826 3403 3012 3458 ethoc
3042 3402 3160 3459 loco
3201 3405 3462 3458 desertum
3483 3421 3516 3469 ;-
3539 3414 3599 3461 ut

2027 3497 2168 3553 idem
2193 3499 2272 3552 sit.
2295 3498 2439 3569 quod
2481 3497 2758 3552 desertum
2783 3495 3042 3560 Libanus,
3064 3511 3170 3566 quo
3195 3496 3462 3552 indicatur
3494 3496 3594 3553 Ec-

2025 3587 2190 3642 clesia
2233 3601 2299 3641 ex
2350 3587 2623 3657 gentibus,
2672 3600 2790 3656 qua:
2821 3594 3027 3641 mutata
3056 3595 3142 3641 est
3174 3585 3224 3640 in
3259 3586 3590 3642 Carmelmn.

2024 3679 2491 3746 Quemadmodum
2535 3678 2681 3732 enim
2744 3677 2896 3747 prius
2945 3685 3063 3731 erat
3099 3693 3119 3728 ι
3148 3677 3327 3747 portio
3375 3677 3593 3734 Domini

2035 3768 2264 3839 populus
2315 3766 2433 3837 ejus
2480 3766 2650 3822 Jacob
2681 3806 2698 3833 ,
2757 3766 3027 3822 funiculus
3089 3767 3424 3824 barreditatis
3475 3769 3595 3838 ejus

2021 3858 2186 3917 Israel
2217 3859 2288 3923 ³⁸,
2345 3877 2365 3910 ι
2398 3867 2458 3914 et
2480 3856 2763 3916 Carmelus
2807 3857 2862 3912 in
2894 3856 3252 3928 cognitionem
3285 3859 3402 3930 ejus
3429 3875 3593 3917 vene-

2021 3960 2148 4015 rat;
2169 3947 2249 4004 sic
2275 3955 2330 4002 et
2356 3946 2614 4015 Libanus,
2642 3956 2697 4003 et
2725 3946 2855 4002 illud
2909 3945 3038 4002 olim
3083 3947 3354 4003 desertum
3387 3949 3440 4004 in
3474 3965 3594 4004 me-

2018 4042 2205 4102 liorem
2252 4041 2618 4096 couditioncm
2675 4049 2974 4107 mutatum,
3018 4040 3215 4096 factum
3268 4052 3352 4097 est
3412 4045 3597 4112 portio

2017 4132 2144 4199 Dei;
2183 4143 2242 4188 ut
2267 4147 2296 4188 e
2323 4131 2595 4190 contrario
2633 4130 2913 4188 Carmelus
2945 4131 2998 4186 in
3055 4131 3253 4186 saltum
3307 4143 3593 4202 rcputatus

2017 4235 2120 4280 est.
2161 4223 2344 4280 Saltus
2378 4239 2540 4294 porro
2570 4224 2720 4281 locus
2749 4234 2832 4278 est
2871 4225 3177 4294 agrestibus
3213 4236 3266 4279 et
3293 4226 3592 4282 infrucmo-

2016 4317 2104 4372 sis,
2131 4314 2417 4371 arboribus
2455 4316 2696 4385 repletus
2724 4325 3095 4385 :quapropter
3138 4332 3254 4372 mos
3305 4328 3392 4376 est
3434 4317 3587 4374 Scri-

2015 4416 2183 4474 ptura
2209 4406 2407 4466 divinae
2437 4417 2650 4479 gentes,
2679 4422 2798 4477 quae
2823 4406 2988 4463 Deum
3023 4423 3128 4462 non
3165 4419 3386 4476 norunt,
3419 4410 3589 4474 saltus

2015 4516 2352 4573 nuncupare,
2385 4513 2444 4556 ut
2469 4501 2790 4573 plerumque,
2821 4502 3394 4559 commonstravimus.

2086 4593 2245 4650 Vsus.
2281 4594 2366 4661 l7,
2400 4593 2638 4650 18.1.Et
2684 4602 2844 4650 erunt
2895 4609 3058 4664 opera
3112 4592 3335 4661 iustitia:
3368 4609 3498 4663 pax,
3530 4606 3586 4651 et

2009 4685 2284 4742 obtinebit.
2328 4683 2535 4756 iustitia
2587 4684 2858 4755 requiem,
2914 4695 2969 4740 et
3020 4684 3363 4741 conﬁdentes
3423 4700 3584 4744 erunt

2009 4788 2180 4848 uSque
2223 4777 2276 4834 in
2329 4786 2611 4836 aeternum.
2663 4777 2729 4831 Et
2786 4777 3054 4834 habitabit
3111 4777 3339 4848 populus
3381 4779 3498 4844 ejus
3528 4781 3587 4841 in

2008 4872 2145 4926 urbe
2171 4871 2342 4940 pacis,
2367 4878 2423 4926 et
2452 4869 2776 4925 inltabitabit
2815 4869 3119 4934 conlidens,
3152 4882 3210 4925 et
3236 4871 3580 4940 requiescant

2013 4975 2133 5015 cum
2167 4960 2401 5018 divitiis.
2424 4978 2444 5012 ι
2474 4958 2605 5015 Nam
2649 4975 2748 5032 pro
2780 4975 2971 5030 magna
3009 4971 3065 5016 et
3094 4961 3426 5030 lripudiante
3449 4963 3586 5021 urbe

2007 5050 2120 5120 jam
2182 5052 2382 5115 deleta,
2438 5051 2596 5106 aliam
2669 5053 2781 5108 Deo
2857 5055 3291 5112 constituendam
3353 5058 3585 5126 urbem,

2011 5143 2127 5198 sive
2195 5143 2522 5198 catholicam
2591 5143 2930 5206 Ecclesium.
2993 5161 3023 5200 a
3093 5149 3344 5206 terminis
3408 5167 3582 5221 usque

2011 5239 2078 5295 ad
2128 5239 2386 5294 terminos
2425 5248 2581 5295 terra:
2638 5241 3053 5310 pertingentcm,
3105 5253 3172 5298 et.
3213 5245 3372 5315 pium.
3404 5246 3457 5300 in
3492 5246 3584 5301 illa

2009 5333 2130 5388 vita:
2173 5332 2517 5398 institutum,
2583 5332 2924 5391 vaticinatur.
2999 5334 3180 5390 Firma
3251 5336 3450 5407 quippe
3497 5347 3583 5393 est

2007 5437 2217 5488 eorum,
2275 5423 2366 5493 qui
2420 5423 2476 5478 in
2530 5423 2696 5480 Deum
2739 5427 2992 5496 credunt,
3039 5442 3192 5485 mens
3244 5439 3300 5485 et
3364 5439 3580 5485 sentcn-

2009 5517 2100 5571 tia.
2133 5515 2426 5572 Civitatem
2455 5517 2607 5585 pacis
2644 5527 2806 5573 vocnt
2845 5517 3004 5574 illam.
3025 5535 3150 5590 qua:
3181 5521 3235 5576 iu
3267 5520 3426 5576 ctelis
3453 5532 3576 5577 est:

2006 5621 2126 5664 nam
2159 5625 2178 5660 ι
2210 5608 2318 5676 illa,
2358 5607 2558 5679 inquit,
2583 5625 2702 5678 qua:
2724 5626 2940 5668 sursum
2971 5623 3057 5670 est
3079 5611 3420 5681 Jerusalem,
3440 5612 3578 5672 libe¢

2027 5783 2103 5858 ⁸⁸⁸
2127 5783 2283 5840 Deut.
2317 5801 2488 5855 xxxii,
2520 5787 2574 5842 9.
