4158 6402
574 315 688 372 325⁸

1279 304 1548 364 ΕυεΕΒιι
1585 302 2058 362 CESARIENSIS
2095 303 2160 360 Ol

2286 301 2470 367 PARS
2491 296 2599 354 III.
2637 327 2709 340 —
2743 290 3155 352 EXEGETICA.

3720 284 3826 338 5‘34

577 449 636 488 ra
665 438 770 495 est,
805 436 980 484 mater
1011 424 1254 482 omnium
1306 432 1552 476 nostrum
1576 421 1641 473 ³⁷.
1668 438 1686 472 ι
1726 419 1923 474 Urbem
1969 430 2145 472 amem

2259 416 2409 468 Πόλιν
2437 414 2493 466 δὲ
2534 409 2867 484 ἀμεριμνίας
2911 405 3006 459 καὶ
3056 402 3155 465 τὰς
3200 399 3486 472 διαφόρους
3530 394 3677 464 λέγει
3725 411 3826 465 μο-

576 520 890 577 securitatis
917 527 1076 574 vocat
1103 515 1288 570 varias
1313 513 1436 568 illas
1474 512 1786 566 mansiones
1814 529 1827 564 :
1857 526 1980 565 nam
2009 513 2148 580 apud

579 617 820 678 Patrem,
861 610 1120 681 inquit",
1165 608 1482 662 mansiones
1517 604 1735 670 multa},
1775 619 1894 674 quae
1933 603 2149 656 divitias

583 722 857 779 minquam
901 700 1218 773 expilandas
1256 707 1498 755 servant.
1552 697 1762 751 Etenim
1808 713 1827 748 ι
1862 694 2151 750 Thesauri-

582 811 724 865 zate,
774 797 946 868 inquit
978 795 1046 860 '°,
1089 793 1178 848 ubi
1222 807 1323 848 nec
1371 805 1572 861 arrogo,
1621 803 1720 843 nec
1775 788 1919 842 tinea
1968 788 2152 842 demo-

579 893 730 957 litur,
764 903 936 960 neque
965 886 1114 940 fures
1136 883 1403 939 elfodinnt
1426 893 1482 938 et
1510 882 1784 935 furantur.
1810 897 1829 932 ι

654 983 818 1037 Vens.
875 982 960 1046 19,
997 980 1088 1034 20.
1127 997 1145 1030 ι
1178 977 1402 1034 Grando
1447 984 1626 1028 autem
1691 973 1735 1028 si
1781 971 2148 1037 descenderit,

581 1092 688 1131 non
719 1076 784 1129 ad
817 1088 913 1130 vos
945 1073 1146 1127 veniet.
1177 1071 1242 1124 Et
1274 1076 1434 1124 erunt
1485 1067 1576 1136 qui
1621 1065 1868 1118 habitant
1913 1062 1966 1117 in
2000 1061 2153 1116 salti-

580 1171 684 1224 bus
714 1167 1073 1228 confidentes.
1105 1165 1246 1218 sicut
1274 1163 1366 1231 qui
1401 1161 1452 1213 in
1483 1157 1725 1228 planitie.
1766 1156 1916 1211 Beati
1943 1154 2033 1224 qui
2067 1168 2153 1210 se—

581 1264 792 1318 tuluant
821 1274 984 1328 super
1016 1270 1230 1311 omnem
1259 1267 1475 1323 aquam,
1513 1250 1602 1306 ubi
1631 1249 1727 1303 bos
1755 1258 1810 1302 et
1836 1247 2020 1302 asinus
2041 1244 2154 1301 cal-

582 1366 729 1410 cant.
757 1375 777 1407 »
838 1353 937 1407 Hic
997 1351 1182 1405 beatos
1235 1345 1491 1418 praedicat
1537 1342 1812 1413 apostolos
1855 1339 2154 1394 Salvatoris

585 1449 780 1512 nosui,
810 1455 866 1501 et
898 1443 1104 1514 primos
1132 1437 1404 1509 Evangelii
1430 1448 1727 1505 praecones,
1754 1432 1843 1501 qui
1869 1440 1924 1486 et
1953 1428 2154 1485 Iudaeis

583 1552 643 1598 et
675 1539 882 1597 Graecis
929 1535 1313 1606 przedicarunt,
1356 1544 1418 1584 ac
1469 1541 1653 1582 semen
1705 1538 1859 1580 suum
1899 1521 2154 1592 coniece-

585 1643 715 1689 runt
755 1632 808 1685 in
860 1642 1076 1684 omnem
1112 1625 1410 1688 hominem,
1443 1621 1686 1676 Judaeum
1731 1619 1930 1689 primo,
1960 1614 2157 1671 deinde

586 1727 834 1784 Graecum
859 1740 874 1775 :
901 1723 998 1776 bos
1022 1720 1186 1786 enim,
1211 1725 1394 1786 utpote
1419 1715 1673 1768 mundum
1693 1705 2157 1777 animal,populus

587 1836 653 1876 ex
686 1814 1123 1878 circumcisione,
1159 1818 1373 1879 patrum
1414 1819 1635 1860 suorum
1683 1815 1866 1864 causa,
1896 1807 2155 1862 vocatur;

2259 1786 2384 1847 τοὺς
2429 1781 2671 1852 πατέρας
2688 1818 2702 1842 ,
2763 1775 2960 1830 ὡσανεὶ

586 1912 773 1966 asinus
793 1916 994 1973 autem,
1011 1910 1196 1974 utpote
1216 1900 1486 1969 impurus,
1504 1897 1700 1952 dicitur
1726 1893 1956 1974 populus
1979 1905 2049 1946 ex
2073 1903 2163 1959 pa-

587 2002 760 2057 tribus
783 1972 1089 2055 idololatris
1111 1988 1723 2065 progenitus.Quoniam
1769 1972 1934 2055 igitur
1977 1983 2031 2038 in
2068 1981 2163 2037 Ju-

585 2095 729 2149 daeos
747 2093 998 2163 primum,
1017 2087 1212 2144 deinde
1243 2086 1295 2139 in
1324 2082 1545 2140 Grzecos
1576 2078 1946 2148 evangelicum
1974 2091 2161 2132 semen

585 2185 813 2256 apostoli
861 2181 1160 2239 Salvatoris
1199 2175 1370 2233 nostri
1395 2173 1700 2244 iaciebant;
1740 2169 1869 2240 jure
1912 2167 2159 2223 dicitur:

591 2299 614 2336 ι
638 2282 832 2336 Beatus
849 2278 938 2349 qui
959 2277 1193 2333 seminat
1219 2287 1382 2344 super
1394 2284 1609 2327 omnem
1634 2280 1850 2337 aquam,
1872 2263 1960 2320 ubi
1988 2263 2086 2319 bos
2107 2273 2162 2318 et

587 2379 770 2432 asinus
801 2375 1029 2431 calcant.
1063 2391 1080 2423 ι
1117 2370 1214 2426 llic
1262 2382 1426 2441 porro
1478 2379 1577 2436 per
1605 2377 1814 2434 _aquam
1853 2359 2164 2416 subindicat

589 2471 826 2525 divinam
862 2468 1220 2537 Scripturam,
1251 2461 1426 2532 quala
1455 2457 1763 2516 Iudaeorum
1791 2463 1848 2512 et
1879 2452 2160 2525 gentilium

587 2565 783 2635 populo
819 2562 1076 2618 calcatur.

1097 2649 1329 2708 CAPUT
1367 2646 1613 2704 XXXIII.

657 2749 827 2806 Vens.
863 2749 918 2804 l.
953 2764 973 2800 ι
1004 2746 1094 2803 Va:
1137 2747 1204 2801 iis
1250 2744 1343 2815 qui
1383 2756 1481 2797 vos
1522 2740 1751 2795 miseros
1798 2735 2025 2800 faciunt,
2065 2733 2163 2790 sed

588 2856 750 2897 nemo
782 2855 879 2896 vos
909 2840 1142 2895 miseros
1172 2837 1344 2892 facit:
1374 2844 1429 2890 et
1458 2834 1550 2903 qui
1597 2830 1849 2901 reprobat
1893 2843 2014 2895 vos,
2057 2841 2162 2882 non

589 2932 1200 3002 reprobatzcapientur
1242 2925 1598 2998 reprobantes
1647 2934 1703 2979 et
1749 2922 2052 2989 tradentur,
2109 2929 2164 2976 et

589 3022 747 3092 quasi
780 3023 924 3077 tinea
972 3022 1026 3077 in
1076 3020 1423 3085 vestimento,
1459 3018 1538 3073 sic
1567 3017 1983 3086 superabuntur.
2013 3033 2033 3068 ›
2070 3013 2165 3071 His

592 3113 901 3170 consimilia
937 3122 1064 3168 sunt
1115 3127 1200 3177 ea,
1233 3111 1386 3181 queis
1426 3109 1681 3166 Salvator
1712 3108 2005 3178 discipulos
2036 3122 2164 3164 suos

592 3207 1012 3278 alloquebatur:
1052 3223 1071 3257 ι
1099 3204 1203 3271 Qui
1243 3219 1341 3260 vos
1385 3204 1615 3274 spernit,
1664 3218 1750 3256 me
1795 3202 2026 3270 spernit,
2055 3218 2074 3253 ι
2108 3211 2163 3256 et

591 3316 690 3356 vos
741 3315 846 3355 non
904 3297 1184 3362 laedimini,
1230 3305 1305 3361 et,
1347 3297 1479 3366 «qui
1536 3311 1623 3351 me
1676 3296 1906 3364 spernit,
1959 3294 2165 3363 spernit

590 3407 736 3457 eum,
765 3391 854 3461 qui
886 3390 1034 3445 misit
1059 3405 1144 3444 me
1165 3390 1228 3441 ⁸ο.
1257 3408 1276 3442 ι
1309 3387 1442 3442 Nam
1488 3403 1610 3443 cum
1651 3390 1777 3453 duo,
1808 3397 1870 3442 ut
1898 3386 2163 3458 quiSpiam

591 3486 810 3548 dixerit,
839 3484 890 3538 in
922 3493 1162 3552 tempore
1192 3482 1584 3553 persecutionis
1606 3482 1825 3537 ordines
1851 3481 1990 3546 sint,
2025 3477 2165 3536 alius

591 3580 891 3650 agentium,
924 3578 1244 3649 patientium
1278 3577 1446 3642 alius;
1479 3577 1668 3633 beatus
1695 3586 1781 3633 est
1813 3577 1906 3647 qui
1941 3576 2162 3646 patitur,

591 3672 686 3727 sed
739 3685 842 3725 non
893 3671 1037 3741 agit;
1088 3669 1281 3724 infelix
1315 3683 1444 3725 vero
1471 3669 1561 3740 qui
1590 3669 1723 3741 agit,
1751 3670 1844 3724 sed
1907 3683 2012 3724 non
2076 3683 2167 3738 pa-

593 3763 748 3816 titur.

662 3852 829 3910 Vsns.
869 3854 926 3908 2.
971 3872 990 3906 ι
1017 3852 1267 3919 Domine,
1303 3851 1563 3908 miserere
1613 3851 1809 3917 nostri,
1850 3851 1904 3905 in
1936 3858 1989 3906 te
2015 3849 2161 3906 enim

591 3945 938 4004 confidimus.
983 3944 1209 4000 Factum
1273 3954 1360 4001 est
1413 3958 1602 3999 semen
1653 3941 2060 3998 incredulorum
2109 3943 2163 3996 in

594 4035 990 4105 perditionem;
1025 4035 1172 4091 salus
1200 4045 1382 4090 autem
1413 4045 1596 4090 nostra
1624 4034 1678 4088 in
1709 4043 1950 4104 tempore
1995 4033 2165 4089 tribu-

595 4126 834 4181 lationis.
863 4145 883 4180 ›
919 4125 996 4180 Ex
1020 4140 1250 4195 persona
1275 4125 1642 4196 apostolorum
1671 4125 1980 4181 orationem
2008 4125 2167 4180 emit-

597 4218 668 4272 tit
703 4232 716 4268 :
746 4231 934 4271 eorum
965 4218 1164 4286 quippe
1189 4231 1396 4281 semen,
1423 4217 1515 4285 qui
1545 4215 1869 4286 evangelica).
1899 4215 2166 4286 praedica-

591 4307 729 4365 tioui
776 4323 882 4362 non
928 4307 1299 4375 crediderunt,
1331 4307 1588 4378 perniciei
1623 4306 1875 4361 traditum
1908 4315 1993 4361 est
2021 4322 2035 4359 :
2066 4321 2165 4361 no-

591 4411 706 4456 stra
751 4413 881 4455 vero
931 4399 1076 4455 salus
1119 4408 1174 4452 tu
1224 4401 1339 4468 ipse
1386 4414 1467 4464 es,
1496 4415 1528 4454 o
1570 4397 1822 4465 Domine,
1871 4397 1964 4468 qui
2010 4398 2163 4453 nobis

599 4495 731 4549 ades
754 4492 807 4547 in
850 4501 1090 4562 tempore
1118 4490 1505 4548 tribulationis.

665 4585 830 4639 Vsns.
879 4584 934 4638 5.
979 4603 998 4636 ‹
1028 4581 1258 4653 Propter
1289 4597 1478 4637 vocem
1535 4581 1749 4638 timoris
1811 4581 1887 4636 tui
1943 4581 2160 4638 sedibus

592 4678 725 4732 moti
773 4685 898 4732 sunt
933 4674 1115 4745 populi
1167 4689 1196 4729 a
1253 4674 1446 4729 timore
1483 4683 1593 4739 tuo,
1634 4683 1689 4727 et
1727 4673 1986 4743 dispersa:
2037 4682 2164 4727 sunt

593 4780 838 4840 gentes.»
881 4768 935 4823 Id
982 4767 1179 4823 dicitur
1225 4767 1291 4820 de
1341 4765 1411 4821 iis
1452 4766 1544 4834 qui
1575 4780 1744 4820 sacra?
1791 4766 2160 4835 praedicationi

592 4862 752 4915 fidem
804 4875 910 4914 non
958 4860 1287 4915 habuerunt.
1343 4857 1626 4927 Signiﬁcat
1687 4865 1864 4912 autem
1926 4856 2162 4912 Iudaica:

592 4953 765 5022 gentis
813 4952 1174 5020 obsidionem,
1224 4961 1278 5007 et
1331 4952 1496 5021 quod,
1550 4951 1842 5021 ingruente
1894 4950 2024 5019 ipsis
2071 4951 2162 5004 lio-

591 5045 755 5099 stium
789 5043 1154 5110 multitudine,
1186 5059 1255 5098 ex
1286 5054 1431 5099 terra
1455 5058 1552 5098 sua
1585 5043 1746 5113 pulsi,
1779 5051 1834 5100 et
1865 5043 2006 5098 inter
2038 5059 2164 5114 gen-

597 5147 675 5190 tcs
708 5135 943 5203 dispersi
972 5135 1102 5189 sint.

665 5224 830 5280 Vens.
881 5224 935 5279 4.
997 5224 1193 5280 «Nunc
1239 5233 1417 5280 autem
1473 5225 1947 5296 congregabuntur
1995 5219 2164 5294 spolia

589 5327 795 5382 vestra,
826 5318 976 5387 parvi
1013 5327 1068 5370 et
1113 5318 1321 5386 magni,
1353 5326 1610 5386 tanquam
1639 5317 1683 5372 si
1719 5315 1842 5386 quis
1875 5323 2165 5385 congreget

593 5410 855 5472 locustas,
883 5409 963 5464 sic
987 5409 1218 5464 illudent
1243 5409 1414 5464 vobis.
1437 5429 1456 5462 ι
1485 5408 1580 5464 His
1613 5424 1777 5480 quam
1803 5407 2075 5463 invalidus
2107 5417 2163 5463 et

591 5517 754 5572 quam
786 5511 1098 5572 expugnato
1127 5500 1303 5556 facilis
1329 5500 1585 5557 Iudaicus
1614 5501 1841 5572 populus
1886 5510 2031 5556 esset
2071 5500 2166 5555 de-

594 5593 766 5649 clarat
793 5611 806 5646 :
840 5609 902 5649 ac
929 5593 1326 5649 multitudinem
1353 5609 1540 5649 eorum
1573 5593 1797 5650 locustis
1819 5607 2162 5664 comparans,

2249 509 2345 572 νάς
2365 525 2376 536 ·
2411 506 2602 559 πολλαὶ
2648 499 2960 574 γὰρ,,φησὶ,
2997 495 3158 568 μοναὶ⁵
3187 491 3340 565 παρά
3372 491 3450 560 τῷ
3496 489 3666 560 ῐῐατρί
3698 498 3822 558 μου,

2249 602 2428 671 ἔχουσι
2469 598 2527 651 δὲ
2574 595 2789 650 καὶτὸν
2839 589 3065 644 πλοῦτον
3112 586 3201 639 τὸν
3251 584 3464 640 ἄσυλον.
3504 602 3522 632 ι
3556 580 3824 651 Θησαυρί-

2249 670 2370 756 ζετε
2441 689 2548 760 γὰρ
2583 727 2598 752 ,
2673 683 2859 756 φησὶν,
2929 682 3064 734 ὅπου
3141 677 3236 748 σὴς
3291 676 3386 728 καὶ
3451 671 3652 744 βρῶσις
3725 670 3824 723 οὐκ

2249 753 2534 852 ἀφανίζει,
2574 753 2695 830 οὐδὲ
2736 753 2970 828 κλέπται
3025 767 3368 840 διορύσσουσι
3407 765 3502 818 καὶ
3557 753 3856 817 κλέπτου-⁴

2254 890 2358 926 σιν.
2393 891 2411 923 1

2326 983 2344 1015 ‹
2388 963 2452 1016 Ἦ
2484 960 2542 1014 δὲ
2573 954 2804 1030 χάλαζα,
2844 955 2939 1007 ἐὰν
2974 950 3208 1022 καταϐῇ,
3243 947 3344 1001 οὐκ
3389 947 3471 1015 ἐφ’
3499 945 3642 1014 ὑμᾶς
3681 942 3824 1014 ἥξει.

2251 1054 2360 1106 Καὶ
2401 1050 2614 1103 ἔσονται
2647 1049 2696 1099 oi
2731 1042 3062 1104 ἐνοικοῦντες
3109 1041 3166 1093 ὲν
3209 1039 3320 1100 τοῖς
3364 1035 3584 1107 δρυμοῖς
3638 1049 3830 1087 πεποι-

2253 1144 2432 1207 θότες,
2472 1141 2548 1205 ὡς
2580 1141 2628 1194 οἱ
2666 1142 2723 1192 ὲν
2765 1139 2832 1208 τῇ
2865 1133 3072 1204 πεδινῇ.
3106 1129 3379 1200 Μακάριοι
3418 1129 3465 1180 οἱ
3515 1126 3828 1196 σπείροντες

2253 1236 2346 1288 ἐπὶ
2371 1236 2480 1288 πᾶν
2512 1232 2677 1302 ῦδωρ,
2703 1220 2764 1282 οῦ
2801 1225 2927 1298 βοῦς
2958 1225 3052 1278 καὶ
3095 1222 3216 1285 ὄνος
3262 1221 3442 1274 πατεῖ.
3471 1238 3489 1270 ›
3526 1215 3827 1287 Μακαρίζει

2252 1326 2309 1378 δὲ
2344 1323 2433 1378 διὰ
2464 1323 2668 1376 τούτων
2700 1320 2826 1382 τοὺς
2867 1315 3194 1376 ἀποστόλους
3234 1311 3328 1364 τοῦ
3371 1308 3617 1380 Σωτῆρος
3649 1305 3825 1377 ἡμῶν,

2253 1416 2348 1470 καὶ
2394 1417 2519 1479 τοὺς
2566 1413 2813 1487 πρώτους
2858 1410 3104 1480 κήρυκας
3153 1403 3248 1457 τοῦ
3301 1401 3652 1472 Εὑαγγελίου,
3701 1400 3830 1463 τοὺς

2254 1508 2348 1562 καὶ
2382 1505 2650 1566 Ἰουδαίοις
2679 1503 2773 1556 καὶ
2804 1498 3027 1569 Ἕλλησι
3056 1494 3417 1567 κηρύξαντας,
3453 1491 3546 1545 καὶ
3576 1491 3666 1543 τὸν
3697 1489 3830 1542 σπό-

2257 1617 2349 1672 ρον
2419 1596 2594 1651 αὐτῶν
2667 1589 3138 1660 καταϐαλομένους
3200 1585 3293 1638 ἐπὶ
3365 1584 3542 1637 πάντα
3618 1579 3829 1650 ἀνθρω-

2259 1670 2360 1745 πον
2399 1685 2654 1743 Ἰουδαῖόν
2682 1702 2743 1737 τε
2777 1681 2993 1754 πρῶτον
3037 1678 3129 1732 καὶ
3151 1676 3386 1746 Ἕλληνα
3407 1692 3420 1704 ο
3457 1673 3580 1744 βοῦς
3604 1673 3712 1744 γὰρ
3740 1670 3832 1725 διὰ

3009 1770 3244 1842 καθαρὸν
3292 1768 3448 1834 ζῶον,
3492 1769 3520 1820 ὁ
3561 1767 3624 1819 ὲκ
3671 1782 3831 1838 περι-

2259 1881 2432 1952 τομῆς
2459 1877 2584 1940 λαὸς
2619 1873 2961 1944 ὠνόμασται·
2998 1869 3117 1931 ὄνος
3148 1865 3224 1929 δὲ,
3267 1862 3464 1918 ὡσανεὶ
3494 1859 3830 1931 ἀκάθαρτος,

2260 1972 2288 2022 ὁ
2314 1951 2378 2022 ἐκ
2407 1967 2655 2038 πατέρων
2685 1957 3083 2030 είδωλολατρῶν
3115 1956 3262 2020 λαός.
3306 1953 3459 2006 Ἐπεὶ
3487 1951 3660 2004 τοίνυν
3699 1951 3833 2003 Ἰου-

2259 2061 2427 2124 δαίοις
2449 2058 2700 2130 πρώτως,
2731 2055 2922 2108 ἔπειτα
2939 2049 3163 2120 Ἕλλησι
3202 2045 3292 2100 τὸν
3324 2043 3673 2114 εὑαγγελικὸν
3699 2059 3836 2094 xar-

2261 2153 2544 2208 εὸἀλλοντο
2601 2150 2804 2221 σπόρον
2836 2148 2885 2200 οί
2913 2145 3007 2199 τοῦ
3038 2141 3290 2212 Σωτῆρος
3330 2137 3488 2210 ἡμῶν
3525 2132 3833 2198 ἀπόστολοι,

2261 2246 2485 2308 εἰκότως
2534 2244 2778 2315 εἴρηται·
2837 2259 2855 2291 ι
2885 2236 3167 2306 Μακάριος
3218 2233 3246 2285 ὁ
3293 2229 3533 2301 σπείρων
3585 2227 3675 2280 ἐπὶ
3722 2226 3836 2278 πᾶν

2262 2339 2424 2410 ὕδωρ,
2463 2331 2524 2391 οῦ
2569 2334 2696 2406 βοῦς
2728 2333 2822 2387 καὶ
2864 2331 2983 2394 ovo;
3018 2329 3198 2382 πατεῖ.
3227 2344 3244 2377 ι
3279 2323 3464 2394 ’Ὑδωρ
3498 2321 3554 2374 δὲ
3597 2317 3833 2372 ἐνταῦθα

2259 2406 2477 2499 ᾐνίξατο
2507 2425 2605 2497 τὴν
2633 2424 2986 2478 θεόπνευστον
3015 2416 3260 2489 Γραφὴν,
3304 2412 3410 2468 ὑπὸ
3446 2409 3712 2466 Ἰουδαίων
3739 2406 3838 2462 καὶ

2260 2519 2355 2574 τοῦ
2381 2518 2441 2584 ἐξ
2467 2516 2636 2572 ἐθνῶν
2665 2513 2794 2568 λαοῦ
2824 2510 3190 2581 πατουμένην.

2773 2599 3169 2660 ΚΕΦΑΛΛΙΟΝ
3209 2597 3329 2652 AI".

2338 2723 2358 2758 ι
2385 2701 2522 2757 Οὐαὶ
2551 2702 2664 2764 τοῖς
2695 2693 3134 2766 ταλαιπωροῦσιν
3162 2691 3305 2762 ὑμᾶς
3327 2727 3341 2752 ,
3385 2687 3530 2758 ὑμᾶς
3574 2684 3632 2738 δὲ
3663 2680 3835 2745 οὺδεξ

2262 2794 2405 2848 ποιεῖ
2436 2789 2838 2858 ταλαιπώρους·
2888 2783 2983 2838 καὶ
3017 2783 3045 2836 ὁ
3073 2779 3282 2834 ἀθετῶν
3315 2778 3460 2848 ὑμᾶς
3495 2774 3595 2828 οὐκ
3621 2771 3832 2825 ἀθετεῖ⁸

2263 2883 2564 2941 ἁλώσονται
2597 2881 2646 2934 οἱ
2695 2875 3012 2938 ἀθετοῦντες
3063 2872 3156 2927 καὶ
3207 2868 3692 2942 παραδοθήσονται,
3740 2863 3838 2918 καὶ

2261 2977 2337 3040 ὡς
2374 2973 2472 3046 σὴς
2514 2971 2599 3041 ἐφ’
2630 2969 2867 3042 ἱματίου,
2907 2966 3076 3030 οὓτως
3107 2963 3517 3036 ἡττηθήσονται.
3548 2977 3566 3010 ι
3617 2955 3836 3022 Τούτοις

2263 3063 2468 3133 ἀδελφὰ
2493 3061 2750 3132 τυγχάνει
2777 3057 2847 3112 τὰ
2877 3057 2942 3110 δι’
2970 3048 3044 3108 ὧν
3081 3057 3109 3108 ὁ
3137 3053 3325 3124 Σωτὴρ
3351 3052 3467 3138 τοῖς
3509 3047 3699 3102 ἑαυτοῦ
3734 3064 3839 3118 μα-

2189 3167 2230 3224 c
2265 3157 2454 3228 θηταῖς
2497 3154 2712 3222 ἔλεγενο
2754 3170 2772 3201 ι
2811 3150 2868 3222 'Q
2898 3148 3042 3219 ὑμᾶς
3068 3144 3275 3200 ἀθετῶν
3318 3143 3418 3215 ἐμὲ
3462 3141 3662 3206 ἀθετεῖ,
3685 3159 3704 3191 ι
3741 3138 3838 3192 καὶ

2263 3248 2362 3302 οὐκ
2412 3244 2683 3301 ἀδικεῖσθε
2733 3243 2921 3314 ὑμεῖς,
2957 3238 3081 3302 καὶ,
3117 3255 3135 3288 ι
3169 3237 3228 3291 '0
3258 3236 3360 3304 ἐμὲ
3403 3234 3609 3290 ἀθετῶν
3655 3231 3839 3286 ἀθετεῖ

2263 3339 2354 3392 τὸν
2401 3333 2794 3392 ἀποστείλαντά
2835 3349 2922 3403 με.
2946 3349 2964 3382 ι
3003 3328 3105 3382 Δύο
3155 3328 3264 3399 γάρ
3306 3329 3473 3381 ὄντων
3518 3325 3836 3395 ταγμάτων,

2265 3431 2340 3495 ὡς
2383 3431 2448 3484 ἂν
2492 3428 2634 3481 εἴποι
2660 3443 2776 3492 τις,
2819 3423 2960 3478 κατὰ
2998 3423 3124 3486 τοὺς
3153 3421 3376 3492 καιροὺς
3425 3419 3532 3473 τῶν
3561 3416 3837 3488 διωγμῶν,

2263 3520 2370 3574 τῶν
2405 3518 2504 3590 μὲν
2537 3515 2804 3588 δρώντων,
2848 3512 2955 3566 τῶν
2991 3511 3048 3564 δὲ
3094 3511 3428 3580 πασχόντων,
3479 3508 3742 3580 μακάριος
3770 3505 3839 3559 ἂν

2266 3612 2351 3684 εἴη
2381 3613 2409 3664 ὁ
2437 3611 2681 3680 πάσχων,
2709 3608 2845 3663 ἀλλά
2877 3605 2952 3676 μὴ
2977 3602 3146 3675 δρῶψ
3177 3603 3358 3666 ἄθλιος
3385 3603 3441 3656 δὲ
3463 3606 3492 3657 ὁ
3514 3601 3675 3674 δρῶν,
3702 3597 3839 3653 ἀλλά

2268 3702 2345 3775 μὴ
2379 3700 2624 3770 πάσχων.

2341 3878 2360 3910 ‹
2393 3858 2586 3930 Κύριε,
2618 3857 2838 3928 ἐλέησον
2873 3858 3052 3928 ἡμᾶς·
3087 3853 3179 3908 ἐπὶ
3210 3852 3292 3905 σοι
3340 3849 3448 3921 γάρ
3477 3845 3834 3915 πεποίθαμεν.

2278 3948 2535 4021 Ἐγενήθη
2562 3947 2622 4001 τὸ
2651 3948 2869 4020 σπέρμα
2899 3947 3007 4001 τῶν
3028 3943 3398 3999 ἀπειθούντων
3429 3943 3508 4004 είς
3534 3937 3804 3992 ἀπώλειαν
3821 3953 3834 3966 ·

2265 4042 2383 4114 ἡδὲ
2422 4041 2663 4112 σωτηρία
2705 4038 2862 4110 ἡμῶν
2900 4041 2956 4092 ὲν
2987 4035 3163 4109 καιρῴ
3205 4033 3456 4104 θλίψεως.
3492 4049 3510 4082 ι
3558 4030 3651 4082 Ἐκ
3679 4045 3841 4099 προσ-

2265 4134 2414 4204 ώπου
2462 4132 2586 4199 τῶν,
2618 4131 2929 4186 ἀποστόλων
2980 4130 3081 4201 τὴν
3131 4128 3295 4199 εὐχὴν
3342 4124 3688 4195 ἀναπέμπει’
3729 4120 3842 4172 τῶν

2269 4226 2367 4296 μὲν
2411 4223 2522 4302 γὰρ
2562 4222 2970 4294 ἁπειθησάντων
3018 4219 3098 4292 τῷ
3140 4206 3478 4286 εὐαγγελικῷ
3524 4212 3843 4284 κηρύγματι

2265 4315 2327 4368 τὸ
2358 4301 2578 4386 σπέρμα
2609 4311 2876 4385 παρεδόθη
2907 4311 3179 4382 ἀπωλεία-
3215 4308 3370 4380 ήμῶν
3407 4307 3464 4359 δὲ
3501 4303 3743 4375 σωτηρία
3773 4301 3840 4353 σὺ

2265 4408 2425 4472 αὐτὸς
2478 4407 2794 4477 τυγχάνεις,
2831 4399 2876 4458 ὦ
2922 4403 3114 4475 Κύριε,
3163 4400 3564 4474 παριστάμενος
3612 4399 3741 4468 ἡμῖν
3782 4397 3842 4448 ὲν

2201 4513 2244 4569 D
2273 4498 2453 4580 καιρῷ
2479 4498 2730 4568 θλίψεως.

2274 4604 2276 4606 ⁷
2343 4611 2360 4643 ι
2389 4590 2486 4644 Διά
2516 4591 2698 4662 φωνὴν
2737 4589 2832 4642 τοῦ
2877 4587 3042 4657 φόὸου
3083 4603 3176 4640 σου
3230 4584 3530 4655 ἐξέστησαν
3574 4579 3692 4633 λαοὶ
3733 4579 3844 4633 ἀπὸ

2267 4683 2358 4738 τοῦ
2389 4683 2554 4753 φόϐου
2582 4700 2695 4747 σου,
2721 4681 2816 4734 καὶ
2843 4679 3210 4751 διεσπάρησαν
3238 4677 3306 4731 τά
3339 4673 3468 4743 ἔθνη
3488 4690 3500 4704 ·
3523 4690 3542 4723 ι
3581 4672 3707 4743 περὶ
3734 4671 3845 4726 τῶν

2267 4775 2680 4846 ἀπιστησάντων
2716 4773 2794 4846 τῷ
2839 4771 2969 4844 ίερῷ
3005 4771 3340 4843 κηρύγματι.
3372 4767 3631 4839 Σημαίνει
3662 4765 3718 4819 δὲ
3745 4763 3844 4833 τὴν

2268 4867 2579 4939 πολιορκίαν
2625 4865 2718 4920 τοῦ
2753 4865 3019 4920 Ἰουδαίων
3062 4862 3273 4925 ἔθνους,
3317 4861 3412 4915 καὶ
3447 4863 3521 4924 ὡς
3569 4857 3843 4926 πολυπλη-

2269 4957 2418 5021 θείας
2473 4955 2746 5028 πολεμίων
2796 4954 3127 5025 ἐπελθούσης
3171 4953 3353 5015 αὐτοῖς
3401 4948 3696 5020 ἐξέστησαν
3743 4946 3846 5016 τῆς

2270 5050 2476 5104 ἑαυτῶν
2512 5050 2634 5120 γῆς,
2662 5049 2754 5102 καὶ
2777 5047 3264 5120 διεσκορπίσθησαν
3287 5047 3367 5109 εἰς
3389 5043 3458 5096 τά
3482 5043 3630 5115 ἔθνη.

2343 5246 2364 5280 ι
2404 5229 2517 5282 Νῦν
2560 5230 2617 5283 δὲ
2676 5229 3163 5301 συναχθήσεταιτά
3215 5229 3386 5282 σκύλα
3423 5225 3596 5297 ύμιῖιν,
3645 5223 3847 5296 μικροῦ

2271 5320 2363 5373 καὶ
2397 5320 2654 5391 μεγάλου,
2694 5321 2753 5375 ὃν
2786 5322 2988 5392 τρόπον
3013 5320 3110 5376 ἐάν
3149 5338 3234 5384 τις
3270 5319 3554 5391 συναγάγῃ
3595 5315 3847 5387 ἀκρίδας.

2269 5411 2440 5475 οὓτως
2484 5412 2840 5483 ἐμπαίξουσιν
2873 5414 3062 5484 ὑμῖν.»
3108 5413 3181 5465 Τὸ
3229 5410 3553 5482 εὐχείρωτον
3591 5408 3682 5462 καὶ
3719 5407 3846 5460 εὑάο

2269 5501 2438 5555 λωτον
2482 5503 2576 5556 τοῦ
2620 5505 2884 5559 Ἰουδαίων
2930 5504 3060 5559 λαοῦ
3094 5503 3391 5576 παριστὰς,
3423 5503 3483 5554 τό
3535 5518 3591 5554 τε
3642 5499 3848 5569 πλῆθος

2271 5593 2447 5647 αὐτῶν
2481 5595 2668 5667 ἀκρίσι
2700 5596 3080 5667 παραϐάλλων.
3120 5597 3373 5667 σημαίνει
3402 5594 3477 5657 ὼς
3503 5595 3550 5646 οί
3593 5591 3849 5661 πολέμιοι

669 5785 711 5818 ’⁷
739 5785 855 5843 Gal.
890 5799 964 5853 ιν,
995 5785 1084 5842 26.
1162 5789 1205 5821 ³⁸
1231 5785 1501 5857 Joanuuv,
1530 5789 1605 5842 2.‘
1662 5789 1706 5821 ⁸⁸
1734 5787 1920 5847 Matth.
1954 5803 2026 5857 vr,
2063 5787 2146 5842 l9.
2223 5786 2269 5819 "°
2292 5785 2420 5841 Luc.
2457 5802 2511 5854 χ,
2544 5786 2624 5841 lli.
