4158 6402
410 323 516 378 325

1324 321 1822 381 COMMENTARIA
1864 324 1932 380 IN
1972 325 2226 383 ISAIA‘M.
2270 359 2338 369 —
2375 324 2528 380 CAP.
2569 322 2806 379 XXXIII.

3570 331 3677 386 326

407 437 527 490 ἀντὶ
573 432 824 501 παιγνίου
871 433 1067 498 αὐτοὺς
1119 435 1350 503 ἕξουσιν,
1392 439 1454 492 οὐ
1504 439 1664 512 μόνον
1708 443 1779 496 τὰ
1827 445 1988 500 σκύλο

2103 445 2382 514 signiﬁcat
2405 445 2551 515 ipsos
2585 444 2652 498 ab
2678 439 2918 497 inimicis
2947 440 3182 498 ludibrio
3210 442 3491 502 habendos
3510 461 3632 502 esse
3658 465 3672 500 :

412 525 590 579 αὐτῶν
629 524 1019 598 διαρπάξοντες
1057 529 1256 600 μικροῦ
1295 530 1389 584 καὶ
1429 533 1685 602 μεγάλου,
1719 535 1854 591 ἀλλά
1901 539 1994 592 καὶ

405 615 590 679 αὐτοῖς
628 614 1010 686 ἐμπαίζοντες.
1039 617 1224 672 Ταῦτα
1260 621 1386 691 περὶ
1428 623 1634 678 τούτων
1671 626 1862 692 εἰπὼν,
1897 647 1994 699 με-

407 710 652 763 ταϐαίνει
681 709 772 762 ἐπὶ
800 707 863 761 τὸ
890 709 1075 780 τάγμα
1101 711 1200 781 τῆς
1226 711 1320 764 τοῦ
1354 713 1488 767 Θεοῦ
1531 716 1878 789 Ἐκκλησίας,
1904 723 1990 793 ἐφ’

407 794 453 869 ᾧ
482 801 576 854 καὶ
597 798 808 864 δοξάζει
831 799 921 852 τὸν
953 799 1086 852 Θεὸν
1117 800 1289 869 λέγων
1309 821 1322 832 ·

485 911 504 942 ι
537 893 727 960 ’Ἄγιος
749 891 778 941 6
809 890 944 953 Θεὸς
968 892 997 944 6
1026 893 1294 947 κατοικῶν
1325 897 1386 948 ὲν
1409 896 1659 968 ὑψηλοῖς·
1687 901 1990 977 ἐνεπλήσθη

410 981 548 1035 Σιὼν
601 981 835 1053 κρίσεως
883 982 979 1035 καὶ
1033 982 1400 1056 δικαιοσύνης.
1429 1007 1447 1037 ι
1503 989 1735 1060 Νοήσεις
1783 993 1840 1046 δὲ
1893 995 1994 1066 τὴν

409 1073 550 1128 Σιὼν
601 1073 710 1127 ἀπὸ
751 1071 846 1126 τοῦ
911 1072 1165 1141 λέγεσθαι
1219 1078 1452 1148 κρίσεως
1507 1081 1602 1134 καὶ
1648 1083 1992 1157 δικαιοσύνης

410 1163 800 1236 πεπληρῶσθαι
837 1165 1029 1236 αὐτήν.
1074 1166 1160 1218 Ἐν
1194 1166 1252 1220 δὲ
1293 1172 1405 1233 τοῖς
1446 1171 1702 1244 ἀνωτέρω
1741 1175 1989 1244 ἐλέγετοο

415 1275 435 1307 ι
464 1257 572 1308 Καὶ
599 1256 970 1310 ἀναπαύσεται
1006 1258 1064 1311 ἐν
1093 1261 1159 1330 τῇ
1203 1260 1396 1332 ἐρήμῳ
1439 1267 1613 1334 κρῖμα
1656 1266 1751 1319 καὶ
1791 1267 1995 1322 δικαιο-

412 1345 565 1417 σύνη.
594 1366 612 1398 ι
651 1348 763 1419 Τὴν
809 1349 1066 1421 ἀνωτέρω
1108 1352 1285 1405 τοίνυν
1337 1353 1542 1424 ἔρημον
1599 1357 1993 1432 ὠνομασμένην

411 1436 506 1490 νῦν
540 1437 677 1491 Σιὼν
707 1440 998 1506 ἀποκαλεῖ,
1043 1442 1186 1496 οὕτω
1217 1444 1313 1516 τὴν
1361 1446 1683 1519 Ἐκκλησίαν
1725 1451 1820 1503 τοῦ
1857 1452 1991 1506 Θεοῦ

413 1531 711 1614 σημαίνων.
739 1531 887 1601 Αὖτη
941 1533 1050 1604 γὰρ
1092 1529 1160 1604 ἦν
1190 1535 1222 1606 ή
1253 1536 1419 1591 πάλαι
1466 1538 1688 1610 ἕρημος.
1733 1544 1792 1594 ὲν
1896 1545 1992 1598 ἀν-

413 1621 685 1676 επαύσατο
725 1624 897 1695 κρῖμα
936 1625 1030 1677 καὶ
1074 1625 1419 1699 δικαιοσύνη·
1447 1629 1528 1683 διὸ
1559 1633 1652 1685 καὶ
1692 1633 1992 1704 εὐλογεῖται

413 1713 506 1767 νῦν
543 1715 572 1767 6
621 1714 786 1780 Θεὸς,
832 1715 914 1768 ὅτι
975 1717 1279 1790 ἐνεπλήσθη
1343 1721 1577 1791 κρίσεως
1634 1725 1727 1777 καὶ
1782 1725 1991 1779 δικαιο-

415 1806 602 1877 σύνης.

488 1917 506 1949 ι
550 1900 636 1952 Ἐν
665 1899 814 1971 νόμῳ
865 1903 1355 1974 παραδοθήσονται,
1398 1907 1456 1958 ὲν
1491 1905 1783 1977 θησαυροῖς
1812 1910 1846 1979 ή
1894 1927 1997 1963 σω-

413 1989 578 2060 τηρία
621 1991 654 2059 ή
665 1989 780 2060 μῶν
800 2007 813 2020 υ
847 1993 965 2044 ἐκεῖ
997 1991 1158 2062 σοφία
1186 1992 1282 2046 καὶ⁸
1315 1995 1592 2066 ἐπιστήμη
1627 1997 1719 2048 καὶ
1747 1996 1997 2050 εὐσέϐεια

414 2081 551 2154 πρὸς
583 2081 673 2134 τὸν
709 2082 930 2154 Κύριον.
957 2077 1116 2137 Οὗτοί
1143 2085 1249 2138 είσι
1291 2085 1552 2158 θησαυροὶ
1593 2088 1989 2159 δικαιοσύνης.»

414 2175 584 2247 Νόμῳ
612 2175 721 2245 γάρ
740 2217 754 2239 ,
781 2175 981 2248 δηλαδὴ
1010 2176 1377 2249 εὐαγγελικῷ,
1434 2180 1483 2233 οἳ
1505 2181 1619 2252 (40)
1656 2183 1714 2234 ὲν
1742 2185 1808 2253 τῇ
1836 2185 1989 2253 κοινῇ

415 2262 586 2336 ταύτῃ
633 2263 769 2316 Σιὼν
799 2265 1173 2336 παρεδόθησαν
1193 2282 1206 2296 ⁸
1242 2267 1299 2320 ὲν
1337 2267 1516 2321 ἐλπίσι
1542 2267 1649 2338 γὰρ
1676 2272 1788 2333 τοῖς
1819 2270 1996 2339 ἁγίοις

417 2354 696 2407 ἀπόκειται
749 2353 818 2407 τὰ
860 2354 1057 2423 ἀγαθά.
1108 2353 1287 2419 Ποίοις
1337 2355 1396 2407 δὲ
1457 2355 1751 2428 θησαυροῖς
1807 2359 1841 2429 ἢ
1877 2362 1990 2423 τοῖς

417 2447 795 2516 ἀποκειμένοις
818 2447 876 2498 ὲν
900 2445 1148 2517 οὐρανοῖς
1167 2462 1182 2511 ;

558 2538 686 2590 Ἰδοὺ
732 2538 788 2591 δὲ
820 2539 878 2590 ἐν
910 2538 987 2608 τῷ
1015 2537 1164 2608 φόϐῳ
1210 2538 1364 2608 ὑμῶν
1393 2532 1537 2592 οὗτοι
1571 2539 1991 2611 φοϐηθήσονται,

411 2627 509 2691 οὓς
552 2625 864 2696 ἐφοϐεῖσθε·
903 2625 1184 2697 βοήσονται
1219 2627 1312 2695 ἀφ’
1357 2625 1530 2696 ὑμῶν.
1555 2645 1575 2677 ι
1620 2625 1805 2680 Ταῦτα
1855 2625 1993 2697 πρὸς

414 2719 538 2783 τοὺς
571 2717 901 2779 ἀποστόλους
951 2717 1164 2787 εἴρηται
1187 2735 1201 2748 ο
1246 2718 1584 2770 ἐπιπεσεῖται
1629 2715 1756 2788 γὰρ,
1805 2717 1990 2788 φησιν,

415 2809 508 2865 ἐπὶ
538 2809 664 2871 τοὺς
700 2806 963 2870 ἀπίστους
995 2808 1024 2859 ὁ
1055 2806 1316 2878 ὑμέτερος
1348 2806 1528 2877 φόϐος.

490 2921 509 2954 ι
554 2899 810 2969 Ἀγγελοι
877 2898 1344 2970 ἀποσταλήσονται
1411 2899 1624 2972 πικρῶς
1695 2898 1988 2963 κλαίοντες.

427 2992 907 3064 Ἐρημωθήσονται
957 2990 1066 3062 γὰρ
1115 2992 1171 3044 αἱ
1217 2991 1421 3044 τούτων
1470 2990 1614 3043 ὁδοίο
1647 2991 1923 3045 πέπαυται
1963 2993 1992 3045 6

416 3086 578 3156 φόϐος
608 3083 715 3137 τῶν
757 3083 946 3149 ὲθνῶν,
996 3083 1090 3136 καὶ
1123 3085 1155 3153 ή
1205 3084 1340 3154 πρὸς
1377 3085 1597 3149 τούτους
1629 3083 1860 3156 διαθήκη
1906 3083 1989 3137 αῖ-

2102 536 2197 607 qui
2227 551 2333 591 non
2361 537 2522 591 modo
2562 545 2669 590 tam
2695 534 2872 604 parvi,
2904 547 3065 603 quam
3106 537 3286 606 magni
3317 550 3505 592 eorum
3549 553 3678 609 spo-

2102 629 2173 683 lia
2209 629 2490 699 diripient,
2517 628 2610 684 sed
2649 629 2813 683 etiam
2862 628 2995 698 ipsis
3049 627 3294 682 illudent.
3341 627 3464 685 Hac
3514 645 3677 699 porro

2101 721 2172 776 de
2227 720 2294 775 iis
2349 719 2580 781 locutus,
2627 718 2693 771 ad
2737 717 3037 774 Ecclesiam
3079 718 3172 774 Dei
3216 721 3531 789 pertransit,
3583 722 3676 777 ubi

2105 813 2270 866 Deum
2298 810 2384 866 his
2406 809 2587 865 verbis
2615 808 2856 864 celebrat
2884 826 2897 860 :

2176 900 2336 955 Vens.
2367 901 2422 956 5.
2467 917 2488 952 ‹
2515 900 2755 954 Sanctus
2780 899 2942 962 Deus.
2965 899 3057 967 qui
3090 899 3296 955 habitat
3328 900 3381 955 in
3408 901 3674 958 excelsis:

2100 992 2307 1062 repleta
2336 1002 2419 1047 est
2454 990 2586 1047 Sion
2628 990 2833 1060 judicio
2881 999 2936 1045 et
2978 990 3210 1058 iustitia.
3236 1008 3255 1042 ι
3297 991 3428 1047 Sion
3453 1007 3573 1062 quae
3603 992 3677 1048 sit

2101 1082 2185 1136 vel
2229 1082 2355 1136 inde
2405 1080 2699 1152 intelligas,
2735 1081 2880 1149 quod
2931 1080 3145 1134 dicatur
3191 1080 3338 1135 illam
3373 1079 3583 1150 judicio
3619 1091 3677 1138 et

2096 1170 2308 1241 justitia
2352 1171 2612 1240 repletam
2666 1183 2809 1224 esse.
2848 1167 3110 1237 Superius
3140 1179 3320 1225 autem
3348 1171 3672 1228 dicebatur:

2105 1283 2124 1315 σ
2152 1263 2214 1317 Et
2245 1265 2552 1333 requiescet
2609 1261 2662 1317 in
2722 1265 2938 1316 deserto
2965 1259 3230 1327 judicium
3285 1272 3339 1317 et
3367 1263 3608 1333 iustitia.
3648 1284 3668 1319 ι

2100 1355 2231 1408 Eam
2281 1354 2465 1423 igitur,
2520 1368 2640 1422 qua:
2679 1354 2929 1420 superius
2965 1353 3236 1407 desertum
3284 1365 3528 1420 vocatur,
3559 1356 3672 1427 jam

2101 1445 2230 1500 Sion
2265 1453 2578 1516 nuncupat;
2623 1453 2787 1515 atque
2817 1447 2888 1498 ita
2925 1443 3221 1499 Ecclesiam
3253 1445 3349 1500 Dei
3379 1447 3667 1519 signiﬁcat.

2100 1533 2226 1592 Htec
2254 1536 2452 1606 quippe
2477 1546 2596 1590 erat
2627 1535 2716 1592 illa
2740 1535 2866 1591 olim
2892 1533 3146 1601 solitudo,
3184 1536 3236 1589 in
3259 1551 3361 1606 qua
3405 1539 3674 1609 requievit

2094 1628 2360 1698 judicium
2403 1636 2458 1682 et
2479 1625 2691 1694 justitia
2717 1642 2734 1683 :
2759 1629 3112 1697 quamobrem
3165 1644 3308 1684 nunc
3340 1629 3480 1686 Deus
3508 1631 3670 1687 bene-

2097 1719 2316 1784 dicitur,
2343 1717 2470 1787 quia
2495 1716 2696 1787 repleta
2721 1728 2806 1775 est
2820 1719 3028 1789 judicio
3051 1729 3106 1774 et
3119 1719 3350 1788 justitia.

2168 1897 2335 1953 Vens.
2371 1898 2425 1953 6.
2456 1917 2476 1950 ‹
2504 1897 2559 1952 1η
2594 1898 2714 1969 lege
2745 1899 3047 1964 tradentur,
3104 1899 3157 1954 in
3205 1900 3475 1956 thesauris
3519 1900 3668 1957 salus

2097 2000 2288 2045 nostra
2317 2004 2330 2039 :
2359 1989 2470 2045 illic
2521 1990 2788 2059 sapientia
2834 2001 2888 2044 et
2937 1991 3161 2046 scientia
3213 2002 3267 2046 et
3317 1993 3491 2062 pietas
3526 1994 3668 2064 apud

2097 2079 2409 2134 Dominum.
2456 2079 2519 2132 Ili
2560 2089 2685 2134 sunt
2725 2081 2966 2136 thesauri
2995 2081 3240 2150 justitiaa.
3272 2101 3290 2134 ι
3341 2082 3466 2153 Legi
3496 2086 3664 2149 enim,

2096 2172 2344 2227 videlicet
2389 2172 2733 2244 evangelica),
2781 2175 2875 2242 qui
2930 2174 2984 2228 in
3036 2174 3139 2229 hac
3195 2175 3468 2229 communi
3533 2175 3666 2231 Sion

2097 2264 2343 2319 habitant
2375 2265 2559 2318 traditi
2597 2274 2723 2318 sunt
2752 2284 2767 2318 :
2795 2265 3002 2320 sanctis
3056 2267 3255 2336 quippe
3299 2266 3438 2320 bona
3482 2268 3535 2321 in
3571 2283 3668 2338 spe

2097 2353 2378 2409 recondita
2425 2363 2592 2420 sunt;
2634 2355 2690 2408 in
2728 2356 2926 2424 quibus
2949 2365 3128 2410 autem
3156 2356 3446 2422 thesauris,
3475 2357 3578 2412 nisi
3611 2358 3667 2411 in

2096 2444 2163 2500 iis
2184 2445 2275 2515 qui
2305 2446 2356 2499 in
2380 2445 2533 2500 walls
2559 2451 2684 2498 sunt
2715 2444 2987 2514 repositi?

2166 2539 2329 2594 Vens.
2358 2539 2412 2591 7.
2447 2557 2465 2589 ι
2491 2537 2630 2592 Ecce
2654 2544 2802 2592 certe
2842 2536 2893 2590 in
2933 2536 3124 2590 timore
3175 2545 3359 2591 vestro
3393 2535 3481 2590 isti
3507 2536 3666 2590 timc-

2095 2627 2250 2695 bunt,
2296 2643 2432 2698 quos
2484 2621 2757 2681 timeba'tis
2787 2643 2803 2682 :
2829 2627 3139 2681 clamabunt
3183 2641 3210 2679 a
3253 2627 3429 2681 vobis.
3459 2645 3477 2678 ι
3536 2624 3664 2681 Haec

2095 2720 2354 2792 apostolis
2383 2721 2639 2775 dicuntur
2675 2740 2686 2774 :
2713 2717 2917 2774 incidet
2958 2719 3128 2783 enim,
3176 2717 3272 2784 ait,
3304 2718 3468 2773 timor
3494 2717 3664 2772 vestri

2095 2813 2150 2868 in
2182 2811 2509 2869 incredulos.

2163 2900 2328 2956 Vens.
2358 2901 2413 2966 8,
2445 2901 2498 2954 9.
2533 2919 2552 2952 α
2574 2897 2765 2969 Angeli
2795 2896 3084 2953 mittentur
3115 2912 3299 2951 amare
3321 2894 3530 2952 ﬂentes.
3560 2896 3665 2952 De-

2094 3004 2352 3051 serentur
2380 2993 2523 3047 enim
2551 3007 2736 3047 eorum
2769 2992 2869 3046 via:
2904 3009 2916 3044 :
2954 2991 3186 3045 cessavit
3218 2989 3378 3043 timor
3399 2990 3663 3060 gentium,

2094 3101 2148 3145 et
2183 3097 2564 3144 testamentum
2593 3101 2717 3140 cum
2743 3085 2850 3140 illis
2872 3085 3064 3139 initutn
3092 3083 3297 3138 tollitur
3327 3101 3341 3136 :
3375 3098 3474 3138 nec
3504 3097 3664 3152 repu-

419 3150 606 3247 ρεται,
656 3174 749 3227 καὶ
805 3174 868 3226 οὐ
931 3173 1006 3244 μὴ
1068 3150 1351 3244 λογίσησθε
1403 3176 1600 3239 αὐτοὺς
1645 3150 1984 3246 ἀνθρώπους.

2096 3179 2281 3234 labilis
2313 3191 2409 3232 eos
2472 3177 2740 3232 homines.
2788 3173 2955 3230 Luxit
3009 3184 3194 3238 terra;
3238 3174 3454 3228 erubuit
3501 3172 3661 3228 Liba-

427 3263 753 3335 Ἑπένθησεν
794 3263 959 3334 ὴγῆ,
1009 3263 1250 3335 ᾐσχύνθη
1292 3266 1320 3318 6
1353 3265 1601 3329 Λίόανος,
1643 3265 1738 3336 ἓλη
1772 3266 1988 3334 ἐγένετο

417 3357 449 3426 ὴ
479 3357 686 3426 Σάρων,
728 3354 934 3426 φανερά
965 3355 1116 3409 ἔσται
1148 3356 1183 3426 ἠ
1222 3355 1478 3409 Γαλιλαία
1518 3358 1612 3410 καί
1636 3359 1664 3411 6
1701 3357 1938 3429 Χέρμελ.
1962 3377 1981 3410 ›

425 3446 484 3502 ’0
531 3449 628 3519 μὲν
679 3443 772 3502 οὖν
839 3447 1219 3519 φιλάνθρωπος
1274 3449 1405 3513 Θεὸς
1455 3449 1717 3518 ἀγγέλους
1764 3451 1988 3522 εἰρήνης

410 3540 694 3595 ἀπέστειλε
735 3540 870 3612 πρὸς
909 3539 999 3592 τὸν
1035 3540 1301 3594 Ἰουδαίων
1346 3541 1494 3604 λαὸν,
1529 3543 1738 3614 πικρῶς
1771 3544 1985 3597 κλαίον-

411 3649 506 3695 τας
546 3633 640 3685 καὶ
667 3633 1118 3703 παρακαλοῦντας
1161 3632 1521 3696 ὐποδέξασθαι
1564 3633 1662 3705 τὴν
1706 3635 1989 3704 εὐαγγελι-

412 3722 512 3793 κὴν
542 3723 725 3787 αὐτοῖς
770 3725 1012 3795 εἰρήνην.
1061 3724 1218 3778 Ἐπεὶ
1254 3723 1312 3777 δὲ
1353 3724 1451 3777 οὐκ
1482 3724 1725 3789 ἐδέξαντο
1768 3726 1985 3790 αὐτοὺς,

408 3813 658 3884 ἐπιφέρει
688 3814 932 3882 φάσκωνο

487 3923 504 3956 ε
533 3905 646 3958 Νῦν
664 3906 1060 3976 ἀναστήσομαι,
1089 3906 1235 3973 λέγει
1253 3907 1280 3959 6
1297 3905 1520 3976 Κύριος,
1546 3905 1640 3958 νῦν
1666 3905 1986 3976 δοξασθήσο-

413 4013 534 4066 μαι,
551 3995 645 4048 νῦν
662 3996 1040 4067 ὑψωθήσομαι·
1057 4016 1076 4048 ι
1109 3997 1202 4049 τοῦ
1230 3996 1385 4065 λόγου
1413 3996 1783 4067 παριστῶντος
1801 3997 1986 4066 σαφῶς

409 4087 742 4158 ὀφθήσεσθαι
774 4089 863 4141 τὸν
879 4088 1008 4141 Θεὸν
1027 4088 1228 4151 αὐτοῖς.
1261 4088 1380 4140 Τίσι
1403 4088 1456 4140 δὲ
1486 4088 1737 4157 αὐτοῖς,ἢ
1758 4091 1872 4151 τοῖς
1890 4090 1986 4158 θη-

411 4177 734 4246 σαυρίσασιν
747 4178 958 4239 ἑαυτοῖς
973 4176 1096 4239 τοὺς
1111 4176 1208 4245 τῆς
1224 4175 1564 4246 δικαιοσύνης
1579 4176 1782 4246 καὶτῆς
1796 4176 1985 4245 σοφίας

410 4269 746 4340 θησαυρούς;
793 4268 1016 4332 Τούτοις
1068 4269 1196 4339 γὰρ,
1244 4267 1426 4338 φησὶν,
1471 4266 1810 4338 ὀφθήσομαιο
1845 4265 1982 4340 ἦσαν

2093 3283 2195 3322 nus
2221 3283 2236 3332 ;
2267 3265 2421 3337 palus
2449 3266 2592 3320 facta
2642 3273 2728 3320 est
2758 3263 2956 3328 Saron,
2992 3264 3274 3318 manifesta
3305 3265 3410 3317 erit
3437 3261 3662 3318 Galihea

2089 3369 2145 3414 et
2172 3358 2446 3415 Chermel.
2479 3376 2497 3410 ι
2531 3356 2788 3413 Clemens
2824 3357 3008 3426 itaque
3066 3355 3208 3409 Deus
3257 3355 3478 3425 angelos
3511 3355 3664 3424 pacis

2089 3448 2233 3504 misit
2264 3446 2330 3502 ad
2357 3445 2661 3500 Iudaeorum
2697 3443 2977 3514 p0pulum,
3007 3458 3192 3498 amare
3229 3441 3438 3505 ﬂentes,
3479 3457 3542 3496 ac
3572 3456 3662 3496 co-

2089 3543 2369 3599 hortantes
2405 3549 2463 3593 ut
2499 3536 2864 3606 evangelicum
2937 3535 3040 3590 sibi
3093 3548 3279 3603 pacem
3332 3535 3660 3601 reciperent.

2088 3635 2354 3703 Quoniam
2389 3645 2518 3687 vero
2545 3643 2650 3683 non
2685 3634 3005 3698 receperunt
3038 3640 3154 3692 cos,
3187 3624 3259 3678 ita
3305 3622 3578 3694 subiungit
3609 3638 3628 3678 :

2158 3903 2319 3958 Vsns.
2352 3904 2440 3959 IO.
2464 3921 2484 3955 ι
2510 3902 2662 3956 Nunc
2689 3915 3002 3968 exsurgant,
3037 3899 3168 3954 dicit
3200 3889 3482 3963 Demintts,
3513 3911 3657 3954 nunc

2089 3994 2455 4066 glorilicabor,
2492 4007 2633 4047 nunc
2654 3991 2955 4046 exaltabor.
2990 4009 3009 4042 ι
3047 3987 3140 4045 His
3178 4003 3339 4059 porro
3371 3987 3657 4044 manifeste

2086 4087 2391 4144 declaratur
2423 4086 2556 4155 ipsis
2591 4081 2881 4138 videndum
2915 4083 3082 4137 Deum
3117 4096 3260 4137 esse.
3292 4079 3652 4146 Quibusnam,

2087 4179 2188 4233 nisi
2227 4177 2312 4243 iis,
2353 4177 2444 4246 qui
2496 4175 2722 4245 justitize
2765 4183 2821 4228 et
2872 4156 3151 4244 sapientia:
3215 4173 3502 4226 thesauros
3551 4171 3655 4226 sibi

2084 4270 2508 4350 compararunt?
2563 4270 2642 4322 Ab
2704 4267 2861 4336 ipsis,
2911 4265 3110 4335 inquit,
3165 4262 3446 4318 videbor:
3495 4269 3656 4316 erant

405 4361 463 4415 δὲ
511 4357 653 4416 οὗτοι
697 4364 746 4414 οί
810 4361 1051 4432 μαθηταὶ
1099 4362 1193 4414 καὶ
1256 4359 1539 4413 ἀπόστολοι
1582 4358 1674 4411 τοῦ
1737 4361 1984 4432 Σωτῆρος

2092 4378 2246 4434 porro
2284 4363 2372 4416 isti
2411 4360 2660 4430 discipuli
2693 4370 2747 4415 et
2792 4358 3018 4427 apostoli
3048 4355 3349 4411 Salvatoris
3381 4355 3590 4418 nostri;
3622 4368 3655 4406 ει

408 4453 582 4523 ἡμῶν,
623 4448 702 4516 οἷς
747 4453 989 4524 ἐγὼμὲν
1046 4453 1260 4525 ὤφθην·
1292 4454 1340 4506 οἱ
1371 4453 1426 4505 δὲ
1465 4452 1698 4524 ἔκραξαν
1730 4451 1979 4517 ἐκτενῶς,

2092 4456 2300 4525 quibus,
2321 4454 2518 4524 inquit,
2543 4469 2642 4522 ego
2654 4451 2868 4521 quidem
2883 4450 3028 4504 visus
3043 4462 3158 4501 sum
3179 4463 3194 4511 ;
3211 4446 3284 4500 illi
3297 4460 3424 4500 vero
3441 4445 3656 4500 assidue

405 4542 627 4611 ἄγγελοι
679 4544 830 4607 ὄντες
875 4545 1129 4614 εἰρήνης·
1167 4544 1249 4596 διὸ
1297 4546 1390 4598 καὶ
1441 4543 1654 4615 πικρῶς
1713 4543 1982 4598 ἔκλαυσαν

2092 4548 2415 4609 clamabant,
2447 4555 2504 4600 ut
2544 4543 2718 4615 angeli
2750 4541 2940 4610 pacis:
2973 4546 3305 4611 quapropter
3337 4549 3520 4590 amare
3554 4534 3624 4596 ﬂe
3653 4572 3655 4576 ι

407 4634 638 4704 βοῶντες
665 4636 722 4687 ὲν
761 4637 943 4704 εὐχαῖς
984 4636 1214 4700 ἐκτενῶς
1276 4636 1414 4708 ὑπὲρ
1459 4635 1559 4705 τῆς
1593 4635 1864 4698 ἀπωλείας
1887 4636 1980 4689 τοῦ
2021 4652 2023 4654 ·

407 4727 670 4797 προτέρου
723 4727 872 4780 λαοῦ.
913 4724 1094 4781 Ἦσαν
1133 4728 1240 4798 γὰρ
1288 4728 1337 4780 οἱ
1390 4726 1676 4780 ἀπόστολοι
1724 4728 1818 4779 τοῦ
1866 4728 1980 4780 Σω-

403 4820 566 4890 τῆρος
605 4819 761 4889 ήμῶν
811 4819 1068 4888 ἄγγελοι,
1107 4820 1156 4872 οἳ
1209 4817 1420 4889 πικρῶς
1471 4817 1683 4871 ἔκλαιον
1724 4817 1978 4871 πενθοῦν-

403 4927 524 4974 τες,
564 4911 654 4963 διά
715 4911 777 4963 τὸ
833 4911 908 4983 μὴ
961 4911 1244 4964 πείθεσθαι
1305 4909 1436 4980 μηδὲ
1493 4907 1766 4962 πιστεύειν
1802 4911 1983 4974 αὐτοῖς

402 5003 529 5065 τοὺς
574 5001 648 5054 δι’
692 5002 871 5055 αὐτῶν
920 5002 1289 5074 κεκλημένους
1323 5000 1414 5053 ἐπὶ
1459 4999 1558 5070 τὴν
1608 4999 1702 5051 τοῦ
1744 4999 1979 5072 Χριστοῦ

402 5095 644 5166 ε’ίρήνην.

479 5203 497 5234 ι
529 5183 641 5238 Νῦν
685 5183 902 5254 ὄψεσθε,
951 5183 1046 5239 νῦν
1096 5182 1458 5255 αἰσθήσεσθεο
1500 5183 1700 5254 ματαία
1746 5183 1899 5236 ἔσται
1944 5185 1976 5254 ή

404 5276 557 5346 ίσχύς
585 5276 679 5330 τοῦ
726 5277 1036 5348 πνεύματος
1081 5275 1267 5347 ὑμῶν’
1314 5294 1332 5326 ι
1382 5276 1416 5346 ἡ
1458 5275 1547 5328 διὰ
1587 5275 1830 5338 Μωσέως
1881 5276 1981 5328 αὐ-

400 5371 511 5433 τοῖς
546 5369 934 5440 παραδοθεῖσα,
982 5367 1076 5422 καὶ
1120 5368 1202 5420 ότι
1231 5367 1403 5429 οὐδεὶς
1449 5365 1632 5420 οὐκέτι
1675 5366 1870 5428 αὐτοὺς
1904 5367 1983 5429 είς

399 5458 716 5532 ἀνθρώπους
752 5460 1029 5527 λογιεῖται.
1064 5477 1081 5507 ι
1106 5458 1223 5528 Πῦρ
1253 5457 1532 5510 κατέδεται
1594 5457 1736 5528 ὑμᾶς
1766 5472 1779 5485 ο
1829 5475 1846 5506 ι
1884 5455 1980 5527 τὴν

399 5549 656 5624 δευτέραν
719 5550 883 5606 αὐτοῦ
927 5549 1022 5603 καὶ
1082 5547 1286 5613 ἔνδοξον
1341 5548 1643 5621 παρουσίαν
1711 5546 1978 5616 ἐπαγγελ-

404 5642 661 5714 λόμενος,
711 5643 830 5697 καθ’
863 5643 930 5714 ἣν
981 5641 1220 5711 ὄψονται.

2087 4638 2263 4702 bant,
2319 4637 2650 4692 clamoribus
2702 4643 2757 4689 et
2802 4633 3143 4688 orationibus
3191 4627 3428 4684 assiduis
3485 4625 3652 4696 prisci

2088 4730 2269 4800 populi
2300 4730 2596 4798 perniciem
2623 4726 2987 4796 depiorantes.
3023 4724 3093 4776 At
3116 4721 3257 4777 enim
3275 4718 3499 4788 apostoli
3529 4716 3623 4773 Sal
3648 4745 3654 4752 -

2087 4822 2291 4877 vatoris
2327 4819 2494 4874 nostri
2531 4818 2708 4888 angeli
2741 4827 2920 4879 erant,
2951 4815 3038 4883 qui
3069 4812 3279 4867 acerbis
3315 4824 3435 4865 sese
3481 4809 3632 4880 lacry

2082 4915 2186 4971 mis
2219 4914 2560 4974 dediderant,
2589 4909 2730 4978 quod
2763 4908 2820 4972 ii,
2843 4906 2936 4975 qui
2967 4903 3031 4959 ab
3064 4918 3121 4958 se
3151 4907 3217 4956 ad
3267 4915 3459 4971 pacem
3487 4901 3648 4956 Chri-

2081 5006 2150 5061 sti
2193 5003 2572 5065 vocabantur,
2631 5014 2737 5054 non
2790 4996 3263 5064 obtemperarent,
3317 5005 3492 5061 neque
3543 4991 3646 5047 sibi

2083 5095 2240 5150 Iidem
2273 5093 2557 5147 haberent.

2154 5183 2323 5240 Vens.
2358 5183 2444 5237 II.
2490 5199 2509 5232 ι
2531 5177 2684 5234 Nunc
2711 5175 2986 5239 videbitis,
3009 5188 3148 5228 nunc
3197 5170 3440 5227 sentietis
3464 5187 3478 5224 :
3507 5183 3646 5224 vana

2081 5275 2188 5332 erit
2219 5273 2481 5329 fortitudo
2514 5270 2739 5334 spiritus
2782 5265 2947 5321 vestri
2981 5280 3040 5316 ε»
3067 5277 3187 5334 quae
3222 5261 3354 5332 ipsis
3391 5275 3422 5315 a
3454 5261 3642 5328 Moyse

2081 5364 2205 5417 data
2243 5361 2442 5426 fuerat,
2477 5360 2604 5429 quia
2635 5372 2793 5412 nemo
2818 5357 2966 5427 ipsos
3002 5355 3057 5409 in
3082 5365 3358 5426 posterum
3397 5351 3646 5407 homines

2080 5453 2376 5523 rcputabit.
2412 5471 2430 5504 ι
2457 5451 2603 5521 Ignis
2629 5449 3056 5511 devorabitvos,
3094 5466 3113 5499 ι
3149 5447 3235 5502 his
3261 5445 3560 5500 secundum
3588 5452 3644 5497 et
3733 5485 3736 5488 .

2077 5547 2367 5618 gloriosum
2409 5543 2696 5598 adventum
2750 5556 2905 5596 suum
2953 5539 3263 5611 pollicetur,
3293 5552 3404 5610 quo
3442 5535 3521 5593 illi
3549 5535 3645 5606 yi-

2077 5637 2297 5693 debunt.

368 5731 380 5756 ’
457 5759 585 5846 μου)
629 5759 720 5814 Vel
771 5760 1056 5826 legendum
1083 5760 1132 5811 οἱ
1165 5758 1282 5815 sine
1314 5765 1560 5824 accentu,
1594 5754 1676 5812 vel
1714 5753 1988 5825 supplendi

2096 5750 2318 5809 verbum
2351 5747 2579 5804 οἰκοῦσι.
2617 5744 2774 5802 Εωτ.
