4158 6402
577 324 684 381 327

1252 325 1524 383 EUSEBII
1563 321 2034 383 CESARIENSIS
2069 317 2222 377 OPP.
2265 316 2455 374 PARS
2492 316 2586 373 Ill.
2623 348 2695 359 —
2727 316 3141 377 EXEGETICA.

3738 328 3843 385 528

650 445 815 501 Vsus.
867 447 1055 501 12-”.
1098 446 1205 501 «Et
1257 459 1419 502 erunt
1468 458 1661 519 gentes
1719 448 2041 511 combustae,
2097 450 2150 498 ut

2339 455 2363 491 ι
2392 439 2502 492 Καὶ
2545 438 2757 493 ἔσονται
2803 438 2932 511 ἔθνη
2983 439 3440 511 κατακεκαυμένα
3458 479 3474 506 ,
3514 442 3589 506 ὼς
3635 432 3842 499 ἄκανθα

576 538 732 608 spina
768 541 821 594 in
851 555 983 611 agro
1008 540 1247 611 proiecta
1274 551 1329 597 et
1358 553 1572 597 exusta.
1602 543 1842 597 Audient
1872 542 1965 610 qui
1995 541 2157 611 longe

578 640 730 698 sunt,
770 645 889 700 quae
925 646 1024 701 ego
1050 631 1486 702 feci,scientqui
1526 633 1962 703 appropinquant
2010 631 2157 687 forti-

577 723 823 775 tudinem
865 736 1060 779 meam.
1118 721 1484 778 Recesserunt
1536 723 1628 792 qui
1683 732 1845 777 erant
1908 724 1962 777 in
2024 721 2155 777 Sion

575 813 783 880 iniqui:
819 813 1186 882 apprehendet
1217 824 1423 868 tremor
1450 815 1666 885 impios.
1696 834 1715 867 ι
1765 813 1995 869 Etiamsi
2040 814 2157 869 haec

574 920 680 960 non
697 906 761 960 de
777 905 880 961 illis
896 921 959 961 ex
977 904 1203 961 Judaico
1223 906 1422 977 populo
1440 907 1788 970 vaticinetur,
1824 909 1917 975 qui
1943 922 2155 961 annun-

576 1000 766 1055 tiatam
816 999 918 1055 sibi
968 1000 1200 1071 gratiam
1237 1010 1588 1070 acceperunt.
1619 1015 1721 1057 vos
1753 1000 1954 1056 auditis
2004 1000 2157 1055 hisce

572 1093 911 1163 prOpheticis
966 1093 1334 1157 sermonibus.
1386 1108 1495 1148 non
1559 1094 1887 1165 intelligitis.
1917 1092 2156 1149 scientes

572 1184 711 1248 haec,
736 1201 856 1252 quae
888 1184 1156 1239 Hebraice
1191 1184 1345 1239 vobis
1376 1184 1662 1240 enuntiata
1694 1195 1748 1240 et
1776 1185 1976 1253 scripta
2005 1193 2153 1249 sunt,

572 1288 786 1329 necnon
819 1274 1002 1329 omnia
1051 1273 1141 1328 illa
1170 1273 1417 1345 prodigia
1447 1288 1565 1343 quae
1591 1276 1738 1343 apud
1762 1282 2149 1337 vos'Operatus

572 1377 714 1427 sum,
743 1372 798 1417 et
827 1378 946 1433 quae
979 1365 1117 1432 apud
1149 1378 1243 1418 vos
1268 1362 1484 1418 locutus
1526 1378 1671 1429 sum,
1705 1372 2007 1418 necnon‘ea
2035 1376 2157 1433 quae

571 1456 888 1510 videntibus
932 1456 1089 1510 vobis
1141 1469 1261 1510 sum
1297 1460 1578 1523 operatus,
1612 1469 1641 1507 a
1671 1454 1926 1521 gentibus
1964 1454 2155 1524 procul

572 1547 715 1602 etad
750 1556 993 1601 extrema
1030 1556 1193 1600 terra:
1238 1547 1479 1601 auditum
1521 1545 1615 1602 iri.
1647 1545 1929 1613 Quomodo
1968 1557 2154 1603 autem

573 1637 821 1701 audient,
868 1638 973 1693 nisi
1018 1638 1084 1691 ad
1134 1638 1299 1691 Deum
1353 1638 1701 1701 accedentes,
1734 1653 1854 1692 eum
1895 1639 2152 1694 virtutem

572 1729 690 1795 ejus
720 1729 1089 1786 edidicerint?
1124 1729 1184 1783 [11
1240 1743 1371 1783 vero
1420 1729 1549 1799 ipsi,
1583 1729 1840 1785 videlicet
1898 1731 2049 1799 impii
2098 1732 2151 1786 in

2260 529 2323 580 ὲν
2373 527 2529 599 ἀγρῷ
2592 528 2899 600 ἐρριμμένη
2963 529 3056 583 καὶ
3120 531 3599 603 κατακεκαυμένη.
3651 535 3840 588 ’Δκού-

2262 636 2448 673 σονται
2488 618 2539 671 oi
2572 618 2854 689 πόρρωθεν
2897 618 2936 672 ἃ
2967 619 3219 690 ἐποίησα,
3267 620 3565 689 γνώσονται
3607 625 3657 676 οί
3690 623 3841 693 ἐγγί-

2263 711 2450 778 ζοντες
2490 711 2587 782 τὴν
2636 711 2789 782 ίσχύν
2825 728 2946 782 μου.
2986 712 3325 784 ’Δπέστησαν
3355 714 3405 766 οί
3446 715 3507 768 ὲν
3552 714 3690 769 Σιὼν
3720 715 3837 772 ἂνο-

2263 820 2386 874 μοι·
2425 802 2652 874 λήψεται
2683 800 2885 873 τρόμος
2923 804 3049 867 τοὺς
3088 802 3322 869 ἀσεϐεῖς.
3350 823 3371 858 ι
3411 806 3478 859 El.
3528 807 3626 860 καὶ
3670 808 3839 863 ταῦτα

2261 898 2337 969 μὴ
2370 896 2500 967 περὶ
2532 895 2640 949 τῶν
2673 894 2982 965 δεξαμένων
3023 895 3122 967 τὴν
3152 896 3629 966 εὐαγγελισθεῖσαν
3659 900 3839 965 αὐτοῖς

2258 990 2420 1060 χάριν
2455 986 2723 1042 Ἰουδαίων
2766 986 2898 1042 λαοῦ
2944 988 3225 1055 θεσπίζει,
3274 990 3463 1060 ὑμεῖς,
3513 991 3683 1063 ἀκοὴν
3730 992 3840 1047 τῶν

2260 1078 2613 1152 προφητικῶν
2662 1078 2864 1133 τούτων
2919 1080 3093 1149 λόγων
3145 1080 3467 1146 ἀκούοντες,
3517 1084 3577 1136 οὐ
3628 1084 3838 1139 συνίετε

2257 1171 2634 1241 γινώσκοντες,
2662 1172 2741 1225 ὅτι
2767 1171 2939 1226 ταῦτα
2966 1172 3193 1243 τὰσπρὸς
3218 1174 3362 1244 ὑμᾶς
3393 1173 3658 1247 Ἐδραῖκῇ
3685 1178 3834 1248 φωνῇ

2257 1264 2562 1335 λαλούμενά
2588 1278 2648 1316 τε
2679 1264 2771 1317 καὶ
2816 1263 3159 1335 γραφόμενα,
3199 1264 3297 1319 ὅσα
3328 1283 3388 1319 τε
3419 1266 3551 1320 ἀλλα
3584 1269 3837 1340 θαύματα

2256 1356 2340 1417 εις
2374 1355 2517 1423 ὑμᾶς
2550 1351 2954 1425 ὲξεπραξάμην,
2996 1355 3043 1405 oi
3078 1354 3360 1425 πόρρωθεν
3405 1355 3499 1408 καὶ
3534 1355 3694 1429 μέχρι
3729 1358 3839 1414 τῶν

2255 1448 2501 1517 ἐσχάτων
2552 1447 2654 1517 τῆς
2704 1448 2809 1518 γῆς
2863 1446 3166 1511 οἰκοῦντες,
3224 1449 3317 1501 καὶ
3368 1449 3510 1520 ἅπερ
3544 1453 3674 1522 παρ’
3707 1453 3836 1523 ὑμῖν

2256 1536 2494 1609 ἐλάλησα
2515 1580 2529 1601 ,
2574 1540 2668 1593 καὶ
2717 1537 2871 1611 ὑμῶν
2935 1539 3188 1612 ὁρώντων
3234 1542 3465 1611 ἐποίησα
3484 1581 3497 1605 ,
3530 1545 3579 1596 oi
3625 1547 3686 1597 ἐν
3723 1549 3835 1610 τοῖς

2256 1633 2453 1702 πέρασι
2492 1632 2590 1703 τῆς
2633 1632 2955 1703 οἰκουμένης
2981 1633 3321 1688 ἀκούσονται.
3358 1633 3482 1699 Πῶς
3510 1637 3567 1689 δὲ
3599 1638 3835 1705 γνώσον-

2253 1740 2345 1776 ται
2388 1722 2502 1776 ἀλλ’
2542 1724 2576 1794 ἢ
2630 1724 2945 1793 ὲγγίσαντες
2982 1724 3059 1794 τῷ
3106 1724 3257 1796 Θεῷ,
3299 1728 3395 1779 καὶ
3448 1729 3835 1799 προσελθόντες

574 1821 705 1877 Sion
744 1829 1044 1884 versantes,
1090 1835 1197 1890 quo
1238 1829 1397 1888 pacto
1442 1834 1479 1875 a
1529 1834 1615 1874 me
1642 1822 1987 1888 recesserint,
2024 1837 2150 1893 cog-

2257 1816 2405 1887 αὐτῷ
2445 1816 2539 1868 καὶ
2576 1814 2673 1886 τὴν
2707 1816 2860 1885 ἰσχὺν
2907 1814 3070 1868 αὑτοῦ
3122 1816 3534 1889 μεμαθηκότες;
3582 1812 3740 1874 Οῦτοι
3777 1821 3835 1875 δὲ

572 1924 845 1970 noscent:
879 1929 984 1984 qua
1025 1915 1093 1967 de
1145 1924 1333 1977 causa,
1384 1912 1457 1967 ob
1511 1910 1871 1970 defectionem
1921 1913 2151 1979 scilicet.

574 2017 779 2064 tremor
806 2006 1023 2062 invadet
1051 2006 1194 2083 illos.

643 2186 807 2241 Vens.
829 2188 915 2242 15.
935 2187 1095 2255 «Quis
1123 2187 1471 2243 annuntiabit.
1492 2188 1641 2244 vobis
1660 2189 1832 2257 ignem
1861 2203 2152 2244 accensun.

570 2279 731 2333 esse?
762 2280 893 2346 Quis
924 2279 1266 2334 annuntiabit
1307 2280 1462 2336 vobis
1505 2280 1679 2335 locum
1715 2281 2018 2335 aeternum?
2048 2280 2151 2345 Qui

571 2368 818 2423 ambulat
848 2370 899 2423 in
937 2369 1172 2439 justitia,
1206 2369 1299 2439 qui
1338 2368 1583 2439 loquitur
1616 2379 1817 2425 rectam
1856 2364 2019 2437 v'iam,
2057 2373 2151 2441 qui

569 2460 685 2515 odit
717 2461 1063 2528 iniquitatem
1092 2470 1147 2517 et
1178 2461 1525 2531 iniustitiam,
1554 2461 1646 2531 qui
1674 2476 1868 2516 manus
1891 2464 2098 2517 excutit
2121 2478 2150 2517 a

572 2552 912 2617 muneribus,
955 2553 1047 2623 qui
1101 2554 1322 2608 obturat
1363 2569 1548 2617 aures,
1584 2568 1649 2607 ne
1673 2552 1854 2607 audiat
1884 2552 2150 2621 judicium

568 2644 870 2713 sanguinis.
892 2644 980 2715 qui
996 2644 1200 2698 claudit
1218 2644 1428 2708 oculos,
1446 2662 1512 2701 ne
1530 2646 1709 2699 videat
1728 2646 2096 2714 iniquitatem.
2126 2665 2145 2698 ι

567 2733 660 2789 Ait
688 2734 884 2805 igitur:
911 2754 929 2785 ι
960 2734 1090 2801 Quis
1107 2736 1440 2791 annnntiabit
1476 2737 1626 2791 vobis
1660 2736 1838 2806 ignem
1857 2752 2149 2794 accensum

568 2840 722 2891 csse,
756 2844 774 2874 ι
827 2837 1074 2896 paratum
1128 2827 1341 2882 diabolo
1399 2840 1458 2883 et
1523 2829 1732 2899 angelis
1793 2829 1955 2900 ejus?
2014 2829 2171 2897 Quis.

569 2929 703 2986 ergo
728 2916 829 2970 ista
869 2918 1172 2982 cognoscit,
1202 2928 1262 2973 ut
1307 2918 1499 2975 eadem
1535 2919 1908 2976 nescientibus
1958 2921 2150 2975 testifi-

572 3016 764 3069 cetur,
797 3007 899 3061 nisi
957 3009 1205 3077 quisquis
1257 3008 1499 3065 ambulat
1557 3012 1610 3065 in
1666 3011 1900 3082 justitia,
1945 3021 2001 3068 et
2036 3013 2151 3068 odit

570 3096 905 3167 impietatem
930 3108 985 3153 et
1008 3099 1326 3168 injustitiam
1353 3117 1365 3164 ;
1393 3100 1433 3156 ii
1486 3102 1577 3171 qui
1604 3118 1829 3157 munera
1864 3111 2143 3173 respuunt,

571 3195 628 3241 et
659 3200 820 3242 aures
851 3188 1127 3252 obturant,
1162 3203 1227 3242 ne
1257 3190 1483 3245 audiant
1510 3190 1775 3258 judicium
1826 3193 2136 3262 sanguinis,

2256 1908 2410 1960 αὐτοὶ
2454 1906 2690 1961 εἴσονται
2749 1907 2899 1969 ὅπως
2955 1907 3269 1978 ἀπέστησάν
3329 1926 3451 1979 μου,
3491 1912 3541 1963 oi
3594 1913 3656 1963 ὲν
3697 1912 3837 1969 Σιὼν

2256 1999 2447 2070 ἄνομοι
2468 2015 2483 2030 ο
2519 1993 2580 2053 οῦ
2608 1999 2769 2069 χάριν
2806 1999 2893 2053 διὰ
2926 1999 3025 2071 τὴν
3055 2001 3389 2054 ἀποστασίαν
3438 2002 3636 2069 αὐτῶν,
3672 2003 3837 2076 λήψε-

2252 2107 2344 2142 ται
2369 2089 2568 2153 αὐτοὺς
2599 2088 2820 2160 τρόμος.

2331 2200 2351 2233 ι
2379 2182 2475 2245 Τίς
2503 2180 2795 2250 ἀναγγελεῖ
2822 2181 2953 2252 ὑμῖν
3001 2181 3082 2234 ὅτι
3111 2178 3223 2253 πῦρ
3256 2182 3503 2250 καίεται;
3539 2182 3635 2249 Τίς
3664 2187 3833 2256 ἀναγ-

2252 2273 2401 2343 γελεῖ
2429 2274 2556 2343 ὑμῖν
2593 2273 2686 2326 τὸν
2730 2273 2897 2330 τόπον
2938 2272 3032 2327 τὸν
3076 2271 3322 2340 αίώνιον;
3370 2276 3740 2347 Πορευόμενος
3772 2280 3831 2331 ὲν

2251 2363 2582 2437 δικαιοσύνῃ,
2615 2362 2791 2416 λαλῶν
2835 2362 3055 2416 εὐθεῖαν
3085 2363 3225 2427 ὁδὸν,
3262 2364 3437 2435 μισῶν
3465 2366 3695 2437 ἀνομίαν
3730 2367 3830 2420 καὶ

2252 2453 2485 2517 ἀδικίαν,
2516 2452 2737 2517 καὶτὰς
2791 2456 2979 2524 χεῖρας
3024 2454 3412 2523 ἀποσειόμενος
3462 2452 3574 2508 ἀπὸ
3620 2454 3830 2527 δώρων,

2253 2543 2501 2616 βαρύνων
2537 2543 2606 2597 τὰ
2637 2538 2781 2610 ὦτα,
2827 2545 2913 2598 ἴνα
2960 2544 3034 2615 μὴ
3104 2545 3309 2617 ἀκούσῃ
3345 2546 3525 2619 κρίσιν
3571 2549 3827 2619 αἵματος,

2250 2632 2524 2702 καμμύων
2575 2633 2703 2696 τοὺς
2752 2632 3096 2703 ὀφθαλμοὺς,
3146 2634 3233 2687 ἴνα
3278 2634 3353 2707 μὴ
3405 2635 3492 2710 ἴδῃ
3537 2637 3770 2691 ἀδικίαν.
3804 2656 3824 2689 ι

2249 2724 2387 2794 Φησὶ
2418 2724 2568 2793 γοῦν,
2604 2743 2623 2775 ι
2649 2724 2746 2787 Τίς
2783 2726 3072 2794 ἀναγγελεῖ
3106 2726 3234 2796 ὑμῖν
3275 2727 3356 2780 ὅτι
3400 2724 3777 2799 πῦρκαίεται,
3800 2748 3822 2784 ι

2248 2816 2310 2870 τὸ
2341 2817 2741 2887 ἡτοιμασμένον
2781 2816 2861 2888 τῷ
2900 2818 3130 2888 διαϐόλῳ
3174 2819 3270 2871 καὶ
3308 2821 3419 2883 τοῖς
3452 2820 3701 2888 ἀγγέλοις
3731 2822 3831 2875 αὐ-

2248 2908 2378 2975 τοῦ;
2423 2906 2523 2973 Τίς
2560 2906 2654 2964 οῦν
2684 2911 2831 2963 ἐστιν
2865 2911 2894 2962 6
2920 2910 3095 2964 ταῦτα
3136 2910 3309 2975 εἰδὼς,
3340 2912 3435 2966 καὶ
3482 2916 3593 2977 τοῖς
3638 2913 3711 2986 μὴ
3750 2915 3828 2967 εἰ·-

2247 3003 2360 3056 δόσι
2402 3001 3025 3073 προσμαρτυρούμενος,
3071 3003 3104 3073 ἢ
3156 3005 3263 3067 πᾶς
3299 3006 3327 3055 6
3360 3004 3725 3077 πορευόμενος
3767 3008 3827 3061 ἐν

2247 3093 2592 3164 δικαιοσύνῃ,
2628 3094 2720 3147 καὶ⁵
2756 3095 2866 3156 πᾶς
2904 3095 2933 3147 6
2967 3093 3141 3164 μισῶν
3173 3095 3425 3149 ἀσέϐειαν
3464 3098 3557 3151 καὶ
3593 3099 3824 3165 ἀδικίαν,

2170 3159 2214 3219 c
2245 3159 2570 3257 δωροδοκίαν
2617 3201 2677 3237 τε
2719 3159 3220 3255 ἀποστρειρόμενοι,
3271 3185 3368 3238 καὶ
3397 3186 3464 3239 τὰ
3513 3180 3626 3240 ὦτα
3659 3159 3833 3259 φρατέ-

569 3276 870 3349 oculosque
908 3279 1182 3348 claudunt,
1221 3295 1290 3336 ne
1340 3282 1560 3338 videant
1610 3283 1857 3354 iniquum
1893 3284 2147 3341 facinus?

2251 3294 2430 3341 τοντες
2458 3278 2552 3330 τοῦ
2584 3276 2656 3347 μὴ
2686 3276 2913 3329 ἀκοῦσαι
2948 3275 3125 3346 κρίσιν
3148 3275 3399 3346 αἵματος,
3431 3278 3673 3347 μυῶντες
3701 3281 3830 3345 τοὺς

571 3370 721 3429 Talis
745 3381 864 3428 erat
895 3372 1095 3428 chorus
1140 3374 1529 3444 prophetarum
1566 3374 1768 3442 Dei,*et
1802 3377 2031 3445 quilibet
2066 3380 2150 3433 vir

2251 3369 2561 3441 ὀφθαλμοὺς
2589 3368 2684 3422 τοῦ
2735 3369 2809 3440 μὴ
2839 3368 3062 3441 θεωρεῖν
3093 3368 3275 3423 ἄδικον
3309 3369 3543 3442 πρᾶξιν;
3576 3372 3826 3439 Τοιοῦτος

570 3463 876 3533 religiosus,
897 3463 1095 3519 chorus
1122 3464 1246 3518 item
1276 3464 1646 3534 apostolorum
1680 3475 1737 3518 et
1763 3466 2147 3533 discipulorum

2251 3459 2304 3513 δὲ
2329 3456 2397 3530 ἦν
2419 3461 2447 3513 6
2483 3459 2643 3532 χορὸς
2668 3458 2775 3511 τῶν
2804 3459 3097 3529 προφητῶν
3122 3457 3216 3513 τοῦ
3256 3459 3411 3525 Θεοῦ,
3444 3462 3537 3514 καὶ
3570 3460 3681 3525 πᾶς
3708 3462 3827 3517 θεο-

570 3552 875 3611 Salvatoris
912 3557 1108 3610 nostri.
1139 3556 1397 3625 Quisquis
1431 3557 1614 3628 igitur,
1651 3560 1826 3622 aiunt,
1872 3559 2150 3628 hujusmo-

2251 3552 2409 3622 φιλὴς
2440 3552 2598 3623 ἀνὴρ,
2626 3552 2655 3604 ὅ
2678 3567 2738 3604 τε
2771 3550 2931 3621 χορὸς
2962 3551 3068 3605 τῶν
3104 3552 3415 3607 ἀποστόλων
3446 3555 3539 3607 καὶ
3569 3555 3824 3628 μαθητῶν

568 3645 623 3699 di
645 3645 771 3708 erit,
802 3646 848 3699 is
870 3646 1215 3701 annuntiabit
1245 3646 1427 3712 nobis,
1466 3648 1646 3717 ignem
1689 3647 1872 3718 impiis
1897 3658 2146 3718 paratum

2251 3643 2503 3715 Σωτῆρος
2539 3642 2714 3714 ἡμῶν.
2762 3643 2878 3706 Πᾶς
2916 3643 3103 3696 τοίνυν
3142 3645 3172 3696 6
3200 3644 3440 3708 τοιοῦτος
3490 3647 3825 3717 ἀπαγγέλλει

571 3751 861 3792 accensum
896 3751 1053 3791 esse:
1094 3738 1345 3808 idemque
1386 3737 1505 3807 ipse
1546 3738 1725 3792 locum
1763 3740 1921 3796 nobis
1953 3739 2145 3795 aeterni

2251 3738 2401 3808 ἡμῖν,
2431 3736 2583 3806 φασὶ,
2626 3736 2759 3790 διότι
2807 3735 2920 3808 πῦρ
2961 3736 3172 3790 καίεται
3218 3740 3331 3801 τοῖς
3378 3738 3627 3793 ἀσεϐέσιν
3678 3742 3827 3811 ἦτοι-

564 3826 755 3898 iudicii
791 3829 1075 3895 indicabit,
1107 3839 1449 3886 contestatus
1473 3829 1775 3885 cavendum
1808 3844 1951 3899 esse,
1985 3840 2047 3887 ut
2080 3846 2149 3887 ne

2253 3827 2558 3899 μασμένονο
2604 3828 2633 3881 6
2673 3826 2730 3880 δὲ
2776 3827 2938 3890 αὐτὸς
2984 3828 3079 3880 καὶ
3123 3827 3213 3880 τὸν
3256 3829 3423 3882 τόπον
3465 3830 3565 3901 τῆς
3602 3832 3823 3888 αἰωνίου

565 3935 638 3977 eo
662 3922 992 3978 decidamus.

2251 3920 2483 3992 κρίσεως
2523 3918 2752 3990 δηλώσει
2793 3919 2945 3989 ἡμῖν,
2991 3922 3578 3995 προσμαρτυρούμενος
3618 3927 3826 3997 φυλάτ-

2248 4012 2435 4066 τεσθαι
2473 4011 2548 4083 μὴ
2579 4013 2899 4084 περιπεσεῖν
2924 4012 3004 4075 είς
3030 4012 3219 4085 αὐτήν.

644 4101 806 4156 Vens.
846 4101 932 4155 16.
988 4117 1008 4152 ι
1071 4099 1169 4155 ilic
1216 4098 1483 4155 habit-ibit
1530 4100 1584 4155 in
1625 4100 1841 4156 excelsa
1879 4099 2146 4172 spelunca

2324 4124 2347 4157 r
2372 4099 2538 4168 Οὗτος
2569 4106 2777 4176 οἰκήσει
2827 4105 2886 4158 ὲν
2937 4105 3121 4176 ὑψήλῳ
3154 4105 3401 4178 σπηλαίῳ
3439 4108 3643 4180 πέτρας
3671 4108 3827 4181 ίσχυ-

567 4205 737 4263 petrae
769 4183 938 4247 iii-uia:
970 4210 985 4245 :
1012 4190 1168 4262 panis
1194 4191 1244 4245 ei
1277 4190 1517 4256 dabitur,
1569 4200 1624 4245 et
1670 4206 1805 4261 aqua
1848 4191 1967 4260 ejus
2016 4192 2148 4246 iide-

2251 4198 2381 4269 ρᾱίς⁸
2436 4198 2599 4269 ἄρτος
2645 4195 2793 4267 αὐτῷ
2848 4194 3152 4267 δοθήσεται,
3197 4198 3292 4250 καὶ
3341 4198 3403 4249 τὸ
3459 4197 3603 4270 ὕδωρ
3656 4198 3825 4253 αὐτοῦ

569 4286 658 4341 lis.
692 4304 711 4337 ι
745 4285 897 4340 idem
928 4284 1045 4355 ipse
1092 4282 1281 4351 procul
1328 4282 1455 4351 igne
1480 4320 1496 4346 ,
1531 4290 1587 4338 et
1619 4293 1917 4337 memorato
1942 4292 2149 4339 aeterno

2251 4287 2460 4340 πιστόν.
2500 4306 2520 4339 ›
2551 4286 2725 4349 Αὐτὸς
2763 4286 2819 4339 δὲ
2870 4279 3046 4351 οὗτος,
3083 4286 3298 4359 μακρὰν
3328 4286 3422 4341 τοῦ
3468 4290 3637 4362 πυρὸς
3665 4307 3831 4359 γεγο-

567 4379 691 4433 loco
720 4386 959 4432 remotus
982 4417 998 4443 ,
1032 4374 1300 4430 habitabit
1328 4374 1385 4428 in
1429 4373 1645 4430 excelsa
1674 4373 1929 4444 spelunca
1954 4414 1968 4437 ,
2005 4383 2059 4429 et
2092 4376 2146 4430 in

2251 4378 2356 4442 νὼς
2385 4377 2595 4432 καὶτοῦ
2636 4377 3026 4449 προλεχθέντος
3056 4380 3275 4434 αἰωνίου
3306 4381 3493 4446 τόπου,
3526 4385 3732 4453 οίκήσει
3763 4386 3825 4437 ἐν

566 4481 721 4542 petra
755 4469 932 4523 firma.
986 4466 1299 4522 Secundum
1331 4464 1719 4535 Symmachum
1751 4478 1882 4519 vero
1906 4501 1925 4531 ,
1962 4481 1981 4516 ι
2029 4464 2147 4535 ipse

2251 4469 2439 4541 ὑψηλῷ
2491 4469 2760 4542 σπηλαίῳ,
2804 4472 2897 4525 καὶ
2944 4471 3036 4524 ἐπὶ
3078 4472 3283 4544 πέτρας
3317 4474 3562 4544 ἰσχυρᾶς.
3589 4477 3826 4530 Κατάδὲ

566 4565 623 4619 in
652 4560 882 4617 excelsis
923 4559 1236 4623 habitabit,
1284 4558 1437 4626 quasi
1479 4558 1815 4611 munimenta
1869 4565 2143 4626 petrarum

2251 4564 2340 4617 τὸν
2362 4563 2680 4633 Σύμμαχον,
2735 4580 2753 4614 ι
2804 4562 2993 4626 Ἀὐτὸς
3025 4565 3082 4616 ὲν
3115 4563 3340 4633 ὑψηλοῖς
3387 4566 3822 4636 κατασκηνώσει,

564 4652 870 4709 sublimitas
897 4649 1051 4719 ejus;
1095 4666 1115 4700 ι
1148 4654 1206 4701 ut
1236 4661 1303 4703 ex
1341 4646 1428 4723 his
1456 4646 1737 4701 beatorum
1784 4645 2147 4712 exercitium,

563 4755 622 4803 et
650 4746 962 4801 institutum
990 4742 1116 4797 vita:
1154 4740 1211 4796 in
1262 4752 1472 4794 summa
1517 4736 1861 4807 philosophia
1911 4737 2147 4806 positum

484 4856 499 4867 ’ν
566 4838 974 4908 intelligamus:
1004 4831 1359 4905 quamobrem
1404 4831 1656 4895 infertur,
1699 4848 1717 4882 ι
1754 4828 1917 4885 Panis
1964 4831 2015 4885 ei
2050 4830 2147 4885 da-

564 4932 732 4997 bitur,
758 4941 813 4985 et
841 4944 980 4999 aqua
1011 4929 1128 4998 ejus
1166 4925 1364 4983 ﬁdelis.
1406 4944 1425 4978 ι
1462 4924 1609 4980 Talis
1634 4934 1813 4982 autem
1847 4926 2011 4980 homo
2046 4941 2147 4996 pa-

564 5040 634 5078 ne
653 5033 707 5079 et
728 5038 868 5092 aqua
910 5023 963 5076 in
994 5022 1249 5092 praasenti
1280 5021 1390 5075 vita
1433 5022 1500 5076 ad
1537 5021 1854 5076 alimentum
1898 5036 2047 5087 usus,
2083 5020 2139 5073 in

560 5116 979 5173 exercitationis
1018 5117 1311 5171 terminum
1341 5126 1395 5171 et
1431 5116 1691 5182 fructum,
1728 5118 2020 5189 gloriosam
2058 5130 2143 5172 re-

562 5211 648 5281 gis
674 5208 1183 5277 contemplationem
1210 5208 1410 5265 referet
1437 5232 1449 5267 :
1490 5220 1822 5281 quapropter
1844 5210 1921 5265 ait
1953 5229 1966 5265 :

634 5307 800 5364 Vsus.
837 5306 1052 5363 17-19.
1110 5323 1135 5361 ι
1168 5306 1371 5378 Regem
1432 5320 1552 5362 cum
1620 5304 1790 5377 gloria
1848 5300 2102 5359 videbitis
2124 5342 2142 5371 ,

559 5400 713 5457 oculi
744 5400 909 5456 vestri
957 5408 1186 5455 cernant
1237 5407 1435 5453 terram
1469 5398 1660 5469 procul
1691 5415 1706 5453 :
1739 5397 1924 5452 anima
1956 5408 2139 5451 vestra

2248 4655 2324 4718 ὡς
2359 4655 2611 4725 περιοχαὶ
2640 4653 2856 4725 πετρῶν
2876 4653 2937 4707 τὺ
2964 4654 3097 4724 ῦψος
3119 4653 3283 4707 αὑτοῦ
3301 4672 3316 4686 ’
3352 4674 3371 4707 ι
3398 4656 3473 4719 ὡς
3507 4659 3644 4712 νοεῖν
3673 4660 3826 4730 ἡμᾶς

2247 4745 2333 4800 διὰ
2366 4745 2569 4800 τούτων
2607 4746 2703 4818 τὴν
2751 4738 2858 4800 ι·ῶύ
2886 4747 3169 4819 μακαρίων
3198 4748 3446 4819 ἄσκησιν,
3488 4750 3580 4802 καί⁵
3627 4752 3716 4804 τὸν
3762 4753 3825 4805 ὲν

2249 4839 2534 4910 ἀκροτάτῳ
2564 4838 2880 4908 φιλοσοφίας
2920 4839 3032 4910 βίον
3076 4839 3289 4893 αὐτῶν·
3346 4841 3427 4893 διὸ
3477 4841 3824 4911 ὲπιλέγεται,

2256 4952 2273 4983 ι
2310 4932 2474 5002 ἄρτος
2500 4932 2648 5004 αὑτῷ
2676 4933 2981 5004 δοθήσεται,
3009 4934 3102 4986 καὶ
3122 4933 3181 4985 τὸ
3208 4932 3351 5005 ῦδωρ
3380 4935 3543 4987 αὑτοῦ
3572 4937 3816 4990 πιστόν.»

2262 5027 2321 5079 '0
2350 5027 2407 5080 δὲ
2431 5027 2691 5090 τοιοῦτος,
2729 5027 2879 5098 ἄρτῳ
2913 5027 3008 5081 καὶ
3045 5025 3194 5079 ῦδατι
3222 5027 3320 5098 τὴν
3355 5027 3635 5100 παροῦσαν
3670 5027 3820 5099 ζωὴν

2250 5118 2530 5189 ἀσκηθεὶς,
2568 5119 2740 5191 πέρας
2767 5117 2878 5182 ἓξει
2912 5119 3006 5171 καὶ
3033 5119 3243 5189 καρπὸν
3276 5118 3377 5189 τῆς
3406 5120 3692 5191 ἀσκήσεως
3719 5122 3824 5192 τὴν

2250 5208 2455 5277 ἔνδοξον
2477 5211 2571 5263 τοῦ
2601 5210 2863 5280 βασιλέως
2886 5210 3013 5265 θέαν
3034 5228 3048 5241 ⁸
3077 5210 3157 5264 διό
3181 5228 3344 5282 φησιν
3366 5229 3380 5241 ·

2324 5323 2342 5356 ι
2381 5303 2610 5357 Βασιλέα
2643 5303 2779 5375 μετά
2821 5302 2979 5376 δόξης
3004 5303 3220 5372 ὄψεσθε,
3259 5307 3307 5357 oi
3351 5303 3619 5376 ὀφθαλμοὶ
3666 5306 3826 5377 ὑμῶν

2247 5396 2466 5466 ὄψονται
2500 5397 2603 5467 γῆν
2630 5395 2932 5467 πόρρωθεν,
2962 5397 2995 5466 ἠ
3029 5395 3174 5467 ψυχὴ
3215 5396 3679 5468 ὑμῶν.μελετήσει
3722 5396 3826 5466 φό-

534 5492 911 5548 .meditabitur
957 5493 1234 5549 timorem.
1302 5491 1400 5548 Ubi
1448 5501 1574 5547 sunt
1626 5489 2005 5560 grammatici?
2052 5488 2140 5542 ubi

2251 5488 2360 5542 δον.
2396 5488 2506 5541 Ποῦ
2534 5489 2670 5541 εἰσιν
2694 5489 2742 5540 οί
2776 5488 3176 5559 γραμματικοί;
3212 5486 3321 5541 Ποῦ
3346 5491 3482 5543 εἰσιν
3502 5490 3553 5542 οί
3584 5488 3825 5561 συμϐου-

562 5584 906 5641 consiliarii?
951 5585 1040 5640 ubi
1076 5593 1162 5641 est
1187 5623 1203 5649 ,
1233 5583 1325 5649 qui
1359 5593 1607 5639 numerat
1632 5598 1727 5638 eos
1755 5584 1849 5653 qui
1900 5580 2144 5635 nutriunt

2251 5580 2527 5645 λεύοντες;
2578 5580 2688 5634 Ποῦ
2736 5583 2883 5634 ἐστιν
2935 5582 2964 5633 6
3010 5580 3257 5651 ἀριθμῶν
3298 5583 3423 5645 τοὺς
3452 5582 3824 5654 τρεφομέναις

561 5692 786 5747 parvum
808 5688 863 5735 ct
887 5692 1146 5749 magnum
1180 5676 1432 5747 p0pulum
1459 5677 1482 5729 ἵ
1527 5677 1612 5731 cui
1642 5690 1748 5730 non
1781 5673 1929 5730 dedit
1965 5671 2143 5728 consi-

2252 5672 2444 5744 μικρὺν
2481 5672 2573 5725 καὶ
2628 5670 2800 5742 μέγαν
2827 5670 2987 5738 λαόν;
3019 5664 3063 5740 ᾧ
3102 5671 3163 5724 οὒ
3200 5672 3670 5742 συνεϐουλεύσατο,
3696 5673 3823 5728 οὐδὲ

561 5772 693 5829 lium
719 5811 735 5842 ,
766 5786 938 5843 neque
983 5772 1146 5834 scivit
1180 5785 1369 5851 vocem
1420 5769 1781 5839 altiloquam;
1817 5768 1891 5823 ita
1932 5776 1991 5822 ut
2035 5780 2141 5822 non

2251 5764 2365 5835 ᾔδει
2400 5762 2735 5835 βαθύφωνον,
2770 5763 2910 5851 ὥστε
2960 5764 3035 5834 μὴ
3068 5762 3328 5818 ἀκοῦσαν
3387 5765 3515 5829 λαὸς
3548 5764 3823 5836 πεφαυλι-
