4158 6402
357 353 466 409 329
1281 344 1774 402 COHMENTARIA
1817 342 1887 399 IN
1931 338 2186 398 lSAIAM.
2225 369 2296 380 -—
2332 335 2483 392 CAP.
2528 331 2764 392 XXXI“.
3511 329 3615 385 550

357 464 576 536 σμένος,
621 462 717 516 καὶ
767 462 869 516 οὐκ
918 462 1034 514 ἐστι
1089 459 1165 529 τῷ
1221 459 1728 522 ἁκούοντισύνεσιςρ
1771 478 1787 509 ι
1827 458 1936 511 Ποῦ

2076 456 2228 508 udiat
2259 473 2271 508 :
2312 451 2542 522 populus
2572 459 2911 519 contemptus
2939 488 2956 513 ,
2999 454 3056 502 et
3101 460 3206 502 non
3236 455 3321 502 est
3370 447 3611 504 audienti

357 557 496 608 εἰσιν
521 554 572 606 οἱ
609 554 979 624 γραμματεῖς,
1013 554 1062 604 οἱ
1091 551 1151 603 τὸ
1190 550 1422 621 γράμμα
1458 550 1554 602 τοῦ
1595 551 1759 621 νόμου
1808 567 1941 618 πρε-

2073 546 2423 616 intelligentia.
2460 563 2479 596 ι
2520 543 2620 598 Ubi
2654 551 2781 597 sunt
2830 540 3038 596 Scribze
3063 579 3080 604 ,
3127 540 3216 610 qui
3263 539 3396 610 legis
3430 539 3622 594 littera:

360 645 710 708 σϐεύσαντες,
749 644 845 697 καὶ
880 643 1003 715 μηδ’
1029 643 1214 713 ἕτερον
1243 643 1446 706 εἰδότες
1472 645 1611 696 νοεῖν
1641 642 1675 714 ἢ
1712 641 1811 706 τὰς
1843 642 1941 712 τῆς

2073 639 2482 702 latrocinantur,
2517 635 2764 704 nihilque
2794 632 2940 688 aliud
2971 633 3214 703 cogitant
3239 672 3255 696 ,
3303 647 3464 701 quam
3516 631 3620 686 ob-

359 737 558 802 λέξεως
596 735 976 805 ἀπαγγελίας;
1034 734 1137 798 Οῦς
1193 732 1507 799 ὲταλὰνιζεν
1552 735 1581 787 6
1635 733 1826 805 Σωτὴρ
1887 733 1944 785 ὲν

2073 731 2189 786 'iam
2216 729 2471 784 dictionis
2503 728 2934 782 enuntiationem
2965 726 2988 780 ’ἰ
3036 725 3183 792 Quos
3217 726 3448 780 miseros
3477 738 3621 794 prae-

360 828 715 897 Εῦαγγελίοις
768 825 980 896 λέγων’
1024 843 1043 876 ι
1084 826 1219 879 Οὐαὶ
1277 825 1427 896 ὑμῖν,
1455 825 1801 896 γραμματεῖς
1853 822 1948 876 καὶ

2073 821 2266 878 licabat
2298 820 2549 877 Salvator
2594 819 2649 873 in
2678 818 2983 888 Evangeliis
3009 819 3192 873 dicens
3214 856 3229 880 ,
3267 834 3285 867 ι
3326 813 3416 870 Vae
3451 817 3625 880 vobis,

363 923 644 994 Φαρισαῖοι
673 919 984 993 ὑποκριταί.
1026 939 1045 972 ι
1087 919 1198 972 Ποῦ
1243 918 1351 991 γὰρ
1410 908 1560 971 οὗτοι
1616 916 1947 988 φανήσονται

365 1017 424 1068 ὲν
450 1013 637 1086 ἡμέρᾳ
666 1013 768 1084 τῆς
789 1010 1057 1083 κρίσεωςς
1106 1011 1155 1064 οἳ
1191 1010 1418 1074 κόλακες
1467 1009 1786 1079 ἐξέστρεφον
1821 1006 1949 1071 τοὺς

369 1105 835 1176 κολακευομένους
858 1103 1063 1168 αὐτοῖς.

443 1216 462 1250 ι
511 1196 640 1251 Ἰδοὺ
666 1195 803 1250 Σιὼν
830 1197 864 1268 ἡ
896 1195 1071 1258 πόλις,
1103 1193 1166 1247 τὸ
1198 1192 1472 1264 Σωτήριον
1504 1190 1660 1263 ἡμῶν
1684 1190 1733 1242 oi
1755 1187 1955 1258 ὀφθαλ-

374 1288 464 1358 μοί
497 1303 591 1340 σου
614 1285 856 1357 ὁψονται,
885 1284 1240 1357 Ἰερουσαλήμ
1257 1300 1270 1313 ·
1302 1282 1456 1345 πόλις
1482 1280 1731 1343 πλουσία,
1760 1280 1955 1351 σκηναὶ

370 1381 427 1432 αἳ
453 1378 514 1433 οὐ
544 1379 620 1450 μὴ
656 1377 965 1439 σεισθῶσιν,
997 1377 1117 1430 οὐδὲ
1153 1377 1227 1447 μὴ
1272 1372 1566 1446 κινηθῶσιν
1607 1375 1656 1426 oi
1694 1371 1954 1426 πάσσαλοι

368 1471 471 1542 τῆς
508 1471 714 1542 σκηνῆς
760 1470 928 1540 αὐτῆς
983 1470 1063 1532 εἰς
1093 1469 1185 1522 τὸν
1231 1467 1403 1523 αίῶνα
1455 1465 1666 1538 χρόνον,
1716 1463 1838 1517 οὐδὲ
1887 1463 1956 1515 τὰ

376 1562 580 1634 σχοινία
602 1561 773 1632 αὐτῆς
794 1561 855 1614 οὐ
886 1561 962 1632 μὴ
990 1559 1383 1632 διαρραγῶσιν.
1428 1577 1448 1610 ι
1480 1556 1742 1629 Σημαίνει
1786 1556 1844 1609 δὲ
1869 1554 1957 1608 διὰ

371 1654 574 1716 τούτων
602 1655 632 1706 6
659 1653 833 1722 λόγος,
867 1655 1140 1724 Σωτήριον
1171 1653 1268 1724 μὲν
1295 1652 1387 1705 τὸν
1411 1649 1645 1722 Χριστὸν
1674 1648 1768 1702 τοῦ
1802 1647 1957 1710 Θεοῦ,

375 1747 529 1802 πόλιν
554 1747 612 1801 δὲ
650 1746 852 1819 ἑορτῶν
875 1745 970 1817 τὴν
1016 1743 1340 1814 Ἐκκλησίαν
1370 1741 1464 1796 τοῦ
1503 1740 1660 1794 Θεοῦ.
1703 1740 1816 1810 Τῆς
1863 1738 1960 1809 μὲν

374 1840 485 1913 γὰρ
529 1815 825 1910 Ἰουδαῖκῆς
853 1815 1206 1908 Ἰερουσαλὴμ
1251 1835 1511 1897 πολλάκις
1548 1832 1872 1904 ἐσείσθησαν
1901 1832 1956 1882 αί
1994 1815 2032 1868 Β

374 1933 595 2008 σκηναὶ,
624 1931 1077 2004 πολιορκηθείσης
1099 1928 1370 2000 διαφόρως
1395 1929 1488 1981 καὶ
1507 1928 1588 1990 εἰς
1607 1925 1802 1994 ἔδαφος
1825 1941 1957 1978 κατ-

375 2024 687 2098 ενεχθείσης
735 2023 840 2078 ὑπὸ
901 2023 1012 2078 τῶν
1074 2020 1217 2075 κατὰ
1255 2020 1483 2092 χρόνους
1533 2017 1958 2090 πολεμησάντων

376 2117 577 2188 αὐτήνο
631 2116 734 2186 τῆς
783 2115 843 2184 δὲ
898 2113 1094 2184 καινῆς
1151 2111 1355 2182 ταύτης
1418 2109 1628 2173 πόλεως
1665 2107 1958 2178 ἀκινήτους

377 2211 545 2281 φησὶν
579 2208 797 2262 ἔσεσθαι
845 2209 972 2272 τοὺς
1010 2205 1339 2269 πασσάλους.
1387 2203 1508 2258 Κᾶν
1555 2203 1665 2275 γὰρ
1702 2201 1960 2272 νομίζητὲ

379 2319 512 2356 ποτε
536 2305 595 2356 ὲν
625 2302 888 2372 διωγμοῖς
917 2297 1236 2354 ἐλαύνεσθαι
1265 2297 1360 2351 καὶ
1391 2294 1814 2367 πολιορκεῖσθαι,
1848 2293 1959 2346 ἀλλ’

380 2391 475 2445 ἐπὶ
498 2392 597 2464 τὴν
631 2391 836 2462 πέτραν
872 2390 1084 2444 ἑστῶσα
1127 2389 1276 2461 μένει
1317 2387 1385 2441 δι’
1429 2385 1625 2449 αἰῶνος
1677 2386 1957 2447 ἄπτωτοςο

380 2483 616 2556 ἀψευδὴς
637 2483 747 2554 γὰρ
778 2478 845 2553 ἦν
869 2477 898 2534 6
925 2479 1092 2534 εἰπών
1117 2496 1131 2511 ο
1173 2499 1191 2532 ι
1237 2479 1360 2533 Ἐπὶ
1392 2478 1491 2552 τὴν
1522 2476 1726 2549 πέτραν
1759 2475 1963 2528 οἰκοδο-

384 2577 544 2647 μήσω
574 2591 674 2645 μου
701 2572 799 2644 τὴν
833 2572 1183 2644 Ἐκκλησίαν,
1215 2572 1310 2625 καὶ⁹
1350 2570 1517 2623 πύλαι
1564 2568 1691 2640 ᾅδου
1739 2567 1800 2620 οὐ
1828 2584 1962 2622 κατ-

385 2666 696 2738 ισχύσουσιν
725 2665 915 2736 αὐτῆς.
953 2684 972 2717 ι
1467 2660 1473 2666 ’

456 2777 475 2810 ι
512 2759 632 2812 Ὅτι
678 2757 740 2809 τὸ
766 2756 939 2827 ὄνομα
994 2754 1197 2828 Κυρίου
1255 2754 1395 2826 μέγα
1439 2755 1567 2826 ύμῖν
1589 2794 1603 2813 .
1646 2753 1809 2817 τόπος
1837 2753 1965 2824 ὑμῖν

381 2848 552 2914 ἔσται,
582 2848 818 2920 ποταμοὶ
843 2848 936 2902 καὶ
975 2847 1239 2921 διώρυγες
1269 2849 1493 2912 πλατεῖς
1519 2849 1613 2903 καὶ
1642 2847 1962 2921 εὐρύχωροι.

384 2941 459 2994 υύ
498 2939 956 3013 πορεύσῃταύτην
979 2940 1079 3012 τὴν
1105 2940 1241 3005 ὁδὸν,
1275 2939 1395 2992 οὐδὲ
1430 2939 1755 3012 πορεύσεται
1782 2938 1965 2991 πλοῖον

387 3036 624 3090 ὲλαῦνον.
677 3035 736 3087 Ὁ
789 3035 898 3105 γὰρ
935 3034 1069 3098 Θεός
1132 3051 1232 3106 μου
1287 3033 1463 3105 μέγας
1504 3032 1682 3086 ἐστίν·
1713 3031 1775 3086 οὐ
1821 3048 1964 3104 παρ-

390 3127 664 3182 ελεύσεταε
701 3145 767 3198 με
815 3127 1021 3199 Κύριος
1069 3128 1263 3200 κριτὴς
1321 3126 1500 3198 ἡμῶν,
1537 3125 1742 3197 Κύριος
1783 3126 1966 3198 ἄρχων

392 3219 570 3291 ἡμῶν,
605 3218 809 3290 Κύριος
844 3219 1098 3290 βασιλεὺς
1145 3219 1325 3290 ἡμῶν,
1378 3219 1582 3291 Κύριος
1635 3211 1790 3282 οὗτος
1821 3218 1968 3290 ἡμᾶς

393 3311 576 3368 σώσει.
609 3333 627 3364 ι
659 3312 800 3366 Αὐτὸ
845 3312 907 3367 τὸ
944 3312 1134 3384 ὄνομα,
1169 3315 1322 3385 φησι,
1359 3313 1566 3384 Κυρίου
1604 3313 1765 3376 τόπος
1816 3311 1970 3364 ἔσται

391 3403 560 3477 ταύτῃ
585 3408 650 3476 τῇ
680 3407 838 3476 καινῇ
862 3404 1014 3458 πόλει
1047 3407 1114 3476 τῇ
1145 3405 1379 3476 ἀσείστῳ
1416 3404 1510 3458 καὶ
1541 3402 1806 3474 ἁπτώτῳ·
1865 3400 1972 3456 διό-

392 3483 616 3566 περ,’ὼς
645 3495 711 3549 ἂν
742 3495 837 3549 ἐπὶ
863 3494 954 3548 τὸν
986 3493 1209 3566 Κύριον,
1229 3494 1392 3548 τόπον
1407 3495 1536 3548 ὄντα
1563 3493 1753 3565 αὐτῆς,
1775 3493 1972 3566 ᾠκοδο-

393 3587 630 3658 μημένη,
657 3586 905 3650 ἄσειστος
952 3585 1121 3657 μένει.
1161 3586 1241 3639 Δι’
1275 3581 1350 3640 ὧν
1378 3589 1406 3641 6
1445 3586 1600 3655 λόγος
1645 3586 1744 3658 τῆς
1775 3584 1970 3655 προλε-

390 3677 613 3748 χθείσης
639 3675 847 3739 πόλεως
873 3674 962 3729 τὸν
991 3675 1194 3748 Κύριον
1223 3692 1386 3747 φησιν
1409 3674 1629 3728 ἔσεσθαι
1659 3673 1843 3736 τόπον,
1877 3691 1972 3726 πο-

390 3769 579 3841 ταμῶν
608 3769 800 3840 ῥεῖθρα
831 3767 1063 3838 ἐχόντων
1093 3767 1185 3821 καὶ
1230 3767 1502 3840 διώρυγας
1530 3766 1752 3830 πλατεῖς
1771 3781 1786 3796 ο
1826 3765 1970 3819 ὥστε

391 3861 570 3931 λέγειν
588 3877 602 3891 ·
636 3880 654 3912 ι
685 3861 793 3914 Τοῦ
822 3858 1068 3930 ποταμοῦ
1089 3859 1156 3912 τὰ
1182 3859 1325 3930 όρμή
1336 3876 1477 3930 ματα
1503 3855 1852 3929 εὐφραίνουσι
1874 3855 1974 3926 τὴν

394 3953 549 4008 πόλιν
573 3953 664 4006 τοῦ
694 3951 852 4018 Θεοῦ,
893 3971 910 4004 ι
946 3951 1041 4007 κα)⁸
1070 3970 1088 4002 ι
1135 3951 1196 4003 '0
1232 3949 1476 4020 ποταμὸς
1508 3948 1601 4002 τοῦ
1636 3947 1770 4002 Θεοῦ
1815 3946 1976 4015 ἐπλη-

398 4044 546 4118 ρώθη
582 4044 809 4108 ὑδάτων,
852 4063 869 4095 ι
896 4042 985 4098 διὰ
1029 4042 1090 4098 τδ
1133 4043 1296 4096 αὐτὸν
1330 4041 1423 4094 τὸν
1449 4039 1656 4112 Κύριον
1697 4033 1838 4093 εἶναι
1883 4037 1975 4091 τὸν

397 4138 565 4192 τόπον
614 4136 812 4191 αὐτῶν.
839 4135 1003 4190 Ὅθεν
1048 4135 1260 4207 ἐχθροῖς
1316 4133 1410 4188 καὶ
1455 4132 1739 4203 πολεμίοις
1785 4129 1975 4185 ἀνεπί-

403 4230 556 4284 ϐατοι
581 4229 938 4300 τυγχάνουσιν
964 4229 1014 4281 οἱ
1062 4227 1317 4298 ποταμοὶ,
1345 4225 1445 4297 τὴν
1471 4224 1858 4297 προλεχθεῖσαν
1881 4222 1975 4276 τοῦ

398 4321 534 4376 Θεοῦ
568 4321 722 4375 πόλιν
749 4321 871 4375 ἀντὶ
901 4319 1186 4391 περιϐόλου
1242 4318 1567 4382 κυκλοῦντες
1609 4317 1703 4370 καὶ⁸
1735 4333 1976 4388 περιτει-

396 4417 638 4490 ῄζοντες
657 4432 670 4443 ·
697 4414 773 4477 ὡς
789 4415 952 4466 πᾶσιν
968 4411 1266 4483 ἀλλοτρίοις
1288 4409 1578 4465 ἀδιάϐατον
1596 4406 1733 4464 εἶναι
1748 4427 1762 4440 ⁸
1789 4408 1976 4478 ἐπειδὴ

2055 915 2264 972 Scriba:
2290 923 2346 969 et
2379 911 2640 968 Pharisazi
2675 909 2967 982 hypocritte
2994 909 3061 965 “.
3101 927 3120 960 ι
3162 906 3389 963 Ubinam
3425 906 3499 961 illi
3529 921 3625 976 ap-

2054 1011 2320 1081 parebunt
2347 1009 2401 1062 in
2439 1007 2525 1062 die
2549 1005 2736 1077 iudicii
2763 1005 2787 1059 ?
2817 1004 2933 1074 qui,
2963 1012 3150 1074 utpote
3180 1001 3511 1068 adulatores,
3533 1017 3629 1057 eos

2055 1102 2254 1174 quibus
2287 1099 2701 1156 assentabantur
2724 1099 3066 1153 avertebant.

2125 1194 2293 1252 Vens.
2323 1194 2414 1249 20.
2449 1211 2469 1245 ι
2509 1192 2647 1248 Ecce
2679 1188 2810 1246 Sion
2842 1189 3036 1245 civitas
3062 1229 3079 1255 ,
3105 1189 3358 1244 Salutare
3386 1195 3632 1242 nostrum
3739 1169 3747 1181 ’

2055 1287 2197 1344 oculi
2226 1287 2299 1341 tui
2327 1285 2610 1350 videbunt,
2640 1281 2940 1338 Jerusalem
2963 1323 2980 1348 ,
3004 1281 3200 1336 civitas
3232 1281 3382 1336 dives
3405 1320 3422 1346 ,
3456 1279 3636 1335 taber-

2057 1379 2248 1434 nacula
2283 1392 2404 1448 qua:
2453 1391 2562 1432 non
2606 1375 3004 1440 concutientur,
3044 1388 3221 1442 neque
3275 1372 3638 1428 movebuntur

2059 1470 2242 1542 paxilli
2282 1467 2616 1525 tabernaculi
2665 1467 2784 1538 ejus
2837 1466 2890 1520 in
2937 1465 3325 1536 sempiternum
3379 1475 3638 1534 tempus.

2063 1577 2236 1631 neque
2271 1560 2493 1616 funiculi
2528 1559 2646 1630 ejus
2695 1559 3090 1627 dirumpentur.
3150 1576 3169 1610 ι
3223 1557 3319 1612 llis
3350 1573 3517 1628 porro
3565 1561 3641 1611 si--

2063 1656 2305 1728 gniﬁcat,
2341 1653 2593 1708 Salutare
2620 1652 2836 1722 quidem
2867 1665 2988 1706 esse
3015 1651 3289 1704 Christum
3314 1649 3442 1718 Dei,
3477 1649 3645 1704 festo-

2068 1766 2185 1804 rum
2237 1760 2364 1802 vero
2409 1745 2687 1802 civitatem
2739 1757 2863 1798 esse
2897 1742 2989 1796 Dei
3025 1740 3347 1796 Ecclesiam.
3384 1739 3518 1795 Nam
3547 1738 3644 1795 Ju-

2066 1842 2234 1896 daicze
2282 1838 2497 1909 quidem
2523 1835 2914 1906 Hierosolyma:
2947 1833 3292 1889 tabernacula
3325 1832 3647 1904 plerumque

2065 1947 2320 1988 snccussa
2351 1941 2481 1987 sunt
2523 1929 2576 1984 in
2612 1927 2781 1982 variis
2813 1925 2921 1980 illis
2964 1925 3339 1982 obsidionibus
3363 1965 3380 1992 ,
3429 1925 3646 1995 quando

2067 2025 2153 2078 illa
2191 2024 2257 2077 ab
2288 2018 2722 2091 expugnantibus
2746 2017 2863 2074 solo
2908 2033 3015 2073 non
3044 2019 3215 2074 semel
3243 2027 3456 2088 aequata
3496 2017 3638 2085 fuit;

2068 2129 2221 2172 novae
2251 2123 2430 2170 autem
2475 2109 2700 2180 hujusce
2743 2110 2892 2166 urbis
2923 2110 3176 2166 immotos
3214 2111 3292 2164 ait
3323 2110 3443 2166 fore
3470 2109 3647 2180 paxil-

2069 2207 2169 2262 los.
2206 2206 2431 2261 Etiamsi
2460 2203 2605 2260 enim
2635 2202 2839 2274 putetis
2885 2217 3274 2273 nonnunquam
3306 2217 3404 2258 vos
3429 2203 3485 2258 in
3515 2217 3641 2273 per-

2069 2297 2439 2356 secutionibus
2467 2295 2588 2366 pelli
2616 2306 2670 2350 et
2693 2293 2930 2350 obsideri
2965 2313 2980 2349 :
3013 2302 3070 2350 at
3098 2293 3190 2350 illa
3216 2307 3432 2364 semper
3465 2295 3520 2348 io
3547 2307 3646 2363 pe-

2071 2407 2152 2451 tra
2192 2395 2462 2458 consistit,
2490 2401 2546 2448 et
2571 2392 2791 2447 immota
2823 2399 3005 2446 manet
3031 2390 3084 2446 in
3112 2389 3369 2445 saeculum
3399 2407 3414 2444 :
3441 2387 3644 2445 etenim

2071 2486 2285 2544 mentiri
2334 2485 2522 2554 nequit
2553 2485 2600 2539 is
2631 2484 2720 2552 qui
2753 2483 2888 2538 dixit
2918 2501 2932 2538 :
2973 2501 2992 2534 ι
3028 2482 3205 2554 Super
3247 2491 3455 2551 petram
3478 2479 3649 2537 aediﬁ-

2073 2579 2211 2638 cabn
2244 2578 2545 2634 Ecclesiam
2583 2589 2758 2632 meam
2785 2615 2802 2642 ,
2831 2586 2886 2631 et
2911 2587 3080 2646 portae
3115 2575 3270 2629 inl‘eri
3301 2590 3407 2630 non
3444 2588 3650 2643 prava-

2073 2673 2256 2730 lebnnt
2285 2673 2548 2726 adversus
2577 2684 2696 2725 eam
2739 2668 2804 2723 δ’.
2847 2663 2887 2722 ι’

2143 2761 2309 2816 Vens.
2342 2760 2543 2826 21,22.
2581 2777 2600 2811 ι
2623 2758 2891 2826 Quoniam
2917 2775 3111 2816 nomen
3152 2761 3361 2817 Domini
3393 2773 3650 2830 magnum

2072 2857 2227 2913 vobis
2253 2898 2268 2922 ,
2312 2854 2461 2910 locus
2502 2851 2656 2908 vobis
2688 2851 2790 2907 erit
2841 2840 3062 2908 ﬂumina
3107 2863 3163 2910 et
3195 2853 3294 2909 rivi
3326 2854 3418 2908 lati
3446 2860 3503 2908 et
3523 2867 3652 2921 spa-

2074 2949 2226 3005 tiosi.
2257 2947 2374 3002 Non
2415 2945 2721 3001 ambulabis
2747 2959 2844 3016 per
2884 2947 3024 3001 hanc
3048 2945 3189 3000 viam
3209 2986 3226 3012 ,
3259 2960 3437 3015 neque
3462 2943 3652 2999 ambu-

2077 3041 2214 3096 labit
2247 3038 2523 3109 navigium
2551 3052 2865 3106 properans.
2902 3038 3044 3094 Deus
3063 3038 3208 3094 enim
3243 3052 3396 3093 mens
3423 3051 3654 3106 magnus

2074 3142 2178 3188 est.
2218 3130 2334 3184 Non
2377 3129 2628 3186 transibit
2655 3145 2740 3184 me
2768 3129 3026 3186 Dominus
3049 3129 3214 3199 index
3242 3140 3444 3191 noster.
3474 3129 3654 3185 Domi-

2073 3240 2175 3280 nus
2195 3223 2446 3294 princeps
2475 3233 2683 3287 noster,
2719 3222 2982 3277 Dominus
3013 3237 3110 3277 rex
3144 3232 3354 3286 noster,
3395 3221 3656 3276 Dominus

2072 3315 2163 3371 hic
2201 3312 2436 3370 salvabit
2462 3329 2587 3368 nos.
2627 3331 2647 3366 ι
2697 3313 2852 3382 lluic,
2884 3314 3100 3385 inquit,
3127 3330 3279 3370 novae
3307 3315 3513 3392 civitati
3569 3315 3655 3368 in-

2073 3422 2354 3465 eoncussaa
2383 3415 2437 3460 et
2484 3406 2745 3462 immobili
2772 3447 2788 3472 ,
2819 3407 2993 3477 ipsum
3021 3421 3219 3463 nomen
3255 3407 3468 3461 Domini
3503 3405 3656 3460 locus

2072 3501 2179 3556 erit
2209 3519 2222 3554 :
2253 3513 2426 3570 quare
2456 3514 2615 3569 supra
2667 3498 2951 3554 Dominum
2977 3539 2992 3564 ,
3039 3499 3220 3554 locum
3253 3513 3408 3553 suum
3440 3537 3456 3563 ,
3482 3496 3655 3551 adib-

2074 3603 2195 3648 cata
2221 3633 2236 3656 ,
2266 3593 2488 3646 immota
2524 3600 2728 3646 manet.
2762 3589 2858 3647 llis
2890 3591 3071 3661 itaque
3100 3589 3442 3662 significatur
3475 3591 3654 3659 ipsum

2077 3686 2360 3741 Dominum
2393 3684 2661 3751 praedictae
2708 3682 2949 3736 civitatis
2987 3681 3165 3736 locum
3199 3680 3438 3734 futurum
3487 3693 3610 3733 esse
3634 3719 3652 3739 .

2075 3777 2354 3833 fluminum
2390 3775 2558 3830 alveis
2589 3783 2644 3830 et
2670 3773 2796 3830 latis
2825 3774 2956 3829 rivis
2991 3774 3350 3836 instructum,
3380 3773 3450 3826 ita
3483 3781 3542 3824 ut
3573 3771 3652 3824 di-

2075 3877 2268 3932 catur,
2335 3883 2356 3918 ι
2417 3865 2682 3923 Fluminis
2738 3867 2972 3935 impetus
3040 3865 3321 3922 ltetilicant
3377 3864 3652 3919 civitatem

2077 3962 2170 4016 Dei
2204 3959 2270 4026 ⁸³,
2306 3978 2324 4012 ι
2361 3969 2417 4014 et
2439 4000 2455 4024 ,
2492 3976 2513 4009 ι
2549 3957 2774 4014 Flumen
2806 3958 2898 4014 Dei
2927 3957 3192 4028 repletum
3224 3965 3308 4012 est
3337 3955 3492 4026 aquis
3524 3955 3592 4022 ιδ,
3630 3973 3652 4007 ι

2079 4059 2203 4127 quia
2242 4054 2449 4109 scilicet
2485 4052 2598 4122 ipse
2628 4051 2886 4106 Dominus
2915 4051 3066 4106 locus
3096 4064 3284 4104 eorum
3317 4056 3423 4102 est.
3450 4047 3659 4114 Quam-

2079 4151 2278 4218 obrem,
2297 4148 2483 4202 isthzrc
2513 4144 2733 4198 ﬂumina
2758 4143 3006 4198 hostibus
3041 4141 3385 4209 inimicisque
3414 4139 3654 4192 inacces-

2079 4258 2138 4297 sa
2166 4247 2291 4294 sunt
2320 4277 2335 4302 ,
2364 4251 2484 4306 quae
2526 4236 2838 4306 praedictam
2893 4235 2984 4290 Dei
3017 4235 3294 4291 civitatem
3331 4229 3654 4287 munimenti

2081 4332 2200 4387 loco
2233 4328 2575 4384 circumdant
2602 4337 2658 4383 et
2687 4327 2978 4391 ambiunt;
3012 4329 3085 4381 ita
3135 4336 3192 4380 nt
3237 4323 3514 4381 extraneis
3539 4323 3660 4392 qui-

2083 4425 2291 4495 busque
2318 4422 2494 4477 aditus
2525 4420 2598 4475 sit
2624 4419 2804 4474 nullus
2841 4435 2856 4472 :
2889 4419 3142 4488 quoniam
3181 4417 3474 4478 Dominus,
3507 4412 3662 4466 locus

395 4509 670 4582 όΚύριος,
702 4507 868 4567 τόπος
904 4505 980 4560 ὢν
1021 4505 1210 4574 αὐτῆς,
1246 4504 1419 4575 μέγας
1461 4502 1640 4556 ἐστίν’
1680 4501 1841 4565 αὐτὸς
1867 4501 1969 4571 γὰρ

2083 4529 2277 4586 nempe
2322 4512 2442 4584 ejus
2468 4552 2484 4579 ,
2528 4526 2859 4582 permagnus
2905 4520 2990 4566 est
3026 4529 3042 4564 :
3077 4513 3192 4580 ipse
3222 4522 3455 4576 namque
3503 4512 3661 4574 petra

396 4595 467 4672 ἦν
493 4603 527 4672 ὴ
559 4601 757 4672 πέτρα,
785 4599 869 4668 ἐφ’
895 4600 962 4670 ἢν
989 4597 1324 4670 ᾠκοδόμητο.

477 4735 496 4768 ι
541 4715 886 4789 Ἐρρἀγησαν
915 4713 984 4766 τὰ
1017 4711 1224 4782 σχοινία
1261 4727 1375 4772 σου,
1405 4709 1486 4762 ὅτι
1518 4709 1619 4762 ούκ
1649 4706 1938 4777 ἐνίσχυσαν
1962 4721 1976 4734 ο

397 4808 428 4861 6
451 4806 594 4870 ἱστός
626 4822 720 4859 σου
765 4805 993 4867 ἔκλινεν,
1022 4802 1082 4855 ού
1117 4801 1342 4872 χαλάσει
1373 4800 1440 4852 τὰ
1487 4798 1663 4852 ίστία’
1713 4797 1814 4849 οὐκ
1859 4796 1983 4868 ἀρεῖ

401 4901 646 4971 σημεῖον,
678 4897 781 4960 ἓως
803 4889 864 4949 οὗ
882 4893 1159 4966 παραδοθῇ
1194 4894 1272 4955 είς
1304 4891 1600 4964 προνομήν.
1625 4888 1815 4940 Τοίνυν
1849 4886 1979 4939 πολ-

400 4991 484 5044 λολ⁹
534 4991 698 5062 χωλοὶ
733 4986 1010 5060 προνομὴν
1061 4985 1366 5056 ποιήσουσι,
1420 4982 1514 5034 καὶ
1555 4981 1616 5034 ού
1654 4980 1729 5051 μὴ
1763 4981 1980 5043 εἴπωσι,

403 5081 617 5148 Κοπιῶ,
649 5083 677 5135 6
707 5081 835 5144 λαὸς
865 5080 1091 5134 ενοικῶν
1128 5080 1185 5130 ὲν
1218 5076 1429 5139 αὐτοῖς’
1462 5073 1636 5145 ἁφέθη
1665 5073 1774 5145 γὰρ
1805 5072 1985 5134 αὐτοῖς

402 5175 436 5244 ἡ
466 5173 726 5246 ἁμαρτία.
765 5192 782 5224 ι
806 5172 1066 5244 Σημαίνει
1097 5172 1151 5224 δὲ
1180 5169 1266 5223 διὰ
1299 5167 1501 5221 τούτων
1523 5168 1620 5237 τὴν
1652 5165 1860 5218 πτῶσιν
1886 5162 1986 5234 τῆς

404 5264 723 5336 σωματικῆς
751 5263 1127 5336 Ἰερουσαλὴμ,
1158 5257 1226 5333 ἧς
1268 5261 1476 5334 ἐρράγη
1507 5259 1576 5312 τὰ
1608 5256 1817 5329 σχοινία
1844 5273 1858 5286 ’
1892 5253 1987 5308 καὶ

331 5353 334 5362 ’
402 5357 432 5408 6
463 5359 605 5422 ἱστὸς
638 5358 695 5411 δὲ
725 5356 918 5425 αὐτῆς,
949 5356 1136 5427 ὥσπερ
1183 5354 1326 5418 τινος
1354 5353 1481 5423 νηὸς
1515 5354 1572 5404 ὲν
1609 5349 1846 5422 χειμῶσι
1895 5347 1988 5401 καὶ

406 5449 637 5502 κλύδωσι
661 5448 1044 5519 διαπεσούσης,
1067 5447 1252 5518 ἐκλίθη
1285 5445 1522 5508 πίπτων,
1546 5440 1984 5496 διασπασθέντων

405 5541 514 5618 τῶν
551 5537 985 5618 διακρατοῦντων
1018 5537 1194 5591 αὐτῶν
1227 5537 1491 5606 σχοινίων.

481 5778 523 5808 ⁸⁵
553 5775 738 5829 Matth.
774 5791 932 5839 mu,
963 5776 1046 5830 15.

659 5869 928 5927 Parant"
971 5870 1087 5931 Gtt.
1138 5868 1372 5929 XXIV.

1128 5777 1172 5806 δ’
1202 5775 1390 5830 Matth.
1429 5794 1537 5842 xvt,
1570 5777 1656 5832 l8.
1739 5777 1784 5807 ⁸³
1814 5775 2086 5844 P.~,al.xt.v,
2138 5774 2189 5828 5.

2082 4619 2220 4674 erat,
2247 4622 2409 4677 supra
2445 4620 2608 4676 quam
2639 4604 3040 4660 exstruebatur.

2155 4701 2319 4757 Vens.
2350 4701 2423 4755 25
2447 4740 2464 4765 ,
2494 4699 2588 4754 24.
2638 4718 2658 4751 ‹
2719 4698 2930 4768 Dirnpti
2964 4706 3090 4752 sunt
3123 4694 3351 4750 funiculi
3384 4694 3506 4758 tui,
3533 4695 3660 4762 quia

2085 4812 2190 4851 non
2223 4793 2621 4864 przevaluerunt
2652 4811 2667 4846 :
2711 4790 2885 4845 malus
2913 4799 3038 4844 tuus
3069 4787 3360 4843 inclinatus
3391 4794 3476 4841 est
3498 4825 3515 4853 ,
3549 4800 3660 4842 non

2084 4887 2391 4958 pendebant
2429 4884 2547 4939 vela
2587 4902 2604 4937 :
2635 4899 2741 4937 non
2783 4881 2980 4937 levabit
3007 4881 3246 4948 signum,
3276 4879 3450 4934 donec
3480 4878 3658 4933 trada-

2039 5027 2041 5030 ι
2083 4990 2172 5034 tur
2199 4979 2254 5033 in
2285 4977 2668 5031 vastationem.
2701 4973 2852 5027 Multi
2899 4973 3065 5042 igitur
3115 4970 3296 5026 claudi
3329 4970 3542 5040 praedas
3580 4968 3664 5024 fa-

2082 5073 2249 5136 cient,
2284 5081 2338 5124 et
2366 5085 2469 5124 non
2495 5068 2699 5131 dicent,
2724 5066 2959 5130 Patisco,
2989 5063 3220 5136 populus
3244 5064 3338 5135 qui
3369 5064 3581 5120 habitat
3608 5065 3661 5117 in

2083 5164 2164 5220 eis
2196 5181 2210 5218 :
2244 5162 2524 5216 dimissum
2555 5160 2702 5214 enim
2744 5167 2828 5213 est
2853 5159 2934 5213 eis
2969 5166 3270 5227 peceatum.
3323 5176 3345 5210 ι
3378 5156 3477 5214 His
3513 5157 3660 5211 indi-

2084 5264 2174 5310 cat
2218 5267 2491 5322 corporeae
2515 5250 2904 5320 Hierosolyma:
2935 5251 3162 5305 exitium
3187 5289 3205 5317 ,
3254 5250 3410 5320 cujus
3438 5245 3664 5306 tuniculi

2088 5345 2286 5415 dirupti
2317 5355 2478 5408 sunt;
2529 5353 2584 5399 et
2617 5343 2792 5398 malus
2817 5341 2934 5412 ejus
2960 5383 2976 5406 ,
3031 5357 3130 5398 ceu
3184 5342 3464 5411 cujusdam
3511 5341 3668 5396 navis

2094 5439 2507 5509 tempestatibus
2540 5446 2595 5492 et
2622 5437 2872 5491 ﬂuctibus
2913 5438 3174 5491 demersa:
3201 5477 3216 5503 ,
3260 5434 3538 5491 declinans
3588 5433 3669 5487 la-

2095 5547 2224 5603 psus
2255 5540 2356 5595 est,
2391 5530 2623 5600 diruptis
2655 5529 2871 5584 funibus
2900 5530 3074 5599 ipsum
3115 5527 3492 5583 retinentibus.

2285 5774 2328 5806 “
2375 5774 2515 5829 Psal.
2569 5790 2712 5839 utv,
2759 5775 2844 5828 10.

3316 5864 3385 5924 11
