4082 6398
537 329 631 396 331

451 639 454 642 ξ
603 557 774 624 νιος.
810 565 926 620 1-5.
982 582 1000 614 ι
1029 561 1303 624 Accedite,
1341 568 1550 627 gentes,
1579 567 1634 610 et
1667 555 1868 618 audite,
1907 553 2112 624 princi-

449 653 456 660 ’
533 677 632 736 pes
664 659 890 718 :audiat
921 667 1061 712 terra
1091 694 1108 722 ,
1147 662 1204 709 et
1233 651 1324 736 qui
1369 651 1422 705 in
1450 664 1514 703 ea
1545 647 1824 712 habitant,
1855 645 2026 710 orbis,
2061 652 2117 697 et

531 731 764 827 populus
795 752 885 822 qui
933 757 1018 804 est
1051 747 1102 802 in
1149 758 1214 800 eo
1246 731 1422 814 z'quia
1473 737 1624 794 furor
1677 731 1892 793 Domini
1949 745 2115 804 super

533 860 726 902 omnes
767 851 996 915 gentes;
1043 849 1092 895 et
1127 839 1208 893 ira
1237 851 1402 906 super
1437 847 1655 889 omnem
1703 843 1988 884 numerum
2021 841 2116 882 eo-

531 955 659 996 rum
685 980 702 1006 ,
747 947 805 994 ut
831 937 1019 1008 perdat
1048 948 1142 988 eos
1175 940 1230 986 et
1269 929 1446 984 tradat
1477 926 1543 980 ad
1573 924 1798 980 caedem.
1835 919 2115 977 Vulnerati

534 1040 713 1086 autem
760 1043 947 1084 eorum
983 1022 1359 1095 projicientur,
1393 1028 1448 1073 et
1495 1015 1695 1071 moi-tui
1728 1032 1742 1068 :
1779 1019 1834 1068 et
1860 1013 2119 1068 ascendet

531 1125 669 1180 odor
717 1135 927 1177 eorum.
986 1136 1004 1170 ι
1057 1115 1394 1184 Quibusnam
1431 1109 1614 1165 tradat
1648 1109 1701 1162 in
1729 1107 1930 1162 caedem
1963 1146 1978 1170 ,
2011 1104 2115 1158 nisi

531 1216 824 1274 ultricibus
850 1209 1190 1266 virtutibus?
1217 1203 1316 1261 His
1343 1213 1507 1275 porro
1529 1201 1837 1272 castigatis,
1872 1198 1961 1254 alii
1996 1197 2116 1250 vul-

528 1309 707 1366 nerati
733 1347 750 1374 ,
799 1305 888 1360 alii
939 1301 1138 1358 mortui
1185 1307 1348 1354 erunt
1373 1337 1389 1362 ,
1425 1293 1516 1366 qui
1545 1294 1754 1350 scilicet
1782 1293 1849 1347 ad
1885 1301 2114 1346 mortem

529 1413 830 1470 peccavere
867 1413 882 1450 :
914 1408 1147 1466 quorum
1180 1391 1455 1456 facinora,
1503 1389 1556 1442 in
1597 1383 1712 1442 vita
1747 1385 1960 1441 mortali
1988 1391 2112 1454 p'er-

531 1501 741 1561 petrata
767 1532 800 1558 ,_
829 1487 1023 1558 judicii
1052 1498 1296 1554 tempore
1353 1481 1580 1537 fetorem
1612 1479 1864 1534 cmittent
1889 1494 1903 1531 :
1940 1483 2110 1545 quare

531 1587 826 1642 secundum
842 1579 1226 1654 Symmachum
1251 1575 1470 1638 dicitur,
1491 1592 1508 1624 ι
1535 1573 1600 1627 Et
1617 1569 2052 1626 ascendetfetor.
2081 1587 2100 1620 ι

1207 327 1476 386 EUSEBII
1510 325 1986 384 CIESARIENSIS
2019 325 2174 386 OPP.
2217 325 2396 380 PARS
2431 323 2518 382 Ill.
2561 356 2626 366 -—
2667 321 3084 380 EXEGETICA.

1067 443 1295 500 CAPUT
1336 443 1576 498 XXXIV.
2142 449 2189 504 Α

3655 331 3746 390 Eli

2731 439 3128 493 ΚΕΦΑΛΑΙΟΝ
3185 439 3300 492 ΛΝ.
3679 391 3682 396 Ι

2298 573 2318 605 ι
2359 554 2764 626 Προσαγάγετε,
2821 552 2968 624 ἔθνη,
3014 553 3107 604 καὶ
3166 551 3443 616 ἀκούσατε,
3487 555 3748 626 ἄρχοντεςν

2222 645 2508 698 ἀκουσάτω
2538 649 2571 715 ἠ
2618 646 2712 716 γῆ,
2748 645 2842 698 καὶ
2883 647 2931 697 οξ
2966 646 3024 698 ἐν
3061 645 3196 715 αὐτῇ
3229 643 3512 710 οἰκοῦντες,
3535 649 3566 718 ἡ
3593 651 3750 702 οἰκου-

2227 737 2384 808 μένη,
2423 737 2517 790 καὶ
2548 740 2577 790 ὁ
2604 737 2728 800 λαὸς
2775 739 2805 789 ὁ
2865 737 2924 788 ὲν
2951 736 3088 806 αὐτῇ
3114 753 3128 765 ·
3161 735 3294 788 διότι
3329 736 3356 788 ὁ
3393 734 3552 806 θυμὸς
3577 737 3752 807 Κυρίου

2222 829 2318 883 ἐπὶ
2357 829 2532 916 πάντα
2564 829 2631 882 τὰ
2661 828 2809 899 ἔθνη,
2837 818 2930 881 καὶ
2954 827 3091 899 ὀργὴ
3123 827 3214 880 ἐπὶ
3247 827 3337 880 τὸν
3359 827 3576 898 ἀριθμὸν
3601 831 3756 882 αὐτῶν

2219 921 2314 976 τοῦ
2352 921 2614 976 ἀπολέσαι
2667 921 2886 984 αὐτοὺς,
2923 921 3017 973 καὶ
3071 921 3400 990 παραδοῦναι
3445 923 3520 984 εἰς
3551 923 3754 992 σφαγήν.

2216 1019 2277 1069 Οἳ
2321 1015 2378 1070 δὲ
2423 1013 2758 1087 τραυματίαι
2791 1013 2972 1067 αὐτῶν
3000 1014 3336 1084 ριφήσονται,
3372 1012 3462 1066 καὶ
3496 1015 3542 1066 οἱ
3567 1013 3754 1084 νεκροί·

2215 1107 2309 1160 καὶ
2341 1106 2672 1177 ἀναϐήσεται
2697 1104 2878 1158 αὐτῶν
2905 1107 2938 1175 ἡ
2965 1106 3128 1176 ὀσμή.
3163 1125 3181 1158 ι
3211 1105 3334 1158 Τίσι
3372 1103 3429 1158 δὲ
3461 1104 3760 1176 παραδοῦναι

2212 1191 2410 1261 αὐτοὺς
2440 1199 2519 1260 είς
2549 1198 2785 1267 σφαγὴν,
2841 1199 2874 1266 ἢ
2902 1199 3024 1260 ταῖς
3051 1197 3398 1260 κολαστικαῖς
3429 1198 3518 1250 καὶ
3538 1215 3756 1268 τιμωρη-

2211 1293 2392 1356 τικαῖς
2437 1291 2740 1362 δυνάμεσι;
2787 1283 3006 1342 Τούτων
3069 1290 3125 1342 δὲ
3166 1289 3274 1344 τῶν
3321 1288 3676 1360 κολαζομένων
3722 1290 3761 1341 oi

2221 1378 2319 1454 μὲν
2371 1383 2707 1456 τραυματίαι
2741 1383 2977 1447 ἔσονται,
3029 1385 3077 1436 οἱ
3134 1383 3190 1434 δὲ
3248 1382 3461 1454 νεκροί·
3511 1384 3558 1434 οἱ
3589 1381 3764 1450 δηλαδὴ

2215 1474 2284 1527 τὰ
2327 1471 2464 1546 πρὸς
2537 1473 2766 1526 θάνατον
2820 1473 3238 1544 ἡμαρτηκότες
3305 1465 3384 1526 ὧν
3446 1474 3502 1526 αἱ
3545 1463 3764 1544 πράξεις,

2215 1567 2271 1619 αί
2317 1566 2458 1620 κατά
2497 1567 2588 1619 τὸν
2635 1565 2826 1635 θνητὸν
2887 1565 3000 1635 βίον
3055 1566 3484 1619 συντελεσθεῖσαι
3516 1563 3646 1618 κατά
3689 1563 3766 1615 τὸν

528 1673 630 1756 τῆς
685 1680 916 1753 κρίσεως
973 1673 1162 1745 καιρὸν
1211 1669 1472 1732 δυσωδίας
1535 1653 1972 1720 ἀποπνεύτὸυσιλ
2043 1661 2122 1714 διδ
2197 1661 2337 1716 κατὰ
2383 1655 2476 1714 τὸν
2530 1655 2824 1731 Σύμμαχον
2887 1657 3120 1730 εἴρηται,
3179 1679 3197 1711 ι
3233 1661 3345 1713 Καὶ
3393 1653 3770 1731 ἀναϐήσεταιὴ

527 1777 782 1832 δυσωδία.
815 1794 832 1826 ι

605 1890 767 1943 Vens.
797 1885 850 1940 4.
881 1903 898 1934 ι
925 1883 996 1938 Ει
1020 1878 1340 1951 rigabuntur
1370 1881 1583 1930 montes
1602 1869 1869 1940 sanguine
1898 1882 2108 1922 eorum.
2145 1873 2186 1928 Β

531 1985 598 2040 Et
625 1983 907 2038 tabescent
932 1949 1123 2032 omnes
1149 1971 1380 2026 virtutes
1410 1965 1694 2022 canorum.
1741 1985 1760 2014 ι
1803 1949 1870 2016 Hi
1901 1967 2112 2014 montes

529 2085 688 2132 erant
716 2076 784 2130 de
805 2069 1004 2142 quibus
1031 2066 1233 2122 dictum
1267 2069 1353 2117 est
1377 2099 1393 2124 ,
1432 2077 1452 2111 ι
1497 2058 1563 2112 Ει
1590 2055 1874 2112 tabescent
1905 2061 2116 2108 montes

530 2187 560 2223 a
599 2166 882 2237 sanguine.
937 2180 958 2214 ι
1005 2157 1218 2212 Etenim
1251 2154 1484 2207 virtutes
1527 2147 1794 2204 caelorum
1820 2183 1836 2209 ,
1869 2158 1988 2213 qua:
2019 2155 2117 2212 per

529 2269 748 2316 montes
775 2253 1174 2328 significantur,
1209 2256 1338 2302 tunc
1386 2242 1667 2298 tabescere
1701 2238 1980 2304 dicuntur,
2027 2244 2116 2287 uta

529 2359 662 2420 pote
687 2363 808 2421 qua
832 2327 1175 2403 imemoratis
1225 2336 1535 2396 hominibus
1569 2335 1623 2389 in
1657 2346 1822 2388 causa
1851 2327 2113 2400 perniciei

532 2445 760 2502 fuerint.
791 2441 1053 2510 Quaenam
1079 2447 1244 2506 porro
1273 2429 1376 2486 illa:
1407 2427 1610 2484 fuerint
1633 2463 1651 2491 ,
1691 2423 1794 2479 nisi
1821 2421 1890 2477 de
1919 2421 2118 2491 quibus

529 2537 824 2612 Apostolus
853 2534 932 2588 ait
953 2571 972 2600 ,
1009 2549 1026 2582 ι
1075 2527 1192 2584 Νοιι
1223 2533 1308 2580 est
1341 2523 1498 2578 nobis
1527 2521 1670 2574 lucta
1701 2516 1964 2571 adversus
1991 2527 2117 2566 san-

533 2607 750 2698 guinem
801 2634 859 2682 et
903 2635 1166 2685 carnem;
1214 2616 1306 2671 sed
1343 2615 1605 2668 adversus
1634 2607 2012 2677 principatus,
2060 2611 2118 2658 et

531 2697 828 2790 potestates
857 2755 874 2782 ,
919 2724 976 2770 et
1002 2721 1245 2768 rectores
1273 2707 1460 2761 mundi
1512 2701 1675 2772 hujus
1703 2741 1720 2764 ,
1752 2709 1806 2754 et
1855 2697 2119 2752 adversus

532 2789 832 2883 spiritualia
863 2804 1119 2876 nequitia:
1150 2802 1208 2856 in
1237 2797 1549 2855 cwlestibus
1576 2793 1664 2846 "?
1703 2809 1722 2842 ι
1751 2789 1845 2844 liae
1886 2791 2120 2856 namque;

531 2911 867 2976 potestates,
909 2873 1030 2968 quae
1082 2893 1290 2950 aerium
1337 2891 1512 2944 locum
1557 2885 1842 2945 obtinent,
1891 2873 2118 2934 virtutes

535 2996 802 3052 caelorum
851 2979 1628 3055 vocanturzquandoquidem
1682 2991 1788 3042 ea,
1841 2989 1964 3043 qua:
2021 2987 2120 3042 per

530 3101 660 3142 aera
713 3084 984 3145 feruntur,
1025 3079 1276 3134 volucres
1327 3072 1449 3128 ρωίί
1501 3073 1697 3126 vacare
1747 3065 1882 3122 solet
1937 3065 2117 3120 divina

531 3179 816 3250 Scriptura
846 3176 1035 3232 dicens
1059 3214 1074 3238 ,
1110 3191 1131 3225 ι
1165 3169 1430 3225 Volucres
1477 3164 1598 3222 eteli
1655 3171 1713 3217 et
1762 3162 1939 3230 pisces
1995 3175 2112 3214 ma-

530 3273 614 3329 ris
637 3271 730 3325 δ⁸⁶.
784 3289 803 3324 ι
854 3267 990 3324 Cum
1020 3277 1200 3322 autem
1233 3262 1362 3318 illud
1390 3301 1406 3326 ,
1443 3279 1462 3312 ι
1496 3259 1564 3314 Et
1611 3258 1888 3310 tabescent
1919 3267 2112 3308 omnes

529 3368 760 3421 virtutes
787 3362 1092 3425 caelorum,
1158 3377 1178 3412 ι
1235 3356 1289 3410 in
1339 3349 1697 3423 Septuaginta
1747 3347 2110 3414 Interpretunt

529 3459 788 3515 versione
831 3471 938 3512 non
982 3457 1338 3523 compareat.
1380 3461 1502 3500 cum
1555 3439 1836 3496 asteriscis
1865 3452 1934 3492 ex
1979 3435 2110 3491 reli-

533 3565 766 3622 quorum
829 3521 1276 3617 interpretatione
1325 3539 1566 3594 additum
1619 3521 1737 3587 fuit;
1789 3531 1924 3597 Quia
1981 3543 2112 3585 vero

532 3649 672 3702 scitu
708 3643 866 3700 nobis
897 3656 1034 3711 opus
1061 3647 1182 3693 erat
1232 3633 1577 3705 quandonam
1634 3628 1750 3682 haec
1799 3623 1978 3678 futura
2027 3637 2114 3676 es-

531 3747 676 3805 sent,
719 3735 772 3790 id
803 3749 903 3790 nos
927 3732 1120 3788 edocet
1163 3724 1512 3800 propheticus
1557 3733 1738 3776 sermo
1787 3717 2072 3772 declarans
2097 3755 2112 3778 ,

531 3827 783 3897 superius
815 3832 1112 3880 memorata
1145 3827 1268 3890 post
1319 3819 1482 3887 hujus
1529 3811 1714 3869 nmndi
1767 3824 2115 3865 consumma-

537 3922 738 3976 tionem
761 3926 1023 3974 eventura
1039 3929 1181 3970 esse.
1209 3909 1582 3980 Quamobrem
1611 3904 1782 3960 infert
1816 3920 1830 3956 :
1871 3921 1890 3954 ι
1928 3901 1993 3955 Ει
2013 3899 2115 3969 pli-

533 4013 748 4072 cabitur
773 4009 994 4076 caelum,
1016 4008 1156 4062 sicut
1183 4005 1338 4064 liber,
1385 4012 1440 4057 et
1468 3999 1648 4055 omnia
1683 4005 1832 4052 astra
1880 3993 2112 4056 cadent,

535 4118 798 4175 tanquam
833 4102 960 4157 folia
1011 4100 1078 4155 de
1105 4100 1213 4152 vite
1239 4133 1256 4161 ,
1291 4105 1338 4150 et
1379 4094 1518 4148 sicut
1543 4092 1746 4147 cadunt
1779 4085 1906 4140 folia
1941 4085 2007 4140 de
2046 4083 2114 4138 fi-

533 4217 623 4256 cu.
656 4219 676 4250 ι
712 4195 964 4252 Salvator
995 4195 1124 4248 item
1162 4191 1214 4244 in
1251 4185 1556 4256 Evangeliis
1589 4184 1703 4237 luec
1747 4181 1813 4235 de
1857 4193 2115 4232 consum-

533 4291 775 4350 matione
811 4271 1076 4342 tradidii:
1112 4303 1130 4334 ι
1167 4281 1232 4338 Et
1276 4278 1446 4334 stellae
1487 4274 1684 4331 cadent
1719 4273 1785 4326 de
1833 4268 1972 4324 cmlo
1995 4308 2012 4333 ,
2061 4275 2116 4320 et

531 4389 767 4441 virtutes
789 4381 1054 4438 caelorum
1101 4373 1608 4432 commovebuntur,
1661 4373 1718 4421 et
1765 4372 1894 4416 tunc
1955 4374 2118 4428 appa-

533 4480 674 4536 rebit
693 4479 906 4548 signum
943 4471 1036 4526 lilii
1067 4466 1305 4525 hominis
1327 4465 1378 4518 in
1409 4460 1549 4518 coelo
1578 4459 1644 4508 “-
1685 4475 1704 4508 ι
1739 4454 1932 4524 Aquila
1963 4465 2115 4516 vero,

2293 1891 2310 1922 ι
2349 1871 2460 1924 Καὶ
2485 1869 2819 1942 βραχήσεται
2848 1867 2916 1922 τὰ
2943 1861 3044 1940 ὅρη
3073 1869 3182 1922 ἀπὸ
3218 1867 3313 1922 τοῦ
3345 1869 3570 1938 αἵματος
3593 1865 3770 1919 αὐτῶν.

2213 1965 2323 2018 Καὶ
2359 1964 2690 2034 τακήσονται
2739 1963 2911 2014 πᾶσαι
2961 1963 3017 2014 αἱ
3049 1960 3309 2031 δυνάμεις
3331 1961 3438 2012 τῶν
3479 1957 3720 2029 οὐρανῶν.
3751 1977 3770 2008 ι

2215 2055 2400 2108 Ταῦτα
2429 2055 2608 2108 τοίνυν
2659 2053 2956 2124 ἐτύγχανον
2987 2052 3112 2124 ὄρη,
3161 2053 3291 2123 περὶ
3339 2035 3416 2106 ὧν
3466 2051 3668 2122 εἴρηται
3705 2047 3774 2110 τὸ.

2222 2167 2240 2198 ι
2281 2149 2390 2201 Καὶ
2445 2147 2772 2218 τακήσονται
2819 2145 2920 2218 ὄρη
2961 2145 3070 2198 ἀπὸ
3111 2143 3204 2197 τοῦ
3239 2145 3495 2214 αἵματος.
3527 2161 3544 2192 ι
3581 2142 3642 2193 Αἱ
3685 2141 3777 2210 γὰρ

2215 2240 2474 2310 δυνάμεις
2501 2239 2609 2294 τῶν
2648 2237 2914 2309 οὐρανῶν,
2963 2237 3066 2309 ὅρη
3113 2237 3428 2306 νοούμεναι,
3469 2221 3780 2304 τακῆσεσθαι

2215 2332 2483 2402 λέγονται,
2509 2331 2585 2397 ὼς
2615 2331 2786 2386 αἰτίαι
2835 2329 3124 2411 γενόμεναι
3163 2315 3444 2388 ἀπωλείας
3499 2325 3604 2380 τῶν
3651 2325 3781 2394 εἰρη-

2219 2424 2416 2494 μένων.
2451 2423 2608 2488 Τίνες
2631 2423 2676 2476 δ’
2707 2424 2774 2478 ἂν
2807 2407 2913 2478 εἷεν
2965 2407 3146 2486 αὗται,
3202 2423 3236 2494 ἢ
3277 2424 3410 2495 περὶ
3453 2413 3528 2474 ὧν
3567 2436 3721 2490 φησιν
3756 2409 3783 2470 6

2231 2515 2554 2578 ’Δπόστολος
2573 2555 2588 2580 ,
2627 2535 2646 2566 ι
2690 2513 2806 2568 Ούκ
2828 2514 2974 2568 ἔστιν
2996 2516 3125 2586 ἡμῖν
3150 2515 3183 2586 ἠ
3212 2513 3363 2583 πάλη
3381 2513 3518 2585 πρὸς
3549 2507 3678 2582 αἷμα
3702 2507 3783 2562 καὶ

2221 2608 2431 2678 σάρκαο
2483 2606 2620 2661 ἀλλά
2654 2605 2792 2678 πρὸς
2836 2605 2936 2669 τὰς
2964 2594 3162 2677 ἀρχὰς,
3210 2605 3352 2678 πρὸς
3399 2605 3501 2668 τὰς
3537 2602 3783 2670 tantum.

2216 2700 2354 2772 πρὸς
2424 2701 2551 2764 τοὺς
2624 2700 3076 2772 κοσμοκράτορας
3141 2699 3237 2752 τοῦ
3299 2689 3515 2769 κόσμου
3588 2695 3782 2755 τούτου,

2219 2793 2356 2865 πρὸς
2405 2791 2474 2846 τὰ
2522 2787 2868 2863 πνευματικά
2900 2791 3000 2862 τῆς
3033 2791 3300 2862 πονηρίας
3329 2793 3389 2844 ὲν
3431 2792 3547 2852 τοῖς
3577 2788 3788 2857 ἐπουραα

2220 2885 2371 2948 νίοιςε
2411 2904 2430 2938 ι
2467 2879 2635 2940 Abeat
2669 2883 2778 2956 γὰρ
2805 2885 2862 2938 αἱ
2889 2883 3170 2954 δυνάμεις,
3193 2883 3250 2936 αἳ
3292 2882 3390 2937 τὸν
3419 2881 3603 2952 ἀέριον
3629 2877 3788 2956 χῶραν

2219 2976 2650 3048 διακατέχονται,
2685 2955 2944 3047 δυνάμεις
2973 2975 3217 3050 οὐρανῶν
3249 2974 3532 3046 εἴρηνται·
3567 2969 3682 3023 ἐπεὶ
3709 2955 3792 3022 καὶ

2219 3068 2290 3124 τὰ
2319 3070 2386 3124 δι’
2426 3071 2586 3142 ἀέρος
2614 3067 2891 3141 φερόμενα
2949 3067 3171 3122 πετεινά
3203 3065 3444 3140 οὐρανοῦ
3477 3064 3661 3120 καλεῖν
3687 3061 3794 3114 sima

2220 3161 2310 3216 θεν
2335 3165 2368 3234 ἡ
2396 3162 2518 3216 θεία
2541 3161 2734 3233 Γραφὴ
2779 3159 3012 3230 λέγουσα
3031 3203 3046 3224 ,
3085 3178 3102 3210 ι
3135 3158 3216 3212 Τά
3245 3159 3476 3212 πετεινά
3507 3155 3601 3210 τοῦ
3650 3153 3794 3224 ούρα-

2215 3257 2306 3309 νοῦ
2330 3255 2572 3318 καὶτοὺς
2606 3253 2792 3325 ίχθύας
2819 3253 2918 3324 τῆς
2947 3253 3244 3324 Θαλάσσης.
3293 3271 3313 3304 ι
3351 3251 3450 3322 Μὴ
3485 3249 3728 3320 κείμενον
3747 3243 3798 3298 at

2214 3349 2272 3402 ὲν
2302 3350 2368 3417 τῇ
2396 3345 2506 3400 τῶν
2544 3346 2948 3418 Ἐδδομήκοντα
2991 3345 3258 3416 ἑρμηνείᾳ
3285 3343 3372 3408 τὸ,
3414 3363 3433 3395 ι
3489 3341 3602 3396 Καὶ
3645 3338 3798 3406 rexi;-

2217 3456 2397 3494 σονται
2453 3440 2626 3494 πᾶσαι
2689 3439 2748 3492 αἱ
2803 3437 3063 3508 δυνάμεις
3117 3437 3226 3490 τῶν
3275 3435 3555 3508 οὐρανῶν,
3598 3453 3618 3484 ι
3677 3427 3802 3502 μετά

2217 3531 2560 3603 ἀστερίσκων
2617 3531 2682 3584 ὲκ
2731 3531 2830 3601 τῆς
2868 3531 2975 3584 τῶν
3021 3529 3222 3582 λοιπῶν
3271 3521 3584 3602 ἑρμηνείας
3645 3539 3800 3595 προσ-

2221 3623 2403 3694 ετέθη.
2459 3622 2614 3676 Ἐπεὶ
2664 3619 2723 3673 δὲ
2758 3621 2926 3692 ἐχρῆν
2981 3621 3130 3690 ἡμᾶς
3183 3617 3393 3688 γνῶναι
3461 3617 3595 3671 πότε
3643 3611 3805 3668 ταῦτα

2216 3715 2370 3770 ἔσται
2398 3755 2412 3776 ,
2478 3715 2573 3768 καὶ
2625 3712 2784 3766 τοῦτο
2851 3712 3090 3766 διδάσκει
3147 3713 3176 3766 ὁ
3232 3711 3584 3784 προφητικὸς
3639 3708 3800 3774 λόγος,

2217 3808 2491 3880 παριστὰς
2513 3849 2528 3874 ,
2577 3807 2652 3872 ὡς
2713 3807 2850 3878 μετά
2917 3806 3015 3876 τὴν
3086 3804 3402 3858 συντέλειαν
3465 3801 3564 3857 τοῦ
3611 3800 3805 3868 κόσμου

2216 3902 2404 3958 τούτου
2459 3905 2748 3973 γενήσεται
2790 3901 2858 3954 τὰ
2924 3897 3307 3970 προλεχθέντα.
3365 3897 3464 3950 Διὸ
3516 3893 3792 3964 ἐπιφέρει·

2221 4013 2240 4046 ι
2276 3995 2385 4048 Καὶ
2419 3993 2753 4064 εἱλιγήσεται
2777 3992 2853 4054 ὡς
2878 3991 3082 4061 βιϐλίον
3133 3993 3162 4044 ὁ
3209 3991 3474 4062 οὐρανὸς,
3510 3987 3608 4043 καὶ
3641 3984 3808 4038 πάντα

2217 4087 2284 4140 τὰ
2331 4086 2510 4158 ἄστρα
2534 4087 2801 4148 πεσεῖται,
2841 4083 2916 4147 ῶς
2949 4082 3122 4152 φύλλα
3149 4081 3210 4148 ἐξ
3259 4081 3544 4152 ἀμπέλου,
3599 4077 3692 4132 καὶ
3739 4075 3808 4138 ὡς

2217 4180 2406 4232 πίπτει
2431 4178 2604 4248 φύλλα
2635 4176 2744 4232 ἀπὸ
2771 4176 2962 4248 συκῆς.
3009 4195 3027 4226 ι
3063 4175 3172 4228 Καὶ
3225 4176 3254 4226 ὁ
3289 4175 3492 4247 Σωτὴρ
3523 4175 3582 4228 δὲ
3623 4175 3680 4226 ἐν
3706 4169 3808 4232 τοῖς

2217 4272 2574 4341 Εὐαγγελίοις
2623 4271 2750 4342 περὶ
2787 4269 2890 4340 τῆς
2924 4267 3231 4330 συντελείας
3267 4268 3562 4338 παραδοὺς
3595 4267 3806 4332 ἔλεγενο

2223 4383 2244 4416 ι
2271 4365 2378 4416 Καὶ
2407 4365 2455 4416 οἱ
2478 4360 2706 4432 ἀστέρες
2739 4357 3030 4412 πεσοῦνται
3058 4359 3122 4410 ἐκ
3165 4355 3258 4410 τοῦ
3296 4355 3567 4427 οὐρανοῦ,
3625 4354 3716 4408 καὶ
3757 4349 3810 4404 αἱ

2217 4453 2472 4523 δυνάμεις
2495 4449 2604 4503 τῶν
2625 4446 2870 4520 οὐρανῶν
2897 4445 3342 4516 σαλευθήσονται,
3369 4446 3471 4498 καὶ
3501 4445 3628 4498 τότε
3651 4441 3813 4514 φανή-

539 4595 559 4624 ι
603 4573 667 4628 Et
683 4529 864 4627 omnis
887 4563 1159 4622 exercitus
1185 4573 1373 4613 eorum
1405 4553 1624 4614 defluet,
1647 4550 1786 4604 sicut
1814 4544 2000 4600 deﬂuit
2029 4542 2115 4598 fo-

2222 4559 2373 4598 σεται
2405 4543 2464 4596 τὸ
2501 4542 2726 4611 σημεῖον
2746 4538 2840 4592 τοῦ
2871 4537 3002 4592 Υἱοῦ
3031 4535 3123 4590 τοῦ
3147 4535 3444 4608 ἀνθρώπου
3463 4535 3527 4588 ὲν
3555 4529 3636 4606 τῷ
3665 4533 3815 4604 οὐρα-

533 4669 666 4722 liutn
695 4679 726 4719 a
756 4663 890 4724 vite,
922 4669 976 4714 et
1005 4666 1266 4724 tanquam
1297 4645 1534 4716 id,quod
1571 4643 1839 4697 delabitur
1861 4653 1890 4690 a
1913 4637 2018 4690 licu
2043 4650 2060 4699 ;
2091 4651 2110 4685 ι

533 4761 831 4816 secundum
862 4748 1250 4822 Symmachum
1299 4751 1478 4796 autem
1507 4779 1522 4802 ,
1567 4754 1585 4786 ι
1631 4735 1697 4788 Et
1723 4731 1900 4786 omnis
1941 4729 2114 4782 virtus

531 4851 652 4920 ejus
681 4849 862 4908 cadet,
894 4820 1036 4900 sicut
1057 4840 1204 4896 cadit
1239 4836 1427 4890 folium
1454 4848 1482 4886 a
1515 4831 1624 4884 vite
1653 4868 1668 4890 ,
1700 4835 1756 4880 et
1780 4835 2033 4894 tanquam
2059 4820 2110 4874 id

533 4917 680 5014 quod
703 4941 910 4996 decidit
943 4953 974 4990 a
1009 4937 1132 4990 ficu.
1178 4950 1198 4983 ι
1235 4929 1360 4984 Ilaec
1385 4939 1547 4995 porro
1570 4917 1979 4978 observavimus
2008 4953 2023 4978 ,
2055 4919 2114 4964 ut

533 4995 948 5090 dstenderemus
1007 5041 1094 5092 ea,
1123 5039 1244 5094 qua:
1276 5039 1304 5074 a
1357 5017 1496 5074 LXX
1542 5010 1933 5082 Interpretibus
1968 5016 2114 5062 astra
2149 4995 2156 5003 ’

537 5129 817 5192 dicuntur,
847 5121 986 5193 apud
1019 5119 1256 5186 reliquos
1301 5116 1628 5180 interpretes
1683 5107 1914 5160 virtutes
1947 5099 2114 5156 coelo-

535 5235 660 5277 rum
691 5192 899 5273 vocari.
935 5213 1068 5280 Quae
1097 5211 1351 5269 virtutes,
1385 5205 1486 5260 nisi
1525 5203 1592 5256 de
1623 5199 1819 5269 quibus
1851 5193 2009 5248 modo
2034 5192 2116 5245 di-

537 5327 688 5369 ctum
719 5309 848 5366 est?
877 5306 971 5361 Ha:
999 5304 1163 5374 igitur
1196 5302 1328 5370 ipsae
1353 5337 1368 5363 ,
1396 5298 1537 5352 sicut
1560 5294 1688 5348 folia
1716 5293 1782 5345 de
1811 5289 1941 5348 vite.
1969 5285 2116 5354 judi-

535 5407 607 5462 cii
651 5415 898 5471 tempore
921 5397 1120 5454 cadere
1149 5394 1427 5454 dicuntur,
1453 5401 1560 5459 quo
1591 5385 1792 5442 ctelum
1822 5379 2118 5453 plicabitur

535 5499 694 5570 quasi
735 5469 895 5550 liber.
925 5490 1028 5546 Hic
1055 5501 1186 5542 vero
1215 5483 1512 5539 notandum
1537 5489 1650 5544 est,
1685 5493 1793 5532 non
1824 5469 2124 5542 corruptio-

535 5610 686 5659 nem,
716 5606 823 5645 nuu
847 5585 1069 5642 exitium
1097 5622 1110 5647 ,
1153 5595 1258 5634 non
1287 5573 1718 5632 destructionem
1741 5567 2004 5624 caelorum
2032 5561 2119 5616 his

2219 4636 2315 4706 νῷ.
2351 4654 2370 4686 ι
2403 4635 2460 4687 ’0
2497 4635 2594 4706 μὲν
2639 4631 2891 4694 Ἀκύλας,
2923 4650 2942 4682 ι
2997 4629 3106 4683 Καὶ
3153 4630 3304 4680 πᾶσα
3351 4627 3601 4698 στρατιὰ
3645 4623 3816 4680 αὐτῶν

2217 4726 2569 4798 ἀποῤῥεύσει,
2589 4721 2662 4788 ὡς
2691 4725 2923 4794 ἁπορρεῖ
2955 4720 3152 4789 φύλλον
3173 4717 3281 4772 ἀπὸ
3307 4719 3596 4788 ἀμπέλου,
3629 4717 3722 4770 καὶ
3748 4713 3818 4774 ὡς

2217 4822 2528 4890 ἁπόπτωμα
2581 4816 2686 4870 ἀπὸ
2745 4813 2947 4885 συκῆς·
3011 4833 3028 4863 ›
3065 4813 3204 4866 κατὰ
3247 4811 3303 4864 δὲ
3347 4809 3446 4864 τὸν
3501 4809 3820 4881 Σύμμαχον,

2223 4930 2241 4960 ι
2281 4909 2390 4963 Καὶ
2424 4909 2638 4978 πᾶσαή
2691 4905 2920 4976 δύναμις
2951 4903 3114 4957 αὐτοῦ
3165 4905 3436 4966 πεσεῖται,
3496 4901 3578 4964 ὡς
3633 4901 3820 4952 πίπτει

2219 5003 2416 5072 φύλλον
2447 4999 2558 5054 ἀπὸ
2580 4993 2844 5070 ἀμπέλου,
2881 4997 2972 5050 καὶ
2991 4997 3065 5058 ὡς
3093 4993 3404 5064 ἀπόπτωμα
3435 4995 3556 5047 ἀπὸ
3595 4992 3820 5060 συκῆς.»

2223 5096 2526 5164 Τετήρηται
2563 5091 2618 5143 δὲ
2655 5090 2825 5142 ταῦτα
2856 5091 3006 5160 ἡμῖν,
3041 5089 3118 5150 εἰς
3149 5087 3210 5138 τὸ
3230 5083 3421 5149 δεῖξαι,
3447 5087 3539 5138 ὅτι
3575 5086 3648 5138 τὰ
3681 5079 3826 5151 παρὰ

2218 5191 2330 5250 τοῖς
2359 5185 2759 5256 Ἐϐδομήκοντα
2791 5182 3052 5254 εἰρημένα
3081 5181 3255 5250 ἄστρα
3283 5179 3436 5249 παρὰ
3467 5182 3592 5241 τοῖς
3621 5177 3827 5235 λοιποῖς

2226 5279 2588 5352 ὲρμηνευταῖς
2641 5275 2897 5345 δυνάμεις
2955 5272 3050 5325 τοῦ
3108 5269 3338 5342 οὖροινοῦ
3387 5268 3827 5340 ὠνομάσθησαν.

2226 5373 2381 5425 Ποῑαι
2411 5370 2466 5422 δὲ
2495 5367 2770 5438 δυνάμεις,
2796 5359 2828 5436 ἢ
2857 5366 2983 5435 περὶ
3013 5356 3087 5415 ὧν
3119 5361 3320 5433 ἀρτίως
3352 5359 3585 5428 ἐλέγετο
3605 5376 3622 5424 ;
3643 5355 3832 5412 Ταῦτα

2220 5459 2312 5516 οὖν
2341 5460 2480 5514 αὐτὰ
2523 5459 2597 5522 ὡς
2631 5456 2805 5528 φύλλα
2854 5454 2912 5519 ἐξ
2964 5451 3209 5525 ἀμπέλου
3258 5447 3560 5503 πεσεῖσθαι
3613 5449 3832 5520 εἴρηται

2221 5553 2362 5606 κατὰ
2399 5551 2490 5604 τὸν
2528 5549 2625 5620 τῆς
2661 5546 2892 5618 κρίσεως
2929 5543 3140 5614 καιρὸν,
3193 5541 3314 5596 καθ’
3359 5540 3416 5594 ὃν
3477 5539 3832 5610 εἱλιγήσεται

612 5839 878 5912 "Ephes.
915 5849 990 5902 vt,
1023 5805 1105 5888 f2.
1205 5831 1268 5863 ⁵⁵³·
1311 5824 1451 5880 Psan.
1499 5835 1620 5884 vm,
1677 5817 1730 5870 9.
1813 5815 1858 5846 ³⁸
1912 5809 2094 5868 )latth.
2149 5819 2300 5869 nrv,
2353 5799 2441 5855 ‘29.
