4158 6402
489 355 599 412 3'55

1166 349 1431 412 EUSEBII
1466 349 1945 413 CESARIENSIS
1983 353 2133 414 OPP.
2169 355 2350 415 PARS
2389 357 2474 414 ΙῐΙ.
2511 391 2580 402 -
2615 360 3030 419 EXEGETICA.

3626 367 3738 424 356

491 481 600 530 tur,
645 485 666 519 ι
697 465 958 522 Midiercs
980 465 1191 534 divites,
1229 466 1523 538 exsurgite,
1565 465 1676 523 diei
1702 469 1826 524 anni
1860 483 2062 524 memo-

2168 469 2380 540 ἐλέγετο
2395 473 2476 537 τὸ,
2500 490 2518 524 t
2543 474 2803 538 Γυναῖκες
2824 475 3092 540 πλούσιαι,
3115 476 3631 550 ἀνάστητε,ήμέρας
3643 484 3744 538 ἐνι-

486 561 630 617 riam
667 560 829 614 facite
868 561 922 613 in
949 559 1136 614 dolore
1164 573 1286 614 cum
1322 574 1441 628 spe.
1481 579 1501 613 ι
1531 560 1666 628 Quis
1711 561 1784 616 sit
1828 561 1918 616 ille
1966 577 2062 616 an-

490 665 635 717 nus,
683 665 793 719 quo
824 665 948 704 cum
1001 647 1186 704 dolore
1213 647 1490 721 planctum
1517 653 1683 708 edere
1719 650 1912 722 jubet,
1947 653 2066 709 haec

437 805 444 816 κ
488 743 773 812 pr0phetia
799 740 1040 796 declarat
1066 740 1153 796 his
1181 741 1380 802 verbis.
1418 761 1437 793 ‹
1482 740 1692 798 Vocare
1729 759 1932 799 annum
1960 745 2064 800 Do-

490 833 623 886 mini
657 831 1044 900 acceptabilem
1073 871 1090 896 ,
1119 839 1178 886 et
1207 832 1348 887 diem
1381 833 1757 890 retrilmtionis
1807 834 1916 890 Deo
1968 850 2065 890 uo-

489 932 606 978 stro
633 962 648 987 ,
703 923 972 978 consolari
1023 938 1218 980 omnes
1266 923 1510 995 lugentes
1537 966 1555 992 ,
1591 925 1721 980 dare
1754 926 2064 995 lugentibus

489 1014 620 1070 Sion
645 1013 895 1085 gloriam.
935 1031 955 1066 ι
991 1012 1180 1069 Viden’
1211 1029 1319 1084 quo
1351 1030 1516 1070 sensu
1548 1015 1638 1072 hic
1665 1015 1940 1083 dicatur,t
1969 1033 2066 1073 an-

489 1120 592 1160 nus
631 1105 844 1162 Domini
872 1145 890 1171 ,
917 1113 976 1160 et
999 1104 1115 1160 dies
1143 1107 1566 1174 retributionis;
1603 1126 1622 1161 »
1672 1109 1746 1164 ita
1795 1119 1855 1164 ut
1886 1111 2063 1166 simile

488 1199 564 1254 sit
587 1196 718 1252 illud
745 1197 849 1253 hoc
876 1197 1022 1252 dicto
1046 1240 1061 1264 ,
1099 1215 1118 1249 t
1155 1197 1282 1253 Dies
1309 1200 1454 1254 enim
1479 1197 1674 1268 judicii
1707 1200 1860 1258 Sion.
1903 1219 1921 1254 ι
1953 1200 2062 1256 Ita-

490 1301 599 1356 que
631 1285 775 1342 idem
806 1287 920 1357 ipse
950 1301 1148 1352 annus,
1176 1289 1366 1342 eadem
1397 1289 1509 1356 ipsa
1530 1289 1648 1345 dies
1676 1302 1780 1357 est,
1807 1308 1911 1361 qua
1939 1307 2066 1362 pau-

489 1390 651 1445 peres
681 1376 1148 1447 evangelizantur,
1181 1376 1429 1446 lugentes
1476 1379 1606 1433 Sion
1639 1382 2062 1438 consolationem

489 1467 763 1536 accipiunt
790 1467 842 1520 iu
874 1467 1077 1522 Christi
1109 1468 1344 1522 adventu
1374 1508 1388 1531 ,
1442 1469 1695 1524 mulieres
1739 1471 1843 1526 illa:
1868 1473 2064 1529 divites

487 1561 554 1613 ad
586 1559 864 1628 planctum
890 1569 1215 1626 evocantur,
1247 1570 1304 1616 et
1331 1575 1451 1629 qua:
1479 1561 1580 1616 hoc
1613 1563 1664 1616 in
1694 1567 1812 1618 loco
1841 1565 1907 1618 de
1932 1563 2062 1620 Sion

486 1651 872 1716 enuntiantur,
909 1651 1093 1705 futura
1125 1661 1272 1706 sunt.
1302 1649 1431 1706 Haec
1459 1666 1622 1721 porro
1643 1655 1826 1708 omnia
1861 1655 1912 1708 in
1943 1654 2066 1709 Sal-

485 1742 694 1798 vatoris
740 1742 910 1798 nostri
957 1741 1085 1797 Jesu
1133 1742 1336 1798 Christi
1385 1746 1615 1812 adventu
1680 1747 2061 1816 implebantur,

2163 563 2324 618 αυτοῦ
2345 565 2532 637 μνείαν
2553 566 2852 639 ποιήσασθε
2867 568 2924 622 ἐν
2938 567 3098 641 ὀδύνῃ
3124 570 3241 640 μετ’
3259 569 3490 633 ἐλπίδος.
3505 571 3627 635 »Τίς
3649 571 3743 628 οὖν

2160 646 2227 723 ἦν
2241 644 2396 716 οὗτος
2407 655 2439 706 6
2454 653 2720 719 ἐνιαυτὸς,
2743 655 2826 724 ἐφ’
2901 656 3066 710 κόπτε
3075 656 3196 710 σθαι
3219 655 3336 728 μετ’
3353 657 3545 730 ὀδύνης
3570 679 3742 732 προσ-

2161 740 2365 806 τάττει,
2398 743 2432 812 ή
2469 743 2718 813 παροῦσα
2751 745 3056 816 προφητεία
3091 745 3386 816 παρίστησι
3415 745 3647 815 λέγουσα
3675 752 3746 804 τά

2160 833 2512 904 προκείμενα’
2527 854 2544 885 ι
2557 835 2797 889 Καλέσαι
2809 836 3050 890 ἐνιαυτὸν
3061 837 3265 908 Κυρίου
3275 837 3482 905 δεκτὸν,
3497 841 3591 892 καὶ
3605 841 3746 911 ἠμέ-

2165 941 2261 995 ραν
2275 925 2679 990 ἀνταποδόσεως
2699 927 2777 998 τῷ
2792 926 2911 998 Θεῷ
2925 928 2959 998 ή
2966 928 3102 998 μῶν,
3129 929 3507 1000 παρακαλέσαι
3535 931 3748 996 πάντας

2159 1018 2286 1082 τοὺς
2316 1018 2666 1084 πενθοῦντας,
2691 1018 2908 1090 δοθῆναι
2936 1023 3048 1083 τοῖς
3083 1020 3338 1074 πενθοῦσι
3366 1020 3505 1075 Σιὼν
3524 1023 3734 1089 δόξαν.»

2173 1109 2336 1179 Ὁρᾷς
2353 1110 2500 1172 ὅπως
2515 1111 2572 1163 ἐν
2585 1109 2794 1173 τούτοις
2814 1128 2832 1161 t
2856 1110 3096 1174 ἐνιαυτὸς
3114 1111 3316 1182 Κυρίου
3329 1130 3347 1163 ι
3368 1113 3603 1186 εἴρηται,
3621 1134 3638 1164 t
3651 1116 3746 1167 xui.

2162 1202 2346 1275 ἡμέρα
2361 1202 2784 1266 ἁνταποδόσεως,
2805 1222 2824 1255 ι
2839 1203 2914 1265 ὡς
2926 1204 3108 1273 ὅμοιον
3121 1205 3362 1276 τυγχάνῃ
3376 1204 3475 1275 τῷ,
3493 1225 3511 1257 t
3533 1207 3744 1277 Ἡμέρα

2161 1294 2270 1365 γάρ
2294 1296 2526 1365 κρίσεως
2554 1293 2711 1348 Σιών.
2736 1314 2752 1345 ι
2787 1295 2994 1349 Οὐκοῦν
3025 1289 3104 1360 εἷς
3135 1298 3229 1350 καὶ
3259 1298 3287 1349 ό
3311 1298 3470 1362 αὐτὸς
3498 1298 3742 1364 ἐνιαυτὸς

2161 1387 2440 1458 τυγχάνει,
2475 1387 2568 1441 καὶ
2620 1387 2719 1458 μία
2766 1387 2861 1441 καὶ
2909 1389 2944 1460 ἡ
2989 1388 3128 1459 αύτὴ
3158 1389 3362 1459 ἡμέρα,
3393 1388 3521 1444 καθ’
3567 1390 3635 1461 ἦν
3685 1391 3741 1444 οἰ

2163 1481 2370 1551 πτωχοὶ
2401 1477 2861 1548 εὐαγγελίζονται,
2909 1478 2962 1531 οἴ
3007 1495 3065 1532 τε
3113 1478 3437 1544 πενθοῦντες
3467 1481 3567 1552 τὴν
3601 1479 3742 1533 Σιὼν

2163 1571 2608 1645 παρακαλοῦνται
2637 1571 2729 1624 ἐπὶ
2760 1573 2825 1642 τῇ
2856 1570 3092 1641 Χριστοῦ
3123 1571 3414 1644 παρουσίᾳ,
3439 1572 3532 1624 καὶ
3562 1572 3618 1624 αί
3648 1572 3737 1624 λε-

2163 1666 2392 1737 γόμεναι
2441 1663 2694 1718 πλούσιαι
2723 1663 2980 1732 γυναῖκες
3001 1664 3094 1716 ἐπὶ
3121 1663 3211 1717 τὸν
3238 1661 3466 1717 κοπετὸν
3515 1661 3741 1715 καλοῦν⁶

2165 1776 2274 1824 ται,
2300 1759 2393 1811 καὶ
2421 1756 2487 1810 τά
2522 1756 2789 1826 λεγόμενα
2819 1756 2907 1810 διὰ
2929 1756 3035 1810 τῶν
3087 1757 3464 1827 προκειμένων
3496 1759 3562 1827 τῇ
3604 1755 3744 1809 Σιὼν

488 1836 706 1905 quando
733 1835 770 1890 ii
805 1837 896 1904 qui
928 1834 980 1889 in
1015 1837 1190 1904 ipsum
1217 1835 1586 1902 crediderant,
1615 1848 1664 1893 et
1694 1840 1925 1908 gratiam
1947 1842 2065 1911 ejus

2168 1821 2485 1905 ἀποϐαίνειν
2545 1821 2765 1920 ἤμελλε.
2806 1846 2990 1900 Ταῦτα
3037 1846 3095 1899 δέ
3132 1821 3322 1900 ⁷πάντά
3379 1847 3473 1900 ἐπὶ
3503 1821 3600 1918 τῆς
3645 1841 3741 1900 τοῦ

489 1936 868 1997 susceperant,
896 1928 1119 1996 optimis
1157 1927 1263 1982 illis
1291 1927 1776 1996 pollicitationibus
1804 1932 2063 1989 frueban-

2170 1943 2421 2013 Σωτῆρος
2435 1941 2591 2011 ἡμῶν
2618 1938 2793 2011 Ἰησοῦ
2825 1936 3062 2010 Χριστοῦ
3082 1937 3386 2008 παρουσίας
3417 1936 3742 2009 ἐπληροῦτο,

491 2033 580 2078 tur
610 2041 624 2076 :
657 2023 749 2092 qui
780 2036 906 2076 vero
935 2036 1056 2075 sese
1081 2036 1109 2074 a
1154 2021 1328 2091 gratia
1371 2020 1489 2088 ejus
1539 2033 2022 2091 sequestraverant
2045 2067 2060 2091 ,

2168 2033 2288 2088 καθ’
2313 2035 2380 2104 ἣν
2405 2036 2452 2086 οἱ
2491 2035 2587 2104 μὲν
2629 2035 2709 2097 εἰς
2749 2032 2911 2085 αὐτὸν
2937 2029 3382 2094 πεπιστευκότες,
3411 2033 3505 2084 καὶ
3529 2029 3626 2102 τὴν
3647 2029 3744 2100 χά-

488 2117 557 2170 ab
584 2117 731 2170 omni
763 2129 859 2185 spe
888 2114 1027 2168 bona
1055 2113 1190 2181 l'apsi
1220 2152 1234 2178 ,
1274 2114 1578 2169 tristiorum
1609 2117 2064 2176 comminationes

2170 2143 2255 2198 ριν
2286 2125 2384 2198 τὴν
2409 2126 2474 2178 δι’
2497 2126 2662 2180 αὐτοῦ
2707 2122 3190 2194 παραδεδεγμένοι,
3223 2121 3330 2176 τῶν
3362 2121 3745 2194 χρηστοτέρων

484 2209 791 2264 subierunt.
843 2208 908 2263 Et
953 2223 1083 2263 sane
1133 2208 1248 2276 ipsa
1278 2222 1465 2262 eorum
1493 2209 1784 2278 conspicua
1815 2220 1871 2265 et
1916 2214 2062 2282 regia

2169 2219 2514 2288 ἐπαγγελιῶν
2545 2218 2822 2290 ἀπήλαυον
2845 2231 2859 2245 ·
2888 2216 2938 2268 οἱ
2959 2214 3017 2268 δέ
3045 2214 3357 2286 ἀλλοτρίους
3381 2214 3608 2277 ἑαυτοὺς
3638 2231 3742 2268 κα-

483 2301 698 2369 civitas,
730 2317 793 2356 ea
825 2301 939 2376 ipsa
965 2300 1226 2370 pertulit,
1251 2314 1372 2370 qua:
1393 2312 1637 2369 praesens
1658 2301 1941 2372 prophetia
1971 2317 2062 2356 va-

483 2395 711 2449 ticinata
721 2410 767 2448 r.

2168 2312 2540 2382 ταστήσαντες
2577 2311 2676 2381 τῆς
2731 2306 2895 2361 αὐτοῦ
2942 2306 3186 2376 χάριτος,
3217 2305 3395 2376 πάσης
3416 2296 3622 2376 ἀγαθῆς
3656 2305 3712 2358 ἐ›

2167 2401 2321 2464 πίδος
2358 2399 2748 2462 ἀποπεσόντες,
2776 2399 2897 2460 ταῖς
2924 2395 3034 2449 τῶν
3073 2395 3538 2467 σκυθρωποτέρων
3580 2395 3743 2449 ἄπει-

484 2489 606 2554 λαῖς
643 2488 1125 2543 ὑποπεπτώκασιν.
1168 2488 1278 2541 Καὶ
1322 2486 1459 2558 αὑτὴ
1494 2486 1551 2540 δὲ
1579 2488 1760 2546 αὐτῶν
1781 2491 1816 2561 ἡ
1843 2492 2015 2565 σεμνὴ
2041 2494 2135 2548 καὶ
2175 2494 2427 2566 βασιλικὴ
2455 2494 2610 2558 πόλις
2653 2491 2873 2547 τοιαῦτα
2922 2489 3210 2558 πέπονθεν,
3242 2491 3399 2544 ὁποῖα
3431 2489 3675 2553 θεσπίζει
3703 2491 3742 2560 ὴ

482 2584 734 2657 παροῦσα
761 2582 1084 2656 προφητεία.

558 2679 724 2734 Vnus.
754 2679 809 2734 9.
851 2695 872 2728 ι
912 2675 978 2730 Et
1007 2685 1290 2730 vertentur
1346 2675 1514 2730 valles
1568 2674 1686 2745 ejus
1736 2677 1790 2730 in
1841 2678 2016 2748 picem
2045 2719 2060 2745 ,
2093 2701 2095 2703 ί

479 2781 534 2828 et
579 2783 727 2827 terra
775 2768 895 2840 ejus
950 2769 1004 2822 in
1057 2767 1305 2838 sulphur.
1369 2767 1435 2821 Et
1485 2768 1591 2822 erit
1650 2776 1794 2823 terra
1845 2771 1964 2840 ejus
2006 2781 2068 2826 ut

481 2866 576 2936 pix
621 2861 824 2918 ardens
878 2871 1039 2916 nocte
1089 2870 1145 2915 et
1199 2861 1308 2914 die.
1367 2877 1387 2912 ι
1445 2859 1612 2926 Queis
1663 2861 1810 2918 clare
1856 2865 2065 2918 denun-

479 2955 588 3010 tiat
619 2961 924 3008 extremam
958 2953 1267 3006 vastitatem
1315 2961 1370 3006 et
1417 2951 1537 3007 loco
1568 2962 1621 3008 et
1652 2955 1796 3024 genti
1828 2955 2068 3013 inferen-

485 3047 634 3098 dam.

2249 2696 2266 2729 t
2291 2676 2400 2730 Καὶ
2423 2674 2821 2747 στραφήσονται
2842 2672 2897 2723 αἱ
2920 2669 3202 2742 φάραγγες
3224 2666 3394 2736 αὐτῆς
3416 2667 3495 2729 εἰς
3520 2665 3743 2729 πίσσαν,

2172 2772 2267 2826 καὶ
2294 2772 2328 2841 ἡ
2357 2768 2431 2839 γῆ
2453 2767 2625 2836 αὐτῆς
2663 2767 2744 2828 εἰς
2782 2764 2944 2817 θεῖον.
2980 2762 3088 2815 Καὶ
3116 2761 3268 2813 ἔσται
3294 2761 3328 2831 ἡ
3365 2759 3438 2830 γῆ
3471 2757 3639 2826 αὐτῆς
3666 2756 3745 2820 ὡς

2173 2863 2342 2917 πίσσα
2373 2859 2636 2931 καιομένη
2654 2857 2845 2921 νυκτὸς
2883 2854 2977 2909 καὶ⁵
3006 2853 3242 2925 ἡμέρας.
3278 2871 3296 2903 ι
3335 2851 3412 2903 Δι’
3448 2843 3522 2902 ὧν
3560 2848 3748 2917 σαφῶς

2171 2959 2200 3011 6
2228 2957 2384 3024 λόγος
2415 2950 2741 3022 παρίστησιν
2780 2946 3014 3017 ἐσχάτην
3052 2942 3287 3014 ἐρημίαν
3338 2936 3744 3010 καταλήψεσθα.

2171 3048 2263 3103 τόν
2289 3064 2352 3100 τε
2375 3044 2541 3098 τόπον
2569 3042 2663 3096 καὶ
2687 3040 2748 3094 τὸ
2777 3039 2945 3102 ἔθνος.

557 3133 724 3189 Vnus.
752 3134 841 3190 10.
890 3153 909 3186 t
944 3135 1010 3189 Et
1054 3151 1161 3190 non
1213 3136 1590 3207 exstinguetur
1636 3138 1692 3194 in
1743 3151 2064 3212 perpetuum

2243 3155 2262 3188 t
2303 3134 2414 3190 Kal.
2443 3133 2503 3186 ού
2539 3129 2896 3200 σϐεσθήσεται
2927 3128 3008 3190 εἰς
3056 3126 3145 3178 τὸν
3201 3122 3375 3212 αἰῶνα
3405 3122 3614 3193 χρόνον,
3649 3121 3749 3174 καὶ

487 3238 702 3298 tempus
752 3245 765 3282 :
814 3237 871 3282 et
905 3227 1165 3282 ascendet
1212 3226 1394 3283 fumus
1437 3227 1554 3297 ejus
1583 3244 1797 3286 sursum
1835 3252 1849 3288 :
1888 3234 1940 3288 in
1979 3251 2071 3305 ge-

483 3319 830 3374 nerationem
890 3316 1008 3387 ejus
1059 3317 1408 3387 desolabitur,
1457 3330 1513 3376 et
1570 3321 1625 3376 in
1676 3333 1888 3394 tempus
1931 3326 2071 3382 mul-

485 3419 619 3465 tum.
649 3428 670 3462 ι
715 3407 944 3479 Signum
979 3409 1256 3480 supplicii,
1291 3413 1433 3479 quod
1477 3411 1528 3466 in
1576 3413 1843 3482 profundo
1891 3416 2068 3484 luunt,

482 3502 552 3557 iis
586 3502 678 3569 qui
715 3517 933 3556 sursum
971 3502 1135 3572 positi
1167 3512 1294 3558 sunt
1331 3505 1581 3575 prebens
1604 3507 2068 3577 conspiciendum,

482 3595 556 3648 ob
605 3594 825 3649 insitam
859 3594 966 3648 illis
1006 3594 1268 3650 malitiam
1291 3635 1308 3660 ,
1341 3611 1492 3666 qua',
1524 3596 1668 3668 quod
1704 3597 1992 3657 tenebrosa
2015 3611 2072 3656 et

481 3687 642 3755 nigra
669 3687 766 3751 sit,
801 3687 906 3756 pici
931 3697 1301 3756 comparatur.

556 3775 724 3833 Vens.
754 3781 842 3833 Η.
881 3798 901 3830 ι
925 3782 1085 3844 Aves,
1111 3791 1168 3836 et
1205 3778 1378 3844 ericii,
1414 3790 1472 3834 et
1497 3780 1616 3836 ibes
1645 3789 1700 3837 et
1734 3782 1879 3837 corvi
1915 3781 2070 3838 habi-

479 3871 682 3926 tabunt
736 3871 790 3926 in
836 3887 950 3926 ea:
996 3883 1051 3928 et
1098 3873 1371 3942 injicietur
1417 3888 1579 3942 super
1625 3889 1746 3929 eam
1799 3873 2092 3936 funiculus,

481 3965 802 4034 geometria:
854 3964 1080 4028 deserti,
1137 3975 1192 4018 et
1241 3965 1591 4020 onocentauri
1645 3964 1969 4020 habitabant
2015 3966 2068 4020 in

479 4068 612 4108 ea.»
666 4053 762 4108 llis
811 4053 1058 4124 impnras
1093 4055 1306 4110 animas
1339 4055 1631 4124 signiﬁcat,
1681 4056 1873 4125 quales
1914 4065 2071 4110 erant

483 4159 682 4198 eorum
738 4143 974 4207 animae,
1031 4145 1126 4214 qui
1180 4160 1246 4201 ex
1307 4145 1625 4213 alienigenis
1677 4154 1732 4200 et
1790 4145 2070 4201 extraneis

480 4233 742 4302 gentibus
791 4248 857 4289 eo
913 4235 967 4289 in
1025 4235 1142 4290 loco
1188 4244 1370 4305 postea
1414 4235 1773 4303 habitarunt,
1805 4236 2068 4292 idolorum

481 4323 744 4379 cultores.

2169 3227 2500 3299 ἀναϐήσεται
2524 3225 2553 3277 6
2579 3222 2785 3286 καπνὸς
2813 3221 2983 3290 αὐτῆς
3035 3220 3146 3274 ἀνω
3165 3234 3178 3247 ·
3221 3219 3300 3281 εἰς
3336 3216 3526 3286 γενεάν
3572 3214 3742 3282 αὐτῆς

2171 3319 2617 3393 ἐρημωθήσεται,
2671 3316 2767 3369 καὶ
2795 3314 2876 3378 εἰς
2903 3313 3095 3385 χρόνον
3132 3310 3317 3364 πολύν.
3361 3328 3379 3360 ι
3416 3308 3490 3362 Τὸ
3520 3309 3747 3378 σημεῖον

2169 3411 2269 3481 τῆς
2314 3409 2372 3462 ἐν
2418 3405 2571 3478 βάθει
2616 3403 2888 3476 τιμωρίας
2937 3400 3118 3456 αὐτῶν
3161 3401 3276 3463 τοῖς
3325 3398 3436 3452 ἄνω
3473 3395 3746 3474 παρέχων

2170 3503 2303 3576 όρᾷν
2335 3499 2423 3554 διά
2455 3500 2552 3570 τὴν
2593 3494 2957 3567 ὑποκειμένην
2993 3494 3176 3557 αὐτοῖς
3207 3491 3422 3551 κακίαν,
3457 3487 3627 3559 πίσσῃ
3657 3485 3749 3540 διά

2170 3594 2232 3647 τὸ
2260 3590 2526 3654 σκοτῶδες
2555 3587 2650 3643 καὶ
2685 3587 2855 3658 μέλαν
2877 3583 3392 3658 παραϐαλλομένην.

2238 3754 2268 3821 ι
2312 3770 2534 3841 Ὄρνεα,
2558 3767 2654 3820 καί⁵
2691 3767 2878 3836 ἐχῖνοι,
2913 3764 3005 3818 καὶ
3040 3762 3193 3827 ἴϐεις,
3226 3761 3320 3814 καὶ
3345 3761 3576 3832 κόρακες
3614 3774 3748 3812 κατ-

2170 3863 2485 3934 οικήσουσιν
2532 3861 2590 3913 ἐν
2629 3859 2803 3930 αὐτῇ·
2850 3857 2946 3910 καὶ
2989 3854 3412 3926 ἐπιϐληθήσεται
3457 3853 3542 3905 ἐπ’
3575 3851 3748 3921 αὐτὴν

2175 3955 2436 4028 σπαρτίον
2455 3951 2796 4024 γεωμετρίας
2825 3950 3052 4021 ἐρήμου,
3073 3947 3167 4000 καὶ
3187 3945 3474 3998 όνοκένταυ
3484 3960 3564 4014 ροι
3591 3942 3745 4012 οἰκή-

2175 4064 2354 4102 σουσιν
2395 4047 2454 4101 ἐν
2492 4045 2650 4116 αὐτῇ.
2703 4062 2723 4097 ι
2757 4043 2834 4096 Δι’
2858 4035 2933 4096 ὧν
2963 4039 3258 4093 αἰνίττεται
3287 4035 3466 4107 ψυχὰς
3496 4033 3749 4106 ἀκαθάρ-

2171 4157 2318 4205 τους,
2349 4141 2528 4193 όποῖαι
2551 4133 2692 4208 ἦσαν
2723 4137 2781 4189 αἱ
2821 4133 2929 4186 τῶν
2966 4130 3102 4204 μετά
3142 4129 3314 4184 ταῦτα
3348 4127 3408 4193 ἐξ
3433 4126 3750 4197 ἀλλοφύλων

2173 4233 2267 4297 καὶ
2303 4229 2604 4314 ἀλλογενῶν
2648 4227 2816 4283 ἐθνῶν
2846 4227 2940 4281 τὸν
2968 4227 3132 4280 τόπον
3157 4221 3492 4294 οἰκησάντων
3531 4219 3747 4274 εἰδωλο-

2089 4386 2092 4391 _
2283 4309 2412 4396 ρῶν.

558 4414 726 4469 Vens.
755 4415 844 4468 12.
887 4433 906 4466 ι
931 4414 1212 4486 Principes
1237 4414 1354 4484 ejus
1383 4427 1486 4470 non
1515 4424 1695 4470 erunt.
1727 4415 1903 4487 Reges
1925 4417 2067 4471 enim

2199 4403 2342 4497 ξξςυὶ
2368 4417 2625 4488 ἄρχοντες
2650 4412 2817 4484 αὐτῆς
2849 4412 2948 4465 ούκ
2976 4409 3208 4462 ἔσονται.
3257 4407 3321 4460 Οἱ
3363 4405 3470 4477 γὰρ
3502 4403 3748 4512 ’ξασιλείς

480 4515 538 4561 et
569 4520 856 4579 magnates
887 4506 1007 4576 ejus
1035 4509 1276 4564 eruntin
1311 4509 1689 4578 perditionem.
1718 4528 1738 4562 ›
1788 4511 2067 4564 Daemonas

2173 4494 2268 4562 καὶ
2328 4509 2376 4560 οἱ
2433 4506 2753 4577 μεγιστᾶνες
2803 4503 2970 4573 αὐτῆς
3017 4499 3228 4552 ἔσονται
3280 4499 3360 4561 εἰς
3406 4494 3742 4549 ἀπώλειαν-ι

483 4600 752 4666 quosdam
803 4600 1127 4666 adumbrat,
1187 4603 1280 4668 qui
1337 4602 1390 4656 in
1435 4602 1748 4659 simulacris
1796 4611 1851 4656 et
1911 4600 2086 4670 idolis.

484 4705 677 4746 corum
702 4707 803 4745 ceu
837 4693 888 4745 in
926 4691 1151 4748 latebris
1179 4694 1435 4762 agebant.

559 4781 726 4836 Vens.
752 4781 859 4847 15,
900 4783 989 4837 14.
1035 4801 1054 4834 t
1079 4783 1147 4837 Et
1189 4796 1545 4839 renascentur
1589 4785 1641 4838 in
1691 4785 1916 4840 urbibus
1949 4782 2068 4852 ejus

484 4873 706 4943 spinosa
730 4883 786 4928 et
811 4872 976 4944 ligna,
1000 4874 1138 4929 etin
1175 4876 1566 4930 munitionibus
1606 4876 1743 4946 ejus.
1799 4875 1867 4930 Et
1908 4884 2068 4931 erunt

484 4963 666 5018 cubile
705 4964 972 5030 sirenum,
1005 4975 1062 5020 et
1087 4966 1358 5021 stabulum
1378 4965 1846 5021 struthionum.Et
1879 4966 2066 5021 obvia-

484 5055 622 5108 lmnt
651 5054 928 5111 daemones
962 5058 1347 5113 euocentauris
1366 5096 1381 5122 ,
1411 5066 1466 5110 et
1494 5056 1806 5112 clamabunt
1834 5056 1971 5111 alter
1997 5056 2065 5112 ad

486 5144 742 5199 alterum.
788 5144 868 5200 lbi
910 5147 1257 5216 requiescent
1305 5147 1678 5211 onocentanri,
1727 5146 2067 5202 invenientes

486 5234 589 5290 sibi
643 5235 936 5307 requiem:
975 5256 994 5289 ι
1055 5237 1454 5292 infructuosam
1511 5253 1696 5292 eorum
1756 5235 2062 5292 doctrinam

487 5327 824 5396 signiﬁcans.
861 5327 1225 5393 Quamobrem
1257 5328 1473 5383 vineam
1499 5345 1685 5384 eorum
1717 5328 1903 5398 spinas
1929 5327 2068 5384 emi-

489 5419 628 5474 sisse
670 5433 832 5488 supra
859 5418 908 5452 “
950 5419 1267 5475 declarabat
1316 5421 1402 5475 bis
1448 5422 1649 5485 verbis,
1709 5417 2071 5488 «Exspectavi

489 5521 551 5564 ut
597 5495 972 5567 faceret'mibi
1025 5526 1225 5575 uvam,
1263 5510 1395 5566 fecit
1432 5521 1611 5566 autem
1657 5511 1904 5583 spinas.»
1964 5508 2067 5566 Ubi

491 5612 673 5659 autem
705 5603 758 5659 in
789 5604 1078 5659 animabus
1105 5615 1293 5658 eorum
1334 5612 1579 5659 extrema
1609 5603 1836 5659 vastitas
1879 5601 2064 5667 fuerit,

561 5780 603 5812 ⁸⁸
633 5779 762 5850 Cap.
797 5796 850 5847 v,
882 5782 932 5836 Ι.

2171 4598 2431 4670 δαίμονάς
2470 4615 2619 4660 τινας
2662 4596 3029 4666 αἰνιττόμενος
3066 4593 3192 4655 τοὺς
3225 4591 3282 4645 ἐν
3314 4591 3426 4652 τοῖς
3470 4587 3748 4657 ἀγάλμασι

2174 4681 2271 4762 τῆς
2299 4688 2738 4760 εἰδωλολατρείας
2763 4686 2940 4741 αὐτῶν
2968 4683 3401 4756 ἐμφωλεύοντας.

2249 4799 2268 4830 t
2297 4779 2406 4832 Καὶ
2447 4779 2748 4850 ἁναφυήσει
2771 4780 2872 4847 ,εἰς
2906 4775 3002 4840 τάς
3035 4775 3218 4847 πόλεις
3261 4772 3438 4828 αὐτῶν
3483 4767 3746 4824 ἁκάνθινα

2174 4868 2328 4937 ξύλα,
2365 4868 2458 4922 καὶ
2481 4870 2562 4932 εἰς
2587 4868 2656 4921 τά
2681 4865 3012 4939 ὀχυρώματα
3039 4865 3232 4936 αὐτῆς.
3261 4863 3373 4918 Καὶ
3399 4862 3550 4914 ἐσται
3585 4861 3749 4918 ἐπαύ-

2170 4960 2283 5026 λεις
2312 4961 2594 5034 σειρήνων,
2617 4961 2712 5014 καὶ
2732 4960 2870 5032 αὐλὴ
2898 4957 3189 5030 στρουθῶν.
3214 4955 3327 5012 Καὶ
3357 4956 3746 5028 συναντήσουσι

2171 5051 2421 5122 δαιμόνια
2460 5049 2899 5122 ὁνοκενταύροις,
2939 5050 3034 5103 καὶ
3067 5047 3352 5120 βοήσονται
3391 5047 3576 5118 ἕτερος
3608 5043 3746 5116 πρὸς

2171 5145 2262 5200 τὸν
2290 5145 2494 5216 ἕτερον.
2535 5145 2682 5199 Ἑκεῖ
2702 5143 3101 5197 ἀναπαύσονται
3131 5141 3525 5211 όνοκέντανροι,
3560 5137 3747 5220 εύρόντ

2171 5252 2262 5299 τες
2295 5235 2477 5300 αὐτοῖς
2503 5235 2808 5289 ἀνάπαυσιν
2831 5249 2844 5263 ο
2873 5253 2891 5284 ›
2917 5232 3092 5304 δηλῶν
3120 5231 3218 5294 τὰς
3249 5231 3536 5302 ἀκάρπους
3565 5229 3744 5282 αὐτῶν

2171 5327 2533 5390 διδασκαλίας.
2579 5327 2668 5380 Διὸ
2714 5325 2808 5380 καὶ
2847 5327 2936 5379 τὸν
2977 5323 3277 5396 ἀμπελῶνα
3315 5322 3493 5376 αὐτῶν
3524 5322 3611 5376 διὰ
3637 5320 3750 5374 τῶν

2179 5419 2484 5491 ἔμπροσθεν
2494 5419 2682 5491 ἐδήλου
2695 5417 2934 5472 ἄκανθαν
2946 5415 3257 5488 ἀγηοχέναι,
3269 5414 3442 5484 λέγων
3461 5429 3473 5442 ·
3485 5432 3504 5467 t
3519 5413 3750 5484 Ἕμεινα

2175 5511 2264 5564 ἵνα
2287 5511 2487 5584 ποιήσῃ
2511 5527 2599 5582 μοι
2623 5508 2917 5580 σταφυλὴν,
2941 5509 3163 5579 ἐποίησε
3181 5507 3238 5560 δὲ
3261 5505 3555 5570 ἀκάνθας.»
3587 5503 3752 5573 Ἔρη-

2177 5600 2306 5664 uia;
2333 5600 2391 5655 δὲ
2420 5600 2520 5671 τῆς
2548 5599 2785 5671 ἐσχάτης
2828 5599 2886 5653 ἐν
2911 5600 3033 5663 ταῖς
3069 5597 3268 5669 ψυχαῖς
3307 5596 3490 5652 αὐτῶν
3515 5593 3752 5667 γενομέ-
