4158 6402
444 351 551 410 557

1337 346 1846 404 ΕΟΜΜΕΝΤΑΒΙΑ
1886 345 1952 402 IN
1994 345 2250 403 ISAIAM.
2292 380 2358 390 --
2397 347 2551 403 CAP.
2594 345 2812 402 XXXV.

3603 347 3708 406 338

445 489 570 543 νης,
603 469 702 527 καὶ
737 467 1002 531 ἀκάνθαις
1043 465 1425 540 πληρωθείσης
1470 467 1649 524 αὐτῶν
1697 469 1796 540 τῆς
1832 467 2032 541 χώρας,

2143 480 2308 560 atque
2353 485 2484 541 ager
2531 471 2770 541 ipsorum
2824 469 2996 541 spinis
3039 469 3278 542 repletus
3323 471 3461 541 erit;
3510 472 3583 528 ibi
3629 486 3721 528 re-

445 564 674 627 είκότως
700 557 1082 615 ἀναπαύεσθαι
1113 560 1172 612 ἐν
1197 559 1379 622 αὐτοῖς
1408 558 1477 614 τὰ
1502 559 1787 632 πνεύματα
1808 561 1876 615 τὰ
1901 562 2037 616 ἀκά-

447 655 622 729 θαρτα
657 651 938 726 προλέγει.

523 766 542 806 ι
584 745 732 800 Ἐκεῖ
779 737 1099 798 ἐνόσσευσεν
1142 743 1347 814 ἐχῖνος,
1397 744 1492 798 καὶ
1538 743 1740 799 ἔσωσεν
1779 747 1813 818 ή
1858 747 1932 817 γῆ
1969 746 2036 800 τὰ

448 837 638 891 παιδία
681 835 851 906 αὐτῆς
912 834 1050 907 μετὰ
1097 834 1420 905 ἀσφαλείας.
1485 836 1632 890 Ἐκεῖ
1699 840 2036 909 συνήντησαν

449 928 636 996 ἔλαφοι
658 968 673 992 ,
722 927 817 980 καὶ
852 921 991 979 εἶδον
1043 925 1114 981 τά
1158 926 1428 997 πρόσωπα
1450 927 1713 1001 ἀλλήλων.
1751 947 1769 980 ι
1801 927 2036 998 Ἔλαφον

448 1018 688 1092 καθαρὸν
715 1015 853 1083 ζῶον
883 1011 1024 1071 οἶδεν
1048 1019 1081 1089 ἡ
1111 1016 1233 1072 θεία
1255 1018 1471 1090 Γραφὴ,
1501 1021 1595 1073 καὶ
1622 1019 1791 1074 πολλά
1820 1020 2036 1092 χρηστὰ

449 1110 579 1183 περὶ
625 1110 837 1180 ἐλάφων
913 1107 1170 1175 διδάσκει,
1206 1109 1282 1174 ὡς
1327 1111 1455 1164 ὅταν
1498 1110 1671 1184 λέγῃ·
1718 1131 1737 1164 ι
1768 1113 1866 1164 Ὃν
1907 1112 2034 1185 τρό-

449 1220 551 1256 πον
591 1200 845 1256 ἐπιποθεῖ
871 1202 904 1273 ἡ
934 1200 1130 1271 ἔλαφος
1153 1219 1201 1254 ο»
1234 1203 1330 1256 καὶ
1358 1201 1519 1256 πάλιν
1543 1219 1557 1233 °
1593 1222 1610 1255 ι
1635 1202 1795 1274 Φωνὴ
1828 1203 2034 1278 Κυρίου

448 1295 891 1367 καταρτιζομένη
928 1294 1192 1364 ἐλάφουςο
1219 1314 1238 1347 ι
1277 1294 1371 1349 καὶ
1406 1292 1564 1361 αὖθις
1587 1315 1600 1328 ο
1633 1316 1650 1347 ι
1680 1296 1916 1365 Ἔλαφος
1948 1313 2035 1366 φι-

448 1387 567 1452 λίας
591 1388 687 1441 καὶ
717 1387 896 1450 πῶλος
925 1386 1033 1440 σῶν
1067 1385 1302 1457 χαρίτων
1334 1388 1590 1458 ὁμιλείτω
1629 1404 1750 1442 σοι·
1784 1407 1803 1440 ι
1853 1389 1947 1442 καὶ
1977 1389 2034 1442 ἐν

446 1479 527 1552 τῷ
567 1480 722 1536 Ἰώϐ’
770 1501 790 1535 ι
825 1482 1127 1552 Ἐφύλαξας
1165 1483 1222 1536 δὲ
1261 1483 1436 1556 μῆνας
1469 1483 1714 1552 ἐλάφων,
1755 1483 1948 1546 ὠδῖνας
1977 1482 2033 1536 δὲ

449 1573 629 1627 αὐτῶν
659 1573 1056 1639 ἐξαποστελεῖς.
1081 1594 1098 1627 ι
1122 1575 1232 1629 Καὶ
1264 1575 1422 1638 αὐτὸς
1455 1573 1513 1628 δὲ
1554 1577 1583 1628 6
1608 1574 1709 1644 τῆς
1745 1575 1985 1646 νύμφης,
2003 1576 2031 1628 6

450 1666 509 1719 ἐν
545 1664 623 1736 τῷ
670 1665 910 1738 Ι’ᾼσματι
957 1667 1065 1720 τῶν
1115 1666 1394 1738 ᾀσμάτων,
1440 1669 1468 1722 6
1521 1667 1855 1737 ἀδελφιδοῦς,
1908 1667 2032 1720 ἐλά-

449 1770 536 1824 φῳ
571 1753 1004 1826 παραϐέϐληται·
1038 1774 1056 1807 ι
1085 1755 1458 1829 Ὀμοιὸςέστι
1500 1757 1716 1829 δορκάδι
1768 1756 1800 1827 ἢ
1857 1755 2033 1828 νεϐρῷ

2138 561 2320 632 quiem
2351 561 2630 619 habituros
2664 562 2907 634 impuros
2941 563 3216 620 daemonas
3242 564 3366 637 jure
3397 564 3663 636 praedicit.

2213 741 2382 796 Vens.
2436 741 2525 798 15.
2584 741 2705 798 «lbi
2754 742 3052 800 nidillcavit
3089 743 3320 810 ericius,
3377 755 3434 801 et
3479 747 3717 804 servavit

2140 841 2286 888 terra
2337 833 2514 902 pullos
2549 832 2667 901 ejus
2711 848 2834 889 cum
2880 836 3193 892 securitate.
3242 836 3322 894 lbi
3358 837 3715 894 obviaverunt

2136 925 2307 985 cervi.
2345 934 2401 980 et
2437 925 2690 982 viderunt
2728 925 2896 982 facies
2918 941 3046 984 suas
3080 939 3285 985 mutuo.
3317 947 3338 982 ι
3365 926 3598 986 Cervum
3633 926 3716 986 in;

2138 1024 2221 1072 ter
2247 1016 2502 1072 animalia
2534 1017 2733 1072 munda
2763 1020 3008 1088 agnoscit
3039 1019 3320 1089 Scriptura
3346 1021 3552 1087 divina,
3579 1021 3717 1077 mul-

2139 1116 2301 1176 taque
2327 1108 2394 1162 de
2435 1107 2529 1162 illo
2568 1107 2622 1162 in
2653 1109 2847 1164 bonam
2872 1119 3080 1180 partem
3111 1109 3298 1176 eﬂ‘ert,
3345 1122 3404 1166 ut
3443 1127 3567 1170 cum
3591 1114 3712 1170 ait:

2141 1196 2642 1263 cQueniadmodum
2670 1198 2945 1255 desiderat
2987 1203 3283 1269 cervus“;
3312 1221 3333 1256 ο
3380 1217 3444 1258 ac
3480 1203 3716 1259 iterum:

2142 1307 2161 1341 ι
2192 1287 2311 1344 Vox
2354 1288 2567 1345 Domini
2623 1306 2937 1361 praeparans
2989 1308 3181 1350 cervos
3201 1295 3342 1362 ⁸⁶;›
3381 1305 3438 1352 et
3485 1312 3712 1352 rursus:

2121 1400 2160 1456 ἰ
2187 1379 2394 1452 Cervus
2416 1381 2696 1446 amicitiae,
2727 1393 2781 1438 et
2808 1383 2986 1454 pullus
3011 1387 3308 1456 gratiarum
3343 1396 3579 1456 tuarum,
3605 1389 3712 1444 col-

2137 1473 2392 1544 loquatur
2424 1485 2602 1530 tecum
2622 1475 2704 1540 δίς
2736 1495 2755 1529 ι
2807 1485 2863 1532 et
2901 1476 2954 1531 in
2997 1477 3138 1533 libro
3167 1477 3268 1534 Job
3298 1497 3314 1535 :
3352 1497 3371 1532 ι
3399 1479 3714 1536 Οὐεετναειεὶ
3809 1488 3813 1492 ⁷

2127 1575 2318 1631 autem
2366 1581 2580 1623 menses
2627 1581 2958 1631 cervorum,
3002 1579 3061 1624 et
3099 1569 3315 1626 dolores
3356 1579 3546 1642 partus
3584 1571 3716 1642 ipsis

2136 1660 2399 1716 immittes
2419 1661 2499 1714 θ’.
2531 1679 2549 1713 ι
2589 1658 2708 1730 ipse
2732 1673 2949 1730 quoque
2975 1674 3193 1730 sponsa:
3227 1661 3460 1718 dilectus
3491 1663 3543 1717 in
3573 1663 3715 1718 Cain-

2138 1753 2244 1808 tico
2291 1751 2628 1808 canticorum
2679 1766 2843 1808 cervo
2893 1761 3284 1823 comparatur:
3340 1754 3592 1811 «Similis
3633 1764 3720 1811 est

449 1845 698 1915 ἐλάφων,
735 1847 828 1900 ἐπὶ
865 1849 936 1901 τὰ
971 1848 1072 1922 ὅρη
1131 1848 1460 1923 ἀρωμάτων.
1487 1868 1507 1901 ι
1548 1850 1676 1902 Ὅτε
1719 1849 1899 1902 τοίνυν
1935 1849 2032 1903 καὶ

2138 1857 2350 1912 caprea:
2390 1851 2446 1896 et
2503 1841 2732 1899 hinnulo
2775 1858 3088 1910 cervorum,
3135 1859 3300 1912 super
3341 1857 3554 1902 montes
3593 1862 3721 1902 aro-

446 1939 614 2004 αὐτὸς
655 1941 684 1993 6
728 1941 963 2012 νυμφίος
1009 1941 1193 2014 ἐλάφῳ
1240 1941 1679 2014 παραϐάλλεται,
1722 1941 1876 2004 τίνας
1903 1939 1948 1993 δ’
1972 1939 2038 1995 ἂν

449 2031 624 2096 εἴποις
653 2031 886 2086 ἐνταῦθα
910 2033 1142 2104 ἐλάφους
1174 2035 1207 2106 ἢ
1251 2034 1378 2099 τοὺς
1420 2034 1666 2106 μαθητὰς
1695 2034 1788 2087 καὶ
1808 2034 2039 2088 ἀποστό-

447 2120 574 2186 λους
589 2123 770 2187 ςἘστι
790 2121 846 2175 δὲ
864 2125 957 2177 καὶ
967 2124 1277 2194 ὀφιοκτόνον
1289 2123 1350 2177 τὸ
1371 2123 1527 2189 ζῶον.
1542 2124 1794 2178 Διδάσκει
1815 2121 1990 2176 τοίνυν
2010 2125 2039 2177 6

449 2215 640 2287 παρὼν
658 2215 834 2285 λόγος,
853 2215 930 2279 ὡς
950 2217 1056 2271 ἀπὸ
1079 2217 1178 2289 τῆς
1202 2217 1437 2289 ἐρημίας
1451 2217 1544 2271 τοῦ
1560 2217 1830 2274 Ἰουδαίων
1853 2216 2040 2280 ἔθνους

449 2303 638 2374 ἔλαφοί
654 2322 796 2371 τινες
815 2306 1111 2379 παρῆλθον,
1139 2309 1188 2363 οἱ
1215 2309 1454 2380 μαθηταὶ
1467 2308 1562 2361 τοῦ
1581 2307 1831 2380 Σωτῆρος
1856 2307 2035 2378 ήμῶν·

454 2414 475 2446 ι
500 2397 648 2450 Ἐκεῖ
693 2397 822 2470 γὰρ,
879 2398 1046 2469 φησὶ,
1086 2399 1424 2472 συνήντησαν
1471 2399 1656 2470 ἔλαφοι
1679 2441 1694 2462 ,
1746 2400 1840 2453 καὶ
1898 2393 2038 2452 εἶδον

446 2487 517 2542 τὰ
568 2488 836 2560 πρόσωπα
889 2489 1150 2562 ἀλλήλων.
1177 2509 1196 2544 ι
1259 2489 1592 2562 Ἐγνὼρισαν
1629 2491 1738 2563 γὰρ
1786 2491 2034 2557 ἑαυτοὺς,

447 2581 544 2636 καὶ
581 2581 679 2652 τῆς
710 2581 889 2653 ψυχῆς
915 2583 1097 2635 αὐτῶν
1128 2586 1255 2648 τοὺς
1279 2585 1400 2637 κατ’
1431 2584 1615 2638 εἰκόνα
1638 2581 1773 2636 Θεοῦ
1804 2581 2033 2654 γενομέ-

445 2687 573 2735 νους
600 2674 953 2746 χαρακτῆρας
976 2675 1310 2744 ἐπέγνωσαν.
1341 2675 1561 2747 Ἐπειδὴ
1595 2674 1652 2728 δὲ
1679 2675 1740 2728 οὐ
1771 2672 2036 2744 παρέμει-

443 2781 542 2821 ναν
588 2765 648 2820 ἐν
690 2766 788 2836 μιᾷ
828 2765 1001 2820 πόλει·
1037 2767 1324 2839 διέδραμον
1356 2767 1413 2821 δὲ
1443 2766 1601 2830 ἄλλος
1632 2766 1868 2838 ἀλλαχοῦ
1895 2766 2034 2838 πλη-

447 2853 668 2928 ροῦντες
695 2855 754 2909 τὸ
788 2856 1118 2927 Εὐαγγέλιον
1136 2875 1149 2889 ·
1181 2857 1371 2912 τούτου
1397 2857 1556 2930 χάριν
1581 2859 1796 2930 εἴρηται
1816 2874 1830 2889 ο

527 3138 546 3171 ι
586 3120 780 3193 Ἑτέρα
812 3124 909 3196 τὴν
932 3125 1126 3198 ἑτέραν
1169 3127 1269 3180 οὐκ
1318 3126 1612 3198 ἐζήτησαν,
1655 3128 1737 3180 ὃτι
1770 3130 1798 3181 6
1831 3125 2034 3198 Κύριος

2140 1942 2344 1989 malum
2377 1934 2443 1989 ⁸³.
2468 1953 2487 1987 ι
2523 1933 2657 1990 Cum
2690 1936 2874 2006 itaque
2901 1950 3131 2006 sponsus
3156 1952 3320 1994 cervo
3349 1949 3717 2009 comparetur,

2140 2040 2276 2098 quos
2303 2027 2395 2083 hic
2423 2041 2614 2083 cervos
2649 2030 2936 2084 memorari
2972 2029 3146 2094 dicas,
3192 2031 3294 2086 nisi
3338 2029 3634 2100 discipulos
3662 2040 3720 2088 et

2139 2117 2452 2187 apostolos?
2480 2117 2578 2174 Est
2612 2129 2792 2176 autem
2826 2120 3028 2175 animal
3063 2120 3194 2176 illud
3226 2122 3570 2193 serpentibus
3597 2124 3718 2178 exi-

2143 2209 2362 2268 tiosum.
2409 2208 2508 2266 Hic
2543 2227 2676 2281 ergo
2716 2212 2963 2276 docetur,
2996 2229 3060 2266 ex
3089 2211 3397 2269 Judazorum
3426 2214 3719 2272 solitudine

2139 2312 2330 2355 cervos
2361 2299 2629 2370 prodiisse
2669 2302 2953 2370 quosdam,
2979 2303 3231 2358 videlicet
3267 2303 3561 2374 discipulos
3584 2304 3717 2360 Ser-

2138 2389 2346 2445 vatoris
2376 2391 2549 2446 nostri
2581 2409 2597 2446 :
2649 2409 2670 2443 ι
2696 2389 2773 2446 Ibi
2805 2392 2972 2457 enim,
3018 2393 3116 2459 ait,
3161 2395 3522 2451 obviaverunt
3545 2395 3718 2460 cervi,

2137 2490 2193 2536 et
2221 2481 2474 2537 viderunt
2501 2481 2675 2538 facies
2710 2497 2838 2539 suas
2873 2494 3083 2540 mutuo.
3105 2504 3126 2538 ι
3177 2483 3310 2541 Sese
3341 2502 3572 2555 namque
3601 2501 3719 2540 mu-

2140 2582 2233 2628 tuo
2283 2582 2664 2644 agnoverunt,
2705 2575 3011 2647 animaeque
3050 2579 3116 2632 ad
3168 2576 3576 2633 similitudinem
3624 2578 3716 2634 Dei

2138 2665 2437 2722 adornatos
2484 2666 2836 2726 characteres
2880 2669 2934 2724 in
2978 2682 3040 2724 se
3077 2669 3306 2724 invicem
3342 2669 3715 2738 deprehende-
3783 2701 3799 2727 \

2140 2766 2287 2828 runt.
2345 2757 2612 2826 Quoniam
2663 2775 2798 2816 vero
2861 2775 2967 2815 non
3032 2759 3088 2816 in
3145 2777 3252 2816 una
3302 2762 3602 2832 eademque
3639 2762 3720 2816 ci-

2140 2849 2302 2902 vitate
2359 2859 2718 2918 manserunt,
2791 2851 2886 2907 sed
2959 2851 3102 2908 ultro
3176 2853 3424 2922 citroque
3489 2852 3711 2923 singuli,

2140 2940 2415 3013 Evangelii
2474 2959 2672 2999 munus
2743 2945 3068 3017 implentes,
3133 2946 3558 3002 discurrebant:
3597 2947 3717 3004 ideo

2135 3034 2335 3089 dicitur
2360 3049 2375 3089 :

2209 3122 2375 3180 Vens.
2412 3125 2500 3179 lli.
2541 3143 2559 3177 ι
2581 3125 2729 3180 Alter
2759 3127 2991 3181 alterum
3025 3143 3128 3182 non
3164 3129 3432 3199 quaesivit,
3459 3129 3587 3200 quia
3612 3129 3719 3185 Do-

452 3208 635 3273 αὐτοῖς
677 3212 1010 3278 ἐνετείλατο,
1054 3217 1147 3270 καὶ
1187 3215 1249 3269 τὸ
1280 3215 1500 3288 Πνεῦμα
1529 3217 1692 3272 αὐτοῦ
1729 3217 2032 3288 συνήγαγεν

2138 3213 2319 3268 minus
2361 3215 2465 3269 illis
2518 3216 2798 3284 praecepit,
2843 3227 2895 3270 et
2932 3198 3330 3287 Spiritusiejus
3367 3198 3720 3291 congregavit

451 3300 642 3366 αὐτάς.
671 3323 688 3356 ι
729 3305 786 3358 '0
812 3306 919 3377 γὰρ
943 3306 1111 3361 εἰπὼν
1134 3309 1318 3373 αὐτοῖς
1343 3351 1358 3375 ,
1399 3329 1416 3361 ι
1436 3309 1828 3382 Μαθητεύσατε
1856 3310 2032 3364 πάντα

2135 3319 2251 3361 eos.
2285 3323 2306 3358 ι
2361 3306 2577 3361 Etenim
2636 3307 2726 3376 qui
2774 3308 2986 3362 dixerat
3038 3309 3186 3376 illis,
3243 3311 3483 3366 «Docete
3527 3325 3717 3366 omnes

449 3389 522 3445 τά
549 3391 675 3463 ἔθνη
729 3395 785 3448 ἐν
833 3395 911 3466 τῷ
960 3397 1184 3468 ὀνόματί
1217 3417 1341 3470 μου,
1383 3421 1401 3452 ι
1429 3401 1589 3464 αὐτὸς
1615 3401 1916 3455 ἐνετείλατο
1958 3399 2032 3472 μὴ

2135 3405 2320 3463 gentes
2380 3397 2432 3452 in
2493 3398 2711 3453 nomine
2767 3413 2966 3465 meo;r
3017 3401 3158 3455 idem
3216 3401 3330 3471 ipse
3379 3403 3589 3468 vetuit,
3641 3417 3711 3456 ne

451 3484 592 3537 κατὰ
626 3484 685 3538 τὸ
718 3485 848 3539 αὐτὸ
894 3491 1259 3544 ποιεῖσθαιτὰ
1284 3492 1385 3562 τῆς
1420 3492 1730 3558 συστάσεως
1759 3493 1868 3548 τῶν
1908 3494 2033 3547 Ἐκ-

450 3574 690 3646 κλησιῶν
720 3577 917 3632 αὐτῶν.

524 3683 542 3714 ι
566 3665 674 3718 Καὶ
701 3667 862 3732 αὐτὸς
902 3668 1153 3724 ἐπιϐαλεῖ
1193 3671 1376 3736 αὐτοῖς
1418 3672 1672 3744 κλήρους,
1710 3676 1803 3728 καὶ
1849 3676 1882 3746 ἡ
1912 3679 2034 3752 χεὶρ

445 3755 627 3810 αὐτοῦ’
660 3758 937 3833 διεμέρισε
985 3763 1298 3834 βόσκεσθαι.
1350 3769 1445 3832 El;
1489 3768 1580 3822 τὸν
1625 3770 1798 3824 αἰῶνα
1839 3773 2033 3844 χρόνον

447 3848 910 3923 κληρονομήσετε,
940 3858 1022 3921 είς
1059 3859 1254 3927 γενεὰς
1279 3859 1483 3929 γενεῶν
1508 3861 1912 3918 ἀναπαύσονται
1946 3867 2032 3919 ἐπ’

446 3938 636 4010 αὐτῆς.
663 3961 682 3992 ι
729 3944 938 3998 Οὐκοῦν
981 3949 1076 4001 καὶ
1097 3949 1268 4022 νομὴν
1306 3951 1490 4016 αὐτοῖς
1522 3952 1616 4006 καὶ
1650 3953 1851 4027 βοσκήν
1892 3973 2034 4030 παρ-

448 4032 617 4100 εῖχεν,
667 4032 858 4106 ῶσπερ
889 4037 984 4090 καὶ
1047 4037 1282 4110 κλήρους
1328 4042 1410 4105 είς
1460 4042 1652 4111 γενεὰς
1692 4044 1914 4112 γενεῶν,
1953 4047 2034 4111 εἰς

445 4121 510 4176 τὸ
533 4124 906 4182 ἀναπαύεσθαι
945 4129 1142 4196 αὐτοὺς
1167 4133 1246 4198 είς
1289 4136 1416 4199 τοὺς
1436 4134 1616 4189 αὐτῶν
1655 4135 1906 4209 κλήρους,
1934 4139 2029 4210 δη-

446 4211 580 4288 λαδή
618 4219 730 4281 τοῖς
759 4217 936 4272 ἔθνεσι
969 4223 1082 4286 τοῖς
1104 4223 1570 4296 ἀποκληρωθεῖσιν
1597 4227 1802 4291 αὐτοῖς,
1851 4229 1908 4282 ἐν
1951 4225 2034 4294 οἷς

444 4308 526 4372 είς
548 4307 740 4376 γενεὰς
765 4311 966 4378 γενεῶν
999 4313 1032 4383 ἡ
1066 4313 1254 4385 μνήμη
1284 4313 1463 4368 αὐτῶν
1495 4315 1552 4368 ἐν
1580 4317 1700 4381 ταῖς
1734 4315 1826 4369 ὐπ’
1852 4317 2031 4371 αὐτῶν

445 4397 773 4470 ίδρυθείσαις
816 4393 1161 4474 Ἐκκλησίαις
1193 4404 1646 4478 ἀναζωπυρεῖται.

964 4497 1358 4552 ΚΕΦΑΛΑΙΟΝ
1393 4500 1516 4552 AE'.

522 4601 540 4634 ι
571 4583 941 4658 Εὐφράνθητι,
978 4587 1181 4660 ἔρημος
1226 4590 1463 4661 διψῶσα·
1507 4592 1855 4662 ἁγαλλιάσθω
1901 4595 2031 4668 ἐρη-

448 4693 581 4746 μος,
617 4679 711 4732 καὶ
745 4681 973 4736 ἁνθείτω
1019 4682 1094 4746 ὡς
1143 4683 1348 4755 κρίνον.
1380 4705 1398 4736 ι
1449 4685 1548 4757 Εἶη
1591 4687 1767 4741 τοίνυν
1807 4687 1947 4762 αὐτη
1993 4691 2026 4762 ή

443 4767 650 4841 ἔρημος
698 4773 847 4845 παρὰ
879 4775 976 4846 τήν
1018 4773 1410 4847 προλεχθεῖσαν
1445 4776 1602 4842 Σιὼν,
1644 4780 1702 4832 ἐν
1797 4781 2026 4850 ἐχίνους,

443 4870 537 4918 καὶ
577 4864 732 4932 ἴϐεις,
779 4866 872 4918 καὶ
911 4866 1174 4938 κόρακας,
1206 4867 1459 4938 δαιμόνιά
1489 4885 1548 4921 τε
1581 4870 1675 4922 καὶ
1711 4869 2032 4924 ὁνοκενταύ-

443 4971 571 5028 ρους
604 4957 846 5028 οίκήσειν
894 4957 1131 5026 ἐλέγετο,
1186 4957 1389 5029 πίσσης
1437 4975 1497 5010 τε
1541 4959 1710 5031 αὐτῆς
1750 4960 1845 5014 καὶ
1877 4959 2022 5014 θείου

443 5045 897 5118 πληρωθήσεσθαι
929 5049 1028 5112 τὰς
1060 5049 1371 5120 φάραγγας.
1409 5047 1626 5106 Τούτων
1662 5051 1718 5105 δὲ
1760 5052 1890 5124 περὶ
1923 5053 2023 5123 τῆς

441 5138 577 5191 Σιὼν
619 5140 713 5192 καὶ
749 5141 878 5214 περὶ
917 5141 1016 5211 τῆς
1057 5140 1413 5215 Ἰερουσαλὴμ
1443 5143 1768 5216 εἰρημένων,
1806 5143 1924 5215 ῶρα
1953 5143 2024 5198 τὰ

440 5227 780 5300 προκείμενα
822 5231 949 5304 περὶ
993 5231 1186 5304 ἐτέρας
1225 5232 1434 5303 ἐρήμου
1463 5232 1715 5302 λέγεσθαι
1743 5236 1903 5288 νοεῖν.
1933 5235 2024 5287 Δι-

436 5321 598 5392 ψῶσα
637 5323 746 5396 γὰρ
787 5319 856 5395 ἦν
903 5323 1044 5395 αῦτη
1073 5326 1338 5398 πρότερον
1367 5326 1401 5397 ή
1430 5325 1652 5398 ἕρημος,
1682 5323 2024 5398 ἐστερημένη

439 5414 680 5484 νάματος
718 5415 968 5488 οὐρανίου
989 5433 1002 5446 °
1037 5417 1174 5471 ἀλλὰ
1203 5417 1411 5490 χαίρειν
1441 5419 1576 5490 αὐτῇ
1616 5418 1709 5472 καὶ
1733 5416 2024 5489 εὐφραίνε-

441 5505 564 5560 σθαι
597 5510 625 5561 6
655 5507 813 5578 λόγος
851 5509 1178 5578 προστάττει
1203 5510 1292 5563 διᾶ
1319 5510 1389 5564 τὰ
1416 5509 1704 5582 λεγόμενα,
1735 5510 1815 5565 ἔτι
1843 5510 1900 5564 δὲ
1931 5510 2026 5564 καὶ

439 5598 620 5652 ἀνθεῖν
667 5600 744 5663 ὡς
793 5601 1013 5672 κρίνον·
1065 5600 1205 5654 ὥστε
1254 5601 1461 5672 λέγειν·
1503 5601 1778 5674 ιΧριστοῦ
1828 5601 2026 5656 εὐωδία

2060 4550 2108 4606 D

2137 3485 2190 3538 iu
2253 3501 2360 3540 uno
2426 3487 2729 3558 eodemque
2791 3487 2912 3556 loco
2973 3489 3247 3546 Ecclesias
3313 3507 3443 3546 suas
3511 3491 3716 3547 consti-

2136 3586 2371 3633 tuerent.

2206 3667 2368 3724 Vsus.
2397 3669 2516 3723 17.‹
2543 3669 3096 3740 Etipseimmitteteis
3111 3681 3582 3737 sortes,etmanus
3595 3669 3714 3740 ejus

2134 3761 2338 3826 divisit,
2356 3772 2413 3816 ut
2429 3772 2744 3832 pascantur.
2765 3762 2820 3818 In
2837 3771 3098 3819 aeternum
3120 3773 3327 3835 tempus
3343 3765 3712 3822 lnrreditatern

2133 3853 2458 3918 sortiemini,
2475 3854 2524 3907 in
2543 3854 2918 3924 generationes
2936 3856 3345 3926 generationum
3368 3856 3712 3928 requiescant

2135 3944 2310 4000 in’ea.
2343 3964 2361 3997 ι
2411 3945 2671 4001 Pabnlum
2723 3961 2852 4016 ergo
2887 3947 3016 4016 ipsis
3055 3957 3111 4003 et
3156 3964 3351 4020 pascua
3395 3948 3711 4019 suppedita-

2135 4038 2230 4103 vit,
2265 4038 2502 4108 itemque
2535 4048 2711 4094 sortes
2755 4039 2809 4094 in
2845 4041 3224 4111 generationes
3261 4043 3708 4110 generationum;

2134 4138 2192 4182 ut
2231 4129 2425 4198 singuli
2465 4129 2519 4185 in
2562 4130 2802 4187 sortibus
2840 4130 2956 4188 suis
2999 4133 3428 4203 requiescerent,
3461 4133 3713 4190 videlicet

2135 4221 2186 4276 in
2221 4222 2475 4291 gentibus
2509 4223 2614 4278 sibi
2656 4233 2805 4278 sorte
2849 4224 3140 4293 assignatis
3171 4244 3186 4281 :
3223 4226 3334 4291 ubi,
3373 4227 3627 4280 nimirum
3657 4226 3710 4278 in

2134 4313 2200 4366 iis
2248 4327 2384 4381 quas
2414 4311 2775 4369 fuitdaverunt
2805 4315 3086 4382 Ecclesiis,
3125 4319 3386 4372 memoria
3423 4333 3608 4372 eorum
3655 4317 3708 4372 in

2132 4403 2511 4476 generationes
2538 4408 2944 4475 generationum
2979 4419 3230 4464 servatur
3260 4419 3314 4463 et
3347 4411 3510 4479 viget.

2689 4496 2918 4554 CAPUT
2945 4497 3158 4553 XXXV.

2204 4588 2367 4644 Vens.
2398 4586 2450 4641 l.
2474 4605 2492 4639 ι
2519 4585 2747 4652 Lmlare,
2779 4587 3054 4643 desertum
3081 4588 3271 4643 sitiens
3303 4604 3318 4640 :
3355 4586 3590 4642 exsultet
3616 4600 3708 4642 so-

2129 4681 2328 4747 litudo,
2381 4689 2438 4736 et
2489 4679 2684 4735 ﬂoreat
2729 4680 2874 4736 sicut
2907 4680 3146 4735 liliuma
3190 4679 3316 4735 Hatc
3357 4679 3519 4750 igitur
3569 4677 3711 4733 soli-

2131 4777 2282 4840 tudo,
2329 4775 2436 4831 alia
2483 4773 2645 4830 fuerit
2675 4790 2704 4827 a
2751 4777 2902 4842 prius
2933 4783 3238 4829 memorata
3283 4770 3474 4836 Sione,
3517 4772 3568 4824 in
3601 4786 3712 4841 qua

2127 4868 2357 4935 ericios,
2404 4867 2549 4932 ibes,
2607 4881 2832 4934 corvos,
2882 4867 3159 4920 daemonas
3206 4869 3264 4916 et
3313 4870 3711 4916 onocentauros

2133 4960 2473 5016 habitatnros
2507 4975 2648 5025 esse,
2703 4974 2764 5014 ac
2803 4957 2957 5026 cujus
2981 4955 3152 5010 valles
3202 4955 3320 5025 pice
3361 4964 3416 5010 ct
3448 4955 3712 5023 sulphure

2133 5053 2394 5123 repletum
2440 5053 2531 5116 iri,
2578 5051 2885 5106 dicebatur.
2932 5048 3065 5103 Cum
3100 5063 3232 5120 ergo
3286 5046 3412 5101 talia
3451 5048 3520 5102 de
3545 5047 3712 5115 Sione

2130 5153 2186 5199 et
2241 5142 2310 5199 de
2345 5143 2680 5214 Jerosolyma
2729 5139 3100 5213 proferantur,
3150 5147 3320 5196 restat
3358 5145 3417 5194 ut
3457 5152 3543 5204 ea,
3587 5152 3710 5208 qua:

2126 5236 2237 5307 jam
2272 5245 2599 5301 tractantur,
2641 5236 2708 5291 de
2752 5234 2857 5290 alia
2899 5232 3192 5290 solitudine
3231 5230 3575 5305 pronuntiari
3624 5230 3711 5285 in-

2135 5330 2465 5396 telligamus.
2522 5329 2736 5384 Etenim
2766 5343 2893 5383 vere
2943 5327 3217 5383 sitibunda
3261 5325 3387 5380 olim
3440 5332 3559 5378 erat
3613 5321 3708 5377 illa

2133 5419 2394 5481 solitudo,
2452 5418 2669 5472 ﬂuentis
2725 5417 3038 5473 coelestibus
3081 5418 3272 5471 orbata
3310 5434 3324 5471 :
3369 5428 3555 5468 verum
3592 5427 3710 5468 me-

2134 5507 2360 5562 moratis
2384 5505 2450 5560 de
2485 5507 2664 5561 causis
2698 5505 2867 5560 laetari
2899 5513 2954 5561 et
2996 5504 3289 5570 exsultare,
3326 5505 3566 5572 itemque
3603 5502 3712 5557 sic-

2134 5608 2193 5654 ut
2243 5598 2410 5654 lilium
2456 5597 2652 5654 ﬂorere
2697 5598 2954 5669 jubctur;
3002 5599 3077 5654 ita
3119 5609 3179 5655 ut
3229 5599 3415 5656 dicat:
3448 5615 3468 5651 ι
3505 5595 3707 5653 Christi

515 5783 558 5815 "
588 5783 731 5839 Psal.
765 5801 872 5852 xu,
909 5785 960 5841 l.
1036 5787 1080 5819 '°
1109 5785 1248 5842 l’sal.
1293 5799 1487 5854 xxviii,
1515 5788 1566 5842 9.
1645 5790 1684 5820 ³¹
1718 5787 1874 5845 Prov.
1901 5803 1952 5855 v,
1992 5788 2073 5843 l9.
2149 5786 2198 5819 "
2217 5784 2338 5842 Job.
2367 5801 2556 5854 χχιιι,
2595 5785 2646 5846 l.
2725 5786 2769 5820 ⁵³
2799 5784 2956 5843 Cant.
3012 5799 3074 5854 ll,
3104 5783 3158 5840 9.
