4158 6402
419 385 522 441 511

1301 378 1810 435 EOMMENTARIA
1849 378 1914 432 l.\‘
1958 378 2208 434 ISALUI.
2254 410 2321 420 —
2359 380 2512 436 CAP.
2557 377 2772 435 XXXV.

3570 375 3678 431 342

421 516 578 570 μενοι
607 498 706 562 τὰς
735 497 922 567 βάσεις
949 495 1048 565 τῆς
1081 494 1260 564 ψυχῆς
1302 493 1646 564 ἀνεπήδησαν
1681 493 1893 560 ἐλάᾳων
1924 493 1985 545 δί-

2103 509 2332 562 quorum
2366 494 2563 548 animae
2603 506 2822 564 gressus
2868 490 3089 546 resoluti
3132 503 3198 544 ac
3239 486 3452 544 remissi
3501 466 3679 554 erant,

421 610 543 662 κην,
582 594 696 654 τοῖς
724 588 903 643 αὐτῶν
930 587 1342 670 ἐξομοιωθέντες
1380 585 1743 650 διδασκάλοιςο
1785 585 1878 650 οὓς
1909 604 1997 658 μι-

419 683 550 755 κροῦ
580 681 816 752 πρόσθεν
864 680 1096 749 ἐλάφους
1127 677 1409 748 ὠνόμασεν
1440 680 1473 749 ἡ
1520 679 1842 750 προφητεία.
1889 681 1997 732 Καὶ

419 779 456 846 ἡ
496 775 605 830 τῶν
649 773 953 848 μογιλάλων
977 771 1218 840 γλῶσσα,
1261 773 1327 841 ἧν
1362 771 1650 840 συνέδησεν
1693 773 1721 823 ὁ
1751 771 1996 836 Σατανᾶς

421 869 556 938 πρὸς
584 867 645 920 τὸ
679 867 752 938 μὴ
787 864 1054 933 θεολογεῖν
1085 863 1177 917 τὸν
1217 864 1388 935 ἀληθῆ
1421 862 1574 923 Θεὸν,
1620 862 1794 933 τρανά
1830 863 1995 932 φθέγ-

417 959 610 1028 γεσθαι
640 959 733 1014 καὶ
768 956 1150 1028 διηρθρωμένα
1193 953 1533 1025 μεμάθηκεν.
1565 953 1903 1022 Μογιλάλους
1940 950 1997 1006 δὲ

416 1051 618 1104 ούκ.ἂν
649 1051 915 1120 ἁμάρτοις
955 1047 1124 1100 εἰπὼν
1157 1048 1282 1111 τοὺς
1315 1047 1467 1118 παρά
1515 1049 1626 1109 τοῖς
1673 1049 1854 1114 σοφοῖς
1903 1047 1995 1099 τοῦ

417 1144 613 1207 αἰῶνος
657 1141 873 1205 τούτου,
932 1141 1090 1212 μόγις
1135 1139 1265 1192 ποτὲ
1309 1137 1684 1210 τολμήσαντας
1735 1136 1893 1209 ὀρθόν
1945 1156 1996 1190 τι

418 1235 682 1307 φρονῆσαι
717 1233 811 1286 καὶ
837 1233 1011 1288 εἰπεῖν
1041 1234 1169 1302 περ)⁴
1198 1229 1356 1285 Θεοῦ.

491 1345 511 1377 ι
541 1327 662 1378 ’Ότι
692 1325 902 1396 ἐρράγη
935 1325 994 1376 ἐν
1021 1325 1088 1395 τῇ
1129 1324 1320 1394 ἐρήμῳ
1361 1321 1534 1394 ὕδωρ,
1578 1321 1669 1374 καὶ
1698 1319 1914 1391 φάραγξ
1942 1323 1998 1372 ὲν

416 1419 486 1487 γῇ
511 1413 739 1488 διψώσῃ.
771 1415 880 1468 Καὶ
911 1413 1065 1466 ἔσται
1095 1415 1127 1485 ἡ
1158 1413 1384 1484 ἄνυδρος
1418 1414 1496 1476 εἰς
1528 1413 1645 1482 ἕλη,
1682 1413 1774 1465 καὶ
1798 1415 1876 1476 εἰς
1901 1417 1996 1485 τὴν

413 1507 656 1576 διψῶσαν
701 1508 804 1578 γῆν
854 1511 1004 1578 πηγὴ
1053 1506 1243 1569 ὓδατος
1287 1505 1461 1558 ἔσται.
1515 1506 1660 1558 Ἐκεῖ
1691 1505 1995 1576 εὐφροσύνη

412 1598 637 1668 ὀρνέων,
689 1597 945 1661 ἐπαύλεις
993 1597 1239 1667 καλάμου
1291 1597 1384 1650 καὶ
1429 1595 1548 1666 ἕλη.
1576 1617 1594 1646 ι
1645 1595 1719 1648 Τὸ
1763 1597 1865 1666 μὲν
1903 1594 1996 1648 οὖν

416 1689 561 1760 ὕδωρ
579 1730 593 1754 ,
628 1691 760 1745 αὐτὸ
790 1687 858 1763 ἦν
889 1691 1064 1746 ἐκεῖνο
1093 1692 1155 1744 τὸ
1185 1689 1280 1747 τοῦ
1325 1690 1593 1761 Ἰορδάνου
1620 1707 1633 1720 ο
1669 1691 1751 1744 διὸ
1780 1690 1997 1759 ἐλέγετο

415 1782 598 1863 μικρῷ
635 1781 871 1854 πρόσθεν
894 1801 910 1816 ο
969 1803 985 1834 ι
1016 1783 1125 1837 Καὶ
1161 1782 1544 1851 ἀγαλλιάσεται
1570 1782 1640 1836 τά
1682 1782 1862 1853 ἔρημα
1901 1782 1993 1835 τοῦ

2093 585 2205 654 jam
2257 601 2541 640 cervorum
2591 586 2762 640 instar
2807 581 3150 646 exsilierunt,
3201 581 3515 636 doctoribus
3566 583 3681 636 suis

2097 678 2302 733 similes
2329 677 2541 741 eli‘ecti,
2576 692 2712 746 quos
2759 677 2918 744 paulo
2963 689 3126 744 supra
3167 688 3358 728 cervos
3393 673 3679 743 prophetia

2099 772 2330 826 vocavit.
2363 769 2653 825 Balhorum
2688 779 2868 823 autem
2910 767 3112 836 lingua,
3144 780 3330 836 quam,
3375 780 3444 820 ne
3489 779 3677 819 verum

2100 865 2267 918 Deum
2294 863 2671 925 cornliteretur,
2705 860 3057 930 colligaverat
3083 857 3341 924 Satanas,
3371 858 3515 912 clara
3545 872 3678 913 voce

2100 968 2154 1009 et
2198 955 2524 1009 articulatim
2580 955 2743 1007 verba
2807 952 3162 1022 pronuntiare
3211 950 3422 1006 didicit.
3480 949 3682 1005 Balbos

2098 1062 2262 1116 porro
2309 1046 2623 1115 neutiquam
2658 1049 2900 1108 aherres,
2940 1045 2984 1098 si
3026 1045 3176 1099 dicas
3212 1058 3308 1098 eos
3335 1057 3459 1098 esse
3489 1059 3556 1097 ex
3585 1059 3677 1097 sa-

2097 1140 2370 1208 pientibus
2399 1139 2559 1207 hujus
2591 1137 2801 1201 saeculi,
2835 1138 2928 1207 qui
2954 1137 3043 1191 vix
3076 1136 3210 1191 recti
3241 1133 3444 1206 aliquid
3472 1135 3540 1191 de
3568 1135 3680 1192 Deo

2100 1247 2336 1300 unquam
2369 1233 2572 1286 sentire
2601 1246 2665 1285 ac
2693 1230 2878 1284 dicere
2905 1231 3020 1285 ausi
3049 1238 3196 1285 sunt.

2172 1325 2339 1379 Vens.
2367 1323 2422 1379 7.
2471 1323 2645 1390 «Quia
2680 1323 2859 1391 erupit
2889 1323 2940 1376 in
2972 1324 3188 1377 deserto
3225 1337 3390 1390 aqua,
3430 1332 3489 1376 et
3525 1320 3682 1377 vallis

2101 1417 2152 1469 in
2187 1426 2333 1470 terra
2361 1414 2594 1470 sitienti.
2638 1413 2704 1467 Et
2729 1414 2834 1468 erit
2867 1414 3128 1482 inaqnosa
3161 1415 3214 1468 in
3246 1413 3489 1484 paludes,
3532 1424 3586 1469 et
3623 1415 3678 1469 in

2101 1521 2244 1562 terra
2296 1508 2502 1564 sitienti
2556 1507 2680 1563 fons
2736 1523 2894 1575 aqua:
2940 1508 3066 1563 erit.
3122 1507 3197 1562 lbi
3239 1507 3424 1562 latitia
3469 1507 3678 1572 avium,

2100 1602 2273 1656 caulae
2314 1601 2602 1656 arundinis
2633 1610 2689 1656 et
2731 1599 2978 1670 paludes.
3007 1621 3027 1652 ι
3059 1601 3214 1670 Aqua
3242 1601 3456 1665 istbaec,
3479 1601 3547 1656 de
3573 1616 3679 1670 qua

2101 1690 2363 1760 loquitur,
2410 1688 2664 1745 Jordanis
2691 1699 2812 1744 erat
2841 1703 2858 1744 :
2897 1705 3068 1758 quare
3099 1689 3260 1757 paulo
3291 1700 3422 1745 ante
3460 1690 3680 1746 diceba-

2100 1793 2209 1838 tur.
2253 1802 2272 1836 ι
2307 1783 2372 1836 Et
2403 1782 2756 1838 exsultabunt
2791 1782 3008 1837 deserta
3033 1781 3306 1838 Jordanis.
3337 1801 3358 1835 ι
3393 1781 3515 1848 Quo
3544 1781 3682 1836 lava-

424 1869 711 1943 Ἰορδάνου.
739 1892 759 1925 θ
792 1874 872 1926 Δι’
904 1868 966 1927 οῦ
995 1873 1089 1926 καὶ
1126 1872 1370 1944 ᾐνίττετο
1395 1873 1456 1926 τὸ
1497 1871 1720 1944 λουτρὸν
1763 1873 1862 1943 τῆς
1894 1890 1985 1926 πα-

2102 1892 2254 1930 crum
2304 1875 2731 1944 regenerationis
2784 1874 3202 1938 subindicabat,
3249 1890 3460 1932 necnon
3483 1873 3678 1930 Testa-

412 1964 782 2034 λιγγενεσίας,
832 1967 928 2020 καὶ
977 1965 1041 2018 τὸ
1097 1965 1199 2035 τῆς
1244 1965 1436 2036 καινῆς
1469 1965 1742 2038 Διαθηκης
1789 1971 1993 2037 μυστή-

413 2077 556 2132 ριον·
598 2060 670 2113 τά
692 2059 747 2112 δὲ
775 2058 967 2130 ῥεῖθρα
992 2059 1118 2122 τοὺς
1145 2057 1533 2126 εύαγγελικοὺς
1561 2058 1751 2128 ἐδήλου
1780 2057 1990 2126 λόγους.

419 2178 436 2206 ι
463 2151 813 2226 Εὐφροσύνην
837 2149 1067 2220 ὀρνέων·
1093 2169 1111 2200 ι
1142 2147 1328 2218 ψυχῶν
1354 2149 1746 2220 ὲπτερωμένων
1769 2148 1989 2221 δηλαδὴ,

414 2250 509 2308 καὶ
557 2243 971 2320 μετεωροποιῶν
994 2283 1010 2308 ,
1049 2243 1145 2296 καὶ
1187 2241 1364 2296 ἀλλων
1401 2243 1624 2314 ἡμέρων
1666 2245 1762 2298 καὶ
1801 2243 1990 2316 πράων

412 2343 519 2395 ὑπὸ
567 2342 648 2414 τῷ
700 2340 850 2410 καλῷ
903 2338 1151 2409 ποιμένι--
1176 2335 1560 2409 διοικουμένων
1616 2338 1692 2402 ὼς
1733 2337 1990 2392 δύνασθαι

408 2433 625 2500 λέγειν’
673 2432 914 2504 «Κύριος
951 2429 1231 2500 ποιμαίνει
1268 2447 1367 2500 με,
1411 2431 1506 2484 καὶ¹
1550 2429 1701 2484 οὐδέν
1737 2449 1803 2502 με
1832 2431 1987 2486 ὑστε-

408 2524 590 2595 ρήσει.
615 2541 636 2575 ι

481 2614 711 2667 «Ἔσται
740 2614 857 2667 ἐκεῖ
883 2614 1001 2677 όδὸς
1028 2613 1268 2685 καθαρὰ,
1305 2615 1401 2668 καὶ
1431 2614 1548 2677 ὁδὸς
1572 2613 1704 2682 ἁγία
1731 2615 1990 2687 κληθήσε-

399 2722 530 2760 ται⁸
581 2706 676 2760 καὶ
702 2706 763 2759 ού
808 2707 882 2777 μὴ
913 2707 1158 2778 παρέλθῃ
1191 2709 1307 2760 ἐκεῖ
1331 2707 1660 2776 ἀκάθαρτος.
1689 2729 1708 2760 ι
1749 2709 1896 2780 Αὕτη
1930 2709 1986 2762 δὲ

398 2799 486 2870 εἴη
516 2797 584 2852 ἂν
625 2799 658 2868 ἠ
697 2797 986 2866 ἀπάγουσα
1017 2800 1111 2852 ἐπὶ
1152 2801 1214 2854 τὸ
1260 2801 1656 2874 τρισμακάριον
1698 2801 1851 2865 τέλος
1885 2803 1985 2872 τῆς

400 2890 725 2962 ἐπουρανίου
758 2890 851 2943 τοῦ
897 2890 1032 2944 Θεοῦ
1066 2891 1292 2958 πόλεως,
1323 2894 1389 2963 ἦν
1420 2892 1690 2964 παριστὰς
1728 2896 1758 2948 ὁ
1794 2893 1985 2965 Σωτὴρ

402 2979 587 3048 ἔλεγεν
612 2994 626 3006 ·
651 3001 670 3032 ι
694 2981 834 3050 Ἐγω
859 2982 1031 3052 είμιή
1065 2981 1203 3046 όδός.
1246 3002 1266 3034 ι
1298 3003 1316 3033 ι
1339 2982 1473 3037 Οὐδὲ
1522 2983 1676 3036 ἐσται
1719 2986 1836 3037 ἐκεῖ
1866 2984 1987 3048 όδὸς

403 3070 710 3140 ἀκάθαρτος
733 3087 746 3102 ⁸
782 3075 832 3126 oi
873 3072 930 3126 δὲ
967 3073 1357 3145 διεσπαρμένοι
1387 3074 1743 3145 πορεύσονται
1771 3077 1858 3130 ἐπ’
1887 3076 1986 3129 αύ-

2096 1969 2263 2022 nienti
2297 1967 2431 2026 Novi
2471 1970 2790 2038 mysterium
2833 1985 2849 2023 :
2899 1984 2994 2038 per
3023 1967 3224 2023 ﬂuenta
3259 1979 3466 2034 autem,
3515 1983 3678 2025 evan-

2094 2059 2296 2127 gelicos
2333 2073 2616 2114 sermones
2645 2059 2886 2115 denotat.
2925 2080 2942 2112 ι
2969 2059 3183 2115 betitia
3223 2063 3444 2127 avium;
3471 2080 3490 2113 ι
3529 2060 3680 2116 vide-

2094 2150 2219 2206 licet
2244 2151 2552 2205 animarum
2585 2163 2967 2222 pennatarum,
3004 2163 3061 2208 et
3090 2153 3509 2219 altivolantium,
3543 2154 3680 2209 alia-

2095 2263 2323 2317 rumque
2387 2256 2794 2302 mansuetarum
2849 2264 2917 2303 ac
2968 2249 3124 2303 bella:
3189 2246 3426 2313 indolis,
3473 2261 3596 2315 quae
3645 2264 3676 2299 a
3741 2240 3749 2248 ’

2091 2343 2234 2396 bono
2273 2351 2489 2412 pastore
2533 2350 2822 2412 reguntur:
2873 2351 2928 2395 ut
2976 2341 3164 2395 dicere
3196 2339 3461 2396 valeant;
3516 2357 3536 2390 ι
3566 2338 3675 2394 Do-

2092 2432 2271 2490 ntinus
2300 2435 2472 2504 pascit
2506 2448 2612 2500 me,
2639 2443 2696 2488 et
2723 2433 2862 2488 nihil
2896 2433 3026 2488 mihi
3059 2433 3236 2488 deerit
3257 2433 3327 2486 ⁸⁸.
3355 2452 3374 2486 ι

2161 2611 2325 2668 Vens.
2359 2614 2413 2667 8.
2465 2635 2481 2664 ι
2511 2612 2583 2668 Ibi
2613 2613 2722 2668 erit
2756 2614 2840 2667 via
2879 2629 3034 2682 pura,
3075 2625 3130 2668 et
3156 2613 3240 2667 via
3281 2625 3472 2669 sancta
3505 2629 3668 2670 νοεὶν

2088 2706 2274 2762 hitur:
2335 2716 2391 2759 et
2451 2722 2555 2760 non
2619 2705 2875 2760 transibit
2938 2705 3064 2760 illac
3114 2705 3492 2759 imnmndus.»
3543 2703 3673 2761 Hac

2090 2813 2221 2852 sane
2253 2796 2414 2853 fuerit
2466 2799 2582 2866 illa,
2617 2814 2739 2869 qua:
2789 2798 2940 2854 ducit
2985 2801 3051 2853 ad
3087 2797 3460 2853 felicissimum
3507 2800 3668 2852 ﬁnem

2087 2891 2334 2947 caelestis
2382 2891 2476 2946 Dei
2529 2891 2800 2956 civitatis,
2850 2907 3015 2960 quam
3067 2890 3354 2946 declarans
3406 2891 3672 2950 Servatur

2087 2985 2300 3039 dicebat
2335 3003 2348 3039 :
2403 3003 2422 3036 ι
2457 2985 2566 3055 Ego
2591 2999 2712 3039 sum
2759 2986 2841 3037 via
2869 3004 2888 3036 ι
2918 2985 2988 3042 ⁵⁷.
3042 3003 3061 3035 ι
3087 2981 3272 3054 Neque
3309 2983 3415 3038 erit
3462 2984 3533 3038 ibi
3581 2984 3667 3040 via

2088 3075 2297 3147 impura
2331 3095 2345 3132 :
2375 3079 2466 3147 qui
2505 3086 2688 3132 autem
2741 3077 2972 3146 dispersi
3019 3087 3170 3140 sunt,
3210 3074 3566 3132 ambulabunt
3612 3077 3668 3132 in

404 3159 524 3228 τῆς,
556 3160 648 3213 καὶ
673 3161 732 3212 ού
781 3160 854 3231 μὴ
890 3160 1222 3233 πλανηθῶσι.
1256 3182 1275 3215 ι
1318 3162 1472 3226 Τίνες
1507 3163 1566 3216 δὲ
1602 3158 1768 3228 οὗτοι,
1802 3163 1916 3218 ἀλλ’
1948 3165 1982 3235 ἢ

2088 3183 2174 3234 ea,
2211 3185 2386 3240 neque
2407 3171 2691 3226 errabunt.
2716 3189 2735 3222 ι
2782 3169 3011 3236 Quinam
3055 3169 3152 3234 illi,
3202 3168 3305 3225 nisi
3349 3169 3440 3238 qui
3473 3167 3610 3228 olim.
3636 3187 3668 3227 a

405 3252 455 3302 οἱ
505 3248 671 3306 πάλαι
713 3250 1150 3324 διεσκεδασμένοι
1187 3253 1280 3308 τοῦ
1313 3254 1448 3308 Θεοῦ
1489 3255 1583 3309 καὶ
1633 3256 1852 3328 μακρὰν
1888 3259 1985 3328 τῆς

2093 3260 2202 3316 Deo
2241 3263 2556 3335 (isgregati,
2584 3279 2614 3318 a
2643 3264 2874 3318 veritate
2905 3265 3089 3332 procul
3124 3264 3556 3319 aberraverant!
3599 3261 3666 3328 lli

405 3341 664 3412 ἀληθείας
687 3344 1194 3414 ἀποπλανηθέντες;
1243 3341 1402 3401 Οὗτοι
1440 3346 1583 3418 γὰρ,
1618 3346 1985 3420 παλινδρομή-

2089 3371 2324 3426 namque
2353 3357 2691 3426 retrogressi,
2729 3357 3054 3424 inventaque
3102 3365 3246 3410 recta
3305 3357 3546 3426 nullique
3569 3372 3664 3411 er-

409 3448 600 3496 σαντες
624 3472 639 3497 ,
688 3436 778 3488 καὶ
806 3437 904 3508 τὴν
938 3435 1150 3491 εὐθεῖαν
1188 3436 1284 3490 καὶ
1314 3435 1534 3508 ἀπλανῆ
1567 3437 1684 3491 ὁδὸν
1713 3438 1984 3509 εὑρόντες,

405 3524 766 3596 πορεύσονται
797 3527 855 3579 ἐν
882 3529 1045 3599 αὐτῇ.

480 3637 498 3669 ι
525 3619 633 3671 Καὶ
660 3619 758 3672 ούκ
787 3618 940 3674 ἔσται
966 3622 1083 3673 ἐκεῖ
1112 3620 1271 3686 λέων,
1299 3621 1421 3677 οὐδὲ
1458 3622 1568 3677 τῶν
1596 3623 1848 3694 πονηρῶν
1888 3624 1985 3696 θη·

405 3709 534 3780 ρίων
563 3708 624 3761 ού
655 3709 730 3780 μὴ
764 3709 938 3781 ἀναϐῇ
972 3711 1052 3773 είς
1082 3711 1273 3781 αὐτὴν,
1305 3711 1428 3764 οὐδὲ
1462 3710 1538 3783 μὴ
1573 3711 1769 3784 εὑρεθῇ
1797 3715 1932 3767 ἐκεῖ.
1958 3736 1977 3767 ι

358 3844 360 3846 τ
403 3799 526 3868 Πῶς
553 3799 662 3871 γὰρ
700 3802 794 3856 καὶ
827 3795 938 3854 οἷόν
969 3818 1030 3854 τε
1056 3798 1124 3872 ἦν
1156 3803 1215 3855 ὲν
1242 3801 1319 3873 τῷ
1342 3803 1609 3875 εἰρηκότι,
1650 3823 1668 3854 ι
1701 3803 1842 3872 Ἑγὼ
1868 3806 1982 3876 είμι

401 3895 436 3962 ἠ
485 3892 670 3957 ὁδὸς.»
724 3895 1013 3966 εὑρεθῆναί
1063 3913 1119 3949 τι
1166 3895 1274 3950 τῶν
1322 3895 1606 3968 πονηρῶν;
1663 3896 1795 3950 Οὐδὲ
1833 3897 1983 3962 ὁδοὺς

401 3981 578 4052 ζφεως
621 3985 714 4038 ἐπὶ
762 3987 968 4059 πέτραν
1011 3987 1234 4042 δυνατὸν
1267 3983 1336 4059 ἧν
1377 3988 1558 4059 εὑρεῖν
1592 3987 1732 4041 κατά
1767 3988 1859 4042 τὸν
1889 3990 1982 4044 Σο-

402 4090 672 4146 λομωντα.

476 4189 495 4220 ι
519 4170 678 4226 Ἀλλά
726 4172 1084 4246 πορεύσονται
1127 4174 1184 4228 ἐν
1223 4175 1362 4246 αὐτῇ
1410 4173 1836 4249 λελυτρωμένοι,
1887 4177 1981 4229 καὶ

401 4262 729 4334 συνηγμένοι
775 4263 863 4316 διὰ
904 4264 1107 4335 Κυρίου
1136 4283 1147 4294 ο
1184 4283 1202 4315 ι
1241 4263 1335 4328 οὓς
1379 4264 1542 4328 αὐτὸς
1583 4264 1823 4335 δηλονότι
1859 4266 1980 4317 έλυ-

397 4352 646 4424 τρὼσατο
671 4351 748 4423 τῷ
788 4353 900 4424 ἰδίῳ
927 4354 1118 4424 αἵματι
1137 4395 1153 4416 .
1185 4355 1279 4407 καὶ
1307 4356 1354 4408 oi
1389 4355 1715 4425 συνηγμένοι
1755 4355 1844 4412 διά
1870 4357 1982 4408 Κυ-

400 4443 539 4513 ρίου,
569 4444 682 4497 ἀλλ’
715 4445 834 4498 οὐδὲ
858 4445 947 4498 διά
973 4448 1274 4518 προφήτου,
1300 4447 1420 4500 οὐδὲ
1449 4447 1539 4500 διά
1567 4464 1712 4512 τινος
1745 4448 1977 4518 σπουδῆς

2088 3447 2198 3504 rori
2224 3449 2458 3506 obnoxia
2488 3450 2596 3514 via,
2627 3450 2680 3504 in
2712 3465 2775 3504 ea
2803 3450 3179 3504 ambulabunt.

2161 3626 2320 3682 Vens.
2347 3628 2399 3682 9.
2453 3627 2561 3682 ιΕι
2613 3645 2719 3683 non
2773 3627 2878 3682 erit
2934 3627 3006 3683 ibi
3037 3627 3144 3692 leo,
3196 3642 3371 3696 neque
3425 3627 3535 3681 ulla
3592 3644 3684 3694 ex,

2085 3701 2474 3776 malislbestiis
2519 3720 2776 3775 ascendet
2824 3720 2878 3774 in
2931 3734 3075 3785 eam,
3130 3734 3306 3787 neque
3353 3719 3663 3776 invenietur

2084 3811 2178 3867 ibi.
2213 3831 2232 3865 ι
2289 3813 2392 3878 Qui
2440 3812 2587 3867 enim
2618 3812 2735 3866 ﬁeri
2765 3821 3020 3882 poterat,
3072 3813 3208 3866 utin
3250 3826 3356 3878 eo,
3382 3812 3475 3881 qui
3507 3812 3664 3870 dixe.

2087 3917 2190 3972 rat,
2227 3923 2244 3957 ι
2276 3905 2388 3976 Ego
2424 3921 2544 3960 sum
2590 3905 2696 3970 via,
2727 3925 2746 3956 ι
2785 3904 2911 3959 mali
2959 3905 3236 3974 quidpiam
3283 3904 3663 3974 reperiretur?

2081 3998 2270 4068 Neque
2300 3999 2416 4052 vias
2444 3999 2716 4067 serpentis
2749 3997 2802 4050 in
2839 4007 2993 4067 petra
3026 3995 3276 4050 invenire
3305 4003 3427 4050 erat
3466 4011 3660 4051 secuno

2082 4092 2208 4146 dum
2242 4091 2614 4146 Salomonem.

2154 4183 2320 4239 Vxns.
2359 4185 2448 4240 10.
2510 4183 2656 4239 «Sed
2703 4185 2754 4238 in
2804 4199 2867 4239 ea
2917 4183 3272 4238 ambulabunt
3320 4183 3576 4254 redempti
3606 4196 3665 4238 et

2080 4277 2392 4346 congregati
2454 4291 2551 4344 per
2603 4276 2930 4344 Dominum;
2963 4297 2984 4330 ι
3046 4293 3183 4344 quos
3244 4276 3498 4332 videlicet
3545 4277 3663 4346 ipse

2081 4369 2302 4439 proprio
2328 4371 2591 4439 sanguine
2629 4369 2858 4424 redemit
2891 4387 2905 4424 :
2935 4379 2993 4425 et
3033 4370 3124 4436 qui
3171 4369 3483 4440 congregati
3532 4380 3663 4424 sunt

2080 4479 2110 4516 a
2149 4463 2400 4529 Domino,
2445 4479 2552 4517 non
2595 4478 2626 4516 a
2674 4463 2963 4532 propheta,
2997 4477 3098 4517 nec
3137 4463 3370 4516 humana
3404 4459 3659 4529 quapiam

397 4534 768 4606 ἀνθρωπίνηςο
798 4537 865 4590 δι’
890 4537 1054 4590 αὐτοῦ
1083 4537 1138 4591 δὲ
1159 4538 1254 4592 τοῦ
1277 4539 1484 4609 Κυρίου
1514 4541 1562 4592 οἱ
1577 4537 1973 4614 λελυτρωμένοι

2088 4555 2458 4620 sollicitudine,
2498 4571 2685 4610 verum
2725 4556 2816 4624 qui
2869 4556 2940 4611 ab
2973 4555 3089 4624 ipso
3124 4552 3350 4608 Domino
3393 4551 3659 4618 redempti

399 4627 490 4678 καὶ
504 4641 668 4694 συνηγ
679 4627 848 4695 μένοι,
861 4622 1004 4682 οὗτοι
1020 4646 1089 4681 πο
1093 4627 1186 4700 ρεύ
1194 4645 1375 4686 σονται
1390 4629 1487 4705 τὴν
1497 4629 1824 4700 δηλωθεῐσαν
1835 4629 1971 4684 ὁδόν.

404 4744 422 4774 ο
454 4726 560 4778 Καὶ
589 4727 1122 4799 άποστραφήσονται,
1172 4729 1267 4783 καὶ
1291 4730 1510 4800 ἥξουσιν
1543 4731 1624 4794 είς
1677 4729 1815 4784 Σιὼν
1845 4733 1962 4801 μετ’

391 4827 755 4900 εὐφροσύνης.
784 4851 803 4881 ι
839 4830 912 4883 Ού
939 4831 1049 4903 γάρ
1079 4831 1145 4904 δὴ
1165 4832 1389 4886 δυνατὸν
1411 4831 1646 4886 ἐνταῦθα
1668 4831 1804 4885 Σιὼν
1830 4834 1974 4889 ὲκεί-

394 4945 490 4996 νην
507 4931 926 5001 παραδέχεσθαι,
953 4934 1083 5005 περὶ
1099 4930 1167 5006 ἦς
1186 4934 1392 5006 εἴρητο·
1421 4955 1439 4985 ι
1465 4935 1574 4988 Καὶ
1590 4934 1832 5000 ἐνιαυτὸς
1857 4938 1976 4990 ἀντ-

390 5029 696 5094 αποδόσεως
711 5031 942 5102 κρίσεως
953 5033 1108 5089 Σιών·
1117 5036 1208 5089 καὶ
1219 5039 1428 5108 στραφή
1436 5054 1614 5091 σονται
1628 5041 1684 5092 αἰ
1696 5039 1978 5109 φάραγγες

393 5130 651 5199 αύτῆςείς
676 5130 896 5198 πίσσαν,
911 5154 928 5184 ›
950 5135 1042 5188 καὶ
1059 5136 1128 5190 τὰ
1142 5137 1352 5200 τούτοις
1371 5138 1517 5208 ἑξῆς.
1537 5141 1736 5211 Διόπερ
1761 5143 1971 5216 ἀνάγκη

390 5229 660 5300 διαφόρως
705 5233 847 5285 νοεῖν
898 5232 999 5297 τὰς
1054 5236 1376 5307 ὁμωνύμους
1425 5241 1974 5312 προσαγορευομένας

391 5332 545 5386 Σιών.
578 5355 597 5386 ι
617 5335 726 5390 Καὶ
752 5337 1057 5410 εὐφροσύνη
1079 5339 1293 5406 αἰώνιος
1311 5343 1450 5415 ὑπὲρ
1477 5346 1714 5418 κεφαλῆς
1734 5348 1934 5406 αὐτῶν.
1949 5369 1967 5402 ι

389 5437 451 5489 Οἱ
481 5435 591 5509 γάρ
624 5440 844 5509 νικηταὶ
875 5439 970 5493 τοῦ
998 5441 1236 5510 μεγάλου
1265 5444 1456 5500 τούτου
1482 5447 1691 5517 ἀγῶνος
1723 5452 1972 5524 στεφάνῳ

388 5535 726 5608 εὐφροσύνης
779 5539 1153 5608 ἀναδὴσονται.
1211 5563 1228 5594 ι
1254 5544 1378 5597 Ἐπὶ
1428 5546 1537 5618 γὰρ
1580 5547 1680 5618 τῆς
1715 5549 1969 5620 ,κεφαλῆς

387 5637 568 5692 αὐτῶν
596 5639 801 5704 αῖνεσις
834 5641 925 5694 καὶ
968 5642 1299 5715 ἀγαλλίαμα,
1343 5649 1437 5701 καὶ
1465 5649 1770 5723 εὐφροσύνη
1805 5669 1972 5708 κατα·

451 5861 496 5894 ⁵⁸
527 5861 669 5919 Psal.
706 5879 844 5931 un,
887 5866 937 5925 l.
1013 5866 1056 5896 ⁸⁷
1085 5864 1241 5923 Joau.
1282 5883 1392 5936 MV,
1429 5868 1486 5922 6.

2080 4660 2134 4704 ct
2174 4649 2486 4719 congregati
2537 4657 2686 4714 sunt,
2738 4649 2790 4701 hi
2835 4648 2886 4702 in
2934 4657 3232 4701 memorata
3277 4645 3359 4698 via
3408 4642 3660 4697 ambula.

2081 4743 2235 4796 bunt.
2284 4761 2302 4794 ι
2324 4742 2391 4796 Et
2431 4752 2770 4802 avertentur,
2802 4751 2856 4794 et
2899 4741 3119 4793 venient
3153 4739 3205 4791 in
3236 4735 3366 4790 Sion
3409 4751 3532 4789 cum
3566 4734 3657 4788 lae-

2084 4835 2222 4888 titia.
2254 4853 2272 4884 ι
2321 4833 2446 4888 llaec
2473 4835 2676 4904 quippe
2729 4843 3005 4901 nequeunt
3045 4832 3111 4884 de
3162 4829 3248 4883 illa
3289 4828 3454 4882 Sione
3494 4828 3657 4884 intel.

2083 4927 2195 4996 ligi,
2233 4927 2301 4981 de
2339 4943 2446 4994 qua
2489 4927 2692 4982 dictum
2742 4937 2868 4981 est:
2907 4943 2924 4975 ι
2958 4924 3023 4978 Et
3056 4938 3232 4976 annus
3285 4921 3657 4976 retributionis

2077 5017 2265 5085 jtnlicii
2289 5019 2419 5074 Sion
2448 5036 2464 5071 :
2491 5031 2545 5073 et
2572 5029 2964 5073 convertentur
2985 5016 3152 5070 valles
3173 5017 3290 5083 ejus
3321 5016 3373 5068 in
3402 5015 3600 5084 picem,
3628 5035 3652 5066 ι

2081 5119 2136 5162 et
2161 5120 2376 5165 caetera.
2409 5108 2774 5175 Quamobrem
2811 5108 2929 5162 illas
2957 5123 3078 5177 qua:
3105 5109 3296 5162 eodem
3330 5105 3513 5161 Sionis
3559 5123 3656 5170 no,-

2082 5198 2228 5252 mine
2276 5209 2561 5264 vocantur,
2615 5199 2766 5252 vario
2816 5198 2978 5253 modo
3029 5198 3332 5267 intelligere
3370 5213 3508 5268 Opus
3546 5211 3655 5253 est.

2085 5306 2104 5338 ι
2131 5288 2198 5343 Et
2222 5289 2409 5344 lanitia
2446 5290 2774 5357 sempiterna
2809 5304 2973 5358 super
3001 5299 3162 5357 caput
3199 5303 3415 5341 eorum.
3447 5307 3468 5340 ι
3517 5285 3656 5340 Nam

2082 5381 2116 5435 ii
2163 5382 2257 5451 qui
2325 5380 2378 5434 in
2430 5397 2628 5450 magno
2685 5380 2776 5436 illo
2821 5381 3124 5436 certamine
3173 5379 3414 5434 victores
3468 5390 3654 5439 erunt,

2079 5487 2279 5526 corona
2310 5473 2510 5526 laetitia:
2544 5472 2921 5528 redimientur.
2965 5491 2983 5523 ι
3008 5474 3064 5526 In
3089 5473 3265 5540 capite
3294 5471 3441 5524 enim
3465 5485 3655 5526 eorum

2079 5561 2198 5616 laus
2224 5573 2290 5615 et‘
2324 5563 2641 5629 essultatio,
2700 5573 2756 5617 et
2797 5565 2980 5618 laetitia
3034 5562 3460 5632 comprehendet
3504 5574 3648 5615 eos:

2078 5654 2341 5712 abscessit
2367 5655 2557 5723 ddlor,
2597 5657 2814 5714 tristitia
2845 5668 2898 5715 et
2925 5658 3191 5728 gemitus;
3228 5674 3246 5706 ι
3276 5655 3525 5710 videlicet
3555 5667 3652 5708 cos
