4158 6402
497 347 604 404 545

1197 347 1462 405 Ευεειιιι
1502 346 1984 407 CAESARiE‘NSIS
2023 349 2176 406 OPP.
2217 347 2398 404 PARS
2434 347 2522 403 Ill.
2563 378 2632 389 —-
2671 347 3084 406 EXEGETIGA.

3662 351 3766 405 ΞΗ
3785 365 3788 368 ’

499 469 594 537 ιιιί
628 467 681 522 in
711 468 934 524 salutari
961 471 1070 532 via,
1105 467 1239 522 nihil
1271 470 1415 524 nitro
1435 469 1686 541 citroque
1716 451 2070 533 dcﬂcctendo,

2189 470 2407 541 λήψεται
2455 468 2650 533 αὐτούς
2676 486 2688 500 ο
2739 469 2951 540 ἀπέδρα
2984 465 3175 539 ὀδύνη,
3219 467 3313 522 καί
3344 467 3486 539 λύπη
3516 468 3609 520 καὶ
3643 484 3762 520 στε-

501 562 938 627 ambulaverunt,
988 557 1220 631 ideoque
1247 565 1314 617 ad
1345 561 1720 618 felicissimum
1750 564 1910 619 linem
1951 579 2074 634 per-

500 662 822 708 venerunt:
870 651 960 707 ubi
1005 667 1209 708 corona
1265 651 1361 706 Dei
1420 651 1694 720 exornati,
1747 655 2077 724 sempiterna

501 743 611 796 vita
644 742 912 808 fruentur,
967 741 1021 798 in
1065 758 1232 812 regno
1263 743 1549 810 caelorum,
1595 744 1740 799 unde
1774 762 1793 794 ι
1818 744 2081 798 abscessit

500 835 658 890 dolor
686 842 741 889 et
772 834 1028 905 gemitus.
1060 853 1080 888 ι

1033 1011 1264 1068 CAPUT
1300 1012 1540 1068 XXXVI.

575 1104 739 1158 Vens.
779 1104 894 1158 1-5.
939 1123 958 1157 ι
997 1104 1065 1159 Ει
1111 1103 1314 1160 factum
1366 1116 1449 1159 est
1497 1119 1639 1160 anno
1676 1106 2082 1174 quartodecimo

503 1197 646 1267 regis
689 1195 972 1262 Ezechiae,
1023 1196 1270 1253 ascendit
1332 1195 1722 1252 Senuacherim
1774 1211 1870 1252 rex
1916 1198 2084 1267 Assy-

505 1291 714 1345 riorqu
765 1292 1034 1346 adversus
1079 1290 1245 1346 urbes
1293 1289 1494 1346 Iudaea:
1529 1290 1799 1356 munitas,
1844 1301 1901 1345 et
1942 1290 2084 1359 cepit

502 1397 618 1438 eas.
657 1383 721 1437 Et
760 1383 909 1438 misit
939 1398 1035 1438 rex
1063 1383 1418 1455 Assyriorum
1464 1382 1762 1438 Rabsacem
1789 1398 1857 1437 ex
1889 1382 2085 1438 Lachis

504 1476 560 1529 in
594 1472 896 1531 Jerusalem
932 1476 1001 1531 ad
1027 1491 1206 1546 regem
1240 1474 1533 1531 Ezechiam
1565 1490 1687 1531 cum
1715 1475 1916 1530 virtute
1947 1473 2086 1530 mul-

507 1579 583 1624 ta.
627 1569 691 1624 Et
724 1569 877 1624 stetit
925 1568 978 1622 in
1033 1567 1356 1638 aqumductu
1407 1568 1632 1638 piscina:
1672 1567 1991 1638 superioris,
2030 1565 2082 1620 in

2181 563 2389 633 ναγμός
2411 579 2427 594 ·
2456 582 2474 614 ι
2511 561 2752 634 δηλονότι
2779 563 2904 626 τοὺς
2945 560 3044 633 τὴν
3072 561 3338 632 σωτήριον
3374 560 3491 612 ὁδὸν
3536 559 3768 624 ἀκλινῶς

2183 654 2541 724 βαδίσαντας,
2575 653 2670 707 καὶ
2711 651 2800 706 διὰ
2830 651 2988 705 τοῦτο
3021 651 3116 709 ἐπὶ
3146 650 3207 705 τὸ
3239 649 3636 723 τρισμακάριον
3679 651 3768 703 τέ-

2181 747 2271 810 λος
2299 745 2766 816 καταντήσαντας’
2801 745 2859 796 ὲν
2897 737 2963 812 ᾧ,
2982 742 3228 812 στεφάνῳ
3255 742 3392 795 Θεοῦ
3423 741 3762 814 τιςηθέντες,

2182 837 2280 907 τῆς
2313 835 2531 889 αἰωνίου
2567 835 2714 906 ζωῆς
2756 834 3154 888 ἀπολαύσουσιν
3190 835 3248 886 ὲν
3285 835 3355 904 τῇ
3393 830 3499 884 τῶν
3525 831 3766 904 οὐρανῶν

2187 928 2456 1003 βασιλείᾳ,
2489 929 2618 984 ἔνθα
2653 948 2672 981 ι
2700 928 2911 1000 ἀπέδρα
2939 927 3098 999 ὀδύνη
3131 929 3224 982 καὶ
3253 926 3572 998 στεναγμός.
3600 945 3622 978 ι

2680 1021 3076 1074 ΚΕΦΑΛΑΙΟΝ
3113 1021 3254 1097 λς’.

2261 1134 2280 1166 ι
2309 1115 2420 1169 Καὶ
2441 1114 2658 1184 ἐγένετο
2686 1113 2780 1168 τοῦ
2813 1114 2873 1167 ιδ’
2905 1112 3059 1176 έτους
3095 1111 3468 1186 βασιλεύοντος
3498 1111 3763 1177 Ἐζεκίου,

2185 1205 2350 1276 ἀνέϐη
2387 1205 2758 1276 Σενναχηρεὶμ
2791 1203 3044 1274 βασιλεὺς
3086 1202 3384 1274 Ἀσσυρίων
3411 1203 3503 1256 ἐπὶ
3531 1202 3630 1267 τὰς
3666 1206 3765 1256 πό-

2184 1298 2298 1362 λεις
2343 1299 2443 1368 τῆς
2488 1296 2750 1360 Ἰουδαίας
2789 1295 2889 1360 τὰς
2929 1295 3152 1368 ὀχυράς,
3189 1296 3284 1349 καὶ
3324 1294 3515 1350 ἔλαϐεν
3573 1296 3762 1360 αὑτάς.

2185 1392 2296 1446 Καὶ
2351 1387 2636 1444 ἀπέστειλε
2689 1386 2942 1459 βασιλεὺς
2993 1387 3291 1459 Ἀσσυρίων
3327 1386 3420 1440 τὸν
3460 1387 3767 1459 Ῥαϐσάκην

2186 1485 2252 1536 ἐκ
2284 1481 2470 1553 Λάχης
2499 1481 2578 1545 είς
2617 1479 2970 1552 Ἰερουσαλὴμ
2989 1479 3128 1551 πρὸς
3146 1479 3238 1533 τὸν
3262 1479 3485 1550 βασιλέα
3522 1479 3768 1544 Ἐζεκίαν

2190 1574 2329 1647 μετά
2364 1572 2646 1643 δυνάμεως
2693 1572 2913 1643 πολλῆς.
2947 1573 3055 1625 Καὶ
3088 1571 3217 1643 έστη
3261 1574 3320 1624 ἐν
3351 1572 3428 1643 τῷ
3462 1573 3768 1645 ύδραγωγῷ

409 2197 418 2211 ι
507 2139 705 2198 quarto
758 2127 964 2198 Regum
1010 2135 1065 2182 et
1113 2127 1166 2180 in
1223 2125 1471 2180 secundo
1509 2123 1958 2193 Paralipomenon
2002 2137 2091 2177 re-

504 1662 592 1716 via
631 1662 748 1731 agri
784 1660 1027 1716 fullonis.
1066 1660 1134 1715 Et
1161 1669 1418 1729 egressus
1471 1667 1557 1714 est
1589 1660 1656 1714 ad
1696 1673 1821 1715 eum
1857 1657 2083 1713 Eliacim

2189 1667 2285 1738 τῆς
2322 1661 2710 1736 κολυμϐήθρας
2753 1663 2854 1734 τῆς
2880 1664 2993 1718 ἀνω
3023 1665 3079 1716 ὲν
3110 1666 3176 1735 τῇ
3212 1663 3317 1735 ὁδῷ
3346 1664 3442 1718 τοῦ
3467 1663 3641 1737 ἀγροῦ
3673 1665 3767 1719 τοῦ

507 1754 651 1808 tilius
680 1753 934 1819 Chelciza,
980 1767 1333 1820 (economus,
1387 1763 1444 1809 et
1489 1754 1724 1809 Somnas
1764 1753 1978 1816 scriba,
2030 1761 2086 1806 ει

2189 1759 2457 1830 κναφέως.
2495 1758 2605 1812 Καὶ
2643 1755 2832 1829 ἐξῆλθε
2882 1756 3019 1828 πρὸς
3069 1756 3232 1810 αὑτὸν
3289 1757 3570 1830 Ἐλιακείμ
3613 1759 3642 1812 6
3672 1759 3769 1812 τοῦ

503 1843 672 1902 Joach
701 1847 846 1900 illius
867 1845 1075 1916 Asaph,
1100 1861 1129 1899 a
1159 1845 1586 1900 commentariis.
1620 1862 1639 1896 ι
1667 1842 1932 1898 Mirabilis
1954 1857 2086 1896 sane

2191 1819 2443 1915 Χελκίου,
2473 1849 2502 1902 6
2524 1819 2826 1918 οἰκονόμος,
2855 1819 2948 1900 καλ.
2971 1847 3182 1918 Σομνᾶς
3214 1849 3242 1901 6
3265 1819 3647 1920 γραμματεὺς,
3677 1851 3770 1903 καὶ

507 1951 592 1995 εει
621 1940 734 1994 haec
764 1939 989 1994 historia
1013 1947 1068 1994 et
1094 1937 1336 1992 narratio
1361 1951 1541 1992 rerum
1569 1933 1817 1990 Ezechias
1841 1943 2086 2003 tempore

2203 1943 2362 2013 ἰωάχ
2390 1944 2419 1995 6
2446 1940 2542 1994 τοῦ
2602 1940 2796 2010 Ἀσάφ,
2832 1939 3425 2011 ύπομνηματογράφος.
3449 1961 3467 1992 ι
3539 1942 3772 2012 ’ἱστορία

507 2045 830 2104 gestarum:
879 2048 1001 2104 quae
1053 2033 1195 2088 inter
1241 2030 1478 2101 reliquas
1527 2029 1786 2085 historias
1838 2029 1893 2083 in
1946 2028 2086 2082 libro

2193 2035 2294 2106 μέν
2331 2035 2478 2089 ἐστιν
2511 2036 2545 2104 ὴ
2575 2031 2910 2106 προκειμένη
2936 2032 3029 2084 καὶ
3050 2032 3297 2104 διήγησις
3323 2033 3609 2104 θαυμαστὴ
3631 2051 3770 2105 πρα-

2189 2127 2416 2199 γμάτων
2441 2126 2579 2181 κατά
2605 2125 2732 2189 τοὺς
2755 2125 2978 2197 χρόνους
3007 2124 3248 2189 Ἐζεκίου
3269 2125 3593 2197 γενομένων·
3629 2127 3774 2179 ἀνεί-

507 2232 784 2275 censetur.
823 2221 1075 2274 Attamen
1107 2232 1170 2274 ea
1201 2217 1331 2272 huic
1359 2216 1680 2288 prophetico
1713 2214 1853 2270 libro
1882 2215 2087 2269 inserta

2189 2219 2391 2290 ληπται
2422 2218 2479 2272 δὲ
2516 2218 2655 2290 μετά
2687 2216 2797 2270 τῶν
2829 2217 3029 2271 λοιπῶν
3065 2217 3316 2290 ἱστοριῶν
3349 2219 3407 2270 ἐν
3439 2220 3506 2290 τῇ
3533 2219 3769 2290 τετάρτῃ

510 2313 632 2376 fuit,
663 2315 788 2384 quia
824 2312 928 2368 sub
967 2311 1130 2367 linem
1173 2310 1416 2367 historiae
1457 2318 1566 2364 tum
1607 2309 1919 2380 prophetia,
1973 2319 2086 2362 tum

2189 2309 2294 2364 τῶν
2338 2308 2654 2374 Βασιλειῶν,
2685 2309 2780 2362 καὶ
2818 2310 2876 2363 ἐν
2907 2311 2974 2380 τῇ
3026 2309 3257 2380 δευτέρᾳ
3287 2309 3398 2363 τῶν
3434 2311 3771 2381 Παραλειπο-

509 2420 597 2460 res
624 2405 866 2473 quazdam
893 2403 1155 2459 mirabilis
1179 2413 1235 2458 et
1265 2403 1655 2473 inexspectata,
1684 2402 1932 2458 Ezechiae
1957 2411 2089 2456 tem-

510 2513 643 2565 pore
672 2507 821 2569 gesta
853 2507 1127 2552 narratur.

2188 2399 2386 2471 μένων.
2402 2400 2592 2469 Ὅμως
2613 2398 2658 2451 δ’
2676 2393 2768 2452 οὖν
2788 2398 2883 2452 καὶ
2907 2400 2964 2451 ἐν
2984 2400 3051 2469 τῇ
3084 2397 3219 2470 μετά
3239 2401 3426 2471 χεῖρας
3460 2405 3769 2475 προφητικῇ

2145 2524 2160 2537 .
2189 2490 2355 2562 βίϐλῳ
2375 2489 2795 2563 καταϐέϐληται,
2812 2489 2899 2542 διά
2919 2489 2981 2542 τὸ
3010 2489 3345 2562 ὲμιρέρεσθαι
3376 2490 3512 2562 πρὸς
3535 2492 3595 2545 τὸ
3622 2491 3772 2556 τέλος

505 2591 606 2661 τῆς
650 2591 891 2664 ἱστορίας
949 2590 1309 2662 προφητείαν,
1373 2587 1466 2644 καί
1506 2604 1628 2641 τινα
1660 2585 1902 2658 μεγάλην
1936 2586 2030 2639 καὶ
2090 2583 2393 2657 παράδοξον
2467 2583 2664 2655 πρᾶξιν
2715 2582 3150 2636 ἐπιτελεσθεῖσαν
3203 2582 3342 2637 κατά
3386 2585 3512 2649 τοὺς
3553 2586 3774 2656 χρόνους

520 2681 783 2748 Ἐζεκίου.

583 2777 744 2832 Vsus.
776 2778 831 2831 4.
855 2795 874 2830 ι
911 2777 980 2832 Ει
1006 2777 1144 2832 dixit
1164 2777 1245 2834 eis
1271 2776 1579 2832 Rabsaces:
1606 2773 1778 2828 Dicite
1796 2770 2080 2827 Ezechizn:

514 2870 640 2925 Hmc
676 2869 810 2924 dicit
841 2883 929 2924 rex
959 2884 1209 2938 magnus,
1247 2883 1340 2922 rex
1373 2867 1754 2938 Assyriorum:
1789 2865 1928 2930 Quid
1955 2878 2087 2918 con-

2270 2790 2287 2822 ι
2318 2769 2429 2824 Καὶ
2463 2764 2616 2822 εἶπεν
2658 2767 2842 2830 αὐτοῖς
2879 2763 3208 2835 Ῥαϐσάκης’
3246 2763 3452 2818 Εἴπατε
3519 2764 3772 2839 Ἐζεκίᾳο

2193 2862 2332 2916 Τάδε
2359 2861 2508 2930 λέγει
2537 2863 2566 2914 ό
2596 2859 2846 2932 βασιλεὺς
2868 2859 2896 2911 ὁ
2923 2859 3116 2930 μέγας,
3145 2858 3399 2928 βασιλεὺς
3441 2859 3772 2931 Ἀσσυρίωνο

510 2961 676 3018 fidis?
714 2979 733 3012 ι
771 2959 902 3013 Nam
929 2976 1026 3014 ceu
1059 2969 1298 3029 potestas
1328 2959 1573 3027 quaedam
1607 2958 1924 3029 prophetico
1964 2971 2083 3011 ser-

2191 2952 2257 3005 Τί
2290 2949 2567 3014 πεποιθὼς
2599 2946 2681 3015 εἷ;
2714 2969 2732 3001 ι
2773 2950 2984 3020 Ὥσπερ
3017 2951 3126 3020 γάρ
3157 2967 3242 3014 τις
3289 2950 3636 3022 ἀντικειμένη
3679 2949 3775 3004 δύ-

521 3054 666 3108 moni
701 3053 1013 3107 adversaria
1051 3051 1274 3118 dicenti,
1311 3051 1434 3104 llaec
1477 3050 1612 3105 dicit
1671 3049 1928 3104 Dominus
1952 3087 1969 3114 ,
2009 3047 2090 3102 sic

508 3157 568 3200 et
611 3146 702 3200 ille
745 3144 1062 3200 clamabat:
1107 3163 1126 3196 ι
1177 3143 1301 3199 Haec
1349 3144 1482 3198 dicit
1530 3155 1624 3198 rex
1674 3156 1939 3211 magnus,
1993 3154 2088 3196 rex

512 3237 883 3308 Assyriorum.
921 3255 941 3289 ι

583 3329 748 3384 Vens.
780 3328 837 3394 5,
866 3327 920 3384 6.
958 3346 980 3380 ι
1016 3328 1154 3384 Ecce
1185 3329 1412 3385 confidis
1441 3329 1607 3398 virgae
1631 3327 1940 3382 arundinea:
1967 3327 2090 3382 huic

510 3423 838 3489 confracta,
901 3420 1177 3492 Egypto:
1225 3421 1310 3478 cui
1359 3422 1404 3478 si
1456 3422 1542 3476 vir
1587 3420 1870 3487 innitatur,
1924 3432 2089 3490 pene-

512 3514 679 3570 trabit
709 3528 925 3568 manum
957 3513 1093 3583 ejus.
1135 3513 1226 3568 Sic
1272 3523 1356 3568 est
1384 3512 1599 3569 Pharao
1638 3528 1733 3568 rex
1761 3511 2005 3583 Egypti,
2036 3521 2092 3569 et

509 3620 704 3662 omnes
728 3606 830 3676 'qui
883 3605 1162 3661 confidunt
1187 3606 1240 3662 in
1279 3619 1368 3663 eo.
1412 3624 1431 3659 ι
1469 3605 1816 3677 Sycophanta
1853 3619 1976 3664 cum
2000 3618 2090 3659 es-

510 3705 596 3752 set
620 3697 892 3762 inimicus,
917 3697 1207 3753 Ezechiam
1238 3696 1676 3753 calumniabatur
1705 3697 1911 3760 dicens,
1949 3693 2092 3750 Ecce

511 3787 742 3845 conﬁdis
789 3786 1062 3859 Egypto,
1106 3798 1163 3845 et
1221 3787 1491 3844 Pharaoni
1547 3788 1659 3860 regi
1696 3786 1946 3858 Egypti,
1995 3785 2090 3856 qui

511 3881 805 3938 fidentibus
851 3882 982 3949 sibi,
1025 3891 1080 3938 et
1121 3883 1471 3954 sperantibus
1516 3883 1570 3940 in
1609 3898 1706 3948 se,
1751 3882 1946 3954 quovis
1981 3881 2090 3936 ini-

509 3977 657 4031 mico
689 3976 929 4032 deterior
957 3984 1062 4040 est,
1114 3977 1364 4033 nesciens
1403 3987 1557 4047 pacta
1609 3991 1830 4032 scrvare
1859 3989 1982 4029 cum
2023 3971 2090 4028 iis

513 4066 607 4134 qui
642 4066 708 4120 ad
755 4067 930 4137 ipsum
969 4065 1326 4138 confugiunt:
1369 4083 1540 4138 quare
1591 4068 1824 4123 similem
1863 4065 1938 4119 ait
1970 4079 2092 4118 esse

511 4159 681 4226 virgae
715 4157 940 4224 calami,
971 4174 1092 4228 qua:
1127 4160 1292 4216 simul
1325 4171 1520 4216 natura
1556 4161 1786 4230 fragilis,
1814 4168 1870 4215 et
1901 4158 1967 4214 iis
1997 4156 2088 4228 qui

509 4251 615 4320 ipsi
647 4250 952 4307 innituntur
993 4253 1154 4308 noxia
1180 4263 1285 4310 est.

2189 3061 2355 3116 ναμις
2405 3043 2485 3114 τῷ
2522 3042 2857 3116 ⁸προφητικῷ
2891 3042 2968 3115 τῷ
2984 3043 3264 3114 φάσκοντι,
3302 3042 3440 3097 Τάδε
3483 3041 3630 3112 λέγει
3658 3045 3774 3096 Κύς-

2193 3151 2328 3207 ριος,
2359 3134 2456 3188 καί⁵
2484 3128 2638 3198 οὗτος
2664 3133 2790 3187 ὲϐόα
2809 3151 2825 3164 ·
2871 3152 2891 3186 ι
2918 3133 3059 3188 Τάδε
3093 3133 3239 3204 λέγει
3276 3134 3304 3187 6
3337 3133 3590 3205 βασιλεὺς
3615 3137 3644 3189 6
3675 3135 3776 3207 μέ-

2190 3244 2313 3298 γας,
2341 3229 2369 3281 6
2397 3227 2649 3299 βασιλεὺς
2682 3226 3002 3300 Ἀσσυρίων.
3023 3244 3044 3278 ι

2266 3337 2285 3372 ι
2323 3319 2453 3373 ’ἰδοὺ
2485 3317 2761 3381 πεποιθὼς
2811 3315 2864 3372 εἷ
2915 3319 3009 3372 ἐπὶ
3069 3319 3168 3390 τὴν
3233 3319 3431 3391 ῥάϐδον
3477 3319 3576 3392 τὴν
3599 3321 3770 3375 καλα-

2195 3409 2355 3482 μίνην
2384 3411 2486 3483 τὴν
2514 3409 2886 3481 τεθλασμένην
2910 3410 3134 3482 ταύτην,
3165 3411 3251 3463 ἐπ’
3281 3410 3573 3480 Αἴγυπτον,
3601 3412 3676 3475 ὡς
3705 3412 3774 3466 ἀν

2191 3502 2552 3575 έπιστηριχθῇ
2589 3502 2728 3574 ἀνὴρ
2768 3503 2856 3555 ἐπ’
2884 3502 3092 3574 αὐτὴν,
3139 3500 3506 3557 εἰσελεύσεται
3557 3504 3638 3567 είς
3671 3505 3773 3574 τὴν

2189 3597 2350 3667 χεῖρα
2379 3594 2575 3649 αὐτοῦ’
2607 3592 2782 3658 οὕτως
2811 3593 2930 3647 ἐστὶ
2959 3592 3158 3666 Φαραὼ
3193 3593 3447 3665 βασιλεὺς
3472 3593 3770 3664 Αἰγύπτου,

2190 3688 2287 3742 καὶ
2317 3687 2518 3752 πάντες
2545 3687 2596 3741 oi
2624 3685 2944 3750 πεποιθότες
2980 3687 3067 3740 ἐπ’
3092 3686 3260 3758 αὐτῷ.
3284 3706 3304 3739 ι
3344 3687 3694 3758 Συκοφάντης
3714 3687 3775 3741 δὲ

2189 3777 2266 3835 ὢν
2319 3781 2350 3834 6
2401 3779 2593 3852 ἐχθρὸς
2641 3777 3037 3849 καταψεύδεται
3086 3779 3183 3834 τοῦ
3247 3780 3522 3848 Ἐζεκίου,
3574 3779 3771 3850 λέγων,

2205 3869 2334 3925 Ἰδοὺ
2369 3868 2648 3934 πεποιθὼς
2675 3865 2728 3925 εἶ
2756 3870 2842 3923 ἐπ’
2879 3869 3173 3940 Αἴγυπτον,
3204 3872 3301 3926 καὶ
3329 3859 3421 3925 ἐπὶ
3445 3871 3644 3944 Φαραὼ
3671 3871 3771 3942 βα-

2193 3963 2346 4018 σιλέα
2368 3961 2743 4033 Αίγύπτου,δς
2766 3964 2880 4027 τοῖς
2907 3964 3340 4036 ὲπερειδομένοις
3371 3967 3458 4019 ἐπ’
3485 3964 3653 4037 αὐτῷ,
3678 3964 3774 4020 καὶ

2191 4055 2551 4128 ὲπιθαρροὖσι
2601 4056 2802 4122 παντὸς
2845 4057 3054 4128 γίνεται
3105 4057 3362 4129 πολεμίου
3410 4057 3630 4130 χείρων,
3673 4059 3773 4112 ούκ

2191 4151 2348 4216 εἰδὼς
2377 4151 2666 4222 φυλάττειν
2699 4149 2800 4216 τὰς
2839 4149 3115 4221 συνθήκας
3143 4152 3256 4214 τοῖς
3288 4149 3589 4222 πρόσφυξιν
3608 4167 3622 4180 ·
3651 4149 3761 4204 ὃθες

2192 4243 2426 4298 ἐοικέναι
2459 4242 2623 4297 αὐτὸν
2652 4241 2834 4314 ῥάϐδῳ
2864 4241 3162 4314 καλαμίνῃ,
3191 4240 3327 4312 ὁμοῦ
3363 4241 3458 4295 καὶ¹
3485 4240 3548 4294 τὸ
3575 4240 3774 4313 σαθρὸν

2197 4337 2398 4411 ἐχούσῃ
2444 4339 2509 4392 ὲκ
2567 4337 2803 4408 φύσεως,
2841 4337 2935 4392 καὶ
2960 4336 3023 4390 τὸ
3057 4335 3317 4407 βλαϐερὸν
3347 4336 3460 4400 τοῖς
3497 4333 3770 4406 έπερειδσν-

2199 4430 2379 4501 μένοις
2410 4429 2568 4501 αὐτῇ.

579 4514 750 4573 Vm.
779 4515 834 4572 7.
861 4533 882 4569 ι
915 4515 1070 4586 Quod
1096 4517 1142 4573 si
1171 4517 1373 4583 dicitis,
1401 4516 1459 4573 in
1504 4518 1733 4573 Domino
1761 4517 1872 4574 Deo
1901 4527 2087 4574 nostro

2268 4540 2286 4572 ι
2318 4521 2380 4573 Ei
2399 4518 2457 4574 δὲ
2483 4517 2691 4590 λέγετε,
2736 4518 2860 4573 Ἐπὶ
2891 4517 3095 4592 Κύριον
3123 4517 3215 4574 τὸν
3246 4517 3382 4572 Θεὸν
3400 4518 3557 4589 ἡμῶν
3579 4519 3772 4574 πεποί-

509 4609 874 4665 conﬁdimus:
921 4625 1101 4666 annon
1137 4611 1256 4680 ipse
1285 4618 1392 4677 est,
1429 4611 1588 4681 cujus
1620 4611 1837 4668 excelsa
1868 4613 2090 4670 sustulit

512 4703 796 4770 Ezechias,
842 4710 899 4758 et
931 4703 1127 4757 altaria
1167 4701 1322 4770 ejus;
1358 4713 1416 4758 et
1465 4703 1606 4758 dixit
1641 4702 1795 4759 ,ιιιιιω
1831 4713 1888 4759 ει
1930 4703 2091 4760 Jeru-

508 4792 940 4850 salem:Coram
971 4792 1127 4848 altari
1173 4793 1279 4848 isto
1318 4793 1587 4848 adorate?
1631 4811 1650 4844 ι
1698 4791 1817 4848 Non
1865 4792 2086 4864 ignora-

510 4885 640 4940 bant
672 4884 819 4938 enim
856 4884 1091 4952 inimici,
1124 4883 1416 4938 Ezechiam
1445 4892 1501 4938 et
1527 4881 1622 4952 qui
1658 4897 1782 4938 cum
1809 4897 1876 4938 eo
1907 4891 2086 4947 erant,

508 4974 762 5043 precibus
799 4989 864 5027 ac
904 4974 1010 5042 piis
1048 4974 1396 5029 sermonibus
1427 4974 1493 5028 ad
1541 4977 1910 5044 superandum
1949 4988 2088 5043 opus

511 5066 736 5120 habere.
783 5065 908 5120 [hac
950 5067 1067 5137 ipsa
1116 5067 1459 5122 criminando
1505 5066 1634 5121 dicit
1676 5065 1782 5120 dux
1835 5067 2090 5137 Assyrio-

510 5171 654 5222 rum,
710 5155 1001 5213 Ezechiatu
1051 5160 1207 5228 quasi
1256 5168 1578 5229 prmsentem
1626 5159 1950 5228 alloquens:
2000 5159 2084 5213 cui

507 5250 773 5305 Ezechias
811 5260 867 5306 ει
903 5252 994 5320 qui
1029 5267 1154 5306 cum
1203 5265 1270 5308 eo
1311 5263 1467 5308 erant
1509 5254 1624 5307 tunc
1665 5253 1788 5321 jure
1835 5266 2089 5322 reposue-

506 5344 651 5397 riut:
690 5360 710 5394 ι
748 5341 812 5397 ili
841 5344 896 5398 in
931 5343 1210 5411 curribus,
1253 5356 1309 5402 et
1345 5347 1401 5400 hi
1451 5349 1502 5400 in
1538 5346 1729 5416 equis;
1776 5362 1874 5404 nos
1908 5356 2088 5402 autem

510 5434 564 5488 in
613 5436 835 5490 nomine
889 5436 984 5491 Dei
1026 5437 1199 5494 nostri
1237 5439 1617 5496 invocabimus
1643 5439 1711 5494 ⁸⁸.
1748 5459 1768 5493 ι

584 5613 750 5672 Vatis.
779 5618 933 5673 8-10.
977 5638 996 5673 ι
1034 5618 1189 5678 Nune
1233 5623 1507 5697 adjungite
1549 5640 1645 5683 vos
1693 5625 1921 5682 Domino
1969 5641 2090 5682 meo

584 5824 626 5856 "'
656 5827 797 5884 Psal.
837 5845 951 5896 χιι,
983 5829 1034 5884 8.

2192 4612 2398 4683 θαμενο
2453 4611 2553 4665 οὐκ
2603 4611 2768 4675 αὑτός
2821 4610 2959 4674 ἐστι,
3012 4603 3074 4663 οὗ
3129 4609 3352 4679 ἀφεῖλεν
3416 4611 3662 4676 Ἐζεκίας
3703 4612 3773 4666 τὰ

2191 4702 2370 4775 ὑψηλά
2401 4703 2587 4768 αὐτοῦ,
2617 4703 2713 4758 καὶ
2744 4701 2816 4756 τά
2839 4701 3202 4775 θυσιαστήρια
3216 4701 3380 4756 αὑτοῦ
3398 4719 3415 4736 ο
3445 4704 3538 4756 καὶ
3553 4700 3675 4758 εἷπε
3696 4703 3774 4777 τῷ

2203 4795 2373 4868 Ἰούδᾳ
2411 4796 2506 4849 καὶ
2551 4799 2617 4867 τῇ
2683 4796 3075 4867 Ὶερουσαλήμ’
3131 4793 3289 4848 Κατά
3339 4795 3631 4866 πρόσωπον
3675 4796 3773 4852 τοῦ

2185 4885 2576 4957 θυσιαστηρίου
2596 4885 2786 4938 τούτου
2811 4885 3222 4957 προσκυνήσατε
3245 4899 3259 4949 ;
3284 4903 3301 4934 ι
3329 4883 3404 4937 Ού
3421 4883 3528 4955 γάρ
3545 4883 3774 4953 ἠγνόουν

2192 4979 2242 5031 οἱ
2289 4977 2554 5048 πολέμιοι,
2607 4977 2688 5030 ὃτι
2730 4977 2796 5029 δι’
2828 4975 3003 5048 εὐχῶν
3049 4978 3272 5047 κρατεῖν
3325 4975 3419 5029 καὶ
3460 4975 3549 5028 διὰ
3601 4974 3774 5044 λόγων

2195 5069 2458 5123 θεοσεϐὦν
2481 5069 2561 5122 δεῖ
2588 5070 2680 5122 τὸν
2714 5068 2960 5137 Ἐζεκίαν
2986 5067 3078 5122 καὶ
3109 5067 3236 5131 τοὺς
3257 5068 3354 5120 σὺν
3385 5067 3551 5138 αὐτῷ.
3588 5067 3774 5124 Ταῦτα

2193 5162 2331 5218 αὐτὰ
2376 5161 2650 5215 διαϐάλλει
2682 5163 2711 5215 6
2741 5160 2834 5214 τοῦ
2881 5159 3167 5232 Ἀσσυρίου
3221 5158 3545 5230 στρατηγὸς,
3599 5159 3774 5228 λέγων

2193 5255 2270 5318 ὼς
2319 5255 2455 5325 πρὸς
2491 5254 2736 5325 παρόντα
2783 5253 2873 5307 τὸν
2919 5252 3198 5317 Ἐζεκίαν·
3234 5251 3373 5322 πρὸς
3409 5250 3468 5303 ὂν
3516 5250 3581 5304 ἂν
3623 5245 3775 5305 εἶπεν

2208 5345 2455 5412 Ἐζεκίας
2483 5346 2577 5400 καὶ
2617 5347 2667 5400 οἱ
2716 5346 2813 5399 σὺν
2842 5343 3019 5416 αύτῷ·
3062 5362 3082 5395 ι
3107 5338 3266 5398 Οὗτοι
3306 5344 3364 5395 έν
3413 5343 3645 5414 ἅρμασι,
3681 5344 3776 5396 καὶ

2198 5433 2344 5495 οὗτοι
2369 5441 2426 5495 ὲν
2452 5441 2640 5505 ἵπποις
2659 5457 2671 5470 °
2709 5439 2869 5512 ἡμεῖς
2893 5439 2952 5494 δὲ
2985 5440 3046 5494 ὲν
3070 5437 3297 5510 ὀνόματι
3323 5435 3417 5491 τοῦ
3446 5437 3582 5492 Θεοῦ
3616 5437 3776 5510 ἡμῶν

2200 5531 2653 5603 ὲπικαλεσόμεθα.
2687 5551 2705 5583 ι

2275 5644 2294 5678 ι
2324 5625 2436 5680 Νῦν
2473 5622 2699 5696 μίχθητε
2733 5623 2810 5694 τῷ
2852 5623 3042 5696 Κυρίῳ
3078 5635 3190 5694 μου
3211 5621 3288 5696 τῷ
3333 5623 3544 5695 βασιλεῖ
3586 5623 3764 5678 ’Δσσυ-
