4158 6402
410 282 516 341 815

1292 282 1801 342 COIIENTARIA
1840 284 1907 341 IN
1947 284 2204 343 ISAIAM.
2245 320 2315 334 —-—
2348 288 2504 345 CAP.
2545 286 2788 346 XXXVI.

3572 288 3679 347 346

413 399 565 472 ριων,
598 398 692 452 καὶ
721 395 879 450 δώσω
926 396 1054 469 ὑμῖν
1084 397 1350 470 δισχιλίαν
1383 399 1588 465 ἵππων,
1617 401 1666 454 εί
1700 400 1974 474 δυνήσεσθι

2104 403 2213 473 regi
2248 403 2618 476 Assyriorum,
2665 412 2722 458 et
2765 402 2909 459 dabo
2953 401 3108 458 vobis
3149 401 3259 456 duo
3294 401 3461 456 millia
3509 418 3679 473 equo-

408 491 594 546 δοῦναι
620 482 900 556 ἀναὸἀτας
930 494 1018 545 ἐπ’
1048 492 1265 556 αὐτούς.
1297 493 1408 547 Καὶ
1439 492 1560 556 πῶς
1595 492 1825 547 δύνασθε
1859 494 1997 548 ἀπο-

411 582 642 656 στρέψαι
673 585 753 647 είς
783 584 1079 656 πρόσωπον
1107 584 1217 639 τῶν
1246 583 1567 656 τοπαρχῶνς
1598 570 1825 640 Χῦίκέται
1856 586 1996 640 είσὶν

408 678 461 731 oi
488 675 809 741 πεποιθότες
839 676 926 729 ἐπ’
952 677 1307 747 Αίγυπτίους.
1339 677 1449 731 Καὶ
1474 676 1573 731 νῦν
1612 676 1689 749 μὴ
1723 677 1851 732 ἄνευ
1881 680 1996 733 Κυ-

406 770 531 840 ρίου
564 768 839 841 ἀνέϐημεν
870 769 965 822 ἐπὶ
1003 768 1106 841 τὴν
1143 768 1328 842 χώραν
1365 768 1605 842 tatis-qv;
1640 768 1846 843 Κύριος
1872 767 1993 825 εἷπε

414 862 551 935 πρὸς
581 863 680 934 μέ·
716 862 973 935 ’Δνάεηθι
1006 863 1101 917 ἐπὶ
1118 862 1218 935 τὴν
1238 863 1345 934 γῆν
1367 862 1593 936 ταύτην,
1624 863 1717 918 καὶ
1746 863 1991 934 διάφθει-

415 971 507 1025 ρον
558 955 747 1027 αὑτήν.
775 975 794 1007 ν
831 956 1038 1027 Δεῖγμα
1081 953 1158 1021 δὲ,
1205 957 1392 1027 φησὶν,
1443 956 1673 1027 ἐναργὲς
1715 955 1811 1010 τοῦ
1851 955 1994 1011 κατά

410 1044 738 1117 πρόσταγμα
783 1045 920 1100 Θεοῦ
966 1046 1139 1101 ταῦτα
1186 1047 1542 1119 γεγενῆσθαι,
1584 1047 1647 1103 τὸ
1669 1050 1768 1121 τὴν
1807 1050 1992 1121 Σαμά-

411 1153 562 1209 ρειαν
591 1136 729 1191 ἑλεῖν
757 1138 851 1192 καὶ
879 1139 1058 1193 πάντα
1076 1139 1168 1193 τὸν
1208 1138 1422 1213 Ἰσραὴλ
1443 1141 1753 1211 ἀπαγαγεῖν
1782 1142 2007 1213 αἰχμάςΔ

407 1227 597 1285 λωτον.
649 1227 737 1293 Ὠς
786 1229 898 1304 γὰρ
934 1231 1176 1296 ἐκείνως
1208 1232 1470 1302 ἀδελφοὺς
1499 1234 1660 1300 ὄντας
1688 1234 1990 1307 ὑμετέρους

404 1313 571 1387 εἶλον,
610 1323 711 1376 οὐκ
740 1323 916 1388 ἄλλως
955 1323 989 1396 ἢ
1026 1323 1121 1378 τοῦ
1153 1324 1289 1379 Θεοῦ
1330 1324 1674 1398 βουλομένου,
1702 1328 1796 1384 τὸν
1827 1329 1989 1382 αὑτὸν

403 1414 602 1488 τρόπον
635 1416 799 1469 αὑτοῦ
831 1416 1060 1487 νεύματι
1087 1418 1182 1472 καὶ
1204 1418 1349 1490 ὑμᾶς
1380 1418 1651 1491 λήψομαι.
1687 1420 1810 1475 Εἴτε
1841 1422 1899 1475 δὲ
1924 1423 1988 1477 ἐκ

400 1505 498 1560 τοῦ
526 1508 732 1571 εἰκότος
754 1508 928 1563 ταῦτα
959 1509 1166 1579 ἔφασκε
1201 1510 1596 1583 στοχαζόμενος
1619 1512 1683 1566 τὸ
1713 1530 1987 1587 κεκρατη-

402 1596 555 1653 κέναι
609 1599 704 1654 τοῦ
753 1601 1187 1673 χρηματίζοντος
1235 1603 1365 1656 λαοῦ
1396 1604 1490 1659 τοῦ
1536 1604 1698 1672 Θεοῦ,
1730 1604 1874 1674 λέγω
1919 1606 1984 1678 δὴ

398 1690 495 1745 τοῦ
540 1692 758 1765 Ἰσραήλ
779 1710 794 1725 ο
831 1693 942 1748 εἴτε
960 1695 1056 1749 καὶ
1086 1695 1303 1768 ἀληθῶς
1336 1695 1553 1768 ᾔσθετο,
1588 1697 1721 1751 Θεοῦ
1740 1697 1980 1752 ὑποϐάλ-

2098 510 2241 561 rnm,
2268 495 2315 551 si
2349 494 2603 565 poteritis
2632 495 2765 548 dare
2795 507 3041 550 sessores
3074 508 3286 548 eorum.
3315 491 3381 547 Et
3410 497 3678 564 quomodo

2094 587 2322 655 pote-ais
2365 597 2518 641 stare
2554 587 2609 641 in
2656 592 2953 657 conspectu
3003 583 3437 655 toparcliarum?
3483 584 3676 639 Dome-

2093 679 2218 734 stici
2260 689 2420 744 sunt,
2467 678 2561 749 qui
2622 674 2896 749 Egyptiis
2949 675 3253 734 conﬁdunt.
3301 675 3365 730 Et
3420 691 3562 729 tmnc
3606 691 3676 728 au

2093 774 2302 840 absque
2344 770 2573 825 Domino
2610 769 2958 824 ascendimus
3012 767 3066 823 in
3121 778 3324 823 terram
3360 766 3540 822 hanc?
3576 765 3678 821 Do-

2097 863 2277 919 minus
2311 861 2452 917 dixit
2480 861 2609 916 mihi
2646 878 2660 915 :
2698 860 2950 916 Ascende
2981 858 3034 914 in
3070 868 3267 914 terram
3294 857 3456 923 hanc,
3486 868 3542 913 et
3568 858 3678 912 dis-

2092 956 2258 1024 perde
2288 969 2431 1010 cam.
2463 973 2483 1007 ι
2523 954 2940 1024 Argumentum,
2971 951 3170 1022 inquit,
3191 949 3540 1006 manifestum
3572 959 3678 1013 cst,

2092 1046 2209 1101 base
2242 1046 2398 1116 jussu
2430 1045 2525 1101 Dei
2565 1056 2789 1116 peracta
2830 1043 3020 1107 fuisse,
3054 1042 3199 1108 quod
3240 1040 3329 1099 ille
3369 1040 3674 1098 Samariam

2090 1137 2508 1208 expugnaverit,
2539 1147 2595 1191 et
2624 1137 2936 1191 uniVersum
2968 1133 3224 1192 lsraelem
3269 1136 3543 1206 captivum
3572 1135 3672 1191 ab-

2090 1226 2327 1284 duxerit.
2364 1224 2833 1293 Quemadmodum
2869 1222 3017 1278 enim
3044 1237 3169 1290 eos,
3210 1223 3303 1294 qui
3344 1222 3544 1279 fratres
3585 1236 3678 1278 ve-

2088 1320 2189 1375 stri
2230 1328 2393 1383 sunt,
2432 1315 2732 1374 nonaliter
2783 1330 2947 1387 quam
2984 1315 3097 1371 Deo
3136 1315 3373 1385 volente,
3419 1316 3559 1387 cepi,
3599 1316 3672 1370 ita

2088 1421 2147 1468 ct
2172 1412 2290 1479 ejus
2343 1420 2476 1466 nutu
2516 1424 2615 1464 vos
2648 1408 2882 1476 capiam.
2924 1407 3049 1463 Haec
3080 1422 3246 1479 porro
3281 1409 3396 1466 sive
3439 1424 3506 1465 ex
3557 1409 3671 1463 veri

2088 1504 2446 1559 similitudine
2482 1502 2718 1567 dicebat,
2770 1501 2898 1556 hinc
2933 1503 3251 1572 conjectura
3292 1503 3485 1568 ducta,
3529 1503 3672 1574 quod

2086 1610 2251 1660 eum,
2290 1596 2387 1667 qui
2435 1595 2665 1667 populus
2710 1594 2804 1649 Dei
2839 1580 3171 1661 vocabatur,
3215 1594 3468 1652 lsraelem
3513 1595 3669 1662 dico,

2066 1699 2496 1759 expugnasset;
2538 1689 2658 1745 sive
2702 1688 2849 1760 quod
2896 1703 3082 1743 revera
3116 1689 3375 1753 sentiret,
3414 1704 3443 1742 a
3483 1688 3673 1745 Denso

397 1781 583 1845 λοντος
609 1782 776 1837 αὑτοῦ
808 1786 920 1849 τοῖς
950 1766 1232 1858 λογισμοῖς
1260 1766 1469 1859 τῇίτῶν
1509 1788 1778 1842 Ἰουδαίων
1814 1789 1974 1843 ἐπελ-

2088 1780 2155 1836 ad
2194 1780 2505 1837 Iudaeorum
2558 1790 2759 1836 terram
2823 1780 3183 1836 invadendam
3227 1781 3486 1836 immissis
3530 1783 3675 1852 cogi-

396 1869 513 1924 θεῖν
544 1869 719 1943 χώρᾳ,
747 1872 834 1927 διὰ
865 1874 963 1939 τάς
1015 1876 1414 1948 πεπραγμένας
1443 1878 1628 1943 αὐτοῖς
1658 1878 1856 1945 κακίας
1887 1883 1981 1935 καὶ

397 1964 764 2035 παρανομίας.

403 2141 415 2153 .
475 2094 495 2128 ι
524 2078 635 2131 Καὶ
690 2077 809 2131 εἶπε
868 2078 1007 2151 πρὸς
1043 2079 1206 2134 αὐτὸν
1249 2081 1557 2154 Ἐλιακείμ,
1606 2083 1700 2137 καὶ
1744 2084 1980 2155 Σομνᾶς,

398 2168 495 2221 καὶ
533 2167 722 2240 Ὶωάχ’
756 2168 1004 2243 Λάλησον
1036 2175 1172 2244 πρὸς
1202 2174 1329 2238 τοὺς
1363 2175 1558 2240 παῖδάς
1589 2192 1686 2230 σου
1719 2177 1978 2250 Συριστί·

397 2259 672 2332 ἀκούομεν
699 2261 809 2334 γὰρ
838 2263 1033 2334 ἡμεῖς·
1076 2265 1169 2318 καὶ
1203 2264 1278 2337 μὴ
1312 2264 1462 2320 λάλει
1494 2267 1629 2337 πρὸς
1658 2268 1808 2339 ἡμᾶς
1845 2268 1979 2323 ’ῐου-

392 2350 591 2406 δαῖστί.
628 2354 738 2407 Καὶ
767 2355 855 2408 ἵνα
886 2355 942 2409 τί
970 2354 1152 2419 λαλεῖς
1184 2359 1263 2421 είς
1292 2358 1363 2412 τὰ
1390 2355 1506 2413 ὦτα
1532 2359 1640 2414 τῶν
1677 2360 1980 2433 ἀνθρώπων

394 2443 490 2497 ἐπὶ
512 2443 590 2515 τῷ
615 2445 818 2517 τείχει;
846 2466 865 2500 ι
899 2447 1180 2519 Τηρητέον
1206 2451 1285 2514 δὲ,
1311 2452 1387 2517 ὡς
1425 2453 1520 2508 καὶ⁹
1543 2453 1652 2507 τῶν
1678 2456 1738 2508 ἐν
1764 2455 1978 2520 τούτοις
2027 2505 2045 2527 ,

399 2534 817 2608 ὀνομαζομένων
854 2538 1084 2612 ἀνδρῶν,
1136 2539 1278 2611 λέγω
1308 2542 1373 2615 δὴ
1417 2544 1511 2598 τοῦ
1572 2545 1856 2618 Ἐλιακεὶμ
1882 2547 1978 2601 καὶ

390 2626 486 2679 τοῦ
517 2627 717 2698 Σομνᾶ.
743 2629 838 2683 καὶ
878 2628 967 2683 διά
995 2629 1103 2684 τῶν
1141 2631 1451 2705 ἔμπροσθεν
1490 2636 1712 2708 μνήμην
1742 2636 1980 2692 ἐποιεῖτο

390 2720 421 2772 6
444 2720 730 2792 προφήτης
748 2721 808 2774 ἐν
827 2720 907 2793 τῷ
928 2724 1134 2794 ῥήματι
1158 2725 1259 2795 τῆς
1284 2726 1571 2797 φάραγγος
1592 2727 1751 2784 Σιών.
1789 2730 1982 2800 Ἀναγ-

391 2810 525 2865 καία
570 2812 631 2865 δέ
676 2815 824 2869 ἐστιν
869 2817 903 2887 ἡ
956 2817 1282 2890 ἐπιτήρησις
1322 2820 1404 2883 είς
1446 2819 1509 2874 τὸ
1560 2820 1867 2893 ἐφαρμόσαι
1907 2825 1976 2896 τῇ

393 2903 732 2979 προκειμένῃ
777 2906 989 2980 ἱστορία
1037 2908 1164 2972 τοὺς
1215 2912 1274 2962 ἐν
1322 2910 1507 2984 ἐκείνῃ
1546 2915 1614 2985 τῇ
1669 2914 1980 2989 προφητεία

395 2995 730 3068 φερομένους
796 2998 1007 3067 λόγους.
1049 3002 1187 3056 Φασὶ
1229 3002 1286 3057 δέ
1337 3004 1527 3068 παῖδες
1583 3005 1848 3079 Ἑϐραίων
1884 3006 1978 3062 τὸν

2088 1874 2389 1929 tationibus
2433 1873 2719 1947 instigari,
2755 1874 2826 1930 ob
2866 1872 3010 1929 mala
3053 1881 3110 1929 et
3158 1872 3370 1929 scelera
3422 1874 3491 1929 ab
3540 1874 3672 1946 ipsis

2084 1976 2417 2036 perpetrata.

2156 2056 2321 2113 Vens.
2355 2058 2444 2113 ll.
2475 2077 2494 2110 σ
2534 2058 2602 2114 Et
2645 2058 2785 2114 dixit
2828 2059 2878 2114 ei
2916 2057 3142 2114 Eliacim
3166 2097 3183 2125 ,
3217 2066 3273 2115 et
3299 2057 3527 2114 Somnas
3551 2101 3567 2125 ,
3616 2068 3672 2115 et

2081 2149 2288 2208 Joach:
2318 2149 2568 2224 Loquere
2598 2153 2664 2207 ad
2707 2165 2900 2208 servos
2940 2150 3062 2207 tuos
3108 2151 3372 2224 Syrisce:
3416 2152 3669 2207 audimus

2082 2244 2228 2302 enim
2258 2261 2389 2301 nos:
2433 2257 2488 2302 et
2519 2260 2587 2301 ne
2628 2246 2849 2317 loquere
2895 2243 2963 2299 ad
3000 2259 3100 2300 nos
3139 2241 3382 2300 Judaice.
3441 2235 3510 2297 Et
3536 2243 3666 2314 quid

2083 2337 2324 2409 loqueris
2361 2338 2417 2393 in
2450 2352 2614 2393 aures
2651 2336 2968 2403 hominum,
3017 2334 3110 2407 qui
3154 2342 3307 2391 stant
3352 2348 3519 2405 supra
3545 2349 3668 2389 mu-

2083 2431 2241 2488 rum?
2276 2449 2295 2483 ι
2326 2429 2635 2486 Notandum
2664 2438 2768 2493 est,
2793 2429 2881 2484 hic
2909 2436 3332 2483 memoratarum
3359 2426 3663 2491 hominum,

2081 2524 2337 2581 videlicet
2382 2522 2611 2580 Eliacim
2661 2532 2719 2576 et
2762 2520 3000 2588 Somnat,
3045 2519 3212 2576 etiam
3262 2518 3318 2574 in
3366 2518 3667 2589 pramissis

2080 2614 2418 2671 mentionem
2461 2629 2491 2668 a
2524 2612 2792 2683 propheta
2824 2611 3023 2666 factam
3059 2624 3202 2677 esse,
3247 2625 3373 2667 cum
3417 2609 3483 2666 de
3527 2609 3665 2664 valle

2081 2706 2213 2765 Sion
2243 2722 2428 2763 sermo
2456 2707 2773 2762 haberetur.
2819 2703 2921 2761 llic
2969 2718 3135 2777 porro
3174 2717 3237 2758 ea
3281 2701 3665 2759 observatione

2077 2808 2168 2856 est
2201 2813 2359 2870 opus,
2391 2807 2449 2853 ut
2491 2797 2619 2853 huic
2653 2795 2919 2864 historiae,
2940 2795 3241 2868 prophetia:
3276 2795 3424 2851 illius
3462 2811 3666 2851 sermo-

2080 2905 2181 2947 nes
2204 2892 2550 2962 adaptemus.
2578 2891 2749 2944 Aiunt
2770 2900 2956 2946 autem
2980 2887 3213 2956 llebrzei,
3234 2888 3376 2944 hunc
3402 2886 3661 2944 Somnaut

2077 2983 2148 3039 ad
2180 2983 2464 3056 Assyrium
2503 2990 2693 3053 postea
2725 2982 3194 3059 transfugisse,“
3234 2996 3357 3039 cum
3395 2981 3516 3038 aliis
3556 2982 3659 3052 ipsi

392 3066 603 3158 Σομνάν
621 3087 810 3143 τοῦτον
833 3090 1199 3165 αὐτομολῆσαι
1234 3095 1372 3168 πρὸς
1388 3095 1483 3151 τὸν
1507 3066 1797 3170 ζΑσσύριον
1821 3098 1974 3152 ὓστε-

2078 3066 2359 3130 dexteraitt
2419 3073 2751 3143 contulisse,
2805 3074 2925 3146 ejus
2977 3074 3271 3131 formidine
3312 3084 3657 3147 permotum:

390 3193 509 3248 ρον,
534 3177 714 3246 δεξιὰν
747 3180 898 3252 αὐτῷ
931 3184 1029 3237 σὺν
1068 3185 1277 3257 ἑτέροις
1320 3186 1590 3244 δεδωκότα
1638 3189 1727 3244 διὰ
1769 3190 1863 3244 τὸν
1912 3190 1972 3259 ἐξ

392 3268 557 3323 αὑτοῦ
592 3270 791 3340 φόδονο
829 3275 925 3343 καὶ
969 3274 1159 3330 τούτου
1190 3278 1350 3350 χάριν
1382 3279 1472 3334 διὰ
1517 3281 1627 3335 τῶν
1660 3281 1973 3356 ἔμπροσθεν

390 3364 881 3435 προφητευθέντων
912 3369 1041 3439 περὶ
1076 3369 1244 3424 αὐτοῦ
1277 3371 1547 3427 λέλεκται.

464 3469 486 3505 ι
508 3452 623 3506 Καὶ
646 3448 770 3508 εἷπε
803 3455 942 3526 πρὸς
971 3457 1170 3523 αὐτοὺς
1210 3459 1555 3534 Ῥαόσάκηςο
1589 3461 1686 3534 Μὴ
1711 3462 1850 3534 πρὸς
1878 3463 1971 3519 τὸν

391 3540 582 3613 κύριον
616 3543 792 3615 ὑμῶν,
826 3546 859 3618 ἢ
900 3548 1038 3620 πρὸς
1093 3549 1240 3621 ὑμᾶς
1269 3551 1581 3607 ἀπέσταλκε
1620 3571 1687 3626 με
1717 3557 1746 3610 6
1779 3554 1970 3629 κύριός

391 3648 517 3701 μου,
549 3631 779 3705 λαλῆσαι
812 3635 939 3700 τοὺς
967 3637 1158 3707 λόγους
1198 3640 1455 3707 τούτουςς
1495 3643 1630 3715 Οὐχὶ
1659 3643 1798 3716 πρὸς
1839 3646 1970 3709 τοὺς

384 3721 709 3795 ἀνθρώπους
744 3725 873 3791 τοὺς
904 3727 1251 3800 καθημένους
1279 3730 1374 3784 ἐπὶ
1402 3730 1482 3803 τῷ
1517 3732 1706 3803 τείχει,
1740 3732 1826 3787 ἴνα
1862 3734 1968 3805 φά.-

385 3827 526 3879 γωσι
555 3814 780 3888 κόπρον,
809 3816 903 3871 καὶ
929 3818 1126 3873 πίωσιν
1147 3816 1309 3891 οὖρον
1337 3822 1455 3893 μεθ’
1485 3822 1641 3894 ὑμῶν
1673 3824 1828 3895 ἄμας
1855 3825 1969 3880 Kal.

388 3902 522 3977 ιστη
562 3907 894 3980 Ῥαόσάκης,
941 3910 1036 3962 καὶ
1066 3910 1327 3983 ἀνεϐόησε
1373 3917 1525 3986 φωνῇ
1576 3915 1787 3989 μεγάλῃ
1831 3918 1966 3971 ἰου-

382 3992 564 4049 ὂαῖστὶ
601 3996 696 4051 καὶ
726 3992 881 4052 εἶπεν
898 4014 915 4030 ο
961 4000 1254 4054 Ἀκούσατε
1285 4002 1411 4067 τοὺς
1443 4002 1634 4072 λόγους
1665 4004 1762 4059 τοῦ
1809 4004 1965 4076 βασι-

384 4087 524 4154 λέως
552 4090 648 4144 τοῦ
683 4092 939 4164 μεγάλου,
978 4094 1242 4164 βασιλέως
1287 4097 1605 4168 Ἀσσυρίων.
1642 4097 1781 4153 Τάδε
1816 4099 1966 4168 λέγει

383 4183 413 4235 6
443 4181 729 4254 βασιλεύςο
768 4186 861 4258 Μὴ
891 4187 1156 4242 ἀπατάτω
1187 4189 1331 4260 ὑμᾶς
1368 4189 1616 4257 Ἐζεκίας
1659 4191 1864 4261 λόγοις·
1900 4193 1962 4246 οὐ

380 4274 605 4347 δύνηται
639 4276 906 4349 ῥύσασθαι
944 4280 1108 4350 ὑμᾶς.
1143 4282 1255 4336 Kal.
1310 4281 1386 4355 μὴ
1415 4282 1619 4352 λεγέτω
1644 4285 1778 4357 ὑμῖν
1812 4284 1964 4349 Ἐζε-

385 4367 533 4432 κίας,
566 4369 651 4422 ὅτι
681 4371 904 4441 ῥύσεται
938 4373 1080 4444 ὑμᾶς
1105 4372 1136 4425 6
1161 4373 1314 4439 Θεὸς,
1354 4376 1450 4430 καὶ
1482 4378 1545 4430 οὐ
1577 4378 1652 4450 μὴ
1683 4380 1960 4453 παραδοθῇ

383 4461 419 4531 ἡ
438 4461 593 4525 πόλις
616 4462 754 4537 αὕτη
785 4466 845 4518 ἐν
876 4467 1020 4538 χειρὶ
1041 4467 1306 4537 βασιλέως
1320 4469 1638 4541 Ἀσσυρίων.
1652 4470 1744 4543 Μὴ
1770 4470 1962 4526 ἀκούε-

380 4572 443 4610 τι
512 4553 771 4620 Ἐζεκίου.
802 4557 938 4611 Τάδε
995 4558 1141 4627 λέγει
1174 4560 1204 4612 6
1234 4560 1487 4631 βασιλεὺς
1529 4564 1828 4638 Ἀσσυρίων
1848 4584 1864 4599 ο
1896 4568 1961 4622 El

384 4646 642 4718 βούλεσθε
694 4647 1075 4720 εὐλογηθῆναι,
1122 4651 1485 4723 ἐκπορεύεσθε
1550 4656 1687 4727 πρὸς
1731 4657 1824 4728 μὲ,
1866 4658 1962 4713 καὶ¹

383 4739 624 4811 φάγεσθε
651 4740 879 4803 ἕκαστος
905 4739 1004 4812 τὴν
1035 4742 1278 4812 ἄμπελον
1309 4745 1474 4798 αὐτοῦ
1506 4747 1600 4800 καὶ
1627 4747 1727 4812 τὰς
1765 4750 1959 4817 συκᾶς,

384 4832 479 4884 καὶ
506 4829 696 4885 πίεσθε
728 4830 871 4903 ὕδωρ
898 4832 961 4885 ἐκ
989 4829 1085 4886 τοῦ
1117 4832 1320 4886 λάκκου
1352 4835 1533 4906 ὑμῶν·
1568 4836 1673 4902 ἕως
1705 4838 1774 4894 ἂν
1796 4839 1955 4907 ἔλθω,

380 4924 476 4979 καὶ
502 4923 651 4978 λάῦω
702 4925 850 4995 ὑμᾶς
891 4926 974 4989 είς
1016 4926 1144 4996 γῆν,
1174 4926 1251 4991 ὡς
1283 4929 1316 4998 ἡ
1346 4929 1417 5000 γῆ
1452 4929 1627 5001 ὑμῶν,
1659 4932 1733 5005 γῆ
1785 4933 1956 5002 σίτου,

379 5014 475 5067 καὶ
510 5013 655 5066 οἴνου
685 5014 779 5066 καὶ
806 5012 1010 5085 ἀρτων,
1038 5016 1133 5068 καὶ
1169 5015 1528 5086 ἀμπελώνων.
1559 5021 1652 5092 Μὴ
1696 5023 1959 5078 ἀπατάτω

377 5104 524 5174 ὑμᾶς
568 5104 834 5170 Ἐζεκίας,
883 5104 1086 5175 λέγων·
1128 5108 1186 5162 '0
1223 5108 1357 5174 Θεὸς
1397 5109 1620 5182 ῥύσεται
1664 5115 1831 5187 ἡμᾶς.
1866 5117 1958 5189 Μὴ

378 5193 679 5266 ἐρρύσαντο
716 5195 767 5249 oi
812 5194 926 5251 θεοὶ
958 5197 1065 5252 τῶν
1098 5198 1302 5265 ἐθνῶν,
1341 5201 1573 5267 ἕκαστος
1633 5204 1733 5277 τὴν
1761 5207 1956 5262 ἑαυτοῦ

377 5284 560 5357 χώραν
592 5288 658 5340 ἐκ
700 5287 880 5359 χειρὸς
923 5287 1187 5358 βασιλέως
1232 5292 1568 5366 ’Δσσυρίων;
1603 5297 1715 5351 Ποῦ
1756 5300 1903 5353 ἐστιν
1929 5303 1959 5354 6

378 5375 499 5440 θεὸς
550 5377 745 5446 Ἐμάθ,
795 5380 890 5431 καὶ
931 5378 1173 5451 ’Δρφάθς
1222 5384 1320 5439 καὶ
1351 5384 1455 5440 ποῦ
1490 5389 1521 5442 6
1555 5387 1690 5453 Θεὸς
1727 5391 1827 5462 τῆς
1855 5392 1956 5445 πό-

376 5467 514 5531 λεως
559 5469 969 5542 Ἐκφαρουαῖμ;
1016 5473 1108 5545 Μὴ
1153 5475 1406 5530 ἐδύναντο
1454 5479 1720 5550 ῥύσασθαι
1765 5483 1955 5555 Σαμά-

381 5576 532 5629 ρειαν
556 5562 622 5615 ἐκ
651 5562 834 5635 χειρός
866 5579 1005 5636 μους
1033 5584 1050 5617 ι
1075 5566 1553 5643 Οὐδὲνδιαφέρειν
1592 5573 1828 5645 νομίζων
1864 5576 1957 5630 τὸν

379 5651 442 5704 ἐν
463 5653 530 5724 τῇ
571 5652 925 5726 Ἰερουσαλὴμ
958 5655 1270 5728 τιμώμενον
1294 5659 1404 5715 τῶν
1439 5663 1591 5735 παρά
1620 5667 1735 5729 τοῖς
1776 5665 1958 5732 ἀλλοις

378 5738 558 5795 ιθνεσι
580 5742 1010 5817 πεπλανημένως
1036 5746 1178 5803 θεῶν
1198 5750 1589 5824 νομιζομένων.
1614 5756 1751 5811 Κατ’
1772 5758 1953 5829 ὀλίγον

2076 3175 2243 3237 atque
2275 3166 2397 3222 ideo
2449 3181 2548 3233 ea,
2590 3182 2713 3247 quae
2762 3169 3019 3239 superius
3065 3169 3120 3225 in
3170 3169 3455 3241 prophetia
3496 3169 3664 3224 conti-

2077 3270 2300 3327 nentur,
2329 3259 2399 3316 de
2440 3260 2533 3316 illo
2567 3261 2711 3317 dicta
2746 3261 2938 3318 fuisse.

2146 3440 2313 3497 Vens.
2349 3441 2539 3502 12-20.
2578 3460 2600 3496 r
2638 3442 2705 3498 Et
2729 3441 2869 3498 dixit
2911 3442 2980 3499 ad
3008 3456 3104 3499 eos
3152 3443 3429 3500 Rabsaces
3460 3459 3476 3496 :
3518 3439 3656 3497 Num

2074 3536 2142 3591 ad
2172 3536 2451 3591 dominum
2484 3547 2747 3601 vestrum,
2786 3543 2885 3592 aut
2921 3536 2989 3591 ad
3028 3550 3126 3591 vos
3181 3534 3330 3591 misit
3374 3549 3459 3591 me
3490 3533 3659 3590 domi-

2071 3643 2174 3683 nus
2212 3642 2402 3696 meus,
2465 3635 2523 3682 ut
2586 3626 2777 3698 loquar
2821 3642 3108 3684 sermones
3154 3626 3325 3683 istos?
3351 3625 3543 3684 Nonne
3585 3628 3656 3683 ad

2070 3720 2320 3777 homines
2351 3721 2444 3791 qui
2500 3721 2695 3778 sedent
2725 3736 2891 3791 supra
2936 3736 3191 3788 murum,
3246 3728 3307 3775 ut
3367 3721 3657 3778 comedam

2068 3818 2304 3880 stercus,
2336 3820 2396 3868 et
2430 3812 2622 3879 bibant
2660 3813 2874 3870 urinam
2909 3813 3195 3871 vobiscum
3224 3813 3422 3870 simul?
3451 3814 3515 3869 Et
3550 3823 3656 3870 ste-

2071 3901 2134 3957 tit
2170 3901 2478 3971 Rabsaces,
2530 3913 2587 3961 et
2656 3906 2915 3962 clamavit
2968 3921 3101 3963 voce
3150 3922 3346 3979 magna
3396 3906 3650 3974 Judaice,

2066 4004 2124 4051 et
2152 3996 2327 4053 dixit:
2364 3996 2565 4054 Audite
2608 4014 2897 4077 sermones
2931 4000 3080 4073 regis
3119 3999 3334 4071 magni,
3377 4000 3520 4069 regis
3551 4003 3653 4055 As-

2065 4088 2361 4161 syriorum.
2397 4089 2525 4147 llaec
2557 4091 2690 4149 dicit
2721 4107 2814 4149 rex
2840 4111 2855 4149 :
2885 4091 2965 4150 Ne
2990 4107 3089 4150 vos
3125 4092 3357 4164 decipiat
3386 4092 3651 4149 Ezechias

2066 4181 2288 4240 verbis:
2333 4199 2445 4240 non
2486 4184 2692 4256 paterit
2719 4184 2953 4243 liberare
2977 4201 3096 4242 vos.
3126 4184 3195 4242 Et
3226 4199 3297 4242 ne
3321 4184 3470 4242 dicat
3497 4185 3653 4243 vobis

2066 4274 2335 4333 Ezechias
2357 4315 2374 4345 ,
2408 4276 2539 4348 quia
2587 4275 2846 4335 liberabit
2879 4294 2976 4355 yos
3011 4279 3180 4346 Deus,
3225 4289 3282 4335 et
3307 4292 3649 4348 nequaquam

2065 4368 2313 4424 tradetur
2351 4358 2550 4427 civitas
2578 4369 2693 4427 haec
2721 4370 2775 4427 in
2818 4387 3041 4428 manum
3078 4372 3235 4444 "regis
3275 4372 3647 4443 Assyriorum.

1991 4452 2040 4513 ο
2065 4459 2241 4518 Nolite
2266 4461 2561 4519 Ezechiam
2585 4462 2797 4520 audire.
2824 4464 2952 4520 llaec
2977 4464 3110 4521 dicit
3135 4479 3233 4520 rex
3258 4464 3644 4537 Assyriorum:

2065 4552 2124 4609 Si
2158 4554 2323 4612 vultis
2356 4553 2636 4621 benedici,
2663 4556 2987 4627 egredimini
3028 4557 3097 4613 ad
3142 4570 3252 4622 me,
3293 4565 3351 4612 et
3380 4555 3647 4611 comedim

2063 4646 2437 4719 unusquisque
2460 4647 2673 4705 vineam
2699 4664 2854 4705 suam
2902 4658 2962 4706 et
2987 4649 3151 4716 licus,
3173 4658 3230 4705 et
3250 4648 3421 4705 bibite
3446 4663 3643 4718 aquam

2061 4754 2129 4797 ex
2163 4739 2286 4796 lacu
2324 4750 2548 4807 vestro;
2584 4741 2757 4798 donec
2801 4743 3016 4799 veniam
3045 4752 3102 4799 et
3149 4756 3424 4798 assumam
3466 4757 3561 4798 vos
3589 4742 3642 4796 in

2065 4840 2292 4897 terram,
2321 4847 2443 4904 qua
2480 4842 2567 4890 est
2614 4841 2873 4906 tanquam
2911 4844 3055 4891 terra
3095 4845 3305 4903 vestra,
3347 4845 3495 4893 terra
3534 4835 3645 4892 fru-

2061 4927 2251 4991 menti,
2278 4937 2334 4983 et
2377 4928 2525 4995 vini,
2566 4938 2622 4984 et
2673 4943 2895 5000 panum,
2950 4940 3006 4984 et
3048 4929 3349 4986 vinearum.
3386 4929 3467 4986 Ne
3504 4931 3645 4986 deci-

2061 5019 2175 5089 piat
2211 5035 2307 5075 vos
2323 5019 2590 5077 Ezechias
2625 5022 2849 5078 dicens:
2886 5022 3029 5078 Deus
3055 5022 3312 5079 liberabit
3346 5041 3464 5081 nos.
3498 5024 3637 5081 Num

2060 5113 2362 5170 liberarunt
2383 5114 2456 5169 dii
2480 5114 2749 5186 gentium,
2779 5115 3154 5187 unusquisque
3183 5118 3458 5189 regionem
3483 5134 3635 5173 suam

2058 5207 2126 5262 de
2158 5222 2320 5261 manu
2351 5207 2493 5278 regis
2534 5207 2923 5279 Assyriorum?
2962 5209 3062 5267 Ubi
3116 5220 3200 5266 est
3237 5213 3370 5267 deus
3410 5211 3636 5279 Emath,

2057 5304 2112 5355 et
2141 5296 2430 5368 Arphath?
2460 5305 2516 5354 et
2559 5299 2649 5355 ubi
2674 5299 2817 5356 Deus
2849 5301 3090 5360 civitatis
3120 5302 3524 5375 Ecpbarvaimi
3551 5305 3634 5362 An

2061 5400 2351 5460 potuerunt
2384 5391 2598 5461 eripere
2638 5390 2945 5449 Samariam
2981 5398 3051 5452 de
3094 5411 3257 5452 manu
3303 5397 3460 5452 mea?
3488 5416 3509 5451 ι
3551 5395 3638 5452 Ni-

2063 5483 2135 5539 hil
2173 5482 2390 5541 diﬂ'erre
2432 5491 2629 5554 putans
2673 5484 2839 5540 Deum
2874 5484 3257 5560 Hierosolyma
3301 5489 3532 5553 cultum,
3566 5489 3635 5544 ab

2010 5596 2015 5600 ν
2062 5574 2152 5640 iis,
2182 5576 2276 5646 qui
2310 5576 2453 5647 apud
2475 5585 2706 5632 ceteras
2735 5591 2928 5633 errore
2961 5581 3154 5635 ductas
3180 5587 3370 5651 gentes
3406 5579 3481 5634 dii
3517 5594 3637 5636 csse

2057 5668 2537 5725 existimabantur.
2566 5668 2849 5726 Gradatim
2875 5687 3041 5742 porro
3065 5672 3333 5730 barbarus
3362 5672 3450 5728 ille
3477 5688 3633 5729 suam

2060 5759 2172 5818 Deo
2208 5760 2487 5820 inimicam
2518 5761 2755 5835 [insitam
2785 5765 3081 5838 instruxit;
3113 5781 3179 5822 ac
3201 5765 3378 5839 primo
3406 5766 3627 5840 quidem
