4158 6402
557 333 662 389 547
1293 325 1558 382 EUSEBII
1597 326 2081 384 CJESARIENSIS
2118 328 2268 387 OPP.
2302 330 2482 386 PARS
2522 328 2610 385 ill.
2647 360 2717 370 —
2756 327 3170 386 EXEGETICA.
3719 335 3826 390 548

562 450 832 502 adversus
859 453 1110 503 sanctum
1135 441 1310 497 virum
1337 445 1598 497 mentitus
1623 453 1730 507 est,
1749 460 1872 506 eum
1907 444 2139 514 Egy‘pto

2239 445 2296 498 δὲ
2324 448 2353 497 6
2385 446 2659 517 βάρϐαρος
2694 446 2795 517 τὴν
2825 445 3093 516 θεομάχον
3143 442 3410 509 ἐξώπλισε
3446 445 3724 515 γλῶσσαν·
3765 451 3828 504 τὸ

563 542 735 595 fidere
768 539 1062 602 dictitans;
1099 536 1297 590 deinde
1336 534 1456 602 ejus
1490 537 1898 590 adhortationes
1933 539 2139 592 solvere

2247 540 2344 609 μὲν
2387 539 2603 610 πρῶτον
2638 538 2734 591 τοῦ
2784 535 2938 606 ἁγίου
2980 536 3468 608 καταψευδόμενος,
3512 540 3606 594 καὶ
3654 539 3827 609 λέγων

563 645 615 686 et
656 629 942 686 confutare
991 637 1219 683 conatus
1267 639 1371 693 est,
1423 629 1578 698 queis
1636 629 2033 684 multitudinem
2079 631 2139 685 ad

2243 630 2404 683 αύτόν
2436 630 2752 684 πεποιθέναι
2782 631 2868 682 ἐπ’
2908 629 3180 698 Αἴγυπτον
3199 646 3213 659 ·
3250 624 3370 682 εἶτα
3403 631 3695 701 ἐπιχειρῶν
3727 631 3827 695 τὰς

565 723 813 777 Iidnciam
861 721 913 774 in
961 721 1071 774 Deo
1123 721 1424 788 ponendam
1488 721 1789 786 invitabat,
1843 723 1986 778 vires
2028 725 2139 792 eju

2245 720 2596 790 παραινέσεις
2623 719 2789 774 αὑτοῦ
2816 718 3053 772 διαλύειν
3091 716 3191 781 τὰς
3220 717 3313 770 ὲπὶ
3357 716 3473 787 Θεῷ
3503 715 3825 770 πεποιθέναι

566 817 852 868 traducens
885 829 947 870 ac
979 821 1355 877 contemnens,
1390 815 1536 882 quod
1587 815 1831 883 equitatu
1868 831 1971 869 non
2006 816 2149 872 vale-

567 918 680 969 ret;
715 915 901 976 postea
932 921 990 960 se
1026 905 1136 958 Deo
1159 905 1391 974 jubente
1430 907 1748 960 ascendisse
1777 907 2011 972 dicebat,
2040 923 2147 976 quo

564 997 847 1068 populum,
878 1006 938 1052 ut
969 1014 998 1055 a
1039 999 1152 1051 Deo
1188 999 1482 1066 proditum,
1515 1000 2000 1066 perlerrefaceret;
2046 1002 2148 1056 sub

569 1091 682 1143 llaec
735 1090 1231 1160 pollicitationibus
1278 1090 1681 1144 fructuosorum
1732 1093 2047 1158 vinearum,
2097 1104 2152 1149 et

567 1182 795 1236 aliorum
827 1197 950 1254 quae
997 1184 1134 1235 bona
1186 1181 1526 1235 :L'stimantur
1551 1221 1565 1245 ,
1613 1192 1697 1236 est
1735 1199 1899 1247 usus;
1933 1185 2149 1238 demum

569 1273 682 1327 hzec
726 1275 832 1327 sibi
865 1274 1079 1327 inutilia
1104 1289 1224 1328 esse
1254 1274 1716 1341 animadverteris,
1758 1279 2148 1331 exsecrandam

569 1364 807 1433 tinguant
846 1365 1045 1434 aperit,
1091 1381 1198 1437 qua
1236 1366 1430 1434 impias
1470 1367 1695 1436 protulit
1726 1383 1904 1423 voces.
1949 1370 2147 1424 Verum

568 1455 864 1525 impietatis
900 1472 1092 1526 paruas
1131 1457 1304 1522 dedit,
1348 1474 1472 1513 cum
1512 1461 1686 1529 angeli
1734 1476 1895 1515 manu
1948 1463 2153 1518 excrci-

571 1557 655 1600 tus
680 1546 798 1612 ejus
831 1547 1077 1602 funditus
1117 1549 1326 1602 deletus
1360 1561 1462 1606 est.

640 1637 804 1692 Vens.
846 1639 936 1704 2i,
964 1639 1052 1692 ‘22.
1097 1659 1114 1689 ι
1145 1641 1210 1694 Et
1242 1651 1560 1710 tacuerunt,
1592 1653 1646 1698 et
1675 1661 1837 1702 nemo
1870 1649 2150 1719 respondit

567 1730 616 1780 ei
665 1729 927 1792 verbum,
965 1732 1107 1798 quod
1159 1733 1526 1800 prohibuisset
1577 1753 1704 1802 rex,
1744 1753 1810 1792 ne
1859 1743 2144 1809 quisquam

2243 814 2304 865 τὸ
2331 812 2534 882 πλῆθος
2563 809 3112 881 παρασκευαζούσας,
3144 808 3241 880 τὴν
3268 809 3493 879 δύναμιν
3515 808 3680 862 αὑτοῦ
3712 808 3824 862 δια-

2247 903 2456 957 ϐάλλων
2487 902 2576 955 διὰ
2607 899 2701 954 τοῦ
2736 901 2810 972 μὴ
2836 899 3141 972 κτήσασθαι
3172 897 3514 970 κατασκευὴν
3549 899 3780 968 ἱππικήν
3807 915 3822 928 ·

2247 990 2367 1046 εἶτα
2397 991 2533 1063 μετά
2559 991 2654 1046 τοῦ
2683 990 2817 1055 Θερῦ
2859 989 3126 1060 ἀναϐῆναι
3153 987 3347 1057 λέγων,
3379 988 3454 1052 ώς
3492 987 3558 1042 ἂν
3582 988 3826 1063 δειλιάσῃ

2246 1085 2309 1136 τὸ
2339 1082 2540 1153 πλῆθος
2571 1082 2647 1143 ὡς
2694 1081 2949 1153 προδοθὲν
2975 1081 3094 1142 ἀπὸ,
3119 1079 3254 1134 Θεοῦ
3274 1098 3288 1110 ·
3321 1076 3440 1135 εἶτα
3473 1081 3826 1149 ἐπαγγελίαις

2249 1175 2500 1247 χρηστῶν
2527 1173 2884 1246 ἀμπελώνων,
2911 1174 3006 1227 καὶ
3035 1173 3144 1226 τῶν
3171 1172 3346 1226 ἄλλων
3391 1172 3690 1227 δοκούντων
3729 1191 3825 1228 κα·-

2249 1250 2386 1322 λώψ
2420 1264 2538 1321 εἶτα
2571 1266 2725 1329 εἰδὼς
2757 1265 2934 1320 πάντα
2979 1264 3144 1319 αὐτοῦ
3187 1264 3255 1319 τά
3296 1263 3519 1320 τοιαῦτα
3548 1265 3827 1337 ἄπρακτα,

2248 1361 2346 1432 τὴν
2382 1359 2583 1432 μιαρὰν
2627 1358 2792 1412 αὑτοῦ
2832 1357 3036 1426 ἀνοίγει
3067 1357 3333 1427 γλῶτταν,
3361 1358 3614 1422 ἀσεϐείας
3647 1359 3829 1427 ἀφιεὶς

2250 1455 2452 1522 φωνάς.
2483 1452 2622 1506 Ἀλλ’
2653 1452 2898 1505 έκτέτικε
2926 1451 3081 1514 δίκας
3112 1451 3212 1522 τῆς
3269 1451 3556 1517 ἀσεϐείας,
3591 1452 3826 1521 ἀγγέλου

2249 1545 2587 1616 πανστρατιᾷ
2619 1543 3008 1614 δαπανώμενος
3039 1543 3203 1614 χειρί.

2325 1657 2343 1689 ι
2374 1639 2482 1691 Kal
2505 1636 2841 1707 ἐσιώπησαν,
2864 1637 2958 1690 καὶ
2982 1635 3156 1698 οὐδεὶς
3178 1634 3448 1706 ἀπεκρίθη
3477 1633 3626 1705 αὐτῷ
3646 1633 3824 1703 λόγον,

2249 1729 2336 1783 διὰ
2368 1729 2428 1782 τὸ
2467 1727 2768 1800 προστάξαι
2808 1728 2900 1781 τὸν
2946 1726 3170 1796 βασιλέα
3208 1727 3411 1798 μηδένα
3441 1725 3823 1797 ἀποκριθῆναι.

570 1819 672 1888 ipsi
729 1823 1103 1890 responderet.
1162 1824 1229 1878 Et
1278 1826 1551 1893 ingressus
1604 1839 1688 1882 est
1736 1805 1956 1885 Eliarim
2004 1805 2139 1889 blins

2249 1822 2358 1876 Kal
2387 1821 2632 1892 εἰσῆλθεν
2674 1820 2953 1891 Ἐλιακείμ
2978 1822 3006 1873 6
3029 1819 3122 1873 τοῦ
3149 1817 3378 1872 Χελκίου
3405 1819 3702 1888 οἰκονόμος,
3734 1820 3829 1874 καὶ

567 1909 803 1966 Cbelcia:
835 1926 1188 1978 (economus,
1229 1923 1282 1968 et
1332 1915 1566 1971 Sonmas
1612 1921 1792 1973 scriba
1835 1923 2142 1988 exercitus,

568 2011 623 2055 et
653 1999 823 2056 Joach
857 2003 1003 2059 ﬁlius
1032 2006 1214 2073 Asaph
1239 2021 1268 2059 a
1296 2011 1708 2065 commentariis
1733 2015 1801 2066 ad
1830 2012 2146 2080 Ezecliiam,

570 2096 761 2151 scissis
796 2097 1015 2162 tunicis,
1051 2108 1107 2152 et
1140 2102 1592 2156 renuntiaverunt
1615 2104 1664 2158 ei
1689 2119 1967 2160 sermones
2001 2106 2146 2162 Rab-

568 2190 734 2244 sacis.
779 2208 800 2240 ι
844 2189 958 2245 Non
1001 2193 1260 2246 convenit
1308 2194 1454 2247 enim
1492 2195 1613 2264 pio,
1657 2211 1779 2249 cum
1833 2197 2148 2266 blasphemo

571 2279 793 2334 nomine
832 2280 1095 2352 colloqui,
1127 2296 1197 2337 ne
1223 2282 1270 2338 is
1305 2283 1622 2339 concitatus
1662 2285 1715 2339 in
1762 2285 1867 2340 alia
1903 2285 2149 2359 blasphe-

569 2385 656 2424 κιο
688 2371 828 2426 dicta
867 2373 1184 2427 delabatur:
1247 2386 1462 2445 oportet
1509 2377 1683 2432 solum
1740 2379 1990 2436 homines
2044 2397 2145 2438 ceu

568 2464 734 2517 armis
763 2465 1086 2534 quibusdam
1126 2469 1494 2524 communitos
1521 2485 1666 2535 esse,
1695 2487 1760 2526 ac
1795 2473 2014 2529 silentio
2045 2492 2165 2555 ιπη-ο

567 2555 729 2624 dique
763 2572 883 2612 sese
922 2565 1134 2626 tegere,
1169 2574 1327 2614 veros
1365 2563 1507 2630 apud
1547 2577 1605 2618 se
1641 2578 1926 2622 sermones
1965 2569 2144 2623 occul'

569 2657 764 2712 tantes,
802 2664 866 2703 ac
897 2649 993 2705 Dei
1027 2660 1221 2705 contra
1264 2651 1612 2722 blasphemas
1649 2652 1916 2722 judicium
1947 2673 2146 2728 exspe-

564 2749 799 2796 ctantes.
843 2741 979 2797 Cum
1027 2744 1142 2798 tunc
1171 2743 1320 2813 jussa
1376 2760 1471 2799 rex
1517 2747 1812 2814 prudenter
1867 2749 2143 2818 dedisset,

567 2832 751 2900 populi
813 2833 1053 2902 praefecti
1115 2837 1430 2890 mandatum
1484 2836 1604 2906 ejus
1654 2842 2141 2910 exsequebantur:

566 2925 708 2989 quod
782 2925 906 2979 item
983 2931 1347 2996 prmstandum
1411 2931 1567 2986 nobis
1622 2942 1707 2988 est
1753 2937 2145 3004 persecutionis

567 3024 827 3085 tempore,
862 3033 1069 3074 necnon
1095 3020 1146 3074 in
1169 3024 1548 3080 communibus
1583 3026 1873 3099 impiisque
1900 3029 2145 3102 blasphe-

568 3121 780 3162 moruin
819 3109 1129 3181 colloquiis.

1079 3204 1310 3264 CAPUT
1352 3207 1616 3268 XXXVII.

637 3291 800 3349 Vsus.
835 3295 888 3350 ί.
934 3313 954 3348 ι
995 3296 1062 3353 Ει
1094 3297 1297 3355 factum
1332 3312 1418 3357 est
1456 3319 1578 3358 cuni
1613 3307 1831 3364 audiret
1866 3324 1960 3366 rex
1998 3310 2141 3370 Eze-

562 3386 755 3450 chias,
805 3388 968 3444 scidit
1024 3392 1368 3459 vestimenta,
1433 3402 1488 3450 et
1528 3411 1746 3454 saccum
1805 3400 1978 3456 induit
2025 3419 2041 3458 :
2087 3413 2144 3459 et

562 3479 805 3534 ascendit
845 3482 896 3536 in
931 3482 1146 3537 domum
1209 3485 1441 3541 Domini.
1495 3507 1514 3540 ι
1553 3489 1763 3546 Praeter
1822 3492 1926 3546 alia
1982 3495 2144 3565 igitur

563 3570 806 3628 Ezechia:
849 3576 1015 3644 proba
1054 3575 1335 3644 facinora,
1371 3580 1590 3640 virtutis
1629 3585 1985 3654 exercitium,
2026 3604 2142 3645 ma-

554 3666 801 3736 jorisque
833 3667 1113 3737 religionis
1158 3681 1564 3741 argumentum,
1618 3677 1728 3730 Deo
1776 3691 2139 3749 procurante,

563 3770 759 3814 nactus
804 3758 893 3813 ille
935 3769 1055 3816 est:
1101 3761 1193 3830 qui
1223 3763 1417 3819 bellico
1447 3765 1666 3836 quidem
1700 3779 1994 3838 apparatu,
2031 3786 2140 3841 quo

560 3850 648 3905 ille
676 3852 1006 3920 conspicuus
1034 3863 1177 3918 erat,
1211 3867 1266 3908 et
1298 3857 1550 3912 omnibus
1595 3857 1662 3912 ad
1705 3858 1902 3913 bellum
1953 3876 2138 3917 neces-

558 3941 719 3995 sariis
747 3952 803 3998 ut
827 3944 1146 4014 praclarum
1175 3948 1362 4001 ducem
1391 3950 1636 4015 decebat,
1671 3951 1994 4020 instructus,
2031 3956 2140 4010 Deo

559 4042 738 4088 tamen
770 4037 949 4090 omnia
998 4041 1307 4095 commisit:
1355 4056 1418 4097 ac
1453 4043 1682 4097 subditae
1727 4045 1834 4100 sibi
1868 4047 2011 4116 plebi
2053 4064 2139 4104 re-

558 4125 765 4194 ligiosze
814 4128 1076 4187 doctrinae
1118 4146 1387 4205 praecepta
1447 4139 1690 4192 tradidit.
1740 4159 1757 4192 ι
1814 4143 1878 4195 Et
1920 4157 2135 4198 saccum

559 4218 751 4284 induit,
792 4239 810 4272 ι
849 4219 1024 4279 luctus
1061 4235 1116 4280 et
1147 4225 1455 4283 alllictionis
1488 4231 1638 4301 signa
1684 4247 2009 4288 assumens:
2053 4247 2136 4288 at-

555 4326 662 4381 que
689 4314 790 4368 hoc
824 4315 1007 4370 habitu
1038 4333 1068 4371 a
1107 4320 1268 4388 regia.
1294 4320 1453 4374 domu
1484 4325 1549 4375 ad
1599 4324 1857 4392 templum
1894 4325 2009 4394 Dei,
2040 4344 2136 4395 per

554 4405 786 4460 mediam
829 4411 1014 4464 urbem
1053 4410 1333 4476 incedens,
1380 4428 1440 4468 se
1486 4417 1721 4469 contulit
1762 4433 1991 4488 seseque
2032 4423 2131 4476 liti-

2087 3219 2094 3223 γ
2165 3145 2215 3206 C

2248 1915 2462 1984 Σομνᾶς
2510 1916 2538 1966 6
2575 1914 2937 1984 γραμματεὺς
2981 1912 3081 1981 τῆς
3126 1911 3428 1982 δυνάμεως,
3466 1913 3558 1964 καὶ
3601 1912 3755 1982 Ίωάχ
3795 1914 3829 1964 6

2245 2003 2340 2057 τοῦ
2410 2003 2579 2072 Ἀσάφ
2631 2003 2660 2054 6
2713 2001 3284 2072 ύπομνηματογράφος
3350 2000 3486 2071 πρὸς
3554 1997 3824 2064 Ἐζεκίαν,

2247 2092 2556 2164 έσχισμένοι
2580 2091 2705 2155 τοὺς
2727 2091 2983 2161 χιτῶνας,
3030 2089 3123 2144 καὶ
3155 2087 3491 2160 ἀπήγγειλαν
3532 2087 3680 2160 αὐτῷ
3700 2090 3829 2154 τοὺς

2247 2185 2436 2255 λόγους
2471 2185 2798 2238 Ῥαϐσάκου.
2824 2202 2842 2234 ι
2876 2183 3028 2253 Μηδὲ
3050 2181 3158 2252 γάρ
3185 2183 3450 2253 προσήκει
3491 2181 3582 2234 τὸν
3626 2181 3827 2253 εὐσεϐῆ

2250 2277 2552 2348 βλασφήμῳ
2585 2273 3089 2347 προσδιαλέγεσθαι,
3121 2273 3196 2339 ὼς
3220 2273 3286 2328 ἂν
3312 2274 3388 2345 μὴ
3431 2273 3724 2344 ὲρεθίζοιτο
3747 2275 3831 2340 είς

2247 2371 2443 2442 ἐτέρας
2475 2369 2760 2422 ἐκπίπτειν
2799 2367 3144 2438 βλασφημίας
3165 2383 3178 2397 ·
3222 2366 3382 2435 μόνον
3412 2365 3469 2418 δὲ
3514 2366 3832 2438 πεφράχθαι

2245 2463 2325 2516 δεῖ
2356 2462 2542 2534 ὥσπερ
2586 2461 2727 2515 τισὶν
2757 2459 2961 2524 ὅπλοις,
2997 2460 3090 2514 καὶ
3124 2459 3457 2532 πανταχόθεν
3496 2460 3832 2546 ἠσφαλίσθαι

2245 2560 2310 2628 τῇ
2361 2560 2559 2629 σιωπῇ,
2611 2556 2950 2628 κρύπτοντας
2991 2556 3049 2609 ὲν
3090 2557 3300 2622 ἑαυτοῖς
3329 2558 3454 2620 τοὺς
3483 2557 3701 2628 ἀληθεῖς
3739 2555 3831 2610 λό-

2246 2665 2377 2716 γους
2393 2689 2409 2716 ,
2434 2648 2826 2719 περιμένοντας
2845 2647 2900 2700 δὲ
2924 2646 3021 2719 τὴν
3047 2649 3111 2700 ὲκ
3127 2647 3260 2700 Θεοῦ
3284 2647 3427 2701 κατά
3451 2649 3559 2702 τῶν
3586 2648 3831 2720 βλασφή-

2249 2757 2365 2810 μων
2419 2740 2620 2810 κρίσιν.
2671 2739 2861 2792 Ταῦτα
2901 2739 3366 2810 παραγγείλαντος
3409 2739 3504 2793 τοῦ
3561 2739 3830 2810 βασιλέως

2245 2834 2644 2905 ἐπιστημόνως,
2669 2834 2730 2887 τὸ
2755 2832 3094 2906 προσταχθὲν
3131 2833 3349 2888 ὲποίουν
3377 2834 3427 2887 οἱ
3458 2833 3552 2887 τοῦ
3589 2833 3827 2905 πλήθους

2245 2922 2616 2994 προεστῶτεςο
2652 2923 2680 2976 ὃ
2724 2923 2789 2994 δὴ
2832 2925 2926 2977 καὶ
2971 2927 3100 2995 ἡμῖν
3134 2923 3385 2994 ποιητέον
3419 2926 3565 2977 ἐστὶν
3608 2924 3665 2977 ὲν
3703 2943 3828 2978 και-

2247 3017 2360 3088 ροῖς
2395 3015 2670 3086 διωγμῶν,
2716 3016 2749 3087 ἢ
2793 3017 2852 3070 ὲν
2890 3018 3098 3082 κοιναῖς
3139 3017 3232 3070 καὶ
3262 3016 3442 3080 ἀθέοις
3490 3016 3827 3086 βλασφήμων

2244 3104 2532 3171 διαλέξεσι.

2752 3218 3149 3272 ΚΕΦΑΛΑΙΟΝ
3177 3218 3302 3274 AZ'.

2317 3329 2337 3362 ι
2365 3310 2476 3364 Kal
2499 3309 2715 3378 ἐγένετο
2739 3312 2797 3366 ὲν
2820 3309 2898 3382 τῷ
2922 3311 3155 3365 ἀκοῦσαι
3179 3312 3271 3367 τὸν
3299 3312 3521 3383 βασιλέα
3550 3311 3822 3378 Ἐζεκίαν,

2242 3401 2425 3472 ἔσχισε
2465 3401 2535 3458 τὰ
2585 3394 2796 3472 ἱμάτια,
2827 3403 2924 3456 καλ⁸
2954 3403 3308 3475 περιεϐάλετο
3335 3406 3563 3459 σάκκον·
3608 3406 3701 3459 καὶ
3723 3407 3822 3460 av.

2240 3491 2340 3561 έϐη
2369 3494 2448 3555 είς
2478 3492 2569 3545 τὸν
2603 3487 2750 3546 οἷκον
2787 3493 3014 3564 Κυρίου.
3038 3513 3057 3545 ι
3104 3494 3247 3565 Πρὸς
3272 3497 3384 3558 τοῖς
3416 3495 3603 3560 ἄλλοις
3639 3496 3820 3551 τοίνυν

2241 3583 2627 3655 κατορθώμασι
2675 3584 2769 3639 τοῦ
2823 3583 3088 3650 Ἐζεκίου,
3123 3588 3431 3658 γυμνασίαν
3477 3589 3679 3659 ἀρετῆς
3726 3591 3825 3646 καὶ

2241 3677 2491 3742 πλείονος
2538 3677 2846 3742 θεοσεϐείας
2877 3679 3098 3744 ἔνδειξιν
3134 3684 3392 3751 παρεῖχεν
3425 3682 3454 3734 ὁ
3502 3681 3634 3745 Θεὸς
3669 3683 3821 3753 αύτῷ

2238 3769 2326 3823 διὰ
2352 3772 2452 3841 τῆς
2470 3770 2606 3841 πρὸς
2621 3770 2712 3823 τὸν
2732 3769 2988 3841 πολέμιον
3011 3773 3385 3845 παρατάξεως,
3404 3769 3511 3846 ἐνῇ
3533 3774 3818 3845 διέλαμψε,

2239 3862 2415 3915 πάντα
2449 3861 2546 3931 μὲν
2575 3862 2957 3932 στρατηγικῶς
2983 3863 3051 3916 τά
3085 3865 3221 3936 πρὸς
3244 3865 3336 3919 τὸν
3364 3865 3596 3937 πόλεμον
3639 3884 3818 3937 παρα-

2237 3953 2558 4024 ταξάμενος,
2589 3954 2651 4006 τὸ
2689 3953 2745 4007 δὲ
2788 3955 2894 4008 πᾶν
2930 3955 3148 4019 ἀναθεὶς
3181 3956 3259 4026 τῷ
3304 3957 3444 4028 Θεῷ,
3475 3960 3590 4022 τοῖς
3631 3958 3689 4012 δὲ
3722 3959 3814 4011 ὑπ’

2237 4047 2399 4101 αὐτὸν
2449 4045 2680 4118 πλήθεσι
2741 4046 2967 4118 θεοσεϐῆ
3025 4048 3374 4104 διδασκαλίαν
3416 4051 3809 4121 παραγγείλας.

2242 4157 2260 4188 ‹
2283 4139 2392 4191 Kal
2423 4137 2714 4208 περιέϐαλε
2760 4139 2980 4205 σάκκον,
3010 4159 3028 4191 ι
3066 4143 3268 4212 σημεῖα
3302 4141 3530 4206 πένθους
3573 4144 3668 4196 καὶ
3715 4161 3814 4196 κα-

2236 4228 2456 4293 κώσεως
2484 4230 2846 4300 ἐπαγόμενος·
2875 4232 3050 4303 τούτῳ
3068 4232 3125 4286 δὲ
3148 4232 3226 4304 τῷ
3253 4235 3490 4305 σχήματι
3519 4235 3607 4289 διά
3641 4237 3813 4307 μέσης

2232 4325 2387 4396 ἀνῄει
2412 4325 2511 4394 τῆς
2554 4323 2760 4387 πόλεως
2807 4325 2916 4378 ἀπὸ
2947 4325 3055 4379 τῶν
3092 4325 3376 4396 βασιλείων
3407 4329 3572 4381 οἴκων
3599 4329 3692 4381 ἐπὶ
3718 4328 3810 4382 τὺν

2233 4415 2368 4469 νεὼν
2404 4415 2498 4469 τοῦ
2530 4416 2687 4480 Θεοῦ,
2717 4418 2812 4470 καὶ
2840 4417 3096 4471 ταπεινὸν
3118 4419 3307 4471 ἑαυτὸν
3328 4419 3406 4490 τῷ
3432 4419 3550 4490 Θεῷ
3573 4421 3811 4487 δεικνὺς,

553 4495 736 4552 milem
778 4501 888 4554 Deo
919 4502 1148 4572 sistens,
1183 4503 1264 4558 vel
1307 4504 1423 4574 ipso
1467 4507 1657 4562 habitu
1697 4509 2124 4568 misericordiam

2239 4505 2413 4561 οἴκτου
2443 4507 2538 4562 καὶ
2562 4507 2744 4572 ἐλέους
2767 4511 2949 4580 τυχεῖν
2989 4507 3141 4580 ἠξίου
3171 4509 3248 4580 τῷ
3273 4514 3532 4581 σχήματι.

550 4585 668 4656 ejus
705 4589 1051 4658 provocabat.

625 4679 783 4733 Vsus.
805 4680 860 4732 9..
885 4699 902 4728 σ
924 4680 986 4733 Et
1007 4680 1152 4734 misit
1172 4681 1391 4738 Eliacim
1410 4701 1773 4754 mconomum,
1797 4698 1850 4744 et
1867 4690 2123 4747 Somnam

549 4773 808 4838 scribam,
849 4781 902 4826 et
949 4774 1192 4830 seniores
1243 4779 1598 4832 sacerdotum
1643 4779 1862 4836 indutos
1902 4785 2078 4839 saccis
2104 4826 2118 4851 ,

549 4865 616 4917 ad
655 4865 851 4918 lsaiain
891 4865 1058 4921 lilium
1091 4869 1259 4922 Amos
1290 4872 1631 4941 prOpbetam.
1681 4894 1699 4925 ι
1735 4874 1884 4932 Alios
1924 4882 2123 4950 quippe

547 4972 615 5010 ex
643 4957 1013 5014 sacerdotibus
1068 4959 1198 5026 Dei,
1247 4961 1368 5016 loco
1417 4966 1833 5039 sacerdotaljum
1891 4973 2118 5026 vestium

550 5049 723 5103 saccis
756 5051 994 5117 indutos,
1036 5053 1105 5107 ad
1137 5053 1334 5108 lsaiam
1371 5059 1689 5126 prophetam
1731 5064 1918 5128 mittit,
1970 5067 2118 5122 dice-

549 5157 715 5212 reque
739 5140 913 5209 jubet,
947 5163 966 5195 ι
1015 5144 1139 5200 Haec
1168 5146 1298 5200 dicit
1327 5147 1617 5217 Ezechias;
1642 5171 1660 5204 ι
1699 5167 1869 5222 neque
1891 5155 2120 5223 addidit,

549 5247 683 5286 rex:
734 5248 908 5301 neque
941 5233 1086 5288 enim
1140 5238 1404 5305 temporis
1449 5240 1688 5293 conditio
1734 5241 1786 5294 id
1822 5242 1934 5308 illi,
1982 5259 2118 5313 pne-

488 5356 498 5366 -
546 5324 685 5378 senti
716 5325 1030 5380 calamitate
1061 5326 1293 5396 dejecto,
1327 5329 1511 5386 dicere
1542 5331 1914 5402 permittebat.

620 5591 751 5649 Vsa.
780 5594 835 5657 3,
861 5595 914 5647 4.
950 5614 969 5647 ι
1005 5597 1070 5650 Et
1098 5598 1356 5653 dixerunt
1389 5601 1437 5654 ci
1465 5618 1477 5653 :
1502 5599 1626 5654 Hice
1647 5601 1779 5655 dicit
1813 5602 2074 5657 Ezechias
2101 5622 2112 5656 :

543 5681 668 5739 Dies
733 5688 1037 5744 alllictionis
1088 5700 1141 5744 ct
1180 5693 1482 5759 opprobrii,
1509 5704 1580 5770 'ct
1629 5697 2025 5765 redargutionis
2063 5707 2119 5752 et

543 5775 640 5830 ira!
680 5778 796 5832 dies
834 5779 1138 5847 hodierna,
1192 5785 1316 5850 quia
1370 5769 1537 5838 venit”
1570 5785 1724 5840 dolor
1765 5789 2116 5857 parturienti,

2306 4685 2454 4736 «Kal
2500 4683 2820 4740 ἀπέστειλεν
2889 4686 3173 4758 Ἐλιακείμ
3220 4689 3313 4741 τὸν
3365 4689 3664 4760 οἰκονόμον,
3715 4691 3808 4745 καὶ

2230 4777 2439 4847 Σομνᾶν
2479 4777 2569 4830 τὸν
2604 4779 2960 4849 γραμματέα,
2997 4781 3238 4844 καὶτοὺς
3277 4781 3675 4852 πρεσϐυτέρους
3698 4782 3808 4836 τῶν

2230 4867 2419 4939 ἱερέων
2449 4868 2947 4941 περιϐεϐλημένους
2979 4871 3234 4936 σάκκους,
3269 4871 3404 4943 πρὸς
3441 4873 3664 4926 Ἡσαΐαν
3690 4875 3807 4927 υἱὸν

2227 4959 2410 5032 Ἀμὼς
2435 4961 2526 5015 τὸν
2559 4964 2863 5034 προφήτην.
2891 4983 2910 5014 ι
2945 4964 3084 5026 Τοὺς
3106 4963 3214 5035 γάρ
3236 4966 3454 5036 ἐτέρους
3475 4966 3582 5020 τῶν
3613 4969 3804 5038 ἱερέων

2225 5054 2318 5106 τοῦ
2348 5054 2507 5117 Θεοῦ,
2539 5054 2774 5118 σάκκους
2805 5057 2925 5110 ἀντὶ
2954 5056 3062 5111 τῶν
3091 5059 3378 5128 ίερατικῶν
3403 5061 3805 5132 ἠμφιεσμένους

2227 5146 2449 5208 στολῶν,
2479 5148 2614 5218 πρὸς
2640 5147 2733 5201 τὸν
2760 5150 3044 5220 προφήτην
3077 5150 3298 5204 Ἠσαίαν
3323 5151 3546 5222 πέμπει,
3576 5155 3806 5222 φάσκειν

2225 5236 2410 5298 αὐτοῖς
2447 5239 2848 5307 παραγγείλαςο
2891 5241 3072 5294 ιΤάδε
3113 5241 3260 5310 λέγει
3325 5243 3607 5308 Ἐζεκίας,
3632 5264 3651 5298 ι
3705 5249 3805 5318 οὐχ

2226 5327 2254 5378 ὁ
2286 5326 2535 5396 βασιλεὺς
2589 5331 2870 5402 προσθείςο
2913 5333 2974 5385 ού
3016 5334 3127 5405 γὰρ
3157 5337 3185 5388 6
3230 5336 3421 5407 καιρὸς
3463 5338 3614 5408 αὐτῷ
3656 5339 3803 5393 τοῦτ’

2224 5419 2492 5489 ἐπέτρεπε
2537 5421 2733 5492 λέγειν,
2759 5426 3169 5498 ταπεινουμένῳ
3200 5428 3361 5482 ἕνεκα
3388 5417 3500 5498 τῆς
3521 5430 3805 5502 παρούσης

2227 5515 2528 5585 συμφορᾶς.

2291 5621 2309 5653 ι
2335 5603 2446 5656 Kal
2498 5600 2659 5658 εἶπαν
2692 5604 2870 5676 αὐτῷ’
2917 5607 3057 5662 Τάδε
3108 5608 3255 5678 λέγει
3301 5610 3569 5677 Ἐζεκίας·
3588 5611 3802 5686 Ἡμέρα

2217 5692 2447 5764 θλίψεως
2490 5698 2583 5750 καὶ
2629 5698 2962 5770 ὁνειδισμοῦ,
3013 5702 3106 5755 καὶ
3145 5702 3379 5773 ὲλεγμοῦ
3425 5705 3521 5758 καὶ
3563 5705 3732 5777 ὀργῆς
3765 5708 3800 5777 ἡ

2215 5791 2454 5865 σήμερον
2487 5791 2695 5860 ἡμέρα,
2727 5793 2806 5846 ὅτι
2840 5793 2962 5863 ἥκει
3008 5796 3039 5864 ἡ
3073 5795 3199 5851 ὠδὶν
3233 5800 3296 5870 τῇ
3329 5797 3609 5870 τικτούσῃ,
3643 5799 3800 5871 ἰσχὺν
