4158 6402
389 328 498 392 549

1234 327 1738 385 (ΞΟΜΜΕΝΤΑΚΙΛ
1780 331 1844 386 IN
1888 333 2145 390 ISAIASI.
2188 367 2254 378 —
2306 336 2458 391 CAP.
2501 335 2764 392 XXXVII.

3543 341 3655 396 350
3698 370 3700 372 τ

387 445 446 501 δὲ
470 444 570 499 ούκ
591 442 704 513 ἐχει
726 440 820 494 τοῦ
841 446 1039 497 τεκεῖν.
1067 445 1398 499 Εἰσακούσαι
1441 448 1647 520 Κύριος
1667 451 1697 501 ὀ
1722 450 1854 514 Θεός
1882 467 1959 504 σοι

2079 468 2180 509 nec
2236 453 2398 509 habet
2448 454 2596 508 vires
2644 452 2911 523 pariendi.
2960 451 3157 507 Audiat
3208 452 3466 508 Dominus
3509 455 3661 510 Deus.

387 538 514 599 τοὺς
552 535 742 604 λόγους
787 537 1110 602 Ῥαϐσάκου,
1145 539 1238 602 οὓς
1262 540 1546 598 ἀπέστειλε
1570 541 1823 611 βασιλεὺς
1861 545 1977 598 Ἀσ-

393 629 614 700 συρίων,
640 627 919 690 ὀνειδίζειν
942 629 1073 682 Θεὸν
1107 630 1306 696 ζῶντα,
1335 634 1430 685 καὶ
1457 634 1734 697 ὀνειδίζειν
1757 635 1972 703 λόγους,

386 719 484 784 οὓς
507 721 705 791 ἢκουσε
734 719 940 790 Κύριος
961 723 990 774 ὁ
1012 721 1144 785 Θεός
1170 740 1286 786 σου,
1318 725 1409 776 καὶ
1437 724 1675 799 δεηθήσῃ
1707 729 1845 799 πρὸς
1872 728 1976 782 Κύ-

389 814 510 883 ριόν
533 830 628 866 σου
656 815 781 885 περὶ
810 814 918 870 τῶν
941 815 1456 886 καταλελειμμένων
1475 817 1699 874 τούτων.
1730 841 1747 871 ι
1772 821 1972 874 Τούτου

391 907 549 978 χάριν
575 907 668 960 ἐπὶ
716 907 776 959 σὲ
815 905 906 958 τόν
933 907 1027 958 τοῦ
1057 907 1190 959 Θεοῦ
1233 908 1519 980 ἄνθρωπον
1558 911 1972 983 ἀνεπέμψαμεν,

387 999 479 1052 διὰ
508 999 602 1052 σοῦ
635 1000 727 1051 τὸν
773 1001 864 1052 σὸν
895 999 1027 1053 Θεὸν
1075 1002 1131 1052 ἐν
1170 1001 1348 1072 καιρῴ
1384 1005 1727 1075 παραστῆσαι
1783 1004 1974 1074 βοηθὸν

387 1092 522 1161 ἡμῖν
555 1090 994 1154 ἀντιϐολοῦντες·
1023 1092 1082 1144 ὃν
1125 1092 1243 1155 οὐδὲ
1280 1094 1489 1148 ἑαυτῶν
1521 1095 1653 1152 Θεὸν
1684 1096 1975 1166 ὀνομάζειν

387 1181 709 1252 τολμῶμενο
746 1183 836 1234 σὸν
884 1182 942 1236 δὲ
990 1183 1193 1254 Κύριον
1239 1185 1332 1239 καὶ
1381 1185 1514 1238 Θεὸν
1556 1186 1804 1257 ἀκριϐῶς
1845 1188 1975 1242 ὄντα

388 1271 748 1342 ἐπιστάμεθα.
797 1272 996 1326 Τοῦτον
1045 1270 1138 1328 οὖν
1171 1276 1332 1336 αὑτὸν
1364 1277 1681 1348 ἱκετεύομεν
1730 1279 1803 1350 μὴ
1859 1283 1972 1342 τοῖς

388 1363 677 1434 ἡμετέροις
699 1364 988 1434 ἐπιϐλέψαι
1015 1365 1120 1437 πλη
1130 1367 1469 1438 μμελήμασι,
1491 1369 1584 1422 καὶ
1610 1369 1684 1439 μὴ
1711 1371 1816 1422 τῶν
1837 1374 1972 1441 ήμε-

389 1457 565 1526 τέρων
597 1460 812 1527 μνήμην
842 1459 1171 1528 ποιήσασθαι
1223 1461 1638 1531 ἁμαρτημάτων
1663 1478 1677 1491 ο
1740 1465 1860 1525 ταῖς
1913 1463 1972 1515 δὲ

387 1545 568 1610 ἀθέοις
598 1547 694 1600 τοῦ
733 1548 990 1619 πολεμίου
1025 1554 1249 1620 φωναῖς,
1284 1553 1378 1604 καὶ
1420 1555 1484 1623 τῇ
1535 1553 1772 1624 τοσαύτῃ
1804 1556 1973 1626 ὑπερ-

388 1640 578 1711 ηφάνῳ
607 1643 894 1712 προσέχειν
918 1643 1224 1714 ἀλαζονεία.

463 1754 480 1784 t
510 1734 618 1786 Καὶ
643 1729 804 1804 ἦλθον
828 1735 879 1787 οἱ
907 1736 1092 1799 παῖδες
1121 1735 1214 1788 τοῦ
1247 1735 1512 1805 βασιλέως
1565 1737 1805 1802 Ἐζεκίου
1834 1739 1972 1809 πρὸς

2082 557 2204 602 tuus
2237 549 2396 602 verba
2438 546 2697 601 Rabsacis
2724 589 2740 612 ,
2776 561 2898 615 qua:
2941 546 3088 600 misit
3122 562 3213 600 rex
3251 547 3646 618 Assyriorum,

2077 650 2136 694 ut
2169 640 2530 710 exprobraret
2565 638 2676 694 Deo
2707 639 2932 701 viventi,
2971 647 3025 693 et
3050 639 3408 708 exptobraret
3441 639 3647 706 verbis,

2077 743 2195 794 quz‘e
2238 727 2444 780 audivit
2483 727 2741 780 Dominus
2785 728 2924 782 Deus
2971 737 3131 791 tuus,
3167 739 3222 782 et
3261 729 3648 796 depreeabers

2081 820 2365 873 Dominum
2399 829 2547 872 tuum
2601 836 2700 888 pro
2735 819 3015 875 derelictis
3061 820 3200 876 istis.
3241 840 3260 874 ι
3315 822 3438 876 Ideo
3486 825 3552 875 ad
3597 835 3649 878 te

2078 910 2255 962 virum
2315 909 2408 961 Dei
2464 909 2670 978 legatos
2715 910 2985 974 misimus,
3031 925 3128 979 per
3179 921 3232 966 te
3284 913 3438 966 nobis
3478 913 3646 966 Deum

2079 1009 2226 1050 tuum
2260 998 2560 1066 adjutorem
2609 999 2715 1052 hoc
2746 1007 2986 1067 tempore
3028 1002 3220 1056 adesse
3260 1003 3644 1058 obsecrantes:

2077 1105 2237 1159 quem
2272 1107 2340 1145 ne
2369 1090 2584 1160 quidem
2619 1091 2784 1145 Deum
2835 1103 3082 1148 nostrum
3110 1109 3306 1150 vocare
3353 1095 3644 1162 audemus;

2075 1183 2166 1235 sed
2209 1181 2373 1242 Deum
2421 1191 2474 1237 et
2510 1182 2791 1236 Dominum
2827 1193 2975 1238 tuum
3017 1198 3142 1238 esse
3174 1187 3338 1254 probe
3375 1188 3641 1242 novimus.

2076 1271 2210 1328 lluic
2239 1288 2371 1342 ergo
2404 1273 2504 1343 ipsi
2549 1275 2945 1343 supplicamus,
2994 1292 3060 1331 ne
3105 1276 3310 1330 scelera
3342 1289 3525 1332 nostra
3560 1295 3647 1332 re-

2074 1365 2306 1432 spiciat,
2348 1382 2522 1435 neque
2570 1376 2916 1434 peccatorum
2965 1377 3276 1424 nostrorum
3327 1373 3642 1440 memoriam

2077 1459 2339 1522 retineat;
2384 1458 2479 1512 sed
2527 1458 2708 1528 impiis
2756 1458 2961 1514 inimici
3004 1461 3230 1517 vocibus
3270 1471 3326 1516 et
3365 1473 3526 1520 tanta:
3554 1446 3653 1525 suk

2075 1550 2270 1617 perbizc
2301 1551 2568 1605 attendat.

2148 1725 2310 1782 Vsus.
2365 1728 2484 1782 5'7.
2517 1747 2536 1778 ι
2574 1729 2636 1782 Et
2666 1740 2922 1784 venerunt
2955 1733 3104 1801 pueri
3137 1734 3279 1804 regis
3297 1735 3540 1791 Ezechiaa
3576 1737 3643 1791 ad

394 1827 644 1889 Ἡσαΐαν,
693 1829 786 1880 καὶ
833 1823 985 1880 εἶπεν
1042 1829 1223 1892 αὐτοῖς
1261 1830 1518 1894 Ἡσαΐας
1557 1831 1745 1894 Οὕτως
1791 1833 1959 1904 ἐρεῖτε

2071 1819 2281 1882 Isaiam,
2323 1830 2378 1873 et
2416 1821 2550 1874 dixit
2593 1822 2700 1876 illis
2744 1822 2909 1877 Isaias
2949 1842 2964 1878 :
3004 1824 3094 1879 Sic
3132 1825 3321 1882 dicetis
3364 1829 3429 1882 ad
3463 1830 3640 1886 domi-

386 1918 523 1988 πρὸς
550 1918 641 1970 τὸν
685 1918 872 1990 κύριον
904 1919 1056 1988 ὑμῶν
1077 1937 1090 1950 ο
1139 1920 1277 1973 Τάδε
1322 1921 1469 1990 λέγει
1499 1922 1725 1994 Κύριος·
1755 1923 1846 1994 Μὴ
1874 1940 1968 1992 φο-

382 2009 556 2080 ϐηθῇς
584 2009 692 2062 ἀπὸ
720 2011 827 2063 τῶν
860 2011 1033 2078 λόγων
1057 2004 1134 2064 ὧν
1165 2011 1424 2083 ἡκούσας,
1460 2012 1552 2076 οὓς
1584 2014 1867 2067 ώνείδισάν
1897 2033 1965 2085 με

379 2103 431 2153 οἱ
459 2101 716 2171 πρέσϐεις
748 2102 1012 2172 βασιλέως
1052 2104 1372 2175 Ἀσσυρίων.
1417 2105 1546 2158 Ἰδοὺ
1575 2105 1686 2174 ἐγὼ
1716 2105 1970 2176 ἐμϐάλλω

383 2194 462 2257 εἰς
508 2193 670 2246 αὑτὸν
698 2193 934 2264 πνεῦμα,
975 2196 1067 2248 καὶ
1099 2194 1338 2259 ἀκούσας
1365 2196 1650 2264 ἀγγελίαν,
1685 2198 1965 2270 ἀποστρα-

379 2287 615 2355 φήσεται
648 2287 727 2348 είς
753 2287 854 2356 τὴν
882 2284 1068 2357 χώραν
1099 2286 1286 2348 αὑτοῦ,
1323 2289 1418 2341 καὶ
1449 2292 1697 2342 πεσεῖται
1723 2291 1967 2363 μαχαίρᾳ

379 2378 443 2429 ἐν
473 2380 539 2448 τῇ
591 2380 660 2448 γῇ
696 2377 881 2431 αὑτοῦ.
913 2398 931 2430 ι
987 2379 1074 2442 Ὡς
1115 2379 1175 2432 δὲ
1232 2379 1393 2449 μόνον
1445 2381 1756 2450 ἐπέστησαν
1791 2383 1964 2446 αὐτοὶ,

385 2469 597 2535 φθάσας
639 2471 766 2533 τοὺς
815 2472 947 2541 παρ’
971 2469 1158 2525 ⁴αὐτῶν
1208 2471 1398 2539 λόγους
1432 2474 1461 2525 ὀ
1503 2473 1749 2537 Ἡσαΐας,
1794 2473 1967 2538 ἀπαγ-

382 2558 590 2625 γέλλειν
613 2561 942 2631 προσέταττε
959 2561 1056 2633 τὴν
1084 2563 1483 2634 ἐπιφερομένην
1511 2566 1845 2635 προφητείαν
1866 2583 1876 2593 ·
1899 2565 1965 2619 δι’

367 2644 449 2718 οῆς
481 2650 718 2722 πνεῦμα,
750 2653 932 2720 φησὶν,
963 2653 1218 2723 ἐμϐάλλει
1257 2655 1336 2716 είς
1371 2654 1532 2707 αὐτόν
1552 2671 1564 2684 ·
1599 2656 1687 2724 ὑφ’
1716 2650 1777 2709 οῦ
1806 2657 1967 2711 πνεύ-

380 2758 553 2808 ματος
584 2743 908 2814 ἀπατηθεὶς,
931 2742 1190 2816 ἐπανήξει
1216 2745 1310 2796 ἐπὶ
1330 2745 1428 2816 τὴν
1455 2747 1650 2802 ἑαυτοῦ
1680 2748 1804 2819 γῆν,
1833 2748 1966 2803 ἔνθα

385 2831 529 2902 ξίφει
568 2835 667 2904 τὴν
701 2832 845 2907 ζωὴν
888 2835 1276 2906 καταστρέψει.

453 2945 474 2978 ι
525 2929 633 2982 Καὶ
673 2927 982 2999 ἀπέστρεψε
1023 2930 1353 3002 Ῥαϐσάκης,
1403 2930 1498 2985 καὶ
1557 2932 1823 2987 κατέλαϐε
1872 2933 1969 2990 τὸν

380 3016 606 3087 βασιλέα
645 3019 943 3089 Ἀσσυρίων
972 3018 1363 3090 πολιορκοῦντα
1388 3023 1616 3078 Λοϐνάν.
1652 3027 1762 3079 Καὶ
1804 3027 1966 3098 ἢκου-

379 3126 472 3162 σεν
499 3111 580 3163 ὅτι
607 3111 818 3183 ἀπῆρεν
847 3111 953 3164 ἀπὸ
997 3113 1186 3181 Λαχὶς,
1219 3114 1312 3166 καὶ
1360 3113 1550 3184 ἐξῆλθε
1592 3116 1842 3188 Θαρακά,
1872 3118 1967 3188 βα·-

2075 1928 2203 1966 uum
2236 1923 2475 1967 vestrum
2515 1930 2530 1966 :
2579 1913 2702 1968 Haec
2725 1914 2855 1985 dicit
2894 1916 3152 1974 Dominus
3187 1938 3201 1974 :
3234 1919 3308 1973 Ne
3352 1935 3559 1976 metuas
3607 1941 3636 1975 a

2073 2002 2437 2066 sermonibus,
2459 2018 2592 2073 quos
2611 2005 2832 2072 audisti,
2857 2021 2992 2074 quos
3017 2009 3482 2078 exprobraverunt
3504 2013 3636 2066 mihi

2075 2092 2232 2160 legati
2290 2092 2434 2161 regis
2474 2095 2839 2162 Assyriorum.
2895 2096 3192 2170 Eccevego
3235 2099 3520 2155 immittam
3578 2105 3631 2156 iu

2073 2201 2197 2238 eum
2243 2185 2517 2253 spiritum,
2569 2195 2624 2240 et
2664 2187 2850 2242 audito
2885 2189 3073 2243 nuntio
3123 2202 3424 2248 revertetur
3468 2196 3518 2249 in
3561 2212 3640 2251 re-

2071 2276 2290 2342 gionem
2328 2289 2504 2340 suam,
2541 2284 2596 2328 et
2637 2277 2794 2330 cadet
2831 2277 3010 2348 gladio
3042 2280 3095 2336 in
3129 2290 3269 2337 terra
3313 2298 3432 2338 sua.
3471 2304 3491 2337 ι
3535 2286 3634 2342 Ubi

2073 2370 2306 2439 primum
2340 2379 2520 2426 autem
2549 2382 2919 2437 accesserunt,
2944 2387 3247 2428 sermonem
3275 2389 3463 2430 eorum
3499 2393 3638 2446 pra:-

2077 2472 2293 2515 vertens
2322 2459 2513 2526 Isaias,
2549 2463 2764 2517 allatam
2796 2465 3134 2532 prOphctiam
3179 2468 3484 2521 renuntiare
3515 2468 3634 2537 jus-

2021 2553 2028 2559 “
2073 2553 2181 2616 sit;
2221 2569 2326 2622 qua
2359 2555 2631 2622 spiritum,
2668 2556 2860 2624 inquit,
2897 2557 3150 2610 immittet
3188 2557 3241 2614 iu
3268 2573 3413 2622 eum,
3451 2574 3482 2617 a
3526 2575 3633 2630 quo

2072 2644 2267 2712 Spirilll
2299 2645 2554 2714 deceptus
2594 2654 2896 2702 revertetur
2943 2647 2998 2703 in
3048 2657 3248 2704 terram
3289 2665 3442 2707 suam
3471 2691 3486 2716 ,
3538 2652 3630 2712 ubi

2071 2732 2249 2803 gladio
2281 2734 2446 2789 vitam
2477 2735 2648 2789 finiet.
3530 2736 3534 2740 ’

2144 2913 2306 2970 Vens.
2345 2913 2500 2972 8-16.
2537 2933 2558 2967 ι
2604 2915 2670 2970 Ει
2704 2930 2953 2972 reversus
2999 2926 3082 2971 est
3117 2915 3422 2981 Rabsaces,
3461 2926 3514 2971 et
3544 2919 3640 2972 de-

2077 3005 2364 3074 prehendit
2406 3021 2584 3076 regem
2614 3007 2966 3078 Assyriorum
3007 3007 3341 3062 obsidentem
3372 3005 3632 3066 Lobnatn.

2073 3096 2141 3150 Et
2166 3093 2373 3150 audivit
2397 3097 2539 3165 quod
2559 3095 2834 3164 profectus
2862 3106 3008 3152 esset
3035 3095 3099 3149 de
3124 3095 3345 3162 Lacbis.
3373 3107 3428 3152 et
3458 3113 3638 3167 egres-

381 3201 562 3264 σιλεὺς
602 3202 873 3256 Αἰθιόπων
893 3243 909 3269 ,
945 3203 1308 3276 πολιορκῆσαι
1334 3207 1496 3260 αὐτόν
1519 3224 1534 3238 ο
1575 3186 1686 3262 καὶ-
1715 3186 1957 3273 ἀκούσας

2061 3203 2154 3243 sus
2192 3196 2337 3243 esset
2385 3186 2656 3252 Tharaca,
2695 3204 2786 3241 rex
2842 3186 3198 3256 :Etbiopum,
3249 3200 3306 3242 ut
3349 3188 3626 3245 obsideret

376 3294 713 3364 ἀπέστρεψε.
741 3296 853 3348 Καὶ
877 3295 1194 3349 ἀπέστειλεν
1227 3297 1492 3364 ἀγγέλους
1546 3299 1683 3369 πρὸς
1712 3300 1957 3366 Ἐζεκίαν

377 3383 582 3452 λέγων’
620 3384 805 3447 Οὕτως
828 3387 1003 3455 ἐρεῖτε
1045 3386 1265 3458 Ἐζεκίᾳ
1295 3388 1504 3458 βασιλεί
1527 3389 1625 3460 τῆς
1667 3391 1952 3454 Ἱουδαίας’

377 3476 468 3544 Μή
509 3492 567 3526 σε
594 3475 857 3529 ἀπατάτω
882 3478 910 3529 ὀ
930 3475 1064 3539 Θεός
1093 3493 1208 3538 σου,
1250 3479 1334 3546 ἐφ’
1375 3473 1419 3545 ᾧ
1447 3479 1713 3544 πέποιθας
1742 3482 1828 3534 ἐπ’
1869 3482 1958 3535 αὐ-

374 3564 474 3634 τῷ,
525 3565 697 3633 λέγων
720 3584 733 3596 ·
765 3567 840 3620 υύ
875 3567 950 3638 μὴ
996 3567 1276 3639 παραδοθῇ
1315 3569 1674 3642 Ἰερουσαλὴμ
1713 3571 1772 3624 ἐν
1814 3573 1957 3644 χειρὶ

379 3657 642 3726 βασιλέως
699 3659 1017 3728 Ἀσσυρίων.
1062 3661 1134 3712 Συ
1177 3662 1278 3714 οὐκ
1328 3661 1568 3731 ἤκουσας
1613 3661 1650 3716 ἃ
1691 3664 1956 3734 ἐποέησαν

373 3750 616 3823 ’βασιλεῖς
656 3751 994 3822 Ἀσσυρίων;
1032 3753 1214 3806 Πᾶσαν
1244 3752 1342 3824 τὴν
1383 3753 1486 3823 γῆν
1530 3754 1606 3818 ώς
1646 3754 1952 3819 ἀπώλεσαν,

383 3841 477 3892 καὶ
509 3841 572 3893 σὺ
611 3840 893 3912 {melliﬁci};
927 3841 1017 3910 Μὴ
1061 3840 1362 3912 ἐρρύσαντο
1390 3842 1588 3904 αὐτοὺς
1632 3843 1680 3895 οἱ
1711 3843 1823 3896 θεοὶ
1849 3843 1956 3897 τών

369 3929 565 3991 ἐθνῶν,
595 3928 689 3993 οὓς
715 3931 998 3984 ἀπώλεσαν
1025 3933 1074 3982 οἱ
1102 3931 1338 4003 πατέρες
1373 3949 1492 4002 μου,
1522 3934 1623 4003 τήν
1652 3950 1710 3986 τε
1743 3933 1952 3998 Γωζάν,

377 4021 470 4072 καὶ
499 4019 743 4091 Χάρῤαν,
779 4022 872 4073 καὶ
915 4021 1132 4090 Ῥαφὲθ,
1173 4020 1234 4073 αἵ
1269 4023 1406 4075 εἰσιν
1449 4023 1506 4074 ἐν
1554 4021 1708 4094 χώρᾳ
1727 4024 1950 4094 Θεμάθ;

373 4111 484 4164 Ποῦ
537 4114 645 4164 εἰσι
674 4111 908 4180 βασιλεῖς
946 4113 1116 4183 Ἐμάθ
1142 4131 1155 4179 ;
1182 4114 1273 4167 καὶ
1297 4113 1400 4166 ποῦ
1439 4113 1678 4185 Ἀρφάθ;
1726 4117 1817 4169 καὶ
1849 4116 1951 4172 ποῦ

375 4200 578 4264 πόλεως
612 4201 1008 4273 Ἑπφαρουαῖμ,
1047 4204 1412 4272 Ἀναγουγάνα
1441 4203 1549 4275 (41)
1571 4222 1593 4270 ;,
1623 4206 1732 4265 Καὶ
1763 4206 1952 4268 ἔλαϐεν
2017 4268 2022 4274 ,

384 4289 628 4355 Ἐζεκίας
656 4291 716 4343 τὸ
749 4291 950 4360 βιϐλίον
985 4292 1135 4363 παρὰ
1167 4293 1274 4345 τῶν
1303 4294 1549 4362 ἀγγέλων
1571 4334 1585 4355 ,
1619 4295 1712 4348 καὶ
1743 4296 1953 4366 ἀνέγνω

364 4381 522 4443 αὐτὸ,
551 4381 644 4433 καὶ
671 4381 837 4451 ἀνέϐη
873 4383 953 4444 εἰς
991 4377 1139 4434 οἷκον
1171 4383 1397 4454 Κυρίου,
1427 4384 1521 4436 καὶ
1561 4385 1769 4451 ἤνοιξεν
1817 4387 1949 4449 αὐτὸ

367 4471 607 4523 ἐναντίον
635 4473 863 4543 Κυρίου.
899 4475 1008 4527 Καὶ
1035 4473 1377 4544 προσηύξατο
1409 4474 1654 4538 Ἐζεκίας
1676 4477 1811 4548 πρὸς
1838 4477 1949 4530 Κύ-

365 4579 484 4634 ριον
509 4562 710 4643 λέγων·
750 4564 950 4634 Κύριος
979 4565 1224 4630 Σαϐαὼθ,
1253 4569 1281 4619 ὀ
1310 4567 1442 4630 Θεὸς
1484 4568 1760 4640 Ίσραὴλ,ὀ
1778 4571 1946 4643 καθή-

367 4670 528 4722 μενος
548 4639 651 4705 ’ἐπὶ
683 4652 788 4728 τών
822 4655 1103 4726 χερουϐίμ.
1132 4676 1150 4706 ι
1201 4657 1258 4708 '0
1284 4656 1338 4715 δέ
1371 4675 1436 4725 γε
1480 4639 1729 4722 Ἐζεκίας
1755 4639 1943 4730 ὥσπερ

365 4745 457 4797 καὶ
481 4745 742 4814 πρότερον
767 4745 991 4798 ἔσπευδε
1016 4747 1109 4798 καὶ
1138 4747 1233 4800 νῦν
1259 4748 1349 4804 ἐπὶ
1377 4749 1466 4800 τὸν
1487 4745 1634 4801 οἶκον
1659 4750 1753 4802 τοῦ
1776 4750 1933 4814 Θεοῦ,

364 4837 456 4890 καὶ
488 4836 636 4906 αὐτῷ
680 4838 825 4907 μόνῳ
860 4839 957 4909 τὴν
991 4839 1274 4909 επιστολὴν
1307 4840 1514 4892 ἐδείκνυ
1544 4841 1624 4910 τῷ
1648 4841 1784 4911 Θεῷ.
1822 4838 1936 4896 Εἶτ’

361 4927 567 4996 ἐπῆγεν
608 4930 904 5000 ἱκετηρίαν,
940 4930 1029 4984 διὰ
1064 4930 1371 5002 προσευχῆς
1407 4931 1565 5008 μόνον
1603 4931 1763 4986 αὐτὸν
1799 4927 1937 4986 εἶναι

359 5019 531 5086 λέγων
560 5019 712 5084 Θεὸν,
749 5021 840 5072 καὶ
875 5022 974 5074 οὐκ
999 5021 1174 5074 ἄλλον.

434 5131 453 5163 ι
481 5113 551 5167 Σὺ
590 5109 642 5166 εἴ
671 5116 700 5166 ὁ
732 5115 862 5177 Θεὸς
898 5115 1056 5184 μόνος
1088 5114 1270 5186 πάσης
1319 5113 1595 5183 βασιλείας
1625 5117 1724 5186 τῆς
1756 5115 1933 5168 οἰκου-

361 5207 558 5276 μένης·
598 5208 660 5260 ab
694 5207 952 5279 ἐποίησας
985 5208 1074 5259 τὸν
1107 5206 1333 5276 οὐρανὸν
1382 5206 1473 5259 καὶ
1511 5207 1608 5277 τὴν
1648 5207 1770 5276 γῆν.
1803 5207 1932 5259 Κλῖ-

355 5315 464 5357 νον,
498 5297 692 5367 Κύριε,
713 5297 773 5350 τὸ
805 5295 896 5359 οὖς
927 5314 1048 5349 σου·
1082 5297 1419 5359 εἰσάκουσον,
1458 5297 1627 5368 Κύριε
1647 5315 1658 5326 °
1695 5295 1925 5362 ἄνοιξον,

357 5386 549 5455 Κύριε,
599 5389 724 5449 τοὺς
779 5387 1087 5456 ὀφθαλμούς
1123 5405 1234 5440 σου·
1276 5388 1573 5456 είσϐλεψον,
1611 5388 1801 5466 Κύριε,
1837 5389 1929 5441 καὶ

359 5477 433 5528 ιδὲ
469 5477 592 5539 τοὺς
623 5476 812 5543 λόγους
843 5479 1232 5548 Σενναχηρεὶμ,
1270 5477 1362 5540 οὒς
1392 5469 1705 5530 ἀπέστειλεν
1741 5477 1930 5529 ὀνειδί-

356 5566 470 5629 ζειν
495 5565 857 5644 Θεὸν-ζῶντα.
909 5567 1024 5639 Ἐπ’
1053 5568 1307 5638 ἀληθείας
1335 5568 1463 5638 γὰρ,
1496 5568 1683 5638 Κύριε,
1712 5570 1930 5640 ἠρήμω-

394 5699 662 5788 {ah-Sic
705 5701 1148 5788 SJndice‘s‘Gralci
1209 5707 1571 5788 ἀναγουγάνα,
1628 5725 1965 5786 anagnguna.

355 5773 440 5835 sic
466 5772 652 5842 habet,
689 5773 826 5840 Ana,
859 5783 910 5826 ει
935 5776 1065 5846 Arg.

2059 3295 2180 3335 eum
2209 3299 2222 3335 :
2260 3289 2314 3333 et
2344 3280 2570 3335 audiens
2607 3295 2856 3334 reversus
2887 3291 2989 3334 est.
3029 3281 3094 3335 Et
3124 3281 3271 3336 misit
3303 3283 3521 3337 nuntios
3547 3283 3614 3336 ad

2056 3373 2345 3428 Ezechiam
2377 3373 2562 3427 dicens
2593 3389 2607 3426 :
2645 3371 2737 3426 Sic
2763 3371 2954 3427 dicetis
2990 3373 3233 3428 Ezechiae
3259 3373 3369 3443 regi
3400 3371 3626 3427 Juda‘asz

2058 3463 2174 3519 Non
2213 3475 2262 3520 te
2302 3461 2536 3534 decipiat
2577 3463 2720 3518 Deus
2756 3473 2900 3529 tuus,
2943 3465 3028 3520 cui
3081 3465 3342 3529 conﬁdis,
3387 3465 3575 3520 dicens
3612 3483 3627 3520 :

2058 3555 2174 3609 Non
2210 3555 2453 3610 tradetur
2493 3555 2792 3613 Jerusalem
2836 3555 2890 3608 in
2933 3571 3148 3609 manum
3194 3557 3337 3626 regis
3371 3557 3630 3631 Assyrio-

2058 3663 2200 3701 rum.
2243 3647 2323 3700 Tu
2361 3662 2466 3700 non
2509 3647 2767 3702 audivisti
2810 3661 2931 3715 qua:
2977 3646 3221 3701 fecerunt
3264 3663 3419 3718 reges
3462 3651 3629 3720 Assy-

2057 3739 2306 3793 riorum?
2349 3738 2634 3808 Quomodo
2663 3750 2863 3792 terram
2893 3753 3108 3792 omnem
3140 3737 3489 3807 perdiderunt
3510 3780 3525 3800 .
3569 3753 3624 3794 et

2057 3840 2110 3883 tu
2162 3830 2418 3885 erueris?
2465 3827 2601 3883 Num
2636 3840 2899 3884 emerunt
2932 3845 3025 3884 eos
3067 3830 3138 3884 dii
3185 3830 3449 3899 gentium,
3491 3845 3628 3900 quos

2055 3918 2399 3986 perdiderunt
2427 3927 2609 3987 patres
2638 3917 2763 3984 mei,
2805 3917 3014 3983 Gozan,
3049 3928 3102 3972 et
3133 3915 3403 3982 Cbarran,
3438 3930 3491 3974 et
3522 3916 3628 3972 Ra-

2053 4009 2243 4078 pbetlt,
2278 4023 2398 4079 quae
2452 4017 2583 4063 sunt
2625 4010 2676 4061 in
2723 4010 2942 4078 regione
2986 4009 3302 4065 Thetnatb!
3355 4009 3454 4066 Ubi
3501 4022 3629 4066 sunt

2055 4111 2209 4169 reges
2237 4097 2472 4152 Ematb?
2500 4107 2554 4153 et
2580 4097 2667 4151 ubi
2703 4098 2945 4166 Arpbatb
2967 4098 2992 4152 ?
3015 4097 3355 4155 ubicivitatis
3385 4098 3626 4170 Eppbar-

2053 4190 2227 4255 vaim,
2271 4190 2638 4260 Anagugana?
2671 4189 2735 4244 Et
2774 4191 3004 4260 sumpsit
3032 4191 3296 4248 Ezechias
3335 4193 3537 4248 librum
3588 4211 3621 4248 a

2053 4279 2288 4344 nuntiis,
2323 4288 2376 4334 et
2405 4279 2533 4350 legit
2571 4295 2715 4347 eum,
2751 4287 2807 4333 et
2834 4281 3080 4335 ascendit
3105 4280 3158 4335 in
3191 4283 3409 4336 domum
3443 4281 3624 4337 Domi-

2053 4375 2131 4440 ni,
2164 4384 2220 4430 et
2246 4375 2461 4445 aperuit
2492 4391 2614 4437 eum
2645 4389 2833 4430 coram
2867 4374 3112 4430 Domino.
3165 4375 3232 4430 Et
3266 4377 3443 4432 oravit
3489 4377 3622 4432 Eze-

2051 4471 2202 4527 chias
2229 4471 2535 4535 Dominum,
2570 4471 2754 4526 dicens
2790 4489 2802 4523 :
2838 4470 3064 4525 Domine
3097 4472 3456 4536 exercituum,
3484 4473 3625 4526 Deus

2052 4563 2233 4628 Israel,
2265 4562 2355 4633 qui
2386 4563 2544 4625 sedes
2581 4576 2744 4631 super
2773 4561 3082 4617 cherubim.
3115 4580 3134 4613 ›
3183 4562 3442 4617 Ezechias
3472 4579 3617 4628 vero,

2049 4656 2501 4734 quemadmodum
2531 4663 2587 4708 et
2626 4653 2777 4723 prius
2798 4693 2813 4716 ,
2849 4669 2992 4707 nunc
3025 4655 3190 4707 etiam
3227 4654 3520 4708 maturavit
3553 4655 3623 4709 ad

2048 4746 2267 4798 domum
2303 4743 2419 4808 Dei,
2454 4743 2656 4812 unique
2689 4744 2796 4797 Deo
2819 4743 3101 4812 epistolam
3131 4744 3387 4798 ostendit.
3417 4743 3620 4800 Deimlc

2049 4849 2176 4888 vero
2214 4833 2662 4903 supplicationem
2720 4835 2924 4888 orando
2964 4833 3182 4900 emisit,
3215 4833 3365 4889 illum
3407 4836 3617 4903 solum,

2044 4936 2096 4981 et
2135 4941 2239 4982 non
2280 4925 2474 4994 alium,
2505 4925 2673 4982 Deum
2704 4934 2825 4982 esse
2856 4926 3062 4982 dicens.

2111 5105 2274 5163 Vsus.
2296 5107 2470 5162 17-21.
2491 5125 2510 5158 ι
2531 5107 2609 5161 Tu
2626 5122 2683 5162 es
2703 5107 2842 5164 Deus
2873 5109 3021 5165 solus
3041 5112 3217 5166 omnis
3239 5113 3388 5183 regni
3415 5121 3583 5168 terra:
3606 5134 3619 5168 :

2039 5212 2092 5254 tu
2115 5201 2284 5256 fecisti
2315 5200 2511 5255 malum
2539 5211 2596 5255 et
2627 5210 2846 5258 terram.
2880 5201 3111 5268 lncliua,
3145 5205 3392 5270 Domine,
3427 5221 3619 5260 aurem

2037 5302 2216 5348 tuam:
2250 5293 2464 5356 exaudi,
2494 5293 2718 5348 Domine
2752 5309 2765 5344 :
2799 5296 2970 5362 aperi,
2997 5296 3241 5353 Domine.
3261 5299 3444 5352 oculos
3470 5309 3612 5362 tuos,

2037 5383 2275 5453 respice,
2311 5382 2558 5448 Domine,
2591 5394 2647 5438 et
2699 5386 2822 5440 vide
2866 5400 3143 5441 sermones
3181 5388 3611 5458 Senuacberitn,

2035 5491 2170 5544 quos
2204 5477 2368 5541 misit,
2410 5485 2468 5530 ut
2504 5479 2859 5544 exprobraret
2893 5480 3003 5533 Deo
3032 5481 3250 5534 viventi.
3296 5481 3351 5535 lu
3383 5485 3612 5539 veritate

2033 5569 2200 5634 enim,
2243 5567 2498 5635 Domine,
2530 5579 2812 5623 vastarunt
2847 5587 2999 5640 reges
3034 5572 3377 5640 Assyriorum
3420 5579 3608 5631 orbem

2033 5708 2085 5763 In
2123 5708 2383 5765 llcbraico
2413 5710 2606 5782 legitur
2633 5715 2751 5774 ΠῚΣΊ
2786 5720 2887 5774 yart
2909 5709 2976 5765 ad
3006 5710 3152 5780 cujus
3194 5707 3606 5806 lidcthulgata
