4158 6402
543 308 647 366 551

1262 308 1533 368 EUSEBII
1577 309 2070 368 CESARIENSIS
2104 310 2257 368 OPP.
2301 311 2481 367 PARS
2521 314 2704 368 lll.—-
2737 313 3152 371 EXEGETICA.

3724 322 3833 379 353

536 432 875 499 universum,
912 440 967 488 et
999 432 1275 503 regionem
1304 448 1490 487 eorum
1510 473 1528 499 ,
1555 444 1612 489 et
1647 434 1955 503 iniecerunt
1987 434 2126 490 idola
2158 490 2163 501 η

2268 451 2337 489 αν
2383 436 2626 507 βασιλεῖς
2685 437 2989 509 Ἀσσυρίων
3024 438 3125 507 τὴν
3166 440 3493 513 οίκουμένην
3542 442 3691 516 ὅλην,
3737 446 3832 498 καὶ

536 541 726 581 eorum
755 526 809 580 in
849 527 1044 597 ignem.
1072 524 1189 579 Non
1216 526 1362 580 enim
1392 527 1663 591 diieraut,
1688 528 1783 581 sed
1817 541 1984 595 opera
2024 543 2139 580 ma-

539 636 704 675 nuum
728 620 1028 682 hominum,
1067 618 1210 690 Iigua
1241 630 1296 674 et
1321 619 1527 689 lapides
1556 628 1646 675 :et
1668 621 1994 690 pepulerunt
2018 634 2135 675 eos.

540 711 697 766 Nunc
733 719 913 765 autem
939 751 956 774 ,
991 709 1221 766 Domine
1271 711 1414 766 Deus
1452 720 1638 767 noster
1666 753 1681 777 ,
1721 712 1870 767 salva
1927 727 2028 767 nos
2073 715 2140 769 de

540 819 704 858 manu
726 804 879 873 ejus;
908 813 971 859 ut
1013 812 1313 873 cognoscat
1349 819 1513 859 onme
1539 819 1766 871 regnum
1796 815 1974 867 teme,
2013 803 2140 874 quia

540 905 597 950 tu
649 910 710 950 es
754 894 895 950 Deus
935 896 1103 951 solus.
1138 895 1206 950 Et
1242 896 1448 952 missus
1473 907 1557 951 est
1588 896 1753 952 Isaias
1797 897 1940 952 lilius
1979 899 2143 953 Amos

540 986 609 1038 ad
633 984 948 1041 Ezechiam.
989 1005 1007 1038 ι
1046 986 1163 1041 Rex
1197 988 1419 1056 quidem
1452 989 1741 1055 Ezechias,
1784 1000 1972 1061 utpote
2014 992 2143 1046 reli-

540 1079 749 1148 giosus,
782 1079 835 1133 iu
867 1080 1087 1134 domum
1115 1081 1206 1135 Dei
1237 1082 1537 1148 concessit,
1563 1081 1653 1137 ubi
1673 1081 1787 1151 jam
1812 1084 2142 1153 descriptam

539 1171 842 1225 orationem
876 1172 1090 1236 emisit;
1125 1171 1266 1228 Deus
1297 1182 1478 1229 autem
1529 1174 1701 1229 misso
1733 1176 1801 1229 ad
1844 1192 1967 1230 eum
2011 1175 2148 1231 Isaia

543 1264 803 1333 pmpheta
848 1264 947 1334 ipsi
993 1266 1281 1334 respondet
1312 1283 1328 1319 :
1360 1267 1656 1321 secundum
1696 1282 1825 1322 vero
1864 1268 1962 1337 ipsi
2025 1284 2150 1322 ora-

544 1357 726 1410 culum
758 1357 930 1425 dedit,
956 1357 1159 1414 doceus
1186 1373 1246 1414 se
1267 1373 1574 1415 sermonem
1610 1360 2019 1431 orationemque
2035 1361 2151 1430 ejus

539 1450 879 1506 exaudiisse.

624 1718 787 1775 Vsus.
807 1719 1037 1787 21.22.:
1064 1722 1289 1781 Etdixit
1317 1724 1367 1781 ei
1392 1742 1407 1780 :
1437 1724 1562 1781 Haec
1579 1724 1711 1782 dicit
1738 1725 1998 1787 Dominus
2013 1729 2153 1783 Deus

2239 527 2338 600 τὴν
2372 527 2559 599 χώραν
2586 528 2788 593 αὐτῶν,
2823 530 2919 583 καὶ
2941 530 3203 585 ἀνέϐαλον
3228 532 3296 585 τά
3331 533 3523 588 εῐδωλα
3547 536 3728 589 αὐτῶν
3753 538 3833 602 είς

2239 620 2302 673 τὸ
2333 619 2464 691 πῦρ.
2496 619 2571 674 Οὐ
2598 619 2709 691 γάρ
2736 620 2849 674 θεοῖ⁸
2876 616 3039 692 ἦσαν,
3074 623 3189 676 ἀλλ’
3220 623 3356 695 ἔργα
3392 626 3593 696 χειρῶν
3631 627 3836 699 ἀνθρώ-

2244 728 2383 775 πων,
2420 709 2553 778 ξύλα
2590 710 2685 764 καὶ
2717 709 2887 764 λίθοι·
2916 712 3009 765 καὶ
3041 712 3333 767 ἀπώσαντο
3365 715 3581 779 αὐτούς.
3613 715 3729 770 Νῦν
3754 717 3835 782 δὲ,

2242 802 2441 874 Κύριε,
2482 805 2512 856 6
2553 802 2689 866 Θεὸς
2718 802 2897 875 ἡμῶν,
2930 804 3103 858 σῶσον
3135 808 3283 877 ἡμᾶς
3313 808 3376 860 ἐκ
3406 810 3605 880 χειρῶν
3634 809 3830 864 αὐτοῦ·

2245 896 2333 949 ἵνα
2356 895 2470 966 γνῷ
2495 897 2646 950 πᾶσα
2674 899 2707 967 η
2745 896 2991 966 βασιλεία
3036 901 3137 969 τῆς
3169 903 3292 970 γῆς,
3343 901 3427 954 ὃτι
3460 902 3525 955 σὺ
3556 898 3611 955 εἶ
3642 905 3672 957 6
3701 902 3835 967 Θεὸς

2250 988 2429 1059 μόνος.
2456 988 2566 1041 Καὶ
2600 990 2879 1061 ἀπεστάλη
2908 988 3138 1054 Ἡσαΐας
3166 992 3282 1056 υἱὸς
3316 992 3497 1064 ’Δμὼς
3522 994 3659 1066 πρὸς
3694 993 3839 1059 Ἐζε-

2248 1081 2395 1136 κίαν.
2428 1100 2449 1135 ι
2496 1081 2554 1136 '0
2590 1082 2688 1153 μὲν
2718 1081 2969 1152 βασιλεὺς
3016 1083 3287 1148 Ἐζεκίας.
3324 1078 3411 1139 οἶα
3445 1086 3719 1157 θεοφιλὴς,
3756 1089 3836 1152 είς

2248 1177 2340 1229 τὸν
2358 1172 2507 1229 οἷκον
2536 1174 2691 1246 ἀνῄει
2722 1176 2816 1229 τοῦ
2850 1176 3008 1239 Θεοῦ.
3038 1176 3134 1231 καὶ
3164 1177 3264 1249 τὴν
3286 1178 3635 1250 ἀνάγραπτον
3658 1182 3837 1252 ἱκετη-

2252 1267 2370 1338 ρίαν
2401 1268 2688 1337 ἀνέπεμπε
2712 1284 2727 1298 ο
2746 1267 2878 1331 Θεὸς
2909 1268 2967 1321 δὲ
2988 1267 3138 1339 αὐτῷ
3170 1268 3552 1340 ἀποκρίνεται,
3585 1271 3677 1324 τὸν
3704 1272 3837 1324 ἐαυ-

2249 1359 2344 1413 τοῦ
2391 1360 2676 1431 προφήτην
2729 1361 2956 1414 Ἡσαΐαν
2992 1360 3068 1424 ὡς
3101 1360 3262 1415 αὑτὸν
3287 1361 3543 1432 πέμψας·
3587 1362 3838 1435 δεύτερον

2249 1453 2308 1506 δὲ
2372 1452 2521 1524 αὐτῷ
2581 1451 2772 1507 τοῦτον
2833 1453 3083 1507 ἐκδίδωσι
3139 1452 3231 1506 τὸν
3284 1454 3553 1525 χρησμὸν,
3597 1454 3672 1517 ὼς
3728 1454 3841 1525 ἄρα.

2252 1545 2340 1617 εἴη
2387 1544 2643 1617 ἀκηκοὼς
2692 1546 2785 1599 τὸν
2828 1547 2929 1617 τῆς
2981 1548 3293 1618 προσευχῆς
3337 1545 3503 1600 αὐτοῦ
3556 1546 3713 1616 λόγον
3755 1546 3839 1599 δι-

2255 1636 2492 1691 δάσκων.

2332 1748 2350 1780 ι
2388 1731 2497 1784 Καὶ
2522 1724 2677 1785 εἶπεν
2706 1731 2883 1802 αὐτῷ’
2911 1731 3051 1785 Τάδε
3081 1732 3231 1802 λέγει
3270 1732 3478 1804 Κύριος
3508 1734 3536 1785 6
3567 1730 3700 1794 Θεὸς
3734 1731 3839 1784 ’ἰσ-

552 1813 961 1871 lsrael:Audivi
989 1832 1110 1887 quae
1142 1827 1398 1889 precatus
1421 1834 1483 1875 es
1519 1835 1605 1875 me
1638 1835 1802 1890 super
1830 1819 2141 1877 Seunacbe-

2268 1822 2385 1895 δαήλ
2407 1838 2421 1853 ⁸
2456 1823 2704 1877 Ἤκουσα
2739 1824 2777 1878 ἀ
2814 1823 3107 1898 προσηύξω
3142 1826 3277 1897 πρὸς
3312 1826 3379 1896 μὲ
3414 1825 3540 1897 περὶ
3570 1825 3841 1894 Σενναχη’

554 1908 658 1964 rim
686 1923 815 1979 rege
851 1909 1221 1982 Assyriorum.
1260 1911 1361 1968 Hic
1397 1922 1483 1968 est
1515 1926 1700 1968 sermo
1730 1928 1890 1983 quem
1938 1915 2149 1970 locutus

552 2012 640 2058 est
668 2003 734 2059 de
763 2002 852 2057 illo
882 2003 1024 2060 Deus
1050 2003 1422 2076 :Coutempsit
1453 2017 1540 2073 te,
1582 2015 1639 2061 et
1680 2007 2033 2063 subsannavit
2073 2018 2147 2075 te,

553 2096 709 2165 virgo
741 2096 847 2151 ﬁlia
885 2097 1039 2152 Sion.
1068 2117 1087 2150 ι
1109 2099 1222 2168 Ego
1252 2112 1381 2154 vero
1413 2100 1535 2154 dico
1572 2100 1669 2154 tibi
1708 2115 1775 2154 ne
1808 2101 2148 2171 temetipsum

555 2190 816 2260 decipias,
854 2206 959 2245 non
996 2191 1139 2246 euim
1164 2191 1366 2247 virtute
1386 2199 1475 2245 tua
1511 2192 1610 2247 hos
1638 2206 1829 2247 omnes
1859 2194 2149 2261 superasti.

556 2281 671 2353 Ego
712 2291 898 2337 autem
948 2298 1097 2339 eram
1130 2284 1221 2353 qui
1265 2283 1383 2340 haec
1423 2293 1616 2340 contra
1659 2298 1755 2341 eos
1795 2284 2151 2351 definieram,

555 2373 773 2430 etiamsi
815 2383 868 2429 tu
928 2376 982 2431 id
1030 2376 1257 2432 minime
1301 2392 1649 2447 agnosceres,
1679 2388 1845 2449 atque
1885 2380 1952 2432 ab
1998 2378 2154 2434 initio

2254 1915 2383 1985 ρεὶμ
2415 1914 2681 1985 βασιλέως
2719 1916 3041 1988 Ἀσσυρίων.
3078 1913 3246 1981 Οὗτος
3271 1920 3300 1971 6
3333 1917 3490 1987 λόγος
3522 1917 3581 1970 ὃν
3612 1916 3841 1987 ὲλάλησε

2254 2008 2384 2079 περὶ
2407 2007 2574 2061 αὑτοῦ
2597 2010 2626 2061 6
2647 2007 2803 2073 Θεὸςη
2846 2009 3136 2080 Ἐφαύλισέ
3170 2026 3229 2062 σε
3266 2010 3360 2063 καὶ
3386 2010 3719 2081 ἐμυκτήρισέ
3755 2027 3841 2077 σε,

2256 2098 2523 2170 παρθένος
2544 2101 2792 2172 Θυγάτηρ
2818 2102 2977 2157 Σιών.
3014 2120 3033 2154 ι
3065 2101 3207 2172 Ἐγὼ
3236 2101 3293 2155 δέ
3323 2102 3405 2155 σοί
3439 2120 3581 2173 φημι
3608 2103 3681 2173 μὴ
3714 2120 3845 2157 σαυ-

2256 2192 2347 2245 τὸν
2398 2193 2651 2265 ἀπατᾷν,
2708 2194 2770 2247 οῦ
2823 2195 2936 2266 γὰρ
2980 2196 3046 2265 τῇ
3096 2192 3296 2247 σαυτοῦ
3351 2193 3579 2264 δυνάμει
3636 2194 3845 2250 τούτων

2258 2284 2510 2339 ἁπάντων
2542 2287 2920 2358 περιγέγονας.
2963 2284 3105 2354 Ἐγὼ
3147 2285 3207 2340 δέ
3240 2286 3387 2356 ήμην
3426 2284 3562 2338 αὐτὰ
3594 2284 3713 2337 κατ’
3744 2284 3847 2340 αδ-

2257 2378 2367 2434 τῶν
2395 2379 2605 2450 ὁρίσας,
2637 2382 2687 2433 εί
2720 2381 2815 2434 καὶ
2849 2379 2914 2432 σὺ
2946 2379 3022 2451 μὴ
3041 2379 3307 2447 ἐπέγνως,
3338 2377 3489 2448 ἢκαὶ
3522 2377 3655 2447 μηδὲ
3679 2378 3847 2447 ἤκουε-

557 2468 846 2526 cnnsilium
882 2484 1063 2524 meum
1094 2485 1200 2523 non
1250 2469 1493 2524 audires.
1529 2468 1742 2525 Etenim
1776 2468 1887 2537 jam
1921 2469 2046 2525 inde
2088 2471 2155 2523 ab

2268 2487 2361 2533 σας
2392 2470 2490 2543 τὴν
2514 2470 2654 2542 ἐμὴν
2679 2470 2738 2538 ἐξ
2769 2470 2943 2543 ἀρχῆς
2971 2469 3188 2542 βουλήν.
3220 2469 3403 2523 Ταῦτα
3422 2468 3532 2540 γάρ
3562 2469 3726 2532 αὐτὸς
3751 2471 3847 2524 κέ-

558 2561 798 2631 antiquis
823 2561 1156 2631 temporibus
1178 2563 1293 2618 haec
1317 2570 1506 2617 contra
1534 2563 1867 2632 irreligiosas
1888 2571 1941 2616 et
1967 2563 2158 2632 impias

2268 2581 2433 2636 κρικα
2464 2563 2606 2617 κατὰ
2636 2564 2745 2617 τῶν
2778 2563 2954 2617 ἀθέων
2996 2563 3089 2615 καὶ
3116 2562 3326 2616 ἀσεϐῶν
3352 2562 3519 2616 ἐθνῶν
3557 2562 3722 2617 πάλαι
3753 2562 3849 2615 καὶ

561 2663 750 2725 gentes
794 2669 891 2726 per
923 2664 977 2710 te
1023 2655 1161 2711 etiici
1202 2655 1571 2710 decreveram.
1602 2653 1757 2709 Nunc
1803 2665 1983 2708 autem
2029 2654 2159 2724 ipsis

2268 2656 2323 2723 ἐξ
2346 2656 2570 2728 ἡμερῶν
2598 2656 2843 2728 ἀρχαίων
2893 2654 2981 2709 διὰ
3021 2654 3116 2708 σοῦ
3152 2655 3482 2728 πραχθῆναι.
3532 2656 3648 2710 Νῦν
3685 2656 3744 2709 δέ
3777 2656 3847 2708 δι’

563 2747 822 2815 operibus
856 2747 1143 2803 consilium
1172 2747 1360 2817 aperui
1404 2763 1607 2811 meum,
1631 2762 1755 2802 cum
1789 2756 1841 2801 te
1871 2746 1937 2801 ad
1970 2762 2158 2801 eorum

2268 2746 2443 2819 ἔργων
2494 2748 2592 2819 τὴν
2634 2749 2774 2821 ἐμὴν
2830 2746 3082 2813 ἐπέδειξα
3126 2747 3340 2819 βουλὴν,
3385 2750 3604 2822 ἐγείρας
3657 2766 3716 2802 σε
3759 2748 3847 2800 ἐπ’

564 2839 659 2910 qui
704 2838 968 2910 supplicio
1019 2839 1169 2910 digni
1237 2850 1367 2893 sunt
1410 2838 1705 2910 perniciem
1748 2838 2031 2903 excitavi,
2075 2847 2158 2891 at-

2268 2838 2470 2910 ὀλέθρῳ
2500 2838 2608 2892 τῶν
2636 2837 2909 2912 τιμωρίας
2939 2838 3126 2902 ἀξίων,
3156 2838 3251 2892 καί
3283 2857 3366 2894 σοι
3393 2842 3741 2915 χρησάμενος
3762 2858 3855 2911 σηο

566 2946 675 3004 que
704 2942 758 2986 te
788 2932 941 3002 quasi
976 2932 1132 3002 signo
1157 2946 1289 2987 usus
1327 2947 1448 2985 sum
1481 2931 1546 2985 ad
1572 2929 1860 2985 vastandas
1887 2939 2079 3000 gentes
2109 2937 2163 2983 et

2271 2932 2408 3003 μείῳ
2437 2932 2537 2985 τοῦ
2559 2930 2905 3005 ἐξερημῶσαι
2931 2930 3079 3001 ἔθνη,
3110 2932 3448 2997 ἀναστάτους
3473 2936 3692 3005 ποιῆσαι
3722 2935 3851 2997 τοὺς

566 3025 634 3079 ad
663 3023 939 3094 pellendos
977 3040 1072 3080 eos
1112 3024 1207 3095 qui
1236 3024 1475 3078 munitas
1510 3024 1671 3079 urbes
1703 3022 1946 3078 incolunt
1981 3039 1994 3075 :
2028 3038 2163 3092 quas

2268 3020 2549 3085 οἰκοῦντας
2585 3023 2643 3073 ἐν
2677 3019 2895 3073 πόλεσιν
2918 3020 3174 3090 ὀχυραῖς’
3209 3020 3275 3084 ἃς
3302 3023 3565 3094 πρότερον
3597 3023 3696 3093 μὲν
3721 3022 3853 3090 ἐφύ-

566 3117 786 3187 quidem
818 3118 983 3173 urbes
1013 3119 1165 3187 prius
1191 3116 1561 3171 custodiebam
1590 3125 1646 3171 et
1672 3114 1993 3180 servabam;
2025 3123 2166 3184 post-

2268 3113 2462 3165 λαττον
2481 3112 2758 3178 διασώξων
2779 3113 2888 3182 ἐγώ
2906 3131 2919 3144 ·
2956 3116 3079 3169 ἐπεὶ
3102 3114 3160 3169 δὲ
3189 3114 3419 3185 ἠσέϐουν
3454 3114 3528 3185 μὴ
3558 3116 3854 3186 γνωρίζον-

569 3224 734 3279 quam
762 3219 946 3265 autem
977 3210 1051 3264 illi
1083 3218 1420 3265 servatorem
1449 3225 1554 3264 non
1581 3219 1945 3279 agnoscentes
1982 3223 2161 3271 suum,

2268 3223 2358 3270 τες
2404 3204 2493 3258 τὸν
2517 3204 2725 3259 ἑαυτῶν
2772 3209 3011 3280 σωτῆρα,
3053 3182 3231 3279 ἀνῆκα
3260 3206 3357 3271 τὰς
3389 3182 3627 3279 ἐμαυτοῦ
3661 3182 3855 3278 χεῖρας

571 3301 840 3372 impietati
873 3317 934 3358 se
964 3301 1331 3367 dediderant,
1364 3315 1556 3355 manus
1606 3300 1789 3354 remisi
1826 3314 2007 3363 meas,
2041 3313 2166 3353 eos-

570 3409 678 3460 que
700 3393 794 3450 tibi
826 3395 895 3449 ad
927 3394 1251 3464 supplicium
1289 3393 1507 3447 tradidi.
1545 3391 1623 3447 Illi
1647 3406 1780 3447 vero
1824 3392 2166 3473 inspectione

573 3502 695 3543 mea
718 3488 916 3553 orbati,
953 3488 1140 3543 statim
1184 3486 1388 3543 deserti
1418 3496 1565 3541 sunt.
1600 3486 1782 3554 Quare
1808 3486 1986 3539 subdit
2014 3502 2030 3541 :

643 3580 807 3635 Vsus.
834 3581 1026 3638 25-25.
1066 3600 1083 3632 ι
1116 3579 1171 3634 lu
1210 3590 1260 3636 te
1298 3588 1461 3650 caput
1493 3580 1680 3646 movit,
1706 3578 1812 3633 tilia
1843 3577 2164 3634 Jerusalem.

573 3674 672 3730 Cui
727 3676 1095 3746 exprobrasti,
1135 3687 1191 3730 et
1235 3690 1394 3746 quem
1437 3670 1719 3728 irritasti?
1756 3683 1851 3727 aut
1904 3673 2169 3727 adversus

574 3783 739 3839 quem
769 3768 1035 3824 sustulisti
1084 3782 1266 3822 vocem
1305 3774 1450 3819 tuam
1480 3764 1505 3820 ?
1537 3774 1595 3819 et
1638 3779 1743 3818 non
1778 3762 1964 3818 levasti
2002 3763 2056 3817 in
2093 3762 2171 3816 al-

578 3870 691 3915 tum
739 3862 926 3916 oculos
970 3870 1092 3915 tuos
1135 3860 1201 3913 ad
1248 3868 1499 3913 sanctum
1549 3856 1736 3920 Israel,
1772 3857 2031 3926 quoniam
2076 3872 2172 3926 per

578 3951 805 4006 nuntios
843 3951 1185 4021 exprobrasti
1231 3950 1483 4005 Domino.
1534 3949 1616 4004 Tu
1667 3949 1814 4004 euim
1859 3947 2046 4003 dixisti
2074 3967 2087 4002 :
2114 3947 2171 4003 lu

579 4042 927 4098 multitudine
956 4058 1217 4098 curruum
1244 4057 1346 4112 ego
1380 4043 1597 4099 ascendi
1641 4042 1696 4096 in
1733 4042 1990 4097 verticem
2022 4058 2175 4097 mou-

581 4136 741 4199 tium,
774 4145 829 4189 et
861 4137 913 4189 iu
963 4135 1153 4190 ultima
1192 4132 1405 4197 Libani,
1433 4143 1489 4190 et
1531 4133 1737 4190 succidi
1778 4132 1992 4200 fastigia
2026 4133 2174 4188 cedri

580 4227 721 4296 ejus.
753 4237 809 4283 et
849 4228 1305 4298 pulchritudinem
1346 4227 1611 4297 cypressi,
1665 4237 1722 4281 et
1754 4225 2173 4296 ingressussum

584 4322 640 4377 in
668 4321 1011 4378 altitudinem
1055 4320 1228 4395 partis
1255 4318 1452 4376 saltus.
1496 4337 1516 4372 ι
1550 4317 1644 4374 llis
1676 4332 1839 4387 porro
1865 4317 2177 4373 subiudicat

584 4415 835 4471 sublimia
881 4415 973 4470 illa
1007 4424 1063 4470 et
1110 4412 1403 4483 conspicua
1437 4411 1493 4467 iu
1538 4409 1764 4478 reliquis
1800 4409 2052 4478 gentibus
2087 4423 2175 4462 re-

2269 3316 2353 3353 σοι
2388 3299 2719 3371 παραδιδοὺς
2744 3300 2837 3353 ἐπὶ
2872 3300 3141 3373 τιμωρίᾳ*
3170 3303 3216 3354 οἱ
3248 3299 3304 3353 δὲ
3333 3302 3679 3372 παραχρῆμα
3719 3300 3853 3371 ἐρη-

2272 3412 2363 3466 μοι
2413 3394 2659 3463 ἐγένοντο
2699 3398 2799 3466 τῆς
2847 3395 2987 3467 ἐμῆς
3023 3394 3378 3468 στερηθέντες
3413 3395 3735 3464 ἐπισκοπῆς.
3761 3394 3857 3448 Διὸ

2271 3485 2536 3555 ἐπιλέγειο

2345 3598 2363 3630 ι
2406 3580 2528 3633 Ἐπὶ
2558 3579 2639 3632 σοὶ
2668 3579 2907 3652 κεφαλὴν
2940 3578 3179 3650 ἐκίνησε,
3203 3578 3449 3651 θυγάτηρ
3480 3578 3853 3651 Ἰερουσαλήμ.

2271 3672 2404 3726 Τίνα
2429 3672 2712 3737 ὠνείδισας
2745 3673 2838 3726 καὶ
2866 3672 3189 3743 παρώξυνας
3210 3690 3224 3737 ;
3249 3672 3280 3744 ἧ
3317 3673 3453 3744 πρὸς
3478 3673 3601 3727 τίνα
3634 3672 3858 3742 ῦψωσας

2272 3759 2371 3831 τὴν
2409 3761 2595 3831 φωνήν
2624 3777 2752 3825 σου;
2796 3761 2891 3814 καὶ
2932 3760 3031 3814 οὐκ
3062 3756 3203 3833 ἤρας
3231 3762 3310 3823 εἰς
3339 3761 3470 3831 ὕψος
3500 3761 3626 3825 τοὺς
3657 3760 3860 3832 ὀφθαλ-

2278 3850 2408 3921 μούς
2431 3868 2526 3904 σου
2554 3851 2689 3923 πρὸς
2714 3852 2806 3905 τὸν
2838 3852 2992 3920 ἀγιον
3012 3851 3105 3904 τοῦ
3156 3852 3389 3924 Ἰσραὴλ,
3420 3854 3501 3906 ὃτι
3526 3853 3591 3906 δι’
3612 3840 3858 3923 ἀγγέλων

2275 3940 2557 4005 ὠνείδισας
2620 3941 2845 4013 Κύριον.
2902 3941 2974 3994 Σὺ
3030 3941 3140 4012 γὰρ
3184 3937 3372 4004 εἶπαςο
3407 3942 3499 4013 Τῷ
3525 3942 3718 4013 πλήθει
3748 3941 3859 3995 τῶν

2277 4032 2538 4102 ἁρμάτων
2571 4032 2682 4103 ἐγὼ
2710 4033 2909 4103 ἀνέϐην
2969 4035 3049 4095 είς
3110 4031 3244 4101 ὕψος
3283 4034 3490 4106 ὁρέων,
3537 4035 3629 4087 καὶ
3670 4035 3749 4096 είς
3787 4034 3859 4087 τά

2277 4123 2482 4195 ἔσχατα
2525 4125 2619 4179 τοῦ
2659 4126 2914 4189 Λιϐάνου,
2951 4128 3044 4180 καὶ
3083 4127 3254 4198 ἔκοψα
3288 4127 3358 4180 τὸ
3381 4126 3513 4197 ῦψος
3542 4131 3640 4199 τῆς
3667 4128 3859 4197 κέδρου

2278 4217 2467 4283 αὐτοῦ,
2503 4219 2599 4273 καὶ
2630 4219 2690 4273 τὸ
2723 4220 2916 4285 κάλλος
2956 4222 3054 4291 τῆς
3080 4221 3443 4293 κυπαρίσσου,
3479 4221 3574 4273 καὶ
3611 4220 3860 4291 εἰσῆλθον

2279 4310 2359 4373 είς
2384 4308 2516 4379 ὕψος
2543 4309 2742 4380 μέρους
2768 4311 2862 4364 τοῦ
2892 4310 3120 4382 δρυμοῦ.
3167 4331 3184 4363 ι
3228 4310 3504 4382 ᾝνίττετο
3541 4310 3629 4365 διὰ
3657 4311 3864 4365 τούτων

2280 4404 2378 4466 τὰς
2394 4403 2451 4455 ἐν
2477 4406 2590 4467 τοῖς
2620 4403 2822 4468 λοιποῖς
2850 4403 3059 4457 ἐθνεσιν
3082 4403 3466 4475 ἐπηρτημένας
3489 4404 3583 4456 καὶ
3609 4403 3868 4474 εὐθηνου-

584 4525 713 4582 gua.
743 4508 933 4580 Magna
960 4512 1162 4579 quippe
1191 4505 1283 4561 illa
1316 4503 1512 4559 Libani
1561 4501 1853 4559 multitudo
1882 4501 1933 4556 in
1969 4499 2163 4554 altissi-

2284 4495 2471 4566 μένας
2493 4495 2788 4565 βασιλείας.
2822 4496 2897 4549 Τὸ
2936 4496 3043 4568 γάρ
3078 4496 3211 4550 πολὺ
3248 4495 3451 4565 πλῆθος
3495 4494 3591 4547 τοῦ
3633 4494 3867 4548 Λιϐάνου

587 4606 693 4662 mis
721 4604 899 4661 cedris
911 4612 964 4659 et
980 4598 1272 4672 cupressis,
1293 4598 1429 4662 sive,
1451 4595 1746 4652 secundum
1770 4591 2179 4665 Symmachum,

591 4720 612 4753 ι
642 4699 929 4770 juuiperis,
961 4714 980 4750 ι
1003 4695 1138 4761 sive,
1171 4691 1472 4748 secundum
1497 4686 1775 4758 Aquilam,
1810 4704 1829 4737 ι
1853 4684 2172 4745 abietibus,»

588 4796 655 4848 ad
681 4793 967 4863 imaginem
988 4799 1045 4845 et
1072 4788 1297 4860 ﬁguram
1325 4784 1568 4859 gentium
1591 4791 1719 4837 tunc
1738 4793 1994 4851 prospere
2014 4791 2178 4848 agen-

593 4890 726 4943 tium
763 4883 1064 4952 usurpavit.

665 4977 829 5030 Vsns.
856 4974 1049 5029 26-29.
1074 4992 1093 5025 ι
1116 4973 1177 5027 Ει
1212 4970 1367 5042 posui
1400 4976 1642 5042 pontem,
1674 4974 1732 5019 et
1749 4963 1957 5019 vastavi
1987 4976 2177 5031 aquas,

591 5080 648 5125 et
676 5083 892 5123 ouiuem
915 5066 1389 5136 congregationem
1434 5075 1606 5131 aquae.
1643 5057 1833 5113 Nonne
1860 5072 1924 5112 ea
1959 5054 2178 5110 audiisti

594 5162 744 5225 olim,
775 5175 896 5230 quze
918 5176 1016 5230 ego
1053 5158 1153 5213 feci
1187 5158 1316 5213 ‘iAb
1354 5154 1598 5226 antiquis
1638 5152 1829 5208 diebus
1874 5148 2128 5206 constitui
2164 5166 2179 5216 ;

597 5269 743 5310 nunc
773 5261 951 5308 autem
979 5251 1193 5307 ostendi
1236 5265 1323 5304 me
1355 5259 1574 5305 vastare
1623 5256 1812 5318 gentes
1847 5246 1901 5299 in
1930 5242 2182 5307 fortibus,

595 5357 653 5405 et
674 5364 792 5413 eos,
820 5345 915 5419 qui
953 5345 1199 5401 habitant
1246 5344 1298 5398 in
1336 5342 1649 5398 civitatibus
1692 5338 1935 5396 munitis.
1981 5336 2185 5392 Remisl

602 5456 814 5507 manus,
864 5451 922 5496 et
951 5446 1308 5501 exaruerunt.
1342 5446 1397 5491 et
1433 5435 1656 5491 fuerunt
1701 5442 1960 5503 tanquam
2004 5430 2184 5485 fenum

602 5537 810 5591 aridum
841 5534 894 5589 iu
945 5531 1105 5589 tectis
1146 5539 1201 5585 et
1250 5541 1504 5600 tanquam
1544 5542 1785 5600 gramen.
1820 5525 1974 5580 Nunc
2005 5532 2184 5578 autem

608 5609 847 5697 requiem
891 5635 1063 5686 tuam,
1103 5630 1157 5676 et
1187 5622 1392 5675 exitum
1419 5630 1592 5683 tuum,
1618 5628 1673 5674 et
1707 5619 2007 5687 ingressum
2035 5625 2184 5670 tuum

604 5737 705 5789 ego
735 5718 882 5776 novi.
922 5715 1005 5769 lra
1037 5723 1216 5770 autem
1250 5724 1365 5777 tua,
1391 5729 1499 5782 qua
1549 5713 1720 5766 iratus
1757 5726 1838 5777 es,
1878 5719 1934 5765 et
1979 5709 2183 5764 amari-

608 5812 737 5867 tudo
774 5822 864 5865 tua
903 5806 1151 5863 ascendit
1187 5803 1255 5861 ad
1306 5820 1409 5862 mc.
1442 5804 1507 5860 Et
1542 5802 1783 5873 injiciam
1826 5801 2087 5858 circulum
2130 5799 2182 5856 in

2285 4592 2344 4643 ἐν
2372 4588 2732 4661 ὑψηλοτάταις
2757 4590 2969 4661 κέδροις
2996 4590 3089 4643 καὶ
3117 4590 3497 4661 κυπαρίσσοις,
3531 4587 3563 4658 ἦ
3592 4588 3686 4639 καὶ
3720 4607 3739 4638 ‹
3770 4589 3871 4658 ἁρ-

2285 4684 2519 4749 κεύθοις,
2563 4704 2581 4736 ι
2619 4683 2758 4738 κατὰ
2788 4682 2878 4737 τὸν
2906 4682 3224 4754 Σύμμαχον,
3258 4682 3290 4754 ἢ
3329 4702 3348 4733 ι
3389 4682 3627 4744 ἐλάταις,
3671 4700 3690 4732 ι
3726 4679 3873 4732 κατά

2284 4778 2375 4832 τὸν
2426 4777 2674 4842 Ἀκύλαν,
2714 4779 2792 4841 εἰς
2833 4777 3015 4831 εἰκόνα
3052 4774 3371 4849 περιείληφε
3417 4775 3526 4829 τῶν
3559 4774 3679 4827 τότε
3707 4772 3874 4842 εὐθη-

2284 4888 2377 4926 νου
2385 4871 2562 4942 μένων
2598 4870 2788 4926 ἐθνῶν.
3654 4866 3659 4871 ’

2361 4981 2381 5014 ‹
2422 4962 2530 5015 Καὶ
2576 4961 2746 5032 ἔθηκα
2794 4960 3059 5033 γέφυραν,
3107 4961 3200 5013 καὶ
3231 4960 3505 5031 ἡρήμωσα
3549 4958 3738 5020 ὕδατα,
3775 4959 3872 5011 καὶ

2287 5056 2467 5109 πᾶσαν
2492 5054 2815 5123 συναγωγὴν
2836 5051 3043 5116 ὕδατος.
3073 5052 3146 5104 Οὐ
3170 5050 3343 5105 ταῦτα
3369 5051 3609 5122 ἧκουσας
3641 5050 3808 5103 πάλαι
3832 5048 3872 5103 ἆ

2287 5147 2398 5217 ἐγὼ
2426 5148 2691 5219 Emi-qua;
2743 5146 2830 5214 Ἐξ
2872 5145 3094 5218 ἡμερῶν
3127 5145 3368 5216 ἀρχαίων
3424 5143 3723 5210 συνέταξα·
3774 5140 3873 5195 νῦν

2288 5240 2344 5293 δέ
2373 5238 2621 5304 ἐπέδειξα
2652 5239 2999 5310 ἐξερημῶσαι
3028 5236 3156 5306 ἔθνη
3192 5238 3249 5289 ἐν
3282 5237 3518 5306 ὀχυροῖς,
3547 5237 3642 5288 καὶ
3667 5233 3875 5288 οἰκοῦν-

2293 5351 2391 5396 τας
2424 5336 2482 5387 ἐν
2512 5333 2728 5386 πόλεσιν
2760 5333 3003 5405 ὀχυραῖς.
3052 5330 3257 5400 Ἀνῆκα
3297 5328 3397 5392 τὰς
3430 5331 3636 5401 χεῖρας,
3664 5328 3755 5380 καὶ
3783 5326 3873 5390 ἐξ-

2294 5425 2626 5498 ηράνθησαν,
2664 5425 2757 5478 καὶ
2791 5426 3041 5493 ἐγένοντο
3063 5424 3137 5486 ὡς
3163 5422 3356 5493 χόρτος
3386 5421 3548 5492 ξηρὸς
3570 5421 3662 5473 ἐπὶ
3689 5418 3876 5488 δωμά-

2291 5538 2420 5585 των,
2446 5521 2538 5574 καὶ
2557 5520 2632 5583 ὡς
2648 5519 2944 5590 ἀγρωστις.
2964 5518 3078 5570 Νῦν
3098 5514 3154 5568 δὲ
3186 5516 3283 5587 τὴν
3317 5513 3622 5568 ἁνάπαυσίν
3658 5529 3748 5564 σου
3779 5512 3883 5565 καί·

2291 5615 2390 5685 τὴν
2422 5614 2597 5678 ἔξοδόν
2627 5631 2720 5666 σου
2771 5613 2864 5665 καὶ
2898 5610 2994 5681 τὴν
3032 5609 3236 5663 εἴσοὸόν
3272 5626 3366 5662 σου
3413 5605 3523 5675 ἐγὼ
3551 5605 3871 5672 ἐπίσταμαι.

2303 5710 2363 5761 '0
2388 5708 2446 5760 δὲ
2469 5706 2635 5776 θυμός
2662 5721 2779 5765 σου,
2810 5704 2868 5755 ὃν
2901 5700 3209 5772 ἐθυμώθης,
3258 5700 3403 5770 καὶὴ
3431 5698 3624 5769 πικρία
3655 5713 3749 5748 σου
3778 5696 3879 5748 ἀν-

2294 5800 2388 5871 έϐη
2424 5800 2555 5871 πρὸς
2594 5799 2680 5870 μέ.
2712 5798 2819 5853 Καὶ
2852 5793 3071 5866 ἐμϐαλῶ
3106 5793 3267 5864 φιμὸν
3315 5793 3393 5855 είς
3442 5790 3539 5861 τὴν
3581 5788 3704 5859 pave
3754 5803 3877 5851 σου,
