  <div class='ocr_page' id='page_1' title='image "/cluster/home/n/w/nwhite01/storage/ocr_20150623/24/hvd.32044073501108/184.png"; bbox 0 0 4168 6398; ppageno 0'>
   <div class='ocr_carea' id='block_1_1' title="bbox 325 383 433 440">
    <p class='ocr_par' dir='ltr' id='par_1_1' title="bbox 325 383 433 440">
     <span class='ocr_line' id='line_1_1' title="bbox 325 383 433 440; baseline 0 0"><span class='ocrx_word' id='word_1_1' title='bbox 325 383 433 440; x_wconf 72' lang='lat'><strong>353</strong></span> 
     </span>
    </p>
   </div>
   <div class='ocr_carea' id='block_1_2' title="bbox 1210 377 2726 436">
    <p class='ocr_par' dir='ltr' id='par_1_2' title="bbox 1210 377 2726 436">
     <span class='ocr_line' id='line_1_2' title="bbox 1210 377 2726 436; baseline 0.001 -2"><span class='ocrx_word' id='word_1_2' title='bbox 1210 378 1706 435; x_wconf 73' lang='lat' dir='ltr'><strong>COMMENTARIA</strong></span> <span class='ocrx_word' id='word_1_3' title='bbox 1745 379 1811 434; x_wconf 87' lang='lat' dir='ltr'><strong>IN</strong></span> <span class='ocrx_word' id='word_1_4' title='bbox 1851 377 2112 436; x_wconf 75' lang='lat' dir='ltr'><strong>ISAIAM.</strong></span> <span class='ocrx_word' id='word_1_5' title='bbox 2155 411 2222 426; x_wconf 62' lang='grc' dir='ltr'><strong>ν·-</strong></span> <span class='ocrx_word' id='word_1_6' title='bbox 2258 379 2416 435; x_wconf 82' lang='lat' dir='ltr'><strong>CAP.</strong></span> <span class='ocrx_word' id='word_1_7' title='bbox 2459 377 2726 435; x_wconf 77' lang='lat' dir='ltr'><strong>XXXVII.</strong></span> 
     </span>
    </p>
   </div>
   <div class='ocr_carea' id='block_1_3' title="bbox 3491 383 3599 440">
    <p class='ocr_par' dir='ltr' id='par_1_3' title="bbox 3491 383 3599 440">
     <span class='ocr_line' id='line_1_3' title="bbox 3491 383 3599 440; baseline 0 -1"><span class='ocrx_word' id='word_1_8' title='bbox 3491 383 3599 440; x_wconf 64' lang='grc' dir='ltr'><strong>εει</strong></span> 
     </span>
    </p>
   </div>
   <div class='ocr_carea' id='block_1_4' title="bbox 326 490 1920 568">
    <p class='ocr_par' dir='ltr' id='par_1_4' title="bbox 326 490 1918 568">
     <span class='ocr_line' id='line_1_4' title="bbox 326 490 1918 568; baseline 0.001 -21"><span class='ocrx_word' id='word_1_9' title='bbox 326 493 424 547; x_wconf 86' lang='grc' dir='ltr'><strong>καὶ</strong></span> <span class='ocrx_word' id='word_1_10' title='bbox 467 491 687 564; x_wconf 73' lang='grc' dir='ltr'><strong>χαλινὸν</strong></span> <span class='ocrx_word' id='word_1_11' title='bbox 721 493 802 554; x_wconf 86' lang='grc' dir='ltr'><strong>είς</strong></span> <span class='ocrx_word' id='word_1_12' title='bbox 835 491 904 545; x_wconf 79' lang='grc' dir='ltr'><strong>τὰ</strong></span> <span class='ocrx_word' id='word_1_13' title='bbox 928 490 1082 563; x_wconf 86' lang='grc' dir='ltr'><strong>χείλη</strong></span> <span class='ocrx_word' id='word_1_14' title='bbox 1116 509 1233 558; x_wconf 88' lang='grc' dir='ltr'><strong>σου,</strong></span> <span class='ocrx_word' id='word_1_15' title='bbox 1263 494 1358 548; x_wconf 71' lang='grc' dir='ltr'><strong>καὶ</strong></span> <span class='ocrx_word' id='word_1_16' title='bbox 1387 495 1722 566; x_wconf 75' lang='grc' dir='ltr'><strong>ἀποστρέψω</strong></span> <span class='ocrx_word' id='word_1_17' title='bbox 1756 513 1815 548; x_wconf 91' lang='grc' dir='ltr'><strong>σε</strong></span> <span class='ocrx_word' id='word_1_18' title='bbox 1849 498 1918 568; x_wconf 76' lang='grc' dir='ltr'><strong>τῇ</strong></span> 
     </span>
    </p>
   </div>
   <div class='ocr_carea' id='block_1_5' title="bbox 2020 490 3604 568">
    <p class='ocr_par' dir='ltr' id='par_1_5' title="bbox 2021 496 3604 562">
     <span class='ocr_line' id='line_1_5' title="bbox 2021 496 3604 562; baseline 0.005 -13"><span class='ocrx_word' id='word_1_19' title='bbox 2021 510 2182 550; x_wconf 83' lang='lat' dir='ltr'><strong>nares</strong></span> <span class='ocrx_word' id='word_1_20' title='bbox 2217 505 2358 562; x_wconf 89' lang='lat' dir='ltr'><strong>tuas,</strong></span> <span class='ocrx_word' id='word_1_21' title='bbox 2399 503 2454 550; x_wconf 79' lang='lat' dir='ltr'><strong>et</strong></span> <span class='ocrx_word' id='word_1_22' title='bbox 2500 497 2711 552; x_wconf 87' lang='lat' dir='ltr'><strong>frenum</strong></span> <span class='ocrx_word' id='word_1_23' title='bbox 2756 497 2810 552; x_wconf 92' lang='lat' dir='ltr'><strong>in</strong></span> <span class='ocrx_word' id='word_1_24' title='bbox 2845 496 2984 552; x_wconf 82' lang='lat' dir='ltr'><strong>labia</strong></span> <span class='ocrx_word' id='word_1_25' title='bbox 3020 503 3114 551; x_wconf 84' lang='lat' dir='ltr'><strong>tua</strong></span> <span class='ocrx_word' id='word_1_26' title='bbox 3147 517 3160 553; x_wconf 91' lang='lat'><strong>:</strong></span> <span class='ocrx_word' id='word_1_27' title='bbox 3194 507 3249 553; x_wconf 90' lang='lat' dir='ltr'><strong>et</strong></span> <span class='ocrx_word' id='word_1_28' title='bbox 3283 510 3525 556; x_wconf 80' lang='lat' dir='ltr'><strong>avertam</strong></span> <span class='ocrx_word' id='word_1_29' title='bbox 3549 512 3604 558; x_wconf 79' lang='lat' dir='ltr'><strong>to</strong></span> 
     </span>
    </p>
   </div>
   <div class='ocr_carea' id='block_1_6' title="bbox 325 580 1920 659">
    <p class='ocr_par' dir='ltr' id='par_1_6' title="bbox 325 580 1920 659">
     <span class='ocr_line' id='line_1_6' title="bbox 325 580 1920 659; baseline 0.002 -22"><span class='ocrx_word' id='word_1_30' title='bbox 325 584 433 656; x_wconf 80' lang='grc' dir='ltr'><strong>ὁδῷ</strong></span> <span class='ocrx_word' id='word_1_31' title='bbox 521 580 686 656; x_wconf 77' lang='grc' dir='ltr'><strong>ἦλθες</strong></span> <span class='ocrx_word' id='word_1_32' title='bbox 703 584 774 638; x_wconf 74' lang='grc' dir='ltr'><strong>’ἐν</strong></span> <span class='ocrx_word' id='word_1_33' title='bbox 805 583 942 654; x_wconf 78' lang='grc' dir='ltr'><strong>αὐτῇ</strong></span> <span class='ocrx_word' id='word_1_34' title='bbox 961 601 975 613; x_wconf 92' lang='grc'><strong>·</strong></span> <span class='ocrx_word' id='word_1_35' title='bbox 1001 603 1020 636; x_wconf 78' lang='grc' dir='ltr'><strong>ι</strong></span> <span class='ocrx_word' id='word_1_36' title='bbox 1039 585 1126 638; x_wconf 78' lang='grc' dir='ltr'><strong>ἵνα</strong></span> <span class='ocrx_word' id='word_1_37' title='bbox 1158 584 1233 656; x_wconf 85' lang='grc' dir='ltr'><strong>μὴ</strong></span> <span class='ocrx_word' id='word_1_38' title='bbox 1258 585 1382 638; x_wconf 80' lang='grc' dir='ltr'><strong>ὅποι</strong></span> <span class='ocrx_word' id='word_1_39' title='bbox 1399 585 1578 656; x_wconf 79' lang='grc' dir='ltr'><strong>βούλει</strong></span> <span class='ocrx_word' id='word_1_40' title='bbox 1607 587 1796 659; x_wconf 79' lang='grc' dir='ltr'><strong>ἀπίῃς,</strong></span> <span class='ocrx_word' id='word_1_41' title='bbox 1832 588 1920 640; x_wconf 70' lang='grc' dir='ltr'><strong>ἔλ-</strong></span> 
     </span>
    </p>
   </div>
   <div class='ocr_carea' id='block_1_7' title="bbox 329 675 1920 752">
    <p class='ocr_par' dir='ltr' id='par_1_7' title="bbox 329 675 1920 752">
     <span class='ocr_line' id='line_1_7' title="bbox 329 675 1920 752; baseline 0.005 -24"><span class='ocrx_word' id='word_1_42' title='bbox 329 693 452 728; x_wconf 77' lang='grc' dir='ltr'><strong>κοιο</strong></span> <span class='ocrx_word' id='word_1_43' title='bbox 472 677 533 730; x_wconf 80' lang='grc' dir='ltr'><strong>δὲ</strong></span> <span class='ocrx_word' id='word_1_44' title='bbox 569 675 762 746; x_wconf 78' lang='grc' dir='ltr'><strong>καὶμὴ</strong></span> <span class='ocrx_word' id='word_1_45' title='bbox 795 675 1115 746; x_wconf 84' lang='grc' dir='ltr'><strong>βουλόμενος</strong></span> <span class='ocrx_word' id='word_1_46' title='bbox 1146 677 1228 740; x_wconf 86' lang='grc' dir='ltr'><strong>εἰς</strong></span> <span class='ocrx_word' id='word_1_47' title='bbox 1255 678 1524 733; x_wconf 71' lang='grc' dir='ltr'><strong>τούπίσω*</strong></span> <span class='ocrx_word' id='word_1_48' title='bbox 1562 677 1920 752; x_wconf 78' lang='grc' dir='ltr'><strong>ἀποστραέρῆ-</strong></span> 
     </span>
    </p>
   </div>
   <div class='ocr_carea' id='block_1_8' title="bbox 329 763 1920 844">
    <p class='ocr_par' dir='ltr' id='par_1_8' title="bbox 329 763 1920 844">
     <span class='ocr_line' id='line_1_8' title="bbox 329 763 1920 844; baseline 0.004 -23"><span class='ocrx_word' id='word_1_49' title='bbox 329 787 421 822; x_wconf 87' lang='grc' dir='ltr'><strong>ναι</strong></span> <span class='ocrx_word' id='word_1_50' title='bbox 457 769 568 841; x_wconf 83' lang='grc' dir='ltr'><strong>γάρ</strong></span> <span class='ocrx_word' id='word_1_51' title='bbox 600 785 658 822; x_wconf 92' lang='grc' dir='ltr'><strong>σε</strong></span> <span class='ocrx_word' id='word_1_52' title='bbox 697 768 880 840; x_wconf 81' lang='grc' dir='ltr'><strong>δεήσει</strong></span> <span class='ocrx_word' id='word_1_53' title='bbox 927 769 1006 840; x_wconf 84' lang='grc' dir='ltr'><strong>τῷ</strong></span> <span class='ocrx_word' id='word_1_54' title='bbox 1037 768 1140 840; x_wconf 83' lang='grc' dir='ltr'><strong>ὀδῷ</strong></span> <span class='ocrx_word' id='word_1_55' title='bbox 1171 763 1205 842; x_wconf 77' lang='grc' dir='ltr'>ᾖ</span> <span class='ocrx_word' id='word_1_56' title='bbox 1232 768 1332 842; x_wconf 78' lang='grc' dir='ltr'><strong>τὴν</strong></span> <span class='ocrx_word' id='word_1_57' title='bbox 1356 770 1587 825; x_wconf 74' lang='grc' dir='ltr'><strong>ἐνταῦθα</strong></span> <span class='ocrx_word' id='word_1_58' title='bbox 1625 773 1920 844; x_wconf 81' lang='grc' dir='ltr'><strong>πεποίησαι</strong></span> 
     </span>
    </p>
   </div>
   <div class='ocr_carea' id='block_1_9' title="bbox 329 861 1916 937">
    <p class='ocr_par' dir='ltr' id='par_1_9' title="bbox 329 861 1916 937">
     <span class='ocr_line' id='line_1_9' title="bbox 329 861 1916 937; baseline 0.004 -23"><span class='ocrx_word' id='word_1_59' title='bbox 329 862 586 932; x_wconf 75' lang='grc' dir='ltr'><strong>πορείαν,</strong></span> <span class='ocrx_word' id='word_1_60' title='bbox 636 862 772 933; x_wconf 82' lang='grc' dir='ltr'><strong>πρὸς</strong></span> <span class='ocrx_word' id='word_1_61' title='bbox 826 862 890 916; x_wconf 83' lang='grc' dir='ltr'><strong>τὸ</strong></span> <span class='ocrx_word' id='word_1_62' title='bbox 939 862 1012 933; x_wconf 82' lang='grc' dir='ltr'><strong>μὴ</strong></span> <span class='ocrx_word' id='word_1_63' title='bbox 1062 861 1284 916; x_wconf 79' lang='grc' dir='ltr'><strong>τοιαῦτα</strong></span> <span class='ocrx_word' id='word_1_64' title='bbox 1321 863 1653 932; x_wconf 84' lang='grc' dir='ltr'><strong>φθέγγεσθαι</strong></span> <span class='ocrx_word' id='word_1_65' title='bbox 1690 865 1916 937; x_wconf 79' lang='grc' dir='ltr'><strong>τολμᾷν.</strong></span> 
     </span>
    </p>
   </div>
   <div class='ocr_carea' id='block_1_10' title="bbox 329 952 1920 1030">
    <p class='ocr_par' dir='ltr' id='par_1_10' title="bbox 329 952 1920 1030">
     <span class='ocr_line' id='line_1_10' title="bbox 329 952 1920 1030; baseline 0.003 -24"><span class='ocrx_word' id='word_1_66' title='bbox 329 953 482 1025; x_wconf 78' lang='grc' dir='ltr'><strong>Πλὴν</strong></span> <span class='ocrx_word' id='word_1_67' title='bbox 513 955 562 1006; x_wconf 88' lang='grc' dir='ltr'><strong>εί</strong></span> <span class='ocrx_word' id='word_1_68' title='bbox 589 955 684 1006; x_wconf 80' lang='grc' dir='ltr'><strong>καὶ</strong></span> <span class='ocrx_word' id='word_1_69' title='bbox 720 954 795 1026; x_wconf 81' lang='grc' dir='ltr'><strong>μὴ</strong></span> <span class='ocrx_word' id='word_1_70' title='bbox 827 952 1173 1007; x_wconf 82' lang='grc' dir='ltr'><strong>συναπώλεσε</strong></span> <span class='ocrx_word' id='word_1_71' title='bbox 1201 953 1279 1025; x_wconf 77' lang='grc' dir='ltr'><strong>τῷ</strong></span> <span class='ocrx_word' id='word_1_72' title='bbox 1313 955 1504 1026; x_wconf 87' lang='grc' dir='ltr'><strong>πλήθει</strong></span> <span class='ocrx_word' id='word_1_73' title='bbox 1537 955 1624 1010; x_wconf 84' lang='grc' dir='ltr'><strong>διὰ</strong></span> <span class='ocrx_word' id='word_1_74' title='bbox 1640 957 1744 1028; x_wconf 82' lang='grc' dir='ltr'><strong>τὴν</strong></span> <span class='ocrx_word' id='word_1_75' title='bbox 1768 960 1920 1030; x_wconf 83' lang='grc' dir='ltr'><strong>είρη-</strong></span> 
     </span>
    </p>
   </div>
   <div class='ocr_carea' id='block_1_11' title="bbox 332 1045 1921 1118">
    <p class='ocr_par' dir='ltr' id='par_1_11' title="bbox 332 1045 1921 1118">
     <span class='ocr_line' id='line_1_11' title="bbox 332 1045 1921 1118; baseline 0.004 -21"><span class='ocrx_word' id='word_1_76' title='bbox 332 1045 510 1116; x_wconf 80' lang='grc' dir='ltr'><strong>μένην</strong></span> <span class='ocrx_word' id='word_1_77' title='bbox 527 1047 724 1111; x_wconf 74' lang='grc' dir='ltr'><strong>αἰτίαν,</strong></span> <span class='ocrx_word' id='word_1_78' title='bbox 745 1046 811 1099; x_wconf 82' lang='grc' dir='ltr'><strong>δι’</strong></span> <span class='ocrx_word' id='word_1_79' title='bbox 829 1046 896 1117; x_wconf 82' lang='grc' dir='ltr'><strong>ἣν</strong></span> <span class='ocrx_word' id='word_1_80' title='bbox 916 1047 1010 1100; x_wconf 79' lang='grc' dir='ltr'><strong>καὶ</strong></span> <span class='ocrx_word' id='word_1_81' title='bbox 1029 1048 1246 1118; x_wconf 80' lang='grc' dir='ltr'>Φαραὼ,</span> <span class='ocrx_word' id='word_1_82' title='bbox 1265 1047 1375 1100; x_wconf 85' lang='grc' dir='ltr'><strong>τῶν</strong></span> <span class='ocrx_word' id='word_1_83' title='bbox 1393 1046 1592 1102; x_wconf 85' lang='grc' dir='ltr'><strong>λοιπῶν</strong></span> <span class='ocrx_word' id='word_1_84' title='bbox 1607 1049 1921 1117; x_wconf 78' lang='grc' dir='ltr'><strong>Αἰγυπτίων</strong></span> 
     </span>
    </p>
   </div>
   <div class='ocr_carea' id='block_1_12' title="bbox 331 1139 1921 1211">
    <p class='ocr_par' dir='ltr' id='par_1_12' title="bbox 331 1139 1921 1211">
     <span class='ocr_line' id='line_1_12' title="bbox 331 1139 1921 1211; baseline 0.001 -19"><span class='ocrx_word' id='word_1_85' title='bbox 331 1141 738 1211; x_wconf 81' lang='grc' dir='ltr'><strong>κολαζομένων,</strong></span> <span class='ocrx_word' id='word_1_86' title='bbox 792 1139 994 1211; x_wconf 83' lang='grc' dir='ltr'><strong>θεωρὸς</strong></span> <span class='ocrx_word' id='word_1_87' title='bbox 1039 1139 1390 1209; x_wconf 78' lang='grc' dir='ltr'><strong>ἐφυλάττετο·</strong></span> <span class='ocrx_word' id='word_1_88' title='bbox 1430 1140 1581 1210; x_wconf 83' lang='grc' dir='ltr'><strong>ὅμως</strong></span> <span class='ocrx_word' id='word_1_89' title='bbox 1621 1140 1752 1210; x_wconf 79' lang='grc' dir='ltr'><strong>γοῦν</strong></span> <span class='ocrx_word' id='word_1_90' title='bbox 1793 1141 1921 1204; x_wconf 76' lang='grc' dir='ltr'><strong>τοὺς</strong></span> 
     </span>
    </p>
   </div>
   <div class='ocr_carea' id='block_1_13' title="bbox 330 1225 1919 1302">
    <p class='ocr_par' dir='ltr' id='par_1_13' title="bbox 330 1225 1919 1302">
     <span class='ocr_line' id='line_1_13' title="bbox 330 1225 1919 1302; baseline 0 -18"><span class='ocrx_word' id='word_1_91' title='bbox 330 1231 503 1284; x_wconf 71' lang='grc' dir='ltr'><strong>αὑτοῦ</strong></span> <span class='ocrx_word' id='word_1_92' title='bbox 539 1231 734 1294; x_wconf 86' lang='grc' dir='ltr'><strong>παῖδας</strong></span> <span class='ocrx_word' id='word_1_93' title='bbox 763 1225 920 1302; x_wconf 75' lang='grc' dir='ltr'>εὗρεν</span> <span class='ocrx_word' id='word_1_94' title='bbox 960 1229 1154 1284; x_wconf 79' lang='grc' dir='ltr'><strong>ἑαυτοῦ</strong></span> <span class='ocrx_word' id='word_1_95' title='bbox 1192 1230 1386 1300; x_wconf 80' lang='grc' dir='ltr'><strong>φονέας</strong></span> <span class='ocrx_word' id='word_1_96' title='bbox 1438 1232 1531 1285; x_wconf 78' lang='grc' dir='ltr'><strong>ἐπὶ</strong></span> <span class='ocrx_word' id='word_1_97' title='bbox 1576 1235 1675 1300; x_wconf 84' lang='grc' dir='ltr'><strong>τῆς</strong></span> <span class='ocrx_word' id='word_1_98' title='bbox 1714 1231 1919 1294; x_wconf 85' lang='grc' dir='ltr'>οἰκείας</span> 
     </span>
    </p>
   </div>
   <div class='ocr_carea' id='block_1_14' title="bbox 331 1324 779 1394">
    <p class='ocr_par' dir='ltr' id='par_1_14' title="bbox 331 1324 779 1394">
     <span class='ocr_line' id='line_1_14' title="bbox 331 1324 779 1394; baseline 0 -19"><span class='ocrx_word' id='word_1_99' title='bbox 331 1324 630 1393; x_wconf 86' lang='grc' dir='ltr'><strong>γενόμενος</strong></span> <span class='ocrx_word' id='word_1_100' title='bbox 655 1324 779 1394; x_wconf 81' lang='grc' dir='ltr'><strong>γῆς.</strong></span> 
     </span>
    </p>
   </div>
   <div class='ocr_carea' id='block_1_15' title="bbox 411 1414 1920 1487">
    <p class='ocr_par' dir='ltr' id='par_1_15' title="bbox 411 1414 1920 1487">
     <span class='ocr_line' id='line_1_15' title="bbox 411 1414 1920 1487; baseline 0 -19"><span class='ocrx_word' id='word_1_101' title='bbox 411 1436 430 1467; x_wconf 70' lang='grc' dir='ltr'><strong>ι</strong></span> <span class='ocrx_word' id='word_1_102' title='bbox 472 1415 647 1469; x_wconf 83' lang='grc' dir='ltr'><strong>Τοῦτο</strong></span> <span class='ocrx_word' id='word_1_103' title='bbox 673 1416 730 1469; x_wconf 75' lang='grc' dir='ltr'><strong>δέ</strong></span> <span class='ocrx_word' id='word_1_104' title='bbox 766 1433 848 1469; x_wconf 89' lang='grc' dir='ltr'><strong>σοι</strong></span> <span class='ocrx_word' id='word_1_105' title='bbox 883 1415 945 1469; x_wconf 85' lang='grc' dir='ltr'><strong>τὸ</strong></span> <span class='ocrx_word' id='word_1_106' title='bbox 963 1417 1186 1487; x_wconf 84' lang='grc' dir='ltr'><strong>σημεῖον</strong></span> <span class='ocrx_word' id='word_1_107' title='bbox 1206 1432 1222 1448; x_wconf 81' lang='grc'><em>’</em></span> <span class='ocrx_word' id='word_1_108' title='bbox 1257 1416 1396 1486; x_wconf 80' lang='grc' dir='ltr'><strong>φάγε</strong></span> <span class='ocrx_word' id='word_1_109' title='bbox 1417 1415 1604 1470; x_wconf 80' lang='grc' dir='ltr'><strong>τοῦτον</strong></span> <span class='ocrx_word' id='word_1_110' title='bbox 1626 1414 1719 1468; x_wconf 83' lang='grc' dir='ltr'><strong>τὸν</strong></span> <span class='ocrx_word' id='word_1_111' title='bbox 1741 1417 1920 1468; x_wconf 76' lang='grc' dir='ltr'><strong>ἐνιαυ-</strong></span> 
     </span>
    </p>
   </div>
   <div class='ocr_carea' id='block_1_16' title="bbox 327 1506 1918 1580">
    <p class='ocr_par' dir='ltr' id='par_1_16' title="bbox 327 1506 1918 1580">
     <span class='ocr_line' id='line_1_16' title="bbox 327 1506 1918 1580; baseline -0.003 -17"><span class='ocrx_word' id='word_1_112' title='bbox 327 1509 426 1563; x_wconf 77' lang='grc' dir='ltr'><strong>τὸν</strong></span> <span class='ocrx_word' id='word_1_113' title='bbox 459 1509 498 1562; x_wconf 81' lang='grc' dir='ltr'>ἃ</span> <span class='ocrx_word' id='word_1_114' title='bbox 532 1509 816 1579; x_wconf 81' lang='grc' dir='ltr'><strong>ἓσπαρκας</strong></span> <span class='ocrx_word' id='word_1_115' title='bbox 835 1524 848 1537; x_wconf 92' lang='grc'><strong>·</strong></span> <span class='ocrx_word' id='word_1_116' title='bbox 878 1507 958 1578; x_wconf 82' lang='grc' dir='ltr'><strong>τῷ</strong></span> <span class='ocrx_word' id='word_1_117' title='bbox 987 1507 1044 1560; x_wconf 86' lang='grc' dir='ltr'><strong>δὲ</strong></span> <span class='ocrx_word' id='word_1_118' title='bbox 1071 1507 1302 1578; x_wconf 76' lang='grc' dir='ltr'><strong>ἐνιαυτῷ</strong></span> <span class='ocrx_word' id='word_1_119' title='bbox 1345 1507 1423 1580; x_wconf 77' lang='grc' dir='ltr'><strong>τῷ</strong></span> <span class='ocrx_word' id='word_1_120' title='bbox 1453 1506 1687 1579; x_wconf 83' lang='grc' dir='ltr'><strong>δευτέρῳ</strong></span> <span class='ocrx_word' id='word_1_121' title='bbox 1723 1506 1784 1560; x_wconf 84' lang='grc' dir='ltr'><strong>τὸ</strong></span> <span class='ocrx_word' id='word_1_122' title='bbox 1817 1523 1918 1559; x_wconf 88' lang='grc' dir='ltr'><strong>κα-</strong></span> 
     </span>
    </p>
   </div>
   <div class='ocr_carea' id='block_1_17' title="bbox 327 1598 1918 1671">
    <p class='ocr_par' dir='ltr' id='par_1_17' title="bbox 327 1598 1918 1671">
     <span class='ocr_line' id='line_1_17' title="bbox 327 1598 1918 1671; baseline -0.001 -20"><span class='ocrx_word' id='word_1_123' title='bbox 327 1599 616 1670; x_wconf 84' lang='grc' dir='ltr'><strong>τάλειμμα</strong></span> <span class='ocrx_word' id='word_1_124' title='bbox 639 1616 651 1629; x_wconf 91' lang='grc'><strong>·</strong></span> <span class='ocrx_word' id='word_1_125' title='bbox 679 1598 757 1670; x_wconf 86' lang='grc' dir='ltr'><strong>τῷ</strong></span> <span class='ocrx_word' id='word_1_126' title='bbox 775 1599 832 1652; x_wconf 79' lang='grc' dir='ltr'><strong>δὲ</strong></span> <span class='ocrx_word' id='word_1_127' title='bbox 862 1599 1029 1670; x_wconf 83' lang='grc' dir='ltr'><strong>τρίτῳ</strong></span> <span class='ocrx_word' id='word_1_128' title='bbox 1057 1599 1376 1669; x_wconf 89' lang='grc' dir='ltr'><strong>σπείραντες</strong></span> <span class='ocrx_word' id='word_1_129' title='bbox 1399 1600 1670 1671; x_wconf 85' lang='grc' dir='ltr'><strong>ἀμήσατε,</strong></span> <span class='ocrx_word' id='word_1_130' title='bbox 1696 1598 1790 1650; x_wconf 74' lang='grc' dir='ltr'><strong>καὶ</strong></span> <span class='ocrx_word' id='word_1_131' title='bbox 1812 1615 1918 1667; x_wconf 83' lang='grc' dir='ltr'><strong>φυ-</strong></span> 
     </span>
    </p>
   </div>
   <div class='ocr_carea' id='block_1_18' title="bbox 327 1689 1912 1762">
    <p class='ocr_par' dir='ltr' id='par_1_18' title="bbox 327 1689 1912 1762">
     <span class='ocr_line' id='line_1_18' title="bbox 327 1689 1912 1762; baseline -0.001 -19"><span class='ocrx_word' id='word_1_132' title='bbox 327 1692 564 1745; x_wconf 84' lang='grc' dir='ltr'><strong>τεύσατε</strong></span> <span class='ocrx_word' id='word_1_133' title='bbox 590 1691 938 1762; x_wconf 82' lang='grc' dir='ltr'><strong>ἀμπελῶνας,</strong></span> <span class='ocrx_word' id='word_1_134' title='bbox 959 1691 1054 1745; x_wconf 74' lang='grc' dir='ltr'><strong>καὶ</strong></span> <span class='ocrx_word' id='word_1_135' title='bbox 1073 1691 1310 1761; x_wconf 81' lang='grc' dir='ltr'><strong>φάγεσθε</strong></span> <span class='ocrx_word' id='word_1_136' title='bbox 1330 1691 1421 1744; x_wconf 79' lang='grc' dir='ltr'><strong>τὸν</strong></span> <span class='ocrx_word' id='word_1_137' title='bbox 1437 1691 1647 1762; x_wconf 81' lang='grc' dir='ltr'><strong>καρπὸν</strong></span> <span class='ocrx_word' id='word_1_138' title='bbox 1662 1689 1861 1743; x_wconf 80' lang='grc' dir='ltr'><strong>αὐτῶν.</strong></span> <span class='ocrx_word' id='word_1_139' title='bbox 1893 1707 1912 1742; x_wconf 82' lang='grc'><strong>›</strong></span> 
     </span>
    </p>
   </div>
   <div class='ocr_carea' id='block_1_19' title="bbox 329 1781 1915 1854">
    <p class='ocr_par' dir='ltr' id='par_1_19' title="bbox 329 1781 1915 1854">
     <span class='ocr_line' id='line_1_19' title="bbox 329 1781 1915 1854; baseline -0.001 -18"><span class='ocrx_word' id='word_1_140' title='bbox 329 1784 400 1836; x_wconf 78' lang='grc' dir='ltr'><strong>Εἰ</strong></span> <span class='ocrx_word' id='word_1_141' title='bbox 418 1783 478 1836; x_wconf 87' lang='grc' dir='ltr'><strong>δέ</strong></span> <span class='ocrx_word' id='word_1_142' title='bbox 496 1800 579 1836; x_wconf 91' lang='grc' dir='ltr'><strong>σοι</strong></span> <span class='ocrx_word' id='word_1_143' title='bbox 601 1783 682 1836; x_wconf 85' lang='grc' dir='ltr'>δεῖ</span> <span class='ocrx_word' id='word_1_144' title='bbox 707 1782 933 1854; x_wconf 80' lang='grc' dir='ltr'><strong>σημείου</strong></span> <span class='ocrx_word' id='word_1_145' title='bbox 963 1783 1100 1854; x_wconf 86' lang='grc' dir='ltr'><strong>πρὸς</strong></span> <span class='ocrx_word' id='word_1_146' title='bbox 1127 1783 1391 1836; x_wconf 85' lang='grc' dir='ltr'><strong>πίστωσιν</strong></span> <span class='ocrx_word' id='word_1_147' title='bbox 1413 1782 1522 1835; x_wconf 83' lang='grc' dir='ltr'><strong>τῶν</strong></span> <span class='ocrx_word' id='word_1_148' title='bbox 1551 1781 1698 1852; x_wconf 80' lang='grc' dir='ltr'><strong>ὲμῶν</strong></span> <span class='ocrx_word' id='word_1_149' title='bbox 1721 1782 1915 1850; x_wconf 89' lang='grc' dir='ltr'><strong>λόγων,</strong></span> 
     </span>
    </p>
   </div>
   <div class='ocr_carea' id='block_1_20' title="bbox 331 1847 1995 1945">
    <p class='ocr_par' dir='ltr' id='par_1_20' title="bbox 331 1847 1995 1945">
     <span class='ocr_line' id='line_1_20' title="bbox 331 1847 1995 1945; baseline 0.001 -20"><span class='ocrx_word' id='word_1_150' title='bbox 331 1873 448 1927; x_wconf 76' lang='grc' dir='ltr'><strong>ἴσθι</strong></span> <span class='ocrx_word' id='word_1_151' title='bbox 507 1876 588 1928; x_wconf 79' lang='grc' dir='ltr'><strong>ὅτι</strong></span> <span class='ocrx_word' id='word_1_152' title='bbox 616 1874 707 1928; x_wconf 82' lang='grc' dir='ltr'><strong>τὸν</strong></span> <span class='ocrx_word' id='word_1_153' title='bbox 740 1847 980 1942; x_wconf 77' lang='grc' dir='ltr'><strong>παρόντα</strong></span> <span class='ocrx_word' id='word_1_154' title='bbox 1003 1847 1244 1927; x_wconf 59' lang='grc' dir='ltr'><strong>ἐνιαυτὸν</strong></span> <span class='ocrx_word' id='word_1_155' title='bbox 1285 1875 1398 1937; x_wconf 80' lang='grc' dir='ltr'><strong>τοῖς</strong></span> <span class='ocrx_word' id='word_1_156' title='bbox 1437 1873 1546 1927; x_wconf 83' lang='grc' dir='ltr'><strong>ἀπὸ</strong></span> <span class='ocrx_word' id='word_1_157' title='bbox 1569 1847 1671 1943; x_wconf 78' lang='grc' dir='ltr'><strong>τῆς</strong></span> <span class='ocrx_word' id='word_1_158' title='bbox 1694 1847 1804 1945; x_wconf 81' lang='grc' dir='ltr'><strong>γῆς</strong></span> <span class='ocrx_word' id='word_1_159' title='bbox 1819 1875 1919 1927; x_wconf 83' lang='grc' dir='ltr'><strong>αύ-</strong></span> <span class='ocrx_word' id='word_1_160' title='bbox 1954 1847 1995 1902; x_wconf 75' lang='grc' dir='ltr'><strong>Β</strong></span> 
     </span>
    </p>
   </div>
   <div class='ocr_carea' id='block_1_21' title="bbox 327 1965 1921 2038">
    <p class='ocr_par' dir='ltr' id='par_1_21' title="bbox 327 1965 1921 2038">
     <span class='ocr_line' id='line_1_21' title="bbox 327 1965 1921 2038; baseline 0.001 -20"><span class='ocrx_word' id='word_1_161' title='bbox 327 1966 590 2036; x_wconf 78' lang='grc' dir='ltr'><strong>τομάτως</strong></span> <span class='ocrx_word' id='word_1_162' title='bbox 646 1965 1129 2036; x_wconf 84' lang='grc' dir='ltr'><strong>ἀναδοθησομένοις</strong></span> <span class='ocrx_word' id='word_1_163' title='bbox 1179 1965 1316 2037; x_wconf 83' lang='grc' dir='ltr'><strong>πρὸς</strong></span> <span class='ocrx_word' id='word_1_164' title='bbox 1363 1965 1568 2036; x_wconf 84' lang='grc' dir='ltr'><strong>τροφὴν</strong></span> <span class='ocrx_word' id='word_1_165' title='bbox 1617 1967 1818 2038; x_wconf 76' lang='grc' dir='ltr'><strong>χρήσῃ,</strong></span> <span class='ocrx_word' id='word_1_166' title='bbox 1858 1966 1921 2019; x_wconf 85' lang='grc' dir='ltr'><strong>τὸ</strong></span> 
     </span>
    </p>
   </div>
   <div class='ocr_carea' id='block_1_22' title="bbox 331 2054 1921 2128">
    <p class='ocr_par' dir='ltr' id='par_1_22' title="bbox 331 2054 1921 2128">
     <span class='ocr_line' id='line_1_22' title="bbox 331 2054 1921 2128; baseline 0.001 -19"><span class='ocrx_word' id='word_1_167' title='bbox 331 2057 474 2126; x_wconf 81' lang='grc' dir='ltr'><strong>μηδὲ</strong></span> <span class='ocrx_word' id='word_1_168' title='bbox 503 2056 756 2111; x_wconf 77' lang='grc' dir='ltr'><strong>δύνασθαι</strong></span> <span class='ocrx_word' id='word_1_169' title='bbox 790 2056 1034 2128; x_wconf 77' lang='grc' dir='ltr'><strong>συνήθως</strong></span> <span class='ocrx_word' id='word_1_170' title='bbox 1072 2056 1171 2127; x_wconf 80' lang='grc' dir='ltr'><strong>τὴν</strong></span> <span class='ocrx_word' id='word_1_171' title='bbox 1212 2054 1396 2128; x_wconf 88' lang='grc' dir='ltr'>χώραν</span> <span class='ocrx_word' id='word_1_172' title='bbox 1431 2056 1706 2128; x_wconf 84' lang='grc' dir='ltr'>γεωργίας</span> <span class='ocrx_word' id='word_1_173' title='bbox 1736 2060 1921 2128; x_wconf 87' lang='grc' dir='ltr'><strong>τυχεῖν</strong></span> 
     </span>
    </p>
   </div>
   <div class='ocr_carea' id='block_1_23' title="bbox 328 2147 1221 2218">
    <p class='ocr_par' dir='ltr' id='par_1_23' title="bbox 328 2147 1221 2218">
     <span class='ocr_line' id='line_1_23' title="bbox 328 2147 1221 2218; baseline -0.002 -16"><span class='ocrx_word' id='word_1_174' title='bbox 328 2148 424 2202; x_wconf 73' lang='grc' dir='ltr'><strong>διὰ</strong></span> <span class='ocrx_word' id='word_1_175' title='bbox 455 2147 557 2218; x_wconf 79' lang='grc' dir='ltr'><strong>τὴν</strong></span> <span class='ocrx_word' id='word_1_176' title='bbox 586 2148 693 2203; x_wconf 80' lang='grc' dir='ltr'><strong>τῶν</strong></span> <span class='ocrx_word' id='word_1_177' title='bbox 719 2148 991 2218; x_wconf 87' lang='grc' dir='ltr'><strong>πολεμίων</strong></span> <span class='ocrx_word' id='word_1_178' title='bbox 1013 2147 1221 2218; x_wconf 73' lang='grc' dir='ltr'><strong>ἔφοδον.</strong></span> 
     </span>
    </p>
   </div>
   <div class='ocr_carea' id='block_1_24' title="bbox 409 2237 1916 2311">
    <p class='ocr_par' dir='ltr' id='par_1_24' title="bbox 409 2237 1916 2311">
     <span class='ocr_line' id='line_1_24' title="bbox 409 2237 1916 2311; baseline 0.001 -22"><span class='ocrx_word' id='word_1_179' title='bbox 409 2256 430 2289; x_wconf 75' lang='grc' dir='ltr'><strong>ι</strong></span> <span class='ocrx_word' id='word_1_180' title='bbox 464 2238 574 2291; x_wconf 83' lang='grc' dir='ltr'><strong>Καὶ</strong></span> <span class='ocrx_word' id='word_1_181' title='bbox 610 2237 822 2292; x_wconf 80' lang='grc' dir='ltr'><strong>ἔσονται</strong></span> <span class='ocrx_word' id='word_1_182' title='bbox 867 2240 914 2291; x_wconf 80' lang='lat' dir='ltr'><strong>oi</strong></span> <span class='ocrx_word' id='word_1_183' title='bbox 946 2237 1430 2309; x_wconf 78' lang='grc' dir='ltr'><strong>καταλελειμμένοι</strong></span> <span class='ocrx_word' id='word_1_184' title='bbox 1471 2239 1531 2292; x_wconf 81' lang='grc' dir='ltr'><strong>ὲν</strong></span> <span class='ocrx_word' id='word_1_185' title='bbox 1561 2240 1630 2311; x_wconf 78' lang='grc' dir='ltr'><strong>τῇ</strong></span> <span class='ocrx_word' id='word_1_186' title='bbox 1665 2238 1916 2311; x_wconf 70' lang='grc' dir='ltr'><strong>Ἰουδαίᾳ,</strong></span> 
     </span>
    </p>
   </div>
   <div class='ocr_carea' id='block_1_25' title="bbox 330 2330 1916 2402">
    <p class='ocr_par' dir='ltr' id='par_1_25' title="bbox 330 2330 1916 2402">
     <span class='ocr_line' id='line_1_25' title="bbox 330 2330 1916 2402; baseline 0.003 -20"><span class='ocrx_word' id='word_1_187' title='bbox 330 2331 606 2400; x_wconf 77' lang='grc' dir='ltr'><strong>φυήσουσι</strong></span> <span class='ocrx_word' id='word_1_188' title='bbox 657 2331 813 2401; x_wconf 74' lang='grc' dir='ltr'><strong>ῥίζαν</strong></span> <span class='ocrx_word' id='word_1_189' title='bbox 851 2330 1022 2394; x_wconf 82' lang='grc' dir='ltr'><strong>κάτω,</strong></span> <span class='ocrx_word' id='word_1_190' title='bbox 1067 2331 1161 2383; x_wconf 74' lang='grc' dir='ltr'><strong>καὶ</strong></span> <span class='ocrx_word' id='word_1_191' title='bbox 1187 2331 1474 2400; x_wconf 85' lang='grc' dir='ltr'><strong>ποιήσουσι</strong></span> <span class='ocrx_word' id='word_1_192' title='bbox 1509 2331 1731 2402; x_wconf 88' lang='grc' dir='ltr'><strong>σπέρμα</strong></span> <span class='ocrx_word' id='word_1_193' title='bbox 1771 2332 1916 2398; x_wconf 83' lang='grc' dir='ltr'><strong>ἀνω,</strong></span> 
     </span>
    </p>
   </div>
   <div class='ocr_carea' id='block_1_26' title="bbox 329 2422 1920 2495">
    <p class='ocr_par' dir='ltr' id='par_1_26' title="bbox 329 2422 1920 2495">
     <span class='ocr_line' id='line_1_26' title="bbox 329 2422 1920 2495; baseline -0.001 -18"><span class='ocrx_word' id='word_1_194' title='bbox 329 2425 418 2477; x_wconf 80' lang='grc' dir='ltr'><strong>ὅτι</strong></span> <span class='ocrx_word' id='word_1_195' title='bbox 445 2423 509 2488; x_wconf 68' lang='lat' dir='ltr'><strong>te</strong></span> <span class='ocrx_word' id='word_1_196' title='bbox 550 2423 903 2495; x_wconf 82' lang='grc' dir='ltr'><strong>Ἰερουσαλὴμ</strong></span> <span class='ocrx_word' id='word_1_197' title='bbox 940 2422 1153 2476; x_wconf 79' lang='grc' dir='ltr'><strong>ἔσονται</strong></span> <span class='ocrx_word' id='word_1_198' title='bbox 1195 2423 1244 2477; x_wconf 83' lang='grc' dir='ltr'><strong>οἱ</strong></span> <span class='ocrx_word' id='word_1_199' title='bbox 1277 2423 1782 2495; x_wconf 83' lang='grc' dir='ltr'><strong>καταλελειμμένοι,</strong></span> <span class='ocrx_word' id='word_1_200' title='bbox 1827 2424 1920 2476; x_wconf 71' lang='grc' dir='ltr'><strong>καὶ</strong></span> 
     </span>
    </p>
   </div>
   <div class='ocr_carea' id='block_1_27' title="bbox 329 2512 1917 2586">
    <p class='ocr_par' dir='ltr' id='par_1_27' title="bbox 329 2512 1917 2586">
     <span class='ocr_line' id='line_1_27' title="bbox 329 2512 1917 2586; baseline -0.001 -18"><span class='ocrx_word' id='word_1_201' title='bbox 329 2517 386 2569; x_wconf 76' lang='lat' dir='ltr'><strong>oi</strong></span> <span class='ocrx_word' id='word_1_202' title='bbox 401 2514 701 2586; x_wconf 78' lang='grc' dir='ltr'><strong>σωζόμενοι</strong></span> <span class='ocrx_word' id='word_1_203' title='bbox 725 2513 785 2580; x_wconf 77' lang='grc' dir='ltr'><strong>ἐξ</strong></span> <span class='ocrx_word' id='word_1_204' title='bbox 808 2513 966 2584; x_wconf 80' lang='grc' dir='ltr'><strong>ὅρους</strong></span> <span class='ocrx_word' id='word_1_205' title='bbox 997 2512 1155 2568; x_wconf 81' lang='grc' dir='ltr'><strong>Σιών.</strong></span> <span class='ocrx_word' id='word_1_206' title='bbox 1194 2514 1252 2567; x_wconf 90' lang='lat'><strong>&#39;0</strong></span> <span class='ocrx_word' id='word_1_207' title='bbox 1275 2513 1436 2584; x_wconf 79' lang='grc' dir='ltr'><strong>ζῆλος</strong></span> <span class='ocrx_word' id='word_1_208' title='bbox 1458 2514 1662 2585; x_wconf 83' lang='grc' dir='ltr'><strong>Κυρίου</strong></span> <span class='ocrx_word' id='word_1_209' title='bbox 1691 2513 1917 2568; x_wconf 86' lang='grc' dir='ltr'><strong>Σαϐαὼθ</strong></span> 
     </span>
    </p>
   </div>
   <div class='ocr_carea' id='block_1_28' title="bbox 331 2605 1920 2678">
    <p class='ocr_par' dir='ltr' id='par_1_28' title="bbox 331 2605 1920 2678">
     <span class='ocr_line' id='line_1_28' title="bbox 331 2605 1920 2678; baseline -0.001 -19"><span class='ocrx_word' id='word_1_210' title='bbox 331 2608 555 2676; x_wconf 76' lang='grc' dir='ltr'><strong>ποιήσει</strong></span> <span class='ocrx_word' id='word_1_211' title='bbox 584 2605 777 2660; x_wconf 79' lang='grc' dir='ltr'><strong>ταῦτα.</strong></span> <span class='ocrx_word' id='word_1_212' title='bbox 802 2605 901 2658; x_wconf 88' lang='grc' dir='ltr'><strong>Διά</strong></span> <span class='ocrx_word' id='word_1_213' title='bbox 933 2605 1090 2658; x_wconf 80' lang='grc' dir='ltr'><strong>τοῦτο</strong></span> <span class='ocrx_word' id='word_1_214' title='bbox 1107 2605 1280 2670; x_wconf 76' lang='grc' dir='ltr'><strong>οὕτως</strong></span> <span class='ocrx_word' id='word_1_215' title='bbox 1304 2605 1447 2675; x_wconf 80' lang='grc' dir='ltr'><strong>λέγει</strong></span> <span class='ocrx_word' id='word_1_216' title='bbox 1470 2605 1673 2678; x_wconf 85' lang='grc' dir='ltr'><strong>Κύριος</strong></span> <span class='ocrx_word' id='word_1_217' title='bbox 1711 2608 1804 2659; x_wconf 72' lang='grc' dir='ltr'><strong>ἐπὶ</strong></span> <span class='ocrx_word' id='word_1_218' title='bbox 1825 2605 1920 2676; x_wconf 78' lang='grc' dir='ltr'><strong>βα-</strong></span> 
     </span>
    </p>
   </div>
   <div class='ocr_carea' id='block_1_29' title="bbox 333 2698 1920 2772">
    <p class='ocr_par' dir='ltr' id='par_1_29' title="bbox 333 2698 1920 2772">
     <span class='ocr_line' id='line_1_29' title="bbox 333 2698 1920 2772; baseline 0.001 -20"><span class='ocrx_word' id='word_1_219' title='bbox 333 2699 494 2753; x_wconf 81' lang='grc' dir='ltr'><strong>σιλέα</strong></span> <span class='ocrx_word' id='word_1_220' title='bbox 530 2699 860 2772; x_wconf 80' lang='grc' dir='ltr'><strong>Ἀσσυρίων·</strong></span> <span class='ocrx_word' id='word_1_221' title='bbox 892 2700 966 2754; x_wconf 78' lang='grc' dir='ltr'><strong>Οὐ</strong></span> <span class='ocrx_word' id='word_1_222' title='bbox 1007 2699 1081 2771; x_wconf 84' lang='grc' dir='ltr'><strong>μὴ</strong></span> <span class='ocrx_word' id='word_1_223' title='bbox 1111 2698 1326 2770; x_wconf 77' lang='grc' dir='ltr'><strong>εἰσέλθῃ</strong></span> <span class='ocrx_word' id='word_1_224' title='bbox 1368 2701 1447 2764; x_wconf 89' lang='grc' dir='ltr'><strong>εἰς</strong></span> <span class='ocrx_word' id='word_1_225' title='bbox 1476 2700 1576 2772; x_wconf 84' lang='grc' dir='ltr'><strong>τὴν</strong></span> <span class='ocrx_word' id='word_1_226' title='bbox 1602 2700 1754 2753; x_wconf 89' lang='grc' dir='ltr'><strong>πόλιν</strong></span> <span class='ocrx_word' id='word_1_227' title='bbox 1787 2698 1920 2754; x_wconf 85' lang='grc' dir='ltr'><strong>ταύ-</strong></span> 
     </span>
    </p>
   </div>
   <div class='ocr_carea' id='block_1_30' title="bbox 331 2790 1920 2865">
    <p class='ocr_par' dir='ltr' id='par_1_30' title="bbox 331 2790 1920 2865">
     <span class='ocr_line' id='line_1_30' title="bbox 331 2790 1920 2865; baseline 0.002 -22"><span class='ocrx_word' id='word_1_228' title='bbox 331 2809 459 2863; x_wconf 79' lang='grc' dir='ltr'><strong>την,</strong></span> <span class='ocrx_word' id='word_1_229' title='bbox 495 2791 614 2845; x_wconf 83' lang='grc' dir='ltr'><strong>οὐδὲ</strong></span> <span class='ocrx_word' id='word_1_230' title='bbox 643 2792 717 2862; x_wconf 79' lang='grc' dir='ltr'><strong>μὴ</strong></span> <span class='ocrx_word' id='word_1_231' title='bbox 739 2791 878 2865; x_wconf 80' lang='grc' dir='ltr'><strong>βάλῃ</strong></span> <span class='ocrx_word' id='word_1_232' title='bbox 908 2792 996 2844; x_wconf 76' lang='grc' dir='ltr'><strong>ἐπ’</strong></span> <span class='ocrx_word' id='word_1_233' title='bbox 1017 2791 1188 2862; x_wconf 75' lang='grc' dir='ltr'><strong>αὐτὴν</strong></span> <span class='ocrx_word' id='word_1_234' title='bbox 1223 2790 1392 2860; x_wconf 82' lang='grc' dir='ltr'>βέλος,</span> <span class='ocrx_word' id='word_1_235' title='bbox 1425 2791 1547 2844; x_wconf 83' lang='grc' dir='ltr'><strong>οὐδὲ</strong></span> <span class='ocrx_word' id='word_1_236' title='bbox 1581 2792 1656 2863; x_wconf 82' lang='grc' dir='ltr'><strong>μὴ</strong></span> <span class='ocrx_word' id='word_1_237' title='bbox 1685 2791 1920 2862; x_wconf 72' lang='grc' dir='ltr'><strong>ἐπιϐάλῃ</strong></span> 
     </span>
    </p>
   </div>
   <div class='ocr_carea' id='block_1_31' title="bbox 331 2880 1920 2956">
    <p class='ocr_par' dir='ltr' id='par_1_31' title="bbox 331 2880 1920 2956">
     <span class='ocr_line' id='line_1_31' title="bbox 331 2880 1920 2956; baseline 0.004 -23"><span class='ocrx_word' id='word_1_238' title='bbox 331 2880 424 2934; x_wconf 80' lang='grc' dir='ltr'><strong>ἐπ’</strong></span> <span class='ocrx_word' id='word_1_239' title='bbox 453 2880 623 2951; x_wconf 75' lang='grc' dir='ltr'><strong>αὐτὴν</strong></span> <span class='ocrx_word' id='word_1_240' title='bbox 648 2881 861 2954; x_wconf 84' lang='grc' dir='ltr'><strong>θυρεὸν,</strong></span> <span class='ocrx_word' id='word_1_241' title='bbox 895 2883 1013 2936; x_wconf 74' lang='grc' dir='ltr'><strong>οὐδὲ</strong></span> <span class='ocrx_word' id='word_1_242' title='bbox 1039 2881 1114 2954; x_wconf 84' lang='grc' dir='ltr'><strong>μὴ</strong></span> <span class='ocrx_word' id='word_1_243' title='bbox 1142 2880 1396 2954; x_wconf 81' lang='grc' dir='ltr'><strong>κυκλώσῃ</strong></span> <span class='ocrx_word' id='word_1_244' title='bbox 1428 2883 1514 2933; x_wconf 77' lang='grc' dir='ltr'><strong>ἐπ’</strong></span> <span class='ocrx_word' id='word_1_245' title='bbox 1542 2883 1708 2955; x_wconf 80' lang='grc' dir='ltr'><strong>αὐτὴν</strong></span> <span class='ocrx_word' id='word_1_246' title='bbox 1745 2884 1920 2956; x_wconf 84' lang='grc' dir='ltr'><strong>χάρα-</strong></span> 
     </span>
    </p>
   </div>
   <div class='ocr_carea' id='block_1_32' title="bbox 333 2974 1921 3049">
    <p class='ocr_par' dir='ltr' id='par_1_32' title="bbox 333 2974 1921 3049">
     <span class='ocr_line' id='line_1_32' title="bbox 333 2974 1921 3049; baseline 0.003 -24"><span class='ocrx_word' id='word_1_247' title='bbox 333 2991 430 3037; x_wconf 88' lang='grc' dir='ltr'><strong>κα,</strong></span> <span class='ocrx_word' id='word_1_248' title='bbox 476 2993 495 3025; x_wconf 75' lang='grc' dir='ltr'><strong>ο</strong></span> <span class='ocrx_word' id='word_1_249' title='bbox 532 2974 592 3026; x_wconf 82' lang='grc' dir='ltr'><strong>εὖ</strong></span> <span class='ocrx_word' id='word_1_250' title='bbox 627 2974 847 3039; x_wconf 85' lang='grc' dir='ltr'><strong>είὸότες,</strong></span> <span class='ocrx_word' id='word_1_251' title='bbox 869 2975 944 3038; x_wconf 86' lang='grc' dir='ltr'><strong>ὼς</strong></span> <span class='ocrx_word' id='word_1_252' title='bbox 973 2977 1021 3028; x_wconf 87' lang='grc' dir='ltr'><strong>οἱ</strong></span> <span class='ocrx_word' id='word_1_253' title='bbox 1044 2974 1484 3045; x_wconf 76' lang='grc' dir='ltr'><strong>περιλειφθέντες</strong></span> <span class='ocrx_word' id='word_1_254' title='bbox 1513 2978 1570 3028; x_wconf 82' lang='grc' dir='ltr'>ἐν</span> <span class='ocrx_word' id='word_1_255' title='bbox 1598 2979 1664 3047; x_wconf 81' lang='grc' dir='ltr'><strong>τῇ</strong></span> <span class='ocrx_word' id='word_1_256' title='bbox 1693 2977 1921 3049; x_wconf 79' lang='grc' dir='ltr'><strong>Ἰουδαίᾳ</strong></span> 
     </span>
    </p>
   </div>
   <div class='ocr_carea' id='block_1_33' title="bbox 337 3063 1918 3138">
    <p class='ocr_par' dir='ltr' id='par_1_33' title="bbox 337 3063 1918 3138">
     <span class='ocr_line' id='line_1_33' title="bbox 337 3063 1918 3138; baseline 0.003 -22"><span class='ocrx_word' id='word_1_257' title='bbox 337 3063 482 3133; x_wconf 81' lang='grc' dir='ltr'><strong>μετά</strong></span> <span class='ocrx_word' id='word_1_258' title='bbox 522 3063 622 3135; x_wconf 82' lang='grc' dir='ltr'><strong>τὴν</strong></span> <span class='ocrx_word' id='word_1_259' title='bbox 657 3065 1032 3136; x_wconf 78' lang='grc' dir='ltr'><strong>αἰχμαλωσίαν</strong></span> <span class='ocrx_word' id='word_1_260' title='bbox 1069 3065 1164 3119; x_wconf 76' lang='grc' dir='ltr'><strong>τοῦ</strong></span> <span class='ocrx_word' id='word_1_261' title='bbox 1195 3067 1254 3119; x_wconf 87' lang='grc' dir='ltr'><strong>ὲν</strong></span> <span class='ocrx_word' id='word_1_262' title='bbox 1285 3067 1565 3138; x_wconf 82' lang='grc' dir='ltr'><strong>Σαμαρείᾳ</strong></span> <span class='ocrx_word' id='word_1_263' title='bbox 1598 3066 1837 3138; x_wconf 80' lang='grc' dir='ltr'><strong>πλήθους</strong></span> <span class='ocrx_word' id='word_1_264' title='bbox 1860 3070 1918 3120; x_wconf 78' lang='grc' dir='ltr'><strong>ὲν</strong></span> 
     </span>
    </p>
   </div>
   <div class='ocr_carea' id='block_1_34' title="bbox 335 3156 1988 3243">
    <p class='ocr_par' dir='ltr' id='par_1_34' title="bbox 335 3156 1988 3243">
     <span class='ocr_line' id='line_1_34' title="bbox 335 3156 1988 3243; baseline 0.003 -35"><span class='ocrx_word' id='word_1_265' title='bbox 335 3157 534 3229; x_wconf 74' lang='grc' dir='ltr'><strong>εἰρήνῃ</strong></span> <span class='ocrx_word' id='word_1_266' title='bbox 565 3156 920 3224; x_wconf 88' lang='grc' dir='ltr'><strong>διατελέσετε,</strong></span> <span class='ocrx_word' id='word_1_267' title='bbox 954 3158 1002 3210; x_wconf 88' lang='grc' dir='ltr'><strong>εί</strong></span> <span class='ocrx_word' id='word_1_268' title='bbox 1040 3157 1183 3212; x_wconf 86' lang='grc' dir='ltr'><strong>κατά</strong></span> <span class='ocrx_word' id='word_1_269' title='bbox 1217 3158 1317 3229; x_wconf 82' lang='grc' dir='ltr'><strong>τὴν</strong></span> <span class='ocrx_word' id='word_1_270' title='bbox 1347 3158 1484 3229; x_wconf 67' lang='grc' dir='ltr'><strong>ἐμὴν</strong></span> <span class='ocrx_word' id='word_1_271' title='bbox 1509 3157 1724 3229; x_wconf 77' lang='grc' dir='ltr'><strong>βουλὴν,</strong></span> <span class='ocrx_word' id='word_1_272' title='bbox 1762 3158 1918 3231; x_wconf 78' lang='grc' dir='ltr'>ῥίζαν</span> <span class='ocrx_word' id='word_1_273' title='bbox 1946 3185 1988 3243; x_wconf 76' lang='lat' dir='ltr'>c</span> 
     </span>
    </p>
   </div>
   <div class='ocr_carea' id='block_1_35' title="bbox 333 3247 1912 3323">
    <p class='ocr_par' dir='ltr' id='par_1_35' title="bbox 333 3247 1912 3323">
     <span class='ocr_line' id='line_1_35' title="bbox 333 3247 1912 3323; baseline 0.004 -24"><span class='ocrx_word' id='word_1_274' title='bbox 333 3247 667 3319; x_wconf 77' lang='grc' dir='ltr'><strong>ἐμϐαλόντες</strong></span> <span class='ocrx_word' id='word_1_275' title='bbox 699 3248 918 3318; x_wconf 83' lang='grc' dir='ltr'>ἑδραίαν</span> <span class='ocrx_word' id='word_1_276' title='bbox 960 3249 1266 3313; x_wconf 86' lang='grc' dir='ltr'><strong>θεοσεϐείας</strong></span> <span class='ocrx_word' id='word_1_277' title='bbox 1313 3253 1371 3304; x_wconf 83' lang='grc' dir='ltr'><strong>ὲν</strong></span> <span class='ocrx_word' id='word_1_278' title='bbox 1402 3252 1469 3320; x_wconf 81' lang='grc' dir='ltr'><strong>τῇ</strong></span> <span class='ocrx_word' id='word_1_279' title='bbox 1507 3250 1716 3304; x_wconf 76' lang='grc' dir='ltr'><strong>ἑαυτῶν</strong></span> <span class='ocrx_word' id='word_1_280' title='bbox 1744 3251 1912 3323; x_wconf 68' lang='grc' dir='ltr'><strong>ψυχῇ,</strong></span> 
     </span>
    </p>
   </div>
   <div class='ocr_carea' id='block_1_36' title="bbox 331 3340 1918 3414">
    <p class='ocr_par' dir='ltr' id='par_1_36' title="bbox 331 3340 1918 3414">
     <span class='ocr_line' id='line_1_36' title="bbox 331 3340 1918 3414; baseline 0.001 -22"><span class='ocrx_word' id='word_1_281' title='bbox 331 3340 550 3411; x_wconf 76' lang='grc' dir='ltr'><strong>καρπὸν</strong></span> <span class='ocrx_word' id='word_1_282' title='bbox 578 3343 675 3411; x_wconf 80' lang='grc' dir='ltr'><strong>τῆς</strong></span> <span class='ocrx_word' id='word_1_283' title='bbox 703 3342 842 3412; x_wconf 74' lang='grc' dir='ltr'><strong>ἐμῆς</strong></span> <span class='ocrx_word' id='word_1_284' title='bbox 876 3342 1150 3413; x_wconf 80' lang='grc' dir='ltr'><strong>γεωργίας</strong></span> <span class='ocrx_word' id='word_1_285' title='bbox 1185 3341 1334 3408; x_wconf 80' lang='grc' dir='ltr'><strong>ἀξιον</strong></span> <span class='ocrx_word' id='word_1_286' title='bbox 1378 3340 1748 3396; x_wconf 81' lang='grc' dir='ltr'><strong>ἀναϐλέποντα</strong></span> <span class='ocrx_word' id='word_1_287' title='bbox 1780 3342 1918 3414; x_wconf 79' lang='grc' dir='ltr'><strong>πρὸς</strong></span> 
     </span>
    </p>
   </div>
   <div class='ocr_carea' id='block_1_37' title="bbox 335 3431 764 3502">
    <p class='ocr_par' dir='ltr' id='par_1_37' title="bbox 335 3431 764 3502">
     <span class='ocr_line' id='line_1_37' title="bbox 335 3431 764 3502; baseline 0 -18"><span class='ocrx_word' id='word_1_288' title='bbox 335 3431 410 3502; x_wconf 70' lang='grc' dir='ltr'><strong>μὶ</strong></span> <span class='ocrx_word' id='word_1_289' title='bbox 437 3431 764 3484; x_wconf 81' lang='grc' dir='ltr'><strong>ἀναδώσετε.</strong></span> 
     </span>
    </p>
   </div>
   <div class='ocr_carea' id='block_1_38' title="bbox 413 3515 1914 3594">
    <p class='ocr_par' dir='ltr' id='par_1_38' title="bbox 413 3515 1914 3594">
     <span class='ocr_line' id='line_1_38' title="bbox 413 3515 1914 3594; baseline 0.001 -20"><span class='ocrx_word' id='word_1_290' title='bbox 413 3540 434 3574; x_wconf 78' lang='grc' dir='ltr'><strong>σ</strong></span> <span class='ocrx_word' id='word_1_291' title='bbox 484 3521 642 3574; x_wconf 79' lang='grc' dir='ltr'><strong>Ἀλλά</strong></span> <span class='ocrx_word' id='word_1_292' title='bbox 675 3525 740 3593; x_wconf 80' lang='grc' dir='ltr'><strong>τῇ</strong></span> <span class='ocrx_word' id='word_1_293' title='bbox 949 3515 1133 3592; x_wconf 77' lang='grc' dir='ltr'><strong>ἦλθεν,</strong></span> <span class='ocrx_word' id='word_1_294' title='bbox 1159 3523 1218 3574; x_wconf 78' lang='grc' dir='ltr'><strong>ὲν</strong></span> <span class='ocrx_word' id='word_1_295' title='bbox 1242 3521 1379 3593; x_wconf 75' lang='grc' dir='ltr'><strong>αὐτῇ</strong></span> <span class='ocrx_word' id='word_1_296' title='bbox 1412 3522 1914 3594; x_wconf 80' lang='grc' dir='ltr'><strong>ἀποστραφήσεται,</strong></span> 
     </span>
    </p>
   </div>
   <div class='ocr_carea' id='block_1_39' title="bbox 330 3611 1918 3686">
    <p class='ocr_par' dir='ltr' id='par_1_39' title="bbox 330 3611 1918 3686">
     <span class='ocr_line' id='line_1_39' title="bbox 330 3611 1918 3686; baseline 0 -20"><span class='ocrx_word' id='word_1_297' title='bbox 330 3613 430 3666; x_wconf 74' lang='grc' dir='ltr'><strong>καὶ</strong></span> <span class='ocrx_word' id='word_1_298' title='bbox 450 3615 531 3676; x_wconf 85' lang='grc' dir='ltr'><strong>είς</strong></span> <span class='ocrx_word' id='word_1_299' title='bbox 552 3612 653 3683; x_wconf 77' lang='grc' dir='ltr'><strong>τὴν</strong></span> <span class='ocrx_word' id='word_1_300' title='bbox 668 3611 820 3664; x_wconf 85' lang='grc' dir='ltr'><strong>πόλιν</strong></span> <span class='ocrx_word' id='word_1_301' title='bbox 839 3611 1043 3684; x_wconf 82' lang='grc' dir='ltr'><strong>ταύτην</strong></span> <span class='ocrx_word' id='word_1_302' title='bbox 1061 3612 1121 3665; x_wconf 85' lang='grc' dir='ltr'><strong>ού</strong></span> <span class='ocrx_word' id='word_1_303' title='bbox 1143 3612 1216 3683; x_wconf 83' lang='grc' dir='ltr'><strong>μὴ</strong></span> <span class='ocrx_word' id='word_1_304' title='bbox 1237 3612 1471 3686; x_wconf 77' lang='grc' dir='ltr'><strong>εἰσέλθῃ.</strong></span> <span class='ocrx_word' id='word_1_305' title='bbox 1496 3613 1635 3666; x_wconf 82' lang='grc' dir='ltr'>Τάδε</span> <span class='ocrx_word' id='word_1_306' title='bbox 1651 3613 1799 3682; x_wconf 80' lang='grc' dir='ltr'><strong>λέγει</strong></span> <span class='ocrx_word' id='word_1_307' title='bbox 1813 3613 1918 3666; x_wconf 84' lang='grc' dir='ltr'><strong>Κύ-</strong></span> 
     </span>
    </p>
   </div>
   <div class='ocr_carea' id='block_1_40' title="bbox 261 3703 1918 3784">
    <p class='ocr_par' dir='ltr' id='par_1_40' title="bbox 261 3703 1918 3784">
     <span class='ocr_line' id='line_1_40' title="bbox 261 3703 1918 3784; baseline 0.002 -27"><span class='ocrx_word' id='word_1_308' title='bbox 261 3775 274 3784; x_wconf 37' lang='grc' dir='ltr'><strong><em>ο</em></strong></span> <span class='ocrx_word' id='word_1_309' title='bbox 335 3723 453 3779; x_wconf 86' lang='grc' dir='ltr'><strong>ριος</strong></span> <span class='ocrx_word' id='word_1_310' title='bbox 472 3723 486 3736; x_wconf 90' lang='grc'><strong>·</strong></span> <span class='ocrx_word' id='word_1_311' title='bbox 529 3703 882 3776; x_wconf 85' lang='grc' dir='ltr'><strong>Ὑπερασπιῶ</strong></span> <span class='ocrx_word' id='word_1_312' title='bbox 898 3704 1038 3776; x_wconf 81' lang='grc' dir='ltr'><strong>ὑπὲρ</strong></span> <span class='ocrx_word' id='word_1_313' title='bbox 1061 3707 1159 3776; x_wconf 78' lang='grc' dir='ltr'><strong>τῆς</strong></span> <span class='ocrx_word' id='word_1_314' title='bbox 1178 3705 1384 3768; x_wconf 83' lang='grc' dir='ltr'><strong>πόλεως</strong></span> <span class='ocrx_word' id='word_1_315' title='bbox 1401 3705 1606 3778; x_wconf 82' lang='grc' dir='ltr'><strong>ταύτης</strong></span> <span class='ocrx_word' id='word_1_316' title='bbox 1632 3705 1726 3760; x_wconf 77' lang='grc' dir='ltr'><strong>τοῦ</strong></span> <span class='ocrx_word' id='word_1_317' title='bbox 1745 3707 1918 3761; x_wconf 84' lang='grc' dir='ltr'><strong>σῶσαι</strong></span> 
     </span>
    </p>
   </div>
   <div class='ocr_carea' id='block_1_41' title="bbox 332 3795 1918 3869">
    <p class='ocr_par' dir='ltr' id='par_1_41' title="bbox 332 3795 1918 3869">
     <span class='ocr_line' id='line_1_41' title="bbox 332 3795 1918 3869; baseline 0 -17"><span class='ocrx_word' id='word_1_318' title='bbox 332 3797 504 3869; x_wconf 79' lang='grc' dir='ltr'><strong>αὐτὴν</strong></span> <span class='ocrx_word' id='word_1_319' title='bbox 527 3797 594 3850; x_wconf 78' lang='grc' dir='ltr'><strong>δι’</strong></span> <span class='ocrx_word' id='word_1_320' title='bbox 625 3797 725 3862; x_wconf 70' lang='grc' dir='ltr'><strong>ἐμὲ</strong></span> <span class='ocrx_word' id='word_1_321' title='bbox 743 3835 758 3860; x_wconf 94' lang='grc'><strong>,</strong></span> <span class='ocrx_word' id='word_1_322' title='bbox 798 3796 892 3849; x_wconf 76' lang='grc' dir='ltr'><strong>καὶ</strong></span> <span class='ocrx_word' id='word_1_323' title='bbox 921 3795 1010 3849; x_wconf 89' lang='grc' dir='ltr'><strong>διά</strong></span> <span class='ocrx_word' id='word_1_324' title='bbox 1039 3795 1199 3848; x_wconf 78' lang='grc' dir='ltr'><strong>Δαυῒδ</strong></span> <span class='ocrx_word' id='word_1_325' title='bbox 1224 3797 1316 3849; x_wconf 85' lang='grc' dir='ltr'><strong>τὸν</strong></span> <span class='ocrx_word' id='word_1_326' title='bbox 1337 3798 1502 3852; x_wconf 83' lang='grc' dir='ltr'><strong>παῖδά</strong></span> <span class='ocrx_word' id='word_1_327' title='bbox 1533 3815 1655 3868; x_wconf 89' lang='grc' dir='ltr'><strong>μου.</strong></span> <span class='ocrx_word' id='word_1_328' title='bbox 1690 3816 1709 3850; x_wconf 76' lang='grc' dir='ltr'><strong>ι</strong></span> <span class='ocrx_word' id='word_1_329' title='bbox 1748 3797 1918 3852; x_wconf 76' lang='grc' dir='ltr'><strong>Τοῦτο</strong></span> 
     </span>
    </p>
   </div>
   <div class='ocr_carea' id='block_1_42' title="bbox 331 3885 1916 3960">
    <p class='ocr_par' dir='ltr' id='par_1_42' title="bbox 331 3885 1916 3960">
     <span class='ocr_line' id='line_1_42' title="bbox 331 3885 1916 3960; baseline -0.002 -17"><span class='ocrx_word' id='word_1_330' title='bbox 331 3889 446 3958; x_wconf 77' lang='grc' dir='ltr'><strong>γὰρ</strong></span> <span class='ocrx_word' id='word_1_331' title='bbox 473 3888 599 3958; x_wconf 70' lang='grc' dir='ltr'><strong>ἐμοὶ</strong></span> <span class='ocrx_word' id='word_1_332' title='bbox 626 3885 746 3958; x_wconf 85' lang='grc' dir='ltr'><strong>Θεῷ</strong></span> <span class='ocrx_word' id='word_1_333' title='bbox 767 3887 883 3942; x_wconf 81' lang='grc' dir='ltr'><strong>δντι</strong></span> <span class='ocrx_word' id='word_1_334' title='bbox 915 3886 1131 3958; x_wconf 78' lang='grc' dir='ltr'><strong>πρέπει.</strong></span> <span class='ocrx_word' id='word_1_335' title='bbox 1166 3885 1258 3939; x_wconf 82' lang='grc' dir='ltr'><strong>Διὸ</strong></span> <span class='ocrx_word' id='word_1_336' title='bbox 1281 3887 1454 3941; x_wconf 81' lang='grc' dir='ltr'><strong>ταῦτα</strong></span> <span class='ocrx_word' id='word_1_337' title='bbox 1477 3886 1670 3959; x_wconf 83' lang='grc' dir='ltr'><strong>πράξω</strong></span> <span class='ocrx_word' id='word_1_338' title='bbox 1702 3888 1769 3940; x_wconf 79' lang='grc' dir='ltr'><strong>δι’</strong></span> <span class='ocrx_word' id='word_1_339' title='bbox 1795 3888 1916 3960; x_wconf 77' lang='grc' dir='ltr'><strong>ἐμὲ,</strong></span> 
     </span>
    </p>
   </div>
   <div class='ocr_carea' id='block_1_43' title="bbox 333 3973 1704 4050">
    <p class='ocr_par' dir='ltr' id='par_1_43' title="bbox 333 3973 1704 4050">
     <span class='ocr_line' id='line_1_43' title="bbox 333 3973 1704 4050; baseline -0.001 -16"><span class='ocrx_word' id='word_1_340' title='bbox 473 3978 536 4031; x_wconf 82' lang='grc' dir='ltr'><strong>οὐ</strong></span> <span class='ocrx_word' id='word_1_341' title='bbox 563 3976 651 4031; x_wconf 87' lang='grc' dir='ltr'><strong>διά</strong></span> <span class='ocrx_word' id='word_1_342' title='bbox 671 3976 765 4031; x_wconf 83' lang='grc' dir='ltr'><strong>τοῦ</strong></span> <span class='ocrx_word' id='word_1_343' title='bbox 789 3975 971 4042; x_wconf 82' lang='grc' dir='ltr'><strong>ἀξίους</strong></span> <span class='ocrx_word' id='word_1_344' title='bbox 987 3973 1123 4030; x_wconf 77' lang='grc' dir='ltr'><strong>εἶναι</strong></span> <span class='ocrx_word' id='word_1_345' title='bbox 1146 3976 1272 4041; x_wconf 80' lang='grc' dir='ltr'><strong>τοὺς</strong></span> <span class='ocrx_word' id='word_1_346' title='bbox 1290 3976 1704 4050; x_wconf 83' lang='grc' dir='ltr'><strong>βοηθουμένους.</strong></span> 
     </span>
    </p>
   </div>
   <div class='ocr_carea' id='block_1_44' title="bbox 408 4153 1917 4230">
    <p class='ocr_par' dir='ltr' id='par_1_44' title="bbox 408 4153 1917 4230">
     <span class='ocr_line' id='line_1_44' title="bbox 408 4153 1917 4230; baseline 0.001 -20"><span class='ocrx_word' id='word_1_347' title='bbox 408 4176 431 4210; x_wconf 70' lang='grc' dir='ltr'>ε</span> <span class='ocrx_word' id='word_1_348' title='bbox 460 4153 571 4212; x_wconf 76' lang='grc' dir='ltr'><strong>Καὶ</strong></span> <span class='ocrx_word' id='word_1_349' title='bbox 594 4157 817 4230; x_wconf 75' lang='grc' dir='ltr'><strong>ἐξῆλθεν</strong></span> <span class='ocrx_word' id='word_1_350' title='bbox 847 4157 1073 4227; x_wconf 83' lang='grc' dir='ltr'><strong>ἄγγελος</strong></span> <span class='ocrx_word' id='word_1_351' title='bbox 1098 4159 1327 4230; x_wconf 83' lang='grc' dir='ltr'><strong>Κυρίου,</strong></span> <span class='ocrx_word' id='word_1_352' title='bbox 1359 4157 1452 4212; x_wconf 71' lang='grc' dir='ltr'><strong>καὶ</strong></span> <span class='ocrx_word' id='word_1_353' title='bbox 1482 4157 1691 4212; x_wconf 82' lang='grc' dir='ltr'><strong>ἀνεῖλεν</strong></span> <span class='ocrx_word' id='word_1_354' title='bbox 1720 4160 1784 4212; x_wconf 84' lang='grc' dir='ltr'><strong>ἐκ</strong></span> <span class='ocrx_word' id='word_1_355' title='bbox 1817 4159 1917 4230; x_wconf 81' lang='grc' dir='ltr'><strong>τῆς</strong></span> 
     </span>
    </p>
   </div>
   <div class='ocr_carea' id='block_1_45' title="bbox 331 4252 1920 4326">
    <p class='ocr_par' dir='ltr' id='par_1_45' title="bbox 331 4252 1920 4326">
     <span class='ocr_line' id='line_1_45' title="bbox 331 4252 1920 4326; baseline 0 -19"><span class='ocrx_word' id='word_1_356' title='bbox 331 4253 688 4326; x_wconf 73' lang='grc' dir='ltr'><strong>παρεμϐολῆς</strong></span> <span class='ocrx_word' id='word_1_357' title='bbox 713 4253 822 4307; x_wconf 84' lang='grc' dir='ltr'>τῶν</span> <span class='ocrx_word' id='word_1_358' title='bbox 861 4252 1160 4326; x_wconf 82' lang='grc' dir='ltr'><strong>Ἀσσυρίων</strong></span> <span class='ocrx_word' id='word_1_359' title='bbox 1194 4260 1311 4325; x_wconf 83' lang='grc' dir='ltr'><strong>ρπε⁹</strong></span> <span class='ocrx_word' id='word_1_360' title='bbox 1331 4253 1602 4324; x_wconf 83' lang='grc' dir='ltr'><strong>χιλιάδας’</strong></span> <span class='ocrx_word' id='word_1_361' title='bbox 1651 4255 1746 4306; x_wconf 73' lang='grc' dir='ltr'><strong>καὶ</strong></span> <span class='ocrx_word' id='word_1_362' title='bbox 1773 4255 1920 4308; x_wconf 90' lang='grc' dir='ltr'><strong>ἀνα-</strong></span> 
     </span>
    </p>
   </div>
   <div class='ocr_carea' id='block_1_46' title="bbox 336 4331 1920 4419">
    <p class='ocr_par' dir='ltr' id='par_1_46' title="bbox 336 4331 1920 4419">
     <span class='ocr_line' id='line_1_46' title="bbox 336 4331 1920 4419; baseline 0 -20"><span class='ocrx_word' id='word_1_363' title='bbox 336 4346 565 4409; x_wconf 64' lang='grc' dir='ltr'><strong>στάντες</strong></span> <span class='ocrx_word' id='word_1_364' title='bbox 583 4346 646 4399; x_wconf 83' lang='grc' dir='ltr'><strong>τὺ</strong></span> <span class='ocrx_word' id='word_1_365' title='bbox 661 4345 826 4417; x_wconf 70' lang='grc' dir='ltr'><strong>πρωῒ,</strong></span> <span class='ocrx_word' id='word_1_366' title='bbox 856 4340 1012 4417; x_wconf 75' lang='grc' dir='ltr'><strong>εὗρον</strong></span> <span class='ocrx_word' id='word_1_367' title='bbox 1035 4331 1212 4400; x_wconf 79' lang='grc' dir='ltr'><strong>πάντα</strong></span> <span class='ocrx_word' id='word_1_368' title='bbox 1232 4347 1300 4400; x_wconf 84' lang='grc' dir='ltr'><strong>τά</strong></span> <span class='ocrx_word' id='word_1_369' title='bbox 1334 4346 1561 4419; x_wconf 78' lang='grc' dir='ltr'><strong>σώματα</strong></span> <span class='ocrx_word' id='word_1_370' title='bbox 1587 4346 1778 4418; x_wconf 76' lang='grc' dir='ltr'><strong>νεκρά.</strong></span> <span class='ocrx_word' id='word_1_371' title='bbox 1809 4347 1920 4399; x_wconf 75' lang='grc' dir='ltr'><strong>Καὶ</strong></span> 
     </span>
    </p>
   </div>
   <div class='ocr_carea' id='block_1_47' title="bbox 332 4436 1918 4509">
    <p class='ocr_par' dir='ltr' id='par_1_47' title="bbox 332 4436 1918 4509">
     <span class='ocr_line' id='line_1_47' title="bbox 332 4436 1918 4509; baseline -0.001 -18"><span class='ocrx_word' id='word_1_372' title='bbox 332 4436 582 4509; x_wconf 66' lang='grc' dir='ltr'><strong>απῆλθεν</strong></span> <span class='ocrx_word' id='word_1_373' title='bbox 620 4436 994 4509; x_wconf 76' lang='grc' dir='ltr'><strong>ἀποστραφεὶς</strong></span> <span class='ocrx_word' id='word_1_374' title='bbox 1036 4437 1409 4509; x_wconf 72' lang='grc' dir='ltr'><strong>Σενναχηρεὶμ</strong></span> <span class='ocrx_word' id='word_1_375' title='bbox 1441 4437 1690 4508; x_wconf 80' lang='grc' dir='ltr'><strong>βασιλεὺς</strong></span> <span class='ocrx_word' id='word_1_376' title='bbox 1724 4437 1918 4490; x_wconf 79' lang='grc' dir='ltr'><strong>Ἀσσυ-</strong></span> 
     </span>
    </p>
   </div>
   <div class='ocr_carea' id='block_1_48' title="bbox 2020 587 3600 660">
    <p class='ocr_par' dir='ltr' id='par_1_48' title="bbox 2020 587 3600 660">
     <span class='ocr_line' id='line_1_48' title="bbox 2020 587 3600 660; baseline 0.005 -21"><span class='ocrx_word' id='word_1_377' title='bbox 2020 599 2084 639; x_wconf 87' lang='lat' dir='ltr'><strong>ea</strong></span> <span class='ocrx_word' id='word_1_378' title='bbox 2100 588 2206 650; x_wconf 80' lang='lat' dir='ltr'><strong>via,</strong></span> <span class='ocrx_word' id='word_1_379' title='bbox 2226 601 2329 654; x_wconf 91' lang='lat' dir='ltr'><strong>qua</strong></span> <span class='ocrx_word' id='word_1_380' title='bbox 2354 587 2579 643; x_wconf 80' lang='lat' dir='ltr'><strong>venisti:</strong></span> <span class='ocrx_word' id='word_1_381' title='bbox 2604 608 2623 640; x_wconf 72' lang='grc' dir='ltr'><strong>ι</strong></span> <span class='ocrx_word' id='word_1_382' title='bbox 2647 598 2703 642; x_wconf 80' lang='grc' dir='ltr'><strong>ιιι</strong></span> <span class='ocrx_word' id='word_1_383' title='bbox 2722 601 2788 643; x_wconf 92' lang='lat' dir='ltr'><strong>ne</strong></span> <span class='ocrx_word' id='word_1_384' title='bbox 2809 601 3131 657; x_wconf 78' lang='lat' dir='ltr'><strong>quocunque</strong></span> <span class='ocrx_word' id='word_1_385' title='bbox 3153 587 3386 644; x_wconf 87' lang='lat' dir='ltr'><strong>volueris</strong></span> <span class='ocrx_word' id='word_1_386' title='bbox 3399 592 3563 646; x_wconf 85' lang='lat' dir='ltr'><strong>abeas</strong></span> <span class='ocrx_word' id='word_1_387' title='bbox 3583 633 3600 660; x_wconf 89' lang='lat'><strong>,</strong></span> 
     </span>
    </p>
   </div>
   <div class='ocr_carea' id='block_1_49' title="bbox 2024 678 3602 751">
    <p class='ocr_par' dir='ltr' id='par_1_49' title="bbox 2024 678 3602 751">
     <span class='ocr_line' id='line_1_49' title="bbox 2024 678 3602 751; baseline 0.004 -19"><span class='ocrx_word' id='word_1_388' title='bbox 2024 679 2119 732; x_wconf 89' lang='lat' dir='ltr'><strong>sed</strong></span> <span class='ocrx_word' id='word_1_389' title='bbox 2147 679 2232 733; x_wconf 85' lang='lat' dir='ltr'><strong>vel</strong></span> <span class='ocrx_word' id='word_1_390' title='bbox 2273 678 2473 734; x_wconf 88' lang='lat' dir='ltr'><strong>invitus</strong></span> <span class='ocrx_word' id='word_1_391' title='bbox 2514 681 2855 736; x_wconf 89' lang='lat' dir='ltr'><strong>retrocedere</strong></span> <span class='ocrx_word' id='word_1_392' title='bbox 2890 681 3104 751; x_wconf 80' lang='lat' dir='ltr'><strong>cogaris</strong></span> <span class='ocrx_word' id='word_1_393' title='bbox 3134 696 3148 734; x_wconf 90' lang='lat'><strong>:</strong></span> <span class='ocrx_word' id='word_1_394' title='bbox 3181 696 3282 751; x_wconf 89' lang='lat' dir='ltr'><strong>qua</strong></span> <span class='ocrx_word' id='word_1_395' title='bbox 3305 682 3451 736; x_wconf 90' lang='lat' dir='ltr'><strong>enim</strong></span> <span class='ocrx_word' id='word_1_396' title='bbox 3495 683 3602 739; x_wconf 80' lang='lat' dir='ltr'><strong>liuc</strong></span> 
     </span>
    </p>
   </div>
   <div class='ocr_carea' id='block_1_50' title="bbox 2017 770 3605 840">
    <p class='ocr_par' dir='ltr' id='par_1_50' title="bbox 2017 770 3605 840">
     <span class='ocr_line' id='line_1_50' title="bbox 2017 770 3605 840; baseline 0.006 -18"><span class='ocrx_word' id='word_1_397' title='bbox 2017 770 2231 834; x_wconf 90' lang='lat' dir='ltr'><strong>venisti,</strong></span> <span class='ocrx_word' id='word_1_398' title='bbox 2261 770 2447 826; x_wconf 83' lang='lat' dir='ltr'><strong>eadem</strong></span> <span class='ocrx_word' id='word_1_399' title='bbox 2474 780 2526 827; x_wconf 93' lang='lat' dir='ltr'><strong>te</strong></span> <span class='ocrx_word' id='word_1_400' title='bbox 2566 772 2844 828; x_wconf 77' lang='lat' dir='ltr'><strong>discedere</strong></span> <span class='ocrx_word' id='word_1_401' title='bbox 2865 773 2950 826; x_wconf 82' lang='lat' dir='ltr'><strong>via</strong></span> <span class='ocrx_word' id='word_1_402' title='bbox 2990 789 3126 840; x_wconf 88' lang='lat' dir='ltr'><strong>opus</strong></span> <span class='ocrx_word' id='word_1_403' title='bbox 3160 774 3302 838; x_wconf 92' lang='lat' dir='ltr'><strong>erit,</strong></span> <span class='ocrx_word' id='word_1_404' title='bbox 3327 783 3385 827; x_wconf 90' lang='lat' dir='ltr'><strong>ut</strong></span> <span class='ocrx_word' id='word_1_405' title='bbox 3423 790 3491 829; x_wconf 91' lang='lat' dir='ltr'><strong>ne</strong></span> <span class='ocrx_word' id='word_1_406' title='bbox 3523 786 3605 831; x_wconf 88' lang='lat' dir='ltr'><strong>ta-</strong></span> 
     </span>
    </p>
   </div>
   <div class='ocr_carea' id='block_1_51' title="bbox 2018 860 3600 931">
    <p class='ocr_par' dir='ltr' id='par_1_51' title="bbox 2018 860 3600 931">
     <span class='ocr_line' id='line_1_51' title="bbox 2018 860 3600 931; baseline 0.005 -17"><span class='ocrx_word' id='word_1_407' title='bbox 2018 860 2091 914; x_wconf 89' lang='lat' dir='ltr'><strong>lia</strong></span> <span class='ocrx_word' id='word_1_408' title='bbox 2131 861 2274 931; x_wconf 87' lang='lat' dir='ltr'><strong>loqui</strong></span> <span class='ocrx_word' id='word_1_409' title='bbox 2299 862 2519 918; x_wconf 80' lang='lat' dir='ltr'><strong>audeas.</strong></span> <span class='ocrx_word' id='word_1_410' title='bbox 2545 862 2744 919; x_wconf 79' lang='lat' dir='ltr'><strong>Verum</strong></span> <span class='ocrx_word' id='word_1_411' title='bbox 2781 864 2988 919; x_wconf 83' lang='lat' dir='ltr'><strong>etiamsi</strong></span> <span class='ocrx_word' id='word_1_412' title='bbox 3019 875 3310 919; x_wconf 87' lang='lat' dir='ltr'><strong>memorata</strong></span> <span class='ocrx_word' id='word_1_413' title='bbox 3346 866 3412 918; x_wconf 89' lang='lat' dir='ltr'><strong>de</strong></span> <span class='ocrx_word' id='word_1_414' title='bbox 3434 881 3600 922; x_wconf 82' lang='lat' dir='ltr'><strong>causa</strong></span> 
     </span>
    </p>
   </div>
   <div class='ocr_carea' id='block_1_52' title="bbox 2020 955 3602 1026">
    <p class='ocr_par' dir='ltr' id='par_1_52' title="bbox 2020 955 3602 1026">
     <span class='ocr_line' id='line_1_52' title="bbox 2020 955 3602 1026; baseline 0.004 -18"><span class='ocrx_word' id='word_1_415' title='bbox 2020 969 2124 1008; x_wconf 86' lang='lat' dir='ltr'><strong>nou</strong></span> <span class='ocrx_word' id='word_1_416' title='bbox 2164 969 2288 1008; x_wconf 90' lang='lat' dir='ltr'><strong>cum</strong></span> <span class='ocrx_word' id='word_1_417' title='bbox 2331 955 2672 1010; x_wconf 89' lang='lat' dir='ltr'><strong>multitudine</strong></span> <span class='ocrx_word' id='word_1_418' title='bbox 2701 956 2945 1026; x_wconf 89' lang='lat' dir='ltr'><strong>perierit,</strong></span> <span class='ocrx_word' id='word_1_419' title='bbox 2969 956 3038 1011; x_wconf 91' lang='lat' dir='ltr'><strong>ob</strong></span> <span class='ocrx_word' id='word_1_420' title='bbox 3066 973 3226 1025; x_wconf 87' lang='lat' dir='ltr'><strong>quam</strong></span> <span class='ocrx_word' id='word_1_421' title='bbox 3262 961 3424 1014; x_wconf 84' lang='lat' dir='ltr'><strong>etiam</strong></span> <span class='ocrx_word' id='word_1_422' title='bbox 3457 959 3602 1015; x_wconf 85' lang='lat' dir='ltr'><strong>Pha-</strong></span> 
     </span>
    </p>
   </div>
   <div class='ocr_carea' id='block_1_53' title="bbox 2021 1045 3602 1119">
    <p class='ocr_par' dir='ltr' id='par_1_53' title="bbox 2021 1045 3602 1119">
     <span class='ocr_line' id='line_1_53' title="bbox 2021 1045 3602 1119; baseline 0.004 -21"><span class='ocrx_word' id='word_1_423' title='bbox 2021 1059 2135 1108; x_wconf 91' lang='lat' dir='ltr'><strong>rao,</strong></span> <span class='ocrx_word' id='word_1_424' title='bbox 2167 1045 2386 1113; x_wconf 78' lang='lat' dir='ltr'><strong>reliquis</strong></span> <span class='ocrx_word' id='word_1_425' title='bbox 2427 1045 2700 1117; x_wconf 65' lang='lat' dir='ltr'><strong>Egyptiis</strong></span> <span class='ocrx_word' id='word_1_426' title='bbox 2747 1047 3016 1116; x_wconf 89' lang='lat' dir='ltr'><strong>supplicio</strong></span> <span class='ocrx_word' id='word_1_427' title='bbox 3057 1046 3290 1112; x_wconf 77' lang='lat' dir='ltr'><strong>affectis,</strong></span> <span class='ocrx_word' id='word_1_428' title='bbox 3326 1060 3602 1119; x_wconf 77' lang='lat' dir='ltr'><strong>spectator</strong></span> 
     </span>
    </p>
   </div>
   <div class='ocr_carea' id='block_1_54' title="bbox 2022 1135 3601 1210">
    <p class='ocr_par' dir='ltr' id='par_1_54' title="bbox 2022 1135 3601 1210">
     <span class='ocr_line' id='line_1_54' title="bbox 2022 1135 3601 1210; baseline 0.004 -22"><span class='ocrx_word' id='word_1_429' title='bbox 2022 1135 2400 1190; x_wconf 86' lang='lat' dir='ltr'><strong>reservabatur</strong></span> <span class='ocrx_word' id='word_1_430' title='bbox 2423 1154 2436 1190; x_wconf 92' lang='lat'>:</span> <span class='ocrx_word' id='word_1_431' title='bbox 2461 1146 2697 1192; x_wconf 85' lang='lat' dir='ltr'><strong>attamen</strong></span> <span class='ocrx_word' id='word_1_432' title='bbox 2730 1137 2780 1190; x_wconf 91' lang='lat' dir='ltr'><strong>in</strong></span> <span class='ocrx_word' id='word_1_433' title='bbox 2803 1148 3002 1191; x_wconf 85' lang='lat' dir='ltr'><strong>terram</strong></span> <span class='ocrx_word' id='word_1_434' title='bbox 3033 1153 3282 1193; x_wconf 71' lang='lat' dir='ltr'><strong>reversus</strong></span> <span class='ocrx_word' id='word_1_435' title='bbox 3305 1141 3601 1210; x_wconf 88' lang='lat' dir='ltr'><strong>pr0priam,</strong></span> 
     </span>
    </p>
   </div>
   <div class='ocr_carea' id='block_1_55' title="bbox 2022 1227 2747 1296">
    <p class='ocr_par' dir='ltr' id='par_1_55' title="bbox 2022 1227 2747 1296">
     <span class='ocr_line' id='line_1_55' title="bbox 2022 1227 2747 1296; baseline 0.006 -18"><span class='ocrx_word' id='word_1_436' title='bbox 2022 1227 2161 1281; x_wconf 88' lang='lat' dir='ltr'><strong>lilios</strong></span> <span class='ocrx_word' id='word_1_437' title='bbox 2191 1228 2486 1296; x_wconf 80' lang='lat' dir='ltr'><strong>parricidas</strong></span> <span class='ocrx_word' id='word_1_438' title='bbox 2523 1229 2747 1282; x_wconf 81' lang='lat' dir='ltr'><strong>invenit.</strong></span> 
     </span>
    </p>
   </div>
   <div class='ocr_carea' id='block_1_56' title="bbox 2092 1405 3603 1479">
    <p class='ocr_par' dir='ltr' id='par_1_56' title="bbox 2092 1405 3603 1479">
     <span class='ocr_line' id='line_1_56' title="bbox 2092 1405 3603 1479; baseline 0.002 -19"><span class='ocrx_word' id='word_1_439' title='bbox 2092 1405 2255 1462; x_wconf 69' lang='lat' dir='ltr'><strong>Vens.</strong></span> <span class='ocrx_word' id='word_1_440' title='bbox 2282 1407 2372 1473; x_wconf 76' lang='grc'><strong>50,</strong></span> <span class='ocrx_word' id='word_1_441' title='bbox 2403 1409 2493 1463; x_wconf 80' lang='lat' dir='ltr'><strong>5i.</strong></span> <span class='ocrx_word' id='word_1_442' title='bbox 2533 1426 2553 1461; x_wconf 77' lang='grc' dir='ltr'><strong>ι</strong></span> <span class='ocrx_word' id='word_1_443' title='bbox 2592 1408 2702 1464; x_wconf 84' lang='lat' dir='ltr'><strong>Hoc</strong></span> <span class='ocrx_word' id='word_1_444' title='bbox 2739 1417 2918 1463; x_wconf 87' lang='lat' dir='ltr'><strong>autem</strong></span> <span class='ocrx_word' id='word_1_445' title='bbox 2953 1408 3048 1463; x_wconf 90' lang='lat' dir='ltr'><strong>tibi</strong></span> <span class='ocrx_word' id='word_1_446' title='bbox 3097 1410 3307 1479; x_wconf 84' lang='lat' dir='ltr'><strong>signum</strong></span> <span class='ocrx_word' id='word_1_447' title='bbox 3339 1429 3352 1463; x_wconf 92' lang='lat'><strong>:</strong></span> <span class='ocrx_word' id='word_1_448' title='bbox 3382 1410 3603 1463; x_wconf 82' lang='lat' dir='ltr'><strong>comede</strong></span> 
     </span>
    </p>
   </div>
   <div class='ocr_carea' id='block_1_57' title="bbox 2019 1498 3601 1572">
    <p class='ocr_par' dir='ltr' id='par_1_57' title="bbox 2019 1498 3601 1572">
     <span class='ocr_line' id='line_1_57' title="bbox 2019 1498 3601 1572; baseline 0.002 -18"><span class='ocrx_word' id='word_1_449' title='bbox 2019 1498 2123 1554; x_wconf 87' lang='lat' dir='ltr'><strong>hoc</strong></span> <span class='ocrx_word' id='word_1_450' title='bbox 2155 1513 2316 1563; x_wconf 89' lang='lat' dir='ltr'><strong>anno,</strong></span> <span class='ocrx_word' id='word_1_451' title='bbox 2339 1515 2459 1570; x_wconf 68' lang='lat' dir='ltr'><strong>quae</strong></span> <span class='ocrx_word' id='word_1_452' title='bbox 2488 1501 2762 1555; x_wconf 83' lang='lat' dir='ltr'><strong>seminasti</strong></span> <span class='ocrx_word' id='word_1_453' title='bbox 2781 1518 2797 1564; x_wconf 87' lang='lat'><strong>;</strong></span> <span class='ocrx_word' id='word_1_454' title='bbox 2816 1515 2959 1554; x_wconf 88' lang='lat' dir='ltr'><strong>anno</strong></span> <span class='ocrx_word' id='word_1_455' title='bbox 2974 1512 3154 1556; x_wconf 88' lang='lat' dir='ltr'><strong>autem</strong></span> <span class='ocrx_word' id='word_1_456' title='bbox 3179 1503 3601 1572; x_wconf 80' lang='lat' dir='ltr'><strong>secundo,quod</strong></span> 
     </span>
    </p>
   </div>
   <div class='ocr_carea' id='block_1_58' title="bbox 2019 1590 3603 1665">
    <p class='ocr_par' dir='ltr' id='par_1_58' title="bbox 2019 1590 3603 1665">
     <span class='ocr_line' id='line_1_58' title="bbox 2019 1590 3603 1665; baseline 0.003 -22"><span class='ocrx_word' id='word_1_457' title='bbox 2019 1590 2294 1644; x_wconf 89' lang='lat' dir='ltr'><strong>residuum</strong></span> <span class='ocrx_word' id='word_1_458' title='bbox 2324 1591 2472 1659; x_wconf 90' lang='lat' dir='ltr'><strong>erit;</strong></span> <span class='ocrx_word' id='word_1_459' title='bbox 2514 1592 2695 1656; x_wconf 88' lang='lat' dir='ltr'><strong>tertio,</strong></span> <span class='ocrx_word' id='word_1_460' title='bbox 2748 1593 3079 1646; x_wconf 88' lang='lat' dir='ltr'><strong>seminantes</strong></span> <span class='ocrx_word' id='word_1_461' title='bbox 3122 1593 3332 1657; x_wconf 90' lang='lat' dir='ltr'><strong>metite,</strong></span> <span class='ocrx_word' id='word_1_462' title='bbox 3361 1603 3417 1648; x_wconf 89' lang='lat' dir='ltr'><strong>et</strong></span> <span class='ocrx_word' id='word_1_463' title='bbox 3446 1595 3603 1665; x_wconf 88' lang='lat' dir='ltr'><strong>plan-</strong></span> 
     </span>
    </p>
   </div>
   <div class='ocr_carea' id='block_1_59' title="bbox 2020 1682 3606 1747">
    <p class='ocr_par' dir='ltr' id='par_1_59' title="bbox 2020 1682 3606 1747">
     <span class='ocr_line' id='line_1_59' title="bbox 2020 1682 3606 1747; baseline 0.004 -13"><span class='ocrx_word' id='word_1_464' title='bbox 2020 1690 2130 1737; x_wconf 86' lang='lat' dir='ltr'><strong>tate</strong></span> <span class='ocrx_word' id='word_1_465' title='bbox 2158 1683 2368 1747; x_wconf 84' lang='lat' dir='ltr'><strong>vineas,</strong></span> <span class='ocrx_word' id='word_1_466' title='bbox 2397 1692 2452 1737; x_wconf 92' lang='lat' dir='ltr'><strong>et</strong></span> <span class='ocrx_word' id='word_1_467' title='bbox 2495 1683 2764 1737; x_wconf 89' lang='lat' dir='ltr'><strong>comedite</strong></span> <span class='ocrx_word' id='word_1_468' title='bbox 2797 1682 3034 1737; x_wconf 84' lang='lat' dir='ltr'><strong>fructum</strong></span> <span class='ocrx_word' id='word_1_469' title='bbox 3066 1697 3274 1739; x_wconf 87' lang='lat' dir='ltr'><strong>earum.</strong></span> <span class='ocrx_word' id='word_1_470' title='bbox 3315 1703 3336 1738; x_wconf 71' lang='grc' dir='ltr'><strong>ι</strong></span> <span class='ocrx_word' id='word_1_471' title='bbox 3370 1685 3429 1741; x_wconf 89' lang='lat' dir='ltr'><strong>Si</strong></span> <span class='ocrx_word' id='word_1_472' title='bbox 3476 1701 3606 1740; x_wconf 87' lang='lat' dir='ltr'><strong>vero</strong></span> 
     </span>
    </p>
   </div>
   <div class='ocr_carea' id='block_1_60' title="bbox 2021 1771 3606 1844">
    <p class='ocr_par' dir='ltr' id='par_1_60' title="bbox 2021 1771 3606 1844">
     <span class='ocr_line' id='line_1_60' title="bbox 2021 1771 3606 1844; baseline 0.001 -19"><span class='ocrx_word' id='word_1_473' title='bbox 2021 1771 2088 1825; x_wconf 89' lang='lat' dir='ltr'><strong>ad</strong></span> <span class='ocrx_word' id='word_1_474' title='bbox 2119 1786 2431 1827; x_wconf 84' lang='lat' dir='ltr'><strong>sermonum</strong></span> <span class='ocrx_word' id='word_1_475' title='bbox 2464 1787 2706 1826; x_wconf 88' lang='lat' dir='ltr'><strong>meorum</strong></span> <span class='ocrx_word' id='word_1_476' title='bbox 2729 1772 3196 1829; x_wconf 75' lang='lat' dir='ltr'><strong>confirmationem</strong></span> <span class='ocrx_word' id='word_1_477' title='bbox 3223 1774 3377 1844; x_wconf 75' lang='lat' dir='ltr'><strong>signo</strong></span> <span class='ocrx_word' id='word_1_478' title='bbox 3402 1773 3499 1828; x_wconf 90' lang='lat' dir='ltr'><strong>tibi</strong></span> <span class='ocrx_word' id='word_1_479' title='bbox 3530 1775 3606 1828; x_wconf 86' lang='lat' dir='ltr'><strong>sit</strong></span> 
     </span>
    </p>
   </div>
   <div class='ocr_carea' id='block_1_61' title="bbox 2020 1863 3604 1930">
    <p class='ocr_par' dir='ltr' id='par_1_61' title="bbox 2020 1863 3604 1930">
     <span class='ocr_line' id='line_1_61' title="bbox 2020 1863 3604 1930; baseline 0.004 -18"><span class='ocrx_word' id='word_1_480' title='bbox 2020 1876 2155 1930; x_wconf 80' lang='lat' dir='ltr'><strong>opus</strong></span> <span class='ocrx_word' id='word_1_481' title='bbox 2181 1900 2197 1927; x_wconf 86' lang='lat'><strong>,</strong></span> <span class='ocrx_word' id='word_1_482' title='bbox 2234 1863 2371 1916; x_wconf 87' lang='lat' dir='ltr'><strong>scito</strong></span> <span class='ocrx_word' id='word_1_483' title='bbox 2397 1871 2449 1918; x_wconf 94' lang='lat' dir='ltr'><strong>te</strong></span> <span class='ocrx_word' id='word_1_484' title='bbox 2473 1863 2578 1917; x_wconf 86' lang='lat' dir='ltr'><strong>hoc</strong></span> <span class='ocrx_word' id='word_1_485' title='bbox 2601 1876 2744 1916; x_wconf 92' lang='lat' dir='ltr'><strong>anno</strong></span> <span class='ocrx_word' id='word_1_486' title='bbox 2770 1873 2962 1930; x_wconf 87' lang='lat' dir='ltr'><strong>sponte</strong></span> <span class='ocrx_word' id='word_1_487' title='bbox 2989 1863 3336 1918; x_wconf 87' lang='lat' dir='ltr'><strong>nascentibus</strong></span> <span class='ocrx_word' id='word_1_488' title='bbox 3363 1878 3432 1918; x_wconf 83' lang='lat' dir='ltr'><strong>ex</strong></span> <span class='ocrx_word' id='word_1_489' title='bbox 3457 1875 3604 1918; x_wconf 86' lang='lat' dir='ltr'><strong>terra</strong></span> 
     </span>
    </p>
   </div>
   <div class='ocr_carea' id='block_1_62' title="bbox 2020 1952 3603 2026">
    <p class='ocr_par' dir='ltr' id='par_1_62' title="bbox 2020 1952 3603 2026">
     <span class='ocr_line' id='line_1_62' title="bbox 2020 1952 3603 2026; baseline 0.004 -21"><span class='ocrx_word' id='word_1_490' title='bbox 2020 1952 2286 2009; x_wconf 87' lang='lat' dir='ltr'><strong>fructibus</strong></span> <span class='ocrx_word' id='word_1_491' title='bbox 2328 1955 2596 2010; x_wconf 88' lang='lat' dir='ltr'><strong>victurum</strong></span> <span class='ocrx_word' id='word_1_492' title='bbox 2642 1969 2802 2020; x_wconf 86' lang='lat' dir='ltr'><strong>esse;</strong></span> <span class='ocrx_word' id='word_1_493' title='bbox 2840 1956 2980 2024; x_wconf 79' lang='lat' dir='ltr'><strong>quOd</strong></span> <span class='ocrx_word' id='word_1_494' title='bbox 3018 1971 3123 2008; x_wconf 91' lang='lat' dir='ltr'><strong>non</strong></span> <span class='ocrx_word' id='word_1_495' title='bbox 3161 1957 3396 2024; x_wconf 89' lang='lat' dir='ltr'><strong>potuerit</strong></span> <span class='ocrx_word' id='word_1_496' title='bbox 3429 1956 3603 2026; x_wconf 71' lang='lat' dir='ltr'><strong>regio,</strong></span> 
     </span>
    </p>
   </div>
   <div class='ocr_carea' id='block_1_63' title="bbox 2021 2045 3456 2114">
    <p class='ocr_par' dir='ltr' id='par_1_63' title="bbox 2021 2045 3456 2114">
     <span class='ocr_line' id='line_1_63' title="bbox 2021 2045 3456 2114; baseline 0.002 -16"><span class='ocrx_word' id='word_1_497' title='bbox 2021 2045 2255 2101; x_wconf 91' lang='lat' dir='ltr'><strong>inimicis</strong></span> <span class='ocrx_word' id='word_1_498' title='bbox 2283 2045 2725 2114; x_wconf 87' lang='lat' dir='ltr'><strong>irrumpentibus,</strong></span> <span class='ocrx_word' id='word_1_499' title='bbox 2755 2061 2852 2112; x_wconf 90' lang='lat' dir='ltr'><strong>pro</strong></span> <span class='ocrx_word' id='word_1_500' title='bbox 2889 2060 3040 2100; x_wconf 88' lang='lat' dir='ltr'><strong>more</strong></span> <span class='ocrx_word' id='word_1_501' title='bbox 3070 2047 3232 2100; x_wconf 88' lang='lat' dir='ltr'><strong>solito</strong></span> <span class='ocrx_word' id='word_1_502' title='bbox 3256 2046 3456 2103; x_wconf 79' lang='lat' dir='ltr'><strong>excoli.</strong></span> 
     </span>
    </p>
   </div>
   <div class='ocr_carea' id='block_1_64' title="bbox 2091 2224 3605 2297">
    <p class='ocr_par' dir='ltr' id='par_1_64' title="bbox 2091 2224 3605 2297">
     <span class='ocr_line' id='line_1_64' title="bbox 2091 2224 3605 2297; baseline -0.001 -15"><span class='ocrx_word' id='word_1_503' title='bbox 2091 2227 2255 2282; x_wconf 76' lang='lat' dir='ltr'><strong>Vens.</strong></span> <span class='ocrx_word' id='word_1_504' title='bbox 2279 2227 2372 2291; x_wconf 71' lang='lat'><strong>&#39;52,</strong></span> <span class='ocrx_word' id='word_1_505' title='bbox 2401 2227 2492 2285; x_wconf 76' lang='lat'><strong>33.</strong></span> <span class='ocrx_word' id='word_1_506' title='bbox 2525 2245 2544 2279; x_wconf 77' lang='grc' dir='ltr'><strong>ι</strong></span> <span class='ocrx_word' id='word_1_507' title='bbox 2577 2227 2644 2282; x_wconf 86' lang='lat' dir='ltr'><strong>Et</strong></span> <span class='ocrx_word' id='word_1_508' title='bbox 2666 2235 2824 2282; x_wconf 88' lang='lat' dir='ltr'><strong>erunt</strong></span> <span class='ocrx_word' id='word_1_509' title='bbox 2851 2225 3041 2294; x_wconf 87' lang='lat' dir='ltr'><strong>reliqui</strong></span> <span class='ocrx_word' id='word_1_510' title='bbox 3072 2227 3125 2280; x_wconf 92' lang='lat' dir='ltr'><strong>in</strong></span> <span class='ocrx_word' id='word_1_511' title='bbox 3159 2224 3362 2291; x_wconf 69' lang='lat' dir='ltr'><strong>Judma,</strong></span> <span class='ocrx_word' id='word_1_512' title='bbox 3401 2226 3605 2297; x_wconf 88' lang='lat' dir='ltr'><strong>produ-</strong></span> 
     </span>
    </p>
   </div>
   <div class='ocr_carea' id='block_1_65' title="bbox 2020 2318 3602 2384">
    <p class='ocr_par' dir='ltr' id='par_1_65' title="bbox 2020 2318 3602 2384">
     <span class='ocr_line' id='line_1_65' title="bbox 2020 2318 3602 2384; baseline -0.004 -7"><span class='ocrx_word' id='word_1_513' title='bbox 2020 2332 2144 2378; x_wconf 88' lang='lat' dir='ltr'><strong>cent</strong></span> <span class='ocrx_word' id='word_1_514' title='bbox 2187 2321 2420 2375; x_wconf 87' lang='lat' dir='ltr'><strong>radicetn</strong></span> <span class='ocrx_word' id='word_1_515' title='bbox 2461 2320 2738 2382; x_wconf 89' lang='lat' dir='ltr'><strong>deorsum,</strong></span> <span class='ocrx_word' id='word_1_516' title='bbox 2785 2329 2840 2374; x_wconf 91' lang='lat' dir='ltr'><strong>et</strong></span> <span class='ocrx_word' id='word_1_517' title='bbox 2892 2318 3091 2372; x_wconf 84' lang='lat' dir='ltr'><strong>facient</strong></span> <span class='ocrx_word' id='word_1_518' title='bbox 3124 2333 3306 2372; x_wconf 86' lang='lat' dir='ltr'><strong>semen</strong></span> <span class='ocrx_word' id='word_1_519' title='bbox 3361 2334 3602 2384; x_wconf 85' lang='lat' dir='ltr'><strong>sursum,</strong></span> 
     </span>
    </p>
   </div>
   <div class='ocr_carea' id='block_1_66' title="bbox 2020 2406 3604 2480">
    <p class='ocr_par' dir='ltr' id='par_1_66' title="bbox 2020 2406 3604 2480">
     <span class='ocr_line' id='line_1_66' title="bbox 2020 2406 3604 2480; baseline 0.001 -18"><span class='ocrx_word' id='word_1_520' title='bbox 2020 2412 2145 2480; x_wconf 84' lang='lat' dir='ltr'><strong>quia</strong></span> <span class='ocrx_word' id='word_1_521' title='bbox 2175 2425 2240 2465; x_wconf 88' lang='lat' dir='ltr'><strong>ex</strong></span> <span class='ocrx_word' id='word_1_522' title='bbox 2263 2406 2561 2463; x_wconf 82' lang='lat' dir='ltr'><strong>Jerusalem</strong></span> <span class='ocrx_word' id='word_1_523' title='bbox 2581 2419 2742 2463; x_wconf 91' lang='lat' dir='ltr'><strong>erunt</strong></span> <span class='ocrx_word' id='word_1_524' title='bbox 2776 2410 2998 2474; x_wconf 79' lang='lat' dir='ltr'><strong>residui,</strong></span> <span class='ocrx_word' id='word_1_525' title='bbox 3021 2419 3074 2462; x_wconf 82' lang='lat' dir='ltr'><strong>et</strong></span> <span class='ocrx_word' id='word_1_526' title='bbox 3099 2409 3293 2464; x_wconf 86' lang='lat' dir='ltr'><strong>salvati</strong></span> <span class='ocrx_word' id='word_1_527' title='bbox 3324 2410 3390 2463; x_wconf 89' lang='lat' dir='ltr'><strong>de</strong></span> <span class='ocrx_word' id='word_1_528' title='bbox 3420 2419 3604 2464; x_wconf 84' lang='lat' dir='ltr'><strong>monte</strong></span> 
     </span>
    </p>
   </div>
   <div class='ocr_carea' id='block_1_67' title="bbox 2023 2498 3602 2572">
    <p class='ocr_par' dir='ltr' id='par_1_67' title="bbox 2023 2498 3602 2572">
     <span class='ocr_line' id='line_1_67' title="bbox 2023 2498 3602 2572; baseline -0.001 -16"><span class='ocrx_word' id='word_1_529' title='bbox 2023 2502 2174 2556; x_wconf 90' lang='lat' dir='ltr'><strong>Sion.</strong></span> <span class='ocrx_word' id='word_1_530' title='bbox 2215 2501 2375 2555; x_wconf 88' lang='lat' dir='ltr'><strong>Zelus</strong></span> <span class='ocrx_word' id='word_1_531' title='bbox 2415 2498 2625 2554; x_wconf 90' lang='lat' dir='ltr'><strong>Domini</strong></span> <span class='ocrx_word' id='word_1_532' title='bbox 2667 2500 2905 2556; x_wconf 85' lang='lat' dir='ltr'><strong>Sabaoth</strong></span> <span class='ocrx_word' id='word_1_533' title='bbox 2943 2500 3104 2557; x_wconf 79' lang='lat' dir='ltr'><strong>faciet</strong></span> <span class='ocrx_word' id='word_1_534' title='bbox 3131 2503 3262 2558; x_wconf 79' lang='lat' dir='ltr'><strong>Iuec.</strong></span> <span class='ocrx_word' id='word_1_535' title='bbox 3307 2499 3602 2572; x_wconf 85' lang='lat' dir='ltr'><strong>Propterea</strong></span> 
     </span>
    </p>
   </div>
   <div class='ocr_carea' id='block_1_68' title="bbox 2021 2589 3601 2663">
    <p class='ocr_par' dir='ltr' id='par_1_68' title="bbox 2021 2589 3601 2663">
     <span class='ocr_line' id='line_1_68' title="bbox 2021 2589 3601 2663; baseline -0.001 -17"><span class='ocrx_word' id='word_1_536' title='bbox 2021 2592 2098 2646; x_wconf 89' lang='lat' dir='ltr'><strong>sic</strong></span> <span class='ocrx_word' id='word_1_537' title='bbox 2120 2592 2250 2646; x_wconf 91' lang='lat' dir='ltr'><strong>dicit</strong></span> <span class='ocrx_word' id='word_1_538' title='bbox 2274 2590 2533 2644; x_wconf 87' lang='lat' dir='ltr'><strong>Dominus</strong></span> <span class='ocrx_word' id='word_1_539' title='bbox 2563 2591 2616 2644; x_wconf 91' lang='lat' dir='ltr'><strong>iu</strong></span> <span class='ocrx_word' id='word_1_540' title='bbox 2644 2607 2823 2663; x_wconf 82' lang='lat' dir='ltr'><strong>regem</strong></span> <span class='ocrx_word' id='word_1_541' title='bbox 2867 2592 3241 2662; x_wconf 83' lang='lat' dir='ltr'><strong>Assyriorum:</strong></span> <span class='ocrx_word' id='word_1_542' title='bbox 3273 2589 3391 2645; x_wconf 85' lang='lat' dir='ltr'><strong>Non</strong></span> <span class='ocrx_word' id='word_1_543' title='bbox 3425 2591 3601 2645; x_wconf 86' lang='lat' dir='ltr'><strong>intra-</strong></span> 
     </span>
    </p>
   </div>
   <div class='ocr_carea' id='block_1_69' title="bbox 2020 2679 3600 2751">
    <p class='ocr_par' dir='ltr' id='par_1_69' title="bbox 2020 2679 3600 2751">
     <span class='ocr_line' id='line_1_69' title="bbox 2020 2679 3600 2751; baseline -0.003 -15"><span class='ocrx_word' id='word_1_544' title='bbox 2020 2682 2099 2737; x_wconf 88' lang='lat' dir='ltr'><strong>bit</strong></span> <span class='ocrx_word' id='word_1_545' title='bbox 2126 2682 2180 2736; x_wconf 93' lang='lat' dir='ltr'><strong>in</strong></span> <span class='ocrx_word' id='word_1_546' title='bbox 2203 2679 2477 2735; x_wconf 89' lang='lat' dir='ltr'><strong>civitatem</strong></span> <span class='ocrx_word' id='word_1_547' title='bbox 2507 2679 2670 2746; x_wconf 86' lang='lat' dir='ltr'><strong>hanc,</strong></span> <span class='ocrx_word' id='word_1_548' title='bbox 2696 2680 3055 2750; x_wconf 87' lang='lat' dir='ltr'><strong>nequejaciet</strong></span> <span class='ocrx_word' id='word_1_549' title='bbox 3087 2682 3139 2736; x_wconf 92' lang='lat' dir='ltr'><strong>in</strong></span> <span class='ocrx_word' id='word_1_550' title='bbox 3172 2695 3290 2735; x_wconf 89' lang='lat' dir='ltr'><strong>eam</strong></span> <span class='ocrx_word' id='word_1_551' title='bbox 3323 2681 3600 2751; x_wconf 73' lang='lat' dir='ltr'><strong>sagittam,</strong></span> 
     </span>
    </p>
   </div>
   <div class='ocr_carea' id='block_1_70' title="bbox 2021 2770 3604 2841">
    <p class='ocr_par' dir='ltr' id='par_1_70' title="bbox 2021 2770 3604 2841">
     <span class='ocr_line' id='line_1_70' title="bbox 2021 2770 3604 2841; baseline 0 -15"><span class='ocrx_word' id='word_1_552' title='bbox 2021 2785 2197 2840; x_wconf 84' lang='lat' dir='ltr'><strong>neque</strong></span> <span class='ocrx_word' id='word_1_553' title='bbox 2221 2770 2476 2824; x_wconf 87' lang='lat' dir='ltr'><strong>immittet</strong></span> <span class='ocrx_word' id='word_1_554' title='bbox 2500 2770 2553 2824; x_wconf 88' lang='lat' dir='ltr'><strong>itt</strong></span> <span class='ocrx_word' id='word_1_555' title='bbox 2582 2786 2702 2824; x_wconf 89' lang='lat' dir='ltr'><strong>eam</strong></span> <span class='ocrx_word' id='word_1_556' title='bbox 2724 2770 3000 2841; x_wconf 85' lang='lat' dir='ltr'><strong>clypeum,</strong></span> <span class='ocrx_word' id='word_1_557' title='bbox 3036 2787 3209 2841; x_wconf 83' lang='lat' dir='ltr'><strong>neque</strong></span> <span class='ocrx_word' id='word_1_558' title='bbox 3239 2770 3604 2827; x_wconf 87' lang='lat' dir='ltr'><strong>circumdabit</strong></span> 
     </span>
    </p>
   </div>
   <div class='ocr_carea' id='block_1_71' title="bbox 2020 2860 3606 2932">
    <p class='ocr_par' dir='ltr' id='par_1_71' title="bbox 2020 2860 3606 2932">
     <span class='ocr_line' id='line_1_71' title="bbox 2020 2860 3606 2932; baseline 0 -17"><span class='ocrx_word' id='word_1_559' title='bbox 2020 2876 2138 2915; x_wconf 89' lang='lat' dir='ltr'><strong>eam</strong></span> <span class='ocrx_word' id='word_1_560' title='bbox 2172 2860 2331 2927; x_wconf 87' lang='lat' dir='ltr'><strong>vallo,</strong></span> <span class='ocrx_word' id='word_1_561' title='bbox 2372 2879 2391 2912; x_wconf 73' lang='grc' dir='ltr'><strong>ι</strong></span> <span class='ocrx_word' id='word_1_562' title='bbox 2417 2861 2652 2916; x_wconf 87' lang='lat' dir='ltr'><strong>scientes</strong></span> <span class='ocrx_word' id='word_1_563' title='bbox 2695 2877 2815 2925; x_wconf 85' lang='lat' dir='ltr'><strong>vos,</strong></span> <span class='ocrx_word' id='word_1_564' title='bbox 2856 2871 2974 2931; x_wconf 90' lang='lat' dir='ltr'><strong>post</strong></span> <span class='ocrx_word' id='word_1_565' title='bbox 3006 2863 3297 2916; x_wconf 84' lang='lat' dir='ltr'><strong>abductum</strong></span> <span class='ocrx_word' id='word_1_566' title='bbox 3343 2863 3396 2915; x_wconf 89' lang='lat' dir='ltr'><strong>in</strong></span> <span class='ocrx_word' id='word_1_567' title='bbox 3432 2863 3606 2932; x_wconf 87' lang='lat' dir='ltr'><strong>capti-</strong></span> 
     </span>
    </p>
   </div>
   <div class='ocr_carea' id='block_1_72' title="bbox 2021 2951 3600 3024">
    <p class='ocr_par' dir='ltr' id='par_1_72' title="bbox 2021 2951 3600 3024">
     <span class='ocr_line' id='line_1_72' title="bbox 2021 2951 3600 3024; baseline 0.001 -19"><span class='ocrx_word' id='word_1_568' title='bbox 2021 2954 2240 3008; x_wconf 84' lang='lat' dir='ltr'><strong>vitatem</strong></span> <span class='ocrx_word' id='word_1_569' title='bbox 2283 2951 2541 3007; x_wconf 78' lang='lat' dir='ltr'><strong>Samaria:</strong></span> <span class='ocrx_word' id='word_1_570' title='bbox 2567 2952 2821 3024; x_wconf 89' lang='lat' dir='ltr'><strong>populum</strong></span> <span class='ocrx_word' id='word_1_571' title='bbox 2857 2955 2909 3008; x_wconf 86' lang='lat' dir='ltr'><strong>iu</strong></span> <span class='ocrx_word' id='word_1_572' title='bbox 2939 2952 3122 3008; x_wconf 65' lang='lat' dir='ltr'><strong>Judma</strong></span> <span class='ocrx_word' id='word_1_573' title='bbox 3150 2955 3457 3020; x_wconf 75' lang='lat' dir='ltr'><strong>derelictos,</strong></span> <span class='ocrx_word' id='word_1_574' title='bbox 3477 2970 3600 3009; x_wconf 91' lang='lat' dir='ltr'><strong>cum</strong></span> 
     </span>
    </p>
   </div>
   <div class='ocr_carea' id='block_1_73' title="bbox 2022 3045 3645 3116">
    <p class='ocr_par' dir='ltr' id='par_1_73' title="bbox 2022 3045 3645 3116">
     <span class='ocr_line' id='line_1_73' title="bbox 2022 3045 3645 3116; baseline 0.001 -18"><span class='ocrx_word' id='word_1_575' title='bbox 2022 3061 2153 3116; x_wconf 81' lang='lat' dir='ltr'><strong>pace</strong></span> <span class='ocrx_word' id='word_1_576' title='bbox 2203 3056 2422 3100; x_wconf 88' lang='lat' dir='ltr'><strong>acturos</strong></span> <span class='ocrx_word' id='word_1_577' title='bbox 2461 3061 2616 3110; x_wconf 83' lang='lat' dir='ltr'><strong>esse,</strong></span> <span class='ocrx_word' id='word_1_578' title='bbox 2661 3046 2705 3101; x_wconf 90' lang='lat' dir='ltr'><strong>si</strong></span> <span class='ocrx_word' id='word_1_579' title='bbox 2738 3050 2804 3100; x_wconf 89' lang='lat' dir='ltr'><strong>ad</strong></span> <span class='ocrx_word' id='word_1_580' title='bbox 2859 3046 3108 3116; x_wconf 77' lang='lat' dir='ltr'><strong>placitum</strong></span> <span class='ocrx_word' id='word_1_581' title='bbox 3165 3063 3344 3101; x_wconf 77' lang='lat' dir='ltr'><strong>meum</strong></span> <span class='ocrx_word' id='word_1_582' title='bbox 3391 3045 3606 3100; x_wconf 77' lang='lat' dir='ltr'><strong>ﬁrmarit</strong></span> <span class='ocrx_word' id='word_1_583' title='bbox 3642 3085 3645 3092; x_wconf 67' lang='grc' dir='ltr'><strong>ς</strong></span> 
     </span>
    </p>
   </div>
   <div class='ocr_carea' id='block_1_74' title="bbox 2022 3139 3606 3210">
    <p class='ocr_par' dir='ltr' id='par_1_74' title="bbox 2022 3139 3606 3210">
     <span class='ocr_line' id='line_1_74' title="bbox 2022 3139 3606 3210; baseline -0.001 -18"><span class='ocrx_word' id='word_1_584' title='bbox 2022 3141 2237 3210; x_wconf 85' lang='lat' dir='ltr'><strong>pietatis</strong></span> <span class='ocrx_word' id='word_1_585' title='bbox 2273 3140 2507 3194; x_wconf 85' lang='lat' dir='ltr'><strong>radicem</strong></span> <span class='ocrx_word' id='word_1_586' title='bbox 2539 3139 2594 3193; x_wconf 91' lang='lat' dir='ltr'><strong>in</strong></span> <span class='ocrx_word' id='word_1_587' title='bbox 2629 3139 2808 3194; x_wconf 89' lang='lat' dir='ltr'><strong>anima</strong></span> <span class='ocrx_word' id='word_1_588' title='bbox 2844 3149 3019 3193; x_wconf 74' lang='lat' dir='ltr'><strong>vestra</strong></span> <span class='ocrx_word' id='word_1_589' title='bbox 3060 3148 3340 3208; x_wconf 89' lang='lat' dir='ltr'><strong>ponentes,</strong></span> <span class='ocrx_word' id='word_1_590' title='bbox 3371 3139 3606 3192; x_wconf 89' lang='lat' dir='ltr'><strong>fructum</strong></span> 
     </span>
    </p>
   </div>
   <div class='ocr_carea' id='block_1_75' title="bbox 2021 3232 3605 3304">
    <p class='ocr_par' dir='ltr' id='par_1_75' title="bbox 2021 3232 3605 3304">
     <span class='ocr_line' id='line_1_75' title="bbox 2021 3232 3605 3304; baseline -0.003 -17"><span class='ocrx_word' id='word_1_591' title='bbox 2021 3233 2349 3304; x_wconf 79' lang='lat' dir='ltr'><strong>agricultura</strong></span> <span class='ocrx_word' id='word_1_592' title='bbox 2378 3247 2497 3286; x_wconf 89' lang='lat' dir='ltr'><strong>mea</strong></span> <span class='ocrx_word' id='word_1_593' title='bbox 2544 3232 2784 3303; x_wconf 82' lang='lat' dir='ltr'><strong>dignum,</strong></span> <span class='ocrx_word' id='word_1_594' title='bbox 2819 3232 2885 3284; x_wconf 89' lang='lat' dir='ltr'><strong>ad</strong></span> <span class='ocrx_word' id='word_1_595' title='bbox 2923 3247 3008 3286; x_wconf 89' lang='lat' dir='ltr'><strong>me</strong></span> <span class='ocrx_word' id='word_1_596' title='bbox 3056 3242 3426 3302; x_wconf 84' lang='lat' dir='ltr'><strong>spectantem,</strong></span> <span class='ocrx_word' id='word_1_597' title='bbox 3461 3241 3605 3286; x_wconf 88' lang='lat' dir='ltr'><strong>attu-</strong></span> 
     </span>
    </p>
   </div>
   <div class='ocr_carea' id='block_1_76' title="bbox 2018 3325 2211 3380">
    <p class='ocr_par' dir='ltr' id='par_1_76' title="bbox 2018 3325 2211 3380">
     <span class='ocr_line' id='line_1_76' title="bbox 2018 3325 2211 3380; baseline -0.005 -1"><span class='ocrx_word' id='word_1_598' title='bbox 2018 3325 2211 3380; x_wconf 73' lang='lat' dir='ltr'><strong>let-itis.</strong></span> 
     </span>
    </p>
   </div>
   <div class='ocr_carea' id='block_1_77' title="bbox 2091 3502 3605 3575">
    <p class='ocr_par' dir='ltr' id='par_1_77' title="bbox 2091 3502 3605 3575">
     <span class='ocr_line' id='line_1_77' title="bbox 2091 3502 3605 3575; baseline -0.003 -12"><span class='ocrx_word' id='word_1_599' title='bbox 2091 3508 2253 3565; x_wconf 73' lang='lat' dir='ltr'><strong>Vens.</strong></span> <span class='ocrx_word' id='word_1_600' title='bbox 2286 3508 2378 3573; x_wconf 69' lang='lat'><strong>&#39;54,</strong></span> <span class='ocrx_word' id='word_1_601' title='bbox 2402 3508 2492 3564; x_wconf 77' lang='lat'><strong>35.</strong></span> <span class='ocrx_word' id='word_1_602' title='bbox 2533 3525 2551 3559; x_wconf 75' lang='grc' dir='ltr'><strong>ι</strong></span> <span class='ocrx_word' id='word_1_603' title='bbox 2591 3505 2700 3561; x_wconf 90' lang='lat' dir='ltr'><strong>Sed</strong></span> <span class='ocrx_word' id='word_1_604' title='bbox 2723 3520 2828 3575; x_wconf 87' lang='lat' dir='ltr'><strong>qua</strong></span> <span class='ocrx_word' id='word_1_605' title='bbox 2859 3502 2944 3557; x_wconf 86' lang='lat' dir='ltr'><strong>via</strong></span> <span class='ocrx_word' id='word_1_606' title='bbox 2980 3504 3147 3568; x_wconf 81' lang='lat' dir='ltr'><strong>venit,</strong></span> <span class='ocrx_word' id='word_1_607' title='bbox 3188 3504 3376 3559; x_wconf 79' lang='lat' dir='ltr'><strong>eadem</strong></span> <span class='ocrx_word' id='word_1_608' title='bbox 3422 3519 3605 3559; x_wconf 87' lang='lat' dir='ltr'><strong>rever-</strong></span> 
     </span>
    </p>
   </div>
   <div class='ocr_carea' id='block_1_78' title="bbox 2021 3595 3605 3666">
    <p class='ocr_par' dir='ltr' id='par_1_78' title="bbox 2021 3595 3605 3666">
     <span class='ocr_line' id='line_1_78' title="bbox 2021 3595 3605 3666; baseline -0.005 -10"><span class='ocrx_word' id='word_1_609' title='bbox 2021 3609 2191 3666; x_wconf 87' lang='lat' dir='ltr'><strong>tetur,</strong></span> <span class='ocrx_word' id='word_1_610' title='bbox 2222 3611 2275 3655; x_wconf 91' lang='lat' dir='ltr'><strong>et</strong></span> <span class='ocrx_word' id='word_1_611' title='bbox 2304 3601 2357 3654; x_wconf 91' lang='lat' dir='ltr'><strong>in</strong></span> <span class='ocrx_word' id='word_1_612' title='bbox 2385 3601 2524 3655; x_wconf 91' lang='lat' dir='ltr'><strong>banc</strong></span> <span class='ocrx_word' id='word_1_613' title='bbox 2557 3598 2747 3654; x_wconf 88' lang='lat' dir='ltr'><strong>urbem</strong></span> <span class='ocrx_word' id='word_1_614' title='bbox 2782 3613 2885 3651; x_wconf 90' lang='lat' dir='ltr'><strong>non</strong></span> <span class='ocrx_word' id='word_1_615' title='bbox 2921 3597 3276 3665; x_wconf 78' lang='lat' dir='ltr'><strong>ingredietur.</strong></span> <span class='ocrx_word' id='word_1_616' title='bbox 3319 3595 3442 3650; x_wconf 65' lang='lat' dir='ltr'><strong>llzec</strong></span> <span class='ocrx_word' id='word_1_617' title='bbox 3471 3596 3605 3651; x_wconf 84' lang='lat' dir='ltr'><strong>dicit</strong></span> 
     </span>
    </p>
   </div>
   <div class='ocr_carea' id='block_1_79' title="bbox 2021 3688 3599 3762">
    <p class='ocr_par' dir='ltr' id='par_1_79' title="bbox 2021 3688 3599 3762">
     <span class='ocr_line' id='line_1_79' title="bbox 2021 3688 3599 3762; baseline -0.005 -14"><span class='ocrx_word' id='word_1_618' title='bbox 2021 3693 2280 3750; x_wconf 82' lang='lat' dir='ltr'><strong>DOminus</strong></span> <span class='ocrx_word' id='word_1_619' title='bbox 2305 3709 2321 3747; x_wconf 86' lang='lat'><strong>:</strong></span> <span class='ocrx_word' id='word_1_620' title='bbox 2348 3690 2637 3762; x_wconf 79' lang='lat' dir='ltr'><strong>Protegam</strong></span> <span class='ocrx_word' id='word_1_621' title='bbox 2659 3689 2932 3744; x_wconf 84' lang='lat' dir='ltr'><strong>civitatem</strong></span> <span class='ocrx_word' id='word_1_622' title='bbox 2964 3688 3125 3752; x_wconf 83' lang='lat' dir='ltr'><strong>hanc,</strong></span> <span class='ocrx_word' id='word_1_623' title='bbox 3148 3697 3206 3741; x_wconf 89' lang='lat' dir='ltr'><strong>ut</strong></span> <span class='ocrx_word' id='word_1_624' title='bbox 3230 3703 3443 3743; x_wconf 82' lang='lat' dir='ltr'><strong>servem</strong></span> <span class='ocrx_word' id='word_1_625' title='bbox 3478 3699 3599 3741; x_wconf 74' lang='lat' dir='ltr'><strong>eam</strong></span> 
     </span>
    </p>
   </div>
   <div class='ocr_carea' id='block_1_80' title="bbox 2018 3777 3599 3857">
    <p class='ocr_par' dir='ltr' id='par_1_80' title="bbox 2018 3777 3599 3857">
     <span class='ocr_line' id='line_1_80' title="bbox 2018 3777 3599 3857; baseline -0.006 -17"><span class='ocrx_word' id='word_1_626' title='bbox 2018 3797 2236 3857; x_wconf 90' lang='lat' dir='ltr'><strong>propter</strong></span> <span class='ocrx_word' id='word_1_627' title='bbox 2260 3798 2380 3848; x_wconf 90' lang='lat' dir='ltr'><strong>me,</strong></span> <span class='ocrx_word' id='word_1_628' title='bbox 2415 3792 2469 3837; x_wconf 90' lang='lat' dir='ltr'><strong>et</strong></span> <span class='ocrx_word' id='word_1_629' title='bbox 2510 3792 2730 3852; x_wconf 86' lang='lat' dir='ltr'><strong>propter</strong></span> <span class='ocrx_word' id='word_1_630' title='bbox 2777 3779 2944 3834; x_wconf 84' lang='lat' dir='ltr'><strong>David</strong></span> <span class='ocrx_word' id='word_1_631' title='bbox 2987 3793 3202 3833; x_wconf 87' lang='lat' dir='ltr'><strong>servum</strong></span> <span class='ocrx_word' id='word_1_632' title='bbox 3241 3793 3443 3832; x_wconf 88' lang='lat' dir='ltr'><strong>meum.</strong></span> <span class='ocrx_word' id='word_1_633' title='bbox 3487 3797 3507 3830; x_wconf 69' lang='grc' dir='ltr'><strong>ι</strong></span> <span class='ocrx_word' id='word_1_634' title='bbox 3543 3777 3599 3832; x_wconf 79' lang='lat' dir='ltr'><strong>id</strong></span> 
     </span>
    </p>
   </div>
   <div class='ocr_carea' id='block_1_81' title="bbox 2018 3869 3604 3942">
    <p class='ocr_par' dir='ltr' id='par_1_81' title="bbox 2018 3869 3604 3942">
     <span class='ocr_line' id='line_1_81' title="bbox 2018 3869 3604 3942; baseline -0.004 -10"><span class='ocrx_word' id='word_1_635' title='bbox 2018 3877 2165 3932; x_wconf 84' lang='lat' dir='ltr'><strong>enim</strong></span> <span class='ocrx_word' id='word_1_636' title='bbox 2191 3875 2345 3939; x_wconf 88' lang='lat' dir='ltr'><strong>mibi,</strong></span> <span class='ocrx_word' id='word_1_637' title='bbox 2379 3884 2438 3928; x_wconf 88' lang='lat' dir='ltr'><strong>ttt</strong></span> <span class='ocrx_word' id='word_1_638' title='bbox 2467 3875 2594 3938; x_wconf 92' lang='lat' dir='ltr'><strong>Deo,</strong></span> <span class='ocrx_word' id='word_1_639' title='bbox 2621 3887 2923 3942; x_wconf 80' lang='lat' dir='ltr'><strong>congruens</strong></span> <span class='ocrx_word' id='word_1_640' title='bbox 2958 3880 3059 3924; x_wconf 91' lang='lat' dir='ltr'><strong>est.</strong></span> <span class='ocrx_word' id='word_1_641' title='bbox 3085 3869 3265 3938; x_wconf 81' lang='lat' dir='ltr'><strong>Quare</strong></span> <span class='ocrx_word' id='word_1_642' title='bbox 3298 3871 3349 3925; x_wconf 90' lang='lat' dir='ltr'><strong>id</strong></span> <span class='ocrx_word' id='word_1_643' title='bbox 3379 3882 3604 3940; x_wconf 80' lang='lat' dir='ltr'><strong>prepter</strong></span> 
     </span>
    </p>
   </div>
   <div class='ocr_carea' id='block_1_82' title="bbox 2020 3958 3602 4036">
    <p class='ocr_par' dir='ltr' id='par_1_82' title="bbox 2020 3958 3602 4036">
     <span class='ocr_line' id='line_1_82' title="bbox 2020 3958 3602 4036; baseline -0.004 -15"><span class='ocrx_word' id='word_1_644' title='bbox 2020 3981 2105 4021; x_wconf 91' lang='lat' dir='ltr'><strong>me</strong></span> <span class='ocrx_word' id='word_1_645' title='bbox 2153 3981 2346 4036; x_wconf 78' lang='lat' dir='ltr'><strong>agam;</strong></span> <span class='ocrx_word' id='word_1_646' title='bbox 2375 3963 2470 4018; x_wconf 91' lang='lat' dir='ltr'><strong>sed</strong></span> <span class='ocrx_word' id='word_1_647' title='bbox 2527 3978 2632 4018; x_wconf 90' lang='lat' dir='ltr'><strong>non</strong></span> <span class='ocrx_word' id='word_1_648' title='bbox 2683 3962 2828 4031; x_wconf 88' lang='lat' dir='ltr'><strong>quod</strong></span> <span class='ocrx_word' id='word_1_649' title='bbox 2867 3960 2941 4016; x_wconf 92' lang='lat' dir='ltr'><strong>illi</strong></span> <span class='ocrx_word' id='word_1_650' title='bbox 2971 3961 3062 4030; x_wconf 89' lang='lat' dir='ltr'><strong>qui</strong></span> <span class='ocrx_word' id='word_1_651' title='bbox 3093 3958 3355 4028; x_wconf 86' lang='lat' dir='ltr'><strong>juvantur</strong></span> <span class='ocrx_word' id='word_1_652' title='bbox 3395 3961 3602 4015; x_wconf 81' lang='lat' dir='ltr'><strong>auxilio</strong></span> 
     </span>
    </p>
   </div>
   <div class='ocr_carea' id='block_1_83' title="bbox 2019 4056 2319 4128">
    <p class='ocr_par' dir='ltr' id='par_1_83' title="bbox 2019 4056 2319 4128">
     <span class='ocr_line' id='line_1_83' title="bbox 2019 4056 2319 4128; baseline -0.007 -16"><span class='ocrx_word' id='word_1_653' title='bbox 2019 4056 2164 4128; x_wconf 73' lang='lat' dir='ltr'><strong>digni</strong></span> <span class='ocrx_word' id='word_1_654' title='bbox 2190 4059 2319 4111; x_wconf 90' lang='lat' dir='ltr'><strong>sint.</strong></span> 
     </span>
    </p>
   </div>
   <div class='ocr_carea' id='block_1_84' title="bbox 2089 4137 3596 4216">
    <p class='ocr_par' dir='ltr' id='par_1_84' title="bbox 2089 4137 3596 4216">
     <span class='ocr_line' id='line_1_84' title="bbox 2089 4137 3596 4216; baseline -0.004 -12"><span class='ocrx_word' id='word_1_655' title='bbox 2089 4148 2254 4204; x_wconf 64' lang='lat' dir='ltr'><strong>Vens.</strong></span> <span class='ocrx_word' id='word_1_656' title='bbox 2277 4147 2465 4202; x_wconf 77' lang='lat'><strong>36-58.</strong></span> <span class='ocrx_word' id='word_1_657' title='bbox 2493 4165 2511 4198; x_wconf 80' lang='grc' dir='ltr'><strong>ι</strong></span> <span class='ocrx_word' id='word_1_658' title='bbox 2549 4145 2616 4200; x_wconf 86' lang='grc' dir='ltr'><strong>Ει</strong></span> <span class='ocrx_word' id='word_1_659' title='bbox 2653 4137 2915 4216; x_wconf 71' lang='grc' dir='ltr'><strong>’θεινθεειιε</strong></span> <span class='ocrx_word' id='word_1_660' title='bbox 2963 4154 3048 4201; x_wconf 82' lang='lat' dir='ltr'><strong>est</strong></span> <span class='ocrx_word' id='word_1_661' title='bbox 3094 4143 3319 4214; x_wconf 80' lang='lat' dir='ltr'><strong>angelus</strong></span> <span class='ocrx_word' id='word_1_662' title='bbox 3355 4142 3596 4210; x_wconf 87' lang='lat' dir='ltr'><strong>Domini,</strong></span> 
     </span>
    </p>
   </div>
   <div class='ocr_carea' id='block_1_85' title="bbox 2018 4239 3600 4308">
    <p class='ocr_par' dir='ltr' id='par_1_85' title="bbox 2018 4239 3600 4308">
     <span class='ocr_line' id='line_1_85' title="bbox 2018 4239 3600 4308; baseline -0.003 -11"><span class='ocrx_word' id='word_1_663' title='bbox 2018 4253 2072 4296; x_wconf 89' lang='lat' dir='ltr'><strong>et</strong></span> <span class='ocrx_word' id='word_1_664' title='bbox 2129 4240 2404 4297; x_wconf 82' lang='lat' dir='ltr'><strong>interfecit</strong></span> <span class='ocrx_word' id='word_1_665' title='bbox 2441 4253 2509 4294; x_wconf 76' lang='lat' dir='ltr'><strong>ex</strong></span> <span class='ocrx_word' id='word_1_666' title='bbox 2547 4239 2741 4294; x_wconf 85' lang='lat' dir='ltr'><strong>castris</strong></span> <span class='ocrx_word' id='word_1_667' title='bbox 2799 4239 3142 4308; x_wconf 81' lang='lat' dir='ltr'><strong>Assyriorum</strong></span> <span class='ocrx_word' id='word_1_668' title='bbox 3193 4247 3409 4292; x_wconf 77' lang='lat' dir='ltr'><strong>centum</strong></span> <span class='ocrx_word' id='word_1_669' title='bbox 3450 4248 3600 4292; x_wconf 86' lang='lat' dir='ltr'><strong>octo-</strong></span> 
     </span>
    </p>
   </div>
   <div class='ocr_carea' id='block_1_86' title="bbox 2019 4328 3601 4405">
    <p class='ocr_par' dir='ltr' id='par_1_86' title="bbox 2019 4328 3601 4405">
     <span class='ocr_line' id='line_1_86' title="bbox 2019 4328 3601 4405; baseline -0.006 -14"><span class='ocrx_word' id='word_1_670' title='bbox 2019 4337 2166 4404; x_wconf 71' lang='lat' dir='ltr'><strong>ginta</strong></span> <span class='ocrx_word' id='word_1_671' title='bbox 2189 4335 2428 4405; x_wconf 85' lang='lat' dir='ltr'><strong>quinque</strong></span> <span class='ocrx_word' id='word_1_672' title='bbox 2451 4331 2616 4386; x_wconf 89' lang='lat' dir='ltr'><strong>millia</strong></span> <span class='ocrx_word' id='word_1_673' title='bbox 2633 4345 2646 4384; x_wconf 88' lang='lat'><strong>:</strong></span> <span class='ocrx_word' id='word_1_674' title='bbox 2663 4340 2719 4386; x_wconf 91' lang='lat' dir='ltr'><strong>et</strong></span> <span class='ocrx_word' id='word_1_675' title='bbox 2747 4340 3035 4399; x_wconf 79' lang='lat' dir='ltr'><strong>surgentes</strong></span> <span class='ocrx_word' id='word_1_676' title='bbox 3063 4344 3242 4394; x_wconf 88' lang='lat' dir='ltr'><strong>mane,</strong></span> <span class='ocrx_word' id='word_1_677' title='bbox 3275 4328 3601 4382; x_wconf 87' lang='lat' dir='ltr'><strong>invenerunt</strong></span> 
     </span>
    </p>
   </div>
   <div class='ocr_carea' id='block_1_87' title="bbox 2020 4420 3596 4487">
    <p class='ocr_par' dir='ltr' id='par_1_87' title="bbox 2020 4420 3596 4487">
     <span class='ocr_line' id='line_1_87' title="bbox 2020 4420 3596 4487; baseline -0.01 0"><span class='ocrx_word' id='word_1_678' title='bbox 2020 4430 2200 4487; x_wconf 88' lang='lat' dir='ltr'><strong>omnia</strong></span> <span class='ocrx_word' id='word_1_679' title='bbox 2225 4428 2514 4484; x_wconf 85' lang='lat' dir='ltr'><strong>cadavera.</strong></span> <span class='ocrx_word' id='word_1_680' title='bbox 2562 4425 2630 4480; x_wconf 85' lang='lat' dir='ltr'><strong>Et</strong></span> <span class='ocrx_word' id='word_1_681' title='bbox 2655 4438 2905 4480; x_wconf 85' lang='lat' dir='ltr'><strong>reversus</strong></span> <span class='ocrx_word' id='word_1_682' title='bbox 2929 4421 3063 4476; x_wconf 91' lang='lat' dir='ltr'><strong>abiit</strong></span> <span class='ocrx_word' id='word_1_683' title='bbox 3088 4420 3476 4475; x_wconf 76' lang='lat' dir='ltr'><strong>Sennaclierim</strong></span> <span class='ocrx_word' id='word_1_684' title='bbox 3503 4431 3596 4472; x_wconf 90' lang='lat' dir='ltr'><strong>rex</strong></span> 
     </span>
    </p>
   </div>
   <div class='ocr_carea' id='block_1_88' title="bbox 337 4511 1920 4603">
    <p class='ocr_par' dir='ltr' id='par_1_88' title="bbox 337 4529 1912 4603">
     <span class='ocr_line' id='line_1_88' title="bbox 337 4529 1912 4603; baseline -0.001 -19"><span class='ocrx_word' id='word_1_685' title='bbox 337 4531 491 4603; x_wconf 82' lang='grc' dir='ltr'><strong>ρίων,</strong></span> <span class='ocrx_word' id='word_1_686' title='bbox 518 4531 613 4584; x_wconf 76' lang='grc' dir='ltr'><strong>καὶ</strong></span> <span class='ocrx_word' id='word_1_687' title='bbox 635 4529 851 4602; x_wconf 77' lang='grc' dir='ltr'><strong>ᾤκησεν</strong></span> <span class='ocrx_word' id='word_1_688' title='bbox 880 4531 939 4583; x_wconf 79' lang='grc' dir='ltr'><strong>ὲν</strong></span> <span class='ocrx_word' id='word_1_689' title='bbox 963 4529 1164 4601; x_wconf 83' lang='grc' dir='ltr'><strong>Νινευῇ</strong></span> <span class='ocrx_word' id='word_1_690' title='bbox 1185 4547 1200 4561; x_wconf 85' lang='grc'><strong>·</strong></span> <span class='ocrx_word' id='word_1_691' title='bbox 1233 4531 1329 4584; x_wconf 73' lang='grc' dir='ltr'><strong>καὶ</strong></span> <span class='ocrx_word' id='word_1_692' title='bbox 1360 4531 1419 4583; x_wconf 86' lang='grc' dir='ltr'><strong>ὲν</strong></span> <span class='ocrx_word' id='word_1_693' title='bbox 1448 4530 1526 4601; x_wconf 84' lang='grc' dir='ltr'><strong>τῷ</strong></span> <span class='ocrx_word' id='word_1_694' title='bbox 1554 4530 1716 4585; x_wconf 74' lang='grc' dir='ltr'><strong>αὐτὸν</strong></span> <span class='ocrx_word' id='word_1_695' title='bbox 1743 4545 1912 4601; x_wconf 87' lang='grc' dir='ltr'><strong>προσ-</strong></span> 
     </span>
    </p>
   </div>
   <div class='ocr_carea' id='block_1_89' title="bbox 2020 4511 3599 4603">
    <p class='ocr_par' dir='ltr' id='par_1_89' title="bbox 2022 4511 3599 4594">
     <span class='ocr_line' id='line_1_89' title="bbox 2022 4511 3599 4594; baseline -0.01 -15"><span class='ocrx_word' id='word_1_696' title='bbox 2022 4525 2388 4594; x_wconf 81' lang='lat' dir='ltr'><strong>Assyriorum,</strong></span> <span class='ocrx_word' id='word_1_697' title='bbox 2421 4530 2476 4575; x_wconf 89' lang='lat' dir='ltr'><strong>et</strong></span> <span class='ocrx_word' id='word_1_698' title='bbox 2511 4518 2776 4574; x_wconf 81' lang='lat' dir='ltr'><strong>habitavit</strong></span> <span class='ocrx_word' id='word_1_699' title='bbox 2811 4516 2866 4571; x_wconf 92' lang='lat' dir='ltr'><strong>in</strong></span> <span class='ocrx_word' id='word_1_700' title='bbox 2907 4514 3121 4576; x_wconf 79' lang='lat' dir='ltr'><strong>Ninive,</strong></span> <span class='ocrx_word' id='word_1_701' title='bbox 3171 4523 3228 4567; x_wconf 91' lang='lat' dir='ltr'><strong>et</strong></span> <span class='ocrx_word' id='word_1_702' title='bbox 3257 4527 3380 4566; x_wconf 91' lang='lat' dir='ltr'><strong>cum</strong></span> <span class='ocrx_word' id='word_1_703' title='bbox 3406 4511 3599 4565; x_wconf 85' lang='lat' dir='ltr'><strong>adora-</strong></span> 
     </span>
    </p>
   </div>
   <div class='ocr_carea' id='block_1_90' title="bbox 334 4619 1914 4694">
    <p class='ocr_par' dir='ltr' id='par_1_90' title="bbox 334 4619 1914 4694">
     <span class='ocr_line' id='line_1_90' title="bbox 334 4619 1914 4694; baseline -0.004 -14"><span class='ocrx_word' id='word_1_704' title='bbox 334 4627 518 4680; x_wconf 77' lang='grc' dir='ltr'><strong>κυνεῖν</strong></span> <span class='ocrx_word' id='word_1_705' title='bbox 569 4624 628 4676; x_wconf 80' lang='grc' dir='ltr'><strong>ἑν</strong></span> <span class='ocrx_word' id='word_1_706' title='bbox 668 4623 748 4694; x_wconf 84' lang='grc' dir='ltr'><strong>τῷ</strong></span> <span class='ocrx_word' id='word_1_707' title='bbox 784 4623 918 4694; x_wconf 78' lang='grc' dir='ltr'><strong>οἴκῳ</strong></span> <span class='ocrx_word' id='word_1_708' title='bbox 952 4623 1217 4694; x_wconf 83' lang='grc' dir='ltr'><strong>Νασαράχ</strong></span> <span class='ocrx_word' id='word_1_709' title='bbox 1258 4621 1350 4677; x_wconf 83' lang='grc' dir='ltr'><strong>τὸν</strong></span> <span class='ocrx_word' id='word_1_710' title='bbox 1383 4621 1696 4694; x_wconf 84' lang='grc' dir='ltr'><strong>πάτραρχον</strong></span> <span class='ocrx_word' id='word_1_711' title='bbox 1726 4619 1914 4686; x_wconf 81' lang='grc' dir='ltr'><strong>αὐτοῦ,</strong></span> 
     </span>
    </p>
   </div>
   <div class='ocr_carea' id='block_1_91' title="bbox 347 4712 1919 4788">
    <p class='ocr_par' dir='ltr' id='par_1_91' title="bbox 347 4712 1919 4788">
     <span class='ocr_line' id='line_1_91' title="bbox 347 4712 1919 4788; baseline -0.004 -17"><span class='ocrx_word' id='word_1_712' title='bbox 347 4716 681 4788; x_wconf 79' lang='grc' dir='ltr'><strong>’Δδραμέλεχ</strong></span> <span class='ocrx_word' id='word_1_713' title='bbox 700 4717 796 4769; x_wconf 79' lang='grc' dir='ltr'><strong>καὶ</strong></span> <span class='ocrx_word' id='word_1_714' title='bbox 830 4714 1089 4786; x_wconf 87' lang='grc' dir='ltr'><strong>Σαρασάρ</strong></span> <span class='ocrx_word' id='word_1_715' title='bbox 1116 4716 1165 4767; x_wconf 87' lang='grc' dir='ltr'><strong>οἱ</strong></span> <span class='ocrx_word' id='word_1_716' title='bbox 1189 4715 1295 4767; x_wconf 74' lang='grc' dir='ltr'><strong>υἱοὶ</strong></span> <span class='ocrx_word' id='word_1_717' title='bbox 1321 4713 1487 4766; x_wconf 83' lang='grc' dir='ltr'><strong>αὐτοῦ</strong></span> <span class='ocrx_word' id='word_1_718' title='bbox 1516 4713 1794 4780; x_wconf 78' lang='grc' dir='ltr'><strong>ἐπάταξαν</strong></span> <span class='ocrx_word' id='word_1_719' title='bbox 1820 4712 1919 4766; x_wconf 82' lang='grc' dir='ltr'><strong>αὐ-</strong></span> 
     </span>
    </p>
   </div>
   <div class='ocr_carea' id='block_1_92' title="bbox 331 4804 1911 4878">
    <p class='ocr_par' dir='ltr' id='par_1_92' title="bbox 331 4804 1911 4878">
     <span class='ocr_line' id='line_1_92' title="bbox 331 4804 1911 4878; baseline -0.004 -16"><span class='ocrx_word' id='word_1_720' title='bbox 331 4810 424 4862; x_wconf 80' lang='grc' dir='ltr'><strong>τὸν</strong></span> <span class='ocrx_word' id='word_1_721' title='bbox 454 4808 771 4878; x_wconf 81' lang='grc' dir='ltr'><strong>μαχαίραις.</strong></span> <span class='ocrx_word' id='word_1_722' title='bbox 803 4806 966 4860; x_wconf 78' lang='grc' dir='ltr'><strong>Αὐτοὶ</strong></span> <span class='ocrx_word' id='word_1_723' title='bbox 1008 4805 1066 4859; x_wconf 83' lang='grc' dir='ltr'><strong>δὲ</strong></span> <span class='ocrx_word' id='word_1_724' title='bbox 1099 4804 1434 4874; x_wconf 85' lang='grc' dir='ltr'><strong>διεσώθησαν</strong></span> <span class='ocrx_word' id='word_1_725' title='bbox 1478 4806 1557 4868; x_wconf 85' lang='grc' dir='ltr'><strong>εἰς</strong></span> <span class='ocrx_word' id='word_1_726' title='bbox 1602 4804 1911 4876; x_wconf 82' lang='grc' dir='ltr'><strong>Ἀρμενίαν,</strong></span> 
     </span>
    </p>
   </div>
   <div class='ocr_carea' id='block_1_93' title="bbox 332 4898 1906 4972">
    <p class='ocr_par' dir='ltr' id='par_1_93' title="bbox 332 4898 1906 4972">
     <span class='ocr_line' id='line_1_93' title="bbox 332 4898 1906 4972; baseline -0.004 -15"><span class='ocrx_word' id='word_1_727' title='bbox 332 4905 428 4957; x_wconf 73' lang='grc' dir='ltr'><strong>καὶ</strong></span> <span class='ocrx_word' id='word_1_728' title='bbox 460 4903 810 4957; x_wconf 75' lang='grc' dir='ltr'><strong>ἐϐασίλευσεν</strong></span> <span class='ocrx_word' id='word_1_729' title='bbox 857 4900 1114 4972; x_wconf 79' lang='grc' dir='ltr'><strong>Ἀσορδάν</strong></span> <span class='ocrx_word' id='word_1_730' title='bbox 1145 4903 1174 4953; x_wconf 84' lang='grc' dir='ltr'><strong>ὁ</strong></span> <span class='ocrx_word' id='word_1_731' title='bbox 1195 4900 1308 4962; x_wconf 76' lang='grc' dir='ltr'><strong>υίὸς</strong></span> <span class='ocrx_word' id='word_1_732' title='bbox 1337 4898 1500 4953; x_wconf 80' lang='grc' dir='ltr'><strong>αὑτοῦ</strong></span> <span class='ocrx_word' id='word_1_733' title='bbox 1528 4901 1640 4952; x_wconf 83' lang='grc' dir='ltr'><strong>ἀντ’</strong></span> <span class='ocrx_word' id='word_1_734' title='bbox 1663 4898 1849 4954; x_wconf 81' lang='grc' dir='ltr'><strong>αὐτοῦ.</strong></span> <span class='ocrx_word' id='word_1_735' title='bbox 1887 4917 1906 4950; x_wconf 70' lang='grc' dir='ltr'><strong>ι</strong></span> 
     </span>
    </p>
   </div>
   <div class='ocr_carea' id='block_1_94' title="bbox 331 4989 1915 5064">
    <p class='ocr_par' dir='ltr' id='par_1_94' title="bbox 331 4989 1915 5064">
     <span class='ocr_line' id='line_1_94' title="bbox 331 4989 1915 5064; baseline -0.001 -20"><span class='ocrx_word' id='word_1_736' title='bbox 331 4995 448 5046; x_wconf 83' lang='grc' dir='ltr'><strong>Ούκ</strong></span> <span class='ocrx_word' id='word_1_737' title='bbox 475 4994 558 5054; x_wconf 74' lang='grc' dir='ltr'><strong>εἰς</strong></span> <span class='ocrx_word' id='word_1_738' title='bbox 580 4991 798 5064; x_wconf 71' lang='grc' dir='ltr'>μακρὰν</span> <span class='ocrx_word' id='word_1_739' title='bbox 825 4991 880 5044; x_wconf 84' lang='grc' dir='ltr'><strong>δὲ</strong></span> <span class='ocrx_word' id='word_1_740' title='bbox 908 4994 1017 5054; x_wconf 89' lang='grc' dir='ltr'><strong>τοῖς</strong></span> <span class='ocrx_word' id='word_1_741' title='bbox 1052 4990 1230 5058; x_wconf 80' lang='grc' dir='ltr'><strong>λόγοις</strong></span> <span class='ocrx_word' id='word_1_742' title='bbox 1258 4989 1463 5060; x_wconf 80' lang='grc' dir='ltr'>φοϐερά</span> <span class='ocrx_word' id='word_1_743' title='bbox 1480 5007 1566 5053; x_wconf 92' lang='grc' dir='ltr'><strong>τις</strong></span> <span class='ocrx_word' id='word_1_744' title='bbox 1590 4989 1743 5060; x_wconf 84' lang='grc' dir='ltr'><strong>θεῖκὴ</strong></span> <span class='ocrx_word' id='word_1_745' title='bbox 1776 4991 1915 5061; x_wconf 70' lang='grc' dir='ltr'><strong>πρᾶ-</strong></span> 
     </span>
    </p>
   </div>
   <div class='ocr_carea' id='block_1_95' title="bbox 331 5080 1917 5153">
    <p class='ocr_par' dir='ltr' id='par_1_95' title="bbox 331 5080 1917 5153">
     <span class='ocr_line' id='line_1_95' title="bbox 331 5080 1917 5153; baseline -0.001 -16"><span class='ocrx_word' id='word_1_746' title='bbox 331 5085 416 5149; x_wconf 86' lang='grc' dir='ltr'><strong>ξις</strong></span> <span class='ocrx_word' id='word_1_747' title='bbox 437 5085 626 5137; x_wconf 78' lang='grc' dir='ltr'><strong>εἵπετο</strong></span> <span class='ocrx_word' id='word_1_748' title='bbox 669 5083 868 5138; x_wconf 77' lang='grc' dir='ltr'><strong>αὐτίκα</strong></span> <span class='ocrx_word' id='word_1_749' title='bbox 913 5083 1052 5153; x_wconf 81' lang='grc' dir='ltr'><strong>μετὰ</strong></span> <span class='ocrx_word' id='word_1_750' title='bbox 1085 5082 1290 5146; x_wconf 87' lang='grc' dir='ltr'><strong>ταύτας</strong></span> <span class='ocrx_word' id='word_1_751' title='bbox 1327 5082 1425 5146; x_wconf 87' lang='grc' dir='ltr'><strong>τάς</strong></span> <span class='ocrx_word' id='word_1_752' title='bbox 1458 5080 1662 5151; x_wconf 82' lang='grc' dir='ltr'><strong>φωνὰς,</strong></span> <span class='ocrx_word' id='word_1_753' title='bbox 1685 5081 1794 5135; x_wconf 83' lang='grc' dir='ltr'><strong>οὐδ’</strong></span> <span class='ocrx_word' id='word_1_754' title='bbox 1820 5083 1917 5136; x_wconf 70' lang='grc' dir='ltr'><strong>ἀνα</strong></span> 
     </span>
    </p>
   </div>
   <div class='ocr_carea' id='block_1_96' title="bbox 331 5172 1916 5248">
    <p class='ocr_par' dir='ltr' id='par_1_96' title="bbox 331 5172 1916 5248">
     <span class='ocr_line' id='line_1_96' title="bbox 331 5172 1916 5248; baseline -0.002 -19"><span class='ocrx_word' id='word_1_755' title='bbox 331 5176 612 5248; x_wconf 83' lang='grc' dir='ltr'><strong>θρωπίνης</strong></span> <span class='ocrx_word' id='word_1_756' title='bbox 653 5173 898 5247; x_wconf 84' lang='grc' dir='ltr'><strong>μεθόδου,</strong></span> <span class='ocrx_word' id='word_1_757' title='bbox 937 5173 1193 5245; x_wconf 83' lang='grc' dir='ltr'><strong>μυριάδες</strong></span> <span class='ocrx_word' id='word_1_758' title='bbox 1222 5173 1438 5245; x_wconf 84' lang='grc' dir='ltr'><strong>ἀθρόως</strong></span> <span class='ocrx_word' id='word_1_759' title='bbox 1475 5172 1682 5244; x_wconf 83' lang='grc' dir='ltr'><strong>ἀνδρῶν</strong></span> <span class='ocrx_word' id='word_1_760' title='bbox 1718 5172 1916 5245; x_wconf 75' lang='grc' dir='ltr'><strong>εὕρην-</strong></span> 
     </span>
    </p>
   </div>
   <div class='ocr_carea' id='block_1_97' title="bbox 2023 4603 3595 4680">
    <p class='ocr_par' dir='ltr' id='par_1_97' title="bbox 2023 4603 3595 4680">
     <span class='ocr_line' id='line_1_97' title="bbox 2023 4603 3595 4680; baseline -0.01 -10"><span class='ocrx_word' id='word_1_761' title='bbox 2023 4624 2108 4670; x_wconf 89' lang='lat' dir='ltr'><strong>ret</strong></span> <span class='ocrx_word' id='word_1_762' title='bbox 2130 4617 2185 4669; x_wconf 90' lang='lat' dir='ltr'><strong>in</strong></span> <span class='ocrx_word' id='word_1_763' title='bbox 2219 4615 2379 4671; x_wconf 90' lang='lat' dir='ltr'><strong>domo</strong></span> <span class='ocrx_word' id='word_1_764' title='bbox 2407 4609 2685 4667; x_wconf 77' lang='lat' dir='ltr'><strong>Nasarach</strong></span> <span class='ocrx_word' id='word_1_765' title='bbox 2714 4618 3003 4680; x_wconf 86' lang='lat' dir='ltr'><strong>patronum</strong></span> <span class='ocrx_word' id='word_1_766' title='bbox 3041 4621 3221 4672; x_wconf 88' lang='lat' dir='ltr'><strong>suum,</strong></span> <span class='ocrx_word' id='word_1_767' title='bbox 3243 4603 3595 4658; x_wconf 74' lang='lat' dir='ltr'><strong>Adramelecli</strong></span> 
     </span>
    </p>
   </div>
   <div class='ocr_carea' id='block_1_98' title="bbox 2023 4694 3595 4774">
    <p class='ocr_par' dir='ltr' id='par_1_98' title="bbox 2023 4694 3595 4774">
     <span class='ocr_line' id='line_1_98' title="bbox 2023 4694 3595 4774; baseline -0.009 -11"><span class='ocrx_word' id='word_1_768' title='bbox 2023 4718 2077 4763; x_wconf 90' lang='lat' dir='ltr'><strong>et</strong></span> <span class='ocrx_word' id='word_1_769' title='bbox 2109 4707 2340 4761; x_wconf 81' lang='lat' dir='ltr'><strong>Sarasar</strong></span> <span class='ocrx_word' id='word_1_770' title='bbox 2371 4705 2465 4760; x_wconf 87' lang='lat' dir='ltr'><strong>filii</strong></span> <span class='ocrx_word' id='word_1_771' title='bbox 2513 4704 2629 4772; x_wconf 77' lang='lat' dir='ltr'><strong>eius</strong></span> <span class='ocrx_word' id='word_1_772' title='bbox 2660 4708 3049 4774; x_wconf 81' lang='lat' dir='ltr'><strong>percusserunt</strong></span> <span class='ocrx_word' id='word_1_773' title='bbox 3090 4713 3211 4753; x_wconf 85' lang='lat' dir='ltr'><strong>eum</strong></span> <span class='ocrx_word' id='word_1_774' title='bbox 3248 4694 3460 4766; x_wconf 75' lang='lat' dir='ltr'><strong>gladiis.</strong></span> <span class='ocrx_word' id='word_1_775' title='bbox 3495 4694 3595 4764; x_wconf 89' lang='lat' dir='ltr'><strong>Ipsi</strong></span> 
     </span>
    </p>
   </div>
   <div class='ocr_carea' id='block_1_99' title="bbox 2021 4787 3594 4867">
    <p class='ocr_par' dir='ltr' id='par_1_99' title="bbox 2021 4787 3594 4867">
     <span class='ocr_line' id='line_1_99' title="bbox 2021 4787 3594 4867; baseline -0.008 -14"><span class='ocrx_word' id='word_1_776' title='bbox 2021 4814 2150 4855; x_wconf 79' lang='lat' dir='ltr'><strong>vero</strong></span> <span class='ocrx_word' id='word_1_777' title='bbox 2174 4800 2530 4867; x_wconf 79' lang='lat' dir='ltr'><strong>confugerunt</strong></span> <span class='ocrx_word' id='word_1_778' title='bbox 2559 4797 2609 4850; x_wconf 92' lang='lat' dir='ltr'><strong>in</strong></span> <span class='ocrx_word' id='word_1_779' title='bbox 2639 4794 2974 4856; x_wconf 83' lang='lat' dir='ltr'><strong>Armeniam,</strong></span> <span class='ocrx_word' id='word_1_780' title='bbox 3002 4801 3057 4846; x_wconf 90' lang='lat' dir='ltr'><strong>et</strong></span> <span class='ocrx_word' id='word_1_781' title='bbox 3078 4788 3321 4860; x_wconf 85' lang='lat' dir='ltr'><strong>regnavit</strong></span> <span class='ocrx_word' id='word_1_782' title='bbox 3353 4787 3594 4841; x_wconf 80' lang='lat' dir='ltr'><strong>Asordau</strong></span> 
     </span>
    </p>
   </div>
   <div class='ocr_carea' id='block_1_100' title="bbox 2021 4879 3596 4956">
    <p class='ocr_par' dir='ltr' id='par_1_100' title="bbox 2021 4879 3596 4956">
     <span class='ocr_line' id='line_1_100' title="bbox 2021 4879 3596 4956; baseline -0.008 -12"><span class='ocrx_word' id='word_1_783' title='bbox 2021 4891 2164 4947; x_wconf 87' lang='lat' dir='ltr'><strong>filius</strong></span> <span class='ocrx_word' id='word_1_784' title='bbox 2189 4892 2306 4954; x_wconf 87' lang='lat' dir='ltr'><strong>eius</strong></span> <span class='ocrx_word' id='word_1_785' title='bbox 2354 4905 2453 4956; x_wconf 92' lang='lat' dir='ltr'><strong>pro</strong></span> <span class='ocrx_word' id='word_1_786' title='bbox 2489 4902 2577 4942; x_wconf 90' lang='lat' dir='ltr'><strong>eo.</strong></span> <span class='ocrx_word' id='word_1_787' title='bbox 2617 4907 2636 4940; x_wconf 73' lang='grc' dir='ltr'><strong>ι</strong></span> <span class='ocrx_word' id='word_1_788' title='bbox 2690 4885 2798 4941; x_wconf 85' lang='lat' dir='ltr'><strong>Nec</strong></span> <span class='ocrx_word' id='word_1_789' title='bbox 2827 4883 2995 4939; x_wconf 86' lang='lat' dir='ltr'><strong>multo</strong></span> <span class='ocrx_word' id='word_1_790' title='bbox 3033 4889 3152 4950; x_wconf 85' lang='lat' dir='ltr'><strong>post</strong></span> <span class='ocrx_word' id='word_1_791' title='bbox 3187 4881 3285 4934; x_wconf 72' lang='lat' dir='ltr'><strong>luas</strong></span> <span class='ocrx_word' id='word_1_792' title='bbox 3307 4879 3478 4932; x_wconf 85' lang='lat' dir='ltr'><strong>editas</strong></span> <span class='ocrx_word' id='word_1_793' title='bbox 3505 4894 3596 4933; x_wconf 83' lang='lat' dir='ltr'><strong>vo-</strong></span> 
     </span>
    </p>
   </div>
   <div class='ocr_carea' id='block_1_101' title="bbox 2017 4971 3598 5051">
    <p class='ocr_par' dir='ltr' id='par_1_101' title="bbox 2017 4971 3598 5051">
     <span class='ocr_line' id='line_1_101' title="bbox 2017 4971 3598 5051; baseline -0.01 -11"><span class='ocrx_word' id='word_1_794' title='bbox 2017 5000 2132 5048; x_wconf 88' lang='lat' dir='ltr'><strong>ces,</strong></span> <span class='ocrx_word' id='word_1_795' title='bbox 2164 4997 2253 5037; x_wconf 80' lang='lat' dir='ltr'><strong>res</strong></span> <span class='ocrx_word' id='word_1_796' title='bbox 2279 4980 2644 5051; x_wconf 75' lang='lat' dir='ltr'><strong>perlnorrenda</strong></span> <span class='ocrx_word' id='word_1_797' title='bbox 2677 4978 2935 5033; x_wconf 86' lang='lat' dir='ltr'><strong>divinitus</strong></span> <span class='ocrx_word' id='word_1_798' title='bbox 2960 4972 3178 5031; x_wconf 86' lang='lat' dir='ltr'><strong>accidit.</strong></span> <span class='ocrx_word' id='word_1_799' title='bbox 3206 4987 3309 5025; x_wconf 91' lang='lat' dir='ltr'><strong>non</strong></span> <span class='ocrx_word' id='word_1_800' title='bbox 3345 4971 3598 5024; x_wconf 80' lang='lat' dir='ltr'><strong>humana:</strong></span> 
     </span>
    </p>
   </div>
   <div class='ocr_carea' id='block_1_102' title="bbox 2018 5063 3600 5144">
    <p class='ocr_par' dir='ltr' id='par_1_102' title="bbox 2018 5063 3600 5144">
     <span class='ocr_line' id='line_1_102' title="bbox 2018 5063 3600 5144; baseline -0.008 -13"><span class='ocrx_word' id='word_1_801' title='bbox 2018 5075 2314 5139; x_wconf 80' lang='lat' dir='ltr'><strong>facultatis,</strong></span> <span class='ocrx_word' id='word_1_802' title='bbox 2334 5071 2605 5144; x_wconf 84' lang='lat' dir='ltr'><strong>myriades</strong></span> <span class='ocrx_word' id='word_1_803' title='bbox 2621 5070 2857 5125; x_wconf 89' lang='lat' dir='ltr'><strong>virorum</strong></span> <span class='ocrx_word' id='word_1_804' title='bbox 2883 5067 3044 5121; x_wconf 88' lang='lat' dir='ltr'><strong>unius</strong></span> <span class='ocrx_word' id='word_1_805' title='bbox 3064 5063 3241 5135; x_wconf 74' lang='lat' dir='ltr'><strong>angeli</strong></span> <span class='ocrx_word' id='word_1_806' title='bbox 3266 5078 3425 5118; x_wconf 90' lang='lat' dir='ltr'><strong>manu</strong></span> <span class='ocrx_word' id='word_1_807' title='bbox 3443 5076 3600 5119; x_wconf 64' lang='lat' dir='ltr'><strong>casas</strong></span> 
     </span>
    </p>
   </div>
   <div class='ocr_carea' id='block_1_103' title="bbox 2021 5155 3596 5237">
    <p class='ocr_par' dir='ltr' id='par_1_103' title="bbox 2021 5155 3596 5237">
     <span class='ocr_line' id='line_1_103' title="bbox 2021 5155 3596 5237; baseline -0.01 -14"><span class='ocrx_word' id='word_1_808' title='bbox 2021 5179 2250 5237; x_wconf 76' lang='lat' dir='ltr'><strong>reperta:</strong></span> <span class='ocrx_word' id='word_1_809' title='bbox 2299 5173 2426 5219; x_wconf 78' lang='lat' dir='ltr'><strong>sunt</strong></span> <span class='ocrx_word' id='word_1_810' title='bbox 2467 5177 2481 5214; x_wconf 90' lang='lat'>:</span> <span class='ocrx_word' id='word_1_811' title='bbox 2515 5170 2700 5217; x_wconf 85' lang='lat' dir='ltr'><strong>tantus</strong></span> <span class='ocrx_word' id='word_1_812' title='bbox 2744 5161 2888 5216; x_wconf 88' lang='lat' dir='ltr'><strong>enim</strong></span> <span class='ocrx_word' id='word_1_813' title='bbox 2938 5156 3031 5212; x_wconf 86' lang='lat' dir='ltr'><strong>ille</strong></span> <span class='ocrx_word' id='word_1_814' title='bbox 3080 5155 3307 5226; x_wconf 75' lang='lat' dir='ltr'><strong>angelus</strong></span> <span class='ocrx_word' id='word_1_815' title='bbox 3344 5163 3495 5218; x_wconf 62' lang='lat' dir='ltr'><strong>erat,</strong></span> <span class='ocrx_word' id='word_1_816' title='bbox 3537 5165 3596 5208; x_wconf 90' lang='lat' dir='ltr'><strong>nt</strong></span> 
     </span>
    </p>
   </div>
   <div class='ocr_carea' id='block_1_104' title="bbox 328 5247 1920 5337">
    <p class='ocr_par' dir='ltr' id='par_1_104' title="bbox 328 5247 1918 5337">
     <span class='ocr_line' id='line_1_104' title="bbox 328 5247 1918 5337; baseline -0.001 -17"><span class='ocrx_word' id='word_1_817' title='bbox 328 5247 422 5320; x_wconf 87' lang='grc' dir='ltr'><strong>ται</strong></span> <span class='ocrx_word' id='word_1_818' title='bbox 447 5267 639 5336; x_wconf 78' lang='grc' dir='ltr'><strong>νεκραὶ</strong></span> <span class='ocrx_word' id='word_1_819' title='bbox 668 5265 996 5337; x_wconf 80' lang='grc' dir='ltr'><strong>βεϐλημέναι</strong></span> <span class='ocrx_word' id='word_1_820' title='bbox 1036 5265 1143 5319; x_wconf 82' lang='grc' dir='ltr'><strong>ὑπὸ</strong></span> <span class='ocrx_word' id='word_1_821' title='bbox 1165 5265 1346 5336; x_wconf 80' lang='grc' dir='ltr'><strong>χειρὸς</strong></span> <span class='ocrx_word' id='word_1_822' title='bbox 1384 5264 1504 5328; x_wconf 68' lang='grc' dir='ltr'><strong>ἐνὸς</strong></span> <span class='ocrx_word' id='word_1_823' title='bbox 1531 5264 1760 5334; x_wconf 80' lang='grc' dir='ltr'><strong>ἀγγέλου</strong></span> <span class='ocrx_word' id='word_1_824' title='bbox 1780 5282 1795 5296; x_wconf 76' lang='grc' dir='ltr'><strong>ο</strong></span> <span class='ocrx_word' id='word_1_825' title='bbox 1828 5281 1918 5319; x_wconf 84' lang='grc' dir='ltr'><strong>το-</strong></span> 
     </span>
    </p>
   </div>
   <div class='ocr_carea' id='block_1_105' title="bbox 2020 5247 3594 5337">
    <p class='ocr_par' dir='ltr' id='par_1_105' title="bbox 2020 5247 3594 5331">
     <span class='ocr_line' id='line_1_105' title="bbox 2020 5247 3594 5331; baseline -0.008 -19"><span class='ocrx_word' id='word_1_826' title='bbox 2020 5257 2218 5331; x_wconf 82' lang='lat' dir='ltr'><strong>iudicio</strong></span> <span class='ocrx_word' id='word_1_827' title='bbox 2249 5255 2345 5311; x_wconf 90' lang='lat' dir='ltr'><strong>Dei</strong></span> <span class='ocrx_word' id='word_1_828' title='bbox 2374 5253 2730 5315; x_wconf 85' lang='lat' dir='ltr'><strong>ministraret,</strong></span> <span class='ocrx_word' id='word_1_829' title='bbox 2760 5259 2814 5304; x_wconf 88' lang='lat' dir='ltr'><strong>ct</strong></span> <span class='ocrx_word' id='word_1_830' title='bbox 2841 5259 3044 5304; x_wconf 90' lang='lat' dir='ltr'><strong>tantam</strong></span> <span class='ocrx_word' id='word_1_831' title='bbox 3085 5247 3318 5303; x_wconf 82' lang='lat' dir='ltr'><strong>hostium</strong></span> <span class='ocrx_word' id='word_1_832' title='bbox 3350 5247 3594 5301; x_wconf 89' lang='lat' dir='ltr'><strong>multitu-</strong></span> 
     </span>
    </p>
   </div>
   <div class='ocr_carea' id='block_1_106' title="bbox 332 5352 1914 5429">
    <p class='ocr_par' dir='ltr' id='par_1_106' title="bbox 332 5352 1914 5429">
     <span class='ocr_line' id='line_1_106' title="bbox 332 5352 1914 5429; baseline -0.001 -17"><span class='ocrx_word' id='word_1_833' title='bbox 332 5359 524 5422; x_wconf 78' lang='grc' dir='ltr'><strong>σοῦτος</strong></span> <span class='ocrx_word' id='word_1_834' title='bbox 545 5357 656 5429; x_wconf 85' lang='grc' dir='ltr'><strong>γὰρ</strong></span> <span class='ocrx_word' id='word_1_835' title='bbox 680 5353 748 5429; x_wconf 77' lang='grc' dir='ltr'><strong>ἦν</strong></span> <span class='ocrx_word' id='word_1_836' title='bbox 781 5352 954 5422; x_wconf 73' lang='grc' dir='ltr'><strong>οὗτος,</strong></span> <span class='ocrx_word' id='word_1_837' title='bbox 1001 5357 1078 5420; x_wconf 83' lang='grc' dir='ltr'>ὡς</span> <span class='ocrx_word' id='word_1_838' title='bbox 1106 5355 1241 5410; x_wconf 82' lang='grc' dir='ltr'><strong>Θεοῦ</strong></span> <span class='ocrx_word' id='word_1_839' title='bbox 1281 5355 1460 5428; x_wconf 87' lang='grc' dir='ltr'><strong>κρίσει</strong></span> <span class='ocrx_word' id='word_1_840' title='bbox 1489 5355 1914 5428; x_wconf 81' lang='grc' dir='ltr'><strong>διακονήσασθαι</strong></span> 
     </span>
    </p>
   </div>
   <div class='ocr_carea' id='block_1_107' title="bbox 331 5447 1916 5524">
    <p class='ocr_par' dir='ltr' id='par_1_107' title="bbox 331 5447 1916 5524">
     <span class='ocr_line' id='line_1_107' title="bbox 331 5447 1916 5524; baseline -0.004 -16"><span class='ocrx_word' id='word_1_841' title='bbox 331 5454 426 5508; x_wconf 75' lang='grc' dir='ltr'><strong>καὶ</strong></span> <span class='ocrx_word' id='word_1_842' title='bbox 445 5452 685 5508; x_wconf 83' lang='grc' dir='ltr'><strong>τοσαῦτα</strong></span> <span class='ocrx_word' id='word_1_843' title='bbox 705 5452 882 5524; x_wconf 80' lang='grc' dir='ltr'><strong>πλήθη</strong></span> <span class='ocrx_word' id='word_1_844' title='bbox 906 5449 1014 5504; x_wconf 86' lang='grc' dir='ltr'><strong>τῶν</strong></span> <span class='ocrx_word' id='word_1_845' title='bbox 1036 5449 1310 5520; x_wconf 84' lang='grc' dir='ltr'><strong>πολεμίων</strong></span> <span class='ocrx_word' id='word_1_846' title='bbox 1331 5447 1544 5502; x_wconf 85' lang='grc' dir='ltr'><strong>ἀνελεῖν</strong></span> <span class='ocrx_word' id='word_1_847' title='bbox 1559 5465 1572 5478; x_wconf 76' lang='grc' dir='ltr'>ο</span> <span class='ocrx_word' id='word_1_848' title='bbox 1601 5449 1748 5512; x_wconf 83' lang='grc' dir='ltr'><strong>ὅπως</strong></span> <span class='ocrx_word' id='word_1_849' title='bbox 1768 5448 1916 5520; x_wconf 77' lang='grc' dir='ltr'><strong>ἔργῳ</strong></span> 
     </span>
    </p>
   </div>
   <div class='ocr_carea' id='block_1_108' title="bbox 329 5537 1912 5616">
    <p class='ocr_par' dir='ltr' id='par_1_108' title="bbox 329 5537 1912 5616">
     <span class='ocr_line' id='line_1_108' title="bbox 329 5537 1912 5616; baseline -0.005 -18"><span class='ocrx_word' id='word_1_850' title='bbox 329 5546 526 5616; x_wconf 78' lang='grc' dir='ltr'><strong>πεῖραν</strong></span> <span class='ocrx_word' id='word_1_851' title='bbox 562 5543 718 5597; x_wconf 76' lang='grc' dir='ltr'><strong>λάϐοι</strong></span> <span class='ocrx_word' id='word_1_852' title='bbox 747 5543 778 5595; x_wconf 84' lang='grc' dir='ltr'><strong>ό</strong></span> <span class='ocrx_word' id='word_1_853' title='bbox 804 5539 1009 5594; x_wconf 86' lang='grc' dir='ltr'><strong>τούτων</strong></span> <span class='ocrx_word' id='word_1_854' title='bbox 1037 5537 1308 5610; x_wconf 80' lang='grc' dir='ltr'><strong>βασιλεὺς,</strong></span> <span class='ocrx_word' id='word_1_855' title='bbox 1353 5537 1414 5600; x_wconf 85' lang='grc' dir='ltr'><strong>ὃς</strong></span> <span class='ocrx_word' id='word_1_856' title='bbox 1466 5537 1912 5608; x_wconf 79' lang='grc' dir='ltr'><strong>κατεϐλασφήμει</strong></span> 
     </span>
    </p>
   </div>
   <div class='ocr_carea' id='block_1_109' title="bbox 331 5628 1911 5701">
    <p class='ocr_par' dir='ltr' id='par_1_109' title="bbox 331 5628 1911 5701">
     <span class='ocr_line' id='line_1_109' title="bbox 331 5628 1911 5701; baseline -0.006 -11"><span class='ocrx_word' id='word_1_857' title='bbox 331 5636 492 5690; x_wconf 81' lang='grc' dir='ltr'><strong>Θεοῦ.</strong></span> <span class='ocrx_word' id='word_1_858' title='bbox 549 5635 752 5689; x_wconf 81' lang='grc' dir='ltr'><strong>Τούτου</strong></span> <span class='ocrx_word' id='word_1_859' title='bbox 791 5633 922 5701; x_wconf 75' lang='grc' dir='ltr'>γοῦν</span> <span class='ocrx_word' id='word_1_860' title='bbox 963 5633 1150 5686; x_wconf 72' lang='grc' dir='ltr'><strong>ἱνεκεν</strong></span> <span class='ocrx_word' id='word_1_861' title='bbox 1189 5630 1458 5685; x_wconf 84' lang='grc' dir='ltr'><strong>τοσούτων</strong></span> <span class='ocrx_word' id='word_1_862' title='bbox 1505 5628 1911 5699; x_wconf 86' lang='grc' dir='ltr'><strong>ἀπολλυμένων,</strong></span> 
     </span>
    </p>
   </div>
   <div class='ocr_carea' id='block_1_110' title="bbox 332 5720 1914 5794">
    <p class='ocr_par' dir='ltr' id='par_1_110' title="bbox 332 5720 1914 5794">
     <span class='ocr_line' id='line_1_110' title="bbox 332 5720 1914 5794; baseline -0.007 -12"><span class='ocrx_word' id='word_1_863' title='bbox 332 5729 394 5782; x_wconf 75' lang='grc' dir='ltr'><strong>ού</strong></span> <span class='ocrx_word' id='word_1_864' title='bbox 435 5726 836 5791; x_wconf 80' lang='grc' dir='ltr'><strong>συναπώλλυτο,</strong></span> <span class='ocrx_word' id='word_1_865' title='bbox 873 5725 949 5789; x_wconf 83' lang='grc' dir='ltr'>ὡς</span> <span class='ocrx_word' id='word_1_866' title='bbox 987 5725 1053 5779; x_wconf 83' lang='grc' dir='ltr'><strong>ἂν</strong></span> <span class='ocrx_word' id='word_1_867' title='bbox 1091 5723 1294 5794; x_wconf 82' lang='grc' dir='ltr'><strong>θεωρὸς</strong></span> <span class='ocrx_word' id='word_1_868' title='bbox 1329 5722 1616 5793; x_wconf 83' lang='grc' dir='ltr'><strong>γενόμενος</strong></span> <span class='ocrx_word' id='word_1_869' title='bbox 1647 5720 1741 5773; x_wconf 73' lang='grc' dir='ltr'><strong>τοῦ</strong></span> <span class='ocrx_word' id='word_1_870' title='bbox 1772 5737 1914 5790; x_wconf 83' lang='grc' dir='ltr'><strong>πρα-</strong></span> 
     </span>
    </p>
   </div>
   <div class='ocr_carea' id='block_1_111' title="bbox 334 5812 1906 5892">
    <p class='ocr_par' dir='ltr' id='par_1_111' title="bbox 334 5812 1906 5892">
     <span class='ocr_line' id='line_1_111' title="bbox 334 5812 1906 5892; baseline -0.005 -18"><span class='ocrx_word' id='word_1_871' title='bbox 334 5822 576 5891; x_wconf 77' lang='grc' dir='ltr'><strong>χθέντος,</strong></span> <span class='ocrx_word' id='word_1_872' title='bbox 630 5819 730 5892; x_wconf 77' lang='grc' dir='ltr'><strong>τὴν</strong></span> <span class='ocrx_word' id='word_1_873' title='bbox 785 5819 944 5875; x_wconf 77' lang='grc' dir='ltr'><strong>ἄθεον</strong></span> <span class='ocrx_word' id='word_1_874' title='bbox 993 5817 1159 5872; x_wconf 73' lang='grc' dir='ltr'><strong>αὑτοῦ</strong></span> <span class='ocrx_word' id='word_1_875' title='bbox 1203 5816 1448 5886; x_wconf 82' lang='grc' dir='ltr'><strong>γλῶτταν</strong></span> <span class='ocrx_word' id='word_1_876' title='bbox 1482 5812 1906 5883; x_wconf 86' lang='grc' dir='ltr'><strong>ἐπιστομίσειεν.</strong></span> 
     </span>
    </p>
   </div>
   <div class='ocr_carea' id='block_1_112' title="bbox 2021 5339 3596 5408">
    <p class='ocr_par' dir='ltr' id='par_1_112' title="bbox 2021 5339 3596 5408">
     <span class='ocr_line' id='line_1_112' title="bbox 2021 5339 3596 5408; baseline -0.008 -3"><span class='ocrx_word' id='word_1_877' title='bbox 2021 5352 2202 5406; x_wconf 91' lang='lat' dir='ltr'><strong>dinem</strong></span> <span class='ocrx_word' id='word_1_878' title='bbox 2243 5347 2618 5408; x_wconf 83' lang='lat' dir='ltr'><strong>interficeret;</strong></span> <span class='ocrx_word' id='word_1_879' title='bbox 2672 5353 2729 5399; x_wconf 90' lang='lat' dir='ltr'><strong>ut</strong></span> <span class='ocrx_word' id='word_1_880' title='bbox 2789 5357 2882 5397; x_wconf 91' lang='lat' dir='ltr'><strong>rex</strong></span> <span class='ocrx_word' id='word_1_881' title='bbox 2946 5340 3162 5396; x_wconf 92' lang='lat' dir='ltr'><strong>illorum</strong></span> <span class='ocrx_word' id='word_1_882' title='bbox 3220 5339 3596 5408; x_wconf 79' lang='lat' dir='ltr'><strong>experimento</strong></span> 
     </span>
    </p>
   </div>
   <div class='ocr_carea' id='block_1_113' title="bbox 2019 5429 3591 5504">
    <p class='ocr_par' dir='ltr' id='par_1_113' title="bbox 2019 5429 3591 5504">
     <span class='ocr_line' id='line_1_113' title="bbox 2019 5429 3591 5504; baseline -0.011 -5"><span class='ocrx_word' id='word_1_883' title='bbox 2019 5444 2254 5499; x_wconf 86' lang='lat' dir='ltr'><strong>disceret</strong></span> <span class='ocrx_word' id='word_1_884' title='bbox 2286 5455 2348 5496; x_wconf 91' lang='lat' dir='ltr'><strong>se</strong></span> <span class='ocrx_word' id='word_1_885' title='bbox 2372 5447 2561 5494; x_wconf 89' lang='lat' dir='ltr'><strong>contra</strong></span> <span class='ocrx_word' id='word_1_886' title='bbox 2613 5436 2780 5491; x_wconf 89' lang='lat' dir='ltr'><strong>Deum</strong></span> <span class='ocrx_word' id='word_1_887' title='bbox 2821 5433 3140 5504; x_wconf 85' lang='lat' dir='ltr'><strong>blasphema</strong></span> <span class='ocrx_word' id='word_1_888' title='bbox 3181 5430 3487 5500; x_wconf 87' lang='lat' dir='ltr'><strong>protulisse.</strong></span> <span class='ocrx_word' id='word_1_889' title='bbox 3518 5429 3591 5482; x_wconf 82' lang='lat' dir='ltr'><strong>En</strong></span> 
     </span>
    </p>
   </div>
   <div class='ocr_carea' id='block_1_114' title="bbox 2019 5523 3595 5597">
    <p class='ocr_par' dir='ltr' id='par_1_114' title="bbox 2019 5523 3595 5597">
     <span class='ocr_line' id='line_1_114' title="bbox 2019 5523 3595 5597; baseline -0.008 -7"><span class='ocrx_word' id='word_1_890' title='bbox 2019 5535 2086 5590; x_wconf 88' lang='lat' dir='ltr'><strong>de</strong></span> <span class='ocrx_word' id='word_1_891' title='bbox 2116 5547 2302 5596; x_wconf 86' lang='lat' dir='ltr'><strong>causa,</strong></span> <span class='ocrx_word' id='word_1_892' title='bbox 2331 5539 2410 5586; x_wconf 94' lang='lat' dir='ltr'><strong>tot</strong></span> <span class='ocrx_word' id='word_1_893' title='bbox 2442 5528 2715 5597; x_wconf 89' lang='lat' dir='ltr'><strong>tantisque</strong></span> <span class='ocrx_word' id='word_1_894' title='bbox 2768 5525 3120 5597; x_wconf 79' lang='lat' dir='ltr'><strong>pereuntibus</strong></span> <span class='ocrx_word' id='word_1_895' title='bbox 3160 5523 3296 5586; x_wconf 75' lang='lat' dir='ltr'><strong>aliis,</strong></span> <span class='ocrx_word' id='word_1_896' title='bbox 3331 5523 3444 5590; x_wconf 87' lang='lat' dir='ltr'><strong>ipse</strong></span> <span class='ocrx_word' id='word_1_897' title='bbox 3468 5535 3595 5578; x_wconf 87' lang='lat' dir='ltr'><strong>cum</strong></span> 
     </span>
    </p>
   </div>
   <div class='ocr_carea' id='block_1_115' title="bbox 2019 5613 3591 5694">
    <p class='ocr_par' dir='ltr' id='par_1_115' title="bbox 2019 5613 3591 5694">
     <span class='ocr_line' id='line_1_115' title="bbox 2019 5613 3591 5694; baseline -0.01 -11"><span class='ocrx_word' id='word_1_898' title='bbox 2019 5627 2124 5683; x_wconf 83' lang='lat' dir='ltr'><strong>illis</strong></span> <span class='ocrx_word' id='word_1_899' title='bbox 2147 5641 2251 5682; x_wconf 94' lang='lat' dir='ltr'><strong>non</strong></span> <span class='ocrx_word' id='word_1_900' title='bbox 2281 5623 2464 5694; x_wconf 90' lang='lat' dir='ltr'><strong>periit,</strong></span> <span class='ocrx_word' id='word_1_901' title='bbox 2493 5631 2551 5676; x_wconf 90' lang='lat' dir='ltr'><strong>ut</strong></span> <span class='ocrx_word' id='word_1_902' title='bbox 2581 5630 2747 5690; x_wconf 62' lang='lat' dir='ltr'><strong>gestae</strong></span> <span class='ocrx_word' id='word_1_903' title='bbox 2779 5620 2855 5677; x_wconf 91' lang='lat' dir='ltr'><strong>rci</strong></span> <span class='ocrx_word' id='word_1_904' title='bbox 2909 5626 3183 5690; x_wconf 82' lang='lat' dir='ltr'><strong>spectator</strong></span> <span class='ocrx_word' id='word_1_905' title='bbox 3211 5613 3459 5683; x_wconf 87' lang='lat' dir='ltr'><strong>effectus,</strong></span> <span class='ocrx_word' id='word_1_906' title='bbox 3488 5613 3591 5669; x_wconf 89' lang='lat' dir='ltr'><strong>im-</strong></span> 
     </span>
    </p>
   </div>
   <div class='ocr_carea' id='block_1_116' title="bbox 2020 5714 2751 5790">
    <p class='ocr_par' dir='ltr' id='par_1_116' title="bbox 2020 5714 2751 5790">
     <span class='ocr_line' id='line_1_116' title="bbox 2020 5714 2751 5790; baseline -0.008 -17"><span class='ocrx_word' id='word_1_907' title='bbox 2020 5719 2164 5790; x_wconf 88' lang='lat' dir='ltr'><strong>piam</strong></span> <span class='ocrx_word' id='word_1_908' title='bbox 2207 5717 2445 5787; x_wconf 78' lang='lat' dir='ltr'><strong>linguam</strong></span> <span class='ocrx_word' id='word_1_909' title='bbox 2497 5714 2751 5770; x_wconf 89' lang='lat' dir='ltr'><strong>frenaret.</strong></span> 
     </span>
    </p>
   </div>
  </div>
