4158 6402
509 343 713 408 ἐει

1115 466 1342 522 CAPUT
1378 465 1674 536 XXXVIII.

679 562 842 618 Veiis.
880 563 997 617 1-5.
1029 579 1047 612 ι
1071 559 1308 630 Contigit
1337 571 1516 613 autem
1549 573 1614 614 eo
1642 569 1907 628 tempore,
1933 568 1990 612 ut
2011 563 2186 629 regre-

606 661 749 708 taret
777 653 1038 708 Ezechias
1065 661 1236 719 usque
1277 651 1344 704 ad
1373 659 1600 705 mortem
1627 667 1640 714 ;
1673 663 1732 704 et
1773 651 1929 704 venit
1970 651 2038 704 ad
2061 664 2184 704 eum

604 747 778 801 lsaias
803 746 945 799 lilius
978 747 1142 800 Amos
1177 744 1462 813 propheta,
1497 752 1553 796 et
1591 743 1730 797 dixit
1753 744 1802 797 ei
1835 759 1856 798 :
1890 742 2014 798 Haec
2051 743 2186 797 dicit

605 839 862 892 ltounirtus
890 855 903 891 :
935 835 1171 904 Dispone
1200 837 1382 890 domui
1409 845 1546 888 tuae:
1571 835 1821 890 morieris
1841 836 1986 890 enim
2021 843 2102 901 tu,
2131 845 2186 891 et

599 945 702 982 non
738 928 908 981 vives.
967 925 1033 980 Et
1075 928 1350 981 convertit
1393 926 1659 981 Ezechias
1709 925 1904 981 faelem
1939 941 2089 981 suam
2117 929 2184 984 ad

597 1021 882 1087 parietem,
913 1027 969 1074 et
993 1019 1169 1074 oravit
1196 1019 1484 1073 Dominum
1507 1021 1730 1075 dicens:
1763 1017 2051 1086 Memento,
2079 1021 2184 1076 Do;

597 1113 763 1176 mine,
793 1111 1066 1179 quomodo
1095 1111 1486 1165 ambulaverim
1538 1123 1722 1168 coram
1754 1117 1808 1167 te
1842 1113 1896 1168 in
1923 1114 2180 1177 veritate.

595 1205 646 1258 in
682 1205 847 1258 corde
893 1203 1130 1268 sincero,
1163 1212 1219 1258 et
1268 1203 1466 1272 placita
1508 1203 1561 1256 in
1585 1213 1881 1274 conspectu
1904 1213 2008 1260 'tuo
2040 1204 2183 1259 fece-

595 1297 719 1350 rim.
767 1295 831 1350 Et
870 1296 1018 1349 ﬂevit
1068 1296 1332 1350 Ezechias
1375 1295 1503 1349 ﬂetu
1551 1311 1770 1366 magno.
1813 1317 1832 1349 ›
1889 1297 1992 1364 Qui
2045 1299 2182 1352 dixit

598 1387 760 1452 Deus,
791 1405 811 1438 ι
845 1381 955 1456 Ego
985 1387 1254 1450 occidam,
1276 1397 1329 1442 et
1368 1403 1470 1458 ego
1499 1389 1681 1444 virere
1716 1389 1912 1444 faciam
1940 1408 1954 1457 ;
1985 1405 2176 1461 percu-

594 1483 725 1534 tiam
778 1489 833 1534 et
879 1496 980 1549 ego
1029 1480 1330 1543 sanabo";
1377 1500 1395 1532 ι
1443 1496 1566 1534 cum
1602 1497 1698 1551 per
1726 1493 1890 1535 tntum
1928 1484 2176 1552 angelum

595 1575 778 1628 hostes
819 1572 966 1641 justo
995 1571 1200 1642 judicio
1233 1573 1611 1643 percussisset,
1643 1573 1949 1640 religi0sum
1997 1589 2176 1645 regem

595 1670 662 1722 ad
695 1665 1121 1721 incolumitatem
1162 1675 1216 1720 et
1249 1667 1411 1719 vitam
1462 1675 1700 1727 revocat,
1743 1681 1806 1720 ac
1835 1681 1930 1734 per
1963 1681 2022 1720 se
2051 1682 2173 1718 eum

592 1768 829 1812 amorte
858 1757 1038 1828 eripit.
1093 1757 1324 1811 Pulchre
1379 1757 1542 1828 igitur
1597 1759 1784 1812 isthmc
1842 1768 2062 1813 enarrat
2090 1761 2175 1812 di—

591 1867 722 1904 reus
754 1870 766 1905 :
798 1868 816 1900 ι
859 1843 935 1904 Eo
985 1860 1230 1918 tempore
1282 1852 1564 1920 argrotavit
1616 1851 1874 1905 Ezechias
1905 1861 2077 1919 usque
2109 1853 2174 1905 ad

591 1953 818 1998 mortem
853 1958 867 1994 :
901 1961 919 1994 ι
952 1942 1032 1996 vel
1069 1953 1128 1996 ut
1153 1943 1351 2013 Aquila
1387 1944 1569 2006 habet,
1601 1962 1618 1994 ι
1653 1945 1716 1996 ad
1751 1943 2168 2008 moriendum”

589 2047 682 2090 aut
715 2045 774 2090 ut
817 2036 1007 2105 reliqui
1056 2037 1402 2104 interpretes,
1439 2055 1457 2086 ι
1497 2037 1564 2090 ad
1603 2045 1851 2090 mortem.
1891 2055 1909 2087 ι
1951 2036 2082 2090 Nam
2109 2051 2175 2091 eo

591 2139 854 2200 tempore,
891 2130 1128 2200 quojam
1161 2129 1433 2183 recensita
1464 2129 1705 2198 perpessi
1761 2138 1889 2182 sunt
1939 2129 2171 2198 Assyrii,

588 2221 832 2275 Ezechize
883 2221 1072 2275 mortis
1110 2221 1322 2290 tempus
1355 2221 1546 2274 adluit.
1611 2219 1745 2274 Cum
1801 2235 1965 2288 porro
2010 2221 2174 2276 vellet

591 2313 733 2367 Deus
766 2328 940 2382 Ipsum
971 2313 1299 2367 incolumem
1337 2321 1700 2374 se'rvarc.ndn
1736 2314 1788 2366 in
1829 2315 2062 2368 obscuro
2085 2329 2170 2370 reo

585 2406 763 2474 liquit,
799 2406 886 2475 qui
917 2405 1040 2459 linis
1067 2401 1402 2459 inﬁrmitatis
1437 2405 1554 2473 ejus
1585 2405 1799 2460 futurus
1825 2415 1992 2461 esset.
2023 2403 2169 2472 Qua-

585 2509 809 2568 propter
864 2497 1229 2566 adipisceudaa
1270 2495 1461 2552 salutis
1512 2499 1859 2553 occasionem
1894 2498 2165 2564 przebeus,

585 2587 922 2644 inﬁrmitatis
956 2593 1162 2644 exitum
1209 2591 1258 2644 ei
1313 2607 1414 2660 per
1459 2575 1782 2660 prophetam
1835 2591 2166 2650 declaravit:

581 2691 659 2747 ut,
691 2693 917 2752 arrepto
943 2683 1014 2736 rei
1049 2681 1260 2746 nuntio,
1295 2692 1634 2754 precaretur,
1661 2684 2022 2754 precibusque
2045 2684 2170 2736 vita:

580 2789 694 2829 suae
729 2777 1157 2830 additmneutttm
1191 2776 1546 2846 lmpetraret,
1595 2765 1761 2830 etiam
1804 2785 1926 2846 post
1973 2773 2166 2830 deﬁni-

583 2879 696 2922 tum
729 2867 831 2922 sibi
870 2870 1060 2922 mortis
1088 2879 1299 2938 tempus
1329 2887 1344 2923 :
1384 2879 1440 2921 ιιι
1499 2868 1626 2923 hinc
1679 2869 2029 2930 edocea'mur.
2061 2885 2166 2924 non

583 2961 987 3018 necessitatem
1015 2961 1130 3014 l'ato
1159 2949 1278 3015 ddci
1315 2961 1482 3016 vitam
1516 2955 1827 3024 humanam,
1859 2976 2032 3031 neque
2063 2953 2165 3014 im-

583 3053 846 3107 mutabile
871 3053 1064 3108 mortis
1092 3061 1304 3124 tempus
1337 3049 1650 3108 hominibus
1670 3053 1997 3108 destinatum
2022 3069 2165 3108 esse.

1280 337 1548 407 EUSEBIl
1589 349 2070 404 CAESARIENSIS
2107 347 2256 406 OPP.
2301 345 2482 406 PARS
2519 345 2608 408 ΙΙΙ.
2649 384 2716 394 —
2755 351 3168 412 EXEGETICA.

3761 365 3863 422 556

2799 473 3192 528 ΚΕΦΑΛΔΙΟΝ
3233 475 3359 530 ΑΠ’.

2363 577 2402 612 ι-
2431 563 2676 630 Ἐγένετο
2715 563 2771 616 δὲ
2811 565 2868 617 ὲν
2913 565 2990 635 τῷ
3041 567 3218 637 καιρῷ
3276 567 3490 639 ἐκείνῳ,
3528 571 3860 648 εμαλακίσθη

2302 651 2548 716 Ἐζεκίας
2579 654 2686 718 ἓως
2710 653 2968 710 θανάτου⁸
3001 657 3096 710 καὶ
3128 654 3260 728 ἦλθε
3289 657 3428 730 πρὸς
3450 661 3612 714 αὑτὸν
3645 663 3864 730 Ἡσαΐας

2289 745 2403 808 υἱὸς
2440 744 2618 816 Ἀμὼς
2643 749 2672 800 ὁ
2693 749 2997 820 προφήτης,
3037 749 3129 802 καὶ
3157 745 3280 803 εἷπε
3328 751 3464 823 πρὸς
3489 755 3685 807 αὐτόν’
3729 759 3862 811 Τάδε

2286 836 2436 906 λέγει
2459 839 2663 910 Κύριος
2685 856 2698 868 ·
2751 839 2922 907 Τάξαι
2949 843 3078 914 περὶ
3115 843 3208 896 τοῦ
3261 843 3414 898 οἴκου
3469 846 3596 901 σου·
3627 850 3863 924 ἀποθνήέ

2288 947 2438 993 σκεις
2472 929 2578 1002 γὰρ
2609 933 2694 994 σὺ,
2725 933 2818 985 καὶ
2837 933 2897 986 οὐ
2921 932 3080 1006 ζήσῃ.
3107 936 3218 989 Καὶ
3248 935 3590 1009 ἀπέστρεψεν
3620 927 3862 1006 Ἑζεκίας

2283 1021 2346 1074 τὺ
2371 1022 2662 1094 πρόσωπον
2685 1024 2850 1078 αὑτοῦ
2887 1026 3023 1097 πρὸς
3049 1027 3143 1080 τὸν
3164 1029 3362 1100 τοῖχον,
3395 1025 3490 1084 καὶ
3517 1035 3866 1106 πρὸσηύξατο

2285 1112 2422 1184 πρὸς
2443 1113 2665 1186 Κύριον,
2693 1114 2864 1184 λέγων
2885 1131 2898 1146 ·
2929 1118 3232 1189 Μνήσθητι,
3259 1120 3448 1192 Κύριε,
3467 1123 3548 1187 ὼς
3566 1126 3864 1198 ἐπορεύθην

2283 1197 2514 1258 ἐνώπιόν
2543 1221 2638 1259 σου
2685 1208 2821 1278 μετὰ
2847 1209 3106 1279 ἀληθείας
3147 1213 3206 1264 ἐν
3245 1211 3444 1286 καρδίᾳ.
3490 1213 3739 1290 ἀληθινῇ,
3769 1221 3860 1273 καὶ

2279 1296 2351 1350 τὰ
2369 1298 2573 1370 ἀρεστά
2604 1299 2832 1354 ἐνώπιόν
2866 1317 2960 1354 σου
2986 1303 3234 1374 ἐποίησα.
3263 1307 3374 1359 Καὶ
3405 1306 3670 1362 ἔκλαυσεν
3711 1309 3860 1376 Ἐζε-

2282 1387 2406 1451 κίας
2435 1388 2696 1460 κλαυθμῷ
2715 1391 2954 1462 μεγάλῳ.
2982 1413 2999 1442 ι
3033 1394 3090 1446 ’0
3113 1394 3280 1448 εἰπὼν
3301 1396 3461 1460 Θεὸς-⁸
3497 1415 3516 1449 ι
3553 1399 3693 1468 Ἐγὼ
3720 1403 3858 1456 ἀπο-

2281 1477 2455 1532 κτενῶ
2481 1481 2576 1532 καὶ
2599 1479 2938 1552 ζωοποιήσω·
2963 1484 3207 1550 πατάξω,
3233 1485 3387 1555 κάγὼ
3420 1489 3664 1560 ἰάσομαι,
3685 1511 3704 1542 ι
3733 1493 3876 1557 τοὺς.

2281 1568 2571 1639 πολεμίους
2621 1571 2866 1639 πατάξας
2899 1573 3074 1644 κρίσει
3117 1575 3298 1648 δικαίᾳ
3335 1578 3406 1630 6ιῖ
3447 1579 3567 1643 ἑνὸς
3603 1582 3854 1651 ἀγγέλου,

2279 1661 2372 1713 τὸν
2423 1658 2644 1732 θεοφιλῆ
2696 1663 2916 1733 βασιλέα
2963 1667 3106 1718 ίᾶται
3156 1667 3249 1721 καὶ
3277 1669 3562 1740 ζωοποιεῖ,
3598 1669 3858 1746 ῥυόμενος

2281 1753 2440 1806 αὑτὸν
2479 1755 2542 1805 ὲκ
2574 1755 2802 1808 θανάτου
2841 1756 2908 1809 δι’
2947 1757 3161 1812 ἑαυτοῦε
3203 1761 3398 1825 Καλῶς
3427 1759 3522 1816 οὖν
3566 1766 3858 1839 ἀπεσημή-

2277 1859 2402 1897 νατο
2432 1847 2610 1918 φήσας
2633 1863 2646 1878 ·
2671 1867 2690 1898 ι
2713 1849 2800 1900 Ἑν
2821 1848 2896 1919 τῷ
2919 1851 3095 1921 καιρῷ
3119 1853 3311 1925 ἐκείνῳ
3333 1853 3668 1931 ἐμαλακίσθη
3705 1861 3824 1924 Ἐζε
3845 1893 3856 1900 -

2277 1937 2402 2001 κίας
2428 1939 2533 2003 ἓως
2559 1939 2790 1994 Θανάτου
2807 1959 2820 1970 ·
2865 1963 2883 1994 ι
2921 1943 2954 2014 ἦ
2979 1945 3120 1998 κατά
3141 1946 3235 2000 τὸν
3261 1948 3512 2016 Ἀκύλαν,
3549 1965 3568 2001 ι
3601 1952 3698 2006 τοῦ
3725 1955 3858 2024 ἀπο-

2276 2030 2477 2094 θανεῖν,
2517 2051 2536 2084 ι
2573 2033 2605 2101 ἢ
2639 2033 2781 2088 κατὰ
2809 2036 2936 2099 τοὺς
2971 2036 3210 2102 λοιποὺς,
3253 2051 3272 2090 t
3303 2042 3382 2103 εἰς
3413 2040 3658 2097 θάνατον.
3697 2065 3717 2095 ι
3767 2046 3857 2100 Ἐν

2275 2123 2384 2196 γὰρ
2418 2125 2613 2196 ἐκείνῳ
2661 2125 2740 2196 τῷ
2777 2129 2980 2200 καιρῷ,
3027 2129 3149 2183 καθ’
3175 2131 3233 2186 ὃν
3259 2132 3332 2185 τά
3361 2134 3723 2206 προλεχθέντα
3759 2155 3860 2191 πε·

2273 2217 2532 2271 πόνθασιν
2553 2221 2602 2272 οἱ
2643 2219 2938 2294 Ἀσσύριοι,
2967 2225 2996 2276 ό
3031 2224 3124 2277 τοῦ
3155 2225 3386 2280 θανάτου
3419 2229 3611 2300 καιρὸς
3651 2229 3855 2302 ἐπέστη

2272 2309 2352 2380 τῷ
2387 2310 2623 2383 Ἐζεκία.
2653 2312 2984 2384 Βουλόμενος
3017 2316 3076 2370 δὲ
3097 2317 3269 2370 σῶσαι
3311 2319 3475 2373 αὑτὸν
3501 2323 3532 2374 ἀ
3561 2321 3712 2386 Θεὸς,
3753 2323 3858 2376 οὐκ

2271 2403 2328 2455 ἐν
2352 2403 2530 2474 ἀδήλῳ
2549 2404 2806 2457 κατέλιπε
2829 2406 2890 2458 τὸ
2915 2407 3106 2476 μέλλον
3135 2409 3234 2482 τὴν
3265 2411 3535 2481 μαλακίαν
3559 2414 3724 2467 αὐτοῦ
3743 2415 3860 2469 δια-

2269 2495 2523 2582 δέξασθαι
2549 2497 2716 2561 τέλος.
2749 2498 2840 2552 Διὸ
2869 2501 3171 2571 προφάσεις
3209 2504 3358 2576 αὐτῷ
3409 2507 3679 2577 σωτηρίας
3711 2527 3854 2582 παρ-

2270 2589 2429 2660 έχων,
2452 2579 2511 2644 τδ
2529 2591 2629 2661 τῆς
2645 2581 2957 2663 ἀρρωστίας
2981 2593 3134 2658 τέλος
3156 2597 3388 2668 φάνερὸν
3415 2599 3563 2671 αὐτῷ
3595 2579 3850 2672 καθίστη,

2266 2681 2354 2736 διὰ
2387 2682 2482 2735 τοῦ
2519 2686 2822 2756 προφήτου,
2873 2685 2950 2750 ὦς
3005 2685 3072 2740 ἂν
3118 2689 3305 2758 μαθὼν
3353 2693 3720 2762 προσεύξοιτο,
3755 2697 3854 2750 καὶ

2269 2773 2709 2846 προσευξάμενος
2739 2777 2891 2849 τῦχοι
2917 2778 3236 2851 προσθήκης
3268 2780 3432 2853 ζωῆς,
3463 2787 3556 2838 καὶ
3594 2789 3732 2858 μετά
3757 2789 3854 2843 τὸν

2267 2863 2570 2934 ὡρισμένον
2591 2869 2710 2919 κατ’
2737 2868 2902 2922 αὑτοῦ
2929 2867 3156 2923 θάνατον
3173 2875 3188 2900 δ
3213 2871 3554 2940 διδάσκοντος
3585 2879 3732 2948 ἡμᾶς
3753 2881 3850 2933 τοῦ

2267 2955 2447 3023 λόγου,
2478 2958 2556 3040 th;
2585 2959 2685 3012 οὐκ
2711 2960 2922 3030 ἀνάγκη
2951 2963 3035 3026 τις
3073 2962 3106 3033 ἢ
3163 2961 3472 3037 εἱμαρμένη
3505 2971 3605 3038 τῆς
3637 2970 3852 3040 ἀνθρω-

2267 3046 2429 3116 πίνης
2467 3037 2634 3119 ζωῆς,
2687 3049 2808 3102 οὐδὲ
2847 3050 3270 3122 ἀπαράτρεπτος
3314 3054 3618 3126 ἀνθρώποις
3657 3037 3852 3133 καέρδς

585 3144 727 3200 Deus
749 3145 916 3208 enim,
940 3145 1030 3213 qui
1061 3145 1240 3200 omnia
1261 3146 1591 3210 moderatur,
1626 3155 1682 3200 et
1714 3146 1840 3200 vita).
1862 3147 2167 3216 mortisque

2270 3135 2495 3208 ὥρισται
2543 3139 2794 3194 θανάτου.
2845 3137 2976 3204 Θεὸς
3005 3141 3062 3194 δὲ
3095 3143 3276 3206 αὐτὸς,
3311 3146 3528 3216 κρατῶν
3567 3149 3846 3210 ἁπάντων,

581 3251 746 3290 causa
776 3247 892 3300 est,
923 3251 1028 3306 qua
1071 3238 1282 3292 ratione
1318 3237 1430 3306 ipse
1461 3240 1630 3301 no‘vit,
1672 3239 1915 3308 singulos
1962 3239 2056 3308 qui
2094 3239 2163 3293 ad

581 3329 748 3380 vitam
777 3331 1064 3389 accedunt.
1103 3329 1202 3382 hoc
1231 3328 1314 3382 vel
1349 3329 1438 3383 illo
1470 3338 1714 3398 tempore
1757 3329 2032 3398 producit,
2062 3345 2160 3384 an-

581 3435 678 3474 nos
707 3421 830 3473 vitm
857 3435 956 3488 pro
989 3421 1160 3474 lubito
1185 3422 1446 3489 assignat,
1465 3431 1532 3482 et
1565 3421 1672 3474 alio
1694 3421 1811 3474 sive
1833 3420 1940 3475 alio
1969 3422 2164 3476 mortis

577 3525 780 3580 genere
810 3509 970 3564 tollit.
1006 3509 1294 3580 lpsiusque
1349 3514 1557 3565 tantum
1617 3495 1890 3565 facultatis
1941 3515 2047 3574 est,
2079 3512 2162 3564 vel

575 3618 691 3668 eos,
720 3605 812 3673 qui
849 3603 916 3656 atl
959 3603 1153 3672 ipsam,
1182 3612 1241 3656 ut
1270 3603 1343 3657 ita
1378 3603 1576 3666 dicam.
1615 3604 1806 3657 mortis
1822 3604 2042 3673 ianuam
2070 3607 2162 3658 tle-

577 3702 866 3757 venerunt,
901 3693 966 3746 ad
995 3691 1283 3746 sanitatem
1317 3707 1605 3759 revocare,
1673 3693 1745 3746 ita
1781 3704 1839 3747 ut
1861 3693 1972 3762 jam
2023 3693 2160 3747 Eze-

575 3783 758 3838 chiam
789 3799 856 3836 ex
891 3782 1109 3836 mortali
1135 3781 1458 3852 aegritudine
1491 3783 1715 3846 eruerit,
1757 3798 1820 3836 ac
1849 3783 2159 3852 quindecim

574 3889 848 3928 annorum
901 3873 1272 3926 accessionem
1327 3875 1573 3926 attulerit
1612 3874 1749 3942 :qtti
1804 3875 1973 3928 etiam
2025 3876 2160 3930 alios

576 3974 701 4034 post
728 3975 957 4018 mortem
1007 3965 1331 4018 reviviscere
1363 3963 1512 4026 fecit,
1563 3969 1620 4016 ut
1669 3967 1851 4018 divina
1881 3967 2158 4035 Scriptura

579 4055 917 4111 testiﬁcatur.
938 4055 1073 4108 llinc
1095 4056 1280 4124 itaque
1301 4053 1393 4108 l'ati
1415 4055 1551 4108 ratio
1568 4065 1624 4108 et
1639 4057 1932 4112 necessitas
1947 4057 2160 4125 penitus

577 4149 1061 4218 solviturzquippe
1089 4163 1210 4202 cum
1247 4147 1388 4202 Deus
1427 4137 1823 4216 universorum,
1865 4151 2160 4206 necessita-

577 4250 686 4296 tem
715 4253 779 4292 ac
812 4233 1168 4292 substantiam
1204 4248 1258 4291 et
1285 4248 1534 4291 naturam
1572 4256 1784 4292 omnem
1824 4241 2155 4294 moderetur.

573 4323 674 4388 His
705 4331 1018 4399 conspectis
1047 4323 1332 4394 Ezechias,
1363 4330 1452 4384 ubi
1484 4345 1713 4400 corpore
1749 4349 1914 4386 sanus
1947 4331 2064 4396 fuit,
2091 4335 2157 4388 ad

2268 3226 2361 3279 καὶ
2391 3225 2540 3298 ζωῆς
2581 3229 2754 3292 αἴτιος
2795 3231 2890 3284 καὶ
2924 3229 3154 3286 θανάτου
3179 3236 3458 3305 τυγχάνει,
3491 3237 3559 3290 δι’
3584 3237 3680 3302 οὓς
3705 3235 3852 3292 οἶδεν

2267 3321 2431 3383 αὐτὸς
2458 3322 2694 3392 τρόπους
2739 3322 2986 3376 ἑκάστων
3029 3325 3139 3378 τῶν
3176 3328 3258 3390 είς
3277 3328 3370 3379 τὸν
3393 3327 3505 3398 βίον
3540 3321 3850 3401 παριόντων

2265 3411 2406 3465 κατά
2432 3412 2622 3465 τούσδε
2645 3413 2678 3484 ἢ
2710 3412 2899 3466 τούσδε
2927 3415 3054 3478 τοὺς
3071 3415 3296 3486 χρόνους
3323 3418 3608 3489 παράγων,
3637 3419 3734 3473 καὶ
3753 3421 3852 3472 ἐπὶ

2262 3505 2503 3558 τοσοῖσδε
2544 3505 2578 3575 ἢ
2609 3507 2846 3560 τοσοῖσδε
2875 3507 3039 3574 ἔτεσι,
3075 3511 3168 3562 καὶ
3195 3509 3284 3563 διὰ
3307 3511 3523 3565 τοιᾶσδε
3569 3514 3602 3586 ἢ
3629 3514 3846 3568 τοιᾶσδε

2265 3597 2512 3665 συνάγων
2541 3597 2818 3668 τελευτῆς.
2841 3600 3004 3671 Μόνῳ
3029 3617 3092 3654 τε
3113 3601 3262 3673 αὐτῷ
3281 3602 3520 3668 καὶτοὺς
3547 3605 3608 3656 ὲν
3631 3606 3846 3672 αὐταῖς,

2261 3687 2340 3753 ὡς
2370 3690 2565 3753 εἰπεῖν,
2595 3691 2716 3753 ταῖς
2741 3689 2835 3742 τοῦ
2863 3689 3092 3744 θανάτου
3115 3691 3311 3756 πύλαις
3341 3694 3669 3764 γενομένους
3687 3697 3849 3750 δυνα-

2261 3783 2354 3835 τόν
2375 3785 2521 3837 ἐστιν
2555 3783 2942 3837 ἀνακαλεῖσθαι
2967 3799 2981 3814 ⁸
3019 3783 3096 3848 ὼς
3129 3785 3223 3838 νῦν
3252 3787 3350 3856 μὲν
3377 3787 3468 3842 τὸν
3510 3778 3754 3853 Ἑζεκίαν
3781 3791 3848 3854 ἐξ

2260 3877 2573 3949 ἀρρωστίας
2619 3875 2914 3949 θανατικῆς
2961 3878 3352 3944 διασώσασθαι,
3394 3882 3490 3934 καὶ
3521 3883 3844 3954 προσθήκην

2259 3968 2410 4039 αὑτῷ
2449 3967 2596 4040 ζωῆς
2637 3969 2967 4041 χαρίσασθαι
3005 3969 3140 4024 ὅλων
3177 3971 3314 4026 ὲτῶν
3358 3974 3519 4026 πέντε
3552 3975 3646 4028 καὶ
3673 3975 3838 4028 δέκα’

2259 4063 2478 4133 ἐτέρους
2505 4063 2564 4116 δὲ
2584 4064 2678 4116 καὶ
2701 4062 2840 4133 μετά
2861 4064 2924 4116 τὸ
2945 4063 3196 4117 τεθνάναι
3221 4068 3284 4118 ὲκ
3305 4065 3515 4137 νεκρῶν
3543 4066 3842 4120 ἀναϐιῶναι

2259 4155 2512 4225 ποιήσας,
2561 4155 2719 4217 ὅσους
2775 4156 2808 4226 ή
2869 4154 3327 4227 θείαπαρίσ-τησι
3377 4158 3588 4230 Γραφή.
3643 4161 3729 4224 Ὠς
3779 4163 3843 4228 ἐξ

2259 4242 2496 4305 ἅπαντος
2523 4239 2779 4296 λελύσθαι
2802 4241 2928 4306 τοῦς
2963 4245 3092 4316 περὶ
3126 4246 3465 4318 εἱμαρμένης
3509 4248 3716 4318 λόγους,
3749 4251 3842 4304 διὰ

2256 4333 2316 4386 τὸ
2337 4335 2431 4388 καὶ
2471 4335 2654 4406 πάσης
2680 4335 2924 4408 ἀνάγκης
2966 4339 3059 4390 καὶ
3091 4341 3271 4410 πάσης
3299 4341 3489 4406 οὐσίας
3523 4359 3581 4396 τε
3617 4346 3708 4398 καὶ
3735 4345 3841 4413 φύ-

469 5423 480 5436 ’
567 5429 822 5485 Davidem
847 5429 1074 5484 vocabat
1130 5428 1292 5490 Deus,
1329 5443 1637 5496 supremum
1671 5430 1736 5482 de
1779 5427 1865 5480 illo
1894 5427 2137 5480 testium-

573 4423 833 4494 templum
871 4425 962 4477 Dei
999 4422 1339 4476 maturavit:
1380 4421 1562 4492 ibique
1611 4419 1779 4476 Deum
1817 4426 2050 4494 rogavit,
2099 4435 2156 4478 ut

2270 4445 2397 4490 ςεως
2450 4427 2538 4481 τὸν
2587 4429 2680 4480 ἐπὶ
2711 4430 2928 4482 πάντων
2979 4431 3114 4484 Θεὸν
3149 4435 3392 4504 κρατεῖν.
3445 4433 3630 4488 Ταῦτα
3659 4435 3778 4489 ἰδὼν
3806 4439 3841 4490 ὁ

567 4516 655 4570 sui
682 4522 737 4569 et
759 4511 938 4584 populi
971 4523 1027 4567 et
1063 4511 1300 4566 civitatis
1324 4523 1573 4566 servator
1597 4521 1766 4566 esset.
1800 4511 1934 4566 Cum
1966 4523 2145 4568 autem

2270 4515 2532 4578 Ἐζεκίας,
2583 4517 2672 4568 ὅτε
2715 4517 2814 4586 μὲν
2862 4517 3018 4589 ὑγιὴς
3061 4520 3123 4572 τὸ
3150 4519 3310 4590 σῶμα
3339 4516 3428 4590 ἦν,
3461 4521 3554 4574 ἐπὶ
3582 4520 3674 4574 τὸν
3699 4522 3842 4576 νεὼν

560 4608 678 4680 jam
723 4617 1004 4676 premente
1048 4605 1237 4660 morbo
1283 4603 1334 4660 id
1377 4613 1638 4674 praestare
1693 4620 1795 4658 non
1829 4616 2032 4673 lasset,
2079 4620 2148 4660 ex

2270 4607 2480 4660 ἑσπευδε
2516 4607 2609 4660 τοῦ
2647 4607 2804 4672 Θεοῦ,
2841 4612 3002 4663 κάκεῖ
3043 4612 3134 4664 τὸν
3167 4613 3298 4664 Θεὸν
3325 4614 3488 4667 αὐτοῦ
3523 4632 3584 4668 τε
3615 4615 3710 4669 καὶ
3741 4616 3836 4669 τοῦ

569 4702 686 4772 ipso
717 4699 858 4754 lecto
880 4699 1183 4753 orationem
1215 4691 1324 4753 Deo
1349 4697 1552 4758 emisit,
1575 4709 1891 4768 persuasum
1925 4699 2148 4760 habens,

2270 4699 2382 4753 ιαοῢ
2428 4699 2522 4752 καὶ
2550 4699 2885 4770 τῆςπόλεως
2937 4707 3158 4775 σωτῆρα
3203 4705 3456 4772 γενέσθαι
3497 4707 3835 4774 ἐξεκαλεῖτο·

567 4794 738 4848 Deum
768 4794 971 4864 ubique
1005 4807 1151 4860 esse,
1196 4807 1262 4848 ac
1315 4791 1624 4862 religiosum
1672 4807 1946 4862 quemque
1971 4793 2148 4848 virum

2270 4791 2378 4842 tat-si
2405 4789 2462 4842 δὲ
2491 4791 2648 4845 τοῦτο
2675 4791 2935 4862 πράττειν
2972 4795 3065 4847 ἐπὶ
3099 4794 3192 4847 τοῦ
3223 4797 3486 4867 παρόντος
3511 4798 3772 4870 ἀπεῖργεν
3799 4801 3844 4872 ἡ

561 4885 849 4946 exaudire.
2254 4887 2429 4948 νόσος,
2479 4885 2539 4950 ἐξ
2579 4885 2748 4956 αὐτῆς
2798 4889 3086 4957 στρωμνῆς
3122 4887 3221 4957 τὴν
3253 4887 3418 4960 εὐχὴν
3453 4889 3734 4961 ἀνέπεμπε
3757 4892 3845 4962 τῷ

2254 4975 2392 5045 Θεῷ,
2431 4974 2707 5044 πανταχοῦ
2736 4977 2986 5045 παρεῖναι
3025 4977 3119 5028 καὶ
3148 4978 3350 5040 παντὸς
3387 4974 3526 5032 εἶναι
3549 4967 3842 5045 θεὸσεεοῦς

2251 5068 2487 5137 ἐπήκοον
2519 5079 2719 5119 πεπεισ
2724 5067 2900 5137 μένος.

2329 5177 2347 5208 ι
2381 5159 2491 5210 Καὶ
2523 5159 2738 5227 ἐγένετο
2759 5159 2916 5228 λόγος
2937 5161 3142 5230 Κυρίου
3175 5155 3314 5234 πρὸς
3357 5162 3586 5218 Ἡσαΐαν
3617 5163 3792 5233 λέγων
3813 5181 3832 5196 ⁸

2243 5250 2569 5321 Πορεύθητι,
2605 5252 2698 5303 καὶ
2727 5247 2878 5304 εἷπον
2925 5253 3143 5324 Ἐζεκίᾳ
3163 5270 3178 5286 ο
3221 5253 3360 5308 Τάδε
3401 5255 3548 5323 λέγει
3577 5257 3784 5327 Κύριος
3805 5260 3844 5311 ὁ

2245 5341 2378 5403 Θεὸς
2408 5339 2570 5393 Δαυῖδ
2615 5339 2708 5393 τοῦ
2754 5345 2958 5414 πατρός
2998 5360 3114 5396 σου.
3153 5361 3170 5393 ι
3207 5343 3428 5416 Πατέρα
3461 5343 3519 5398 δὲ
3549 5345 3716 5398 αὐτοῦ
3743 5346 3843 5398 τὸν

2247 5430 2408 5483 Δαυῒδ
2445 5432 2475 5482 ὁ
2519 5431 2652 5494 Θεὸς
2685 5431 2891 5496 ἐκάλει,
2919 5433 3020 5506 τὴν
3050 5435 3310 5489 ἀνωτάτω
3347 5437 3654 5510 μαρτυρίαν
3683 5439 3844 5509 αὐτῷ

565 5525 715 5577 nium
750 5521 951 5588 ferens,
981 5523 1124 5592 quod
1153 5523 1360 5577 scilicet
1395 5523 1461 5578 ob
1485 5539 1691 5576 mormn
1726 5521 2133 5576 similitudinem

2270 5524 2519 5594 παρέχων,
2545 5524 2620 5587 ὡς
2648 5523 2783 5596 ἀξίῳ
2809 5525 2901 5578 τὸν
2923 5527 3145 5598 θεοφιλῆ
3185 5528 3395 5601 πατέρα
3419 5529 3842 5601 ἐπιγράφεσθαι

559 5613 758 5688 dignus
808 5627 972 5682 esset,
1026 5617 1118 5686 qui
1183 5617 1286 5670 sibi
1344 5617 1502 5670 talem
1555 5617 1866 5687 religiosum
1924 5627 2132 5686 patrem

2275 5617 2338 5688 ἧς
2391 5615 2499 5670 τῶν
2551 5617 2768 5688 τρόπων
2802 5621 3115 5692 ὁμοιότητος
3155 5621 3331 5693 χάριν.
3391 5641 3409 5675 ι
3443 5623 3692 5678 Ἤκουσα
3731 5625 3840 5696 τῆς

638 5153 805 5208 Vens.
838 5151 891 5218 ι,
1039 5173 1056 5203 ι
1089 5151 1158 5208 Et
1211 5147 1412 5208 factum
1439 5163 1520 5206 est
1563 5151 1784 5206 verbum
1835 5149 2044 5208 Domini
2077 5149 2144 5204 ad

567 5243 762 5296 Isaiam
787 5243 972 5297 dicens
997 5259 1008 5296 :
1035 5243 1196 5306 Vade.
1219 5253 1272 5297 et
1302 5245 1388 5297 dic
1415 5243 1658 5299 Ezechia:
1682 5263 1694 5296 :
1729 5243 1853 5298 llazc
1883 5243 2010 5298 dicit
2039 5243 2138 5295 Dn-

566 5339 744 5390 miuus
783 5335 922 5389 Deus
961 5335 1126 5390 David
1171 5337 1341 5405 patris
1366 5338 1462 5390 tui.
1495 5356 1512 5388 ι
1553 5336 1768 5390 Patrem
1811 5345 1989 5389 autem
2023 5335 2137 5404 ejus

633 5819 680 5851 ”
713 5819 865 5876 Deut.
895 5837 1066 5886 um,
1097 5820 1182 5874 59.
