4158 6402
571 343 678 410 359

1283 343 1550 401 EUSEBII
1587 339 2060 399 CESAMENSIS
2096 339 2248 396 OPP.
2289 338 2472 396 PARS
2508 339 2601 398 Ill.
2641 371 2710 380 ——
2748 336 3164 395 EXEGETICA.

3736 343 3792 398 ’ὀί
3803 346 3844 400 ο

573 476 723 538 gesta
760 475 815 521 et
840 477 1004 535 opera
1033 475 1132 516 sua
1170 469 1377 515 vestem
1409 460 1514 516 sibi
1562 468 1780 527 texunt,
1813 457 1870 515 et
1900 467 2150 515 ornatum

2268 457 2560 528 ὶνθρώπων
2615 456 2805 529 στολὴν
2843 456 3106 525 ύφαίνων,
3157 453 3254 507 καὶ
3309 453 3515 525 κόσμον
3548 458 3614 526 τῇ
3649 453 3846 512 ἑαυτοῦ

574 560 770 616 animm
797 572 910 612 sua:
938 556 1370 622 circumponunt.

649 650 816 706 Vsus.
846 647 934 702 15.
978 665 998 697 ι
1037 645 1093 700 In
1129 642 1216 698 die
1243 641 1334 696 illa
1365 643 1601 698 traditus
1639 656 1758 697 sum
1792 654 1961 710 usque
1995 653 2154 694 mane

577 743 746 798 veluti
789 738 953 803 leoni,
992 739 1074 793 sic
1123 736 1383 815 contrivit
1415 734 1598 789 omnia
1647 747 1770 789 ossa
1813 746 1953 787 mea.
1984 730 2029 787 A
2064 731 2153 787 die

571 837 920 902 enim-usque
943 830 1010 884 ad
1039 842 1251 886 noctem
1280 827 1511 883 traditus
1532 841 1672 882 sum.
1703 843 1722 876 ι
1750 823 2008 880 Traditus
2030 839 2150 879 sum

569 943 668 982 ceu
703 925 840 980 leoni
867 924 1082 980 cuidam
1113 921 1364 977 homines
1389 917 1672 973 devoranti
1693 955 1710 983 ,
1741 917 1832 987 qui
1866 917 2020 987 quasi
2058 929 2154 984 per

570 1020 776 1074 illatam
809 1017 938 1072 mihi
974 1015 1385 1075 inﬁrmitatem,
1418 1018 1532 1064 tota
1563 1008 1651 1064 die
1679 1017 1735 1064 et
1766 1017 1925 1064 nocte
1948 1007 2156 1063 contri-

567 1111 647 1164 vit
676 1111 855 1164 omnia
892 1122 1014 1163 ossa
1043 1121 1160 1161 mea
1189 1121 1206 1172 ;
1238 1117 1538 1176 parumque
1568 1101 1765 1166 abfuit,
1793 1100 1924 1171 quin
1954 1113 2041 1155 me
2073 1108 2152 1154 too

572 1211 684 1254 tum
711 1204 1016 1256 devoraret.

644 1290 812 1347 Vens.
847 1290 936 1346 M.
975 1308 994 1342 ‹
1028 1289 1182 1343 Sicut
1226 1285 1482 1350 hirundo,
1530 1285 1608 1340 sic
1633 1285 1900 1346 clamabo,
1929 1291 1986 1337 et
2011 1282 2156 1338 sicut

573 1385 841 1447 columba,
865 1383 945 1438 sic
971 1379 1290 1435 meditabor.
1326 1377 1653 1433 Defecerunt
1679 1378 1825 1432 enim
1849 1374 1990 1432 oculi
2024 1374 2153 1439 mei,

573 1488 633 1532 ut
661 1492 729 1531 ne
755 1476 1056 1544 aspicerem
1101 1470 1477 1526 celsitudinem
1511 1465 1636 1523 cceli
1671 1468 1738 1521 ad
1789 1465 2096 1522 Dominum.
2129 1482 2149 1517 ι

572 1572 826 1624 Attamen
860 1567 913 1620 in
962 1566 1064 1618 hac
1103 1578 1282 1618 rerum
1315 1560 1660 1624 conditione,
1689 1574 1797 1614 non
1848 1557 2155 1614 inﬁrmatus

575 1677 693 1718 sum
718 1702 734 1724 ,
765 1674 868 1714 nec
892 1673 920 1711 a
956 1656 1064 1711 Deo
1089 1669 1208 1708 meo
1242 1653 1482 1718 recessi,
1510 1653 1605 1706 sed
1639 1650 1743 1705 ﬁde
1776 1665 1979 1721 speque
2014 1651 2154 1705 bona

576 1754 842 1822 meipsum
871 1748 1203 1804 conlirmans
1223 1786 1238 1810 ,
1269 1744 1487 1800 ﬂetibus
1528 1750 1586 1797 et
1613 1742 1848 1797 orationi
1882 1757 1967 1796 me
1991 1741 2110 1797 dedi
2136 1756 2152 1806 ;

574 1860 663 1900 me
692 1857 821 1898 vero
851 1841 1070 1895 assidue
1096 1847 1308 1905 orante,
1337 1846 1501 1904 atque
1525 1833 1779 1904 precibus
1807 1834 1944 1903 apud
1985 1835 2151 1889 Deum
2185 1827 2230 1888 Β

576 1936 889 2000 insiSIente,
915 1935 1032 2003 ipse
1066 1950 1085 1984 ι
1117 1933 1264 1987 eruit
1292 1931 1399 1996 me,
1425 1938 1478 1984 et
1506 1927 1730 1983 abstulit
1757 1928 2000 1983 dolorem
2035 1929 2156 1982 ani-

575 2045 678 2084 mae
705 2042 858 2083 mete.
898 2044 917 2079 ι
950 2025 1064 2088 Ille,
1095 2023 1341 2092 inquam,
1370 2019 1507 2075 nihil
1533 2027 1845 2085 cunctatus,
1867 2021 2014 2074 eruit
2048 2035 2157 2084 me,

575 2132 632 2178 et
674 2121 895 2177 sustulit
943 2117 1185 2174 dolorem
1235 2115 1436 2169 animae
1477 2129 1612 2170 meae
1649 2134 1664 2170 :
1695 2128 1762 2170 ac
1813 2114 1860 2169 si
1910 2113 2161 2169 videlicet

579 2213 862 2284 promissis
915 2210 1073 2264 ﬁdem
1124 2207 1353 2262 adderet
1417 2220 1540 2277 qua:
1602 2205 1811 2260 sanctis
1879 2205 1996 2260 suis
2066 2205 2161 2259 de-

576 2308 658 2360 dit
695 2305 782 2360 his
819 2303 1038 2360 verbis:
1086 2319 1106 2354 r
1146 2301 1339 2356 Adhuc
1379 2307 1433 2353 te
1467 2297 1746 2369 loquente,
1771 2297 1990 2352 dicam:
2022 2295 2162 2351 Ecce

579 2397 791 2453 adsum.
833 2413 854 2448 ι

648 2622 816 2678 Vens.
856 2620 944 2676 l6.
978 2639 998 2674 ι
1041 2619 1291 2683 Domine,
1313 2618 1383 2673 de
1417 2618 1531 2689 ipsa
1556 2616 1756 2686 quippe
1792 2615 2162 2671 renuntiatum

576 2720 663 2768 est
691 2712 788 2766 tibi
816 2727 833 2766 :
871 2720 928 2765 et
961 2709 1212 2764 excitasti
1246 2708 1495 2775 spiritum
1534 2720 1736 2769 meum,
1769 2715 1823 2758 ct
1851 2701 2165 2758 consulatus

577 2805 687 2859 vixi
712 2802 849 2875 (55).
883 2821 904 2854 ι
935 2801 1049 2856 Non
1073 2802 1217 2870 quod
1241 2801 1308 2854 iis
1331 2799 1528 2868 dignus
1559 2811 1737 2852 essem
1765 2820 1780 2850 ι
1813 2810 1937 2848 nam
1973 2807 2165 2863 pecca-

581 2896 648 2947 tis
677 2892 862 2946 multis
891 2889 1079 2959 plenus
1106 2902 1255 2942 eram
1280 2927 1296 2951 ,
1324 2887 1418 2941 sed
1452 2899 1522 2940 ex
1558 2883 1937 2938 misericordia
1974 2891 2030 2936 et
2060 2883 2164 2936 cle-

582 2982 782 3038 mentia
813 2989 901 3033 tua
933 2979 1046 3032 haec
1075 2976 1392 3032 adfuerunt.

655 3094 820 3150 Vens.
857 3091 1043 3146 I7-‘l9.
1081 3107 1103 3142 ι
1144 3087 1350 3144 Eruisti
1397 3089 1543 3145 enim
1581 3087 1818 3142 animam
1849 3102 2023 3142 meam
2047 3125 2063 3151 ,
2108 3094 2165 3139 ut

2259 550 2556 624 περιτιθεὶς
2579 551 2728 622 ψυχῇ
2762 549 2852 603 διὰ
2879 549 2987 603 τῶν
3019 547 3185 602 αὐτοῦ
3214 549 3486 618 πράξεων.

2337 661 2358 696 ι
2398 645 2489 698 Ἐν
2519 646 2587 713 τῇ
2615 642 2799 715 ἡμέρᾳ
2843 641 3032 715 ἐκείνῃ
3083 640 3392 713 παρεδόθην
3428 641 3535 704 ἕως
3574 640 3720 713 πρωῒ
3770 641 3852 706 ὡς

2259 736 2454 802 λέοντι,
2504 736 2677 800 οὕτως
2719 735 3010 808 συνέτριψε
3057 735 3238 790 πάντα
3273 735 3343 788 τά
3369 735 3505 788 ὀστᾶ
3543 751 3671 802 μου.
3714 736 3853 790 ’Δπδ

2259 827 2369 900 γὰρ
2399 826 2500 898 τῆς
2524 826 2738 899 ἡμέρας
2771 825 3082 891 ἒωςνυκτδς
3095 824 3420 896 παρεδόθην.
3462 842 3480 876 ι
3502 825 3714 896 ’Ὠσπερ
3739 826 3854 895 ⁴ιῖινῖ.

2259 919 2664 994 ἀνθρωποϐόρῳ
2695 918 2892 982 λέοντι,
2921 920 2981 984 ὃς
3015 936 3076 972 τε
3097 919 3174 983 ὡς
3207 918 3306 990 μὲν
3331 917 3419 972 διὰ
3451 918 3550 991 τῆς
3584 919 3855 972 ἐπιτεθεί-

2263 1030 2364 1085 σης
2413 1029 2505 1084 μοι
2547 1011 2861 1083 ἀρρωστίας
2897 1011 2988 1065 διὰ
3026 1010 3211 1082 πάσης
3251 1010 3445 1074 νυκτὸς
3500 1011 3595 1064 καὶ
3635 1011 3855 1083 ἡμέρας

2263 1104 2550 1177 συνέτριψε
2577 1104 2755 1160 πάντα
2769 1103 2840 1158 τά
2863 1105 2998 1158 ὀστᾶ
3024 1121 3148 1180 μου⁹
3179 1104 3376 1176 μικοοῦ
3410 1104 3468 1158 δὲ
3493 1104 3602 1159 δεῖν
3624 1105 3716 1158 καὶ
3731 1105 3858 1160 ὅλον

2262 1199 2424 1253 αὑτὸν
2456 1199 2747 1252 καταπιεῖν
2777 1213 2844 1268 με
2876 1195 3124 1267 ἔμελλεν.

2337 1311 2357 1345 ι
2404 1290 2490 1355 Ὡς
2527 1290 2770 1364 χελιδὼν,
2803 1289 2946 1344 οὕτω
2986 1289 3243 1361 φωνήσω,
3278 1289 3373 1344 καὶ
3419 1288 3495 1354 ὡς
3529 1290 3853 1362 περιστερὰ,

2260 1383 2404 1438 οὕτω
2451 1384 2682 1456 μελετῶ.
2729 1381 3008 1448 Ἔξέλιπον
3061 1381 3169 1454 γάρ
3208 1398 3310 1451 μου
3351 1383 3400 1435 οἱ
3443 1381 3712 1454 ὀφθαλμοὶ
3755 1383 3855 1436 τοῦ

2263 1473 2486 1545 βλέπειν
2534 1476 2616 1538 είς
2653 1473 2715 1526 τὸ
2741 1471 2874 1542 ὕψος
2900 1471 2996 1525 τοῦ
3019 1469 3251 1541 ούρανοῦ
3277 1471 3416 1544 πρὸς
3445 1471 3538 1525 τὸν
3567 1470 3793 1544 Κύριον.
3828 1493 3850 1523 ι

2264 1569 2456 1639 Ὅμως
2498 1567 2542 1620 δ’
2567 1563 2662 1622 οὖν
2690 1569 2748 1621 ὲν
2773 1565 2984 1630 τούτοις
3009 1564 3322 1635 γενόμενος,
3365 1564 3466 1618 ούκ
3497 1563 3855 1636 ἐξησθένησα,

2260 1659 2383 1713 οὐδὲ
2414 1657 2508 1712 τοῦ
2537 1656 2670 1712 Θεοῦ
2700 1674 2803 1729 μου
2834 1654 3184 1728 ἀνεχώρησα,
3211 1654 3496 1708 ἀναλαϐὼν
3528 1654 3586 1708 δὲ
3617 1657 3859 1726 ἐμαυτὸν

2263 1752 2446 1805 πίστει
2495 1751 2591 1806 καὶ
2638 1750 2818 1822 ἀγαθῇ
2869 1748 3068 1814 ἐλπίδι,
3119 1746 3385 1819 κλαυθμῷ
3441 1747 3536 1801 καὶ
3574 1751 3853 1820 προσευχῇ

2257 1845 2551 1918 παρέδωκα
2588 1843 2841 1916 ἐμαυτόν.
2868 1840 3178 1914 Εὐχομένου
3205 1840 3264 1894 δέ
3295 1857 3419 1912 μου,
3444 1841 3626 1912 φησιν,
3660 1841 3859 1912 ἐπιμό-

2257 1956 2383 2004 νως,
2412 1939 2512 1992 καὶ
2541 1937 2866 2009 ἐγκειμένου
2917 1935 3019 2007 τῆς
3048 1933 3187 2006 πρὸς
3233 1933 3327 1988 τὸν
3363 1933 3497 1988 Θεὸν
3548 1934 3856 2005 ἱκετηρίας,

2257 2031 2319 2096 ὃς
2363 2049 2382 2085 ι
2422 2029 2665 2096 ἐξείλατό
2717 2046 2784 2101 με
2808 2068 2824 2094 ,
2876 2027 2975 2082 καὶ
3038 2025 3302 2097 ἀφείλατό
3355 2043 3458 2098 μου
3511 2025 3612 2097 τὴν
3660 2026 3858 2098 ὀδύνην

2257 2125 2356 2196 τῆς
2395 2123 2594 2195 ψυχῆς.
2635 2121 2735 2176 »ὐ
2778 2120 2844 2192 δὴ
2877 2119 2952 2192 μὴ
3003 2119 3278 2191 μελλήσας
3337 2117 3571 2184 ὲξείλετό
3621 2134 3709 2189 με,
3759 2119 3858 2172 καὶ

2258 2215 2514 2286 ἀφείλετό
2569 2231 2672 2286 μου
2731 2214 2831 2285 τὴν
2863 2211 3055 2283 ὀδύνην
3085 2211 3186 2282 τῆς
3225 2210 3424 2282 ψυχῆςο
3452 2210 3732 2282 μονονουχὶ
3760 2209 3855 2264 τὸν

2259 2305 2425 2361 αὑτοῦ
2456 2305 2615 2374 λόγον
2639 2305 3076 2377 πιστωσάμενος,
3109 2304 3170 2357 ὃν
3195 2303 3531 2376 ἐπήγγελται
3551 2305 3664 2367 τοῖς
3680 2303 3858 2372 ἁγίοις

2260 2397 2426 2452 αὐτοῦ
2474 2397 2664 2455 εἰπών·
2706 2417 2727 2452 ι
2751 2399 2871 2452 Ἔτι
2895 2395 3183 2461 λαλοῦντός
3217 2413 3334 2464 σου,
3365 2395 3497 2468 ἐρῶ·
3543 2395 3673 2450 Ἰδοὺ
3709 2395 3858 2468 πάρ-

2261 2507 2401 2562 ειμι.
2447 2509 2468 2541 ι

2337 2601 2357 2635 ι
2393 2581 2590 2654 Κύριε,
2613 2581 2742 2654 περὶ
2765 2582 2970 2652 ταύτης
2984 2579 3094 2652 γὰρ
3109 2579 3386 2651 ἀνηγγέλη
3409 2597 3511 2641 σοι,
3539 2579 3634 2633 καὶ
3653 2577 3864 2650 ἐξήγει-

2271 2675 2370 2746 ράς
2396 2692 2498 2746 μου
2518 2674 2620 2747 τὴν
2653 2673 2844 2745 πνοὴν,
2896 2673 2991 2727 καὶ
3025 2670 3400 2744 παρακληθεὶς
3437 2671 3626 2742 ἔζησα.
3684 2689 3704 2723 ι
3741 2671 3860 2741 Οὐχ

2266 2766 2350 2819 ὃτι
2375 2764 2582 2820 τούτων
2599 2763 2748 2830 ἄξιος
2776 2766 2926 2837 ἥμην
2953 2763 3084 2834 ὲγὼο
3101 2763 3311 2817 πολλῶν
3329 2764 3438 2834 γὰρ
3457 2763 3650 2834 μεστὸς
3674 2762 3858 2834 ἀμαρ-

2264 2857 2397 2912 τιῶν
2425 2858 2589 2922 αὐτὸς
2625 2859 2736 2926 ύπῆ
2747 2875 2892 2929 ρχονο
2917 2856 3054 2911 ἀλλὰ
3100 2855 3179 2928 τῷ
3203 2856 3281 2927 σῷ
3309 2855 3443 2926 ἐλέῳ
3464 2855 3559 2909 καὶ
3580 2857 3647 2926 τῇ
3672 2858 3739 2927 σῇ
3768 2873 3862 2925 φι-

2265 2949 2587 3024 λανθρωπίᾳ
2616 2949 2790 3003 ταῦτα
2815 2949 3083 3020 παρέστη.

2342 3083 2361 3116 ‹
2398 3065 2559 3118 Εἴλου
2583 3064 2693 3137 γάρ
2722 3081 2822 3135 μου
2853 3064 2954 3136 τὴν
2977 3062 3179 3135 ψυχὴν,
3207 3063 3296 3118 ἵνα
3335 3062 3410 3134 μὴ
3439 3062 3727 3134 ἀπόληται,
3761 3064 3863 3117 καὶ

582 3204 690 3243 non
719 3185 958 3258 periret,
989 3192 1046 3237 et
1093 3181 1369 3252 proiecisti
1417 3189 1567 3236 retro
1600 3194 1686 3234 me
1721 3178 1902 3232 omnia
1945 3185 2162 3248 peccata

2270 3155 2579 3231 ἀπέρριψας
2609 3156 2784 3209 ὀπίσω
2823 3173 2926 3226 μου
2974 3156 3156 3219 πάσας
3177 3157 3274 3219 τὰς
3306 3155 3596 3226 ἁμαρτίας.
3632 3155 3706 3209 Ού
3747 3156 3862 3227 γάρ

582 3293 726 3334 mea.
761 3273 1112 3345 Nequoeuim
1144 3274 1235 3340 qui
1263 3273 1315 3327 in
1349 3271 1562 3326 inferno
1595 3280 1725 3326 sunt
1751 3269 2053 3325 laudabunt
2081 3277 2162 3334 te,

582 3383 761 3438 neque
785 3366 877 3438 qui
913 3365 1113 3420 mortui
1147 3371 1293 3426 sunt,
1328 3360 1648 3416 benedicent
1675 3361 1803 3427 tibi,
1834 3375 2009 3430 neque
2038 3373 2164 3430 spe-

583 3461 781 3516 rabunt
805 3497 823 3526 ,
851 3458 942 3528 qui
983 3458 1038 3512 in
1071 3455 1285 3512 inferno
1315 3461 1444 3508 sunt
1468 3492 1484 3516 ,
1512 3452 1944 3508 misericordiam
1974 3461 2119 3507 tuam
2148 3471 2162 3508 :

580 3555 673 3626 qui
694 3555 881 3606 vivunt
906 3549 1230 3604 benedicent
1256 3545 1372 3610 tibi,
1393 3544 1537 3598 sicut
1559 3555 1615 3598 et
1635 3559 1756 3614 ego.
1783 3544 1868 3598 Ab
1896 3543 1999 3599 hoc
2018 3545 2164 3598 enim

581 3646 670 3699 die
701 3643 838 3698 ﬁlios
858 3641 1040 3704 edam,
1071 3637 1165 3709 qui
1195 3633 1604 3691 annuntiabunt
1623 3632 1894 3702 justitiam
1929 3644 2098 3688 tuam.
2141 3653 2159 3686 ι

582 3735 877 3805 lmpiorum
905 3731 1172 3800 siquidem
1205 3727 1358 3782 locus
1382 3734 1466 3780 est
1495 3725 1743 3780 infernus
1777 3741 1791 3779 :
1837 3738 2171 3796 quapropter

582 3843 706 3883 eum
745 3825 925 3881 anima
971 3837 1088 3877 mea
1136 3821 1227 3876 illo
1259 3827 1449 3889 erepta
1478 3816 1587 3883 sit,
1621 3817 1732 3874 Deo
1762 3818 1920 3874 belus
1964 3819 2172 3890 gratias

585 3920 780 3975 refero.
816 3916 986 3987 Regio
1011 3923 1191 3969 autem
1231 3928 1420 3969 eorum
1446 3915 1536 3984 qui
1577 3914 1719 3985 apud
1765 3913 1933 3968 Deum
1961 3913 2168 3978 vivunt,

587 4026 682 4064 eos
721 4009 811 4078 qui
853 4007 1029 4078 ipsum
1081 4003 1306 4058 laudant
1357 4005 1594 4074 excipiet
1636 4023 1649 4060 :
1699 4003 1790 4057 ubi
1831 4017 1917 4057 me
1954 4003 2169 4057 demum

590 4101 832 4155 futurum
869 4112 991 4153 esse
1041 4095 1296 4160 conﬁdo,
1338 4098 1512 4166 gratia
1565 4105 1656 4149 tua
1710 4095 1763 4149 id
1803 4095 1932 4149 mihi
1974 4109 2172 4149 conce-

593 4195 828 4334 “mittis.
866 4277 959 4333 20.
1014 4295 1034 4329 ι
1080 4277 1221 4332 Deus
1266 4273 1458 4330 salutis
1505 4289 1672 4339 meae,
1716 4287 1890 4342 neque
1929 4271 2172 4326 desinam

569 4375 817 4445 llaudare
861 4383 916 4429 te
951 4386 1075 4426 cum
1116 4370 1378 4442 psalterio
1411 4369 1629 4424 cunctis
1657 4367 1850 4422 diebus
1877 4366 2002 4419 vita:
2043 4378 2176 4419 mea:

591 4469 648 4524 in
703 4474 995 4536 conspectu
1049 4467 1243 4520 domus
1291 4460 1405 4516 Dei.
1455 4480 1474 4511 ι
1519 4460 1638 4514 Tibi
1693 4472 1906 4530 semper
1967 4466 2171 4519 astans,

2269 3251 2318 3303 oi
2342 3251 2400 3304 ὲν
2429 3249 2556 3321 ᾅδου
2585 3248 2859 3304 αἰνέσουσί
2890 3265 2973 3313 σε,
3013 3248 3134 3303 οὐδὲ
3161 3249 3210 3302 οἱ
3241 3247 3605 3311 ἀποθανόντες
3636 3247 3863 3318 εὐλογή-

2272 3341 2425 3395 σουσί
2468 3359 2553 3404 σε,
2593 3342 2714 3395 οὐδὲ
2745 3341 2989 3395 ὲλπιοῦσι
3032 3342 3082 3394 οἱ
3110 3341 3167 3393 ὲν
3194 3339 3320 3412 ᾅδου
3364 3339 3461 3411 τὴν
3491 3339 3864 3412 ἐλεημοσύνην

2272 3451 2388 3488 σου·
2422 3434 2472 3488 οἱ
2501 3433 2702 3499 ζῶντες
2734 3431 3090 3503 εὐλογήσουσί
3126 3450 3187 3486 σε
3218 3432 3278 3486 ὃν
3302 3433 3502 3504 τρόπον
3523 3430 3697 3500 κάγώ.
3729 3432 3865 3485 Ἀπὸ

2269 3525 2379 3596 γὰρ
2399 3523 2502 3594 τῆς
2532 3525 2773 3597 σήμερον
2804 3525 2992 3579 παιδία
3043 3525 3276 3595 ποιήσω,
3301 3523 3336 3578 ἃ
3360 3522 3720 3592 ἀναγγελοῦσι
3759 3524 3865 3593 τὴν

2269 3618 2618 3690 δικαιοσύνην
2673 3635 2787 3673 σου.
2827 3637 2846 3669 ι
2880 3617 3092 3690 Χωρίον
3131 3619 3240 3689 γάρ
3267 3618 3413 3669 ἐστιν
3438 3615 3650 3669 ἀσεϐῶν
3681 3615 3864 3670 τοῦτο’

2269 3711 2352 3766 διὸ
2382 3711 2480 3784 τὴν
2500 3711 2677 3783 ψυχὴν
2710 3709 3098 3784 ἐλευθερωθεὶς
3127 3709 3188 3776 ὲξ
3227 3710 3413 3774 αὐτοῦ,
3447 3708 3650 3780 χαίρων
3675 3710 3866 3763 ἀποδί-

2270 3805 2410 3876 δωμι
2435 3803 2514 3876 τῷ
2534 3803 2654 3875 θεῷ
2675 3804 2777 3876 τὴν
2806 3802 3178 3874 εὐχαριστίαν.
3227 3803 3290 3855 Ἦ
3315 3802 3371 3855 δὲ
3403 3801 3557 3873 χώρα
3581 3802 3690 3856 τῶν
3711 3803 3867 3873 παρὰ

2271 3897 2392 3968 Θεῷ
2417 3896 2636 3963 ζώντων
2664 3897 2902 3959 καὶτοὺς
2935 3895 3220 3959 αἰνοῦντας
3243 3893 3579 3960 ύποδέξεται’
3607 3894 3735 3948 ἔνθα
3767 3895 3864 3948 καὶ

2272 3989 2438 4054 αὐτὸς
2453 3987 2640 4042 λοιπὸν
2665 3986 2992 4059 γενήσεσθαι
3035 3987 3297 4051 πιστεύω,
3325 3985 3482 4038 τοῦτό
3515 4003 3603 4057 μοι
3631 3986 3728 4056 τῆς
3762 3985 3867 4057 σῆς

2272 4081 2672 4155 δωρησαμένης
2697 4079 2938 4154 χάριτος.

2351 4283 2370 4314 ‹
2401 4261 2501 4315 Θεὲ
2530 4263 2628 4334 τῆς
2646 4262 2919 4334 σωτηρίας
2950 4280 3073 4333 μου,
3102 4263 3196 4317 καὶ
3229 4262 3292 4314 ού
3325 4261 3604 4333 παύσομαι
3625 4260 3869 4329 εὐλογῶν

2278 4373 2337 4409 σε
2365 4355 2502 4426 μετά
2522 4355 2824 4427 ψαλτηρίευ
2857 4355 3040 4420 πάσας
3071 4355 3168 4420 τὰς
3193 4355 3407 4427 ἡμέρας
3454 4355 3557 4425 τῆς
3585 4352 3729 4424 ζωῆς
3761 4370 3868 4426 μου

2278 4451 2566 4504 κατέναντι
2613 4449 2706 4502 τοῦ
2751 4448 2901 4503 οἴκου
2935 4449 3029 4503 τοῦ
3075 4449 3230 4503 Θεοῦ.
3275 4468 3293 4500 ι
3356 4449 3446 4502 Σοὶ
3487 4445 3869 4520 προσεδρεύων

589 4569 649 4614 et
685 4573 717 4612 a
751 4557 1064 4612 sanctuario
1095 4571 1371 4626 nunquam
1409 4551 1692 4616 recedens,
1721 4560 1773 4605 te
1805 4548 2024 4604 assidue
2055 4548 2165 4602 lau-

2276 4541 2589 4606 διαπαντὸς,
2637 4542 2729 4595 καὶ
2773 4541 3075 4614 ἀχώριστος
3123 4542 3412 4613 γενόμενος
3441 4539 3536 4594 τοῦ
3573 4539 3666 4593 σοῦ
3708 4537 3871 4606 ἁγιά-

590 4655 829 4799 “alii.”
857 4743 947 4798 2|.
990 4761 1010 4794 ‹
1045 4741 1111 4798 Ει
1131 4741 1268 4795 dixit
1315 4738 1481 4794 Isaias
1526 4735 1772 4793 Ezechiae
1812 4752 1826 4789 :
1883 4735 2049 4790 Sume
2078 4733 2172 4788 tibi

593 4853 830 4893 massam
864 4834 1090 4900 ﬁcuum,
1109 4845 1167 4888 et
1192 4844 1327 4900 tere,
1347 4840 1402 4887 et
1424 4828 1775 4901 emplastrum
1810 4828 2027 4899 impone
2057 4825 2176 4880 vul-

594 4931 810 4996 neri,et
833 4943 998 4984 sanus
1026 4927 1168 4994 eris;
1198 4944 1219 4978 ι
1253 4925 1458 4980 docens
1481 4938 1590 4978 non
1620 4937 1845 4990 prorsus
1875 4917 2176 4988 respuenda

593 5036 719 5077 esse
748 5019 836 5075 illa
856 5060 873 5084 ,
905 5033 1028 5089 qua:
1054 5018 1123 5072 ab
1157 5014 1472 5071 hominibus
1502 5014 1568 5067 ad
1614 5011 1880 5067 medelam
1927 5006 2171 5078 corporis

595 5112 1010 5181 excogitantur:
1047 5109 1285 5178 itemque
1312 5105 1422 5161 illis
1450 5103 1708 5159 utendum
1740 5115 1904 5162 esse»
1929 5098 2174 5170 quando-

596 5203 816 5274 quidem
853 5199 1113 5271 propheta
1157 5199 1209 5254 id
1237 5198 1504 5267 agendum
1534 5209 1657 5252 esse
1695 5191 1926 5246 monuit.
1954 5189 2170 5260 Reliqui

598 5312 731 5353 vero
757 5308 984 5359 omnes,
1020 5293 1171 5346 ulcus
1202 5297 1503 5353 vocarunt,
1531 5287 1676 5356 quod
1702 5300 1730 5338 τι
1763 5297 1941 5338 massa
1972 5281 2171 5334 ﬁcuum

597 5390 846 5439 curatum
877 5389 962 5433 est
993 5394 1007 5432 :
1037 5386 1092 5431 at
1124 5391 1241 5431 non
1263 5375 1417 5430 ulcus
1449 5381 1566 5428 erat
1593 5373 1862 5441 primum,
1899 5370 1993 5425 sed
2021 5368 2174 5423 inﬁr-

597 5477 759 5532 mitas
785 5483 842 5528 et
874 5469 1142 5543 agritudo
1171 5469 1237 5524 ad
1270 5479 1525 5524 mortem.
1551 5465 1733 5534 Quare
1784 5480 1885 5550 pro
1918 5463 2006 5518 illa
2052 5463 2180 5533 qui-

670 5682 784 5750 (35)
813 5680 996 5750 Vulg.,
1031 5697 1049 5729 ι
1080 5675 1340 5750 Domine,
1357 5675 1402 5728 si
1435 5674 1515 5728 sic
1545 5670 1950 5750 vivitttr,_et_i_n
1973 5668 2173 5724 talibus

599 5742 708 5806 vita
736 5742 960 5822 sitiam".-
985 5742 1118 5809 inei,
1145 5748 1288 5801 corri
1309 5747 1409 5799 .ies
1441 5761 1526 5798 me
1564 5754 1618 5797 et
1652 5742 1950 5795 viviﬁcahis
2001 5756 2104 5794 me.
2148 5759 2166 5790 ι

601 5825 759 5870 Προδι
792 5837 930 5870 vers.
963 5820 1028 5870 15
1055 5819 1193 5870 anud
1229 5763 1368 5870 uix
1399 5813 1499 5870 lnt.
1537 5813 1630 5868 Ed.
1668 5813 1936 5870 Coumlul.
1969 5821 2166 5870 tamen.

601 5813 930 5878 Deest'vcrs.
963 5820 1028 5874 15
1055 5819 1193 5887 apud
1229 5813 1368 5871 LXX
1399 5813 1499 5870 lnt.
1537 5813 1630 5868 Ed.
1668 5813 1936 5881 Complul.
1969 5821 2172 5877 tamen,

2279 4652 2504 4707 σματος,
2529 4635 2822 4698 διαπαντὸς
2841 4635 3120 4704 εὐλογήσω
3147 4653 3225 4688 σε.

2354 4749 2372 4778 ι
2397 4728 2507 4780 Καὶ
2529 4723 2682 4781 εἶπεν
2710 4723 2936 4790 Ἡσαΐας
2956 4727 3092 4798 πρὸς
3139 4726 3404 4792 Ἐζεκίαν·
3433 4726 3582 4780 Λάϐε
3617 4725 3872 4797 παλάθην

2279 4818 2344 4870 ὲκ
2401 4817 2601 4883 σύκων,
2638 4817 2732 4870 καὶ
2764 4815 2976 4888 τρίψον,
3011 4815 3106 4869 καὶ
3155 4816 3521 4882 κατάπλασαι,
3575 4816 3669 4869 καὶ
3707 4815 3873 4888 ὑγιὴς

2280 4908 2400 4982 ἔσῃ·
2441 4927 2459 4960 ι
2493 4908 2784 4972 διδάσκων,
2811 4909 2887 4973 ὡς
2928 4909 2989 4962 ού
3021 4908 3253 4980 πάμπαν
3276 4908 3557 4978 ἀπόϐλητα
3581 4909 3776 4978 γένοιτ’
3802 4911 3874 4964 ἄν

2279 5020 2410 5057 ποτε
2438 5003 2531 5057 καὶ
2557 5001 2627 5056 τά
2653 5001 2783 5075 παρ’
2799 5000 3107 5074 ἀνθρώποις
3133 5001 3269 5072 πρὸς
3303 5000 3599 5070 θεραπείαν
3636 5000 3731 5054 τοῦ
3765 5005 3875 5054 σὼ-

2283 5115 2453 5170 ματος
2486 5095 2864 5166 ὲπινοούμενα·
2897 5093 2977 5148 ἔτι
3020 5094 3076 5147 δὲ
3109 5095 3190 5147 ὅτι
3212 5093 3476 5166 χρηστέον
3513 5094 3606 5148 καὶ
3636 5093 3872 5157 τούτοις,

2280 5194 2356 5257 ὡς
2383 5191 2602 5246 καὶτοῦ
2642 5191 2922 5262 προφήτου
2972 5187 3131 5242 τοῦτο
3169 5188 3374 5261 πρᾶξαι
3420 5189 3877 5261 παραινέσαντος.

2281 5283 2393 5339 Καὶ
2415 5283 2465 5336 οἱ
2501 5281 2677 5336 λοιποὶ
2694 5281 2894 5344 πάντες
2926 5279 3106 5346 ἕλκος
3121 5280 3414 5350 ὠνόμασαν
3434 5279 3495 5334 τὸ
3521 5280 3609 5334 διὰ
3637 5280 3738 5351 τῆς
3765 5298 3872 5333 πα-

2279 5371 2448 5440 λάθης
2474 5369 2828 5445 θεραπευθέν’
2863 5369 2978 5424 ἀλλ’
3009 5369 3106 5440 ούχ
3137 5370 3292 5433 ἕλκος
3313 5365 3381 5440 ἦν
3403 5369 3466 5422 τὸ
3497 5371 3734 5442 πρῶτον,
3768 5372 3881 5443 άῤ-

2287 5465 2494 5538 ῥωστία
2516 5465 2573 5518 δὲ
2595 5466 2688 5518 καὶ
2723 5461 2962 5535 μαλακία
2999 5463 3133 5536 πρὸς
3164 5461 3408 5516 θάνατον.
3433 5461 3524 5515 Διδ
3546 5463 3635 5516 ἐπ’
3659 5463 3883 5534 ἐκείνης

2282 5667 2445 5721 Vens.
2480 5667 2566 5721 15.
2599 5683 2619 5716 ι
2653 5665 2764 5718 Καὶ
2793 5663 2956 5726 αὐτὸς
3001 5661 3223 5734 ἐποίησε
3270 5661 3634 5734 καθοδήγησιν
3665 5663 3885 5728 πάντας

2282 5737 2560 5801 ἐνιαυτούς
2593 5754 2716 5808 μου.
2749 5755 2767 5788 ι
