4158 6402
382 328 492 384 565

1372 329 1757 386 COSZMENTA
1766 331 1882 386 ΜΔ
1926 332 1953 387 ἰ]

2058 332 2291 389 suam.
2334 366 2402 377 -
2440 334 2593 390 car.
2635 332 2756 391 XL;
3039 304 3045 310 ’
3540 340 3645 398 τοι

378 454 756 526 παράκλητος,
784 454 846 509 τὸ
877 450 1098 527 Πνεῦμα
1121 452 1183 511 sit
1212 455 1387 525 ἆγιον.
1420 456 1450 509 δ
1470 457 1679 528 πέμψει
1703 459 1733 511 ό
1762 456 1953 528 Πατήρ

2069 464 2210 519 ctus,
2239 470 2400 523 quem
2434 457 2612 510 mittet
2638 452 2801 509 Pater
2832 467 3006 520 meus,
3039 451 3130 509 ille
3158 468 3256 509 vos
3286 454 3500 511 docebit
3525 471 3643 511 om-

379 564 504 620 μου,
523 548 729 611 ἐκεῖνος
745 547 891 619 ὑμᾶς
911 548 1110 615 διδάξει
1128 548 1324 610 πάντα.
1351 567 1371 600 ι
1391 550 1483 603 καὶ
1502 549 1570 602 τά
1585 549 1730 621 ἑξῆς.
1750 549 1963 612 Πάντες

373 639 665 713 τοιγαροῦν
705 641 756 695 οί
799 640 861 695 τὸ
913 642 1261 714 παράκλητον
1300 642 1526 713 Πνεῦμα
1574 642 1963 714 ὑποδεξάμενοι

376 735 809 805 προστάττονται
835 735 1171 806 παρακαλεῖν
1191 736 1280 790 τὸν
1300 734 1426 789 λαὸν
1443 734 1539 789 τοῦ
1555 734 1711 789 Θεοῦδ
1751 735 1866 791 ἀλλ’
1899 738 1960 790 οὐ

377 822 470 877 τὸν
497 824 868 897 Ἰσραὴλ,ούδὲ
892 824 985 878 τὸν
1017 824 1230 888 Ἰακὼϐ,
1246 825 1368 879 οὐδὲ
1393 825 1483 878 τὸν
1512 824 1731 879 Ἰούδαν.
1751 826 1962 897 Ὥσπερ

378 914 436 968 δὲ
467 916 841 971 ἀποδέοεικται
861 956 875 980 ,
908 918 937 970 ὁ
968 916 1097 980 λαὸς
1140 915 1235 970 τοῦ
1265 915 1400 970 Θεοῦ
1422 957 1436 981 ,
1479 915 1654 980 οὕτως
1683 919 1717 989 ὴ
1765 916 1962 987 καρδία

391 1004 745 1081 Ἰερουσαλὴμ
767 1009 1110 1079 νοηθήσεται,
1131 1009 1193 1062 τὸ
1218 1012 1461 1081 κρεῖττον
1478 1010 1667 1079 τάγμα
1692 1008 1783 1063 τοῦ
1805 1008 1960 1064 λαοῦ.

390 1098 481 1162 Ὦς
505 1097 615 1170 γὰρ
646 1098 711 1151 ἐν
734 1098 944 1170 σώματι
979 1100 1012 1171 ή
1045 1098 1239 1170 καρδία
1258 1098 1321 1152 τὺ
1352 1098 1690 1172 κυριώτατόν
1717 1101 1833 1154 ἐστι
1864 1100 1959 1154 τοῦ

378 1191 600 1255 παντὸς,
635 1189 777 1245 οὕτω
816 1193 911 1245 καὶ
950 1191 1011 1244 ’ὲν
1052 1191 1130 1263 τῷ
1154 1192 1251 1263 τῆς
1294 1192 1619 1266 Ἐκκλησίας
1666 1192 1879 1265 σώματι
1898 1195 1961 1248 τὸ

377 1281 710 1355 κυριώτατον
729 1284 916 1354 τάγμα
936 1283 1164 1349 εἰκότως
1184 1283 1250 1338 ἂν
1276 1285 1490 1358 λεχθείη
1513 1286 1578 1340 τὸ
1600 1288 1709 1341 τῶν
1732 1287 1961 1356 λογικω-

375 1373 570 1445 τέρων,
607 1374 868 1446 φρονήσει
904 1391 964 1428 τε
999 1376 1093 1429 καὶ
1123 1375 1331 1448 διανοίᾳ
1364 1377 1459 1431 καὶ
1497 1376 1741 1450 λογισμῷ
1772 1379 1959 1449 διαφε-

378 1465 597 1538 ρόντων.
648 1466 774 1520 Ἐὰν
825 1467 1004 1521 τοίνυν
1043 1465 1302 1537 λέγηται,
1354 1487 1373 1519 ι
1410 1469 1696 1541 Λαλήσατε
1733 1471 1815 1534 είς
1858 1471 1957 1542 τὴν

376 1557 604 1628 καρδίαν
637 1557 1012 1631 Ἰερουσαλὴμ,
1045 1579 1064 1612 ι
1096 1558 1239 1614 οῦτω
1273 1559 1488 1615 δεκτέον
1509 1562 1600 1616 τὸν
1622 1560 1801 1632 λόγον,
1823 1562 1956 1617 ὡσεὶ

377 1650 711 1724 σαφέστερον
751 1649 904 1720 ἔλεγε
926 1667 940 1682 ο
976 1671 997 1703 ι
1036 1651 1317 1724 Λαλήσατε
1356 1656 1469 1719 τοῖς
1501 1656 1559 1707 ὲν
1607 1653 1828 1729 τῷλαῷ
1860 1657 1953 1712 τοῦ

2069 546 2156 601 uia
2195 547 2273 612 '°,
2311 565 2331 598 ι
2367 556 2421 601 et
2454 556 2671 601 cmtera.
2701 545 2976 616 Quotquot
3020 546 3184 615 igitur
3215 546 3480 617 Spiritum
3516 563 3645 603 san-

2068 649 2213 692 ctnm
2242 647 2599 707 acceperunt,
2631 637 2884 708 populum
2914 638 3006 693 Dei
3031 637 3302 693 consolari
3340 639 3642 707 jubentur;

2065 729 2158 782 sed
2186 742 2291 781 non
2323 724 2599 791 lsraeletn,
2626 741 2733 780 non
2760 724 3043 793 Jacobum,
3070 741 3177 782 non
3201 726 3423 783 ludam.
3455 727 3522 785 Ut
3544 745 3645 782 au-

2066 833 2173 873 tent
2219 818 2474 890 pupulum
2514 818 2609 873 Dei
2648 818 3060 890 intelligendum
3092 834 3214 875 esse
3244 832 3644 877 commonstra-

2063 921 2176 964 tum
2205 920 2309 975 est,
2339 910 2411 964 ita
2443 919 2499 964 et
2545 923 2643 963 cor
2680 907 2984 966 Jerusalem
3028 911 3363 982 intelligatur
3401 922 3640 983 oportet,

2064 1019 2163 1072 pro
2208 1002 2389 1073 populi
2435 1000 2647 1057 scilicet
2684 1002 2877 1058 ordine
2917 1011 2974 1059 et
3031 1015 3189 1072 parte
3239 1008 3640 1074 praestantiore.

2061 1096 2526 1162 Quemadmodum
2582 1092 2728 1148 enim
2771 1094 2826 1149 in
2865 1109 3092 1165 corpore
3134 1110 3229 1151 cor
3257 1097 3645 1165 praestantissiv

2063 1203 2209 1241 mum
2230 1186 2474 1242 omnium
2501 1196 2585 1242 est
2611 1203 2627 1252 ;
2658 1187 2732 1242 ita
2760 1196 2816 1247 et
2846 1187 2900 1245 in
2932 1188 3192 1244 Ecclesiae
3212 1204 3468 1258 corpore,
3495 1204 3640 1258 prte-

2059 1278 2396 1334 stantissima
2446 1281 2623 1349 portio
2670 1278 2794 1347 jure
2837 1280 3055 1336 dicatur
3103 1296 3226 1336 esse
3263 1284 3494 1348 eorum,
3540 1282 3636 1354 qui

2061 1369 2296 1433 ratione,
2339 1371 2624 1439 prudentia
2647 1410 2664 1437 ,
2717 1381 2898 1427 mente
2929 1382 2986 1427 et
3035 1374 3308 1444 cogitandi
3340 1375 3390 1429 vi
3425 1376 3639 1432 caeteris

2058 1462 2406 1517 antecellunt.
2436 1462 2570 1518 Cum
2609 1477 2742 1533 ergo
2780 1463 3013 1528 dicitur,
3051 1481 3072 1516 ι
3107 1464 3413 1534 Loquimini
3445 1466 3512 1521 ad
3542 1483 3640 1522 cor

2056 1552 2388 1620 Jerusalem,
2437 1574 2456 1607 ι
2490 1555 2572 1610 sic
2598 1555 2801 1610 dictum
2844 1556 3108 1624 accipias,
3143 1573 3207 1611 ac
3247 1556 3291 1612 si
3320 1556 3523 1613 clarius
3566 1559 3642 1615 ita

2057 1642 2391 1712 loqueretur,
2426 1659 2447 1696 ι
2488 1643 2789 1714 Loquimini
2826 1642 2894 1699 iis
2910 1659 2943 1699 e
2959 1645 3153 1714 populo
3178 1645 3296 1708 Dei,
3321 1647 3413 1717 qui
3441 1647 3643 1703 intelli-

375 1740 511 1794 Θεοῦ
559 1742 784 1813 νοήμοσι
822 1741 916 1795 καὶ
952 1740 1351 1814 λογικωτέροις.
1397 1764 1416 1797 ι
1474 1746 1698 1812 Τούτοις
1730 1744 1828 1820 μὲν
1859 1744 1953 1803 οὖν

2059 1735 2241 1804 gentia
2286 1744 2342 1790 et
2380 1739 2588 1793 ratione
2639 1736 3048 1807 praestantiores
3070 1747 3218 1792 sunt.
3255 1756 3275 1791 ι
3309 1736 3420 1794 Hos
3458 1740 3642 1811 itaque

375 1831 554 1887 λαλεῖν
593 1833 1018 1905 προστάττονται
1053 1834 1103 1886 oi
1148 1834 1340 1905 ἱερεῖς’
1366 1833 1461 1890 τὸν
1500 1836 1557 1891 δὲ
1602 1819 1788 1892 λοιπδν
1828 1839 1953 1893 λαὸν

2058 1827 2262 1899 alloqui
2282 1828 2545 1898 iubentur
2573 1831 2925 1895 sacerdotes;
2970 1829 3245 1885 residuum
3303 1846 3435 1887 vero
3468 1848 3643 1903 popu-

376 1923 737 1997 παρακαλεῖν,
767 1923 843 1987 ὡς
866 1922 1118 1994 δεόμενον
1154 1926 1551 1999 παρακλήσεως
1574 1929 1668 1983 καὶ
1698 1947 1957 2002 παραμυ-

376 2015 517 2081 θίας.

453 2127 474 2160 ι
527 2109 652 2161 Ὅτι
706 2106 952 2180 ἐπλήσθη
994 2111 1028 2177 ὴ
1080 2107 1409 2174 ταπείνωσις
1463 2110 1636 2182 αὐτῆς
1660 2128 1674 2141 ·
1740 2111 1952 2169 λέλυται

376 2200 547 2271 αὐτῆς
626 2201 660 2271 ἡ
718 2200 958 2272 ἁμαρτία
989 2242 1004 2267 ,
1069 2201 1152 2255 ὅτι
1214 2202 1434 2269 ἐδέξατο
1482 2203 1546 2257 ὲκ
1604 2204 1786 2274 χειρὸς
1844 2206 1958 2258 Κυ-

381 2292 498 2364 ρίου
542 2292 706 2346 διπλᾶ
747 2293 816 2347 τὰ
864 2293 1238 2365 ἁμαρτήματα
1284 2294 1474 2365 αὐτῆς.
1520 2314 1540 2345 ι
1594 2296 1866 2368 Προσήκει
1897 2294 1955 2349 δὲ

375 2381 563 2436 λοιπὸν
602 2383 997 2456 παρακλήσεως
1039 2385 1133 2437 καὶ
1168 2385 1521 2459 παραμυθίας
1548 2386 1717 2458 αὐτὴν
1754 2387 1958 2457 τυγχά-

373 2489 489 2526 νειν
510 2473 597 2527 διὰ
625 2475 725 2547 τὴν
750 2474 1133 2546 ἐπιλάμψασαν
1161 2475 1239 2547 τῷ
1272 2476 1371 2548 βίῳ
1400 2476 1494 2531 τοῦ
1520 2476 1711 2532 καινοῦ
1741 2478 1956 2532 πάντων

375 2565 681 2639 ἀνθρώπων
736 2567 991 2639 Σωτῆρος
1020 2567 1366 2635 ἐπιφάνειαν.
1396 2568 1601 2640 Διπλῆν
1638 2569 1697 2623 δὲ
1735 2570 1956 2623 κόλασιν

373 2659 550 2722 εἴποις
574 2657 640 2712 ἂν
682 2658 1072 2731 ἐπεληλυθέναι
1094 2661 1160 2731 τῇ
1196 2660 1395 2732 καρδίᾳ
1432 2661 1807 2734 Ἰερουσαλήμο
1832 2662 1956 2716 ἐπεὶ

342 2754 466 2821 ⁴καὶ
501 2753 643 2808 κατὰ
680 2752 780 2825 τὴν
819 2754 1062 2824 ἱστορίαν
1088 2755 1467 2826 συναπήλαυον
1495 2756 1610 2818 τοῖς
1641 2757 1833 2819 κακοῖς
1856 2754 1952 2810 τοῦ

371 2844 611 2916 πλήθους
643 2846 692 2898 οί
727 2842 1065 2915 δηλούμενοι,
1099 2845 1190 2899 ὑπ’
1225 2842 1545 2915 ἀλλοφύλοις
1565 2845 1742 2901 ἔθνεσι
1766 2865 1955 2902 ταπει-

370 2935 642 3007 νούμενοι,
683 2937 779 2990 καὶ
816 2935 958 2990 κατὰ
996 2936 1233 2992 διάνοιαν
1272 2937 1531 3002 ἐκόλαζον
1569 2939 1818 3003 ἑαυτοὺς,
1862 2939 1953 2994 διὰ

370 3026 472 3098 τὴν
490 3026 584 3080 τοῦ
625 3025 863 3099 πλήθους
892 3027 1159 3100 ἀναϐολήν
1185 3028 1507 3093 πενθοῦντες
1533 3031 1630 3084 καὶ
1659 3030 1953 3086 άποκλαιὸ-

2058 1917 2168 1973 lum
2200 1922 2469 1977 consolari
2503 1923 2909 1994 praecipiuntur,
2936 1931 3122 1992 utpote
3147 1923 3242 1994 qui
3265 1924 3642 1982 consolatione

2057 2024 2193 2078 opus
2232 2010 2451 2067 habeat.

2136 2123 2155 2157 ι
2186 2104 2325 2171 Quia
2354 2105 2555 2175 repleta
2591 2115 2675 2161 est
2728 2107 3032 2164 humiliatio
3080 2105 3198 2176 ejus
3231 2123 3246 2161 :
3278 2106 3513 2162 solutum
3554 2117 3640 2167 est

2058 2206 2342 2268 peccatum
2366 2197 2532 2261 illius,
2563 2198 2820 2267 quoniam
2840 2199 3083 2270 suscepit
3124 2200 3190 2254 de
3225 2214 3386 2254 manu
3426 2198 3639 2255 Domini

2057 2289 2290 2360 duplicia
2319 2300 2539 2359 peccata
2566 2306 2682 2345 sua.
2719 2309 2739 2343 ι
2785 2290 2893 2346 Par
2927 2301 3010 2348 est
3047 2300 3107 2347 ut
3136 2291 3357 2347 demum
3386 2291 3640 2348 consola-

2061 2381 2259 2438 tionem
2289 2382 2552 2445 obtineat,
2579 2381 2652 2435 ob
2685 2381 3090 2439 illucescentem
3135 2382 3233 2438 ιοιὶ
3274 2383 3511 2437 humano
3542 2397 3639 2454 ge-

2059 2471 2173 2527 neri
2205 2472 2326 2526 novi
2352 2470 2650 2526 Salvatoris
2681 2473 2996 2527 adventum.
3034 2470 3235 2541 Duplex
3267 2485 3398 2526 vero
3429 2471 3639 2541 suppli-

2055 2564 2200 2618 cium
2228 2563 2379 2617 cordi
2402 2560 2706 2617 Jerusalem
2738 2559 2999 2619 inﬂictum
3024 2562 3177 2617 dicas
3208 2581 3225 2618 ι
3263 2571 3373 2617 tum
3401 2563 3529 2633 quia
3551 2574 3638 2619 se-

2056 2654 2293 2710 cundum
2318 2652 2604 2709 historiam
2631 2653 2915 2709 memorati
2942 2653 3190 2709 homines
3216 2655 3284 2709 ab
3318 2652 3637 2724 alienigenis

2052 2747 2312 2819 gentibus
2332 2746 2600 2818 oppressi,
2633 2746 2687 2801 in
2721 2757 2933 2816 partem
2968 2745 3298 2803 calamitatis
3326 2747 3507 2817 populi
3545 2761 3637 2802 ve-

2057 2842 2315 2907 niebant;
2366 2848 2480 2895 tum
2511 2843 2637 2911 quia
2673 2841 2973 2898 secundum
3023 2848 3257 2895 mentem
3290 2841 3356 2897 de
3387 2841 3636 2898 multitu-

2055 2933 2197 2989 dinis
2228 2934 2533 3006 ahjeczione
2576 2933 2769 2990 ﬂentes
2816 2948 2883 2989 ac
2914 2932 3204 2990 multorum
3259 2934 3552 3003 perniciem
3578 2943 3636 2990 et

2053 3027 2277 3083 exitium
2318 3027 2582 3098 lugentes,
2622 3042 2744 3083 sese
2769 3026 3160 3083 macerabant:
3193 3026 3322 3095 quin
3356 3026 3519 3082 etiam
3550 3042 3636 3082 se-

376 3137 528 3191 μενοι
564 3122 665 3194 τὴν
714 3120 918 3175 πτῶσιν
974 3123 1069 3176 καὶ
1092 3122 1194 3193 τὴν
1243 3120 1523 3191 άταὲιλειαν
1553 3122 1664 3177 τῶν
1707 3122 1947 3178 πολλῶν·

2055 3120 2231 3177 eundo
2260 3121 2486 3177 obsessa
2511 3119 2876 3193 Jerosolyma,
2909 3120 2983 3176 ita
3008 3129 3068 3175 ιιι
3091 3121 3351 3191 templum
3369 3123 3496 3191 ejus
3520 3121 3636 3177 solo

372 3208 510 3264 ἀλλὰ
539 3209 790 3280 δεύτερον
823 3210 1243 3284 πολιορκηθεῖσα
1277 3214 1312 3284 ἡ
1347 3212 1726 3286 Ἰερουσαλὴμ,
1756 3214 1838 3279 ὡς
1870 3216 1950 3280 εἰς

2056 3222 2383 3283 aequaretur,
2425 3214 2620 3284 duplex
2662 3212 2926 3270 scelerum
2979 3215 3046 3268 ab
3090 3229 3151 3269 se
3198 3223 3635 3285 perpetratorum

371 3299 567 3369 ἔδαφος
598 3299 984 3371 κατενεχθῆναι
1016 3300 1108 3354 τὸν
1135 3302 1194 3354 ὲν
1221 3301 1358 3372 αὐτῇ
1383 3299 1539 3365 νεὼν,
1569 3299 1766 3371 διπλῆν
1789 3317 1955 3372 τιμω-

376 3389 497 3463 ρίαν
556 3390 665 3445 τῶν
706 3394 765 3445 ὲν
807 3393 943 3465 αὐτῇ
982 3392 1402 3465 τετολμημένων
1448 3392 1812 3465 ἀσεϐημάτων
1852 3393 1955 3448 ὑπ-

369 3481 574 3553 έμεινε.

445 3593 465 3626 ι
497 3575 651 3647 Φωνὴ
691 3574 923 3647 βοῶντος
980 3578 1039 3630 ὲν
1078 3579 1144 3648 τῇ
1182 3577 1375 3650 ἐρήμῳ
1395 3592 1411 3608 ο
1452 3575 1811 3649 Ἑτοιμάσατε
1851 3576 1951 3650 τὴν

365 3668 485 3724 ὁδὸν
526 3670 754 3742 Κυρίου,
798 3670 1015 3735 εὐθείας
1049 3674 1252 3725 ποιεῖτε
1287 3671 1389 3735 τὰς
1412 3670 1635 3742 τρίϐους
1681 3671 1776 3725 τοῦ
1811 3669 1947 3725 Θεοῦ

366 3761 550 3835 ήμῶν.
576 3783 595 3815 ι
617 3763 811 3832 Σαφῶς
838 3764 1139 3837 παρίστησι
1175 3765 1251 3837 μὴ
1292 3764 1352 3818 έν
1386 3764 1826 3837 τῇἸερουσαλήμ
1856 3781 1951 3834 γε-

365 3857 626 3929 γενῆσθαι
648 3857 716 3911 τά
738 3856 1123 3929 θεσπιζόμενα,
1151 3857 1267 3911 ἀλλ’
1289 3856 1383 3910 ἐπὶ
1401 3857 1501 3927 τῆς
1540 3856 1749 3929 ἐρήμου
1768 3873 1783 3888 ⁸
1808 3856 1951 3927 λέγω

365 3950 430 4024 δή
468 3951 531 4006 τὸ
570 3949 900 4023 ὀφθήσεσθαι
945 3949 1040 4022 τὴν
1084 3948 1242 4015 δόξαν
1274 3947 1504 4021 Κυρίου,
1546 3948 1641 4002 καὶ
1688 3947 1752 4002 τὸ
1799 3948 1948 4020 πάσῃ

369 4046 532 4117 σαρκὶ
554 4044 964 4116 γνωσθήσεσθαι
982 4043 1044 4097 τὸ
1066 4043 1331 4115 σωτήριον
1351 4040 1448 4095 τοῦ
1467 4039 1625 4096 Θεοῦ.
1647 4035 1759 4095 Καὶ
1777 4040 1948 4095 ταῦτα

371 4134 470 4206 μὲν
504 4134 809 4206 ἐπληροῦτο
841 4134 978 4207 πρὸς
1022 4133 1263 4205 ἱστορίαν
1293 4132 1388 4187 καὶ
1413 4130 1557 4199 λέξιν
1589 4133 1683 4185 ἐπὶ
1712 4130 1811 4185 τοῦ
1838 4132 1948 4184 Βα-

368 4223 595 4279 πτιστοῦ
639 4226 882 4280 Ἰωάννου
920 4224 1288 4297 κηρύσσοντος
1313 4224 1411 4297 τὴν
1445 4227 1714 4298 σωτήριον
1748 4228 1947 4298 ἐπιφά-

365 4334 516 4375 νειαν
540 4319 675 4373 Θεοῦ
708 4320 766 4372 ὲν
796 4322 862 4391 τῇ
891 4319 1081 4392 ἐρήμῳ
1115 4318 1207 4372 τοῦ
1249 4319 1536 4390 Ἰορδάνου,
1583 4322 1642 4373 ὲν
1761 4322 1855 4376 καὶ
1888 4320 1947 4376 τὸ

367 4412 635 4483 σωτήριον
669 4408 822 4482 ὤφθη
856 4410 949 4463 τοῦ
978 4410 1134 4464 Θεοῦ.
1170 4410 1346 4475 Αὐτὸς
1390 4413 1499 4484 γάρ
1536 4415 1566 4467 ὀ
1613 4413 1869 4484 Χριστὸς,
1905 4416 1940 4485 ἦ

364 4518 426 4595 τε
456 4502 581 4595 δόξα
608 4502 770 4595 αὑτοῦ
802 4506 913 4568 τοῖς
940 4504 1104 4557 πᾶσιν
1131 4502 1398 4574 ἐγνώσθη,
1430 4505 1522 4558 ὅτε
1555 4503 1943 4576 βαπτισθέντος
1976 4535 2022 4595 υ

366 4593 553 4659 αὐτοῦ,
604 4592 931 4666 ἠνοίχθησαν
972 4597 1021 4650 οἱ
1073 4597 1312 4669 οὐρανοὶ,
1361 4596 1457 4651 καὶ
1499 4597 1561 4650 τὸ
1602 4598 1828 4670 Πνεῦμα
1878 4600 1942 4654 τὺ

367 4688 522 4757 ἅγιον
547 4689 605 4741 ὲν
629 4687 758 4741 εἴδει
784 4690 1112 4759 περιστερᾶς
1136 4687 1380 4743 καταϐὰν
1410 4688 1622 4760 ἔμεινεν
1642 4691 1731 4743 ἐπ’
1752 4691 1937 4755 αὐτοῦ,

367 4779 516 4850 φωνή
541 4796 601 4832 τε
628 4778 827 4851 ἠνέχθη
859 4779 1100 4852 πατρική
1126 4778 1205 4851 τῷ
1236 4779 1349 4852 Tit?)
1381 4780 1752 4853 μαρτυροῦσα·
1787 4802 1807 4835 ι
1843 4778 1941 4838 Οὗ-

363 4870 456 4936 τός
495 4873 641 4925 ἐστιν
670 4873 699 4925 ὁ
730 4872 858 4936 Υίός
895 4889 995 4944 μου
1026 4872 1054 4926 ό
1091 4873 1392 4945 ἀγαπητὸς,
1427 4872 1591 4928 αὐτοῦ
1623 4874 1869 4932 ἀκούετε.
1914 4895 1935 4928 ι

376 4963 465 5028 Ὦς
509 4964 616 5036 γὰρ
658 4964 941 5035 μέλλοντος
969 4965 1252 5036 ἐπιδημεῖν
1275 4968 1342 5038 τῇ
1385 4968 1578 5039 ἐρήμῳ
1632 4970 1726 5023 καὶ
1765 4973 1833 5042 τῇ
1879 4970 1937 5038 ἐξ

365 5056 560 5122 αἰῶνος
590 5056 776 5129 ἀϐάτῳ
820 5058 913 5111 τοῦ
952 5058 1109 5122 Θεοῦ,
1156 5055 1329 5112 ταῦτα
1361 5058 1599 5128 ἐλέγετο.
1638 5056 1746 5115 Ἦν
1784 5062 1841 5116 δὲ
1871 5062 1940 5116 τά

2054 3307 2375 3378 supplicium
2408 3308 2529 3362 luit.

2126 3572 2289 3629 Vsus.
2324 3572 2379 3629 3.
2407 3571 2522 3628 Vox
2560 3571 2848 3629 clamantis
2888 3572 2944 3628 in
2979 3570 3223 3636 deserto,
3256 3569 3462 3631 Parata
3488 3571 3632 3629 viam

2058 3666 2291 3733 Domini,
2329 3676 2504 3723 rectas
2544 3666 2707 3723 facite
2749 3666 2974 3723 semitas
3012 3667 3106 3723 Dei
3152 3668 3342 3724 nostri.
3377 3686 3400 3722 ι
3432 3669 3632 3738 Aperte

2053 3759 2293 3816 declarat
2335 3775 2420 3828 ea,
2452 3775 2573 3830 qum
2619 3761 2672 3815 in
2715 3760 2971 3819 raticinio
3008 3759 3278 3827 feruntur,
3310 3775 3418 3818 non
3469 3757 3631 3817 Jers-

2048 3851 2295 3924 sulymte,
2346 3852 2441 3909 sed
2467 3852 2521 3907 in
2548 3852 2766 3908 deserto
2794 3854 3033 3924 gerenda
3065 3868 3227 3920 esse;
3262 3868 3459 3923 nempe
3485 3853 3631 3925 quod

2053 3944 2292 4001 lnturum
2321 3945 2417 4012 sit,
2445 3955 2502 4000 ut
2532 3945 2703 4017 gloria
2742 3946 2951 4004 Domini
2995 3954 3275 4017 appareat,
3302 3956 3358 4001 et
3390 3946 3631 4005 salutare

2053 4038 2146 4094 Dei
2180 4040 2230 4093 in
2254 4038 2434 4095 omnis
2459 4038 2643 4093 carnis
2667 4037 2912 4094 notitiam
2945 4040 3131 4094 veniat
3172 4038 3237 4093 Et
3264 4037 3383 4096 haec
3409 4041 3629 4111 quidem

2051 4133 2347 4187 secundum
2394 4132 2677 4187 historiam
2716 4139 2773 4186 et
2818 4132 2885 4186 ad
2930 4134 3178 4196 verbum,
3232 4144 3360 4190 tunc
3407 4134 3629 4207 impleta
3685 4141 3688 4144 ’

2046 4234 2195 4287 stunt,
2220 4237 2342 4278 cum
2374 4222 2619 4279 Joannes
2656 4223 2897 4293 Baptista
2945 4225 3239 4282 salutarem
3286 4227 3378 4284 Dei
3426 4231 3630 4285 adven-

2053 4325 2162 4368 tum
2196 4315 2504 4384 prmdicavit
2560 4316 2615 4370 in
2660 4318 2878 4373 deserto
2906 4315 3181 4384 Iordanis,
3244 4320 3330 4376 ulti
3392 4322 3629 4377 salutare

2050 4408 2143 4464 Dei
2186 4410 2360 4463 visum
2412 4408 2532 4464 fuit.
2580 4407 2713 4463 Nam
2754 4420 2881 4464 tunc
2936 4409 3183 4466 Christus
3208 4411 3430 4481 ejusque
3458 4413 3625 4489 gloria

2048 4503 2303 4559 omnibus
2351 4501 2605 4567 innotuit,
2635 4518 2779 4568 cum,
2809 4503 2928 4572 ipso
2954 4503 3252 4573 baptizato,
3278 4504 3449 4573 aperti
3499 4514 3630 4560 sunt

2048 4598 2195 4664 coeli,
2224 4606 2280 4651 et
2304 4595 2541 4666 Spiritus
2562 4605 2786 4651 sanctus
2814 4597 2865 4651 in
2897 4597 3165 4651 columba-
3186 4596 3368 4664 specie
3398 4595 3629 4651 descen-

2049 4689 2206 4754 dens,
2239 4702 2404 4756 super
2452 4701 2521 4742 eo
2550 4687 2770 4755 insedit,
2807 4698 3141 4758 paternaqne
3166 4704 3268 4743 vox
3306 4687 3485 4744 delata
3517 4700 3624 4752 est,

2049 4778 2186 4835 Filio
2214 4779 2580 4836 testimonium
2609 4780 2861 4846 reddens,
2896 4800 2914 4832 ι
2945 4781 3043 4836 llic
3070 4790 3152 4836 est
3177 4780 3348 4838 Filius
3369 4797 3523 4838 meus
3544 4783 3624 4837 di-

2048 4872 2242 4935 lectus,
2298 4873 2470 4942 ipsum
2511 4873 2691 4930 audite
2721 4873 2786 4927 θ’.
2827 4892 2848 4927 ι
2896 4872 3022 4929 [hec
3055 4875 3252 4945 quippe
3282 4874 3626 4939 dicebantur,

2046 4964 2172 5037 quia
2201 4963 2343 5019 Deus
2368 4966 2421 5020 in
2454 4966 2750 5030 desertum,
2794 4982 2823 5018 a
2852 4964 3050 5021 sarculo
3090 4965 3410 5035 impervium
3438 4976 3492 5021 et
3541 4966 3628 5021 in-

2045 5074 2345 5123 accessum,
2402 5057 2737 5113 adventui-us
2781 5068 2922 5114 erat.
2996 5058 3163 5112 Erant
3218 5074 3383 5128 porro
3438 5071 3629 5129 gentes

363 5149 490 5221 Ξθνη
527 5151 703 5205 πάντα
734 5150 915 5222 ἔρημα
945 5149 1080 5204 θεοῦ
1127 5149 1400 5220 γνώσεως,
1444 5153 1539 5207 καὶ
1581 5152 1758 5208 ἄϐατα
1802 5154 1937 5208 πᾶσι

2055 5166 2231 5206 ιιιιιιεε
2302 5149 2396 5206 Dei
2463 5149 2778 5222 cognitione
2855 5164 3058 5215 vacum,
3112 5166 3142 5203 a
3178 5165 3406 5219 quarum
3476 5150 3627 5205 aditu

360 5243 476 5304 τοῖς
515 5239 611 5295 τοῦ
660 5240 794 5295 Θεοῦ
841 5241 1066 5305 δικαίοις
1109 5259 1167 5295 τε
1210 5241 1305 5297 καὶ
1344 5245 1649 5315 προφήταις
1694 5244 1937 5316 ἀνδράσι.

2043 5259 2233 5301 attines
2253 5244 2381 5314 justi
2409 5244 2505 5301 Dei
2521 5260 2586 5300 ac
2606 5245 2884 5314 propheta
2902 5245 3248 5300 arcebantur.
3263 5244 3628 5312 Quamobrem

361 5330 563 5402 Διόπερ
592 5334 627 5404 ἡ
659 5331 813 5404 φωνὴ
851 5332 1284 5405 παρακελεύεται
1325 5333 1442 5387 ὁδὸν
1482 5335 1824 5407 εὐτρεπίζειν
1860 5334 1941 5407 τῷ

2055 5339 2195 5398 mbet
2224 5352 2328 5393 vox
2364 5336 2476 5401 illa,
2525 5337 2666 5391 viam
2710 5352 2903 5408 parare
2948 5335 3044 5394 Dei
3090 5335 3292 5401 Verbo,
3320 5346 3378 5393 et
3424 5336 3627 5391 inviam

361 5423 455 5476 τοῦ
488 5423 624 5477 Θεοῦ
653 5424 828 5495 Λόγῳ,
851 5424 945 5478 καὶ
972 5425 1070 5497 τὴν
1100 5425 1301 5481 ἄϐατον
1325 5426 1421 5481 καὶ
1450 5430 1708 5501 τραχεῖαν
1732 5428 1943 5501 ὁμαλὴν

2055 5442 2407 5500 asperamque
2458 5429 2833 5499 complanare,
2889 5438 2944 5485 ttt
3009 5446 3073 5486 ee
3130 5430 3425 5485 adrenieus
3489 5429 3626 5484 Dens

365 5518 559 5582 ποιεῖν,
589 5517 655 5571 ῖν’
689 5516 853 5589 ἐπιϐῇ
885 5518 1228 5591 ἐπιδημήσας
1256 5521 1286 5573 ὁ
1318 5519 1450 5584 Θεὸς
1478 5520 1658 5593 ἡμῶν.
1698 5539 1719 5574 ι
1766 5522 1939 5578 Ἑτοι-

2055 5535 2236 5582 noster
2281 5523 2531 5595 progredi
2569 5522 2764 5579 valeat.
2804 5540 2825 5577 ι
2867 5522 3064 5579 Parate
3104 5524 3246 5579 viam
3296 5522 3557 5584 Domini;
3603 5541 3621 5574 ι

368 5609 577 5681 μάσατε
611 5607 709 5680 τὴν
740 5608 856 5662 ὁδὸν
889 5607 1114 5678 Κυρίου·
1155 5628 1176 5662 ι
1216 5610 1458 5665 τουτέστι
1492 5611 1554 5666 τὺ
1584 5611 1938 5683 εὖαγγελικὸν

2055 5632 2107 5673 ea
2136 5625 2219 5673 est
2266 5614 2575 5688 evangelica
2611 5615 2944 5688 praedicatio,
3001 5631 3247 5690 novaque
3300 5606 3624 5685 consolatio.

436 5808 661 5867 “Juno.
701 5810 936 5871 nulli.
1022 5812 1063 5844 "
1097 5811 1389 5875 Manium,
1427 5812 1511 5870 Π.
