4168 6398
562 371 664 425 3‘37

1241 363 1512 420 EESEBII
1548 359 2027 420 (ΣᾸΖΒΑΒΙΕΝειὸ
2063 362 2120 419 Ol

2255 362 2434 420 PARS
2474 362 2560 420 lli.
2601 393 2672 405 —
2710 361 3120 420 EXEGETICA.

3715 365 3821 421 568

559 498 682 554 qua:
703 483 937 537 salutare
967 482 1058 536 Dei
1095 481 1150 535 in
1195 480 1436 535 onmium
1465 480 1743 535 hmninum
1773 480 2015 535 nctitiam
2049 496 2120 537 vet

2247 483 2529 554 κήρυγμα,
2559 484 2592 553 ἡ
2626 483 2785 554 καινὴ
2817 482 3162 553 παράκλησις
3191 478 3348 549 αῦτη,
3379 481 3411 550 ἡ
3437 479 3603 534 πᾶσιν
3625 478 3823 552 ἀνθρώ-

559 576 674 629 nire
697 581 942 642 emptat.

537 766 542 772 '
630 752 829 807 Deinde
865 766 1014 813 vero,
1050 750 1104 804 in
1139 745 1404 819 profundo
1435 749 1654 804 malitia:
1703 751 1988 814 depressas
2019 754 2136 804 ani-

554 862 669 898 mas
701 845 928 907 excitat,
960 845 1044 898 bis
1087 843 1287 897 additis
1319 841 1530 895 verbis:

630 937 793 991 Vens.
827 937 880 991 4.
941 954 960 987 ι
991 936 1179 992 Omnis
1213 936 1368 992 vallis
1410 935 1739 1006 implebitur.
1798 955 1816 989 ι
1877 938 2137 1006 Superbis

552 1044 683 1084 vero
732 1030 838 1083 illis
873 1029 1182 1094 animabus,
1231 1043 1351 1097 qua;
1393 1037 1582 1082 contra
1639 1028 1728 1082 Dei
1771 1031 2132 1096 cognitionem

555 1139 676 1177 sese
723 1125 1029 1193 erigebant,
1079 1125 1411 1180 contrarium
1467 1133 1789 1178 eventurum
1824 1139 1946 1179 esse
1978 1125 2170 1181 docet.

554 1215 639 1270 his
663 1216 873 1271 verbis:
903 1234 920 1266 ι
943 1217 1008 1269 Et
1036 1215 1214 1270 omnis
1244 1230 1400 1270 mons
1423 1225 1475 1270 et
1497 1216 1653 1271 collis
1683 1217 2085 1282 humiliabitur;
2107 1235 2127 1269 ι

554 1309 646 1361 sed
674 1309 858 1374 etiam,
885 1308 1077 1377 inquit,
1099 1317 1259 1361 erunt
1287 1326 1305 1359 ι
1338 1308 1518 1362 omnia
1544 1318 1784 1364 tortuosa
1819 1309 1871 1362 in
1903 1318 2131 1375 rectam,

541 1411 608 1454 σοι
643 1415 834 1469 aspera
867 1400 916 1454 in
963 1400 1234 1470 planities.
1269 1420 1290 1451 δ
1334 1399 1431 1455 llic
1471 1414 1718 1470 asperam
1747 1401 1982 1455 animam
2017 1400 2129 1469 pla-

543 1510 676 1546 nam
707 1489 842 1545 eﬂici
885 1489 1064 1560 jubet,
1099 1499 1160 1543 ut
1188 1491 1475 1546 adventum
1518 1491 1612 1546 Dei
1642 1491 1894 1562 excipere
1935 1491 2129 1546 valeat.

627 1668 787 1723 Vens.
911 1688 928 1722 ι
966 1668 1032 1722 Et
1064 1669 1334 1724 videbitur
1363 1669 1531 1739 gloria
1559 1671 1794 1734 Domini.
1842 1680 1896 1727 et
1929 1670 2130 1727 videbit

2244 593 2366 636 ποις
2414 575 2828 646 γνωσθήσεσθαι
2869 575 2930 626 τὸ
2980 574 3248 645 σωτήριον
3296 571 3392 624 τοῦ
3443 571 3580 624 Θεοῦ
3629 571 3823 643 ἐπιζη-

2247 666 2330 718 τοῦ
2339 683 2423 718 σα.

2312 751 2444 809 Εἶτα
2468 756 2726 827 διεγείρει
2751 754 2849 818 τὰς
2872 756 2929 808 ἐν
2956 753 3107 826 βάθει
3128 753 3325 818 κακίας
3347 754 3821 825 τεταπεινωμένος

2240 848 2437 918 ψυχὰς,
2474 847 2740 915 ἐπιλέγων
2758 863 2770 876 ·

2313 960 2330 991 ι
2371 941 2526 993 Πᾶσα
2556 939 2772 1011 φάραγξ
2803 936 3239 1011 πληρωθήσεται.
3279 958 3296 987 ι
3343 937 3453 991 Καὶ
3491 937 3592 1000 τὰς
3648 937 3818 1010 ὑπερ-

2236 1033 2474 1104 ηφάνους
2496 1050 2556 1085 τε
2582 1032 2676 1085 καὶ
2693 1029 3125 1103 ὑπεραιρομένας
3157 1028 3294 1083 κατὰ
3324 1028 3425 1099 τῆς
3443 1027 3697 1098 γνώσεως
3723 1028 3818 1082 τοῦ

2235 1127 2372 1179 Θεοῦ
2401 1126 2463 1179 τὸ
2495 1125 2736 1178 ἐναντίον
2785 1123 3067 1198 πείσεσθαι
3115 1122 3353 1176 διδάσκει
3405 1121 3610 1190 λέγων·
3648 1134 3666 1173 t
3705 1121 3819 1176 Καὶ

2237 1221 2344 1272 πᾶν
2366 1219 2490 1290 ὅρος
2517 1218 2610 1272 καὶ
2624 1217 2809 1289 βουνὸς
2828 1214 3292 1286 ταπεινωθήσεται
3317 1235 3334 1264 ι
3362 1212 3498 1266 άλλά
3527 1214 3622 1266 καὶ
3641 1213 3817 1280 ἔσται,

2240 1331 2259 1364 ι
2300 1313 2484 1366 Πάντα
2513 1312 2580 1365 τὰ
2615 1311 2824 1375 σκολιά,
2863 1331 2880 1362 ›
2914 1309 3098 1379 φησὶν,
3139 1329 3156 1360 ι
3197 1311 3278 1371 εἰς
3339 1307 3570 1372 εὐθεῖαν,
3633 1307 3729 1362 καὶ
3778 1307 3816 1380 ἡ

2232 1410 2460 1480 τραχεῖα
2483 1408 2562 1468 είς
2595 1405 2770 1460 πεδία.
2804 1424 2821 1456 ι
2857 1406 2967 1458 Καὶ
2989 1403 3084 1474 τὴν
3107 1405 3366 1475 τραχεῖαν
3394 1400 3450 1454 δὲ
3475 1401 3654 1472 ψυχὴν
3679 1403 3816 1472 ὁμα-

2231 1498 2329 1570 λὴν
2369 1497 2615 1568 γίνεσθαι
2649 1496 2996 1567 προστάττει,
3032 1495 3108 1558 ὡς
3139 1493 3204 1546 ἂν
3226 1492 3448 1561 δεκτικὴ
3480 1489 3690 1559 γένοιτο
3716 1487 3817 1559 τῆς

2232 1593 2538 1655 ὲπιϐάσεως
2562 1590 2656 1643 τοῦ
2687 1588 2844 1643 θεοῦ.
3104 1647 3118 1664 ,

2308 1705 2324 1734 ι
2368 1672 2474 1736 Καὶ
2507 1683 2802 1754 ὀφθήσεται
2842 1683 2874 1752 ἡ
2909 1679 3036 1746 δόξα
3063 1679 3289 1750 Κυρίου,
3320 1679 3412 1731 καὶ
3442 1677 3631 1747 ὄψεται
3662 1677 3813 1730 πᾶσα

553 1760 726 1816 omnis
749 1774 874 1814 caro
897 1759 1133 1814 salutare
1164 1759 1278 1823 Dei,
1315 1761 1440 1829 quia
1463 1761 1719 1816 Dominus
1739 1763 1950 1817 locutas
1973 1772 2076 1818 est.
2103 1780 2120 1815 ι

2233 1773 2368 1844 σὰρξ
2401 1773 2459 1826 τὸ
2511 1773 2776 1842 σωτήριον
2817 1770 2911 1823 τοῦ
2941 1768 3098 1830 Θεοῦ,
3142 1769 3223 1820 ὅτι
3266 1767 3467 1839 Κύριος
3499 1766 3750 1837 ὲλάλησε.
3786 1785 3806 1818 ι

553 1851 690 1907 Caro
719 1861 899 1904 autem
931 1861 1088 1904 erant
1125 1851 1370 1907 homines
1413 1865 1622 1916 omnes,
1668 1853 1760 1922 qui
1794 1854 2128 1909 solummodo

552 1942 756 2009 carnei,
785 1941 1020 2012 Spiritus
1070 1942 1243 1997 sancti
1289 1945 1582 2014 participes
1609 1943 1917 2000 nullatenus
1948 1955 2124 2000 erant.

554 2055 575 2088 ι
610 2035 744 2102 Quia
773 2034 1030 2090 Dominus
1076 2035 1285 2090 locutus
1315 2045 1430 2090 est:
1471 2054 1489 2087 ι
1522 2035 1742 2090 mentiri
1767 2035 1912 2091 enim
1941 2037 2129 2108 nequit

551 2124 616 2185 is,
653 2125 745 2193 qui
774 2123 1039 2193 promisit.

623 2214 785 2270 Vens.
812 2214 929 2270 6-8.
961 2234 978 2266 ι
1008 2213 1122 2269 Vox
1153 2214 1410 2279 dicentis,
1457 2213 1669 2270 Clama.
1716 2214 1782 2272 Et
1816 2217 1948 2286 dixi,
1987 2218 2127 2286 Quid

548 2308 835 2363 clamabo?
857 2307 1043 2363 Omnis
1065 2321 1195 2362 caro
1221 2306 1426 2372 fenum,
1450 2317 1505 2362 et
1521 2309 1699 2364 omnis
1738 2310 1910 2380 gloria
1949 2312 2124 2367 horni-

549 2401 653 2466 nis,
695 2401 833 2455 sicut
873 2398 968 2453 llos
1001 2399 1128 2453 l'eni.
1167 2398 1392 2453 l‘lxaruit
1431 2398 1636 2465 fenum,
1666 2411 1721 2454 et
1753 2401 1854 2458 llos
1889 2405 2123 2460 decidit:

547 2491 771 2543 verbum
802 2497 982 2542 autem
1021 2487 1113 2542 Dei
1150 2488 1319 2542 nostri
1361 2498 1543 2542 manet
1567 2489 1618 2544 in
1648 2501 1934 2550 aeternum.
1958 2514 1976 2548 ι
2001 2495 2125 2553 Haec

545 2579 744 2650 quippe
773 2578 1038 2632 universa:
1064 2579 1246 2633 carnis
1279 2589 1471 2633 natura
1500 2590 1606 2646 est,
1648 2597 1858 2638 necnon
1889 2586 2124 2644 hominis

548 2669 836 2739 imaginem
871 2669 1066 2723 terreni
1098 2669 1342 2735 ferentis,
1371 2671 1617 2728 videlicet
1647 2689 1843 2744 corpus
1867 2679 2120 2744 amantis,

544 2769 600 2814 et
637 2759 931 2814 secundum
965 2774 1188 2814 carnem
1217 2763 1448 2817 viventis
1483 2779 1497 2815 :
1529 2781 1652 2820 nam
1706 2770 1929 2837 perinde
1960 2782 2123 2842 atque

547 2850 728 2906 fenum
782 2860 941 2904 terra:
993 2866 1058 2905 ac
1102 2852 1330 2920 speciosi
1367 2852 1548 2922 ﬂores,
1594 2857 1662 2912 ad
1711 2859 1872 2915 breve
1909 2871 2121 2932 tempus

545 2942 722 3007 ﬂoret,
745 2953 799 2998 et
831 2945 1027 2999 decore
1063 2944 1310 3012 nitescit;
1359 2963 1458 3003 nec
1491 2951 1579 3006 diu
1620 2963 1826 3022 postea,
1859 2959 1929 3010 ob
1969 2957 2123 3012 intlr-

547 3051 690 3088 mam
729 3044 784 3088 et
829 3034 1026 3088 ﬂuxam
1073 3047 1321 3093 naturam
1360 3043 1650 3098 marcescit
1677 3062 1690 3097 :
1715 3047 1855 3114 quod
1887 3047 1972 3102 his
2001 3063 2122 3103 ver-

2232 1865 2377 1936 Σὰρξ
2421 1863 2476 1917 δὲ
2502 1859 2642 1934 ἦσαν
2673 1865 2721 1915 οἱ
2750 1862 2902 1916 αὐτοὶ
2940 1860 3098 1930 μόνον
3131 1860 3397 1930 σάρκινοι,
3434 1859 3528 1912 καὶ
3555 1856 3812 1928 οὐδαμῶς

2229 1955 2546 2026 Πνεῦμα-σος
2603 1954 2760 2022 ἁγίου
2809 1952 3022 2023 μέτοχοι
3059 1953 3258 2013 πάντες
3288 1949 3584 2022 ἄνθρωποι.
3625 1968 3643 2000 ι
3687 1950 3811 2003 ὀτι

2227 2049 2431 2120 Κύριος
2459 2047 2738 2116 ἐλάλησενο
2768 2065 2785 2096 ι
2817 2044 3055 2114 ἀψευδὴς
3082 2046 3188 2114 γὰρ
3208 2044 3235 2095 ὁ
3262 2040 3750 2112 ἐπαγγειλάμενος,

2304 2249 2322 2279 ι
2358 2229 2511 2300 «Tt-rvi}
2559 2225 2827 2294 λέγοντος,
2880 2223 3103 2293 Βόησον.
3153 2222 3261 2274 Καὶ
3303 2217 3453 2283 εἶπα,
3486 2221 3551 2272 Τί
3594 2220 3809 2292 βοήσως

2227 2320 2382 2372 Πᾶσα
2411 2318 2547 2388 σὰρξ
2569 2318 2778 2389 χόρτος,
2801 2316 2896 2370 καὶ
2918 2306 3064 2368 πάσα
3085 2313 3208 2380 δόξα
3225 2311 3513 2384 ἀνθρώπου
3545 2313 3620 2376 ὡς
3644 2311 3809 2375 ἄνθος

2225 2412 2441 2483 χόρτου.
2488 2410 2789 2480 Ἐᾓράνθη
2829 2410 2857 2462 6
2883 2407 3095 2479 χόρτος.
3131 2405 3224 2457 καὶ
3269 2405 3330 2457 τὸ
3363 2403 3522 2466 ἄνθος
3547 2403 3802 2470 ἐξέπεσε·

2224 2505 2286 2558 τὸ
2325 2505 2382 2556 δὲ
2425 2504 2575 2575 ῥῆμα
2617 2502 2710 2554 τοῦ
2751 2501 2886 2556 Θεοῦ
2922 2500 3076 2570 ἡμῶν
3123 2497 3272 2569 μένει
3302 2499 3381 2561 εἰς
3419 2497 3510 2550 τὸν
3543 2498 3734 2552 αἰῶνα.
3781 2516 3801 2549 ι

2225 2598 2374 2668 Αὕτη
2416 2596 2545 2665 γοῦν
2592 2596 2707 2648 ἐστι
2759 2595 2939 2664 πάσης
2982 2591 3183 2662 σαρκὸς
3230 2589 3390 2659 φύσις
3438 2589 3531 2642 καὶ
3571 2587 3664 2641 τοῦ
3703 2588 3806 2658 τήν

2223 2689 2408 2742 εἰκόνα
2437 2688 2531 2742 τοῦ
2558 2686 2741 2758 χοϊκοῦ
2775 2686 3028 2756 φέροντος
3075 2681 3385 2752 ἀνθρώπου,
3421 2680 3564 2749 λέγω
3603 2679 3668 2751 δὴ
3706 2677 3804 2733 τοῦ

2225 2780 2606 2851 φνλοσωμάτου
2659 2780 2753 2832 καὶ
2796 2777 2890 2831 τοῦ
2933 2775 3073 2830 κατᾶ
3124 2774 3300 2846 σάρκα
3341 2771 3561 2836 ζῶντος·
3603 2770 3805 2840 ὁμοίως

2223 2873 2354 2941 γοῦν
2399 2871 2478 2943 τῷ
2519 2869 2698 2942 χόρτῳ
2741 2869 2840 2939 τῆς
2883 2869 3006 2938 γῆς,
3057 2866 3151 2919 κα)⁸
3192 2867 3306 2928 τοῖς
3342 2863 3565 2934 ὡραίοις
3617 2862 3805 2917 ἄνθεσι

2225 2959 2361 3030 πρὸς
2395 2957 2566 3028 βραχὺ
2601 2956 2782 3010 θάλλει
2814 2955 2908 3010 καὶ
2945 2953 3260 3026 ὡραΐζεται,
3305 2948 3403 3005 εἶτ’
3441 2952 3541 3005 οὐκ
3579 2953 3660 3015 εἰς
3696 2969 3803 3022 μαι

2225 3052 2362 3123 κρὰν
2394 3049 2498 3102 ὑπὸ
2531 3049 2628 3119 τῆς
2663 3048 2895 3102 ἀστάτου
2944 3046 3036 3099 καὶ
3071 3046 3300 3116 ῥευστῆς
3335 3043 3548 3113 φύσεως
3586 3044 3804 3113 ἀπομακ

550 3129 630 3181 lis
673 3127 951 3197 Scriptura
979 3129 1166 3194 docet,
1204 3147 1221 3180 ι
1255 3130 1479 3187 Exaruit
1512 3131 1721 3202 fenum,
1756 3149 1810 3192 et
1853 3136 1950 3194 llos
1979 3141 2120 3196 deci-

2233 3144 2498 3216 ραίινεται·
2527 3143 2662 3211 ὅπερ
2692 3140 2927 3194 διδάσκει
2983 3142 3014 3210 ἡ
3067 3138 3252 3211 Γραφὴ
3294 3139 3560 3207 λέγουσασ
3615 3155 3633 3188 ι
3681 3135 3802 3202 Ἐξο

547 3222 644 3273 dit.
677 3237 696 3272 ο

623 3311 784 3366 Vens.
809 3311 862 3367 9.
893 3329 912 3363 ι
951 3311 1128 3381 Super
1167 3325 1404 3371 montem
1433 3318 1709 3374 excelsum
1741 3323 1995 3389 ascende,
2026 3325 2120 3394 qui

545 3404 890 3473 evangeliZas
913 3402 1071 3463 Sion.
1100 3405 1284 3460 Exalta
1311 3407 1363 3460 in
1392 3409 1706 3467 fortitudine
1728 3428 1913 3468 vorem
1949 3425 2116 3480 luam,

543 3498 636 3568 qui
684 3501 1021 3570 evangelizas
1075 3501 1397 3558 Jerusalem.
1455 3522 1478 3556 ο
1540 3503 1664 3560 Haec
1717 3507 2117 3574 praemissornm

547 3592 829 3646 sententia:
894 3593 1137 3664 apprime
1182 3595 1546 3662 conveniunt,
1601 3606 1766 3667 atque
1819 3612 2120 3667 oppon-true

543 3685 996 3753 evangelistarum
1027 3689 1356 3742 mentionem
1385 3687 1611 3753 iaciunt,
1635 3698 1687 3744 et
1706 3689 1992 3745 adventum
2024 3691 2116 3747 Dei

545 3775 613 3827 ad
645 3775 889 3830 homines
919 3777 1263 3841 amtuntiant,
1323 3787 1608 3848 postquam
1651 3779 1717 3833 de
1754 3793 1884 3835 voce
1927 3781 1981 3835 in
2025 3765 2121 3836 de?

543 3877 690 3921 serto
718 3867 984 3923 clamante
1021 3883 1202 3923 sermo
1233 3869 1451 3925 habitus
1504 3878 1606 3924 est.
1639 3872 1855 3926 Atenim
1885 3875 2119 3942 prophe-

546 3960 672 4013 tiam
718 3961 784 4015 de
836 3959 1043 4017 Joanne
1089 3961 1350 4032 Baptista,
1409 3964 1862 4034 evangelistarum
1914 3968 2117 4022 mentio

543 4067 910 4122 congruenter
937 4055 1286 4124 sequebatur.
1339 4055 1600 4120 Quaenam
1641 4057 1802 4126 igitur
1841 4059 1954 4112 base
1983 4057 2112 4113 Sion

541 4157 657 4211 est,
701 4149 803 4202 nisi
845 4165 967 4218 qua:
1001 4159 1157 4204 antea
1187 4149 1487 4204 Jerusalem
1511 4150 1844 4204 vocabatur?
1895 4152 2028 4207 Nam
2057 4163 2115 4210 et

540 4237 652 4307 ipsa
683 4253 837 4295 mons
882 4250 1021 4303 erat,
1068 4242 1210 4310 quod
1251 4241 1492 4296 declarat
1554 4241 1834 4312 Scriptura
1869 4244 1956 4298 illa
1989 4261 2112 4315 qua:

539 4331 712 4385 dicit:
745 4348 763 4382 ι
793 4331 946 4388 Mons
995 4331 1124 4387 Sion
1187 4333 1294 4397 hic,
1353 4333 1404 4387 in
1440 4349 1547 4404 quo
1603 4335 1856 4390 habitasti
1886 4338 1957 4404 δίς
2000 4357 2018 4389 t
2056 4349 2112 4394 et

534 4422 862 4493 Apostolus:
887 4441 906 4476 ι
945 4425 1265 4480 Accessistis
1289 4425 1354 4479 ad
1382 4425 1512 4481 Sion
1544 4439 1780 4482 montem
1807 4429 1873 4486 “.
1913 4449 1932 4483 ι
1971 4431 2106 4488 Num

2224 3234 2437 3306 ηράνθη
2466 3235 2494 3287 6
2519 3233 2730 3304 χόρτος,
2758 3233 2853 3286 καὶ
2879 3231 2940 3284 τὸ
2965 3231 3125 3295 ἄνθος
3154 3231 3425 3295 ἐξέπεσεν.
3472 3248 3492 3282 ι

2301 3344 2320 3378 ι
2388 3326 2502 3378 Ἐπ’
2537 3325 2660 3396 ὅρος
2705 3323 2905 3394 ὑψηλὸν
2944 3323 3177 3393 ἀνάϐηθι
3229 3323 3257 3373 ό
3313 3320 3797 3391 εὐαγγελιζόμενος

2223 3417 2380 3470 Σιών.
2421 3417 2674 3486 Ὕψωσον
2702 3419 2766 3486 τῇ
2805 3415 2945 3486 ἰσχύϊ
2975 3415 3070 3486 τὴν
3107 3416 3287 3486 φωνήν
3317 3432 3430 3476 σου,
3457 3417 3486 3467 6
3513 3412 3800 3482 εὐαγγελιο

2222 3507 2446 3580 ζόμενος
2481 3505 2862 3581 Ἰερουσαλήμ.
2921 3527 2938 3558 ι
2982 3508 3194 3578 Σςρόδρα
3235 3506 3330 3560 καὶ
3369 3505 3539 3558 ταῦτα
3580 3506 3646 3574 τῇ
3687 3504 3799 3558 τῶν

2220 3599 2626 3670 προλεχθέντων
2648 3597 2836 3651 ἕπεται
2855 3597 3083 3667 διανοίᾳ,
3106 3596 3373 3666 εὐκαίρως
3395 3596 3488 3647 καὶ
3511 3592 3618 3647 τῶν
3640 3594 3800 3661 εὐαγ-

2217 3691 2480 3762 γελιστῶν
2529 3691 2748 3762 μνήμην
2802 3689 3117 3759 ποιούμενα,
3167 3687 3261 3740 καὶ
3311 3686 3612 3758 παρουσίαν
3655 3685 3795 3739 Θεοῦ

2217 3784 2522 3858 ἀνθρώποις
2556 3781 3038 3853 εὐαγγελιζόμενα,
3077 3780 3215 3852 μετὰ
3251 3779 3318 3833 τὰ
3359 3779 3487 3850 περὶ
3513 3779 3611 3849 τῆς
3636 3781 3694 3832 ἐν
3724 3781 3797 3850 τῇ

2217 3877 2408 3948 ἐρήμῳ
2439 3874 2648 3946 βοώσης
2680 3874 2882 3945 φωνῆς.
2911 3873 3110 3928 Εἵπετο
3139 3871 3248 3944 γάρ
3275 3873 3338 3942 τῇ
3384 3872 3511 3942 περὶ
3547 3869 3796 3924 Ἰωάννου

2214 3969 2308 4022 τοῦ
2353 3967 2654 4022 Βαπτιστοῦ
2689 3965 2995 4036 προφητεία
3024 3967 3052 4018 6
3090 3964 3216 4036 περὶ
3259 3963 3366 4015 τῶν
3392 3961 3795 4032 εὐαγγελιστῶν

2213 4059 2308 4114 τοῦ
2355 4061 2604 4132 Σωτῆρος
2641 4059 2817 4128 λόγος.
2859 4058 2956 4121 Τίς
3003 4054 3096 4110 οὖν
3131 4057 3278 4109 ἐστιν
3303 4054 3442 4124 αῦτη
3489 4058 3522 4125 ἡ
3553 4052 3713 4117 Σιὼν,
3757 4053 3792 4125 ἢ

2213 4151 2431 4213 πάντως
2462 4166 2563 4203 που
2591 4151 2624 4220 ἡ
2663 4147 2753 4202 διὰ
2779 4147 2889 4201 τῶν
2916 4146 3224 4218 ἔμπροσθεν
3277 4143 3627 4217 Ἰερουσαλὴμ
3658 4144 3794 4198 ὠνο-

2216 4240 2499 4312 μασμένης
2531 4242 2638 4294 Καὶ
2662 4239 2798 4311 αὕτη
2824 4239 2931 4310 γὰρ
2959 4239 3082 4309 ὅρος
3106 4234 3195 4309 ἦν,
3222 4239 3250 4290 ὃ
3273 4237 3420 4308 δηλοῖ
3444 4238 3476 4306 ἡ
3506 4237 3794 4305 φάσκουσα

2212 4335 2416 4405 Γραφή-
2437 4353 2455 4383 ι
2471 4336 2633 4404 Ὄρος
2662 4332 2797 4386 Σιὼν
2816 4333 2971 4385 τοῦτο
2991 4333 3019 4384 ὃ
3045 4335 3463 4403 κατεσκήνωσας
3491 4331 3546 4383 ἐν
3565 4328 3734 4402 αὐτῷ’
3764 4349 3784 4384 ι

2215 4429 2310 4482 καὶ
2343 4431 2372 4481 6
2429 4426 2784 4489 Ἀπόστολοςο
2842 4443 2864 4478 ι
2915 4424 3356 4496 Προσεληλύθατε
3404 4421 3540 4476 Σιὼν
3581 4422 3720 4494 ὄρει.
3762 4441 3782 4475 ι

536 4517 675 4572 forte
704 4518 905 4573 chorus
926 4519 1254 4588 apostolicus
1272 4535 1338 4575 ex
1369 4521 1545 4590 prisco
1567 4521 1763 4591 papulo
1786 4538 1849 4576 ex
1879 4523 2112 4579 circum-

2222 4521 2324 4574 Καὶ¹
2350 4522 2556 4591 μήποτε
2582 4518 2676 4572 νῦν
2703 4521 2732 4572 ό
2758 4519 2916 4590 χορὸς
2939 4491 3364 4579 ότᾱποστολικὸς,
3391 4519 3419 4570 ό
3449 4519 3514 4570 ὲκ
3538 4491 3628 4568 τοῦ
3654 4533 3789 4587 προ-

533 4611 740 4666 cisione
796 4611 1078 4678 delectus,
1138 4611 1240 4667 hac
1300 4613 1512 4667 ratione
1560 4614 1934 4684 signiﬁcatur?
1989 4615 2116 4671 llaec

2222 4614 2369 4686 τέρου
2417 4613 2564 4677 λαοῦ,
2605 4612 2633 4665 ὁ
2688 4613 2753 4665 ὲκ
2803 4611 3105 4684 περιτομῆς
3157 4609 3548 4679 ὲξειλεγμένος,
3599 4608 3788 4662 τοῦτον

533 4705 676 4757 enim
709 4705 838 4759 Sion
875 4716 929 4760 et
968 4705 1266 4760 Jerusalem
1315 4715 1418 4768 est,
1445 4721 1565 4776 quae
1607 4705 1843 4761 salutare
1888 4707 1979 4762 Dei
2019 4724 2115 4763 ac-

2222 4706 2533 4778 σημαίνεται
2556 4707 2646 4760 τὸν
2668 4705 2898 4776 τρόπον;
2937 4703 3080 4774 Αῦτη
3123 4702 3231 4774 γάρ
3249 4704 3366 4754 ἐστι
3401 4699 3536 4752 Σιὼν
3565 4701 3659 4753 καὶ
3698 4701 3790 4753 Ἰε·

532 4797 695 4864 cepit,
727 4813 848 4866 quae
903 4808 958 4852 et
1015 4798 1125 4867 ipsa
1171 4798 1337 4852 monti
1403 4797 1517 4863 Dei,
1563 4798 1810 4854 videlicet
1839 4799 2114 4868 unigenito

2222 4795 2515 4868 ρουσαλὴμ,
2560 4799 2593 4866 ὴ
2637 4795 2700 4848 τὸ
2727 4795 2990 4865 σωτήριον
3019 4792 3112 4845 τοῦ
3150 4791 3284 4845 Θεοῦ
3317 4789 3785 4862 παραδεδεγμένη,

534 4886 711 4943 Verbo
745 4888 884 4957 ejus,
915 4889 1166 4944 sublimis
1205 4889 1500 4959 imponitur
1529 4907 1541 4944 .
1574 4905 1734 4959 quam
1765 4889 1938 4960 jubet,
1981 4905 2112 4946 con-

530 4995 724 5036 scenso
753 4993 935 5037 monte
966 4981 1205 5047 sublimi,
1245 4983 1480 5037 salutare
1519 4983 1738 5036 verbum
1765 4984 2104 5040 annuntiare.

529 5075 663 5139 Quis
691 5083 872 5127 autem
903 5074 990 5129 ille
1017 5078 1226 5145 est,qui
1253 5073 1730 5145 evangelizat,nisi
1767 5079 2110 5148 evangelicus

529 5169 730 5220 chorus
759 5166 783 5219 ?
813 5165 950 5231 Quid
985 5177 1068 5220 est
1110 5169 1522 5239 evangelizare?
1575 5169 1841 5225 universis
1873 5170 2102 5225 homini-

529 5259 650 5322 bus,
713 5268 768 5311 et
819 5266 948 5312 ante
987 5273 1195 5323 onmes,
1241 5261 1550 5314 civitatibus
1588 5258 1747 5328 Juda,
1805 5261 2006 5318 Christi
2047 5263 2098 5315 in

528 5361 729 5405 terram
765 5349 1052 5405 adventum
1081 5353 1396 5420 prmdicare.

601 5533 762 5589 Vens.
783 5533 871 5591 10.
898 5552 916 5586 ι
945 5533 1206 5595 Attollite,
1236 5533 1400 5588 nolite
1431 5533 1641 5588 timere.
1668 5535 1760 5592 Dic
1790 5532 2098 5590 civitatibus

603 5758 647 5794 ⁶¹
671 5758 811 5815 Psal.
833 5758 1080 5823 uxmﬁ.
1159 5761 1203 5791 ⁸³
1233 5759 1393 5816 llebr.
1424 5775 1519 5825 sn,
1551 5758 1673 5830 22.,

2211 4887 2568 4960 ἐπηρτημένη
2608 4905 2691 4951 τις
2725 4883 2860 4941 οὖσα
2887 4886 2980 4939 καὶ
3006 4885 3142 4954 αὕτη
3167 4883 3244 4954 τῷ
3271 4883 3389 4954 δρει
3418 4881 3510 4934 τοῦ
3547 4881 3681 4934 Θεοῦ
3707 4883 3788 4954 τῷ

2214 4983 2492 5052 μονογενεῖ
2513 4979 2677 5034 αὑτοῦ
2701 4981 2887 5049 Λόγῳο
2997 4977 3316 5048 προστάττει
3343 4976 3786 5044 εὐαγγελίζεσθαι

2209 5073 2506 5143 άνελθούσῃ
2557 5073 2642 5125 ἐπ’
2693 5073 2818 5143 ὅρος
2877 5071 3098 5141 ὑψηλὸν,
3163 5070 3326 5124 αὑτὸν
3369 5071 3460 5123 τὸν
3521 5071 3787 5139 σωτήριον

2207 5166 2382 5235 λόγον.
2433 5165 2528 5228 Τίς
2563 5164 2622 5218 δὲ
2670 5165 2698 5217 6
2739 5163 3240 5233 εὐαγγελιζόμενος,
3293 5162 3320 5233 ἧ
3363 5164 3392 5215 6
3431 5161 3787 5229 εὐαγγελικὶς

2206 5259 2398 5331 χορός;
2439 5256 2505 5309 Τί
2549 5257 2606 5310 δὲ
2643 5254 3123 5324 εῦαγγελίζεσθαις
3158 5253 3448 5326 κηρύττειν
3492 5255 3655 5306 πᾶσιν
3690 5252 3786 5304 άν-

2208 5350 2445 5424 θρώποις
2478 5348 2572 5402 τοῦ
2612 5346 2848 5420 Χριστοῦ
2897 5347 2991 5419 τὴν
3033 5349 3126 5402 ἐπὶ
3168 5349 3267 5419 γῆς
3308 5346 3633 5418 παρουσίαν,
3685 5343 3783 5396 καὶ

2209 5442 2312 5513 πρὸ
2341 5441 2554 5495 πάντων
2593 5443 2707 5503 ταῖς
2733 5439 2947 5493 πόλεσιν
2995 5438 3182 5492 Ἰούδα.

2283 5555 2299 5586 ι
2352 5532 2653 5603 ’Υψώσατπ
2705 5532 2778 5604 μὴ
2825 5532 3092 5602 φοῆεἰσθε.
3149 5527 3314 5585 Εἶπον
3379 5533 3500 5594 ταῖς
3558 5526 3778 5582 πόλεσιν
