4158 6402
523 287 630 348 E75

1203 297 1474 354 EUSEBll
1513 295 1998 353 CJESARIENSIS
2035 291 2187 348 OPP.
2227 291 2408 348 PARS
2447 291 2535 348 ill.
2575 325 2644 334 -—-
2683 291 3096 352 EXEGETICA.

3681 293 3786 346 576

525 414 718 470 lalitues
763 413 1041 483 volarent;
1073 417 1146 472 ita
1182 427 1240 472 ut
1269 418 1656 482 escenderent,
1701 417 2096 479 cxaltarentur,

2206 415 2301 467 καὶ
2366 414 2518 477 τέλος
2579 415 2680 484 τὴν
2731 416 2812 478 είς
2867 412 3128 484 οὐρανοὺς
3177 409 3402 482 πορείαν
3458 409 3784 465 στείλασθαι.

525 522 588 562 ac
622 509 836 562 demum
871 511 924 566 in
956 511 1125 566 eteius
1155 525 1374 565 cursum
1408 512 1726 582 dirigerent.
1761 509 1890 566 Haec
1911 511 2106 581 quippe

524 601 832 670 aquilarum
866 613 1054 656 natura
1085 611 1190 656 est.

595 688 762 744 Vens.
790 685 878 746 3t.
915 710 934 744 ι
966 692 1071 759 Qui
1117 703 1298 749 autem
1333 705 1654 766 exspectant
1701 695 1893 758 Deum,
1929 703 2107 748 muta.-

525 780 658 836 bunt
686 782 1084 850 fortitudinem,
1104 797 1384 842 assumunt
1409 803 1616 857 pennas
1640 797 1698 841 ut
1722 788 1952 856 aquilae;
1981 801 2106 842 cur-

525 880 664 936 rent,
695 883 748 926 et
784 890 888 928 non
918 875 1240 932 laborabunt
1273 896 1287 944 ;
1321 880 1708 946 autbnlabunt,
1753 891 1808 934 et
1848 895 1954 934 non
1983 895 2107 936 csu-

525 963 684 1018 rient.
717 984 735 1016 ι
777 965 1090 1034 lugentibus
1116 971 1380 1038 perfuncti
1409 972 1725 1037 doloribus,
1771 974 1988 1027 demum
2027 975 2107 1027 vi—

521 1055 782 1112 sitatione
815 1060 908 1114 Dei
938 1062 1168 1130 dignati,
1202 1063 1254 1118 in
1287 1079 1424 1133 pace
1449 1065 1614 1119 vitam
1657 1075 1908 1134 egerunt,
1951 1068 2104 1135 aqui-

523 1147 698 1202 larum
734 1149 910 1204 instar
937 1155 1129 1224 pennis
1167 1156 1444 1220 instructi,
1495 1171 1560 1212 ac
1594 1155 1647 1210 in
1677 1157 1909 1212 sublime
1953 1157 2099 1212 elati.

521 1239 678 1306 Quod
720 1244 764 1296 si
821 1247 1114 1316 contigerit
1164 1263 1274 1312 eos,
1339 1249 1429 1318 qui
1463 1265 1562 1318 pro
1595 1251 1792 1318 pietate
1819 1260 2102 1305 concerta-

524 1344 652 1388 runt
699 1345 754 1390 et
805 1338 1080 1401 vicerunt,
1145 1341 1412 1412 martyrio
1481 1349 1892 1395 consummatos
1938 1356 2098 1408 esse;

523 1425 695 1482 multo
728 1430 898 1498 magis
936 1431 1045 1486 illis
1074 1444 1374 1488 memorata
1412 1433 1702 1502 promissio
1729 1444 2029 1504 competat.

1115 1524 1344 1580 CAPUT
1387 1523 1519 1580 XLI.

591 1605 757 1668 Vsus.
802 1615 854 1669 l.
894 1633 913 1666 ι
944 1615 1278 1672 lnaovamini
1311 1618 1377 1673 ad
1425 1633 1534 1678 tne.
1583 1618 1792 1686 insulae,
1826 1620 2102 1691 principes

521 1706 669 1759 enim
703 1710 990 1764 mutabunt
1033 1711 1364 1780 potentiam:
1399 1712 1662 1766 accedant
1699 1722 1756 1767 et
1813 1713 2102 1782 loquantur

2209 507 2446 577 Τοιαύτη
2471 508 2580 578 γὰρ
2615 510 2647 577 ἡ
2679 507 2854 560 ἀετῶν
2887 507 3064 575 φύσις.

2284 731 2302 762 ι
2345 713 2405 766 Oi
2439 712 2496 765 δὲ
2545 707 2906 783 ὑπομένοντες
2937 709 3029 762 τὸν
3073 708 3206 762 Θεὸν
3253 707 3570 773 ἀλλάξουσιν
3611 705 3782 776 texi”,

2209 805 2680 874 πτεροφυήσονσιν
2729 803 2804 864 ὼς
2839 801 3018 854 ἀετοί·
3063 799 3415 874 δραμοῦνται,
3451 800 3544 852 καὶ
3583 799 3643 851 οὐ
3695 815 3788 850 κο-

2207 895 2484 948 πιάσουσι·
2527 892 2854 964 βαδιοῦνται,
2907 892 2998 945 καὶ
3031 891 3091 944 οὐ
3147 890 3512 944 πεινάσουσιν.
3567 907 3585 940 ι
3633 887 3788 940 Mssa

2205 979 2296 1036 οὖν
2330 984 2428 1046 τὰς
2445 983 2889 1055 ὑπερϐαλλούσας
2910 984 3133 1054 θλίψεις,
3165 980 3467 1050 ἐπισκοπῆς
3491 977 3626 1032 Θεοῦ
3657 994 3786 1030 κατ-

2206 1075 2563 1140 αξιωθέντες,
2609 1076 2663 1127 ὲν
2699 1077 2890 1149 εἰρήνῃ
2933 1073 3234 1128 διετέλεσαν
3271 1071 3360 1126 τὸν
3407 1071 3547 1142 βίον,
3610 1069 3788 1124 ἀετῶν

2205 1161 2360 1235 δίκην
2395 1167 2888 1237 πτεροφυήσαντες,
2919 1165 3014 1219 καὶ
3048 1165 3128 1226 είς
3160 1162 3291 1232 ὕψος
3323 1161 3597 1232 ἀρθέντες.
3634 1159 3696 1212 Ei
3725 1157 3786 1211 δὲ

2205 1257 2300 1309 καὶ
2361 1257 2646 1328 μαρτυρίῳ
2691 1255 3044 1326 τελειωθῆναι
3101 1251 3413 1324 συμϐέϐηκε
3468 1252 3594 1314 τοὺς
3643 1249 3788 1321 ὑπὲρ

2207 1347 2488 1411 εὐσεϐείας
2511 1348 2916 1420 ἠγωνισμένους
2950 1347 3043 1401 καί¹
3077 1345 3450 1418 νενικηκότας.
3483 1341 3616 1396 πολὺ
3647 1341 3782 1413 μᾶλ-

2204 1437 2294 1492 λον
2318 1441 2527 1503 τούτοις
2564 1429 2854 1510 ἁρμόσειεν
2883 1441 2918 1510 ἡ
2956 1437 3216 1510 εἰρημένη
3247 1427 3578 1504 ἐπαγγελία(

2720 1529 3116 1583 ΚΕΦΑΛΛῘΟΝ
3143 1529 3276 1582 MA'.

2289 1617 2690 1688 Ἐγκαινίζεσθε
2741 1617 2883 1692 πρὸς
2930 1621 3018 1690 μὲ,
3069 1619 3252 1692 νῆσοι·
3287 1619 3336 1672 oi
3374 1618 3481 1690 γὰρ
3529 1619 3786 1689 ἄρχοντες

2209 1711 2528 1776 ἀλλάξουσιν
2577 1711 2759 1783 ἰσχύν·
2823 1713 3202 1780 ὲγγισάτωσαν
3253 1711 3346 1765 καὶ
3398 1709 3790 1778 λαλησάτωσαν

523 1795 682 1850 simul
714 1815 728 1862 ;
763 1778 1172 1870 tuncjndiciutn
1205 1803 1548 1857 annuntit-nt.
1585 1822 1604 1855 ι
1633 1802 1796 1858 Iubet
1841 1778 2096 1859 nimirum

2209 1800 2358 1870 ἅμα·
2394 1801 2514 1854 τότε
2551 1801 2731 1873 κρίσιν
2763 1801 3258 1869 ἀναγγειλὰτωσαν.
3289 1821 3306 1852 ι
3347 1797 3786 1870 Παρακελεύεται
3833 1853 3838 1856 _

522 1888 744 1955 insulas,
779 1910 797 1942 ι
827 1893 1200 1949 obmutescere
1224 1904 1280 1948 et
1305 1904 1509 1959 tacere,
1543 1914 1562 1948 ι
1599 1897 1894 1951 secundum
1927 1896 2104 1951 Theo-

523 1982 820 2048 dotionem,
881 1995 941 2039 ut
999 1987 1242 2040 divinum
1314 2001 1623 2041 sermonem
1663 1973 1747 2041 'et
1806 1987 2102 2042 salutarem

520 2076 962 2146 prmdicationem
995 2078 1182 2133 audire
1207 2077 1443 2134 valeant.
1471 2079 1680 2134 Insulas
1693 2095 1824 2134 vero
1846 2077 2101 2149 frequen-

495 2239 498 2242 _
525 2177 605 2224 ter
632 2181 790 2225 vocat
811 2169 1080 2226 Ecclesias
1105 2172 1360 2228 ontnibns
1383 2187 1450 2228 ex
1478 2172 1728 2240 gentibus
1753 2173 2096 2238 constitutas,

523 2263 646 2332 quia
701 2263 818 2318 illas
861 2265 1114 2334 nequitiae
1143 2264 1362 2334 salsugo
1409 2279 1504 2318 ceu
1556 2279 1709 2318 mare
1751 2263 2099 2318 circumﬂuit.

525 2373 544 2406 ι
579 2353 860 2424 Principes
889 2357 1034 2410 enim
1081 2358 1368 2412 mutabunt
1411 2358 1745 2428 potentiam;
1779 2376 1798 2410 ι
1828 2366 1887 2410 ιιι
1925 2371 2103 2412 mores

523 2457 755 2512 mutent,
809 2456 864 2504 et.
907 2465 936 2502 a
989 2448 1267 2518 peioribus
1322 2450 1388 2502 ad
1435 2449 1660 2502 meliora
1683 2457 2100 2502 convertantur.

525 2559 542 2591 ε
573 2541 850 2596 Accedant
879 2551 932 2596 et
963 2541 1256 2612 loquantur
1283 2539 1446 2596 simul
1472 2557 1486 2604 ;
1523 2559 1543 2592 ι
1597 2539 1854 2594 nimirum
1886 2549 2098 2610 gentes,

521 2633 716 2705 inquit,
746 2635 812 2690 ad
845 2651 932 2690 me
981 2636 1146 2690 Deum
1185 2649 1342 2688 suum
1371 2634 1656 2694 accedant,
1690 2642 1744 2686 et
1777 2633 1942 2686 verba
1981 2647 2098 2686 mea

519 2723 832 2795 loquantur,
868 2743 989 2797 qua:
1023 2726 1183 2782 simul
1215 2737 1274 2782 et
1303 2727 1356 2781 in
1391 2739 1535 2782 cmtu
1583 2727 1985 2792 recitabantur,
2030 2725 2102 2778 vi-

517 2818 718 2874 delicet
749 2821 802 2874 in
829 2819 1072 2876 Ecclesia
1105 2834 1248 2874 mea.

599 2988 759 3046 Vsus.
794 2991 850 3045 2.
895 3009 913 3042 ι
946 2991 1098 3045 Tunc
1150 2989 1412 3057 judicium
1469 2992 1812 3046 annuntient.
1840 2991 1974 3058 Quis
2003 3005 2100 3048 ex-

521 3085 712 3138 citavit
739 3084 807 3139 ab
848 3085 1060 3137 oriente
1090 3081 1406 3152 justitiam?
1440 3086 1651 3138 vocavit
1683 3100 1802 3138 eam
1835 3087 1902 3140 ad
1937 3087 2097 3155 pedes

523 3190 651 3230 suos
677 3183 727 3230 et
761 3177 960 3230 vadet?
982 3195 1000 3227 ι
1040 3177 1290 3246 Peroptat
1319 3179 1464 3232 enim
1499 3189 1555 3231 ut
1587 3188 1795 3250 gentes,
1825 3193 1987 3250 quem
2014 3179 2100 3233 di-

523 3267 772 3322 dicerunt
825 3267 916 3323 Dei
972 3285 1278 3324 sermonem
1312 3270 1432 3326 aliis
1475 3272 1822 3328 annuntieut.
1869 3272 2100 3327 .luStitiae

523 3371 756 3431 namque
806 3377 942 3431 Optls
974 3371 1112 3427 erat,
1168 3371 1226 3416 ut
1274 3379 1378 3416 non
1426 3363 1708 3418 domestici
1743 3374 1972 3428 tantum,
2005 3365 2100 3418 sed

519 3453 682 3508 etiam
719 3455 939 3526 reliquae
966 3467 1154 3527 gentes
1189 3458 1255 3510 ad
1289 3455 1380 3511 Dei
1422 3457 1672 3511 uetitiam
1715 3465 2097 3510 evocarentur.

598 3573 617 3605 ι
647 3549 799 3604 Dabit
829 3552 882 3603 in
915 3557 1202 3616 conspectu
1242 3549 1507 3616 gentium,
1553 3558 1610 3602 et
1661 3563 1815 3616 reges
1843 3548 2103 3614 obstupe-

523 3646 730 3702 faciet:
763 3653 817 3698 et
845 3641 992 3696 dabit
1042 3643 1093 3694 in
1128 3650 1330 3694 terram
1381 3641 1590 3710 gladios
1634 3654 1849 3705 eorum,
1879 3648 1932 3692 et
1961 3638 2102 3692 sicut

522 3739 748 3810 stipulas
779 3735 1032 3806 expulsas
1057 3749 1217 3788 arcus
1251 3749 1464 3787 eorum.
1491 3753 1510 3785 ι
1553 3732 1807 3787 Sululidit
1844 3732 1918 3786 illi
1971 3731 2102 3785 mul.

522 3842 629 3901 tos,
668 3843 723 3886 ut
755 3829 1106 3899 Babylonem,
1138 3827 1280 3896 quod
1329 3826 1418 3896 jus
1466 3827 1790 3896 postulabat,
1838 3825 2098 3881 dirueret.

522 3923 641 3996 Ipse
671 3935 904 3990 namque
935 3929 1072 3979 erat,
1104 3919 1196 3988 qui
1231 3926 1286 3972 et
1307 3919 1508 3986 priscis
1547 3919 1649 3972 illis
1675 3918 1802 3972 olim
1835 3919 2104 3988 religiosis

523 4014 838 4071 hominibus
872 4022 1033 4066 notus
1061 4011 1184 4076 fuit,
1211 4020 1265 4064 et
1293 4011 1386 4081 qui
1413 4021 1535 4079 post
1563 4013 1800 4080 priscum
1830 4011 1974 4065 illuni
2014 4029 2102 4082 po-

524 4107 709 4178 pulum
740 4103 1037 4159 Ecclesium
1063 4104 1308 4174 gentium
1343 4105 1447 4178 sibi
1483 4105 1854 4158 concreditum
1889 4105 2096 4159 habuit.

599 4197 762 4252 Vsus.
799 4195 854 4259 5,
895 4195 950 4248 4.
997 4213 1015 4246 ι
1063 4195 1126 4249 Et
1169 4177 1526 4265 persequetur
1559 4213 1654 4251 eos
1693 4215 1706 4250 :
1751 4200 2004 4253 transibit
2049 4201 2099 4252 in

523 4303 658 4359 pace
686 4290 766 4340 via
799 4289 991 4356 pedum
1009 4286 1146 4355 ejus.
1171 4287 1303 4356 Quis
1324 4299 1582 4358 operatus
1604 4299 1688 4344 cst
1714 4301 1768 4345 et
1794 4293 1919 4346 fecit
1949 4293 2102 4346 banc?

525 4379 750 4437 Vucavit
784 4397 926 4440 eam,
953 4381 1042 4450 qui
1095 4391 1247 4436 vocat
1277 4395 1397 4435 eam
1439 4397 1466 4435 a
1499 4385 1911 4452 generationunt
1947 4383 2100 4453 prin-

2205 1894 2341 1964 δῆτα
2373 1897 2496 1957 ταῖς
2527 1895 2732 1964 νήσοις,
2769 1892 2909 1945 κατά
2939 1891 3291 1954 Θεοδοτίωνα,
3337 1909 3354 1941 ι
3395 1889 3660 1958 κωφεύειν
3693 1889 3790 1942 καὶ

2210 1989 2388 2059 σιγᾷν,
2429 2005 2446 2038 ι
2475 1987 2552 2049 ὡς
2584 1987 2650 2040 ἂν
2679 1987 2906 2057 ἐπήκοοι
2939 1985 3176 2054 γένοιντο
3200 1985 3387 2054 θεῖκῆς
3411 1983 3644 2054 ὁμιλίας,
3683 1999 3787 2035 σω-

2205 2081 2394 2152 τηρίου
2420 2095 2477 2132 τε
2513 2079 2888 2150 κηρύγματος.
2917 2079 3132 2148 Νήσους
3163 2077 3219 2130 δὲ
3248 2073 3502 2148 ὀνομάζει
3547 2075 3790 2144 συνεχῶς

2203 2173 2302 2236 τὰς
2330 2172 2388 2237 ἐξ
2412 2173 2668 2225 ἁπάντων
2704 2170 2812 2224 τῶν
2837 2169 3004 2224 ἐθνῶν
3020 2169 3363 2240 Ἐκκλησίας,
3392 2168 3478 2221 διὰ
3510 2168 3572 2220 τὸ
3595 2166 3786 2237 ὥσπερ

2205 2261 2311 2316 ὑπὸ
2354 2261 2630 2331 Θαλάσσης
2681 2259 3068 2332 περιρρέεσθαι
3117 2259 3224 2312 ὑπὸ
3267 2258 3370 2328 τῆς
3413 2259 3658 2330 ἁλμυρᾶς
3688 2257 3783 2311 τοῦ

2207 2353 2321 2424 βίον
2355 2351 2572 2415 κακίας.
2611 2371 2628 2402 ι
2670 2354 2732 2404 Οἱ
2757 2352 2865 2422 γὰρ
2893 2352 3152 2424 ἄρχοντες
3181 2351 3494 2417 ἀλλάξουσιν
3529 2351 3712 2422 ἰσχύν·
3757 2371 3783 2404 ι

2204 2447 2280 2511 ὡς
2319 2447 2384 2501 ἂν
2419 2445 2774 2516 μεταδάλοιεν
2809 2445 2898 2498 τὸν
2929 2444 3138 2496 ἑαυτῶν
3167 2445 3386 2516 τρόπον,
3419 2447 3511 2498 καὶ
3543 2445 3786 2517 ἀλλαγὴν

2203 2541 2302 2611 τὴν
2345 2539 2452 2593 ἀπὸ
2483 2539 2594 2592 τῶν
2629 2539 2886 2610 χειρόνων
2934 2539 3024 2590 ἐπὶ
3074 2539 3142 2592 τὰ
3191 2539 3421 2611 κρείττω
3453 2541 3782 2610 ποιήσοιντο.

2209 2651 2228 2684 ι
2287 2633 2694 2701 Ἐγγισατωσαν
2733 2631 2825 2683 καὶ
2866 2629 3252 2698 λαλησάτωσαν
3299 2631 3414 2702 ἆμα
3435 2648 3448 2660 ·
3491 2649 3509 2682 ›
3543 2631 3784 2701 δηλονότι

2203 2725 2270 2778 τι
2293 2723 2418 2796 ἔθνη
2443 2723 2579 2796 πρὸς
2611 2723 2700 2795 μὲ,
2719 2723 2874 2793 φησὶ,
2895 2723 2988 2775 τὸν
3007 2722 3139 2776 Θεὸν
3171 2723 3568 2792 ὲγγισάτωσαν,
3593 2725 3687 2778 καὶ
3713 2723 3788 2777 τὰ

2203 2813 2312 2885 ἐμὰ
2339 2815 2557 2885 ῥήματα
2586 2812 2996 2884 λαλησάτωσαν,
3027 2813 3162 2884 ὁμοῦ
3209 2813 3350 2867 κατὰ
3379 2815 3439 2868 τὸ
3467 2815 3596 2868 αὐτὸ
3634 2816 3784 2884 γενό-

2208 2924 2364 2978 μενα,
2409 2909 2466 2960 ὲν
2503 2909 2570 2979 τῇ
2611 2909 2717 2979 ἐμῇ
2741 2905 2942 2978 δηλαδὴ
2983 2905 3298 2980 Ἐκκλησία.

2281 3020 2297 3052 ι
2331 3001 2464 3054 Τότε
2497 3001 2676 3073 κρίσιν
2705 2998 3201 3067 ἁναγγειλάτωσαν.
3227 2999 3325 3062 Τίς
3367 2999 3647 3072 ἐξήγειρεν
3675 3001 3786 3053 ἀπὸ

2205 3093 2480 3146 ἀνατολῶν
2527 3091 2909 3162 δικαιοσύνηνς
2950 3092 3205 3146 ἐκάλεσεν
3237 3093 3405 3163 αὐτὴν
3446 3091 3587 3146 κατὰ
3617 3093 3784 3154 πόδας

2205 3183 2391 3249 αὐτοῦ,
2413 3187 2506 3240 καὶ
2524 3185 2849 3258 πορεύσεται
2868 3203 2882 3248 ;
2912 3205 2928 3235 ι
2946 3185 3048 3238 Τὸν
3065 3183 3170 3256 γὰρ
3195 3185 3434 3256 περὶτῆς
3452 3183 3682 3256 κρίσεως
3697 3183 3785 3237 λό-

2205 3295 2298 3348 γον
2321 3277 2567 3348 βούλεται
2588 3277 2826 3348 μαθόντα
2845 3277 2912 3330 τὰ
2928 3276 3052 3348 ἔθνη
3073 3275 3166 3330 καὶ
3183 3275 3386 3344 ἑτέροις
3399 3273 3780 3343 ἀπαγγέλλειν.

2205 3369 2558 3439 Δικαιοσύνης
2585 3371 2696 3442 γὰρ
2737 3369 2896 3440 ἔργον
2937 3365 3006 3442 ἦν
3037 3365 3096 3422 τὸ
3131 3368 3204 3440 μὴ
3237 3369 3398 3432 ἰδίους
3435 3368 3612 3439 μόνον,
3647 3367 3787 3422 ἀλλὰ.

2205 3467 2298 3516 καὶ
2321 3463 2390 3516 τὰ
2409 3463 2572 3516 λοιπὰ
2595 3463 2721 3534 ἔθνη
2749 3463 3030 3516 καλεῖσθαι
3051 3462 3144 3515 ἐπὶ
3165 3461 3262 3532 τὴν
3284 3459 3379 3513 τοῦ
3403 3459 3536 3514 Θεοῦ
3560 3461 3778 3529 γνῶσιν.

2281 3575 2300 3606 ι
2340 3554 2511 3607 Δὼσει
2545 3553 2788 3607 ἐναντίον
2845 3553 3035 3610 ὲθνῶν.
3095 3553 3190 3605 καὶ
3225 3551 3460 3621 βασιλεῖς
3493 3551 3740 3624 ἐκστήσει
3764 3570 3778 3581 ·

2205 3648 2299 3701 καὶ
2329 3645 2492 3700 δώσει
2523 3647 2602 3709 εἰς
2631 3645 2733 3716 γῆν
2761 3645 2859 3707 τὰς
2896 3643 3169 3716 μαχαίρας
3195 3645 3394 3708 αὐτῶν,
3425 3644 3517 3697 καὶ
3545 3645 3620 3706 ὡς
3648 3642 3783 3714 φρό-

2205 3753 2345 3806 γανα
2388 3737 2672 3807 ὲξωσμένα
2715 3735 2782 3790 τὰ
2820 3737 2948 3801 τόξα
2991 3737 3188 3789 αὐτῶν.
3229 3757 3246 3788 ι
3295 3737 3589 3801 Ὕπέταξεν
3639 3736 3784 3808 αὐτῷ

2207 3829 2455 3892 πολλοὺς,
2488 3829 2574 3881 ἵνα
2603 3826 2809 3900 καθέλῃ
2855 3826 3146 3880 Βαϐυλῶνα
3173 3825 3411 3888 δικαίως.
3463 3827 3627 3889 Αὐτὸς
3669 3825 3778 3898 γὰρ

2205 3917 2274 3993 ἦν
2299 3924 2328 3974 ὁ
2359 3922 2590 3983 καὶτοῖς
2617 3919 2856 3990 πρώτοις
2885 3917 3159 3990 πρόπαλαι
3194 3921 3284 3972 καὶ
3314 3919 3372 3983 ἐξ
3403 3919 3574 3990 ἀρχῆς
3605 3919 3784 3989 θεοφι-

2204 4015 2318 4068 λέσι
2359 4013 2672 4085 γενομένοις
2711 4013 2992 4081 γνωσθεὶς,
3026 4015 3118 4067 καὶ
3162 4016 3189 4066 ὀ
3232 4011 3366 4084 μετά
3400 4013 3489 4064 τὸν
3521 4011 3783 4083 πρότερον

2204 4103 2328 4159 λαὸν
2367 4105 2474 4158 τῶν
2507 4103 2676 4157 ἐθνῶν
2718 4103 3041 4173 Ἐκκλησίαν
3083 4103 3534 4172 πεπιστευμένος.

2283 4217 2300 4248 ι
2347 4197 2457 4250 Καὶ
2497 4195 2738 4260 διώξεται
2791 4195 3006 4259 αὐτούς·
3053 4195 3380 4248 διελεύσεται
3424 4196 3481 4246 έν
3514 4195 3706 4266 εἰρήνῃ
3747 4196 3780 4264 ή

2203 4287 2320 4351 ὁδὸς
2359 4288 2467 4341 τῶν
2507 4287 2681 4338 ποδῶν
2731 4283 2915 4340 αὐτοῦ.
2973 4285 3068 4348 Τίς
3117 4286 3380 4355 ἐνήργησε
3431 4283 3520 4337 καὶ
3561 4284 3781 4354 ἐποίησε

2205 4379 2410 4444 ταῦτα;
2465 4377 2752 4430 Ἐκάλεσεν
2785 4377 2954 4446 αὐτὴν
2987 4379 3014 4428 ό
3041 4376 3218 4430 καλῶν
3249 4375 3414 4446 αὐτὴν
3451 4375 3556 4428 ἀπὸ
3583 4375 3782 4444 γενεῶν

522 4475 685 4544 σ-ἰρίο.
723 4493 740 4527 ι
775 4474 1124 4530 Testiticatnr
1157 4489 1263 4528 non
1296 4475 1567 4545 vulgarent
1601 4477 1890 4530 utilitatem
1922 4479 2100 4548 genti-

2206 4471 2393 4543 ἀρχῆς.
2445 4489 2462 4521 ι
2501 4469 2788 4540 Μαρτυρεῖ
2817 4469 2872 4522 δὲ
2899 4473 2926 4522 ὁ
2961 4469 3116 4537 λόγος
3153 4468 3416 4536 ὠφέλειαν
3461 4469 3521 4520 οὐ
3552 4468 3647 4538 τὴν
3691 4487 3781 4521 τυ-

522 4569 622 4624 bus
651 4569 1032 4632 obrenturam,
1073 4568 1118 4621 si
1171 4583 1198 4619 a
1225 4567 1451 4637 pristina
1484 4570 1728 4622 caecitate
1779 4579 1836 4624 et
1877 4570 2100 4623 deorum

521 4661 868 4714 multitudine
903 4660 1201 4724 translata},
1236 4660 1452 4715 videant
1478 4677 1600 4716 eum
1631 4662 1724 4730 qui
1759 4662 1913 4726 dixit,
1947 4681 1965 4714 ι
1991 4661 2103 4730 Ego

524 4752 666 4808 Deus
708 4755 934 4823 primus,
975 4763 1030 4806 et
1081 4753 1390 4806 inventura
1453 4764 1692 4822 Iempora
1748 4769 1848 4820 ego
1903 4771 2044 4808 sum.
2078 4775 2096 4806 ι

519 4847 692 4914 Quem
741 4863 868 4902 cum
901 4846 1152 4900 viderent
1193 4847 1582 4910 extimuerunt,
1639 4848 1705 4900 ad
1755 4847 1968 4900 initium
2017 4864 2106 4900 sa-

519 4941 738 5008 pientiae
778 4939 1079 5008 profectze;
1121 4954 1244 4992 nam
1299 4957 1317 4991 ι
1360 4939 1580 4994 Initium
1617 4939 1902 5009 sapientiae
1941 4941 2105 4995 timor

524 5031 740 5086 Domini
775 5031 841 5084 “.
873 5050 892 5083 ι

593 5125 757 5179 Vens.
791 5125 909 5181 5-7.
969 5144 986 5172 α
1023 5123 1266 5180 Termini
1305 5135 1464 5180 terra:
1495 5135 1865 5189 accesserunt,
1910 5134 1963 5178 et
2011 5141 2105 5176 ve-

525 5226 723 5272 nerunt
774 5217 958 5279 simul,
998 5218 1252 5288 judicans
1287 5217 1660 5287 unusquisque
1705 5221 1951 5286 proximo
1981 5235 2100 5281 suo,

522 5321 578 5364 et
631 5311 786 5366 fratri
833 5311 1104 5369 auxiliari.
1165 5307 1228 5366 Et
1256 5311 1423 5378 dicet,
1453 5310 1743 5365 Prtevalnit
1767 5311 1850 5364 vir
1879 5311 2098 5374 artifex,

523 5417 576 5454 ιιι
626 5405 852 5458 a-rarins
884 5407 1200 5473 percutiens
1243 5403 1474 5458 malleo:
1524 5405 1684 5458 simul
1741 5405 1964 5468 cudens,
2011 5405 2103 5458 ali-

519 5495 744 5566 quando
770 5496 986 5566 quidem
1018 5499 1181 5564 dicet,
1215 5495 1480 5551 Snlidalio
1529 5497 1666 5551 bona
1699 5507 1802 5550 est.
1832 5497 2098 5551 Corrubo-

527 5599 724 5643 rarnut
755 5603 816 5640 ea
848 5589 1040 5650 clavis,
1075 5598 1274 5659 ponent
1309 5605 1392 5655 ea,
1423 5597 1476 5643 et
1516 5605 1620 5644 tton
1665 5589 2043 5644 movebuntur.
2081 5605 2098 5638 ι

595 5743 642 5779 ⁸⁸
671 5745 816 5802 Γωι.
845 5763 934 5804 οι.
967 5745 1030 5804 ιιι

2205 4562 2404 4634 χοῦσαν
2434 4564 2546 4624 τοῖς
2581 4561 2810 4622 ἔθνεσιν,
2847 4559 2987 4628 εἴγε
3026 4558 3422 4629 μεταϐάλλοντα
3458 4559 3559 4626 τῆς
3592 4560 3782 4630 προτέ-

2205 4671 2305 4724 ρας
2359 4652 2620 4721 ἀῦλεψίας
2669 4653 2763 4704 καὶ
2795 4649 3099 4712 πολυθεῒας,
3143 4649 3323 4704 ἴδοσαν
3355 4649 3444 4702 τὸν
3486 4649 3778 4720 εἰρηκότα*

2209 4766 2226 4795 ι
2281 4745 2422 4813 Ἐγὼ
2463 4744 2596 4808 Θεὸς
2648 4743 2882 4814 πρῶτος,
2931 4744 3026 4796 καὶ
3059 4746 3136 4806 εἰς
3183 4747 3251 4797 τε
3298 4743 3636 4814 ἐπερχόμενα
3675 4741 3782 4810 ὲγὼ

2203 4839 2340 4908 εἰμι.
2385 4857 2402 4887 ι
2454 4837 2565 4888 Καὶ
2613 4835 2790 4888 ἰδόντα
2839 4835 3212 4904 ἐιξοϐήθησαν,
3248 4837 3305 4887 ὲν
3336 4835 3476 4904 ἀρχῇ
3520 4835 3783 4903 γενόμενα

2204 4925 2394 4997 σοφίας
2418 4945 2430 4956 ·
2481 4947 2498 4978 ι
2553 4927 2717 4997 Ἀρχὴ
2751 4925 2859 4996 γὰρ
2895 4925 3086 4995 σοφίας
3121 4925 3284 4993 φόϐος
3319 4926 3542 4997 Κυρίου.
3587 4947 3603 4978 ι

2281 5125 2298 5158 ι
2339 5108 2419 5160 Τὰ
2448 5108 2592 5179 ἄκρα
2621 5108 2720 5178 τῆς
2749 5109 2851 5179 γῆς
2885 5109 3138 5179 ἦγγισαν,
3172 5108 3263 5161 καὶ
3296 5103 3458 5178 ἦλθον
3489 5105 3623 5175 ἅμα,
3666 5103 3785 5174 κρί-

2203 5217 2309 5252 νων
2335 5199 2568 5262 ’ἐκαστος
2593 5199 2672 5270 τῷ
2717 5200 2966 5271 πλησίον,
3001 5199 3095 5252 καὶ
3144 5198 3222 5270 τῷ
3252 5195 3464 5268 ἀδελφῷ
3500 5196 3781 5266 βοηθῆσαι.

2211 5294 2320 5344 Καὶ
2351 5293 2494 5364 spei“
2537 5295 2784 5363 Ἴσχυσεν
2817 5291 2955 5364 ἀνὴρ
2987 5293 3212 5355 τέκτων,
3244 5293 3335 5346 καὶ¹
3369 5291 3599 5362 χαλκεὺς
3624 5289 3652 5340 ὁ
3690 5288 3784 5340 τύ-

2211 5399 2358 5434 πτων
2387 5383 2587 5455 σφῦρα,
2621 5385 2737 5454 ἃμα
2760 5385 3016 5446 ἐλαύνων,
3039 5379 3166 5436 ποτὲ
3195 5384 3291 5455 μὲν
3321 5385 3452 5454 ἐρεῖ,
3485 5380 3786 5451 Σύμὸλημα

2213 5475 2376 5528 καλόν
2425 5477 2593 5532 ἐστιν.
2651 5479 2974 5548 Ἰσχύρωσαν
3032 5477 3168 5532 αὐτά
3220 5479 3274 5530 ἐν
3328 5477 3496 5547 ἣλοις,
3533 5475 3788 5546 θήσουσιν

2213 5568 2369 5632 αὐτὰ,
2403 5571 2493 5624 καὶ
2526 5569 2586 5625 οὐ
2622 5571 3020 5644 κινηθήσονται.
3065 5593 3081 5626 ι
3121 5573 3191 5626 Τὸ
3221 5573 3325 5645 γὰρ
3360 5572 3788 5643 παραδοξότατον
