4158 6402
350 346 371 359 ’
386 349 492 406 377

1307 337 1804 397 COMMENTARIA
1845 284 1919 392 IN.
1955 333 2204 392 lSAlAM.
2258 331 2510 402 -.CAP.
2549 328 2682 384 λιι.

3527 317 3632 379 378

384 463 545 518 τοῦτό
577 463 744 527 ἐστιν,
775 463 859 516 ὅτι
888 462 983 516 καὶ
1013 460 1082 514 τά
1115 460 1366 532 βάρϐαρα
1407 460 1548 531 φύλα
1591 461 1685 514 καὶ
1713 458 1784 513 τὰ
1825 460 1941 530 πορι

2061 455 2191 511 Nam
2207 454 2348 524 quod
2377 468 2473 522 per
2496 451 2716 520 quidem
2737 448 2932 503 mirum
2963 454 3067 510 est,
3093 442 3340 500 barbara:
3363 443 3632 505 nationes.

383 539 611 629 ρωτάτῶ
641 552 1005 624 ἀπῳκισμένα
1050 552 1348 622 Ἰουδαϊκῆς
1379 551 1582 623 χώρας,
1607 551 1728 605 καθ’
1762 551 1829 621 ἢν
1866 550 1960 623 μό-

381 662 479 719 νην
502 645 864 717 γνωρίζεσθαι
884 645 1163 716 ἐνομίζετο
1185 646 1248 699 τὸ
1273 645 1499 699 παλαιὸν
1525 647 1554 698 ὁ
1579 643 1730 710 Θεὸς,
1756 643 1959 713 γνῶσιν

380 737 641 809 ἀνείληφε
682 738 781 809 τῆς
811 735 1092 802 εὐσεϐείας
1128 739 1222 791 καὶ
1250 740 1349 809 τῆς
1378 737 1719 802 θεοσεϐείας’
1756 737 1830 801 ὡς
1862 736 1955 789 ὲκ-

381 829 656 900 πλαγῆναι
678 827 776 898 τῆς
803 828 895 882 τοῦ
923 828 1058 882 Θεοῦ
1085 827 1426 900 δικαιοσύνης
1453 829 1553 901 τὴν
1577 829 1758 902 χάριν,
1793 828 1958 883 σπεῦ-

383 920 474 974 σαί
501 938 562 974 τε
593 908 687 975 καὶ
709 919 879 975 ἐλθεῖν
906 920 1214 985 ἀκολούθως
1241 921 1318 992 τῷ
1351 923 1584 993 φήσαντι
1615 921 1952 994 κηρύγματν

387 1031 408 1064 ο
476 1013 900 1081 Ἐγγισάτωσαν,
948 1014 1042 1067 καὶ
1068 1013 1456 1085 λαλησάτωσαν
1486 1012 1624 1086 ἅμα.
1670 1032 1689 1065 ι
1727 1013 1802 1067 Οὐ
1844 1013 1954 1084 γὰρ

385 1102 544 1172 μόνον
583 1103 808 1165 ἑαυτοὺς
839 1101 1033 1167 σώζειν
1059 1105 1109 1157 οἱ
1143 1104 1498 1175 κεκλημένοι,
1534 1104 1669 1159 ἀλλὰ
1703 1105 1795 1158 καὶ
1827 1106 1953 1169 τοὺς

379 1190 606 1262 πλησίον
652 1190 792 1245 κατά
835 1192 960 1255 τοὺς
992 1193 1089 1264 τῆς
1133 1192 1539 1264 φιλανθρωπίας
1579 1193 1795 1264 νόμους.
1843 1189 1952 1247 Ἦν

378 1295 510 1334 ποτε
541 1279 732 1351 χρόνος
760 1280 851 1333 ὅτε
885 1280 978 1334 καὶ
1025 1281 1184 1353 ήμῶν
1228 1283 1406 1336 αὐτῶν
1451 1282 1780 1354 κατίσχυσεν
1811 1283 1951 1356 ἀνὴρ

376 1372 581 1426 τέκτων
621 1373 651 1425 ὁ
688 1372 788 1443 τὴν
821 1371 1260 1446 εἰδωλολατρείαν
1303 1374 1799 1446 κατεργασάμενος,
1855 1374 1952 1429 καὶ

376 1463 609 1534 χαλκεὺς
630 1462 847 1517 τύπτων
887 1466 1066 1538 σφῦρα
1091 1465 1218 1529 τοὺς
1244 1465 1437 1519 ἑαυτοῦ
1478 1465 1631 1530 θεούς
1649 1484 1662 1496 ο
1693 1465 1829 1520 ἀλλά
1853 1466 1950 1521 νῦν

375 1555 619 1625 ἔγνωμεν
652 1554 712 1608 τδ
748 1555 919 1628 μηθὲν
949 1556 1108 1620 δντας
1132 1558 1391 1622 ἐκείνους,
1425 1558 1646 1628 καὶτῆς
1679 1559 1952 1632 πατρικῆς

374 1648 723 1719 κατέγνωμεν
753 1648 981 1719 πλάνης,
1005 1647 1034 1701 δ
1060 1649 1123 1723 δὴ
1153 1649 1248 1705 καὶ
1278 1650 1422 1721 ὑμᾶς
1452 1652 1718 1723 προσήκει
1747 1650 1951 1721 μανθά-

370 1755 561 1803 νοντας
590 1739 935 1808 ὠφελεῖσθαι.
961 1742 1167 1811 Δεῖγμα
1187 1739 1243 1793 δὲ
1275 1739 1373 1812 τῆς
1401 1741 1692 1813 ἀδρανείας
1713 1741 1821 1795 τῶν
1846 1741 1950 1796 πά-

2061 560 2113 603 et
2157 547 2474 616 longissime
2517 552 2738 596 remota:
2782 556 2810 594 a
2851 538 3075 593 Judaica
3134 538 3373 606 regione,
3430 536 3482 590 in
3525 551 3631 602 qua

2059 640 2174 696 sola
2204 639 2345 693 Deus
2368 636 2501 689 olim
2538 643 2697 689 notus
2730 647 2853 687 esse
2883 631 3200 699 putabatur,
3231 631 3295 683 ad
3326 628 3541 697 pietatis
3571 637 3623 679 et

2060 730 2340 801 religionis
2391 728 2638 783 notitiam
2686 733 3039 780 accesserunt
3066 762 3082 788 ,
3125 723 3199 778 ita
3244 732 3303 776 ut
3340 723 3407 775 de
3453 719 3629 790 gratia

2061 825 2256 880 divina!
2294 821 2518 891 iustitiae
2549 818 3544 888 obstupescerent,atqucmaturarent
3577 822 3632 866 et

2055 917 2322 978 venirent,
2355 911 2728 984 przedicationi
2759 910 3149 979 obsequentes,
3186 924 3308 978 quze
3338 908 3442 969 ait,
3490 925 3508 958 ι
3532 907 3630 960 Ac-

2054 1009 2250 1064 cedant
2294 1016 2350 1061 et
2389 1005 2681 1073 loquantur
2731 1002 2914 1056 simul.
2940 1021 2958 1052 ι
3015 1000 3137 1055 Vult
3181 1003 3326 1058 enim
3355 1010 3414 1054 ttt
3441 1015 3632 1054 secun-

2053 1102 2182 1155 dum
2229 1098 2589 1156 humanitatis
2635 1096 2807 1163 leges,
2857 1094 2951 1163 qui
2986 1094 3157 1148 vocati
3211 1102 3358 1155 sunt,
3386 1106 3489 1145 non
3518 1104 3630 1143 sua:

2056 1204 2289 1255 tantum,
2336 1192 2433 1246 sed
2468 1188 2699 1259 proximi
2736 1187 2900 1241 etiam
2950 1186 3112 1240 saluti
3146 1184 3459 1240 consulant.
3502 1181 3628 1239 Fuit

2051 1284 2177 1339 olim
2211 1295 2446 1353 tempus,
2482 1296 2590 1350 quo
2614 1279 2768 1334 faber
2815 1277 3081 1332 idolorum
3136 1277 3334 1346 opifex,
3383 1286 3436 1332 et
3495 1292 3631 1333 aera-

2051 1379 2166 1432 rius
2187 1376 2383 1431 malleo
2408 1375 2616 1431 cudens
2642 1374 2771 1426 deos
2801 1385 2953 1437 suos,
2999 1371 3053 1424 in
3106 1387 3203 1425 nos
3229 1369 3583 1441 pra‘valereut
3608 1386 3623 1421 :

2052 1479 2109 1523 at
2134 1469 2246 1539 jam
2273 1467 2525 1522 novimus
2552 1480 2647 1520 eos
2670 1462 2803 1527 nihil
2831 1477 2975 1530 esse,
3000 1473 3054 1518 et
3076 1470 3357 1533 paternum
3383 1475 3624 1516 errorem

2050 1560 2396 1620 damnamus,
2427 1560 2573 1623 quod
2598 1569 2691 1607 vos
2714 1553 2780 1608 ad
2808 1554 3099 1608 utilitatem
3121 1564 3358 1609 vestram
3381 1551 3627 1604 ediscere
3680 1578 3683 1579 ν

2047 1662 2191 1716 opus
2238 1654 2343 1701 est.
2377 1642 2771 1699 lmhecillitatis
2818 1652 2999 1697 autem
3034 1657 3221 1697 eorum
3273 1641 3362 1711 qui
3406 1656 3434 1694 a
3466 1640 3626 1694 nobis

2048 1740 2179 1794 olim
2211 1754 2312 1810 pro
2343 1738 2449 1793 diis
2495 1735 2855 1801 habebantur,
2908 1743 3285 1806 argumentum
3330 1742 3432 1796 est,
3481 1733 3624 1801 quod

371 1826 459 1881 λαι
486 1799 853 1899 νομισθέντων
883 1832 1014 1900 ἡμῖν
1044 1799 1183 1884 θεῶν
1209 1830 1272 1883 τὸ
1410 1799 1631 1885 ἑστάναι
1662 1799 1941 1898 δύνασθαι,

2053 1845 2120 1884 ne
2163 1799 2309 1883 stare
2352 1829 2568 1900 quidem
2616 1799 2849 1896 possint,
2894 1799 2998 1879 nisi
3044 1823 3180 1894 palis
3211 1834 3267 1879 et
3293 1823 3462 1878 clavis
3486 1799 3622 1874 rit-ti-

370 1923 420 1975 εί
456 1922 531 1993 μὴ
565 1923 797 1994 γόμφοις
826 1925 936 1977 τισὶ
968 1924 1064 1978 καὶ
1095 1924 1244 1995 ἥλοις
1275 1926 1592 1996 ὲμπαρεῖεν.

442 2030 463 2063 ι
509 2013 582 2066 Σὺ
609 2012 686 2076 δὲ,
728 2013 945 2085 Ἰσραὴλ
974 2016 1102 2078 παῖς
1132 2031 1254 2084 μου,
1298 2014 1514 2078 Ἰακὼϐ,
1550 2014 1645 2069 καὶ
1674 2015 1732 2070 ὃν
1770 2014 1948 2081 ἐξελε-

367 2101 570 2172 ξάμην,
596 2103 817 2175 σπέρμα
856 2102 1123 2176 Ἀϐραὰμ,
1149 2106 1207 2159 ὃν
1226 2105 1508 2176 ἠγάπησα.
1551 2126 1568 2157 ι
1599 2106 1769 2160 Παίδα
1799 2106 1949 2177 πρῶ-

367 2206 463 2246 τον
494 2193 769 2263 ὀνομάζει,
809 2194 998 2248 ἔπειτα
1026 2196 1301 2261 ἐκλεκτὸν,
1337 2193 1456 2251 εἶτα
1506 2179 1806 2269 ἀγαπητόν.
1843 2198 1948 2252 Τὸν

370 2283 472 2353 μὲν
494 2284 571 2348 ὡς
604 2287 662 2337 ὲν
692 2285 886 2357 ἀρχαῖς
908 2286 1037 2341 δντα
1065 2288 1159 2342 καὶ
1192 2288 1343 2360 φόϐῳ
1380 2289 1628 2353 δουλείας
1667 2289 1946 2358 παιδαγω-

367 2377 654 2447 γούμενον,
686 2372 797 2443 οἷος
831 2373 899 2450 ἦν
927 2379 956 2432 δ
993 2378 1349 2443 ἀποστολικὸς
1392 2379 1571 2450 χορὸς,
1609 2379 1700 2433 τὸν
1729 2381 1947 2450 πρῶτον

368 2467 484 2539 βίον
522 2468 626 2521 ὑπὸ
649 2469 741 2522 τὸν
769 2468 1115 2538 παιδαγωγὸν
1146 2469 1303 2541 νόμον
1344 2467 1584 2539 γεγονώς
1604 2487 1617 2500 ·
1645 2469 1738 2522 τὸν
1762 2470 1819 2523 δὲ
1850 2471 1947 2525 αὺ-

362 2560 457 2613 τὸν
498 2561 753 2615 ἐκλεκτὸν
793 2560 1083 2633 ὀνομάζει,
1114 2562 1189 2626 ὼς
1222 2560 1288 2615 ἂν
1318 2563 1672 2633 προκόψαντα
1704 2564 1799 2616 καί⁸
1847 2563 1945 2635 τῆς

258 2660 259 2663 ‘
362 2649 630 2720 σωτηρίου
655 2649 897 2721 κλήσεως
917 2651 1007 2704 καὶ
1027 2650 1255 2721 ἐκλογῆς
1272 2651 1698 2723 κατηξιωμένον.
1715 2653 1945 2725 Σπέρμα

357 2736 420 2791 δὲ
475 2738 727 2810 Ἀϐραάμ
762 2739 947 2810 ἕτερον
991 2741 1176 2811 τάγμα
1208 2741 1474 2810 τυγχάνον
1522 2741 1675 2814 παρὰ
1719 2741 1780 2795 τὸ
1831 2741 1942 2798 τῶν

358 2828 664 2894 ἐκλεκτῶν,
700 2832 882 2885 ὁποῖον
927 2831 994 2885 ἂν
1023 2833 1110 2902 εἴη
1144 2831 1205 2885 τὺ
1257 2830 1458 2902 πλῆθος
1499 2832 1606 2886 τῶν
1650 2833 1939 2898 Ἰουδαίων,

360 2922 498 2993 πρὸς
522 2921 618 2986 οὓς
661 2922 1042 2993 διαλεγόμενος
1073 2925 1102 2976 ὁ
1146 2922 1336 2995 Σωτὴρ
1364 2921 1581 2992 ἔλεγενο
1616 2941 1635 2975 ι
1672 2919 1822 2989 Οἶδα,
1857 2925 1939 2978 ὅτι

361 3013 583 3085 σπέρμα
620 3013 869 3087 Ἀϐραάμ
913 3017 1056 3075 ἐστε.
1087 3033 1105 3066 ι
1138 3015 1355 3087 Ἕτεροι
1381 3014 1439 3068 δὲ
1455 3010 1596 3086 ἦσαν
1618 3007 1764 3070 οῦτοι
1790 3016 1939 3088 παρά

2085 1931 2263 1975 antur.

2048 1939 2263 1992 gantur.

2120 2010 2283 2067 Visus.
2315 2011 2367 2066 8.
2436 2010 2559 2065 «Tu
2591 2018 2774 2063 autem
2821 2008 2985 2063 Israel
3033 2022 3167 2078 puer
3211 2020 3383 2072 meus,
3430 2003 3620 2065 Jacnh,

2047 2121 2208 2174 quem
2238 2104 2398 2174 elegi,
2437 2118 2622 2157 semen
2659 2102 2965 2167 Abraham,
2993 2116 3152 2171 quem
3202 2099 3391 2154 dilexi.
3424 2117 3442 2150 ι
3480 2096 3620 2150 Pue-

2046 2213 2167 2251 rum
2198 2197 2374 2265 primo
2404 2203 2585 2258 vocat,
2621 2195 2747 2249 hinc
2783 2194 3039 2253 electum.
3097 2202 3280 2257 postea
3333 2190 3619 2245 dilectum.

2051 2287 2284 2343 Puerum
2308 2286 2553 2356 quidem,
2581 2288 2732 2356 quasi
2798 2288 2850 2341 iu
2919 2287 3108 2355 primis
3163 2283 3332 2338 initiis
3380 2283 3619 2351 degeret,

2046 2395 2110 2434 sc
2137 2388 2283 2432 metu
2321 2377 2601 2437 servitutis
2653 2378 3060 2446 institueretur;
3091 2376 3267 2447 qualis
3305 2384 3424 2430 erat
3485 2391 3618 2442 apu-

2047 2469 2274 2524 stnlicus
2321 2470 2543 2534 chorus,
2577 2470 2667 2538 qui
2723 2471 2896 2538 primo
2941 2472 3064 2525 vita:
3098 2484 3213 2525 sua:
3254 2478 3493 2538 tempore
3517 2467 3621 2521 sub

2049 2564 2167 2632 lege
2199 2563 2354 2633 quasi
2390 2563 2491 2618 sub
2522 2565 2819 2634 paedagogo
2848 2563 2991 2617 fuit:
3034 2565 3282 2616 eumdem
3314 2575 3477 2629 porro
3510 2561 3619 2612 ele-

2044 2664 2190 2707 ctum
2227 2664 2524 2721 nuncupat,
2553 2664 2739 2722 utpote
2770 2654 2861 2723 qui
2887 2652 3135 2722 profectu
3164 2660 3356 2705 auctus
3389 2649 3618 2703 salutari

2044 2746 2333 2800 vocatione
2366 2754 2421 2798 et
2450 2744 2715 2800 electione
2758 2745 3016 2816 dignatus
3066 2744 3158 2798 sit.
3192 2741 3388 2797 Semen
3435 2751 3616 2796 autem

2042 2838 2321 2892 Abraham
2373 2836 2515 2891 alius
2546 2848 2599 2890 et
2632 2836 2929 2891 distinctus
2966 2837 3103 2890 ordo
3147 2844 3230 2889 est
3276 2835 3346 2888 ab
3396 2833 3615 2896 electis,

2040 2928 2221 2999 qualis
2253 2937 2372 2984 erat
2410 2928 2703 2983 multitudo
2754 2927 3088 2992 Iudaeorum,
3135 2940 3276 2997 quos
3329 2925 3616 2995 alloquens

2047 3017 2304 3075 Salvator
2356 3017 2609 3084 dicebat,
2655 3036 2674 3071 ι
2731 3017 2859 3074 Seio
2935 3020 3061 3088 quia
3139 3032 3323 3071 scutor
3394 3017 3616 3071 Ahrahz

358 3104 430 3159 τὰ
463 3106 629 3160 τέκνα
668 3106 762 3160 τοῦ
813 3106 1085 3179 Ἀϐραὰμ,
1136 3108 1265 3178 περὶ
1306 3100 1382 3161 ὧν
1431 3107 1678 3180 ἐδίδασκε
1731 3108 1935 3177 λέγων’

2044 3110 2176 3166 estis
2206 3111 2275 3167 ⁸⁷.
2305 3128 2326 3163 ι
2364 3109 2436 3165 At
2466 3110 2541 3164 illi
2588 3109 2786 3165 diversi
2839 3119 3044 3164 erauta
3072 3108 3199 3164 [iliis
3246 3108 3503 3172 Abrahae,
3549 3107 3616 3163 de

364 3214 385 3246 ι
426 3195 489 3248 Ei
515 3196 683 3251 τέκνα
707 3196 801 3251 τοῦ
840 3197 1089 3269 Ἀϐραὰμ
1117 3193 1238 3269 ἦτε,
1267 3196 1336 3251 τά
1364 3196 1503 3269 ἔργα
1544 3198 1639 3253 τοῦ
1682 3198 1934 3271 Ἀϐραὰμ

2044 3201 2238 3271 quibus
2288 3201 2404 3256 haec
2453 3201 2738 3264 edocebat,
2799 3218 2819 3251 ι
2874 3198 2932 3256 Si
2971 3199 3204 3255 Abrahae
3252 3196 3348 3251 lilii
3400 3197 3615 3261 essetis,

355 3288 608 3342 ιποιεῖτε.
648 3308 666 3340 ι
720 3289 970 3361 Ἀϐραάμ
1005 3290 1103 3361 μὲν
1134 3285 1228 3345 οὗν
1259 3292 1545 3365 ἀγαπητὸς
1569 3287 1638 3364 ἦν
1667 3291 1762 3346 τοῦ
1794 3289 1931 3346 Θεοῦ

360 3380 457 3434 καὶ
504 3380 696 3449 φίλος·
732 3379 814 3435 διὸ
859 3380 1146 3436 λέλεκται⁸
1199 3400 1217 3432 ι
1266 3383 1495 3454 Σπέρμα
1540 3381 1822 3455 Ἀϐραὰμ,
1871 3382 1932 3437 ὃν

357 3471 652 3545 ἠγάπησα·
698 3491 717 3524 ι
754 3472 787 3543 ἢ
824 3472 961 3527 κατὰ
999 3472 1092 3526 τὸν
1151 3473 1468 3545 Σύμμαχον,
1510 3492 1529 3526 ι
1572 3473 1801 3546 Σπέρμα
1841 3475 1930 3528 Ἀ-

349 3566 544 3640 ϐραὰμ
595 3566 690 3620 τοῦ
738 3566 891 3637 φίλου
956 3584 1089 3639 μου·
1143 3588 1162 3620 ι
1212 3567 1355 3623 κατά
1409 3568 1467 3623 δὲ
1526 3570 1618 3623 τὸν
1673 3569 1927 3636 Ἀκύλαν,

356 3678 377 3708 ι
414 3658 644 3730 Σπέρμα
681 3659 963 3730 ἀγαπητόν
993 3678 1117 3731 μου.
1160 3679 1181 3715 ι
1224 3661 1297 3714 T6
1322 3677 1388 3732 γε
1420 3662 1527 3735 μήν
1570 3662 1791 3735 σπέρμα
1832 3664 1926 3718 αὐ-

350 3752 446 3807 τοῦ
478 3753 663 3806 οὐκέτι
696 3752 1013 3822 ἡγαπῆσθαι
1039 3753 1241 3825 ὁμοίως
1269 3753 1349 3826 τῷ
1388 3754 1641 3827 Ἀϐραάμ
1673 3755 1927 3825 λέγεται*

351 3844 489 3917 πλὴν
514 3844 650 3898 άλλά
677 3844 772 3898 καὶ
801 3844 863 3897 τὸ
902 3845 1123 3916 σπέρμα
1148 3844 1312 3900 αὑτοῦ
1344 3846 1501 3900 καλεί
1526 3846 1615 3901 διὰ
1637 3846 1744 3903 τῶν
1769 3849 1925 3903 ἐκλε-

350 3931 495 3990 κτὶῖιν
536 3936 724 4001 αὑτοῦ,
760 3934 929 3989 εἰπὼν
978 3938 1194 4000 αὐτοῖς·
1251 3956 1271 3989 ι
1320 3938 1625 4010 Πορεύεσθε
1670 3940 1807 4013 πρὸς
1857 3942 1929 3996 τὰ

351 4027 597 4099 πρόϐατα
636 4025 951 4081 ἀπολωλότα
991 4025 1142 4079 οἴκου
1185 4026 1419 4099 Ἰσραήλ.
1466 4047 1484 4079 ι

426 4138 444 4169 ι
480 4115 553 4174 Οῦ
590 4118 962 4189 άντελαϐόμην
990 4120 1086 4180 ἀπ’
1113 4120 1297 4192 άκρων
1327 4121 1427 4192 τῆς
1454 4122 1576 4194 γῆς,
1608 4124 1702 4177 καὶ
1728 4125 1791 4178 ἐκ
1816 4125 1926 4180 τῶν

351 4211 592 4266 σκοπιῶν
619 4211 791 4282 αὐτῆς
822 4211 1060 4267 ἐκάλεσά
1092 4229 1172 4276 σε,
1211 4213 1305 4267 καὶ
1335 4209 1467 4270 εἶπά
1497 4231 1580 4270 σοι
1599 4232 1614 4246 '
1650 4217 1788 4283 Παίς
1822 4238 1923 4291 μου

348 4300 418 4357 εἶ’
437 4303 769 4376 ἐξελεξάμην
796 4320 877 4367 σε,
898 4304 989 4358 καὶ
1008 4305 1109 4359 οὐκ
1126 4305 1484 4375 ἐγκατέλιπον
1507 4323 1587 4361 σε.
1619 4326 1638 4360 ι
1660 4309 1733 4381 Ση
1741 4311 1923 4381 μαίνει

346 4396 404 4450 δὲ
432 4396 520 4450 διὰ
540 4396 741 4451 τούτων
758 4397 885 4460 τοὺς
910 4396 968 4450 έν
990 4400 1057 4469 τῇ
1074 4397 1343 4470 διασπορᾷ
1361 4396 1454 4452 τοῦ
1487 4399 1751 4454 Ἰουδαίων
1770 4401 1924 4469 λαοῦ,

2039 3306 2206 3362 opera
2235 3291 2470 3347 Abrahae
2497 3291 2752 3346 faceretis
2780 3291 2846 3347 ⁸⁸.
2876 3310 2895 3344 ι
2923 3290 3196 3345 Abraham
3222 3304 3353 3360 ergo
3380 3289 3616 3344 dilectus

2039 3393 2097 3441 et
2134 3384 2342 3440 amicus
2396 3384 2488 3440 Dei
2533 3393 2694 3439 erat:
2741 3398 2912 3452 quare
2969 3384 3173 3437 dictum
3211 3392 3333 3446 est,
3372 3400 3391 3433 ι
3428 3396 3615 3436 semen

2036 3474 2340 3540 Abraham,
2372 3490 2532 3543 quem
2557 3475 2762 3542 dilexi;
2804 3494 2822 3527 ι
2857 3474 2994 3539 sive,
3029 3473 3327 3528 secundum
3364 3474 3611 3543 Symma-

2035 3566 2223 3629 chum,
2254 3584 2277 3620 ι
2304 3581 2490 3622 semen
2537 3567 2814 3621 Ahraham
2869 3566 3028 3621 amici
3067 3566 3205 3630 mei;
3242 3585 3263 3619 ι
3308 3567 3613 3621 secumlum

2037 3657 2289 3728 Aquilam
2324 3673 2474 3725 vero,
2512 3677 2530 3710 ι
2562 3673 2749 3713 semen
2786 3656 3048 3712 dilectum
3097 3673 3297 3713 memn.
3324 3677 3343 3711 ι
3387 3658 3454 3712 Ει
3482 3673 3612 3713 vero

2035 3765 2221 3806 semen
2274 3750 2392 3819 ejus
2420 3766 2525 3806 non
2554 3749 2776 3819 perinde
2807 3761 2969 3819 atque
3001 3749 3277 3805 Abraham
3320 3750 3491 3806 amari
3526 3751 3611 3805 di-

2034 3843 2198 3898 citur.
2219 3842 2475 3897 Attamen
2505 3856 2604 3913 per
2641 3841 2849 3896 electos
2874 3856 3003 3897 suos
3040 3855 3223 3897 semen
3258 3841 3377 3911 ejus
3406 3855 3603 3907 vocat;

2036 3952 2159 3990 nam
2193 3936 2271 3990 ait
2301 3935 2430 4002 illis,
2469 3953 2489 3987 ι
2523 3935 2599 3991 Ite
2639 3939 2708 3992 ad
2743 3951 2876 3992 oves
2908 3950 3031 4006 qua:
3065 3936 3369 4006 perierunt,
3414 3936 3610 3992 domus

2034 4028 2200 4084 Israel
2229 4028 2295 4085 “.
2318 4047 2338 4081 ι
2894 4088 2907 4099 _

2106 4119 2270 4176 Vsus.
2303 4118 2357 4174 9.
2385 4136 2406 4172 ι
2437 4118 2609 4187 Quem
2641 4120 2907 4191 assumpsi
2942 4120 3010 4175 ab
3035 4121 3294 4177 extremis
3338 4131 3518 4188 terrae,
3553 4130 3608 4175 et

2034 4235 2064 4267 α
2098 4212 2337 4284 speculis
2364 4212 2481 4283 ejus
2517 4214 2708 4269 vocavi
2751 4221 2825 4274 te.
2871 4224 2923 4269 et
2960 4215 3068 4270 dixi
3112 4214 3232 4281 tibi,
3273 4213 3415 4269 Puer
3458 4231 3608 4270 uinus

2033 4320 2132 4361 es:
2163 4305 2301 4375 elegi
2362 4316 2437 4371 te,
2486 4314 2542 4360 et
2596 4320 2701 4359 non
2734 4304 2999 4374 dereliqui
3029 4317 3103 4360 te.
3135 4325 3155 4359 ο
3207 4305 3303 4361 llis
3335 4322 3495 4377 porro
3532 4309 3606 4361 si-

2034 4398 2261 4468 gniﬁcat
2288 4414 2385 4455 eos
2416 4400 2469 4453 in
2501 4398 2841 4469 dispersione
2875 4396 3084 4451 Jmlaici
3114 4398 3317 4468 populi,
3338 4415 3473 4467 quos
3497 4398 3605 4466 pri-

346 4486 440 4552 οὓς
458 4486 705 4560 πρώτους
731 4488 990 4560 κατηξίου
1006 4489 1106 4560 τῆς
1134 4488 1300 4543 αὑτοῦ
1320 4490 1586 4562 κλήσεως.
1610 4491 1802 4547 Πολλοὶ
1816 4495 1925 4568 γὰρ

2044 4503 2153 4544 mos
2193 4489 2475 4544 vocatione
2498 4504 2594 4543 sua
2629 4488 2880 4559 dignatus
2905 4496 3009 4541 est.
3038 4487 3366 4555 Apostolicis
3405 4491 3605 4556 quippe

347 4581 489 4636 κατὰ
511 4581 638 4645 τοὺς
661 4581 1051 4647 άποστολικοὺς
1069 4582 1294 4654 χρόνους
1324 4583 1375 4636 οἱ
1404 4584 1512 4637 ἀπὸ
1543 4584 1809 4640 Ἰουδαίων
1833 4588 1925 4642 τὸν

2029 4582 2369 4651 temporibus
2396 4598 2461 4638 ex
2491 4581 2696 4638 Iudaeis
2727 4582 2878 4638 multi
2927 4583 3150 4637 verbum
3193 4581 3396 4637 Christi
3425 4595 3604 4634 susre~

345 4672 582 4745 Χριστοῦ
634 4673 792 4742 λόγον
835 4673 1297 4746 παραδεδεγμένοι
1317 4714 1332 4738 ,
1383 4676 1445 4729 οὐ
1481 4677 1639 4748 μόνον
1682 4678 1792 4732 ἀπὸ
1828 4680 1925 4752 τῆς

2044 4684 2244 4739 terunt,
2289 4690 2397 4729 non
2449 4676 2611 4730 modo
2658 4690 2726 4731 ex
2774 4676 2840 4731 iis
2871 4676 2962 4744 qui
3001 4673 3240 4728 Iudaeam
3270 4672 3603 4735 incolebant,

357 4760 614 4825 Ἰουδαίας
645 4762 749 4833 γῆς
768 4806 782 4830 ,
809 4761 943 4815 ἀλλὰ
972 4762 1068 4817 καί⁵
1110 4764 1170 4817 ὲν
1203 4766 1317 4828 τοῖς
1350 4763 1558 4830 λοιποῖς
1588 4766 1815 4823 ἔθνεσιν.

418 4963 438 4993 ε
484 4946 576 5018 Μὴ
610 4945 812 5015 φοϐοῦ’
863 4946 1003 5019 μετὰ
1037 4945 1132 5001 σοῦ
1174 4948 1283 5020 γάρ
1329 4951 1478 5022 εἰμι·
1516 4950 1591 5024 μή
1635 4950 1838 5008 πλανῶ.
1896 4972 1916 5006 ι

2029 4783 2215 4822 verum
2247 4768 2412 4821 etiam
2446 4783 2512 4822 ex
2544 4768 2633 4834 iis,
2669 4768 2764 4837 qui
2805 4782 2974 4837 penes
3010 4766 3246 4835 reliquas
3275 4774 3465 4836 gentes
3501 4765 3601 4819 ha-

2023 4860 2290 4917 bitabaut.

2097 4951 2262 5006 Vsus.
2296 4952 2383 5009 l0.
2431 4972 2450 5004 ι
2484 4948 2603 5007 Noli
2653 4951 2867 5016 timere,
2903 4960 3078 5006 tecum
3109 4950 3252 5004 enim
3289 4965 3407 5002 sum
3461 4966 3476 5004 :
3535 4964 3601 5002 ne

352 5032 731 5106 Ἐπιθαρσύνει
764 5036 863 5108 τὴν
894 5036 1122 5109 ἐκλογήν
1161 5037 1386 5111 ταύτην,
1425 5040 1506 5104 είς
1537 5041 1597 5095 τὸ
1621 5041 1796 5107 ἀδεῶς
1837 5044 1920 5108 είς

2044 5058 2198 5099 :rres.
2226 5063 2247 5097 ι
2283 5044 2380 5099 His
2414 5045 2482 5099 ab
2510 5059 2570 5100 se
2597 5043 2786 5098 electis
2823 5042 3077 5098 ﬁduciam
3107 5042 3278 5106 addit,
3316 5050 3374 5095 ut
3422 5040 3599 5095 Evan-

340 5129 519 5182 πάντα
555 5128 625 5182 τὰ
658 5128 786 5200 ἔθνη
815 5130 1048 5202 κηρύξαι
1082 5132 1142 5185 τὸ
1170 5133 1531 5202 Εὐαγγέλιονυ
1561 5134 1591 5188 δ
1613 5136 1678 5206 δὴ
1702 5137 1797 5190 καί¹
1819 5139 1919 5191 at}.

2044 5139 2219 5206 {elium
2257 5139 2311 5193 in
2343 5139 2598 5193 omnibus
2622 5138 2877 5206 gentibus
2922 5136 3043 5191 sine
3089 5136 3376 5190 formidine
3403 5133 3600 5205 pra-di-

339 5220 429 5285 τὸς
462 5221 649 5293 ἐδήλου
679 5223 739 5275 ὲν
772 5223 1123 5294 Εὐαγγελίοις
1148 5226 1177 5279 ὁ
1204 5225 1393 5298 Σωτὴρ
1421 5226 1647 5297 φάσκων
1668 5244 1682 5257 ·
1717 5246 1736 5279 ι
1784 5227 1914 5282 Ἰδοὺ

2044 5235 2182 5293 :ent;
2215 5227 2358 5295 quod
2394 5227 2570 5297 ipsum
2611 5225 2927 5281 declarabat
2958 5227 3010 5279 in
3037 5226 3349 5296 Evangelii:
3400 5226 3598 5279 Serva-

337 5312 451 5382 ἐγὼ
481 5314 601 5385 μεθ’
628 5316 781 5386 ὑμῶν
803 5317 920 5389 είμι
955 5318 1133 5382 πάσας
1159 5318 1258 5383 τὰς
1290 5320 1500 5394 ἡμέρας
1531 5320 1636 5385 ἕως
1667 5321 1766 5392 τῆς
1791 5339 1917 5375 συν-

2025 5331 2111 5377 ισι·
2136 5321 2223 5378 bis
2254 5319 2462 5388 verbis,
2500 5338 2519 5372 ι
2557 5320 2696 5375 Ecce
2735 5334 2837 5391 ego
2879 5319 3158 5374 vobiscum
3188 5333 3308 5373 smn
3339 5317 3598 5372 omnibus

338 5402 548 5469 τελείας
590 5403 684 5459 τοῦ
727 5406 941 5471 αἰῶνος.
1005 5408 1146 5477 Ἐγὼ
1182 5412 1291 5482 γάρ
1329 5413 1444 5482 ειμι
1484 5414 1513 5466 ὁ
1550 5412 1683 5477 Θεός
1724 5429 1839 5476 σου,
1887 5415 1917 5466 ὁ

2044 5416 2234 5478 liebus,
2273 5428 2446 5483 usque
2481 5415 2549 5469 ad
2578 5412 3101 5472 consummationem
3154 5411 3337 5468 steeuli
3375 5410 3443 5464 "‘.
3482 5410 3595 5479 ligo

336 5495 625 5567 ὲνισχύσας
647 5514 726 5565 σε,
759 5500 852 5553 καὶ
877 5499 1150 5573 ἐϐοήθησά
1176 5519 1278 5557 σοι.

411 5786 455 5822 ⁶¹
482 5786 637 5847 Joun.
679 5806 795 5858 \‘ttt,
827 5794 915 5851 57.

2023 5505 2166 5559 enim
2196 5520 2316 5558 sum
2346 5503 2489 5560 Deus
2521 5515 2667 5571 tuus,
2706 5506 2800 5575 qui
2827 5504 3135 5563 confortavi
3168 5513 3241 5570 te,
3269 5511 3323 5559 et
3360 5500 3599 5559 auxili»

2024 5609 2111 5651 tus
2140 5611 2259 5651 sum
2293 5596 2412 5650 tibi.
2447 5615 2464 5647 ι

995 5797 1036 5829 ευ
1071 5797 1197 5854 ibid.
1238 5798 1325 5857 59.
1403 5801 1444 5831 ε’
1470 5798 1656 5855 Matth.
1690 5814 1744 5866 κ,
1781 5797 1833 5858 6.
1912 5801 1955 5832 ⁷ο
1986 5799 2149 5856 Matth
2209 5816 2393 5871 IXH'.‘_
2426 5800 2519 5857 20.
