4158 6402
380 328 482 386 381

1299 329 1804 389 εοιιδικκτιιιι-ιει
1843 333 1909 390 ΙΝ
1948 331 2208 390 ΙΒΜᾹΜ.
2250 364 2322 379 —-
2355 331 2504 388 CAP.
2551 332 2683 387 ΧΗ.

380 451 648 508 παντοίων
681 449 935 516 ζωτικῶνι
976 452 1204 516 ὑδάτων,
1235 455 1310 517 ὠς
1337 456 1703 510 ἀπολαύουσαι
1751 457 1942 520 ὓδατος

2065 473 2185 526 quze
2232 471 2295 511 ea
2345 456 2459 526 ipsa
2498 455 2806 508 fruerentur
2854 468 3019 522 aqua,
3066 452 3132 507 de
3177 467 3280 522 qua
3317 453 3563 522 superius
3586 455 3641 486 "‘

377 544 506 615 περὶ
532 539 594 598 οὐ
619 541 874 612 ἀνωτέρω
900 542 1136 612 ἐλέγετο·
1174 562 1191 595 ι
1218 546 1324 599 Καὶ
1352 545 1564 601 πίονται
1599 548 1742 620 ὕδωρ
1767 551 1830 603 ἐκ
1852 547 1960 602 τῶν

377 637 568 709 πηγῶν
593 635 685 689 τοῦ
720 636 1008 708 σωτηρίουο
1045 655 1063 688 ι
1102 636 1210 690 εἴτε
1236 639 1344 691 άπὸ
1369 639 1561 709 πηγῶν
1585 639 1683 692 τοῦ
1722 641 1957 711 Ἰσραὴλ,

375 723 450 782 ὧν
501 728 904 799 ἐμνημόνευσεν
948 730 977 781 ό
1030 730 1205 799 φήσας
1232 728 1408 798 λόγος,
1459 750 1478 781 ι
1524 731 1611 784 Ἑν
1645 731 1960 802 ἐκκλησίαις

375 819 644 887 εὐλογεῖτε
667 819 760 872 τὸν
789 819 925 871 Θεὸν
949 819 1150 889 Κύριον
1180 821 1244 872 ἐκ
1272 820 1462 892 πηγῶν
1499 822 1734 894 Ἰσραήλ.
1763 841 1780 873 ι
1820 823 1958 876 Τοῦ-

373 927 437 963 το
476 909 520 962 δ’
553 911 623 964 ἂν
653 910 736 979 εἴη
763 909 824 962 τὸ
856 909 1078 980 Πνεῦμα
1125 909 1184 963 τὸ
1227 911 1380 979 ἅγιον
1422 913 1483 964 τὸ
1527 912 1772 981 πηγάξον
1805 916 1860 966 ἐν
1889 916 1955 985 τῇ

389 1000 686 1072 Ἐκκλησία
723 1000 820 1054 τοῦ
851 1000 1008 1064 Θεοῦ,
1048 1003 1143 1056 καὶ
1188 1003 1496 1075 άνομὸροῦν
1536 1004 1703 1058 ὕδατα
1755 1004 1952 1071 ζῶντα,

373 1093 496 1145 τοτέ
532 1093 628 1162 μὲν
655 1092 761 1145 ἀπὸ
790 1092 887 1162 τῆς
912 1093 1152 1158 Παλαιᾶς
1179 1094 1480 1166 Διαθήκης,
1507 1095 1701 1150 τοτέδὲ
1727 1096 1834 1150 ἀπὸ
1858 1098 1955 1166 τῆς

374 1185 568 1253 καινῆς
596 1184 688 1236 καὶ
721 1184 1082 1256 εὐαγγελικῆς
1109 1184 1477 1249 διδασκαλίας.

451 1294 469 1325 ι
512 1275 668 1329 Ἀλλὰ
716 1273 914 1340 άνοίξω
959 1277 1051 1329 ἐπὶ
1085 1277 1194 1329 τῶν
1237 1276 1407 1348 ὁρέων
1439 1279 1736 1349 ποταμοὺς,
1772 1279 1863 1333 καὶ
1895 1281 1953 1332 ἐν
2003 1293 2010 1301 ·

376 1366 524 1436 μέσῳ
548 1367 744 1420 πεδίων
778 1368 981 1435 πηγάς.
1002 1369 1220 1438 Ποιήσω
1248 1368 1343 1439 τὴν
1377 1368 1580 1440 ἔρημον
1604 1372 1683 1433 είς
1715 1370 1809 1441 ’έλη
1835 1370 1956 1424 ὐδάο

368 1475 502 1521 των,
537 1457 630 1511 καὶ
658 1457 756 1528 τὴν
791 1457 1034 1527 διψῶσαν
1066 1459 1168 1529 γῆν
1207 1461 1264 1512 ἐν
1295 1460 1650 1532 ὐδραγωγοῖς.
1682 1461 1843 1532 Θήσω
1873 1463 1953 1526 είς

367 1549 468 1620 τὴν
499 1549 726 1622 ἄνυδρον
756 1551 859 1620 γῆν
888 1549 1077 1621 κέδρον
1103 1551 1198 1604 καὶ
1233 1551 1420 1615 πύξον,
1452 1553 1720 1623 μυρσίνην
1746 1553 1841 1604 καὶ
1862 1568 1954 1605 κυ-

291 1679 293 1686 ι
369 1643 655 1713 πάρισσον,
684 1643 777 1696 καὶ
802 1641 1020 1712 λεύκην.
1058 1661 1076 1694 ι
1125 1643 1310 1697 Ταῦτα
1350 1643 1546 1706 πάντα,
1575 1645 1682 1698 οὐδ’
1713 1645 1886 1708 ἄλλως
1915 1644 1948 1717 ἢ

366 1731 428 1787 ἐν
452 1731 660 1786 ὑδάτων
690 1732 884 1803 πλήθει
914 1735 1217 1804 τρεφόμενα
1244 1737 1336 1789 καὶ
1356 1735 1715 1806 αὐξανόμενα,
1743 1737 1822 1800 εἰς
1852 1736 1949 1808 τὴν

2061 542 2364 606 dicebatur,
2399 559 2418 594 ι
2451 540 2518 594 Ει
2565 540 2750 594 bibent
2783 555 2980 608 aquam
3025 553 3091 593 ex
3138 537 3378 593 fontibus
3427 539 3634 592 saluta-

2060 633 2213 698 τὶε;›
2275 632 2390 686 sive
2435 646 2500 685 ex
2559 629 2801 684 fontibus
2855 629 3115 693 l'sraelis,
3165 645 3301 697 quos
3369 641 3636 684 memorat

2059 738 2242 778 sermo
2288 723 2376 776 ille
2419 721 2508 790 qui
2547 722 2654 786 ait,
2708 739 2726 770 ι
2757 720 2810 774 In
2871 721 3117 776 ecclesiis
3177 721 3478 776 henedicite
3527 722 3636 776 Deo

2061 815 2288 868 Domino
2330 814 2398 868 de
2447 812 2687 867 fontibus
2736 809 2995 866 Israel".
3027 831 3046 863 ι
3105 811 3231 867 ﬂare
3280 827 3444 882 porro
3493 826 3632 883 aqua

2060 905 2226 960 fuerit
2257 905 2494 974 Spiritus
2535 912 2775 965 sanctus,
2804 902 2858 956 in
2896 902 3134 960 Ecclesia
3180 904 3273 958 Dei
3306 905 3642 970 ιιιιιιιιιιίιιιιεἰ

2059 1007 2114 1053 et
2174 1011 2342 1066 aquas
2410 995 2653 1050 viventes
2731 993 3036 1059 instillans,
3106 995 3276 1048 modo.
3320 1010 3388 1049 ex
3447 993 3636 1052 Veteri

2064 1089 2450 1154 Testamento,
2513 1089 2676 1143 modo
2730 1102 2794 1141 ex
2863 1101 3000 1141 nova
3046 1094 3102 1140 et
3167 1086 3479 1157 evangeliea
3534 1088 3632 1142 do-

2057 1181 2253 1235 ctrina.

2130 1272 2293 1326 Vsas.
2342 1272 2544 1335 18,19.
2603 1290 2621 1323 ι
2653 1271 2757 1326 Sed
2807 1272 3046 1342 aperiam
3096 1273 3150 1328 in
3204 1273 3475 1330 montibus
3527 1273 3630 1329 ﬂu-

2055 1367 2220 1430 mina,
2254 1376 2308 1420 et
2354 1367 2406 1420 in
2439 1366 2618 1421 medio
2651 1381 2965 1434 camporum
3018 1365 3216 1420 fontes.
3267 1365 3485 1420 Faciam
3536 1367 3632 1418 (ιιι-

2054 1468 2256 1514 sertum
2287 1459 2338 1512 in
2373 1459 2594 1528 paludes
2633 1472 2921 1526 aquarum,
2951 1464 3011 1511 et;
3033 1456 3302 1510 sitientem
3338 1465 3537 1510 terram
3573 1456 3628 1510 iu

2055 1551 2424 1621 aqumductus.
2461 1550 2664 1605 Pouam
2699 1550 2751 1604 in
2799 1558 2949 1603 terra
2985 1549 3244 1619 inaqnosa
3293 1549 3549 1612 cedrum,
3575 1558 3633 1603 et

2055 1642 2279 1706 buxum,
2327 1649 2382 1694 et
2429 1651 2686 1712 myrtum,
2731 1650 2792 1694 et
2828 1648 3166 1710 cupressum,
3211 1649 3264 1695 et
3302 1640 3576 1710 populum.
3603 1647 3630 1694 ι

2057 1731 2180 1788 [lac
2212 1732 2416 1798 omnia,
2446 1748 2562 1803 qua:
2594 1730 2804 1787 nonnisi
2844 1731 2897 1785 in
2933 1747 3197 1801 aquarum
3224 1732 3379 1802 copia
3408 1731 3632 1788 Iuntur

366 1821 552 1878 τίκόνα
581 1823 958 1894 περιείληπται
1006 1823 1115 1878 τῶν
1148 1827 1206 1878 ἐν
1239 1829 1305 1898 τῇ
1361 1827 1658 1898 Ἐκκλησία
1692 1827 1783 1881 τοῦ
1813 1828 1945 1882 θεοῦ

2050 1833 2105 1878 et
2145 1833 2494 1890 accrescunt,
2525 1824 2588 1877 ad
2621 1824 3032 1879 similitudinem
3076 1824 3380 1879 animat-um
3424 1824 3478 1879 in
3529 1823 3631 1878 Ec-

365 1914 608 1971 εὐθαλῶν
639 1914 843 1986 ψυχῶν,
873 1917 980 1970 ἀπὸ
1009 1917 1378 1990 πολυπληθίας
1400 1918 1558 1973 θείων
1590 1921 1683 1973 καὶ
1718 1920 1950 1989 λογικῶν

365 2005 572 2061 ὑδάτων
606 2009 685 2071 είς
717 2007 850 2077 ὕψος
879 2009 1223 2081 ἐπηρμένων.
1266 2011 1396 2064 Ὅτε
1426 2011 1524 2082 μέν
1545 2007 1637 2066 οὖν
1671 2013 1798 2076 τούς
1824 2029 1953 2085 καρ-

365 2099 502 2161 ποὺς
540 2097 636 2168 τῆς
684 2097 1007 2169 Ἐκκλησίας
1043 2098 1290 2167 βούλεται
1326 2102 1730 2171 παραστῆσαιὸ
1771 2101 1946 2170 λόγος,

365 2186 534 2241 εικόνι
569 2188 766 2260 χρῆται
794 2189 1000 2254 ἐλαίας,
1031 2189 1064 2260 ἢ
1096 2189 1354 2259 φοίνικος,
1383 2191 1416 2262 ἢ
1451 2191 1716 2262 άμπέλου’
1765 2193 1852 2246 ὅτε
1893 2193 1950 2247 δὲ

365 2288 426 2330 το
451 2277 673 2341 εὐθαλὲς
701 2279 792 2332 καὶ
818 2279 1130 2351 διηρμένον,
1157 2281 1348 2351 νεαρόν
1368 2299 1426 2335 τε
1449 2283 1543 2336 καὶ
1563 2284 1817 2354 ἀκμαῖον,
1840 2283 1950 2338 τῶν

365 2368 425 2421 ἐν
455 2369 521 2438 τῇ
582 2368 874 2441 Ἐκκλησία
909 2372 1324 2443 προκοπτόντων
1365 2373 1534 2444 δηλοῖ,
1577 2379 1641 2446 τῇ
1677 2375 1783 2428 τῶν
1816 2395 1951 2450 προ-

363 2459 660 2530 λεχθέντων
689 2461 870 2529 φυτῶν
904 2463 1272 2534 συνεχρήσατο
1295 2465 1484 2521 εἰκόνι·
1510 2465 1546 2520 ἃ
1578 2467 1676 2520 οὐκ
1707 2466 1880 2532 ἄλλως
1913 2469 1946 2541 ἢ

363 2547 422 2614 ἐξ
449 2549 657 2604 ὑδάτων
687 2551 924 2624 πλήθους
947 2553 1041 2609 καὶ
1071 2554 1174 2624 γῆς
1196 2556 1412 2626 ἑδραίας
1436 2557 1528 2611 καὶ
1562 2559 1790 2630 μονίμου
1821 2577 1947 2614 συν-

362 2641 612 2696 ίστασθαι
642 2643 906 2713 πέφυκεν·
945 2645 974 2698 ὃ
1017 2645 1080 2716 δὴ
1125 2648 1218 2701 καὶ
1250 2649 1370 2702 ἀντὶ
1412 2650 1717 2722 παραδόξου
1751 2654 1948 2725 παρεί-

360 2734 546 2805 ληφεν,
575 2737 624 2787 εί
652 2735 711 2787 ἐν
733 2739 797 2807 τῇ
828 2736 1041 2808 ἀνύδρῳ
1069 2738 1163 2791 καὶ
1184 2739 1472 2812 καταξήρῳ
1509 2742 1604 2796 καὶ
1633 2742 1838 2815 δειλαίᾳ
1873 2747 1944 2817 γῇ

359 2824 624 2896 τοσαύτην
669 2827 876 2884 ὑδάτων
908 2829 1171 2900 χορηγίαν
1221 2829 1438 2885 ἔσεσθαι
1470 2834 1826 2904 ἐπήγγελται,
1871 2835 1946 2900 ὡς

359 2916 584 2971 τοιαῦτα
614 2917 910 2991 βλαστῆσαι
936 2921 1102 2988 φυτὰ,
1133 2923 1294 2976 όποῖα
1324 2923 1685 2979 κατείλεκται.
1715 2927 1818 2980 Τὸν
1844 2927 1944 2980 αὐ-

360 3010 450 3064 τὸν
481 3010 538 3063 δέ
558 3011 758 3081 τρόπον
787 3010 1005 3068 ἔσεσθαι
1031 3015 1125 3069 καὶ
1155 3016 1246 3069 ἐπὶ
1283 3017 1382 3088 τῆς
1418 3017 1584 3073 πάλαι
1618 3020 1824 3090 ἐρήμου
1852 3021 1946 3075 καὶ

358 3101 588 3174 ἆνύδρου
620 3104 723 3174 γῆς
755 3104 864 3157 τῶν
902 3105 1065 3160 πάλαι
1091 3106 1403 3178 ἀλλοφύλων
1427 3110 1520 3163 καὶ
1548 3109 1722 3164 ἀθέων
1755 3111 1940 3165 ἐθνῶν·

2052 1913 2214 1968 clesia
2261 1914 2353 1972 Dei
2393 1914 2734 1980 florentium,
2776 1929 2896 1982 qua:
2936 1931 3002 1969 ex
3035 1915 3338 1970 divinarum
3369 1924 3424 1970 et
3460 1918 3628 1968 ratio-

2052 2007 2309 2062 nabilium
2363 2022 2626 2076 aquarum
2675 2007 3006 2061 abundantia
3055 2007 3108 2061 in
3145 2005 3318 2060 altum
3358 2021 3633 2061 excreve-

2051 2107 2210 2163 rnnt,
2254 2106 2606 2166 usurpentur.
2657 2097 2790 2151 Cum
2845 2097 3009 2167 igitur
3077 2095 3355 2166 Scriptum
3420 2096 3630 2152 fructus

2051 2188 2306 2244 Ecclesiae
2337 2198 2734 2258 reprzcsentare
2759 2189 2932 2257 cupit,
2977 2189 3210 2256 imagine
3253 2190 3422 2244 utitur
3449 2189 3624 2251 olivae,

2050 2288 2143 2334 aut
2179 2279 2404 2349 palmae,
2445 2287 2539 2333 aut
2583 2279 2743 2344 vitis;
2789 2294 2910 2334 cum
2963 2293 3095 2335 vero
3128 2278 3442 2347 ﬂorentem,
3492 2279 3628 2334 sub-

2049 2370 2253 2438 limem,
2301 2381 2548 2441 vegetum
2592 2381 2646 2426 et
2689 2387 3005 2442 prosperum
3050 2384 3262 2438 eorum,
3290 2372 3380 2442 qui
3425 2373 3477 2426 in
3523 2371 3630 2427 Er-

2049 2464 2214 2519 clesia
2255 2465 2583 2535 proficiunt,
2630 2473 2832 2519 statum
2894 2465 3198 2535 signiﬁcat,
3245 2458 3635 2535 przcdictarum.

2049 2557 2304 2611 arborum
2336 2556 2689 2612 similitudine
2730 2557 2920 2624 utitur,
2948 2572 3074 2626 quae
3097 2558 3314 2612 nonnisi
3359 2574 3424 2613 ex
3455 2573 3625 2627 aqua-

2048 2663 2166 2702 rum
2213 2648 2369 2717 copia
2421 2658 2584 2718 atque
2632 2647 2683 2701 iu
2732 2658 2874 2702 terra
2917 2651 3070 2704 tirma
3117 2650 3397 2719 solidaque
3443 2652 3634 2707 consi-

2048 2748 2195 2793 stere
2233 2739 2408 2793 solent
2435 2757 2448 2794 :
2475 2727 2620 2810 quod
2659 2755 2792 2794 sane
2841 2757 2938 2809 pro
2977 2756 3036 2795 re
3073 2742 3336 2810 stupenda
3375 2751 3429 2796 et
3459 2743 3629 2797 mira-

2046 2828 2138 2884 bili
2184 2829 2488 2900 usurpavit,
2528 2828 2671 2898 quod
2710 2828 2964 2884 videlicet
3014 2831 3067 2884 in
3119 2831 3404 2900 iuaquosa,
3447 2831 3632 2900 arido,

2045 2931 2102 2979 et
2142 2923 2340 2977 misera
2381 2931 2562 2988 terra,
2607 2933 2812 2978 tantam
2855 2921 2973 2978 fore
3027 2938 3288 2992 aquarunt
3339 2924 3632 2978 aliundam

2048 3014 2177 3068 tiam
2222 3015 2564 3086 polliceatur,
2594 3026 2650 3070 ut
2685 3017 2820 3071 tales
2870 3017 3126 3078 arbores,
3175 3015 3361 3085 quales
3392 3030 3630 3071 einunc--

2048 3117 2260 3174 rantur,
2297 3107 2541 3176 proferre
2577 3109 2774 3164 valeat.
2815 3109 3015 3164 Eodem
3043 3119 3222 3162 autem
3263 3108 3426 3164 modo
3458 3125 3632 3164 even-

359 3194 628 3265 τοσαύτην
669 3195 776 3267 γὰρ
820 3199 1146 3269 γενήσεσθαι
1191 3201 1283 3254 καὶ
1323 3203 1410 3254 ἐπ’
1451 3203 1598 3274 αὐτῷ
1643 3204 1943 3278 μεταϐολὴν

2047 3208 2225 3253 turum
2256 3200 2387 3255 dicit
2433 3199 2485 3254 in
2540 3201 2627 3254 illa
2661 3200 2790 3254 olim
2837 3202 3048 3255 deserta
3089 3209 3144 3255 ct
3188 3201 3444 3271 inaqunsa
3491 3202 3622 3255 alie-

359 3286 689 3360 προφητεύει
711 3291 789 3352 εἰς
813 3289 1036 3354 ἔνδειξιν
1068 3291 1166 3363 τῆς
1200 3294 1468 3366 σωτηρίου
1497 3295 1832 3364 εὐεργεσίας.

430 3611 450 3646 ι
479 3595 596 3647 Ἵνα
617 3593 766 3648 ἴδωσι
792 3597 885 3648 καὶ
910 3594 1100 3664 γνῶσι,
1130 3596 1222 3650 καὶ
1241 3597 1534 3667 ἐννοήσωσι
1561 3597 1654 3649 καὶ
1680 3595 1942 3648 ἐπίστων-

356 3702 444 3744 ται
468 3687 604 3759 ἆμα,
636 3689 716 3742 ὅτι
749 3689 867 3761 χεὶρ
893 3689 1096 3761 Κυρίου
1126 3687 1345 3760 ἐποίησε
1371 3687 1562 3752 ταῦτα,
1596 3687 1690 3741 καὶ
1727 3690 1756 3741 ό
1787 3688 1940 3757 ἅγιος

355 3779 447 3836 τοῦ
496 3780 711 3854 Ἰσραὴλ
758 3780 1084 3845 κατέδειξεν.
1122 3799 1141 3832 ι
1189 3781 1251 3834 Εἰ
1302 3779 1412 3851 γὰρ
1461 3780 1534 3850 μὴ
1568 3779 1700 3842 Θεὸς
1738 3774 1806 3850 ἦν
1845 3780 1938 3832 καὶ

355 3870 475 3943 χεὶρ
506 3871 734 3944 Κυρίου,
769 3873 802 3942 ἡ
832 3870 920 3924 διὰ
944 3870 1053 3924 τῶν
1087 3870 1398 3924 ἀποστόλων
1427 3868 1591 3923 αὐτοῦ
1625 3869 1721 3941 τὴν
1747 3870 1940 3923 τοσαύ-

354 3978 452 4033 την
484 3963 781 4035 μεταϐολὴν
824 3965 880 4016 ὲν
914 3965 1027 4027 τοῖς
1059 3962 1266 4016 ἔθνεσιν
1301 3963 1636 4034 εἰργασμένη
1658 4003 1671 4021 ,
1712 3961 1829 4025 πῶς
1870 3962 1937 4016 ἂν

353 4052 686 4125 συνέστησαν
719 4055 776 4106 ἐν
803 4056 868 4124 τῇ
897 4053 1130 4126 τοσαύτῃ
1154 4053 1263 4107 τῶν
1294 4053 1463 4106 ἐθνῶν
1502 4052 1709 4125 ἐρημίᾳ
1742 4053 1937 4125 ἐκκλη-

354 4145 465 4198 σίαι
494 4144 650 4208 Θεοῦ,
676 4146 770 4198 καὶ
800 4145 868 4198 τὰ
901 4147 958 4198 ἐν
994 4146 1128 4216 αὐτῇ
1163 4143 1354 4214 λογικά
1394 4144 1559 4198 ὐδατα
1598 4143 1935 4214 πληθύνοντα

353 4234 623 4305 πανταχοῦ
650 4236 771 4306 γῆς,
797 4235 872 4298 ὡς
895 4235 1256 4307 γεωργεῖσθαι
1279 4235 1385 4288 τῶν
1419 4235 1679 4307 πρότερον
1713 4236 1935 4308 ἐρήμων

351 4325 441 4380 xa‘
464 4325 753 4396 ἀνημέρων
776 4325 943 4378 ἐθνῶν
962 4326 1058 4390 τὰς
1086 4325 1262 4397 ψυχὰς
1284 4325 1360 4396 τῷ
1387 4325 1484 4395 τῆς
1509 4325 1815 4388 θεοσεϐείας
1845 4325 1934 4378 λό-

350 4433 452 4486 γῳ,
498 4416 653 4485 φύειν
697 4434 755 4470 τε
790 4418 883 4472 καὶ
935 4417 1114 4490 ὑψηλὰ
1159 4419 1252 4472 καὶ
1279 4419 1526 4490 μετέωρα
1555 4417 1928 4490 βλαστήματα⁶

2044 3310 2234 3349 uarum
2275 3305 2332 3348 et
2362 3295 2648 3365 impiarum
2697 3294 2937 3363 gentium
2985 3303 3130 3348 terra
3163 3311 3176 3347 :
3209 3308 3334 3347 nam
3383 3304 3439 3348 ut
3475 3293 3628 3348 salu-

2045 3394 2161 3440 tare
2198 3387 2518 3442 beneficium
2564 3387 2850 3456 exprimat,
2895 3395 3098 3440 tantam
3138 3385 3190 3440 iu
3230 3385 3318 3442 illa
3359 3386 3473 3442 fore
3500 3402 3618 3442 mu-

2043 3479 2299 3533 lationem
2335 3480 2680 3534 vaticinatur.

2114 3570 2277 3626 Vsus.
2303 3571 2392 3625 ‘20.
2433 3591 2451 3622 ι
2484 3572 2552 3627 Ut
2602 3573 2820 3626 videant
2865 3580 2920 3625 et
2971 3579 3337 3642 cognoscant,
3379 3580 3435 3624 et
3467 3570 3616 3638 cogi-

2039 3669 2153 3718 teut
2180 3674 2231 3718 et
2263 3665 2434 3718 sciant
2459 3664 2655 3728 simul,
2695 3664 2948 3732 quoniam
3000 3677 3192 3717 manus
3224 3663 3433 3717 Domini
3487 3663 3614 3718 fecit

2039 3754 2176 3822 lucc,
2220 3766 2274 3810 et
2321 3765 2542 3811 sanctus
2577 3755 2736 3811 Israel
2767 3756 3026 3811 ostendit.
3053 3774 3072 3808 ι
3118 3753 3234 3809 Nisi
3279 3755 3423 3810 enim
3473 3756 3615 3812 Deus

2037 3857 2090 3903 et
2131 3864 2323 3904 manus
2374 3849 2584 3903 Domini
2634 3857 2801 3910 esset,
2842 3863 2961 3917 quae
3015 3863 3110 3916 per
3158 3846 3435 3916 apostolos
3486 3863 3614 3903 suos

2036 3949 2241 3995 tantam
2289 3942 2341 3996 in
2382 3943 2632 4012 gentibus
2663 3941 3016 3995 mutationem
3068 3940 3298 4005 induxit,
3342 3943 3612 4010 quomodo

2037 4036 2090 4089 iu
2124 4045 2276 4090 tanto
2322 4035 2560 4106 gentium
2608 4035 2824 4088 deserto
2875 4031 3131 4086 Ecclesiae
3180 4032 3276 4086 Dei
3324 4031 3610 4086 constitis-

2035 4135 2190 4187 sent,
2235 4137 2290 4181 et
2340 4126 2697 4181 rationabiles
2741 4121 2859 4194 ejus
2904 4140 3056 4193 aqua:
3100 4124 3300 4195 ubique
3348 4133 3611 4177 terrarum

2036 4216 2261 4287 largiter
2310 4227 2652 4278 manaSseut.
2706 4218 2777 4270 ita
2829 4226 2886 4269 ut
2947 4217 3051 4271 illa:
3111 4217 3236 4271 olim
3286 4218 3515 4271 deserta:
3558 4224 3614 4270 et

2035 4306 2268 4363 immites
2298 4304 2534 4379 gentium
2585 4309 2792 4372 animm,
2836 4309 2938 4379 piae
2989 4309 3264 4380 religionis
3307 4307 3473 4363 verbo
3513 4325 3612 4364 ex-

2035 4399 2138 4454 coli
2178 4411 2424 4471 possent,
2468 4417 2531 4456 ac
2575 4401 2751 4456 celsas
2793 4401 3164 4468 sublimeSque
3197 4400 3408 4470 plautas
3454 4401 3616 4454 emit-

349 4507 534 4564 καὶτὰ
565 4509 662 4579 μὲν
691 4508 783 4562 ἐπὶ
804 4509 909 4578 γῆς
938 4508 1304 4581 ἐρῤιζωμένα,
1336 4509 1479 4579 λέγω
1502 4509 1568 4582 δὴ
1605 4511 1662 4562 ἐν
1689 4511 1766 4580 τῷ
1799 4509 1929 4581 θνη-

2046 4500 2151 4547 lere
2177 4513 2191 4548 :
2221 4510 2451 4564 quarum
2482 4496 2600 4549 alite
2644 4495 2696 4548 iu
2734 4505 2900 4559 terra,
2930 4494 3140 4548 scilicet
3183 4494 3234 4548 in
3271 4494 3483 4547 mortali
3522 4495 3616 4546 Itu-

349 4601 428 4674 τῷ
456 4603 551 4655 καὶ
583 4601 910 4673 ἀνθρωπίνῳ
949 4601 1068 4672 βίῳο
1098 4601 1164 4654 τά
1199 4601 1256 4656 δέ
1285 4604 1364 4665 είς
1395 4601 1527 4672 ὕψος
1569 4603 1924 4672 ἐπαιρόμενα,

348 4691 423 4756 ὣς
449 4693 545 4749 καὶ
594 4691 754 4764 μέχρι
781 4693 878 4763 τῆς
937 4691 1210 4762 βασιλείας
1257 4693 1366 4745 τῶν
1406 4693 1651 4764 οὐρανῶν
1698 4695 1930 4747 ἐκτείνει

349 4781 495 4846 σθαι,
529 4784 690 4837 κάκεῖ
711 4782 810 4846 τὰς
842 4782 1046 4839 ἑαυτῶν
1076 4783 1313 4854 ἀναρτᾷν
1338 4782 1590 4847 ἐλπίδαςς
1623 4785 1712 4838 Διὸ
1745 4789 1929 4854 φυτοῖς

347 4873 570 4928 εὐώδεσι
595 4873 689 4926 καὶ
720 4875 798 4936 είς
840 4873 970 4943 ὕψος
1003 4873 1332 4944 ἐπηρμένοις
1362 4874 1820 4946 παοαϐέϐληνται.

424 5066 444 5099 ι
487 5047 723 5118 Ἑγγίζει
758 5051 791 5121 ἡ
834 5050 1013 5121 κρίσις
1045 5048 1230 5121 ὐμῶν,
1265 5047 1413 5117 λέγει
1456 5049 1659 5122 Κύριος
1705 5051 1733 5104 ό
1773 5051 1924 5114 Θεός·

347 5137 579 5208 ἤγγισαν
609 5142 665 5194 αἱ
697 5139 881 5211 βουλαὶ
917 5141 1090 5209 ὑμῶν,
1123 5141 1268 5211 λέγει
1302 5143 1329 5194 ό
1367 5139 1618 5210 βασιλεὺς
1657 5142 1871 5196 Ἰακώϐ.
1905 5160 1923 5192 ι

2037 4602 2302 4656 manaque
2327 4589 2461 4652 vita,
2500 4587 2709 4642 radices
2752 4602 3014 4656 posuere;
3059 4587 3178 4640 alia:
3218 4601 3347 4640 vero
3394 4601 3608 4639 sursum

2034 4691 2232 4732 erectae
2278 4689 2446 4744 sunt,
2493 4681 2564 4732 ita
2616 4691 2673 4732 ut
2712 4681 2778 4734 ad
2841 4696 3012 4750 usque
3065 4693 3291 4748 regnum
3350 4677 3609 4732 cwlnrutu

2033 4774 2477 4836 extenderentur,
2522 4783 2686 4842 atque
2721 4773 2790 4826 ibi
2835 4789 2985 4842 spem
3032 4787 3188 4825 suam
3247 4766 3614 4837 reponerent?

2035 4865 2387 4930 quamobrem
2465 4864 2904 4919 suaveolctttibus
2958 4880 3023 4920 ac
3074 4861 3386 4918 celsissituis
3449 4861 3611 4914 arbo-

2036 4957 2184 5010 ribus
2212 4968 2611 5026 comparantur.

2107 5048 2270 5103 Vsus.
2295 5049 2385 5103 2|.
2425 5069 2443 5101 ι
2473 5049 2881 5120 Appropinquat
2902 5047 3168 5114 judicium
3191 5055 3452 5104 vestrum.
3477 5043 3607 5098 dicit

2029 5139 2284 5195 Dominus
2337 5141 2526 5195 Deus:
2574 5141 3075 5210 appmpinqnaruut
3125 5139 3348 5194 consilia
3401 5147 3602 5204 vestra,

359 5229 775 5302 Ἀναπολόγητοι
809 5233 916 5303 γάρ
967 5234 1109 5294 ἐστε,
1147 5232 1333 5303 φησὶν,
1368 5225 1414 5284 ὦ
1450 5232 1846 5304 εἰδωλολάτραι,
1881 5234 1930 5286 oi

2046 5231 2157 5286 Iicit
2199 5247 2294 5286 rex
2333 5231 2517 5288 Jacob.
2546 5251 2564 5284 ι
2610 5232 3006 5287 lnexcusabiles
3035 5233 3235 5303 quippe
3265 5231 3416 5295 estis,
3443 5230 3540 5293 ait,
3570 5245 3605 5285 ο

350 5320 487 5389 μετὰ
524 5321 622 5392 τὴν
660 5323 928 5394 τοσαύτην
956 5325 1112 5394 χάριν
1143 5325 1240 5396 τὴν
1270 5324 1340 5380 τά
1381 5324 1617 5378 τοσαῦτα
1662 5341 1932 5397 κατεργα-

2047 5323 2365 5389 (Ιοιοιαιινιι,
2419 5326 2510 5395 qui
2571 5334 2692 5394 post
2743 5333 2948 5378 tantam
2999 5325 3237 5392 taliaque
3287 5330 3601 5391 Operautem

349 5411 610 5485 σαμένην,
643 5417 708 5488 τῇ
757 5413 999 5484 πολυθέῳ
1029 5415 1485 5485 ἐναπομείναντες
1516 5415 1710 5486 πλάνῃ,
1742 5416 1814 5487 μὴ
1846 5418 1930 5469 ἐν-

2046 5417 2276 5487 gratiam,
2305 5419 2358 5472 in
2405 5419 2697 5472 multorum
2736 5417 3012 5471 numinum
3052 5431 3238 5470 errore
3281 5415 3600 5471 mansistis:

346 5503 658 5572 νοήσαντες,
681 5505 757 5569 ὡς
782 5507 901 5578 χεὶρ
925 5500 1218 5576 ἦνάληθῶς
1245 5506 1380 5560 Θεοῦ
1407 5507 1439 5576 ἡ
1467 5505 1534 5560 τά
1554 5506 1782 5560 τοσαῐτα
1808 5523 1932 5560 κατ-

347 5596 708 5668 εργαζομένη,
749 5600 844 5655 καὶ
887 5599 1016 5673 πρὶν
1075 5599 1325 5668 γενέσθαι
1362 5599 1750 5672 μαρτυραμένη
1776 5639 1792 5665 ,
1846 5601 1926 5654 ὅτι

347 5686 518 5740 ταῦτα
545 5687 714 5746 ἔσται.

425 5783 461 5813 ⁷¹
503 5783 630 5847 Cap.
663 5801 757 5851 xtl,
791 5804 928 5845 t'ct's.
961 5788 1040 5845 13.
1117 5788 1161 5820 τί
1199 5784 1340 5841 Péul.
1374 5802 1538 5852 ιιι-ιι,
1573 5786 1660 5841 Ξῖ.

2033 5525 2138 5564 nou
2181 5511 2513 5580 cogitantes,
2559 5526 2777 5564 manum
2819 5510 2911 5564 Dei
2960 5523 3082 5564 esse
3125 5523 3244 5578 quae
3289 5519 3394 5562 tam
3437 5506 3600 5562 multa

2031 5603 2236 5668 edidit,
2280 5611 2334 5658 ct
2382 5614 2668 5675 antequam
2719 5604 2943 5670 ﬂerent,
2988 5603 3102 5658 haec
3142 5603 3315 5657 futura
3361 5614 3584 5672 prauae

2033 5691 2204 5747 tiavit.
3362 5718 3365 5719 ν

2275 5857 2298 5884 9
