4168 6398
499 339 618 404 1583

1225 329 1500 388 EI-ISEBI'I
1535 331 2014 390 CESARI‘ENSIS
2053 335 2202 392 OPP.
2245 333 2428 392 PARS
2463 331 2552 391 Ill.
2591 363 2664 378 --
2699 331 3110 392 EXEGE'I’ICA.

3667 337 3790 393 σεε

588 451 946 510 Ἡιιεᾶἓ-Ξὸ.
979 468 998 503 ι
1023 449 1472 522 Appropinquent
1495 460 1548 508 et
1581 451 1903 508 annuntient
1932 451 2086 507 vobis

2267 475 2286 506 ι
2331 453 2756 524 Ἐγγισάτωσαν,
2789 453 2884 508 καὶ
2909 451 3388 523 ἀναγγειλάτωσαν
3416 451 3546 524 ὑμῖν
3575 453 3612 508 ἃ
3643 471 3782 526 συμ-

511 564 631 620 qua:
661 555 888 602 venture
929 551 1080 612 sunt,
1111 553 1207 599 aut
1236 543 1418 614 priora
1451 559 1574 614 quae
1601 553 1779 599 erant.
1813 543 2008 608 Dicite,
2033 555 2090 600 et

511 650 750 698 mentem
788 641 1158 700 advertemus.
1204 647 1262 692 et
1296 651 1688 706 cognoscemus
1715 651 1838 706 quae
1875 637 2088 702 ultima,

513 744 566 790 et
594 748 715 802 quae
757 740 1004 788 ventura.
1033 729 1364 786 Renuntiate
1399 728 1552 784 nobis
1597 744 1718 798 qua:
1769 737 1992 784 ventura
2034 729 2088 784 in

513 827 846 890 novissimo,
877 832 933 880 et
974 837 1364 893 cognoscemus
1407 821 1536 891 quia
1581 821 1658 875 dii
1702 821 1854 876 estis.
1881 839 1902 872 ι
1953 820 2088 874 Nam

513 919 606 976 Dei
658 897 944 990 prophetae.
983 917 1234 986 quidem,
1275 915 1440 969 divini
1494 924 1780 970 consortes
1831 913 2087 983 Spiritus,

513 1009 808 1064 novissima
851 1010 1318 1078 przenuntiarunt,
1363 1007 1634 1076 inaquosi,
1681 1005 1884 1062 sterilis
1907 1017 1964 1062 et
2009 1007 2090 1061 in-

513 1101 774 1158 fructuosi
807 1101 904 1157 soli
939 1101 990 1154 in
1029 1099 1306 1154 meliorem
1351 1108 1554 1154 statum
1602 1101 1952 1156 mutationem
1997 1115 2090 1154 va-

513 1193 820 1258 ticinantes,
853 1205 1064 1246 necnon
1109 1191 1312 1246 Christi
1351 1191 1676 1253 adventum,
1725 1190 2086 1260 apostolorum

513 1285 628 1354 ejus
676 1283 1150 1354 praedicationem,
1199 1291 1508 1350 czeteraque
1553 1283 1732 1336 omnia
1798 1283 1850 1338 in
1901 1297 2086 1338 eorum
2129 1301 2132 1304 ν

513 1376 810 1446 prophetiis
839 1375 1116 1432 enuntiata
1143 1392 1156 1427 :
1187 1375 1330 1428 unde
1357 1389 1544 1429 revera
1575 1375 1716 1430 Deus
1745 1390 1866 1430 esse
1897 1376 1963 1442 is,
1991 1377 2084 1445 qui

515 1470 630 1526 haec
677 1469 728 1524 in
761 1468 864 1522 illis
889 1477 944 1522 et
975 1481 1071 1537 per
1101 1467 1220 1522 illos
1251 1467 1582 1522 vaticinatus
1609 1477 1716 1533 est,
1749 1469 2086 1538 agnoscitur.

513 1563 732 1633 Maligni
765 1575 894 1615 vero
937 1560 1209 1614 daemones
1253 1559 1344 1628 qui
1393 1560 1668 1629 potuerint
1717 1559 2086 1613 universorum

511 1653 606 1708 Dei
649 1647 933 1708 consilium
969 1659 1026 1704 et
1054 1649 1472 1719 cogitationem,
1517 1663 1583 1702 ac
1623 1648 1740 1718 ejus
1782 1649 1848 1702 de
1887 1648 2088 1704 Christi

511 1743 776 1806 adventu,
815 1741 990 1809 deque
1039 1725 1280 1808 ipsorum
1330 1737 1570 1807 pernicie
1615 1747 1672 1792 et
1703 1739 1874 1792 exitio
1907 1739 2089 1794 decue-

509 1845 644 1900 tum,
673 1805 1038 1904 cognoscere?
1061 1805 1404 1900 Quapropter
1433 1845 1556 1884 cum
1589 1829 1773 1884 futura
1815 1837 1980 1900 atque
2021 1844 2086 1885 ea
2121 1805 2162 1862 Β

511 1941 632 1998 qua:
660 1925 710 1980 in
738 1924 995 1979 extremis
1037 1921 1372 1993 temporibus
1399 1919 1544 1976 circa
1576 1923 1819 1992 gentium
1849 1921 2092 1976 vocatioo

509 2031 630 2072 nem
673 2017 1130 2084 solitudinemque
1171 2029 1322 2068 suam
1356 2023 1618 2070 eventura
1649 2023 1827 2081 erant,
1875 2014 2092 2083 ignora-

508 2117 665 2172 rent;
721 2115 1113 2178 consequenter
1163 2119 1338 2174 neque
1383 2105 1533 2174 prius
1579 2104 1728 2160 edita
1768 2114 2084 2159 noverant:

506 2213 677 2269 quare
722 2199 902 2254 nullus
933 2213 1122 2252 eorum
1163 2198 1443 2268 prophetis
1479 2196 1596 2250 suis
1643 2195 1748 2250 ista
1799 2210 2094 2264 suggerere

509 2287 862 2358 potuit,quae
927 2289 1134 2356 scripto
1181 2287 1572 2357 consignarunt
1629 2285 1688 2350 ii,
1732 2285 1824 2356 qui
1885 2284 2094 2356 Spiritu

507 2381 600 2435 Dei
636 2380 782 2450 digni
815 2379 986 2436 habiti
1024 2379 1260 2435 fuerant.

581 2569 600 2604 ι
633 2549 778 2606 Bene
820 2551 982 2608 facite
1029 2562 1084 2608 et
1137 2553 1274 2610 male
1322 2554 1518 2620 facite,
1563 2563 1620 2610 et
1657 2553 2000 2616 mirabimur.
2039 2566 2094 2612 et

509 2642 818 2698 videbimus
851 2644 1034 2700 simul.
1061 2664 1078 2696 ι
1123 2645 1350 2722 Etiamsi
1399 2648 1546 2702 enim
1582 2646 1742 2702 malis
1793 2647 2094 2704 inferendis

510 2749 674 2805 pares
703 2735 863 2802 sitis,
909 2747 1096 2807 utpote
1130 2739 1402 2794 daemones
1441 2740 1684 2808 maligni,
1717 2747 1962 2796 attamen
2007 2741 2092 2796 di—

511 2827 652 2882 vinae
678 2829 939 2898 operandi
987 2831 1206 2884 virtutis
1243 2830 1371 2885 hinc
1404 2830 1662 2886 indicium
1705 2847 1814 2886 non
1861 2832 2090 2888 habebi-

512 2923 624 2978 tis:
657 2939 826 2993 quare
856 2941 992 2994 opus
1039 2935 1122 2980 est
1171 2941 1267 2981 vos
1317 2927 1459 2997 quod
1495 2927 1608 2984 Deo
1637 2931 1913 2999 proprium
1969 2941 2088 2998 est,

509 3011 744 3082 primum
770 3013 1062 3082 exhibere,
1101 3016 1152 3070 id
1185 3027 1292 3080 est,
1313 3019 1457 3072 bene
1489 3015 1668 3072 facere
1697 3036 1712 3073 :
1750 3019 1878 3076 hinc
1909 3032 2089 3076 autem

509 3101 653 3171 iusto
679 3101 884 3172 judicio
921 3105 994 3158 uti
1051 3121 1118 3160 ac
1165 3107 1360 3175 dignos
1417 3110 1680 3180 supplicio
1713 3109 1968 3182 plectere.
2011 3111 2088 3167 Ita

509 3203 574 3248 ut
605 3193 732 3250 binc
759 3195 926 3265 probe
959 3210 1444 3264 commonstretur.
1481 3206 1828 3272 operationes
1860 3205 2000 3271 illas,
2029 3216 2094 3262 ut

511 3293 706 3354 putant
731 3285 854 3355 ipsi,
885 3287 1002 3343 sive
1029 3291 1271 3356 oracula,
1307 3294 1762 3362 praestigiatorum
1807 3297 2086 3352 hominum

510 3373 754 3434 fallacias
793 3391 936 3447 esse,
981 3383 1074 3450 qui
1117 3383 1410 3440 multorum
1462 3387 1809 3458 simplicitate
1853 3391 2089 3446 abutun-

511 3473 620 3519 tur.
1981 3489 1992 3500 '

583 3555 748 3618 Vens.
771 3559 866 3624 24,
893 3561 986 3618 25.
1031 3581 1050 3616 ι
1081 3562 1348 3632 Quoniam
1377 3567 1517 3624 unde
1541 3572 1675 3628 estis
1708 3572 1844 3628 vos?
1865 3583 1920 3628 et
1951 3574 2092 3630 unde

507 3667 647 3724 opus
680 3656 958 3710 vestrum?
993 3657 1068 3713 De
1105 3667 1250 3714 terra
1301 3659 1354 3714 in
1405 3661 1866 3722 abominationem
1911 3667 2092 3740 elege-

507 3755 634 3800 runt
663 3761 780 3802 vos.
810 3747 922 3816 Ego
953 3763 1078 3804 vero
1121 3751 1358 3806 excitavi
1401 3765 1550 3818 eum,
1577 3757 1670 3826 qui
1703 3758 1770 3814 ab
1813 3759 2083 3830 Aquilone

509 3845 618 3902 est,
647 3846 876 3908 etcum,
906 3841 996 3910 qui
1031 3841 1098 3896 ab
1132 3851 1256 3896 ortu
1287 3844 1458 3900 solis:
1495 3848 1830 3903 vocabuntur
1873 3851 2094 3907 nomine

513 3943 704 3986 meo.)
746 3930 842 3986 llis
887 3947 1052 4002 porro
1099 3934 1372 4004 signiﬁcat
1417 3952 1514 4006 per
1557 3955 1682 3994 eum
1725 3943 1820 4012 qui
1865 3943 1936 3998 ab
1967 3954 2090 4000 ortu

507 4020 642 4074 solis
688 4024 868 4086 venit,
914 4021 1194 4080 Christum
1243 4027 1468 4097 ejusque
1512 4027 1782 4097 justitiam
1815 4051 1830 4088 :
1869 4034 1922 4089 id
1964 4051 2093 4092 vero

509 4112 786 4168 indicabat
835 4117 1084 4184 superius
1131 4117 1216 4173 bis
1259 4122 1460 4185 verbis,
1499 4141 1517 4173 ι
1543 4121 1680 4188 Quis
1719 4125 1980 4184 excitavit
2023 4131 2092 4185 ab

509 4205 722 4262 oriente
775 4206 1128 4276 justitiam?»
1191 4227 1355 4282 quam
1421 4215 1554 4283 ipsis
1605 4219 1854 4287 gentibus
1909 4221 2090 4276 datam

507 4299 930 4368 testilicabatur;
965 4317 1060 4370 per
1088 4317 1213 4358 eum
1256 4319 1386 4362 vero
1415 4308 1507 4378 qui
1555 4311 1624 4362 ab
1663 4309 1946 4380 Aquilone,
1997 4329 2094 4382 po-

511 4399 700 4470 pulum
727 4413 794 4454 ex
823 4401 1095 4470 gentibus,
1125 4403 1216 4470 qui
1255 4405 1383 4458 olim
1417 4405 1469 4460 in
1521 4407 1788 4477 Aquilone
1827 4410 2086 4480 degebat;

2191 547 2438 620 ϐήσεται,
2474 549 2506 620 ἢ
2547 547 2616 602 τὰ
2643 548 2912 620 πρότερον
2939 547 3059 601 τίνα
3115 541 3204 617 ἦν.
3254 545 3480 610 Εἴπατε,
3527 548 3620 600 καὶ
3653 548 3778 602 ἐπι-

2193 643 2460 712 στήσομεν
2484 641 2576 696 τὺν
2601 639 2745 706 νοῦν,
2778 641 2874 694 καὶ
2901 638 3222 710 γνωσόμεθα
3247 639 3302 692 τί
3345 637 3416 692 τὰ
3452 639 3652 710 ἔσχατα
3683 641 3779 694 καὶ

2187 730 2260 784 τὰ
2305 731 2666 802 ἐπερχόμενα.
2715 728 3096 798 Ἀναγγείλατε
3141 730 3274 800 ἡμῖν
3319 725 3389 781 τὰ
3433 729 3778 800 ἐπερχόμενα

2191 823 2277 874 ἐπ’
2307 823 2555 893 ἐσχάτου,
2589 823 2684 876 καὶ
2704 820 3045 894 γνωσόμεθα,
3085 821 3166 874 ὅτι
3195 819 3306 873 θεοί
3339 821 3482 876 ἐστε.
3519 839 3538 872 ι
3577 823 3637 874 0i
3676 821 3794 893 μὲν-

2189 915 2298 986 γὰρ
2325 915 2417 968 τοῦ
2447 915 2582 968 Θεοῦ
2611 915 2908 987 προφῆται,
2939 913 3121 966 ἐνθέου
3149 912 3463 984 Πνεῦματος
3489 915 3780 986 μετασχόν-

2189 1025 2299 1070 τες,
2336 1009 2595 1080 προεῖπον
2623 1008 2690 1062 τὰ
2716 1007 2918 1078 ἔσχατα
2956 1005 3251 1079 διαρρήδην
3293 1005 3649 1070 θεσπίσαντες
3675 1007 3786 1076 τῆς

2190 1096 2417 1168 ἀνύδρου
2443 1096 2540 1150 καὶ
2583 1096 2780 1164 ἀγόνου
2811 1096 2904 1150 καὶ
2939 1097 3188 1166 ἀκάρπου
3233 1095 3342 1148 τῶν
3383 1095 3551 1148 ἐθνῶν
3593 1093 3780 1169 χώρας

2188 1188 2289 1260 τὴν
2333 1187 2426 1242 ἐπὶ⁸
2467 1189 2536 1242 τὰ
2581 1189 2813 1259 κρείττω
2851 1187 3172 1258 μεταϐολὴν,
3205 1189 3304 1259 τήν
3328 1204 3387 1241 τε
3413 1187 3506 1240 τοῦ
3539 1187 3776 1260 Χριστοῦ

2189 1280 2518 1352 παρουσίαν,
2559 1281 2653 1334 καὶ
2683 1279 2792 1332 τῶν
2823 1279 3136 1332 ἀποστόλων
3177 1277 3342 1332 αὐτοῦ
3391 1277 3452 1332 τὸ
3489 1281 3776 1352 κήρυγμα,

2189 1371 2284 1424 καὶ
2329 1373 2429 1426 ὅσα
2470 1371 2605 1426 ἄλλα
2653 1374 2771 1435 ταῖς
2819 1371 2997 1426 αὐτῶν
3049 1371 3348 1442 ἐμφέρεται
3399 1371 3776 1442 προφητείαις·

2189 1463 2312 1518 ὅθεν
2339 1462 2669 1536 γνωρίζεται
2715 1462 2848 1526 Θεὸς
2877 1461 2954 1516 ὢν
2983 1461 3199 1532 ἀληθῶς
3227 1462 3257 1514 ό
3293 1461 3352 1514 ἐν
3379 1461 3562 1525 αὐτοῖς
3587 1462 3681 1514 καὶ
3709 1462 3778 1516 δι’

2189 1557 2372 1612 αὐτῶν
2391 1556 2564 1611 ταῦτα
2591 1555 2878 1620 θεσπίσας.
2911 1555 2974 1608 Οἱ
2999 1553 3055 1608 δέ
3083 1553 3308 1625 πονηροὶ
3335 1552 3587 1624 δαίμονες
3613 1551 3780 1606 πόθεν

2187 1651 2452 1722 ἠδύναντο
2486 1648 2776 1718 γινώσκειν
2817 1647 3012 1720 βουλὴν
3055 1649 3150 1702 καὶ
3197 1645 3496 1718 ἐνθύμησιν
3543 1646 3638 1699 τοῦ
3687 1649 3782 1700 ἐπὶ

2190 1742 2410 1794 πάντων
2431 1741 2588 1806 Θεοῦ,
2618 1741 2651 1812 ἢ
2685 1740 2753 1793 τὰ
2781 1738 3066 1810 ὁρισθέντα
3095 1739 3188 1791 ὑπ’
3217 1737 3364 1809 αὐτῷ
3391 1738 3518 1809 περὶ
3555 1737 3656 1808 τῆς
3683 1735 3783 1790 τοῦ

2195 1833 2434 1906 Χριστοῦ
2468 1833 2789 1906 παρουσίας,
2823 1833 2952 1905 περί
2983 1849 3041 1884 τε
3069 1833 3171 1904 τῆς
3201 1831 3380 1885 αὐτῶν
3407 1829 3784 1903 καθαιρέσεως

2197 1925 2290 1978 καὶ
2325 1923 2637 1990 ἀπωλείας-ς
2687 1925 2797 1987 Διὸ,
2829 1923 2902 1994 μὴ
2933 1923 3133 1986 ειδότες
3157 1921 3226 1976 τά
3253 1923 3613 1994 ἐπερχόμενα,
3645 1921 3782 1993 μηδὲ

2195 2015 2262 2070 τὰ
2294 2017 2352 2068 ἐν
2385 2015 2634 2086 ἐσχάτοις
2679 2015 2892 2087 καιροῖς
2940 2015 3200 2084 μέλλοντα
3233 2013 3608 2086 συμϐήσεσθαι
3654 2013 3784 2085 περὶ

2193 2109 2294 2180 τῆς
2323 2107 2570 2179 κλήσεως
2595 2107 2700 2160 τῶν
2729 2106 2920 2168 ἐθνῶν,
2947 2108 3045 2177 τῆς
3069 2123 3128 2160 τε
3151 2107 3331 2162 αὐτῶν
3358 2105 3613 2176 ἐρημίας,
3639 2106 3782 2158 εἰκό-

2193 2216 2302 2262 τως
2345 2199 2466 2252 οῦδέ
2497 2199 2566 2253 τὰ
2595 2199 2834 2270 πρότερα
2867 2197 3182 2272 ἐγνώριζον“
3225 2197 3347 2252 ὅθεν
3389 2199 3564 2264 οὐδεὶς
3601 2199 3784 2252 αὐτῶν

2191 2287 2476 2360 δεδύνηται
2505 2292 2614 2354 τοῖς
2647 2290 2827 2344 αὐτῶν
2871 2293 3178 2362 προφήταις
3221 2289 3546 2344 ὑποϐάλλειν
3585 2290 3782 2352 ταῦτα.

2195 2381 2339 2452 ἅπερ
2367 2383 2416 2434 oi
2437 2380 2534 2434 τοῦ
2565 2382 2878 2453 Πνεῦματος
2900 2381 2994 2436 τοῦ
3019 2380 3154 2434 Θεοῦ
3192 2381 3619 2449 καταξιωθέντες
3642 2399 3784 2454 γρα-

2193 2476 2268 2544 ιεῇ
2309 2473 2776 2544 παραδέδωκασιν.

2271 2584 2288 2614 ι
2319 2566 2662 2636 Εὐποιήσατε
2719 2567 2814 2621 καὶ
2857 2565 3166 2632 κακώσατε,
3211 2567 3306 2620 καὶ
3365 2565 3783 2637 θαυμασόμεθα.

2195 2659 2289 2710 καὶ
2311 2658 2553 2729 ὀψόμεθα
2587 2659 2722 2730 ἅμα.
2762 2679 2778 2711 ι
2835 2661 2898 2714 Εἰ
2935 2661 3043 2732 γὰρ
3081 2662 3176 2714 καὶ
3217 2661 3287 2714 τὰ
3339 2661 3572 2732 μάλιστα
3617 2677 3783 2714 κακοο

2194 2752 2368 2802 ποιεῖν
2399 2745 2501 2803 οἷοί
2527 2751 2586 2804 τέ
2623 2753 2768 2815 ἐστε,
2801 2751 3056 2823 δαίμονες
3081 2753 3230 2816 ὅντες
3259 2753 3506 2825 πονηροὶ,
3535 2753 3649 2806 ἀλλ’
3682 2751 3786 2806 οὐκ

2193 2843 2258 2893 ἐκ
2281 2839 2472 2894 τούτου
2507 2839 2793 2912 γνώρισμα
2822 2842 2922 2912 τῆς
2951 2843 3138 2914 θεῖκῆς
3175 2843 3454 2915 ἐνεργείας
3484 2842 3656 2908 ἕξετε·
3677 2842 3784 2896 διό-

2193 2949 2298 3004 περ
2341 2932 2402 2985 τὺ
2439 2933 2636 2998 ἰδιάζον
2679 2935 2772 2986 ἐπὶ
2823 2933 2958 2987 Θεοῦ
3003 2935 3220 3008 πρῶτον
3245 2937 3388 3008 ὑμᾶς
3413 2937 3784 3002 ἐπιδείξασθαι

2194 3025 2320 3096 χρήο
2347 3024 2491 3094 λέγω
2523 3023 2587 3097 δὴ
2615 3025 2677 3078 τὸ
2705 3026 3011 3097 εὐποιῆσαι·
3049 3026 3236 3081 ἔπειτα
3262 3028 3368 3101 ἄρα
3397 3029 3574 3101 κρίσει
3600 3027 3784 3102 δικαίᾳ

2198 3115 2525 3188 χρήσασθαι,
2545 3117 2638 3170 καῖ⁹
2665 3119 2790 3180 τοὺς
2819 3115 3002 3184 ἀξίους
3031 3119 3327 3184 κακώσεως
3343 3120 3779 3192 τιμωρήσασθαι.

2207 3207 2294 3270 Ὠς
2313 3207 2561 3260 ἐντεῦθεν
2585 3207 2951 3281 παρίστασθαι
2981 3210 3080 3272 τὰς
3099 3210 3458 3282 νομιζομένας
3483 3213 3784 3283 ἐνεργείας.

2191 3299 2224 3370 ἢ
2259 3299 2390 3362 τοὺς
2420 3300 2703 3370 χρησμοὺς
2753 3301 2964 3372 ἀνδρῶν
3017 3297 3156 3355 εἶναι
3197 3304 3410 3373 γοήτων
3441 3303 3677 3368 ἀπάτας,
3715 3307 3784 3376 τῇ

2191 3389 2300 3444 τῶν
2349 3391 2562 3444 πολλῶν
2593 3391 2892 3462 ἡλιθιὸτητι
2923 3391 3389 3464 καταχρωμένων.

2269 3605 2288 3638 ι
2321 3586 2444 3640 Ὅτι
2497 3587 2659 3642 πόθεν
2715 3589 2838 3642 ἐστὲ
2885 3591 3076 3660 ὑμεῖς.
3135 3591 3228 3644 καὶ
3267 3590 3430 3646 πόθεν
3477 3593 3510 3666 ἠ
3552 3595 3788 3666 ἐργασία

2191 3677 2383 3750 sum;
2433 3681 2528 3734 Ἐκ
2559 3684 2660 3752 γῆς
2696 3681 2972 3754 βδέλυγμα
2998 3681 3310 3748 ἐξελέξαντο
3337 3685 3502 3756 ὑμᾶς.
3555 3687 3697 3757 Ἐγὼ
3727 3689 3788 3742 δέ

2192 3773 2390 3844 ἠγειρα
2415 3773 2507 3826 τὸν
2537 3773 2644 3828 ἀπὸ
2693 3775 2893 3846 uappa,
2929 3775 3024 3828 καὶ
3049 3775 3138 3830 τὸν
3173 3777 3268 3846 ἀφ’
3295 3777 3448 3848 ⁴ἡλίου
3487 3779 3786 3842 ἀνατολῶν,

2193 3864 2556 3935 κληθήσονται
2589 3865 2665 3937 τῷ
2696 3867 2918 3936 ὀνόματί
2953 3887 3072 3940 μου.
3107 3889 3125 3920 ι
3163 3870 3422 3941 Σημαίνει
3453 3873 3510 3925 δέ
3548 3873 3636 3927 διὰ
3663 3875 3788 3927 τοῦ·

2191 3974 2300 4010 των
2327 3957 2418 4010 τὸν
2445 3959 2544 4029 μὲν
2565 3959 2672 4011 ἀπὸ
2699 3959 2970 4012 ἀνατολῶν
3001 3959 3152 4031 ἡλίου
3179 3961 3272 4014 τὸν
3305 3963 3538 4034 Χριστὸν
3567 3964 3661 4017 καὶ
3687 3965 3788 4035 τὴν

2193 4049 2388 4102 ἐαυτοῦ
2441 4049 2808 4122 δικαιοσύνην
2851 4046 3010 4106 τοῦτο
3049 4053 3106 4106 δὲ
3161 4053 3346 4126 ἐδήλου
3395 4055 3492 4108 καὶ
3541 4055 3630 4110 διὰ
3675 4057 3788 4110 τῶν

2193 4139 2504 4212 ἔμπροσθεν
2535 4143 2732 4213 φήσαςν
2783 4163 2800 4193 ι
2833 4143 2928 4207 Τίς
2959 4143 3238 4218 ἐξήγειρεν
3267 4145 3374 4199 ἀπὸ
3407 4147 3680 4202 ἀνατολῶν
3707 4147 3788 4201 δι-

2191 4231 2521 4304 καιοσύνηνς
2555 4253 2572 4284 ι
2613 4235 2679 4305 ἢν
2709 4235 2804 4287 καὶ
2835 4237 2946 4298 τοῖς
2989 4235 3164 4288 ἔθνεσι
3195 4237 3526 4310 δεδωρῆσθαι
3573 4239 3782 4312 ἐδήὶου·

2192 4323 2282 4376 τὸν
2317 4323 2374 4376 δέ
2403 4323 2509 4378 ἀπὸ
2545 4325 2743 4397 13ορρἄ
2767 4325 2860 4378 τον
2891 4326 2950 4392 ἐξ
2981 4327 3152 4380 ἐθνῶν
3189 4328 3337 4392 λαὸν,
3371 4331 3538 4384 πάλαι
3565 4331 3693 4385 ὄντα
3725 4335 3786 4386 ἐν

2191 4413 2270 4485 τῷ
2301 4415 2499 4488 Βορμίᾷ,
2527 4415 2670 4468 κατὰ
2713 4417 2794 4479 τὸ,
2841 4437 2860 4468 ι
2884 4418 3018 4472 Ἀπὸ
3049 4419 3342 4492 προσώπου
3373 4421 3554 4495 Βορῤᾶ
3583 4425 3788 4478 ἐκκαυ-

511 4493 808 4562 secundum
861 4492 1027 4558 illud,
1077 4511 1096 4544 ι
1126 4495 1166 4548 A
1209 4493 1348 4550 facie
1391 4496 1677 4564 Aquilonis
1723 4502 2088 4572 accendantur

2193 4507 2420 4578 θήσεται
2463 4507 2606 4560 κακὰ
2649 4508 2741 4562 ἐπὶ
2800 4509 3006 4575 πάντας
3059 4513 3184 4576 τοὺς
3243 4515 3630 4581 κατοικοῦντας
3683 4517 3788 4590 τὴν

515 4583 656 4638 mala
686 4585 738 4640 in
777 4599 968 4640 omnes
997 4585 1370 4642 inhabitantes
1417 4597 1636 4644 terram.
1669 4611 1686 4642 ι
1725 4590 1878 4647 Hunc
1909 4594 2092 4664 itaque

509 4677 752 4746 gentium
794 4675 1071 4745 populum,
1105 4677 1204 4742 ait,
1236 4679 1466 4732 excitavi
1511 4679 1580 4734 ab
1613 4682 1900 4751 Aquilone,
1931 4695 1992 4740 ut
2023 4701 2090 4744 ne

511 4768 650 4824 ultra
699 4769 770 4824 ibi
805 4779 1064 4824 maneat:
1097 4769 1299 4824 vocabo
1324 4780 1502 4826 autem
1533 4787 1679 4838 eum,
1727 4775 1818 4843 qui
1869 4777 1938 4830 ab
1965 4787 2086 4850 ortu

515 4861 646 4916 Solis
674 4862 842 4930 venit,
867 4861 1078 4918 scilicet
1101 4861 1404 4918 Christum.

592 4975 610 5008 ι
645 4955 876 5012 Veniant
916 4959 1214 5028 principes,
1241 4967 1298 5014 et
1337 4971 1596 5026 unquam
1633 4959 1806 5014 lutum
1837 4960 2007 5032 ﬁguli,
2042 4973 2100 5020 et

509 5059 768 5120 tanquam
817 5050 1010 5121 ﬁgulus
1039 5053 1368 5108 conculcans
1403 5051 1595 5114 lutum.
1639 5052 1722 5106 sic
1749 5053 2099 5110 conculcahi-

515 5141 666 5196 mini.
695 5160 714 5192 ο
751 5141 844 5196 Sic
877 5153 1034 5198 vocat
1067 5159 1162 5200 eos
1197 5145 1288 5214 qui
1321 5143 1616 5199 satellitum
1655 5145 1826 5200 instar
1872 5160 2095 5217 regnum

511 5231 632 5298 ejus
673 5231 908 5302 stipant,
953 5234 1176 5303 angelos
1209 5235 1458 5292 videlicet
1501 5253 1518 5291 :
1561 5251 1659 5308 per
1689 5251 1824 5306 quos
1869 5239 2091 5309 impiunt

507 5337 758 5380 errorem
801 5325 1072 5380 sublatum
1113 5326 1180 5381 iri
1217 5333 1578 5398 praenuntiat;
1609 5330 1690 5384 vel
1727 5331 1998 5400 principes
2028 5345 2094 5387 ac

513 5414 774 5484 praesules
805 5415 1060 5472 Ecclesiae
1089 5433 1220 5474 suae.
1249 5418 1358 5478 Vos
1397 5423 1608 5479 scilicet
1646 5425 1846 5494 quibus
1875 5423 2092 5480 diceba-

509 5517 624 5573 tur,
663 5525 684 5560 ι
719 5507 872 5564 Unde
921 5510 1051 5564 estis
1083 5525 1203 5576 vos,
1247 5523 1304 5568 et
1353 5516 1496 5570 unde
1533 5532 1672 5586 Opus
1705 5519 1983 5572 vestrum?
2023 5533 2090 5574 ex

511 5605 657 5652 terra
695 5596 746 5650 in
779 5596 1232 5668 aljontinationem
1261 5603 1538 5672 elegerunt
1565 5621 1680 5663 vos.
1710 5625 1730 5658 ι

591 5685 756 5740 Vens.
779 5685 848 5740 26
909 5705 928 5738 ι
963 5687 1090 5754 Quis
1133 5691 1277 5744 enim
1311 5697 1642 5752 annuntiabit
1685 5698 1842 5754 nobis
1873 5715 1936 5760 ca
1971 5715 2092 5771 qua

515 5787 646 5835 sunt
689 5795 716 5835 a
749 5781 1033 5852 priuetpiu,
1065 5793 1122 5839 ut
1170 5801 1560 5855 cognoscamus
1585 5803 1636 5848 ct
1669 5807 1756 5860 ca,
1787 5810 1904 5863 qua:
1937 5797 2084 5864 prius

2197 4601 2320 4672 γῆν.
2355 4619 2372 4652 ι
2413 4601 2612 4656 Τοῦτον
2645 4600 2738 4658 οὗν
2771 4606 2860 4659 τὸν
2893 4605 2953 4672 ἐξ
2992 4605 3160 4660 ἐθνῶν
3191 4607 3338 4672 λαὸν,
3373 4609 3650 4682 ὲξήγειρα,
3687 4631 3788 4683 φη·

2199 4693 2303 4758 σἰν,
2333 4694 2440 4748 ἀπὸ
2465 4693 2666 4766 uappa,
2699 4697 2782 4750 ἵνα
2816 4699 3012 4770 μηκέτι
3038 4701 3095 4752 ἐν
3121 4701 3270 4772 αὐτῷ
3370 4702 3582 4756 καλέσω
3611 4701 3668 4757 δὲ
3688 4709 3786 4759 καὶ

2197 4785 2290 4840 τὸν
2321 4787 2412 4856 ἀφ’
2449 4787 2598 4854 ἡλίου
2624 4791 2919 4856 ἀνατολῶν,
2949 4793 3193 4846 τουτέστι
3223 4795 3312 4848 τὸν
3341 4797 3595 4868 Χριστόν.

2269 4985 2288 5016 ι
2343 4967 2714 5040 Ἐρχέσθωσαν
2745 4971 3031 5040 ἄρχοντες,
3061 4971 3154 5024 καὶ
3175 4971 3250 5035 ὡς
3277 4971 3446 5043 πηλὸς
3469 4973 3780 5046 κεραμέως,

2196 5059 2288 5111 καὶ
2307 5059 2382 5123 ὡς
2399 5061 2677 5132 κεραμεὺς
2703 5062 3036 5117 καταπατῶν
3059 5065 3152 5117 τὸν
3177 5064 3366 5136 πηλὸν,
3415 5063 3556 5119 οῦτω
3613 5085 3758 5121 κατα
3775 5101 3786 5110 -

2197 5149 2574 5222 πατηθήσεσθε
2599 5171 2610 5182 ·
2651 5173 2668 5203 ι
2707 5155 2824 5223 ἤτοι
2847 5157 2972 5220 τοὺς
2993 5158 3093 5229 τὴν
3127 5157 3292 5211 αὑτοῦ
3323 5157 3596 5228 βασιλείαν
3624 5159 3787 5231 δορυ-

2203 5240 2504 5312 φοροῦντας
2532 5243 2794 5311 ἀγγέλους
2825 5245 2998 5312 οὕτως
3027 5249 3330 5318 ὀνομάζων,
3353 5251 3420 5302 δι’
3446 5245 3522 5304 ὧν
3543 5251 3641 5322 τὴν
3677 5269 3784 5304 κα-

2201 5333 2442 5406 θαίρεσιν
2475 5337 2571 5406 τῆς
2595 5335 2752 5390 ἀθέου
2782 5339 2988 5410 πλάνης
3009 5343 3333 5412 γεγενῆσθαί
3367 5361 3559 5415 φησιν·
3591 5343 3622 5416 ἦ
3653 5345 3783 5409 τοὺς

2199 5423 2462 5496 ἄρχοντας
2475 5427 2566 5480 καὶ
2583 5429 2926 5499 προεστῶτας
2939 5432 3036 5502 τῆς
3051 5434 3376 5504 Ἐκκλησίας
3388 5435 3572 5490 αὐτοῦ.
3591 5435 3782 5507 ’Υμετς

2199 5518 2418 5590 δηλαδὴ.
2443 5513 2861 5588 οἷςέλέγετο,ὄτι
2896 5542 2913 5574 ι
2936 5525 3104 5578 Πόθεν
3129 5527 3250 5579 ἐστέ
3289 5529 3464 5596 ὑμεῖς,
3490 5529 3582 5582 καὶ
3614 5527 3779 5582 πόθεν

2201 5612 2235 5682 ἡ
2253 5611 2482 5682 ἐργασία
2505 5610 2656 5682 ὑμῶν
2677 5627 2690 5677 ;
2724 5613 2900 5684 ἐκγῆς
2937 5615 3209 5686 βδέλυγμα
3240 5617 3551 5685 ἐξελέξαντο
3567 5619 3730 5690 ὑμᾶς,
3753 5639 3774 5670 ι

2273 5723 2290 5753 ι
2330 5700 2426 5766 Τίς
2473 5703 2580 5774 γὰρ
2629 5705 2919 5774 ἀναγγελεῖ
2959 5709 3026 5759 τὲ
3072 5709 3129 5774 ἐξ
3169 5710 3364 5780 ἀρχῆς,
3413 5710 3498 5762 ἵνα
3557 5711 3780 5780 γνῶμεν

2200 5797 2290 5850 καὶ
2323 5793 2389 5849 τὰ
2447 5795 2772 5866 ἔμπροσθεν,
2808 5800 2900 5854 καὶ
2943 5799 3194 5868 ἐροῦμεν,
3237 5801 3316 5854 ὅτι
3365 5799 3536 5872 ἀληθῆ
3593 5802 3773 5864 ὲστιν;
