4130 6400
316 342 428 400 885

1236 336 1745 396 COMMENTARIA
1785 336 1854 393 IN
1894 337 2152 399 lSAlAM.
2191 367 2261 381 -
2296 338 2450 396 CAP.
2492 338 2651 397 XLII.

3460 350 3571 411 386

313 461 414 516 οὐκ
455 458 601 513 ἔστιν
645 459 676 512 ὁ
716 456 1022 530 προλέγων,
1077 456 1202 512 οὐδέ
1253 458 1284 511 ό
1325 455 1543 511 ἀκούων
1591 456 1745 529 ὑμῶν
1773 458 1886 522 τοὺς

2004 456 2094 512 lue
2108 467 2254 523 runt,
2280 469 2335 514 et
2362 458 2604 514 dicamus
2635 473 2758 515 vera
2803 462 2955 518 esse?
2989 478 3095 519 non
3122 474 3208 522 est
3236 466 3327 537 qui
3375 472 3571 539 prredi-

314 551 526 619 λόγους.
599 570 618 602 ι
684 549 893 618 Διπλῆν
932 548 1046 619 ἔχει
1100 549 1363 613 διάνοιαν,
1398 548 1475 613 ὡς
1522 550 1659 621 μήτε
1713 549 1893 605 αὐτῶν

315 641 548 713 ἐχόντων
581 639 772 708 λόγον,
807 639 897 694 διά
923 639 986 695 τὸ
1043 639 1208 711 μηδὲν
1250 638 1530 705 δύνασθαι,
1576 642 1713 714 μήτε
1760 639 1897 695 ειδέ-

314 752 424 796 ναι,
476 734 615 805 μήτε
640 733 750 787 τῶν
791 731 959 786 πάλαι
1005 733 1136 805 περὶ
1183 732 1322 787 αὐτά
1353 732 1721 805 πλανωμένων
1769 734 1895 787 ἐπι-

319 829 591 895 μενόντων
619 826 686 895 τῇ
732 824 943 897 πλάνῃο
977 824 1344 895 ῶφελημένων
1395 824 1454 879 δὲ
1491 824 1599 879 ὑπὸ
1643 824 1739 880 τοῦ
1796 826 1896 897 τῆς

315 915 578 987 ἀληθείας
635 916 816 985 λόγου,
850 916 927 979 ὡς
985 915 1181 987 μηκέτι
1231 914 1460 979 ἐκείνοις
1494 917 1753 987 παρέχειν
1793 915 1894 982 τάς

315 1008 505 1071 ἀκοὰς,
526 1007 612 1061 eis
632 1008 693 1061 τὸ
708 1007 1107 1077 κατεγνωκέναι
1118 1006 1218 1076 τῆς
1250 1006 1486 1071 παλαιᾶς
1517 1008 1750 1079 ἀπάτης.

393 1208 413 1242 ι
460 1187 657 1261 Ἀρχὴν
698 1184 837 1240 Σιὼν
863 1185 1042 1249 δώσω,
1102 1187 1198 1241 καὶ
1243 1188 1305 1240 '1:
1318 1189 1596 1261 ρουσαλὴμ
1641 1204 1895 1261 παρακαο

313 1280 455 1336 λέσω
478 1281 558 1344 εὶς
583 1279 721 1334 ὀδόν.
758 1298 775 1331 ι
820 1281 884 1332 Ὃ
914 1279 1063 1347 λέγει
1090 1280 1330 1335 τοιοῦτόν
1374 1284 1524 1336 ἐστι’
1569 1282 1892 1350 Γινώσκετε,

315 1367 360 1428 ὦ
403 1373 702 1445 ἄνθρωποι.
731 1372 807 1437 ὡς
837 1374 902 1443 τῇ
956 1370 1249 1443 Ἐκκλησία
1270 1375 1338 1445 τῇ
1369 1374 1502 1445 ἐμῇ,
1551 1376 1618 1445 τῇ
1672 1375 1765 1428 καὶ
1805 1374 1894 1428 διὰ

313 1465 422 1519 τῶν
455 1465 760 1537 ἔμπροσθεν
795 1463 1161 1535 ὠνομασμένη
1203 1461 1341 1518 Σιὼν
1381 1466 1475 1519 κει)⁵
1515 1465 1890 1538 Ἰερουσαλὴμ,

314 1559 477 1623 αὐτὸς
505 1556 614 1628 ἐγὼ
631 1556 787 1611 δώσω
812 1555 910 1627 τὴν
966 1556 1107 1609 κατά
1135 1556 1353 1611 πάντων
1390 1557 1588 1629 ἀρχὴν,
1651 1560 1745 1613 καὶ
1792 1559 1894 1630 τὴν

328 1652 653 1723 Ἐκκλησίαν
689 1668 789 1723 μου
832 1647 1217 1721 παρακαλέσω,
1260 1652 1356 1704 καὶ
1399 1651 1551 1723 θήσω
1590 1650 1761 1723 αὐτὴν
1812 1656 1895 1717 εἰς

313 1743 451 1799 ὀδόν.

1997 558 2104 613 rat,
2135 563 2309 620 neque
2351 552 2443 620 qui
2478 551 2663 605 audiat
2690 565 2971 609 sermones
2996 565 3227 613 vestros.
3250 576 3269 612 ι
3310 557 3436 615 Haec
3470 560 3577 616 du-i

1997 641 2120 712 plici
2167 657 2320 698 more
2356 643 2585 714 intelligi
2632 656 2882 713 possunt;
2922 654 2983 701 ut
3023 662 3201 715 neque
3244 649 3318 704 illi
3363 666 3574 709 sermo-

1997 748 2139 797 nem,
2169 749 2328 804 quem
2361 733 2659 804 proferant,
2693 734 2953 801 habeant,
2980 739 3126 807 quod
3172 739 3308 796 nihil
3337 742 3571 809 valeant,

1996 824 2236 895 nihilque
2279 825 2494 890 sciant;
2547 839 2722 893 neque
2754 825 2853 892 illi,
2883 826 3011 882 olim
3052 828 3134 885 his
3176 829 3229 885 in
3279 830 3440 887 rebus
3479 846 3572 888 ero

1995 926 2200 980 rantes,
2228 915 2282 970 in
2314 930 2503 971 errore
2532 924 2820 982 maneant;
2852 918 2946 972 sed
2980 919 3146 974 verbo
3192 921 3439 976 veritatis
3477 921 3573 976 ad-

1990 1006 2120 1077 jnti,
2147 1007 2462 1062 nullatenus
2486 1006 2618 1074 ipsis
2641 1022 2803 1061 aures
2833 1012 3127 1079 praebeant,
3153 1013 3297 1081 quod
3330 1014 3570 1083 prisrum

1994 1114 2236 1156 errorem
2263 1099 2712 1171 deprehenderint
2734 1110 2790 1155 et
2816 1101 3147 1159 damnarint.

2072 1191 2231 1247 \‘ess.
2256 1192 2346 1246 27.
2387 1210 2406 1242 ι
2438 1190 2805 1259 Principatum
2837 1192 2967 1247 Sion
2997 1193 3157 1260 dabo,
3185 1208 3241 1251 et
3264 1194 3569 1256 Jerusalem

1994 1284 2316 1339 consolabor
2344 1284 2397 1338 in
2428 1284 2535 1339 via.
2564 1301 2584 1336 ι
2607 1281 2733 1338 Haut
2759 1293 2841 1339 est
2876 1285 3003 1340 dicti
3037 1289 3345 1346 sententia:
3384 1289 3569 1363 Heus!

1995 1389 2091 1431 vos
2146 1375 2414 1443 homines,
2463 1373 2764 1444 agnoscite,
2818 1390 2905 1430 me
2937 1376 3192 1434 Ecclesia:
3233 1396 3401 1448 meae,
3451 1398 3571 1454 qua

1996 1468 2143 1537 prius
2180 1467 2313 1523 Sion
2351 1478 2406 1523 et
2445 1465 2747 1522 Jerusalem
2797 1477 2987 1522 vocata
3024 1468 3147 1533 luit,
3199 1471 3568 1543 principatum

1997 1559 2049 1614 in
2086 1574 2274 1614 omnes
2321 1559 2569 1614 daturum
2602 1574 2739 1627 esse,
2786 1575 2850 1615 ac
2898 1560 3198 1616 Ecclesium
3231 1578 3406 1618 meam
3439 1579 3571 1622 con-

1992 1651 2294 1708 solaturunt
2328 1653 2733 1723 positurumque
2763 1652 2815 1707 in
2850 1653 2954 1706 via.

348 1867 367 1883 .
388 1854 407 1886 ι
434 1832 575 1888 Ἂπὺ
633 1834 739 1903 γὰρ
771 1834 879 1888 τῶν
915 1834 1087 1889 ὲθνῶν
1123 1833 1231 1887 ἰδοὺ
1259 1830 1460 1896 οὐδείς’
1506 1829 1602 1885 καὶ
1644 1826 1753 1885 ἀπή
1784 1829 1886 1883 τῶν

2069 1829 2231 1888 Vsus.
2257 1833 2348 1899 38,
2381 1833 2472 1888 29.
2512 1852 2532 1886 ι
2558 1834 2596 1888 Α
2630 1832 2875 1902 gentibus
2906 1834 3053 1889 enim
3082 1850 3211 1893 ecce
3258 1836 3439 1895 nullus
3465 1847 3569 1903 est,

313 1924 546 1981 εἰδώλων
574 1925 753 1979 αὐτῶν
781 1926 880 1980 οὐκ
905 1921 973 1998 ἦν
999 1927 1028 1980 ό
1058 1923 1425 1993 ἀναγγέλλων.
1470 1923 1583 1976 Καὶ
1611 1921 1708 1975 ἐὰν
1751 1923 1892 1994 ἐρω-

310 2019 462 2091 τήσω
508 2018 725 2083 αὐτοὺς,
782 2017 951 2072 Πόθεν
996 2016 1150 2076 ἐστές
1194 2016 1255 2069 ού
1289 2015 1364 2087 μὴ
1395 2013 1734 2086 ἀποκριθῶσί
1777 2030 1888 2086 μοι.

306 2110 433 2164 Εἰσὶ
463 2110 575 2183 γάρ
596 2111 646 2164 οἱ
678 2110 954 2174 ποιοῦντες
980 2110 1146 2180 ὑμᾶς,
1165 2108 1260 2162 καὶ
1296 2107 1472 2179 μάτην
1502 2108 1551 2160 οἱ
1580 2103 1892 2170 πλανῶντες

313 2202 478 2273 ὑμᾶς.
520 2221 539 2254 ι
587 2201 958 2273 Ἦλέγχθησαν
982 2201 1112 2271 γοῦν
1154 2201 1216 2254 τὸ
1243 2199 1409 2272 μηδὲν
1452 2199 1625 2262 ὄντες,
1657 2198 1753 2251 καὶ
1802 2197 1893 2251 διὰ

311 2293 472 2348 τοῦτο
500 2282 664 2364 μηδὲν
687 2293 1005 2365 δυνάμενοι·
1038 2292 1126 2347 διὸ
1171 2293 1265 2346 καὶ
1297 2291 1392 2345 ὲάν
1424 2291 1757 2363 ἐπερωτήσω
1795 2290 1892 2344 a6-

311 2386 438 2448 τοὺς
469 2383 662 2437 ὁπόθεν
685 2379 815 2448 εἷεν,
845 2382 1020 2445 οὐδεὶς
1045 2382 1223 2435 αὐτῶν
1246 2380 1536 2452 ἀπόκρισιν
1558 2379 1737 2434 δώσει.

817 2475 1214 2529 ΚΕΦΑΛΑΙΟΝ
1251 2472 1383 2526 MB'.

389 2587 407 2618 ι
458 2564 658 2621 Ίακὼό
690 2567 719 2620 ὁ
748 2567 879 2629 παῖς
902 2583 1025 2637 μου,
1060 2563 1419 2634 ἀντιλήψομαι
1445 2560 1611 2616 αὑτοῦ
1636 2577 1649 2590 ⁸
1678 2557 1892 2631 Ἰσραὴλ

300 2660 338 2712 ό
360 2657 615 2722 ἐκλεκτός
648 2674 773 2729 μου,
820 2656 1181 2730 προσεδέξατο
1205 2655 1366 2709 αὑτὸν
1400 2656 1434 2726 ἡ
1462 2654 1607 2725 ψυχή
1637 2669 1760 2723 μου.
1792 2652 1890 2704 Ἐκ

308 2750 456 2804 δωκα
481 2748 542 2802 τὸ
568 2748 787 2820 Πνεῦμά
820 2765 921 2820 μου
950 2749 1036 2802 ἐπ’
1067 2747 1249 2802 αὐτόν.
1291 2766 1310 2799 ι
1342 2745 1539 2817 Εὖροις
1564 2744 1609 2798 δ’
1630 2744 1698 2798 ἂν
1716 2741 1890 2796 ταῦτα

312 2841 522 2913 συνῳδά
545 2844 658 2906 τοῖς
689 2841 776 2895 διὰ
820 2841 931 2894 τῶν
976 2839 1284 2912 ἔμπροσθεν
1310 2840 1439 2910 περὶ
1489 2837 1583 2892 τοῦ
1626 2838 1692 2890 ἐκ
1734 2836 1891 2908 ῥίζης

321 2935 519 2987 Ἰεσσαὶ
568 2931 1024 3005 προελευσόμενοι)
1065 2931 1536 3002 τεθεσπισμένοις.
1604 2927 1890 2991 Ἐκλεκτὺς

307 3026 365 3081 δὲ
398 3024 575 3079 οὐκέθ’
608 3025 807 3097 ὁμοίως
830 3028 942 3088 τοῖς
964 3024 1281 3087 ἀποστόλοις
1300 3040 1314 3054 ·
1350 3023 1537 3093 ἐπειδὴ
1568 3022 1713 3093 μόνῳ
1736 3019 1886 3090 αὐτῷ

308 3113 552 3170 λέλεκται
573 3114 655 3180 τὸ,
690 3132 709 3166 ι
754 3117 848 3169 “Ov
876 3113 1125 3186 ᾑρέτισεν
1152 3114 1186 3183 ἡ
1220 3112 1366 3183 ψυχή
1405 3128 1504 3182 μου
1526 3128 1541 3142 θ
1584 3130 1604 3163 ι
1632 3110 1769 3165 ἀλλὰ
1792 3111 1886 3164 καὶ

308 3209 369 3263 τὸ
392 3208 605 3278 πνεῦμα
627 3205 719 3260 τοῦ
744 3204 876 3259 Θεοῦ
908 3205 999 3259 ἐπὶ
1034 3204 1195 3275 μόνον
1231 3203 1391 3257 αὐτὸν
1423 3202 1878 3257 ἐπαναπαύσατοσ

312 3317 331 3350 ι
379 3299 467 3352 Ἐν
503 3296 652 3369 αὐτῷ
684 3296 794 3368 γὰρ
838 3295 1126 3367 κατῴκησε
1185 3295 1292 3348 πᾶν
1356 3293 1417 3347 τὸ
1462 3293 1738 3366 πλήρωμα
1780 3294 1885 3364 τῆς

308 3389 555 3461 θεότητος
582 3386 927 3460 σωματικῶς.
964 3406 983 3439 ι
1015 3388 1213 3458 Διόπερ
1242 3385 1318 3450 ὡς
1355 3385 1512 3457 μόνος
1535 3386 1795 3458 χωρήσας
1818 3387 1881 3439 τὺ

308 3480 530 3552 Πνεῦμα
554 3480 614 3534 τὸ
638 3478 918 3552 πατρικὸν.
945 3478 1014 3531 τά
1043 3476 1168 3548 ἑξῆς
1201 3477 1375 3531 πάντα
1394 3476 1705 3548 ἐργάζεται,
1723 3475 1886 3544 ἐξαγ-

315 3572 509 3643 γέλλων
536 3573 603 3627 τὰ
633 3572 763 3645 περὶ
798 3572 895 3643 τῆς
927 3569 1221 3640 καθολικῆς
1248 3567 1479 3641 κρίσεως
1508 3571 1620 3632 τοῖς
1645 3568 1880 3630 ἔθνεσιν,

308 3666 383 3729 εἰς
416 3663 477 3717 τὸ
509 3660 1024 3737 παρασκευάζεσθαι
1066 3662 1191 3725 τοὺς
1226 3661 1433 3724 πάντας
1481 3660 1562 3723 είς
1606 3659 1707 3732 τὴν
1752 3659 1880 3730 μέλ-

307 3756 504 3810 λουσαν
530 3755 623 3809 τοῦ
656 3754 790 3809 Θεοῦ
815 3753 1019 3827 κρίσιν.

381 3864 401 3897 ι
432 3845 506 3899 Οὐ
564 3843 911 3917 κεκράξεται,
940 3845 1060 3898 ούδέ
1094 3843 1304 3915 ἀνήσει,
1329 3841 1448 3895 οὐδὲ
1484 3840 1878 3913 ἀκουσθήσεται

306 3939 410 4005 ἔξω
447 3940 480 4009 ἡ
520 3937 670 4009 φωνὴ
693 3937 856 3992 αὑτοῦ
879 3954 892 3967 ’
919 3936 1158 4008 κάλαμον
1185 3934 1547 4006 τεθλασμένον
1578 3935 1641 3988 οὐ
1667 3935 1882 4006 συντρί-

307 4032 521 4103 ψειηιαὶ
552 4030 696 4084 λίνον
726 4029 1118 4101 καπνιζόμενον
1149 4029 1210 4082 ού
1237 4028 1447 4082 σϐέσεν
1474 4027 1609 4081 ἀλλά
1638 4028 1720 4090 είς
1750 4026 1899 4113 ἀλή-1

306 4122 455 4176 θειαν
480 4120 676 4185 ἐξοίσει
723 4119 923 4194 κρίσιν.
969 4140 987 4171 ι
1041 4119 1276 4191 Σύνηθες
1317 4122 1383 4191 τῇ
1432 4117 1552 4190 θείᾳ
1581 4118 1773 4191 Γραφῇ
1803 4118 1883 4191 τῷ

312 4213 400 4285 τῆς
426 4212 605 4284 ψυχῆς
641 4212 850 4284 ὄμματι
887 4209 1263 4281 καταχρᾶσθαι
1291 4211 1383 4264 ἐπὶ
1409 4210 1503 4263 τοῦ
1534 4209 1670 4264 Θεοῦ
1690 4227 1704 4239 ·
1759 4210 1882 4263 ἐπεὶ

306 4306 400 4369 καὶ
427 4305 612 4369 πόδας,
633 4305 727 4358 καὶ
749 4306 958 4374 χεῖρας,
982 4304 1077 4356 καὶ
1101 4301 1415 4366 δακτύλους,
1442 4302 1537 4356 καὶ⁵
1568 4300 1884 4373 ὀφθαλμοὺς

306 4396 438 4451 Θεοῦ
474 4394 664 4450 εἴωθεν
684 4392 1164 4466 ἀνθρωπινώτερον
1198 4392 1587 4467 προφέρεσθαι.
1623 4392 1762 4465 Περὶ
1784 4393 1881 4446 αὒ-

1992 1936 2049 1983 et
2074 1927 2142 1982 de
2188 1927 2347 1984 idolis
2384 1941 2570 1983 earum
2624 1943 2734 1983 non
2759 1935 2877 1983 erat
2908 1929 2999 1997 qui
3029 1930 3393 1986 annuutiaret.
3426 1931 3492 1986 Et
3523 1933 3572 1989 si

1994 2018 2399 2084 interrogavero
2430 2032 2547 2083 eos,
2586 2017 2739 2074 Unde
2776 2018 2955 2075 estis?
3013 2035 3120 2078 non
3149 2022 3570 2093 respondebunt

1993 2107 2148 2163 mihi.
2177 2106 2317 2163 Sunt
2342 2109 2486 2163 enim
2511 2107 2600 2178 qui
2631 2104 2837 2163 faciunt
2861 2117 2916 2163 et
2945 2108 3039 2178 qui
3079 2106 3281 2165 frustra
3304 2110 3570 2167 seducunt

1994 2211 2110 2254 vos.
2136 2217 2156 2250 ι
2196 2198 2342 2253 Nihil
2372 2213 2467 2255 cos
2509 2214 2655 2266 esse,
2681 2207 2737 2255 et
2769 2199 2888 2254 ideo
2923 2198 3056 2254 nihil
3089 2215 3276 2270 posse,
3322 2216 3570 2272 compro-

1991 2288 2174 2342 batum
2224 2297 2354 2345 est:
2400 2305 2571 2359 quare
2625 2290 2671 2344 si
2721 2289 3131 2361 interrogavero
3162 2304 3256 2346 eos
3300 2292 3571 2347 undenatt:

1991 2379 2121 2445 siut,
2147 2393 2334 2435 eorum
2372 2394 2534 2435 nemo
2568 2380 2935 2449 respondebit.

2572 2471 2798 2529 CAPUT
2840 2471 2998 2528 XLII.

2067 2557 2229 2615 Vens.
2260 2562 2316 2615 t.
2351 2578 2370 2613 ι
2398 2557 2572 2617 Iacob
2627 2576 2764 2631 puer
2817 2577 3008 2630 meus,
3060 2562 3353 2635 suscipiam
3398 2578 3568 2621 eum:

1993 2652 2155 2709 Israel
2184 2654 2390 2709 electus
2419 2667 2595 2718 tuens,
2625 2654 2864 2724 suscepit
2891 2668 3015 2709 eum
3052 2656 3231 2711 anima
3264 2670 3405 2713 mea.
3436 2657 3570 2716 Dedi

1993 2743 2254 2817 Spiritum
2288 2759 2465 2799 meum
2505 2760 2670 2815 super
2703 2761 2848 2802 eum.
2877 2765 2896 2798 ι
2934 2745 3057 2803 limo
3102 2763 3343 2805 consona
3379 2752 3568 2821 depre-

1993 2836 2194 2890 hendas
2227 2835 2315 2899 iis,
2343 2850 2462 2903 qua
2485 2835 2737 2905 superius
2763 2835 2828 2890 de
2858 2850 2945 2902 eo,
2970 2837 3061 2906 qui
3090 2853 3155 2892 ex
3187 2840 3368 2895 radice
3395 2838 3568 2899 Jessa

1991 2926 2305 2995 proditurus
2342 2936 2502 2993 erat,
2559 2927 3015 2997 prmnuntiantur.
3069 2929 3290 2986 Electus
3338 2941 3567 3002 autem,

1993 3010 2096 3073 non
2144 3018 2289 3075 sicut
2330 3019 2593 3089 apostoli,
2639 3020 3076 3091 quandoquidem
3120 3024 3188 3077 de
3230 3022 3323 3078 illo
3357 3032 3567 3082 tantum

1990 3107 2208 3175 dicitur,
2257 3127 2279 3162 ι
2308 3109 2482 3178 Elegit
2518 3125 2654 3185 eum
2705 3112 2884 3166 anima
2930 3127 3082 3180 mea;
3112 3131 3132 3167 ι
3169 3128 3357 3169 verum
3404 3117 3568 3172 etiam

1989 3198 2228 3269 Spiritus
2264 3199 2356 3255 Dei
2405 3202 2459 3257 in
2492 3202 2609 3272 ipso
2638 3202 2754 3257 solo
2786 3203 3051 3275 requievit
3080 3221 3094 3258 :
3131 3202 3184 3258 in
3231 3203 3327 3260 illo
3368 3204 3568 3277 quippe

1991 3307 2010 3341 ι
2040 3290 2308 3346 habitavit
2356 3293 2533 3347 omnis
2580 3292 2859 3363 plenitudo
2913 3293 3212 3351 divinitatis
3266 3295 3567 3367 corporali-

1985 3381 2178 3436 ter-7’.»
2208 3382 2594 3450 Quamobrem,
2623 3394 2681 3439 ut
2701 3385 2796 3455 qui
2820 3385 2968 3441 solus
2994 3394 3277 3456 paternum
3304 3386 3567 3459 Spiritum

1984 3474 2039 3529 in
2088 3486 2157 3529 se'
2182 3474 2468 3545 receperit,
2511 3477 2691 3531 omnia
2734 3476 2835 3532 sub
2890 3477 3004 3532 haec
3046 3486 3294 3549 enarrata
3338 3477 3566 3548 peragit,

1984 3567 2234 3636 gentibus
2280 3568 2610 3623 annuntians
2655 3581 2751 3634 ea,
2790 3583 2910 3637 quae
2952 3569 3020 3626 ad
3072 3569 3203 3626 illud
3256 3570 3564 3627 universale

1981 3658 2241 3728 judicium
2281 3659 2575 3729 pertinent,
2603 3668 2661 3715 ut
2687 3674 2880 3716 omnes
2909 3662 2976 3716 ad
3009 3659 3251 3717 futurum
3283 3660 3566 3732 Βεί,1ιιι1ἰσ

1986 3751 2128 3806 cium
2159 3759 2443 3820 praeparet.

2058 3840 2358 3910 Vsas.2,3.
2401 3862 2420 3895 ι
2457 3841 2572 3898 Non
2608 3842 2899 3906 clamabit.
2947 3858 3117 3914 neque
3157 3844 3425 3912 dimittet,
3474 3859 3565 3901 ne-

1984 3949 2093 4007 que
2133 3936 2385 3992 audietur
2418 3936 2550 3991 loris
2586 3951 2688 3991 vox
2725 3935 2886 4005 ejus:
2920 3938 3186 3991 calamum
3232 3950 3566 4007 conquassa-

1988 4039 2100 4086 tum
2145 4046 2251 4085 non
2289 4041 2554 4094 conteret.
2583 4040 2638 4086 et
2680 4030 2849 4085 linum
2886 4029 3158 4102 fumigaus
3201 4045 3306 4085 non
3354 4032 3565 4086 exstin-

1986 4129 2147 4192 guet;
2179 4122 2274 4175 sed
2315 4121 2366 4174 in
2411 4122 2644 4175 veritate
2688 4118 2826 4176 feret
2852 4121 3113 4189 judicium
3158 4140 3179 4175 ι
3217 4120 3368 4178 Solet
3412 4122 3564 4177 Scri-

1988 4223 2145 4281 ptura
2178 4212 2357 4266 divina
2390 4213 2589 4266 mentis
2628 4211 2784 4265 oculo
2820 4212 2919 4279 uti,
2965 4226 3087 4266 cum
3136 4213 3202 4267 de
3236 4211 3345 4266 Deo
3380 4210 3556 4281 loqui-

1988 4311 2112 4358 tur:
2138 4302 2577 4373 quandoquidem
2616 4303 2799 4372 pedes,
2833 4318 3046 4370 manus,
3075 4304 3274 4374 digitos
3298 4313 3354 4359 et
3379 4303 3567 4359 oculos

1989 4392 2080 4448 Dei
2112 4393 2255 4450 solet
2283 4395 2520 4450 humano
2552 4409 2700 4449 more
2731 4394 2995 4464 proferre.
3032 4395 3107 4449 De
3135 4394 3352 4450 Christo
3378 4404 3561 4449 autem

312 4488 396 4542 τοῦ
419 4486 475 4540 δὲ
500 4485 594 4540 τοῦ
632 4484 868 4557 Χριστοῦ
901 4485 1073 4538 ταῦτα
1103 4484 1354 4553 λέγεται,
1402 4483 1699 4556 ἐπειδήπερ
1744 4483 1879 4555 ἡσύ-

1990 4485 2104 4540 bzec
2135 4485 2256 4541 ideo
2282 4486 2555 4551 dicuntur,
2598 4486 2721 4556 quia
2763 4486 2852 4541 ille
2882 4485 3092 4557 placide
3126 4496 3182 4541 et
3224 4486 3409 4555 quiete
3456 4485 3565 4542 hu-

307 4596 413 4652 χως
444 4580 539 4633 καὶ
580 4579 770 4650 πράως
802 4578 895 4630 τὸν
941 4575 1277 4649 ἀνθρώπινον
1327 4575 1578 4629 διώδευσε
1628 4575 1762 4645 βίον.
1807 4575 1884 4639 ὡς

308 4671 445 4746 μηδέ
463 4674 576 4735 τοῖς
599 4671 690 4724 ὑπ’
723 4670 889 4723 αὐτοῦ
918 4667 1371 4740 θεραπευομένοις
1388 4668 1701 4739 ἐπιτρέπειν
1720 4667 1884 4720 αὐτὸν

306 4763 537 4837 φανερὸν
567 4764 741 4816 ποιεῖν
761 4764 872 4825 τοῖς
907 4762 1072 4814 πᾶσιν
1097 4777 1111 4791 ·
1139 4760 1284 4814 οὕτω
1308 4758 1440 4832 γὰρ,
1461 4759 1643 4830 φησὶν,
1676 4758 1885 4829 ἀψοφη-

307 4856 357 4908 τὶ
386 4856 480 4908 καὶ
501 4852 717 4925 ἡσύχως
738 4851 1070 4906 διελεύσεται
1099 4850 1191 4904 τὸν
1219 4853 1277 4903 ἐν
1305 4848 1608 4922 ἀνθρώποις
1646 4848 1779 4919 βίον,
1809 4849 1885 4912 ὡς

308 4946 443 5019 μηδὲ
470 4946 561 5000 τὸν
581 4945 812 5016 τυχόντα
837 4944 1121 5015 ἄνθρωπον
1148 4941 1383 5012 λυπῆσαι
1420 4942 1510 4996 τὸν
1542 4942 1757 4996 πάντων
1785 4958 1884 4995 τα-

307 5036 656 5109 πεινώτερον,
690 5037 784 5090 καὶ
810 5035 1221 5107 ἀσθενέστερον,
1253 5032 1483 5105 καλάμῳ
1505 5032 1592 5086 διὰ
1626 5032 1686 5085 τὸ
1722 5031 1883 5086 ἀσθε-

308 5131 395 5193 νὲς
415 5129 837 5201 ἀπεικασμένον.
882 5127 1037 5182 Λίνον
1063 5128 1121 5181 δὲ
1162 5127 1463 5198 τυφόμενον
1497 5128 1671 5187 sinat;
1706 5125 1773 5179 ἂν
1800 5121 1881 5178 εἷ-

308 5239 396 5277 ναι
430 5221 521 5275 τὸν
547 5221 668 5292 εἰκῆ
704 5220 1084 5291 φυσιούμενον,
1113 5219 1219 5275 ὑπὸ
1241 5218 1335 5273 τοῦ
1368 5218 1485 5282 νοὸς
1517 5218 1617 5289 τῆς
1680 5218 1881 5290 σαρκὸς

309 5315 473 5370 αὑτοῦ
510 5314 817 5387 ἐπηρμένον
850 5313 943 5368 καὶ
965 5313 1365 5385 τετυφωμένον,
1394 5311 1452 5365 ὃν
1499 5312 1560 5365 οὒ
1594 5310 1876 5376 κωλύσειν,

310 5406 433 5461 οὐδὲ
468 5406 694 5460 παύσειν
752 5405 969 5475 ἐλέγετο
1001 5405 1095 5459 τοῦ
1127 5404 1447 5476 ὲπάρματος
1476 5407 1505 5458 ὁ
1537 5402 1876 5476 προφητευό-

312 5516 491 5571 μενος.
532 5499 597 5552 ’0
623 5498 687 5570 δὴ
721 5497 816 5552 καὶ
847 5496 992 5569 ἔργῳ
1022 5497 1257 5569 ἐπλήρου
1287 5499 1315 5551 ὁ
1344 5496 1576 5569 Χριστὸς
1601 5494 1881 5566 ἐπιδημῶν

234 5580 235 5583 ¹
311 5591 388 5665 τῷ
442 5588 622 5663 θνητῷ
656 5589 779 5663 βίῳ·
836 5589 962 5644 οὔτε
990 5584 1083 5643 οὖν
1114 5588 1366 5645 ταπεινόν
1394 5606 1513 5643 τινα
1547 5588 1641 5642 καὶ.
1678 5586 1878 5658 ἀσθενῆ

419 5790 463 5820 τε
492 5788 675 5875 cina,
704 5788 757 5845 9.

1991 4592 2206 4632 manant
2238 4592 2494 4634 emensus
2527 4588 2613 4634 est
2641 4577 2838 4646 vitam,
2874 4579 2946 4632 ita
2980 4587 3038 4631 ut
3068 4592 3135 4632 ne
3179 4577 3285 4632 illis
3316 4577 3561 4647 quidem,

1989 4670 2144 4741 queis
2220 4670 2485 4727 medelam
2571 4672 2788 4736 attulit,
2854 4671 3192 4741 permitteret
3257 4680 3316 4724 ut
3385 4670 3569 4751 ipsum.

1989 4764 2241 4821 omnibus
2268 4764 2444 4835 palam
2476 4765 2738 4822 facerent.
2783 4764 2967 4834 Usque
2994 4764 3150 4826 adeo,
3195 4762 3396 4835 inquit,
3442 4764 3563 4820 sine

1991 4858 2217 4927 Strepitu
2275 4873 2338 4915 ac
2385 4859 2569 4929 quiete
2620 4859 2914 4913 humanam
2975 4858 3237 4925 transiget
3281 4857 3471 4921 vitam,
3502 4864 3562 4911 ut

1992 4964 2062 5004 ne
2098 4948 2181 5004 vel
2217 4949 2441 5006 minimo
2484 4964 2549 5005 ex
2601 4950 2909 5005 hominibus
2980 4950 3282 5004 molestiam
3347 4949 3557 5019 pariat,

1988 5041 2197 5096 etiamsi
2230 5039 2321 5097 ille
2350 5042 2684 5097 humillimus
2708 5050 2763 5097 et
2800 5040 3162 5095 tlebilissimns
3187 5039 3425 5094 omnium
3453 5037 3559 5104 sit,

1988 5145 2053 5184 ac
2085 5130 2471 5188 imbecillitatis
2507 5148 2669 5189 causa
2713 5133 2921 5188 calamo
2966 5142 3329 5202 comparetur.
3361 5132 3557 5187 Linum

1990 5236 2116 5278 vero
2160 5222 2428 5295 l'umigans
2466 5225 2670 5279 dixeris
2693 5241 2816 5278 eum
2845 5239 2987 5290 esse,
3034 5226 3124 5294 qui
3163 5233 3343 5279 mente
3374 5223 3561 5279 carnis

1988 5328 2100 5369 sua:
2138 5313 2333 5379 elatus,
2367 5323 2570 5371 temere
2599 5314 2837 5381 inﬂatur,
2865 5331 3027 5387 quem
3073 5331 3177 5371 non
3211 5318 3279 5371 ab
3323 5315 3560 5371 elatione

1988 5407 2325 5463 cohibiturus
2348 5421 2469 5463 esse
2510 5408 2707 5463 dicitur
2736 5410 2800 5474 is,
2842 5409 2932 5479 qui
2976 5409 3027 5464 in
3060 5409 3342 5480 prophetia
3383 5422 3556 5463 enun-

1989 5498 2174 5553 tiatur.
2214 5495 2382 5568 ldque
2424 5512 2555 5554 sane
2596 5496 2848 5555 Christus
2896 5499 2949 5554 in
3000 5499 3211 5554 mortali
3252 5501 3359 5552 vita
3401 5512 3561 5567 pereo

1987 5589 2253 5659 griuatus,
2293 5601 2457 5658 opere
2508 5589 2795 5658 complevit
2835 5608 2848 5644 :
2882 5605 3056 5662 neque
3101 5592 3244 5646 enim
3296 5590 3556 5645 humilem
