  <div class='ocr_page' id='page_1' title='image "/cluster/home/n/w/nwhite01/storage/ocr_20150623/24/hvd.32044073501108/201.png"; bbox 0 0 4130 6400; ppageno 0'>
   <div class='ocr_carea' id='block_1_1' title="bbox 587 308 692 366">
    <p class='ocr_par' dir='ltr' id='par_1_1' title="bbox 587 308 692 366">
     <span class='ocr_line' id='line_1_1' title="bbox 587 308 692 366; baseline -0.019 0"><span class='ocrx_word' id='word_1_1' title='bbox 587 308 692 366; x_wconf 71' lang='lat'><strong>381</strong></span> 
     </span>
    </p>
   </div>
   <div class='ocr_carea' id='block_1_2' title="bbox 1295 303 3158 364">
    <p class='ocr_par' dir='ltr' id='par_1_2' title="bbox 1295 303 3158 364">
     <span class='ocr_line' id='line_1_2' title="bbox 1295 303 3158 364; baseline -0.001 -1"><span class='ocrx_word' id='word_1_2' title='bbox 1295 306 1562 363; x_wconf 78' lang='lat' dir='ltr'><strong>EUSEBII</strong></span> <span class='ocrx_word' id='word_1_3' title='bbox 1599 305 2068 363; x_wconf 60' lang='grc' dir='ltr'>ερεειιιιιεαειε</span> <span class='ocrx_word' id='word_1_4' title='bbox 2105 305 2255 364; x_wconf 72' lang='grc' dir='ltr'>οΡρ.</span> <span class='ocrx_word' id='word_1_5' title='bbox 2297 305 2474 362; x_wconf 71' lang='lat' dir='ltr'><strong>PARS</strong></span> <span class='ocrx_word' id='word_1_6' title='bbox 2511 305 2598 363; x_wconf 80' lang='lat' dir='ltr'><strong>Ill.</strong></span> <span class='ocrx_word' id='word_1_7' title='bbox 2637 338 2708 353; x_wconf 95' lang='lat'><strong><em>—</em></strong></span> <span class='ocrx_word' id='word_1_8' title='bbox 2745 303 3158 362; x_wconf 56' lang='lat' dir='ltr'><strong>EXEGETICA.</strong></span> 
     </span>
    </p>
   </div>
   <div class='ocr_carea' id='block_1_3' title="bbox 3736 304 3845 362">
    <p class='ocr_par' dir='ltr' id='par_1_3' title="bbox 3736 304 3845 362">
     <span class='ocr_line' id='line_1_3' title="bbox 3736 304 3845 362; baseline 0 0"><span class='ocrx_word' id='word_1_9' title='bbox 3736 304 3845 362; x_wconf 62' lang='grc' dir='ltr'>τιὲέ</span> 
     </span>
    </p>
   </div>
   <div class='ocr_carea' id='block_1_4' title="bbox 589 422 2163 509">
    <p class='ocr_par' dir='ltr' id='par_1_4' title="bbox 589 433 2162 509">
     <span class='ocr_line' id='line_1_4' title="bbox 589 433 2162 509; baseline -0.001 -22"><span class='ocrx_word' id='word_1_10' title='bbox 589 434 898 509; x_wconf 74' lang='lat' dir='ltr'><strong>quempiam</strong></span> <span class='ocrx_word' id='word_1_11' title='bbox 943 445 996 487; x_wconf 82' lang='lat' dir='ltr'><strong>et</strong></span> <span class='ocrx_word' id='word_1_12' title='bbox 1033 435 1170 503; x_wconf 84' lang='lat' dir='ltr'><strong>apud</strong></span> <span class='ocrx_word' id='word_1_13' title='bbox 1215 433 1461 490; x_wconf 79' lang='lat' dir='ltr'><strong>homines</strong></span> <span class='ocrx_word' id='word_1_14' title='bbox 1501 433 1774 489; x_wconf 74' lang='lat' dir='ltr'><strong>infirmum</strong></span> <span class='ocrx_word' id='word_1_15' title='bbox 1821 433 2162 491; x_wconf 88' lang='lat' dir='ltr'><strong>eontrlstavit</strong></span> 
     </span>
    </p>
   </div>
   <div class='ocr_carea' id='block_1_5' title="bbox 2267 422 3847 509">
    <p class='ocr_par' dir='ltr' id='par_1_5' title="bbox 2267 422 3847 500">
     <span class='ocr_line' id='line_1_5' title="bbox 2267 422 3847 500; baseline -0.002 -19"><span class='ocrx_word' id='word_1_16' title='bbox 2267 428 2319 482; x_wconf 70' lang='grc' dir='ltr'>ιν</span> <span class='ocrx_word' id='word_1_17' title='bbox 2346 426 2653 500; x_wconf 82' lang='grc' dir='ltr'>ἀνθρώποις</span> <span class='ocrx_word' id='word_1_18' title='bbox 2711 427 3000 496; x_wconf 74' lang='grc' dir='ltr'>ἐλύπησεν,</span> <span class='ocrx_word' id='word_1_19' title='bbox 3027 423 3152 478; x_wconf 79' lang='grc' dir='ltr'>οὕτε</span> <span class='ocrx_word' id='word_1_20' title='bbox 3197 423 3317 478; x_wconf 71' lang='grc' dir='ltr'>τινὰ</span> <span class='ocrx_word' id='word_1_21' title='bbox 3355 422 3463 478; x_wconf 77' lang='grc' dir='ltr'><strong>τῶν</strong></span> <span class='ocrx_word' id='word_1_22' title='bbox 3518 423 3847 496; x_wconf 69' lang='grc' dir='ltr'>ἐπηρμένων</span> 
     </span>
    </p>
   </div>
   <div class='ocr_carea' id='block_1_6' title="bbox 591 523 2161 600">
    <p class='ocr_par' dir='ltr' id='par_1_6' title="bbox 591 523 2161 600">
     <span class='ocr_line' id='line_1_6' title="bbox 591 523 2161 600; baseline 0.001 -17"><span class='ocrx_word' id='word_1_23' title='bbox 591 545 852 600; x_wconf 80' lang='lat' dir='ltr'><strong>unquam,</strong></span> <span class='ocrx_word' id='word_1_24' title='bbox 894 544 1067 599; x_wconf 84' lang='lat' dir='ltr'><strong>neque</strong></span> <span class='ocrx_word' id='word_1_25' title='bbox 1110 529 1274 584; x_wconf 91' lang='lat' dir='ltr'><strong>ullum</strong></span> <span class='ocrx_word' id='word_1_26' title='bbox 1300 545 1364 583; x_wconf 76' lang='lat' dir='ltr'><strong>ex</strong></span> <span class='ocrx_word' id='word_1_27' title='bbox 1403 527 1784 597; x_wconf 71' lang='lat' dir='ltr'><strong>arrogantibus</strong></span> <span class='ocrx_word' id='word_1_28' title='bbox 1811 523 1866 580; x_wconf 87' lang='lat' dir='ltr'><strong>et</strong></span> <span class='ocrx_word' id='word_1_29' title='bbox 1911 527 2161 597; x_wconf 82' lang='lat' dir='ltr'><strong>superbis</strong></span> 
     </span>
    </p>
   </div>
   <div class='ocr_carea' id='block_1_7' title="bbox 590 619 2161 689">
    <p class='ocr_par' dir='ltr' id='par_1_7' title="bbox 590 619 2161 689">
     <span class='ocr_line' id='line_1_7' title="bbox 590 619 2161 689; baseline 0 -15"><span class='ocrx_word' id='word_1_30' title='bbox 590 622 814 676; x_wconf 75' lang='lat' dir='ltr'><strong>adortus</strong></span> <span class='ocrx_word' id='word_1_31' title='bbox 843 630 918 676; x_wconf 85' lang='lat' dir='ltr'><strong>est</strong></span> <span class='ocrx_word' id='word_1_32' title='bbox 950 639 964 674; x_wconf 87' lang='lat'><strong>:</strong></span> <span class='ocrx_word' id='word_1_33' title='bbox 999 621 1092 674; x_wconf 92' lang='lat' dir='ltr'><strong>sed</strong></span> <span class='ocrx_word' id='word_1_34' title='bbox 1144 635 1262 674; x_wconf 82' lang='lat' dir='ltr'><strong>sese</strong></span> <span class='ocrx_word' id='word_1_35' title='bbox 1289 621 1542 674; x_wconf 88' lang='lat' dir='ltr'><strong>omnibus</strong></span> <span class='ocrx_word' id='word_1_36' title='bbox 1575 635 1797 689; x_wconf 84' lang='lat' dir='ltr'><strong>prorsus</strong></span> <span class='ocrx_word' id='word_1_37' title='bbox 1851 619 2161 674; x_wconf 85' lang='lat' dir='ltr'><strong>hominibus</strong></span> 
     </span>
    </p>
   </div>
   <div class='ocr_carea' id='block_1_8' title="bbox 593 712 2163 768">
    <p class='ocr_par' dir='ltr' id='par_1_8' title="bbox 593 712 2163 768">
     <span class='ocr_line' id='line_1_8' title="bbox 593 712 2163 768; baseline -0.001 0"><span class='ocrx_word' id='word_1_38' title='bbox 593 723 928 768; x_wconf 84' lang='lat' dir='ltr'><strong>mansuetum</strong></span> <span class='ocrx_word' id='word_1_39' title='bbox 967 723 1016 766; x_wconf 92' lang='lat' dir='ltr'><strong>et</strong></span> <span class='ocrx_word' id='word_1_40' title='bbox 1051 713 1304 767; x_wconf 85' lang='lat' dir='ltr'><strong>humilem</strong></span> <span class='ocrx_word' id='word_1_41' title='bbox 1341 713 1506 768; x_wconf 89' lang='lat' dir='ltr'><strong>corde</strong></span> <span class='ocrx_word' id='word_1_42' title='bbox 1540 712 1786 766; x_wconf 75' lang='lat' dir='ltr'><strong>exhibuit</strong></span> <span class='ocrx_word' id='word_1_43' title='bbox 1814 730 1828 767; x_wconf 92' lang='lat'>:</span> <span class='ocrx_word' id='word_1_44' title='bbox 1856 727 1976 766; x_wconf 88' lang='lat' dir='ltr'><strong>cum</strong></span> <span class='ocrx_word' id='word_1_45' title='bbox 2019 712 2163 768; x_wconf 87' lang='lat' dir='ltr'><strong>veri-</strong></span> 
     </span>
    </p>
   </div>
   <div class='ocr_carea' id='block_1_9' title="bbox 589 804 2160 874">
    <p class='ocr_par' dir='ltr' id='par_1_9' title="bbox 589 804 2160 874">
     <span class='ocr_line' id='line_1_9' title="bbox 589 804 2160 874; baseline 0 -15"><span class='ocrx_word' id='word_1_46' title='bbox 589 815 704 860; x_wconf 83' lang='lat' dir='ltr'><strong>tate</strong></span> <span class='ocrx_word' id='word_1_47' title='bbox 728 813 905 859; x_wconf 87' lang='lat' dir='ltr'><strong>autem</strong></span> <span class='ocrx_word' id='word_1_48' title='bbox 937 815 988 859; x_wconf 91' lang='lat' dir='ltr'><strong>et</strong></span> <span class='ocrx_word' id='word_1_49' title='bbox 1031 805 1220 860; x_wconf 77' lang='lat' dir='ltr'><strong>ﬁducia</strong></span> <span class='ocrx_word' id='word_1_50' title='bbox 1253 807 1505 868; x_wconf 88' lang='lat' dir='ltr'><strong>omnibus</strong></span> <span class='ocrx_word' id='word_1_51' title='bbox 1536 806 1786 874; x_wconf 86' lang='lat' dir='ltr'><strong>aperiens</strong></span> <span class='ocrx_word' id='word_1_52' title='bbox 1825 819 1911 866; x_wconf 85' lang='lat' dir='ltr'><strong>ea,</strong></span> <span class='ocrx_word' id='word_1_53' title='bbox 1940 819 2061 873; x_wconf 69' lang='lat' dir='ltr'><strong>quae</strong></span> <span class='ocrx_word' id='word_1_54' title='bbox 2092 804 2160 859; x_wconf 87' lang='lat' dir='ltr'><strong>ad</strong></span> 
     </span>
    </p>
   </div>
   <div class='ocr_carea' id='block_1_10' title="bbox 589 894 2160 967">
    <p class='ocr_par' dir='ltr' id='par_1_10' title="bbox 589 894 2160 967">
     <span class='ocr_line' id='line_1_10' title="bbox 589 894 2160 967; baseline -0.001 -17"><span class='ocrx_word' id='word_1_55' title='bbox 589 895 684 950; x_wconf 74' lang='lat' dir='ltr'><strong>Dei</strong></span> <span class='ocrx_word' id='word_1_56' title='bbox 715 894 976 964; x_wconf 68' lang='lat' dir='ltr'><strong>judicium</strong></span> <span class='ocrx_word' id='word_1_57' title='bbox 1016 897 1352 964; x_wconf 72' lang='lat' dir='ltr'><strong>spectabant,</strong></span> <span class='ocrx_word' id='word_1_58' title='bbox 1395 912 1502 950; x_wconf 88' lang='lat' dir='ltr'><strong>non</strong></span> <span class='ocrx_word' id='word_1_59' title='bbox 1536 897 1686 967; x_wconf 88' lang='lat' dir='ltr'><strong>prius</strong></span> <span class='ocrx_word' id='word_1_60' title='bbox 1722 895 1972 958; x_wconf 78' lang='lat' dir='ltr'><strong>cessavit,</strong></span> <span class='ocrx_word' id='word_1_61' title='bbox 1999 909 2160 965; x_wconf 90' lang='lat' dir='ltr'><strong>quam</strong></span> 
     </span>
    </p>
   </div>
   <div class='ocr_carea' id='block_1_11' title="bbox 589 985 2159 1057">
    <p class='ocr_par' dir='ltr' id='par_1_11' title="bbox 589 985 2159 1057">
     <span class='ocr_line' id='line_1_11' title="bbox 589 985 2159 1057; baseline 0.001 -18"><span class='ocrx_word' id='word_1_62' title='bbox 589 985 724 1043; x_wconf 86' lang='lat' dir='ltr'><strong>lucis</strong></span> <span class='ocrx_word' id='word_1_63' title='bbox 773 988 945 1042; x_wconf 82' lang='lat' dir='ltr'><strong>instar</strong></span> <span class='ocrx_word' id='word_1_64' title='bbox 992 988 1392 1057; x_wconf 85' lang='lat' dir='ltr'><strong>splendesceret</strong></span> <span class='ocrx_word' id='word_1_65' title='bbox 1433 1001 1532 1056; x_wconf 89' lang='lat' dir='ltr'><strong>per</strong></span> <span class='ocrx_word' id='word_1_66' title='bbox 1593 989 2046 1043; x_wconf 89' lang='lat' dir='ltr'><strong>resurrectionem</strong></span> <span class='ocrx_word' id='word_1_67' title='bbox 2093 1003 2159 1042; x_wconf 81' lang='lat' dir='ltr'><strong>ex</strong></span> 
     </span>
    </p>
   </div>
   <div class='ocr_carea' id='block_1_12' title="bbox 587 1080 2160 1149">
    <p class='ocr_par' dir='ltr' id='par_1_12' title="bbox 587 1080 2160 1149">
     <span class='ocr_line' id='line_1_12' title="bbox 587 1080 2160 1149; baseline 0.001 -17"><span class='ocrx_word' id='word_1_68' title='bbox 587 1081 836 1140; x_wconf 82' lang='lat' dir='ltr'><strong>mortuis,</strong></span> <span class='ocrx_word' id='word_1_69' title='bbox 879 1095 1037 1149; x_wconf 90' lang='lat' dir='ltr'><strong>quam</strong></span> <span class='ocrx_word' id='word_1_70' title='bbox 1070 1080 1417 1149; x_wconf 85' lang='lat' dir='ltr'><strong>propheticus</strong></span> <span class='ocrx_word' id='word_1_71' title='bbox 1457 1095 1636 1134; x_wconf 86' lang='lat' dir='ltr'><strong>sermo</strong></span> <span class='ocrx_word' id='word_1_72' title='bbox 1677 1080 1766 1134; x_wconf 85' lang='lat' dir='ltr'><strong>his</strong></span> <span class='ocrx_word' id='word_1_73' title='bbox 1803 1080 1983 1135; x_wconf 82' lang='lat' dir='ltr'><strong>verbis</strong></span> <span class='ocrx_word' id='word_1_74' title='bbox 2027 1080 2160 1135; x_wconf 82' lang='lat' dir='ltr'><strong>sub-</strong></span> 
     </span>
    </p>
   </div>
   <div class='ocr_carea' id='block_1_13' title="bbox 588 1171 2162 1243">
    <p class='ocr_par' dir='ltr' id='par_1_13' title="bbox 588 1171 2162 1243">
     <span class='ocr_line' id='line_1_13' title="bbox 588 1171 2162 1243; baseline -0.001 -15"><span class='ocrx_word' id='word_1_75' title='bbox 588 1171 874 1234; x_wconf 81' lang='lat' dir='ltr'><strong>indicavit,</strong></span> <span class='ocrx_word' id='word_1_76' title='bbox 915 1190 933 1223; x_wconf 83' lang='grc' dir='ltr'>ι</span> <span class='ocrx_word' id='word_1_77' title='bbox 957 1172 1365 1243; x_wconf 76' lang='lat' dir='ltr'><strong>Resplendebit,</strong></span> <span class='ocrx_word' id='word_1_78' title='bbox 1405 1181 1596 1228; x_wconf 87' lang='lat' dir='ltr'><strong>etnon</strong></span> <span class='ocrx_word' id='word_1_79' title='bbox 1637 1181 1970 1227; x_wconf 89' lang='lat' dir='ltr'><strong>conteretur.</strong></span> <span class='ocrx_word' id='word_1_80' title='bbox 2000 1191 2020 1226; x_wconf 82' lang='grc' dir='ltr'>ι</span> <span class='ocrx_word' id='word_1_81' title='bbox 2071 1172 2162 1226; x_wconf 80' lang='lat' dir='ltr'><strong>Si-</strong></span> 
     </span>
    </p>
   </div>
   <div class='ocr_carea' id='block_1_14' title="bbox 586 1262 2165 1335">
    <p class='ocr_par' dir='ltr' id='par_1_14' title="bbox 586 1262 2165 1335">
     <span class='ocr_line' id='line_1_14' title="bbox 586 1262 2165 1335; baseline 0.001 -18"><span class='ocrx_word' id='word_1_82' title='bbox 586 1265 804 1333; x_wconf 81' lang='lat' dir='ltr'><strong>quidem</strong></span> <span class='ocrx_word' id='word_1_83' title='bbox 849 1265 997 1319; x_wconf 76' lang='lat' dir='ltr'><strong>iitum</strong></span> <span class='ocrx_word' id='word_1_84' title='bbox 1053 1274 1336 1319; x_wconf 86' lang='lat' dir='ltr'><strong>conterere</strong></span> <span class='ocrx_word' id='word_1_85' title='bbox 1378 1273 1433 1320; x_wconf 88' lang='lat' dir='ltr'><strong>et</strong></span> <span class='ocrx_word' id='word_1_86' title='bbox 1479 1266 1824 1335; x_wconf 81' lang='lat' dir='ltr'><strong>exstinguere</strong></span> <span class='ocrx_word' id='word_1_87' title='bbox 1879 1262 2165 1318; x_wconf 84' lang='lat' dir='ltr'><strong>tentabant</strong></span> 
     </span>
    </p>
   </div>
   <div class='ocr_carea' id='block_1_15' title="bbox 588 1357 2160 1427">
    <p class='ocr_par' dir='ltr' id='par_1_15' title="bbox 588 1357 2160 1427">
     <span class='ocr_line' id='line_1_15' title="bbox 588 1357 2160 1427; baseline 0.001 -17"><span class='ocrx_word' id='word_1_88' title='bbox 588 1359 657 1423; x_wconf 85' lang='lat' dir='ltr'><strong>ii,</strong></span> <span class='ocrx_word' id='word_1_89' title='bbox 686 1358 784 1425; x_wconf 80' lang='lat' dir='ltr'><strong>qui</strong></span> <span class='ocrx_word' id='word_1_90' title='bbox 823 1372 1020 1412; x_wconf 82' lang='lat' dir='ltr'><strong>necem</strong></span> <span class='ocrx_word' id='word_1_91' title='bbox 1052 1358 1152 1427; x_wconf 88' lang='lat' dir='ltr'><strong>ipsi</strong></span> <span class='ocrx_word' id='word_1_92' title='bbox 1181 1357 1350 1412; x_wconf 91' lang='lat' dir='ltr'><strong>moliti</strong></span> <span class='ocrx_word' id='word_1_93' title='bbox 1380 1367 1506 1412; x_wconf 90' lang='lat' dir='ltr'><strong>sunt</strong></span> <span class='ocrx_word' id='word_1_94' title='bbox 1533 1376 1546 1413; x_wconf 92' lang='lat'>:</span> <span class='ocrx_word' id='word_1_95' title='bbox 1579 1357 1777 1412; x_wconf 90' lang='lat' dir='ltr'><strong>etenim</strong></span> <span class='ocrx_word' id='word_1_96' title='bbox 1818 1357 1870 1412; x_wconf 91' lang='lat' dir='ltr'><strong>id</strong></span> <span class='ocrx_word' id='word_1_97' title='bbox 1905 1357 2160 1413; x_wconf 85' lang='lat' dir='ltr'><strong>universo</strong></span> 
     </span>
    </p>
   </div>
   <div class='ocr_carea' id='block_1_16' title="bbox 589 1450 2162 1520">
    <p class='ocr_par' dir='ltr' id='par_1_16' title="bbox 589 1450 2162 1520">
     <span class='ocr_line' id='line_1_16' title="bbox 589 1450 2162 1520; baseline 0 -16"><span class='ocrx_word' id='word_1_98' title='bbox 589 1450 868 1504; x_wconf 83' lang='lat' dir='ltr'><strong>hominum</strong></span> <span class='ocrx_word' id='word_1_99' title='bbox 915 1450 1098 1520; x_wconf 78' lang='lat' dir='ltr'><strong>generi</strong></span> <span class='ocrx_word' id='word_1_100' title='bbox 1149 1459 1337 1504; x_wconf 82' lang='lat' dir='ltr'><strong>natura</strong></span> <span class='ocrx_word' id='word_1_101' title='bbox 1393 1450 1672 1520; x_wconf 87' lang='lat' dir='ltr'><strong>proprium</strong></span> <span class='ocrx_word' id='word_1_102' title='bbox 1722 1457 1837 1513; x_wconf 88' lang='lat' dir='ltr'><strong>est,</strong></span> <span class='ocrx_word' id='word_1_103' title='bbox 1889 1459 1949 1502; x_wconf 92' lang='lat' dir='ltr'><strong>nt</strong></span> <span class='ocrx_word' id='word_1_104' title='bbox 1987 1459 2162 1504; x_wconf 89' lang='lat' dir='ltr'><strong>morte</strong></span> 
     </span>
    </p>
   </div>
   <div class='ocr_carea' id='block_1_17' title="bbox 587 1537 2160 1603">
    <p class='ocr_par' dir='ltr' id='par_1_17' title="bbox 587 1537 2160 1603">
     <span class='ocr_line' id='line_1_17' title="bbox 587 1537 2160 1603; baseline 0.001 -11"><span class='ocrx_word' id='word_1_105' title='bbox 587 1548 926 1593; x_wconf 86' lang='lat' dir='ltr'><strong>conteratur.</strong></span> <span class='ocrx_word' id='word_1_106' title='bbox 949 1538 1017 1592; x_wconf 80' lang='lat' dir='ltr'><strong>A‘t</strong></span> <span class='ocrx_word' id='word_1_107' title='bbox 1053 1554 1158 1592; x_wconf 90' lang='lat' dir='ltr'><strong>non</strong></span> <span class='ocrx_word' id='word_1_108' title='bbox 1203 1537 1350 1592; x_wconf 86' lang='lat' dir='ltr'><strong>illum</strong></span> <span class='ocrx_word' id='word_1_109' title='bbox 1387 1555 1537 1594; x_wconf 90' lang='lat' dir='ltr'><strong>mors</strong></span> <span class='ocrx_word' id='word_1_110' title='bbox 1572 1540 1862 1603; x_wconf 84' lang='lat' dir='ltr'><strong>contrivit,</strong></span> <span class='ocrx_word' id='word_1_111' title='bbox 1895 1539 1991 1594; x_wconf 87' lang='lat' dir='ltr'><strong>sed</strong></span> <span class='ocrx_word' id='word_1_112' title='bbox 2023 1555 2160 1594; x_wconf 91' lang='lat' dir='ltr'><strong>unus</strong></span> 
     </span>
    </p>
   </div>
   <div class='ocr_carea' id='block_1_18' title="bbox 584 1631 2160 1702">
    <p class='ocr_par' dir='ltr' id='par_1_18' title="bbox 584 1631 2160 1702">
     <span class='ocr_line' id='line_1_18' title="bbox 584 1631 2160 1702; baseline 0.002 -18"><span class='ocrx_word' id='word_1_113' title='bbox 584 1647 796 1696; x_wconf 80' lang='lat' dir='ltr'><strong>eorum,</strong></span> <span class='ocrx_word' id='word_1_114' title='bbox 826 1632 914 1700; x_wconf 88' lang='lat' dir='ltr'><strong>qui</strong></span> <span class='ocrx_word' id='word_1_115' title='bbox 943 1649 970 1684; x_wconf 93' lang='lat' dir='ltr'><strong>a</strong></span> <span class='ocrx_word' id='word_1_116' title='bbox 1002 1631 1197 1686; x_wconf 73' lang='lat' dir='ltr'><strong>szcculo</strong></span> <span class='ocrx_word' id='word_1_117' title='bbox 1226 1631 1398 1695; x_wconf 80' lang='lat' dir='ltr'><strong>fuere,</strong></span> <span class='ocrx_word' id='word_1_118' title='bbox 1433 1633 1590 1685; x_wconf 86' lang='lat' dir='ltr'><strong>morti</strong></span> <span class='ocrx_word' id='word_1_119' title='bbox 1630 1633 1878 1702; x_wconf 83' lang='lat' dir='ltr'><strong>superior</strong></span> <span class='ocrx_word' id='word_1_120' title='bbox 1919 1633 2160 1688; x_wconf 71' lang='lat' dir='ltr'><strong>evasisse</strong></span> 
     </span>
    </p>
   </div>
   <div class='ocr_carea' id='block_1_19' title="bbox 587 1723 1700 1795">
    <p class='ocr_par' dir='ltr' id='par_1_19' title="bbox 587 1723 1700 1795">
     <span class='ocr_line' id='line_1_19' title="bbox 587 1723 1700 1795; baseline 0.004 -20"><span class='ocrx_word' id='word_1_121' title='bbox 587 1723 706 1790; x_wconf 81' lang='lat' dir='ltr'><strong>jure</strong></span> <span class='ocrx_word' id='word_1_122' title='bbox 735 1724 1036 1780; x_wconf 84' lang='lat' dir='ltr'><strong>declaratur</strong></span> <span class='ocrx_word' id='word_1_123' title='bbox 1064 1741 1091 1778; x_wconf 88' lang='lat' dir='ltr'><strong>a</strong></span> <span class='ocrx_word' id='word_1_124' title='bbox 1123 1725 1403 1795; x_wconf 83' lang='lat' dir='ltr'><strong>prophetia</strong></span> <span class='ocrx_word' id='word_1_125' title='bbox 1432 1723 1644 1779; x_wconf 88' lang='lat' dir='ltr'><strong>dicente</strong></span> <span class='ocrx_word' id='word_1_126' title='bbox 1684 1743 1700 1780; x_wconf 90' lang='lat'><strong>:</strong></span> 
     </span>
    </p>
   </div>
   <div class='ocr_carea' id='block_1_20' title="bbox 667 1815 2162 1887">
    <p class='ocr_par' dir='ltr' id='par_1_20' title="bbox 667 1815 2162 1887">
     <span class='ocr_line' id='line_1_20' title="bbox 667 1815 2162 1887; baseline 0.003 -19"><span class='ocrx_word' id='word_1_127' title='bbox 667 1815 829 1870; x_wconf 73' lang='lat' dir='ltr'><strong>Vens.</strong></span> <span class='ocrx_word' id='word_1_128' title='bbox 861 1815 915 1870; x_wconf 75' lang='grc'>4.</span> <span class='ocrx_word' id='word_1_129' title='bbox 958 1835 977 1868; x_wconf 79' lang='grc' dir='ltr'>ι</span> <span class='ocrx_word' id='word_1_130' title='bbox 1006 1816 1425 1887; x_wconf 79' lang='lat' dir='ltr'><strong>Resplendebit,</strong></span> <span class='ocrx_word' id='word_1_131' title='bbox 1465 1827 1520 1872; x_wconf 90' lang='lat' dir='ltr'><strong>et</strong></span> <span class='ocrx_word' id='word_1_132' title='bbox 1547 1835 1650 1872; x_wconf 90' lang='lat' dir='ltr'><strong>non</strong></span> <span class='ocrx_word' id='word_1_133' title='bbox 1687 1827 2020 1883; x_wconf 87' lang='lat' dir='ltr'><strong>conteretur,</strong></span> <span class='ocrx_word' id='word_1_134' title='bbox 2064 1819 2162 1872; x_wconf 84' lang='lat' dir='ltr'><strong>do-</strong></span> 
     </span>
    </p>
   </div>
   <div class='ocr_carea' id='block_1_21' title="bbox 585 1909 2164 1982">
    <p class='ocr_par' dir='ltr' id='par_1_21' title="bbox 585 1909 2164 1982">
     <span class='ocr_line' id='line_1_21' title="bbox 585 1909 2164 1982; baseline 0.004 -22"><span class='ocrx_word' id='word_1_135' title='bbox 585 1923 690 1963; x_wconf 83' lang='lat' dir='ltr'><strong>nec</strong></span> <span class='ocrx_word' id='word_1_136' title='bbox 727 1918 896 1977; x_wconf 88' lang='lat' dir='ltr'><strong>ponat</strong></span> <span class='ocrx_word' id='word_1_137' title='bbox 945 1909 999 1964; x_wconf 86' lang='lat' dir='ltr'><strong>in</strong></span> <span class='ocrx_word' id='word_1_138' title='bbox 1041 1919 1183 1964; x_wconf 90' lang='lat' dir='ltr'><strong>terra</strong></span> <span class='ocrx_word' id='word_1_139' title='bbox 1243 1909 1542 1976; x_wconf 87' lang='lat' dir='ltr'><strong>judicium;</strong></span> <span class='ocrx_word' id='word_1_140' title='bbox 1584 1921 1638 1964; x_wconf 87' lang='lat' dir='ltr'><strong>et</strong></span> <span class='ocrx_word' id='word_1_141' title='bbox 1674 1911 1731 1964; x_wconf 83' lang='lat' dir='ltr'><strong>in</strong></span> <span class='ocrx_word' id='word_1_142' title='bbox 1787 1911 2007 1966; x_wconf 89' lang='lat' dir='ltr'><strong>nomine</strong></span> <span class='ocrx_word' id='word_1_143' title='bbox 2048 1911 2164 1982; x_wconf 86' lang='lat' dir='ltr'><strong>ejus</strong></span> 
     </span>
    </p>
   </div>
   <div class='ocr_carea' id='block_1_22' title="bbox 585 2002 2162 2072">
    <p class='ocr_par' dir='ltr' id='par_1_22' title="bbox 585 2002 2162 2072">
     <span class='ocr_line' id='line_1_22' title="bbox 585 2002 2162 2072; baseline 0.004 -19"><span class='ocrx_word' id='word_1_144' title='bbox 585 2009 776 2070; x_wconf 74' lang='lat' dir='ltr'><strong>gentes</strong></span> <span class='ocrx_word' id='word_1_145' title='bbox 817 2002 1131 2071; x_wconf 90' lang='lat' dir='ltr'><strong>sperabunt.</strong></span> <span class='ocrx_word' id='word_1_146' title='bbox 1179 2022 1196 2054; x_wconf 83' lang='grc' dir='ltr'>ι</span> <span class='ocrx_word' id='word_1_147' title='bbox 1223 2003 1497 2071; x_wconf 79' lang='lat' dir='ltr'><strong>Quocirca</strong></span> <span class='ocrx_word' id='word_1_148' title='bbox 1543 2013 1665 2072; x_wconf 89' lang='lat' dir='ltr'><strong>post</strong></span> <span class='ocrx_word' id='word_1_149' title='bbox 1711 2005 2162 2060; x_wconf 86' lang='lat' dir='ltr'><strong>resurrectionem</strong></span> 
     </span>
    </p>
   </div>
   <div class='ocr_carea' id='block_1_23' title="bbox 591 2095 2163 2165">
    <p class='ocr_par' dir='ltr' id='par_1_23' title="bbox 591 2095 2163 2165">
     <span class='ocr_line' id='line_1_23' title="bbox 591 2095 2163 2165; baseline 0.003 -18"><span class='ocrx_word' id='word_1_150' title='bbox 591 2107 656 2147; x_wconf 78' lang='lat' dir='ltr'><strong>ex</strong></span> <span class='ocrx_word' id='word_1_151' title='bbox 693 2095 920 2149; x_wconf 81' lang='lat' dir='ltr'><strong>mortuis</strong></span> <span class='ocrx_word' id='word_1_152' title='bbox 946 2095 1124 2161; x_wconf 88' lang='lat' dir='ltr'><strong>,lucis</strong></span> <span class='ocrx_word' id='word_1_153' title='bbox 1171 2097 1349 2152; x_wconf 87' lang='lat' dir='ltr'><strong>instar</strong></span> <span class='ocrx_word' id='word_1_154' title='bbox 1389 2098 1443 2151; x_wconf 86' lang='lat' dir='ltr'><strong>in</strong></span> <span class='ocrx_word' id='word_1_155' title='bbox 1481 2107 1594 2152; x_wconf 93' lang='lat' dir='ltr'><strong>toto</strong></span> <span class='ocrx_word' id='word_1_156' title='bbox 1624 2099 1756 2151; x_wconf 89' lang='lat' dir='ltr'><strong>orbe</strong></span> <span class='ocrx_word' id='word_1_157' title='bbox 1791 2097 2163 2165; x_wconf 83' lang='lat' dir='ltr'><strong>resplendens,</strong></span> 
     </span>
    </p>
   </div>
   <div class='ocr_carea' id='block_1_24' title="bbox 591 2186 2164 2257">
    <p class='ocr_par' dir='ltr' id='par_1_24' title="bbox 591 2186 2164 2257">
     <span class='ocr_line' id='line_1_24' title="bbox 591 2186 2164 2257; baseline 0.004 -19"><span class='ocrx_word' id='word_1_158' title='bbox 591 2199 698 2239; x_wconf 90' lang='lat' dir='ltr'><strong>non</strong></span> <span class='ocrx_word' id='word_1_159' title='bbox 727 2186 879 2256; x_wconf 87' lang='lat' dir='ltr'><strong>prius</strong></span> <span class='ocrx_word' id='word_1_160' title='bbox 917 2187 1181 2253; x_wconf 89' lang='lat' dir='ltr'><strong>cessavit,</strong></span> <span class='ocrx_word' id='word_1_161' title='bbox 1213 2204 1370 2257; x_wconf 89' lang='lat' dir='ltr'><strong>quam</strong></span> <span class='ocrx_word' id='word_1_162' title='bbox 1422 2189 1475 2245; x_wconf 90' lang='lat' dir='ltr'><strong>in</strong></span> <span class='ocrx_word' id='word_1_163' title='bbox 1523 2201 1666 2244; x_wconf 87' lang='lat' dir='ltr'><strong>terra</strong></span> <span class='ocrx_word' id='word_1_164' title='bbox 1720 2201 1774 2244; x_wconf 91' lang='lat' dir='ltr'><strong>et</strong></span> <span class='ocrx_word' id='word_1_165' title='bbox 1819 2192 1869 2245; x_wconf 92' lang='lat' dir='ltr'><strong>in</strong></span> <span class='ocrx_word' id='word_1_166' title='bbox 1918 2188 2164 2246; x_wconf 87' lang='lat' dir='ltr'><strong>Ecclesia</strong></span> 
     </span>
    </p>
   </div>
   <div class='ocr_carea' id='block_1_25' title="bbox 589 2277 2158 2356">
    <p class='ocr_par' dir='ltr' id='par_1_25' title="bbox 589 2277 2158 2356">
     <span class='ocr_line' id='line_1_25' title="bbox 589 2277 2158 2356; baseline 0.006 -24"><span class='ocrx_word' id='word_1_167' title='bbox 589 2293 686 2332; x_wconf 85' lang='lat' dir='ltr'><strong>sua</strong></span> <span class='ocrx_word' id='word_1_168' title='bbox 737 2277 974 2346; x_wconf 73' lang='lat' dir='ltr'><strong>regimen</strong></span> <span class='ocrx_word' id='word_1_169' title='bbox 1035 2281 1378 2351; x_wconf 86' lang='lat' dir='ltr'><strong>acjudicium</strong></span> <span class='ocrx_word' id='word_1_170' title='bbox 1437 2285 1742 2354; x_wconf 86' lang='lat' dir='ltr'><strong>ordinaret,</strong></span> <span class='ocrx_word' id='word_1_171' title='bbox 1798 2286 1942 2356; x_wconf 88' lang='lat' dir='ltr'><strong>quod</strong></span> <span class='ocrx_word' id='word_1_172' title='bbox 1996 2284 2158 2342; x_wconf 88' lang='lat' dir='ltr'><strong>etiam</strong></span> 
     </span>
    </p>
   </div>
   <div class='ocr_carea' id='block_1_26' title="bbox 584 2369 1276 2437">
    <p class='ocr_par' dir='ltr' id='par_1_26' title="bbox 584 2369 1276 2437">
     <span class='ocr_line' id='line_1_26' title="bbox 584 2369 1276 2437; baseline 0.012 -15"><span class='ocrx_word' id='word_1_173' title='bbox 584 2369 868 2437; x_wconf 67' lang='lat' dir='ltr'><strong>discipulis</strong></span> <span class='ocrx_word' id='word_1_174' title='bbox 893 2369 1005 2425; x_wconf 89' lang='lat' dir='ltr'><strong>suis</strong></span> <span class='ocrx_word' id='word_1_175' title='bbox 1035 2373 1276 2430; x_wconf 90' lang='lat' dir='ltr'><strong>tradidit.</strong></span> 
     </span>
    </p>
   </div>
   <div class='ocr_carea' id='block_1_27' title="bbox 662 2461 2164 2543">
    <p class='ocr_par' dir='ltr' id='par_1_27' title="bbox 662 2461 2164 2543">
     <span class='ocr_line' id='line_1_27' title="bbox 662 2461 2164 2543; baseline 0.011 -28"><span class='ocrx_word' id='word_1_176' title='bbox 662 2461 828 2519; x_wconf 63' lang='lat' dir='ltr'><strong>Vsus.</strong></span> <span class='ocrx_word' id='word_1_177' title='bbox 862 2461 923 2522; x_wconf 73' lang='lat'><strong>5.</strong></span> <span class='ocrx_word' id='word_1_178' title='bbox 955 2480 976 2515; x_wconf 74' lang='grc' dir='ltr'>ι</span> <span class='ocrx_word' id='word_1_179' title='bbox 1008 2462 1099 2520; x_wconf 85' lang='lat' dir='ltr'><strong>Sic</strong></span> <span class='ocrx_word' id='word_1_180' title='bbox 1123 2466 1255 2521; x_wconf 88' lang='lat' dir='ltr'><strong>dicit</strong></span> <span class='ocrx_word' id='word_1_181' title='bbox 1287 2467 1544 2525; x_wconf 88' lang='lat' dir='ltr'><strong>Dominus</strong></span> <span class='ocrx_word' id='word_1_182' title='bbox 1571 2471 1730 2539; x_wconf 90' lang='lat' dir='ltr'><strong>Deus,</strong></span> <span class='ocrx_word' id='word_1_183' title='bbox 1767 2475 1858 2543; x_wconf 85' lang='lat' dir='ltr'><strong>qui</strong></span> <span class='ocrx_word' id='word_1_184' title='bbox 1895 2473 2025 2530; x_wconf 82' lang='lat' dir='ltr'><strong>fecit</strong></span> <span class='ocrx_word' id='word_1_185' title='bbox 2052 2489 2164 2531; x_wconf 65' lang='lat' dir='ltr'><strong>caa-</strong></span> 
     </span>
    </p>
   </div>
   <div class='ocr_carea' id='block_1_28' title="bbox 589 2551 2163 2636">
    <p class='ocr_par' dir='ltr' id='par_1_28' title="bbox 589 2551 2163 2636">
     <span class='ocr_line' id='line_1_28' title="bbox 589 2551 2163 2636; baseline 0.011 -31"><span class='ocrx_word' id='word_1_186' title='bbox 589 2551 722 2618; x_wconf 90' lang='lat' dir='ltr'><strong>lum,</strong></span> <span class='ocrx_word' id='word_1_187' title='bbox 749 2562 804 2609; x_wconf 91' lang='lat' dir='ltr'><strong>et</strong></span> <span class='ocrx_word' id='word_1_188' title='bbox 832 2553 1126 2624; x_wconf 73' lang='lat' dir='ltr'><strong>iixitillud,</strong></span> <span class='ocrx_word' id='word_1_189' title='bbox 1155 2559 1245 2627; x_wconf 84' lang='lat' dir='ltr'><strong>qui</strong></span> <span class='ocrx_word' id='word_1_190' title='bbox 1281 2559 1753 2618; x_wconf 52' lang='lat' dir='ltr'><strong>[irritavit/terram</strong></span> <span class='ocrx_word' id='word_1_191' title='bbox 1780 2605 1797 2631; x_wconf 92' lang='lat'><strong>,</strong></span> <span class='ocrx_word' id='word_1_192' title='bbox 1843 2576 1898 2622; x_wconf 88' lang='lat' dir='ltr'><strong>et</strong></span> <span class='ocrx_word' id='word_1_193' title='bbox 1943 2582 2062 2636; x_wconf 73' lang='lat' dir='ltr'><strong>qua:</strong></span> <span class='ocrx_word' id='word_1_194' title='bbox 2110 2568 2163 2622; x_wconf 90' lang='lat' dir='ltr'><strong>in</strong></span> 
     </span>
    </p>
   </div>
   <div class='ocr_carea' id='block_1_29' title="bbox 589 2644 2165 2729">
    <p class='ocr_par' dir='ltr' id='par_1_29' title="bbox 589 2644 2165 2729">
     <span class='ocr_line' id='line_1_29' title="bbox 589 2644 2165 2729; baseline 0.01 -30"><span class='ocrx_word' id='word_1_195' title='bbox 589 2644 702 2711; x_wconf 78' lang='lat' dir='ltr'><strong>ipsa</strong></span> <span class='ocrx_word' id='word_1_196' title='bbox 732 2657 878 2711; x_wconf 86' lang='lat' dir='ltr'><strong>sunt,</strong></span> <span class='ocrx_word' id='word_1_197' title='bbox 906 2649 998 2720; x_wconf 89' lang='lat' dir='ltr'><strong>qui</strong></span> <span class='ocrx_word' id='word_1_198' title='bbox 1029 2649 1120 2704; x_wconf 88' lang='lat' dir='ltr'><strong>dat</strong></span> <span class='ocrx_word' id='word_1_199' title='bbox 1155 2649 1339 2706; x_wconf 83' lang='lat' dir='ltr'><strong>natum</strong></span> <span class='ocrx_word' id='word_1_200' title='bbox 1365 2653 1565 2724; x_wconf 88' lang='lat' dir='ltr'><strong>populo</strong></span> <span class='ocrx_word' id='word_1_201' title='bbox 1599 2669 1699 2711; x_wconf 91' lang='lat' dir='ltr'><strong>suo</strong></span> <span class='ocrx_word' id='word_1_202' title='bbox 1729 2656 1783 2712; x_wconf 91' lang='lat' dir='ltr'><strong>in</strong></span> <span class='ocrx_word' id='word_1_203' title='bbox 1808 2673 1894 2725; x_wconf 92' lang='lat' dir='ltr'><strong>ea,</strong></span> <span class='ocrx_word' id='word_1_204' title='bbox 1919 2669 1972 2714; x_wconf 90' lang='lat' dir='ltr'><strong>et</strong></span> <span class='ocrx_word' id='word_1_205' title='bbox 2000 2659 2165 2729; x_wconf 85' lang='lat' dir='ltr'><strong>spiri-</strong></span> 
     </span>
    </p>
   </div>
   <div class='ocr_carea' id='block_1_30' title="bbox 590 2740 2162 2822">
    <p class='ocr_par' dir='ltr' id='par_1_30' title="bbox 590 2740 2162 2822">
     <span class='ocr_line' id='line_1_30' title="bbox 590 2740 2162 2822; baseline 0.012 -33"><span class='ocrx_word' id='word_1_206' title='bbox 590 2746 703 2792; x_wconf 84' lang='lat' dir='ltr'><strong>tum</strong></span> <span class='ocrx_word' id='word_1_207' title='bbox 739 2740 1078 2797; x_wconf 82' lang='lat' dir='ltr'><strong>calcantibus</strong></span> <span class='ocrx_word' id='word_1_208' title='bbox 1126 2756 1264 2799; x_wconf 87' lang='lat' dir='ltr'><strong>eam.</strong></span> <span class='ocrx_word' id='word_1_209' title='bbox 1301 2763 1321 2798; x_wconf 82' lang='grc' dir='ltr'>ι</span> <span class='ocrx_word' id='word_1_210' title='bbox 1370 2747 1670 2802; x_wconf 78' lang='lat' dir='ltr'><strong>Admodum</strong></span> <span class='ocrx_word' id='word_1_211' title='bbox 1719 2763 2162 2822; x_wconf 83' lang='lat' dir='ltr'><strong>consequenter:</strong></span> 
     </span>
    </p>
   </div>
   <div class='ocr_carea' id='block_1_31' title="bbox 591 2836 2163 2910">
    <p class='ocr_par' dir='ltr' id='par_1_31' title="bbox 591 2836 2163 2910">
     <span class='ocr_line' id='line_1_31' title="bbox 591 2836 2163 2910; baseline 0.008 -24"><span class='ocrx_word' id='word_1_212' title='bbox 591 2845 718 2886; x_wconf 88' lang='lat' dir='ltr'><strong>nam</strong></span> <span class='ocrx_word' id='word_1_213' title='bbox 746 2846 885 2902; x_wconf 80' lang='lat' dir='ltr'><strong>Opus</strong></span> <span class='ocrx_word' id='word_1_214' title='bbox 910 2842 996 2888; x_wconf 89' lang='lat' dir='ltr'><strong>est</strong></span> <span class='ocrx_word' id='word_1_215' title='bbox 1024 2848 1124 2887; x_wconf 88' lang='lat' dir='ltr'><strong>nos</strong></span> <span class='ocrx_word' id='word_1_216' title='bbox 1158 2836 1408 2893; x_wconf 82' lang='lat' dir='ltr'><strong>ediscere</strong></span> <span class='ocrx_word' id='word_1_217' title='bbox 1448 2853 1512 2893; x_wconf 86' lang='lat' dir='ltr'><strong>ex</strong></span> <span class='ocrx_word' id='word_1_218' title='bbox 1556 2841 1711 2910; x_wconf 88' lang='lat' dir='ltr'><strong>cujus</strong></span> <span class='ocrx_word' id='word_1_219' title='bbox 1753 2857 1982 2910; x_wconf 85' lang='lat' dir='ltr'><strong>persona</strong></span> <span class='ocrx_word' id='word_1_220' title='bbox 2020 2843 2163 2898; x_wconf 89' lang='lat' dir='ltr'><strong>dicta</strong></span> 
     </span>
    </p>
   </div>
   <div class='ocr_carea' id='block_1_32' title="bbox 591 2923 2161 2999">
    <p class='ocr_par' dir='ltr' id='par_1_32' title="bbox 591 2923 2161 2999">
     <span class='ocr_line' id='line_1_32' title="bbox 591 2923 2161 2999; baseline 0.01 -25"><span class='ocrx_word' id='word_1_221' title='bbox 591 2924 701 2976; x_wconf 80' lang='lat' dir='ltr'><strong>sint</strong></span> <span class='ocrx_word' id='word_1_222' title='bbox 741 2938 860 2992; x_wconf 69' lang='lat' dir='ltr'><strong>qua:</strong></span> <span class='ocrx_word' id='word_1_223' title='bbox 891 2923 957 2978; x_wconf 91' lang='lat' dir='ltr'><strong>de</strong></span> <span class='ocrx_word' id='word_1_224' title='bbox 993 2923 1210 2980; x_wconf 87' lang='lat' dir='ltr'><strong>Christo</strong></span> <span class='ocrx_word' id='word_1_225' title='bbox 1242 2928 1667 2998; x_wconf 64' lang='lat' dir='ltr'><strong>prmmittuntur.</strong></span> <span class='ocrx_word' id='word_1_226' title='bbox 1697 2931 1830 2999; x_wconf 83' lang='lat' dir='ltr'><strong>Quia</strong></span> <span class='ocrx_word' id='word_1_227' title='bbox 1859 2933 2002 2988; x_wconf 89' lang='lat' dir='ltr'><strong>enim</strong></span> <span class='ocrx_word' id='word_1_228' title='bbox 2028 2950 2161 2990; x_wconf 87' lang='lat' dir='ltr'><strong>con-</strong></span> 
     </span>
    </p>
   </div>
   <div class='ocr_carea' id='block_1_33' title="bbox 594 3013 2163 3091">
    <p class='ocr_par' dir='ltr' id='par_1_33' title="bbox 594 3013 2163 3091">
     <span class='ocr_line' id='line_1_33' title="bbox 594 3013 2163 3091; baseline 0.011 -27"><span class='ocrx_word' id='word_1_229' title='bbox 594 3013 775 3068; x_wconf 80' lang='lat' dir='ltr'><strong>fertim</strong></span> <span class='ocrx_word' id='word_1_230' title='bbox 826 3013 986 3070; x_wconf 89' lang='lat' dir='ltr'><strong>initio</strong></span> <span class='ocrx_word' id='word_1_231' title='bbox 1028 3017 1242 3073; x_wconf 76' lang='lat' dir='ltr'><strong>dixerat</strong></span> <span class='ocrx_word' id='word_1_232' title='bbox 1296 3021 1644 3091; x_wconf 86' lang='lat' dir='ltr'><strong>propheticus</strong></span> <span class='ocrx_word' id='word_1_233' title='bbox 1689 3039 1890 3088; x_wconf 88' lang='lat' dir='ltr'><strong>sermo,</strong></span> <span class='ocrx_word' id='word_1_234' title='bbox 1938 3043 1956 3077; x_wconf 80' lang='grc' dir='ltr'>ι</span> <span class='ocrx_word' id='word_1_235' title='bbox 1991 3023 2163 3082; x_wconf 80' lang='lat' dir='ltr'><strong>Jacob</strong></span> 
     </span>
    </p>
   </div>
   <div class='ocr_carea' id='block_1_34' title="bbox 506 3110 2160 3184">
    <p class='ocr_par' dir='ltr' id='par_1_34' title="bbox 506 3110 2160 3184">
     <span class='ocr_line' id='line_1_34' title="bbox 506 3110 2160 3184; baseline 0.01 -27"><span class='ocrx_word' id='word_1_236' title='bbox 506 3165 511 3180; x_wconf 38' lang='lat'><strong>.</strong></span> <span class='ocrx_word' id='word_1_237' title='bbox 594 3120 730 3176; x_wconf 85' lang='lat' dir='ltr'><strong>puer</strong></span> <span class='ocrx_word' id='word_1_238' title='bbox 753 3121 927 3172; x_wconf 88' lang='lat' dir='ltr'><strong>meus,</strong></span> <span class='ocrx_word' id='word_1_239' title='bbox 976 3110 1267 3182; x_wconf 89' lang='lat' dir='ltr'><strong>suscipiam</strong></span> <span class='ocrx_word' id='word_1_240' title='bbox 1313 3127 1436 3166; x_wconf 89' lang='lat' dir='ltr'><strong>eum</strong></span> <span class='ocrx_word' id='word_1_241' title='bbox 1472 3129 1485 3166; x_wconf 88' lang='lat'><strong>:</strong></span> <span class='ocrx_word' id='word_1_242' title='bbox 1515 3113 1678 3169; x_wconf 89' lang='lat' dir='ltr'><strong>Israel</strong></span> <span class='ocrx_word' id='word_1_243' title='bbox 1728 3116 1932 3172; x_wconf 71' lang='lat' dir='ltr'><strong>electus</strong></span> <span class='ocrx_word' id='word_1_244' title='bbox 1985 3134 2160 3184; x_wconf 84' lang='lat' dir='ltr'><strong>mens,</strong></span> 
     </span>
    </p>
   </div>
   <div class='ocr_carea' id='block_1_35' title="bbox 592 3199 2163 3276">
    <p class='ocr_par' dir='ltr' id='par_1_35' title="bbox 592 3199 2163 3276">
     <span class='ocr_line' id='line_1_35' title="bbox 592 3199 2163 3276; baseline 0.009 -25"><span class='ocrx_word' id='word_1_245' title='bbox 592 3199 830 3270; x_wconf 82' lang='lat' dir='ltr'><strong>suscepit</strong></span> <span class='ocrx_word' id='word_1_246' title='bbox 862 3214 986 3256; x_wconf 87' lang='lat' dir='ltr'><strong>eum</strong></span> <span class='ocrx_word' id='word_1_247' title='bbox 1022 3202 1202 3257; x_wconf 88' lang='lat' dir='ltr'><strong>anima</strong></span> <span class='ocrx_word' id='word_1_248' title='bbox 1231 3217 1350 3258; x_wconf 88' lang='lat' dir='ltr'><strong>mea</strong></span> <span class='ocrx_word' id='word_1_249' title='bbox 1381 3222 1395 3259; x_wconf 89' lang='lat'><strong>:</strong></span> <span class='ocrx_word' id='word_1_250' title='bbox 1423 3203 1543 3260; x_wconf 85' lang='lat' dir='ltr'><strong>dedi</strong></span> <span class='ocrx_word' id='word_1_251' title='bbox 1583 3206 1829 3276; x_wconf 84' lang='lat' dir='ltr'><strong>spiritum</strong></span> <span class='ocrx_word' id='word_1_252' title='bbox 1860 3223 2037 3264; x_wconf 88' lang='lat' dir='ltr'><strong>meum</strong></span> <span class='ocrx_word' id='word_1_253' title='bbox 2070 3223 2163 3264; x_wconf 85' lang='lat' dir='ltr'><strong>su-</strong></span> 
     </span>
    </p>
   </div>
   <div class='ocr_carea' id='block_1_36' title="bbox 595 3293 2160 3366">
    <p class='ocr_par' dir='ltr' id='par_1_36' title="bbox 595 3293 2160 3366">
     <span class='ocr_line' id='line_1_36' title="bbox 595 3293 2160 3366; baseline 0.008 -25"><span class='ocrx_word' id='word_1_254' title='bbox 595 3306 694 3355; x_wconf 81' lang='lat' dir='ltr'><strong>per</strong></span> <span class='ocrx_word' id='word_1_255' title='bbox 715 3305 873 3356; x_wconf 83' lang='lat' dir='ltr'><strong>eum;</strong></span> <span class='ocrx_word' id='word_1_256' title='bbox 912 3311 932 3345; x_wconf 83' lang='grc' dir='ltr'>ι</span> <span class='ocrx_word' id='word_1_257' title='bbox 964 3307 1067 3348; x_wconf 89' lang='lat' dir='ltr'><strong>nec</strong></span> <span class='ocrx_word' id='word_1_258' title='bbox 1090 3293 1421 3350; x_wconf 77' lang='lat' dir='ltr'><strong>indicaverat</strong></span> <span class='ocrx_word' id='word_1_259' title='bbox 1447 3297 1569 3366; x_wconf 85' lang='lat' dir='ltr'><strong>quis</strong></span> <span class='ocrx_word' id='word_1_260' title='bbox 1609 3297 1722 3353; x_wconf 79' lang='lat' dir='ltr'><strong>lucc</strong></span> <span class='ocrx_word' id='word_1_261' title='bbox 1743 3295 2007 3365; x_wconf 78' lang='lat' dir='ltr'><strong>dixisset,</strong></span> <span class='ocrx_word' id='word_1_262' title='bbox 2059 3299 2160 3354; x_wconf 87' lang='lat' dir='ltr'><strong>lm-</strong></span> 
     </span>
    </p>
   </div>
   <div class='ocr_carea' id='block_1_37' title="bbox 593 3381 2158 3453">
    <p class='ocr_par' dir='ltr' id='par_1_37' title="bbox 593 3381 2158 3453">
     <span class='ocr_line' id='line_1_37' title="bbox 593 3381 2158 3453; baseline 0.004 -18"><span class='ocrx_word' id='word_1_263' title='bbox 593 3381 678 3452; x_wconf 88' lang='lat' dir='ltr'><strong>jus</strong></span> <span class='ocrx_word' id='word_1_264' title='bbox 724 3381 960 3437; x_wconf 89' lang='lat' dir='ltr'><strong>vaticinii</strong></span> <span class='ocrx_word' id='word_1_265' title='bbox 1019 3392 1297 3440; x_wconf 88' lang='lat' dir='ltr'><strong>auctorem</strong></span> <span class='ocrx_word' id='word_1_266' title='bbox 1345 3383 1456 3453; x_wconf 88' lang='lat' dir='ltr'><strong>jam</strong></span> <span class='ocrx_word' id='word_1_267' title='bbox 1519 3392 1827 3442; x_wconf 87' lang='lat' dir='ltr'><strong>necessario</strong></span> <span class='ocrx_word' id='word_1_268' title='bbox 1858 3389 2158 3444; x_wconf 84' lang='lat' dir='ltr'><strong>enuntiat:</strong></span> 
     </span>
    </p>
   </div>
   <div class='ocr_carea' id='block_1_38' title="bbox 593 3473 2159 3545">
    <p class='ocr_par' dir='ltr' id='par_1_38' title="bbox 593 3473 2159 3545">
     <span class='ocr_line' id='line_1_38' title="bbox 593 3473 2159 3545; baseline 0.006 -21"><span class='ocrx_word' id='word_1_269' title='bbox 593 3473 943 3539; x_wconf 72' lang='lat' dir='ltr'><strong>quamobrem</strong></span> <span class='ocrx_word' id='word_1_270' title='bbox 973 3473 1268 3545; x_wconf 77' lang='lat' dir='ltr'><strong>snbjungit,</strong></span> <span class='ocrx_word' id='word_1_271' title='bbox 1306 3492 1326 3528; x_wconf 76' lang='grc' dir='ltr'>ι</span> <span class='ocrx_word' id='word_1_272' title='bbox 1358 3475 1451 3531; x_wconf 88' lang='lat' dir='ltr'><strong>Sic</strong></span> <span class='ocrx_word' id='word_1_273' title='bbox 1479 3476 1609 3532; x_wconf 86' lang='lat' dir='ltr'><strong>dicit</strong></span> <span class='ocrx_word' id='word_1_274' title='bbox 1631 3477 1889 3533; x_wconf 84' lang='lat' dir='ltr'><strong>Dominus</strong></span> <span class='ocrx_word' id='word_1_275' title='bbox 1920 3480 2059 3535; x_wconf 89' lang='lat' dir='ltr'><strong>Deus</strong></span> <span class='ocrx_word' id='word_1_276' title='bbox 2088 3498 2104 3536; x_wconf 91' lang='lat'>:</span> <span class='ocrx_word' id='word_1_277' title='bbox 2141 3500 2159 3534; x_wconf 82' lang='grc' dir='ltr'>ι</span> 
     </span>
    </p>
   </div>
   <div class='ocr_carea' id='block_1_39' title="bbox 591 3562 2164 3640">
    <p class='ocr_par' dir='ltr' id='par_1_39' title="bbox 591 3562 2164 3640">
     <span class='ocr_line' id='line_1_39' title="bbox 591 3562 2164 3640; baseline 0.004 -23"><span class='ocrx_word' id='word_1_278' title='bbox 591 3562 710 3634; x_wconf 76' lang='lat' dir='ltr'><strong>ipse</strong></span> <span class='ocrx_word' id='word_1_279' title='bbox 739 3563 936 3635; x_wconf 87' lang='lat' dir='ltr'><strong>quippe</strong></span> <span class='ocrx_word' id='word_1_280' title='bbox 961 3577 1099 3630; x_wconf 90' lang='lat' dir='ltr'><strong>erat,</strong></span> <span class='ocrx_word' id='word_1_281' title='bbox 1124 3565 1215 3636; x_wconf 87' lang='lat' dir='ltr'><strong>qui</strong></span> <span class='ocrx_word' id='word_1_282' title='bbox 1247 3567 1489 3638; x_wconf 84' lang='lat' dir='ltr'><strong>etprima</strong></span> <span class='ocrx_word' id='word_1_283' title='bbox 1514 3568 1756 3637; x_wconf 84' lang='lat' dir='ltr'><strong>protulit,</strong></span> <span class='ocrx_word' id='word_1_284' title='bbox 1794 3578 1848 3624; x_wconf 87' lang='lat' dir='ltr'><strong>et</strong></span> <span class='ocrx_word' id='word_1_285' title='bbox 1883 3571 2164 3640; x_wconf 86' lang='lat' dir='ltr'><strong>sequentia</strong></span> 
     </span>
    </p>
   </div>
   <div class='ocr_carea' id='block_1_40' title="bbox 587 3656 2168 3727">
    <p class='ocr_par' dir='ltr' id='par_1_40' title="bbox 587 3656 2168 3727">
     <span class='ocr_line' id='line_1_40' title="bbox 587 3656 2168 3727; baseline 0.006 -17"><span class='ocrx_word' id='word_1_286' title='bbox 587 3656 809 3725; x_wconf 78' lang='lat' dir='ltr'><strong>adjecit.</strong></span> <span class='ocrx_word' id='word_1_287' title='bbox 835 3657 1092 3724; x_wconf 81' lang='lat' dir='ltr'><strong>Quamvis</strong></span> <span class='ocrx_word' id='word_1_288' title='bbox 1118 3659 1262 3714; x_wconf 90' lang='lat' dir='ltr'><strong>enim</strong></span> <span class='ocrx_word' id='word_1_289' title='bbox 1292 3674 1387 3715; x_wconf 81' lang='lat' dir='ltr'><strong>vos</strong></span> <span class='ocrx_word' id='word_1_290' title='bbox 1412 3661 1678 3727; x_wconf 87' lang='lat' dir='ltr'><strong>homines,</strong></span> <span class='ocrx_word' id='word_1_291' title='bbox 1715 3661 1976 3718; x_wconf 89' lang='lat' dir='ltr'><strong>invisibili</strong></span> <span class='ocrx_word' id='word_1_292' title='bbox 2009 3673 2063 3717; x_wconf 91' lang='lat' dir='ltr'><strong>et</strong></span> <span class='ocrx_word' id='word_1_293' title='bbox 2087 3664 2168 3718; x_wconf 83' lang='lat' dir='ltr'><strong>io-</strong></span> 
     </span>
    </p>
   </div>
   <div class='ocr_carea' id='block_1_41' title="bbox 588 3750 2165 3823">
    <p class='ocr_par' dir='ltr' id='par_1_41' title="bbox 588 3750 2165 3823">
     <span class='ocr_line' id='line_1_41' title="bbox 588 3750 2165 3823; baseline 0.004 -20"><span class='ocrx_word' id='word_1_294' title='bbox 588 3763 867 3819; x_wconf 70' lang='lat' dir='ltr'><strong>corporea:</strong></span> <span class='ocrx_word' id='word_1_295' title='bbox 899 3750 990 3804; x_wconf 89' lang='lat' dir='ltr'><strong>Dei</strong></span> <span class='ocrx_word' id='word_1_296' title='bbox 1021 3751 1338 3806; x_wconf 66' lang='lat' dir='ltr'><strong>substantia:</strong></span> <span class='ocrx_word' id='word_1_297' title='bbox 1361 3751 1604 3807; x_wconf 81' lang='lat' dir='ltr'><strong>videnda:</strong></span> <span class='ocrx_word' id='word_1_298' title='bbox 1649 3769 1810 3823; x_wconf 89' lang='lat' dir='ltr'><strong>pares</strong></span> <span class='ocrx_word' id='word_1_299' title='bbox 1845 3769 1947 3808; x_wconf 90' lang='lat' dir='ltr'><strong>non</strong></span> <span class='ocrx_word' id='word_1_300' title='bbox 2005 3753 2165 3819; x_wconf 85' lang='lat' dir='ltr'><strong>sitis;</strong></span> 
     </span>
    </p>
   </div>
   <div class='ocr_carea' id='block_1_42' title="bbox 591 3842 2166 3914">
    <p class='ocr_par' dir='ltr' id='par_1_42' title="bbox 591 3842 2166 3914">
     <span class='ocr_line' id='line_1_42' title="bbox 591 3842 2166 3914; baseline 0.003 -18"><span class='ocrx_word' id='word_1_301' title='bbox 591 3853 651 3896; x_wconf 82' lang='lat' dir='ltr'><strong>at</strong></span> <span class='ocrx_word' id='word_1_302' title='bbox 679 3843 838 3914; x_wconf 85' lang='lat' dir='ltr'><strong>hujus</strong></span> <span class='ocrx_word' id='word_1_303' title='bbox 865 3842 996 3897; x_wconf 89' lang='lat' dir='ltr'><strong>tanti</strong></span> <span class='ocrx_word' id='word_1_304' title='bbox 1023 3842 1145 3897; x_wconf 69' lang='lat' dir='ltr'><strong>caeli</strong></span> <span class='ocrx_word' id='word_1_305' title='bbox 1180 3843 1605 3914; x_wconf 75' lang='lat' dir='ltr'><strong>magnitudinem</strong></span> <span class='ocrx_word' id='word_1_306' title='bbox 1659 3845 2032 3914; x_wconf 87' lang='lat' dir='ltr'><strong>speculantes,</strong></span> <span class='ocrx_word' id='word_1_307' title='bbox 2067 3863 2166 3900; x_wconf 90' lang='lat' dir='ltr'><strong>vo-</strong></span> 
     </span>
    </p>
   </div>
   <div class='ocr_carea' id='block_1_43' title="bbox 589 3930 2164 4007">
    <p class='ocr_par' dir='ltr' id='par_1_43' title="bbox 589 3930 2164 4007">
     <span class='ocr_line' id='line_1_43' title="bbox 589 3930 2164 4007; baseline 0.001 -17"><span class='ocrx_word' id='word_1_308' title='bbox 589 3930 799 3990; x_wconf 75' lang='lat' dir='ltr'><strong>biscum</strong></span> <span class='ocrx_word' id='word_1_309' title='bbox 827 3943 1074 4002; x_wconf 89' lang='lat' dir='ltr'><strong>reputate</strong></span> <span class='ocrx_word' id='word_1_310' title='bbox 1105 3943 1339 4003; x_wconf 86' lang='lat' dir='ltr'><strong>quantus</strong></span> <span class='ocrx_word' id='word_1_311' title='bbox 1367 3936 1611 4004; x_wconf 85' lang='lat' dir='ltr'><strong>qualisve</strong></span> <span class='ocrx_word' id='word_1_312' title='bbox 1634 3939 1704 3991; x_wconf 88' lang='lat' dir='ltr'><strong>sit</strong></span> <span class='ocrx_word' id='word_1_313' title='bbox 1740 3939 1805 3999; x_wconf 87' lang='lat' dir='ltr'><strong>is.</strong></span> <span class='ocrx_word' id='word_1_314' title='bbox 1834 3940 1926 4007; x_wconf 92' lang='lat' dir='ltr'><strong>qui</strong></span> <span class='ocrx_word' id='word_1_315' title='bbox 1960 3949 2164 3992; x_wconf 85' lang='lat' dir='ltr'><strong>tantam</strong></span> 
     </span>
    </p>
   </div>
   <div class='ocr_carea' id='block_1_44' title="bbox 596 4023 2169 4098">
    <p class='ocr_par' dir='ltr' id='par_1_44' title="bbox 596 4023 2169 4098">
     <span class='ocr_line' id='line_1_44' title="bbox 596 4023 2169 4098; baseline 0.003 -18"><span class='ocrx_word' id='word_1_316' title='bbox 596 4023 715 4080; x_wconf 75' lang='lat' dir='ltr'><strong>ﬁxit</strong></span> <span class='ocrx_word' id='word_1_317' title='bbox 745 4027 938 4081; x_wconf 89' lang='lat' dir='ltr'><strong>molem</strong></span> <span class='ocrx_word' id='word_1_318' title='bbox 961 4066 974 4090; x_wconf 98' lang='lat'><strong>,</strong></span> <span class='ocrx_word' id='word_1_319' title='bbox 1019 4026 1147 4081; x_wconf 84' lang='lat' dir='ltr'><strong>hinc</strong></span> <span class='ocrx_word' id='word_1_320' title='bbox 1179 4035 1380 4080; x_wconf 72' lang='lat' dir='ltr'><strong>tenam</strong></span> <span class='ocrx_word' id='word_1_321' title='bbox 1427 4028 1599 4097; x_wconf 81' lang='lat' dir='ltr'><strong>ipsam</strong></span> <span class='ocrx_word' id='word_1_322' title='bbox 1655 4029 2008 4098; x_wconf 85' lang='lat' dir='ltr'><strong>respicientes</strong></span> <span class='ocrx_word' id='word_1_323' title='bbox 2033 4072 2049 4098; x_wconf 90' lang='lat'><strong>,</strong></span> <span class='ocrx_word' id='word_1_324' title='bbox 2104 4045 2169 4085; x_wconf 90' lang='lat' dir='ltr'><strong>ac</strong></span> 
     </span>
    </p>
   </div>
   <div class='ocr_carea' id='block_1_45' title="bbox 588 4120 2168 4190">
    <p class='ocr_par' dir='ltr' id='par_1_45' title="bbox 588 4120 2168 4190">
     <span class='ocr_line' id='line_1_45' title="bbox 588 4120 2168 4190; baseline 0.002 -16"><span class='ocrx_word' id='word_1_325' title='bbox 588 4120 1018 4186; x_wconf 78' lang='lat' dir='ltr'><strong>considerantes,</strong></span> <span class='ocrx_word' id='word_1_326' title='bbox 1072 4129 1293 4190; x_wconf 86' lang='lat' dir='ltr'><strong>quanta,</strong></span> <span class='ocrx_word' id='word_1_327' title='bbox 1346 4134 1507 4190; x_wconf 90' lang='lat' dir='ltr'><strong>quam</strong></span> <span class='ocrx_word' id='word_1_328' title='bbox 1571 4121 1871 4177; x_wconf 85' lang='lat' dir='ltr'><strong>immobilis</strong></span> <span class='ocrx_word' id='word_1_329' title='bbox 1909 4138 1937 4175; x_wconf 90' lang='lat' dir='ltr'><strong>a</strong></span> <span class='ocrx_word' id='word_1_330' title='bbox 1972 4123 2168 4177; x_wconf 68' lang='lat' dir='ltr'><strong>sacculo</strong></span> 
     </span>
    </p>
   </div>
   <div class='ocr_carea' id='block_1_46' title="bbox 593 4212 2166 4278">
    <p class='ocr_par' dir='ltr' id='par_1_46' title="bbox 593 4212 2166 4278">
     <span class='ocr_line' id='line_1_46' title="bbox 593 4212 2166 4278; baseline 0.003 -14"><span class='ocrx_word' id='word_1_331' title='bbox 593 4212 817 4266; x_wconf 69' lang='lat' dir='ltr'><strong>fundata</strong></span> <span class='ocrx_word' id='word_1_332' title='bbox 857 4221 912 4267; x_wconf 89' lang='lat' dir='ltr'><strong>et</strong></span> <span class='ocrx_word' id='word_1_333' title='bbox 941 4227 1038 4266; x_wconf 91' lang='lat' dir='ltr'><strong>ceu</strong></span> <span class='ocrx_word' id='word_1_334' title='bbox 1087 4213 1356 4267; x_wconf 88' lang='lat' dir='ltr'><strong>radicibus</strong></span> <span class='ocrx_word' id='word_1_335' title='bbox 1396 4213 1608 4267; x_wconf 51' lang='lat' dir='ltr'><strong>(it‘tnata</strong></span> <span class='ocrx_word' id='word_1_336' title='bbox 1647 4217 1758 4278; x_wconf 90' lang='lat' dir='ltr'><strong>sit,</strong></span> <span class='ocrx_word' id='word_1_337' title='bbox 1795 4214 1866 4268; x_wconf 92' lang='lat' dir='ltr'><strong>ita</strong></span> <span class='ocrx_word' id='word_1_338' title='bbox 1898 4224 2050 4268; x_wconf 91' lang='lat' dir='ltr'><strong>utne</strong></span> <span class='ocrx_word' id='word_1_339' title='bbox 2084 4213 2166 4269; x_wconf 86' lang='lat' dir='ltr'><strong>vel</strong></span> 
     </span>
    </p>
   </div>
   <div class='ocr_carea' id='block_1_47' title="bbox 593 4301 2169 4374">
    <p class='ocr_par' dir='ltr' id='par_1_47' title="bbox 593 4301 2169 4374">
     <span class='ocr_line' id='line_1_47' title="bbox 593 4301 2169 4374; baseline 0.003 -19"><span class='ocrx_word' id='word_1_340' title='bbox 593 4301 864 4358; x_wconf 82' lang='lat' dir='ltr'><strong>tantillum</strong></span> <span class='ocrx_word' id='word_1_341' title='bbox 910 4311 1225 4367; x_wconf 84' lang='lat' dir='ltr'><strong>moveatur;</strong></span> <span class='ocrx_word' id='word_1_342' title='bbox 1284 4303 1516 4374; x_wconf 81' lang='lat' dir='ltr'><strong>cegitate</strong></span> <span class='ocrx_word' id='word_1_343' title='bbox 1578 4319 1742 4373; x_wconf 88' lang='lat' dir='ltr'><strong>quam</strong></span> <span class='ocrx_word' id='word_1_344' title='bbox 1782 4304 2169 4359; x_wconf 83' lang='lat' dir='ltr'><strong>inenarrabilis</strong></span> 
     </span>
    </p>
   </div>
   <div class='ocr_carea' id='block_1_48' title="bbox 595 4393 2165 4464">
    <p class='ocr_par' dir='ltr' id='par_1_48' title="bbox 595 4393 2165 4464">
     <span class='ocr_line' id='line_1_48' title="bbox 595 4393 2165 4464; baseline 0.005 -19"><span class='ocrx_word' id='word_1_345' title='bbox 595 4395 768 4449; x_wconf 64' lang='lat' dir='ltr'><strong>virtus</strong></span> <span class='ocrx_word' id='word_1_346' title='bbox 798 4395 868 4449; x_wconf 85' lang='lat' dir='ltr'><strong>sit</strong></span> <span class='ocrx_word' id='word_1_347' title='bbox 900 4393 1034 4462; x_wconf 88' lang='lat' dir='ltr'><strong>ejus,</strong></span> <span class='ocrx_word' id='word_1_348' title='bbox 1072 4396 1160 4464; x_wconf 87' lang='lat' dir='ltr'><strong>qui</strong></span> <span class='ocrx_word' id='word_1_349' title='bbox 1196 4395 1432 4449; x_wconf 79' lang='lat' dir='ltr'><strong>ﬁrmavit</strong></span> <span class='ocrx_word' id='word_1_350' title='bbox 1469 4411 1586 4450; x_wconf 86' lang='lat' dir='ltr'><strong>eam</strong></span> <span class='ocrx_word' id='word_1_351' title='bbox 1610 4436 1625 4462; x_wconf 92' lang='lat'><strong>,</strong></span> <span class='ocrx_word' id='word_1_352' title='bbox 1672 4406 1726 4451; x_wconf 91' lang='lat' dir='ltr'><strong>et</strong></span> <span class='ocrx_word' id='word_1_353' title='bbox 1771 4398 1842 4451; x_wconf 88' lang='lat' dir='ltr'><strong>ita</strong></span> <span class='ocrx_word' id='word_1_354' title='bbox 1882 4397 2165 4453; x_wconf 78' lang='lat' dir='ltr'><strong>fecundam</strong></span> 
     </span>
    </p>
   </div>
   <div class='ocr_carea' id='block_1_49' title="bbox 597 4484 2159 4561">
    <p class='ocr_par' dir='ltr' id='par_1_49' title="bbox 597 4484 2159 4561">
     <span class='ocr_line' id='line_1_49' title="bbox 597 4484 2159 4561; baseline 0.003 -21"><span class='ocrx_word' id='word_1_355' title='bbox 597 4484 979 4555; x_wconf 77' lang='lat' dir='ltr'><strong>fructuumque</strong></span> <span class='ocrx_word' id='word_1_356' title='bbox 1033 4485 1266 4541; x_wconf 82' lang='lat' dir='ltr'><strong>feracem</strong></span> <span class='ocrx_word' id='word_1_357' title='bbox 1319 4489 1596 4554; x_wconf 85' lang='lat' dir='ltr'><strong>condidit,</strong></span> <span class='ocrx_word' id='word_1_358' title='bbox 1658 4498 1717 4543; x_wconf 91' lang='grc' dir='ltr'>ιιι</span> <span class='ocrx_word' id='word_1_359' title='bbox 1756 4497 1836 4543; x_wconf 92' lang='lat' dir='ltr'><strong>tot</strong></span> <span class='ocrx_word' id='word_1_360' title='bbox 1879 4491 2159 4561; x_wconf 85' lang='lat' dir='ltr'><strong>animalia,</strong></span> 
     </span>
    </p>
   </div>
   <div class='ocr_carea' id='block_1_50' title="bbox 594 4576 2165 4650">
    <p class='ocr_par' dir='ltr' id='par_1_50' title="bbox 594 4576 2165 4650">
     <span class='ocr_line' id='line_1_50' title="bbox 594 4576 2165 4650; baseline 0.003 -18"><span class='ocrx_word' id='word_1_361' title='bbox 594 4585 674 4632; x_wconf 84' lang='lat' dir='ltr'><strong>tot</strong></span> <span class='ocrx_word' id='word_1_362' title='bbox 700 4577 910 4645; x_wconf 86' lang='lat' dir='ltr'><strong>plantas</strong></span> <span class='ocrx_word' id='word_1_363' title='bbox 945 4576 1204 4644; x_wconf 82' lang='lat' dir='ltr'><strong>proferat.</strong></span> <span class='ocrx_word' id='word_1_364' title='bbox 1247 4577 1293 4632; x_wconf 91' lang='lat' dir='ltr'><strong>Is</strong></span> <span class='ocrx_word' id='word_1_365' title='bbox 1313 4591 1462 4647; x_wconf 79' lang='lat' dir='ltr'><strong>ergo,</strong></span> <span class='ocrx_word' id='word_1_366' title='bbox 1493 4581 1584 4649; x_wconf 88' lang='lat' dir='ltr'><strong>qui</strong></span> <span class='ocrx_word' id='word_1_367' title='bbox 1621 4588 1825 4634; x_wconf 88' lang='lat' dir='ltr'><strong>tantam</strong></span> <span class='ocrx_word' id='word_1_368' title='bbox 1859 4581 2165 4650; x_wconf 83' lang='lat' dir='ltr'><strong>pulchritu-</strong></span> 
     </span>
    </p>
   </div>
   <div class='ocr_carea' id='block_1_51' title="bbox 593 4669 2168 4732">
    <p class='ocr_par' dir='ltr' id='par_1_51' title="bbox 593 4669 2168 4732">
     <span class='ocr_line' id='line_1_51' title="bbox 593 4669 2168 4732; baseline 0.004 -11"><span class='ocrx_word' id='word_1_369' title='bbox 593 4670 773 4723; x_wconf 85' lang='lat' dir='ltr'><strong>dinem</strong></span> <span class='ocrx_word' id='word_1_370' title='bbox 804 4681 860 4723; x_wconf 91' lang='lat' dir='ltr'><strong>et</strong></span> <span class='ocrx_word' id='word_1_371' title='bbox 893 4676 1094 4721; x_wconf 82' lang='lat' dir='ltr'><strong>tantam</strong></span> <span class='ocrx_word' id='word_1_372' title='bbox 1121 4669 1314 4722; x_wconf 83' lang='lat' dir='ltr'><strong>molem</strong></span> <span class='ocrx_word' id='word_1_373' title='bbox 1339 4671 1602 4732; x_wconf 89' lang='lat' dir='ltr'><strong>condidit,</strong></span> <span class='ocrx_word' id='word_1_374' title='bbox 1632 4672 1894 4728; x_wconf 89' lang='lat' dir='ltr'><strong>Dominus</strong></span> <span class='ocrx_word' id='word_1_375' title='bbox 1930 4686 1984 4729; x_wconf 88' lang='lat' dir='ltr'><strong>et</strong></span> <span class='ocrx_word' id='word_1_376' title='bbox 2024 4675 2168 4728; x_wconf 82' lang='lat' dir='ltr'><strong>Deus</strong></span> 
     </span>
    </p>
   </div>
   <div class='ocr_carea' id='block_1_52' title="bbox 595 4761 2166 4835">
    <p class='ocr_par' dir='ltr' id='par_1_52' title="bbox 595 4761 2166 4835">
     <span class='ocr_line' id='line_1_52' title="bbox 595 4761 2166 4835; baseline 0.007 -22"><span class='ocrx_word' id='word_1_377' title='bbox 595 4761 992 4822; x_wconf 76' lang='lat' dir='ltr'><strong>universorum.</strong></span> <span class='ocrx_word' id='word_1_378' title='bbox 1026 4761 1184 4814; x_wconf 85' lang='lat' dir='ltr'><strong>etiam</strong></span> <span class='ocrx_word' id='word_1_379' title='bbox 1216 4776 1300 4827; x_wconf 85' lang='lat' dir='ltr'><strong>ea,</strong></span> <span class='ocrx_word' id='word_1_380' title='bbox 1336 4777 1455 4832; x_wconf 81' lang='lat' dir='ltr'><strong>qua:</strong></span> <span class='ocrx_word' id='word_1_381' title='bbox 1476 4765 1726 4835; x_wconf 87' lang='lat' dir='ltr'><strong>superius</strong></span> <span class='ocrx_word' id='word_1_382' title='bbox 1749 4767 1892 4821; x_wconf 88' lang='lat' dir='ltr'><strong>dicta</strong></span> <span class='ocrx_word' id='word_1_383' title='bbox 1922 4779 2069 4834; x_wconf 88' lang='lat' dir='ltr'><strong>sunt,</strong></span> <span class='ocrx_word' id='word_1_384' title='bbox 2099 4769 2166 4825; x_wconf 90' lang='lat' dir='ltr'><strong>de</strong></span> 
     </span>
    </p>
   </div>
   <div class='ocr_carea' id='block_1_53' title="bbox 597 4853 1251 4921">
    <p class='ocr_par' dir='ltr' id='par_1_53' title="bbox 597 4853 1251 4921">
     <span class='ocr_line' id='line_1_53' title="bbox 597 4853 1251 4921; baseline 0 -12"><span class='ocrx_word' id='word_1_385' title='bbox 597 4853 815 4909; x_wconf 87' lang='lat' dir='ltr'><strong>Christo</strong></span> <span class='ocrx_word' id='word_1_386' title='bbox 849 4855 1251 4921; x_wconf 61' lang='lat' dir='ltr'><strong>praenuntiavit.</strong></span> 
     </span>
    </p>
   </div>
   <div class='ocr_carea' id='block_1_54' title="bbox 665 4969 2168 5045">
    <p class='ocr_par' dir='ltr' id='par_1_54' title="bbox 665 4969 2168 5045">
     <span class='ocr_line' id='line_1_54' title="bbox 665 4969 2168 5045; baseline 0.005 -21"><span class='ocrx_word' id='word_1_387' title='bbox 665 4970 826 5026; x_wconf 68' lang='lat' dir='ltr'><strong>Vsus.</strong></span> <span class='ocrx_word' id='word_1_388' title='bbox 857 4969 972 5027; x_wconf 89' lang='lat'><strong>6-7.</strong></span> <span class='ocrx_word' id='word_1_389' title='bbox 1011 4989 1031 5023; x_wconf 80' lang='grc' dir='ltr'>ι</span> <span class='ocrx_word' id='word_1_390' title='bbox 1075 4972 1183 5043; x_wconf 76' lang='lat' dir='ltr'><strong>Ego</strong></span> <span class='ocrx_word' id='word_1_391' title='bbox 1221 4973 1475 5026; x_wconf 88' lang='lat' dir='ltr'><strong>Dominus</strong></span> <span class='ocrx_word' id='word_1_392' title='bbox 1507 4973 1646 5029; x_wconf 87' lang='lat' dir='ltr'><strong>Dens</strong></span> <span class='ocrx_word' id='word_1_393' title='bbox 1672 4979 1854 5030; x_wconf 80' lang='lat' dir='ltr'><strong>vocavi</strong></span> <span class='ocrx_word' id='word_1_394' title='bbox 1901 4986 1951 5031; x_wconf 88' lang='lat' dir='ltr'><strong>te</strong></span> <span class='ocrx_word' id='word_1_395' title='bbox 1999 4977 2050 5031; x_wconf 94' lang='lat' dir='ltr'><strong>in</strong></span> <span class='ocrx_word' id='word_1_396' title='bbox 2075 4975 2168 5045; x_wconf 86' lang='lat' dir='ltr'><strong>jn-</strong></span> 
     </span>
    </p>
   </div>
   <div class='ocr_carea' id='block_1_55' title="bbox 593 5049 2168 5134">
    <p class='ocr_par' dir='ltr' id='par_1_55' title="bbox 593 5049 2168 5134">
     <span class='ocr_line' id='line_1_55' title="bbox 593 5049 2168 5134; baseline 0.002 -14"><span class='ocrx_word' id='word_1_397' title='bbox 593 5049 740 5120; x_wconf 80' lang='lat' dir='ltr'><strong>stitia</strong></span> <span class='ocrx_word' id='word_1_398' title='bbox 776 5080 790 5117; x_wconf 89' lang='lat'><strong>:</strong></span> <span class='ocrx_word' id='word_1_399' title='bbox 824 5073 878 5119; x_wconf 87' lang='lat' dir='ltr'><strong>et</strong></span> <span class='ocrx_word' id='word_1_400' title='bbox 910 5066 1310 5134; x_wconf 87' lang='lat' dir='ltr'><strong>apprehendam</strong></span> <span class='ocrx_word' id='word_1_401' title='bbox 1340 5082 1554 5119; x_wconf 80' lang='lat' dir='ltr'><strong>umnum</strong></span> <span class='ocrx_word' id='word_1_402' title='bbox 1581 5078 1723 5122; x_wconf 87' lang='lat' dir='ltr'><strong>tuam</strong></span> <span class='ocrx_word' id='word_1_403' title='bbox 1753 5109 1768 5132; x_wconf 90' lang='lat'><strong>,</strong></span> <span class='ocrx_word' id='word_1_404' title='bbox 1809 5079 1862 5122; x_wconf 90' lang='lat' dir='ltr'><strong>et</strong></span> <span class='ocrx_word' id='word_1_405' title='bbox 1900 5069 2168 5124; x_wconf 84' lang='lat' dir='ltr'><strong>corrobo-</strong></span> 
     </span>
    </p>
   </div>
   <div class='ocr_carea' id='block_1_56' title="bbox 595 5158 2161 5230">
    <p class='ocr_par' dir='ltr' id='par_1_56' title="bbox 595 5158 2161 5230">
     <span class='ocr_line' id='line_1_56' title="bbox 595 5158 2161 5230; baseline 0.003 -18"><span class='ocrx_word' id='word_1_406' title='bbox 595 5159 731 5212; x_wconf 82' lang='lat' dir='ltr'><strong>rabo</strong></span> <span class='ocrx_word' id='word_1_407' title='bbox 753 5165 831 5221; x_wconf 84' lang='lat' dir='ltr'><strong>te,</strong></span> <span class='ocrx_word' id='word_1_408' title='bbox 858 5167 910 5210; x_wconf 89' lang='lat' dir='ltr'><strong>et</strong></span> <span class='ocrx_word' id='word_1_409' title='bbox 938 5158 1058 5211; x_wconf 86' lang='lat' dir='ltr'><strong>dedi</strong></span> <span class='ocrx_word' id='word_1_410' title='bbox 1093 5168 1143 5212; x_wconf 91' lang='lat' dir='ltr'><strong>te</strong></span> <span class='ocrx_word' id='word_1_411' title='bbox 1185 5158 1238 5210; x_wconf 91' lang='lat' dir='ltr'><strong>in</strong></span> <span class='ocrx_word' id='word_1_412' title='bbox 1268 5167 1649 5214; x_wconf 89' lang='lat' dir='ltr'><strong>testamentum</strong></span> <span class='ocrx_word' id='word_1_413' title='bbox 1692 5162 1910 5230; x_wconf 76' lang='lat' dir='ltr'><strong>generis</strong></span> <span class='ocrx_word' id='word_1_414' title='bbox 1933 5203 1948 5225; x_wconf 98' lang='lat'><strong>,</strong></span> <span class='ocrx_word' id='word_1_415' title='bbox 1984 5162 2034 5215; x_wconf 92' lang='lat' dir='ltr'><strong>in</strong></span> <span class='ocrx_word' id='word_1_416' title='bbox 2080 5162 2161 5216; x_wconf 87' lang='lat' dir='ltr'><strong>ln-</strong></span> 
     </span>
    </p>
   </div>
   <div class='ocr_carea' id='block_1_57' title="bbox 590 5250 2166 5321">
    <p class='ocr_par' dir='ltr' id='par_1_57' title="bbox 590 5250 2166 5321">
     <span class='ocr_line' id='line_1_57' title="bbox 590 5250 2166 5321; baseline 0.002 -18"><span class='ocrx_word' id='word_1_417' title='bbox 590 5266 710 5304; x_wconf 90' lang='lat' dir='ltr'><strong>eem</strong></span> <span class='ocrx_word' id='word_1_418' title='bbox 738 5251 999 5320; x_wconf 74' lang='lat' dir='ltr'><strong>gentium,</strong></span> <span class='ocrx_word' id='word_1_419' title='bbox 1029 5259 1086 5303; x_wconf 94' lang='lat' dir='ltr'><strong>ut</strong></span> <span class='ocrx_word' id='word_1_420' title='bbox 1126 5250 1366 5321; x_wconf 72' lang='lat' dir='ltr'><strong>aperires</strong></span> <span class='ocrx_word' id='word_1_421' title='bbox 1394 5253 1579 5306; x_wconf 89' lang='lat' dir='ltr'><strong>oculos</strong></span> <span class='ocrx_word' id='word_1_422' title='bbox 1614 5267 1880 5306; x_wconf 69' lang='lat' dir='ltr'><strong>czrcorum</strong></span> <span class='ocrx_word' id='word_1_423' title='bbox 1901 5292 1916 5316; x_wconf 90' lang='lat'><strong>,</strong></span> <span class='ocrx_word' id='word_1_424' title='bbox 1951 5265 2004 5306; x_wconf 85' lang='lat' dir='ltr'><strong>et</strong></span> <span class='ocrx_word' id='word_1_425' title='bbox 2033 5253 2166 5306; x_wconf 80' lang='lat' dir='ltr'><strong>edu-</strong></span> 
     </span>
    </p>
   </div>
   <div class='ocr_carea' id='block_1_58' title="bbox 593 5341 2168 5398">
    <p class='ocr_par' dir='ltr' id='par_1_58' title="bbox 593 5341 2168 5398">
     <span class='ocr_line' id='line_1_58' title="bbox 593 5341 2168 5398; baseline 0.001 -2"><span class='ocrx_word' id='word_1_426' title='bbox 593 5359 747 5396; x_wconf 85' lang='lat' dir='ltr'><strong>ceres</strong></span> <span class='ocrx_word' id='word_1_427' title='bbox 792 5344 1000 5398; x_wconf 84' lang='lat' dir='ltr'><strong>vinctos</strong></span> <span class='ocrx_word' id='word_1_428' title='bbox 1040 5358 1108 5398; x_wconf 75' lang='lat' dir='ltr'><strong>ex</strong></span> <span class='ocrx_word' id='word_1_429' title='bbox 1153 5341 1385 5396; x_wconf 85' lang='lat' dir='ltr'><strong>vinculis</strong></span> <span class='ocrx_word' id='word_1_430' title='bbox 1419 5352 1473 5396; x_wconf 92' lang='lat' dir='ltr'><strong>et</strong></span> <span class='ocrx_word' id='word_1_431' title='bbox 1523 5359 1586 5398; x_wconf 79' lang='lat' dir='ltr'><strong>ex</strong></span> <span class='ocrx_word' id='word_1_432' title='bbox 1620 5344 1780 5397; x_wconf 91' lang='lat' dir='ltr'><strong>domo</strong></span> <span class='ocrx_word' id='word_1_433' title='bbox 1807 5343 2066 5396; x_wconf 69' lang='lat' dir='ltr'><strong>custodite</strong></span> <span class='ocrx_word' id='word_1_434' title='bbox 2115 5353 2168 5398; x_wconf 80' lang='lat' dir='ltr'><strong>et</strong></span> 
     </span>
    </p>
   </div>
   <div class='ocr_carea' id='block_1_59' title="bbox 593 5433 2165 5504">
    <p class='ocr_par' dir='ltr' id='par_1_59' title="bbox 593 5433 2165 5504">
     <span class='ocr_line' id='line_1_59' title="bbox 593 5433 2165 5504; baseline -0.001 -14"><span class='ocrx_word' id='word_1_435' title='bbox 593 5436 844 5490; x_wconf 79' lang='lat' dir='ltr'><strong>sedentes</strong></span> <span class='ocrx_word' id='word_1_436' title='bbox 873 5437 924 5489; x_wconf 92' lang='lat' dir='ltr'><strong>in</strong></span> <span class='ocrx_word' id='word_1_437' title='bbox 953 5436 1212 5490; x_wconf 86' lang='lat' dir='ltr'><strong>tenebris.</strong></span> <span class='ocrx_word' id='word_1_438' title='bbox 1254 5454 1272 5488; x_wconf 84' lang='grc' dir='ltr'>ι</span> <span class='ocrx_word' id='word_1_439' title='bbox 1315 5433 1409 5488; x_wconf 88' lang='lat' dir='ltr'><strong>llis</strong></span> <span class='ocrx_word' id='word_1_440' title='bbox 1448 5435 1738 5504; x_wconf 85' lang='lat' dir='ltr'><strong>compellat</strong></span> <span class='ocrx_word' id='word_1_441' title='bbox 1787 5449 1910 5489; x_wconf 87' lang='lat' dir='ltr'><strong>eum</strong></span> <span class='ocrx_word' id='word_1_442' title='bbox 1935 5473 1954 5500; x_wconf 93' lang='lat'><strong>,</strong></span> <span class='ocrx_word' id='word_1_443' title='bbox 2006 5449 2165 5504; x_wconf 89' lang='lat' dir='ltr'><strong>quem</strong></span> 
     </span>
    </p>
   </div>
   <div class='ocr_carea' id='block_1_60' title="bbox 595 5526 2166 5596">
    <p class='ocr_par' dir='ltr' id='par_1_60' title="bbox 595 5526 2166 5596">
     <span class='ocr_line' id='line_1_60' title="bbox 595 5526 2166 5596; baseline 0 -16"><span class='ocrx_word' id='word_1_444' title='bbox 595 5528 844 5595; x_wconf 76' lang='lat' dir='ltr'><strong>superius</strong></span> <span class='ocrx_word' id='word_1_445' title='bbox 889 5543 1112 5596; x_wconf 89' lang='lat' dir='ltr'><strong>puerum</strong></span> <span class='ocrx_word' id='word_1_446' title='bbox 1141 5543 1294 5582; x_wconf 88' lang='lat' dir='ltr'><strong>suum</strong></span> <span class='ocrx_word' id='word_1_447' title='bbox 1331 5527 1497 5594; x_wconf 77' lang='lat' dir='ltr'><strong>dixit,</strong></span> <span class='ocrx_word' id='word_1_448' title='bbox 1523 5527 1609 5581; x_wconf 86' lang='lat' dir='ltr'><strong>cui</strong></span> <span class='ocrx_word' id='word_1_449' title='bbox 1638 5542 1694 5581; x_wconf 91' lang='lat' dir='ltr'><strong>se</strong></span> <span class='ocrx_word' id='word_1_450' title='bbox 1721 5526 1972 5594; x_wconf 88' lang='lat' dir='ltr'><strong>spiritum</strong></span> <span class='ocrx_word' id='word_1_451' title='bbox 2007 5539 2166 5580; x_wconf 89' lang='lat' dir='ltr'><strong>suum</strong></span> 
     </span>
    </p>
   </div>
   <div class='ocr_carea' id='block_1_61' title="bbox 595 5618 2160 5688">
    <p class='ocr_par' dir='ltr' id='par_1_61' title="bbox 595 5618 2160 5688">
     <span class='ocr_line' id='line_1_61' title="bbox 595 5618 2160 5688; baseline -0.001 -15"><span class='ocrx_word' id='word_1_452' title='bbox 595 5621 845 5674; x_wconf 85' lang='lat' dir='ltr'><strong>daturum</strong></span> <span class='ocrx_word' id='word_1_453' title='bbox 869 5635 990 5676; x_wconf 79' lang='lat' dir='ltr'><strong>esse</strong></span> <span class='ocrx_word' id='word_1_454' title='bbox 1016 5620 1249 5675; x_wconf 88' lang='lat' dir='ltr'><strong>diccbat.</strong></span> <span class='ocrx_word' id='word_1_455' title='bbox 1303 5618 1486 5676; x_wconf 79' lang='lat' dir='ltr'><strong>Primo</strong></span> <span class='ocrx_word' id='word_1_456' title='bbox 1529 5631 1707 5675; x_wconf 85' lang='lat' dir='ltr'><strong>autem</strong></span> <span class='ocrx_word' id='word_1_457' title='bbox 1749 5621 1924 5688; x_wconf 77' lang='lat' dir='ltr'><strong>ipsum</strong></span> <span class='ocrx_word' id='word_1_458' title='bbox 1972 5620 2024 5673; x_wconf 94' lang='lat' dir='ltr'><strong>in</strong></span> <span class='ocrx_word' id='word_1_459' title='bbox 2071 5619 2160 5687; x_wconf 88' lang='lat' dir='ltr'><strong>ju-</strong></span> 
     </span>
    </p>
   </div>
   <div class='ocr_carea' id='block_1_62' title="bbox 593 5711 2164 5782">
    <p class='ocr_par' dir='ltr' id='par_1_62' title="bbox 593 5711 2164 5782">
     <span class='ocr_line' id='line_1_62' title="bbox 593 5711 2164 5782; baseline 0 -17"><span class='ocrx_word' id='word_1_460' title='bbox 593 5713 739 5766; x_wconf 83' lang='lat' dir='ltr'><strong>stitia</strong></span> <span class='ocrx_word' id='word_1_461' title='bbox 775 5721 931 5766; x_wconf 83' lang='lat' dir='ltr'><strong>vocat</strong></span> <span class='ocrx_word' id='word_1_462' title='bbox 995 5713 1330 5767; x_wconf 80' lang='lat' dir='ltr'><strong>vocationem</strong></span> <span class='ocrx_word' id='word_1_463' title='bbox 1358 5711 1477 5781; x_wconf 87' lang='lat' dir='ltr'><strong>ejus</strong></span> <span class='ocrx_word' id='word_1_464' title='bbox 1509 5727 1607 5780; x_wconf 82' lang='lat' dir='ltr'><strong>pro</strong></span> <span class='ocrx_word' id='word_1_465' title='bbox 1644 5713 1904 5782; x_wconf 77' lang='lat' dir='ltr'><strong>dignitate</strong></span> <span class='ocrx_word' id='word_1_466' title='bbox 1931 5721 1986 5766; x_wconf 92' lang='lat' dir='ltr'><strong>et</strong></span> <span class='ocrx_word' id='word_1_467' title='bbox 2007 5711 2164 5779; x_wconf 82' lang='lat' dir='ltr'><strong>justi-</strong></span> 
     </span>
    </p>
   </div>
   <div class='ocr_carea' id='block_1_63' title="bbox 593 5805 2164 5876">
    <p class='ocr_par' dir='ltr' id='par_1_63' title="bbox 593 5805 2164 5876">
     <span class='ocr_line' id='line_1_63' title="bbox 593 5805 2164 5876; baseline -0.001 -16"><span class='ocrx_word' id='word_1_468' title='bbox 593 5807 666 5861; x_wconf 84' lang='lat' dir='ltr'><strong>tia</strong></span> <span class='ocrx_word' id='word_1_469' title='bbox 695 5821 960 5876; x_wconf 74' lang='lat' dir='ltr'><strong>peragens</strong></span> <span class='ocrx_word' id='word_1_470' title='bbox 991 5821 1005 5858; x_wconf 89' lang='lat'><strong>:</strong></span> <span class='ocrx_word' id='word_1_471' title='bbox 1041 5805 1232 5861; x_wconf 82' lang='lat' dir='ltr'><strong>deinde</strong></span> <span class='ocrx_word' id='word_1_472' title='bbox 1281 5819 1407 5860; x_wconf 78' lang='lat' dir='ltr'><strong>vero</strong></span> <span class='ocrx_word' id='word_1_473' title='bbox 1451 5820 1509 5861; x_wconf 82' lang='lat' dir='ltr'><strong>se</strong></span> <span class='ocrx_word' id='word_1_474' title='bbox 1549 5820 1768 5860; x_wconf 87' lang='lat' dir='ltr'><strong>manum</strong></span> <span class='ocrx_word' id='word_1_475' title='bbox 1811 5806 1929 5872; x_wconf 78' lang='lat' dir='ltr'><strong>ejus</strong></span> <span class='ocrx_word' id='word_1_476' title='bbox 1966 5819 2164 5873; x_wconf 69' lang='grc' dir='ltr'>ηιρτο-</span> 
     </span>
    </p>
   </div>
   <div class='ocr_carea' id='block_1_64' title="bbox 2263 515 3849 592">
    <p class='ocr_par' dir='ltr' id='par_1_64' title="bbox 2263 515 3849 592">
     <span class='ocr_line' id='line_1_64' title="bbox 2263 515 3849 592; baseline -0.003 -18"><span class='ocrx_word' id='word_1_477' title='bbox 2263 521 2358 574; x_wconf 79' lang='grc' dir='ltr'>καὶ</span> <span class='ocrx_word' id='word_1_478' title='bbox 2383 518 2748 592; x_wconf 74' lang='grc' dir='ltr'><strong>ὑπερηφάνων</strong></span> <span class='ocrx_word' id='word_1_479' title='bbox 2781 517 3038 590; x_wconf 76' lang='grc' dir='ltr'>μετῆλθεο</span> <span class='ocrx_word' id='word_1_480' title='bbox 3072 516 3208 587; x_wconf 77' lang='grc' dir='ltr'>πρὺς</span> <span class='ocrx_word' id='word_1_481' title='bbox 3232 515 3478 578; x_wconf 75' lang='grc' dir='ltr'>ἅπαντας</span> <span class='ocrx_word' id='word_1_482' title='bbox 3503 515 3560 568; x_wconf 72' lang='grc' dir='ltr'>δὲ</span> <span class='ocrx_word' id='word_1_483' title='bbox 3591 517 3715 580; x_wconf 77' lang='grc' dir='ltr'>τοὺς</span> <span class='ocrx_word' id='word_1_484' title='bbox 3749 519 3849 570; x_wconf 84' lang='grc' dir='ltr'>ἀν-</span> 
     </span>
    </p>
   </div>
   <div class='ocr_carea' id='block_1_65' title="bbox 2265 601 3847 682">
    <p class='ocr_par' dir='ltr' id='par_1_65' title="bbox 2265 601 3847 682">
     <span class='ocr_line' id='line_1_65' title="bbox 2265 601 3847 682; baseline -0.003 -19"><span class='ocrx_word' id='word_1_485' title='bbox 2265 609 2518 680; x_wconf 85' lang='grc' dir='ltr'>θρώπους</span> <span class='ocrx_word' id='word_1_486' title='bbox 2572 607 2747 682; x_wconf 78' lang='grc' dir='ltr'>πρᾶός</span> <span class='ocrx_word' id='word_1_487' title='bbox 2778 625 2838 660; x_wconf 86' lang='grc' dir='ltr'><strong>τε</strong></span> <span class='ocrx_word' id='word_1_488' title='bbox 2869 603 2937 677; x_wconf 81' lang='grc' dir='ltr'>ἦν</span> <span class='ocrx_word' id='word_1_489' title='bbox 2967 606 3062 660; x_wconf 71' lang='grc' dir='ltr'>καὶ</span> <span class='ocrx_word' id='word_1_490' title='bbox 3092 601 3346 668; x_wconf 64' lang='grc' dir='ltr'>ταπεινὸς</span> <span class='ocrx_word' id='word_1_491' title='bbox 3380 607 3445 674; x_wconf 73' lang='grc' dir='ltr'><strong>τῇ</strong></span> <span class='ocrx_word' id='word_1_492' title='bbox 3480 604 3709 676; x_wconf 75' lang='grc' dir='ltr'>καρδίᾳ·</span> <span class='ocrx_word' id='word_1_493' title='bbox 3744 607 3847 660; x_wconf 77' lang='grc' dir='ltr'><strong>σὺν</strong></span> 
     </span>
    </p>
   </div>
   <div class='ocr_carea' id='block_1_66' title="bbox 2264 693 3848 768">
    <p class='ocr_par' dir='ltr' id='par_1_66' title="bbox 2264 693 3848 768">
     <span class='ocr_line' id='line_1_66' title="bbox 2264 693 3848 768; baseline -0.001 -18"><span class='ocrx_word' id='word_1_494' title='bbox 2264 696 2490 768; x_wconf 79' lang='grc' dir='ltr'><strong>ἀληθείᾳ</strong></span> <span class='ocrx_word' id='word_1_495' title='bbox 2526 695 2583 750; x_wconf 84' lang='grc' dir='ltr'>δὲ</span> <span class='ocrx_word' id='word_1_496' title='bbox 2630 697 2724 749; x_wconf 74' lang='grc' dir='ltr'>καὶ</span> <span class='ocrx_word' id='word_1_497' title='bbox 2777 695 3059 767; x_wconf 76' lang='grc' dir='ltr'>παρρησίᾳ</span> <span class='ocrx_word' id='word_1_498' title='bbox 3110 697 3223 758; x_wconf 81' lang='grc' dir='ltr'>τοῖς</span> <span class='ocrx_word' id='word_1_499' title='bbox 3256 697 3388 748; x_wconf 81' lang='grc' dir='ltr'>πᾶσι</span> <span class='ocrx_word' id='word_1_500' title='bbox 3429 693 3750 749; x_wconf 79' lang='grc' dir='ltr'><strong>διαστέλλων</strong></span> <span class='ocrx_word' id='word_1_501' title='bbox 3771 696 3848 750; x_wconf 81' lang='grc' dir='ltr'>τὰ</span> 
     </span>
    </p>
   </div>
   <div class='ocr_carea' id='block_1_67' title="bbox 2267 786 3848 861">
    <p class='ocr_par' dir='ltr' id='par_1_67' title="bbox 2267 786 3848 861">
     <span class='ocr_line' id='line_1_67' title="bbox 2267 786 3848 861; baseline -0.001 -18"><span class='ocrx_word' id='word_1_502' title='bbox 2267 790 2393 861; x_wconf 67' lang='grc' dir='ltr'>περὶ</span> <span class='ocrx_word' id='word_1_503' title='bbox 2410 789 2510 857; x_wconf 84' lang='grc' dir='ltr'><strong>τῆς</strong></span> <span class='ocrx_word' id='word_1_504' title='bbox 2531 787 2626 841; x_wconf 86' lang='grc' dir='ltr'><strong>τοῦ</strong></span> <span class='ocrx_word' id='word_1_505' title='bbox 2653 787 2789 842; x_wconf 82' lang='grc' dir='ltr'>Θεοῦ</span> <span class='ocrx_word' id='word_1_506' title='bbox 2820 788 3073 859; x_wconf 84' lang='grc' dir='ltr'>κρίσεως,</span> <span class='ocrx_word' id='word_1_507' title='bbox 3091 786 3186 840; x_wconf 67' lang='grc' dir='ltr'>καὶ</span> <span class='ocrx_word' id='word_1_508' title='bbox 3199 787 3262 839; x_wconf 81' lang='grc' dir='ltr'>οὑ</span> <span class='ocrx_word' id='word_1_509' title='bbox 3290 786 3551 858; x_wconf 83' lang='grc' dir='ltr'>πρότερόν</span> <span class='ocrx_word' id='word_1_510' title='bbox 3583 803 3646 855; x_wconf 90' lang='grc' dir='ltr'><strong>γε</strong></span> <span class='ocrx_word' id='word_1_511' title='bbox 3673 787 3848 842; x_wconf 71' lang='grc' dir='ltr'>ἐπαύ-</span> 
     </span>
    </p>
   </div>
   <div class='ocr_carea' id='block_1_68' title="bbox 2267 878 3847 953">
    <p class='ocr_par' dir='ltr' id='par_1_68' title="bbox 2267 878 3847 953">
     <span class='ocr_line' id='line_1_68' title="bbox 2267 878 3847 953; baseline -0.002 -17"><span class='ocrx_word' id='word_1_512' title='bbox 2267 899 2418 946; x_wconf 87' lang='grc' dir='ltr'>σατο,</span> <span class='ocrx_word' id='word_1_513' title='bbox 2455 880 2489 953; x_wconf 85' lang='grc' dir='ltr'>ἦ</span> <span class='ocrx_word' id='word_1_514' title='bbox 2525 880 2701 951; x_wconf 67' lang='grc' dir='ltr'>φωτὸς</span> <span class='ocrx_word' id='word_1_515' title='bbox 2728 879 2884 951; x_wconf 85' lang='grc' dir='ltr'>δίκην</span> <span class='ocrx_word' id='word_1_516' title='bbox 2923 878 3199 950; x_wconf 74' lang='grc' dir='ltr'><strong>ἐκλάμψαι</strong></span> <span class='ocrx_word' id='word_1_517' title='bbox 3231 878 3320 932; x_wconf 68' lang='grc' dir='ltr'>διὰ</span> <span class='ocrx_word' id='word_1_518' title='bbox 3370 879 3468 950; x_wconf 83' lang='grc' dir='ltr'>τῆς</span> <span class='ocrx_word' id='word_1_519' title='bbox 3515 881 3580 932; x_wconf 75' lang='grc' dir='ltr'>ὲκ</span> <span class='ocrx_word' id='word_1_520' title='bbox 3633 880 3847 952; x_wconf 81' lang='grc' dir='ltr'>νεκρῶν</span> 
     </span>
    </p>
   </div>
   <div class='ocr_carea' id='block_1_69' title="bbox 2265 969 3843 1044">
    <p class='ocr_par' dir='ltr' id='par_1_69' title="bbox 2265 969 3843 1044">
     <span class='ocr_line' id='line_1_69' title="bbox 2265 969 3843 1044; baseline -0.001 -18"><span class='ocrx_word' id='word_1_521' title='bbox 2265 973 2634 1037; x_wconf 74' lang='grc' dir='ltr'>ἀναστάσεως,</span> <span class='ocrx_word' id='word_1_522' title='bbox 2672 973 2738 1044; x_wconf 69' lang='grc' dir='ltr'><strong>ην</strong></span> <span class='ocrx_word' id='word_1_523' title='bbox 2765 973 2794 1027; x_wconf 92' lang='lat'><strong>6</strong></span> <span class='ocrx_word' id='word_1_524' title='bbox 2839 970 3174 1044; x_wconf 80' lang='grc' dir='ltr'>προφητικδς</span> <span class='ocrx_word' id='word_1_525' title='bbox 3205 970 3360 1038; x_wconf 83' lang='grc' dir='ltr'><strong>λόγος</strong></span> <span class='ocrx_word' id='word_1_526' title='bbox 3389 969 3607 1042; x_wconf 63' lang='grc' dir='ltr'>ᾐνίξατο</span> <span class='ocrx_word' id='word_1_527' title='bbox 3649 970 3843 1034; x_wconf 67' lang='grc' dir='ltr'>εἰπὼν,</span> 
     </span>
    </p>
   </div>
   <div class='ocr_carea' id='block_1_70' title="bbox 2271 1063 3847 1136">
    <p class='ocr_par' dir='ltr' id='par_1_70' title="bbox 2271 1063 3847 1136">
     <span class='ocr_line' id='line_1_70' title="bbox 2271 1063 3847 1136; baseline 0 -20"><span class='ocrx_word' id='word_1_528' title='bbox 2271 1083 2290 1116; x_wconf 79' lang='grc' dir='ltr'>ι</span> <span class='ocrx_word' id='word_1_529' title='bbox 2330 1064 2661 1136; x_wconf 75' lang='grc' dir='ltr'>Ἀναλάμψει</span> <span class='ocrx_word' id='word_1_530' title='bbox 2695 1065 2789 1116; x_wconf 76' lang='grc' dir='ltr'>καὶ</span> <span class='ocrx_word' id='word_1_531' title='bbox 2819 1064 2881 1117; x_wconf 81' lang='grc' dir='ltr'>οὐ</span> <span class='ocrx_word' id='word_1_532' title='bbox 2923 1063 3343 1134; x_wconf 79' lang='grc' dir='ltr'>θραυσθήσεται.</span> <span class='ocrx_word' id='word_1_533' title='bbox 3383 1082 3402 1116; x_wconf 83' lang='grc' dir='ltr'>ι</span> <span class='ocrx_word' id='word_1_534' title='bbox 3463 1063 3702 1134; x_wconf 85' lang='grc' dir='ltr'>Θραῦσαι</span> <span class='ocrx_word' id='word_1_535' title='bbox 3742 1063 3847 1135; x_wconf 76' lang='grc' dir='ltr'>μὲν</span> 
     </span>
    </p>
   </div>
   <div class='ocr_carea' id='block_1_71' title="bbox 2265 1152 3842 1227">
    <p class='ocr_par' dir='ltr' id='par_1_71' title="bbox 2265 1152 3842 1227">
     <span class='ocr_line' id='line_1_71' title="bbox 2265 1152 3842 1227; baseline -0.002 -17"><span class='ocrx_word' id='word_1_536' title='bbox 2265 1156 2374 1227; x_wconf 85' lang='grc' dir='ltr'><strong>γὰρ</strong></span> <span class='ocrx_word' id='word_1_537' title='bbox 2405 1156 2585 1220; x_wconf 80' lang='grc' dir='ltr'>αὐτὸν,</span> <span class='ocrx_word' id='word_1_538' title='bbox 2613 1155 2709 1209; x_wconf 72' lang='grc' dir='ltr'>καὶ</span> <span class='ocrx_word' id='word_1_539' title='bbox 2735 1153 3035 1209; x_wconf 76' lang='grc' dir='ltr'>ἀποσϐέσαι</span> <span class='ocrx_word' id='word_1_540' title='bbox 3081 1153 3438 1225; x_wconf 71' lang='grc' dir='ltr'><strong>πεπείρανται</strong></span> <span class='ocrx_word' id='word_1_541' title='bbox 3467 1154 3514 1206; x_wconf 81' lang='grc' dir='ltr'>οι</span> <span class='ocrx_word' id='word_1_542' title='bbox 3549 1153 3640 1207; x_wconf 80' lang='grc' dir='ltr'>τὸν</span> <span class='ocrx_word' id='word_1_543' title='bbox 3682 1152 3842 1208; x_wconf 72' lang='grc' dir='ltr'>θάναρ</span> 
     </span>
    </p>
   </div>
   <div class='ocr_carea' id='block_1_72' title="bbox 2262 1244 3848 1319">
    <p class='ocr_par' dir='ltr' id='par_1_72' title="bbox 2262 1244 3848 1319">
     <span class='ocr_line' id='line_1_72' title="bbox 2262 1244 3848 1319; baseline -0.003 -17"><span class='ocrx_word' id='word_1_544' title='bbox 2262 1265 2354 1303; x_wconf 89' lang='grc' dir='ltr'><strong>τον</strong></span> <span class='ocrx_word' id='word_1_545' title='bbox 2388 1246 2536 1319; x_wconf 79' lang='grc' dir='ltr'>αὐτῷ</span> <span class='ocrx_word' id='word_1_546' title='bbox 2567 1245 3074 1310; x_wconf 72' lang='grc' dir='ltr'>κατασκευάσαντες</span> <span class='ocrx_word' id='word_1_547' title='bbox 3096 1261 3110 1276; x_wconf 91' lang='grc'><strong>·</strong></span> <span class='ocrx_word' id='word_1_548' title='bbox 3141 1245 3265 1298; x_wconf 73' lang='grc' dir='ltr'>ἐπεὶ</span> <span class='ocrx_word' id='word_1_549' title='bbox 3288 1245 3382 1299; x_wconf 61' lang='grc' dir='ltr'><strong>καὶ⁵</strong></span> <span class='ocrx_word' id='word_1_550' title='bbox 3408 1247 3515 1298; x_wconf 75' lang='grc' dir='ltr'>πᾶν</span> <span class='ocrx_word' id='word_1_551' title='bbox 3541 1245 3604 1299; x_wconf 82' lang='grc' dir='ltr'>τὸ</span> <span class='ocrx_word' id='word_1_552' title='bbox 3649 1244 3848 1316; x_wconf 81' lang='grc' dir='ltr'>θνητὸν</span> 
     </span>
    </p>
   </div>
   <div class='ocr_carea' id='block_1_73' title="bbox 2263 1335 3849 1409">
    <p class='ocr_par' dir='ltr' id='par_1_73' title="bbox 2263 1335 3849 1409">
     <span class='ocr_line' id='line_1_73' title="bbox 2263 1335 3849 1409; baseline -0.001 -17"><span class='ocrx_word' id='word_1_553' title='bbox 2263 1339 2419 1409; x_wconf 81' lang='grc' dir='ltr'>γένος</span> <span class='ocrx_word' id='word_1_554' title='bbox 2471 1339 2684 1408; x_wconf 83' lang='grc' dir='ltr'>θανάτῳ</span> <span class='ocrx_word' id='word_1_555' title='bbox 2743 1335 3074 1409; x_wconf 81' lang='grc' dir='ltr'>θραύσεσθαι</span> <span class='ocrx_word' id='word_1_556' title='bbox 3131 1335 3393 1406; x_wconf 80' lang='grc' dir='ltr'>πέφυκεν.</span> <span class='ocrx_word' id='word_1_557' title='bbox 3445 1337 3584 1390; x_wconf 76' lang='grc' dir='ltr'>Ἀλλ’</span> <span class='ocrx_word' id='word_1_558' title='bbox 3634 1337 3695 1389; x_wconf 79' lang='grc' dir='ltr'>οὐ</span> <span class='ocrx_word' id='word_1_559' title='bbox 3746 1336 3849 1391; x_wconf 74' lang='grc' dir='ltr'>καὶ</span> 
     </span>
    </p>
   </div>
   <div class='ocr_carea' id='block_1_74' title="bbox 2264 1421 3850 1502">
    <p class='ocr_par' dir='ltr' id='par_1_74' title="bbox 2264 1421 3850 1502">
     <span class='ocr_line' id='line_1_74' title="bbox 2264 1421 3850 1502; baseline -0.003 -18"><span class='ocrx_word' id='word_1_560' title='bbox 2264 1431 2425 1484; x_wconf 81' lang='grc' dir='ltr'>αὑτὸν</span> <span class='ocrx_word' id='word_1_561' title='bbox 2472 1429 2763 1502; x_wconf 72' lang='grc' dir='ltr'>ἔθραυσενο</span> <span class='ocrx_word' id='word_1_562' title='bbox 2803 1428 2961 1500; x_wconf 83' lang='grc' dir='ltr'>μόνος</span> <span class='ocrx_word' id='word_1_563' title='bbox 2998 1427 3055 1480; x_wconf 78' lang='grc' dir='ltr'>δὲ</span> <span class='ocrx_word' id='word_1_564' title='bbox 3096 1426 3204 1480; x_wconf 86' lang='grc' dir='ltr'><strong>τῶν</strong></span> <span class='ocrx_word' id='word_1_565' title='bbox 3231 1427 3290 1494; x_wconf 80' lang='grc' dir='ltr'>ἐξ</span> <span class='ocrx_word' id='word_1_566' title='bbox 3341 1427 3536 1492; x_wconf 80' lang='grc' dir='ltr'>αἰῶνος</span> <span class='ocrx_word' id='word_1_567' title='bbox 3564 1421 3645 1490; x_wconf 74' lang='grc' dir='ltr'><strong>εἷς</strong></span> <span class='ocrx_word' id='word_1_568' title='bbox 3686 1421 3850 1491; x_wconf 77' lang='grc' dir='ltr'>οὗτος</span> 
     </span>
    </p>
   </div>
   <div class='ocr_carea' id='block_1_75' title="bbox 2265 1517 3847 1593">
    <p class='ocr_par' dir='ltr' id='par_1_75' title="bbox 2265 1517 3847 1593">
     <span class='ocr_line' id='line_1_75' title="bbox 2265 1517 3847 1593; baseline -0.005 -16"><span class='ocrx_word' id='word_1_569' title='bbox 2265 1522 2493 1577; x_wconf 88' lang='grc' dir='ltr'>θανάτου</span> <span class='ocrx_word' id='word_1_570' title='bbox 2515 1522 2776 1593; x_wconf 76' lang='grc' dir='ltr'>κρείττων</span> <span class='ocrx_word' id='word_1_571' title='bbox 2806 1519 3156 1590; x_wconf 76' lang='grc' dir='ltr'>ἀποφανθεὶς.</span> <span class='ocrx_word' id='word_1_572' title='bbox 3188 1519 3413 1583; x_wconf 84' lang='grc' dir='ltr'>εἰκότως</span> <span class='ocrx_word' id='word_1_573' title='bbox 3441 1520 3546 1573; x_wconf 70' lang='grc' dir='ltr'>ὑπὸ</span> <span class='ocrx_word' id='word_1_574' title='bbox 3567 1517 3666 1589; x_wconf 81' lang='grc' dir='ltr'>τῆς</span> <span class='ocrx_word' id='word_1_575' title='bbox 3703 1534 3847 1590; x_wconf 80' lang='grc' dir='ltr'>προ-</span> 
     </span>
    </p>
   </div>
   <div class='ocr_carea' id='block_1_76' title="bbox 2265 1611 3268 1686">
    <p class='ocr_par' dir='ltr' id='par_1_76' title="bbox 2265 1611 3268 1686">
     <span class='ocr_line' id='line_1_76' title="bbox 2265 1611 3268 1686; baseline -0.004 -19"><span class='ocrx_word' id='word_1_576' title='bbox 2265 1614 2491 1686; x_wconf 78' lang='grc' dir='ltr'>φητείας</span> <span class='ocrx_word' id='word_1_577' title='bbox 2531 1611 2950 1684; x_wconf 82' lang='grc' dir='ltr'>μεμαρτύρηται</span> <span class='ocrx_word' id='word_1_578' title='bbox 2981 1611 3232 1682; x_wconf 83' lang='grc' dir='ltr'>φησάοης</span> <span class='ocrx_word' id='word_1_579' title='bbox 3253 1627 3268 1641; x_wconf 77' lang='grc' dir='ltr'><strong>ο</strong></span> 
     </span>
    </p>
   </div>
   <div class='ocr_carea' id='block_1_77' title="bbox 2343 1786 3848 1860">
    <p class='ocr_par' dir='ltr' id='par_1_77' title="bbox 2343 1786 3848 1860">
     <span class='ocr_line' id='line_1_77' title="bbox 2343 1786 3848 1860; baseline -0.001 -19"><span class='ocrx_word' id='word_1_580' title='bbox 2343 1809 2362 1841; x_wconf 75' lang='grc' dir='ltr'>ι</span> <span class='ocrx_word' id='word_1_581' title='bbox 2419 1788 2744 1860; x_wconf 70' lang='grc' dir='ltr'>Ἀναλάμψει</span> <span class='ocrx_word' id='word_1_582' title='bbox 2767 1789 2858 1842; x_wconf 74' lang='grc' dir='ltr'>καὶ</span> <span class='ocrx_word' id='word_1_583' title='bbox 2893 1789 2954 1842; x_wconf 82' lang='grc' dir='ltr'>οὑ</span> <span class='ocrx_word' id='word_1_584' title='bbox 2979 1786 3396 1858; x_wconf 80' lang='grc' dir='ltr'>θραυσθήσεται,</span> <span class='ocrx_word' id='word_1_585' title='bbox 3417 1786 3524 1851; x_wconf 69' lang='grc' dir='ltr'>ἕως</span> <span class='ocrx_word' id='word_1_586' title='bbox 3550 1787 3616 1842; x_wconf 82' lang='grc' dir='ltr'>ἂν</span> <span class='ocrx_word' id='word_1_587' title='bbox 3655 1787 3718 1859; x_wconf 81' lang='grc' dir='ltr'><strong>θῇ</strong></span> <span class='ocrx_word' id='word_1_588' title='bbox 3749 1788 3848 1843; x_wconf 54' lang='grc' dir='ltr'><strong>ἰπὶ</strong></span> 
     </span>
    </p>
   </div>
   <div class='ocr_carea' id='block_1_78' title="bbox 2265 1879 3848 1954">
    <p class='ocr_par' dir='ltr' id='par_1_78' title="bbox 2265 1879 3848 1954">
     <span class='ocr_line' id='line_1_78' title="bbox 2265 1879 3848 1954; baseline -0.001 -19"><span class='ocrx_word' id='word_1_589' title='bbox 2265 1882 2364 1952; x_wconf 72' lang='grc' dir='ltr'>τῆς</span> <span class='ocrx_word' id='word_1_590' title='bbox 2401 1882 2506 1953; x_wconf 85' lang='grc' dir='ltr'>γῆς</span> <span class='ocrx_word' id='word_1_591' title='bbox 2545 1881 2747 1954; x_wconf 85' lang='grc' dir='ltr'>κρίσιν,</span> <span class='ocrx_word' id='word_1_592' title='bbox 2785 1883 2878 1935; x_wconf 73' lang='grc' dir='ltr'>καὶ</span> <span class='ocrx_word' id='word_1_593' title='bbox 2905 1881 2998 1934; x_wconf 71' lang='grc' dir='ltr'><strong>ἐπὶ</strong></span> <span class='ocrx_word' id='word_1_594' title='bbox 3020 1880 3099 1951; x_wconf 79' lang='grc' dir='ltr'>τῷ</span> <span class='ocrx_word' id='word_1_595' title='bbox 3131 1881 3354 1952; x_wconf 83' lang='grc' dir='ltr'>ὀνόματι</span> <span class='ocrx_word' id='word_1_596' title='bbox 3399 1879 3561 1933; x_wconf 79' lang='grc' dir='ltr'>αὐτοῦ</span> <span class='ocrx_word' id='word_1_597' title='bbox 3590 1880 3714 1951; x_wconf 77' lang='grc' dir='ltr'>ἔθνη</span> <span class='ocrx_word' id='word_1_598' title='bbox 3756 1881 3848 1934; x_wconf 70' lang='grc' dir='ltr'><strong>ἔλ-</strong></span> 
     </span>
    </p>
   </div>
   <div class='ocr_carea' id='block_1_79' title="bbox 2266 1972 3843 2044">
    <p class='ocr_par' dir='ltr' id='par_1_79' title="bbox 2266 1972 3843 2044">
     <span class='ocr_line' id='line_1_79' title="bbox 2266 1972 3843 2044; baseline -0.002 -18"><span class='ocrx_word' id='word_1_599' title='bbox 2266 1974 2467 2027; x_wconf 88' lang='grc' dir='ltr'>πιοῦσι.</span> <span class='ocrx_word' id='word_1_600' title='bbox 2500 1995 2519 2024; x_wconf 74' lang='grc' dir='ltr'>ι</span> <span class='ocrx_word' id='word_1_601' title='bbox 2549 1975 2640 2028; x_wconf 79' lang='grc' dir='ltr'><strong>Διὸ</strong></span> <span class='ocrx_word' id='word_1_602' title='bbox 2666 1975 2760 2028; x_wconf 75' lang='grc' dir='ltr'>καὶ</span> <span class='ocrx_word' id='word_1_603' title='bbox 2811 1972 2947 2044; x_wconf 86' lang='grc' dir='ltr'><strong>μετά</strong></span> <span class='ocrx_word' id='word_1_604' title='bbox 2997 1973 3096 2044; x_wconf 73' lang='grc' dir='ltr'>τὴν</span> <span class='ocrx_word' id='word_1_605' title='bbox 3147 1974 3209 2025; x_wconf 83' lang='grc' dir='ltr'>ὲκ</span> <span class='ocrx_word' id='word_1_606' title='bbox 3258 1972 3464 2044; x_wconf 81' lang='grc' dir='ltr'>νεκρῶν</span> <span class='ocrx_word' id='word_1_607' title='bbox 3527 1973 3843 2033; x_wconf 78' lang='grc' dir='ltr'>ἀνάστασιν,</span> 
     </span>
    </p>
   </div>
   <div class='ocr_carea' id='block_1_80' title="bbox 2267 2062 3847 2135">
    <p class='ocr_par' dir='ltr' id='par_1_80' title="bbox 2267 2062 3847 2135">
     <span class='ocr_line' id='line_1_80' title="bbox 2267 2062 3847 2135; baseline -0.001 -18"><span class='ocrx_word' id='word_1_608' title='bbox 2267 2065 2442 2134; x_wconf 79' lang='grc' dir='ltr'>φωτὸς</span> <span class='ocrx_word' id='word_1_609' title='bbox 2469 2065 2624 2135; x_wconf 86' lang='grc' dir='ltr'>δίκην</span> <span class='ocrx_word' id='word_1_610' title='bbox 2644 2066 2725 2125; x_wconf 83' lang='grc' dir='ltr'><strong>εἰς</strong></span> <span class='ocrx_word' id='word_1_611' title='bbox 2759 2064 2934 2117; x_wconf 77' lang='grc' dir='ltr'>πάντα</span> <span class='ocrx_word' id='word_1_612' title='bbox 2959 2062 3048 2117; x_wconf 81' lang='grc' dir='ltr'><strong>τὸν</strong></span> <span class='ocrx_word' id='word_1_613' title='bbox 3067 2063 3270 2133; x_wconf 87' lang='grc' dir='ltr'>κόσμον</span> <span class='ocrx_word' id='word_1_614' title='bbox 3297 2062 3599 2133; x_wconf 78' lang='grc' dir='ltr'>ἐκλάμψας,</span> <span class='ocrx_word' id='word_1_615' title='bbox 3626 2063 3687 2115; x_wconf 76' lang='grc' dir='ltr'>οὐ</span> <span class='ocrx_word' id='word_1_616' title='bbox 3705 2063 3847 2133; x_wconf 75' lang='grc' dir='ltr'>πρόο</span> 
     </span>
    </p>
   </div>
   <div class='ocr_carea' id='block_1_81' title="bbox 2264 2151 3847 2232">
    <p class='ocr_par' dir='ltr' id='par_1_81' title="bbox 2264 2151 3847 2232">
     <span class='ocr_line' id='line_1_81' title="bbox 2264 2151 3847 2232; baseline -0.002 -25"><span class='ocrx_word' id='word_1_617' title='bbox 2264 2171 2421 2226; x_wconf 82' lang='grc' dir='ltr'>τερον</span> <span class='ocrx_word' id='word_1_618' title='bbox 2486 2154 2780 2215; x_wconf 73' lang='grc' dir='ltr'>επαύσατο,</span> <span class='ocrx_word' id='word_1_619' title='bbox 2834 2152 2866 2223; x_wconf 78' lang='grc' dir='ltr'>ἢ</span> <span class='ocrx_word' id='word_1_620' title='bbox 2907 2151 3260 2216; x_wconf 78' lang='grc' dir='ltr'>διατάξασθαι</span> <span class='ocrx_word' id='word_1_621' title='bbox 3314 2151 3405 2204; x_wconf 74' lang='grc' dir='ltr'><strong>ἐπὶ</strong></span> <span class='ocrx_word' id='word_1_622' title='bbox 3439 2152 3537 2224; x_wconf 83' lang='grc' dir='ltr'>τῆς</span> <span class='ocrx_word' id='word_1_623' title='bbox 3579 2151 3681 2221; x_wconf 72' lang='grc' dir='ltr'>γῆς</span> <span class='ocrx_word' id='word_1_624' title='bbox 3742 2152 3847 2232; x_wconf 65' lang='grc' dir='ltr'>τῂν</span> 
     </span>
    </p>
   </div>
   <div class='ocr_carea' id='block_1_82' title="bbox 2266 2234 3846 2317">
    <p class='ocr_par' dir='ltr' id='par_1_82' title="bbox 2266 2234 3846 2317">
     <span class='ocr_line' id='line_1_82' title="bbox 2266 2234 3846 2317; baseline -0.001 -19"><span class='ocrx_word' id='word_1_625' title='bbox 2266 2248 2395 2317; x_wconf 78' lang='grc' dir='ltr'>περὶ</span> <span class='ocrx_word' id='word_1_626' title='bbox 2421 2245 2521 2314; x_wconf 84' lang='grc' dir='ltr'>τῆς</span> <span class='ocrx_word' id='word_1_627' title='bbox 2536 2243 2861 2314; x_wconf 83' lang='grc' dir='ltr'>Ἐκκλησίας</span> <span class='ocrx_word' id='word_1_628' title='bbox 2893 2243 3056 2296; x_wconf 78' lang='grc' dir='ltr'>αὑτοῦ</span> <span class='ocrx_word' id='word_1_629' title='bbox 3079 2242 3338 2313; x_wconf 85' lang='grc' dir='ltr'>διοίκησίν</span> <span class='ocrx_word' id='word_1_630' title='bbox 3358 2259 3415 2295; x_wconf 92' lang='grc' dir='ltr'><strong>τε</strong></span> <span class='ocrx_word' id='word_1_631' title='bbox 3437 2243 3529 2296; x_wconf 74' lang='grc' dir='ltr'><strong>καὶ</strong></span> <span class='ocrx_word' id='word_1_632' title='bbox 3556 2234 3846 2316; x_wconf 58' lang='grc' dir='ltr'>κρίσινξῆν</span> 
     </span>
    </p>
   </div>
   <div class='ocr_carea' id='block_1_83' title="bbox 2265 2334 3229 2406">
    <p class='ocr_par' dir='ltr' id='par_1_83' title="bbox 2265 2334 3229 2406">
     <span class='ocr_line' id='line_1_83' title="bbox 2265 2334 3229 2406; baseline -0.005 -15"><span class='ocrx_word' id='word_1_633' title='bbox 2265 2340 2376 2401; x_wconf 85' lang='grc' dir='ltr'>τοῖς</span> <span class='ocrx_word' id='word_1_634' title='bbox 2407 2335 2570 2390; x_wconf 81' lang='grc' dir='ltr'>αὑτοῦ</span> <span class='ocrx_word' id='word_1_635' title='bbox 2609 2335 2892 2406; x_wconf 78' lang='grc' dir='ltr'>παρέδωκε</span> <span class='ocrx_word' id='word_1_636' title='bbox 2941 2334 3229 2406; x_wconf 78' lang='grc' dir='ltr'>μαθηταῖς.</span> 
     </span>
    </p>
   </div>
   <div class='ocr_carea' id='block_1_84' title="bbox 2341 2424 3849 2498">
    <p class='ocr_par' dir='ltr' id='par_1_84' title="bbox 2341 2424 3849 2498">
     <span class='ocr_line' id='line_1_84' title="bbox 2341 2424 3849 2498; baseline 0.001 -20"><span class='ocrx_word' id='word_1_637' title='bbox 2341 2445 2360 2478; x_wconf 76' lang='grc' dir='ltr'>ι</span> <span class='ocrx_word' id='word_1_638' title='bbox 2398 2426 2556 2481; x_wconf 72' lang='grc' dir='ltr'>Οὕτω</span> <span class='ocrx_word' id='word_1_639' title='bbox 2604 2426 2750 2494; x_wconf 81' lang='grc' dir='ltr'>λέγει</span> <span class='ocrx_word' id='word_1_640' title='bbox 2779 2424 2979 2497; x_wconf 84' lang='grc' dir='ltr'>Κύριος</span> <span class='ocrx_word' id='word_1_641' title='bbox 3006 2427 3034 2478; x_wconf 93' lang='lat'><strong>6</strong></span> <span class='ocrx_word' id='word_1_642' title='bbox 3069 2426 3201 2489; x_wconf 83' lang='grc' dir='ltr'>Θεὸς</span> <span class='ocrx_word' id='word_1_643' title='bbox 3225 2428 3254 2479; x_wconf 98' lang='lat'><strong>6</strong></span> <span class='ocrx_word' id='word_1_644' title='bbox 3293 2427 3523 2497; x_wconf 75' lang='grc' dir='ltr'>ποιήσας</span> <span class='ocrx_word' id='word_1_645' title='bbox 3556 2426 3646 2479; x_wconf 83' lang='grc' dir='ltr'>τὸν</span> <span class='ocrx_word' id='word_1_646' title='bbox 3677 2427 3849 2498; x_wconf 64' lang='grc' dir='ltr'>οὖρα.-</span> 
     </span>
    </p>
   </div>
   <div class='ocr_carea' id='block_1_85' title="bbox 2265 2515 3848 2591">
    <p class='ocr_par' dir='ltr' id='par_1_85' title="bbox 2265 2515 3848 2591">
     <span class='ocr_line' id='line_1_85' title="bbox 2265 2515 3848 2591; baseline 0 -19"><span class='ocrx_word' id='word_1_647' title='bbox 2265 2518 2374 2583; x_wconf 78' lang='grc' dir='ltr'>νὸν,</span> <span class='ocrx_word' id='word_1_648' title='bbox 2410 2519 2504 2572; x_wconf 70' lang='grc' dir='ltr'>καὶ</span> <span class='ocrx_word' id='word_1_649' title='bbox 2535 2517 2711 2589; x_wconf 78' lang='grc' dir='ltr'>πήξας</span> <span class='ocrx_word' id='word_1_650' title='bbox 2752 2517 2934 2582; x_wconf 80' lang='grc' dir='ltr'>αὐτὸν,</span> <span class='ocrx_word' id='word_1_651' title='bbox 2965 2518 2993 2570; x_wconf 88' lang='lat'><strong>6</strong></span> <span class='ocrx_word' id='word_1_652' title='bbox 3022 2515 3328 2588; x_wconf 70' lang='grc' dir='ltr'>περειῦσας</span> <span class='ocrx_word' id='word_1_653' title='bbox 3359 2519 3456 2589; x_wconf 80' lang='grc' dir='ltr'>τὴν</span> <span class='ocrx_word' id='word_1_654' title='bbox 3492 2519 3615 2588; x_wconf 80' lang='grc' dir='ltr'>γῆν,</span> <span class='ocrx_word' id='word_1_655' title='bbox 3639 2519 3734 2572; x_wconf 73' lang='grc' dir='ltr'><strong>καὶ</strong></span> <span class='ocrx_word' id='word_1_656' title='bbox 3775 2518 3848 2591; x_wconf 65' lang='grc' dir='ltr'><strong>τά</strong></span> 
     </span>
    </p>
   </div>
   <div class='ocr_carea' id='block_1_86' title="bbox 2266 2609 3846 2683">
    <p class='ocr_par' dir='ltr' id='par_1_86' title="bbox 2266 2609 3846 2683">
     <span class='ocr_line' id='line_1_86' title="bbox 2266 2609 3846 2683; baseline 0 -19"><span class='ocrx_word' id='word_1_657' title='bbox 2266 2612 2324 2665; x_wconf 81' lang='grc' dir='ltr'>ὲν</span> <span class='ocrx_word' id='word_1_658' title='bbox 2357 2612 2516 2683; x_wconf 77' lang='grc' dir='ltr'>αὐτῇ,</span> <span class='ocrx_word' id='word_1_659' title='bbox 2550 2611 2644 2665; x_wconf 77' lang='grc' dir='ltr'>καὶ</span> <span class='ocrx_word' id='word_1_660' title='bbox 2668 2610 2844 2674; x_wconf 79' lang='grc' dir='ltr'>διδοὺς</span> <span class='ocrx_word' id='word_1_661' title='bbox 2871 2609 3036 2681; x_wconf 78' lang='grc' dir='ltr'>πνοὴν</span> <span class='ocrx_word' id='word_1_662' title='bbox 3062 2609 3139 2680; x_wconf 85' lang='grc' dir='ltr'>τῷ</span> <span class='ocrx_word' id='word_1_663' title='bbox 3169 2609 3285 2682; x_wconf 82' lang='grc' dir='ltr'><strong>λαῴ</strong></span> <span class='ocrx_word' id='word_1_664' title='bbox 3309 2610 3387 2681; x_wconf 82' lang='grc' dir='ltr'>τῷ</span> <span class='ocrx_word' id='word_1_665' title='bbox 3415 2612 3500 2663; x_wconf 71' lang='grc' dir='ltr'><strong>ἐπ’</strong></span> <span class='ocrx_word' id='word_1_666' title='bbox 3527 2612 3711 2682; x_wconf 80' lang='grc' dir='ltr'>αὐτῆς,</span> <span class='ocrx_word' id='word_1_667' title='bbox 3748 2615 3846 2666; x_wconf 80' lang='grc' dir='ltr'><strong>καὶ</strong></span> 
     </span>
    </p>
   </div>
   <div class='ocr_carea' id='block_1_87' title="bbox 2265 2701 3849 2775">
    <p class='ocr_par' dir='ltr' id='par_1_87' title="bbox 2265 2701 3849 2775">
     <span class='ocr_line' id='line_1_87' title="bbox 2265 2701 3849 2775; baseline 0 -18"><span class='ocrx_word' id='word_1_668' title='bbox 2265 2704 2328 2757; x_wconf 84' lang='grc' dir='ltr'>τὸ</span> <span class='ocrx_word' id='word_1_669' title='bbox 2358 2704 2576 2774; x_wconf 83' lang='grc' dir='ltr'>πνεῦμα</span> <span class='ocrx_word' id='word_1_670' title='bbox 2608 2707 2722 2766; x_wconf 85' lang='grc' dir='ltr'>τοῖς</span> <span class='ocrx_word' id='word_1_671' title='bbox 2753 2702 3017 2756; x_wconf 79' lang='grc' dir='ltr'>πατοῦσιν</span> <span class='ocrx_word' id='word_1_672' title='bbox 3059 2701 3250 2772; x_wconf 73' lang='grc' dir='ltr'>αὐτήν.</span> <span class='ocrx_word' id='word_1_673' title='bbox 3288 2721 3306 2754; x_wconf 83' lang='grc' dir='ltr'>ι</span> <span class='ocrx_word' id='word_1_674' title='bbox 3356 2702 3568 2775; x_wconf 76' lang='grc' dir='ltr'>Σφόδρα</span> <span class='ocrx_word' id='word_1_675' title='bbox 3619 2703 3849 2758; x_wconf 78' lang='grc' dir='ltr'>ἀκολού-</span> 
     </span>
    </p>
   </div>
   <div class='ocr_carea' id='block_1_88' title="bbox 2266 2791 3850 2866">
    <p class='ocr_par' dir='ltr' id='par_1_88' title="bbox 2266 2791 3850 2866">
     <span class='ocr_line' id='line_1_88' title="bbox 2266 2791 3850 2866; baseline 0.001 -18"><span class='ocrx_word' id='word_1_676' title='bbox 2266 2793 2374 2857; x_wconf 85' lang='grc' dir='ltr'><strong>θως</strong></span> <span class='ocrx_word' id='word_1_677' title='bbox 2393 2811 2407 2824; x_wconf 86' lang='grc'><strong>·</strong></span> <span class='ocrx_word' id='word_1_678' title='bbox 2440 2793 2544 2864; x_wconf 82' lang='grc' dir='ltr'><strong>χρὴ</strong></span> <span class='ocrx_word' id='word_1_679' title='bbox 2575 2793 2682 2866; x_wconf 79' lang='grc' dir='ltr'><strong>γάρ</strong></span> <span class='ocrx_word' id='word_1_680' title='bbox 2709 2794 2859 2864; x_wconf 76' lang='grc' dir='ltr'>ἡμᾶς</span> <span class='ocrx_word' id='word_1_681' title='bbox 2885 2792 3075 2864; x_wconf 82' lang='grc' dir='ltr'>μαθεῖν</span> <span class='ocrx_word' id='word_1_682' title='bbox 3101 2795 3163 2845; x_wconf 82' lang='grc' dir='ltr'>ὲκ</span> <span class='ocrx_word' id='word_1_683' title='bbox 3192 2791 3336 2856; x_wconf 85' lang='grc' dir='ltr'>τίνος</span> <span class='ocrx_word' id='word_1_684' title='bbox 3364 2792 3655 2864; x_wconf 77' lang='grc' dir='ltr'>προσώπου</span> <span class='ocrx_word' id='word_1_685' title='bbox 3686 2791 3754 2866; x_wconf 80' lang='grc' dir='ltr'>ἦν</span> <span class='ocrx_word' id='word_1_686' title='bbox 3776 2796 3850 2848; x_wconf 75' lang='grc' dir='ltr'><strong>τά</strong></span> 
     </span>
    </p>
   </div>
   <div class='ocr_carea' id='block_1_89' title="bbox 2265 2885 3846 2959">
    <p class='ocr_par' dir='ltr' id='par_1_89' title="bbox 2265 2885 3846 2959">
     <span class='ocr_line' id='line_1_89' title="bbox 2265 2885 3846 2959; baseline 0.002 -21"><span class='ocrx_word' id='word_1_687' title='bbox 2265 2887 2393 2958; x_wconf 71' lang='grc' dir='ltr'>περὶ</span> <span class='ocrx_word' id='word_1_688' title='bbox 2415 2885 2652 2957; x_wconf 84' lang='grc' dir='ltr'>Χριστοῦ</span> <span class='ocrx_word' id='word_1_689' title='bbox 2684 2885 3077 2958; x_wconf 78' lang='grc' dir='ltr'>προλεχθέντα.</span> <span class='ocrx_word' id='word_1_690' title='bbox 3117 2885 3332 2956; x_wconf 79' lang='grc' dir='ltr'>Ἐπειδὴ</span> <span class='ocrx_word' id='word_1_691' title='bbox 3377 2885 3486 2956; x_wconf 82' lang='grc' dir='ltr'><strong>γὰρ</strong></span> <span class='ocrx_word' id='word_1_692' title='bbox 3514 2886 3723 2959; x_wconf 66' lang='grc' dir='ltr'>ἁθρόως</span> <span class='ocrx_word' id='word_1_693' title='bbox 3744 2890 3846 2941; x_wconf 80' lang='grc' dir='ltr'><strong>ὲπ-</strong></span> 
     </span>
    </p>
   </div>
   <div class='ocr_carea' id='block_1_90' title="bbox 2264 2975 3847 3049">
    <p class='ocr_par' dir='ltr' id='par_1_90' title="bbox 2264 2975 3847 3049">
     <span class='ocr_line' id='line_1_90' title="bbox 2264 2975 3847 3049; baseline -0.001 -18"><span class='ocrx_word' id='word_1_694' title='bbox 2264 2977 2454 3032; x_wconf 73' lang='grc' dir='ltr'>έϐαλεν</span> <span class='ocrx_word' id='word_1_695' title='bbox 2482 2979 2511 3031; x_wconf 89' lang='lat'><strong>6</strong></span> <span class='ocrx_word' id='word_1_696' title='bbox 2538 2977 2872 3049; x_wconf 68' lang='grc' dir='ltr'>προφητικὸς</span> <span class='ocrx_word' id='word_1_697' title='bbox 2896 2976 3050 3046; x_wconf 81' lang='grc' dir='ltr'>λόγος</span> <span class='ocrx_word' id='word_1_698' title='bbox 3073 2979 3130 3029; x_wconf 79' lang='grc' dir='ltr'>ἐν</span> <span class='ocrx_word' id='word_1_699' title='bbox 3160 2978 3301 3047; x_wconf 80' lang='grc' dir='ltr'>ἀρχῇ</span> <span class='ocrx_word' id='word_1_700' title='bbox 3344 2975 3511 3030; x_wconf 73' lang='grc' dir='ltr'>είταῖον</span> <span class='ocrx_word' id='word_1_701' title='bbox 3533 3017 3547 3041; x_wconf 88' lang='grc'><strong>,</strong></span> <span class='ocrx_word' id='word_1_702' title='bbox 3588 2994 3608 3029; x_wconf 83' lang='grc' dir='ltr'>ι</span> <span class='ocrx_word' id='word_1_703' title='bbox 3651 2977 3847 3031; x_wconf 76' lang='grc' dir='ltr'>Ἰακὼϐ</span> 
     </span>
    </p>
   </div>
   <div class='ocr_carea' id='block_1_91' title="bbox 2197 3067 3849 3140">
    <p class='ocr_par' dir='ltr' id='par_1_91' title="bbox 2197 3067 3849 3140">
     <span class='ocr_line' id='line_1_91' title="bbox 2197 3067 3849 3140; baseline -0.002 -16"><span class='ocrx_word' id='word_1_704' title='bbox 2197 3078 2239 3135; x_wconf 85' lang='lat' dir='ltr'><strong><em>C</em></strong></span> <span class='ocrx_word' id='word_1_705' title='bbox 2269 3072 2299 3124; x_wconf 85' lang='lat'><strong>6</strong></span> <span class='ocrx_word' id='word_1_706' title='bbox 2329 3073 2456 3133; x_wconf 85' lang='grc' dir='ltr'>παῖς</span> <span class='ocrx_word' id='word_1_707' title='bbox 2491 3086 2614 3140; x_wconf 86' lang='grc' dir='ltr'>μου,</span> <span class='ocrx_word' id='word_1_708' title='bbox 2645 3067 3006 3140; x_wconf 68' lang='grc' dir='ltr'>ἀντιλήψομτι</span> <span class='ocrx_word' id='word_1_709' title='bbox 3039 3067 3204 3121; x_wconf 78' lang='grc' dir='ltr'>αὐτοῦ</span> <span class='ocrx_word' id='word_1_710' title='bbox 3231 3084 3244 3098; x_wconf 79' lang='grc'><em>’</em></span> <span class='ocrx_word' id='word_1_711' title='bbox 3285 3067 3500 3140; x_wconf 77' lang='grc' dir='ltr'>Ἰσραὴλ</span> <span class='ocrx_word' id='word_1_712' title='bbox 3530 3070 3559 3123; x_wconf 76' lang='lat'><strong>6</strong></span> <span class='ocrx_word' id='word_1_713' title='bbox 3586 3069 3849 3132; x_wconf 71' lang='grc' dir='ltr'>ἐκλεκτός</span> 
     </span>
    </p>
   </div>
   <div class='ocr_carea' id='block_1_92' title="bbox 2273 3159 3851 3234">
    <p class='ocr_par' dir='ltr' id='par_1_92' title="bbox 2273 3159 3851 3234">
     <span class='ocr_line' id='line_1_92' title="bbox 2273 3159 3851 3234; baseline -0.001 -18"><span class='ocrx_word' id='word_1_714' title='bbox 2273 3179 2395 3234; x_wconf 83' lang='grc' dir='ltr'>μου.</span> <span class='ocrx_word' id='word_1_715' title='bbox 2464 3160 2816 3232; x_wconf 80' lang='grc' dir='ltr'>προσεδέξατο</span> <span class='ocrx_word' id='word_1_716' title='bbox 2861 3159 3024 3214; x_wconf 79' lang='grc' dir='ltr'>αὐτὸν</span> <span class='ocrx_word' id='word_1_717' title='bbox 3077 3162 3111 3230; x_wconf 64' lang='grc' dir='ltr'><strong>ἡ</strong></span> <span class='ocrx_word' id='word_1_718' title='bbox 3161 3159 3307 3231; x_wconf 72' lang='grc' dir='ltr'>ψυχή</span> <span class='ocrx_word' id='word_1_719' title='bbox 3362 3176 3463 3231; x_wconf 85' lang='grc' dir='ltr'><strong>μου</strong></span> <span class='ocrx_word' id='word_1_720' title='bbox 3490 3177 3504 3191; x_wconf 78' lang='grc' dir='ltr'><strong>ο</strong></span> <span class='ocrx_word' id='word_1_721' title='bbox 3562 3160 3738 3214; x_wconf 74' lang='grc' dir='ltr'>ἔδωκα</span> <span class='ocrx_word' id='word_1_722' title='bbox 3787 3162 3851 3214; x_wconf 79' lang='grc' dir='ltr'>τὸ</span> 
     </span>
    </p>
   </div>
   <div class='ocr_carea' id='block_1_93' title="bbox 2269 3246 3850 3324">
    <p class='ocr_par' dir='ltr' id='par_1_93' title="bbox 2269 3246 3850 3324">
     <span class='ocr_line' id='line_1_93' title="bbox 2269 3246 3850 3324; baseline -0.001 -18"><span class='ocrx_word' id='word_1_723' title='bbox 2269 3251 2487 3324; x_wconf 80' lang='grc' dir='ltr'>πνεῦμά</span> <span class='ocrx_word' id='word_1_724' title='bbox 2517 3269 2618 3323; x_wconf 88' lang='grc' dir='ltr'><strong>μου</strong></span> <span class='ocrx_word' id='word_1_725' title='bbox 2641 3253 2727 3305; x_wconf 70' lang='grc' dir='ltr'><strong>ἐπ’</strong></span> <span class='ocrx_word' id='word_1_726' title='bbox 2760 3251 2922 3306; x_wconf 77' lang='grc' dir='ltr'>αὐτόν</span> <span class='ocrx_word' id='word_1_727' title='bbox 2941 3269 2956 3282; x_wconf 86' lang='grc'><strong>·</strong></span> <span class='ocrx_word' id='word_1_728' title='bbox 2994 3269 3010 3299; x_wconf 88' lang='grc' dir='ltr'>ι</span> <span class='ocrx_word' id='word_1_729' title='bbox 3033 3250 3115 3314; x_wconf 83' lang='grc' dir='ltr'><strong>τίς</strong></span> <span class='ocrx_word' id='word_1_730' title='bbox 3144 3250 3199 3304; x_wconf 79' lang='grc' dir='ltr'>δὲ</span> <span class='ocrx_word' id='word_1_731' title='bbox 3229 3246 3296 3321; x_wconf 82' lang='grc' dir='ltr'>ἦν</span> <span class='ocrx_word' id='word_1_732' title='bbox 3321 3251 3350 3303; x_wconf 92' lang='lat'><strong>6</strong></span> <span class='ocrx_word' id='word_1_733' title='bbox 3396 3249 3570 3305; x_wconf 87' lang='grc' dir='ltr'>ταῦτα</span> <span class='ocrx_word' id='word_1_734' title='bbox 3612 3249 3850 3322; x_wconf 74' lang='grc' dir='ltr'>εἰρηκὼς</span> 
     </span>
    </p>
   </div>
   <div class='ocr_carea' id='block_1_94' title="bbox 2269 3341 3850 3418">
    <p class='ocr_par' dir='ltr' id='par_1_94' title="bbox 2269 3341 3850 3418">
     <span class='ocr_line' id='line_1_94' title="bbox 2269 3341 3850 3418; baseline -0.002 -17"><span class='ocrx_word' id='word_1_735' title='bbox 2269 3347 2331 3401; x_wconf 80' lang='grc' dir='ltr'>οὐ</span> <span class='ocrx_word' id='word_1_736' title='bbox 2365 3345 2730 3418; x_wconf 81' lang='grc' dir='ltr'>προεδὶδαξεν,</span> <span class='ocrx_word' id='word_1_737' title='bbox 2765 3343 3076 3412; x_wconf 71' lang='grc' dir='ltr'>ἀναγκαίως</span> <span class='ocrx_word' id='word_1_738' title='bbox 3103 3343 3196 3396; x_wconf 74' lang='grc' dir='ltr'><strong>ἐπὶ</strong></span> <span class='ocrx_word' id='word_1_739' title='bbox 3232 3341 3326 3397; x_wconf 85' lang='grc' dir='ltr'><strong>τοῦ</strong></span> <span class='ocrx_word' id='word_1_740' title='bbox 3361 3342 3626 3414; x_wconf 81' lang='grc' dir='ltr'>παρόντος</span> <span class='ocrx_word' id='word_1_741' title='bbox 3655 3344 3850 3399; x_wconf 78' lang='grc' dir='ltr'>διασα-</span> 
     </span>
    </p>
   </div>
   <div class='ocr_carea' id='block_1_95' title="bbox 2271 3433 3852 3507">
    <p class='ocr_par' dir='ltr' id='par_1_95' title="bbox 2271 3433 3852 3507">
     <span class='ocr_line' id='line_1_95' title="bbox 2271 3433 3852 3507; baseline 0 -17"><span class='ocrx_word' id='word_1_742' title='bbox 2271 3440 2362 3506; x_wconf 72' lang='grc' dir='ltr'>φεῖ</span> <span class='ocrx_word' id='word_1_743' title='bbox 2383 3437 2473 3490; x_wconf 82' lang='grc' dir='ltr'>τὸν</span> <span class='ocrx_word' id='word_1_744' title='bbox 2500 3435 2673 3489; x_wconf 85' lang='grc' dir='ltr'>ταῦτα</span> <span class='ocrx_word' id='word_1_745' title='bbox 2701 3434 3063 3488; x_wconf 81' lang='grc' dir='ltr'>τεθεσπικότα</span> <span class='ocrx_word' id='word_1_746' title='bbox 3082 3450 3095 3464; x_wconf 76' lang='grc' dir='ltr'><strong>ο</strong></span> <span class='ocrx_word' id='word_1_747' title='bbox 3128 3433 3208 3486; x_wconf 83' lang='grc' dir='ltr'>διὸ</span> <span class='ocrx_word' id='word_1_748' title='bbox 3263 3434 3513 3507; x_wconf 71' lang='grc' dir='ltr'>ἐπιφέρει</span> <span class='ocrx_word' id='word_1_749' title='bbox 3541 3434 3601 3487; x_wconf 80' lang='grc' dir='ltr'>τὸ</span> <span class='ocrx_word' id='word_1_750' title='bbox 3622 3473 3639 3496; x_wconf 87' lang='grc'><strong>,</strong></span> <span class='ocrx_word' id='word_1_751' title='bbox 3689 3453 3709 3487; x_wconf 74' lang='grc' dir='ltr'>ι</span> <span class='ocrx_word' id='word_1_752' title='bbox 3741 3433 3852 3490; x_wconf 77' lang='grc' dir='ltr'><strong>Οὖ-</strong></span> 
     </span>
    </p>
   </div>
   <div class='ocr_carea' id='block_1_96' title="bbox 2271 3519 3850 3600">
    <p class='ocr_par' dir='ltr' id='par_1_96' title="bbox 2271 3519 3850 3600">
     <span class='ocr_line' id='line_1_96' title="bbox 2271 3519 3850 3600; baseline -0.005 -18"><span class='ocrx_word' id='word_1_753' title='bbox 2271 3545 2379 3592; x_wconf 84' lang='grc' dir='ltr'><strong>τως</strong></span> <span class='ocrx_word' id='word_1_754' title='bbox 2409 3523 2530 3582; x_wconf 80' lang='grc' dir='ltr'>εἷπε</span> <span class='ocrx_word' id='word_1_755' title='bbox 2559 3527 2762 3600; x_wconf 81' lang='grc' dir='ltr'>Κύριος</span> <span class='ocrx_word' id='word_1_756' title='bbox 2795 3528 2824 3580; x_wconf 92' lang='lat'><strong>6</strong></span> <span class='ocrx_word' id='word_1_757' title='bbox 2847 3525 2980 3588; x_wconf 80' lang='grc' dir='ltr'>Θεός</span> <span class='ocrx_word' id='word_1_758' title='bbox 2999 3542 3013 3556; x_wconf 78' lang='grc' dir='ltr'><strong>ο</strong></span> <span class='ocrx_word' id='word_1_759' title='bbox 3061 3544 3079 3577; x_wconf 89' lang='grc' dir='ltr'>ι</span> <span class='ocrx_word' id='word_1_760' title='bbox 3133 3523 3295 3587; x_wconf 74' lang='grc' dir='ltr'>αὐτὸς</span> <span class='ocrx_word' id='word_1_761' title='bbox 3323 3525 3432 3594; x_wconf 75' lang='grc' dir='ltr'><strong>γὰρ</strong></span> <span class='ocrx_word' id='word_1_762' title='bbox 3453 3519 3520 3594; x_wconf 78' lang='grc' dir='ltr'>ἦν</span> <span class='ocrx_word' id='word_1_763' title='bbox 3557 3525 3586 3577; x_wconf 94' lang='lat'><strong>6</strong></span> <span class='ocrx_word' id='word_1_764' title='bbox 3605 3522 3675 3576; x_wconf 80' lang='grc' dir='ltr'><strong>τὰ</strong></span> <span class='ocrx_word' id='word_1_765' title='bbox 3699 3523 3850 3594; x_wconf 84' lang='grc' dir='ltr'>πρῶ-</span> 
     </span>
    </p>
   </div>
   <div class='ocr_carea' id='block_1_97' title="bbox 2271 3611 3849 3688">
    <p class='ocr_par' dir='ltr' id='par_1_97' title="bbox 2271 3611 3849 3688">
     <span class='ocr_line' id='line_1_97' title="bbox 2271 3611 3849 3688; baseline -0.004 -17"><span class='ocrx_word' id='word_1_766' title='bbox 2271 3635 2338 3671; x_wconf 77' lang='grc' dir='ltr'><strong>τα</strong></span> <span class='ocrx_word' id='word_1_767' title='bbox 2367 3615 2623 3688; x_wconf 77' lang='grc' dir='ltr'>εἰρηκὼς,</span> <span class='ocrx_word' id='word_1_768' title='bbox 2657 3617 2751 3670; x_wconf 76' lang='grc' dir='ltr'>καὶ</span> <span class='ocrx_word' id='word_1_769' title='bbox 2804 3615 2872 3668; x_wconf 79' lang='grc' dir='ltr'>τὰ</span> <span class='ocrx_word' id='word_1_770' title='bbox 2905 3613 3031 3684; x_wconf 77' lang='grc' dir='ltr'><strong>ἑξῆς</strong></span> <span class='ocrx_word' id='word_1_771' title='bbox 3060 3613 3460 3681; x_wconf 70' lang='grc' dir='ltr'>ἐπιλεγόμενος.</span> <span class='ocrx_word' id='word_1_772' title='bbox 3497 3613 3560 3666; x_wconf 78' lang='grc' dir='ltr'><strong>Εἰ</strong></span> <span class='ocrx_word' id='word_1_773' title='bbox 3600 3611 3708 3683; x_wconf 80' lang='grc' dir='ltr'>γὰρ</span> <span class='ocrx_word' id='word_1_774' title='bbox 3753 3615 3849 3666; x_wconf 73' lang='grc' dir='ltr'>καὶ</span> 
     </span>
    </p>
   </div>
   <div class='ocr_carea' id='block_1_98' title="bbox 2276 3699 3848 3779">
    <p class='ocr_par' dir='ltr' id='par_1_98' title="bbox 2276 3699 3848 3779">
     <span class='ocr_line' id='line_1_98' title="bbox 2276 3699 3848 3779; baseline -0.005 -17"><span class='ocrx_word' id='word_1_775' title='bbox 2276 3707 2511 3779; x_wconf 84' lang='grc' dir='ltr'>μάλιστα</span> <span class='ocrx_word' id='word_1_776' title='bbox 2530 3706 2604 3778; x_wconf 79' lang='grc' dir='ltr'>μὴ</span> <span class='ocrx_word' id='word_1_777' title='bbox 2631 3699 2731 3760; x_wconf 78' lang='grc' dir='ltr'>οἷοί</span> <span class='ocrx_word' id='word_1_778' title='bbox 2758 3705 2818 3758; x_wconf 79' lang='grc' dir='ltr'>τέ</span> <span class='ocrx_word' id='word_1_779' title='bbox 2852 3707 2997 3767; x_wconf 85' lang='grc' dir='ltr'>ὲστε,</span> <span class='ocrx_word' id='word_1_780' title='bbox 3035 3704 3220 3774; x_wconf 65' lang='grc' dir='ltr'>φησιν,</span> <span class='ocrx_word' id='word_1_781' title='bbox 3254 3704 3408 3773; x_wconf 79' lang='grc' dir='ltr'>ὑμεῖς</span> <span class='ocrx_word' id='word_1_782' title='bbox 3459 3704 3508 3756; x_wconf 81' lang='lat' dir='ltr'><strong>oi</strong></span> <span class='ocrx_word' id='word_1_783' title='bbox 3550 3702 3848 3773; x_wconf 76' lang='grc' dir='ltr'>ἄνθρωποι,</span> 
     </span>
    </p>
   </div>
   <div class='ocr_carea' id='block_1_99' title="bbox 2272 3792 3833 3874">
    <p class='ocr_par' dir='ltr' id='par_1_99' title="bbox 2272 3792 3833 3874">
     <span class='ocr_line' id='line_1_99' title="bbox 2272 3792 3833 3874; baseline -0.006 -19"><span class='ocrx_word' id='word_1_784' title='bbox 2272 3802 2372 3874; x_wconf 77' lang='grc' dir='ltr'>τὴν</span> <span class='ocrx_word' id='word_1_785' title='bbox 2404 3798 2584 3869; x_wconf 79' lang='grc' dir='ltr'>ἀφανῆ</span> <span class='ocrx_word' id='word_1_786' title='bbox 2616 3798 2710 3852; x_wconf 75' lang='grc' dir='ltr'>καὶ</span> <span class='ocrx_word' id='word_1_787' title='bbox 2739 3796 3027 3868; x_wconf 82' lang='grc' dir='ltr'>ἀσώματον</span> <span class='ocrx_word' id='word_1_788' title='bbox 3064 3794 3250 3848; x_wconf 73' lang='grc' dir='ltr'>οὐσίαν</span> <span class='ocrx_word' id='word_1_789' title='bbox 3284 3793 3614 3847; x_wconf 74' lang='grc' dir='ltr'>ἐποπτεῦσαι</span> <span class='ocrx_word' id='word_1_790' title='bbox 3658 3792 3833 3847; x_wconf 77' lang='grc' dir='ltr'>Θεοῦν</span> 
     </span>
    </p>
   </div>
   <div class='ocr_carea' id='block_1_100' title="bbox 2273 3885 3850 3960">
    <p class='ocr_par' dir='ltr' id='par_1_100' title="bbox 2273 3885 3850 3960">
     <span class='ocr_line' id='line_1_100' title="bbox 2273 3885 3850 3960; baseline -0.006 -14"><span class='ocrx_word' id='word_1_791' title='bbox 2273 3892 2387 3946; x_wconf 84' lang='grc' dir='ltr'>ἀλλ’</span> <span class='ocrx_word' id='word_1_792' title='bbox 2417 3889 2811 3960; x_wconf 76' lang='grc' dir='ltr'>ἀναϐλέψαντες</span> <span class='ocrx_word' id='word_1_793' title='bbox 2856 3890 2933 3951; x_wconf 83' lang='grc' dir='ltr'>εἰς</span> <span class='ocrx_word' id='word_1_794' title='bbox 2981 3887 3042 3940; x_wconf 80' lang='grc' dir='ltr'>τὸ</span> <span class='ocrx_word' id='word_1_795' title='bbox 3071 3885 3297 3957; x_wconf 85' lang='grc' dir='ltr'>μέγεθος</span> <span class='ocrx_word' id='word_1_796' title='bbox 3332 3885 3426 3939; x_wconf 88' lang='grc' dir='ltr'><strong>τοῦ</strong></span> <span class='ocrx_word' id='word_1_797' title='bbox 3453 3887 3705 3938; x_wconf 71' lang='grc' dir='ltr'>τοσούτου</span> <span class='ocrx_word' id='word_1_798' title='bbox 3755 3900 3850 3938; x_wconf 62' lang='grc' dir='ltr'>ου’</span> 
     </span>
    </p>
   </div>
   <div class='ocr_carea' id='block_1_101' title="bbox 2279 3975 3850 4054">
    <p class='ocr_par' dir='ltr' id='par_1_101' title="bbox 2279 3975 3850 4054">
     <span class='ocr_line' id='line_1_101' title="bbox 2279 3975 3850 4054; baseline -0.006 -18"><span class='ocrx_word' id='word_1_799' title='bbox 2279 3979 2459 4054; x_wconf 81' lang='grc' dir='ltr'>ρανοῦ,</span> <span class='ocrx_word' id='word_1_800' title='bbox 2507 3979 2796 4050; x_wconf 81' lang='grc' dir='ltr'>λογίσασθε</span> <span class='ocrx_word' id='word_1_801' title='bbox 2849 3978 3030 4041; x_wconf 86' lang='grc' dir='ltr'>ὁποῖός</span> <span class='ocrx_word' id='word_1_802' title='bbox 3081 3994 3164 4041; x_wconf 89' lang='grc' dir='ltr'><strong>τις</strong></span> <span class='ocrx_word' id='word_1_803' title='bbox 3210 3975 3468 4046; x_wconf 79' lang='grc' dir='ltr'>τυγχάνει</span> <span class='ocrx_word' id='word_1_804' title='bbox 3519 3975 3548 4026; x_wconf 84' lang='lat'><strong>6</strong></span> <span class='ocrx_word' id='word_1_805' title='bbox 3597 3975 3850 4028; x_wconf 70' lang='grc' dir='ltr'>τυσοῦτον</span> 
     </span>
    </p>
   </div>
   <div class='ocr_carea' id='block_1_102' title="bbox 2279 4063 3848 4142">
    <p class='ocr_par' dir='ltr' id='par_1_102' title="bbox 2279 4063 3848 4142">
     <span class='ocr_line' id='line_1_102' title="bbox 2279 4063 3848 4142; baseline -0.006 -19"><span class='ocrx_word' id='word_1_806' title='bbox 2279 4069 2504 4142; x_wconf 78' lang='grc' dir='ltr'>μέγεθος</span> <span class='ocrx_word' id='word_1_807' title='bbox 2556 4067 2988 4138; x_wconf 83' lang='grc' dir='ltr'>διαπηξάμενος·</span> <span class='ocrx_word' id='word_1_808' title='bbox 3035 4064 3170 4118; x_wconf 73' lang='grc' dir='ltr'>ἀλλὰ</span> <span class='ocrx_word' id='word_1_809' title='bbox 3226 4065 3319 4118; x_wconf 76' lang='grc' dir='ltr'>καὶ</span> <span class='ocrx_word' id='word_1_810' title='bbox 3352 4063 3445 4116; x_wconf 76' lang='grc' dir='ltr'><strong>ἐπὶ</strong></span> <span class='ocrx_word' id='word_1_811' title='bbox 3477 4063 3575 4134; x_wconf 75' lang='grc' dir='ltr'>τὴν</span> <span class='ocrx_word' id='word_1_812' title='bbox 3613 4063 3715 4133; x_wconf 77' lang='grc' dir='ltr'>γῆν</span> <span class='ocrx_word' id='word_1_813' title='bbox 3743 4063 3848 4115; x_wconf 77' lang='grc' dir='ltr'><strong>αὑ-</strong></span> 
     </span>
    </p>
   </div>
   <div class='ocr_carea' id='block_1_103' title="bbox 2275 4154 3847 4232">
    <p class='ocr_par' dir='ltr' id='par_1_103' title="bbox 2275 4154 3847 4232">
     <span class='ocr_line' id='line_1_103' title="bbox 2275 4154 3847 4232; baseline -0.004 -18"><span class='ocrx_word' id='word_1_814' title='bbox 2275 4161 2373 4232; x_wconf 80' lang='grc' dir='ltr'>τὴν</span> <span class='ocrx_word' id='word_1_815' title='bbox 2431 4159 2856 4229; x_wconf 60' lang='grc' dir='ltr'>ἀποϐλέψαντες,</span> <span class='ocrx_word' id='word_1_816' title='bbox 2894 4159 3067 4226; x_wconf 83' lang='grc' dir='ltr'>ὁπόση</span> <span class='ocrx_word' id='word_1_817' title='bbox 3099 4157 3182 4220; x_wconf 84' lang='grc' dir='ltr'><strong>τίς</strong></span> <span class='ocrx_word' id='word_1_818' title='bbox 3204 4159 3340 4217; x_wconf 81' lang='grc' dir='ltr'>ἐστι,</span> <span class='ocrx_word' id='word_1_819' title='bbox 3370 4154 3464 4207; x_wconf 73' lang='grc' dir='ltr'>καὶ</span> <span class='ocrx_word' id='word_1_820' title='bbox 3490 4155 3563 4216; x_wconf 80' lang='grc' dir='ltr'>ὼς</span> <span class='ocrx_word' id='word_1_821' title='bbox 3593 4156 3847 4219; x_wconf 73' lang='grc' dir='ltr'>ἀκίνητος</span> 
     </span>
    </p>
   </div>
   <div class='ocr_carea' id='block_1_104' title="bbox 2273 4248 3846 4323">
    <p class='ocr_par' dir='ltr' id='par_1_104' title="bbox 2273 4248 3846 4323">
     <span class='ocr_line' id='line_1_104' title="bbox 2273 4248 3846 4323; baseline -0.005 -16"><span class='ocrx_word' id='word_1_822' title='bbox 2273 4253 2364 4307; x_wconf 76' lang='grc' dir='ltr'>τὸν</span> <span class='ocrx_word' id='word_1_823' title='bbox 2399 4252 2689 4323; x_wconf 80' lang='grc' dir='ltr'>σύμπαντα</span> <span class='ocrx_word' id='word_1_824' title='bbox 2721 4251 2894 4304; x_wconf 82' lang='grc' dir='ltr'>αἰῶνα</span> <span class='ocrx_word' id='word_1_825' title='bbox 2931 4250 3195 4321; x_wconf 74' lang='grc' dir='ltr'>ἥδρασται</span> <span class='ocrx_word' id='word_1_826' title='bbox 3225 4248 3587 4320; x_wconf 75' lang='grc' dir='ltr'>ἐρριζωμένη,</span> <span class='ocrx_word' id='word_1_827' title='bbox 3627 4248 3721 4300; x_wconf 79' lang='grc' dir='ltr'>καὶ</span> <span class='ocrx_word' id='word_1_828' title='bbox 3756 4265 3846 4300; x_wconf 87' lang='grc' dir='ltr'>τε-</span> 
     </span>
    </p>
   </div>
   <div class='ocr_carea' id='block_1_105' title="bbox 2276 4339 3848 4413">
    <p class='ocr_par' dir='ltr' id='par_1_105' title="bbox 2276 4339 3848 4413">
     <span class='ocr_line' id='line_1_105' title="bbox 2276 4339 3848 4413; baseline -0.001 -19"><span class='ocrx_word' id='word_1_829' title='bbox 2276 4340 2669 4413; x_wconf 84' lang='grc' dir='ltr'>Θεμελιωμένη,</span> <span class='ocrx_word' id='word_1_830' title='bbox 2695 4341 2771 4404; x_wconf 82' lang='grc' dir='ltr'>ὡς</span> <span class='ocrx_word' id='word_1_831' title='bbox 2803 4341 3022 4412; x_wconf 80' lang='grc' dir='ltr'>μηδαμῆ</span> <span class='ocrx_word' id='word_1_832' title='bbox 3054 4339 3318 4410; x_wconf 81' lang='grc' dir='ltr'>μηδαμῶς</span> <span class='ocrx_word' id='word_1_833' title='bbox 3347 4339 3634 4392; x_wconf 83' lang='grc' dir='ltr'>κινεῖσθαι·</span> <span class='ocrx_word' id='word_1_834' title='bbox 3665 4340 3848 4410; x_wconf 72' lang='grc' dir='ltr'>ἐννοή-</span> 
     </span>
    </p>
   </div>
   <div class='ocr_carea' id='block_1_106' title="bbox 2203 4429 3848 4505">
    <p class='ocr_par' dir='ltr' id='par_1_106' title="bbox 2203 4429 3848 4505">
     <span class='ocr_line' id='line_1_106' title="bbox 2203 4429 3848 4505; baseline -0.004 -17"><span class='ocrx_word' id='word_1_835' title='bbox 2203 4443 2243 4496; x_wconf 79' lang='grc' dir='ltr'><strong>ι)</strong></span> <span class='ocrx_word' id='word_1_836' title='bbox 2275 4451 2400 4488; x_wconf 87' lang='grc' dir='ltr'>σατε</span> <span class='ocrx_word' id='word_1_837' title='bbox 2457 4436 2587 4505; x_wconf 71' lang='grc' dir='ltr'>ὅσης</span> <span class='ocrx_word' id='word_1_838' title='bbox 2629 4434 2867 4505; x_wconf 72' lang='grc' dir='ltr'>ἀρρήτου</span> <span class='ocrx_word' id='word_1_839' title='bbox 2905 4433 3137 4504; x_wconf 77' lang='grc' dir='ltr'>ὑπάρχει</span> <span class='ocrx_word' id='word_1_840' title='bbox 3178 4430 3456 4500; x_wconf 83' lang='grc' dir='ltr'>δυνάμεως</span> <span class='ocrx_word' id='word_1_841' title='bbox 3481 4431 3509 4482; x_wconf 91' lang='lat'><strong>6</strong></span> <span class='ocrx_word' id='word_1_842' title='bbox 3543 4429 3848 4502; x_wconf 68' lang='grc' dir='ltr'>περεὼσας</span> 
     </span>
    </p>
   </div>
   <div class='ocr_carea' id='block_1_107' title="bbox 2275 4521 3845 4596">
    <p class='ocr_par' dir='ltr' id='par_1_107' title="bbox 2275 4521 3845 4596">
     <span class='ocr_line' id='line_1_107' title="bbox 2275 4521 3845 4596; baseline -0.004 -18"><span class='ocrx_word' id='word_1_843' title='bbox 2275 4525 2462 4596; x_wconf 74' lang='grc' dir='ltr'>αὐτὴν,</span> <span class='ocrx_word' id='word_1_844' title='bbox 2487 4525 2708 4594; x_wconf 81' lang='grc' dir='ltr'>γόνιμόν</span> <span class='ocrx_word' id='word_1_845' title='bbox 2735 4541 2795 4576; x_wconf 91' lang='grc' dir='ltr'><strong>τε</strong></span> <span class='ocrx_word' id='word_1_846' title='bbox 2826 4523 2919 4576; x_wconf 74' lang='grc' dir='ltr'>καὶ</span> <span class='ocrx_word' id='word_1_847' title='bbox 2942 4521 3168 4594; x_wconf 81' lang='grc' dir='ltr'>καρπῶν</span> <span class='ocrx_word' id='word_1_848' title='bbox 3193 4521 3436 4591; x_wconf 76' lang='grc' dir='ltr'>οἱστικὴν</span> <span class='ocrx_word' id='word_1_849' title='bbox 3475 4521 3641 4590; x_wconf 76' lang='grc' dir='ltr'>αὐτὴν</span> <span class='ocrx_word' id='word_1_850' title='bbox 3677 4522 3845 4589; x_wconf 86' lang='grc' dir='ltr'>ἁπερ-</span> 
     </span>
    </p>
   </div>
   <div class='ocr_carea' id='block_1_108' title="bbox 2274 4610 3844 4688">
    <p class='ocr_par' dir='ltr' id='par_1_108' title="bbox 2274 4610 3844 4688">
     <span class='ocr_line' id='line_1_108' title="bbox 2274 4610 3844 4688; baseline -0.003 -19"><span class='ocrx_word' id='word_1_851' title='bbox 2274 4618 2601 4688; x_wconf 83' lang='grc' dir='ltr'>γασάμενος,</span> <span class='ocrx_word' id='word_1_852' title='bbox 2625 4617 2699 4678; x_wconf 86' lang='grc' dir='ltr'>ὼς</span> <span class='ocrx_word' id='word_1_853' title='bbox 2720 4613 2957 4668; x_wconf 86' lang='grc' dir='ltr'>τοσαῦτα</span> <span class='ocrx_word' id='word_1_854' title='bbox 2994 4613 3108 4679; x_wconf 74' lang='grc' dir='ltr'>ζῶα</span> <span class='ocrx_word' id='word_1_855' title='bbox 3133 4614 3226 4666; x_wconf 81' lang='grc' dir='ltr'>καὶ</span> <span class='ocrx_word' id='word_1_856' title='bbox 3258 4611 3400 4681; x_wconf 78' lang='grc' dir='ltr'>φυτὰ</span> <span class='ocrx_word' id='word_1_857' title='bbox 3429 4610 3844 4683; x_wconf 79' lang='grc' dir='ltr'>προϐάλλεσθαι.</span> 
     </span>
    </p>
   </div>
   <div class='ocr_carea' id='block_1_109' title="bbox 2287 4701 3846 4777">
    <p class='ocr_par' dir='ltr' id='par_1_109' title="bbox 2287 4701 3846 4777">
     <span class='ocr_line' id='line_1_109' title="bbox 2287 4701 3846 4777; baseline -0.003 -18"><span class='ocrx_word' id='word_1_858' title='bbox 2287 4707 2344 4759; x_wconf 83' lang='grc'><strong>’0</strong></span> <span class='ocrx_word' id='word_1_859' title='bbox 2367 4707 2430 4777; x_wconf 79' lang='grc' dir='ltr'>δὴ</span> <span class='ocrx_word' id='word_1_860' title='bbox 2459 4701 2550 4760; x_wconf 80' lang='grc' dir='ltr'>οὖν</span> <span class='ocrx_word' id='word_1_861' title='bbox 2582 4705 2814 4758; x_wconf 83' lang='grc' dir='ltr'>τοσαῦτα</span> <span class='ocrx_word' id='word_1_862' title='bbox 2837 4704 3006 4774; x_wconf 84' lang='grc' dir='ltr'>κάλλη</span> <span class='ocrx_word' id='word_1_863' title='bbox 3038 4703 3130 4757; x_wconf 81' lang='grc' dir='ltr'>καὶ</span> <span class='ocrx_word' id='word_1_864' title='bbox 3168 4701 3372 4773; x_wconf 80' lang='grc' dir='ltr'>μεγέθη</span> <span class='ocrx_word' id='word_1_865' title='bbox 3408 4702 3846 4765; x_wconf 78' lang='grc' dir='ltr'>κατασκευάσας.</span> 
     </span>
    </p>
   </div>
   <div class='ocr_carea' id='block_1_110' title="bbox 2279 4788 3850 4870">
    <p class='ocr_par' dir='ltr' id='par_1_110' title="bbox 2279 4788 3850 4870">
     <span class='ocr_line' id='line_1_110' title="bbox 2279 4788 3850 4870; baseline -0.005 -18"><span class='ocrx_word' id='word_1_866' title='bbox 2279 4799 2480 4870; x_wconf 83' lang='grc' dir='ltr'>Κύριος</span> <span class='ocrx_word' id='word_1_867' title='bbox 2502 4798 2594 4851; x_wconf 78' lang='grc' dir='ltr'>καὶ</span> <span class='ocrx_word' id='word_1_868' title='bbox 2611 4797 2741 4861; x_wconf 85' lang='grc' dir='ltr'>Θεὸς</span> <span class='ocrx_word' id='word_1_869' title='bbox 2764 4797 2870 4848; x_wconf 82' lang='grc' dir='ltr'><strong>τῶν</strong></span> <span class='ocrx_word' id='word_1_870' title='bbox 2893 4795 3049 4858; x_wconf 80' lang='grc' dir='ltr'>ὅλων,</span> <span class='ocrx_word' id='word_1_871' title='bbox 3076 4788 3229 4856; x_wconf 72' lang='grc' dir='ltr'>οὗτος</span> <span class='ocrx_word' id='word_1_872' title='bbox 3250 4792 3317 4845; x_wconf 78' lang='grc' dir='ltr'><strong>τά</strong></span> <span class='ocrx_word' id='word_1_873' title='bbox 3345 4791 3706 4864; x_wconf 54' lang='grc' dir='ltr'>προλελθὲντα</span> <span class='ocrx_word' id='word_1_874' title='bbox 3723 4795 3850 4862; x_wconf 72' lang='grc' dir='ltr'>περὶ</span> 
     </span>
    </p>
   </div>
   <div class='ocr_carea' id='block_1_111' title="bbox 2269 4889 2963 4962">
    <p class='ocr_par' dir='ltr' id='par_1_111' title="bbox 2269 4889 2963 4962">
     <span class='ocr_line' id='line_1_111' title="bbox 2269 4889 2963 4962; baseline -0.007 -18"><span class='ocrx_word' id='word_1_875' title='bbox 2269 4891 2364 4944; x_wconf 85' lang='grc' dir='ltr'><strong>τοῦ</strong></span> <span class='ocrx_word' id='word_1_876' title='bbox 2397 4889 2630 4962; x_wconf 85' lang='grc' dir='ltr'>Χριστοῦ</span> <span class='ocrx_word' id='word_1_877' title='bbox 2659 4889 2963 4942; x_wconf 75' lang='grc' dir='ltr'>ἐθέσπισεν.</span> 
     </span>
    </p>
   </div>
   <div class='ocr_carea' id='block_1_112' title="bbox 2348 4976 3850 5053">
    <p class='ocr_par' dir='ltr' id='par_1_112' title="bbox 2348 4976 3850 5053">
     <span class='ocr_line' id='line_1_112' title="bbox 2348 4976 3850 5053; baseline -0.003 -18"><span class='ocrx_word' id='word_1_878' title='bbox 2348 5003 2365 5034; x_wconf 78' lang='grc' dir='ltr'>ι</span> <span class='ocrx_word' id='word_1_879' title='bbox 2415 4982 2556 5051; x_wconf 84' lang='grc' dir='ltr'><strong>Ἐγὼ</strong></span> <span class='ocrx_word' id='word_1_880' title='bbox 2579 4982 2779 5053; x_wconf 70' lang='grc' dir='ltr'>Κύριος</span> <span class='ocrx_word' id='word_1_881' title='bbox 2807 4984 2834 5034; x_wconf 87' lang='grc' dir='ltr'><strong>ὁ</strong></span> <span class='ocrx_word' id='word_1_882' title='bbox 2860 4980 2988 5043; x_wconf 84' lang='grc' dir='ltr'>Θεὸς</span> <span class='ocrx_word' id='word_1_883' title='bbox 3022 4977 3255 5032; x_wconf 71' lang='grc' dir='ltr'>ὲκάλεσέι</span> <span class='ocrx_word' id='word_1_884' title='bbox 3298 4995 3355 5031; x_wconf 88' lang='grc' dir='ltr'><strong>σε</strong></span> <span class='ocrx_word' id='word_1_885' title='bbox 3406 4980 3462 5030; x_wconf 82' lang='grc' dir='ltr'>ὲν</span> <span class='ocrx_word' id='word_1_886' title='bbox 3511 4976 3850 5048; x_wconf 76' lang='grc' dir='ltr'>δικαιοσύνῃ,</span> 
     </span>
    </p>
   </div>
   <div class='ocr_carea' id='block_1_113' title="bbox 2271 5068 3850 5146">
    <p class='ocr_par' dir='ltr' id='par_1_113' title="bbox 2271 5068 3850 5146">
     <span class='ocr_line' id='line_1_113' title="bbox 2271 5068 3850 5146; baseline -0.006 -18"><span class='ocrx_word' id='word_1_887' title='bbox 2271 5074 2367 5128; x_wconf 72' lang='grc' dir='ltr'>καὶ</span> <span class='ocrx_word' id='word_1_888' title='bbox 2391 5075 2650 5146; x_wconf 81' lang='grc' dir='ltr'>κρατὴσω</span> <span class='ocrx_word' id='word_1_889' title='bbox 2686 5073 2784 5143; x_wconf 80' lang='grc' dir='ltr'>τῆς</span> <span class='ocrx_word' id='word_1_890' title='bbox 2812 5071 2991 5143; x_wconf 83' lang='grc' dir='ltr'>χειρός</span> <span class='ocrx_word' id='word_1_891' title='bbox 3029 5087 3144 5136; x_wconf 85' lang='grc' dir='ltr'>σου,</span> <span class='ocrx_word' id='word_1_892' title='bbox 3185 5070 3279 5122; x_wconf 79' lang='grc' dir='ltr'>καὶ</span> <span class='ocrx_word' id='word_1_893' title='bbox 3319 5068 3582 5139; x_wconf 77' lang='grc' dir='ltr'>ὲνισχῦσω</span> <span class='ocrx_word' id='word_1_894' title='bbox 3631 5085 3711 5127; x_wconf 87' lang='grc' dir='ltr'><strong>σε.</strong></span> <span class='ocrx_word' id='word_1_895' title='bbox 3755 5068 3850 5120; x_wconf 61' lang='grc' dir='ltr'><strong>καῖ</strong></span> 
     </span>
    </p>
   </div>
   <div class='ocr_carea' id='block_1_114' title="bbox 2270 5157 3846 5234">
    <p class='ocr_par' dir='ltr' id='par_1_114' title="bbox 2270 5157 3846 5234">
     <span class='ocr_line' id='line_1_114' title="bbox 2270 5157 3846 5234; baseline -0.005 -16"><span class='ocrx_word' id='word_1_896' title='bbox 2270 5166 2448 5219; x_wconf 75' lang='grc' dir='ltr'>ἔδωκά</span> <span class='ocrx_word' id='word_1_897' title='bbox 2469 5181 2527 5216; x_wconf 85' lang='grc' dir='ltr'><strong>σε</strong></span> <span class='ocrx_word' id='word_1_898' title='bbox 2551 5167 2629 5227; x_wconf 76' lang='grc' dir='ltr'>εἰς</span> <span class='ocrx_word' id='word_1_899' title='bbox 2662 5162 2926 5234; x_wconf 82' lang='grc' dir='ltr'>διαθήκην</span> <span class='ocrx_word' id='word_1_900' title='bbox 2957 5162 3165 5230; x_wconf 83' lang='grc' dir='ltr'>γένους,</span> <span class='ocrx_word' id='word_1_901' title='bbox 3205 5165 3285 5222; x_wconf 78' lang='grc' dir='ltr'>εἰς</span> <span class='ocrx_word' id='word_1_902' title='bbox 3321 5159 3434 5228; x_wconf 80' lang='grc' dir='ltr'><strong>φῶς</strong></span> <span class='ocrx_word' id='word_1_903' title='bbox 3459 5157 3649 5221; x_wconf 79' lang='grc' dir='ltr'>ἐθνῶν,</span> <span class='ocrx_word' id='word_1_904' title='bbox 3708 5158 3846 5210; x_wconf 62' lang='lat' dir='ltr'><strong>duci-</strong></span> 
     </span>
    </p>
   </div>
   <div class='ocr_carea' id='block_1_115' title="bbox 2277 5246 3849 5322">
    <p class='ocr_par' dir='ltr' id='par_1_115' title="bbox 2277 5246 3849 5322">
     <span class='ocr_line' id='line_1_115' title="bbox 2277 5246 3849 5322; baseline -0.006 -15"><span class='ocrx_word' id='word_1_905' title='bbox 2277 5253 2363 5319; x_wconf 80' lang='grc' dir='ltr'>ξαι</span> <span class='ocrx_word' id='word_1_906' title='bbox 2388 5251 2695 5322; x_wconf 68' lang='grc' dir='ltr'>ὀφθαλμοὺς</span> <span class='ocrx_word' id='word_1_907' title='bbox 2742 5249 2957 5320; x_wconf 57' lang='grc' dir='ltr'>τυψλῶν</span> <span class='ocrx_word' id='word_1_908' title='bbox 2979 5292 2992 5310; x_wconf 87' lang='grc'><strong>.</strong></span> <span class='ocrx_word' id='word_1_909' title='bbox 3027 5250 3311 5318; x_wconf 80' lang='grc' dir='ltr'>ἐξαγαγεῖν</span> <span class='ocrx_word' id='word_1_910' title='bbox 3341 5252 3405 5302; x_wconf 85' lang='grc' dir='ltr'>ὲκ</span> <span class='ocrx_word' id='word_1_911' title='bbox 3449 5247 3662 5318; x_wconf 77' lang='grc' dir='ltr'>δεσμῶν</span> <span class='ocrx_word' id='word_1_912' title='bbox 3707 5246 3849 5299; x_wconf 84' lang='grc' dir='ltr'>δεδε-</span> 
     </span>
    </p>
   </div>
   <div class='ocr_carea' id='block_1_116' title="bbox 2279 5339 3851 5417">
    <p class='ocr_par' dir='ltr' id='par_1_116' title="bbox 2279 5339 3851 5417">
     <span class='ocr_line' id='line_1_116' title="bbox 2279 5339 3851 5417; baseline -0.006 -18"><span class='ocrx_word' id='word_1_913' title='bbox 2279 5346 2490 5417; x_wconf 79' lang='grc' dir='ltr'>μένους,</span> <span class='ocrx_word' id='word_1_914' title='bbox 2542 5345 2634 5398; x_wconf 75' lang='grc' dir='ltr'>καὶ</span> <span class='ocrx_word' id='word_1_915' title='bbox 2681 5343 2739 5408; x_wconf 77' lang='grc' dir='ltr'>ἐξ</span> <span class='ocrx_word' id='word_1_916' title='bbox 2783 5343 2931 5396; x_wconf 80' lang='grc' dir='ltr'>οἴκου</span> <span class='ocrx_word' id='word_1_917' title='bbox 2981 5341 3246 5412; x_wconf 76' lang='grc' dir='ltr'>φυλακῆς,</span> <span class='ocrx_word' id='word_1_918' title='bbox 3276 5343 3369 5394; x_wconf 58' lang='grc' dir='ltr'><strong>καλ¹</strong></span> <span class='ocrx_word' id='word_1_919' title='bbox 3417 5339 3754 5412; x_wconf 81' lang='grc' dir='ltr'>καθημένους</span> <span class='ocrx_word' id='word_1_920' title='bbox 3790 5341 3851 5392; x_wconf 74' lang='grc' dir='ltr'>ὲν</span> 
     </span>
    </p>
   </div>
   <div class='ocr_carea' id='block_1_117' title="bbox 2276 5429 3851 5505">
    <p class='ocr_par' dir='ltr' id='par_1_117' title="bbox 2276 5429 3851 5505">
     <span class='ocr_line' id='line_1_117' title="bbox 2276 5429 3851 5505; baseline -0.005 -15"><span class='ocrx_word' id='word_1_921' title='bbox 2276 5436 2474 5490; x_wconf 84' lang='grc' dir='ltr'>σκότει.</span> <span class='ocrx_word' id='word_1_922' title='bbox 2514 5456 2531 5486; x_wconf 87' lang='grc' dir='ltr'>ι</span> <span class='ocrx_word' id='word_1_923' title='bbox 2560 5435 2882 5505; x_wconf 71' lang='grc' dir='ltr'>Προσφωνεῖ</span> <span class='ocrx_word' id='word_1_924' title='bbox 2911 5433 2966 5484; x_wconf 80' lang='grc' dir='ltr'>δὲ</span> <span class='ocrx_word' id='word_1_925' title='bbox 2995 5431 3167 5485; x_wconf 83' lang='grc' dir='ltr'>ταῦτα</span> <span class='ocrx_word' id='word_1_926' title='bbox 3195 5429 3274 5501; x_wconf 81' lang='grc' dir='ltr'>τῷ</span> <span class='ocrx_word' id='word_1_927' title='bbox 3313 5430 3572 5502; x_wconf 80' lang='grc' dir='ltr'>ἀνωτέρω</span> <span class='ocrx_word' id='word_1_928' title='bbox 3608 5429 3851 5500; x_wconf 75' lang='grc' dir='ltr'>λεχθέντι</span> 
     </span>
    </p>
   </div>
   <div class='ocr_carea' id='block_1_118' title="bbox 2272 5518 3850 5592">
    <p class='ocr_par' dir='ltr' id='par_1_118' title="bbox 2272 5518 3850 5592">
     <span class='ocr_line' id='line_1_118' title="bbox 2272 5518 3850 5592; baseline -0.004 -11"><span class='ocrx_word' id='word_1_929' title='bbox 2272 5528 2422 5581; x_wconf 70' lang='grc' dir='ltr'>παιδὶ</span> <span class='ocrx_word' id='word_1_930' title='bbox 2479 5525 2664 5589; x_wconf 76' lang='grc' dir='ltr'>αὐτοῦ,</span> <span class='ocrx_word' id='word_1_931' title='bbox 2806 5524 2866 5576; x_wconf 84' lang='grc' dir='ltr'>τὸ</span> <span class='ocrx_word' id='word_1_932' title='bbox 2910 5521 3103 5577; x_wconf 77' lang='grc' dir='ltr'>ἑαυτοῦ</span> <span class='ocrx_word' id='word_1_933' title='bbox 3146 5522 3359 5592; x_wconf 83' lang='grc' dir='ltr'>πνεῦμα</span> <span class='ocrx_word' id='word_1_934' title='bbox 3389 5520 3578 5575; x_wconf 81' lang='grc' dir='ltr'>δώσειν</span> <span class='ocrx_word' id='word_1_935' title='bbox 3612 5521 3850 5589; x_wconf 71' lang='grc' dir='ltr'>ἐλέγετο.</span> 
     </span>
    </p>
   </div>
   <div class='ocr_carea' id='block_1_119' title="bbox 2275 5609 3852 5690">
    <p class='ocr_par' dir='ltr' id='par_1_119' title="bbox 2275 5609 3852 5690">
     <span class='ocr_line' id='line_1_119' title="bbox 2275 5609 3852 5690; baseline -0.006 -17"><span class='ocrx_word' id='word_1_936' title='bbox 2275 5619 2499 5690; x_wconf 86' lang='grc' dir='ltr'>Πρῶτον</span> <span class='ocrx_word' id='word_1_937' title='bbox 2527 5618 2584 5672; x_wconf 75' lang='grc' dir='ltr'>δὲ</span> <span class='ocrx_word' id='word_1_938' title='bbox 2607 5615 2768 5671; x_wconf 71' lang='grc' dir='ltr'>αὐτὸν</span> <span class='ocrx_word' id='word_1_939' title='bbox 2797 5617 2856 5668; x_wconf 81' lang='grc' dir='ltr'>ὲν</span> <span class='ocrx_word' id='word_1_940' title='bbox 2877 5612 3194 5686; x_wconf 75' lang='grc' dir='ltr'>δικαιοσύνη</span> <span class='ocrx_word' id='word_1_941' title='bbox 3223 5614 3396 5677; x_wconf 83' lang='grc' dir='ltr'>καλεῖ,</span> <span class='ocrx_word' id='word_1_942' title='bbox 3430 5615 3548 5666; x_wconf 81' lang='grc' dir='ltr'>κατ’</span> <span class='ocrx_word' id='word_1_943' title='bbox 3581 5609 3736 5679; x_wconf 79' lang='grc' dir='ltr'>ἀξίαν</span> <span class='ocrx_word' id='word_1_944' title='bbox 3749 5610 3852 5682; x_wconf 66' lang='grc' dir='ltr'><strong>τὴν</strong></span> 
     </span>
    </p>
   </div>
   <div class='ocr_carea' id='block_1_120' title="bbox 2273 5703 3834 5781">
    <p class='ocr_par' dir='ltr' id='par_1_120' title="bbox 2273 5703 3834 5781">
     <span class='ocr_line' id='line_1_120' title="bbox 2273 5703 3834 5781; baseline -0.004 -18"><span class='ocrx_word' id='word_1_945' title='bbox 2273 5711 2461 5781; x_wconf 84' lang='grc' dir='ltr'>κλῆσιν</span> <span class='ocrx_word' id='word_1_946' title='bbox 2494 5707 2653 5763; x_wconf 83' lang='grc' dir='ltr'>αὐτοῦ</span> <span class='ocrx_word' id='word_1_947' title='bbox 2679 5707 2771 5761; x_wconf 69' lang='grc' dir='ltr'>καὶ</span> <span class='ocrx_word' id='word_1_948' title='bbox 2801 5705 2940 5760; x_wconf 75' lang='grc' dir='ltr'>κατὰ</span> <span class='ocrx_word' id='word_1_949' title='bbox 2973 5706 3032 5760; x_wconf 80' lang='grc' dir='ltr'>τὸ</span> <span class='ocrx_word' id='word_1_950' title='bbox 3060 5705 3264 5763; x_wconf 85' lang='grc' dir='ltr'>δίκαιον</span> <span class='ocrx_word' id='word_1_951' title='bbox 3312 5705 3663 5776; x_wconf 76' lang='grc' dir='ltr'>ποιούμενος·</span> <span class='ocrx_word' id='word_1_952' title='bbox 3705 5703 3834 5758; x_wconf 72' lang='grc' dir='ltr'>ἔπει</span> 
     </span>
    </p>
   </div>
   <div class='ocr_carea' id='block_1_121' title="bbox 2274 5795 3852 5868">
    <p class='ocr_par' dir='ltr' id='par_1_121' title="bbox 2274 5795 3852 5868">
     <span class='ocr_line' id='line_1_121' title="bbox 2274 5795 3852 5868; baseline -0.004 -11"><span class='ocrx_word' id='word_1_953' title='bbox 2274 5821 2340 5857; x_wconf 84' lang='grc' dir='ltr'><strong>τα</strong></span> <span class='ocrx_word' id='word_1_954' title='bbox 2373 5801 2667 5868; x_wconf 77' lang='grc' dir='ltr'>κρατήσειν</span> <span class='ocrx_word' id='word_1_955' title='bbox 2699 5800 2796 5864; x_wconf 75' lang='grc' dir='ltr'><strong>τῆς</strong></span> <span class='ocrx_word' id='word_1_956' title='bbox 2824 5798 3004 5866; x_wconf 75' lang='grc' dir='ltr'>χειρὸς</span> <span class='ocrx_word' id='word_1_957' title='bbox 3041 5796 3228 5862; x_wconf 78' lang='grc' dir='ltr'>αὐτοῦ,</span> <span class='ocrx_word' id='word_1_958' title='bbox 3255 5798 3345 5852; x_wconf 75' lang='grc' dir='ltr'>καὶ</span> <span class='ocrx_word' id='word_1_959' title='bbox 3365 5795 3643 5862; x_wconf 68' lang='grc' dir='ltr'>ἰνισχῦσαι</span> <span class='ocrx_word' id='word_1_960' title='bbox 3663 5795 3852 5858; x_wconf 68' lang='grc' dir='ltr'>αὐτὸν.</span> 
     </span>
    </p>
   </div>
  </div>
