4168 6398
1256 344 1768 404 (ΞΟΜΙΕΝΤΛΜΛ
1807 345 1874 402 IN
1913 344 2174 407 13AM".
2212 372 2284 392 ἀ·-
2318 347 2469 406 CAP.
2509 349 2667 409 XLII.

334 474 432 528 καὶ
478 469 662 545 τρίτον
709 467 1014 542 χαριεῖσθαι
1061 467 1211 539 αὕτῷ
1256 469 1427 541 διῖιρον
1489 469 1678 541 ῶσπερ
1704 485 1755 522 τι
1799 468 1914 539 φῶς

2019 477 2313 524 tteosurum
2342 511 2358 535 ,
2397 470 2683 541 ipsumque
2723 469 3200 529 corroboraturum
3228 515 3244 538 .
3279 488 3343 530 ac
3371 478 3590 534 tertium
3617 481 3635 494 '

337 563 504 631 μέγα,
529 563 663 617 πᾶσι
693 565 806 625 τοῖς
830 561 1036 615 ἔθνεσιν
1064 560 1455 630 ἐπαγγέλλεται
1493 561 1664 630 λέγων
1683 578 1696 592 ·
1739 581 1757 614 ι
1805 561 1913 616 Καὶ

334 653 515 707 ἔδωκά
535 668 596 707 σε
631 655 709 716 εις
739 653 1003 724 διαθήκην
1037 651 1249 721 γένους,
1277 654 1358 715 είς
1399 653 1515 722 φῶς
1538 653 1728 708 ἐθνῶν.
1761 672 1780 706 ι
1807 655 1917 709 Πά-

333 744 423 799 λαι
461 745 560 815 μὲν
586 740 682 798 οὖν
710 744 798 798 διὰ
825 743 1108 806 Μωῦσέως
1133 745 1232 813 τὴν
1263 743 1502 798 παλαιὰν
1534 745 1811 817 Διαθήκην
1837 744 1916 815 τῷ

345 835 617 890 Ἰουδαίων
647 835 820 888 ἐδίδου
848 834 960 906 λαῷ
983 851 997 864 ·
1032 834 1266 888 ἐνταῦθα
1294 835 1348 889 δὲ
1387 835 1480 890 τὸν
1511 837 1918 907 προφητεύομε-

334 946 426 981 νον
454 929 536 991 εἰς
564 927 828 998 διαθήκην
870 926 963 981 τοῦ
992 926 1184 996 γένους
1229 926 1337 981 τῶν
1357 927 1682 999 ἀνθρώπων,
1709 930 1804 986 καὶ
1835 931 1918 994 είς

335 1019 455 1089 φῶς
489 1018 657 1073 ἐθνῶν
683 1018 1028 1090 δωρήσασθαί
1053 1036 1245 1091 φησιν’
1278 1020 1424 1083 ὅπως
1458 1022 1515 1072 ἐν
1552 1020 1703 1092 αὑτῷ
1751 1038 1917 1090 φωτι-

333 1109 556 1182 ζόμενοι
577 1109 686 1164 τῶν
717 1110 884 1164 πάλαι
921 1111 1020 1174 τὰς
1071 1109 1248 1182 ψυχὰς
1300 1112 1512 1182 τυφλῶν
1553 1113 1604 1164 oi
1647 1107 1916 1184 ὀφθαλμοὶ

332 1202 710 1272 διανοίγωνται
738 1203 830 1255 καὶ
858 1202 1201 1256 ἀναϐλέπωσι
1225 1204 1510 1275 διορῶντες
1531 1205 1628 1276 τὴν
1650 1205 1744 1259 τοῦ
1778 1205 1912 1258 Θεοῦ

335 1295 560 1363 γνῶσιν,
593 1295 669 1359 ὡς
704 1295 900 1366 μηκέτι
929 1295 1103 1360 ξύλοις
1124 1299 1216 1350 καὶ
1241 1297 1409 1360 λίθοις
1439 1300 1532 1352 καὶ
1560 1297 1784 1369 ἀψύχων
1812 1297 1912 1370 ὕλῃ

331 1387 434 1458 τὴν
459 1387 554 1441 τοῦ
599 1387 733 1441 Θεοῦ
784 1387 947 1458 τιμὴν
996 1389 1306 1459 ἀπονέμειν.
1353 1390 1588 1461 Ἦμελλε
1645 1389 1755 1462 γὰρ
1790 1393 1914 1454 τοὺς

335 1482 547 1549 σειραῖς
570 1479 679 1532 τῶν
698 1478 840 1532 ἰδίων
867 1481 1278 1552 ἁμαρτημάτων
1303 1483 1789 1554 κατεσφιγμένους,
1820 1484 1914 1538 καὶ

333 1571 396 1622 ἐν
443 1569 621 1640 σκότῳ
655 1587 716 1622 τε
761 1570 855 1623 καὶ
901 1570 1066 1642 κακίᾳ
1101 1571 1508 1641 πεπεδημένους
1549 1571 1636 1626 διὰ
1680 1573 1780 1644 τῆς
1819 1573 1912 1626 τοῦ

333 1661 474 1714 θεοῦ
528 1663 749 1734 χάριτος
810 1661 1092 1733 ἁμαρτιῶν
1153 1663 1400 1732 ἀφέσεως
1446 1663 1756 1729 καταξιοῦν,
1820 1666 1914 1718 καὶ

332 1750 526 1823 ῶσπερ
560 1753 624 1804 ὲκ
650 1749 1036 1821 δεσμωτηρίων
1069 1750 1322 1804 ἀπολύειν
1349 1751 1659 1822 ἐλευθέρους
1714 1767 1776 1805 τε
1822 1751 1913 1804 καὶ

333 1841 700 1895 ἀπαλλάττειν
723 1841 820 1912 τῆς
843 1841 936 1895 τοῦ
968 1841 1214 1896 διαὸὀλου
1245 1842 1485 1914 εἱρκτῆς.

407 2039 426 2073 ι
475 2019 618 2090 Ἐγὼ
663 2019 864 2091 Κύριος
892 2021 919 2073 ὁ
957 2018 1090 2082 Θεός
1109 2035 1122 2049 ·
1152 2017 1309 2072 τοῦτό
1339 2017 1439 2090 μοῦ
1490 2019 1606 2071 ἐστι
1633 2017 1694 2072 τὸ
1720 2018 1912 2090 ὄνομα,

335 2111 437 2185 τὴν
467 2112 627 2180 δόξαν
677 2129 777 2183 μου
808 2112 980 2184 ἑτέρῳ
1004 2111 1068 2165 οὐ
1102 2108 1278 2176 δώσω,
1300 2110 1419 2163 obit
1442 2109 1541 2174 τὰς
1571 2109 1772 2182 ἀρετάς
1811 2127 1916 2181 μου

333 2207 450 2268 τοῖς
475 2204 750 2273 γλυπτοῖς.
780 2203 861 2257 Τά
888 2203 980 2256 ἀπ’
1007 2202 1180 2274 ἀρχῆς
1231 2201 1337 2255 ἰδοὺ
1371 2201 1536 2270 ἥκασι
1557 2239 1573 2265 ,
1610 2202 1704 2254 καὶ
1753 2199 1916 2255 καινά

327 2295 372 2350 ἀ
390 2294 502 2365 ἐγώ
530 2295 864 2364 ἀναγγέλλω,
897 2295 990 2347 καὶ
1017 2293 1122 2366 πρὸ
1166 2291 1259 2346 τοῦ
1305 2291 1619 2362 ἀναγγεῖλαι
1672 2290 1915 2362 ἐδηλώθη

335 2391 486 2460 ὑμῖν.
523 2409 542 2440 ι
587 2387 902 2458 Ἐπιστῆσαι
923 2385 1092 2453 ἀξιον,
1115 2382 1194 2450 ώς
1224 2386 1324 2438 οὐκ
1353 2385 1595 2456 εἴρηται,
1621 2383 1732 2456 Τὴν
1758 2383 1917 2448 δόξαν

331 2497 445 2551 μου
471 2478 648 2532 ούδενὶ
680 2475 866 2530 δώσω·
906 2475 1177 2530 δείκνυται
1227 2473 1324 2545 ίάρ
1349 2475 1378 2528 ὁ
1404 2472 1532 2538 Υἱὸς
1562 2472 1654 2526 τοῦ
1703 2473 1916 2544 Ηατρὸς

327 2570 478 2640 ἔχων
497 2569 595 2642 τὴν
624 2568 778 2636 δόξαν
797 2585 810 2598 ·
835 2567 894 2622 es
929 2569 1026 2639 μὲν
1071 2567 1180 2639 γὰρ
1209 2566 1404 2629 οὐδενὶ,
1457 2566 1792 2638 ἀναιρετικὸν
1847 2561 1916 2638 ἦν

335 2659 538 2723 παντός
557 2675 572 2688 ’
595 2655 656 2712 τδ
679 2659 742 2729 δὴ
769 2658 937 2730 ἑτέρῳ
955 2657 1029 2729 μὴ
1051 2657 1263 2720 δώσειν,
1293 2657 1373 2710 ἐνὶ
1407 2655 1551 2727 μόνῳ
1582 2655 1680 2728 τὴν
1709 2655 1917 2728 συγχώ·

327 2768 500 2822 ,ρησιν
535 2750 857 2822 γεγενῆσθαι
905 2750 1176 2821 ἐμφαίνει,
1227 2747 1428 2820 δηλαδὴ
1456 2747 1532 2819 τῷ
1575 2765 1914 2822 προφητευο-

327 2847 488 2913 μένῳ
527 2837 695 2905 Οὗτος
719 2841 776 2895 δὲ
794 2837 861 2912 ἦν
896 2842 1032 2914 πρὸς
1060 2842 1118 2894 ὃν
1147 2841 1363 2910 ἐλέγετο
1385 2857 1400 2872 ’

401 3041 433 3072 -ι
481 3018 746 3075 Ἑκάλεσά
808 3036 867 3073 σε
919 3021 976 3074 ἐν
1017 3019 1349 3092 δικαιοσύνη,
1384 3021 1478 3073 καὶ
1516 3021 1772 3092 κρατήσω
1817 3020 1916 3091 τῆς

336 3114 522 3186 χειρός
551 3131 666 3179 σου,
701 3113 795 3166 καὶ
824 3112 1090 3183 ἐνισχύσω
1116 3129 1195 3177 σε,
1221 3114 1316 3167 καὶ
1341 3111 1514 3166 ἔδωκά
1540 3129 1598 3165 σε
1626 3114 1706 3176 είς
1727 3112 1915 3184 διαθή-

2019 559 2120 629 ipsi
2171 561 2373 615 donum
2424 562 2783 627 collaturmn,
2840 573 2894 620 et
2957 580 3056 621 ceu
3115 566 3289 621 lucem
3339 584 3590 641 magnam

2015 651 2266 706 omnibus
2295 654 2544 722 gentibus
2572 655 2879 710 oblaturum
2905 671 3029 712 esse
3052 658 3356 727 pollicetur,
3381 661 3588 726 dicens,

2021 761 2042 796 ι
2073 743 2143 798 Et
2170 743 2290 798 dedi
2325 755 2375 799 te
2401 745 2452 798 in
2493 756 2871 802 testamentum
2900 751 3137 820 generis,
3167 752 3220 806 in
3251 751 3428 808 lucem
3459 770 3592 824 gen-

2015 833 2170 886 tium.
2214 850 2233 885 ι
2266 832 2405 889 Olim
2438 835 2620 905 itaque
2660 853 2757 904 per
2798 837 3036 908 lllnysem
3070 838 3236 895 Vetus
3275 840 3591 899 Testamen-

2018 933 2127 978 tum
2159 922 2384 979 Judaico
2411 927 2608 996 populo
2636 929 2823 984 dedit:
2860 932 2948 986 hic
2991 943 3170 986 autem
3217 948 3364 999 eum,
3401 936 3491 1003 qui
3529 936 3586 990 in

2014 1015 2294 1084 prophetia
2319 1015 2492 1071 fertur
2520 1019 2574 1073 in
2607 1028 2990 1074 testamentum
3032 1024 3244 1092 generis
3287 1026 3589 1088 hominum,

2014 1115 2070 1162 et
2112 1108 2162 1160 in
2195 1107 2366 1162 lucem
2395 1111 2633 1179 gentium
2670 1110 2907 1166 dandum
2957 1114 3066 1177 ait;
3097 1124 3157 1168 ut
3193 1130 3259 1170 eo
3298 1115 3589 1172 illuminati

2018 1209 2205 1250 eorum
2231 1197 2395 1261 oculi,
2427 1201 2518 1269 qui
2552 1200 2680 1254 olim
2707 1213 2884 1255 mente
2903 1205 3585 1275 cwcierantaperirettlur.

2017 1304 2082 1343 ac
2119 1301 2332 1359 recepto
2365 1291 2479 1344 visu
2515 1293 2608 1345 Dei
2647 1295 3009 1364 cognitionem
3044 1310 3500 1364 assequereutur;
3529 1309 3590 1355 ut

2016 1396 2084 1435 ne
2114 1383 2256 1435 ultra
2305 1383 2491 1449 lignis,
2531 1383 2804 1454 lapidibus
2847 1395 2902 1440 et
2941 1386 3356 1442 inanitnatarnm
3404 1404 3589 1444 rerum

2015 1473 2260 1526 materiae
2305 1473 2396 1527 Dei
2443 1473 2702 1528 honorem
2743 1477 3098 1530 ascriberent.
3136 1477 3349 1531 Atenim
3371 1493 3465 1534 eos
3494 1480 3587 1549 qui

2015 1575 2362 1633 peccatorum
2380 1579 2600 1618 suorum
2625 1565 3398 1638 vinculist-onstringebantur,
3426 1580 3592 1639 atque

2017 1656 2337 1711 intenebris
2365 1657 2666 1711 ettnalitite
2715 1659 3064 1726 compedibus
3117 1670 3293 1724 erant,
3346 1677 3444 1732 per
3489 1663 3587 1719 Dei

2016 1746 2248 1816 gratiam
2275 1757 2616 1816 peccatorum
2667 1749 2816 1802 venia
2851 1749 3149 1804 donaturus
3172 1792 3187 1814 ,
3218 1765 3318 1806 ceu
3353 1769 3422 1808 ex
3461 1768 3586 1808 car-

1943 1844 1987 1904 B
2014 1853 2136 1891 cere
2179 1837 2380 1892 liberos
2408 1837 2719 1903 soluturus,
2756 1854 2822 1893 ac
2851 1855 2882 1895 e
2915 1840 3114 1896 diaboli
3171 1844 3416 1900 custodia
3463 1859 3587 1901 ere-

2017 1939 2207 2000 pturus
2237 1939 2373 1985 erat.

2090 2027 2254 2082 Vatis.
2277 2026 2394 2082 8-9.
2424 2043 2444 2078 ι
2468 2020 2582 2097 Ego
2609 2027 2871 2084 Dominus
2894 2027 3037 2082 Deus
3063 2046 3078 2084 :
3112 2029 3213 2085 hoc
3231 2031 3361 2086 mihi
3391 2048 3589 2090 nomen

2015 2128 2119 2185 est,
2147 2130 2202 2174 et
2229 2119 2456 2188 gloriam
2489 2135 2664 2174 meam
2695 2120 2851 2175 alteri
2881 2138 2984 2177 non
3014 2122 3175 2188 dabo,
3207 2139 3382 2195 neque
3407 2125 3586 2182 virtue

2017 2216 2098 2262 tes
2124 2223 2276 2263 meas
2313 2207 2677 2277 sculptilibus.
2714 2209 2844 2276 Quae
2874 2227 2903 2264 a
2950 2213 3220 2283 principio
3255 2230 3386 2271 ecce
3425 2230 3591 2272 vene.

1972 2373 1975 2377 _
2015 2309 2164 2367 runt,
2198 2310 2255 2354 et
2285 2315 2419 2355 nova
2461 2314 2580 2370 quae
2611 2316 2711 2370 ego
2733 2305 3027 2370 annuntio,
3063 2314 3116 2359 et
3161 2314 3452 2375 antequam
3487 2324 3590 2362 an-

2017 2390 2329 2446 nuntientur
2369 2390 2642 2445 declarata
2694 2401 2822 2445 sunt
2856 2392 3034 2447 vobis.
3093 2409 3111 2445 t
3165 2395 3590 2455 Animadvertas

2015 2482 2175 2536 Velim
2226 2496 2332 2536 non
2391 2481 2596 2536 dictum
2646 2480 2832 2545 fuisse,
2889 2482 3119 2552 gloriam
3174 2501 3350 2542 meam
3383 2487 3590 2544 nemini

2014 2573 2155 2628 dabo
2181 2589 2194 2625 :
2238 2588 2359 2627 nam
2387 2571 2581 2627 Filium
2606 2573 2779 2628 Patris
2806 2573 3032 2644 gloriam
3082 2575 3284 2632 habere
3305 2585 3588 2634 ostensum

2014 2674 2136 2730 est;
2166 2664 2309 2734 quod
2351 2663 2494 2719 enim
2532 2665 2732 2721 nemini
2770 2667 2948 2730 detur,
2995 2667 3046 2721 id
3067 2668 3362 2738 quemlibet
3403 2672 3590 2726 excluo

2013 2755 2131 2820 dit;
2162 2755 2304 2825 quod
2339 2764 2517 2810 autem
2550 2755 2707 2810 alteri
2742 2771 2848 2810 non
2874 2757 3052 2822 detur,
3088 2758 3215 2814 hinc
3257 2760 3348 2815 uni
3409 2761 3586 2818 solum

2013 2861 2330 2902 concessam
2362 2847 2531 2902 fuisse
2553 2848 2878 2915 declaratur,
2908 2849 3119 2904 scilicet
3145 2851 3217 2915 ei,
3248 2851 3340 2921 qui
3368 2851 3424 2908 in
3460 2867 3591 2923 pro-

2013 2938 2192 3007 phetia
2224 2936 2416 2992 fertur.
2456 2936 2553 2992 llic
2593 2953 2755 3007 porro
2801 2950 2921 2993 crat
2961 2940 3050 2996 cui
3082 2941 3410 3000 dicebatur:

2081 3029 2309 3085 «Vocati
2331 3041 2381 3086 te
2399 3031 2450 3084 in
2466 3031 2754 3100 justitia,et
2773 3034 3170 3104 apprehendam
3189 3053 3405 3093 manum
3420 3047 3589 3109 tuazr,

2015 3121 2382 3176 corroborabo
2416 3132 2487 3187 te,
2516 3131 2572 3178 et
2603 3123 2721 3177 dedi
2757 3132 2806 3177 te
2835 3125 2888 3178 in
2923 3135 3306 3182 testamentum
3346 3132 3587 3199 generis,

335 3223 444 3280 ιηιυ
476 3207 685 3277 γένους,
716 3207 796 3270 είς
823 3207 937 3276 φῶς
965 3206 1154 3261 ἐθνῶν.
1192 3225 1210 3260 ι
1247 3205 1347 3260 Διά
1383 3205 1584 3261 τούτων
1609 3206 1689 3273 δὲ,
1734 3203 1910 3278 οἶμαι,

2016 3212 2071 3266 in
2098 3211 2270 3267 lucem
2309 3214 2576 3285 gentium.
2613 3232 2632 3266 ι
2665 3213 2761 3269 llis
2781 3231 2974 3286 porro,
3009 3226 3069 3272 ut
3099 3219 3310 3275 mstimo
3332 3261 3349 3288 ,
3373 3237 3589 3278 sermo-

335 3300 448 3356 τῶν
490 3301 662 3370 λόγων
717 3299 786 3353 τὰ
833 3300 960 3371 ἔθνη
1011 3299 1187 3354 πάντα
1225 3299 1504 3365 παιδεύει,
1551 3299 1754 3371 μηδένα
1811 3299 1911 3371 μὲν

336 3391 464 3451 θεὸν
511 3395 700 3465 ὑμνεῖν
731 3393 838 3447 τῶν
866 3393 1033 3447 πάλαι
1062 3393 1470 3465 ὀνομαζομένων
1507 3394 1690 3458 αὐτοῖς
1733 3393 1872 3449 θεῶν
1893 3409 1908 3426 '

339 3487 504 3558 μόνον
541 3486 606 3539 δὲ
663 3486 755 3541 τὸν
799 3486 1034 3557 Χριστὸν
1080 3485 1172 3540 τοῦ
1207 3484 1342 3538 Θεοῦ
1368 3486 1460 3538 καὶ
1490 3485 1582 3540 τὸν
1617 3485 1912 3558 πέμψαντα

276 3578 300 3590 ’
336 3578 505 3632 αὐτὸν
537 3577 756 3648 Πατέρα
781 3577 1042 3644 δοξάζειν.

411 3713 430 3746 ι
475 3693 783 3765 Ὑμνήσατε
807 3691 884 3764 τῷ
913 3691 1102 3764 Κυρίῳ
1127 3690 1294 3764 ὕμνον
1327 3692 1538 3746 καινόν·
1569 3694 1602 3765 ἡ
1639 3693 1782 3766 ἀρχὴ
1823 3693 1914 3747 αύο

335 3785 456 3841 τοῦ.
508 3803 528 3838 ι
560 3785 728 3840 Τοῦτό
757 3801 888 3857 φησι
913 3784 1108 3857 χρῆναι
1139 3787 1311 3839 ποιεῖν
1337 3785 1544 3849 πάντας
1569 3785 1910 3858 ἀνθρώπους.

343 3897 364 3932 ι
398 3878 656 3942 Δοξάζετε
713 3878 774 3932 τὸ
807 3877 978 3949 δνομα
1011 3876 1175 3932 αὐτοῦ
1204 3877 1298 3931 ἀπ’
1331 3879 1500 3949 ἄκρου
1557 3877 1658 3948 τῆς
1707 3879 1831 3950 γῆς,
1862 3879 1913 3931 οἱ

337 3970 757 4034 καταϐαίνοντες
781 3968 877 4040 τὴν
901 3968 1197 4032 θάλασσαν,
1225 3969 1320 4022 καὶ
1353 3969 1606 4033 πλέοντες
1637 3970 1828 4043 αὐτὴν,
1855 3972 1914 4026 αἱ

335 4063 494 4134 νῆσοι
524 4063 618 4116 καὶ
647 4062 697 4115 0i
731 4061 1106 4125 κατοικοῦντες
1139 4061 1335 4126 αὑτάς·
1369 4080 1389 4113 ι
1409 4061 1486 4124 ὡς
1540 4063 1650 4116 ἁπδ
1671 4063 1771 4132 τῆς
1817 4062 1912 4116 τοῦ

337 4153 580 4228 Χριστοῦ
634 4153 1002 4226 προσηγορίας
1063 4153 1403 4225 Χριστιανῶν
1457 4154 1556 4225 τὴν
1621 4154 1914 4225 σύμπασαν

336 4246 750 4319 πεπληρῶσθαι.
783 4248 1076 4318 Ἀντικρυς
1099 4247 1224 4309 τοὺς
1255 4244 1582 4308 ἀποστόλους
1608 4245 1702 4299 τοῦ
1725 4246 1912 4316 Σωτῆ-

338 4355 436 4412 ρος
469 4339 623 4410 ἡμῶν
654 4337 954 4410 σημαίνων,
997 4337 1090 4401 οὓς
1140 4337 1291 4408 παρὰ
1323 4336 1420 4408 τὴν
1473 4336 1748 4391 θάλασσαν
1800 4333 1910 4390 εἶδε

339 4430 630 4502 βάλλοντας
653 4429 1058 4502 ἀμφίϐληστρον
1083 4431 1161 4492 είς
1188 4428 1284 4500 τὴν
1314 4427 1584 4482 θάλασσαν
1603 4446 1616 4459 ο
1640 4425 1778 4500 ἦσαν
1805 4430 1912 4502 γάρ

2015 3301 2176 3357 nibus
2229 3312 2418 3374 gentes
2463 3317 2652 3358 omnes
2694 3306 2900 3369 erudit,
2945 3321 3014 3362 ne
3047 3307 3207 3363 deum
3257 3309 3422 3366 ullum
3450 3314 3594 3368 cele-

2013 3393 2176 3449 brent
2216 3410 2437 3460 eorum,
2482 3395 2573 3465 qui
2608 3395 2736 3451 olint
2784 3397 2923 3467 apud
2963 3413 3061 3454 eas
3095 3400 3169 3455 dii
3215 3403 3588 3474 vocabantur;

2014 3486 2110 3540 sed
2155 3485 2330 3542 solum
2379 3487 2657 3542 Christum
2681 3488 2814 3554 Dei,
2845 3498 2902 3544 et
2940 3488 3190 3558 Patrem,
3219 3493 3310 3564 qui
3342 3495 3490 3552 misit
3525 3495 3592 3553 i1-

2019 3575 2152 3641 lum,
2189 3577 2360 3647 gloria
2390 3575 2642 3634 alliciant.

2085 3688 2250 3746 Vsus.
2288 3690 2398 3747 l0-
2433 3709 2453 3744 ι
2491 3690 2717 3747 Cantate
2767 3691 2996 3748 Domino
3041 3695 3316 3751 canticum
3366 3713 3586 3766 novum,

2015 3781 2350 3854 principatus
2379 3789 2515 3851 ejus.
2551 3801 2572 3836 ι
2613 3782 2670 3838 Id
2699 3785 2772 3839 ab
2803 3785 3058 3841 omnibus
3108 3787 3415 3846 hominibus
3451 3806 3592 3862 prae-

2015 3874 2269 3928 standum
2295 3875 2392 3930 ait.
2433 3892 2452 3925 ι
2489 3873 2804 3931 Glorilicate
2833 3891 3029 3932 nomen
3069 3877 3188 3947 ejus
3224 3880 3306 3936 ab
3347 3891 3592 3938 extremo

2019 3972 2198 4027 teme,
2225 3964 2316 4033 qui
2345 3963 2674 4020 descenditis
2705 3965 2756 4019 in
2781 3981 2962 4032 mare,
2997 3978 3050 4022 et
3079 3970 3346 4041 navigatis
3389 3972 3588 4042 ipsum,

2016 4055 2208 4110 insulae
2231 4065 2286 4110 ct
2318 4056 2653 4111 habitatores
2687 4072 2874 4111 earum
2904 4073 2918 4110 :
2953 4076 2971 4110 ι
3013 4059 3086 4114 ita
3126 4069 3239 4115 uta
3263 4061 3466 4119 Christi
3499 4081 3593 4120 no-

2016 4148 2200 4211 mine,
2240 4146 2499 4201 universa
2543 4155 2685 4201 terra
2729 4145 3052 4204 Christianis
3104 4152 3308 4221 repleta
3356 4153 3447 4208 sit.
3492 4153 3618 4220 His

2015 4253 2179 4310 porro
2213 4241 2493 4308 apostolos
2536 4237 2844 4293 Servatoris
2878 4242 3048 4295 nostri
3095 4245 3376 4313 perspicue
3420 4247 3590 4314 signi-

2016 4333 2177 4394 tlcat,
2218 4345 2356 4402 quos
2403 4331 2469 4384 ad
2519 4329 2671 4384 littus
2708 4331 2872 4385 maris
2903 4331 3038 4385 vidit
3075 4332 3340 4403 jaeientcs
3388 4347 3502 4393 rete
3535 4337 3589 4393 in

2016 4440 2206 4481 mare:
2245 4434 2402 4480 erant
2443 4425 2587 4478 euint
2643 4425 2987 4495 piscatores;
3037 4427 3399 4498 similiterque
3431 4429 3605 4484 alios.

335 4524 543 4586 ἀλιεῖςο
579 4523 776 4592 ὁμοίως
801 4521 858 4574 δὲ
891 4522 984 4574 καὶ
1009 4521 1134 4584 τοὺς
1167 4519 1406 4584 λοιπούς.
1452 4522 1514 4574 Οί
1555 4521 1709 4574 αὐτοὶ
1745 4521 1800 4573 δὲ
1832 4517 1913 4575 οῦ-

2021 4515 2082 4569 lli
2117 4530 2247 4570 vero
2280 4516 2380 4585 ipsi
2412 4529 2561 4569 mare
2593 4525 2841 4570 nostrum
2869 4517 3431 4590 circnnmavigautes,
3476 4540 3591 4577 mo-

334 4631 443 4679 τοι,
473 4613 568 4666 καὶ
596 4613 692 4683 τὴν
724 4611 844 4664 καθ’
877 4613 1022 4681 ἡμᾶς
1053 4609 1432 4681 περιπλέοντες
1464 4610 1749 4672 θάλατταν,
1789 4612 1911 4664 τοτέ

341 4706 443 4777 μὲν
469 4706 524 4758 ὲν
547 4705 665 4767 ταῖς
689 4703 871 4774 νήσοις
901 4703 1196 4772 ἐκήρυττον
1228 4700 1288 4753 τὸ
1316 4700 1664 4769 Εύαγγέλιον,
1711 4700 1830 4753 τοτὲ
1854 4700 1912 4753 δὲ

333 4796 604 4852 διέϐαινον
653 4794 908 4848 ἐπέκεινα
937 4795 1176 4856 Σπανίας
1221 4810 1282 4846 τε
1313 4792 1408 4846 καὶ
1452 4792 1698 4854 Ἰταλίας,
1724 4791 1800 4855 ώς
1855 4793 1913 4844 ἐν

335 4891 504 4959 ὀλίγῳ
536 4887 714 4959 χρόνῳ
733 4887 827 4940 καὶ
843 4885 1008 4956 αὐτὴν
1034 4884 1417 4955 βασιλεύουσαν
1449 4883 1604 4936 πόλιν
1626 4883 1912 4955 πληρῶσαι

335 4982 439 5052 τῆς
458 4980 553 5034 τοῦ
583 4978 817 5050 Χριστοῦ
835 4977 1199 5040 διδασκαλίας.
1229 4977 1339 5030 Καὶ
1361 4976 1533 5039 ἄλλως
1554 4975 1672 5029 δὲοὶ
1697 4977 1795 5047 τὴν
1816 4976 1910 5030 τοῦ

338 5073 680 5145 ἀνθρωπίνου
709 5070 823 5142 βίου
847 5069 1120 5124 θάλασσαν
1145 5068 1488 5140 ἐμπλέοντες,
1519 5068 1611 5121 καὶ
1639 5071 1771 5123 πᾶσι
1800 5072 1913 5134 τοῖς

341 5167 550 5220 ἔθνεσιν
577 5167 634 5218 ἐν
667 5165 858 5236 μέσαις
908 5166 1024 5226 ταῖς
1076 5161 1388 5232 ἐκκλησίαις
1440 5161 1801 5231 κηρύττοντες
1853 5161 1915 5215 τὸ

342 5258 671 5327 Εὖαγγέλιον
690 5253 777 5309 διά
808 5254 916 5308 τῶν
941 5254 1308 5326 προκειμένων
1330 5253 1610 5323 δηλοῦνται
1631 5272 1645 5285 ·
1676 5255 1796 5307 ἐπεὶ
1821 5260 1916 5308 καὶ

342 5351 494 5405 αῦτοὶ
533 5350 624 5403 τδν
650 5347 835 5402 καινὸν
857 5346 886 5399 ῦ
895 5363 1024 5416 μνον
1049 5347 1194 5418 πάσῃ
1218 5346 1584 5416 κατήγγελλον
1608 5350 1673 5419 τῇ
1705 5351 1797 5418 iii,
1821 5348 1916 5400 καὶ

342 5441 650 5513 ἀνθρώποις
679 5441 736 5493 ἐν
761 5439 951 5511 μέσαις
966 5439 1081 5500 ταῖς
1101 5437 1416 5510 ἐκκλησίαις
1441 5437 1798 5510 κηρύττοντες
1821 5440 1917 5492 καὶ

2020 4610 2088 4664 do
2133 4609 2186 4663 in
2254 4608 2447 4662 insulis
2481 4608 2830 4678 Evangelium
2868 4610 3271 4680 pra-dicabant;
3334 4614 3491 4668 modo
3535 4615 3587 4670 in

2019 4700 2330 4772 Hispaniam
2368 4710 2425 4755 et
2466 4700 2673 4772 italiam
2717 4702 3087 4770 trajiciebant;
3129 4705 3198 4758 ita
3235 4713 3294 4758 ut
3324 4705 3472 4760 brevi
3505 4723 3592 4763 rc-

2017 4797 2160 4865 giam
2193 4795 2366 4865 ipsum
2401 4794 2592 4850 urbem
2621 4795 2866 4851 doctrina
2891 4796 3093 4852 Christi
3129 4797 3419 4868 replerent.
3467 4800 3591 4856 Alio

2020 4887 2149 4942 item
2211 4887 2404 4953 modo,
2445 4888 2672 4942 indicari
2717 4888 2968 4943 videntur
3013 4888 3083 4954 ii,
3122 4890 3212 4958 qui
3253 4890 3305 4943 in
3342 4890 3592 4950 humanae

2019 4981 2147 5034 vitae
2173 4979 2307 5034 mari
2334 4981 2675 5050 navigantes,
2709 4979 2846 5048 apud
2869 4995 3058 5035 omnes
3089 4991 3277 5051 gentes
3306 4981 3358 5036 in
3394 4986 3591 5041 mediis

2020 5074 2265 5129 ecclesiis
2298 5072 2652 5141 Evangelinm
2701 5072 3067 5142 praedicabant
3097 5089 3111 5127 :
3150 5074 3590 5146 quandoquidem

2020 5177 2073 5221 et
2103 5167 2204 5236 ipsi
2235 5168 2492 5238 hymnum
2521 5180 2720 5218 novum
2763 5179 2858 5234 per
2885 5179 3099 5218 omnem
3145 5176 3346 5220 terram
3383 5183 3594 5222 annun-

2024 5260 2231 5314 tiabant
2251 5299 2267 5324 ,
2292 5269 2347 5313 et
2381 5258 2432 5311 in
2457 5256 2634 5310 medio
2663 5255 3016 5310 ecclesiarum
3055 5255 3360 5310 hominibus
3399 5261 3597 5327 praedi-

2022 5352 2222 5405 cabant
2253 5361 2305 5405 et
2339 5350 2629 5403 docebant.
2662 5367 2679 5400 ι
2725 5348 2789 5401 Et
2828 5349 3159 5403 habitatores
3189 5366 3400 5407 earum.
3440 5369 3460 5404 ι
3501 5350 3598 5407 His

2024 5441 2296 5510 signiﬁcat
2327 5456 2442 5499 eos.
2478 5439 2571 5509 qui
2597 5439 2650 5492 iu
2678 5439 2926 5495 ecclesiis
2957 5453 3134 5494 C(Bllls
3161 5451 3345 5512 agunt.

342 5533 700 5597 διδάσκοντες.
719 5549 739 5584 ι
764 5531 873 5584 Καὶ
902 5531 950 5584 οἱ
971 5528 1346 5594 κατοικοῦντες
1365 5529 1534 5594 αὐτάς
1553 5546 1566 5561 ’
1597 5547 1615 5582 ι
1642 5531 1766 5594 τοὺς
1787 5533 1845 5584 ἐν
1857 5531 2310 5603 ταῖίέκκλησίαις
2330 5529 2727 5603 συναγομένους
2743 5532 2935 5586 τοῦτον
2952 5533 3232 5604 ἐμφαίνων
3255 5533 3345 5589 τδν
3370 5536 3595 5608 τρόπον.

414 5668 433 5700 ι
476 5646 842 5720 Εὐφράνθητι,
876 5646 1098 5720 ἔρημος,
1162 5646 1258 5701 καὶ
1294 5645 1350 5702 al
1374 5646 1554 5718 κῶμαι
1587 5647 1758 5718 αὐτῆς
1787 5663 1802 5679 ·
1837 5665 1855 5700 ι
1885 5647 1920 5720 ἢ

346 5742 483 5798 πατὰ
516 5743 642 5808 τοὺς
670 5741 889 5805 λοιπώς
917 5742 1272 5817 ἐρμηνευτάς,
1304 5761 1322 5794 ι
1353 5743 1447 5797 καὶ
1474 5741 1654 5807 πόλεις
1680 5740 1868 5814 αὐτῆς.
1904 5759 1921 5796 t

2102 5649 2263 5706 Vatis.
2286 5650 2373 5706 ll.
2405 5669 2424 5704 ι
2456 5649 2661 5706 Laetare
2694 5653 2990 5708 desertum.
3019 5663 3072 5705 et
3104 5653 3208 5710 vici
3239 5655 3444 5724 elimat
3478 5659 3596 5715 sive

2035 5743 2326 5800 secundum
2353 5742 2588 5815 reliquos
2618 5744 2966 5816 interpretes,
3006 5765 3024 5800 ι
3057 5756 3110 5803 et
3137 5749 3381 5807 civitates
3403 5752 3542 5813 eius.
3567 5771 3594 5807 ν
