4168 6398
549 343 646 399 591

1218 340 1494 398 EL'SEBII
1534 343 2014 402 CIESARIENSIS
2052 344 2204 402 OPP.
2247 347 2426 402 PARS
2462 347 2553 404 Ill.
2595 380 2664 393 --
2703 348 3115 404 EXEGETICA.
3176 355 3179 357 ’

3702 357 3810 415 39!

548 455 727 511 Multa:
772 457 966 526 quippe
1009 459 1174 513 urbes
1223 461 1520 515 secundum
1560 463 1770 519 iliveesa
1812 466 1933 520 vitae
1965 466 2118 519 insti-

2229 468 2425 522 Πολλαὶ
2454 471 2562 542 γὰρ
2591 470 2774 535 πόλεις
2810 472 2949 525 κατὰ
2975 471 3071 533 τὰς
3120 468 3406 542 διαφόρους
3459 471 3730 539 πολιτείας
3751 478 3814 529 ἐν

548 561 661 604 tota
705 553 757 604 in
803 550 1048 606 Ecclesia
1091 553 1183 608 Dei
1247 555 1654 624 intelliguntur,
1709 569 1767 610 ut
1825 558 1876 611 in
1924 559 2127 612 visione

544 638 767 714 (Egypti
796 645 1132 699 declaratum
1158 656 1262 710 est,
1300 649 1389 701 tibi
1423 650 1723 714 dicebatur,
1753 653 1999 720 quinque
2031 667 2126 705 ur-

549 733 645 785 bes
681 734 734 786 in
765 732 1004 804 Egypto
1041 734 1175 798 fore,
1207 753 1325 805 qua:
1358 737 1538 807 lingua
1558 741 1917 796 Cbananitide
1945 743 2128 812 loque-

549 835 758 879 rentur.
803 845 820 878 ι
865 828 1014 880 Villa:
1050 837 1100 880 et
1151 829 1486 883 habitatores
1529 831 1723 884 Cedar.
1773 831 2128 888 Lretabuntur

545 917 637 983 qui
678 916 926 970 habitant
972 918 1221 982 Petram,
1264 919 1330 971 de
1372 921 1578 975 vertice
1619 923 1880 976 montium
1925 923 2127 977 clama-

543 1008 699 1061 bunt.
733 1029 752 1060 ι
787 1011 964 1065 Cedar
1004 1012 1054 1064 in
1083 1012 1324 1066 ulteriori
1373 1013 1570 1067 Arabia
1599 1014 1700 1068 sita
1739 1025 1823 1070 est
1854 1018 1918 1069 ad
1948 1027 2127 1071 extre-

548 1114 694 1152 mum
726 1101 925 1155 deserti
951 1142 965 1162 .
999 1117 1156 1170 quam
1210 1103 1392 1157 dicunt
1431 1105 1679 1160 oblinere
1724 1110 2122 1160 Saracenorum

548 1200 787 1258 gentem.
827 1191 920 1246 llis
949 1207 1139 1248 omnes
1167 1195 1365 1250 deserti
1408 1205 1464 1249 et
1509 1196 1693 1250 finium
1740 1207 1899 1252 terra:
1938 1199 2126 1252 incola:

547 1285 923 1353 signiﬁcantur
947 1328 962 1347 .
998 1287 1067 1340 ita
1097 1298 1152 1341 ut
1185 1289 1524 1344 rationabilis
1553 1291 1640 1345 illa
1685 1291 1774 1344 Dei
1820 1290 2000 1366 lzelitia
2031 1307 2126 1357 per

545 1377 747 1432 Christi
779 1379 1009 1447 gratiam
1043 1380 1108 1433 ad
1136 1397 1234 1436 nos
1267 1400 1436 1451 usque
1462 1394 1787 1453 perventura
1827 1385 1915 1441 sit.
1965 1384 2120 1439 Petra

547 1485 676 1525 vero
705 1474 834 1525 urbs
861 1473 1107 1539 qumdam
1150 1473 1452 1531 Palmstina:
1475 1486 1578 1542 est,
1613 1477 2008 1545 superstitiosis
2043 1481 2121 1531 vi-

546 1562 626 1616 ris
669 1563 858 1632 plena,
895 1573 950 1616 et
1006 1564 1057 1616 i-n
1101 1567 1427 1633 profundum
1473 1569 1727 1624 diabolici
1774 1570 1978 1624 erroris
2027 1570 2121 1624 de-

547 1671 725 1708 mersa
757 1673 770 1708 :
798 1657 950 1723 cujus
997 1658 1125 1713 item
1176 1660 1380 1715 incolas
1424 1663 1617 1732 gratiae
1671 1673 1950 1718 consortes
2005 1662 2122 1718 fore

545 1746 992 1813 dieithisverhis,
1026 1767 1045 1799 ι
1071 1749 1420 1805 Ltetabuntur
1443 1755 1532 1817 qui
1562 1752 1800 1806 habitant
1821 1751 2061 1807 Petram.
2093 1772 2114 1804 ι

2229 565 2297 632 τῇ
2343 562 2637 634 Ἐκκλησία
2657 564 2750 616 τοῦ
2775 563 2910 616 Θεοῦ
2934 562 3294 624 ἐπινοοῦνται,
3319 562 3394 625 ὡς
3417 563 3690 618 ἐδείκνυτο
3717 567 3811 620 καὶ

2231 657 2288 707 ἐν
2319 659 2382 724 τῇ
2412 655 2600 726 ὁράσει
2629 657 2726 727 τῆς
2767 656 3064 724 Αἰγύπτου,
3111 655 3168 706 ἐν
3291 654 3543 725 ἐλέγοντο
3593 657 3810 713 ἔσεσθαι

2229 747 2391 800 πέντε
2439 747 2620 811 πόλεις
2674 751 2732 802 ἐν
2766 748 3023 818 Αἰγύπτῳ
3065 746 3319 800 λαλοῦσαι
3371 751 3438 818 τῇ
3489 748 3707 823 γλώσσῃ
3742 751 3811 822 τῇ

2228 839 2554 893 Χανανίτιδι.
2603 858 2622 890 ι
2663 839 2946 902 Ἐπαύλεις
2985 840 3077 893 καὶ
3101 841 3149 892 οἱ
3192 841 3573 906 κατοικοῦντες
3597 844 3810 918 Κηδάρ.

2229 932 2710 1004 Εύφρανθήσονται
2748 934 2796 985 οἱ
2829 933 3209 996 κατοικοῦντες
3239 934 3470 1005 Πέτραν,
3503 937 3596 988 ἀπ’
3639 936 3811 1009 ἄκρου

2227 1023 2335 1076 τῶν
2396 1024 2568 1095 ὀρέων
2621 1024 2894 1095 βοήσουσι.
2935 1043 2953 1075 ι
3023 1024 3087 1077 Ἦ
3127 1025 3318 1096 Κηδάρ
3345 1025 3400 1079 δὲ
3426 1026 3680 1080 ἐπέκεινα
3713 1028 3813 1099 τῆς

2241 1115 2498 1186 Ἀραϐίας
2517 1117 2774 1186 τυγχάνει
2799 1116 2895 1167 ἐπὶ
2921 1115 3024 1186 τῆς
3063 1116 3297 1186 ἐσχάτης
3323 1119 3419 1188 ἑρὴ
3429 1135 3550 1188 μου,
3574 1121 3667 1172 καὶ
3689 1137 3812 1173 κατ’

2227 1207 2370 1276 ἐχειν
2395 1208 2526 1276 φασὶ
2569 1207 2631 1260 τὸ
2663 1207 2770 1260 τῶν
2799 1207 3131 1279 Σαρακηνῶν
3169 1209 3342 1276 γένος.
3399 1211 3476 1262 Δι’
3499 1203 3574 1262 ὧν
3606 1213 3634 1264 6
3654 1209 3812 1280 λόγος

2227 1298 2493 1370 ἐϐουλήθη
2520 1299 2730 1362 πάντας
2761 1299 2890 1361 τοὺς
2937 1299 3036 1363 τὰς
3063 1301 3302 1371 ἐρήμους
3341 1303 3436 1354 καὶ
3485 1301 3554 1355 τὰ
3606 1302 3813 1373 ἔσχατα

2225 1389 2324 1458 τῆς
2350 1390 2453 1459 γῆς
2497 1387 2779 1452 οἰκοῦντας
2803 1390 3061 1460 δηλῶσαι,
3084 1391 3159 1454 ὼς
3183 1392 3283 1462 τῆς
3308 1392 3402 1446 τοῦ
3427 1392 3561 1446 Θεοῦ
3587 1394 3812 1466 λογικῆς

2223 1479 2565 1552 εὐφροσύνης
2593 1481 2682 1536 διὰ
2705 1481 2806 1550 τῆς
2825 1482 2918 1534 τοῦ
2955 1481 3190 1554 Χριστοῦ
3217 1483 3438 1554 χάριτος
3481 1485 3574 1538 καὶ
3616 1486 3812 1557 μέχρις

2223 1570 2381 1641 ἡμῶν
2416 1571 2640 1640 φθάνειν
2668 1571 2985 1644 μελλούσης.
3021 1575 3130 1626 Καὶ
3156 1574 3337 1644 Πέτρα
3367 1575 3423 1629 δέ
3455 1578 3542 1638 τίς
3570 1577 3684 1630 ἐστι
3708 1578 3809 1630 πό-

2223 1661 2306 1724 λις
2332 1662 2696 1733 Παλαιστίνης
2725 1663 3132 1734 δεισιδαιμόνων
3165 1666 3396 1737 ἀνδρῶν,
3429 1669 3521 1721 καὶ
3547 1669 3713 1740 πολλῇ
3740 1671 3808 1740 τῇ

2223 1752 2398 1825 πλάνῃ
2444 1756 2510 1823 τῇ
2564 1754 2850 1826 δαιμονικῇ
2906 1756 3336 1828 βεϐαπτισμένη·
3392 1753 3460 1825 ἧς
3496 1759 3590 1812 καὶ
3637 1759 3810 1830 αὐτῆς

540 1835 710 1906 Cirjtis
741 1839 1009 1893 sermonis
1042 1840 1326 1894 veritatem
1348 1841 1470 1910 ipse
1501 1857 1680 1894 rerum
1713 1852 1943 1895 eventus
1969 1857 2118 1895 com-

2223 1843 2344 1905 τους
2371 1843 2614 1907 ἐνοίκους
2647 1847 2746 1914 τῆς
2772 1846 2992 1917 χάριτος
3017 1827 3420 1916 μεταλήψεσθαί
3454 1865 3584 1917 φησι
3608 1827 3806 1916 λέγων’

543 1929 815 1996 probavit,
847 1947 968 1985 cum
1024 1933 1074 1985 in
1113 1933 1226 2001 ipsa
1281 1932 1626 1988 Petrensium
1679 1935 1921 1996 civitate.
1967 1945 2023 1989 et
2064 1934 2118 1988 in

543 2036 674 2087 agro
722 2023 866 2090 ejus,
910 2039 1121 2078 uecrmn
1173 2025 1224 2078 in
1276 2024 1658 2080 solitudinibus
1701 2025 2119 2090 Saracenorum,

539 2111 743 2166 Christi
773 2113 1030 2168 Ecclesiae
1077 2116 1276 2170 nostris
1322 2117 1654 2187 temporibus
1706 2117 1945 2172 fundatae
1987 2117 2117 2172 sint.

541 2204 690 2259 Alias
726 2221 852 2260 vero
879 2208 1055 2262 Cedar
1077 2209 1352 2278 signiﬁcat
1384 2214 1650 2274 tenebrat,
1694 2224 1879 2264 eorum
1911 2225 2102 2273 causa,

538 2295 634 2362 qui
693 2312 725 2348 a
775 2298 1015 2352 tenebris
1069 2301 1135 2354 ad
1192 2302 1570 2354 annuntiatam
1625 2302 1875 2370 gentibus
1941 2301 2115 2355 lucem

541 2389 793 2442 translati
842 2401 988 2444 sum.
1031 2389 1154 2446 Pari
1199 2394 1386 2446 laetitia
1429 2394 1738 2446 alliciendos
1785 2394 1860 2446 ait
1901 2409 1996 2448 eos
2025 2393 2116 2462 qui

543 2480 1076 2536 inhabitantPi-trmu
1108 2501 1124 2538 ξ
1169 2504 1184 2534 ι
1224 2484 1377 2537 Petra
1408 2496 1584 2537 autem
1610 2484 2066 2539 eratChristus'”.
2092 2503 2112 2536 ι

2226 1954 2244 1986 ι
2284 1935 2766 2006 Εὑφρανθήσονται
2795 1939 2843 1988 οἱ
2876 1936 3156 2000 οἰκοῦντες
3180 1938 3410 2008 Πέτραν.
3444 1957 3462 1989 ι
3497 1937 3714 1990 Τούτων
3751 1938 3812 1993 δέ

2218 2025 2328 2079 τῶν
2353 2027 2526 2094 λόγων
2547 2027 2646 2099 τὴν
2668 2027 2926 2098 ἀλήθειαν
2948 2031 2981 2098 ἡ
3012 2028 3099 2082 διὰ
3137 2029 3246 2081 τῶν
3282 2029 3622 2100 πραγμάτων
3644 2028 3812 2084 ἐκϐα-

2225 2135 2310 2183 σις
2347 2119 2708 2184 ἐπιστώσατο,
2758 2120 3093 2193 Ἐκκλησιῶν
3134 2121 3370 2192 Χριστοῦ
3399 2122 3491 2175 καὶ
3522 2124 3608 2176 ἐπ’
3636 2122 3811 2194 αὐτῆς

2222 2210 2323 2283 τῆς
2350 2212 2599 2282 Πετρέων
2639 2212 2867 2276 πόλεως,
2893 2213 3034 2267 κατά
3052 2229 3110 2265 τε
3142 2213 3238 2284 τὴν
3261 2211 3444 2285 χώραν
3468 2213 3638 2283 αὐτῆς
3655 2255 3670 2272 .
3713 2215 3810 2268 καὶ

2223 2305 2280 2356 ἐν
2302 2305 2421 2366 ταῖς
2455 2305 2682 2374 ἐρήμοις
2709 2304 2764 2356 δὲ
2790 2304 2897 2357 τῶν
2917 2303 3251 2376 Σαρακηνῶν
3273 2304 3393 2357 καθ’
3429 2306 3576 2375 ἡμᾶς
3611 2305 3811 2370 αὐτοὺς

2222 2393 2547 2466 ἱδρυμένων.
2579 2397 2688 2449 Καὶ
2714 2395 2887 2460 ἄλλως
2940 2395 2997 2448 δὲ
3048 2395 3238 2467 Κηδὰρ
3273 2395 3635 2467 ἑρμηνεύεται
3681 2413 3812 2449 σκο-

2224 2486 2454 2557 τασμδς,
2489 2486 2574 2540 διὰ
2604 2487 2731 2550 τοὺς
2772 2486 3174 2558 μεταϐαλόντας
3209 2487 3318 2542 ἀπὸ
3363 2487 3455 2542 τοῦ
3496 2488 3809 2560 σκοτασμοῦ

541 2573 719 2626 ἐπὶτὸ
766 2575 1206 2644 κατηγγελμένον
1242 2575 1356 2644 φῶς
1404 2578 1514 2638 τοῖς
1544 2575 1774 2628 ἔθνεσιν.
1829 2573 2316 2646 Εὐφρανθησεσθαι
2353 2577 2381 2628 6
2435 2576 2590 2645 λόγος
2641 2577 2774 2646 φησὶ
2818 2577 2909 2629 καὶ
2953 2576 3078 2639 τοὺς
3128 2577 3512 2642 κατοικοῦντας
3549 2578 3646 2650 τὴν
3704 2578 3810 2634 Πέ-

539 2682 676 2738 τραν
704 2667 936 2739 ὁμοίωςο
973 2689 989 2718 ι
1025 2670 1087 2722 ’Π
1111 2669 1167 2721 δὲ
1198 2670 1377 2741 Πέτρα
1413 2665 1480 2740 ἦν
1518 2671 1546 2722 6
1588 2669 1839 2740 Χριστός.
1887 2687 1904 2718 ι

617 2760 779 2813 Vens.
813 2760 902 2823 12,
933 2761 1016 2813 l3.
1046 2779 1063 2810 ι
1106 2761 1316 2814 Dabunt
1350 2762 1455 2814 Deo
1474 2761 1979 2827 gloriamzrirtutes
2003 2760 2120 2830 ejus

543 2851 600 2904 in
634 2851 826 2905 insulis
861 2852 1204 2904 nuntiabunt.
1245 2871 1263 2902 ι
1306 2851 1378 2904 Ita
1418 2861 1469 2904 et
1514 2853 1766 2918 superius
1805 2852 2112 2917 dicebatur,

547 2960 567 2992 ι
609 2941 779 3010 Supra
828 2952 1064 2996 montem
1099 2943 1374 2997 excelsum
1427 2945 1692 3006 ascende,
1738 2943 1826 3012 qui
1889 2957 2120 3012 evange-

542 3034 677 3087 lizas
707 3034 879 3088 Sion:
914 3034 1088 3087 exalta
1141 3036 1192 3088 in
1232 3035 1543 3090 fortitudine
1574 3050 1760 3090 vocem
1803 3044 1951 3090 tuam
1974 3076 1989 3103 ,
2025 3035 2117 3107 qui

543 3125 883 3194 evangelizas
909 3123 1230 3179 Jerusalem.
1267 3145 1286 3177 ι

619 3237 638 3268 ‹
681 3219 938 3273 Dominus
993 3216 1133 3271 Deus
1175 3218 1508 3272 exercituum
1533 3219 1842 3289 egredietur
1863 3263 1878 3286 ,
1901 3232 1958 3276 et
1987 3236 2119 3275 con-

542 3325 682 3370 teret
721 3312 941 3376 bellum,
1007 3309 1265 3364 excitabit
1323 3310 1533 3373 telum,
1593 3320 1649 3365 et
1715 3311 1969 3366 clamabit
2026 3328 2119 3366 su-

543 3423 640 3476 per
708 3403 954 3458 inimicos
1007 3415 1134 3456 suos
1177 3414 1300 3454 cum
1370 3401 1702 3456 fortitudine.
1763 3421 1781 3453 ι
1838 3402 1955 3456 Non
2004 3404 2121 3457 sine

541 3515 702 3553 causa
754 3499 897 3552 enim
946 3498 1077 3565 ipsis
1129 3495 1320 3550 bellum
1377 3495 1627 3550 illaturus
1678 3506 1794 3559 est;
1852 3497 1945 3548 sed
1977 3507 2122 3565 post-

541 3607 704 3660 quam
762 3606 979 3644 causam
1036 3589 1178 3642 illam
1233 3588 1482 3657 protulit,
1533 3588 1584 3642 id
1639 3603 1828 3658 magna
1860 3602 1990 3642 voce
2031 3590 2122 3640 de-

542 3681 792 3745 clarabit,
827 3691 886 3734 ut
944 3680 1105 3734 docet
1156 3679 1240 3734 his
1290 3677 1490 3744 verbis,
1525 3696 1542 3729 ι
1577 3676 1743 3733 Tacui
1774 3695 1788 3729 :
1826 3694 1951 3731 num
1977 3693 2121 3732 sem-

543 3789 641 3844 per
664 3772 890 3827 tacebo?
926 3791 945 3824 ι
985 3770 1119 3824 Nam
1147 3772 1272 3824 dum
1302 3769 1375 3823 illi
1411 3771 1675 3824 scelerate
1705 3781 1761 3824 et
1787 3771 1948 3839 impie
1975 3785 2112 3838 age-

541 3873 701 3928 rent,
734 3865 1006 3933 patienter
1031 3861 1211 3916 l‘erens
1246 3860 1368 3924 ille,
1407 3861 1661 3930 ipsosque
1712 3860 2118 3930 longanimitate

546 3970 646 4008 sua
673 3953 932 4016 tolerans,
965 3968 1140 4022 neque
1169 3952 1454 4006 coofestim
1488 3953 1624 4006 iram
1648 3965 1702 4008 et
1737 3955 1996 4008 ultionem
2041 3955 2121 4008 in-

543 4046 759 4109 ferens,
793 4044 1024 4100 tacebat.
1077 4043 1140 4096 Et
1194 4043 1331 4097 alias
1386 4051 1634 4113 tempore
1691 4046 1962 4115 passionis
2009 4061 2119 4100 sua:

542 4139 668 4190 dum
697 4135 984 4190 calumniis
1012 4135 1366 4204 impeteretur
1403 4138 1651 4202 tacebat,
1703 4147 1756 4192 et
1813 4153 1934 4192 cum
1984 4136 2117 4194 falsa

548 4228 860 4283 testimonia
892 4226 1129 4290 audiret,
1158 4227 1288 4280 nihil
1317 4229 1692 4295 respondebat.

617 4319 780 4374 Vens.
819 4319 910 4384 H,
948 4319 1030 4373 l5.
1054 4337 1075 4370 ι
1099 4319 1264 4373 Tacui
1315 4335 1331 4372 :
1384 4336 1508 4372 num
1537 4335 1754 4389 semper
1791 4321 2018 4384 tacebo,
2064 4328 2119 4375 et

540 4411 867 4467 Sustiueho?
916 4411 1075 4466 Sicut
1109 4412 1328 4480 pariens
1371 4413 1642 4480 patienter
1673 4413 1777 4482 egi.
1822 4411 2117 4466 Dimovebo

2144 3183 2191 3240 C

2299 2779 2318 2810 ι
2360 2756 2597 2809 Δώσουσι
2623 2754 2699 2825 τῷ
2721 2754 2839 2824 Θεῴ
2854 2751 3011 2818 δόξαν
3027 2771 3041 2784 ⁸
3070 2753 3169 2817 τάς
3189 2754 3389 2826 ἀρετάς
3413 2753 3577 2807 αὑτοῦ
3600 2754 3658 2805 ἐν
3685 2760 3809 2820 ταῖς

2225 2856 2409 2923 νήσοις
2437 2847 2817 2917 ἁναγγελοῦσι.
2853 2867 2871 2899 ι
2907 2847 3063 2900 Οὕτω
3087 2848 3142 2901 δὲ
3164 2847 3258 2899 καὶ
3279 2846 3535 2918 ἀνωτέρω
3564 2844 3804 2914 ἐλέγετο·

2230 2960 2250 2992 ι
2303 2939 2420 2992 Ἐπ’
2464 2939 2590 3011 ὅρος
2655 2936 2857 3007 ὑψηλὸν
2919 2935 3152 3006 ἀνάϐηθι
3178 2976 3192 2997 ,
3237 2935 3266 2987 6
3323 2932 3808 3005 εὐαγγελιζόμενος

2227 3026 2393 3081 Σιών·
2423 3025 2636 3098 ὓψωσον
2668 3029 2733 3096 τῇ
2779 3023 2923 3095 ἰσχύῖ
2969 3024 3068 3096 τὴν
3099 3024 3282 3095 φωνήν
3311 3040 3425 3089 σου,
3467 3023 3496 3074 6
3520 3023 3802 3092 εὐαγγελι-

2229 3120 2454 3191 ζόμενος
2497 3117 2868 3192 Ἰερουσαλήμ.
2902 3135 2920 3168 ι

2301 3230 2320 3263 ι
2374 3211 2578 3282 Κύριος
2611 3212 2640 3263 6
2667 3210 2797 3272 Θεὸς
2843 3209 2952 3262 τῶν
2995 3208 3276 3279 δυνάμεων
3309 3207 3666 3273 ἐξελεύσεται,
3711 3207 3807 3261 καὶ

2225 3303 2503 3375 συντρίψει
2550 3303 2805 3373 πόλεμον,
2826 3303 3080 3371 ἐπεγερεί
3108 3299 3287 3371 ζῆλον,
3313 3300 3406 3352 καὶ
3427 3299 3680 3369 βοήσεται
3713 3299 3808 3351 ἐπὶ

2222 3400 2350 3460 τοὺς
2389 3397 2619 3467 ἐχθροὺς
2664 3393 2830 3447 αὑτοῦ
2884 3392 2999 3463 μετ’
3039 3391 3239 3462 ἰσχύος.
3278 3410 3295 3441 ι
3333 3391 3408 3444 Οὐ
3453 3390 3562 3462 γὰρ
3592 3389 3807 3458 ἀλόγως

2224 3489 2420 3551 αὐτοὺς
2456 3486 2785 3556 πολεμήσει·
2831 3483 2966 3536 ἀλλὰ
3001 3482 3140 3555 μετά
3182 3482 3276 3536 τοῦ
3312 3481 3410 3552 τὴν
3440 3481 3619 3535 αἰτίαν
3664 3480 3804 3546 ἐξει-

2223 3585 2344 3636 πεῖν
2376 3580 2470 3634 καὶ
2505 3576 2714 3650 μεγάλῃ
2905 3575 3138 3646 φανερὸν
3163 3576 3400 3645 ποιησει,
3431 3574 3498 3644 ἣν
3533 3573 3625 3626 καὶ
3656 3571 3807 3626 διδά-

2223 3691 2343 3728 σκει
2364 3673 2568 3741 λέγων’
2605 3689 2623 3721 ι
2647 3667 2980 3738 Ἐσιώπησαο
3017 3666 3091 3737 μὴ
3125 3667 3220 3720 καὶ
3245 3666 3332 3719 ἀεὶ
3366 3666 3750 3736 σιωπήσομαις
3777 3683 3797 3716 ›

2233 3767 2322 3820 Ἐν
2351 3764 2458 3835 γὰρ
2489 3760 2568 3832 τῷ
2601 3760 2938 3831 παρανομεῖν
2971 3757 3166 3820 αὐτοὺς
3205 3756 3299 3809 καὶ
3330 3754 3566 3815 ἀσεϐεῖν,
3625 3753 3806 3818 ἀνεξι-

2221 3856 2408 3912 κακῶν
2441 3855 2533 3908 καὶ
2591 3852 2771 3923 φέρων
2825 3849 3026 3912 αὐτοὺς
3087 3849 3153 3918 τῇ
3199 3844 3363 3900 αὐτοῦ
3425 3843 3804 3916 μακροθυμία,

2225 3951 2361 4024 μηδὲ
2393 3946 2735 4020 παραχρῆμα
2796 3943 2895 4013 τὴν
2929 3941 3099 4013 ὀργὴν
3151 3939 3334 4002 αὐτοῖς
3378 3939 3600 4006 ἐπάγων
3640 3937 3803 3990 ἐσιὼ-

2225 4060 2384 4114 πησε.
2438 4039 2548 4093 Καὶ
2597 4037 2772 4100 ἄλλως
2809 4035 2864 4088 δὲ
2903 4033 3046 4088 κατὰ
3089 4032 3178 4085 τὸν
3224 4029 3412 4102 καιρὸν
3449 4029 3542 4082 τοῦ
3597 4028 3805 4092 πάθους

2219 4133 2405 4198 αὐτοῦ,
2449 4128 2947 4200 συκοφαντούμενος
2996 4123 3226 4188 ἐσιώπα,
3280 4123 3375 4176 καὶ
3418 4121 3804 4192 ψευδομαρτυ-

2223 4227 2481 4300 ρούμενος
2513 4223 2663 4277 οὐδὲν
2683 4221 3019 4292 ἀπεκρίνατο

2293 4338 2311 4370 ι
2352 4314 2664 4386 Ἐσιώπησα
2685 4330 2698 4344 ο
2739 4313 2813 4384 μὴ
2848 4312 2935 4365 ἀεὶ
2986 4309 3358 4377 σιωπήσομαι,
3383 4304 3478 4359 καὶ
3504 4303 3800 4374 ἁνέξομαις

2229 4410 2316 4472 Ὡς
2349 4410 2383 4480 ἡ
2432 4408 2688 4460 τίκτουσα
2743 4402 3108 4473 ἐκαρτέρησα.
3151 4399 3430 4468 Ἐκστήσω
3451 4395 3545 4449 καὶ
3583 4393 3800 4466 ξηρανῶ

542 4517 600 4559 ct
656 4503 947 4559 arefaciam
1001 4504 1215 4570 simul;
1253 4505 1500 4558 desertos
1550 4505 1742 4557 faciam
1796 4515 2010 4558 montes
2064 4514 2114 4558 et

2223 4502 2368 4572 ἅμα·
2409 4498 2680 4569 ἐρημώσω
2713 4494 2815 4564 ὅρη
2849 4495 2944 4547 καὶ
2970 4492 3212 4563 βουνούς,
3245 4489 3340 4542 καὶ
3391 4487 3570 4540 πάντα
3609 4485 3802 4582 χόρτον

536 4597 724 4661 civiles,
761 4605 816 4650 et
839 4611 1003 4651 onme
1055 4595 1236 4651 fenum
1267 4611 1454 4651 eorum
1486 4596 1795 4651 exsiccabo.
1827 4595 1890 4649 Et
1914 4610 2107 4664 ponam

536 4688 757 4743 Πιιιιίιιιι
792 4687 843 4741 in
885 4687 1088 4741 insulas
1116 4727 1131 4751 ,
1178 4697 1232 4740 et
1267 4698 1455 4756 stagna
1495 4685 1826 4749 arefaciam;
1862 4704 1880 4737 ι
1927 4685 2116 4739 videli-

537 4791 625 4834 cel
657 4757 982 4845 doctrinam,
1011 4795 1130 4849 quae
1162 4779 1266 4836 illis
1301 4780 1427 4833 olim
1456 4778 1742 4834 fluviorum
1771 4778 1948 4831 instar
1988 4791 2115 4845 sup-

540 4875 904 4945 peditabatur.

613 4963 775 5020 Vens.
816 4965 902 5020 16.
951 4984 968 5016 ι
1005 4965 1071 5020 Et
1099 4967 1292 5019 ducam
1329 4981 1502 5020 cmcos
1536 4966 1589 5019 in
1626 4965 1710 5019 via
1735 5005 1749 5028 ,
1790 4979 1953 5033 quam
2001 4979 2106 5018 non

541 5067 825 5116 noverunt.
857 5067 904 5112 et
948 5058 997 5110 in
1027 5059 1255 5120 semitis.
1282 5073 1417 5126 quas
1447 5057 1798 5128 ignorabant,
1828 5053 2107 5109 ambulare

539 5167 634 5208 cos
680 5152 894 5206 faciam.
949 5152 1186 5205 Reddam
1246 5152 1352 5225 illis
1401 5153 1654 5206 tenebras
1705 5152 1757 5204 in
1817 5150 2025 5212 lucem.
2059 5157 2114 5204 et

543 5256 782 5297 tortuosa
813 5247 863 5295 in
899 5255 1122 5300 rectam.
1157 5244 1280 5298 llaec
1314 5246 1472 5298 verba
1505 5242 1719 5308 faciam,
1754 5251 1804 5296 et
1835 5257 1938 5296 non
1964 5243 2116 5294 dere-

543 5336 779 5403 linquam
821 5351 934 5390 eos.
978 5357 994 5386 ι
1031 5335 1259 5400 Quinam
1295 5336 1348 5390 hi
1391 5346 1577 5391 essent
1617 5335 1866 5406 superius
1909 5333 2116 5394 docuit.

541 5433 606 5483 de
634 5446 859 5498 persona
893 5429 1091 5483 Christi
1121 5429 1324 5493 dicens,
1358 5447 1377 5481 ι
1414 5429 1540 5484 Dedi
1571 5440 1624 5484 te
1649 5430 1700 5483 in
1728 5435 2106 5482 testamentum

541 5522 755 5589 generis
776 5563 790 5585 ,
831 5522 884 5574 in
923 5521 1094 5574 lucem
1144 5523 1424 5590 gentium,
1463 5531 1520 5575 ut
1551 5522 1766 5591 aperias
1794 5518 1980 5574 oculos
2007 5533 2110 5572 cae-

539 5629 750 5667 corum.
788 5629 807 5663 ι
854 5610 963 5665 llos
992 5613 1172 5680 itaque
1214 5613 1358 5680 ipsos
1383 5611 1508 5666 olim
1538 5625 1711 5666 (arcos
1737 5611 1793 5665 in
1835 5607 2105 5683 gentibus.

540 5722 644 5790 ("In
682 5719 789 5757 non
819 5713 1085 5758 noverant
1119 5704 1203 5758 via
1251 5702 1530 5760 ambulare
1561 5718 1620 5760 se
1651 5703 1922 5761 facturum
1955 5699 2108 5773 polli-

611 5819 659 5852 τδ
689 5819 704 5874 1
735 5817 862 5876 Cor.
903 5835 959 5878 κ.
997 5818 1050 5874 4.

2219 4590 2396 4646 αὐτῶν
2435 4587 2673 4661 ξηρινῶ.
2724 4587 2837 4641 Καὶ
2869 4585 3020 4656 θήσω
3052 4584 3330 4654 ποταμοὺς
3354 4581 3432 4644 εἰς
3465 4581 3683 4651 νήσους,
3707 4576 3803 4632 καὶ

2209 4686 2309 4757 ,ἕλη
2342 4682 2589 4756 ξηρανῶ·
2640 4700 2658 4733 ι
2686 4677 2784 4742 τὰς
2817 4677 2983 4734 πάλαι
3034 4674 3293 4746 ποταμῶν
3332 4673 3487 4743 δίκην
3528 4685 3799 4742 χορηγου-

2219 4777 2385 4848 μένας
2414 4774 2596 4836 αὐτοῖς
2623 4769 2995 4832 διδασκαλίας.

2287 4978 2304 5009 ι
2345 4957 2452 5011 Καὶ
2503 4954 2616 5021 ἄξω
2644 4952 2876 5022 τυφλοὺς
2905 4952 2962 5003 ὲν
3012 4949 3116 5019 ὁδῷ
3249 4947 3352 5000 οὐκ
3402 4945 3668 5013 ἔγνωσαν,
3703 4941 3799 4996 καὶ

2211 5050 2428 5122 τρίϐους
2480 5046 2546 5110 ἃς
2598 5044 2699 5099 οὐκ
2743 5044 2984 5116 ᾔδεισαν,
3020 5040 3261 5109 πατῆσαι
3318 5039 3530 5108 ποιήσω
3575 5034 3797 5110 αὐτούς.

2215 5144 2434 5212 Ποιὴσω
2466 5140 2653 5202 αὐτοῖς
2679 5137 2740 5190 τὸ
2787 5136 2976 5196 σκότος
3003 5135 3082 5196 εἰς
3111 5132 3249 5202 φῶς,
3276 5131 3370 5184 καὶ
3407 5130 3474 5183 τά
3500 5127 3690 5182 σκολιὰ
3718 5130 3800 5191 είς

2217 5233 2448 5292 εὐθεῖαν.
2474 5229 2659 5283 Ταῦτα
2683 5228 2752 5280 τὰ
2793 5227 3014 5298 ῥήματα
3049 5225 3278 5294 ποιήσω,
3313 5223 3408 5276 καὶ
3429 5221 3528 5273 ούκ
3561 5221 3800 5288 ἐγκατα-

2218 5324 2388 5394 λείψω
2421 5320 2634 5384 αὐτούς.
2680 5339 2698 5371 ι
2730 5317 2884 5380 Τίνες
2907 5316 2963 5369 δὲ
2995 5311 3132 5388 ἦσαν
3169 5308 3312 5368 οὗτοι
3342 5311 3546 5377 ἐδίδαξε
3571 5309 3660 5364 διὰ
3689 5310 3797 5363 τῶν

2216 5416 2542 5489 ἔμπροσθεν,
2571 5413 2740 5465 εἰπὼν
2773 5411 2851 5472 εἰς
2885 5408 3176 5480 πρόσωπον
3196 5407 3288 5461 τοῦ
3320 5404 3556 5478 Χριστοῦ
3581 5421 3594 5435 ο
3640 5424 3658 5456 ι
3697 5404 3796 5456 Ἕ-

2213 5509 2364 5563 δωκά
2393 5523 2451 5560 σε
2487 5507 2565 5568 εἰς
2591 5505 2856 5576 διαθήκην
2891 5503 3102 5572 γένους,
3151 5503 3229 5564 είς
3273 5500 3388 5569 φῶς
3431 5497 3619 5562 ἐθνῶν,
3649 5496 3798 5550 ἀνοῖ-

2218 5601 2301 5666 ξαι
2350 5597 2659 5669 ὀφθαλμοὺς
2710 5596 2944 5666 τυφλῶν.
2985 5615 3003 5647 ι
3072 5593 3306 5656 Τούτους
3351 5592 3415 5663 δὴ
3453 5585 3546 5644 οὖν
3600 5580 3660 5642 αὖ
3678 5589 3795 5651 τοὺς

2215 5694 2342 5756 τοὺς
2375 5690 2542 5745 πάλαι
2573 5688 2802 5760 τυφλοὺς
2837 5689 2898 5742 ἐν’
2923 5691 3034 5752 τοῖς
3067 5687 3298 5748 ἔθνεσιν,
3322 5683 3389 5737 ἦν
3422 5682 3496 5756 μὴ
3530 5679 3794 5748 ἐπεγίνωο
