4130 6400
283 336 388 396 593

1207 337 1716 396 COMMENTARIA
1754 337 1824 394 IN
1865 337 2128 394 ISAIAM.
2169 367 2239 378 —
2276 338 2429 395 CAP.
2470 336 2632 398 XLII.

3459 341 3564 397 596

241 461 244 464 ’
285 474 411 514 σκον
434 455 554 510 ὁδὸν
584 452 802 525 βαδίσαι
834 452 1083 525 ποιήσειν
1124 453 1542 522 ἐπαγγέλλεται.
1573 453 1743 506 Πόθεν
1769 452 1878 526 γὰρ

1999 458 2156 506 :etur.
2186 452 2307 520 Quo
2332 461 2490 524 parto
2524 454 2667 508 enim
2715 468 2835 509 eam
2883 455 3180 511 secundum
3219 456 3384 513 Deum
3420 460 3565 515 viam

284 553 412 624 ἡμῖν
447 546 740 618 γινώσκειν
765 546 949 618 παρῆν
975 546 1074 616 τὴν
1095 545 1236 600 κατὰ
1267 546 1402 600 Θεὸν
1428 545 1570 610 ὁδὸν,
1610 545 1643 616 ἦ
1669 545 1755 598 διὰ
1781 546 1878 617 τῆς

287 645 433 708 θείας
465 641 629 696 αὐτοῦ
658 641 915 711 χάριτος;
947 661 965 692 ι
1003 641 1224 711 Ποιήσω
1266 641 1447 704 αὐτοῖς
1478 641 1540 693 τὸ
1577 640 1767 703 σκότος
1802 641 1881 703 εἰς

288 736 440 805 φῶς·
476 755 495 786 ι
534 735 633 798 τὰς
681 731 1032 804 προφητικὰς
1081 732 1283 802 δηλαδὴ
1328 731 1556 804 Γραφὰς
1606 733 1702 786 καὶ
1755 731 1882 794 τοὺς

292 829 439 899 βίους
485 827 610 888 τοὺς
641 824 747 878 ὑπὸ
779 824 880 894 τῆς
911 822 1061 886 θείας
1113 822 1463 886 διδασκαλίας
1514 820 1883 892 ὑποϐαλλομέ-

291 939 416 985 νους
449 917 778 990 συνήσεσθαι
827 918 976 987 ἡμᾶς
1034 933 1188 987 φησι.
1227 917 1338 988 Τὴν
1375 917 1485 988 γὰρ
1513 916 1735 984 ἄγνοιαν
1787 913 1883 967 τοῦ

291 1012 428 1066 Θεοῦ
452 1010 550 1080 τὴν
583 1009 752 1063 πάλαι
781 1009 902 1071 ταῖς
922 1007 1122 1078 ψυχαῖς
1154 1007 1317 1078 ἡμῶν
1349 1007 1784 1071 ἐπιπολάζουσαν
1804 1006 1884 1068 εις

293 1100 408 1170 φῶς
443 1099 698 1170 γνώσεως
745 1097 1168 1169 μεταϐαλεῖσθαι
1188 1115 1200 1128 °
1239 1099 1335 1152 καὶ
1376 1098 1444 1152 τὰ
1475 1098 1642 1152 πάλαι
1673 1097 1729 1151 δὲ
1757 1115 1885 1152 σκοο

293 1194 383 1247 λιὰ
413 1196 543 1265 ἡμῖν
579 1192 676 1245 καὶ
713 1191 901 1261 ἀσαφῆ
928 1190 1284 1261 νομιζόμενα,
1335 1189 1431 1244 καὶ
1482 1189 1656 1242 ταῦτα
1706 1189 1886 1260 ὁμαλὰ

297 1288 545 1356 ποιήσειν
579 1282 1002 1352 ἐπαγγέλλεται.
1039 1283 1178 1345 Τοὺς
1208 1284 1270 1335 ἐκ
1300 1283 1604 1354 περιτομῆς
1654 1283 1886 1335 αἰνιττό-

299 1391 479 1444 μενος,
513 1373 678 1444 φησίν
692 1390 705 1402 ·

369 1486 389 1518 ι
423 1467 590 1520 Αὐτοὶ
643 1465 702 1520 δέ
753 1465 1190 1536 ἀπεστράφησαν
1246 1468 1328 1529 εις
1374 1465 1443 1518 τὰ
1480 1465 1678 1520 ὀπίσω.
1725 1485 1743 1518 ι
1775 1463 1885 1520 Εἶθ’

296 1559 487 1630 ὥσπερ
507 1556 814 1620 ἐπιδεικνὺς
840 1556 1024 1619 αὐτοῖς
1064 1554 1164 1626 τὴν
1208 1555 1319 1608 τῶν
1347 1555 1517 1610 ἐθνῶν
1561 1557 1886 1630 μεταϐολὴν,

298 1650 392 1705 καὶ
415 1651 474 1717 ἐξ
496 1651 617 1713 οἵας
645 1648 855 1721 πλάνης
890 1647 1332 1719 μεταϐεϐήκασιν
1362 1650 1442 1712 εἰς
1489 1648 1606 1718 φῶς
1643 1648 1890 1714 ἐλθόντες

297 1741 406 1794 ἀπὸ
441 1739 536 1794 τοῦ
577 1740 822 1806 σκότους,
882 1737 1249 1803 όνειδιστικῶς
1281 1738 1418 1811 πρὸς
1458 1740 1699 1804 ἐκείνους
1738 1740 1891 1794 εἰδω-

1987 557 2144 599 nosse
2171 553 2502 613 poteramus.
2551 548 2651 602 nisi
2705 561 2802 619 per
2829 548 3068 604 divinam
3123 551 3242 620 ejus
3289 552 3566 622 gratiam?

1989 651 2008 685 ι
2045 634 2262 690 Faciam
2287 637 2421 707 ipsis
2470 642 2722 695 tenebras
2781 643 2834 696 in
2891 641 3110 697 lucem:
3146 663 3165 694 ι
3222 645 3570 714 propheticas

1987 725 2238 781 videlicet
2267 728 2602 797 Scripturas,
2641 741 2694 785 et
2726 733 2888 787 vitam
2920 733 3091 798 illam,
3114 750 3220 805 qua
3259 736 3438 792 divina
3471 738 3572 794 do-

1985 818 2164 872 ctrina
2193 820 2526 890 suggeritur,
2565 837 2665 876 nos
2694 822 3070 881 intellecturos
3099 841 3222 882 esse
3269 828 3366 882 ait.
3409 826 3567 900 igno-

1989 911 2218 965 rantiam
2245 912 2389 966 enim
2424 911 2520 968 Dei
2562 929 2683 984 qua:
2709 914 2841 968 olim
2874 916 3086 972 animas
3131 918 3424 990 obtegebat
3471 936 3573 976 noo

1989 1012 2163 1069 stras,
2216 1004 2268 1058 in
2312 1005 2642 1075 cognitionis
2687 1006 2862 1063 lucem
2902 1011 3186 1066 mutandas
3225 1012 3302 1066 ait
3336 1029 3351 1066 :
3393 1021 3451 1066 et
3482 1027 3572 1079 ea,

1989 1110 2109 1163 quae
2135 1095 2264 1150 olim
2298 1111 2328 1151 a
2357 1096 2514 1153 nobis
2542 1107 2784 1154 tortuosa
2807 1108 2861 1155 et
2889 1099 3120 1155 obscura
3152 1115 3272 1157 esse
3301 1101 3571 1172 putaban-

1990 1196 2115 1250 tur,
2169 1202 2227 1242 se
2274 1188 2435 1258 plana
2469 1189 2742 1245 facturum
2795 1191 3086 1262 promittit.
3132 1192 3237 1248 Eos
3268 1206 3445 1248 autem
3480 1196 3573 1265 qui

1987 1297 2050 1336 ex
2087 1281 2512 1338 circumcisione
2541 1292 2668 1339 sunt
2706 1283 3082 1352 subindicans,
3117 1285 3194 1340 ait
3226 1303 3240 1338 :

2063 1461 2231 1517 Vens.
2267 1459 2355 1517 l7.
2385 1479 2403 1511 ι
2437 1459 2542 1532 ipsi
2570 1469 2748 1516 autem
2780 1460 3032 1516 conversi
3056 1470 3182 1516 sunt
3204 1472 3522 1520 retrursum.
3548 1483 3568 1516 ι

1992 1553 2195 1607 Deinde
2223 1553 2466 1622 gentium
2508 1553 2897 1621 mutationem,
2936 1563 2994 1608 et
3023 1554 3242 1624 quando
3281 1570 3347 1609 ex
3385 1571 3574 1611 errore

2005 1646 2109 1701 illa:
2141 1647 2376 1701 reducta
2410 1645 2543 1710 sint,
2575 1661 2640 1701 ex
2678 1645 2917 1701 tenebris
2956 1645 3010 1700 in
3051 1646 3224 1702 lucem
3274 1647 3578 1710 venientes.

1994 1737 2127 1808 ipsis
2143 1739 2343 1809 aperit,
2372 1753 2437 1794 ac
2458 1753 2648 1793 eorum
2680 1735 3041 1793 idololatriam
3070 1739 3425 1810 vituperando
3449 1742 3580 1796 sub-
3628 1758 3635 1764 ο

297 1831 694 1905 λολατροῦντας
715 1831 958 1900 ἐπιλέγει
983 1849 995 1861 ·
1041 1851 1058 1882 ι
1085 1831 1425 1904 Αἰσχύνθητε
1448 1873 1462 1895 ,
1493 1833 1542 1886 οἱ
1573 1832 1893 1896 πεποιθότες

1999 1831 2213 1902 iungit:
2281 1849 2298 1882 ι
2335 1829 2736 1886 Confundimini
2767 1831 2860 1901 qui
2899 1833 3172 1887 conﬁditis
3217 1832 3272 1886 in
3321 1832 3582 1904 sculptili-

298 1925 393 1980 ἐπὶ
423 1928 536 1990 τοῖς
563 1925 844 1995 γλυπτοῖς,
870 1925 918 1977 οἱ
953 1925 1198 1994 λέγοντες
1226 1928 1339 1990 τοῖς
1362 1929 1648 1997 χωνευτοῖς
1667 1944 1681 1956 ·
1701 1927 1892 1998 Ὑμεῖς

300 2017 423 2069 ἐστε
466 2015 581 2070 θεοὶ
639 2015 816 2087 ἡμῶν.
867 2033 886 2068 ι
925 2016 1035 2069 Καὶ
1088 2016 1176 2070 ἵνα
1221 2017 1294 2087 μή
1341 2034 1425 2079 τις
1452 2016 1624 2071 ταῦτα
1651 2017 1891 2089 νομίσειε

299 2106 428 2178 περὶ
459 2106 569 2160 τῶν
612 2105 782 2160 ἐθνῶν
833 2106 1106 2176 λέγεσθαι,
1140 2107 1249 2160 τῶν
1308 2107 1475 2162 πάλαι
1519 2108 1740 2177 τυφλῶν
1797 2109 1892 2162 καὶ

298 2197 536 2267 κωφῶν,
586 2198 902 2268 ἀναγκαίως
951 2199 1209 2269 διασαφεῖ
1259 2201 1354 2253 καὶ
1393 2200 1746 2272 διερμηνεύει
1794 2200 1894 2272 τὴν

297 2292 538 2347 διάνοιαν
587 2291 674 2358 ἐξε
683 2292 921 2362 πιλὲγων
953 2310 966 2322 ο

377 2405 396 2437 ι
432 2387 544 2440 Καὶ
586 2387 668 2450 τίς
694 2387 916 2457 τυφλὸς,
947 2387 1062 2442 ἀλλ’
1089 2389 1139 2442 οἱ
1165 2387 1355 2452 παῖδές
1388 2405 1522 2459 μους
1565 2389 1661 2442 καὶ
1696 2389 1892 2459 κωφοὶ,

298 2477 414 2530 ἀλλ’
443 2481 492 2532 οἱ
521 2479 865 2551 κυριεύοντες
899 2479 1114 2545 αὐτῶνς
1158 2480 1269 2534 Καὶ
1290 2479 1681 2552 ὲτυφλώθησαν
1704 2482 1753 2534 οἱ
1783 2479 1896 2534 δοῦο

299 2571 381 2625 λοι
417 2571 512 2625 τοῦ
537 2571 694 2628 Θεοῦ.
723 2573 908 2626 Εῖδετε
927 2573 1236 2640 πλεονάκις,
1264 2575 1360 2627 καὶ
1387 2573 1487 2628 οὐκ
1513 2573 1854 2643 ἐφυλάξασθε
1875 2590 1890 2605 ο

298 2663 598 2735 ἠνοιγμένα
626 2664 694 2718 τὰ
729 2657 866 2726 ὦτα,
891 2666 986 2718 καὶ
1017 2666 1117 2720 οὐκ
1145 2664 1440 2736 ἠκούσατε.
1472 2665 1677 2737 Κύριος
1701 2667 1730 2719 6
1761 2665 1895 2730 Θεὸς

300 2756 661 2812 ἐϐουλεύσατο
707 2758 794 2812 ἵνα
829 2757 1114 2830 δικαιωθῇ,
1149 2758 1244 2812 καὶ
1284 2756 1564 2832 μεγαλύνῃ
1599 2756 1826 2811 αῖνεσιν.
1867 2775 1886 2809 ι

310 2850 498 2924 Ὁρᾷς,
527 2852 608 2905 ὅτι
641 2851 812 2905 ταῦτα
863 2853 1041 2906 πάντα
1074 2852 1203 2922 περὶ
1241 2850 1337 2904 τοῦ
1380 2849 1508 2904 λαοῦ
1549 2850 1766 2924 εἴρηται
1795 2850 1892 2905 τοῦ

303 2943 370 2996 ἐκ
394 2943 716 3015 περιτομῆς.
738 2963 755 2995 ι
799 2944 932 2997 Ἀλλ’
964 2947 992 2998 6
1023 2945 1120 3015 μὲν
1158 2943 1363 3016 Κύριος
1404 2943 1762 2998 ἐϐουλεύσατο
1806 2944 1894 2997 ἵνα

304 3033 570 3107 δικαιώσῃ
598 3035 780 3098 αὑτὸν,
826 3036 912 3089 ἵνα
985 3033 1264 3109 μεγαλύνῃ
1298 3034 1531 3089 αῖνεσιν·
1575 3037 1626 3089 οἰ
1668 3035 1726 3089 δὲ
1777 3034 1893 3088 ἐδο-

307 3127 582 3198 ξάσθησαν
602 3131 713 3191 τοῖς
739 3128 838 3193 τὰς
861 3128 1040 3201 ψυχὰς
1078 3127 1260 3182 αὐτῶν
1292 3128 1639 3200 πολεμοῦσιν.

385 3334 403 3365 ι
447 3314 558 3368 Καὶ
588 3309 747 3378 εἶδον,
781 3316 877 3369 καὶ
905 3314 1122 3384 ἐγένετο
1151 3316 1182 3369 6
1223 3313 1352 3379 λαὸς
1401 3315 1896 3388 προνενομευμένος

307 3406 404 3460 καὶ
461 3406 904 3478 διηρπαγμένος·
935 3411 968 3479 ἡ
1013 3407 1120 3478 γὰρ
1159 3409 1329 3477 παγὶς
1377 3410 1434 3463 ἐν
1489 3410 1602 3472 τοῖς
1648 3407 1898 3478 ταμείοις

307 3491 609 3568 πανταχοῦ,
641 3500 734 3551 καὶ
763 3499 820 3550 ἐν
845 3497 1016 3562 οἴκοις
1042 3499 1180 3570 ἅμα.
1207 3499 1350 3553 ὅπου
1402 3498 1647 3572 ἔκρυψαν
1675 3497 1894 3562 αύτούς.

317 3588 596 3657 Ἐγένοντο
648 3591 729 3653 είς
780 3591 1077 3665 προνομὴν,
1124 3595 1216 3646 καὶ
1262 3594 1363 3648 οὐκ
1401 3588 1471 3665 ἦν
1510 3591 1899 3666 ἐξαιρούμενος

306 3681 601 3754 ἅρπαγμα,
636 3684 730 3737 καὶ
762 3683 863 3738 οὐκ
891 3680 958 3756 ἦν
999 3686 1028 3738 6
1074 3686 1269 3755 λέγων,
1311 3685 1553 3751 Ἀπόδος.
1608 3705 1626 3738 ι
1671 3687 1760 3740 Ἐν
1789 3686 1899 3759 γὰρ

307 3775 491 3839 αὐτοῖς
519 3779 632 3842 τοῖς
686 3777 987 3852 λογισμοῖς,
1024 3779 1120 3844 οὓς
1150 3779 1442 3851 ἔκρυπτον,
1479 3780 1549 3834 τὰ
1597 3779 1739 3834 κατὰ
1765 3779 1900 3851 Χρι-

308 3867 434 3920 στοῦ
466 3867 860 3942 βουλευόμενοι,
891 3873 948 3924 ἐν
997 3872 1183 3937 αὐτοῖς
1224 3873 1454 3936 ἐκείνοις
1490 3874 1524 3943 ἡ
1566 3872 1687 3926 κατ’
1719 3871 1899 3925 αὐτῶν

307 3960 494 4028 παγὶς,
532 3962 628 4015 καὶ
650 3964 750 4015 οὐκ
777 3958 846 4034 ἦν
871 3964 900 4016 ὁ
923 3963 1314 4035 ἐξαιρούμενος
1353 3965 1569 4028 αὐτοὺς,
1607 3964 1727 4018 οὐδὲ
1757 3965 1785 4017 6
1813 3963 1900 4017 λέ-

309 4066 440 4118 γων,
494 4052 736 4117 Ἀπόδος.

382 4162 401 4194 ι
442 4145 538 4208 Τίς
572 4148 628 4197 ἐν
662 4146 810 4216 ύμῖν,
842 4147 902 4212 ὃς
955 4152 1259 4203 ἐνωτιεῖται
1298 4149 1507 4216 mina;
1539 4152 1897 4205 εἰσακούσατε

306 4238 388 4301 είς
415 4237 484 4291 τὰ
521 4239 880 4311 ἐπερχόμενα.
915 4261 932 4292 ι
971 4243 1034 4295 Ei
1061 4242 1119 4296 δέ
1145 4260 1229 4306 τις
1251 4243 1536 4315 ζητήσειεν
1563 4243 1647 4308 τίς
1677 4246 1706 4298 ὁ
1728 4243 1902 4298 ταῦτα

306 4331 548 4406 πράξας,
581 4333 732 4408 εὖροι
757 4335 800 4388 δ’
835 4336 920 4393 ἂν.
948 4338 1030 4392 ὅτι
1061 4337 1170 4390 οὐδ’
1203 4338 1362 4403 ἄλλος
1378 4338 1578 4392 ἔδωκεν
1599 4341 1799 4404 αὐτοὺς
1821 4341 1902 4403 εἰς

305 4427 615 4500 διαρπαγὴν
666 4429 898 4500 ῆαύτδς
953 4422 998 4498 ᾧ
1046 4431 1366 4503 ἡμάρτοσαν
1421 4431 1589 4502 αὐτῷ,
1649 4431 1742 4484 καὶ
1803 4432 1901 4486 οὐκ

306 4519 602 4590 ἠϐούλοντο
623 4523 681 4574 ἐν
704 4524 826 4585 ταῖς
855 4522 997 4586 ὁδοῖς
1025 4522 1190 4576 αὐτοῦ
1225 4522 1572 4596 πορεύεσθαι.
1615 4522 1902 4594 Καλούμε-

307 4629 391 4665 νοι
415 4612 524 4685 γὰρ
553 4615 632 4677 εἰς
677 4613 776 4678 τὰς
821 4615 1183 4684 εὐαγγελικὰς
1216 4616 1388 4680 ὁδοὺς,
1436 4616 1534 4688 οὐχ
1586 4616 1898 4687 ὑπήκουον·

309 4705 430 4760 ἀλλ’
462 4706 579 4759 οὐδὲ
613 4707 830 4761 ἀκούειν
867 4708 1059 4780 ἡθελον
1085 4709 1178 4762 τοῦ
1210 4709 1376 4780 νόμου
1403 4710 1500 4782 τῆς
1537 4711 1747 4780 Καινῆς
1778 4713 1904 4763 Δια-

199 4879 208 4890 ἢ
311 4799 510 4871 θήκης.

388 4912 405 4942 ‹
445 4892 541 4956 Τίς
574 4891 776 4946 ἔδωκεν
808 4893 889 4956 είς
935 4892 1244 4965 διαρπαγὴν
1281 4891 1494 4955 Ἰακὼϐ,
1539 4892 1632 4945 καὶ
1684 4893 1903 4964 Ἰσραὴλ

305 4985 423 5046 τοῖς
464 4982 894 5054 προνομεύουσιν
920 4983 1119 5049 αὑτόν;
1161 4983 1295 5055 Οὐχὶ
1327 4985 1357 5037 6
1403 4983 1556 5048 Θεὸς,
1665 4984 1903 5057 ἡμάρτο-

307 5090 414 5128 σαν
442 5073 612 5146 αύτῷ,
644 5075 739 5128 καὶ
762 5076 863 5128 ούκ
888 5075 1172 5130 ἐϐούλοντο
1201 5077 1261 5128 ἐν
1289 5077 1408 5140 ταῖς
1437 5075 1577 5140 ὁδοῖς
1609 5077 1776 5130 αὺτοῦ
1806 5094 1904 5130 πο-

308 5167 592 5241 ρεύεσθαι,
639 5170 762 5223 οὐδὲ
814 5170 1036 5224 ἀκούειν
1069 5170 1163 5224 τοῦ
1202 5170 1366 5241 νόμου
1423 5169 1620 5235 αὐτοῦς
1659 5190 1676 5221 ι
1726 5169 1902 5224 Πάλαι

309 5262 416 5333 μὲν
441 5259 549 5333 γὰρ
583 5260 722 5331 πρὸς
761 5261 953 5333 καιρόν
996 5279 1118 5315 τινα
1164 5261 1580 5333 πολεμούμενοι,
1617 5257 1773 5325 αὖθις
1813 5263 1906 5315 ἀν-

304 5351 622 5423 ελάμϐανον
650 5350 903 5415 ἑαυτούς’
952 5352 1029 5415 ὡς
1061 5351 1156 5404 καὶ
1189 5351 1287 5423 τὴν
1319 5351 1691 5425 Ἰερουσαλὴμ,
1725 5352 1818 5405 καὶ
1844 5351 1907 5404 τὸ

300 5447 372 5500 ἐν
420 5445 558 5516 αὐτῇ
607 5444 880 5515 βασίλειον
921 5443 1101 5498 αὐτῶν
1133 5445 1484 5500 συνεστάναι·
1543 5442 1637 5498 νῦν
1673 5444 1731 5497 δὲ
1778 5461 1907 5497 κατε

305 5539 539 5608 ισχυσεν
575 5537 757 5591 αὐτῶν
787 5540 816 5592 6
850 5537 1105 5605 πόλεμος·
1139 5537 1236 5608 οὐχ
1259 5537 1288 5590 ὁ
1320 5537 1519 5602 ἔξωθεν
1563 5536 1743 5609 μόνος,
1771 5534 1908 5590 ἀλλὰ

303 5630 413 5685 καὶ
445 5631 474 5682 6
499 5628 607 5683 τῶν
632 5629 732 5693 τὰς
751 5629 929 5702 ψυχὰς
961 5628 1140 5682 αὐτῶν
1168 5627 1618 5698 πολιορκούντων.

396 5745 414 5776 ι
445 5724 556 5777 Καὶ
575 5725 858 5794 ἐπήγαγεν
901 5725 989 5777 ἐπ’
1039 5723 1238 5786 αὐτοὺς
1270 5719 1438 5793 ὀργὴν
1488 5718 1662 5791 θυμοῦ
1717 5715 1904 5782 αὐτοῦ,

304 5816 411 5874 καὶ
445 5817 774 5885 κατίσχυσεν
796 5816 992 5878 αὐτοὺς
1017 5815 1272 5884 πόλεμος,
1305 5812 1398 5866 καὶ
1429 5812 1474 5864 οἱ
1503 5809 1907 5881 συμφλέγοντες

646 5915 916 5976 Parum“
963 5913 1078 5972 (in.
1114 5909 1320 5974 XXIV

1998 1924 2119 1991 bus,
2148 1923 2240 1994 qui
2273 1921 2636 1978 conﬂatilibus
2666 1922 2871 1990 dicitis,
2901 1924 3012 1980 Vos
3040 1923 3176 1980 estis
3214 1924 3290 1979 dii
3320 1926 3517 1981 nostri.
3556 1945 3578 1979 ι

1997 2015 2075 2071 Ne
2107 2031 2237 2072 vero
2269 2016 2391 2086 quis
2419 2025 2636 2086 putaret
2672 2016 2789 2072 haec
2830 2019 2898 2072 de
2927 2017 3180 2086 gentibus
3202 2057 3218 2082 ,
3253 2016 3382 2072 olim
3425 2018 3584 2072 caecis

1997 2119 2053 2166 et
2109 2110 2289 2166 surdis
2314 2148 2330 2174 ,
2368 2109 2515 2164 dicta
2573 2109 2776 2176 fuisse,
2829 2111 3137 2167 necessario
3164 2119 3402 2166 mentem
3429 2126 3582 2167 suam

1997 2202 2176 2272 aperit
2201 2209 2258 2256 et
2281 2201 2518 2271 explicat
2541 2241 2558 2267 ,
2588 2202 2703 2258 haec
2732 2202 3001 2272 adjiciens
3032 2219 3047 2258 :

2073 2397 2237 2453 Vsus.
2273 2396 2459 2454 tS-ﬁl.
2507 2416 2526 2450 ι
2582 2398 2650 2454 Et
2689 2401 2817 2470 quis
2847 2413 3028 2456 cazcus
3054 2439 3069 2463 ,
3120 2401 3222 2456 nisi
3256 2400 3407 2470 pueri
3433 2401 3584 2456 mei.‘

1999 2499 2054 2546 et
2083 2490 2206 2562 quis
2239 2493 2459 2558 surdus,
2485 2490 2588 2545 nisi
2624 2491 2718 2561 qui
2765 2491 3116 2547 dominantur
3157 2493 3278 2548 eis?
3303 2493 3369 2548 Et
3405 2493 3584 2549 obam-

1997 2583 2104 2637 cati
2130 2591 2258 2637 sunt
2287 2583 2431 2638 servi
2475 2580 2589 2638 Dei.
2624 2581 2843 2640 Vidistis
2869 2597 3034 2654 saepe,
3067 2593 3124 2637 et
3150 2597 3256 2637 non
3306 2585 3532 2639 cavistis
3563 2602 3582 2654 ς

1998 2682 2199 2743 ενοι-ιω
2229 2681 2354 2727 sunt
2387 2687 2574 2737 aures.
2601 2682 2657 2727 et
2706 2688 2812 2730 non
2861 2673 3112 2729 audistis.
3153 2673 3411 2729 Dominus
3437 2674 3580 2729 Deus

1999 2764 2327 2819 deliberavit
2381 2774 2439 2820 ut
2482 2763 2906 2835 jusﬁlicaretur,
2947 2775 3003 2821 et
3051 2765 3427 2837 magniﬁcaret
3467 2765 3587 2821 lac-

1998 2855 2142 2910 dem.
2179 2874 2198 2908 ι
2243 2855 2407 2912 Vides
2445 2856 2562 2910 haec
2593 2856 2776 2911 omnia
2818 2856 2885 2911 de
2928 2855 3128 2927 popqu
3175 2869 3245 2910 ex
3296 2855 3587 2911 circumcio

2004 2947 2157 3004 sione
2183 2947 2328 3003 dicta
2359 2947 2550 3004 fuisse.
2602 2966 2621 3000 ι
2680 2946 2788 3004 Sed
2829 2947 3092 3004 Dominus
3143 2947 3496 3012 deliberavit,
3528 2957 3591 3002 ut

1993 3040 2324 3109 justiﬁearet
2376 3053 2535 3108 eum,
2587 3048 2644 3096 et
2698 3039 3078 3111 magniﬁcaret
3141 3038 3394 3106 laudem;
3442 3056 3462 3092 ›
3512 3039 3590 3094 illi

1999 3147 2131 3188 vero
2159 3132 2377 3204 gloriati
2415 3142 2545 3189 sunt
2573 3132 2627 3186 in
2660 3131 2749 3196 iis,
2783 3132 2876 3202 qui
2911 3133 3306 3204 impugnabant
3343 3131 3585 3186 animam

1999 3239 2180 3280 suam.

2071 3316 2240 3374 Vens.
2270 3316 2362 3370 22.
2399 3335 2418 3368 ι
2455 3316 2522 3371 Et
2551 3315 2828 3382 viderunt,
2859 3327 2916 3371 et
2961 3313 3066 3370 fuit
3120 3314 3352 3386 populus
3399 3323 3590 3370 vasta--

2004 3422 2089 3469 tus
2141 3421 2309 3484 atque
2362 3413 2606 3483 direptus
2656 3427 2669 3464 :
2717 3411 2948 3482 laqueus
3007 3410 3154 3465 enim
3213 3411 3266 3465 in
3315 3409 3590 3465 cubilibus

2002 3504 2223 3574 ubique,
2249 3512 2305 3559 et
2331 3504 2386 3559 in
2419 3503 2674 3558 domibus
2702 3500 2886 3570 simul,
2920 3501 3010 3556 ubi
3036 3500 3442 3556 absconderuut
3469 3511 3588 3554 eos.

2001 3591 2154 3649 Facti
2186 3604 2315 3650 sunt
2341 3595 2396 3650 in
2425 3593 2808 3658 vastationem,
2847 3601 2904 3647 et
2940 3607 3050 3648 non
3085 3599 3205 3648 erat
3243 3591 3333 3660 qui
3371 3598 3591 3646 erueret

2003 3683 2250 3757 rapinam
2289 3695 2388 3741 :et
2427 3699 2535 3740 non
2575 3692 2693 3739 erat
2725 3685 2818 3752 qui
2873 3682 3102 3750 diceret,
3140 3681 3343 3738 Redde.
3399 3697 3420 3734 ι
3453 3680 3589 3736 Nam

2003 3779 2249 3834 occultas
2274 3777 2328 3832 in
2361 3777 2637 3832 mentibus
2686 3776 2799 3832 suis
2829 3774 3050 3831 Christo
3097 3774 3324 3830 insidias
3359 3773 3593 3828 molieno

2005 3880 2105 3936 tes,
2155 3871 2208 3924 in
2252 3868 2440 3924 iisdem
2491 3869 2625 3940 ipsis
2665 3867 2917 3938 laqueum
2949 3868 3053 3924 sibi
3106 3867 3453 3930 invenerunt,
3488 3879 3593 3920 nee

2003 3972 2123 4018 erat
2149 3961 2240 4033 qui
2268 3961 2507 4034 eriperet
2532 3977 2650 4032 eos,
2680 3977 2860 4034 neque
2887 3961 2981 4032 qui
3011 3962 3240 4027 diceret,
3280 3959 3488 4016 Redde.

2076 4150 2240 4206 Vsus.
2271 4150 2364 4206 25.
2413 4168 2434 4202 ι
2472 4148 2607 4217 Quis
2640 4159 2725 4202 est
2779 4149 2832 4202 in
2867 4147 3023 4204 vobis
3047 4185 3062 4211 ,
3103 4145 3193 4214 qui
3225 4147 3342 4201 lucc
3367 4145 3590 4199 audiat.

2004 4245 2309 4301 auscultate
2347 4245 2550 4302 futura.
2597 4264 2617 4299 ι
2667 4244 2724 4299 Si
2777 4243 2898 4313 quis
2952 4250 3133 4298 autem
3180 4250 3427 4311 quaerat,
3469 4239 3593 4309 qui:

2004 4337 2120 4391 bare
2155 4335 2385 4401 fecerit,
2426 4335 2664 4391 inveniet
2695 4348 2802 4390 non
2850 4333 3016 4388 alium
3070 4331 3220 4402 ipsos
3267 4331 3320 4386 in
3353 4330 3590 4400 praedam

2006 4429 2240 4493 dedisse,
2281 4443 2446 4497 quam
2480 4442 2645 4491 eum,
2699 4427 2753 4482 in
2789 4439 2956 4496 quem
2997 4432 3398 4496 peccaverant,
3438 4429 3494 4475 et
3539 4420 3591 4473 in

1933 4550 1982 4611 ο
2007 4519 2165 4590 cujus
2201 4520 2306 4576 viis
2332 4519 2614 4574 ambulare
2651 4516 2968 4574 renuerant!
3022 4516 3154 4572 Nam
3201 4515 3268 4569 ad
3314 4510 3593 4582 cvangeli-

2010 4626 2107 4666 cas
2141 4612 2260 4666 vias
2287 4611 2522 4678 evocati,
2559 4624 2664 4664 non
2693 4611 3161 4679 obtemperarunt,
3213 4618 3389 4674 neque
3421 4603 3594 4674 legem

2008 4706 2139 4761 Novi
2166 4703 2502 4762 Testamenti
2534 4704 2724 4759 audire
2760 4703 3068 4758 voluerunt.

2080 4876 2247 4932 Vens.
2272 4873 2363 4930 ει.
2402 4893 2422 4926 ι
2458 4873 2592 4942 Quis
2625 4871 2775 4928 dedit
2819 4873 2874 4926 in
2905 4869 3264 4938 direptionem
3300 4864 3469 4922 Jacob
3493 4903 3508 4929 .
3537 4873 3596 4918 et

2008 4968 2173 5026 Israel
2221 4967 2568 5024 vastantibus
2613 4964 2784 5021 eum?
2834 4963 3029 5017 Annon
3055 4960 3238 5026 Deus,
3275 4958 3361 5015 cui
3396 4971 3594 5028 pecca-

2013 5070 2230 5129 verunt,
2261 5070 2316 5115 et
2340 5059 2633 5115 noluerunt
2663 5057 2717 5112 in
2745 5056 2850 5111 viis
2885 5054 3008 5126 ejus
3051 5051 3370 5116 ambulare,
3425 5063 3601 5118 neque

2014 5155 2206 5210 audire
2235 5153 2409 5224 legem
2437 5149 2599 5222 ejus?
2631 5168 2650 5202 ι
2684 5147 2757 5203 At
2781 5149 2927 5205 enim
2960 5145 3090 5202 olim
3121 5144 3342 5217 quidem
3373 5156 3497 5198 cum
3530 5141 3601 5195 ad

2015 5260 2230 5318 tempus
2279 5245 2498 5317 aliqum!
2549 5243 2696 5299 bello
2745 5242 3172 5312 impeterentur,
3224 5237 3426 5293 iterum
3461 5234 3601 5290 resi-

2018 5342 2334 5413 piscebant;
2367 5341 2439 5395 ita
2473 5345 2532 5391 ut
2561 5333 2869 5391 Jerusalem
2899 5340 2955 5388 ct
3000 5331 3153 5403 regia
3185 5329 3388 5385 ibidem
3420 5325 3601 5396 posita

2016 5434 2378 5497 consisteret;
2405 5447 2546 5488 nunc
2587 5440 2772 5488 autem
2825 5426 2967 5484 bello
3008 5421 3260 5497 oppressi
3294 5430 3454 5485 sunt,
3494 5432 3601 5472 non

2018 5528 2289 5584 exteriore
2348 5534 2599 5594 tantum,
2663 5525 2759 5580 sed
2813 5536 2880 5578 eo
2922 5517 3068 5593 quod
3112 5515 3183 5572 ab
3230 5510 3607 5571 obsidentibus

2019 5621 2234 5676 animas
2261 5633 2391 5674 suas
2415 5618 2777 5673 inferebatur.

2090 5710 2256 5766 Vsus.
2289 5711 2381 5767 25.
2425 5731 2442 5765 ι
2498 5709 2564 5766 Et
2617 5709 2831 5767 induxit
2874 5721 3036 5776 super
3085 5717 3179 5759 eos
3233 5701 3366 5754 iram
3402 5695 3604 5750 furoris

2019 5806 2125 5875 sui,
2159 5803 2211 5860 et
2247 5805 2478 5862 invaluit
2511 5807 2562 5862 in
2596 5819 2692 5862 eos
2721 5805 2924 5861 bellum
2953 5842 2969 5871 ,
2999 5809 3053 5856 et
3087 5797 3178 5868 (ι.ιί
3209 5782 3605 5848 comburebant

3254 5890 3329 5950 13
