2065 3200
296 177 353 207 895

632 175 769 203 ‘EUSEBII
790 174 1029 203 CESA‘RIENSIS
1049 175 1124 204 OPP.
1145 174 1237 203 PARS
1258 174 1302 203 III.
1323 190 1357 196 —-
1376 175 1581 204 EXEGETICA.

1883 177 1940 208 396

299 244 348 263 eos
377 237 403 263 iu
430 237 543 263 CII't‘lllItl
561 244 568 263 :
584 243 674 270 neque
694 241 879 270 cognoverunt
903 237 1083 271 unusquiqu

1144 236 1243 268 αὐτοὺς
1270 236 1377 272 κύκλῳ·
1396 237 1443 263 καὶ
1469 237 1518 263 οὐκ
1547 236 1668 271 ἔγνωσαν
1695 236 1809 269 ἕκαστος
1834 238 1936 270 αὐτῶν.

299 290 406 315 eorum,
422 289 509 317 neque
524 282 643 308 animum
662 282 854 309 adhibuerunt.
873 292 882 308 ι
896 281 953 309 Etsi
967 284 1039 309 enim
1060 283 1089 315 ii,

299 328 345 362 qui
366 329 436 362 apud
459 335 506 354 vos
526 327 667 360 inﬁdeles,
681 328 745 355 cauri
770 333 798 355 et
811 328 885 355 surdi
909 328 997 356 eﬂ'ecti
1015 335 1089 361 sunt,

297 380 324 400 et
342 374 406 401 talia
428 379 632 407 perpetrarunt.
652 374 700 401 ira
723 374 769 401 Dei
792 375 884 401 traditi
903 375 975 407 sint;
997 380 1025 402 at
1043 383 1090 402 vos

298 419 338 446 vel
355 427 426 446 nunc
441 420 549 447 tandem
566 420 674 453 audite;
696 427 743 448 vos
758 421 828 453 dico,
849 420 895 456 qui
920 422 1089 448 conditorem

295 469 324 492 et
335 469 486 492 creatorem
500 471 620 493 vestrum
638 474 690 492 nou
707 466 872 501 ignorastis,
888 467 935 494 sed
962 468 1009 501 qui
1029 469 1089 502 opi-

298 509 388 543 ﬁcium
403 511 429 539 in
448 511 526 539 vobis
541 512 695 544 exaistcns.
712 512 816 539 salvum
831 518 859 540 et
876 513 1011 541 incolume
1029 522 1089 541 ser-

295 557 392 585 vastis.

567 604 683 633 CAPUT
719 604 811 633 XLIII.

332 648 414 677 Valte.
443 650 469 681 I,
493 654 520 676 '2.
544 658 553 674 ι
570 649 602 676 Ει
624 657 696 677 nunc
714 651 754 677 sic
766 651 832 678 dicit
847 650 980 678 Dominus
997 656 1087 684 ueus,

294 696 339 731 qui
355 695 419 723 fecit
440 701 475 727 te,
492 695 589 726 Iacob.
606 701 634 723 et
645 697 692 731 qui
711 696 839 724 formavit
862 702 899 730 te,
917 696 998 725 Israel
1024 706 1031 724 :
1050 697 1089 725 Ne

294 744 406 775 timeas,
421 744 551 777 quoniam
565 742 668 770 redemi
683 749 709 770 te
725 751 732 770 :
749 744 843 771 vocavi
862 748 887 771 te
903 744 1014 770 nomine
1029 749 1086 776 tuo,

293 789 368 818 Meus
381 797 411 816 es
435 794 473 816 tu.
491 798 500 815 ι
516 788 572 822 Ego
590 787 722 816 Dominus
742 789 827 822 Deus,
845 790 890 824 qui
911 788 961 816 ieci
985 794 1012 816 et
1033 789 1089 816 for-

291 836 363 862 mavi
379 840 426 866 te;
449 834 500 861 feci
517 834 628 868 quidem
643 834 792 861 secundum
812 834 932 861 animant
959 834 992 861 ad
1020 835 1088 861 ima-

290 882 382 916 ginem
401 881 445 908 Dei
462 881 583 913 factam;
604 880 718 908 formavi
742 886 833 908 autem
858 881 1006 909 secundum
1024 889 1087 908 cor-

290 936 354 964 pus,
375 929 408 955 de
427 934 501 955 terra
525 932 704 962 sumptum,et
718 935 732 954 a
750 935 792 955 me
805 933 1003 955 constructum.
1015 928 1085 955 San-
1104 916 1124 944 Β

291 975 457 1010 guinemque
487 981 576 1002 meum
596 974 622 1001 in
649 975 766 1009 pretium
792 982 841 1009 pro
862 974 950 1001 salute
975 975 1087 1002 tradens

290 1026 350 1054 tua,
365 1022 468 1049 redemi
487 1026 522 1053 te,
536 1025 564 1048 et
579 1021 672 1048 vocavi
690 1025 716 1048 te
733 1029 741 1047 :
760 1027 852 1047 verum
871 1021 954 1048 etiam
978 1025 1005 1048 te
1026 1028 1087 1056 pos-

288 1068 439 1096 sessionem
465 1075 552 1095 meam
575 1066 671 1099 etTeci;
699 1067 736 1094 ita
761 1071 791 1095 ut
815 1071 842 1094 tu
867 1066 933 1094 mihi
958 1066 1084 1102 populus,

289 1121 340 1149 ego
360 1114 407 1141 libi
424 1113 493 1140 Deus
503 1120 602 1140 essem.
615 1111 728 1139 Conllde
742 1111 837 1146 igitur,
855 1115 894 1138 tot
908 1118 923 1138 a
937 1118 979 1138 me
993 1111 1087 1145 digna-

290 1164 333 1186 tns
349 1159 436 1190 bouis,
461 1163 489 1185 et
503 1166 533 1185 ea
552 1165 605 1192 qua
626 1157 721 1191 jussus
737 1164 767 1184 es
782 1157 824 1184 via
843 1157 957 1184 incede:
974 1156 1086 1184 ﬁducia-

287 1213 342 1241 que
362 1206 457 1242 pleuus
481 1205 609 1232 otnuibus
635 1212 684 1240 per
702 1203 798 1232 orbem
818 1203 946 1238 gentibus
964 1204 1084 1237 prmdica

287 1251 473 1286 evangelicum
487 1252 655 1278 sermdnem.
669 1248 800 1282 Quamvis
814 1248 886 1275 enim
905 1247 975 1282 ignis
986 1248 1085 1274 ardens

287 1297 419 1332 eruperit,
438 1296 565 1331 quamvis
579 1302 667 1330 aqum.
684 1295 812 1329 quamvis
830 1293 941 1320 Illttnina
970 1293 1084 1320 inunda-

288 1342 387 1373 verint,
400 1341 458 1369 haec
476 1340 544 1368 nihil
562 1345 586 1367 te
600 1340 709 1371 Ledent,
724 1339 798 1374 quod
813 1345 864 1373 ego
877 1343 967 1365 tecum
984 1337 1085 1372 ubique

286 1389 350 1416 sim.
377 1387 446 1415 Nam
464 1387 529 1414 illud
558 1386 618 1414 sine
641 1385 785 1413 mendacio
807 1384 959 1417 enuntiari,
988 1392 998 1409 ι
1014 1383 1085 1411 Ecce

284 1442 337 1470 ego
349 1433 489 1461 vobiscum
510 1441 570 1460 sum
586 1439 674 1467 usque
689 1431 722 1458 ad
741 1430 1008 1459 consummationem
1029 1437 1083 1458 sae-

286 1481 341 1509 culi
364 1480 398 1507 "'.
414 1489 423 1506 ι

324 1526 407 1554 Vens.
436 1526 463 1554 5.
486 1524 542 1552 ιΕι
569 1532 591 1552 ει
615 1524 757 1553 transieris
770 1531 820 1559 per
848 1530 960 1559 aquam,
992 1528 1081 1551 tecum

1141 282 1201 308 οὐδὲ
1217 282 1308 309 ἔθεντο
1323 282 1368 309 ἐπὶ
1382 283 1480 320 ψυχήν.
1499 292 1508 308 ι
1521 284 1614 319 Είγὰρ
1625 283 1672 310 καὶ
1687 283 1722 310 τὰ
1738 284 1854 319 μάλιστα
1865 285 1890 312 οἱ
1904 286 1939 319 ἐξ

1143 327 1220 362 ὑμῶν
1244 328 1365 359 ἄπιστοι,
1401 328 1497 363 τυφλοὶ
1522 329 1570 355 καὶ
1592 330 1679 364 κωφοὶ
1710 329 1860 365 γενόμενοι⁷
1887 331 1940 359 καὶ

1142 374 1257 401 τοιαῦτα
1272 374 1437 410 πράξαντες,
1455 376 1488 411 τῇ
1502 376 1570 411 ὀργῇ
1584 375 1632 402 τοῦ
1646 375 1714 402 Θεοῦ
1728 376 1915 412 παρεδόθησαν
1925 385 1937 393 ο

1142 420 1198 447 ἀλλ’
1211 421 1291 456 ὑμεῖς
1303 421 1343 447 ἔτι
1358 422 1404 448 καὶ
1423 421 1471 448 νῦν
1481 421 1617 448 ἀκούσατε
1628 429 1636 437 '
1651 421 1724 457 ὑμᾶς
1739 421 1768 448 δὲ
1782 421 1853 456 λέγω
1870 423 1938 454 τοὺς

1141 467 1186 493 τὸν
1207 467 1312 494 ἑαυτῶν
1335 467 1451 504 ποιητὴν
1478 468 1525 494 καὶ
1540 468 1664 504 πλάστην
1678 467 1715 503 μὴ
1735 468 1935 503 ἁγνοήσαντας,

1141 514 1209 541 ἀλλὰ
1226 514 1273 541 καὶ
1289 515 1319 541 τὸ
1334 514 1440 550 ποίημα
1453 513 1483 541 τὺ
1510 514 1538 540 ὲν
1551 513 1614 549 ὑμῖν
1629 513 1676 540 καὶ
1688 513 1720 539 τὸ
1735 512 1848 549 πλάσμα
1862 513 1938 540 σῶον

1141 560 1188 587 καὶ
1202 560 1343 587 ἀλώϐτετον
1366 560 1596 596 διατηρήσαντας.

1397 605 1595 632 ΚΕΦΑΛΑΙΟΝ
1610 605 1677 632 MF'.

1178 663 1187 679 ι
1205 653 1259 681 Καὶ
1271 652 1319 680 νῦν
1333 653 1419 684 οὕτως
1431 652 1506 686 λέγει
1521 651 1622 687 Κύριος
1634 652 1648 677 ὁ
1660 651 1726 683 Θεὸς
1736 651 1751 677 δ
1765 651 1879 687 ποιήσας
1890 660 1934 682 σε,

1146 699 1254 734 Ἰακὼϐ,
1270 700 1317 726 καὶ
1330 701 1345 726 ὁ
1362 699 1468 731 πλάσας
1489 707 1529 729 σε,
1549 697 1672 733 Ἰσραήλ·
1697 698 1743 734 Μὴ
1771 697 1864 732 φοϐοῦ,
1890 698 1935 724 ὅτι

1140 746 1337 782 ἑλυτρωσάμην
1349 753 1378 771 σε
1389 753 1395 760 ·
1415 744 1533 771 ἐκάλεε-ά
1550 752 1580 770 σε
1594 743 1624 770 τὸ
1634 743 1721 779 ὄνομά
1737 751 1800 770 σου·
1823 743 1890 778 ego;
1906 741 1936 769 εἷ

1141 792 1185 819 σύ.
1206 801 1215 818 ι
1237 791 1308 826 Ἐγὼ
1318 791 1421 827 Κύριος
1443 791 1457 817 ὁ
1472 791 1537 822 Θεὸς
1550 791 1564 816 ὁ
1581 791 1696 825 ποιήσας
1713 798 1741 816 σε
1762 790 1809 817 καὶ
1826 790 1936 823 πλάσας

1141 848 1171 866 σε
1184 848 1191 854 ·
1210 840 1326 874 ποιήσας
1349 838 1398 874 μὲν
1419 837 1490 865 κατὰ
1506 837 1594 872 ψυχὴν
1609 836 1657 872 τὴν
1671 837 1730 863 κατ’
1748 837 1838 863 εἰκόνα
1862 836 1935 863 Θεοῦ

1141 883 1347 920 πεποιημένην
1367 883 1474 914 πλάσας
1488 883 1517 909 δὲ
1535 882 1607 909 κατὰ
1625 882 1655 908 τὸ
1672 881 1751 917 σῶμα
1765 881 1795 908 τὸ
1813 881 1866 908 ἀπὸ
1879 881 1935 916 γῆς

1138 930 1240 965 ληφθὲν
1252 930 1300 956 καὶ
1312 930 1359 955 ὑπ’
1381 928 1449 964 ἐμοῦ
1462 928 1653 963 πεπλασμένον
1662 937 1669 943 ι
1688 927 1784 963 λύτρον
1796 927 1866 963 ὑπὲρ
1880 927 1936 962 τῆς

1138 975 1276 1010 σωτηρίας
1301 974 1331 1001 τὺ
1356 973 1476 1010 ἐμαυτοῦ
1492 973 1628 1010 παραδοὺς
1643 971 1721 1008 αἷμα,
1735 972 1934 1008 ὲλυτρωσὰμην

1138 1029 1167 1047 σε
1181 1021 1229 1047 καὶ
1241 1020 1360 1048 ἐκάλεσα
1382 1029 1429 1047 σε’
1448 1020 1516 1047 ἀλλὰ
1538 1020 1585 1046 καὶ
1604 1019 1699 1054 κτῆμα
1719 1018 1816 1046 ἑαυτοῦ
1834 1019 1933 1054 ἐποιη-

1137 1068 1229 1103 σάμην
1242 1076 1271 1094 σε
1282 1076 1289 1083 ”
1308 1067 1379 1094 ὥστε
1394 1064 1463 1094 εἶναι
1477 1067 1527 1102 μέν
1540 1075 1568 1093 σε
1579 1066 1644 1101 ἐμὸν
1660 1065 1734 1098 λαὸν,
1752 1066 1823 1101 κάμὲ
1835 1065 1863 1092 δὲ
1881 1064 1931 1092 σοῦ

1136 1113 1219 1141 αὑτοῦ
1234 1113 1311 1141 Θεόν.
1332 1113 1435 1149 Θάρσει
1447 1112 1605 1149 τοιγαροῦν,
1623 1111 1757 1138 τοσούτων
1773 1113 1838 1147 παρ’
1860 1111 1931 1147 ἐμοῦ

1136 1159 1352 1195 κατηξιωμένος.
1373 1159 1421 1186 καὶ
1443 1159 1534 1194 βάδιζε
1548 1158 1596 1194 τὴν
1616 1158 1676 1185 ὁδὸν
1700 1158 1734 1193 ἢν
1756 1157 1930 1193 ὲκελεύσθης,

1137 1206 1246 1242 θαρσῶν
1266 1214 1296 1232 τε
1318 1206 1438 1241 κήρυττε
1451 1205 1508 1236 τοῖς
1534 1203 1691 1239 ἁπανταχοῦ
1708 1203 1759 1238 γῆς
1779 1202 1868 1229 ἔθνεσι
1883 1200 1931 1228 τι)

1135 1252 1314 1287 εὐαγγελικδν
1340 1251 1429 1286 λόγον.
1446 1251 1506 1277 Κᾶν
1522 1251 1576 1288 γὰρ
1592 1250 1647 1286 πῦρ
1668 1249 1766 1285 φλέγειν
1781 1248 1855 1285 ἐπίῃ,
1875 1248 1932 1275 κᾶν

1136 1298 1230 1332 ὕδατα,
1245 1298 1299 1325 κᾶν
1317 1297 1434 1333 ποταμοὶ
1460 1296 1642 1329 ἐπικλύζωσιν
1655 1304 1662 1310 ·
1692 1294 1768 1322 οὐδέν
1791 1303 1821 1321 σε
1842 1293 1931 1320 ταῦτα

1134 1344 1261 1380 λυπήσει,
1279 1343 1324 1371 διὰ
1340 1343 1371 1370 τὸ
1392 1344 1442 1378 ἐμὲ
1457 1343 1506 1369 σὺν
1529 1342 1571 1369 σοὶ
1583 1342 1720 1378 πανταχοῦ
1733 1339 1812 1368 εἶναι.
1831 1340 1931 1376 Ἀψευ-

1134 1389 1188 1422 δῶς
1217 1390 1272 1425 γὰρ
1287 1389 1500 1425 ἀπηγγειλάμην
1522 1388 1563 1420 τὸ,
1583 1397 1592 1414 ι
1615 1387 1680 1415 Ἰδοὺ
1702 1387 1756 1423 ἐγὼ
1772 1387 1830 1424 μεθ’
1849 1386 1930 1423 ὑμῶν

1134 1436 1192 1472 εἰμι
1208 1436 1261 1468 ἕως
1271 1436 1320 1471 τῆς
1330 1435 1485 1467 συντελείας
1501 1434 1548 1461 τοῦ
1561 1433 1668 1466 αἰῶνος.
1685 1442 1695 1460 ι

1171 1534 1182 1552 ι
1198 1525 1254 1554 Καὶ
1265 1525 1313 1553 ἐὰν
1328 1525 1469 1561 διαϐαίνῃς
1484 1524 1517 1551 δι’
1530 1524 1636 1557 ὓδατος,
1653 1523 1722 1560 μετὰ
1735 1523 1782 1550 σοῦ
1797 1523 1864 1558 εἰμι,
1876 1529 1928 1550 κιαι

291 1580 364 1605 sum,
383 1577 411 1600 et
432 1570 544 1599 ﬂttiuina
567 1578 621 1598 non
640 1570 767 1605 operient
792 1575 818 1597 te
834 1577 842 1597 :
859 1569 922 1597 etsi
939 1569 1083 1597 transieris

1134 1572 1253 1607 ποταμοὶ
1274 1571 1305 1598 οὺ
1331 1570 1512 1606 συγκλύσουσί
1538 1578 1587 1597 σε·
1614 1569 1662 1596 καὶ
1689 1569 1737 1596 ἐὰν
1758 1568 1863 1605 διέλθῃς
1881 1569 1928 1595 διὰ

288 1626 336 1653 per
350 1618 451 1653 ignem,
467 1625 520 1644 non
538 1616 718 1648 combureris.
735 1615 843 1642 ﬂamma
865 1622 918 1642 non
939 1615 1083 1642 comburet

288 1670 331 1699 te;
348 1665 411 1700 quia
435 1672 485 1699 ego
504 1664 635 1691 Dominus
658 1663 730 1691 Deus
759 1667 821 1690 tuus
848 1667 962 1689 sanctus
986 1661 1081 1693 Israel,

288 1711 398 1739 salvans
411 1716 447 1738 te.
461 1710 525 1738 Feci
539 1709 781 1738 commutationem
798 1713 872 1735 tuam
884 1707 1044 1743 Egyptum,
1056 1712 1084 1734 et

286 1756 452 1792 Ethiopiam
464 1761 494 1783 et
511 1757 628 1791 Syenem
646 1762 696 1790 pro
716 1759 754 1782 te.
771 1764 780 1780 ι
811 1754 849 1781 lta
863 1755 963 1790 quippe
981 1755 1083 1789 pretio-

286 1810 335 1831 sus
360 1802 425 1830 mihi
450 1802 536 1835 fuisti,
570 1806 644 1828 tanta
676 1801 702 1828 in
730 1806 878 1835 conspectu
908 1807 968 1827 meo
996 1800 1082 1835 gloria

286 1849 404 1876 donatus
419 1856 460 1882 es,
471 1853 499 1875 et
512 1855 598 1882 usque
608 1846 677 1874 adeo
692 1847 774 1875 dilexi
791 1853 828 1879 te,
845 1851 875 1874 ut
886 1846 959 1874 salus
979 1846 1080 1878 divina,

285 1902 349 1930 qua
360 1902 409 1929 per
426 1900 451 1921 te
464 1894 592 1921 omnibus
607 1893 767 1921 hominibus
781 1898 858 1927 parta
874 1898 934 1925 est,
949 1899 1034 1926 usque
1047 1892 1081 1919 ad

285 1946 409 1968 extrema
439 1945 518 1967 terrm
548 1940 717 1975 pet-lingeret
736 1948 743 1966 :
762 1944 790 1966 et
814 1944 844 1966 ut
874 1938 913 1966 illi
940 1938 1080 1965 hominum

285 1986 550 2021 superstitiosissinti
581 1986 703 2021 Egyptii
720 1993 768 2020 per
785 1990 810 2012 te
831 1984 974 2012 vouatione
986 1984 1081 2019 digna-

282 2038 395 2061 rentur.
412 2031 465 2060 Per
481 2032 625 2069 Egyptios
646 2032 729 2067 igitur
748 2032 955 2066 superstitiosos
970 2036 998 2058 et
1020 2030 1078 2058 ido.

287 2078 402 2107 Iolatras
422 2085 519 2106 omnes
549 2078 702 2113 designavit
718 2086 725 2104 :
742 2085 788 2112 per
804 2076 950 2112 IEthiopas
967 2081 995 2104 et
1012 2077 1081 2112 Sye-

286 2131 362 2158 nem,
375 2131 424 2152 eos
437 2124 483 2159 qui
497 2128 620 2152 extrema
634 2129 715 2152 terra:
730 2127 831 2151 nostra:
842 2123 1008 2151 incolebant.
1024 2123 1080 2151 Nec

288 2169 469 2204 ignorandum
490 2174 533 2197 est
553 2177 614 2197 esse
643 2170 796 2204 quamdam.
813 2168 987 2196 Sabaitarnm
1011 2176 1079 2204 gen-

284 2220 351 2247 tem,
379 2215 450 2243 unde
472 2214 627 2243 Salomonis
650 2220 772 2251 tempere
799 2215 893 2251 regina
920 2214 993 2243 Saba
1020 2222 1079 2250 pro-

282 2261 357 2291 fecta
373 2266 427 2290 est.

320 2352 402 2380 Vatis.
426 2352 455 2386 4,
483 2352 511 2380 5.
541 2362 550 2378 ι
564 2359 603 2380 ω
625 2359 679 2386 quo
696 2352 871 2380 honorabilis
890 2352 979 2381 factus
996 2360 1025 2380 cs
1051 2352 1077 2380 in

283 2403 430 2433 conspectu
445 2406 516 2431 meo,
532 2398 698 2432 gloriﬁcatus
719 2405 759 2431 es,
775 2402 803 2425 et
818 2405 870 2432 ego
889 2398 970 2425 dilexi
983 2403 1009 2426 te
1025 2407 1032 2426 :
1050 2402 1078 2425 ct

282 2442 354 2471 dabo
370 2444 494 2471 homines
510 2451 558 2479 pro
573 2448 611 2476 te.
623 2449 652 2472 et
667 2444 803 2478 principes
831 2451 880 2479 pro
905 2444 992 2478 capite
1018 2448 1074 2471 tuo.

283 2487 324 2515 Ne
338 2489 445 2519 timeas.
461 2489 588 2523 quoniam
606 2494 694 2516 tecutu
710 2496 780 2516 sum.
797 2489 837 2516 Ah
854 2489 962 2517 oriente
975 2489 1074 2516 ducam

282 2541 376 2561 semen
402 2539 493 2567 tuum,
523 2540 552 2562 et
576 2535 610 2562 ab
634 2535 778 2563 occidente
806 2536 980 2570 congregabo
1010 2540 1044 2562 tc.
1064 2545 1074 2561 ι

283 2578 382 2607 Multos
407 2580 475 2607 ﬁlios
497 2590 515 2608 ιι
544 2589 586 2608 me
609 2581 758 2608 secundum
788 2580 872 2608 Deum
900 2581 1023 2616 genitos.
1048 2581 1075 2608 in

283 2625 387 2653 caelesti
418 2634 475 2653 mea
498 2627 608 2654 civitate
639 2627 835 2662 congregabo,
871 2627 1000 2661 ipsosque
1028 2634 1070 2661 pe:

283 2677 375 2697 aerem
392 2671 520 2698 sublimes
536 2680 628 2706 agam.
646 2673 724 2707 quasi
742 2672 868 2700 volucres
883 2672 983 2702 ventis.
998 2673 1074 2700 vitle-

283 2714 348 2743 Iicet
366 2717 496 2751 angelicis
505 2718 848 2753 virtutibuslsustenlatos.

319 2798 342 2814 "
356 2797 451 2826 Matth.
467 2807 562 2831 xxvut,
576 2800 623 2828 9.0.

1135 1618 1232 1655 πυρὸς,
1247 1618 1277 1645 οὐ
1297 1617 1335 1654 μὴ
1354 1617 1541 1653 κατακαυθῇς,
1559 1616 1624 1651 φλὸξ
1635 1616 1665 1643 οὐ
1689 1616 1856 1643 κατακαύσει
1873 1624 1905 1642 σε

1133 1664 1176 1690 ὅτι
1189 1662 1245 1698 ἐγὼ
1260 1662 1363 1698 Κύριος
1379 1663 1393 1689 ὁ
1405 1662 1471 1694 Θεός
1485 1670 1533 1688 σου
1548 1663 1562 1689 ὁ
1574 1662 1652 1696 ἅγιος
1666 1660 1786 1697 Ἰσραὴλ,
1797 1661 1811 1687 6
1828 1659 1927 1692 σώζω)

1134 1719 1175 1738 σε.
1201 1710 1333 1745 Ἐποίησα
1349 1709 1477 1744 ἄλλαγμά
1497 1717 1544 1735 σου
1562 1708 1700 1743 Αἴγυπτον
1720 1707 1766 1734 καὶ
1781 1705 1930 1733 Αἰθιοπίαν

1133 1756 1181 1784 καὶ
1188 1756 1292 1791 Σοήνην
1305 1754 1360 1790 (38)
1374 1754 1444 1791 ὑπὲρ
1456 1755 1530 1781 σοῦ.ι
1544 1754 1622 1781 Οὕτω
1634 1753 1688 1789 γὰρ
1697 1753 1762 1788 παρ’
1773 1752 1833 1788 ἐμοὶ
1844 1752 1927 1786 γέγο-

1132 1810 1181 1834 νας
1193 1801 1294 1837 τίμιος,
1317 1801 1366 1828 καὶ
1384 1800 1471 1832 οὕτως
1494 1800 1615 1827 ἐναντίον
1632 1808 1682 1835 μου
1705 1797 1859 1833 ὲδοξάσθης,
1877 1798 1927 1825 καί

1131 1848 1218 1881 οὕτως
1232 1848 1365 1884 ἠγάπησά
1382 1857 1422 1880 σε,
1438 1848 1475 1880 ὡς
1486 1847 1532 1874 καὶ
1551 1847 1630 1883 μέχρι
1647 1846 1701 1873 τῶν
1722 1845 1854 1882 ὲσχατιῶν
1870 1845 1927 1880 γῆς

1132 1894 1235 1929 φθάσαι
1246 1893 1296 1930 τὴν
1307 1893 1350 1920 διὰ
1369 1893 1415 1920 σοῦ
1429 1894 1512 1920 πᾶσιν
1528 1891 1683 1928 ἀνθρώποις
1706 1890 1926 1927 προξενουμὲνην

1132 1940 1204 1967 κατὰ
1219 1939 1286 1967 Θεὸν
1306 1939 1459 1975 σωτηρίανο
1487 1939 1534 1965 καὶ
1557 1938 1595 1970 ὡς
1620 1937 1719 1968 αὐτοὺς
1739 1936 1793 1963 τῶν
1814 1935 1926 1963 πάντων

1131 1985 1284 2022 ἀνθρώπων
1297 1984 1595 2020 δεισιδαιμονεστάτους
1616 1982 1781 2017 Αἰγυπτίους
1806 1981 1854 2017 τῆς
1878 1980 1927 2008 διὰ

1132 2031 1180 2058 σοῦ
1197 2031 1319 2067 κλήσεως
1334 2029 1546 2065 καταξιωθῆναι.
1572 2028 1621 2055 Διὰ
1640 2028 1689 2064 μὲν
1709 2025 1755 2054 οὖν
1772 2026 1826 2054 τῶν
1841 2026 1927 2060 Δίγυ-

1133 2078 1219 2104 πτίων
1242 2077 1347 2109 πάντας
1360 2076 1470 2112 ᾐνίξατο
1485 2075 1549 2107 τοὺς
1569 2074 1768 2110 δεισιδαίμονας
1783 2074 1830 2100 καὶ
1845 2073 1926 2099 eiii»-

1130 2123 1273 2159 λολάτρας,
1289 2122 1333 2149 διὰ
1354 2122 1382 2149 δὲ
1398 2121 1448 2157 τῆς
1463 2120 1607 2152 Αἰθιοπίας
1621 2120 1668 2147 καὶ
1686 2120 1781 2155 Σοῖνης
1796 2118 1859 2149 τοὺς
1874 2117 1926 2152 μέ-

1130 2178 1177 2205 χρι
1191 2169 1245 2196 τῶν
1258 2168 1393 2204 ὲσχατιῶν
1409 2168 1459 2203 τῆς
1477 2167 1539 2194 καθ’
1553 2167 1627 2202 ἡμᾶς
1640 2165 1802 2201 οἰκουμένης
1816 2163 1925 2190 οἰκοῦν-

1131 2224 1190 2247 τας.
1213 2214 1322 2246 Ἰστέον,
1340 2214 1378 2246 ὠς
1402 2213 1461 2240 ἐστι.
1484 2212 1625 2239 Σαϐαῖτῶν
1651 2211 1736 2243 ἔθνος,
1759 2210 1820 2237 ὅθεν
1845 2209 1926 2245 βασί-

1095 2261 1118 2290 D
1132 2261 1213 2288 λισσα
1227 2260 1303 2288 Σαϐὰ
1330 2260 1461 2296 ἐπεδήμει
1485 2259 1555 2286 κατὰ
1576 2259 1639 2291 τοὺς
1664 2257 1835 2293 Σολομῶντος
1856 2257 1927 2292 χρό-

1131 2315 1204 2339 νους.

1170 2361 1178 2377 ι
1204 2351 1262 2386 Ἀφ’
1275 2348 1305 2378 οὗ
1314 2350 1421 2386 ἔντιμος
1432 2351 1525 2385 ἐγένου
1536 2349 1654 2376 ἐναντίον
1670 2348 1749 2384 ἐμοῦ,
1764 2345 1923 2382 ἐδοξάσθης,

1130 2398 1177 2425 καὶ
1199 2397 1254 2433 ἐγώ
1272 2406 1302 2424 σε
1326 2397 1469 2432 ἠγάπησα.
1488 2397 1542 2423 Καὶ
1565 2394 1643 2421 δώσω
1665 2393 1823 2429 ἀνθρώπους
1850 2392 1924 2428 ὑπὲρ

1130 2444 1190 2481 oet-.1,
1208 2445 1254 2471 καλ¹
1265 2443 1398 2480 ἄρχοντας
1416 2443 1487 2478 ὑπὲρ
1498 2443 1546 2478 τῆς
1560 2441 1678 2476 κεφαλῆς
1691 2449 1748 2467 σου.
1766 2440 1811 2475 Μὴ
1823 2438 1922 2473 φοϐοῦ,

1130 2481 1180 2518 ὅτι.
1192 2490 1261 2526 μετὰ
1282 2489 1329 2517 σοῦ
1352 2490 1420 2525 εἰμι.
1445 2490 1503 2516 Ἀπ’
1527 2487 1664 2515 ἀνατολῶν
1685 2486 1741 2518 ἄξω
1761 2485 1790 2512 τὸ
1810 2484 1924 2520 σπέρμα

1130 2545 1188 2568 σου,
1201 2536 1248 2563 καὶ
1262 2535 1316 2563 ἀπὺ
1330 2535 1439 2570 δυσμῶν
1454 2534 1559 2566 συνάξω
1574 2542 1613 2560 σε.
1634 2542 1643 2559 ι
1656 2531 1744 2559 Πολλὰ
1755 2531 1837 2557 τέκνα
1850 2529 1924 2557 κατὰ

1129 2582 1197 2609 Θεὸν
1208 2583 1341 2617 γεννήσας
1356 2581 1462 2613 συνάξω
1476 2581 1516 2612 εἰς
1526 2579 1575 2615 τὴν
1591 2577 1750 2614 ἐπουράνιόν
1768 2586 1818 2612 μου
1831 2575 1922 2606 πόλιν,

1131 2627 1285 2664 μετεώρους
1298 2628 1396 2660 αὐτοὺς
1408 2626 1550 2655 ἀναλαϐὼν
1560 2626 1592 2653 δι’
1601 2626 1682 2660 ἀέρος
1692 2625 1786 2659 ῶσπερ
1801 2622 1922 2658 πτηνοὺς

1128 2673 1240 2709 ἀνέμοις
1251 2673 1511 2708 ὑποκουφιζὸμενος,
1530 2672 1601 2706 λέγω
1617 2671 1649 2707 δὴ
1665 2670 1821 2705 ἁγγελικαίς
1844 2668 1914 2697 δυνά.

1129 2729 1217 2756 μεσιν.

321 2879 376 2924 (53)
387 2880 474 2924 Syene
486 2881 549 2924 urbs
558 2883 590 2909 ad
604 2886 725 2924 extrema
739 2879 848 2924 Egypti
862 2880 958 2913 posita,
972 2879 1083 2924 Συήνηή

1134 2888 1161 2915 νη
1189 2884 1217 2908 et
1241 2879 1320 2915 Σοῖνη
1338 2879 1437 2907 dicitur
1457 2878 1528 2914 apud
1554 2877 1717 2914 Origenem,
1738 2876 1920 2905 Atnanasiuu

283 2919 310 2941 et
328 2915 405 2948 :Iﬁos,
422 2916 490 2943 utin
506 2918 647 2945 Athanasii
665 2916 738 2945 edito
755 2915 920 2943 monuimus.
