4130 6400
313 391 432 449 2597

1254 402 1756 462 COMMENTARIA
1799 407 1866 464 ΙΝ
1908 407 2166 464 ΙΒΛΙΑΣΙ.
2210 439 2274 448 -
2313 409 2467 465 CAP.
2509 409 2696 466 XLIII.

3493 417 3600 476 398

405 533 424 563 ί
477 511 620 585 Ἑρῶ
662 513 741 586 τῷ
775 515 970 589 βορρᾷ,
1009 520 1162 588 Ἀγε,
1212 521 1305 574 καὶ
1355 523 1432 594 τῷ
1470 524 1604 588 ttat,
1640 527 1794 594 Ἄγε,
1838 527 1900 597 μί

2093 525 2260 581 Vens.
2305 528 2359 583 6.
2408 546 2427 579 ι
2456 527 2638 584 Dicam
2673 527 2935 598 aquiloni,
2967 527 3112 598 Age;
3143 537 3196 585 et
3226 537 3435 596 austro,
3464 531 3600 601 Age,

321 603 538 659 κώλυεο
567 605 666 675 ἄγε
694 608 826 679 τοὺς¹
863 609 1010 673 υἱούς
1039 629 1141 681 μου
1177 612 1287 666 ἀπὸ
1325 615 1424 686 τῆς
1470 615 1772 687 πόρρωθεν,
1824 618 1914 671 καὶ

317 695 427 758 τὰς
460 694 766 769 θυγατέρας
798 717 902 770 μου
938 703 1032 754 ἀπ’
1063 703 1248 773 ἄκρων
1277 705 1379 776 τῆς
1407 706 1531 777 γῆς.
1561 728 1578 758 ι
1623 707 1764 777 Ἐγὼ
1798 710 1906 780 γὰρ

327 787 446 850 ταῖς
473 786 791 856 ἀγγελικαῖς
828 790 1089 863 δυνάμεσι
1129 794 1285 849 τοῦτο
1308 800 1480 851 ποιεῖν
1505 800 1809 869 προστάξω,
1831 800 1919 854 διά

329 878 392 931 τὸ
419 879 587 949 ἐμοὺς
620 875 761 934 εἶναι
783 884 935 948 υἱοὺς
975 887 1068 939 καὶ
1104 886 1413 961 θυγατέρας
1458 891 1600 961 ἐμάς
1646 891 1716 945 δι’
1765 892 1920 964 ὑμῶν

332 971 640 1042 σπαρέντας
669 975 763 1028 καὶ
790 977 1250 1050 ἀναγεννηθέντας
1267 981 1326 1035 ὲν
1347 985 1414 1054 τῇ
1447 983 1553 1054 ἐμῇ
1597 983 1915 1056 Ἐκκλησία.

407 1081 426 1115 ι
460 1063 676 1128 Πάντας
727 1065 842 1120 ὅσοι
895 1068 1282 1140 ὲπικέκληνται
1326 1072 1404 1142 τῷ
1451 1074 1675 1144 ὀνόματί
1733 1092 1853 1146 μου.
1892 1093 1912 1127 ι

329 1152 503 1206 Πόθεν
534 1154 591 1207 δὲ
619 1154 842 1210 ἄλλοθεν
870 1157 1077 1231 ὑπέστη
1113 1160 1173 1213 τὸ
1217 1162 1559 1232 Χριστιανῶν
1591 1163 1760 1236 ὸνομα
1786 1166 1820 1236 ἢ
1851 1166 1918 1220 ἐκ

327 1245 428 1316 τῆς
457 1244 552 1299 τοῦ
582 1246 818 1318 Χριστοῦ
848 1251 1254 1322 προσηγορίας;
1290 1253 1450 1318 αὐτὸς
1474 1254 1530 1308 δὲ
1559 1250 1629 1326 ἦν
1653 1259 1682 1310 ὁ
1703 1256 1791 1310 διά
1821 1255 1916 1311 τοῦ

327 1335 608 1406 προφήτου
638 1335 812 1390 ταῦτα
847 1338 1139 1405 θεσπίζων.
1189 1361 1207 1393 ι
1249 1344 1336 1397 Ἐν
1365 1344 1472 1416 γὰρ
1519 1348 1586 1417 τῇ
1629 1347 1760 1419 δόξῃ
1813 1365 1915 1420 μου

329 1427 708 1481 κατεσκεύασα
745 1430 927 1495 αὑτὸν,
959 1432 1054 1485 καὶ
1103 1433 1313 1487 ἔπλασα
1345 1435 1528 1502 αὐτὸν,
1561 1439 1654 1491 καὶ
1685 1440 1915 1511 ἐποίησα

326 1517 510 1584 αὐτὸν,
555 1520 827 1574 ἄπλαστον
874 1522 1002 1576 ὄντα
1035 1526 1148 1588 τοῖς
1176 1526 1418 1594 τρόποις.

404 1629 422 1661 ι
456 1611 568 1664 Καὶ
596 1612 866 1683 ἐξήγαγον
912 1615 1041 1668 λαὸν
1089 1617 1311 1686 τυφλὸν,
1343 1620 1438 1672 καὶ
1464 1621 1733 1694 ὀφθαλμοί
1775 1624 1914 1678 εἰσιν

324 1702 589 1766 ὡσαύτως
619 1704 830 1774 τυφλοὶ,
873 1707 966 1759 καὶ
1017 1709 1192 1778 κωφοὶ
1218 1709 1286 1763 τὰ
1311 1703 1426 1764 ὦτα
1451 1711 1684 1782 ἔχοντες.
1728 1715 1912 1769 Πάντα

324 1793 391 1846 τὰ
427 1788 554 1858 ἔθνη
581 1794 924 1867 συνήχθησαν
958 1798 1094 1868 ἅμα,
1123 1800 1220 1852 καὶ
1249 1803 1670 1875 συναχθήσονται
1712 1807 1909 1878 ἄρχον-

2021 617 2132 672 noli
2159 618 2465 688 prohibere.
2503 619 2617 690 Age
2643 619 2785 676 ﬁlios
2820 633 2971 674 meos
3005 622 3072 674 de
3099 629 3242 676 terra
3275 632 3506 686 remota,
3543 632 3602 678 et

2022 710 2159 765 ﬁlias
2185 725 2334 764 meas
2361 711 2431 765 ab
2447 711 2707 766 extremis
2732 724 2910 767 terrae.
2949 732 2970 764 ι
3017 709 3128 782 Ego
3151 715 3295 768 enim
3324 716 3600 784 angelicas

2023 804 2254 858 virtutes
2272 803 2384 858 hmc
2409 818 2573 873 agere
2601 804 2909 874 praecipiam
2929 845 2946 871 ,
2979 805 3108 874 quia
3141 805 3234 860 ﬁlii
3263 806 3370 862 mei
3391 815 3449 862 et
3471 806 3598 862 ﬁliae

2021 910 2154 950 meae
2205 904 2357 960 sunt,
2405 911 2504 965 per
2536 911 2631 952 vos
2668 896 2772 952 sati
2804 906 2860 952 et
2909 898 3210 968 regenerati
3255 899 3311 954 in
3355 897 3602 954 Ecclesia

2018 1000 2159 1041 mea.

2095 1077 2256 1133 Vens.
2303 1079 2358 1133 7.
2403 1098 2421 1131 ι
2457 1078 2677 1148 Omnes,
2705 1090 2976 1152 quotquot
3007 1083 3183 1139 vocati
3213 1092 3342 1140 sunt
3373 1085 3597 1142 nomine

2018 1186 2160 1226 meo.
2183 1189 2203 1224 ι
2240 1170 2396 1226 Unde
2421 1172 2772 1228 constitutum
2805 1185 2889 1230 est
2909 1175 3349 1233 Christianorum
3377 1193 3600 1247 nomen,

2019 1263 2121 1318 nisi
2162 1278 2229 1317 ex
2267 1263 2469 1318 Christi
2509 1265 2774 1320 nomine?
2805 1266 2922 1336 Ipse
2967 1277 3148 1322 autem
3186 1279 3330 1336 erat,
3361 1272 3454 1341 qui
3497 1287 3602 1342 per

2016 1357 2338 1425 prophetam
2370 1357 2486 1412 hare
2514 1357 2938 1415 vaticinabatur.
2974 1379 2992 1411 ι
3018 1360 3072 1415 In
3100 1362 3276 1429 gloria
3304 1364 3450 1418 enim
3475 1379 3595 1419 mea

2014 1445 2158 1501 edidi
2185 1461 2333 1513 eum,
2385 1456 2440 1501 et
2477 1449 2608 1503 ﬁnxi
2638 1464 2786 1514 eum,
2837 1460 2894 1505 et
2940 1452 3044 1509 feci
3098 1468 3246 1520 eum,
3283 1474 3304 1507 ι
3369 1456 3601 1514 minime

2015 1537 2195 1592 ﬁctum
2230 1541 2493 1595 moribus.

2088 1628 2251 1685 Vens.
2305 1629 2360 1698 8,
2401 1631 2456 1688 9.
2507 1652 2526 1685 ι
2549 1631 2614 1688 Ει
2647 1635 2810 1689 eduxi
2836 1635 3088 1705 populum
3114 1651 3344 1707 caecum,
3376 1648 3432 1694 et
3451 1639 3599 1698 oculi

2011 1733 2136 1777 sunt
2166 1723 2373 1792 pariter
2415 1725 2565 1793 caeci,
2599 1736 2652 1780 et
2690 1727 2840 1781 surdi
2891 1743 3051 1783 aures
3103 1730 3327 1785 habent.
3377 1731 3583 1788 Omnes

2011 1821 2197 1883 gentes
2218 1825 2565 1886 congregata:
2590 1827 2716 1872 sunt
2753 1818 2936 1887 simul,
2963 1829 3018 1875 et
3058 1821 3286 1878 coibunt
3319 1825 3598 1896 principes

324 1884 492 1949 τεςέξ
515 1885 716 1942 αὐτῶν.
755 1907 773 1939 ι
824 1886 925 1941 Διά
956 1890 1064 1961 γὰρ
1093 1890 1204 1944 τῶν
1243 1893 1615 1949 ἀποστολικῶν
1647 1899 1900 1970 σπερμά-

2007 1919 2072 1959 ex
2095 1905 2227 1960 eis.»
2251 1905 2354 1962 Per
2380 1909 2675 1977 apostolica
2701 1911 2900 1982 quippe
2923 1913 3132 1968 semina
3173 1924 3226 1970 et
3256 1930 3356 1986 per
3384 1917 3595 1972 doctrin

323 1992 432 2029 των
483 1977 714 2049 καὶτῆς
769 1978 1119 2045 διδασκαλίας
1167 1983 1348 2038 αὐτῶν
1400 1987 1797 2056 μεταϐαλόντες
1854 1992 1908 2044 οἱ

321 2067 490 2122 πάλαι
512 2070 705 2140 τυφλοὶ
733 2071 827 2124 καὶ
850 2073 1046 2142 κωφοὶ,
1077 2076 1422 2148 συνήχθησαν
1446 2080 1526 2143 είς
1547 2080 1646 2152 τὴν
1681 2081 1909 2154 Ἐκκλη-

326 2159 454 2214 σίαν
479 2161 572 2214 τοῦ
604 2161 742 2216 Θεοῦ
762 2181 775 2193 ·
809 2164 910 2235 ήδη
933 2164 990 2218 δὲ
1021 2167 1117 2221 καὶ
1160 2168 1422 2240 ἄρχοντες
1467 2171 1526 2235 ἐξ
1558 2173 1738 2226 αὐτῶν
1780 2174 1908 2228 τού-

323 2265 434 2304 των
469 2251 578 2305 τῶν
606 2253 778 2309 ἐθνῶν
812 2257 905 2309 ἐπί
932 2256 1024 2310 τὸν
1054 2257 1180 2310 λαὸν
1208 2258 1302 2312 τοῦ
1337 2260 1472 2314 Θεοῦ
1510 2264 1866 2336 κατέστησαν.

403 2364 422 2395 ι
455 2344 553 2408 Τίς
585 2347 876 2416 ἀναγγελεῖ
917 2349 1128 2415 ταῦτα;
1165 2352 1197 2422 ἢ
1232 2352 1298 2406 τά
1330 2352 1389 2418 ἐξ
1423 2355 1597 2425 ἀρχῆς
1629 2356 1712 2421 τίς
1739 2358 1913 2427 ἀναγ-

321 2430 473 2500 γελεῖ
497 2433 657 2503 ὑμῖν;
706 2435 1085 2505 ’Λγαγέτωσαν
1114 2441 1244 2504 ’τοὺς
1273 2441 1556 2514 μάρτυρας
1585 2446 1786 2511 αὐτῶν,
1811 2449 1908 2502 καὶ

321 2520 789 2595 δικαιωθήτωσαν,
834 2528 929 2580 καὶ
985 2530 1396 2597 ἀκουσάτωσαν,
1449 2535 1542 2587 καὶ
1598 2536 1907 2594 εἰπάτωσαν

323 2613 524 2684 ἀληθῆ.
553 2614 590 2666 Γ
594 2615 778 2669 ένεσθέ
804 2634 895 2688 μοι
933 2620 1233 2692 μάρτυρες,
1263 2623 1358 2677 καὶ
1384 2625 1496 2693 ἐγὼ
1542 2626 1776 2698 μάρτυς,
1819 2630 1905 2685 λέ-

320 2720 408 2774 γει
438 2704 644 2776 Κύριος
668 2707 696 2757 6
721 2706 874 2771 Θεὸς,
909 2711 1004 2764 καὶ
1036 2713 1064 2764 6
1099 2715 1226 2775 παῖς
1254 2730 1380 2783 μου,
1402 2714 1461 2768 ὃν
1487 2716 1842 2792 ἐξελεξάμην.
1878 2741 1898 2774 ι

332 2797 548 2869 Ἐπειδὴ
574 2799 728 2867 κάγὼ
755 2802 784 2852 6
819 2800 953 2865 Θεὸς
993 2802 1203 2874 μάρτυς
1248 2806 1427 2861 αὐτῶν
1463 2809 1787 2880 γενήσομαι,
1807 2813 1904 2867 καὶ

314 2887 346 2940 6
375 2888 506 2950 παῖς
541 2905 642 2958 μου
668 2888 726 2943 ὃν
755 2889 1086 2964 ἐξελεξάμην
1111 2910 1124 2924 ·
1159 2896 1290 2967 περὶ
1316 2891 1376 2951 οῦ
1397 2898 1658 2970 ἀνωτέρω
1681 2900 1863 2971 ἔλεγεν
1882 2920 1897 2935 ο

321 2995 344 3031 ι
387 2977 517 3033 Ἰδοὺ
547 2981 576 3032 ὁ
597 2983 723 3044 παῖς
747 2999 870 3052 μου,
899 2983 957 3036 ὃν
986 2984 1235 3056 ᾑρέτισα,
1257 2988 1286 3040 6
1307 2988 1560 3054 ἐκλεκτός
1584 3008 1707 3062 μου,
1731 3011 1900 3066 προσ-

317 3068 536 3135 εδέξατο
585 3071 748 3125 αὐτὸν
799 3075 833 3145 ἡ
867 3073 1010 3148 ψυχή
1041 3095 1166 3148 μου.
1197 3097 1217 3130 ι
1263 3079 1405 3150 Ἐγὼ
1449 3081 1627 3136 τοίνυν
1657 3084 1817 3149 αὐτὸς
1868 3087 1899 3140 6

319 3161 476 3226 Θεὸς,
511 3163 606 3216 καὶ
636 3163 664 3216 6
701 3167 826 3230 παῖς
862 3163 1016 3232 οὗτος
1042 3170 1070 3222 ὁ
1098 3169 1355 3235 ἐκλεκτός
1402 3190 1527 3244 μου,
1565 3177 1898 3248 μαρτυρήσω

318 3253 430 3314 τοῖς
454 3253 608 3322 ἐμοῖς
639 3254 908 3325 μάρτυσι·
947 3257 975 3310 ὃ
1006 3257 1070 3330 δὴ
1097 3260 1194 3313 καὶ
1217 3261 1450 3334 ὁΣωτὴρ
1471 3264 1529 3316 ἐν
1546 3264 1897 3334 Εύαγγελίοις

319 3342 511 3414 ἐδήλου
543 3343 718 3414 λέγων
738 3363 751 3376 °
788 3364 806 3398 ι
837 3349 932 3412 Ὃς
964 3348 1058 3402 ἐὰν
1088 3351 1401 3426 ὁμολογήσῃ
1432 3356 1492 3408 ἐν
1523 3355 1646 3426 ἐμοὶ
1691 3355 1897 3428 ἔμπρο-

318 3433 444 3488 σθεν
480 3435 587 3490 τῶν
612 3437 930 3510 ἀνθρώπιον,
959 3441 1277 3515 ὁμολογήσω
1317 3445 1473 3515 κάγὼ
1503 3449 1562 3502 ἐν
1603 3449 1751 3521 αύτῷ
1795 3450 1894 3522 έμ-

317 3525 556 3597 προσθεν
587 3527 683 3581 τοῦ
712 3530 923 3600 Πατρός
962 3550 1063 3604 μου
1091 3534 1187 3588 τοῦ
1222 3537 1280 3590 ἐν
1316 3541 1430 3602 τοῖς
1470 3539 1738 3611 οὐρανοῖς.
1776 3542 1897 3596 Ἵνα

311 3616 485 3686 γνῶτε
534 3619 628 3672 καὶ
677 3621 1026 3694 πιστεύσητε,
1079 3626 1175 3679 καὶ
1216 3627 1434 3699 συνῆτε,
1481 3630 1565 3684 ὅτι
1615 3631 1726 3700 ἐγώ
1755 3635 1894 3704 εἰμι.

376 3729 397 3763 ι
437 3712 786 3785 Ἐμπροσθέν
817 3733 919 3785 μου
949 3716 1049 3770 οὐκ
1064 3717 1280 3787 ἐγένετο
1299 3720 1458 3786 ἄλλος
1485 3723 1635 3788 Θεὸς,
1662 3725 1753 3778 καὶ
1775 3726 1892 3796 μετ’

311 3801 412 3873 ἐμὲ
438 3803 537 3856 οὐκ
570 3803 702 3857 ἔστι.
726 3824 744 3856 ο
781 3806 854 3860 Τὸ
883 3807 992 3880 γὰρ
1014 3808 1183 3864 αἴτιον
1209 3811 1310 3883 τῆς
1333 3813 1428 3866 τοῦ
1458 3815 1694 3886 Χριστοῦ
1737 3834 1890 3888 παρ-

309 3892 496 3956 ουσίας
524 3895 619 3947 καὶ
653 3897 750 3968 τῆς
783 3897 893 3950 τῶν
942 3901 1261 3957 ἀποστόλων
1295 3905 1460 3984 αὐτοῦ
1491 3908 1572 3972 είς
1620 3907 1798 3963 πάντα
1821 3909 1892 3964 τά

313 3981 441 4056 ἔθνη
487 3988 786 4059 μαρτυρίας
813 3989 965 4044 οὐδὲν
1001 3992 1187 4065 ἕτερον
1228 3990 1318 4066 ἦν,
1349 3997 1383 4068 ἢ
1419 3981 1481 4050 τὸ
1518 3999 1749 4071 κηρῦξαι
1790 4001 1890 4073 τὴν

313 4073 411 4127 τοῦ
440 4076 573 4129 Θεοῦ
595 4079 814 4147 γνῶσιν,
847 4083 940 4136 καὶ
977 4083 1076 4156 τὴν
1112 4087 1193 4150 εἰς
1235 4088 1397 4144 αὐτὸν
1429 4090 1632 4157 πίστιν,
1667 4093 1762 4147 καὶ
1789 4093 1888 4166 τὴν

313 4170 444 4240 περὶ
473 4169 636 4224 αὑτοῦ
671 4172 884 4228 σύνεσιν
933 4179 1044 4240 τοῖς
1077 4179 1206 4251 πρὶν
1251 4180 1548 4246 ἀσυνέτοις,
1583 4185 1676 4238 καὶ
1721 4187 1885 4240 ἀσυν-

310 4257 504 4325 θέτοις,
535 4262 628 4316 καὶ
668 4264 938 4331 ἀπίστοις,
981 4269 1075 4321 καὶ
1111 4271 1169 4323 ἐν
1201 4272 1445 4344 ἀγνωσία
1484 4269 1632 4330 οὖσιν
1677 4277 1841 4330 αὑτοῦ
1869 4294 1884 4308 ⁶

304 4349 382 4414 ὡς
407 4351 494 4406 διὰ
545 4354 703 4409 τοῦτο
733 4358 1064 4427 τυφλώττειν
1092 4363 1220 4426 τοὺς
1256 4364 1359 4434 τῆς
1387 4365 1644 4432 ’διανοίας
1687 4368 1886 4438 ὀφθαλ-

309 4437 463 4512 μοὺς,
499 4445 594 4498 καὶ
616 4449 741 4519 περὶ
765 4449 865 4522 τὴν
890 4451 1098 4525 πλάνην
1121 4454 1220 4526 τῆς
1256 4455 1416 4510 ἀθέου
1443 4437 1886 4531 εἰδωλολατρείας

303 4533 578 4591 είλεῖσθαι.
621 4557 640 4590 ι
686 4541 826 4611 Ἐγὼ
854 4545 883 4596 6
908 4544 1060 4611 Θεὸς,

305 4623 513 4716 σώζων.
538 4647 556 4679 ι
577 4629 724 4694 Μιᾶς
737 4632 845 4707 γὰρ
872 4632 1036 4706 ούσης
1063 4637 1255 4710 ἀρχῆς,
1277 4639 1375 4709 μία
1404 4641 1487 4713 εἴη
1521 4641 1588 4696 ἃν
1611 4643 1644 4713 ή
1667 4623 1876 4716 θεότης,

304 4709 958 4794 ἦσυμπαραλαμὸἀνεται
999 4728 1090 4780 καὶ
1121 4730 1155 4799 ή
1188 4728 1282 4783 τοῦ
1329 4709 1664 4802 Μονογενοῦς
1710 4709 1876 4789 αὐτοῦ

303 4807 549 4883 θεολογία
572 4870 584 4884 ,

375 5026 396 5059 ι
439 5009 581 5080 Ἐγὼ
627 5014 926 5085 ἀνήγγειλα
971 5017 1066 5070 καὶ
1099 5017 1306 5072 ἔσωσα·
1349 5019 1620 5088 ώνείδισα,
1653 5024 1748 5077 καὶ
1781 5023 1884 5080 οὐκ

2010 2011 2132 2050 nam
2164 2012 2353 2053 eorum
2404 2001 2636 2066 mutati,
2671 2002 2763 2071 qni
2795 2003 2923 2058 olim
2954 2005 3085 2060 caeci
3126 2018 3184 2060 et
3216 2007 3368 2062 surdi
3415 2019 3598 2078 erant,

2008 2091 2319 2160 congregati
2350 2101 2480 2146 sunt
2516 2093 2568 2146 in
2607 2093 2845 2149 Ecclesia
2877 2095 2970 2151 Dei
3002 2115 3017 2152 :
3043 2095 3274 2170 jamque
3313 2100 3596 2182 principes

2007 2189 2073 2235 ex
2129 2182 2323 2237 iisdem
2385 2185 2645 2254 gentibus
2698 2185 2751 2241 in
2825 2189 3081 2259 populum
3147 2192 3240 2247 Dei
3301 2197 3592 2252 constituti

2008 2285 2155 2331 Slltll.
2921 2307 2923 2309 ‘

2081 2365 2242 2422 Vens.
2283 2367 2437 2423 9-H.
2481 2387 2500 2420 ι
2530 2369 2662 2437 Quis
2693 2373 3037 2428 annuntiabit
3066 2375 3181 2430 lucc
3204 2414 3220 2441 ,
3271 2386 3327 2432 et
3375 2393 3497 2448 qua:
3521 2382 3590 2434 ab

2007 2460 2165 2515 initio
2195 2461 2318 2530 quis
2362 2463 2642 2518 enarrabit
2675 2464 2872 2520 vobis?
2899 2467 3185 2522 Adducam
3227 2478 3392 2524 testes
3437 2486 3596 2539 suos,

2005 2553 2463 2624 etjustiﬁcentur.
2499 2561 2556 2608 et
2584 2556 2809 2615 audiant
2838 2565 2893 2610 et
2923 2557 3108 2612 dicant
3134 2573 3255 2628 qua:
3281 2574 3409 2614 vera
3439 2571 3585 2616 sunt.

2006 2645 2189 2700 Estote
2223 2645 2353 2700 mihi
2394 2657 2602 2712 testes,
2659 2657 2712 2702 et
2767 2663 2868 2719 ego
2925 2650 3100 2716 testis,
3142 2651 3277 2706 dicit
3324 2651 3592 2710 Dominus

2006 2735 2182 2800 Deus,
2210 2745 2266 2790 et
2299 2752 2433 2806 puer
2466 2753 2639 2806 mens,
2687 2753 2848 2809 quem
2898 2740 3058 2814 elegi.
3090 2761 3109 2793 ι
3166 2742 3434 2809 Quoniam
3485 2761 3588 2817 ego

2003 2826 2145 2883 Deus
2177 2829 2332 2883 testis
2369 2833 2558 2884 eorum
2593 2845 2726 2896 ero,
2755 2840 2810 2886 et
2838 2848 2972 2902 puer
3005 2851 3178 2902 meus,
3213 2851 3375 2907 quem
3411 2837 3586 2911 elegi;

2001 2920 2069 2974 de
2096 2933 2204 2989 quo
2226 2922 2480 2990 superius
2509 2922 2727 2979 dicebat
2752 2963 2768 2988 ,
2817 2941 2837 2975 ι
2865 2925 3006 2981 Ecce
3046 2942 3183 2998 puer
3207 2942 3358 2984 meus
3379 2970 3396 2996 ,
3422 2947 3585 3003 quem

1999 3011 2163 3083 elegi,
2193 3014 2402 3070 electus
2427 3030 2600 3080 meus,
2627 3017 2872 3087 suscepit
2893 3032 3016 3072 eum
3041 3021 3220 3074 anima
3247 3036 3387 3078 mea.
3417 3040 3440 3076 ι
3475 3023 3588 3094 Ego

2000 3103 2183 3174 itaque
2214 3105 2331 3176 ipse
2365 3107 2530 3172 Deus,
2569 3116 2624 3162 et
2652 3107 2741 3163 hic
2773 3124 2910 3178 puer
2944 3110 3154 3168 eiectus
3202 3129 3387 3182 mens,
3428 3119 3591 3172 testi-.

1924 3223 1968 3281 ε
2003 3196 2209 3254 ﬁcabor
2243 3199 2476 3255 testibus
2525 3199 2700 3269 meis,
2752 3202 2898 3272 quod
2950 3202 3205 3259 nimirum
3245 3203 3500 3263 Salvator
3527 3208 3588 3264 in

1999 3289 2310 3361 Evangeliis
2333 3291 2651 3348 declarabat
2675 3292 2764 3349 his
2803 3293 3006 3361 verbis,
3045 3312 3064 3345 ι
3095 3293 3416 3367 Quicunque
3447 3313 3586 3354 con-

1999 3382 2240 3440 ﬁtebitur
2284 3398 2371 3440 me
2412 3398 2595 3439 coram
2645 3383 2984 3451 hominibus,
3029 3385 3334 3442 conﬁtebor
3379 3397 3435 3444 et
3481 3403 3588 3460 ego

1997 3490 2120 3532 eum
2151 3491 2333 3532 coram
2364 3475 2530 3533 Patre
2556 3490 2701 3542 meo,
2733 3476 2823 3546 qui
2856 3477 2910 3531 in
2945 3476 3100 3532 cmlis
3127 3483 3213 3531 est
3239 3476 3308 3530 ".
3337 3495 3485 3530 ι--ε
3511 3477 3586 3534 Ut

1995 3570 2428 3641 cognoscatis,et
2444 3569 2680 3626 credatis
2706 3578 2763 3625 et
2791 3567 3121 3638 intelligatis.
3145 3567 3270 3637 quia
3289 3576 3577 3638 egosum.»

2068 3660 2236 3718 Vens.
2278 3661 2368 3717 η.
2414 3679 2435 3714 ι
2463 3662 2607 3716 Ante
2627 3676 2715 3716 me
2751 3675 2858 3715 non
2897 3659 3000 3714 fuit
3027 3660 3170 3715 Deus
3193 3659 3355 3726 alius,
3378 3668 3436 3715 et
3459 3672 3582 3730 post

1994 3768 2082 3810 me
2115 3770 2223 3810 non
2246 3754 2371 3811 erit.
2404 3773 2424 3808 ι
2453 3752 2586 3808 Nam
2614 3752 2818 3810 Christi
2843 3753 3114 3808 adventus
3137 3789 3156 3817 ,
3194 3761 3249 3805 et
3281 3751 3578 3807 testimonii

1996 3861 2093 3917 per
2122 3845 2402 3916 apostolos
2446 3843 2568 3916 ejus
2603 3859 2699 3916 per
2747 3859 2938 3900 omnes
2971 3853 3160 3914 gentes
3206 3844 3436 3899 exhibiti
3471 3860 3576 3900 non

1994 3946 2215 4008 propter
2241 3937 2389 3993 aliud
2420 3945 2560 4000 erat,
2591 3952 2753 4007 quam
2785 3945 2846 3991 ut
2879 3935 3242 4007 pradicarent
3274 3936 3368 3992 Dei
3393 3938 3579 4008 cogni-

1994 4029 2224 4095 tionem,
2266 4028 2424 4084 ﬁdem
2456 4028 2512 4084 in
2544 4045 2694 4096 eum,
2722 4038 2779 4084 et
2821 4029 3236 4100 intelligentiam
3301 4028 3445 4099 ejus,
3487 4030 3574 4093 iis.

1989 4123 2080 4194 qui
2111 4123 2262 4193 prius
2293 4122 2640 4193 insipientes,
2672 4122 2962 4178 inordinati
2990 4161 3008 4189 ,
3054 4130 3110 4177 et
3139 4121 3384 4177 inﬁdeles
3415 4134 3574 4190 erant

1989 4226 2152 4288 atque
2202 4217 2254 4271 in
2334 4215 2642 4287 ignorantia
2715 4214 2838 4285 ejus
2898 4215 3304 4280 versabantur;
3375 4214 3447 4268 ita
3514 4225 3575 4268 ut

1987 4309 2276 4378 prepterea
2325 4307 2523 4362 mentis
2571 4306 2745 4362 oculis
2783 4307 3122 4370 cmcutircnt,
3171 4314 3226 4359 et
3271 4307 3324 4360 in
3383 4320 3573 4361 errore

1988 4399 2166 4469 impia:
2189 4395 2506 4453 idololatria:
2533 4398 2926 4454 volutarentur.
2959 4415 2980 4450 ι
3012 4397 3125 4468 Ego
3156 4397 3317 4461 Deus,
3365 4408 3423 4452 ct
3463 4413 3568 4451 non

1986 4502 2071 4544 est
2115 4498 2314 4559 prmter
2369 4501 2458 4543 me
2507 4486 2780 4543 Salvator.
2828 4505 2847 4538 ι
2913 4485 3049 4540 Nam
3101 4501 3223 4540 cum
3293 4500 3456 4540 unum
3497 4487 3569 4540 sit

1108 4550 1200 4600 καὶ
1227 4548 1326 4601 ούκ
1368 4549 1482 4603 ἔστι
1524 4551 1698 4623 παρὲξ
1745 4552 1879 4624 ἐμοῦ

2001 4548 2338 4649 )rincipium.
2405 4595 2510 4636 una
2568 4578 2734 4636 fuerit
2771 4587 2828 4635 et
2863 4578 3076 4646 deitas,
3138 4591 3370 4648 quacum
3413 4591 3570 4632 assu-

1986 4676 2162 4731 mitur
2200 4672 2476 4746 Unigeniti
2533 4673 2650 4744 ejus
2690 4671 2980 4739 theologia.

2068 5029 2216 5073 reas.
2261 5033 2348 5068 la.
2411 5030 2431 5064 ι
2462 5017 2573 5082 Ego
2601 5001 2925 5064 annuntiavt
2969 5015 3025 5061 et
3073 5005 3279 5061 salvavi
3313 5021 3328 5059 :
3361 5019 3560 5075 expro-

295 5091 367 5169 ἦν
409 5101 468 5153 ἐν
523 5103 651 5173 ὑμῖν
686 5105 982 5178 ἀλλότριος.
1043 5110 1234 5180 Ὑμεῖς
1277 5111 1401 5182 ἐμοὶ⁸
1442 5113 1737 5186 μάρτυρες,
1786 5115 1883 5169 και)⁸

2001 5107 2155 5170 travi,
2183 5114 2369 5161 etnon
2394 5112 2515 5160 erat
2538 5104 2592 5159 in
2621 5102 2777 5157 vobis
2798 5100 3028 5155 alienus.
3071 5097 3178 5154 Vos
3208 5098 3338 5154 mihi
3371 5109 3558 5164 testes,

299 5191 410 5260 ἐγὼ
435 5193 636 5266 Κύριος
664 5199 692 5250 6
718 5198 849 5264 Θεὸς
871 5200 951 5254 ἔτι
977 5203 1071 5256 ἀπ’
1095 5203 1302 5276 ἀρχῆς·
1335 5204 1427 5259 καὶ
1452 5206 1553 5260 οὐκ
1577 5208 1724 5263 ἔστιν
1749 5211 1777 5261 6
1808 5210 1872 5263 ἐκ

2001 5210 2032 5255 :t
2068 5215 2168 5271 ego
2197 5198 2459 5254 Dominus
2497 5197 2637 5252 Deus
2677 5194 2842 5249 etiam
2888 5194 2956 5247 ab
2996 5191 3156 5246 initio
3185 5206 3200 5244 :
3227 5200 3284 5246 et
3327 5205 3435 5247 non
3477 5201 3562 5247 est

297 5285 498 5356 χειρῶν
533 5305 634 5357 μου
668 5289 1074 5362 ἐξαιρούμενος.
1104 5295 1345 5367 Ποιήσω,
1376 5297 1466 5350 καὶ
1486 5297 1570 5361 τίς
1601 5299 1871 5372 ἀποστρέ-

2001 5296 2071 5366 lui
2097 5296 2163 5349 de
2193 5291 2442 5347 manibus
2484 5290 2620 5344 meis
2647 5297 2829 5343 eruat.
2855 5285 3100 5350 Faciam,
3129 5293 3184 5340 et
3205 5285 3330 5353 quis
3353 5291 3562 5338 avertet

296 5373 388 5445 ψει
439 5377 604 5442 αύτό;
635 5398 653 5428 ι
695 5380 782 5443 Ὠς
835 5381 943 5453 γὰρ
984 5384 1192 5455 μάρτυς
1236 5384 1398 5448 αὐτὸς
1440 5385 1674 5456 ἐλέγετο,
1720 5389 1813 5441 καὶ
1844 5389 1873 5441 6

2001 5385 2177 5441 llud?»
2206 5382 2420 5439 Etenim
2460 5391 2512 5436 ut
2566 5380 2722 5436 testis
2767 5379 3071 5443 dicebatur,
3121 5386 3174 5432 et
3205 5390 3344 5446 puer
3391 5390 3554 5478 quem

294 5467 426 5529 παῖς
457 5466 516 5520 ὃν
547 5469 858 5537 ἐξελέξατο’
889 5474 1031 5527 οὕτω
1057 5476 1151 5528 καὶ
1183 5475 1316 5540 Θεὸς
1348 5475 1535 5542 σώζων
1567 5481 1651 5551 εἴη
1673 5480 1738 5534 ἂν
1770 5481 1874 5535 αὐ-

2001 5479 2251 5548 :legerat;
2283 5477 2355 5532 ita
2403 5483 2458 5529 et
2501 5476 2615 5544 ipse
2638 5487 2853 5544 quoque
2896 5471 3039 5527 Deus
3073 5470 3322 5526 Salvator
3369 5467 3555 5522 fuerit.

291 5556 406 5620 τός.
454 5559 579 5612 Ἐὰν
600 5560 659 5614 δὲ
687 5561 840 5636 λέγῃ,
877 5583 895 5616 ι
931 5566 1042 5620 Καὶ
1082 5567 1181 5620 οὐκ
1230 5567 1346 5623 ἔστι
1398 5570 1570 5641 παρὲξ
1599 5571 1732 5642 ἐμοῦ
1769 5572 1872 5625 σώ-

2001 5569 2127 5636 ξιιοιΙ
2171 5567 2217 5624 si
2253 5567 2417 5632 dicat,
2455 5583 2475 5619 ι
2513 5564 2579 5621 Et
2623 5580 2729 5621 non
2769 5574 2852 5620 est
2881 5572 3076 5635 praeter
3108 5577 3192 5618 me
3232 5559 3503 5623 Salvator,
3530 5574 3554 5611 ι

293 5798 340 5829 ⁷⁸
371 5797 559 5858 Matth.
595 5819 650 5870 ι,
675 5805 765 5862 3‘2.
