4130 6400
575 361 685 416 599

1325 364 1597 422 EUSEBII
1635 365 2118 427 CASSARIENSIS
2155 373 2304 429 OPP.
2351 373 2531 432 PARS
2565 375 2650 432 III.
2691 407 2758 418 ——
2797 378 3206 437 EXECETIGA.

3737 387 3836 441 ιηθ

570 494 684 535 nou
714 489 894 532 tamen
929 487 1091 548 negat
1113 493 1368 548 puerum,
1397 495 1556 548 quem
1591 480 1772 552 elegit,
1803 483 2124 540 Salvatoreo

2228 541 2230 547 .
2261 489 2390 554 ζων,
2433 513 2449 544 ι
2493 496 2592 549 οὐκ
2623 498 2985 570 ἀπαγορεύων
3011 501 3100 553 τὸν
3124 501 3352 574 Σωτῆρα
3379 497 3518 557 εἶναι
3543 505 3634 559 τὸν
3666 510 3835 565 παῖδα

571 585 740 629 esse:
771 572 946 642 ipsum
996 571 1144 626 enim
1196 569 1539 627 Salvatorem
1590 576 1846 644 agnoscit
1888 576 1976 631 hic
2029 591 2154 646 pro-

567 668 750 737 pheta,
781 679 905 719 cum
936 665 1012 717 ait
1041 681 1055 718 :
1087 682 1106 716 ι
1140 663 1206 718 Et
1237 665 1420 720 mittet
1447 664 1555 720 illis
1596 666 1857 723 Dominus
1901 668 2149 725 Salvato-

2260 578 2320 631 ὃν
2346 580 2647 647 ἐξελέξατο,
2679 588 2825 642 τοῦτ’
2853 588 2921 642 ἂν
2958 590 3100 643 εἴποι
3117 607 3130 620 ·
3158 585 3264 644 οἶδε
3291 591 3423 661 γοῦν
3452 594 3614 649 αὐτὸν
3660 598 3835 670 Σωτῆ-

2264 687 2333 740 ρα
2355 673 2384 724 6
2415 672 2606 746 παρὼν
2635 679 2923 750 προφήτης
2956 681 3014 733 ἐν
3040 676 3121 744 οἷς
3145 698 3277 752 φησι
3298 699 3312 713 ·
3345 703 3364 734 ι
3399 684 3507 738 Καὶ
3549 688 3838 744 ἀποστελεῖ

566 775 703 818 rem,
750 757 841 827 qui
887 755 1124 812 salvabit
1165 772 1281 813 eos.
1308 777 1328 809 ι
1382 757 1490 813 Pro
1532 756 1624 812 illo
1663 769 1866 826 autem,
1914 779 1934 813 ι
1962 775 2124 830 expro

2261 761 2445 827 αὐτοῖς
2478 765 2682 837 Κύριος
2723 769 2972 842 Σωτῆρα,
3010 773 3068 836 ὃς
3095 772 3256 828 σώσει
3302 775 3521 841 αὐτούς.
3553 797 3572 830 ι
3609 781 3753 834 Ἀντὶ
3783 783 3834 837 δὲ

562 853 738 916 bravi,
771 870 790 904 ι
822 850 1015 922 reliqui
1050 865 1244 908 omnes
1270 851 1622 923 interpretes,
1654 869 1672 903 ι
1697 853 1957 910 etaudire
1982 855 2137 921 feci,»

558 945 835 1000 dixerunt.

627 1036 796 1090 Vens.
857 1035 1043 1091 M-l'l.
1103 1034 1238 1092 (Sic
1293 1037 1425 1094 dicit
1481 1039 1742 1097 Dominus
1810 1039 1992 1102 Deus,
2049 1041 2142 1111 qui

555 1126 773 1183 redimit
807 1142 924 1194 vos,
952 1127 1185 1186 Sanctus
1211 1128 1417 1186 Israel:
1445 1131 1677 1204 Propter
1715 1149 1810 1190 vos
1839 1135 2048 1189 mittam
2078 1135 2134 1190 in

551 1218 884 1291 Babylonem
913 1238 927 1276 :
959 1231 1016 1278 et
1040 1223 1320 1279 suscitabo
1344 1223 1618 1296 fugientes
1646 1242 1858 1293 omnes,
1895 1237 1950 1283 et
1977 1228 2142 1284 Chal-

550 1311 653 1368 ἀεὶ
707 1314 760 1369 in
818 1315 1049 1371 naribus
1112 1317 1438 1388 vincientur.
1501 1318 1615 1389 Ego
1679 1319 1940 1375 Dominus
1997 1321 2141 1377 Deus

550 1415 778 1462 sanctus
805 1417 1010 1474 vester,
1044 1409 1136 1478 qui
1157 1409 1394 1464 oostendi
1423 1410 1590 1466 Israel
1641 1427 1820 1484 regem
1873 1422 2135 1469 vestrum.

551 1497 644 1554 Sic
671 1500 805 1555 dicit
837 1501 1116 1565 Dominus,
1148 1503 1238 1572 qui
1274 1506 1444 1559 datin
1474 1505 1610 1560 mari
1642 1507 1808 1574 viam,
1840 1507 1964 1562 etin
1997 1521 2136 1578 aqua

548 1592 858 1649 vehementi
905 1595 1197 1650 semitam:
1225 1595 1318 1666 qui
1371 1597 1562 1653 eduxit
1601 1613 1799 1654 currus
1835 1608 1892 1655 et
1921 1600 2135 1670 equita-

546 1694 684 1750 tum,
719 1695 776 1740 et
825 1686 1226 1742 multitudinem
1285 1690 1562 1745 robustam
1595 1691 1726 1746 :sed
1762 1691 2133 1760 dormierunt,

545 1785 602 1831 et
647 1792 754 1832 non
801 1790 1121 1850 resurgent;
1170 1781 1431 1838 exstincti
1463 1791 1593 1838 sunt
1622 1793 1682 1838 ut
1711 1783 1880 1839 linmn
1931 1785 2138 1840 exstin-

545 1879 716 1926 ctum.
741 1890 759 1925 ι
793 1870 996 1928 Horum
1030 1888 1222 1929 sensus
1268 1874 1358 1930 hic
1394 1887 1480 1931 est
1525 1893 1540 1931 :
1574 1875 1713 1933 Olim
1766 1877 1986 1948 quidem
2039 1875 2132 1931 Ju-

545 1962 710 2019 daico
757 1964 954 2036 pupqu
990 1964 1254 2022 beneﬁcia
1299 1966 1502 2023 contuli
1535 1981 1639 2024 :ac
1687 1983 1846 2033 cum,
1883 1977 1948 2023 ut
1987 1967 2135 2038 ipsos

543 2057 872 2128 castigarem
905 2067 963 2112 et
991 2059 1059 2114 ad
1087 2058 1282 2114 bonam
1308 2071 1547 2116 mentem
1577 2061 1918 2128 reducerem,
1954 2059 2130 2132 Baby-
2165 2107 2207 2163 Β

544 2148 709 2204 Ioniis
740 2150 1108 2217 tradidissem,
1143 2167 1248 2206 non
1278 2151 1370 2206 diu
1396 2163 1582 2222 postea
1614 2167 1710 2209 eos
1741 2168 1771 2208 a
1802 2153 2128 2222 Babylonica

544 2242 866 2314 captivitate
890 2242 1091 2300 liberos
1123 2242 1331 2308 dimisi,
1376 2255 1565 2316 utpote
1602 2244 1747 2302 Deus
1781 2254 1833 2301 et
1869 2245 2130 2301 Dominus

543 2335 946 2392 universorum.
964 2336 1221 2406 Ipsosque
1248 2335 1591 2408 Babylonios,
1613 2337 1704 2408 qui
1729 2345 1917 2392 contra
1943 2335 2130 2392 Hiero-

542 2427 814 2500 solytnam
845 2429 1178 2500 irruperant,
1223 2440 1470 2486 extorres
1501 2429 1635 2496 feci;
1673 2431 1743 2485 ita
1772 2442 1832 2486 ut
1869 2430 2125 2492 Chaldaei.

536 2523 635 2593 qui
680 2537 847 2594 penes
876 2537 975 2578 eos
1009 2531 1207 2587 erant,
1263 2523 1316 2577 in
1372 2521 1552 2593 fugam
1604 2539 1664 2578 se
1718 2531 2015 2590 verterent,
2064 2536 2129 2577 ac

536 2615 760 2686 quidam
795 2630 985 2671 eorum
1014 2617 1181 2672 vincti
1212 2616 1280 2670 ab
1298 2615 1422 2669 aliis
1451 2628 1510 2668 se
1538 2613 1855 2670 fortioribus
1887 2614 1938 2670 in
1961 2629 2129 2669 naves

539 2707 944 2778 conjicerentur
989 2709 1040 2764 in
1068 2707 1206 2763 mari
1235 2707 1336 2762 sibi
1380 2705 1687 2776 adiacente.
1737 2705 1864 2761 Haec
1894 2721 1995 2778 ego
2024 2705 2125 2761 Ieci

540 2799 709 2868 Deus,
732 2811 792 2856 ut
823 2815 1049 2870 regnum
1082 2815 1258 2855 meum
1295 2799 1606 2855 hominibus
1651 2803 2016 2855 ostenderem.

613 2976 780 3033 Vens.
837 2976 926 3044 18,
993 2976 1079 3035 I9.
1154 2997 1172 3031 ι
1200 2975 1280 3034 Ne
1332 2978 1689 3034 memineritis
1733 2980 1974 3048 priorum
2009 3019 2024 3044 ,
2069 2990 2124 3036 et

537 3079 727 3126 vetera
762 3084 832 3125 ne
877 3069 1213 3142 recogitetis.
1264 3070 1404 3126 Ecce
1445 3085 1548 3142 ego
1601 3070 1741 3127 facio
1787 3086 1944 3132 nova.
2002 3086 2124 3142 qua:

539 3179 687 3219 nunc
721 3163 993 3229 orientur,
1022 3172 1078 3218 et
1109 3163 1455 3236 cognoscetis
1501 3177 1584 3218 ea.
1613 3181 1632 3216 ι
1679 3163 1882 3219 Iudicat
1934 3179 2125 3222 rursus

539 3255 841 3313 Ecclesiam
911 3255 961 3309 in
1017 3255 1273 3326 gentibus
1328 3254 1800 3322 constituendam,
1853 3271 1985 3326 quae
2031 3257 2120 3312 Dei

537 3348 850 3420 cognitione
878 3363 1045 3404 vacua
1072 3357 1212 3412 erat,
1247 3356 1534 3419 antequam
1571 3347 1852 3404 adveniret
1872 3349 2123 3406 Christus

537 3440 657 3507 Dei,
689 3439 780 3511 qui
802 3440 955 3505 dixit,
992 3457 1011 3491 ι
1038 3438 1150 3510 Ego
1170 3453 1289 3494 sum
1322 3440 1431 3493 via.
1477 3438 1540 3494 Et
1583 3439 1780 3495 faciam
1812 3441 1865 3495 in
1900 3443 2120 3499 deserto
2149 3467 2192 3527 ο

537 3534 704 3598 viam,
737 3543 793 3590 et
820 3533 874 3587 in
905 3533 1168 3601 iuaquoso
1189 3530 1432 3586 ﬂumina.
1465 3549 1485 3584 ι
1526 3529 1726 3586 Verum
1772 3532 1826 3587 in
1861 3532 1974 3598 illo,
2006 3535 2119 3602 ait,

529 3626 804 3699 quondam
837 3626 1052 3681 deserto
1083 3627 1224 3680 viam
1249 3625 1467 3692 faciam,
1485 3626 1940 3697 quemadmodum
1970 3629 2120 3698 prius

525 3723 592 3778 in
632 3720 767 3776 mari
801 3719 991 3774 Rubro
1039 3717 1163 3775 feci.
1216 3718 1416 3774 Fluunt
1451 3733 1614 3791 porro
1661 3719 1971 3775 divinorum
2007 3722 2120 3776 elo-

526 3815 793 3888 .quiorum
832 3811 1058 3867 ﬁumina
1113 3828 1180 3868 ex
1219 3813 1469 3869 doctrina
1520 3813 1695 3869 sancti
1753 3811 2010 3884 Spiritus,
2063 3816 2118 3870 in

535 3905 624 3962 illa
678 3905 808 3960 olim
843 3904 1142 3974 inaquosa;
1175 3904 1638 3974 quemadmodum
1697 3915 1754 3959 et
1797 3906 1899 3961 sub
1933 3905 2120 3978 Moyse

521 4002 587 4056 in
637 3999 854 4054 deserto
899 3996 1118 4051 ﬂumina
1171 4007 1531 4062 emanarunt;
1587 3998 1681 4053 sed
1739 3997 1849 4052 illic
1898 3999 2114 4068 quidem

524 4105 810 4163 corporea:
831 4105 990 4159 aquae
1017 4099 1196 4154 erant,
1241 4097 1297 4145 et
1337 4098 1532 4146 natura
1575 4103 1672 4146 sua
1706 4089 1862 4145 nune
1903 4099 1958 4145 et
1985 4106 2114 4146 cor-

530 4195 737 4257 rupta;
783 4198 932 4239 nunc
983 4191 1163 4238 autem
1206 4179 1319 4238 Deo
1361 4181 1833 4248 subministrante,
1881 4182 2115 4238 rationa-

518 4279 654 4336 bilis
689 4287 745 4335 et
771 4276 1071 4347 spiritualis
1098 4291 1252 4347 aqua:
1276 4274 1498 4331 ﬂumina
1532 4284 1775 4330 manant.

599 4367 768 4424 Vens.
803 4366 897 4425 20.
938 4384 956 4418 ι
983 4365 1314 4422 Benediceut
1343 4355 1471 4420 mihi
1502 4365 1690 4423 bestiae
1715 4366 1852 4437 agri,
1884 4365 2109 4434 sirenes,

523 4473 578 4518 et
609 4461 735 4517 ﬁlim
764 4459 1129 4516 struthionum
1165 4477 1179 4514 :
1215 4459 1341 4530 quia
1377 4459 1516 4525 dedi
1544 4459 1598 4514 in
1637 4459 1856 4516 deserto
1889 4474 2111 4529 aquam,

523 4554 825 4611 etllumina
866 4553 918 4607 in
953 4554 1238 4622 inaquosa,
1272 4553 1338 4607 ad
1374 4551 1672 4622 potandum
1718 4566 1888 4622 genus
1934 4567 2109 4606 meum

513 4649 777 4704 electum.
810 4667 829 4702 ι
858 4646 1114 4703 Είϊονοιαξ
1146 4648 1363 4710 animae,
1397 4644 1633 4700 ﬂuminis
1662 4645 1860 4700 virtute
1881 4659 2110 4700 conver-

520 4756 616 4808 sae,
657 4755 688 4795 a
736 4740 915 4795 ferino
964 4739 1061 4796 illo
1110 4749 1259 4796 statu
1312 4739 1705 4804 mutabuntur;
1759 4737 1832 4793 ita
1880 4747 1940 4793 ut
1983 4737 2111 4808 ipsa:

2246 850 2362 917 τοῦ,
2393 872 2411 904 ι
2447 853 2720 922 ὠνείδισα,
2764 877 2780 909 ι
2816 861 2865 912 οἱ
2891 859 3065 915 λοιποὶ
3100 863 3434 935 ἐρμηνευταὶ
3463 867 3682 934 πάντες,
3716 874 3834 927 «καὶ

2245 939 2528 1011 ὴκούτισα,
2574 964 2591 996 ι
2629 947 2902 1019 εἰρήκασι.

2322 1053 2340 1083 ι
2365 1035 2550 1100 Οὕτως
2575 1037 2722 1107 λέγει
2749 1040 2954 1112 Κύριος
2987 1045 3016 1096 ὁ
3057 1043 3209 1111 Θεὸς,
3231 1047 3261 1100 6
3284 1045 3645 1120 λυτρούμενος
3673 1051 3831 1123 ὑμᾶς,

2251 1130 2281 1180 6
2312 1127 2506 1197 ’Ἄγιος
2536 1130 2630 1184 τοῦ
2666 1132 2920 1204 Ἰσραήλ·
2975 1135 3200 1190 Ἕνεκεν
3244 1138 3398 1210 ὑμῶν
3432 1141 3717 1196 ἀποστελῶ
3759 1147 3834 1210 είς

2245 1219 2561 1284 Βαϐυλῶνα,
2597 1222 2691 1277 καὶ
2720 1223 2971 1296 ἐπεγερῶ
2989 1225 3289 1296 φεύγοντας
3314 1229 3542 1296 πάντας,
3571 1233 3667 1286 καὶ⁵
3695 1235 3833 1290 Χαλ-

2241 1311 2379 1367 δαῖοι
2413 1314 2471 1368 ἐν
2522 1315 2730 1380 πλοίοις
2774 1317 3108 1390 δεθήσονται.
3147 1321 3289 1391 Ἐγὼ
3320 1323 3525 1396 Κύριος
3582 1327 3610 1379 6
3648 1327 3778 1392 Θεὸς
3805 1331 3831 1383 ὁ

2243 1402 2398 1472 άγιος
2421 1404 2594 1476 ὑμῶν,
2617 1407 2647 1460 6
2680 1409 2999 1475 καταδείξας
3018 1408 3236 1485 Ἰσραὴλ
3270 1413 3494 1484 βασιλέα
3522 1416 3697 1489 ὑμῶν.
3729 1420 3831 1474 Oli-

2241 1511 2348 1560 τως
2380 1495 2527 1567 λέγει
2555 1499 2758 1572 Κύριος
2789 1502 2818 1553 6
2870 1501 3048 1568 διδοὺς
3082 1505 3141 1557 ἐν
3175 1504 3419 1580 θαλάσσῃ
3449 1509 3591 1572 ὁδὸν,
3646 1512 3738 1565 κα)⁵
3775 1515 3831 1567 ἐν

2242 1587 2394 1642 ὕδατι
2412 1591 2616 1664 ἰσχυρῷ
2635 1593 2840 1664 τρίὸον,
2852 1597 2881 1648 6
2899 1595 3183 1667 ἐξαγαγὼν
3199 1600 3418 1672 ἅρματα
3435 1604 3526 1655 καὶ
3549 1604 3712 1658 ἵππον
3739 1608 3830 1661 καὶ

2239 1681 2398 1752 ὄχλον
2450 1685 2696 1757 ίσχυρὸν·
2735 1687 2851 1740 ἀλλ’
2902 1690 3298 1764 ἐκοιμήθησαν,
3349 1695 3444 1748 καὶ
3477 1695 3577 1749 οὐκ
3605 1697 3829 1769 ἀναστή-

2245 1791 2451 1840 σονται,
2505 1776 2843 1850 ἐσϐέσθησαν
2867 1780 2940 1844 ῶς
2976 1782 3120 1836 λίνον
3174 1783 3521 1856 ἐσϐεσμένον.
3555 1807 3572 1839 ι
3625 1787 3682 1842 '0
3708 1791 3826 1854 νοῦς

2237 1865 2348 1920 τῶν
2377 1870 2754 1940 προκειμένων
2781 1872 3022 1938 τοιοῦτός
3045 1875 3161 1927 ἐστι
3185 1891 3198 1905 ·
3233 1875 3408 1930 Πάλαι
3436 1878 3538 1948 μὲν
3564 1879 3662 1944 τὰς
3691 1881 3828 1952 ἐμάς

2237 1960 2560 2031 εὐεργεσίας
2608 1966 2868 2034 παρεῖχον
2913 1964 2991 2035 τῷ
3045 1965 3316 2020 Ἰουδαίων
3349 1968 3530 2023 ἔθνει⁶
3563 1973 3828 2028 παιδεύων

2241 2052 2342 2124 μὲν
2370 2052 2566 2117 αὐτοὺς
2596 2055 2689 2108 καὶ
2723 2057 3090 2126 σωφρονίζων,
3127 2059 3484 2124 Βαϐυλωνίοις
3514 2064 3825 2135 παρέδωκα,

2235 2144 2336 2198 οὐκ
2367 2145 2447 2208 είς
2480 2145 2689 2218 μακρὸν
2729 2147 3047 2221 ἐλευθέρους
3077 2151 3255 2221 ἀνῆκα
3294 2153 3394 2224 τῆς
3423 2155 3503 2217 εἰς
3534 2155 3828 2213 Βαϐυλῶνα

2235 2236 2635 2307 αἰχμαλωσίας,
2667 2239 2762 2292 he
2792 2238 2925 2303 Θεὸς
2947 2238 3021 2293 ὢν
3047 2242 3140 2295 καὶ
3170 2242 3372 2315 Κύριος
3403 2244 3512 2297 τῶν
3536 2244 3690 2300 ὅλων.
3719 2249 3828 2303 Αὐ-

2235 2323 2361 2386 τούς
2386 2340 2446 2376 τε
2463 2323 2849 2396 ’,Βαϐυλωνίους
2872 2328 2998 2392 τοὺς
3027 2330 3354 2397 ἐπιστάντας
3379 2337 3444 2406 τῇ
3478 2334 3542 2387 Ἱε
3553 2336 3826 2409 ρουσαλὴμ

2235 2413 2572 2480 ἀναστάτους
2609 2417 2866 2490 ἐποίησα,
2902 2420 2978 2484 ὡς
3026 2423 3120 2476 καὶ
3156 2427 3299 2496 φυγῇ
3345 2426 3654 2498 χρήσασθαι
3700 2430 3827 2493 τοὺς

2235 2511 2368 2582 παρ’
2401 2510 2582 2574 αὐτοῖς
2610 2513 2934 2578 Χαλδαίους,
2981 2514 3236 2587 δεσμίους
3257 2535 3314 2570 τε
3343 2519 3657 2591 ἁπαχθῆναί
3678 2539 3825 2585 τινας

2233 2601 2438 2666 αὐτῶν,
2467 2603 2673 2669 πλοίοις
2693 2605 3063 2678 ἐμϐληθέντας
3083 2609 3142 2664 ἐν
3171 2612 3236 2681 τῇ
3271 2611 3401 2683 παρ’
3421 2613 3605 2677 αὐτοῖς
3634 2613 3825 2668 Θαλάσ-

2235 2712 2326 2771 σῃ,
2353 2697 2442 2766 ὐφ’
2473 2697 2675 2769 ἐτέρων
2724 2698 2888 2752 τινῶν
2929 2699 3156 2772 δυνάμει
3187 2704 3594 2776 κραταιοτέρων
3619 2707 3819 2763 αὐτῶν.

2233 2790 2420 2846 Ταῦτα
2465 2792 2574 2864 γάρ
2607 2791 2717 2862 ἐγὼ
2749 2793 3130 2865 διεπραξάμην
3179 2794 3207 2846 ὁ
3261 2794 3412 2861 Θεὸς,
3467 2795 3678 2862 δεικνὺς
3723 2797 3822 2871 τὴν

2234 2883 2372 2957 ἐμὴν
2398 2884 2676 2956 βασιλείαν
2700 2885 3028 2959 ἀνθρώποις.

2309 2977 2437 3048 «Μὴ
2471 2979 2837 3050 μνημονεύετε
2887 2979 2954 3033 τὰ
2984 2977 3198 3051 πρῶτα,
3247 2980 3342 3035 καὶ
3385 2981 3453 3035 τὰ
3493 2983 3694 3054 ἀρχαῖα
3741 2983 3821 3055 ’μὴ

2234 3069 2628 3139 συλλογίζεσθε.
2666 3071 2798 3125 ’ἰδοὺ
2844 3070 2954 3142 ἐγὼ
2989 3073 3126 3126 ποιῶ
3161 3073 3343 3134 καινά,
3373 3073 3408 3128 ἃ
3433 3073 3527 3127 νῦν
3552 3075 3816 3139 ἀνατελεῖ,

2231 3163 2326 3216 καὶ
2378 3162 2652 3231 γνώσεσθε
2701 3164 2858 3218 αὐτά.
2889 3185 2906 3218 ι
2968 3166 3129 3237 Δηλοῖ
3163 3167 3221 3220 δὲ
3256 3167 3418 3221 πάλιν
3467 3167 3567 3236 τὴν
3601 3169 3659 3220 ἐν
3700 3172 3820 3233 ’τοῖς

2230 3253 2406 3308 ἔθνεσι
2455 3256 2869 3328 συστησομὲνην
2931 3257 3277 3329 Ἐκκλησίαν,
3321 3259 3444 3329 ἥτις
3499 3259 3703 3331 ἕρημος
3748 3257 3818 3332 ἦν

2229 3346 2364 3401 Θεοῦ
2387 3345 2639 3416 γνώσεως
2667 3349 2793 3422 πρὶν
2826 3349 3158 3421 ἐπιδημῆσαι
3187 3351 3277 3404 τὸν
3300 3351 3533 3424 Χριστὸν
3556 3352 3650 3406 τοῦ
3680 3353 3816 3408 Θεοῦ

2228 3439 2320 3493 τὸν
2350 3439 2604 3493 εἰπόντα·
2649 3459 2667 3492 ι
2707 3440 2848 3510 Ἐγώ
2885 3442 3000 3512 είμι
3028 3443 3059 3512 ή
3103 3442 3239 3506 ὁδός.
3271 3443 3381 3496 Καὶ
3418 3444 3628 3516 ποιήσω
3657 3445 3712 3496 ἐν
3747 3446 3815 3514 τῇ

2227 3533 2418 3606 ἐρήμῳ
2454 3533 2591 3598 ὁδὸν,
2637 3533 2733 3587 καὶ
2762 3535 2818 3586 ἐν
2852 3535 2916 3605 τῇ
2953 3533 3166 3606 ἀνύδρῳ
3199 3534 3492 3606 ποταμούς.
3521 3555 3539 3586 ι
3590 3535 3726 3588 Ἀλλ’
3757 3538 3816 3590 ἐν

2227 3623 2434 3698 ἐκείνῃ,
2462 3623 2615 3694 φησι,
2649 3626 2715 3695 τῇ
2763 3624 2931 3678 πάλαι
2963 3625 3154 3696 ἐρήμῳ
3200 3625 3316 3679 ὁδὸν
3357 3627 3587 3697 ποιήσω,
3623 3625 3816 3698 ῶσπερ

2227 3716 2320 3769 καὶ
2354 3716 2618 3789 πρότερον
2651 3716 2741 3770 ἐπὶ
2767 3716 2864 3786 τῆς
2907 3716 3173 3788 Ἐρυθρᾶς
3200 3717 3474 3789 πεποίηκα
3513 3717 3813 3789 θαλάσσης.

2239 3807 2448 3862 Ῥέουσι
2479 3808 2537 3861 δὲ
2573 3808 2667 3862 καὶ
2717 3808 2951 3879 ποταμοὶ
2980 3807 3137 3861 θείων
3159 3807 3352 3876 λογίων
3378 3809 3441 3861 ἐκ
3467 3808 3815 3871 διδασκαλίας

2224 3899 2378 3968 ἁγίου
2408 3899 2724 3970 Πνεύματος
2755 3901 2834 3962 είς
2874 3897 2970 3970 τὴν
3003 3897 3172 3952 πάλαι
3218 3898 3462 3969 ἄνυδρον,
3502 3899 3576 3964 ὠς
3601 3899 3694 3953 καὶ
3717 3900 3814 3952 ἐπὶ

2223 3992 2500 4056 Μωῦσέως
2546 3992 2809 4065 ἐρρευσαν
2838 3993 2896 4044 ἐν
2935 3993 3002 4063 τῇ
3029 3993 3219 4064 ἐρήμῳ
3253 3992 3518 4063 ποταμοί·
3557 3991 3669 4047 ἀλλ’
3695 3992 3816 4046 ἐκεῖ

2225 4087 2322 4157 μὲν
2377 4085 2568 4151 ὕδατος
2625 4083 2958 4156 σωματικοῦ,
3012 4085 3246 4155 ῥευστῆς
3285 4085 3470 4150 οὐσίας
3516 4086 3668 4150 ὄντος
3715 4087 3814 4145 καὶ

2223 4177 2489 4250 φθαρτῆς,
2521 4177 2640 4230 νυνὶ
2679 4175 2736 4230 δέ
2776 4178 2840 4230 ἐκ
2873 4177 2971 4248 τῆς
3004 4175 3187 4229 ἐνθέου
3220 4175 3484 4247 χορηγίας
3535 4176 3628 4230 τοῦ
3670 4177 3813 4246 λογι-

2223 4267 2322 4322 κοῦ
2358 4268 2453 4321 καὶ
2480 4267 2849 4338 πνευματικοῦ
2885 4267 3096 4330 ὕδατος.

2299 4381 2318 4415 ι
2348 4360 2715 4433 Εὐλογήσουσί
2752 4378 2818 4432 με
2847 4359 2917 4414 τὰ
2956 4359 3121 4433 θηρία
3161 4358 3256 4414 τοῦ
3292 4359 3488 4430 ἀγροῦ,
3535 4363 3808 4434 σειρῆνες,

2218 4455 2313 4510 καὶ
2345 4454 2642 4527 θυγατέρες
2669 4453 2942 4527 στρουθῶν
2965 4472 2978 4485 ·
3023 4455 3105 4508 ὅτι
3148 4445 3324 4509 ἔδωκα
3352 4457 3410 4508 ἐν
3431 4458 3495 4526 τῇ
3528 4457 3714 4528 ἐρήμῳ
3745 4456 3809 4509 ῦ-

2217 4547 2349 4619 δωρ,
2381 4547 2474 4600 καὶ
2531 4546 2809 4616 ποταμοὺς
2839 4547 2896 4600 ἐν
2920 4548 2984 4618 τῇ
3039 4545 3273 4618 ἀνύδρῳ,
3309 4548 3528 4601 ποτίσαι
3558 4549 3618 4602 τὸ
3650 4548 3809 4617 γένος

2220 4657 2322 4711 μου
2355 4640 2417 4693 τὸ
2450 4639 2721 4692 ἐκλεκτόν.
2744 4658 2761 4690 ι
2795 4639 2859 4692 Δί
2893 4639 3314 4712 ἀπηγριωμέναι
3342 4639 3511 4710 ψυχαὶ
3545 4639 3811 4710 μεταϐληο

2217 4733 2470 4805 θήσονται
2495 4731 2595 4801 τῆς
2627 4730 2924 4803 θηριώδους
2953 4731 3339 4794 καταστάσεως
3371 4734 3435 4785 ἐκ
3457 4731 3556 4801 τῆς
3582 4730 3675 4784 τοῦ
3706 4749 3808 4783 πο-

525 4835 652 4892 ferte
677 4833 1006 4890 benedicaut
1065 4833 1223 4889 mihi.
1275 4832 1430 4899 Quod
1468 4832 1512 4887 si
1562 4831 1722 4887 etiam
1760 4830 2106 4887 Sirenaatue-

2228 4824 2386 4896 ταμοῦ
2419 4823 2704 4892 δυνάμεως
2736 4821 3130 4885 ἀλλοιωθεῖσαι,
3156 4823 3231 4886 ὡς
3253 4823 3448 4886 αὐτοὺς
3482 4823 3644 4877 πάλιν
3675 4826 3809 4885 τοὺς

512 4931 652 4994 rint,
693 4929 969 4998 voluptate
1009 4936 1063 4980 et
1085 4926 1374 4982 diabolicis
1411 4923 1642 4983 canticis
1673 4923 1950 4977 hominum
1981 4923 2094 4976 ani-

518 5037 640 5080 mas
688 5021 1064 5080 demulcentes
1098 5059 1115 5087 ,
1173 5019 1410 5091 poeticis
1476 5015 1813 5074 carminibus
1870 5013 2101 5084 eleganti

515 5129 772 5172 serruoue
797 5113 1175 5180 concinnatis;
1209 5112 1313 5166 illa:
1354 5111 1519 5166 etiam
1554 5109 1850 5164 immutata:
1879 5107 2105 5169 benedi-

515 5217 644 5266 cent
706 5208 879 5268 mihi:
914 5207 1247 5277 insuperque
1324 5203 1448 5260 tiliae
1509 5202 1916 5267 struthionum;
1988 5199 2104 5254 sive

516 5302 815 5358 secundum
845 5300 1089 5371 reliquos
1107 5301 1459 5369 interpretes,
1483 5315 1501 5347 ι
1527 5292 2048 5356 etstruthocameli;
2077 5311 2101 5347 ι,

513 5401 707 5466 estque
735 5394 865 5452 illud
916 5393 1121 5450 auimal
1175 5393 1225 5447 in
1265 5390 1560 5447 solitudine
1603 5399 1659 5444 et
1695 5386 1929 5443 desertis
1971 5385 2103 5442 locis

515 5487 747 5557 degens;
789 5489 932 5558 quod
974 5497 1031 5542 et
1075 5487 1252 5556 ipsum
1307 5484 1378 5538 ad
1435 5480 1907 5538 mansuetudinem
1946 5479 2104 5534 redu-

513 5591 684 5645 ctum,
718 5582 845 5636 mihi
865 5581 976 5635 Deo
1005 5578 1326 5635 benedicere
1350 5575 1661 5631 docebitur.
1691 5572 1892 5627 lIorum
1919 5580 2097 5624 autem

510 5688 676 5728 causa
714 5673 819 5728 erit
846 5688 985 5742 aqua
1018 5671 1134 5736 illa,
1161 5685 1326 5741 quam
1371 5669 1424 5722 in
1451 5669 1672 5722 deserto
1709 5665 1854 5730 dedi,
1884 5677 2094 5717 necnon

510 5764 792 5819 ﬂuminum
829 5764 882 5818 iu
911 5763 1202 5822 solitudine
1231 5760 1562 5816 manautium
1593 5761 1676 5814 vis
1714 5767 1760 5814 et
1795 5757 1971 5826 copia.

2204 4903 2380 4992 θῆρας
2401 4915 2689 4988 εὐλογῆσαί
2713 4931 2797 4986 με.
2836 4916 2898 4968 Εἰ
2917 4915 2973 4968 δέ
2997 4916 3087 4968 καὶ
3121 4915 3374 4987 Σειρῆνες
3395 4911 3556 4986 ἦσαν,
3592 4915 3808 4984 θέλγου-

2206 5027 2295 5063 σαι
2327 5008 2488 5079 ήδονῇ
2517 5007 2610 5059 καὶ
2637 5005 2845 5077 ᾅσμασι
2872 5005 3207 5075 δαιμονικοῖς
3234 5009 3332 5069 τὰς
3364 5007 3472 5058 τῶν
3495 5005 3805 5076 ἀνθρώπων

2203 5099 2382 5172 ψυχάς
2417 5101 2475 5151 ἐν
2513 5098 2748 5168 ποιητῶν
2788 5096 3104 5167 πλάσμασιν
3142 5097 3371 5169 εὐεπείᾳ
3408 5097 3583 5166 λόγων
3637 5115 3802 5152 κεκο-

2204 5189 2541 5264 σμημένοις·
2574 5189 2709 5244 ἀλλά
2741 5191 2834 5244 καὶ
2866 5183 3028 5243 αὗται
3053 5189 3450 5260 μεταϐαλοῦσαι
3483 5189 3804 5261 εὐλογήσου-

2209 5285 2260 5338 σί
2297 5303 2365 5356 με
2388 5301 2400 5314 ·
2445 5283 2524 5337 ἔτι
2563 5300 2625 5353 γε
2665 5281 2769 5354 μὴν
2799 5284 2894 5337 καὶ
2935 5282 3233 5354 θυγατέρες
3263 5282 3570 5356 στρουθῶν·
3596 5282 3629 5355 ἢ
3656 5285 3804 5338 κατὰ

2205 5379 2330 5442 τοὺς
2372 5377 2592 5440 λοιποὺς
2643 5373 3006 5448 ἐρμηνευτάς,
3071 5393 3089 5426 ι
3117 5376 3212 5428 καὶ
3246 5375 3741 5448 στρουθοκάμηλοι,
3777 5395 3796 5428 ι

2203 5466 2343 5531 ζῶον
2359 5469 2416 5520 ἐν
2433 5467 2691 5540 ἐρημίαις
2714 5465 2809 5519 καὶ
2835 5463 3041 5538 χώραις
3065 5466 3340 5537 ἀοικήτοις
3365 5465 3670 5537 γινόμενον,
3701 5465 3802 5517 καὶ

2203 5561 2334 5612 αὐτὸ
2364 5559 2646 5632 ήμερωθέν
2679 5558 2923 5628 εὐλογεῖν
2960 5559 3059 5629 ἐμὲ
3099 5559 3190 5612 τὸν
3221 5557 3357 5614 Θεὸν
3394 5557 3795 5630 μαθηθήσεται.

2203 5653 2420 5708 Τούτων
2439 5654 2495 5707 δὲ
2524 5655 2698 5707 αἴτιον
2719 5651 2870 5707 ἔσται
2890 5653 2949 5706 τὸ
2970 5653 3060 5707 ὐπ’
3094 5651 3228 5723 ἐμοῦ
3248 5652 3398 5706 δοθὲν
3427 5655 3485 5706 ἐν
3505 5653 3570 5722 τῇ
3598 5651 3800 5721 ἐρήμῳ

2205 5745 2370 5816 ὓδωρ,
2407 5746 2500 5798 καὶ
2532 5745 2692 5816 ήτῶν
2727 5743 2984 5815 ποταμῶν
3012 5743 3240 5815 δύναμις
3271 5745 3379 5799 τῶν
3413 5746 3468 5797 ἐν
3501 5745 3567 5814 τῇ
3595 5741 3801 5815 ἐρήμῳ

2203 5841 2296 5907 ρευ
2306 5838 2529 5890 σάντων.
