4130 6400
345 355 434 408 Mil

1251 345 1759 405 COMMENTARIA
1797 346 1864 401 ΙΝ
1902 344 2161 402 ISAIAM.
2201 375 2270 386 -—-
2307 339 2462 398 CAP.
2506 338 2687 394 XLIV.

3483 326 3610 383 1:02"

417 495 432 525 ι
464 473 608 526 Λαόνν
626 489 724 542 μου
750 473 812 526 ὃν
833 471 1304 543 περιεποιησάμην
1322 468 1422 532 τὰς
1441 468 1641 541 ἀρετάς
1670 485 1771 540 μου
1797 467 1911 538 διη-

2087 463 2247 518 Vsns.
2301 464 2393 527 2|,
2439 460 2530 515 22.
2587 476 2605 510 ι
2638 455 2898 526 Populum
2933 467 3109 508 meum
3132 448 3588 521 quem-acquisivi

339 565 542 635 γεῖσθαι
567 581 579 593 ’
608 564 665 616 οὐ
716 563 815 618 νῦν
847 564 1083 620 ἐκάλεσά
1116 580 1198 626 σε,
1240 561 1456 624 Ἰακὼϐ,
1498 561 1619 614 οὐδὲ
1657 560 1920 614 κοπιάσαι.

338 676 393 711 σε
419 657 661 727 ἐποίησα,
704 656 940 729 Ἰσραήλ.
967 675 986 707 ι
1012 657 1074 710 El
1097 655 1198 726 μὲν
1225 654 1333 726 γὰρ
1363 653 1528 725 θῆρες
1546 654 1595 706 οἱ
1617 654 1797 724 ἄγριοι
1822 653 1916 706 καὶ

341 749 573 821 σειρῆνες
598 745 698 802 καὶ
730 751 785 803 αἱ
815 747 1122 820 θυγατέρες
1146 747 1256 800 τῶν
1291 745 1567 818 στρουθῶν
1589 746 1913 817 εὐλογήσου-

344 842 394 894 σί
431 858 493 913 με
516 859 528 870 ’
558 843 618 894 σὺ
637 841 721 906 δὲ,
761 839 975 904 Ἰακὼϐ,
1013 840 1164 894 οὐδὲν
1197 839 1434 893 τοιοῦτον
1465 839 1765 911 διεπράξω·
1800 837 1914 892 ἀλλ’

342 933 457 987 οὐδὲ
483 933 717 1004 ἠξίωσας
743 934 843 1004 ἐμὲ
868 932 1265 996 ἐπικαλεῖσθαι,
1295 950 1314 982 ι
1338 931 1634 1002 ἐκοπιάθης
1659 951 1676 982 ι
1705 932 1762 986 δὲ
1791 951 1808 983 ι
1837 934 1916 995 εἰς

345 1027 458 1096 ἐμὲ,
483 1045 500 1077 ι
527 1025 665 1080 κατὰ
713 1027 804 1080 τὸν
833 1026 1149 1098 Σύμμαχον,
1179 1025 1356 1090 καίτοι
1385 1025 1520 1096 ἐμοῦ
1550 1025 1624 1097 μὴ
1651 1027 1911 1097 ποιήσαν-

345 1116 431 1180 τός
462 1133 518 1168 σε
543 1116 824 1172 κοπιάσαι.
1935 1112 1937 1114 ’

416 1313 433 1345 ι
465 1295 571 1349 Οὐκ
587 1296 825 1366 ἧνεγκάς
852 1314 941 1367 μοι
971 1296 1219 1368 πρόϐατά
1242 1314 1335 1350 σου
1365 1296 1466 1367 τῆς
1489 1295 1916 1366 ὁλοκαρπὼσεὼς

344 1403 454 1451 σου,
477 1387 590 1441 οὐδὲ
613 1389 673 1442 ἐν
693 1392 811 1454 ταῖς
842 1389 1054 1454 θυσίαις
1079 1408 1172 1444 σου
1199 1391 1454 1458 ἐδόξασάς
1486 1407 1553 1460 με
1573 1406 1587 1420 ο
1627 1390 1725 1443 οὑκ
1765 1389 1915 1442 ἐδού-

341 1476 484 1532 λωσά
515 1496 569 1532 σε
601 1481 661 1534 ἐν
683 1480 916 1546 θυσίαις,
947 1482 1068 1534 οὐδὲ
1091 1481 1324 1550 ἐγκοπον
1357 1482 1586 1552 ἐποίησά
1610 1499 1668 1534 σε
1692 1483 1750 1535 ἐν
1771 1479 1916 1533 λιϐά-

344 1587 435 1641 νῳ.
462 1591 480 1623 ι
516 1572 705 1636 Ὅπως
734 1572 829 1627 καὶ
857 1574 915 1625 ἐν
936 1575 1049 1636 τοῖς
1078 1574 1456 1644 προκειμένοις
1483 1575 1547 1644 τῇ
1573 1573 1786 1644 ἐρήμῳ,
1822 1571 1917 1624 καὶ

342 1664 452 1725 τοῖς
476 1663 531 1715 ὲν
559 1664 695 1734 αὐτῇ
722 1664 932 1735 Θηρίοις
957 1665 1176 1734 ἀγαθῶν
1217 1664 1439 1729 ἐλπίδας
1467 1663 1873 1734 εὐαγγελίζεται
1897 1680 1910 1693 ·

342 1755 425 1812 τὸν
454 1755 507 1808 δὲ
534 1756 660 1810 λαὸν
682 1758 773 1811 τὸν
803 1760 867 1812 ἐκ
901 1759 1201 1830 περιτομῆς
1237 1761 1325 1814 ἐπ’
1358 1759 1634 1823 ἀσεϐείαις
1679 1757 1912 1828 ἐλέγχει,

338 1851 398 1902 ὃν
423 1851 513 1904 καί
543 1847 738 1906 Ἰακὼϐ
798 1851 957 1904 καλεῖ
979 1850 1073 1904 νῦν
1117 1853 1211 1905 καὶ
1247 1850 1492 1922 Ἰσραήλ·
1522 1850 1696 1914 οὕτως
1727 1850 1910 1915 ἁπλῶς

342 1938 518 2010 ξηροῖς
535 1939 791 2013 ὀνόμασιν
821 1937 945 1996 οὔτε
975 1941 1158 1996 δοῦλον
1182 1941 1367 2006 αὐτοῦ,
1402 1939 1524 1995 οὔτε
1557 1941 1810 1995 ἐκλεκτὸν
1839 1944 1914 1994 εἰ·

340 2028 474 2095 πὼν,
499 2030 632 2104 ὅπερ
655 2033 827 2086 ἐποίει
854 2032 949 2088 ἐπὶ
975 2032 1070 2086 τοῦ
1092 2033 1399 2104 κρείττονος
1420 2033 1717 2104 τάγματος.

402 2235 589 2288 «Οὐδὲ
639 2236 855 2306 ἐκτήσω
911 2253 999 2307 μοι
1043 2235 1307 2309 ἀργυρίου
1354 2235 1625 2307 θυμίαμα,
1681 2237 1799 2290 οὐδὲ
1855 2237 1916 2290 τὸ

333 2325 492 2398 στέαρ
537 2328 644 2382 τῶν
683 2328 883 2382 θυσιῶν
913 2345 1008 2382 σου
1041 2328 1397 2400 ἐπεθύμησα·
1437 2327 1573 2381 ἀλλὰ
1601 2331 1658 2382 ἐν
1690 2331 1810 2393 ταῖς
1854 2331 1916 2383 ἀ-

336 2419 598 2491 μαρτίαις
627 2437 721 2474 σου
749 2421 1019 2492 προέστης
1038 2438 1160 2491 μου,
1185 2420 1280 2475 καὶ
1313 2422 1370 2473 ἐν
1397 2424 1516 2485 ταῖς
1545 2420 1775 2483 ἀδικίαις
1801 2438 1914 2474 σου.

348 2510 486 2579 Ἐγὼ
523 2514 657 2583 εἰμι,
691 2511 804 2581 ἐγὼ
834 2513 969 2584 εἰμι,
1022 2513 1052 2565 ὸ
1081 2512 1378 2582 ἐξαλείφων
1409 2513 1509 2577 τὰς
1563 2514 1792 2586 ἀνομίας
1825 2532 1917 2568 σου

336 2603 520 2657 ἕνεκεν
555 2605 710 2675 ἐμοῦ,
744 2605 963 2669 καὶτὰς
995 2604 1269 2678 ἁμαρτίας
1298 2623 1413 2666 σου.
1444 2606 1540 2661 καὶ
1571 2606 1632 2659 οῦ
1669 2608 1742 2678 μὴ
1781 2624 1917 2678 μνη-

339 2695 629 2768 σθήσομαι.
662 2696 735 2750 Σὺ
786 2697 843 2752 δὲ
880 2697 1169 2771 μνήσθητι,
1227 2699 1320 2752 καὶ
1361 2698 1659 2771 κριθῶμεν.
1692 2719 1711 2752 ι
1763 2699 1919 2771 Καλὴ

338 2785 444 2857 γὰρ
470 2787 503 2856 ή
540 2787 727 2859 μνήμη
755 2786 865 2840 τῶν
892 2787 1170 2861 προτέρων
1199 2790 1614 2862 ἁμαρτημάτων
1635 2791 1704 2844 δι’
1729 2790 1918 2862 ἐξομο-

337 2877 609 2948 λογήσεως
658 2879 1062 2951 ἐξηγορευμένη
1089 2896 1104 2911 ο
1147 2880 1228 2934 διὸ
1291 2881 1578 2954 ἐπιφέρει·
1635 2882 1803 2951 «Λέγε
1853 2884 1917 2937 σὺ

337 2969 550 3041 πρῶτος
580 2972 678 3035 τὰς
706 2972 982 3043 ἁμαρτίας
1035 2991 1151 3040 σου,
1209 2974 1296 3027 ἵνα
1345 2973 1641 3046 δικαιωθῇς
1661 2991 1674 3005 ·
1712 2995 1730 3028 ι
1760 2974 1918 3028 τοῦτο

332 3063 446 3136 γὰρ
476 3065 645 3119 ποιῶν
664 3064 1001 3138 δικαιωθήσῃ
1026 3083 1039 3095 ·
1081 3065 1272 3138 ἐπειδὴ
1317 3066 1526 3131 δίκαιος
1571 3065 1736 3121 αὑτοῦ
1785 3085 1917 3121 κατ-

343 3159 544 3230 ήγορος
571 3161 629 3212 ἐν
659 3158 1020 3232 πρωτολογίᾳ.

417 3269 434 3300 ι
462 3250 525 3303 0i
557 3249 791 3321 πατέρες
822 3249 973 3321 ὑμῶν
1005 3250 1230 3320 πρῶτοι,
1269 3251 1364 3304 καὶ
1391 3252 1441 3305 οἱ
1473 3251 1733 3324 ἄρχοντες
1765 3252 1919 3324 ὑμῶν

340 3338 617 3412 ήνόμησαν
643 3344 721 3404 ei;
757 3341 876 3412 ἐμέ.
909 3343 1019 3396 Καὶ
1058 3341 1287 3414 ἐμίαναν
1314 3343 1364 3397 oi
1411 3343 1669 3416 ἄρχοντες
1693 3345 1762 3398 τὰ
1790 3345 1921 3414 ἆγιά

345 3449 464 3500 μου.
510 3433 618 3485 Καὶ
655 3431 829 3487 ἔδωκα
878 3432 1140 3489 ἀπολέσαι
1176 3432 1391 3498 Ὶακὼϐ,
1441 3435 1532 3488 καὶ
1569 3435 1784 3508 Ἰσραὴλ
1840 3437 1920 3499 εἰς

339 3521 661 3594 ὀνειδισμόν.
692 3543 710 3577 ι
1354 3579 1358 3582 ,

846 3596 1244 3650 ΚΕΦΑΛΑῘΟΝ
1276 3599 1407 3652 MA'.

416 3704 434 3736 ι
476 3685 588 3738 Νῦν
618 3685 673 3740 δὲ
710 3687 960 3750 ἄκουσον,
979 3688 1170 3742 Ἰακὼϐ
1202 3691 1230 3741 ὁ
1262 3693 1390 3754 παῖς
1428 3707 1548 3761 μου,
1575 3690 1917 3762 καιίσραὴλ,

337 3776 395 3829 ὃν
426 3777 776 3852 ἐξελεξάμην.
803 3801 822 3834 ι
857 3783 956 3836 Διά
984 3782 1186 3837 τούτων
1233 3785 1322 3839 τὸν
1350 3786 1507 3856 χορὸν
1553 3782 1708 3853 αὖθις
1745 3788 1834 3842 τὸν
1867 3791 1922 3842 ἁ-

342 3872 654 3931 ποστολικδν
684 3875 1056 3930 ἀποκαλείται.

418 3989 436 4019 ι
461 3967 617 4022 Οῦτω
642 3967 790 4036 λέγει
813 3967 1016 4040 Κύριος
1061 3971 1089 4024 ὁ
1120 3969 1252 4035 Θεὸς
1299 3973 1328 4025 ὁ
1372 3973 1605 4042 ποιήσας
1657 3991 1738 4036 σε,
1768 3973 1860 4028 καὶ
1891 3977 1920 4028 ὁ

345 4062 554 4126 πλάσας
601 4079 660 4116 σε
705 4062 768 4115 ἐκ
799 4061 1041 4127 κοιλίαςο
1080 4064 1199 4117 Ἔτι
1231 4063 1544 4139 βοηθηθήσῃ
1568 4082 1582 4096 °
1626 4067 1700 4137 μὴ
1730 4067 1918 4135 φοϐοῦ,

344 4153 469 4216 παῖς
506 4168 607 4221 μου
643 4150 858 4216 Ἰακὼϐ,
889 4153 980 4205 καὶ
1001 4152 1354 4224 ήγαπημένος
1400 4154 1632 4228 Ἰσραὴλ,
1660 4157 1719 4210 ὃν
1740 4157 1920 4223 ἐξελε-

344 4242 537 4313 ξάμην.
573 4244 692 4297 Ὅτι
726 4245 835 4312 ἐγὼ
866 4241 1022 4296 δώσω
1053 4243 1198 4314 ὕδωρ
1229 4246 1286 4297 ἐν
1326 4243 1467 4314 δίψει
1489 4249 1597 4311 τοῖς
1620 4248 1922 4320 πορευομέ-

339 4353 449 4400 νοις
478 4338 535 4389 ἐν
561 4335 795 4407 ἀνύδρῳ,
825 4335 1070 4407 ἐπιθήσω
1090 4337 1148 4389 τὸ
1175 4335 1392 4408 πνεῦμά
1427 4356 1527 4410 μου
1552 4340 1642 4393 ἐπὶ
1673 4339 1733 4393 τὸ
1754 4340 1920 4413 σπέρ-

2017 569 2073 614 ιιι
2105 557 2334 611 virtutes
2366 570 2514 609 meas
2535 557 2794 607 enarraret
2832 565 2845 602 :
2879 562 2985 606 llOO
3016 558 3160 598 nunc
3203 541 3391 596 vocavi
3421 529 3473 594 ιέ
3498 537 3595 595 ’3-

2015 652 2139 714 cob,
2176 663 2352 720 neque
2380 649 2632 703 laborare
2659 655 2713 700 te
2737 642 2860 706 feci,
2885 638 3070 696 Israel.
3099 656 3122 691 ι
3171 634 3420 693 Etiamsi"
3446 633 3590 688 enim

2017 744 2256 799 futurum
2281 741 2374 805 sit,
2406 749 2466 794 ut
2486 747 2730 809 agrestes
2756 734 2910 800 ferae,
2953 732 3174 796 sirena,
3203 739 3261 786 et
3295 729 3423 784 illiw
3445 736 3593 782 stru-

2017 838 2261 891 tlrionum
2316 832 2643 889 benedicant
2696 827 2864 894 milii;
2919 837 2975 882 tu
3010 839 3164 892 sane,
3223 821 3416 890 Jacob,
3453 819 3591 876 nihil

2015 930 2192 985 simile
2225 927 2398 983 fecisti
2426 941 2442 990 ς
2472 924 2566 980 sed
2584 936 2776 992 .neque
2810 920 3064 990 dignatus
3095 931 3157 972 es
3189 929 3277 972 me
3304 915 3590 977 invocare,

2021 1042 2038 1074 ι
2079 1020 2450 1090 defatigatus»
2520 1023 2699 1071 autem
2759 1031 2778 1065 ι
2827 1028 2888 1068 es
2941 1013 2994 1066 in
3057 1025 3179 1076 me,
3221 1026 3239 1060 ι
3296 1005 3593 1062 secundum

2015 1113 2439 1184 Symmachum,
2493 1107 2708 1165 etiamsi
2755 1121 2856 1176 ego
2902 1120 3009 1160 non
3049 1113 3103 1159 te
3144 1101 3407 1158 laborare
3445 1098 3596 1156 fece-

2015 1209 2137 1263 ritn.

2085 1300 2248 1354 Vsus.
2287 1298 2378 1353 ΞΖ).
2437 1315 2454 1348 ι
2487 1295 2601 1350 Non
2651 1290 2898 1348 obtulisti
2935 1288 3069 1344 mihi
3110 1301 3242 1343 oves
3287 1281 3599 1340 bolocausti

2015 1394 2092 1448 lui
2125 1409 2141 1444 :
2170 1405 2345 1462 neque
2375 1391 2425 1443 in
2457 1388 2746 1446 sacrificiis
2774 1386 2883 1441 tuis
2911 1380 3229 1457 glorificasti
3267 1393 3392 1444 me,
3420 1389 3596 1446 neque

2014 1486 2223 1543 servire
2249 1495 2302 1539 te
2326 1483 2429 1539 feci
2464 1481 2521 1537 in
2554 1481 2816 1546 victimis,
2850 1491 3027 1548 neque
3058 1474 3301 1530 laborem
3329 1470 3426 1527 tibi
3454 1483 3596 1539 pra-

2017 1577 2103 1632 bui
2129 1576 2183 1630 in
2212 1575 2391 1629 thure.
2419 1591 2439 1624 ι
2471 1567 2938 1638 Quemadmodum
2972 1565 3062 1621 hic
3087 1559 3408 1626 solitudini,
3437 1557 3597 1612 feris-

2014 1685 2120 1740 que
2173 1682 2295 1722 eam
2354 1663 2718 1720 incolentibus
2773 1663 3040 1715 bonorum
3092 1669 3242 1726 spem
3285 1649 3594 1715 annuntiat,

2016 1759 2384 1832 populumque
2428 1771 2494 1812 ex
2527 1752 2955 1810 circumcisione
3001 1750 3068 1805 de
3113 1746 3394 1816 impietate
3435 1757 3596 1799 coar-

2015 1855 2150 1928 gnil,
2181 1865 2340 1922 quem
2370 1864 2512 1905 nunc
2535 1846 2706 1904 Jacob
2737 1859 2793 1902 et
2813 1844 2982 1901 lsrael
3016 1850 3334 1911 nuncupat;
3359 1838 3432 1893 ita
3461 1835 3600 1892 sim-

2014 1945 2228 2017 pliciter
2249 1943 2418 1998 allato
2433 1941 2551 2012 ejus
2581 1940 2819 2006 nomine,
2845 1953 2944 1994 nec
2966 1950 3205 2001 servum,
3230 1947 3330 1988 nec
3359 1931 3596 1986 electum

2018 2047 2175 2093 vocat
2225 2036 2420 2102 illum,
2459 2035 2602 2106 quod
2649 2043 2830 2089 tamen
2891 2031 2958 2087 de
3008 2026 3372 2101 prazstantiori
3406 2023 3601 2083 ordine

2019 2131 2247 2200 loquens
2272 2131 2548 2185 observat.

2091 2223 2255 2278 Vens.
2310 2222 2502 2278 24-26.
2559 2240 2578 2275 ι
2599 2220 2786 2290 Neque
2815 2225 3042 2287 argento
3075 2213 3262 2271 emisti
3296 2209 3432 2268 mibi
3476 2209 3595 2281 thy-

2019 2315 2244 2383 miama,
2298 2328 2474 2386 neque
2513 2314 2727 2383 adipem
2772 2311 3170 2367 sacriﬁciorum
3217 2315 3438 2362 tuorum
3467 2317 3602 2361 cou-

2021 2408 2236 2478 cupivi;
2269 2409 2362 2463 sed
2395 2408 2447 2462 in
2477 2405 2718 2477 peccatis
2743 2406 2851 2459 tuis
2871 2411 3000 2458 ante
3044 2416 3134 2456 me
3176 2397 3410 2463 stetisti,
3440 2404 3496 2452 et
3545 2395 3600 2451 in

2023 2500 2404 2569 iniquitatibus
2441 2499 2569 2553 tuis.
2603 2497 2716 2569 Ego
2751 2509 2892 2560 sum,
2928 2508 3030 2565 ego
3068 2507 3228 2558 sum,
3291 2491 3382 2560 qui
3442 2487 3603 2544 deleo

2022 2592 2338 2662 iniquitates
2365 2600 2488 2645 tuas
2515 2601 2739 2660 propter
2770 2601 2884 2653 me,
2911 2595 2967 2642 et
2995 2594 3222 2656 peccata
3253 2591 3381 2647 tua;
3411 2589 3469 2636 et
3494 2594 3602 2633 nou

2023 2683 2374 2740 recordabor.
2445 2681 2526 2737 'l‘u
2587 2691 2770 2736 autem
2825 2687 3120 2738 memento,
3178 2685 3234 2730 et
3291 2673 3603 2743 iudicemur

2021 2777 2202 2832 simul.
2237 2791 2373 2832 sons
2433 2788 2624 2840 qurere
2670 2788 2770 2829 ηδτ
2827 2783 3186 2826 ριιιςτιμοιιωι
3248 2778 3601 2822 necnon!-

2019 2884 2261 2924 DIEIORIA
2315 2883 2422 2924 Cl)!
2464 2878 2819 2924 (ιοιινεεειοιιε
2872 2877 3174 2920 εοιυιιδςτλ
3213 2877 3229 2916 ε
3269 2866 3604 2932 quapropter

2019 2962 2205 3026 infert,
2241 2979 2260 3014 ι
2288 2960 2383 3016 Dic
2407 2970 2464 3014 tu
2493 2959 2704 3031 primus
2733 2968 2955 3029 peccata
2986 2968 3101 3022 tua,
3124 2965 3181 3009 ut
3206 2952 3526 3027 jusliliceris
3549 2969 3599 3006 ιι

2024 3053 2077 3107 id
2131 3068 2301 3124 agens
2347 3050 2779 3123 justiilcaberis;
2834 3050 2961 3120 quia
3013 3048 3190 3118 justus
3230 3045 3286 3101 in
3337 3043 3604 3116 principio

1946 3166 1988 3224 ρ
2022 3143 2294 3199 sermonis
2330 3149 2620 3198 accusator
2642 3150 2728 3197 est
2752 3142 2859 3196 sui.

2092 3233 2258 3291 Vens.
2305 3233 2400 3300 27,
2447 3232 2541 3288 28.
2597 3251 2616 3284 ι
2649 3231 2842 3288 Patres
2877 3231 3046 3287 vestri
3082 3228 3268 3298 primi,
3314 3237 3370 3284 et
3401 3225 3604 3298 princi-

2021 3341 2118 3398 pes
2149 3326 2316 3382 vestri
2361 3324 2548 3394 inique
2575 3331 2807 3394 egerunt
2837 3323 2894 3402 in
2932 3335 3044 3376 me.
3097 3320 3162 3376 Et
3187 3319 3604 3375 contaminave-

2025 3429 2150 3472 runt
2182 3417 2454 3488 principes
2481 3426 2672 3470 sancta
2723 3427 2863 3467 mea.
2922 3411 2990 3467 Et
3038 3411 3159 3466 dedi
3218 3412 3271 3466 in
3321 3409 3602 3466 interitum

2021 3509 2211 3571 Iacob,
2235 3517 2289 3564 et
2318 3507 2486 3564 Israel
2530 3508 2584 3562 in
2623 3503 2996 3575 opprobrium.
3021 3521 3039 3556 ι

2585 3595 2814 3652 CAPUT
2851 3594 3034 3650 XLIV.

2094 3693 2252 3750 Vsus.
2312 3693 2362 3748 l.
2414 3709 2434 3744 ι
2467 3690 2622 3746 Nunc
2651 3700 2832 3748 autem
2860 3689 3007 3754 audi,
3038 3685 3208 3744 Jacob
3247 3698 3384 3755 puer
3427 3698 3600 3748 meus,

2020 3797 2076 3843 et
2127 3785 2320 3850 Israel,
2378 3798 2539 3855 quem
2595 3782 2753 3853 elegi.
2786 3801 2805 3836 ι
2861 3780 2956 3838 llis
3004 3780 3201 3836 iterum
3247 3775 3604 3847 apostolicum

2023 3881 2252 3934 chorum
2283 3885 2496 3932 evocat.

2095 3971 2260 4026 Vens.
2325 3969 2382 4032 2,
2444 3968 2500 4022 3.
2560 3986 2578 4018 ι
2612 3966 2704 4021 Sic
2756 3965 2888 4021 dicit
2945 3963 3207 4019 Dominus
3271 3960 3462 4026 Deus,
3513 3960 3604 4030 qui

2024 4063 2154 4118 fecit
2180 4070 2254 4126 te,
2287 4071 2341 4117 et
2379 4059 2638 4115 formavit
2677 4067 2729 4113 te
2756 4057 2826 4113 de
2864 4066 3098 4112 ventre:
3131 4055 3324 4110 Adhuc
3380 4051 3608 4109 habebis

2024 4157 2320 4220 auxilium;
2351 4153 2458 4210 noli
2491 4161 2757 4216 metuere,
2785 4166 2921 4220 puer
2953 4164 3106 4205 meus
3130 4142 3318 4209 Jacob,
3337 4155 3394 4201 et
3413 4145 3607 4201 dilecte

2023 4248 2212 4313 Israel,
2243 4262 2403 4318 quem
2437 4246 2599 4318 elegi.
2641 4243 2778 4312 Quia
2817 4257 2920 4314 ego
2969 4241 3110 4296 dabo
3162 4253 3360 4308 aquam
3409 4238 3463 4292 in
3515 4237 3606 4293 siti

2025 4341 2111 4398 his
2141 4341 2232 4412 qui
2277 4337 2562 4394 ambulant
2595 4337 2648 4390 in
2699 4335 2988 4404 inaquosa,
3027 4332 3303 4401 imponam
3356 4328 3606 4400 spiritum

343 4445 418 4500 μα
454 4446 568 4493 σου,
613 4429 708 4482 καὶ
738 4428 834 4491 τὰς
866 4426 1116 4498 εὐλογίας
1164 4446 1265 4500 μου
1308 4431 1400 4483 ἐπὶ
1445 4430 1516 4485 τὰ
1556 4431 1720 4485 τέκνα
1755 4448 1868 4485 σου.
1897 4453 1915 4484 ι

2026 4449 2203 4489 meum
2233 4447 2396 4502 super
2423 4444 2608 4485 semen
2665 4438 2852 4493 tuum,
2902 4433 2957 4480 et
3003 4423 3414 4479 benedictiones
3457 4435 3607 4474 meas

341 4520 437 4573 Διά
457 4520 566 4592 γὰρ
599 4519 692 4573 τοῦ
724 4520 1039 4591 Πνεῦματος
1067 4519 1159 4574 τοῦ
1184 4520 1341 4588 ἁγίου
1367 4522 1428 4576 τὸ
1454 4522 1669 4592 λογικὸν
1702 4525 1795 4578 καὶ
1829 4525 1918 4594 γό-

2023 4535 2187 4589 super
2230 4519 2372 4573 lilios
2407 4528 2546 4571 tuos.
2580 4535 2598 4569 ι
2652 4514 2786 4570 Nam
2849 4529 2945 4583 per
3004 4511 3269 4582 Spiritum
3327 4520 3604 4570 sanctum.

339 4626 516 4679 νιμον,
552 4609 646 4661 καὶ
683 4608 1052 4679 πνευματικὸν
1086 4608 1230 4680 ὕδωρ
1265 4613 1330 4681 τῇ
1363 4611 1575 4683 ἀνύδρῳ
1604 4613 1696 4665 καὶ
1725 4613 1920 4683 ἐρήμῳ

341 4700 670 4770 χορηγήσειν
695 4698 916 4770 ἧμελλε.
942 4698 1172 4770 Σπέρμα
1189 4699 1246 4753 δὲ
1267 4701 1375 4754 τῶν
1389 4701 1698 4756 ἀποστόλων
1713 4705 1768 4755 αἱ
1805 4703 1923 4757 Ἐκ-

340 4791 558 4864 κλησίαι
594 4789 690 4845 τοῦ
718 4789 876 4856 Θεοῦ,
927 4792 1022 4844 καὶ
1044 4791 1112 4843 τά
1153 4792 1319 4846 τέκνα
1360 4791 1540 4845 αὐτῶν
1568 4793 1617 4846 οἱ
1646 4793 1920 4865 πανταχοῦ

339 4885 441 4955 γῆς
473 4884 568 4938 καὶ⁸
615 4885 672 4937 ἐν
702 4887 833 4938 πᾶσι
862 4887 975 4949 τοῖς
1007 4883 1182 4937 ἔθνεσι
1212 4883 1302 4938 διὰ
1343 4883 1439 4937 τοῦ
1485 4885 1797 4956 Πνεῦματος
1823 4886 1919 4941 τοῦ

338 4977 494 5045 ἁγίου
528 4976 980 5046 ἀναγεννηθέντες
1005 4993 1020 5006 °
1055 4976 1105 5028 οἳ
1131 4976 1226 5029 καὶ

416 5089 436 5121 t
479 5068 842 5131 Ἀνατελοῦσι,
869 5086 887 5120 ι
931 5067 1115 5139 φησιν,
1161 5087 1178 5119 ι
1212 5067 1316 5120 ἀνά
1360 5067 1523 5138 μέσον
1568 5067 1759 5132 ὕδατος
1793 5069 1919 5140 χόρ-

340 5178 450 5225 τον,
505 5161 600 5215 καὶ
648 5160 725 5224 ὡς
783 5158 896 5214 ἰτέα
933 5161 1027 5214 ἐπὶ
1059 5159 1372 5232 παραρρέον
1411 5159 1575 5232 ὕδωρ.
1605 5177 1622 5211 t
1672 5162 1780 5214 Καὶ
1835 5164 1922 5216 ἐν-

339 5253 515 5307 ταῦθα
539 5253 596 5306 δὲ
619 5253 714 5323 τὴν
747 5251 892 5304 ἰτέαν
921 5253 1196 5324 παρέλαϐε
1225 5253 1314 5305 διὰ
1339 5252 1400 5304 τὸ
1421 5251 1668 5316 ἀειθαλὲς
1685 5253 1779 5307 καὶ
1807 5271 1926 5307 νεα-

344 5345 436 5416 ρὸν
468 5342 561 5396 τοῦ
590 5341 781 5411 φυτοῦ,
818 5344 896 5405 είς
931 5343 1274 5414 παράστασιν
1321 5343 1414 5396 τοῦ
1446 5343 1684 5415 πλήθους
1707 5343 1814 5398 τῶν
1839 5345 1924 5398 λο-

341 5435 512 5503 γικῶν
557 5433 763 5487 ὑδάτων
793 5434 903 5487 τῶν
953 5435 1010 5487 ἐν
1048 5436 1114 5504 τῇ
1156 5433 1452 5506 Ἐκκλησία
1493 5433 1662 5488 αὐτοῦ
1697 5436 1924 5507 ρευσάν-

339 5544 468 5581 των.

412 5608 622 5680 «Οὗτος
650 5619 785 5687 ἐρεῖ,
837 5615 946 5669 Τοῦ
969 5615 1104 5672 Θεοῦ
1137 5617 1273 5686 εἰμι,
1323 5617 1418 5670 καὶ
1469 5611 1622 5680 οὗτος
1671 5616 1922 5687 βοήσεται

342 5710 431 5762 ἐπὶ
464 5707 542 5780 τῷ
583 5709 808 5778 ὀνόματι
851 5706 1066 5769 Ἰακὼϐ,
1116 5709 1208 5760 καὶ
1244 5707 1426 5778 ἕτερος
1459 5706 1750 5778 ἐπιγράψει
1780 5708 1922 5778 χειρὶ

341 5800 528 5865 αὐτοῦ,
583 5799 691 5853 Τοῦ
724 5799 860 5874 Θεοῦ
888 5801 1022 5870 είμι,
1062 5801 1152 5854 καὶ
1192 5799 1283 5853 ἐπὶ
1323 5799 1399 5870 τῷ
1447 5799 1666 5870 ὀνόματι
1709 5799 1923 5870 Ἰσραὴλ

2029 4610 2424 4673 rationabilem,
2461 4609 2750 4663 fecundam
2780 4617 2832 4662 et
2874 4605 3216 4676 spiritualcm
3249 4618 3447 4673 aquam
3487 4604 3607 4656 ius-

2025 4719 2208 4774 quosze
2240 4713 2295 4757 et
2329 4701 2609 4757 solitudini
2637 4698 2964 4768 elargiturus
3009 4704 3151 4752 erat.
3195 4695 3392 4750 Semen
3425 4704 3606 4750 autem

2026 4796 2398 4865 apostolorum
2441 4802 2568 4848 sunt
2603 4790 2860 4847 Ecclesiae
2898 4789 3028 4855 Dei;
3067 4788 3163 4843 lilii
3211 4802 3342 4842 vero
3394 4801 3606 4852 eorum,

2025 4895 2284 4956 quotquot
2318 4886 2368 4938 in
2401 4885 2649 4939 universa
2684 4891 2829 4938 terra
2868 4889 2924 4936 et
2967 4881 3020 4935 iu
3070 4877 3326 4934 omnibus
3355 4875 3608 4949 gentibus

2028 4995 2124 5048 per
2152 4977 2414 5048 Spiritum
2441 4985 2690 5031 sanctum
2716 4972 3022 5045 regenerali
3054 4982 3177 5026 sunt
3203 4989 3216 5025 :
3249 4971 3341 5040 qui

2098 5070 2260 5126 Vens.
2314 5071 2368 5125 4.
2405 5070 2780 5133 tProducenl,
2821 5067 2919 5130 ait,
2978 5066 3031 5119 iu
3086 5067 3266 5120 medio
3319 5079 3474 5133 aqme
3530 5064 3609 5117 fe-

2028 5178 2177 5222 num,
2212 5172 2263 5214 et
2299 5161 2440 5214 sicut
2468 5159 2607 5213 Salix
2639 5159 2704 5212 ad
2733 5173 2930 5228 aquam
2968 5157 3247 5212 ﬂuentem.
3279 5174 3298 5208 ι
3340 5155 3440 5211 llic
3465 5171 3606 5225 quo-

2025 5270 2129 5325 que
2154 5255 2373 5310 salicem
2418 5253 2651 5307 assumit
2703 5254 2772 5308 ob
2823 5253 3060 5306 virorem
3107 5261 3164 5305 et
3203 5250 3605 5320 juvenilitateut

2026 5345 2270 5412 arboris;
2322 5346 2390 5398 ad
2443 5343 2829 5399 declarandam
2885 5341 3290 5399 rationabilium
3343 5355 3606 5412 aquarum

2026 5440 2077 5494 iu
2110 5437 2354 5493 Ecclesia
2377 5437 2497 5507 ejus
2524 5437 2864 5492 manantium
2893 5437 3129 5509 copiam.

2101 5612 2262 5668 Vens.
2295 5613 2349 5668 5.
2396 5634 2410 5662 ι
2433 5610 2530 5666 Hic
2557 5612 2722 5680 dicet,
2758 5613 2847 5667 Dei
2881 5629 3032 5679 sum;
3065 5622 3120 5668 et
3152 5612 3242 5667 hic
3275 5610 3533 5666 clamabit
3556 5610 3608 5664 in

2031 5707 2250 5760 neruiue
2277 5705 2474 5772 Jacob,
2497 5715 2552 5761 et
2583 5704 2724 5760 alius
2747 5705 3022 5761 describet
3064 5707 3119 5759 in
3169 5720 3332 5758 manu
3366 5719 3488 5767 sua,
3515 5701 3607 5755 Dei

2031 5816 2172 5866 sum,
2203 5811 2257 5855 et
2301 5801 2353 5856 in
2395 5800 2615 5856 nomine
2669 5799 2833 5856 Israel
2886 5799 3168 5855 clamabit.
3194 5817 3212 5849 ο
3249 5799 3318 5853 Se
3356 5794 3608 5851 Israclcm
