  <div class='ocr_page' id='page_1' title='image "/cluster/home/n/w/nwhite01/storage/ocr_20150623/24/hvd.32044073501108/209.png"; bbox 0 0 4130 6400; ppageno 0'>
   <div class='ocr_carea' id='block_1_1' title="bbox 514 345 621 400">
    <p class='ocr_par' dir='ltr' id='par_1_1' title="bbox 514 345 621 400">
     <span class='ocr_line' id='line_1_1' title="bbox 514 345 621 400; baseline -0.019 0"><span class='ocrx_word' id='word_1_1' title='bbox 514 345 621 400; x_wconf 69' lang='grc' dir='ltr'><strong>4υῦ</strong></span> 
     </span>
    </p>
   </div>
   <div class='ocr_carea' id='block_1_2' title="bbox 1190 321 3058 398">
    <p class='ocr_par' dir='ltr' id='par_1_2' title="bbox 1190 321 3058 398">
     <span class='ocr_line' id='line_1_2' title="bbox 1190 321 3058 398; baseline -0.011 0"><span class='ocrx_word' id='word_1_2' title='bbox 1190 339 1456 398; x_wconf 84' lang='lat' dir='ltr'><strong>EUSEBII</strong></span> <span class='ocrx_word' id='word_1_3' title='bbox 1495 333 1970 393; x_wconf 66' lang='lat' dir='ltr'><strong>CESARIENSIS</strong></span> <span class='ocrx_word' id='word_1_4' title='bbox 2007 331 2159 390; x_wconf 83' lang='lat' dir='ltr'><strong>OPP.</strong></span> <span class='ocrx_word' id='word_1_5' title='bbox 2201 328 2380 385; x_wconf 79' lang='lat' dir='ltr'><strong>PARS</strong></span> <span class='ocrx_word' id='word_1_6' title='bbox 2412 325 2498 383; x_wconf 85' lang='lat' dir='ltr'><strong>lli.</strong></span> <span class='ocrx_word' id='word_1_7' title='bbox 2536 357 2602 370; x_wconf 90' lang='lat'><strong><em>—</em></strong></span> <span class='ocrx_word' id='word_1_8' title='bbox 2638 321 3058 383; x_wconf 73' lang='lat' dir='ltr'><strong>EXEGETICA.</strong></span> 
     </span>
    </p>
   </div>
   <div class='ocr_carea' id='block_1_3' title="bbox 3685 318 3789 375">
    <p class='ocr_par' dir='ltr' id='par_1_3' title="bbox 3685 318 3789 375">
     <span class='ocr_line' id='line_1_3' title="bbox 3685 318 3789 375; baseline 0 -1"><span class='ocrx_word' id='word_1_9' title='bbox 3685 318 3789 375; x_wconf 66' lang='grc'><strong>401</strong></span> 
     </span>
    </p>
   </div>
   <div class='ocr_carea' id='block_1_4' title="bbox 516 428 2105 534">
    <p class='ocr_par' dir='ltr' id='par_1_4' title="bbox 516 453 2104 534">
     <span class='ocr_line' id='line_1_4' title="bbox 516 453 2104 534; baseline -0.009 -15"><span class='ocrx_word' id='word_1_10' title='bbox 516 481 638 522; x_wconf 81' lang='lat' dir='ltr'><strong>esse</strong></span> <span class='ocrx_word' id='word_1_11' title='bbox 659 463 942 534; x_wconf 81' lang='lat' dir='ltr'><strong>gloriando</strong></span> <span class='ocrx_word' id='word_1_12' title='bbox 968 463 1132 519; x_wconf 89' lang='lat' dir='ltr'><strong>dicet.</strong></span> <span class='ocrx_word' id='word_1_13' title='bbox 1161 459 1346 516; x_wconf 79' lang='lat' dir='ltr'><strong>Mirari</strong></span> <span class='ocrx_word' id='word_1_14' title='bbox 1381 455 1542 528; x_wconf 85' lang='lat' dir='ltr'><strong>plane</strong></span> <span class='ocrx_word' id='word_1_15' title='bbox 1585 464 1640 512; x_wconf 87' lang='lat' dir='ltr'><strong>et</strong></span> <span class='ocrx_word' id='word_1_16' title='bbox 1687 465 1912 526; x_wconf 77' lang='lat' dir='ltr'><strong>stupere</strong></span> <span class='ocrx_word' id='word_1_17' title='bbox 1959 453 2104 509; x_wconf 83' lang='lat' dir='ltr'><strong>subit</strong></span> 
     </span>
    </p>
   </div>
   <div class='ocr_carea' id='block_1_5' title="bbox 2206 428 3786 534">
    <p class='ocr_par' dir='ltr' id='par_1_5' title="bbox 2207 428 3786 518">
     <span class='ocr_line' id='line_1_5' title="bbox 2207 428 3786 518; baseline -0.012 -17"><span class='ocrx_word' id='word_1_18' title='bbox 2207 446 2480 518; x_wconf 82' lang='grc' dir='ltr'><strong>βοήσεται.</strong></span> <span class='ocrx_word' id='word_1_19' title='bbox 2509 462 2528 497; x_wconf 72' lang='grc' dir='ltr'><strong>ι</strong></span> <span class='ocrx_word' id='word_1_20' title='bbox 2585 440 2847 513; x_wconf 87' lang='grc' dir='ltr'>Σεμνύνει</span> <span class='ocrx_word' id='word_1_21' title='bbox 2893 437 3083 494; x_wconf 83' lang='grc' dir='ltr'>ἐαυτὸν</span> <span class='ocrx_word' id='word_1_22' title='bbox 3139 435 3313 506; x_wconf 88' lang='grc' dir='ltr'>λέγων</span> <span class='ocrx_word' id='word_1_23' title='bbox 3361 428 3500 488; x_wconf 73' lang='grc' dir='ltr'>εἶναι</span> <span class='ocrx_word' id='word_1_24' title='bbox 3551 430 3786 505; x_wconf 76' lang='grc' dir='ltr'>Ἰσραήλ.</span> 
     </span>
    </p>
   </div>
   <div class='ocr_carea' id='block_1_6' title="bbox 519 549 2100 628">
    <p class='ocr_par' dir='ltr' id='par_1_6' title="bbox 519 549 2100 628">
     <span class='ocr_line' id='line_1_6' title="bbox 519 549 2100 628; baseline -0.007 -15"><span class='ocrx_word' id='word_1_25' title='bbox 519 555 968 628; x_wconf 87' lang='lat' dir='ltr'><strong>propheticorum</strong></span> <span class='ocrx_word' id='word_1_26' title='bbox 1001 566 1315 610; x_wconf 85' lang='lat' dir='ltr'><strong>sermonum</strong></span> <span class='ocrx_word' id='word_1_27' title='bbox 1361 549 1494 615; x_wconf 82' lang='lat' dir='ltr'><strong>vim,</strong></span> <span class='ocrx_word' id='word_1_28' title='bbox 1539 556 1813 620; x_wconf 42' lang='lat' dir='ltr'><strong>etrquam</strong></span> <span class='ocrx_word' id='word_1_29' title='bbox 1859 561 1992 604; x_wconf 79' lang='lat' dir='ltr'><strong>vero</strong></span> <span class='ocrx_word' id='word_1_30' title='bbox 2021 549 2100 602; x_wconf 87' lang='lat' dir='ltr'><strong>rei</strong></span> 
     </span>
    </p>
   </div>
   <div class='ocr_carea' id='block_1_7' title="bbox 517 629 2101 716">
    <p class='ocr_par' dir='ltr' id='par_1_7' title="bbox 517 629 2101 716">
     <span class='ocr_line' id='line_1_7' title="bbox 517 629 2101 716; baseline -0.006 -12"><span class='ocrx_word' id='word_1_31' title='bbox 517 647 774 704; x_wconf 73' lang='lat' dir='ltr'><strong>effectum</strong></span> <span class='ocrx_word' id='word_1_32' title='bbox 808 655 863 701; x_wconf 91' lang='lat' dir='ltr'><strong>et</strong></span> <span class='ocrx_word' id='word_1_33' title='bbox 907 643 1370 716; x_wconf 72' lang='lat' dir='ltr'><strong>complementum</strong></span> <span class='ocrx_word' id='word_1_34' title='bbox 1420 629 1854 712; x_wconf 87' lang='lat' dir='ltr'><strong>perceperimus.</strong></span> <span class='ocrx_word' id='word_1_35' title='bbox 1883 639 2017 695; x_wconf 81' lang='lat' dir='ltr'><strong>Nam</strong></span> <span class='ocrx_word' id='word_1_36' title='bbox 2047 640 2101 695; x_wconf 88' lang='lat' dir='ltr'><strong>in</strong></span> 
     </span>
    </p>
   </div>
   <div class='ocr_carea' id='block_1_8' title="bbox 517 733 2104 813">
    <p class='ocr_par' dir='ltr' id='par_1_8' title="bbox 517 733 2104 813">
     <span class='ocr_line' id='line_1_8' title="bbox 517 733 2104 813; baseline -0.006 -15"><span class='ocrx_word' id='word_1_37' title='bbox 517 737 992 813; x_wconf 82' lang='lat' dir='ltr'><strong>persecutionibus</strong></span> <span class='ocrx_word' id='word_1_38' title='bbox 1025 745 1216 793; x_wconf 89' lang='lat' dir='ltr'><strong>nostro</strong></span> <span class='ocrx_word' id='word_1_39' title='bbox 1254 745 1498 804; x_wconf 90' lang='lat' dir='ltr'><strong>tempore</strong></span> <span class='ocrx_word' id='word_1_40' title='bbox 1539 733 1850 798; x_wconf 87' lang='lat' dir='ltr'><strong>concitatis,</strong></span> <span class='ocrx_word' id='word_1_41' title='bbox 1905 733 2104 789; x_wconf 90' lang='lat' dir='ltr'><strong>multos</strong></span> 
     </span>
    </p>
   </div>
   <div class='ocr_carea' id='block_1_9' title="bbox 516 826 2100 902">
    <p class='ocr_par' dir='ltr' id='par_1_9' title="bbox 516 826 2100 902">
     <span class='ocr_line' id='line_1_9' title="bbox 516 826 2100 902; baseline -0.006 -14"><span class='ocrx_word' id='word_1_42' title='bbox 516 847 585 888; x_wconf 82' lang='lat' dir='ltr'><strong>ex</strong></span> <span class='ocrx_word' id='word_1_43' title='bbox 617 829 936 902; x_wconf 68' lang='lat' dir='ltr'><strong>alienigenis</strong></span> <span class='ocrx_word' id='word_1_44' title='bbox 992 827 1243 900; x_wconf 77' lang='lat' dir='ltr'><strong>gentibus</strong></span> <span class='ocrx_word' id='word_1_45' title='bbox 1298 827 1558 892; x_wconf 81' lang='lat' dir='ltr'><strong>vidimus,</strong></span> <span class='ocrx_word' id='word_1_46' title='bbox 1609 826 1704 896; x_wconf 87' lang='lat' dir='ltr'><strong>qui</strong></span> <span class='ocrx_word' id='word_1_47' title='bbox 1782 835 2100 882; x_wconf 85' lang='lat' dir='ltr'><strong>sanctorum</strong></span> 
     </span>
    </p>
   </div>
   <div class='ocr_carea' id='block_1_10' title="bbox 517 918 2103 990">
    <p class='ocr_par' dir='ltr' id='par_1_10' title="bbox 517 918 2103 990">
     <span class='ocr_line' id='line_1_10' title="bbox 517 918 2103 990; baseline -0.003 -14"><span class='ocrx_word' id='word_1_48' title='bbox 517 925 759 979; x_wconf 78' lang='lat' dir='ltr'><strong>virorum</strong></span> <span class='ocrx_word' id='word_1_49' title='bbox 813 924 1034 978; x_wconf 87' lang='lat' dir='ltr'><strong>nomina</strong></span> <span class='ocrx_word' id='word_1_50' title='bbox 1115 928 1483 990; x_wconf 89' lang='lat' dir='ltr'><strong>usurparent;</strong></span> <span class='ocrx_word' id='word_1_51' title='bbox 1528 918 1668 974; x_wconf 89' lang='lat' dir='ltr'><strong>alius</strong></span> <span class='ocrx_word' id='word_1_52' title='bbox 1726 919 1927 989; x_wconf 88' lang='lat' dir='ltr'><strong>quippe</strong></span> <span class='ocrx_word' id='word_1_53' title='bbox 1979 931 2103 973; x_wconf 87' lang='lat' dir='ltr'><strong>sese</strong></span> 
     </span>
    </p>
   </div>
   <div class='ocr_carea' id='block_1_11' title="bbox 517 1004 2100 1084">
    <p class='ocr_par' dir='ltr' id='par_1_11' title="bbox 517 1004 2100 1084">
     <span class='ocr_line' id='line_1_11' title="bbox 517 1004 2100 1084; baseline -0.007 -13"><span class='ocrx_word' id='word_1_54' title='bbox 517 1013 779 1071; x_wconf 85' lang='lat' dir='ltr'><strong>Jacobum</strong></span> <span class='ocrx_word' id='word_1_55' title='bbox 811 1010 1298 1084; x_wconf 85' lang='lat' dir='ltr'><strong>appellabat,alins</strong></span> <span class='ocrx_word' id='word_1_56' title='bbox 1318 1008 1598 1076; x_wconf 84' lang='lat' dir='ltr'><strong>Israelem,</strong></span> <span class='ocrx_word' id='word_1_57' title='bbox 1624 1006 1765 1064; x_wconf 82' lang='lat' dir='ltr'><strong>alius</strong></span> <span class='ocrx_word' id='word_1_58' title='bbox 1785 1004 2100 1070; x_wconf 77' lang='lat' dir='ltr'><strong>Jeremiam,</strong></span> 
     </span>
    </p>
   </div>
   <div class='ocr_carea' id='block_1_12' title="bbox 519 1097 2103 1170">
    <p class='ocr_par' dir='ltr' id='par_1_12' title="bbox 519 1097 2103 1170">
     <span class='ocr_line' id='line_1_12' title="bbox 519 1097 2103 1170; baseline -0.008 -8"><span class='ocrx_word' id='word_1_59' title='bbox 519 1106 610 1162; x_wconf 89' lang='lat' dir='ltr'><strong>hic</strong></span> <span class='ocrx_word' id='word_1_60' title='bbox 660 1103 879 1170; x_wconf 85' lang='lat' dir='ltr'><strong>Isaiam,</strong></span> <span class='ocrx_word' id='word_1_61' title='bbox 933 1104 1041 1160; x_wconf 87' lang='lat' dir='ltr'><strong>iste</strong></span> <span class='ocrx_word' id='word_1_62' title='bbox 1081 1099 1358 1157; x_wconf 89' lang='lat' dir='ltr'><strong>Danielem</strong></span> <span class='ocrx_word' id='word_1_63' title='bbox 1388 1118 1401 1154; x_wconf 93' lang='lat'><strong>:</strong></span> <span class='ocrx_word' id='word_1_64' title='bbox 1428 1101 1628 1155; x_wconf 89' lang='lat' dir='ltr'><strong>etenim</strong></span> <span class='ocrx_word' id='word_1_65' title='bbox 1653 1099 1740 1154; x_wconf 88' lang='lat' dir='ltr'><strong>his</strong></span> <span class='ocrx_word' id='word_1_66' title='bbox 1780 1097 1884 1154; x_wconf 96' lang='lat' dir='ltr'><strong>sibi</strong></span> <span class='ocrx_word' id='word_1_67' title='bbox 1928 1097 2103 1151; x_wconf 87' lang='lat' dir='ltr'><strong>ascri-</strong></span> 
     </span>
    </p>
   </div>
   <div class='ocr_carea' id='block_1_13' title="bbox 520 1190 2101 1268">
    <p class='ocr_par' dir='ltr' id='par_1_13' title="bbox 520 1190 2101 1268">
     <span class='ocr_line' id='line_1_13' title="bbox 520 1190 2101 1268; baseline -0.006 -18"><span class='ocrx_word' id='word_1_68' title='bbox 520 1199 632 1268; x_wconf 91' lang='lat' dir='ltr'><strong>ptis</strong></span> <span class='ocrx_word' id='word_1_69' title='bbox 659 1197 990 1259; x_wconf 90' lang='lat' dir='ltr'><strong>nominibus,</strong></span> <span class='ocrx_word' id='word_1_70' title='bbox 1028 1196 1095 1251; x_wconf 87' lang='lat' dir='ltr'><strong>ad</strong></span> <span class='ocrx_word' id='word_1_71' title='bbox 1146 1194 1466 1266; x_wconf 75' lang='lat' dir='ltr'><strong>martyrium</strong></span> <span class='ocrx_word' id='word_1_72' title='bbox 1492 1207 1592 1264; x_wconf 89' lang='lat' dir='ltr'><strong>pro</strong></span> <span class='ocrx_word' id='word_1_73' title='bbox 1619 1192 1730 1247; x_wconf 91' lang='lat' dir='ltr'><strong>Deo</strong></span> <span class='ocrx_word' id='word_1_74' title='bbox 1761 1190 2101 1247; x_wconf 90' lang='lat' dir='ltr'><strong>subeundum</strong></span> 
     </span>
    </p>
   </div>
   <div class='ocr_carea' id='block_1_14' title="bbox 521 1277 2101 1348">
    <p class='ocr_par' dir='ltr' id='par_1_14' title="bbox 521 1277 2101 1348">
     <span class='ocr_line' id='line_1_14' title="bbox 521 1277 2101 1348; baseline -0.009 -5"><span class='ocrx_word' id='word_1_75' title='bbox 521 1303 644 1343; x_wconf 88' lang='lat' dir='ltr'><strong>cum</strong></span> <span class='ocrx_word' id='word_1_76' title='bbox 673 1287 872 1342; x_wconf 83' lang='lat' dir='ltr'><strong>ﬁducia</strong></span> <span class='ocrx_word' id='word_1_77' title='bbox 893 1296 950 1344; x_wconf 88' lang='lat' dir='ltr'><strong>et</strong></span> <span class='ocrx_word' id='word_1_78' title='bbox 979 1286 1286 1342; x_wconf 84' lang='lat' dir='ltr'><strong>constantia</strong></span> <span class='ocrx_word' id='word_1_79' title='bbox 1319 1282 1678 1340; x_wconf 84' lang='lat' dir='ltr'><strong>accedebant.</strong></span> <span class='ocrx_word' id='word_1_80' title='bbox 1709 1278 1838 1346; x_wconf 82' lang='lat' dir='ltr'><strong>Qua:</strong></span> <span class='ocrx_word' id='word_1_81' title='bbox 1866 1277 2101 1348; x_wconf 91' lang='lat' dir='ltr'><strong>prophe-</strong></span> 
     </span>
    </p>
   </div>
   <div class='ocr_carea' id='block_1_15' title="bbox 524 1367 2102 1444">
    <p class='ocr_par' dir='ltr' id='par_1_15' title="bbox 524 1367 2102 1444">
     <span class='ocr_line' id='line_1_15' title="bbox 524 1367 2102 1444; baseline -0.007 -10"><span class='ocrx_word' id='word_1_82' title='bbox 524 1380 600 1436; x_wconf 83' lang='lat' dir='ltr'><strong>tia</strong></span> <span class='ocrx_word' id='word_1_83' title='bbox 652 1379 884 1444; x_wconf 84' lang='lat' dir='ltr'><strong>indicat,</strong></span> <span class='ocrx_word' id='word_1_84' title='bbox 939 1377 1066 1434; x_wconf 91' lang='lat' dir='ltr'><strong>dum</strong></span> <span class='ocrx_word' id='word_1_85' title='bbox 1116 1377 1194 1432; x_wconf 88' lang='lat' dir='ltr'><strong>ait</strong></span> <span class='ocrx_word' id='word_1_86' title='bbox 1230 1396 1245 1433; x_wconf 79' lang='grc' dir='ltr'><strong>ι</strong></span> <span class='ocrx_word' id='word_1_87' title='bbox 1275 1375 1418 1431; x_wconf 78' lang='grc' dir='ltr'>ιἸΙίο</span> <span class='ocrx_word' id='word_1_88' title='bbox 1449 1374 1614 1437; x_wconf 85' lang='lat' dir='ltr'><strong>dicet,</strong></span> <span class='ocrx_word' id='word_1_89' title='bbox 1640 1372 1732 1427; x_wconf 87' lang='lat' dir='ltr'><strong>Dei</strong></span> <span class='ocrx_word' id='word_1_90' title='bbox 1766 1377 1985 1436; x_wconf 90' lang='lat' dir='ltr'><strong>sum,et</strong></span> <span class='ocrx_word' id='word_1_91' title='bbox 2013 1367 2102 1423; x_wconf 90' lang='lat' dir='ltr'><strong>hic</strong></span> 
     </span>
    </p>
   </div>
   <div class='ocr_carea' id='block_1_16' title="bbox 523 1462 2104 1536">
    <p class='ocr_par' dir='ltr' id='par_1_16' title="bbox 523 1462 2104 1536">
     <span class='ocr_line' id='line_1_16' title="bbox 523 1462 2104 1536; baseline -0.007 -10"><span class='ocrx_word' id='word_1_92' title='bbox 523 1469 784 1526; x_wconf 82' lang='lat' dir='ltr'><strong>clamabit</strong></span> <span class='ocrx_word' id='word_1_93' title='bbox 829 1470 882 1524; x_wconf 91' lang='lat' dir='ltr'><strong>in</strong></span> <span class='ocrx_word' id='word_1_94' title='bbox 923 1471 1142 1525; x_wconf 83' lang='lat' dir='ltr'><strong>nomine</strong></span> <span class='ocrx_word' id='word_1_95' title='bbox 1183 1467 1372 1536; x_wconf 83' lang='lat' dir='ltr'><strong>Jacob,</strong></span> <span class='ocrx_word' id='word_1_96' title='bbox 1409 1467 1550 1522; x_wconf 92' lang='lat' dir='ltr'><strong>alius</strong></span> <span class='ocrx_word' id='word_1_97' title='bbox 1577 1467 1629 1520; x_wconf 92' lang='lat' dir='ltr'><strong>in</strong></span> <span class='ocrx_word' id='word_1_98' title='bbox 1673 1479 1833 1520; x_wconf 89' lang='lat' dir='ltr'><strong>manu</strong></span> <span class='ocrx_word' id='word_1_99' title='bbox 1880 1477 1978 1517; x_wconf 89' lang='lat' dir='ltr'><strong>sua</strong></span> <span class='ocrx_word' id='word_1_100' title='bbox 2009 1462 2104 1515; x_wconf 89' lang='lat' dir='ltr'><strong>de-</strong></span> 
     </span>
    </p>
   </div>
   <div class='ocr_carea' id='block_1_17' title="bbox 525 1553 2104 1627">
    <p class='ocr_par' dir='ltr' id='par_1_17' title="bbox 525 1553 2104 1627">
     <span class='ocr_line' id='line_1_17' title="bbox 525 1553 2104 1627; baseline -0.006 -10"><span class='ocrx_word' id='word_1_101' title='bbox 525 1561 751 1624; x_wconf 85' lang='lat' dir='ltr'><strong>scribet,</strong></span> <span class='ocrx_word' id='word_1_102' title='bbox 793 1560 886 1616; x_wconf 88' lang='lat' dir='ltr'><strong>Dei</strong></span> <span class='ocrx_word' id='word_1_103' title='bbox 935 1577 1077 1627; x_wconf 92' lang='lat' dir='ltr'><strong>sum,</strong></span> <span class='ocrx_word' id='word_1_104' title='bbox 1111 1571 1166 1617; x_wconf 91' lang='lat' dir='ltr'><strong>et</strong></span> <span class='ocrx_word' id='word_1_105' title='bbox 1197 1561 1339 1616; x_wconf 91' lang='lat' dir='ltr'><strong>alius</strong></span> <span class='ocrx_word' id='word_1_106' title='bbox 1368 1559 1420 1615; x_wconf 93' lang='lat' dir='ltr'><strong>in</strong></span> <span class='ocrx_word' id='word_1_107' title='bbox 1453 1558 1672 1614; x_wconf 87' lang='lat' dir='ltr'><strong>nomine</strong></span> <span class='ocrx_word' id='word_1_108' title='bbox 1703 1554 1870 1612; x_wconf 87' lang='lat' dir='ltr'><strong>Israel</strong></span> <span class='ocrx_word' id='word_1_109' title='bbox 1909 1553 2104 1609; x_wconf 80' lang='lat' dir='ltr'><strong>clama-</strong></span> 
     </span>
    </p>
   </div>
   <div class='ocr_carea' id='block_1_18' title="bbox 524 1653 765 1711">
    <p class='ocr_par' dir='ltr' id='par_1_18' title="bbox 524 1653 765 1711">
     <span class='ocr_line' id='line_1_18' title="bbox 524 1653 765 1711; baseline -0.017 -1"><span class='ocrx_word' id='word_1_110' title='bbox 524 1653 628 1711; x_wconf 78' lang='lat' dir='ltr'><strong>bit.</strong></span> <span class='ocrx_word' id='word_1_111' title='bbox 651 1672 671 1707; x_wconf 75' lang='grc' dir='ltr'><strong>ι</strong></span> <span class='ocrx_word' id='word_1_112' title='bbox 760 1653 765 1662; x_wconf 85' lang='grc'>’</span> 
     </span>
    </p>
   </div>
   <div class='ocr_carea' id='block_1_19' title="bbox 2204 522 3792 607">
    <p class='ocr_par' dir='ltr' id='par_1_19' title="bbox 2204 522 3792 607">
     <span class='ocr_line' id='line_1_19' title="bbox 2204 522 3792 607; baseline -0.008 -17"><span class='ocrx_word' id='word_1_113' title='bbox 2204 535 2492 607; x_wconf 78' lang='grc' dir='ltr'><strong>Θαυμάσαι</strong></span> <span class='ocrx_word' id='word_1_114' title='bbox 2523 534 2582 588; x_wconf 82' lang='grc' dir='ltr'><strong>δὲ</strong></span> <span class='ocrx_word' id='word_1_115' title='bbox 2613 533 2731 586; x_wconf 80' lang='grc' dir='ltr'>ἔστι</span> <span class='ocrx_word' id='word_1_116' title='bbox 2753 532 2850 586; x_wconf 78' lang='grc' dir='ltr'>καὶ</span> <span class='ocrx_word' id='word_1_117' title='bbox 2877 527 3294 599; x_wconf 83' lang='grc' dir='ltr'>καταπλαγῆναι</span> <span class='ocrx_word' id='word_1_118' title='bbox 3321 523 3536 596; x_wconf 82' lang='grc' dir='ltr'>άληθῶς</span> <span class='ocrx_word' id='word_1_119' title='bbox 3561 523 3660 594; x_wconf 82' lang='grc' dir='ltr'>τὴν</span> <span class='ocrx_word' id='word_1_120' title='bbox 3683 522 3792 577; x_wconf 87' lang='grc' dir='ltr'>τῶν</span> 
     </span>
    </p>
   </div>
   <div class='ocr_carea' id='block_1_20' title="bbox 2201 612 3794 697">
    <p class='ocr_par' dir='ltr' id='par_1_20' title="bbox 2201 612 3794 697">
     <span class='ocr_line' id='line_1_20' title="bbox 2201 612 3794 697; baseline -0.008 -17"><span class='ocrx_word' id='word_1_121' title='bbox 2201 623 2560 697; x_wconf 74' lang='grc' dir='ltr'><strong>προφητικῶν</strong></span> <span class='ocrx_word' id='word_1_122' title='bbox 2582 622 2756 692; x_wconf 87' lang='grc' dir='ltr'>λόγων</span> <span class='ocrx_word' id='word_1_123' title='bbox 2779 621 3030 691; x_wconf 86' lang='grc' dir='ltr'>δύναμιν,</span> <span class='ocrx_word' id='word_1_124' title='bbox 3059 635 3136 682; x_wconf 89' lang='grc' dir='ltr'><strong>ως</strong></span> <span class='ocrx_word' id='word_1_125' title='bbox 3159 618 3344 680; x_wconf 89' lang='grc' dir='ltr'>αὑτοῖς</span> <span class='ocrx_word' id='word_1_126' title='bbox 3369 616 3549 687; x_wconf 74' lang='grc' dir='ltr'>ἔργοις</span> <span class='ocrx_word' id='word_1_127' title='bbox 3567 613 3636 667; x_wconf 75' lang='grc' dir='ltr'><strong>τά</strong></span> <span class='ocrx_word' id='word_1_128' title='bbox 3658 612 3794 668; x_wconf 65' lang='grc' dir='ltr'><strong>άιτιιο⁹</strong></span> 
     </span>
    </p>
   </div>
   <div class='ocr_carea' id='block_1_21' title="bbox 2199 705 3794 788">
    <p class='ocr_par' dir='ltr' id='par_1_21' title="bbox 2199 705 3794 788">
     <span class='ocr_line' id='line_1_21' title="bbox 2199 705 3794 788; baseline -0.009 -17"><span class='ocrx_word' id='word_1_129' title='bbox 2199 717 2511 788; x_wconf 86' lang='grc' dir='ltr'>τελέσματα</span> <span class='ocrx_word' id='word_1_130' title='bbox 2540 713 2976 787; x_wconf 80' lang='grc' dir='ltr'>παρειλήφαμεν.</span> <span class='ocrx_word' id='word_1_131' title='bbox 3033 711 3124 764; x_wconf 87' lang='grc' dir='ltr'>Ἔν</span> <span class='ocrx_word' id='word_1_132' title='bbox 3177 707 3309 778; x_wconf 84' lang='grc' dir='ltr'>γοῦν</span> <span class='ocrx_word' id='word_1_133' title='bbox 3335 709 3449 770; x_wconf 86' lang='grc' dir='ltr'>τοῖς</span> <span class='ocrx_word' id='word_1_134' title='bbox 3491 705 3610 759; x_wconf 85' lang='grc' dir='ltr'>καθ’</span> <span class='ocrx_word' id='word_1_135' title='bbox 3644 706 3794 777; x_wconf 74' lang='grc' dir='ltr'>ἡμᾶς</span> 
     </span>
    </p>
   </div>
   <div class='ocr_carea' id='block_1_22' title="bbox 2201 797 3790 878">
    <p class='ocr_par' dir='ltr' id='par_1_22' title="bbox 2201 797 3790 878">
     <span class='ocr_line' id='line_1_22' title="bbox 2201 797 3790 878; baseline -0.007 -15"><span class='ocrx_word' id='word_1_136' title='bbox 2201 810 2398 872; x_wconf 75' lang='grc' dir='ltr'>αὐτοὺς</span> <span class='ocrx_word' id='word_1_137' title='bbox 2437 806 2755 878; x_wconf 80' lang='grc' dir='ltr'><strong>γενομένοις</strong></span> <span class='ocrx_word' id='word_1_138' title='bbox 2784 804 3046 875; x_wconf 81' lang='grc' dir='ltr'><strong>διωγμοῖς</strong></span> <span class='ocrx_word' id='word_1_139' title='bbox 3089 800 3317 863; x_wconf 81' lang='grc' dir='ltr'>πολλοὺς</span> <span class='ocrx_word' id='word_1_140' title='bbox 3344 799 3452 852; x_wconf 86' lang='grc' dir='ltr'><strong>τῶν</strong></span> <span class='ocrx_word' id='word_1_141' title='bbox 3481 797 3790 866; x_wconf 70' lang='grc' dir='ltr'>ἀλλοφύλων</span> 
     </span>
    </p>
   </div>
   <div class='ocr_carea' id='block_1_23' title="bbox 2202 891 3791 970">
    <p class='ocr_par' dir='ltr' id='par_1_23' title="bbox 2202 891 3791 970">
     <span class='ocr_line' id='line_1_23' title="bbox 2202 891 3791 970; baseline -0.009 -13"><span class='ocrx_word' id='word_1_142' title='bbox 2202 901 2377 957; x_wconf 80' lang='grc' dir='ltr'>ἐθνῶν</span> <span class='ocrx_word' id='word_1_143' title='bbox 2407 897 2776 970; x_wconf 76' lang='grc' dir='ltr'><strong>ἐθεασάμεθα,</strong></span> <span class='ocrx_word' id='word_1_144' title='bbox 2811 893 3269 969; x_wconf 80' lang='grc' dir='ltr'>προαρπάζοντας</span> <span class='ocrx_word' id='word_1_145' title='bbox 3302 894 3512 956; x_wconf 80' lang='grc' dir='ltr'><strong>ἑαυτοῖς</strong></span> <span class='ocrx_word' id='word_1_146' title='bbox 3555 891 3656 955; x_wconf 81' lang='grc' dir='ltr'>τὰς</span> <span class='ocrx_word' id='word_1_147' title='bbox 3683 892 3791 944; x_wconf 85' lang='grc' dir='ltr'><strong>τῶν</strong></span> 
     </span>
    </p>
   </div>
   <div class='ocr_carea' id='block_1_24' title="bbox 2201 979 3792 1066">
    <p class='ocr_par' dir='ltr' id='par_1_24' title="bbox 2201 979 3792 1066">
     <span class='ocr_line' id='line_1_24' title="bbox 2201 979 3792 1066; baseline -0.009 -16"><span class='ocrx_word' id='word_1_148' title='bbox 2201 996 2373 1065; x_wconf 84' lang='grc' dir='ltr'>ἁγίων</span> <span class='ocrx_word' id='word_1_149' title='bbox 2403 992 2614 1066; x_wconf 84' lang='grc' dir='ltr'>ἀνδρῶν</span> <span class='ocrx_word' id='word_1_150' title='bbox 2655 988 3048 1062; x_wconf 78' lang='grc' dir='ltr'><strong>προσηγορίας,</strong></span> <span class='ocrx_word' id='word_1_151' title='bbox 3081 979 3156 1041; x_wconf 83' lang='grc' dir='ltr'>ὧν</span> <span class='ocrx_word' id='word_1_152' title='bbox 3178 987 3206 1040; x_wconf 89' lang='grc' dir='ltr'><strong>ό</strong></span> <span class='ocrx_word' id='word_1_153' title='bbox 3237 987 3334 1057; x_wconf 83' lang='grc' dir='ltr'>μὲν</span> <span class='ocrx_word' id='word_1_154' title='bbox 3363 983 3556 1038; x_wconf 83' lang='grc' dir='ltr'>ἐαυτὸν</span> <span class='ocrx_word' id='word_1_155' title='bbox 3599 983 3792 1036; x_wconf 83' lang='grc' dir='ltr'>’ἰακὼὸ</span> 
     </span>
    </p>
   </div>
   <div class='ocr_carea' id='block_1_25' title="bbox 2201 1074 3793 1154">
    <p class='ocr_par' dir='ltr' id='par_1_25' title="bbox 2201 1074 3793 1154">
     <span class='ocr_line' id='line_1_25' title="bbox 2201 1074 3793 1154; baseline -0.008 -14"><span class='ocrx_word' id='word_1_156' title='bbox 2201 1086 2408 1148; x_wconf 78' lang='grc' dir='ltr'><strong>ἐκάλει,</strong></span> <span class='ocrx_word' id='word_1_157' title='bbox 2439 1085 2535 1138; x_wconf 74' lang='grc' dir='ltr'>καὶ</span> <span class='ocrx_word' id='word_1_158' title='bbox 2581 1083 2766 1154; x_wconf 71' lang='grc' dir='ltr'>ἕτερος</span> <span class='ocrx_word' id='word_1_159' title='bbox 2812 1079 3048 1151; x_wconf 74' lang='grc' dir='ltr'>Ἰσραὴλ,</span> <span class='ocrx_word' id='word_1_160' title='bbox 3079 1076 3237 1141; x_wconf 83' lang='grc' dir='ltr'>ἄλλος</span> <span class='ocrx_word' id='word_1_161' title='bbox 3275 1076 3332 1130; x_wconf 85' lang='grc' dir='ltr'><strong>δέ</strong></span> <span class='ocrx_word' id='word_1_162' title='bbox 3374 1074 3664 1148; x_wconf 84' lang='grc' dir='ltr'>Ἱερεμίαν,</span> <span class='ocrx_word' id='word_1_163' title='bbox 3697 1075 3793 1129; x_wconf 82' lang='grc' dir='ltr'>καὶ</span> 
     </span>
    </p>
   </div>
   <div class='ocr_carea' id='block_1_26' title="bbox 2210 1166 3794 1248">
    <p class='ocr_par' dir='ltr' id='par_1_26' title="bbox 2210 1166 3794 1248">
     <span class='ocr_line' id='line_1_26' title="bbox 2210 1166 3794 1248; baseline -0.008 -16"><span class='ocrx_word' id='word_1_164' title='bbox 2210 1179 2440 1231; x_wconf 70' lang='grc' dir='ltr'>Ἡσαΐαν</span> <span class='ocrx_word' id='word_1_165' title='bbox 2489 1177 2697 1248; x_wconf 73' lang='grc' dir='ltr'>ἕτερος,</span> <span class='ocrx_word' id='word_1_166' title='bbox 2729 1174 2822 1227; x_wconf 64' lang='grc' dir='ltr'><strong>καὶ⁵</strong></span> <span class='ocrx_word' id='word_1_167' title='bbox 2877 1170 3075 1242; x_wconf 83' lang='grc' dir='ltr'>Δανιὴλ</span> <span class='ocrx_word' id='word_1_168' title='bbox 3107 1169 3268 1225; x_wconf 87' lang='grc' dir='ltr'>πάλιν</span> <span class='ocrx_word' id='word_1_169' title='bbox 3326 1168 3520 1232; x_wconf 80' lang='grc' dir='ltr'>ἄλλος·</span> <span class='ocrx_word' id='word_1_170' title='bbox 3568 1166 3794 1221; x_wconf 85' lang='grc' dir='ltr'>τοιαῦτα</span> 
     </span>
    </p>
   </div>
   <div class='ocr_carea' id='block_1_27' title="bbox 2199 1257 3790 1336">
    <p class='ocr_par' dir='ltr' id='par_1_27' title="bbox 2199 1257 3790 1336">
     <span class='ocr_line' id='line_1_27' title="bbox 2199 1257 3790 1336; baseline -0.006 -16"><span class='ocrx_word' id='word_1_171' title='bbox 2199 1266 2330 1336; x_wconf 86' lang='grc' dir='ltr'>γοῦν</span> <span class='ocrx_word' id='word_1_172' title='bbox 2364 1264 2798 1336; x_wconf 70' lang='grc' dir='ltr'>ἐπιγραφόμενοι</span> <span class='ocrx_word' id='word_1_173' title='bbox 2843 1261 3084 1332; x_wconf 79' lang='grc' dir='ltr'>ὀνόματα</span> <span class='ocrx_word' id='word_1_174' title='bbox 3115 1259 3209 1313; x_wconf 80' lang='grc' dir='ltr'><strong>ἐπὶ</strong></span> <span class='ocrx_word' id='word_1_175' title='bbox 3253 1259 3314 1313; x_wconf 90' lang='grc' dir='ltr'><strong>τὸ</strong></span> <span class='ocrx_word' id='word_1_176' title='bbox 3367 1257 3664 1330; x_wconf 86' lang='grc' dir='ltr'>μαρτύριον</span> <span class='ocrx_word' id='word_1_177' title='bbox 3695 1257 3790 1311; x_wconf 87' lang='grc' dir='ltr'><strong>τοῦ</strong></span> 
     </span>
    </p>
   </div>
   <div class='ocr_carea' id='block_1_28' title="bbox 2199 1350 3793 1427">
    <p class='ocr_par' dir='ltr' id='par_1_28' title="bbox 2199 1350 3793 1427">
     <span class='ocr_line' id='line_1_28' title="bbox 2199 1350 3793 1427; baseline -0.007 -14"><span class='ocrx_word' id='word_1_178' title='bbox 2199 1359 2335 1413; x_wconf 89' lang='grc' dir='ltr'>Θεοῦ</span> <span class='ocrx_word' id='word_1_179' title='bbox 2371 1359 2468 1412; x_wconf 86' lang='grc' dir='ltr'><strong>σὺν</strong></span> <span class='ocrx_word' id='word_1_180' title='bbox 2496 1355 2677 1427; x_wconf 84' lang='grc' dir='ltr'>πολλῴ</span> <span class='ocrx_word' id='word_1_181' title='bbox 2705 1354 2897 1426; x_wconf 79' lang='grc' dir='ltr'><strong>Θάρσει</strong></span> <span class='ocrx_word' id='word_1_182' title='bbox 2935 1353 3030 1406; x_wconf 72' lang='grc' dir='ltr'>καὶ</span> <span class='ocrx_word' id='word_1_183' title='bbox 3074 1351 3356 1423; x_wconf 69' lang='grc' dir='ltr'>παρρησία</span> <span class='ocrx_word' id='word_1_184' title='bbox 3386 1351 3688 1422; x_wconf 74' lang='grc' dir='ltr'>παρῄεσαν.</span> <span class='ocrx_word' id='word_1_185' title='bbox 3724 1350 3793 1402; x_wconf 79' lang='grc' dir='ltr'><strong>’Δ</strong></span> 
     </span>
    </p>
   </div>
   <div class='ocr_carea' id='block_1_29' title="bbox 2199 1435 3789 1522">
    <p class='ocr_par' dir='ltr' id='par_1_29' title="bbox 2199 1435 3789 1522">
     <span class='ocr_line' id='line_1_29' title="bbox 2199 1435 3789 1522; baseline -0.008 -18"><span class='ocrx_word' id='word_1_186' title='bbox 2199 1449 2264 1522; x_wconf 63' lang='grc' dir='ltr'><strong>δὴ</strong></span> <span class='ocrx_word' id='word_1_187' title='bbox 2293 1449 2635 1521; x_wconf 80' lang='grc' dir='ltr'>σημαίνουσα</span> <span class='ocrx_word' id='word_1_188' title='bbox 2668 1449 2703 1518; x_wconf 75' lang='grc' dir='ltr'>ἡ</span> <span class='ocrx_word' id='word_1_189' title='bbox 2723 1444 3031 1520; x_wconf 76' lang='grc' dir='ltr'>προφητεία</span> <span class='ocrx_word' id='word_1_190' title='bbox 3055 1443 3218 1513; x_wconf 80' lang='grc' dir='ltr'>φησιν</span> <span class='ocrx_word' id='word_1_191' title='bbox 3240 1458 3254 1472; x_wconf 76' lang='grc'><strong>⁸</strong></span> <span class='ocrx_word' id='word_1_192' title='bbox 3291 1461 3308 1493; x_wconf 81' lang='grc' dir='ltr'><strong>ι</strong></span> <span class='ocrx_word' id='word_1_193' title='bbox 3337 1435 3506 1504; x_wconf 79' lang='grc' dir='ltr'>υὺτος</span> <span class='ocrx_word' id='word_1_194' title='bbox 3525 1442 3661 1510; x_wconf 83' lang='grc' dir='ltr'>ἐρεῖ,</span> <span class='ocrx_word' id='word_1_195' title='bbox 3683 1438 3789 1494; x_wconf 89' lang='grc' dir='ltr'><strong>Τοῦ</strong></span> 
     </span>
    </p>
   </div>
   <div class='ocr_carea' id='block_1_30' title="bbox 2210 1530 3788 1613">
    <p class='ocr_par' dir='ltr' id='par_1_30' title="bbox 2210 1530 3788 1613">
     <span class='ocr_line' id='line_1_30' title="bbox 2210 1530 3788 1613; baseline -0.009 -16"><span class='ocrx_word' id='word_1_196' title='bbox 2210 1541 2346 1597; x_wconf 82' lang='grc' dir='ltr'>Θεοῦ</span> <span class='ocrx_word' id='word_1_197' title='bbox 2367 1538 2506 1613; x_wconf 81' lang='grc' dir='ltr'>εἶμι,</span> <span class='ocrx_word' id='word_1_198' title='bbox 2534 1541 2631 1594; x_wconf 71' lang='grc' dir='ltr'>καὶ</span> <span class='ocrx_word' id='word_1_199' title='bbox 2651 1533 2805 1602; x_wconf 69' lang='grc' dir='ltr'>οὗτος</span> <span class='ocrx_word' id='word_1_200' title='bbox 2832 1537 3086 1609; x_wconf 81' lang='grc' dir='ltr'>βοήσεται</span> <span class='ocrx_word' id='word_1_201' title='bbox 3108 1534 3202 1586; x_wconf 76' lang='grc' dir='ltr'>ἐπὶ</span> <span class='ocrx_word' id='word_1_202' title='bbox 3225 1533 3303 1605; x_wconf 76' lang='grc' dir='ltr'><strong>τῷ</strong></span> <span class='ocrx_word' id='word_1_203' title='bbox 3319 1533 3542 1605; x_wconf 87' lang='grc' dir='ltr'>ὀνόματι</span> <span class='ocrx_word' id='word_1_204' title='bbox 3575 1530 3788 1595; x_wconf 75' lang='grc' dir='ltr'>Ἰακὼϐ,</span> 
     </span>
    </p>
   </div>
   <div class='ocr_carea' id='block_1_31' title="bbox 2200 1622 3791 1704">
    <p class='ocr_par' dir='ltr' id='par_1_31' title="bbox 2200 1622 3791 1704">
     <span class='ocr_line' id='line_1_31' title="bbox 2200 1622 3791 1704; baseline -0.008 -15"><span class='ocrx_word' id='word_1_205' title='bbox 2200 1635 2298 1688; x_wconf 70' lang='grc' dir='ltr'>καὶ</span> <span class='ocrx_word' id='word_1_206' title='bbox 2332 1633 2490 1697; x_wconf 76' lang='grc' dir='ltr'>ἄλλος</span> <span class='ocrx_word' id='word_1_207' title='bbox 2520 1631 2817 1704; x_wconf 57' lang='grc' dir='ltr'>ἐπιγράφει</span> <span class='ocrx_word' id='word_1_208' title='bbox 2849 1632 2915 1701; x_wconf 75' lang='grc' dir='ltr'><strong>τῇ</strong></span> <span class='ocrx_word' id='word_1_209' title='bbox 2946 1628 3090 1700; x_wconf 73' lang='grc' dir='ltr'>χειρὶ</span> <span class='ocrx_word' id='word_1_210' title='bbox 3115 1625 3307 1689; x_wconf 87' lang='grc' dir='ltr'>αὑτοῦ,</span> <span class='ocrx_word' id='word_1_211' title='bbox 3354 1624 3489 1679; x_wconf 86' lang='grc' dir='ltr'>Θεοῦ</span> <span class='ocrx_word' id='word_1_212' title='bbox 3530 1625 3666 1696; x_wconf 77' lang='grc' dir='ltr'>εἰμι,</span> <span class='ocrx_word' id='word_1_213' title='bbox 3695 1622 3791 1679; x_wconf 78' lang='grc' dir='ltr'>καὶ</span> 
     </span>
    </p>
   </div>
   <div class='ocr_carea' id='block_1_32' title="bbox 2201 1719 3458 1796">
    <p class='ocr_par' dir='ltr' id='par_1_32' title="bbox 2201 1719 3458 1796">
     <span class='ocr_line' id='line_1_32' title="bbox 2201 1719 3458 1796; baseline -0.008 -16"><span class='ocrx_word' id='word_1_214' title='bbox 2201 1726 2362 1790; x_wconf 75' lang='grc' dir='ltr'>ἄλλος</span> <span class='ocrx_word' id='word_1_215' title='bbox 2393 1726 2486 1779; x_wconf 75' lang='grc' dir='ltr'>ἐπὶ</span> <span class='ocrx_word' id='word_1_216' title='bbox 2512 1724 2590 1796; x_wconf 82' lang='grc' dir='ltr'>τῷ</span> <span class='ocrx_word' id='word_1_217' title='bbox 2618 1725 2844 1794; x_wconf 84' lang='grc' dir='ltr'>ὀνόματι</span> <span class='ocrx_word' id='word_1_218' title='bbox 2889 1720 3106 1794; x_wconf 83' lang='grc' dir='ltr'>Ἰσραὴλ</span> <span class='ocrx_word' id='word_1_219' title='bbox 3135 1719 3409 1791; x_wconf 82' lang='grc' dir='ltr'>βοήσεται.</span> <span class='ocrx_word' id='word_1_220' title='bbox 3438 1737 3458 1770; x_wconf 72' lang='grc' dir='ltr'><strong>ι</strong></span> 
     </span>
    </p>
   </div>
   <div class='ocr_carea' id='block_1_33' title="bbox 598 1808 2105 1897">
    <p class='ocr_par' dir='ltr' id='par_1_33' title="bbox 598 1825 2100 1897">
     <span class='ocr_line' id='line_1_33' title="bbox 598 1825 2100 1897; baseline -0.005 -13"><span class='ocrx_word' id='word_1_221' title='bbox 598 1827 763 1886; x_wconf 65' lang='lat' dir='ltr'><strong>Vsus.</strong></span> <span class='ocrx_word' id='word_1_222' title='bbox 796 1829 850 1893; x_wconf 86' lang='lat'><strong>6.</strong></span> <span class='ocrx_word' id='word_1_223' title='bbox 889 1830 946 1889; x_wconf 88' lang='lat'><strong>7.</strong></span> <span class='ocrx_word' id='word_1_224' title='bbox 973 1849 992 1882; x_wconf 79' lang='grc' dir='ltr'><strong>ι</strong></span> <span class='ocrx_word' id='word_1_225' title='bbox 1021 1831 1113 1886; x_wconf 88' lang='lat' dir='ltr'><strong>Sic</strong></span> <span class='ocrx_word' id='word_1_226' title='bbox 1137 1833 1212 1884; x_wconf 87' lang='lat' dir='ltr'><strong>ait</strong></span> <span class='ocrx_word' id='word_1_227' title='bbox 1241 1830 1406 1892; x_wconf 87' lang='lat' dir='ltr'><strong>Deus,</strong></span> <span class='ocrx_word' id='word_1_228' title='bbox 1441 1843 1534 1884; x_wconf 78' lang='lat' dir='ltr'><strong>rex</strong></span> <span class='ocrx_word' id='word_1_229' title='bbox 1560 1826 1742 1893; x_wconf 90' lang='lat' dir='ltr'><strong>Israel,</strong></span> <span class='ocrx_word' id='word_1_230' title='bbox 1767 1835 1822 1882; x_wconf 91' lang='lat' dir='ltr'><strong>et</strong></span> <span class='ocrx_word' id='word_1_231' title='bbox 1843 1825 1934 1897; x_wconf 92' lang='lat' dir='ltr'><strong>qui</strong></span> <span class='ocrx_word' id='word_1_232' title='bbox 1967 1825 2100 1878; x_wconf 82' lang='lat' dir='ltr'><strong>libe-</strong></span> 
     </span>
    </p>
   </div>
   <div class='ocr_carea' id='block_1_34' title="bbox 2206 1808 3791 1897">
    <p class='ocr_par' dir='ltr' id='par_1_34' title="bbox 2283 1808 3791 1886">
     <span class='ocr_line' id='line_1_34' title="bbox 2283 1808 3791 1886; baseline -0.006 -16"><span class='ocrx_word' id='word_1_233' title='bbox 2283 1837 2302 1870; x_wconf 77' lang='grc' dir='ltr'><strong>ι</strong></span> <span class='ocrx_word' id='word_1_234' title='bbox 2331 1817 2519 1882; x_wconf 77' lang='grc' dir='ltr'>Οὕτως</span> <span class='ocrx_word' id='word_1_235' title='bbox 2554 1817 2704 1886; x_wconf 84' lang='grc' dir='ltr'>λέγει</span> <span class='ocrx_word' id='word_1_236' title='bbox 2732 1817 2761 1869; x_wconf 86' lang='grc' dir='ltr'><strong>ό</strong></span> <span class='ocrx_word' id='word_1_237' title='bbox 2789 1814 2923 1878; x_wconf 88' lang='grc' dir='ltr'>Θεὸς</span> <span class='ocrx_word' id='word_1_238' title='bbox 2949 1815 2978 1868; x_wconf 93' lang='grc' dir='ltr'><strong>ό</strong></span> <span class='ocrx_word' id='word_1_239' title='bbox 3011 1810 3259 1883; x_wconf 81' lang='grc' dir='ltr'>βασιλεὺς</span> <span class='ocrx_word' id='word_1_240' title='bbox 3293 1809 3529 1882; x_wconf 82' lang='grc' dir='ltr'>Ἰσραὴλ,</span> <span class='ocrx_word' id='word_1_241' title='bbox 3558 1808 3653 1864; x_wconf 71' lang='grc' dir='ltr'>καὶ</span> <span class='ocrx_word' id='word_1_242' title='bbox 3693 1810 3791 1880; x_wconf 79' lang='grc' dir='ltr'><strong>ῥυ-</strong></span> 
     </span>
    </p>
   </div>
   <div class='ocr_carea' id='block_1_35' title="bbox 524 1919 2105 1994">
    <p class='ocr_par' dir='ltr' id='par_1_35' title="bbox 524 1919 2105 1994">
     <span class='ocr_line' id='line_1_35' title="bbox 524 1919 2105 1994; baseline -0.006 -15"><span class='ocrx_word' id='word_1_243' title='bbox 524 1923 670 1979; x_wconf 73' lang='lat' dir='ltr'><strong>tavit</strong></span> <span class='ocrx_word' id='word_1_244' title='bbox 689 1925 864 1994; x_wconf 87' lang='lat' dir='ltr'><strong>ipsum</strong></span> <span class='ocrx_word' id='word_1_245' title='bbox 897 1923 1156 1979; x_wconf 89' lang='lat' dir='ltr'><strong>Dominus</strong></span> <span class='ocrx_word' id='word_1_246' title='bbox 1197 1922 1438 1980; x_wconf 85' lang='lat' dir='ltr'><strong>Sabaoth</strong></span> <span class='ocrx_word' id='word_1_247' title='bbox 1473 1941 1488 1979; x_wconf 88' lang='lat'><strong>:</strong></span> <span class='ocrx_word' id='word_1_248' title='bbox 1518 1921 1629 1991; x_wconf 83' lang='lat' dir='ltr'><strong>Ego</strong></span> <span class='ocrx_word' id='word_1_249' title='bbox 1651 1919 1879 1989; x_wconf 89' lang='lat' dir='ltr'><strong>prinms,</strong></span> <span class='ocrx_word' id='word_1_250' title='bbox 1913 1926 1969 1973; x_wconf 87' lang='lat' dir='ltr'><strong>et</strong></span> <span class='ocrx_word' id='word_1_251' title='bbox 2003 1931 2105 1988; x_wconf 91' lang='lat' dir='ltr'><strong>ego</strong></span> 
     </span>
    </p>
   </div>
   <div class='ocr_carea' id='block_1_36' title="bbox 525 2009 2106 2086">
    <p class='ocr_par' dir='ltr' id='par_1_36' title="bbox 525 2009 2106 2086">
     <span class='ocr_line' id='line_1_36' title="bbox 525 2009 2106 2086; baseline -0.004 -16"><span class='ocrx_word' id='word_1_252' title='bbox 525 2025 653 2086; x_wconf 88' lang='lat' dir='ltr'><strong>post</strong></span> <span class='ocrx_word' id='word_1_253' title='bbox 678 2014 794 2072; x_wconf 72' lang='lat' dir='ltr'><strong>btsc</strong></span> <span class='ocrx_word' id='word_1_254' title='bbox 825 2030 841 2066; x_wconf 93' lang='lat'><strong>:</strong></span> <span class='ocrx_word' id='word_1_255' title='bbox 867 2025 1068 2085; x_wconf 66' lang='lat' dir='ltr'><strong>praeter</strong></span> <span class='ocrx_word' id='word_1_256' title='bbox 1096 2029 1183 2069; x_wconf 90' lang='lat' dir='ltr'><strong>me</strong></span> <span class='ocrx_word' id='word_1_257' title='bbox 1209 2029 1314 2068; x_wconf 91' lang='lat' dir='ltr'><strong>non</strong></span> <span class='ocrx_word' id='word_1_258' title='bbox 1337 2025 1422 2070; x_wconf 90' lang='lat' dir='ltr'><strong>est</strong></span> <span class='ocrx_word' id='word_1_259' title='bbox 1451 2015 1615 2070; x_wconf 87' lang='lat' dir='ltr'><strong>Deus.</strong></span> <span class='ocrx_word' id='word_1_260' title='bbox 1647 2010 1946 2080; x_wconf 81' lang='lat' dir='ltr'><strong>Quis&#39;sicut</strong></span> <span class='ocrx_word' id='word_1_261' title='bbox 1969 2009 2106 2080; x_wconf 78' lang='lat' dir='ltr'><strong>ego?</strong></span> 
     </span>
    </p>
   </div>
   <div class='ocr_carea' id='block_1_37' title="bbox 465 2104 2105 2177">
    <p class='ocr_par' dir='ltr' id='par_1_37' title="bbox 465 2104 2105 2177">
     <span class='ocr_line' id='line_1_37' title="bbox 465 2104 2105 2177; baseline -0.004 -14"><span class='ocrx_word' id='word_1_262' title='bbox 465 2113 467 2116; x_wconf 65' lang='lat'><em>‘</em></span> <span class='ocrx_word' id='word_1_263' title='bbox 527 2108 671 2171; x_wconf 85' lang='lat' dir='ltr'><strong>Stet,</strong></span> <span class='ocrx_word' id='word_1_264' title='bbox 703 2117 882 2171; x_wconf 83' lang='lat' dir='ltr'><strong>vocet,</strong></span> <span class='ocrx_word' id='word_1_265' title='bbox 935 2107 1223 2162; x_wconf 90' lang='lat' dir='ltr'><strong>annuntiet</strong></span> <span class='ocrx_word' id='word_1_266' title='bbox 1278 2116 1334 2161; x_wconf 91' lang='lat' dir='ltr'><strong>et</strong></span> <span class='ocrx_word' id='word_1_267' title='bbox 1378 2115 1648 2177; x_wconf 66' lang='lat' dir='ltr'><strong>praeparet</strong></span> <span class='ocrx_word' id='word_1_268' title='bbox 1695 2104 1825 2160; x_wconf 91' lang='lat' dir='ltr'><strong>mihi</strong></span> <span class='ocrx_word' id='word_1_269' title='bbox 1855 2118 1871 2156; x_wconf 91' lang='lat'><strong>:</strong></span> <span class='ocrx_word' id='word_1_270' title='bbox 1902 2121 1968 2160; x_wconf 76' lang='lat' dir='ltr'><strong>ex</strong></span> <span class='ocrx_word' id='word_1_271' title='bbox 1995 2117 2105 2174; x_wconf 90' lang='lat' dir='ltr'><strong>quo</strong></span> 
     </span>
    </p>
   </div>
   <div class='ocr_carea' id='block_1_38' title="bbox 527 2198 2102 2265">
    <p class='ocr_par' dir='ltr' id='par_1_38' title="bbox 527 2198 2102 2265">
     <span class='ocr_line' id='line_1_38' title="bbox 527 2198 2102 2265; baseline -0.003 -11"><span class='ocrx_word' id='word_1_272' title='bbox 527 2198 631 2256; x_wconf 79' lang='lat' dir='ltr'><strong>feci</strong></span> <span class='ocrx_word' id='word_1_273' title='bbox 664 2199 934 2255; x_wconf 87' lang='lat' dir='ltr'><strong>hominem</strong></span> <span class='ocrx_word' id='word_1_274' title='bbox 984 2199 1038 2254; x_wconf 92' lang='lat' dir='ltr'><strong>in</strong></span> <span class='ocrx_word' id='word_1_275' title='bbox 1073 2198 1328 2254; x_wconf 71' lang='lat' dir='ltr'><strong>smculum</strong></span> <span class='ocrx_word' id='word_1_276' title='bbox 1369 2211 1385 2253; x_wconf 88' lang='lat'>:</span> <span class='ocrx_word' id='word_1_277' title='bbox 1425 2207 1480 2252; x_wconf 89' lang='lat' dir='ltr'><strong>et</strong></span> <span class='ocrx_word' id='word_1_278' title='bbox 1513 2206 1761 2265; x_wconf 81' lang='lat' dir='ltr'><strong>ventura,</strong></span> <span class='ocrx_word' id='word_1_279' title='bbox 1811 2206 2102 2265; x_wconf 77' lang='lat' dir='ltr'><strong>antequam</strong></span> 
     </span>
    </p>
   </div>
   <div class='ocr_carea' id='block_1_39' title="bbox 525 2289 2106 2358">
    <p class='ocr_par' dir='ltr' id='par_1_39' title="bbox 525 2289 2106 2358">
     <span class='ocr_line' id='line_1_39' title="bbox 525 2289 2106 2358; baseline -0.003 -12"><span class='ocrx_word' id='word_1_280' title='bbox 525 2291 683 2358; x_wconf 79' lang='lat' dir='ltr'><strong>ﬂant,</strong></span> <span class='ocrx_word' id='word_1_281' title='bbox 736 2291 1060 2347; x_wconf 90' lang='lat' dir='ltr'><strong>annuntient</strong></span> <span class='ocrx_word' id='word_1_282' title='bbox 1107 2290 1285 2348; x_wconf 82' lang='lat' dir='ltr'><strong>vobis.</strong></span> <span class='ocrx_word' id='word_1_283' title='bbox 1319 2310 1338 2344; x_wconf 76' lang='grc' dir='ltr'><strong>ι</strong></span> <span class='ocrx_word' id='word_1_284' title='bbox 1381 2291 1538 2345; x_wconf 87' lang='lat' dir='ltr'><strong>Dicat</strong></span> <span class='ocrx_word' id='word_1_285' title='bbox 1587 2291 1735 2345; x_wconf 87' lang='lat' dir='ltr'><strong>enim</strong></span> <span class='ocrx_word' id='word_1_286' title='bbox 1768 2290 1816 2344; x_wconf 87' lang='lat' dir='ltr'><strong>si</strong></span> <span class='ocrx_word' id='word_1_287' title='bbox 1852 2289 1978 2358; x_wconf 86' lang='lat' dir='ltr'><strong>quis</strong></span> <span class='ocrx_word' id='word_1_288' title='bbox 2021 2295 2106 2344; x_wconf 90' lang='lat' dir='ltr'><strong>est</strong></span> 
     </span>
    </p>
   </div>
   <div class='ocr_carea' id='block_1_40' title="bbox 526 2377 2103 2453">
    <p class='ocr_par' dir='ltr' id='par_1_40' title="bbox 526 2377 2103 2453">
     <span class='ocr_line' id='line_1_40' title="bbox 526 2377 2103 2453; baseline -0.003 -16"><span class='ocrx_word' id='word_1_289' title='bbox 526 2381 696 2447; x_wconf 88' lang='lat' dir='ltr'><strong>Deus,</strong></span> <span class='ocrx_word' id='word_1_290' title='bbox 730 2381 872 2451; x_wconf 90' lang='lat' dir='ltr'><strong>quod</strong></span> <span class='ocrx_word' id='word_1_291' title='bbox 914 2391 1290 2453; x_wconf 92' lang='lat' dir='ltr'><strong>quantumque</strong></span> <span class='ocrx_word' id='word_1_292' title='bbox 1340 2395 1477 2450; x_wconf 86' lang='lat' dir='ltr'><strong>opus</strong></span> <span class='ocrx_word' id='word_1_293' title='bbox 1526 2395 1683 2435; x_wconf 81' lang='lat' dir='ltr'><strong>suum</strong></span> <span class='ocrx_word' id='word_1_294' title='bbox 1733 2379 1996 2434; x_wconf 77' lang='lat' dir='ltr'><strong>exhibeat</strong></span> <span class='ocrx_word' id='word_1_295' title='bbox 2050 2377 2103 2432; x_wconf 91' lang='lat' dir='ltr'><strong>in</strong></span> 
     </span>
    </p>
   </div>
   <div class='ocr_carea' id='block_1_41' title="bbox 525 2469 2102 2542">
    <p class='ocr_par' dir='ltr' id='par_1_41' title="bbox 525 2469 2102 2542">
     <span class='ocr_line' id='line_1_41' title="bbox 525 2469 2102 2542; baseline -0.003 -14"><span class='ocrx_word' id='word_1_296' title='bbox 525 2473 807 2528; x_wconf 76' lang='lat' dir='ltr'><strong>universo.</strong></span> <span class='ocrx_word' id='word_1_297' title='bbox 835 2471 966 2528; x_wconf 81' lang='lat' dir='ltr'><strong>Nam</strong></span> <span class='ocrx_word' id='word_1_298' title='bbox 987 2474 1032 2528; x_wconf 90' lang='lat' dir='ltr'><strong>si</strong></span> <span class='ocrx_word' id='word_1_299' title='bbox 1063 2488 1202 2528; x_wconf 90' lang='lat' dir='ltr'><strong>unus</strong></span> <span class='ocrx_word' id='word_1_300' title='bbox 1231 2481 1314 2528; x_wconf 87' lang='lat' dir='ltr'><strong>est</strong></span> <span class='ocrx_word' id='word_1_301' title='bbox 1338 2473 1596 2537; x_wconf 86' lang='lat' dir='ltr'><strong>mundus,</strong></span> <span class='ocrx_word' id='word_1_302' title='bbox 1615 2471 1837 2542; x_wconf 87' lang='lat' dir='ltr'><strong>ipseque</strong></span> <span class='ocrx_word' id='word_1_303' title='bbox 1859 2469 2102 2539; x_wconf 82' lang='lat' dir='ltr'><strong>ejusdem</strong></span> 
     </span>
    </p>
   </div>
   <div class='ocr_carea' id='block_1_42' title="bbox 529 2561 2104 2636">
    <p class='ocr_par' dir='ltr' id='par_1_42' title="bbox 529 2561 2104 2636">
     <span class='ocr_line' id='line_1_42' title="bbox 529 2561 2104 2636; baseline 0 -18"><span class='ocrx_word' id='word_1_304' title='bbox 529 2574 762 2629; x_wconf 72' lang='lat' dir='ltr'><strong>naturae,</strong></span> <span class='ocrx_word' id='word_1_305' title='bbox 793 2564 1009 2635; x_wconf 87' lang='lat' dir='ltr'><strong>sibique</strong></span> <span class='ocrx_word' id='word_1_306' title='bbox 1025 2579 1248 2635; x_wconf 87' lang='lat' dir='ltr'><strong>prorsus</strong></span> <span class='ocrx_word' id='word_1_307' title='bbox 1275 2564 1636 2636; x_wconf 67' lang='lat' dir='ltr'><strong>coniunctus;</strong></span> <span class='ocrx_word' id='word_1_308' title='bbox 1661 2580 1800 2619; x_wconf 89' lang='lat' dir='ltr'><strong>unus</strong></span> <span class='ocrx_word' id='word_1_309' title='bbox 1831 2577 1963 2618; x_wconf 88' lang='lat' dir='ltr'><strong>sane</strong></span> <span class='ocrx_word' id='word_1_310' title='bbox 1989 2561 2104 2632; x_wconf 83' lang='lat' dir='ltr'><strong>ejus</strong></span> 
     </span>
    </p>
   </div>
   <div class='ocr_carea' id='block_1_43' title="bbox 524 2653 2106 2725">
    <p class='ocr_par' dir='ltr' id='par_1_43' title="bbox 524 2653 2106 2725">
     <span class='ocr_line' id='line_1_43' title="bbox 524 2653 2106 2725; baseline -0.003 -15"><span class='ocrx_word' id='word_1_311' title='bbox 524 2655 708 2725; x_wconf 80' lang='lat' dir='ltr'><strong>opifex</strong></span> <span class='ocrx_word' id='word_1_312' title='bbox 736 2656 921 2712; x_wconf 79' lang='lat' dir='ltr'><strong>fuerit.</strong></span> <span class='ocrx_word' id='word_1_313' title='bbox 954 2654 1062 2712; x_wconf 89' lang='lat' dir='ltr'><strong>Sed</strong></span> <span class='ocrx_word' id='word_1_314' title='bbox 1087 2655 1176 2711; x_wconf 90' lang='lat' dir='ltr'><strong>hic</strong></span> <span class='ocrx_word' id='word_1_315' title='bbox 1205 2670 1270 2711; x_wconf 81' lang='lat' dir='ltr'><strong>ex</strong></span> <span class='ocrx_word' id='word_1_316' title='bbox 1302 2655 1676 2725; x_wconf 82' lang='lat' dir='ltr'><strong>magnitudine</strong></span> <span class='ocrx_word' id='word_1_317' title='bbox 1703 2665 1760 2709; x_wconf 88' lang='lat' dir='ltr'><strong>et</strong></span> <span class='ocrx_word' id='word_1_318' title='bbox 1806 2653 2106 2724; x_wconf 76' lang='lat' dir='ltr'><strong>pulchritu-</strong></span> 
     </span>
    </p>
   </div>
   <div class='ocr_carea' id='block_1_44' title="bbox 525 2746 2105 2818">
    <p class='ocr_par' dir='ltr' id='par_1_44' title="bbox 525 2746 2105 2818">
     <span class='ocr_line' id='line_1_44' title="bbox 525 2746 2105 2818; baseline -0.001 -16"><span class='ocrx_word' id='word_1_319' title='bbox 525 2747 656 2803; x_wconf 85' lang='lat' dir='ltr'><strong>dine</strong></span> <span class='ocrx_word' id='word_1_320' title='bbox 687 2756 1083 2810; x_wconf 85' lang='lat' dir='ltr'><strong>ereaturarum,</strong></span> <span class='ocrx_word' id='word_1_321' title='bbox 1115 2757 1302 2818; x_wconf 86' lang='lat' dir='ltr'><strong>utpote</strong></span> <span class='ocrx_word' id='word_1_322' title='bbox 1357 2747 1598 2802; x_wconf 85' lang='lat' dir='ltr'><strong>universi</strong></span> <span class='ocrx_word' id='word_1_323' title='bbox 1657 2746 1930 2813; x_wconf 89' lang='lat' dir='ltr'><strong>conditor,</strong></span> <span class='ocrx_word' id='word_1_324' title='bbox 1977 2760 2105 2800; x_wconf 92' lang='lat' dir='ltr'><strong>con-</strong></span> 
     </span>
    </p>
   </div>
   <div class='ocr_carea' id='block_1_45' title="bbox 525 2838 2104 2910">
    <p class='ocr_par' dir='ltr' id='par_1_45' title="bbox 525 2838 2104 2910">
     <span class='ocr_line' id='line_1_45' title="bbox 525 2838 2104 2910; baseline -0.003 -14"><span class='ocrx_word' id='word_1_325' title='bbox 525 2841 778 2910; x_wconf 85' lang='lat' dir='ltr'><strong>spicitur.</strong></span> <span class='ocrx_word' id='word_1_326' title='bbox 819 2840 974 2908; x_wconf 84' lang='lat' dir='ltr'><strong>Quod</strong></span> <span class='ocrx_word' id='word_1_327' title='bbox 1011 2840 1056 2896; x_wconf 94' lang='lat' dir='ltr'><strong>si</strong></span> <span class='ocrx_word' id='word_1_328' title='bbox 1105 2840 1228 2910; x_wconf 84' lang='lat' dir='ltr'><strong>quis</strong></span> <span class='ocrx_word' id='word_1_329' title='bbox 1261 2838 1425 2894; x_wconf 90' lang='lat' dir='ltr'><strong>alium</strong></span> <span class='ocrx_word' id='word_1_330' title='bbox 1474 2839 1723 2904; x_wconf 87' lang='lat' dir='ltr'><strong>inducat,</strong></span> <span class='ocrx_word' id='word_1_331' title='bbox 1752 2839 1918 2893; x_wconf 90' lang='lat' dir='ltr'><strong>alium</strong></span> <span class='ocrx_word' id='word_1_332' title='bbox 1974 2839 2104 2894; x_wconf 89' lang='lat' dir='ltr'><strong>item</strong></span> 
     </span>
    </p>
   </div>
   <div class='ocr_carea' id='block_1_46' title="bbox 529 2929 2106 3008">
    <p class='ocr_par' dir='ltr' id='par_1_46' title="bbox 529 2929 2106 3008">
     <span class='ocr_line' id='line_1_46' title="bbox 529 2929 2106 3008; baseline -0.003 -17"><span class='ocrx_word' id='word_1_333' title='bbox 529 2934 664 3008; x_wconf 69' lang='lat' dir='ltr'><strong>huic</strong></span> <span class='ocrx_word' id='word_1_334' title='bbox 690 2933 924 2989; x_wconf 89' lang='lat' dir='ltr'><strong>similem</strong></span> <span class='ocrx_word' id='word_1_335' title='bbox 957 2933 1213 2989; x_wconf 87' lang='lat' dir='ltr'><strong>mundum</strong></span> <span class='ocrx_word' id='word_1_336' title='bbox 1244 2929 1531 2999; x_wconf 80' lang='lat' dir='ltr'><strong>ostendat;</strong></span> <span class='ocrx_word' id='word_1_337' title='bbox 1561 2942 1619 2986; x_wconf 91' lang='lat' dir='ltr'><strong>at</strong></span> <span class='ocrx_word' id='word_1_338' title='bbox 1670 2946 1778 2987; x_wconf 86' lang='lat' dir='ltr'><strong>non</strong></span> <span class='ocrx_word' id='word_1_339' title='bbox 1824 2941 1912 2986; x_wconf 90' lang='lat' dir='ltr'><strong>est</strong></span> <span class='ocrx_word' id='word_1_340' title='bbox 1967 2930 2106 2986; x_wconf 88' lang='lat' dir='ltr'><strong>alius</strong></span> 
     </span>
    </p>
   </div>
   <div class='ocr_carea' id='block_1_47' title="bbox 529 3024 2108 3095">
    <p class='ocr_par' dir='ltr' id='par_1_47' title="bbox 529 3024 2108 3095">
     <span class='ocr_line' id='line_1_47' title="bbox 529 3024 2108 3095; baseline -0.002 -15"><span class='ocrx_word' id='word_1_341' title='bbox 529 3024 788 3090; x_wconf 88' lang='lat' dir='ltr'><strong>mundus,</strong></span> <span class='ocrx_word' id='word_1_342' title='bbox 841 3033 1038 3095; x_wconf 60' lang='lat' dir='ltr'><strong>prater</strong></span> <span class='ocrx_word' id='word_1_343' title='bbox 1090 3037 1248 3090; x_wconf 92' lang='lat' dir='ltr'><strong>eum,</strong></span> <span class='ocrx_word' id='word_1_344' title='bbox 1299 3039 1462 3095; x_wconf 89' lang='lat' dir='ltr'><strong>quem</strong></span> <span class='ocrx_word' id='word_1_345' title='bbox 1530 3024 1896 3094; x_wconf 83' lang='lat' dir='ltr'><strong>conspicimus</strong></span> <span class='ocrx_word' id='word_1_346' title='bbox 1927 3039 1944 3078; x_wconf 88' lang='lat'><strong>:</strong></span> <span class='ocrx_word' id='word_1_347' title='bbox 1973 3037 2108 3094; x_wconf 89' lang='lat' dir='ltr'><strong>ergo</strong></span> 
     </span>
    </p>
   </div>
   <div class='ocr_carea' id='block_1_48' title="bbox 530 3115 2172 3215">
    <p class='ocr_par' dir='ltr' id='par_1_48' title="bbox 530 3115 2172 3215">
     <span class='ocr_line' id='line_1_48' title="bbox 530 3115 2172 3215; baseline -0.001 -44"><span class='ocrx_word' id='word_1_348' title='bbox 530 3131 635 3172; x_wconf 90' lang='lat' dir='ltr'><strong>nec</strong></span> <span class='ocrx_word' id='word_1_349' title='bbox 667 3116 808 3172; x_wconf 91' lang='lat' dir='ltr'><strong>alius</strong></span> <span class='ocrx_word' id='word_1_350' title='bbox 857 3117 1000 3172; x_wconf 89' lang='lat' dir='ltr'><strong>Deus</strong></span> <span class='ocrx_word' id='word_1_351' title='bbox 1039 3127 1143 3171; x_wconf 89' lang='lat' dir='ltr'><strong>est.</strong></span> <span class='ocrx_word' id='word_1_352' title='bbox 1179 3115 1236 3172; x_wconf 93' lang='lat' dir='ltr'><strong>Si</strong></span> <span class='ocrx_word' id='word_1_353' title='bbox 1289 3117 1414 3187; x_wconf 91' lang='lat' dir='ltr'><strong>quis</strong></span> <span class='ocrx_word' id='word_1_354' title='bbox 1450 3131 1582 3172; x_wconf 83' lang='lat' dir='ltr'><strong>vero</strong></span> <span class='ocrx_word' id='word_1_355' title='bbox 1611 3116 1704 3180; x_wconf 90' lang='lat' dir='ltr'><strong>sit,</strong></span> <span class='ocrx_word' id='word_1_356' title='bbox 1733 3136 1752 3168; x_wconf 73' lang='grc' dir='ltr'><strong>ι</strong></span> <span class='ocrx_word' id='word_1_357' title='bbox 1779 3115 1921 3181; x_wconf 90' lang='lat' dir='ltr'><strong>Stet,</strong></span> <span class='ocrx_word' id='word_1_358' title='bbox 1947 3135 1968 3170; x_wconf 71' lang='grc' dir='ltr'><strong>ι</strong></span> <span class='ocrx_word' id='word_1_359' title='bbox 2020 3116 2103 3170; x_wconf 83' lang='grc' dir='ltr'><strong>ἰη-</strong></span> <span class='ocrx_word' id='word_1_360' title='bbox 2129 3157 2172 3215; x_wconf 73' lang='lat' dir='ltr'>C</span> 
     </span>
    </p>
   </div>
   <div class='ocr_carea' id='block_1_49' title="bbox 530 3206 2099 3278">
    <p class='ocr_par' dir='ltr' id='par_1_49' title="bbox 530 3206 2099 3278">
     <span class='ocr_line' id='line_1_49' title="bbox 530 3206 2099 3278; baseline -0.001 -17"><span class='ocrx_word' id='word_1_361' title='bbox 530 3208 671 3278; x_wconf 80' lang='lat' dir='ltr'><strong>quit,</strong></span> <span class='ocrx_word' id='word_1_362' title='bbox 707 3208 980 3277; x_wconf 85' lang='lat' dir='ltr'><strong>primum;</strong></span> <span class='ocrx_word' id='word_1_363' title='bbox 1009 3206 1061 3262; x_wconf 89' lang='lat' dir='ltr'><strong>id</strong></span> <span class='ocrx_word' id='word_1_364' title='bbox 1101 3221 1187 3264; x_wconf 89' lang='lat' dir='ltr'><strong>est</strong></span> <span class='ocrx_word' id='word_1_365' title='bbox 1213 3207 1592 3264; x_wconf 76' lang='lat' dir='ltr'><strong>exsistentiam</strong></span> <span class='ocrx_word' id='word_1_366' title='bbox 1644 3207 1899 3263; x_wconf 83' lang='lat' dir='ltr'><strong>ostendat</strong></span> <span class='ocrx_word' id='word_1_367' title='bbox 1924 3222 2099 3272; x_wconf 82' lang='lat' dir='ltr'><strong>suam,</strong></span> 
     </span>
    </p>
   </div>
   <div class='ocr_carea' id='block_1_50' title="bbox 527 3290 2106 3371">
    <p class='ocr_par' dir='ltr' id='par_1_50' title="bbox 527 3290 2106 3371">
     <span class='ocr_line' id='line_1_50' title="bbox 527 3290 2106 3371; baseline -0.004 -17"><span class='ocrx_word' id='word_1_368' title='bbox 527 3300 745 3371; x_wconf 82' lang='lat' dir='ltr'><strong>etquod</strong></span> <span class='ocrx_word' id='word_1_369' title='bbox 781 3299 834 3354; x_wconf 91' lang='lat' dir='ltr'><strong>in</strong></span> <span class='ocrx_word' id='word_1_370' title='bbox 866 3290 1170 3354; x_wconf 85' lang='lat' dir='ltr'><strong>substantia</strong></span> <span class='ocrx_word' id='word_1_371' title='bbox 1222 3299 1506 3364; x_wconf 86' lang='lat' dir='ltr'><strong>subsistat,</strong></span> <span class='ocrx_word' id='word_1_372' title='bbox 1537 3297 1788 3368; x_wconf 87' lang='lat' dir='ltr'><strong>quodque</strong></span> <span class='ocrx_word' id='word_1_373' title='bbox 1815 3297 1870 3350; x_wconf 90' lang='lat' dir='ltr'><strong>in</strong></span> <span class='ocrx_word' id='word_1_374' title='bbox 1900 3311 1962 3352; x_wconf 92' lang='lat' dir='ltr'><strong>se</strong></span> <span class='ocrx_word' id='word_1_375' title='bbox 1991 3311 2106 3349; x_wconf 86' lang='lat' dir='ltr'><strong>ma-</strong></span> 
     </span>
    </p>
   </div>
   <div class='ocr_carea' id='block_1_51' title="bbox 529 3387 2103 3446">
    <p class='ocr_par' dir='ltr' id='par_1_51' title="bbox 529 3387 2103 3446">
     <span class='ocr_line' id='line_1_51' title="bbox 529 3387 2103 3446; baseline -0.003 -1"><span class='ocrx_word' id='word_1_376' title='bbox 529 3399 660 3446; x_wconf 90' lang='lat' dir='ltr'><strong>neat</strong></span> <span class='ocrx_word' id='word_1_377' title='bbox 696 3399 753 3446; x_wconf 89' lang='lat' dir='ltr'><strong>et</strong></span> <span class='ocrx_word' id='word_1_378' title='bbox 785 3399 889 3446; x_wconf 91' lang='lat' dir='ltr'><strong>stet</strong></span> <span class='ocrx_word' id='word_1_379' title='bbox 919 3407 934 3445; x_wconf 91' lang='lat'><strong>:</strong></span> <span class='ocrx_word' id='word_1_380' title='bbox 961 3389 1157 3446; x_wconf 86' lang='lat' dir='ltr'><strong>deinde</strong></span> <span class='ocrx_word' id='word_1_381' title='bbox 1205 3405 1390 3445; x_wconf 89' lang='lat' dir='ltr'><strong>vocem</strong></span> <span class='ocrx_word' id='word_1_382' title='bbox 1440 3390 1695 3446; x_wconf 89' lang='lat' dir='ltr'><strong>emittens</strong></span> <span class='ocrx_word' id='word_1_383' title='bbox 1726 3387 2103 3442; x_wconf 83' lang='lat' dir='ltr'><strong>rationabilem</strong></span> 
     </span>
    </p>
   </div>
   <div class='ocr_carea' id='block_1_52' title="bbox 528 3479 2102 3554">
    <p class='ocr_par' dir='ltr' id='par_1_52' title="bbox 528 3479 2102 3554">
     <span class='ocr_line' id='line_1_52' title="bbox 528 3479 2102 3554; baseline -0.004 -16"><span class='ocrx_word' id='word_1_384' title='bbox 528 3499 596 3539; x_wconf 91' lang='lat' dir='ltr'><strong>ae</strong></span> <span class='ocrx_word' id='word_1_385' title='bbox 636 3485 746 3540; x_wconf 85' lang='lat' dir='ltr'><strong>Deo</strong></span> <span class='ocrx_word' id='word_1_386' title='bbox 787 3483 1033 3554; x_wconf 82' lang='lat' dir='ltr'><strong>dignam,</strong></span> <span class='ocrx_word' id='word_1_387' title='bbox 1082 3483 1394 3550; x_wconf 89' lang='lat' dir='ltr'><strong>annuntiet,</strong></span> <span class='ocrx_word' id='word_1_388' title='bbox 1423 3498 1544 3552; x_wconf 69' lang='lat' dir='ltr'><strong>quae</strong></span> <span class='ocrx_word' id='word_1_389' title='bbox 1595 3490 1780 3552; x_wconf 72' lang='lat' dir='ltr'><strong>postea</strong></span> <span class='ocrx_word' id='word_1_390' title='bbox 1836 3480 2012 3534; x_wconf 83' lang='lat' dir='ltr'><strong>futura</strong></span> <span class='ocrx_word' id='word_1_391' title='bbox 2051 3479 2102 3533; x_wconf 92' lang='lat' dir='ltr'><strong>iu</strong></span> 
     </span>
    </p>
   </div>
   <div class='ocr_carea' id='block_1_53' title="bbox 533 3571 2106 3644">
    <p class='ocr_par' dir='ltr' id='par_1_53' title="bbox 533 3571 2106 3644">
     <span class='ocr_line' id='line_1_53' title="bbox 533 3571 2106 3644; baseline -0.005 -14"><span class='ocrx_word' id='word_1_392' title='bbox 533 3574 738 3630; x_wconf 87' lang='lat' dir='ltr'><strong>mundo</strong></span> <span class='ocrx_word' id='word_1_393' title='bbox 788 3575 932 3641; x_wconf 85' lang='lat' dir='ltr'><strong>sint;</strong></span> <span class='ocrx_word' id='word_1_394' title='bbox 964 3583 1062 3629; x_wconf 88' lang='lat' dir='ltr'><strong>aut</strong></span> <span class='ocrx_word' id='word_1_395' title='bbox 1103 3589 1222 3644; x_wconf 75' lang='lat' dir='ltr'><strong>qua:</strong></span> <span class='ocrx_word' id='word_1_396' title='bbox 1247 3574 1378 3629; x_wconf 91' lang='lat' dir='ltr'><strong>olim</strong></span> <span class='ocrx_word' id='word_1_397' title='bbox 1409 3583 1464 3629; x_wconf 92' lang='lat' dir='ltr'><strong>et</strong></span> <span class='ocrx_word' id='word_1_398' title='bbox 1494 3589 1526 3627; x_wconf 89' lang='lat' dir='ltr'><strong>a</strong></span> <span class='ocrx_word' id='word_1_399' title='bbox 1567 3573 1830 3643; x_wconf 90' lang='lat' dir='ltr'><strong>principio</strong></span> <span class='ocrx_word' id='word_1_400' title='bbox 1869 3571 2106 3642; x_wconf 84' lang='lat' dir='ltr'><strong>contige-</strong></span> 
     </span>
    </p>
   </div>
   <div class='ocr_carea' id='block_1_54' title="bbox 529 3660 2104 3735">
    <p class='ocr_par' dir='ltr' id='par_1_54' title="bbox 529 3660 2104 3735">
     <span class='ocr_line' id='line_1_54' title="bbox 529 3660 2104 3735; baseline -0.004 -15"><span class='ocrx_word' id='word_1_401' title='bbox 529 3674 679 3730; x_wconf 87' lang='lat' dir='ltr'><strong>runt,</strong></span> <span class='ocrx_word' id='word_1_402' title='bbox 727 3679 797 3721; x_wconf 80' lang='lat' dir='ltr'><strong>ex</strong></span> <span class='ocrx_word' id='word_1_403' title='bbox 846 3679 956 3735; x_wconf 89' lang='lat' dir='ltr'><strong>quo</strong></span> <span class='ocrx_word' id='word_1_404' title='bbox 1015 3663 1292 3719; x_wconf 89' lang='lat' dir='ltr'><strong>hominem</strong></span> <span class='ocrx_word' id='word_1_405' title='bbox 1351 3664 1408 3718; x_wconf 88' lang='lat' dir='ltr'><strong>in</strong></span> <span class='ocrx_word' id='word_1_406' title='bbox 1453 3671 1598 3718; x_wconf 87' lang='lat' dir='ltr'><strong>terra</strong></span> <span class='ocrx_word' id='word_1_407' title='bbox 1631 3662 1810 3732; x_wconf 88' lang='lat' dir='ltr'><strong>posui,</strong></span> <span class='ocrx_word' id='word_1_408' title='bbox 1836 3675 2007 3730; x_wconf 82' lang='lat' dir='ltr'><strong>usque</strong></span> <span class='ocrx_word' id='word_1_409' title='bbox 2038 3660 2104 3714; x_wconf 89' lang='lat' dir='ltr'><strong>ad</strong></span> 
     </span>
    </p>
   </div>
   <div class='ocr_carea' id='block_1_55' title="bbox 531 3753 2106 3824">
    <p class='ocr_par' dir='ltr' id='par_1_55' title="bbox 531 3753 2106 3824">
     <span class='ocr_line' id='line_1_55' title="bbox 531 3753 2106 3824; baseline -0.003 -14"><span class='ocrx_word' id='word_1_410' title='bbox 531 3769 770 3824; x_wconf 76' lang='lat' dir='ltr'><strong>praesens</strong></span> <span class='ocrx_word' id='word_1_411' title='bbox 829 3765 1063 3824; x_wconf 87' lang='lat' dir='ltr'><strong>tempus.</strong></span> <span class='ocrx_word' id='word_1_412' title='bbox 1134 3753 1272 3809; x_wconf 82' lang='lat' dir='ltr'><strong>Hinc</strong></span> <span class='ocrx_word' id='word_1_413' title='bbox 1315 3753 1461 3809; x_wconf 90' lang='lat' dir='ltr'><strong>enim</strong></span> <span class='ocrx_word' id='word_1_414' title='bbox 1547 3767 1922 3824; x_wconf 89' lang='lat' dir='ltr'><strong>agnoseemus,</strong></span> <span class='ocrx_word' id='word_1_415' title='bbox 1982 3766 2106 3806; x_wconf 83' lang='lat' dir='ltr'><strong>eum</strong></span> 
     </span>
    </p>
   </div>
   <div class='ocr_carea' id='block_1_56' title="bbox 530 3845 1310 3903">
    <p class='ocr_par' dir='ltr' id='par_1_56' title="bbox 530 3845 1310 3903">
     <span class='ocr_line' id='line_1_56' title="bbox 530 3845 1310 3903; baseline -0.003 -2"><span class='ocrx_word' id='word_1_416' title='bbox 530 3846 720 3903; x_wconf 69' lang='lat' dir='ltr'><strong>istbaee</strong></span> <span class='ocrx_word' id='word_1_417' title='bbox 749 3847 916 3901; x_wconf 79' lang='lat' dir='ltr'><strong>verbo</strong></span> <span class='ocrx_word' id='word_1_418' title='bbox 940 3845 1310 3900; x_wconf 85' lang='lat' dir='ltr'><strong>constituisse.</strong></span> 
     </span>
    </p>
   </div>
   <div class='ocr_carea' id='block_1_57' title="bbox 599 3932 2108 4001">
    <p class='ocr_par' dir='ltr' id='par_1_57' title="bbox 599 3932 2108 4001">
     <span class='ocr_line' id='line_1_57' title="bbox 599 3932 2108 4001; baseline -0.005 -9"><span class='ocrx_word' id='word_1_419' title='bbox 599 3937 766 3995; x_wconf 74' lang='lat' dir='ltr'><strong>Vm.</strong></span> <span class='ocrx_word' id='word_1_420' title='bbox 797 3935 946 3993; x_wconf 65' lang='lat'><strong>840.</strong></span> <span class='ocrx_word' id='word_1_421' title='bbox 990 3953 1008 3986; x_wconf 80' lang='grc' dir='ltr'><strong>ι</strong></span> <span class='ocrx_word' id='word_1_422' title='bbox 1031 3934 1207 3990; x_wconf 88' lang='lat' dir='ltr'><strong>Nolite</strong></span> <span class='ocrx_word' id='word_1_423' title='bbox 1233 3933 1518 4001; x_wconf 88' lang='lat' dir='ltr'><strong>abscondi,</strong></span> <span class='ocrx_word' id='word_1_424' title='bbox 1565 3932 1730 3988; x_wconf 89' lang='lat' dir='ltr'><strong>nolite</strong></span> <span class='ocrx_word' id='word_1_425' title='bbox 1757 3947 1968 3988; x_wconf 86' lang='lat' dir='ltr'><strong>errare.</strong></span> <span class='ocrx_word' id='word_1_426' title='bbox 1995 3932 2108 3987; x_wconf 82' lang='lat' dir='ltr'><strong>An-</strong></span> 
     </span>
    </p>
   </div>
   <div class='ocr_carea' id='block_1_58' title="bbox 527 4021 2106 4091">
    <p class='ocr_par' dir='ltr' id='par_1_58' title="bbox 527 4021 2106 4091">
     <span class='ocr_line' id='line_1_58' title="bbox 527 4021 2106 4091; baseline -0.004 -8"><span class='ocrx_word' id='word_1_427' title='bbox 527 4041 636 4083; x_wconf 89' lang='lat' dir='ltr'><strong>non</strong></span> <span class='ocrx_word' id='word_1_428' title='bbox 667 4027 736 4082; x_wconf 89' lang='lat' dir='ltr'><strong>ab</strong></span> <span class='ocrx_word' id='word_1_429' title='bbox 781 4027 935 4082; x_wconf 90' lang='lat' dir='ltr'><strong>initio</strong></span> <span class='ocrx_word' id='word_1_430' title='bbox 965 4027 1297 4091; x_wconf 87' lang='lat' dir='ltr'><strong>attendistis,</strong></span> <span class='ocrx_word' id='word_1_431' title='bbox 1332 4035 1387 4082; x_wconf 91' lang='lat' dir='ltr'><strong>et</strong></span> <span class='ocrx_word' id='word_1_432' title='bbox 1419 4023 1738 4080; x_wconf 83' lang='lat' dir='ltr'><strong>annuntiavi</strong></span> <span class='ocrx_word' id='word_1_433' title='bbox 1792 4022 1986 4078; x_wconf 80' lang='lat' dir='ltr'><strong>vobis?</strong></span> <span class='ocrx_word' id='word_1_434' title='bbox 2011 4021 2106 4077; x_wconf 88' lang='lat' dir='ltr'><strong>Te-</strong></span> 
     </span>
    </p>
   </div>
   <div class='ocr_carea' id='block_1_59' title="bbox 525 4115 2105 4189">
    <p class='ocr_par' dir='ltr' id='par_1_59' title="bbox 525 4115 2105 4189">
     <span class='ocr_line' id='line_1_59' title="bbox 525 4115 2105 4189; baseline -0.004 -15"><span class='ocrx_word' id='word_1_435' title='bbox 525 4130 641 4174; x_wconf 77' lang='lat' dir='ltr'><strong>ates</strong></span> <span class='ocrx_word' id='word_1_436' title='bbox 678 4133 776 4174; x_wconf 81' lang='lat' dir='ltr'><strong>vos</strong></span> <span class='ocrx_word' id='word_1_437' title='bbox 801 4119 957 4183; x_wconf 87' lang='lat' dir='ltr'><strong>estis,</strong></span> <span class='ocrx_word' id='word_1_438' title='bbox 990 4133 1120 4172; x_wconf 87' lang='lat' dir='ltr'><strong>num</strong></span> <span class='ocrx_word' id='word_1_439' title='bbox 1149 4119 1221 4173; x_wconf 87' lang='lat' dir='ltr'><strong>sit</strong></span> <span class='ocrx_word' id='word_1_440' title='bbox 1245 4119 1386 4175; x_wconf 86' lang='lat' dir='ltr'><strong>Deus</strong></span> <span class='ocrx_word' id='word_1_441' title='bbox 1411 4126 1608 4189; x_wconf 63' lang='lat' dir='ltr'><strong>praeter</strong></span> <span class='ocrx_word' id='word_1_442' title='bbox 1625 4131 1730 4170; x_wconf 90' lang='lat' dir='ltr'><strong>me.</strong></span> <span class='ocrx_word' id='word_1_443' title='bbox 1754 4115 1820 4170; x_wconf 83' lang='lat' dir='ltr'><strong>Et</strong></span> <span class='ocrx_word' id='word_1_444' title='bbox 1843 4124 1970 4171; x_wconf 92' lang='lat' dir='ltr'><strong>tunc</strong></span> <span class='ocrx_word' id='word_1_445' title='bbox 1999 4129 2105 4170; x_wconf 92' lang='lat' dir='ltr'><strong>non</strong></span> 
     </span>
    </p>
   </div>
   <div class='ocr_carea' id='block_1_60' title="bbox 527 4200 2104 4280">
    <p class='ocr_par' dir='ltr' id='par_1_60' title="bbox 527 4200 2104 4280">
     <span class='ocr_line' id='line_1_60' title="bbox 527 4200 2104 4280; baseline -0.002 -18"><span class='ocrx_word' id='word_1_446' title='bbox 527 4207 821 4263; x_wconf 84' lang='lat' dir='ltr'><strong>audierunt</strong></span> <span class='ocrx_word' id='word_1_447' title='bbox 867 4209 960 4280; x_wconf 92' lang='lat' dir='ltr'><strong>qui</strong></span> <span class='ocrx_word' id='word_1_448' title='bbox 1021 4209 1232 4278; x_wconf 82' lang='lat' dir='ltr'><strong>lingunt</strong></span> <span class='ocrx_word' id='word_1_449' title='bbox 1277 4219 1333 4264; x_wconf 88' lang='lat' dir='ltr'><strong>et</strong></span> <span class='ocrx_word' id='word_1_450' title='bbox 1381 4207 1681 4279; x_wconf 88' lang='lat' dir='ltr'><strong>sculpunt:</strong></span> <span class='ocrx_word' id='word_1_451' title='bbox 1721 4222 1912 4264; x_wconf 91' lang='lat' dir='ltr'><strong>omnes</strong></span> <span class='ocrx_word' id='word_1_452' title='bbox 1959 4200 2104 4268; x_wconf 81' lang='lat' dir='ltr'><strong>vani,</strong></span> 
     </span>
    </p>
   </div>
   <div class='ocr_carea' id='block_1_61' title="bbox 525 4297 2103 4373">
    <p class='ocr_par' dir='ltr' id='par_1_61' title="bbox 525 4297 2103 4373">
     <span class='ocr_line' id='line_1_61' title="bbox 525 4297 2103 4373; baseline -0.002 -19"><span class='ocrx_word' id='word_1_453' title='bbox 525 4301 621 4373; x_wconf 63' lang='lat' dir='ltr'><strong>Qui</strong></span> <span class='ocrx_word' id='word_1_454' title='bbox 652 4298 877 4357; x_wconf 68' lang='lat' dir='ltr'><strong>faciunt</strong></span> <span class='ocrx_word' id='word_1_455' title='bbox 920 4302 1190 4358; x_wconf 83' lang='lat' dir='ltr'><strong>desideria</strong></span> <span class='ocrx_word' id='word_1_456' title='bbox 1235 4317 1357 4366; x_wconf 85' lang='lat' dir='ltr'><strong>sua,</strong></span> <span class='ocrx_word' id='word_1_457' title='bbox 1385 4315 1507 4372; x_wconf 64' lang='lat' dir='ltr'><strong>quae</strong></span> <span class='ocrx_word' id='word_1_458' title='bbox 1537 4315 1641 4356; x_wconf 89' lang='lat' dir='ltr'><strong>non</strong></span> <span class='ocrx_word' id='word_1_459' title='bbox 1671 4300 1972 4372; x_wconf 86' lang='lat' dir='ltr'><strong>proderunt</strong></span> <span class='ocrx_word' id='word_1_460' title='bbox 2000 4297 2103 4353; x_wconf 85' lang='lat' dir='ltr'><strong>eis.</strong></span> 
     </span>
    </p>
   </div>
   <div class='ocr_carea' id='block_1_62' title="bbox 527 4389 2104 4464">
    <p class='ocr_par' dir='ltr' id='par_1_62' title="bbox 527 4389 2104 4464">
     <span class='ocr_line' id='line_1_62' title="bbox 527 4389 2104 4464; baseline -0.004 -15"><span class='ocrx_word' id='word_1_461' title='bbox 527 4393 638 4450; x_wconf 84' lang='lat' dir='ltr'><strong>Sed</strong></span> <span class='ocrx_word' id='word_1_462' title='bbox 659 4392 1060 4449; x_wconf 78' lang='lat' dir='ltr'><strong>confundentur</strong></span> <span class='ocrx_word' id='word_1_463' title='bbox 1083 4393 1177 4462; x_wconf 89' lang='lat' dir='ltr'><strong>qui</strong></span> <span class='ocrx_word' id='word_1_464' title='bbox 1230 4393 1398 4448; x_wconf 87' lang='lat' dir='ltr'><strong>Deum</strong></span> <span class='ocrx_word' id='word_1_465' title='bbox 1442 4390 1726 4464; x_wconf 85' lang='lat' dir='ltr'><strong>elIingunt,</strong></span> <span class='ocrx_word' id='word_1_466' title='bbox 1767 4401 1823 4447; x_wconf 89' lang='lat' dir='ltr'><strong>et</strong></span> <span class='ocrx_word' id='word_1_467' title='bbox 1849 4389 2104 4460; x_wconf 86' lang='lat' dir='ltr'><strong>seulpunt</strong></span> 
     </span>
    </p>
   </div>
   <div class='ocr_carea' id='block_1_63' title="bbox 2209 1899 3792 1984">
    <p class='ocr_par' dir='ltr' id='par_1_63' title="bbox 2209 1899 3792 1984">
     <span class='ocr_line' id='line_1_63' title="bbox 2209 1899 3792 1984; baseline -0.008 -18"><span class='ocrx_word' id='word_1_468' title='bbox 2209 1913 2440 1984; x_wconf 87' lang='grc' dir='ltr'>σάμενος</span> <span class='ocrx_word' id='word_1_469' title='bbox 2460 1910 2622 1964; x_wconf 85' lang='grc' dir='ltr'>αὑτὸν</span> <span class='ocrx_word' id='word_1_470' title='bbox 2647 1908 2781 1972; x_wconf 83' lang='grc' dir='ltr'><strong>Θεὸς</strong></span> <span class='ocrx_word' id='word_1_471' title='bbox 2811 1904 3039 1960; x_wconf 77' lang='grc' dir='ltr'>Σαϐαὼθ</span> <span class='ocrx_word' id='word_1_472' title='bbox 3059 1921 3073 1935; x_wconf 73' lang='grc' dir='ltr'><strong>ο</strong></span> <span class='ocrx_word' id='word_1_473' title='bbox 3121 1901 3264 1974; x_wconf 84' lang='grc' dir='ltr'><strong>Ἐγὼ</strong></span> <span class='ocrx_word' id='word_1_474' title='bbox 3297 1902 3531 1975; x_wconf 86' lang='grc' dir='ltr'>πρῶτος,</span> <span class='ocrx_word' id='word_1_475' title='bbox 3561 1902 3656 1956; x_wconf 71' lang='grc' dir='ltr'>καὶ</span> <span class='ocrx_word' id='word_1_476' title='bbox 3681 1899 3792 1971; x_wconf 87' lang='grc' dir='ltr'>ἐγὼ</span> 
     </span>
    </p>
   </div>
   <div class='ocr_carea' id='block_1_64' title="bbox 2210 1993 3791 2076">
    <p class='ocr_par' dir='ltr' id='par_1_64' title="bbox 2210 1993 3791 2076">
     <span class='ocr_line' id='line_1_64' title="bbox 2210 1993 3791 2076; baseline -0.006 -20"><span class='ocrx_word' id='word_1_477' title='bbox 2210 2004 2350 2076; x_wconf 81' lang='grc' dir='ltr'>μετὰ</span> <span class='ocrx_word' id='word_1_478' title='bbox 2376 2000 2550 2056; x_wconf 86' lang='grc' dir='ltr'>ταῦτα</span> <span class='ocrx_word' id='word_1_479' title='bbox 2570 2018 2584 2031; x_wconf 88' lang='grc'><strong>·</strong></span> <span class='ocrx_word' id='word_1_480' title='bbox 2634 1999 2774 2072; x_wconf 79' lang='grc' dir='ltr'>πλὴν</span> <span class='ocrx_word' id='word_1_481' title='bbox 2803 1995 2938 2069; x_wconf 87' lang='grc' dir='ltr'>ἐμοῦ</span> <span class='ocrx_word' id='word_1_482' title='bbox 2984 1997 3086 2050; x_wconf 86' lang='grc' dir='ltr'><strong>οὑκ</strong></span> <span class='ocrx_word' id='word_1_483' title='bbox 3121 1994 3235 2048; x_wconf 80' lang='grc' dir='ltr'>ἐστι</span> <span class='ocrx_word' id='word_1_484' title='bbox 3265 1995 3418 2059; x_wconf 87' lang='grc' dir='ltr'>Θεός.</span> <span class='ocrx_word' id='word_1_485' title='bbox 3474 1993 3570 2058; x_wconf 87' lang='grc' dir='ltr'>Τίς</span> <span class='ocrx_word' id='word_1_486' title='bbox 3602 1993 3791 2065; x_wconf 83' lang='grc' dir='ltr'>ὥσπερ</span> 
     </span>
    </p>
   </div>
   <div class='ocr_carea' id='block_1_65' title="bbox 2206 2083 3794 2162">
    <p class='ocr_par' dir='ltr' id='par_1_65' title="bbox 2206 2083 3794 2162">
     <span class='ocr_line' id='line_1_65' title="bbox 2206 2083 3794 2162; baseline -0.005 -17"><span class='ocrx_word' id='word_1_487' title='bbox 2206 2091 2351 2162; x_wconf 59' lang='lat' dir='ltr'><strong>syth;</strong></span> <span class='ocrx_word' id='word_1_488' title='bbox 2384 2091 2592 2162; x_wconf 86' lang='grc' dir='ltr'>Στήτω,</span> <span class='ocrx_word' id='word_1_489' title='bbox 2631 2089 2726 2144; x_wconf 77' lang='grc' dir='ltr'>καὶ</span> <span class='ocrx_word' id='word_1_490' title='bbox 2765 2085 3069 2150; x_wconf 83' lang='grc' dir='ltr'>καλεσάτω,</span> <span class='ocrx_word' id='word_1_491' title='bbox 3120 2085 3216 2143; x_wconf 76' lang='grc' dir='ltr'><strong>καὶ</strong></span> <span class='ocrx_word' id='word_1_492' title='bbox 3245 2083 3638 2155; x_wconf 84' lang='grc' dir='ltr'>ἀναγγειλάτω,</span> <span class='ocrx_word' id='word_1_493' title='bbox 3699 2087 3794 2137; x_wconf 80' lang='grc' dir='ltr'>καὶ</span> 
     </span>
    </p>
   </div>
   <div class='ocr_carea' id='block_1_66' title="bbox 2205 2169 3794 2254">
    <p class='ocr_par' dir='ltr' id='par_1_66' title="bbox 2205 2169 3794 2254">
     <span class='ocr_line' id='line_1_66' title="bbox 2205 2169 3794 2254; baseline -0.005 -18"><span class='ocrx_word' id='word_1_494' title='bbox 2205 2182 2548 2254; x_wconf 73' lang='grc' dir='ltr'>ἑτοιμασάτω</span> <span class='ocrx_word' id='word_1_495' title='bbox 2591 2195 2712 2250; x_wconf 74' lang='grc' dir='ltr'>μοι’</span> <span class='ocrx_word' id='word_1_496' title='bbox 2773 2177 2867 2248; x_wconf 82' lang='grc' dir='ltr'><strong>ἀφ’</strong></span> <span class='ocrx_word' id='word_1_497' title='bbox 2895 2169 2957 2230; x_wconf 78' lang='grc' dir='ltr'><strong>οὑ</strong></span> <span class='ocrx_word' id='word_1_498' title='bbox 3002 2176 3233 2247; x_wconf 86' lang='grc' dir='ltr'>ἐποίησα</span> <span class='ocrx_word' id='word_1_499' title='bbox 3265 2175 3550 2248; x_wconf 82' lang='grc' dir='ltr'>ἄνθρωπον</span> <span class='ocrx_word' id='word_1_500' title='bbox 3581 2177 3661 2239; x_wconf 84' lang='grc' dir='ltr'><strong>είς</strong></span> <span class='ocrx_word' id='word_1_501' title='bbox 3701 2175 3794 2228; x_wconf 89' lang='grc' dir='ltr'><strong>τὸν</strong></span> 
     </span>
    </p>
   </div>
   <div class='ocr_carea' id='block_1_67' title="bbox 2206 2268 3795 2345">
    <p class='ocr_par' dir='ltr' id='par_1_67' title="bbox 2206 2268 3795 2345">
     <span class='ocr_line' id='line_1_67' title="bbox 2206 2268 3795 2345; baseline -0.004 -15"><span class='ocrx_word' id='word_1_502' title='bbox 2206 2275 2398 2340; x_wconf 83' lang='grc' dir='ltr'>αἰῶνα,</span> <span class='ocrx_word' id='word_1_503' title='bbox 2435 2274 2529 2328; x_wconf 88' lang='grc' dir='ltr'><strong>καί</strong></span> <span class='ocrx_word' id='word_1_504' title='bbox 2555 2273 2623 2327; x_wconf 79' lang='grc' dir='ltr'><strong>τά</strong></span> <span class='ocrx_word' id='word_1_505' title='bbox 2656 2270 2997 2345; x_wconf 76' lang='grc' dir='ltr'>ἐπερχόμενα</span> <span class='ocrx_word' id='word_1_506' title='bbox 3020 2269 3126 2343; x_wconf 87' lang='grc' dir='ltr'><strong>πρὸ</strong></span> <span class='ocrx_word' id='word_1_507' title='bbox 3154 2268 3250 2323; x_wconf 85' lang='grc' dir='ltr'><strong>τοῦ</strong></span> <span class='ocrx_word' id='word_1_508' title='bbox 3276 2268 3450 2322; x_wconf 84' lang='grc' dir='ltr'>ἐλθεῖν</span> <span class='ocrx_word' id='word_1_509' title='bbox 3471 2268 3795 2339; x_wconf 85' lang='grc' dir='ltr'>ἀναγγειλά-</span> 
     </span>
    </p>
   </div>
   <div class='ocr_carea' id='block_1_68' title="bbox 2204 2359 3796 2437">
    <p class='ocr_par' dir='ltr' id='par_1_68' title="bbox 2204 2359 3796 2437">
     <span class='ocr_line' id='line_1_68' title="bbox 2204 2359 3796 2437; baseline -0.005 -16"><span class='ocrx_word' id='word_1_510' title='bbox 2204 2383 2385 2421; x_wconf 88' lang='grc' dir='ltr'>τωσαν</span> <span class='ocrx_word' id='word_1_511' title='bbox 2415 2367 2564 2437; x_wconf 88' lang='grc' dir='ltr'>ὑμῖν.</span> <span class='ocrx_word' id='word_1_512' title='bbox 2591 2384 2609 2417; x_wconf 72' lang='grc' dir='ltr'><strong>ι</strong></span> <span class='ocrx_word' id='word_1_513' title='bbox 2643 2363 2862 2433; x_wconf 81' lang='grc' dir='ltr'>Λεγέτω</span> <span class='ocrx_word' id='word_1_514' title='bbox 2886 2362 2995 2434; x_wconf 84' lang='grc' dir='ltr'>γὰρ</span> <span class='ocrx_word' id='word_1_515' title='bbox 3022 2361 3075 2414; x_wconf 80' lang='grc' dir='ltr'>εἴ</span> <span class='ocrx_word' id='word_1_516' title='bbox 3094 2361 3179 2426; x_wconf 85' lang='grc' dir='ltr'><strong>τίς</strong></span> <span class='ocrx_word' id='word_1_517' title='bbox 3223 2363 3340 2416; x_wconf 83' lang='grc' dir='ltr'>ἐστι</span> <span class='ocrx_word' id='word_1_518' title='bbox 3374 2360 3526 2425; x_wconf 86' lang='grc' dir='ltr'>Θεὸς,</span> <span class='ocrx_word' id='word_1_519' title='bbox 3560 2361 3681 2414; x_wconf 82' lang='grc' dir='ltr'>ὅσον</span> <span class='ocrx_word' id='word_1_520' title='bbox 3705 2359 3796 2432; x_wconf 72' lang='grc' dir='ltr'>ἐρ-</span> 
     </span>
    </p>
   </div>
   <div class='ocr_carea' id='block_1_69' title="bbox 2205 2447 3791 2530">
    <p class='ocr_par' dir='ltr' id='par_1_69' title="bbox 2205 2447 3791 2530">
     <span class='ocr_line' id='line_1_69' title="bbox 2205 2447 3791 2530; baseline -0.005 -18"><span class='ocrx_word' id='word_1_521' title='bbox 2205 2477 2300 2530; x_wconf 89' lang='grc' dir='ltr'><strong>γον</strong></span> <span class='ocrx_word' id='word_1_522' title='bbox 2325 2456 2518 2513; x_wconf 83' lang='grc' dir='ltr'>ἐαυτοῦ</span> <span class='ocrx_word' id='word_1_523' title='bbox 2549 2456 2818 2510; x_wconf 84' lang='grc' dir='ltr'>δείκνυσιν</span> <span class='ocrx_word' id='word_1_524' title='bbox 2845 2456 2903 2510; x_wconf 89' lang='grc' dir='ltr'><strong>ἐν</strong></span> <span class='ocrx_word' id='word_1_525' title='bbox 2946 2453 3026 2526; x_wconf 80' lang='grc' dir='ltr'>τῷ</span> <span class='ocrx_word' id='word_1_526' title='bbox 3077 2452 3258 2508; x_wconf 87' lang='grc' dir='ltr'>παντί.</span> <span class='ocrx_word' id='word_1_527' title='bbox 3289 2453 3354 2506; x_wconf 85' lang='grc' dir='ltr'><strong>Εἰ</strong></span> <span class='ocrx_word' id='word_1_528' title='bbox 3386 2451 3496 2523; x_wconf 82' lang='grc' dir='ltr'><strong>γὰρ</strong></span> <span class='ocrx_word' id='word_1_529' title='bbox 3527 2447 3608 2515; x_wconf 76' lang='grc' dir='ltr'><strong>εἷς</strong></span> <span class='ocrx_word' id='word_1_530' title='bbox 3634 2453 3663 2505; x_wconf 92' lang='grc' dir='ltr'><strong>ό</strong></span> <span class='ocrx_word' id='word_1_531' title='bbox 3695 2452 3791 2505; x_wconf 83' lang='grc' dir='ltr'>κό-</span> 
     </span>
    </p>
   </div>
   <div class='ocr_carea' id='block_1_70' title="bbox 2208 2541 3796 2625">
    <p class='ocr_par' dir='ltr' id='par_1_70' title="bbox 2208 2541 3796 2625">
     <span class='ocr_line' id='line_1_70' title="bbox 2208 2541 3796 2625; baseline -0.008 -19"><span class='ocrx_word' id='word_1_532' title='bbox 2208 2569 2363 2625; x_wconf 91' lang='grc' dir='ltr'>σμος,</span> <span class='ocrx_word' id='word_1_533' title='bbox 2391 2550 2487 2605; x_wconf 78' lang='grc' dir='ltr'>καὶ</span> <span class='ocrx_word' id='word_1_534' title='bbox 2511 2542 2665 2614; x_wconf 78' lang='grc' dir='ltr'>οὗτος</span> <span class='ocrx_word' id='word_1_535' title='bbox 2697 2546 2968 2619; x_wconf 81' lang='grc' dir='ltr'>συμφυὴς,</span> <span class='ocrx_word' id='word_1_536' title='bbox 2998 2543 3281 2617; x_wconf 25' lang='grc' dir='ltr'>καὶὶαὑτὸς</span> <span class='ocrx_word' id='word_1_537' title='bbox 3309 2541 3485 2614; x_wconf 85' lang='grc' dir='ltr'>ἐαυτῷ</span> <span class='ocrx_word' id='word_1_538' title='bbox 3512 2541 3796 2613; x_wconf 83' lang='grc' dir='ltr'>συνημμέ-</span> 
     </span>
    </p>
   </div>
   <div class='ocr_carea' id='block_1_71' title="bbox 2205 2635 3794 2712">
    <p class='ocr_par' dir='ltr' id='par_1_71' title="bbox 2205 2635 3794 2712">
     <span class='ocr_line' id='line_1_71' title="bbox 2205 2635 3794 2712; baseline -0.006 -14"><span class='ocrx_word' id='word_1_539' title='bbox 2205 2662 2314 2709; x_wconf 89' lang='grc' dir='ltr'>νος,</span> <span class='ocrx_word' id='word_1_540' title='bbox 2345 2639 2426 2708; x_wconf 80' lang='grc' dir='ltr'>εἷς</span> <span class='ocrx_word' id='word_1_541' title='bbox 2461 2644 2528 2698; x_wconf 81' lang='grc' dir='ltr'>ἂν</span> <span class='ocrx_word' id='word_1_542' title='bbox 2572 2641 2782 2712; x_wconf 82' lang='grc' dir='ltr'>γένοιτο</span> <span class='ocrx_word' id='word_1_543' title='bbox 2840 2640 2935 2694; x_wconf 77' lang='grc' dir='ltr'>καὶ</span> <span class='ocrx_word' id='word_1_544' title='bbox 2969 2640 2998 2693; x_wconf 90' lang='grc' dir='ltr'><strong>ό</strong></span> <span class='ocrx_word' id='word_1_545' title='bbox 3031 2637 3220 2692; x_wconf 82' lang='grc' dir='ltr'>τούτου</span> <span class='ocrx_word' id='word_1_546' title='bbox 3251 2636 3599 2709; x_wconf 83' lang='grc' dir='ltr'>δημιουργός.</span> <span class='ocrx_word' id='word_1_547' title='bbox 3652 2635 3794 2689; x_wconf 78' lang='grc' dir='ltr'>Ἀλλ’</span> 
     </span>
    </p>
   </div>
   <div class='ocr_carea' id='block_1_72' title="bbox 2204 2723 3795 2806">
    <p class='ocr_par' dir='ltr' id='par_1_72' title="bbox 2204 2723 3795 2806">
     <span class='ocr_line' id='line_1_72' title="bbox 2204 2723 3795 2806; baseline -0.006 -16"><span class='ocrx_word' id='word_1_548' title='bbox 2204 2729 2362 2800; x_wconf 74' lang='grc' dir='ltr'>οὗτος</span> <span class='ocrx_word' id='word_1_549' title='bbox 2395 2736 2461 2788; x_wconf 89' lang='grc' dir='ltr'><strong>ἐκ</strong></span> <span class='ocrx_word' id='word_1_550' title='bbox 2493 2732 2756 2806; x_wconf 86' lang='grc' dir='ltr'>μεγέθους</span> <span class='ocrx_word' id='word_1_551' title='bbox 2792 2732 2885 2785; x_wconf 79' lang='grc' dir='ltr'>καὶ</span> <span class='ocrx_word' id='word_1_552' title='bbox 2913 2729 3176 2800; x_wconf 80' lang='grc' dir='ltr'>καλλονῆς</span> <span class='ocrx_word' id='word_1_553' title='bbox 3213 2728 3548 2799; x_wconf 84' lang='grc' dir='ltr'>κτισμάτων,</span> <span class='ocrx_word' id='word_1_554' title='bbox 3588 2723 3675 2781; x_wconf 73' lang='grc' dir='ltr'>οἷα</span> <span class='ocrx_word' id='word_1_555' title='bbox 3699 2727 3795 2781; x_wconf 88' lang='grc' dir='ltr'><strong>τοῦ</strong></span> 
     </span>
    </p>
   </div>
   <div class='ocr_carea' id='block_1_73' title="bbox 2207 2818 3798 2895">
    <p class='ocr_par' dir='ltr' id='par_1_73' title="bbox 2207 2818 3798 2895">
     <span class='ocr_line' id='line_1_73' title="bbox 2207 2818 3798 2895; baseline -0.006 -14"><span class='ocrx_word' id='word_1_556' title='bbox 2207 2825 2409 2890; x_wconf 86' lang='grc' dir='ltr'>παντὸς</span> <span class='ocrx_word' id='word_1_557' title='bbox 2433 2823 2812 2895; x_wconf 84' lang='grc' dir='ltr'>γενεσιουργὸς</span> <span class='ocrx_word' id='word_1_558' title='bbox 2835 2821 3139 2892; x_wconf 86' lang='grc' dir='ltr'>θεωρεῖται.</span> <span class='ocrx_word' id='word_1_559' title='bbox 3167 2821 3228 2872; x_wconf 85' lang='grc' dir='ltr'><strong>Εἰ</strong></span> <span class='ocrx_word' id='word_1_560' title='bbox 3253 2818 3309 2871; x_wconf 87' lang='grc' dir='ltr'>δέ</span> <span class='ocrx_word' id='word_1_561' title='bbox 3342 2828 3427 2882; x_wconf 86' lang='grc' dir='ltr'><strong>τις</strong></span> <span class='ocrx_word' id='word_1_562' title='bbox 3449 2818 3657 2888; x_wconf 79' lang='grc' dir='ltr'>εἰσάγοι</span> <span class='ocrx_word' id='word_1_563' title='bbox 3688 2818 3798 2872; x_wconf 77' lang='grc' dir='ltr'>ἓτε-</span> 
     </span>
    </p>
   </div>
   <div class='ocr_carea' id='block_1_74' title="bbox 2210 2910 3796 2990">
    <p class='ocr_par' dir='ltr' id='par_1_74' title="bbox 2210 2910 3796 2990">
     <span class='ocr_line' id='line_1_74' title="bbox 2210 2910 3796 2990; baseline -0.006 -19"><span class='ocrx_word' id='word_1_564' title='bbox 2210 2935 2322 2990; x_wconf 90' lang='grc' dir='ltr'>ρον,</span> <span class='ocrx_word' id='word_1_565' title='bbox 2373 2915 2638 2970; x_wconf 81' lang='grc' dir='ltr'>δεικνύτω</span> <span class='ocrx_word' id='word_1_566' title='bbox 2655 2914 2894 2968; x_wconf 84' lang='grc' dir='ltr'>τοιοῦτον</span> <span class='ocrx_word' id='word_1_567' title='bbox 2919 2911 3118 2984; x_wconf 80' lang='grc' dir='ltr'>ὁμοίως</span> <span class='ocrx_word' id='word_1_568' title='bbox 3163 2910 3367 2981; x_wconf 86' lang='grc' dir='ltr'>κόσμον</span> <span class='ocrx_word' id='word_1_569' title='bbox 3428 2911 3612 2982; x_wconf 77' lang='grc' dir='ltr'>ἕτερον</span> <span class='ocrx_word' id='word_1_570' title='bbox 3654 2927 3796 2982; x_wconf 81' lang='grc' dir='ltr'>παρ-</span> 
     </span>
    </p>
   </div>
   <div class='ocr_carea' id='block_1_75' title="bbox 2211 2999 3798 3076">
    <p class='ocr_par' dir='ltr' id='par_1_75' title="bbox 2211 2999 3798 3076">
     <span class='ocr_line' id='line_1_75' title="bbox 2211 2999 3798 3076; baseline -0.006 -13"><span class='ocrx_word' id='word_1_571' title='bbox 2211 3009 2365 3072; x_wconf 85' lang='grc' dir='ltr'>ιστάς</span> <span class='ocrx_word' id='word_1_572' title='bbox 2385 3025 2399 3039; x_wconf 73' lang='grc' dir='ltr'><strong>ο</strong></span> <span class='ocrx_word' id='word_1_573' title='bbox 2427 3007 2539 3062; x_wconf 82' lang='grc' dir='ltr'>ἀλλ’</span> <span class='ocrx_word' id='word_1_574' title='bbox 2581 3007 2681 3060; x_wconf 87' lang='grc' dir='ltr'><strong>οὑκ</strong></span> <span class='ocrx_word' id='word_1_575' title='bbox 2710 3005 2854 3058; x_wconf 77' lang='grc' dir='ltr'>ἐστιν</span> <span class='ocrx_word' id='word_1_576' title='bbox 2883 3003 3070 3076; x_wconf 71' lang='grc' dir='ltr'>ἕτερος</span> <span class='ocrx_word' id='word_1_577' title='bbox 3100 2999 3250 3072; x_wconf 75' lang='grc' dir='ltr'>παρὰ</span> <span class='ocrx_word' id='word_1_578' title='bbox 3278 2999 3369 3054; x_wconf 82' lang='grc' dir='ltr'><strong>τὸν</strong></span> <span class='ocrx_word' id='word_1_579' title='bbox 3401 2999 3674 3071; x_wconf 84' lang='grc' dir='ltr'>ὁρώμενον</span> <span class='ocrx_word' id='word_1_580' title='bbox 3705 3001 3798 3054; x_wconf 89' lang='grc' dir='ltr'>κό-</span> 
     </span>
    </p>
   </div>
   <div class='ocr_carea' id='block_1_76' title="bbox 2209 3091 3799 3173">
    <p class='ocr_par' dir='ltr' id='par_1_76' title="bbox 2209 3091 3799 3173">
     <span class='ocr_line' id='line_1_76' title="bbox 2209 3091 3799 3173; baseline -0.009 -18"><span class='ocrx_word' id='word_1_581' title='bbox 2209 3118 2378 3173; x_wconf 74' lang='grc' dir='ltr'>σμονο</span> <span class='ocrx_word' id='word_1_582' title='bbox 2410 3099 2530 3153; x_wconf 82' lang='grc' dir='ltr'>οὑδὲ</span> <span class='ocrx_word' id='word_1_583' title='bbox 2558 3097 2691 3162; x_wconf 85' lang='grc' dir='ltr'>Θεὸς</span> <span class='ocrx_word' id='word_1_584' title='bbox 2716 3097 2823 3168; x_wconf 83' lang='grc' dir='ltr'>ἄρα</span> <span class='ocrx_word' id='word_1_585' title='bbox 2861 3093 3044 3167; x_wconf 69' lang='grc' dir='ltr'>ἕτερός</span> <span class='ocrx_word' id='word_1_586' title='bbox 3073 3095 3240 3145; x_wconf 85' lang='grc' dir='ltr'>ἐστιν.</span> <span class='ocrx_word' id='word_1_587' title='bbox 3278 3093 3339 3144; x_wconf 85' lang='lat' dir='ltr'><strong>Ei</strong></span> <span class='ocrx_word' id='word_1_588' title='bbox 3376 3091 3433 3145; x_wconf 82' lang='grc' dir='ltr'>δέ</span> <span class='ocrx_word' id='word_1_589' title='bbox 3468 3109 3573 3154; x_wconf 90' lang='grc' dir='ltr'>τις,</span> <span class='ocrx_word' id='word_1_590' title='bbox 3613 3110 3630 3142; x_wconf 76' lang='grc' dir='ltr'><strong>ι</strong></span> <span class='ocrx_word' id='word_1_591' title='bbox 3660 3091 3799 3162; x_wconf 76' lang='grc' dir='ltr'><strong>Στή-</strong></span> 
     </span>
    </p>
   </div>
   <div class='ocr_carea' id='block_1_77' title="bbox 2204 3181 3799 3262">
    <p class='ocr_par' dir='ltr' id='par_1_77' title="bbox 2204 3181 3799 3262">
     <span class='ocr_line' id='line_1_77' title="bbox 2204 3181 3799 3262; baseline -0.006 -16"><span class='ocrx_word' id='word_1_592' title='bbox 2204 3209 2304 3258; x_wconf 91' lang='grc' dir='ltr'><strong>τω,</strong></span> <span class='ocrx_word' id='word_1_593' title='bbox 2331 3210 2350 3244; x_wconf 71' lang='grc' dir='ltr'><strong>ι</strong></span> <span class='ocrx_word' id='word_1_594' title='bbox 2380 3191 2534 3262; x_wconf 68' lang='grc' dir='ltr'>φησι,</span> <span class='ocrx_word' id='word_1_595' title='bbox 2559 3187 2716 3242; x_wconf 86' lang='grc' dir='ltr'>τοῦτο</span> <span class='ocrx_word' id='word_1_596' title='bbox 2750 3186 2964 3260; x_wconf 86' lang='grc' dir='ltr'>πρῶτον</span> <span class='ocrx_word' id='word_1_597' title='bbox 2984 3203 2997 3216; x_wconf 75' lang='grc' dir='ltr'><strong>ο</strong></span> <span class='ocrx_word' id='word_1_598' title='bbox 3019 3185 3163 3255; x_wconf 89' lang='grc' dir='ltr'>λέγω</span> <span class='ocrx_word' id='word_1_599' title='bbox 3183 3184 3247 3256; x_wconf 78' lang='grc' dir='ltr'><strong>δὴ</strong></span> <span class='ocrx_word' id='word_1_600' title='bbox 3271 3182 3368 3254; x_wconf 77' lang='grc' dir='ltr'>τὴν</span> <span class='ocrx_word' id='word_1_601' title='bbox 3397 3181 3592 3235; x_wconf 86' lang='grc' dir='ltr'>ἐαυτοῦ</span> <span class='ocrx_word' id='word_1_602' title='bbox 3625 3181 3799 3249; x_wconf 82' lang='grc' dir='ltr'>δειξά.</span> 
     </span>
    </p>
   </div>
   <div class='ocr_carea' id='block_1_78' title="bbox 2207 3276 3786 3354">
    <p class='ocr_par' dir='ltr' id='par_1_78' title="bbox 2207 3276 3786 3354">
     <span class='ocr_line' id='line_1_78' title="bbox 2207 3276 3786 3354; baseline -0.006 -16"><span class='ocrx_word' id='word_1_603' title='bbox 2207 3302 2287 3339; x_wconf 89' lang='grc' dir='ltr'><strong>τω</strong></span> <span class='ocrx_word' id='word_1_604' title='bbox 2316 3283 2548 3354; x_wconf 76' lang='grc' dir='ltr'>ὓπαρξιν</span> <span class='ocrx_word' id='word_1_605' title='bbox 2569 3299 2584 3312; x_wconf 87' lang='grc'><strong>·</strong></span> <span class='ocrx_word' id='word_1_606' title='bbox 2629 3282 2711 3335; x_wconf 80' lang='grc' dir='ltr'>ὅτι</span> <span class='ocrx_word' id='word_1_607' title='bbox 2747 3280 2808 3332; x_wconf 88' lang='grc' dir='ltr'><strong>τέ</strong></span> <span class='ocrx_word' id='word_1_608' title='bbox 2842 3281 2989 3333; x_wconf 89' lang='grc' dir='ltr'>ἐστιν</span> <span class='ocrx_word' id='word_1_609' title='bbox 3033 3279 3092 3332; x_wconf 88' lang='grc' dir='ltr'><strong>ἐν</strong></span> <span class='ocrx_word' id='word_1_610' title='bbox 3121 3277 3306 3340; x_wconf 77' lang='grc' dir='ltr'>οὐσίας</span> <span class='ocrx_word' id='word_1_611' title='bbox 3345 3276 3658 3340; x_wconf 86' lang='grc' dir='ltr'>ὑποστάσει,</span> <span class='ocrx_word' id='word_1_612' title='bbox 3693 3276 3786 3328; x_wconf 59' lang='grc' dir='ltr'>κλ.</span> 
     </span>
    </p>
   </div>
   <div class='ocr_carea' id='block_1_79' title="bbox 2204 3368 3795 3447">
    <p class='ocr_par' dir='ltr' id='par_1_79' title="bbox 2204 3368 3795 3447">
     <span class='ocr_line' id='line_1_79' title="bbox 2204 3368 3795 3447; baseline -0.007 -17"><span class='ocrx_word' id='word_1_613' title='bbox 2204 3378 2287 3430; x_wconf 82' lang='grc' dir='ltr'>ὅτι</span> <span class='ocrx_word' id='word_1_614' title='bbox 2320 3376 2405 3446; x_wconf 81' lang='grc' dir='ltr'>ἐφ’</span> <span class='ocrx_word' id='word_1_615' title='bbox 2431 3374 2606 3447; x_wconf 77' lang='grc' dir='ltr'>ἐαυτῷ</span> <span class='ocrx_word' id='word_1_616' title='bbox 2637 3373 2788 3445; x_wconf 86' lang='grc' dir='ltr'>μένει</span> <span class='ocrx_word' id='word_1_617' title='bbox 2817 3372 2912 3426; x_wconf 71' lang='grc' dir='ltr'>καὶ</span> <span class='ocrx_word' id='word_1_618' title='bbox 2931 3371 3160 3441; x_wconf 77' lang='grc' dir='ltr'>ἕστηκεν</span> <span class='ocrx_word' id='word_1_619' title='bbox 3180 3387 3193 3400; x_wconf 72' lang='grc' dir='ltr'><strong><em>ο</em></strong></span> <span class='ocrx_word' id='word_1_620' title='bbox 3221 3369 3316 3422; x_wconf 77' lang='grc' dir='ltr'><strong>ἐπε</strong></span> <span class='ocrx_word' id='word_1_621' title='bbox 3327 3385 3412 3422; x_wconf 86' lang='grc' dir='ltr'><strong>ιτα</strong></span> <span class='ocrx_word' id='word_1_622' title='bbox 3433 3369 3614 3440; x_wconf 74' lang='grc' dir='ltr'>φωνὴν</span> <span class='ocrx_word' id='word_1_623' title='bbox 3635 3368 3795 3437; x_wconf 75' lang='grc' dir='ltr'>ἀφεὶς</span> 
     </span>
    </p>
   </div>
   <div class='ocr_carea' id='block_1_80' title="bbox 2205 3460 3795 3540">
    <p class='ocr_par' dir='ltr' id='par_1_80' title="bbox 2205 3460 3795 3540">
     <span class='ocr_line' id='line_1_80' title="bbox 2205 3460 3795 3540; baseline -0.006 -18"><span class='ocrx_word' id='word_1_624' title='bbox 2205 3469 2430 3540; x_wconf 82' lang='grc' dir='ltr'>λογικὴν</span> <span class='ocrx_word' id='word_1_625' title='bbox 2455 3466 2550 3520; x_wconf 77' lang='grc' dir='ltr'>καὶ</span> <span class='ocrx_word' id='word_1_626' title='bbox 2581 3464 2699 3536; x_wconf 84' lang='grc' dir='ltr'>Θεῷ</span> <span class='ocrx_word' id='word_1_627' title='bbox 2729 3464 3066 3538; x_wconf 85' lang='grc' dir='ltr'>πρέπουσαν,</span> <span class='ocrx_word' id='word_1_628' title='bbox 3102 3461 3474 3531; x_wconf 85' lang='grc' dir='ltr'>άναγγειλάτω</span> <span class='ocrx_word' id='word_1_629' title='bbox 3493 3461 3614 3516; x_wconf 85' lang='grc' dir='ltr'>τίνα</span> <span class='ocrx_word' id='word_1_630' title='bbox 3642 3460 3795 3513; x_wconf 75' lang='grc' dir='ltr'>ἔσται</span> 
     </span>
    </p>
   </div>
   <div class='ocr_carea' id='block_1_81' title="bbox 2204 3552 3794 3631">
    <p class='ocr_par' dir='ltr' id='par_1_81' title="bbox 2204 3552 3794 3631">
     <span class='ocr_line' id='line_1_81' title="bbox 2204 3552 3794 3631; baseline -0.006 -18"><span class='ocrx_word' id='word_1_631' title='bbox 2204 3560 2273 3613; x_wconf 79' lang='grc' dir='ltr'><strong>τά</strong></span> <span class='ocrx_word' id='word_1_632' title='bbox 2304 3558 2441 3631; x_wconf 68' lang='grc' dir='ltr'>μετὰ</span> <span class='ocrx_word' id='word_1_633' title='bbox 2463 3557 2636 3612; x_wconf 86' lang='grc' dir='ltr'>ταῦτα</span> <span class='ocrx_word' id='word_1_634' title='bbox 2650 3557 2990 3629; x_wconf 75' lang='grc' dir='ltr'>γενησόμενα</span> <span class='ocrx_word' id='word_1_635' title='bbox 3005 3556 3062 3608; x_wconf 79' lang='grc' dir='ltr'>ὲν</span> <span class='ocrx_word' id='word_1_636' title='bbox 3089 3554 3166 3625; x_wconf 83' lang='grc' dir='ltr'>τῷ</span> <span class='ocrx_word' id='word_1_637' title='bbox 3191 3553 3290 3626; x_wconf 85' lang='grc' dir='ltr'>βίῳ</span> <span class='ocrx_word' id='word_1_638' title='bbox 3318 3552 3450 3625; x_wconf 78' lang='grc'><strong>(59)’</strong></span> <span class='ocrx_word' id='word_1_639' title='bbox 3473 3552 3506 3626; x_wconf 80' lang='grc' dir='ltr'><strong>ἢ</strong></span> <span class='ocrx_word' id='word_1_640' title='bbox 3528 3553 3595 3607; x_wconf 78' lang='grc' dir='ltr'><strong>τά</strong></span> <span class='ocrx_word' id='word_1_641' title='bbox 3626 3552 3794 3606; x_wconf 82' lang='grc' dir='ltr'>πάλαι</span> 
     </span>
    </p>
   </div>
   <div class='ocr_carea' id='block_1_82' title="bbox 2205 3641 3795 3724">
    <p class='ocr_par' dir='ltr' id='par_1_82' title="bbox 2205 3641 3795 3724">
     <span class='ocr_line' id='line_1_82' title="bbox 2205 3641 3795 3724; baseline -0.006 -18"><span class='ocrx_word' id='word_1_642' title='bbox 2205 3651 2266 3718; x_wconf 81' lang='grc' dir='ltr'>ἐξ</span> <span class='ocrx_word' id='word_1_643' title='bbox 2317 3653 2492 3724; x_wconf 82' lang='grc' dir='ltr'>ἀρχῆς</span> <span class='ocrx_word' id='word_1_644' title='bbox 2524 3651 2857 3716; x_wconf 84' lang='grc' dir='ltr'>ὑποστάντα,</span> <span class='ocrx_word' id='word_1_645' title='bbox 2906 3649 3000 3720; x_wconf 76' lang='grc' dir='ltr'><strong>ἀφ’</strong></span> <span class='ocrx_word' id='word_1_646' title='bbox 3045 3641 3106 3702; x_wconf 81' lang='grc' dir='ltr'><strong>οὑ</strong></span> <span class='ocrx_word' id='word_1_647' title='bbox 3139 3648 3229 3701; x_wconf 90' lang='grc' dir='ltr'><strong>τὸν</strong></span> <span class='ocrx_word' id='word_1_648' title='bbox 3270 3647 3555 3719; x_wconf 79' lang='grc' dir='ltr'>ἄνθρωπον</span> <span class='ocrx_word' id='word_1_649' title='bbox 3590 3645 3795 3717; x_wconf 80' lang='grc' dir='ltr'>ἐθέμην</span> 
     </span>
    </p>
   </div>
   <div class='ocr_carea' id='block_1_83' title="bbox 2207 3737 3795 3815">
    <p class='ocr_par' dir='ltr' id='par_1_83' title="bbox 2207 3737 3795 3815">
     <span class='ocr_line' id='line_1_83' title="bbox 2207 3737 3795 3815; baseline -0.003 -19"><span class='ocrx_word' id='word_1_650' title='bbox 2207 3744 2299 3797; x_wconf 77' lang='grc' dir='ltr'>ἐπὶ</span> <span class='ocrx_word' id='word_1_651' title='bbox 2329 3744 2427 3814; x_wconf 83' lang='grc' dir='ltr'><strong>τῆς</strong></span> <span class='ocrx_word' id='word_1_652' title='bbox 2457 3743 2560 3815; x_wconf 78' lang='grc' dir='ltr'><strong>γῆς</strong></span> <span class='ocrx_word' id='word_1_653' title='bbox 2599 3742 2760 3815; x_wconf 82' lang='grc' dir='ltr'>μέχρι</span> <span class='ocrx_word' id='word_1_654' title='bbox 2809 3741 2902 3796; x_wconf 84' lang='grc' dir='ltr'><strong>τοῦ</strong></span> <span class='ocrx_word' id='word_1_655' title='bbox 2939 3742 3202 3813; x_wconf 87' lang='grc' dir='ltr'>παρόντος</span> <span class='ocrx_word' id='word_1_656' title='bbox 3248 3740 3460 3812; x_wconf 85' lang='grc' dir='ltr'>χρόνου.</span> <span class='ocrx_word' id='word_1_657' title='bbox 3515 3737 3645 3793; x_wconf 87' lang='grc' dir='ltr'>Ἀπὸ</span> <span class='ocrx_word' id='word_1_658' title='bbox 3684 3738 3795 3808; x_wconf 83' lang='grc' dir='ltr'>γὰρ</span> 
     </span>
    </p>
   </div>
   <div class='ocr_carea' id='block_1_84' title="bbox 2206 3831 3512 3907">
    <p class='ocr_par' dir='ltr' id='par_1_84' title="bbox 2206 3831 3512 3907">
     <span class='ocr_line' id='line_1_84' title="bbox 2206 3831 3512 3907; baseline -0.005 -15"><span class='ocrx_word' id='word_1_659' title='bbox 2206 3837 2396 3892; x_wconf 88' lang='grc' dir='ltr'>τούτου</span> <span class='ocrx_word' id='word_1_660' title='bbox 2429 3834 2773 3907; x_wconf 86' lang='grc' dir='ltr'>γνωσόμεθα,</span> <span class='ocrx_word' id='word_1_661' title='bbox 2811 3835 2893 3888; x_wconf 78' lang='grc' dir='ltr'>ὅτι</span> <span class='ocrx_word' id='word_1_662' title='bbox 2923 3833 3152 3906; x_wconf 75' lang='grc' dir='ltr'>ἔστησεν</span> <span class='ocrx_word' id='word_1_663' title='bbox 3174 3831 3313 3887; x_wconf 87' lang='grc' dir='ltr'>αὑτά</span> <span class='ocrx_word' id='word_1_664' title='bbox 3349 3831 3512 3902; x_wconf 81' lang='grc' dir='ltr'>λόγῳ.</span> 
     </span>
    </p>
   </div>
   <div class='ocr_carea' id='block_1_85' title="bbox 2284 3913 3795 4000">
    <p class='ocr_par' dir='ltr' id='par_1_85' title="bbox 2284 3913 3795 4000">
     <span class='ocr_line' id='line_1_85' title="bbox 2284 3913 3795 4000; baseline -0.005 -19"><span class='ocrx_word' id='word_1_665' title='bbox 2284 3947 2304 3981; x_wconf 75' lang='grc' dir='ltr'><strong>ι</strong></span> <span class='ocrx_word' id='word_1_666' title='bbox 2332 3929 2423 4000; x_wconf 81' lang='grc' dir='ltr'><strong>Μὴ</strong></span> <span class='ocrx_word' id='word_1_667' title='bbox 2473 3925 2991 3999; x_wconf 81' lang='grc' dir='ltr'>παρακαλύπτεσθε,</span> <span class='ocrx_word' id='word_1_668' title='bbox 3034 3924 3169 3996; x_wconf 80' lang='grc' dir='ltr'>μηδὲ</span> <span class='ocrx_word' id='word_1_669' title='bbox 3218 3923 3513 3979; x_wconf 79' lang='grc' dir='ltr'>πλανᾶσθε.</span> <span class='ocrx_word' id='word_1_670' title='bbox 3559 3923 3671 3975; x_wconf 85' lang='grc' dir='ltr'><strong>Οὑκ</strong></span> <span class='ocrx_word' id='word_1_671' title='bbox 3697 3913 3795 3975; x_wconf 81' lang='grc' dir='ltr'><strong>ἀπ’</strong></span> 
     </span>
    </p>
   </div>
   <div class='ocr_carea' id='block_1_86' title="bbox 2206 4014 3794 4094">
    <p class='ocr_par' dir='ltr' id='par_1_86' title="bbox 2206 4014 3794 4094">
     <span class='ocr_line' id='line_1_86' title="bbox 2206 4014 3794 4094; baseline -0.008 -18"><span class='ocrx_word' id='word_1_672' title='bbox 2206 4023 2380 4094; x_wconf 81' lang='grc' dir='ltr'>ἀρχῆς</span> <span class='ocrx_word' id='word_1_673' title='bbox 2413 4018 2776 4090; x_wconf 73' lang='grc' dir='ltr'>ὴνωτίσασθε,</span> <span class='ocrx_word' id='word_1_674' title='bbox 2809 4018 2904 4072; x_wconf 76' lang='grc' dir='ltr'>καὶ</span> <span class='ocrx_word' id='word_1_675' title='bbox 2933 4016 3243 4089; x_wconf 79' lang='grc' dir='ltr'>ἀπήγγειλα</span> <span class='ocrx_word' id='word_1_676' title='bbox 3297 4016 3470 4086; x_wconf 79' lang='grc' dir='ltr'>ὑμῖν;</span> <span class='ocrx_word' id='word_1_677' title='bbox 3504 4014 3794 4085; x_wconf 82' lang='grc' dir='ltr'>Μάρτυρες</span> 
     </span>
    </p>
   </div>
   <div class='ocr_carea' id='block_1_87' title="bbox 2208 4106 3797 4185">
    <p class='ocr_par' dir='ltr' id='par_1_87' title="bbox 2208 4106 3797 4185">
     <span class='ocr_line' id='line_1_87' title="bbox 2208 4106 3797 4185; baseline -0.005 -18"><span class='ocrx_word' id='word_1_678' title='bbox 2208 4113 2364 4185; x_wconf 85' lang='grc' dir='ltr'>ὑμεῖς</span> <span class='ocrx_word' id='word_1_679' title='bbox 2386 4113 2528 4176; x_wconf 88' lang='grc' dir='ltr'>ἐστε,</span> <span class='ocrx_word' id='word_1_680' title='bbox 2565 4111 2612 4163; x_wconf 87' lang='grc' dir='ltr'>εἰ</span> <span class='ocrx_word' id='word_1_681' title='bbox 2644 4110 2760 4163; x_wconf 77' lang='grc' dir='ltr'>ἐστι</span> <span class='ocrx_word' id='word_1_682' title='bbox 2786 4110 2917 4173; x_wconf 86' lang='grc' dir='ltr'>Θεὸς</span> <span class='ocrx_word' id='word_1_683' title='bbox 2950 4109 3089 4180; x_wconf 77' lang='grc' dir='ltr'>πλὴν</span> <span class='ocrx_word' id='word_1_684' title='bbox 3115 4107 3268 4180; x_wconf 87' lang='grc' dir='ltr'>ἐμοῦ.</span> <span class='ocrx_word' id='word_1_685' title='bbox 3293 4108 3402 4161; x_wconf 74' lang='grc' dir='ltr'><strong>Καὶ</strong></span> <span class='ocrx_word' id='word_1_686' title='bbox 3429 4106 3532 4160; x_wconf 88' lang='grc' dir='ltr'><strong>οὑκ</strong></span> <span class='ocrx_word' id='word_1_687' title='bbox 3555 4107 3797 4178; x_wconf 76' lang='grc' dir='ltr'>ἤκουσαν</span> 
     </span>
    </p>
   </div>
   <div class='ocr_carea' id='block_1_88' title="bbox 2206 4197 3794 4269">
    <p class='ocr_par' dir='ltr' id='par_1_88' title="bbox 2206 4197 3794 4269">
     <span class='ocr_line' id='line_1_88' title="bbox 2206 4197 3794 4269; baseline -0.003 -15"><span class='ocrx_word' id='word_1_688' title='bbox 2206 4201 2328 4255; x_wconf 88' lang='grc' dir='ltr'>τότε</span> <span class='ocrx_word' id='word_1_689' title='bbox 2352 4203 2401 4254; x_wconf 83' lang='grc' dir='ltr'>οἱ</span> <span class='ocrx_word' id='word_1_690' title='bbox 2421 4201 2749 4264; x_wconf 86' lang='grc' dir='ltr'>πλάσσοντες</span> <span class='ocrx_word' id='word_1_691' title='bbox 2775 4200 2870 4253; x_wconf 68' lang='grc' dir='ltr'>καὶ</span> <span class='ocrx_word' id='word_1_692' title='bbox 2901 4200 2950 4252; x_wconf 86' lang='grc' dir='ltr'>οἱ</span> <span class='ocrx_word' id='word_1_693' title='bbox 2979 4199 3294 4269; x_wconf 67' lang='grc' dir='ltr'>γλύῳοντες,</span> <span class='ocrx_word' id='word_1_694' title='bbox 3323 4198 3524 4262; x_wconf 87' lang='grc' dir='ltr'>πάντες</span> <span class='ocrx_word' id='word_1_695' title='bbox 3553 4197 3794 4269; x_wconf 86' lang='grc' dir='ltr'>μάταιοι,</span> 
     </span>
    </p>
   </div>
   <div class='ocr_carea' id='block_1_89' title="bbox 2208 4289 3798 4363">
    <p class='ocr_par' dir='ltr' id='par_1_89' title="bbox 2208 4289 3798 4363">
     <span class='ocr_line' id='line_1_89' title="bbox 2208 4289 3798 4363; baseline -0.003 -16"><span class='ocrx_word' id='word_1_696' title='bbox 2208 4293 2490 4356; x_wconf 85' lang='grc' dir='ltr'>ποιοῦντες</span> <span class='ocrx_word' id='word_1_697' title='bbox 2520 4292 2589 4346; x_wconf 84' lang='grc' dir='ltr'>τὰ</span> <span class='ocrx_word' id='word_1_698' title='bbox 2613 4291 2928 4363; x_wconf 84' lang='grc' dir='ltr'>καταθύμια</span> <span class='ocrx_word' id='word_1_699' title='bbox 2964 4291 3166 4354; x_wconf 83' lang='grc' dir='ltr'>αὑτῶν,</span> <span class='ocrx_word' id='word_1_700' title='bbox 3211 4290 3246 4344; x_wconf 78' lang='grc' dir='ltr'>ἃ.</span> <span class='ocrx_word' id='word_1_701' title='bbox 3276 4291 3376 4344; x_wconf 92' lang='grc' dir='ltr'><strong>οὑκ</strong></span> <span class='ocrx_word' id='word_1_702' title='bbox 3404 4289 3676 4361; x_wconf 83' lang='grc' dir='ltr'>ὠφελήσει</span> <span class='ocrx_word' id='word_1_703' title='bbox 3700 4290 3798 4344; x_wconf 62' lang='grc' dir='ltr'><strong>αὑη</strong></span> 
     </span>
    </p>
   </div>
   <div class='ocr_carea' id='block_1_90' title="bbox 2206 4381 3799 4454">
    <p class='ocr_par' dir='ltr' id='par_1_90' title="bbox 2206 4381 3799 4454">
     <span class='ocr_line' id='line_1_90' title="bbox 2206 4381 3799 4454; baseline -0.004 -16"><span class='ocrx_word' id='word_1_704' title='bbox 2206 4385 2350 4448; x_wconf 90' lang='grc' dir='ltr'>τούς.</span> <span class='ocrx_word' id='word_1_705' title='bbox 2399 4384 2535 4438; x_wconf 83' lang='grc' dir='ltr'>Ἀλλ’</span> <span class='ocrx_word' id='word_1_706' title='bbox 2574 4383 3022 4454; x_wconf 86' lang='grc' dir='ltr'>αἰσχυνθήσονται</span> <span class='ocrx_word' id='word_1_707' title='bbox 3068 4383 3118 4436; x_wconf 77' lang='grc' dir='ltr'>οἱ</span> <span class='ocrx_word' id='word_1_708' title='bbox 3159 4381 3493 4446; x_wconf 77' lang='grc' dir='ltr'>πλάσσοντες</span> <span class='ocrx_word' id='word_1_709' title='bbox 3515 4382 3666 4450; x_wconf 68' lang='grc' dir='ltr'>Θεὸν,</span> <span class='ocrx_word' id='word_1_710' title='bbox 3701 4382 3799 4433; x_wconf 77' lang='grc' dir='ltr'>καὶ</span> 
     </span>
    </p>
   </div>
   <div class='ocr_carea' id='block_1_91' title="bbox 525 4475 2105 4563">
    <p class='ocr_par' dir='ltr' id='par_1_91' title="bbox 525 4481 2104 4555">
     <span class='ocr_line' id='line_1_91' title="bbox 525 4481 2104 4555; baseline -0.004 -12"><span class='ocrx_word' id='word_1_711' title='bbox 525 4499 720 4543; x_wconf 76' lang='lat' dir='ltr'><strong>omnes</strong></span> <span class='ocrx_word' id='word_1_712' title='bbox 749 4483 1024 4539; x_wconf 66' lang='lat' dir='ltr'><strong>inutilia.»</strong></span> <span class='ocrx_word' id='word_1_713' title='bbox 1060 4483 1174 4538; x_wconf 81' lang='lat' dir='ltr'><strong>Non</strong></span> <span class='ocrx_word' id='word_1_714' title='bbox 1204 4485 1273 4540; x_wconf 86' lang='lat' dir='ltr'><strong>ab</strong></span> <span class='ocrx_word' id='word_1_715' title='bbox 1323 4485 1502 4551; x_wconf 91' lang='lat' dir='ltr'><strong>initio,</strong></span> <span class='ocrx_word' id='word_1_716' title='bbox 1539 4485 1738 4555; x_wconf 88' lang='lat' dir='ltr'><strong>inquit,</strong></span> <span class='ocrx_word' id='word_1_717' title='bbox 1765 4483 1837 4538; x_wconf 88' lang='lat' dir='ltr'><strong>ita</strong></span> <span class='ocrx_word' id='word_1_718' title='bbox 1885 4481 2019 4547; x_wconf 79' lang='lat' dir='ltr'><strong>fuit;</strong></span> <span class='ocrx_word' id='word_1_719' title='bbox 2053 4481 2104 4536; x_wconf 86' lang='lat' dir='ltr'><strong>id</strong></span> 
     </span>
    </p>
   </div>
   <div class='ocr_carea' id='block_1_92' title="bbox 2206 4475 3794 4563">
    <p class='ocr_par' dir='ltr' id='par_1_92' title="bbox 2209 4475 3794 4548">
     <span class='ocr_line' id='line_1_92' title="bbox 2209 4475 3794 4548; baseline -0.003 -18"><span class='ocrx_word' id='word_1_720' title='bbox 2209 4477 2504 4548; x_wconf 80' lang='grc' dir='ltr'>γλύφοντες</span> <span class='ocrx_word' id='word_1_721' title='bbox 2533 4477 2731 4540; x_wconf 84' lang='grc' dir='ltr'>πάντες</span> <span class='ocrx_word' id='word_1_722' title='bbox 2759 4475 3032 4546; x_wconf 71' lang='grc' dir='ltr'>ἀνωφελῆ.</span> <span class='ocrx_word' id='word_1_723' title='bbox 3061 4495 3079 4528; x_wconf 77' lang='lat' dir='ltr'><strong>r</strong></span> <span class='ocrx_word' id='word_1_724' title='bbox 3115 4476 3229 4529; x_wconf 85' lang='grc' dir='ltr'>Οὐκ</span> <span class='ocrx_word' id='word_1_725' title='bbox 3267 4475 3362 4528; x_wconf 80' lang='grc' dir='ltr'><strong>ἀπ’</strong></span> <span class='ocrx_word' id='word_1_726' title='bbox 3387 4475 3587 4546; x_wconf 80' lang='grc' dir='ltr'>ἀρχῆς,</span> <span class='ocrx_word' id='word_1_727' title='bbox 3638 4475 3794 4546; x_wconf 76' lang='grc' dir='ltr'>φησὶ,</span> 
     </span>
    </p>
   </div>
   <div class='ocr_carea' id='block_1_93' title="bbox 524 4573 2102 4649">
    <p class='ocr_par' dir='ltr' id='par_1_93' title="bbox 524 4573 2102 4649">
     <span class='ocr_line' id='line_1_93' title="bbox 524 4573 2102 4649; baseline -0.006 -15"><span class='ocrx_word' id='word_1_728' title='bbox 524 4584 615 4634; x_wconf 79' lang='lat' dir='ltr'><strong>est</strong></span> <span class='ocrx_word' id='word_1_729' title='bbox 673 4587 804 4632; x_wconf 88' lang='lat' dir='ltr'><strong>ante</strong></span> <span class='ocrx_word' id='word_1_730' title='bbox 851 4576 1037 4632; x_wconf 81' lang='lat' dir='ltr'><strong>diluvii</strong></span> <span class='ocrx_word' id='word_1_731' title='bbox 1091 4585 1359 4649; x_wconf 86' lang='lat' dir='ltr'><strong>tempora,</strong></span> <span class='ocrx_word' id='word_1_732' title='bbox 1397 4592 1520 4632; x_wconf 89' lang='lat' dir='ltr'><strong>cum</strong></span> <span class='ocrx_word' id='word_1_733' title='bbox 1579 4577 1766 4631; x_wconf 88' lang='lat' dir='ltr'><strong>animo</strong></span> <span class='ocrx_word' id='word_1_734' title='bbox 1797 4573 2102 4644; x_wconf 78' lang='lat' dir='ltr'><strong>expertiunt</strong></span> 
     </span>
    </p>
   </div>
   <div class='ocr_carea' id='block_1_94' title="bbox 523 4667 2107 4738">
    <p class='ocr_par' dir='ltr' id='par_1_94' title="bbox 523 4667 2107 4738">
     <span class='ocr_line' id='line_1_94' title="bbox 523 4667 2107 4738; baseline -0.004 -10"><span class='ocrx_word' id='word_1_735' title='bbox 523 4669 941 4728; x_wconf 79' lang='lat' dir='ltr'><strong>simulacrorum</strong></span> <span class='ocrx_word' id='word_1_736' title='bbox 990 4668 1130 4726; x_wconf 82' lang='lat' dir='ltr'><strong>fabri</strong></span> <span class='ocrx_word' id='word_1_737' title='bbox 1165 4669 1406 4725; x_wconf 92' lang='lat' dir='ltr'><strong>nondum</strong></span> <span class='ocrx_word' id='word_1_738' title='bbox 1445 4677 1653 4726; x_wconf 88' lang='lat' dir='ltr'><strong>essent.</strong></span> <span class='ocrx_word' id='word_1_739' title='bbox 1686 4667 1904 4738; x_wconf 76' lang='lat' dir='ltr'><strong>Vosque</strong></span> <span class='ocrx_word' id='word_1_740' title='bbox 1939 4675 2107 4721; x_wconf 82' lang='lat' dir='ltr'><strong>testes</strong></span> 
     </span>
    </p>
   </div>
   <div class='ocr_carea' id='block_1_95' title="bbox 525 4756 2109 4827">
    <p class='ocr_par' dir='ltr' id='par_1_95' title="bbox 525 4756 2109 4827">
     <span class='ocr_line' id='line_1_95' title="bbox 525 4756 2109 4827; baseline -0.005 -9"><span class='ocrx_word' id='word_1_741' title='bbox 525 4763 684 4827; x_wconf 85' lang='lat' dir='ltr'><strong>estis,</strong></span> <span class='ocrx_word' id='word_1_742' title='bbox 733 4763 997 4825; x_wconf 89' lang='lat' dir='ltr'><strong>nondum,</strong></span> <span class='ocrx_word' id='word_1_743' title='bbox 1047 4760 1258 4817; x_wconf 84' lang='lat' dir='ltr'><strong>scilicet</strong></span> <span class='ocrx_word' id='word_1_744' title='bbox 1287 4761 1442 4816; x_wconf 85' lang='lat' dir='ltr'><strong>initio</strong></span> <span class='ocrx_word' id='word_1_745' title='bbox 1483 4759 1728 4815; x_wconf 86' lang='lat' dir='ltr'><strong>mortalis</strong></span> <span class='ocrx_word' id='word_1_746' title='bbox 1759 4758 1905 4823; x_wconf 58' lang='lat' dir='ltr'><strong>vitae,</strong></span> <span class='ocrx_word' id='word_1_747' title='bbox 1944 4756 2109 4812; x_wconf 82' lang='lat' dir='ltr'><strong>exsti-</strong></span> 
     </span>
    </p>
   </div>
   <div class='ocr_carea' id='block_1_96' title="bbox 525 4847 2108 4922">
    <p class='ocr_par' dir='ltr' id='par_1_96' title="bbox 525 4847 2108 4922">
     <span class='ocr_line' id='line_1_96' title="bbox 525 4847 2108 4922; baseline -0.004 -14"><span class='ocrx_word' id='word_1_748' title='bbox 525 4854 658 4921; x_wconf 79' lang='lat' dir='ltr'><strong>tisse</strong></span> <span class='ocrx_word' id='word_1_749' title='bbox 684 4853 1014 4910; x_wconf 78' lang='lat' dir='ltr'><strong>conliatores</strong></span> <span class='ocrx_word' id='word_1_750' title='bbox 1039 4853 1456 4922; x_wconf 89' lang='lat' dir='ltr'><strong>sculptoresque</strong></span> <span class='ocrx_word' id='word_1_751' title='bbox 1509 4851 1769 4916; x_wconf 89' lang='lat' dir='ltr'><strong>deorum;</strong></span> <span class='ocrx_word' id='word_1_752' title='bbox 1803 4864 1931 4905; x_wconf 90' lang='lat' dir='ltr'><strong>cum</strong></span> <span class='ocrx_word' id='word_1_753' title='bbox 1965 4847 2108 4904; x_wconf 82' lang='lat' dir='ltr'><strong>scul-</strong></span> 
     </span>
    </p>
   </div>
   <div class='ocr_carea' id='block_1_97' title="bbox 524 4941 2106 5016">
    <p class='ocr_par' dir='ltr' id='par_1_97' title="bbox 524 4941 2106 5016">
     <span class='ocr_line' id='line_1_97' title="bbox 524 4941 2106 5016; baseline -0.001 -19"><span class='ocrx_word' id='word_1_754' title='bbox 524 4944 705 5016; x_wconf 84' lang='lat' dir='ltr'><strong>ptoria</strong></span> <span class='ocrx_word' id='word_1_755' title='bbox 735 4944 1058 5016; x_wconf 82' lang='lat' dir='ltr'><strong>labrilisque</strong></span> <span class='ocrx_word' id='word_1_756' title='bbox 1087 4944 1181 5001; x_wconf 87' lang='lat' dir='ltr'><strong>ars</strong></span> <span class='ocrx_word' id='word_1_757' title='bbox 1204 4943 1346 5014; x_wconf 86' lang='lat' dir='ltr'><strong>apud</strong></span> <span class='ocrx_word' id='word_1_758' title='bbox 1384 4942 1632 4998; x_wconf 86' lang='lat' dir='ltr'><strong>homines</strong></span> <span class='ocrx_word' id='word_1_759' title='bbox 1669 4941 1905 4996; x_wconf 90' lang='lat' dir='ltr'><strong>nondum</strong></span> <span class='ocrx_word' id='word_1_760' title='bbox 1951 4954 2106 5009; x_wconf 85' lang='lat' dir='ltr'><strong>repe-</strong></span> 
     </span>
    </p>
   </div>
   <div class='ocr_carea' id='block_1_98' title="bbox 525 5033 752 5089">
    <p class='ocr_par' dir='ltr' id='par_1_98' title="bbox 525 5033 752 5089">
     <span class='ocr_line' id='line_1_98' title="bbox 525 5033 752 5089; baseline -0.004 -1"><span class='ocrx_word' id='word_1_761' title='bbox 525 5033 752 5089; x_wconf 86' lang='lat' dir='ltr'><strong>riretur.</strong></span> 
     </span>
    </p>
   </div>
   <div class='ocr_carea' id='block_1_99' title="bbox 599 5121 2105 5182">
    <p class='ocr_par' dir='ltr' id='par_1_99' title="bbox 599 5121 2105 5182">
     <span class='ocr_line' id='line_1_99' title="bbox 599 5121 2105 5182; baseline 0.002 -7"><span class='ocrx_word' id='word_1_762' title='bbox 599 5121 766 5177; x_wconf 69' lang='lat' dir='ltr'><strong>Vsus.</strong></span> <span class='ocrx_word' id='word_1_763' title='bbox 803 5123 987 5178; x_wconf 75' lang='grc'>11-17.</span> <span class='ocrx_word' id='word_1_764' title='bbox 1021 5143 1038 5176; x_wconf 78' lang='grc' dir='ltr'><strong>ι</strong></span> <span class='ocrx_word' id='word_1_765' title='bbox 1065 5124 1129 5180; x_wconf 82' lang='lat' dir='ltr'><strong>Et</strong></span> <span class='ocrx_word' id='word_1_766' title='bbox 1171 5138 1362 5182; x_wconf 88' lang='lat' dir='ltr'><strong>omnes</strong></span> <span class='ocrx_word' id='word_1_767' title='bbox 1386 5123 1526 5178; x_wconf 87' lang='lat' dir='ltr'><strong>unde</strong></span> <span class='ocrx_word' id='word_1_768' title='bbox 1551 5122 1677 5178; x_wconf 80' lang='lat' dir='ltr'><strong>facti</strong></span> <span class='ocrx_word' id='word_1_769' title='bbox 1722 5133 1848 5177; x_wconf 88' lang='lat' dir='ltr'><strong>sunt</strong></span> <span class='ocrx_word' id='word_1_770' title='bbox 1875 5137 2105 5178; x_wconf 80' lang='lat' dir='ltr'><strong>exarue-</strong></span> 
     </span>
    </p>
   </div>
   <div class='ocr_carea' id='block_1_100' title="bbox 529 5217 2104 5286">
    <p class='ocr_par' dir='ltr' id='par_1_100' title="bbox 529 5217 2104 5286">
     <span class='ocr_line' id='line_1_100' title="bbox 529 5217 2104 5286; baseline -0.001 -16"><span class='ocrx_word' id='word_1_771' title='bbox 529 5223 677 5280; x_wconf 85' lang='lat' dir='ltr'><strong>runt,</strong></span> <span class='ocrx_word' id='word_1_772' title='bbox 696 5224 752 5270; x_wconf 90' lang='lat' dir='ltr'><strong>et</strong></span> <span class='ocrx_word' id='word_1_773' title='bbox 783 5217 931 5271; x_wconf 87' lang='lat' dir='ltr'><strong>surdi</strong></span> <span class='ocrx_word' id='word_1_774' title='bbox 977 5218 1044 5272; x_wconf 91' lang='lat' dir='ltr'><strong>ab</strong></span> <span class='ocrx_word' id='word_1_775' title='bbox 1084 5218 1398 5273; x_wconf 87' lang='lat' dir='ltr'><strong>hominibus</strong></span> <span class='ocrx_word' id='word_1_776' title='bbox 1445 5227 1844 5286; x_wconf 72' lang='lat' dir='ltr'><strong>congregemur</strong></span> <span class='ocrx_word' id='word_1_777' title='bbox 1888 5229 2104 5278; x_wconf 87' lang='lat' dir='ltr'><strong>omnes,</strong></span> 
     </span>
    </p>
   </div>
   <div class='ocr_carea' id='block_1_101' title="bbox 525 5307 2103 5376">
    <p class='ocr_par' dir='ltr' id='par_1_101' title="bbox 525 5307 2103 5376">
     <span class='ocr_line' id='line_1_101' title="bbox 525 5307 2103 5376; baseline -0.003 -12"><span class='ocrx_word' id='word_1_778' title='bbox 525 5317 584 5364; x_wconf 90' lang='lat' dir='ltr'><strong>et</strong></span> <span class='ocrx_word' id='word_1_779' title='bbox 609 5317 758 5365; x_wconf 84' lang='lat' dir='ltr'><strong>stent</strong></span> <span class='ocrx_word' id='word_1_780' title='bbox 779 5309 960 5376; x_wconf 89' lang='lat' dir='ltr'><strong>simul,</strong></span> <span class='ocrx_word' id='word_1_781' title='bbox 989 5310 1398 5366; x_wconf 72' lang='lat' dir='ltr'><strong>confundantur</strong></span> <span class='ocrx_word' id='word_1_782' title='bbox 1425 5320 1481 5365; x_wconf 91' lang='lat' dir='ltr'><strong>et</strong></span> <span class='ocrx_word' id='word_1_783' title='bbox 1511 5309 1842 5364; x_wconf 86' lang='lat' dir='ltr'><strong>erubescant</strong></span> <span class='ocrx_word' id='word_1_784' title='bbox 1895 5307 2057 5363; x_wconf 90' lang='lat' dir='ltr'><strong>simul</strong></span> <span class='ocrx_word' id='word_1_785' title='bbox 2086 5322 2103 5360; x_wconf 89' lang='lat'><strong>:</strong></span> 
     </span>
    </p>
   </div>
   <div class='ocr_carea' id='block_1_102' title="bbox 524 5398 2100 5474">
    <p class='ocr_par' dir='ltr' id='par_1_102' title="bbox 524 5398 2100 5474">
     <span class='ocr_line' id='line_1_102' title="bbox 524 5398 2100 5474; baseline -0.003 -18"><span class='ocrx_word' id='word_1_786' title='bbox 524 5402 655 5474; x_wconf 87' lang='lat' dir='ltr'><strong>quia</strong></span> <span class='ocrx_word' id='word_1_787' title='bbox 692 5403 840 5458; x_wconf 89' lang='lat' dir='ltr'><strong>acuit</strong></span> <span class='ocrx_word' id='word_1_788' title='bbox 873 5403 1027 5460; x_wconf 77' lang='lat' dir='ltr'><strong>faber</strong></span> <span class='ocrx_word' id='word_1_789' title='bbox 1071 5403 1278 5458; x_wconf 81' lang='lat' dir='ltr'><strong>ferrum</strong></span> <span class='ocrx_word' id='word_1_790' title='bbox 1314 5402 1506 5460; x_wconf 76' lang='lat' dir='ltr'><strong>:ascia</strong></span> <span class='ocrx_word' id='word_1_791' title='bbox 1539 5409 1800 5472; x_wconf 89' lang='lat' dir='ltr'><strong>operatus</strong></span> <span class='ocrx_word' id='word_1_792' title='bbox 1827 5409 1911 5454; x_wconf 90' lang='lat' dir='ltr'><strong>est</strong></span> <span class='ocrx_word' id='word_1_793' title='bbox 1945 5398 2100 5463; x_wconf 91' lang='lat' dir='ltr'><strong>illud,</strong></span> 
     </span>
    </p>
   </div>
   <div class='ocr_carea' id='block_1_103' title="bbox 496 5489 2104 5582">
    <p class='ocr_par' dir='ltr' id='par_1_103' title="bbox 496 5489 2104 5582">
     <span class='ocr_line' id='line_1_103' title="bbox 496 5489 2104 5582; baseline -0.004 -33"><span class='ocrx_word' id='word_1_794' title='bbox 496 5501 582 5582; x_wconf 48' lang='grc' dir='ltr'><strong>ἐι</strong></span> <span class='ocrx_word' id='word_1_795' title='bbox 608 5495 880 5550; x_wconf 87' lang='lat' dir='ltr'><strong>terebrum</strong></span> <span class='ocrx_word' id='word_1_796' title='bbox 907 5495 1148 5551; x_wconf 82' lang='lat' dir='ltr'><strong>admovit</strong></span> <span class='ocrx_word' id='word_1_797' title='bbox 1171 5496 1246 5562; x_wconf 90' lang='lat' dir='ltr'><strong>ei,</strong></span> <span class='ocrx_word' id='word_1_798' title='bbox 1271 5504 1594 5564; x_wconf 87' lang='lat' dir='ltr'><strong>etoperatus</strong></span> <span class='ocrx_word' id='word_1_799' title='bbox 1627 5500 1711 5548; x_wconf 90' lang='lat' dir='ltr'><strong>est</strong></span> <span class='ocrx_word' id='word_1_800' title='bbox 1736 5490 1864 5545; x_wconf 90' lang='lat' dir='ltr'><strong>illud</strong></span> <span class='ocrx_word' id='word_1_801' title='bbox 1894 5490 1946 5543; x_wconf 90' lang='lat' dir='ltr'><strong>in</strong></span> <span class='ocrx_word' id='word_1_802' title='bbox 1977 5489 2104 5544; x_wconf 81' lang='lat' dir='ltr'><strong>bra-</strong></span> 
     </span>
    </p>
   </div>
   <div class='ocr_carea' id='block_1_104' title="bbox 599 5621 2101 5704">
    <p class='ocr_par' dir='ltr' id='par_1_104' title="bbox 599 5621 2101 5704">
     <span class='ocr_line' id='line_1_104' title="bbox 599 5621 2101 5704; baseline -0.01 -15"><span class='ocrx_word' id='word_1_803' title='bbox 599 5630 714 5704; x_wconf 61' lang='lat'><strong>(59)</strong></span> <span class='ocrx_word' id='word_1_804' title='bbox 737 5629 860 5704; x_wconf 12' lang='lat' dir='ltr'><strong>rJam</strong></span> <span class='ocrx_word' id='word_1_805' title='bbox 892 5628 947 5684; x_wconf 88' lang='lat' dir='ltr'><strong>in</strong></span> <span class='ocrx_word' id='word_1_806' title='bbox 976 5628 1301 5704; x_wconf 54' lang='lat' dir='ltr'><strong>Praefatione</strong></span> <span class='ocrx_word' id='word_1_807' title='bbox 1354 5625 1666 5704; x_wconf 67' lang='lat' dir='ltr'><strong>ad_i§usebii</strong></span> <span class='ocrx_word' id='word_1_808' title='bbox 1700 5621 2101 5704; x_wconf 73' lang='lat' dir='ltr'><strong>Commentario</strong></span> 
     </span>
    </p>
   </div>
   <div class='ocr_carea' id='block_1_105' title="bbox 526 5694 2100 5768">
    <p class='ocr_par' dir='ltr' id='par_1_105' title="bbox 526 5694 2100 5768">
     <span class='ocr_line' id='line_1_105' title="bbox 526 5694 2100 5768; baseline -0.009 -8"><span class='ocrx_word' id='word_1_809' title='bbox 526 5705 585 5760; x_wconf 82' lang='lat' dir='ltr'><strong>in</strong></span> <span class='ocrx_word' id='word_1_810' title='bbox 607 5694 860 5758; x_wconf 54' lang='lat' dir='ltr'><strong>&#39;Psulmos</strong></span> <span class='ocrx_word' id='word_1_811' title='bbox 885 5699 1188 5768; x_wconf 87' lang='lat' dir='ltr'><strong>perspicuis</strong></span> <span class='ocrx_word' id='word_1_812' title='bbox 1231 5697 1495 5768; x_wconf 62' lang='lat' dir='ltr'><strong>exetnplis</strong></span> <span class='ocrx_word' id='word_1_813' title='bbox 1525 5694 2100 5768; x_wconf 83' lang='lat' dir='ltr'><strong>commonstrav_iutus,</strong></span> 
     </span>
    </p>
   </div>
   <div class='ocr_carea' id='block_1_106' title="bbox 525 5764 2103 5841">
    <p class='ocr_par' dir='ltr' id='par_1_106' title="bbox 525 5764 2103 5841">
     <span class='ocr_line' id='line_1_106' title="bbox 525 5764 2103 5841; baseline -0.009 -9"><span class='ocrx_word' id='word_1_814' title='bbox 525 5790 714 5832; x_wconf 71' lang='lat' dir='ltr'><strong>vocem</strong></span> <span class='ocrx_word' id='word_1_815' title='bbox 749 5764 897 5838; x_wconf 62' lang='grc' dir='ltr'>βίος(</span> <span class='ocrx_word' id='word_1_816' title='bbox 915 5764 1226 5841; x_wconf 75' lang='lat' dir='ltr'><strong>frequenter</strong></span> <span class='ocrx_word' id='word_1_817' title='bbox 1280 5767 1350 5823; x_wconf 81' lang='lat' dir='ltr'><strong>ab</strong></span> <span class='ocrx_word' id='word_1_818' title='bbox 1394 5764 1644 5822; x_wconf 47' lang='lat' dir='ltr'><strong>&#39;Euscbio</strong></span> <span class='ocrx_word' id='word_1_819' title='bbox 1695 5764 1944 5835; x_wconf 84' lang='lat' dir='ltr'><strong>usurpari</strong></span> <span class='ocrx_word' id='word_1_820' title='bbox 2007 5779 2103 5832; x_wconf 86' lang='lat' dir='ltr'><strong>pro</strong></span> 
     </span>
    </p>
   </div>
   <div class='ocr_carea' id='block_1_107' title="bbox 2211 4564 3797 4639">
    <p class='ocr_par' dir='ltr' id='par_1_107' title="bbox 2211 4564 3797 4639">
     <span class='ocr_line' id='line_1_107' title="bbox 2211 4564 3797 4639; baseline -0.003 -17"><span class='ocrx_word' id='word_1_821' title='bbox 2211 4568 2456 4622; x_wconf 76' lang='grc' dir='ltr'>τουτέστι</span> <span class='ocrx_word' id='word_1_822' title='bbox 2489 4568 2592 4639; x_wconf 91' lang='grc' dir='ltr'><strong>πρὸ</strong></span> <span class='ocrx_word' id='word_1_823' title='bbox 2615 4567 2723 4621; x_wconf 81' lang='grc' dir='ltr'><strong>τῶν</strong></span> <span class='ocrx_word' id='word_1_824' title='bbox 2753 4565 2844 4621; x_wconf 87' lang='grc' dir='ltr'><strong>τοῦ</strong></span> <span class='ocrx_word' id='word_1_825' title='bbox 2875 4565 3261 4638; x_wconf 80' lang='grc' dir='ltr'>κατακλυσμοῦ</span> <span class='ocrx_word' id='word_1_826' title='bbox 3290 4566 3519 4638; x_wconf 86' lang='grc' dir='ltr'>χρόνων,</span> <span class='ocrx_word' id='word_1_827' title='bbox 3553 4564 3672 4618; x_wconf 88' lang='grc' dir='ltr'>καθ’</span> <span class='ocrx_word' id='word_1_828' title='bbox 3702 4564 3797 4629; x_wconf 82' lang='grc' dir='ltr'>οὓς</span> 
     </span>
    </p>
   </div>
   <div class='ocr_carea' id='block_1_108' title="bbox 2213 4659 3796 4732">
    <p class='ocr_par' dir='ltr' id='par_1_108' title="bbox 2213 4659 3796 4732">
     <span class='ocr_line' id='line_1_108' title="bbox 2213 4659 3796 4732; baseline -0.001 -17"><span class='ocrx_word' id='word_1_829' title='bbox 2213 4661 2331 4715; x_wconf 83' lang='grc' dir='ltr'><strong>οὑδέ</strong></span> <span class='ocrx_word' id='word_1_830' title='bbox 2357 4663 2406 4714; x_wconf 77' lang='grc' dir='ltr'>οἱ</span> <span class='ocrx_word' id='word_1_831' title='bbox 2461 4660 2568 4714; x_wconf 79' lang='grc' dir='ltr'><strong>τῶν</strong></span> <span class='ocrx_word' id='word_1_832' title='bbox 2595 4661 2819 4732; x_wconf 77' lang='grc' dir='ltr'>ἀψύχων</span> <span class='ocrx_word' id='word_1_833' title='bbox 2876 4659 3076 4726; x_wconf 82' lang='grc' dir='ltr'>ξοάνων</span> <span class='ocrx_word' id='word_1_834' title='bbox 3100 4661 3348 4723; x_wconf 85' lang='grc' dir='ltr'>τέκτονες</span> <span class='ocrx_word' id='word_1_835' title='bbox 3393 4659 3655 4732; x_wconf 86' lang='grc' dir='ltr'>ὑπῆρχον.</span> <span class='ocrx_word' id='word_1_836' title='bbox 3685 4659 3796 4713; x_wconf 79' lang='grc' dir='ltr'><strong>Καὶ</strong></span> 
     </span>
    </p>
   </div>
   <div class='ocr_carea' id='block_1_109' title="bbox 2211 4744 3793 4821">
    <p class='ocr_par' dir='ltr' id='par_1_109' title="bbox 2211 4744 3793 4821">
     <span class='ocr_line' id='line_1_109' title="bbox 2211 4744 3793 4821; baseline 0 -19"><span class='ocrx_word' id='word_1_837' title='bbox 2211 4748 2416 4802; x_wconf 87' lang='grc' dir='ltr'>τούτων</span> <span class='ocrx_word' id='word_1_838' title='bbox 2443 4749 2599 4821; x_wconf 88' lang='grc' dir='ltr'>ὑμεῖς</span> <span class='ocrx_word' id='word_1_839' title='bbox 2632 4749 2926 4820; x_wconf 76' lang='grc' dir='ltr'>μάρτυρες,</span> <span class='ocrx_word' id='word_1_840' title='bbox 2951 4750 3026 4811; x_wconf 82' lang='grc' dir='ltr'>ὡς</span> <span class='ocrx_word' id='word_1_841' title='bbox 3057 4750 3159 4803; x_wconf 81' lang='grc' dir='ltr'><strong>οὑκ</strong></span> <span class='ocrx_word' id='word_1_842' title='bbox 3185 4744 3325 4821; x_wconf 84' lang='grc' dir='ltr'>ἦσαν</span> <span class='ocrx_word' id='word_1_843' title='bbox 3373 4749 3516 4816; x_wconf 89' lang='grc' dir='ltr'>τότε,</span> <span class='ocrx_word' id='word_1_844' title='bbox 3559 4749 3701 4819; x_wconf 86' lang='grc' dir='ltr'>λέγω</span> <span class='ocrx_word' id='word_1_845' title='bbox 3728 4750 3793 4821; x_wconf 87' lang='grc' dir='ltr'><strong>δὴ</strong></span> 
     </span>
    </p>
   </div>
   <div class='ocr_carea' id='block_1_110' title="bbox 2215 4841 3793 4914">
    <p class='ocr_par' dir='ltr' id='par_1_110' title="bbox 2215 4841 3793 4914">
     <span class='ocr_line' id='line_1_110' title="bbox 2215 4841 3793 4914; baseline -0.001 -19"><span class='ocrx_word' id='word_1_846' title='bbox 2215 4841 2356 4896; x_wconf 83' lang='grc' dir='ltr'>κατά</span> <span class='ocrx_word' id='word_1_847' title='bbox 2388 4842 2486 4906; x_wconf 86' lang='grc' dir='ltr'><strong>τάς</strong></span> <span class='ocrx_word' id='word_1_848' title='bbox 2517 4841 2692 4914; x_wconf 83' lang='grc' dir='ltr'>ἀρχὰς</span> <span class='ocrx_word' id='word_1_849' title='bbox 2724 4843 2822 4912; x_wconf 80' lang='grc' dir='ltr'>τῆς</span> <span class='ocrx_word' id='word_1_850' title='bbox 2858 4841 2952 4896; x_wconf 88' lang='grc' dir='ltr'><strong>τοῦ</strong></span> <span class='ocrx_word' id='word_1_851' title='bbox 2991 4841 3188 4913; x_wconf 80' lang='grc' dir='ltr'>θνητοῦ</span> <span class='ocrx_word' id='word_1_852' title='bbox 3223 4842 3340 4914; x_wconf 82' lang='grc' dir='ltr'>βίου</span> <span class='ocrx_word' id='word_1_853' title='bbox 3369 4844 3702 4908; x_wconf 87' lang='grc' dir='ltr'>συστάσεως,</span> <span class='ocrx_word' id='word_1_854' title='bbox 3741 4844 3793 4895; x_wconf 89' lang='grc' dir='ltr'>οἱ</span> 
     </span>
    </p>
   </div>
   <div class='ocr_carea' id='block_1_111' title="bbox 2213 4932 3793 5005">
    <p class='ocr_par' dir='ltr' id='par_1_111' title="bbox 2213 4932 3793 5005">
     <span class='ocr_line' id='line_1_111' title="bbox 2213 4932 3793 5005; baseline 0.001 -20"><span class='ocrx_word' id='word_1_855' title='bbox 2213 4933 2542 4996; x_wconf 88' lang='grc' dir='ltr'>πλάσσοντες</span> <span class='ocrx_word' id='word_1_856' title='bbox 2572 4933 2666 4986; x_wconf 74' lang='grc' dir='ltr'>καὶ</span> <span class='ocrx_word' id='word_1_857' title='bbox 2696 4932 2990 5004; x_wconf 79' lang='grc' dir='ltr'>γλύφοντες</span> <span class='ocrx_word' id='word_1_858' title='bbox 3041 4934 3218 4999; x_wconf 81' lang='grc' dir='ltr'>θεοὺς,</span> <span class='ocrx_word' id='word_1_859' title='bbox 3266 4933 3419 4987; x_wconf 84' lang='grc' dir='ltr'>οὑπω</span> <span class='ocrx_word' id='word_1_860' title='bbox 3469 4934 3793 5005; x_wconf 81' lang='grc' dir='ltr'>γλυπτικῆς,</span> 
     </span>
    </p>
   </div>
   <div class='ocr_carea' id='block_1_112' title="bbox 2213 5024 3792 5098">
    <p class='ocr_par' dir='ltr' id='par_1_112' title="bbox 2213 5024 3792 5098">
     <span class='ocr_line' id='line_1_112' title="bbox 2213 5024 3792 5098; baseline 0.003 -21"><span class='ocrx_word' id='word_1_861' title='bbox 2213 5025 2334 5078; x_wconf 77' lang='grc' dir='ltr'>οὑδὲ</span> <span class='ocrx_word' id='word_1_862' title='bbox 2363 5024 2666 5097; x_wconf 82' lang='grc' dir='ltr'>πλαστικῆς</span> <span class='ocrx_word' id='word_1_863' title='bbox 2697 5025 2890 5097; x_wconf 86' lang='grc' dir='ltr'>τέχνης</span> <span class='ocrx_word' id='word_1_864' title='bbox 2922 5027 2981 5081; x_wconf 81' lang='grc' dir='ltr'><strong>ἐν</strong></span> <span class='ocrx_word' id='word_1_865' title='bbox 3025 5024 3334 5098; x_wconf 78' lang='grc' dir='ltr'>ἀνθρώποις</span> <span class='ocrx_word' id='word_1_866' title='bbox 3377 5027 3792 5098; x_wconf 80' lang='grc' dir='ltr'>εὑρισκομένης.</span> 
     </span>
    </p>
   </div>
   <div class='ocr_carea' id='block_1_113' title="bbox 2289 5117 3796 5191">
    <p class='ocr_par' dir='ltr' id='par_1_113' title="bbox 2289 5117 3796 5191">
     <span class='ocr_line' id='line_1_113' title="bbox 2289 5117 3796 5191; baseline 0.002 -22"><span class='ocrx_word' id='word_1_867' title='bbox 2289 5134 2308 5167; x_wconf 81' lang='lat' dir='ltr'><strong>t</strong></span> <span class='ocrx_word' id='word_1_868' title='bbox 2327 5117 2437 5170; x_wconf 77' lang='lat' dir='ltr'><strong>Kal.</strong></span> <span class='ocrx_word' id='word_1_869' title='bbox 2467 5117 2668 5182; x_wconf 86' lang='grc' dir='ltr'>πάντες</span> <span class='ocrx_word' id='word_1_870' title='bbox 2707 5117 2828 5172; x_wconf 83' lang='grc' dir='ltr'>ὅθεν</span> <span class='ocrx_word' id='word_1_871' title='bbox 2860 5118 3106 5187; x_wconf 85' lang='grc' dir='ltr'>ἐγένοντο</span> <span class='ocrx_word' id='word_1_872' title='bbox 3134 5117 3528 5191; x_wconf 79' lang='grc' dir='ltr'>ὲξηράνθησαν.</span> <span class='ocrx_word' id='word_1_873' title='bbox 3559 5120 3652 5172; x_wconf 70' lang='grc' dir='ltr'>καὶ</span> <span class='ocrx_word' id='word_1_874' title='bbox 3687 5137 3796 5172; x_wconf 87' lang='grc' dir='ltr'>κω-</span> 
     </span>
    </p>
   </div>
   <div class='ocr_carea' id='block_1_114' title="bbox 2213 5209 3798 5282">
    <p class='ocr_par' dir='ltr' id='par_1_114' title="bbox 2213 5209 3798 5282">
     <span class='ocr_line' id='line_1_114' title="bbox 2213 5209 3798 5282; baseline -0.001 -18"><span class='ocrx_word' id='word_1_875' title='bbox 2213 5211 2304 5281; x_wconf 75' lang='grc' dir='ltr'>φοὶ</span> <span class='ocrx_word' id='word_1_876' title='bbox 2336 5211 2442 5264; x_wconf 84' lang='grc' dir='ltr'>ἀπο</span> <span class='ocrx_word' id='word_1_877' title='bbox 2465 5209 2764 5282; x_wconf 80' lang='grc' dir='ltr'>ἀνθρώπων</span> <span class='ocrx_word' id='word_1_878' title='bbox 2788 5209 3209 5282; x_wconf 82' lang='grc' dir='ltr'>συναχθὴτωσαν</span> <span class='ocrx_word' id='word_1_879' title='bbox 3234 5211 3453 5277; x_wconf 84' lang='grc' dir='ltr'>πάντες,</span> <span class='ocrx_word' id='word_1_880' title='bbox 3479 5211 3573 5265; x_wconf 84' lang='grc' dir='ltr'>καὶ</span> <span class='ocrx_word' id='word_1_881' title='bbox 3603 5211 3798 5282; x_wconf 87' lang='grc' dir='ltr'>στησά-</span> 
     </span>
    </p>
   </div>
   <div class='ocr_carea' id='block_1_115' title="bbox 2209 5302 3795 5375">
    <p class='ocr_par' dir='ltr' id='par_1_115' title="bbox 2209 5302 3795 5375">
     <span class='ocr_line' id='line_1_115' title="bbox 2209 5302 3795 5375; baseline -0.002 -19"><span class='ocrx_word' id='word_1_882' title='bbox 2209 5318 2388 5356; x_wconf 82' lang='grc' dir='ltr'>τωσαν</span> <span class='ocrx_word' id='word_1_883' title='bbox 2419 5302 2554 5375; x_wconf 77' lang='grc' dir='ltr'>ἅμα,</span> <span class='ocrx_word' id='word_1_884' title='bbox 2601 5303 2695 5355; x_wconf 73' lang='grc' dir='ltr'>καὶ</span> <span class='ocrx_word' id='word_1_885' title='bbox 2738 5303 3182 5375; x_wconf 79' lang='grc' dir='ltr'>ἐντραπήτωσαν,</span> <span class='ocrx_word' id='word_1_886' title='bbox 3225 5305 3320 5355; x_wconf 80' lang='grc' dir='ltr'>καὶ</span> <span class='ocrx_word' id='word_1_887' title='bbox 3351 5302 3795 5375; x_wconf 82' lang='grc' dir='ltr'>αἱσχυνθήτωσαν</span> 
     </span>
    </p>
   </div>
   <div class='ocr_carea' id='block_1_116' title="bbox 2213 5393 3796 5466">
    <p class='ocr_par' dir='ltr' id='par_1_116' title="bbox 2213 5393 3796 5466">
     <span class='ocr_line' id='line_1_116' title="bbox 2213 5393 3796 5466; baseline -0.001 -16"><span class='ocrx_word' id='word_1_888' title='bbox 2213 5397 2328 5466; x_wconf 76' lang='grc' dir='ltr'>ἅμα</span> <span class='ocrx_word' id='word_1_889' title='bbox 2350 5411 2364 5425; x_wconf 87' lang='grc'>⁶</span> <span class='ocrx_word' id='word_1_890' title='bbox 2395 5394 2476 5447; x_wconf 77' lang='grc' dir='ltr'>ὅτι</span> <span class='ocrx_word' id='word_1_891' title='bbox 2503 5393 2673 5461; x_wconf 77' lang='grc' dir='ltr'>ὥξυνε</span> <span class='ocrx_word' id='word_1_892' title='bbox 2703 5394 2910 5447; x_wconf 87' lang='grc' dir='ltr'>τέκτων</span> <span class='ocrx_word' id='word_1_893' title='bbox 2945 5394 3180 5466; x_wconf 84' lang='grc' dir='ltr'>σίδηρον,</span> <span class='ocrx_word' id='word_1_894' title='bbox 3222 5397 3511 5466; x_wconf 82' lang='grc' dir='ltr'>σκεπάρνῳ</span> <span class='ocrx_word' id='word_1_895' title='bbox 3542 5395 3796 5466; x_wconf 72' lang='grc' dir='ltr'>εἰργάσα-</span> 
     </span>
    </p>
   </div>
   <div class='ocr_carea' id='block_1_117' title="bbox 2212 5487 3794 5559">
    <p class='ocr_par' dir='ltr' id='par_1_117' title="bbox 2212 5487 3794 5559">
     <span class='ocr_line' id='line_1_117' title="bbox 2212 5487 3794 5559; baseline -0.001 -16"><span class='ocrx_word' id='word_1_896' title='bbox 2212 5507 2273 5543; x_wconf 91' lang='grc' dir='ltr'><strong>το</strong></span> <span class='ocrx_word' id='word_1_897' title='bbox 2303 5488 2454 5555; x_wconf 86' lang='grc' dir='ltr'>αὑτὸ,</span> <span class='ocrx_word' id='word_1_898' title='bbox 2487 5490 2582 5542; x_wconf 70' lang='grc' dir='ltr'>καὶ</span> <span class='ocrx_word' id='word_1_899' title='bbox 2615 5489 2672 5541; x_wconf 80' lang='grc' dir='ltr'><strong>ἐν</strong></span> <span class='ocrx_word' id='word_1_900' title='bbox 2694 5488 2930 5556; x_wconf 77' lang='grc' dir='ltr'>τερέτρῳ</span> <span class='ocrx_word' id='word_1_901' title='bbox 2960 5487 3190 5558; x_wconf 76' lang='grc' dir='ltr'>ἔστησεν</span> <span class='ocrx_word' id='word_1_902' title='bbox 3227 5487 3381 5549; x_wconf 82' lang='grc' dir='ltr'>αὑτὸ,</span> <span class='ocrx_word' id='word_1_903' title='bbox 3417 5487 3509 5540; x_wconf 81' lang='grc' dir='ltr'>καὶ</span> <span class='ocrx_word' id='word_1_904' title='bbox 3545 5487 3794 5559; x_wconf 75' lang='grc' dir='ltr'>εἰργάσα-</span> 
     </span>
    </p>
   </div>
   <div class='ocr_carea' id='block_1_118' title="bbox 2207 5617 3796 5688">
    <p class='ocr_par' dir='ltr' id='par_1_118' title="bbox 2207 5617 3796 5688">
     <span class='ocr_line' id='line_1_118' title="bbox 2207 5617 3796 5688; baseline -0.003 -13"><span class='ocrx_word' id='word_1_905' title='bbox 2207 5620 2440 5685; x_wconf 86' lang='lat' dir='ltr'><strong>mundo,</strong></span> <span class='ocrx_word' id='word_1_906' title='bbox 2476 5623 2593 5676; x_wconf 76' lang='lat' dir='ltr'><strong>sive</strong></span> <span class='ocrx_word' id='word_1_907' title='bbox 2620 5633 2717 5688; x_wconf 89' lang='lat' dir='ltr'><strong>pro</strong></span> <span class='ocrx_word' id='word_1_908' title='bbox 2752 5617 3064 5672; x_wconf 87' lang='lat' dir='ltr'><strong>hominibus</strong></span> <span class='ocrx_word' id='word_1_909' title='bbox 3113 5618 3217 5672; x_wconf 87' lang='lat' dir='ltr'><strong>hoc</strong></span> <span class='ocrx_word' id='word_1_910' title='bbox 3249 5619 3302 5672; x_wconf 90' lang='lat' dir='ltr'><strong>in</strong></span> <span class='ocrx_word' id='word_1_911' title='bbox 3336 5619 3537 5673; x_wconf 84' lang='lat' dir='ltr'><strong>mundo</strong></span> <span class='ocrx_word' id='word_1_912' title='bbox 3568 5633 3796 5688; x_wconf 75' lang='lat' dir='ltr'><strong>versan-</strong></span> 
     </span>
    </p>
   </div>
   <div class='ocr_carea' id='block_1_119' title="bbox 2213 5687 3790 5758">
    <p class='ocr_par' dir='ltr' id='par_1_119' title="bbox 2213 5687 3790 5758">
     <span class='ocr_line' id='line_1_119' title="bbox 2213 5687 3790 5758; baseline -0.004 -12"><span class='ocrx_word' id='word_1_913' title='bbox 2213 5693 2356 5747; x_wconf 87' lang='lat' dir='ltr'><strong>tibus</strong></span> <span class='ocrx_word' id='word_1_914' title='bbox 2380 5709 2394 5745; x_wconf 92' lang='lat'>:</span> <span class='ocrx_word' id='word_1_915' title='bbox 2417 5699 2474 5746; x_wconf 90' lang='lat' dir='ltr'><strong>et</strong></span> <span class='ocrx_word' id='word_1_916' title='bbox 2505 5695 2588 5744; x_wconf 85' lang='lat' dir='ltr'><strong>sic</strong></span> <span class='ocrx_word' id='word_1_917' title='bbox 2619 5687 2890 5757; x_wconf 80' lang='lat' dir='ltr'><strong>intelligas</strong></span> <span class='ocrx_word' id='word_1_918' title='bbox 2922 5697 3140 5756; x_wconf 77' lang='lat' dir='ltr'><strong>oportet</strong></span> <span class='ocrx_word' id='word_1_919' title='bbox 3185 5690 3289 5743; x_wconf 89' lang='lat' dir='ltr'><strong>boc</strong></span> <span class='ocrx_word' id='word_1_920' title='bbox 3315 5688 3434 5745; x_wconf 87' lang='lat' dir='ltr'><strong>loco</strong></span> <span class='ocrx_word' id='word_1_921' title='bbox 3462 5689 3521 5741; x_wconf 86' lang='grc' dir='ltr'>ὲν</span> <span class='ocrx_word' id='word_1_922' title='bbox 3554 5687 3635 5758; x_wconf 84' lang='grc' dir='ltr'>τῷ</span> <span class='ocrx_word' id='word_1_923' title='bbox 3666 5687 3790 5756; x_wconf 80' lang='grc' dir='ltr'>βίῳ,</span> 
     </span>
    </p>
   </div>
   <div class='ocr_carea' id='block_1_120' title="bbox 2213 5759 3796 5830">
    <p class='ocr_par' dir='ltr' id='par_1_120' title="bbox 2213 5759 3796 5830">
     <span class='ocr_line' id='line_1_120' title="bbox 2213 5759 3796 5830; baseline -0.006 -10"><span class='ocrx_word' id='word_1_924' title='bbox 2213 5763 2427 5820; x_wconf 82' lang='lat' dir='ltr'><strong>scilicet</strong></span> <span class='ocrx_word' id='word_1_925' title='bbox 2457 5762 2508 5818; x_wconf 86' lang='lat' dir='ltr'><strong>in</strong></span> <span class='ocrx_word' id='word_1_926' title='bbox 2534 5759 2752 5829; x_wconf 79' lang='lat' dir='ltr'><strong>mundo,</strong></span> <span class='ocrx_word' id='word_1_927' title='bbox 2792 5776 2853 5814; x_wconf 83' lang='lat' dir='ltr'><strong>uc</strong></span> <span class='ocrx_word' id='word_1_928' title='bbox 2889 5759 3132 5816; x_wconf 78' lang='lat' dir='ltr'><strong>homines</strong></span> <span class='ocrx_word' id='word_1_929' title='bbox 3160 5759 3214 5814; x_wconf 88' lang='lat' dir='ltr'><strong>in</strong></span> <span class='ocrx_word' id='word_1_930' title='bbox 3245 5759 3344 5816; x_wconf 80' lang='lat' dir='ltr'><strong>hac</strong></span> <span class='ocrx_word' id='word_1_931' title='bbox 3367 5760 3474 5815; x_wconf 84' lang='lat' dir='ltr'><strong>vita</strong></span> <span class='ocrx_word' id='word_1_932' title='bbox 3507 5760 3796 5830; x_wconf 72' lang='lat' dir='ltr'><strong>degentes.</strong></span> 
     </span>
    </p>
   </div>
  </div>
