4130 6400
356 371 462 426 ωε)

1283 360 1787 417 (ΣΟΜΜΕΝΤΑΒΙΑ
1827 358 1893 415 IN
1932 356 2190 414 lSAlAM.
2220 384 2288 396 --
2325 353 2480 411 CAP.
2524 349 2678 407 XLV.

3521 344 3627 400 MO

357 489 545 543 τεῦθεν
577 489 677 559 ἤδη
719 487 970 560 προλέγω
999 488 1092 540 καὶ
1122 485 1554 556 ἐπαγγέλλομαι,
1583 486 1666 538 ὅτι
1703 487 1803 555 τὴν
1839 486 1942 538 Ὶε-

2061 481 2160 550 :jue
2189 479 2466 536 excidium
2499 493 2528 532 a
2561 474 2873 547 Babyloniis
2900 473 3107 527 factum
3129 509 3145 534 ,
3180 467 3547 523 renovandam
3575 477 3632 522 et

362 579 644 654 ρουσαλὴμ
671 578 809 648 μετά
841 577 938 649 τήν
971 576 1198 650 πρώτην
1226 575 1546 647 καθαίρεσιν
1571 576 1668 646 τὴν
1699 576 1806 628 ὑπὸ
1842 575 1946 628 Βα-

361 671 640 724 ϐυλωνίων
679 669 1057 739 γενησομένην
1105 666 1557 736 ἀνακαινισθῆναι
1603 667 1837 736 ποιήσω,
1870 665 1947 728 ὡς

359 761 453 815 καὶ
484 761 584 823 τὰς
601 759 702 826 τῆς
739 757 996 820 ἰουδαίας
1027 757 1211 820 πόλεις
1236 757 1650 828 καωικηθῆναι,
1683 757 1778 810 καὶ
1802 755 1870 809 τὰ
1889 757 1947 809 ὲν

361 854 552 916 αὖταῖς
578 851 674 923 ξρη
685 867 760 921 μα
797 849 961 902 πάλιν
985 849 1060 912 ὡς
1081 847 1148 904 τὰ
1167 849 1447 921 ἀπ’ἀρχῆς
1474 849 1754 919 συστῆναι.
1788 846 1948 901 Ἀλλά

363 946 459 998 καὶ
494 943 594 1015 τὴν
625 941 935 1007 πολυθεΐαν,
970 942 1067 1012 τῆς
1109 940 1309 1004 κακίας
1343 941 1576 996 ἄϐυσσον
1611 939 1949 1012 ὀνομαζομέ-

361 1056 481 1109 νην,
522 1037 726 1108 ἔρημον
753 1035 1100 1105 καταστήσω,
1135 1033 1230 1087 καὶ
1256 1034 1382 1097 τοὺς
1413 1033 1691 1104 ποταμοὺς
1726 1033 1827 1103 τῆς
1852 1050 1949 1086 πο-

362 1130 583 1192 λυθεῖας
628 1127 739 1181 τῶν
771 1126 1046 1196 πολεμίων
1098 1124 1454 1196 ἀποξηρανῶ’
1486 1126 1561 1190 ὡς
1619 1124 1815 1196 μηκέτι
1849 1125 1950 1196 τὴν

364 1219 660 1275 Βαϐυλῶνα
689 1217 973 1288 συστῆναι,
1008 1218 1145 1287 μήτε
1173 1217 1298 1280 τοὺς
1322 1219 1599 1287 ποταμοὺς
1623 1217 1793 1288 αὐτῆς
1822 1217 1948 1279 τοὺς

366 1312 538 1368 πολλά
559 1309 954 1382 δεδυνημένους
986 1310 1044 1361 ὲν
1092 1307 1352 1378 πλήθεσιν
1387 1310 1645 1380 ἰσχυροῖς.
1675 1309 1860 1363 Ταῦτα
1891 1309 1948 1362 δὲ

366 1407 543 1462 πάντα
563 1405 774 1474 ποιήσω
806 1401 1036 1472 διακόνῳ
1051 1401 1394 1472 χρησάμενος
1419 1400 1572 1472 ἀνδρὶ
1604 1402 1697 1454 τοῦ
1724 1382 1948 1473 Περσῶν

363 1500 554 1568 γένους
573 1494 977 1567 βεϐασιλευκότι
999 1492 1218 1563 πρώτῳ.
1249 1492 1377 1545 Εἰδὲ
1403 1492 1508 1564 χρὴ
1531 1493 1624 1546 καὶ
1643 1493 1728 1546 ἐπ’
1751 1494 1950 1563 ὀνόμα-

364 1607 454 1653 τος
470 1586 845 1659 προφητεῦσαι
867 1583 1054 1636 τούτου
1066 1584 1164 1654 τὴν
1177 1583 1568 1653 προσηγορίαν,
1586 1582 1765 1652 Κῦρος
1779 1582 1948 1651 ὄνομα

363 1683 443 1754 τῷ
487 1680 884 1750 θεσπιζομένῳ,
928 1677 987 1730 ὃν
1033 1680 1411 1748 προστήσομαι
1454 1675 1561 1728 τῶν
1595 1675 1744 1745 ἐμῶν
1775 1675 1948 1744 λόγων

367 1769 669 1839 ὑπηρέτην,
705 1766 967 1837 φρόνησιν
1010 1764 1159 1834 αύτῷ
1195 1764 1580 1836 δωρησάμενος
1625 1765 1842 1834 εὐσεϐῆ,
1873 1764 1948 1827 ὡς

2048 571 2466 630 restaurandam
2518 576 2837 624 curaturum
2868 579 3033 630 esse;
3073 563 3150 618 ita
3197 572 3251 616 ut
3303 559 3508 617 Iudaea:
3538 577 3632 615 nr-

2046 669 2142 722 bes
2169 664 2499 728 incolantur,
2529 671 2584 716 et
2610 675 2736 730 quae,
2769 659 2821 713 itt
2857 657 2966 713 illis
2999 657 3216 712 deserta
3247 655 3488 720 fuerant,
3527 655 3630 709 ite-

2046 776 2164 815 rum
2210 767 2269 814 ut
2319 773 2350 812 a
2405 754 2678 824 principio
2709 749 3092 808 constituenda
3125 749 3258 803 sint.
3287 746 3428 814 Quin
3464 746 3630 802 etiam

2047 854 2268 907 deorum
2312 846 2770 918 multiplicitatem
2794 884 2810 910 ,
2835 859 2956 914 qua:
3002 843 3231 914 abyssus
3261 839 3482 895 ntalitize
3535 854 3632 892 vo.

2046 953 2224 1009 catur,
2252 942 2526 996 desertam
2573 938 2793 1001 faciam,
2847 951 2912 991 ae
2973 933 3201 990 flumina
3257 931 3632 1002 ntultiplicita-

2049 1037 2118 1092 tis
2150 1037 2374 1089 deorum
2404 1072 2420 1098 ,
2464 1046 2586 1100 qua:
2630 1044 2798 1100 penes
2839 1027 3092 1082 inimicos
3121 1034 3245 1093 est,
3289 1025 3628 1088 arefaciam;

2048 1129 2120 1183 ita
2152 1137 2210 1181 ut
2239 1125 2479 1196 Babylon
2513 1139 2620 1178 non
2655 1121 2798 1176 ultra
2853 1121 3140 1184 consistat,
3182 1118 3276 1173 sed
3310 1132 3488 1188 neque
3531 1115 3634 1170 llu-

2047 1220 2193 1274 mina
2231 1217 2350 1283 ejus
2375 1256 2391 1282 ,
2439 1216 2488 1271 vi
2525 1213 2888 1268 multitudinis
2918 1213 3149 1266 multum
3187 1211 3441 1266 valentia.
3508 1209 3634 1264 Haec

2047 1327 2213 1381 porro
2242 1311 2424 1365 omnia
2461 1323 2720 1378 peragam
2759 1306 3012 1360 ministro
3043 1313 3202 1358 utens
3228 1301 3372 1366 viro,
3399 1300 3492 1370 qui
3521 1301 3636 1370 pri-

2049 1419 2168 1458 tuus
2215 1402 2500 1457 Persarum
2530 1415 2625 1454 rex
2657 1399 2782 1453 erit.
2817 1397 2972 1465 Quod
3023 1397 3070 1452 si
3119 1410 3258 1465 opus
3307 1395 3382 1451 sit
3434 1409 3634 1452 nomen

2047 1498 2163 1564 ejus
2191 1495 2502 1566 prophetiee
2551 1492 2868 1561 significare
2893 1531 2909 1557 ,
2954 1489 3130 1562 Cyrus
3161 1487 3520 1557 appellabitur
3566 1488 3631 1552 is,

2049 1590 2140 1658 qui
2195 1589 2249 1642 iu
2296 1586 2556 1641 vaticiuio
2606 1585 2803 1648 fertur,
2837 1597 2998 1653 quem
3040 1582 3335 1637 verborum
3387 1594 3634 1637 meorum

2051 1682 2360 1736 ministrum
2393 1679 2722 1734 constituam
2753 1693 2768 1741 ;
2797 1676 2942 1747 piam
2970 1675 3072 1745 ipsi
3119 1683 3354 1728 mentem
3399 1672 3592 1727 iudens
3621 1714 3637 1737 ,

2050 1785 2110 1829 ut
2144 1774 2274 1828 mihi
2312 1771 2510 1846 placita
2567 1770 2752 1825 omnia
2803 1778 3163 1839 exsequatur,
3215 1782 3280 1821 ac
3330 1764 3634 1821 Jerusalem

369 1863 548 1916 πάντα
579 1860 649 1914 τὰ
672 1858 988 1930 καταθύμιά
1022 1875 1110 1928 μοι
1142 1857 1368 1926 ποιῆσαι
1393 1857 1487 1910 καὶ
1515 1857 1814 1924 προστάξαι
1848 1857 1945 1929 τὴν

2071 1869 2228 1922 obeat
2277 1840 2548 1932 excitari,
2604 1862 2979 1933 templumque
3026 1861 3146 1930 ejus
3193 1876 3222 1914 a
3270 1858 3641 1917 fundamentis

380 1951 732 2022 Ἰερουσαλὴμ
750 1947 1189 2020 οἰκοδομηθῆναι,
1222 1950 1315 2000 καὶ
1345 1948 1435 2000 τὸν
1462 1946 1596 2000 νεὼν
1621 1947 1712 2001 τὸν
1731 1949 1788 2000 ὲν
1808 1949 1946 2019 αὐτῇ

371 2043 427 2095 θε
437 2041 786 2112 μελιωθῆναι.

867 2109 1263 2164 ΚΕΦΑΛΑΙΟΝ
1302 2110 1435 2164 ME'.

449 2223 467 2255 ι
503 2202 658 2269 Οὕτω
687 2202 832 2271 λέγει
861 2203 1064 2274 Κύριος
1091 2205 1120 2256 ὁ
1151 2201 1282 2266 Θεὸς
1327 2201 1404 2274 τῷ
1453 2201 1658 2275 χριστῷ
1693 2221 1794 2274 μου
1836 2201 1952 2254 Κύ-

376 2311 475 2366 ρῳ,
524 2288 585 2347 οὗ
631 2295 912 2365 ἐκράτησα
948 2295 1048 2365 τῆς
1094 2294 1271 2360 δεξιᾶς
1311 2295 1613 2349 ἐπακούσαι
1643 2294 1951 2367 ἔμπροσθεν

374 2387 540 2444 αὑτοῦ
571 2387 720 2459 ἔθνη,
774 2388 868 2442 καὶ
904 2389 1058 2459 ἰσχὺν
1087 2387 1352 2458 βασιλέων
1379 2387 1674 2460 διαρῤήξω.
1731 2387 1953 2452 Ἀνοίξω

374 2481 682 2554 ἔμπροσθεν
709 2479 873 2534 αὐτοῦ
901 2480 1092 2552 θύρας,
1137 2482 1230 2534 καὶ
1276 2480 1458 2543 πόλεις
1505 2481 1565 2534 ού
1617 2480 1955 2548 συγκλείσον-

377 2591 486 2627 ται.
531 2593 549 2625 ι
603 2572 832 2640 Ἀγαθὸν
868 2572 924 2625 δὲ
965 2572 1244 2643 ὑπηρέτην
1273 2573 1372 2642 τῆς
1400 2571 1538 2642 ἐμῆς
1575 2570 1769 2641 βουλῆς
1797 2566 1954 2642 εὗρον

371 2667 462 2720 τὸν
486 2665 899 2737 προδηλωθέντα
922 2665 1107 2738 ἄνδρα·
1133 2663 1383 2717 ἐντεῦθεν
1416 2664 1516 2735 ήδη
1545 2664 1956 2736 ἐπαγγέλλομαι

371 2756 666 2824 κρατήσειν
705 2754 871 2807 αὑτοῦ
906 2755 1006 2824 τῆς
1044 2752 1244 2818 δεξιᾶς,
1280 2755 1417 2825 πρὸς
1457 2753 1518 2807 τὸ
1561 2752 1636 2825 μὴ
1683 2756 1958 2827 παρατρέ-

371 2844 590 2908 πεσθαι,
623 2844 758 2915 μηδὲ
794 2843 1044 2898 νικᾶσθαι
1093 2843 1198 2896 ὑπό
1239 2859 1383 2906 τινος
1431 2842 1760 2914 κρείττονος.
1793 2843 1955 2899 Ὑπο-

269 2967 276 2972 -
371 2937 558 2990 τάσσω
588 2936 645 2989 δὲ
683 2936 833 3007 αὐτῷ
874 2935 1099 2988 πλεῖστα
1157 2936 1256 2988 ὅσα
1289 2936 1346 2987 ὲν
1376 2937 1490 2997 τοῖς
1539 2934 1747 2998 λοιποῖς
1779 2933 1957 2988 ἔθνεσι

377 3029 768 3100 βασιλευόντων
792 3045 804 3058 ⁸
831 3029 897 3082 δι’
925 3027 1087 3081 αὑτοῦ
1103 3027 1159 3080 δὲ
1179 3027 1276 3098 τὴν
1307 3026 1458 3097 ἰσχὺν
1473 3026 1750 3098 διαρρήξω
1776 3026 1957 3097 πάσης

374 3121 471 3191 τῆς
504 3121 559 3172 ὲν
592 3123 704 3183 τοῖς
735 3119 939 3182 λοιποῖς
961 3118 1134 3172 ἔθνεσι
1162 3117 1479 3181 δυναστείας
1499 3132 1512 3145 ⁸
1553 3116 1730 3171 πάντα
1753 3117 1811 3169 δὲ
1840 3117 1958 3171 λεῖα

2053 1959 2286 2015 exstrui.

2624 2109 2857 2169 CAPUT
2897 2108 3061 2166 XLV.

2121 2212 2284 2266 Vsus.
2321 2211 2369 2265 ι.
2406 2227 2424 2262 ι
2460 2207 2554 2265 Sic
2589 2207 2718 2262 dicit
2773 2204 3035 2260 Dominus
3083 2202 3224 2258 Deus
3273 2202 3485 2256 christo
3521 2215 3642 2254 meo

2051 2306 2216 2379 Cyro.
2287 2303 2441 2370 cujus
2493 2298 2829 2371 apprehendi
2885 2299 3190 2362 dexteram,
3247 2308 3304 2349 ut
3355 2294 3640 2363 subjiciam

2053 2409 2177 2453 ante
2208 2396 2400 2450 faciem
2451 2392 2568 2462 ejus
2609 2401 2822 2463 gentes,
2855 2399 2912 2445 et
2954 2388 3101 2443 vires
3139 2403 3324 2456 regum
3373 2387 3642 2454 frangam.

2054 2490 2308 2560 Aperiam
2342 2501 2530 2542 coram
2561 2499 2626 2539 eo
2658 2493 2865 2553 portas,
2921 2492 2976 2537 et
3029 2480 3194 2534 urbes
3231 2495 3336 2533 non
3381 2477 3642 2531 clauden-

2057 2595 2163 2640 tur.
2197 2601 2214 2634 t
2252 2580 2461 2636 Bonum
2499 2586 2683 2632 autem
2717 2573 2931 2631 consilii
2970 2572 3076 2627 mei
3112 2570 3420 2624 ministrum
3461 2565 3644 2620 iuveni

2057 2684 2419 2732 memoratum
2447 2673 2620 2726 virum
2648 2686 2662 2724 :
2693 2667 2806 2739 jam
2857 2666 2985 2721 hinc
3016 2664 3278 2737 polliceor
3325 2676 3411 2714 me
3451 2658 3645 2714 dexte-

2060 2785 2172 2824 ratu
2208 2767 2326 2838 ejus
2375 2764 2844 2834 apprehensurutu
2893 2775 3037 2826 esse,
3098 2768 3156 2812 ut
3210 2761 3644 2814 uouevertatur,

2061 2876 2242 2931 neque
2268 2863 2573 2929 'superetur
2627 2870 2659 2909 a
2717 2853 2975 2925 quopiam
3047 2849 3296 2904 fortiore.
3354 2845 3458 2916 Ipsi
3514 2859 3646 2899 vero

2062 2955 2230 3010 tuulta
2272 2949 2560 3024 subjiciam
2609 2961 2680 3002 ex
2740 2961 2929 3016 regum
2991 2945 3223 2998 aliarum
3267 2939 3511 3010 gentium
3562 2936 3646 2991 di-

2064 3049 2249 3103 tioue:
2286 3057 2383 3113 per
2413 3041 2594 3109 ipsum
2631 3037 2757 3093 item
2789 3051 3005 3113 omnem
3041 3037 3091 3090 in
3133 3032 3357 3102 reliquis
3393 3030 3648 3100 gentibus

2063 3111 2362 3212 potentiam
2395 3132 2749 3204 perfringam,
2806 3111 2986 3184 omnia
3034 3129 3194 3198 plana
3231 3133 3288 3181 et
3333 3122 3517 3177 facilia
3550 3136 3646 3191 pa-

377 3190 471 3266 καὶ
501 3212 680 3284 ὁμαλά
707 3213 1052 3283 καταστήσας
1085 3210 1189 3283 πρὸ
1215 3209 1322 3263 τῶν
1354 3209 1515 3263 αὑτοῦ
1566 3210 1761 3276 ποδῶν,
1794 3210 1959 3282 θύρας

2063 3190 2198 3286 rans
2223 3236 2349 3282 ante
2379 3223 2548 3295 pedes
2580 3219 2698 3288 ejus
2724 3239 2737 3275 :
2771 3231 2956 3289 portas
2981 3219 3220 3281 urbium,
3241 3225 3294 3271 et
3334 3215 3481 3282 ipsas
3511 3213 3647 3266 iule-

379 3305 608 3367 πόλεων,
644 3303 738 3356 καὶ
757 3302 926 3367 αὐτὰς
952 3302 1077 3366 ὅλας
1106 3302 1206 3366 τὰς
1233 3301 1415 3365 πόλεις
1446 3299 1790 3372 ὑποχειρίους
1813 3301 1960 3373 αύτῴ

384 3392 693 3467 παραδώσω
712 3411 726 3424 ·
761 3395 836 3457 ὡς
861 3393 1130 3464 μηδεμίαν
1155 3391 1405 3446 ἐναντίαν
1429 3391 1578 3462 αὐτῷ
1613 3391 1885 3459 γενέσθαι.

455 3527 474 3556 ι
509 3504 652 3574 Ἐγὼ
683 3504 988 3576 ἔμπροσθέν
1017 3520 1111 3556 σου
1155 3501 1520 3572 πορεύσομαι,
1569 3500 1662 3554 καὶ
1692 3499 1800 3572 ὄρη
1833 3503 1964 3570 ὁμα-

378 3599 510 3650 λιῶ·
544 3597 714 3669 θύρας
753 3598 958 3667 χαλκᾶς
990 3593 1286 3667 συντρίψω,
1324 3594 1419 3646 καὶ
1440 3591 1672 3664 μοχλοὺς
1710 3592 1964 3664 σιδηροῦς

385 3689 689 3758 συγκλάσω.
736 3707 754 3739 ι
784 3688 896 3742 Καὶ
930 3689 1070 3741 εἴποι
1112 3685 1156 3738 δ’
1183 3683 1248 3738 ἄν
1280 3701 1364 3747 τις
1390 3683 1458 3736 τὰ
1497 3683 1638 3736 κατὰ
1664 3683 1756 3735 τὸν
1801 3685 1964 3753 Ζορο-

380 3781 568 3846 ϐάϐελ,
603 3781 635 3852 ἢ
679 3781 819 3835 κατά
865 3780 1047 3852 Κῦρον
1095 3779 1382 3852 ἱστορικῶς
1417 3778 1704 3848 γενόμενα,
1748 3777 1964 3840 εἰκόνας

385 3875 480 3929 καὶ
506 3873 753 3944 σύμϐολα
769 3873 1045 3944 περιέχειν
1071 3872 1169 3943 τῆς
1198 3871 1456 3942 ἀληθείας
1475 3886 1488 3900 ·
1519 3869 1588 3921 τά
1614 3869 1672 3922 δὲ
1704 3871 1846 3922 κατά
1872 3869 1964 3923 τὸν

384 3964 560 4036 ἀληθῆ
593 3963 796 4036 Κύριον
835 3964 931 4016 καὶ
969 3962 1203 4033 Χριστὸν
1244 3959 1627 4030 πνευματικῶς
1671 3959 1963 4031 πεπληρῶ-

385 4059 538 4112 σθαι·
571 4058 647 4120 ὡς
678 4057 766 4110 ἐπ’
799 4055 962 4108 αὑτὸν
1003 4053 1200 4125 μᾶλλον
1242 4051 1527 4123 ἀληθεύειν
1553 4051 1643 4104 τὸν
1682 4051 1840 4121 λόγον
1872 4053 1963 4106 τὸν

385 4152 673 4223 φήσανταο
721 4169 738 4200 ι
795 4147 934 4201 Τάδε
987 4147 1135 4217 λέγει
1197 4144 1401 4214 Κύριος
1464 4142 1543 4214 τῷ
1594 4143 1800 4215 χριστῷ
1861 4161 1963 4214 μου

386 4243 571 4314 Κύρῳ.
596 4239 787 4296 »Κατά
824 4239 934 4311 γὰρ
964 4239 1062 4309 τὴν
1093 4237 1381 4309 πρόχειρον
1405 4235 1548 4304 λέξιν
1583 4234 1705 4288 οὔτε
1732 4233 1965 4306 Χριστὸς

383 4338 458 4392 ὢν
481 4337 576 4390 τοῦ
607 4336 740 4390 Θεοῦ
760 4336 1009 4406 φαίνεται
1030 4335 1058 4386 ό
1084 4334 1309 4405 Περσῶν
1335 4331 1588 4404 βασιλεὺς
1607 4331 1967 4402 οἰκοδομήσας

379 4434 480 4503 τὴν
527 4429 919 4502 Ἰερουσαλήμ’
965 4427 1080 4481 ἀλλ’
1118 4427 1238 4480 οὐδὲ
1287 4425 1423 4489 ὅλως
1462 4422 1604 4477 κατά
1649 4423 1745 4494 τὴν
1799 4422 1964 4476 αὑτοῦ

2064 3341 2193 3397 grus
2225 3321 2388 3377 urbes
2418 3317 2471 3371 itt
2501 3329 2693 3370 manus
2715 3313 2834 3383 ejus
2869 3314 3080 3368 tradam
3111 3327 3128 3377 ;
3161 3311 3233 3364 ita
3264 3317 3323 3362 ut
3363 3305 3512 3362 nulla
3546 3304 3647 3373 ipsi

2064 3422 2405 3475 adversetur.

2140 3512 2300 3568 Vsus.
2333 3511 2387 3565 2.
2449 3527 2466 3561 ι
2506 3509 2618 3578 Ego
2651 3511 2777 3559 ante
2813 3510 2865 3552 te
2911 3495 3020 3558 ibo,
3057 3503 3112 3547 et
3146 3497 3360 3545 montes
3405 3483 3648 3554 eompla~

2065 3606 2208 3661 nabo
2232 3624 2246 3660 :
2279 3612 2463 3673 portas
2491 3614 2664 3656 aereas
2692 3605 2998 3652 conteram,
3028 3596 3082 3642 et
3101 3593 3281 3640 vectes
3298 3580 3505 3634 ferreos
3527 3592 3654 3632 cou-

2065 3670 2323 3767 friugatu.
2352 3714 2372 3748 ι
2403 3694 2613 3749 Dixerit
2646 3687 2916 3759 quispiam
2945 3695 3030 3743 ea,
3065 3693 3185 3748 qua-
3220 3685 3463 3742 tempore
3483 3670 3650 3726 Zoro-

2066 3790 2295 3854 babelis,
2343 3787 2427 3841 vel
2478 3785 2630 3857 Cyri,
2689 3778 2834 3850 quod
2887 3776 2954 3829 ad
2999 3769 3280 3826 historiam
3313 3775 3466 3836 gesta
3501 3771 3649 3825 sunt,

2067 3881 2331 3950 imagines
2360 3885 2414 3932 et
2440 3874 2682 3947 sytubola
2737 3869 2987 3925 veritatis
3016 3861 3304 3932 complecti
3334 3876 3349 3925 ;
3395 3872 3516 3926 qua:
3554 3871 3650 3910 au-

2069 3984 2171 4027 tem
2220 3971 2287 4025 ad
2339 3968 2453 4024 veri
2518 3963 2725 4020 Domini
2760 3973 2815 4016 et
2857 3959 3062 4014 Christi
3110 3964 3326 4022 tempus
3377 3957 3650 4019 spectant,

2066 4063 2418 4135 spiritualiter
2469 4059 2689 4128 iutpleta
2742 4056 2948 4119 fuisse;
2987 4054 3056 4105 ita
3109 4057 3168 4103 ut.
3212 4047 3263 4100 itt
3320 4048 3436 4114 ipso
3480 4045 3653 4114 magis

2069 4134 2228 4214 verus
2279 4152 2718 4225 deprehendatur
2763 4161 2967 4209 sermo,
3019 4142 3110 4214 qui
3162 4140 3260 4203 ait,
3297 4157 3315 4189 ι
3355 4136 3478 4191 Haec
3520 4134 3652 4190 dicit

2071 4251 2330 4306 Dominus
2371 4246 2580 4300 rbristo
2617 4258 2737 4297 meo
2773 4240 2936 4310 Cyro.
2973 4257 2991 4289 ι
3047 4235 3180 4290 Nam
3217 4230 3513 4287 secundum
3555 4228 3652 4281 ob-

2068 4346 2208 4400 viam
2231 4342 2547 4403 dictionem,
2589 4351 2763 4407 neque
2812 4333 3055 4387 ohristus
3106 4327 3200 4381 Dei
3249 4323 3464 4379 videtur
3487 4318 3654 4374 fuisse

2071 4438 2357 4492 Persarqu
2397 4432 2488 4486 ille
2529 4445 2651 4493 rex,
2694 4427 2786 4496 qui
2839 4421 3274 4492 Hierosolymam
3324 4411 3652 4472 construxit,

386 4523 532 4592 ζωὴν
565 4519 841 4591 προῦκοψε
880 4520 977 4590 τῆς
1009 4518 1299 4589 οἰκοδομῆς
1343 4517 1403 4572 τὸ
1441 4516 1627 4588 ἔργον·
1675 4515 1833 4585 μόνον
1858 4516 1959 4586 γὰρ

2076 4543 2254 4600 neque
2287 4525 2576 4581 admodum
2610 4522 2727 4590 ipso
2758 4517 2975 4572 vivente
3024 4520 3334 4584 promotum
3373 4517 3456 4564 est
3485 4505 3655 4560 aedifi-

385 4613 620 4685 ήρξαντο
667 4612 778 4664 τῶν
811 4611 1077 4682 θεμελίων
1126 4609 1266 4663 κατὰ
1309 4609 1435 4672 τοὺς
1477 4608 1676 4670 αὐτοὺς
1708 4607 1930 4676 χρόνους
1954 4620 1966 4634 ·

387 4703 485 4758 εἶτ’
521 4700 1000 4772 έπισχεθέντοςτοῦ
1027 4699 1212 4771 ἔργου,
1241 4698 1507 4764 διέμεινεν
1533 4696 1737 4768 ἔρημος
1761 4699 1789 4749 ό
1809 4695 1973 4758 τόπος

391 4798 552 4870 μέχρι
571 4797 669 4865 τῆς
702 4794 929 4866 Δαρείου
965 4792 1259 4863 βασιλείας.
1300 4791 1410 4844 Καὶ
1441 4788 1510 4842 τὰ
1543 4789 1670 4859 ὲξῆς
1705 4789 1762 4841 δὲ
1793 4788 1973 4841 ἐπιλε-

387 4888 593 4958 γόμενα
623 4884 822 4956 μᾶλλον
850 4884 928 4955 τῷ
954 4881 1230 4954 Χριστῷῆ
1265 4881 1342 4952 τῷ
1366 4881 1476 4934 τῶν
1505 4879 1730 4951 Περσῶν
1761 4879 1972 4949 βασιλεί

385 4978 750 5050 ἐφαρμόσειεν
788 4976 852 5030 ἄν
874 4993 887 5006 °
921 4975 1017 5030 καὶ
1055 4975 1254 5046 μᾶλλον
1287 4973 1364 5044 τῷ
1404 4972 1654 5044 ἡμετέρῳ
1699 4972 1968 5044 Σωτῆριῆ

385 5070 463 5140 τῷ
493 5067 816 5140 Ζοροϐάϐελ.

470 5203 487 5232 ι
537 5183 646 5235 Καὶ
679 5181 834 5235 δώσω
873 5199 954 5235 σοι
995 5181 1302 5252 θησαυροὺς
1352 5179 1680 5244 σκοτεινοὺς,
1731 5178 1973 5251 ἀποκρύ-

391 5289 545 5342 φους,
580 5271 841 5342 ἀοράτουι,
882 5269 1077 5334 ἁνοίξω
1117 5285 1227 5322 σοι·
1266 5268 1353 5321 ἵνα
1395 5266 1558 5337 γνῷς,
1593 5267 1676 5320 ὅτι
1715 5265 1828 5334 ἐγὼ
1858 5265 1971 5318 Κύ-

395 5381 507 5438 ριος
547 5366 574 5416 ὁ
612 5363 746 5425 Θεός
797 5379 926 5423 σου,
973 5365 1001 5415 ὁ
1052 5361 1232 5415 καλῶν
1274 5362 1335 5414 τὸ
1387 5360 1558 5431 ὄνομά
1607 5377 1720 5424 σου,
1770 5362 1798 5413 ὁ
1838 5358 1971 5422 Θεὸς

405 5454 642 5526 Ἰσραήλ.
661 5454 884 5506 Ἕνεκεν
914 5453 1009 5506 τοῦ
1045 5453 1229 5517 παιδός
1253 5471 1353 5524 μου
1382 5452 1607 5512 Ἰακὼϐ,
1631 5453 1722 5506 καὶ
1755 5452 1972 5524 Ἰσραὴλ

393 5546 488 5601 τοῦ
530 5544 785 5598 ἐκλεκτοῦ
835 5542 1101 5614 μου,·ὲγὼ
1129 5543 1344 5597 καλέσω
1383 5560 1445 5596 σε
1481 5543 1558 5614 τῷ
1596 5542 1818 5613 ὀνόματὶ
1846 5560 1969 5605 σου,

397 5641 492 5694 καὶ
525 5636 889 5710 προσδέξομαί
916 5653 1005 5690 σε·
1039 5637 1102 5689 σὺ
1132 5635 1188 5688 δὲ
1225 5637 1326 5688 οὐκ
1358 5635 1527 5703 ἔγνως
1561 5653 1649 5705 με.
1684 5655 1701 5687 ι
1741 5635 1878 5698 Τούς
1917 5653 1974 5687 τε

397 5733 528 5786 εἴσω
576 5729 780 5784 τούτων
805 5727 1234 5800 ταμιευομένους
1267 5728 1593 5800 θησαυροὺς,
1624 5730 1847 5798 ἀφανεῖς
1883 5727 1976 5781 καὶ

401 5825 664 5896 ἀοράτους
698 5826 806 5886 τοῖς
842 5821 1123 5893 προτέροις
1169 5819 1443 5889 βασιλεῦσι
1471 5820 1810 5893 πενομένους,
1844 5820 1974 5873 ἁνα-

2070 4624 2235 4685 ciuut,
2266 4619 2620 4673 fundamenta
2653 4607 2856 4684 quippe
2889 4618 3101 4666 tantum
3149 4603 3270 4674 ejus
3311 4615 3426 4659 αινο
3453 4612 3654 4669 ponere

2071 4722 2399 4784 rmperunt:
2437 4709 2654 4772 deinde,
2687 4704 2932 4762 cohibito
2989 4712 3174 4770 opere,
3213 4701 3462 4750 desertus
3507 4690 3656 4745 locus

2073 4805 2274 4860 mansit
2302 4819 2474 4872 usque
2503 4801 2568 4857 ad
2611 4799 2760 4854 Darii
2789 4809 3039 4865 regnum.
3077 4790 3206 4857 Qua:
3237 4802 3366 4840 vero
3394 4788 3496 4840 sub
3541 4784 3656 4837 bare

2072 4899 2342 4962 feruntur,
2367 4896 2588 4952 Christo
2621 4893 2802 4962 aptius
2835 4902 2998 4958 quam
3033 4884 3324 4938 Persarqu
3358 4877 3468 4947 regi
3503 4891 3653 4931 com-

2075 5000 2305 5062 petant:
2337 4989 2620 5057 magisoue
2647 4980 2927 5041 Servatori
2962 4987 3170 5040 nostro,
3215 4989 3379 5044 quam
3414 4971 3656 5026 Zoroba-

2074 5085 2203 5140 beli.

2151 5176 2312 5232 Vens.
2347 5176 2403 5230 5.
2454 5193 2472 5227 ι
2529 5173 2592 5228 Ει
2629 5171 2768 5226 dabo
2817 5167 2914 5222 tibi
2953 5165 3244 5220 thesauros
3288 5158 3656 5222 absconditos,

2076 5270 2328 5334 latentes,
2361 5266 2604 5322 occultos
2644 5262 2738 5317 tibi
2776 5261 3016 5331 aperiam
3045 5276 3060 5322 ;
3097 5267 3155 5311 ut
3186 5251 3657 5326 cognoscas,quia

2077 5377 2179 5429 ego
2225 5359 2480 5413 Dominus
2515 5358 2654 5412 Deus
2706 5364 2851 5416 tuus,
2893 5352 2986 5421 qui
3043 5364 3179 5404 voco
3233 5363 3454 5403 nomen
3484 5356 3658 5411 tuum,

2083 5451 2473 5519 Deuflsrael:
2522 5457 2747 5520 propter
2788 5462 3016 5518 puerum
3059 5459 3236 5498 meum
3261 5441 3450 5507 Jacob,
3491 5445 3546 5493 et
3581 5437 3658 5492 ls-

2082 5544 2192 5600 rael
2225 5543 2457 5597 electum
2499 5557 2700 5604 meum,
2733 5555 2834 5610 ego
2865 5538 3075 5594 vocabo
3111 5546 3164 5592 te
3200 5536 3422 5592 nomine
3467 5543 3584 5596 tuo,
3605 5540 3661 5585 et

2079 5637 2340 5704 accipiam
2370 5645 2440 5689 te.
2485 5633 2564 5688 Tu
2595 5643 2778 5688 autem
2816 5647 2923 5687 non
2961 5630 3263 5702 cognovisti
3299 5643 3405 5682 me.
3433 5644 3456 5678 ι
3513 5627 3658 5678 Intra

2080 5730 2240 5784 urbes
2267 5729 2576 5784 reconditos
2610 5727 2914 5790 thesauros,
2945 5727 3174 5779 latentes
3221 5723 3342 5778 illus
3382 5736 3436 5777 ει
3487 5717 3661 5772 necui-

2082 5831 2183 5890 tos,
2221 5821 2462 5893 pristinis
2495 5819 2714 5890 regibus
2743 5817 3115 5887 absconditos,
3155 5815 3394 5886 aperiam
3419 5812 3545 5878 tibi;
3599 5820 3658 5863 ut
