4130 6400
528 347 631 406 411

1213 340 1478 398 EUSEBII
1518 339 1992 398 CESARIENSIS
2030 339 2183 398 OPP.
2225 339 2406 398 PARS
2441 339 2532 396 ιιι.
2573 371 2641 382 --
2679 337 3094 396 EXEGETICA.

3693 335 3800 395 412

531 463 668 535 ipsis
691 460 952 534 operibus
979 459 1212 526 ediscas,
1235 459 1362 530 quis
1405 463 1507 528 ego
1545 458 1672 524 sim,
1725 461 1816 529 qui
1865 471 1994 515 ante
2037 470 2116 516 tot

2228 460 2442 515 πετάσω
2471 477 2552 514 σοι
2630 459 2705 523 ὡς
2737 459 2804 514 ἂν
2831 459 3014 523 αὐτοῖς
3037 457 3218 530 ἔργοις
3252 455 3442 528 μάθοις
3477 457 3622 520 ὅστις
3671 459 3802 513 ποτε

533 569 712 610 annos
742 553 1077 624 ipsissimum
1131 565 1331 606 nomen
1383 559 1535 605 tuum
1593 552 1930 623 propheticis
1965 553 2116 608 Scri-

536 647 720 718 pturis
763 645 922 710 meis,
955 644 1114 713 quasi
1147 642 1324 714 cippis
1362 644 1606 708 aaternis,
1651 645 1931 716 insculpsi.
1983 645 2116 701 Sum

535 748 722 792 autem
775 736 918 789 Deus
975 731 1169 798 lsrael,
1225 732 1370 803 quod
1421 747 1489 788 ne
1533 733 1752 803 ignores
1809 744 2047 804 oportet,
2084 750 2120 790 o

533 827 717 900 Cyre:
759 823 943 881 omnia
983 823 1187 895 quippe
1234 823 1352 892 iam
1403 825 1677 880 recensita
1725 829 1940 882 tradam
1975 827 2116 893 tibi;

533 935 643 974 non
681 916 844 972 aliam
875 914 946 972 ob
989 929 1130 982 rem,
1157 930 1321 986 quam
1354 925 1580 988 propter
1611 917 1870 987 populum
1911 933 2117 984 meum,

533 1024 698 1077 quem
735 1007 868 1063 mihi
893 1006 1035 1078 elegi
1071 1021 1138 1062 ex
1169 1007 1424 1064 omnibus
1453 1009 1732 1078 gentilms,
1762 1009 1911 1079 quod
1935 1017 2121 1080 patres

533 1115 726 1157 eorum
767 1099 822 1155 in
849 1099 1028 1170 pretio
1056 1099 1314 1156 habeam.

607 1283 777 1340 Vens.
808 1282 926 1340 5-7.
995 1301 1019 1336 ι
1073 1283 1342 1352 Quoniam
1399 1299 1503 1354 ego
1553 1283 1820 1340 Dominus
1868 1284 2034 1350 Deus,
2067 1295 2124 1341 et

541 1393 647 1434 non
679 1387 766 1434 est
813 1377 956 1433 alius
991 1379 1136 1435 Deus
1169 1389 1368 1449 praeter
1413 1395 1520 1434 me.
1553 1379 1912 1436 Corrohoravi
1953 1390 2027 1446 te,
2067 1391 2123 1434 et

537 1487 646 1528 non
671 1471 972 1544 cognovisti
995 1487 1082 1528 me
1110 1489 1124 1537 ;
1153 1482 1212 1526 ut
1237 1483 1570 1542 cognoscant
1599 1473 1688 1540 qui
1715 1473 1786 1528 ab
1811 1482 1934 1527 ortu
1963 1471 2120 1537 solis,

538 1566 712 1637 etqui
751 1567 819 1620 ab
849 1579 1071 1632 occasu,
1105 1566 1233 1636 quia
1295 1583 1402 1621 non
1459 1577 1548 1621 est
1596 1565 1742 1622 Deus
1776 1577 1974 1637 praeter
2015 1583 2121 1619 me.

539 1657 653 1730 Ego
685 1657 945 1713 Dominus
975 1659 1137 1726 Deus,
1163 1669 1219 1714 et
1254 1675 1360 1715 non
1393 1670 1478 1715 est
1529 1667 1819 1729 praeterea.
1875 1660 1988 1728 Ego
2030 1659 2124 1729 qui

537 1751 834 1820 praeparavi
877 1749 1073 1816 lucem,
1103 1761 1159 1807 et
1179 1752 1272 1821 qui
1301 1751 1402 1808 feci
1433 1752 1706 1820 tenebras,
1735 1753 1834 1824 qui
1860 1753 2002 1808 facio
2024 1767 2122 1822 pa-

2219 556 2334 626 εἰμι
2353 555 2383 607 6
2403 552 2510 625 πρὸ
2533 552 2802 606 τοσούτων
2823 551 2960 606 ἐτῶν
2981 549 3238 622 ὀνομαστὶ
3257 549 3356 621 τήν
3393 549 3492 622 σὴν
3525 567 3804 622 προσηγο-
3891 615 3922 632 κ

2220 647 2344 719 ρίαν
2375 650 2496 712 ταῖς
2527 647 2896 718 προφητικαῖς
2933 661 3035 716 μου
3059 645 3326 716 Γραφαῖς,
3363 643 3554 714 ὥσπερ
3580 644 3639 696 ἐν
3667 643 3806 715 στή-

2218 738 2340 802 λαις
2361 737 2622 801 αἰωνίοις,
2651 733 2983 808 ἐγχαράξας.
3011 735 3141 806 Εἰμὶ
3178 735 3236 788 δὲ
3268 737 3297 788 6
3327 733 3460 798 Θεὸς
3505 733 3741 806 Ἰσραὴλ,
3770 733 3808 788 ὃ

2222 832 2490 904 προσήκει
2523 831 2619 884 καὶ
2651 830 2712 883 σὲ
2743 829 2818 900 μὴ
2857 830 3102 898 ἀγνοεῖν,
3167 823 3212 882 ὦ
3251 827 3437 900 Κῦρε·
3474 827 3654 882 πάντα
3693 826 3808 900 γὰρ

2219 924 2290 978 τά
2321 923 2688 995 πωλεχθὲντα
2715 921 3013 994 χαριοῦμαί
3045 940 3127 976 σοι
3163 923 3224 976 οὐ
3251 922 3340 976 διά
3371 941 3425 976 τι
3449 923 3656 994 ἕτερον,
3687 922 3808 977 ἀλλ’

2220 1018 2408 1071 ἕνεκεν
2455 1015 2552 1070 τοῦ
2599 1015 2736 1088 ἐμοῦ
2778 1014 2908 1068 λαοῦ
2932 1056 2945 1080 ,
2989 1016 3048 1068 ὂν
3099 1015 3324 1087 ἐμαυτῷ
3363 1013 3696 1088 ἐξελεξάμην
3743 1015 3809 1083 ἐξ

2221 1108 2478 1162 ἁπάντων
2509 1105 2620 1160 τῶν
2665 1105 2834 1160 ἐθνῶν
2867 1105 2955 1159 διὰ
2985 1105 3082 1178 τὴν
3117 1106 3253 1178 πρὸς
3279 1105 3406 1170 τοὺς
3433 1105 3676 1178 πατέρας
3709 1107 3812 1160 αὺ-

2220 1198 2330 1252 τῶν
2356 1198 2540 1270 τιμήν.
3755 1197 3762 1206 ’

2301 1309 2320 1344 r
2353 1291 2476 1346 ’Ότι
2509 1289 2622 1360 ἐγὼ
2652 1291 2856 1363 Κύριος
2879 1291 2909 1343 6
2935 1290 3087 1355 Θεὸς,
3129 1291 3224 1346 καί
3243 1293 3344 1346 οὐκ
3368 1291 3514 1346 ἔστιν
3541 1293 3622 1346 ἔτι
3667 1291 3814 1366 πλὴν

2225 1383 2364 1455 ἐμοῦ
2384 1383 2537 1448 Θεός.
2583 1383 2874 1456 Ἐνίσχυσά
2897 1402 2977 1448 σε,
3005 1385 3099 1438 καὶ
3113 1385 3212 1440 οὐκ
3231 1385 3378 1457 ᾔδεις
3395 1400 3484 1457 με·
3504 1387 3591 1440 ῖνα
3605 1386 3816 1456 γνῶσιν

2224 1478 2274 1530 οἰ
2305 1477 2400 1530 ἀπ’
2413 1475 2685 1530 ἀνατολῶν
2707 1476 2856 1548 ήλίου
2884 1477 2978 1530 καὶ
3000 1477 3049 1530 οἰ
3074 1477 3182 1530 ἀπὸ
3209 1477 3449 1548 δυσμῶν,
3479 1478 3560 1532 ὅτι
3577 1479 3678 1532 οὐκ
3691 1478 3814 1534 ἐστι

2224 1569 2358 1634 Θεὸς
2383 1569 2523 1641 πλὴν
2549 1570 2704 1641 ἐμοῦ.
2746 1569 2888 1639 Ἐγὼ
2931 1569 3138 1642 Κύριος
3169 1572 3197 1623 6
3225 1570 3378 1634 Θεὸς,
3405 1571 3502 1624 καὶ
3531 1573 3634 1626 οὐκ
3661 1571 3816 1626 ἐστιν

2223 1658 2324 1714 ἔτι.
2371 1658 2514 1730 Ἐγὼ
2543 1661 2573 1713 6
2603 1661 3020 1724 κατασκευάσας
3046 1659 3182 1729 φῶς,
3217 1660 3312 1714 καὶ
3333 1662 3568 1732 ποιήσας
3597 1661 3814 1727 σκότος,

2225 1749 2254 1802 6
2299 1748 2472 1803 ποιῶν
2507 1750 2752 1822 εἰρήνην,
2791 1751 2886 1804 καὶ
2919 1749 3118 1815 κτίζων
3164 1749 3330 1805 κακά.
3369 1749 3514 1820 Ἐγὼ
3547 1749 3750 1822 Κύριος
3779 1752 3818 1805 ὁ

539 1859 682 1912 cem,
717 1853 773 1898 et
799 1859 928 1900 creo
953 1844 1117 1901 mala.
1166 1845 1282 1916 Ego
1327 1846 1589 1902 Dominus
1641 1846 1804 1912 Deus,
1858 1846 1949 1916 qui
1977 1843 2120 1900 facio

2228 1841 2378 1902 Θεὸς.
2411 1843 2440 1896 6
2461 1841 2632 1895 ποιῶν
2663 1841 2844 1895 πάντα
2863 1841 3058 1895 ταῦτα.
3101 1861 3120 1894 ι
3163 1840 3252 1907 Ἐξ
3277 1841 3456 1896 αὐτῶν
3475 1839 3585 1914 γάρ
3605 1840 3818 1895 τούτων

540 1938 656 1994 haec
681 1938 886 1995 omnia.
911 1956 930 1990 ι
971 1937 1047 1992 Ex
1079 1938 1165 1994 his
1188 1937 1318 2008 ipsis
1345 1939 1602 2010 operibus
1641 1938 1888 1995 ediscent
1919 1953 1940 2004 ;
1994 1953 2120 1994 cum

537 2031 685 2086 enim
715 2045 987 2088 aerumnas
1008 2031 1205 2102 populo
1229 2045 1352 2086 meo
1374 2032 1441 2086 ad
1470 2029 1885 2087 conversionem
1919 2039 1973 2085 et
2002 2029 2118 2084 dis-

541 2124 804 2194 ciplinam
861 2124 1108 2196 inﬂigere
1156 2139 1294 2195 opus
1331 2134 1475 2190 erat,
1527 2123 1767 2180 inimicis
1803 2123 1978 2196 ipsum
2013 2134 2124 2177 tra-

539 2217 675 2284 didi,
707 2219 863 2290 quasi
897 2217 1134 2274 tenebris
1163 2227 1219 2273 et
1249 2219 1344 2272 ira:
1375 2217 1673 2288 impietatis
1697 2231 1864 2273 causa
1891 2215 2116 2270 dedens.

538 2307 675 2364 Cum
704 2320 884 2365 autem
916 2311 1096 2366 denuo
1149 2325 1478 2366 conversum
1530 2318 1588 2366 et
1633 2309 1701 2364 ad
1753 2309 2033 2365 meliorem
2064 2323 2124 2362 se

539 2403 751 2475 frugem
772 2404 1147 2473 recipientem,
1177 2402 1443 2458 reducere
1468 2415 1606 2471 opus
1636 2409 1745 2466 est,
1776 2414 2126 2469 consequen-

539 2505 624 2552 ter
659 2497 812 2568 pacis
847 2497 1200 2567 omniumque
1257 2495 1524 2551 honorum
1585 2492 1768 2548 lumen
1823 2491 1955 2563 ipsis
1991 2491 2123 2547 oriri

537 2597 774 2660 oportet.
815 2590 860 2644 A
913 2603 1000 2646 me
1031 2591 1232 2660 quippe
1285 2593 1342 2643 et
1383 2585 1566 2642 lumen
1595 2595 1650 2641 et
1676 2601 1797 2656 qua:
1829 2586 1894 2640 ad
1933 2599 2122 2656 pacem

538 2689 789 2751 spectant
821 2681 1005 2736 omnia
1037 2680 1566 2746 subministrantur;
1596 2677 1806 2746 judicio
1837 2679 1964 2734 item
2004 2693 2126 2734 meo

539 2773 677 2829 ultio
708 2789 927 2845 quoque
961 2773 1258 2830 inducitur.
1297 2774 1645 2842 Quapropter
1677 2772 1822 2827 hanc
1851 2789 1880 2826 a
1915 2785 2001 2828 me
2023 2773 2124 2828 do-

537 2862 774 2918 ctrinam
800 2866 985 2932 accipe
1015 2879 1033 2930 ;
1061 2877 1147 2916 me
1163 2861 1377 2918 scilicet
1403 2869 1459 2916 et
1484 2859 1626 2916 lucis
1665 2859 2026 2923 conditorem,
2069 2869 2127 2917 et

541 2953 694 3024 pacis
733 2952 1047 3025 largitorem
1089 2967 1232 3021 esse,
1277 2951 1643 3022 similiterque
1685 2952 2031 3008 tenebrarum
2070 2964 2127 3010 et

539 3057 730 3098 eorum
763 3058 883 3113 qua:
915 3042 1090 3098 tristia
1119 3051 1460 3112 reputantnr,
1485 3057 1608 3112 qua:
1637 3058 1738 3113 pro
1771 3043 1929 3098 malis
1957 3057 2126 3113 penes

541 3132 744 3188 multos
783 3131 1092 3186 habentur:
1129 3141 1186 3186 et
1217 3143 1398 3187 tamen
1427 3131 1623 3186 horum
1651 3143 1846 3188 auctor
1883 3147 1985 3204 ego
2015 3132 2122 3189 dici

2229 1933 2566 2005 μαθήσονται
2603 1933 2714 1988 τῶν
2757 1933 2968 2005 ἔργων·
3007 1935 3095 1988 ὅτε
3133 1935 3231 2006 μὲν
3275 1935 3382 2006 γὰρ
3423 1933 3645 2006 λυπηρά
3671 1934 3816 2005 χρῆν

2227 2025 2529 2094 ἐπαγαγεῖν
2562 2023 2641 2094 τῷ
2673 2023 2793 2096 ἐμῷ
2825 2023 2940 2095 λαῷ
2975 2024 3278 2096 ἐπιστροφῇ
3313 2025 3406 2078 καὶ
3432 2023 3671 2094 παιδείᾳ,
3697 2025 3816 2088 τοῖς

2227 2113 2506 2185 πολεμίοις
2519 2114 2681 2166 αὐτὸν
2697 2113 2957 2180 ἐξέδωκα,
2981 2113 3130 2168 ὥσπε
3137 2133 3168 2188 ρ
3187 2115 3363 2186 σκότῳ
3375 2115 3468 2168 καὶ
3481 2115 3620 2188 ὀργῇ
3633 2132 3708 2168 πα
3713 2131 3816 2186 ρα-

2223 2205 2348 2269 δοὺς
2369 2203 2530 2260 αὑτὸν
2543 2204 2651 2259 τῶν
2669 2204 2840 2276 ἀσε6η
2847 2205 3034 2276 μάτων
3046 2205 3224 2278 χάριν·
3244 2207 3332 2261 ὅτε
3345 2207 3423 2274 δέ,
3455 2207 3609 2278 φησὶ,
3625 2205 3817 2259 λοιπὸν

2227 2297 2634 2372 ἐπιστρέψαντα
2667 2299 2762 2352 καὶ
2793 2300 3146 2372 ὠφελημένον
3183 2302 3449 2373 προσήκει
3481 2301 3772 2356 ἀναλαϐεῖν
3793 2342 3812 2365 ,

2227 2390 2520 2445 ἀκόλουθον
2554 2391 2622 2445 ἂν
2655 2393 2739 2464 εἰη
2773 2391 2890 2461 φῶς
2922 2393 3148 2464 εἰρήνης
3187 2393 3284 2446 καὶ
3328 2393 3546 2447 πάντων
3591 2392 3818 2462 ἀγαθῶν

2228 2483 2538 2537 ἀνατέλλειν
2554 2483 2643 2538 ἐπ’
2660 2483 2844 2538 αὐτόν.
2870 2485 2960 2552 Ἐξ
2983 2484 3118 2556 ἐμοῦ
3147 2485 3256 2556 γὰρ
3273 2485 3334 2539 τί,
3352 2485 3468 2555 φῶς
3495 2488 3817 2558 χορηγεῖται

2226 2574 2323 2630 καὶ⁸
2353 2574 2423 2631 τά
2447 2576 2546 2648 τῆς
2565 2575 2792 2648 εἰρήνης
2809 2577 2984 2631 πάντα
2999 2593 3014 2609 ο
3033 2578 3213 2649 κρίσει
3243 2578 3300 2632 δέ
3317 2579 3383 2649 τῇ
3397 2579 3502 2650 ἐμῇ
3521 2579 3616 2631 καὶ
3631 2578 3698 2632 τά
3714 2579 3820 2651 τῆς

2225 2669 2397 2742 ὀργῆς
2433 2668 2717 2736 ἐπάγεται.
2763 2669 2962 2739 Διόπερ
2996 2668 3172 2740 δόγμα
3187 2671 3318 2741 παρ’
3341 2669 3475 2742 ἐμοῦ
3493 2670 3652 2723 τοῦτο
3671 2671 3814 2741 μάν-

2228 2761 2356 2817 θανε
2375 2778 2392 2794 ο
2426 2761 2502 2826 ὡς
2525 2762 2634 2834 ἄρα
2659 2761 2772 2831 ἐγὼ
2805 2762 2967 2826 αὐτὸς
2989 2763 3084 2816 καὶ
3113 2763 3290 2833 φωτός
3317 2765 3434 2835 εἰμι
3460 2763 3818 2836 δημιουργὸς,

2227 2857 2321 2910 καὶ
2337 2856 2562 2928 εἰρήνης
2590 2857 2848 2928 χορηγὸς,
2867 2853 3070 2927 ὁμοίως
3101 2857 3161 2910 δὲ
3199 2859 3293 2911 καὶ
3329 2857 3555 2921 σκότους
3589 2859 3682 2910 καὶ
3702 2859 3816 2911 τῶν

2227 2945 2598 3018 νομιζομένων
2623 2945 2884 3016 λυπηρῶν
2902 2962 2916 2976 ⁸
2946 2945 3090 3017 ἅπερ
3125 2947 3269 2999 κακά
3296 2951 3410 3011 τοῖς
3435 2947 3649 3011 πολλοῖς
3675 2943 3818 3000 εἶναι

2229 3039 2561 3110 νενόμισται,
2595 3032 2671 3094 ὧν
2699 3039 2930 3112 ποιητὴς
2956 3039 3022 3093 ἂν
3043 3039 3313 3111 λεχθείην,
3345 3039 3524 3112 κρίσει
3547 3041 3730 3114 δικαίᾳ⁵
3749 3041 3820 3093 τὰ

2231 3133 2542 3208 κατάλληλα
2573 3137 2683 3200 τοῖς
2720 3134 2892 3202 ἀξίοις
2929 3135 3173 3204 ἐπάγων.
3201 3136 3265 3188 Εἰ
3303 3135 3482 3187 τοίνυν
3516 3133 3627 3203 ἐγὼ
3659 3135 3818 3200 Θεὸς,

539 3223 774 3289 valeam,
809 3223 958 3294 justo
983 3223 1191 3295 judicio
1222 3223 1526 3293 promerita
1561 3223 1795 3293 singulis
1817 3224 2118 3280 inducens.

2228 3229 2322 3282 καὶ
2343 3228 2444 3282 οὐκ
2470 3227 2584 3282 ἔστι
2615 3227 2754 3301 πλὴν
2783 3226 2917 3298 ἐμοῦ
2934 3227 3142 3299 ἕτερος,
3172 3229 3200 3280 6
3225 3227 3394 3281 ποιῶν
3413 3226 3586 3280 ταῦτα
3613 3225 3816 3292 πάντα,

542 3317 604 3374 Si
635 3318 818 3390 itaque
845 3333 947 3390 ego
987 3318 1152 3385 Deus,
1179 3327 1234 3373 et
1259 3332 1365 3371 non
1389 3325 1472 3372 est
1499 3325 1697 3385 przeter
1728 3332 1813 3371 me
1843 3317 2005 3383 alius,
2030 3319 2122 3390 qui

545 3411 663 3466 hac
714 3409 899 3465 omnia
954 3409 1170 3478 faciat;
1215 3408 1434 3464 etiamsi
1480 3409 1761 3464 contraria
1814 3410 2123 3477 videantur,

540 3509 782 3556 attamen
815 3508 1011 3556 natura
1047 3515 1145 3554 sua
1178 3500 1460 3556 contraria
1499 3515 1607 3554 non
1646 3510 1796 3554 sunt.
1832 3497 1964 3555 Nam
2007 3517 2126 3570 qua!

543 3591 684 3647 mala
731 3605 763 3648 a
814 3605 902 3646 me
942 3589 1110 3662 inlligi
1147 3589 1557 3654 existimantur,
1603 3603 1666 3645 ea
1711 3605 1844 3646 sane
1881 3592 2127 3646 maxime

543 3683 832 3740 conferunt
871 3683 939 3737 ad
976 3683 1267 3738 utilitatem
1303 3693 1362 3738 et
1391 3681 1626 3738 salutem
1669 3697 1883 3749 eorum,
1913 3683 2007 3753 qui
2043 3683 2128 3739 his

544 3773 614 3828 ad
641 3789 828 3829 sanam
855 3782 1091 3830 mentem
1125 3773 1486 3828 reducuntur.

615 3863 783 3922 Vens.
811 3865 867 3920 8.
913 3883 932 3917 r
983 3865 1219 3920 Lartetur
1268 3864 1467 3919 coelum
1519 3866 1780 3936 desuper,
1837 3875 1895 3920 et
1956 3865 2130 3921 nubes

544 3957 751 4012 stillent
783 3956 1048 4028 justitiam
1075 3974 1090 4011 :
1126 3956 1408 4026 aperiatur
1443 3967 1612 4021 terra,
1645 3967 1700 4011 et
1723 3959 1994 4026 germinet
2027 3959 2130 4012 mi-

545 4049 923 4114 sericordiam,
972 4059 1027 4104 et
1059 4047 1327 4117 justitiam
1373 4049 1510 4104 oriri
1559 4049 1731 4104 faciat
1783 4049 1970 4105 simul.
2015 4049 2128 4121 Ego

545 4157 666 4197 sum
727 4141 1012 4209 Dominus,
1063 4147 1154 4215 qui
1211 4149 1393 4204 creavi
1455 4159 1527 4204 te.
1579 4167 1598 4201 ι
1658 4149 2124 4216 Quemadmodum

544 4235 692 4290 enim
729 4247 941 4308 tempus
963 4241 1092 4295 olim
1124 4241 1247 4309 fuit,
1278 4261 1400 4300 cum
1437 4245 1672 4302 nubibus
1704 4247 1975 4312 mandavi,
2019 4265 2038 4299 ι
2071 4257 2128 4301 ιιι

543 4341 653 4385 non
683 4329 931 4400 pluerent
954 4349 1119 4405 super
1151 4336 1365 4392 vineam
1401 4339 1677 4408 pluviam;
1713 4357 1732 4391 ι
1768 4339 1841 4394 ita
1873 4349 1930 4394 et
1981 4355 2126 4396 nunc

543 4436 647 4480 suo
689 4431 933 4494 tempore
982 4427 1402 4486 rationabilibus
1453 4430 1694 4487 nubibus
1731 4431 1870 4487 meis
1933 4431 2129 4503 praeci-

2229 3320 2332 3374 κᾶν
2361 3320 2582 3374 ἐναντία
2613 3316 2760 3374 εἶναι
2799 3320 2954 3392 δοκῇ.
2987 3319 3090 3372 οὐκ
3123 3319 3252 3372 ὄντα
3275 3321 3342 3390 τῇ
3373 3318 3533 3388 φύσει
3570 3319 3812 3374 ἐναντία.

2241 3413 2392 3467 Ἐπεὶ
2425 3413 2521 3467 καὶ
2545 3412 2612 3467 τὰ
2640 3413 2968 3483 νομιζόμενα
2991 3412 3084 3466 ὑπ’
3105 3411 3240 3482 ἐμοῦ
3270 3411 3569 3480 ἐπάγεσθαι
3585 3409 3728 3464 κακὰ
3746 3410 3820 3465 τά

2232 3504 2466 3576 μέγιστα
2501 3503 2881 3574 συμϐάλλοιντ’
2913 3503 2980 3556 ἂν
3028 3503 3163 3575 πρὸς
3195 3503 3464 3574 ὠφέλειαν
3505 3503 3602 3557 καί¹
3637 3520 3815 3576 σωτη-

2231 3597 2354 3670 ρίαν
2379 3597 2488 3652 τῶν
2519 3597 2586 3651 δι’
2620 3594 2800 3651 αὐτῶν
2833 3595 3335 3668 σωφρονιζομὲνων.

2307 3887 2325 3919 ι
2359 3865 2728 3940 Εὑφρανθήτω
2769 3867 2798 3920 6
2840 3865 3070 3939 οῦρανος
3110 3865 3339 3930 ἄνωθεν,
3380 3866 3475 3919 καὶ
3509 3865 3566 3918 αἱ
3595 3861 3818 3932 νεφέλαι

2231 3960 2550 4031 ῥανάτωσαν
2596 3959 2971 4032 δικαιοσύνην·
3013 3959 3350 4014 ἀνατειλάτω
3381 3961 3415 4030 ἡ
3441 3962 3533 4030 γῆ,
3567 3957 3664 4012 καὶ
3695 3955 3818 4026 βλα-

2233 4050 2486 4121 στησάτω
2531 4050 2716 4118 ἕλεος,
2773 4051 2868 4105 καὶ
2917 4051 3265 4124 δικαιοσύνην
3309 4050 3642 4105 ἁνατειλάτω
3673 4047 3814 4119 ἅμα.

2243 4142 2384 4212 Ἐγώ
2405 4145 2521 4214 εἰμι
2551 4143 2754 4215 Κύριος
2782 4146 2812 4198 6
2834 4148 3024 4209 κτίσας
3056 4161 3137 4199 σε.
3171 4165 3190 4195 ι
3223 4145 3435 4215 Ὥσπερ
3457 4144 3564 4216 γὰρ
3593 4139 3661 4214 ἦν
3695 4159 3819 4196 και-

2233 4233 2324 4304 ρός
2359 4251 2512 4298 ποτε,
2563 4235 2651 4288 ὅτε
2692 4237 2814 4298 ταῖς
2855 4234 3109 4305 νεφέλαις
3151 4235 3506 4306 ἐνετειλάμην
3539 4255 3558 4286 ‹
3598 4233 3692 4288 τοῦ
3738 4233 3816 4304 μὴ

2233 4325 2420 4398 βρέξαι
2448 4328 2527 4390 εἰς
2557 4327 2648 4379 τὸν
2663 4326 2962 4398 ἀμπελῶνα
2995 4327 3170 4392 ὑετὸν,
3201 4347 3216 4378 ι
3248 4327 3390 4381 οὕτω
3413 4327 3508 4381 νῦν
3531 4326 3671 4380 κατά
3695 4343 3820 4380 και-

2235 4417 2324 4489 ρὸν
2349 4419 2472 4482 ταῖς
2522 4419 2681 4488 ἐμαῖς
2712 4419 2962 4488 νεφέλαις
3001 4419 3246 4489 λογικαῖς
3277 4419 3464 4485 οὔσαις
3492 4420 3820 4492 προστάσσω

542 4513 714 4584 piam,
757 4522 820 4568 ut
851 4529 958 4572 non
992 4518 1250 4576 sensilem
1286 4536 1507 4592 aquam,
1543 4523 1639 4578 sed
1661 4519 1936 4591 justitiam
1963 4523 2123 4580 desu-

2235 4509 2310 4580 μὴ
2339 4509 2598 4581 αἰσθητὸν
2631 4509 2795 4582 ὕδωρ,
2831 4511 2970 4566 ἀλλά
3003 4512 3104 4584 τὴν
3133 4512 3482 4584 δικαιοσύνην
3511 4512 3716 4567 ἄνωθεν
3755 4512 3820 4577 ἐξ

541 4621 639 4676 per
671 4621 740 4662 ex
770 4607 880 4665 alto
908 4609 1119 4668 stillent
1149 4613 1237 4681 iis,
1270 4613 1364 4684 qui
1401 4613 1716 4671 inhabitant
1749 4625 1980 4672 terram.

614 4699 785 4754 Vens.
815 4701 871 4768 9,
903 4703 990 4760 10.
1031 4723 1050 4757 ι
1083 4704 1224 4773 Quid
1251 4705 1449 4762 melius
1485 4708 1790 4779 prmparavi
1836 4719 1896 4765 ut
1947 4709 2120 4764 lutum

539 4793 728 4866 figuli?
757 4793 894 4850 Num
921 4797 1014 4866 qui
1050 4806 1192 4864 arat,
1227 4801 1406 4855 arabit
1454 4811 1660 4857 terram
1707 4809 1821 4856 tota
1839 4803 1963 4858 die?
1985 4801 2122 4857 Num

538 4886 686 4942 dicet
705 4887 879 4943 lutum
927 4888 1115 4960 figulo,
1159 4891 1300 4958 Quid
1349 4893 1506 4958 facis,
1554 4893 1819 4963 quoniam
1850 4909 1956 4948 non
1990 4909 2124 4964 ope-

539 4977 707 5044 raris,
740 4993 916 5050 neque
940 4982 1108 5037 habes
1139 4999 1332 5040 manus
1357 4985 1382 5039 τ
1412 4983 1549 5039 Num
1582 4985 1866 5055 respondit
1895 4986 2124 5058 figmen-

541 5077 660 5124 tum
693 5068 868 5124 ctori
897 5071 1037 5126 suo?
1063 5073 1163 5139 Qui
1196 5074 1328 5130 dicit
1386 5076 1552 5144 patri,
1599 5075 1740 5144 Quid
1778 5077 2072 5147 generabis
2099 5079 2124 5133 ?

539 5165 599 5212 et
627 5157 812 5221 matri,
845 5157 986 5225 Quid
1023 5163 1252 5230 paries?
1285 5182 1303 5216 ι
1363 5163 1530 5230 Quasi
1559 5181 1656 5220 eos
1691 5165 2000 5236 alloquens,
2029 5169 2120 5237 qui

542 5246 841 5302 universali
879 5247 952 5302 illi
983 5250 1341 5320 providentia:
1389 5265 1444 5309 et
1490 5255 1954 5312 administrationi
1987 5273 2123 5313 con-

541 5338 843 5407 tradicunt,
875 5340 953 5394 ait
977 5359 990 5396 :
1010 5339 1100 5397 Vae
1130 5344 1222 5412 qui
1248 5347 1584 5402 contradicit
1619 5347 1800 5404 lictori
1831 5363 1952 5404 suo.
1989 5347 2122 5404 Nam

539 5432 763 5502 quando
786 5433 1142 5504 castigatione
1167 5446 1223 5491 et
1248 5439 1612 5495 conversione
1639 5455 1774 5509 opus
1796 5450 1936 5508 erat,
1972 5440 2129 5496 Jeru-

541 5521 715 5579 slem
745 5525 904 5594 quasi
933 5534 1126 5580 testam
1161 5527 1416 5584 contrivi.
1470 5539 1526 5585 et
1579 5531 1838 5602 templum
1887 5532 2126 5588 inimicis

543 5625 598 5668 et
639 5615 886 5672 hostibus
921 5617 1158 5686 tradidi;
1203 5635 1325 5674 cum
1370 5631 1554 5678 autem
1605 5634 1729 5694 post
1769 5623 2124 5681 suiﬁcientcm

549 5707 756 5761 illatam
793 5723 1032 5779 pinnam,
1088 5710 1480 5768 humanitatem
1531 5715 1791 5772 exhibere
1841 5719 2118 5787 oportuit;

555 5809 680 5858 tunc
711 5811 762 5858 et
795 5802 1050 5874 templum
1100 5815 1154 5862 et
1203 5807 1395 5863 urbem
1445 5807 1692 5877 pristinis
1751 5813 2128 5879 prmstantiora

2233 4600 2401 4670 ῦψους
2417 4601 2719 4674 ἐπιραίνειν
2750 4605 2862 4667 τοῖς
2883 4604 2982 4676 τὴν
3015 4605 3117 4676 γῆν
3129 4605 3357 4659 οἰκοῦσι.

2311 4713 2326 4744 ι
2347 4693 2505 4747 Ποῖον
2537 4693 2744 4766 βέλτιον
2779 4697 3163 4752 κατεσκεύασα
3189 4697 3265 4761 ὡς
3297 4697 3468 4770 πηλὸν
3492 4697 3819 4769 κεραμέως;

2233 4783 2323 4856 Μὴ
2355 4787 2384 4838 ὁ
2411 4787 2682 4859 ἀροτριῶν
2708 4789 3024 4861 ἀροτριάσει
3053 4789 3152 4862 τήν
3180 4789 3285 4860 γῆν
3313 4789 3439 4860 ὅλην
3453 4790 3821 4862 τήνὴμέραν;

2195 4949 2204 4958 .
2230 4879 2323 4950 Μὴ
2340 4879 2457 4950 ἐρεῖ
2471 4881 2500 4932 6
2519 4880 2689 4952 πηλὸς
2709 4883 2786 4954 τῷ
2803 4885 3057 4955 κεραμεῖ,
3077 4885 3141 4937 Τί
3161 4887 3352 4948 ποιεῖς,
3371 4885 3453 4938 ὃτι
3468 4885 3568 4938 οὐκ
3584 4884 3821 4960 ἐργάζῃ,

2230 4969 2353 5022 οὺδέ
2370 4969 2515 5041 ἔχεις
2541 4975 2732 5044 χεῖρας
2753 4991 2767 5040 ;
2785 4975 2875 5047 Μή
2893 4975 3322 5047 ἀποκριθήσεται
3347 4977 3409 5030 τὸ
3437 4977 3662 5048 πλάσμα
3685 4979 3826 5050 πρὸς

2235 5063 2324 5115 τὸν
2338 5063 2620 5118 πλάσαντα
2639 5066 2768 5119 αὐτό
2788 5083 2802 5130 ;
2821 5067 2878 5120 Ὀ
2902 5067 3075 5138 λέγων
3103 5068 3178 5140 τῷ
3197 5071 3383 5140 πατρὶ,
3403 5070 3469 5122 Τί
3497 5071 3782 5141 γεννήσεις
3801 5089 3818 5138 ;

2235 5163 2330 5218 καὶ
2343 5166 2410 5234 τῇ
2431 5164 2690 5234 μητρὶ,Τί
2717 5163 2964 5230 ὠδίνειςς
2993 5167 3080 5230 Ὧς
3101 5166 3209 5238 γὰρ
3229 5165 3363 5238 πρὸς
3375 5163 3826 5233 τοῦςάντιλέγον-

2230 5273 2330 5319 τας
2357 5258 2424 5327 τῇ
2452 5255 2677 5310 καθόλου
2715 5257 2940 5328 προνοίᾳ
2970 5275 3029 5310 τε
3061 5258 3154 5310 καὶ
3179 5257 3442 5330 διοικήσει
3466 5257 3660 5327 φησίν·
3685 5257 3826 5310 υὺαὶ

2232 5349 2260 5399 ό
2291 5348 2587 5416 ἀντιλέγων
2619 5348 2698 5419 τῷ
2740 5349 3005 5404 πλάσαντι
3037 5351 3219 5404 αὐτόν.
3261 5351 3389 5403 Ὅτε
3431 5349 3530 5420 μὲν
3551 5349 3662 5419 γὰρ
3695 5365 3826 5402 παι-

2231 5441 2398 5504 δείας,
2436 5441 2527 5494 καὶ
2555 5442 2894 5514 ἐπιστροφῆς
2938 5443 3098 5514 χρεία
3123 5438 3213 5512 ἦν,
3257 5442 3348 5494 καὶ¹
3395 5441 3692 5514 συνέτριψα
3722 5441 3826 5512 τὴν

2246 5532 2604 5605 Ἰερουσαλὴμ
2640 5533 2716 5599 ὡς
2750 5534 3038 5608 ὄστρακον,
3079 5537 3173 5590 καὶ
3205 5535 3298 5589 τὸν
3337 5535 3465 5588 ναὸν
3491 5535 3704 5607 ἐχθροῖς
3731 5536 3828 5588 καὶ

2245 5621 2523 5693 πολεμίοις
2567 5625 2858 5696 παρέδωκα
2878 5643 2892 5656 ⁶
2937 5627 3029 5679 ὅτε
3069 5625 3127 5678 δέ
3177 5624 3339 5680 πάλιν
3391 5625 3496 5696 χρὴ
3543 5623 3684 5696 μετά
3722 5623 3830 5694 τὴν

2241 5715 2423 5769 αὐτῶν
2455 5717 2704 5790 αὐτάρκη
2760 5719 3027 5784 παιδείαν,
3061 5719 3126 5772 τά
3161 5719 3260 5788 τῆς
3295 5717 3706 5790 φιλανθρωπίας
3738 5719 3830 5772 ἐν-

2237 5807 2535 5876 δείξασθαι,
2569 5811 2688 5866 τότε
2726 5810 2969 5881 βελτίονα
3001 5811 3097 5866 τοῦ
3141 5810 3408 5884 προτέρου
3443 5807 3828 5864 κατεσκεύασα
