4130 6400
310 333 418 390 415

1235 332 1738 392 COMMENTANA
1775 334 1844 390 IN
1879 333 2138 391 ISAIAM.
2179 365 2249 376 —
2284 333 2436 390 CAP.
2477 331 2642 389 XLV.

3469 335 3574 391 ιιι

311 452 402 505 τὸν
438 447 576 509 νεὼν
613 449 708 504 καὶ
739 449 839 522 τὴν
885 447 1059 515 πόλιν,
1091 448 1166 514 ὡς
1201 450 1371 522 πηλὸν
1401 450 1686 524 κεραμέως
1721 469 1893 524 μετα-

2004 449 2314 505 construxi:
2351 465 2472 519 qua:
2525 448 2652 504 olim
2705 445 2937 502 contrita
2976 446 3216 511 fueran,
3254 461 3352 504 ceu
3399 447 3571 505 lutum

313 538 491 595 δαλὼν
516 540 613 594 καὶ
649 540 1098 612 ἀνανεωσάμενος
1127 540 1196 596 τὰ
1229 543 1398 596 πάλαι
1433 544 1890 616 συντετριμμένα.

387 648 408 684 t
445 631 565 684 Ὀτι
583 628 726 683 οὕτω
749 628 898 697 λέγει
925 628 1130 701 Κύριος
1149 630 1177 682 6
1197 629 1351 696 Θεὸς,
1382 631 1411 684 6
1440 631 1632 700 Ἀγιος
1657 629 1893 702 Ἰσραὴλ,

309 723 340 777 6
375 721 606 793 ποίησας
638 720 707 774 τὰ
733 721 1074 792 ἐπερχόμενα
1096 738 1109 751 ·
1153 722 1498 795 Ἐρωτήσατὲ
1530 739 1597 793 με
1632 722 1759 794 περὶ
1787 722 1896 775 τῶν

312 813 446 867 υἰῶν
475 830 598 884 μου,
628 813 720 867 καὶ
749 815 876 885 περί
901 812 1009 866 τῶν
1042 813 1218 886 ἔργων
1243 813 1352 866 τῶν
1373 813 1570 884 χειρῶν
1601 831 1702 884 μου
1729 812 1898 866 ἐντεί-

311 903 478 958 λασΘέ
519 921 630 975 μοι.
669 923 688 954 ι
719 903 1066 957 Παιδευέσθω
1095 901 1386 976 τοιγαροῦν
1417 905 1525 967 πᾶς
1552 902 1838 976 ἄνθρωπος
1868 905 1897 958 6

311 999 422 1054 ἀπὺ
459 999 564 1069 γῆς
591 998 814 1069 ληφθεὶς
866 996 958 1050 καὶ
1020 996 1180 1067 σῶμα
1235 995 1437 1064 γεῶδες
1488 994 1895 1066 περικείμενος,

314 1090 486 1162 πηλοῦ
528 1109 585 1144 τε
627 1091 793 1162 μηδὲν
830 1087 1103 1160 διαφέρων
1134 1087 1434 1160 παραθέσει
1475 1086 1568 1140 τοῦ
1614 1086 1898 1151 κτίσαντος

313 1181 496 1247 αὑτὸν,
531 1183 604 1254 μὴ
633 1181 838 1252 τολμᾷν
874 1183 996 1244 ταῖς
1030 1180 1124 1234 τοῦ
1155 1178 1292 1234 Θεοῦ
1324 1179 1654 1250 διοικησεσιν
1684 1177 1897 1232 ἀντιλέ-

311 1291 449 1343 γειν,
483 1274 614 1346 μηδὲ
639 1270 1096 1344 καταμέμφεσθαι
1124 1271 1226 1342 τῆς
1248 1272 1502 1344 προνοίας
1525 1272 1652 1336 τοὺς
1684 1271 1895 1340 λόγους.
1921 1260 1924 1264 ’

312 1365 505 1419 Πολλοί
538 1366 645 1436 γάρ
675 1365 811 1418 εἰσιν
845 1365 895 1418 οἰ
928 1363 1357 1434 φιλεγκλήμονες
1403 1363 1678 1418 αἰτιᾶσθαι
1714 1362 1899 1416 εἰωθό-

311 1474 404 1522 τες
425 1498 442 1524 ,
477 1457 589 1510 Καὶ
617 1455 668 1510 τί
702 1455 810 1527 γὰρ
827 1458 1120 1525 ἀναγκαῖον
1141 1451 1209 1528 ἦν
1227 1456 1327 1528 τὴν
1357 1455 1532 1528 ἀρχὴν
1561 1457 1642 1519 εἰς
1672 1455 1764 1508 τὸν
1784 1454 1897 1526 βίον

314 1549 632 1622 παρελθεῖνς
671 1548 950 1618 λέγοντες·
983 1547 1082 1601 Δια
1112 1547 1165 1601 τί
1207 1547 1264 1601 δὲ
1297 1547 1469 1601 ταῦτα
1519 1547 1718 1601 οὑτωσὶ
1756 1546 1901 1616 γίνεο

314 1661 444 1711 ταις
481 1643 548 1698 Τί
579 1642 637 1698 δὲ
681 1644 790 1697 τῶν
826 1641 1082 1696 τοιούτων
1115 1637 1184 1713 ἧν
1216 1640 1411 1712 χρεία;
1464 1639 1571 1694 έδει
1614 1640 1723 1712 γὰρ
1758 1639 1900 1693 οὓτω

312 1735 658 1807 γεγενῆσθαι.
693 1734 852 1788 Ἀλλὰ
873 1734 1084 1799 τούτοις
1107 1733 1391 1806 πρόκειται
1410 1733 1470 1786 τὸ
1491 1752 1510 1785 ‹
1535 1732 1693 1788 Οὐαί.
1733 1733 1900 1803 Ἐρω-

312 1804 516 1901 τήσατέ
556 1844 624 1898 με
655 1827 784 1900 περὶ
829 1825 938 1881 τῶν
971 1827 1102 1879 υἰῶν
1134 1804 1259 1896 μου,
1297 1825 1392 1879 καὶ
1433 1825 1560 1895 περί
1583 1824 1692 1877 τῶν
1719 1823 1897 1894 ἔργων
1930 1804 1970 1860 Β

313 1919 423 1974 τῶν
461 1919 663 1992 χειρῶν
715 1935 818 1990 μου
859 1917 1169 1972 ἐντείλασθέ
1206 1935 1329 1990 μοι·
1373 1936 1394 1970 ι
1442 1918 1542 1988 τῆς
1583 1916 1682 1987 μὲν
1705 1915 1898 1985 νοερᾶς

315 2013 411 2067 καὶ
438 2012 664 2084 λογικῆς
689 2012 874 2076 οὐσίας
901 2009 990 2064 διὰ
1009 2011 1118 2064 τῶν
1151 2010 1284 2065 υίῶν
1302 2009 1638 2083 δηλουμένης
1654 2025 1669 2038 ·
1708 2007 1817 2060 τῶν
1841 2005 1898 2059 δὲ

313 2103 407 2157 τοῦ
437 2104 644 2174 κόσμου
677 2101 860 2174 μερῶν
895 2101 984 2156 διὰ
1013 2101 1122 2157 τῶν
1150 2101 1328 2173 ἔργων
1360 2101 1469 2155 τῶν
1501 2100 1702 2174 χειρῶν
1731 2099 1896 2154 αὑτοῦ

320 2194 764 2268 παρισταμένων.

395 2328 414 2361 ι
455 2306 598 2376 Ἐγὼ
626 2308 861 2380 ἐποίησα
879 2307 985 2378 γῆν
1018 2307 1113 2361 καὶ
1141 2305 1424 2378 ἄνθρωπον
1451 2307 1538 2359 ἐπ’
1565 2305 1759 2376 αὐτῆς·
1788 2303 1900 2374 ἐγὼ

315 2401 384 2468 τῇ
421 2399 567 2470 χειρί
601 2416 702 2469 μου
732 2398 1040 2468 ἐστερέωσα
1065 2397 1154 2450 τὸν
1187 2396 1444 2468 οὐρανὸν,
1480 2396 1590 2465 ἐγὼ
1619 2398 1755 2450 πᾶσι
1787 2398 1902 2460 τοῖς

315 2490 538 2562 ἄστροις
559 2489 933 2560 ἐνετειλάμην.
968 2508 986 2540 ι
1010 2489 1143 2542 Τίνα
1165 2484 1257 2541 οὖν
1279 2487 1391 2558 ἔχοι
1410 2486 1643 2541 ἐνταῦθα
1664 2486 1898 2558 μέμψιν;

316 2581 477 2634 Ποῖον
508 2579 566 2633 δὲ
597 2579 694 2649 οὐχ
733 2580 1019 2651 ὑπεραίρει
1053 2579 1270 2643 κάλλος,
1299 2579 1332 2650 ῆ
1363 2582 1514 2632 ποῖον
1545 2579 1606 2632 ού
1637 2578 1902 2632 καλύπτει

320 2669 582 2742 μέγεθοςς
614 2671 679 2724 Τί
705 2671 762 2724 δὲ
793 2671 914 2741 ούχί
938 2671 1295 2742 συμϐαλεῖται
1323 2671 1494 2725 ταῦτα
1539 2671 1673 2741 πῶς
1707 2687 1770 2739 γε
1800 2670 1900 2742 τὴν

315 2760 413 2818 τοῦ
439 2762 704 2834 παρόντος
744 2763 1012 2834 κόσμησιν
1059 2763 1154 2816 καὶ
1202 2763 1338 2834 πρὸς
1369 2763 1461 2816 τὸν
1494 2765 1551 2816 ἐν
1593 2762 1901 2834 ἀνθρώποις

323 2854 558 2928 βιωφελῆ
585 2855 731 2926 βίον;
762 2857 869 2927 Γῆν
903 2856 1000 2926 μὲν
1035 2855 1145 2928 γὰρ
1172 2855 1403 2926 ἐποίησα
1430 2857 1531 2909 ούκ
1556 2856 1780 2928 ἔρημον,
1814 2856 1904 2908 ού-

319 2947 377 3002 δέ
405 2949 675 3020 ἄχρηστον
708 2952 971 3018 στοιχεῖον
991 2964 1006 2978 ο
1032 2949 1346 3020 οἰκητήριον
1371 2947 1427 3001 δέ
1458 2947 1780 3020 ἀνθρώπων.
1811 2947 1904 3000 Διὸ

321 3043 415 3096 καὶ
440 3041 508 3095 τὰ
528 3039 692 3094 λοιπὰ
714 3039 830 3106 ζῶά
859 3058 918 3093 τε
948 3040 1040 3094 καὶ
1073 3040 1218 3110 φυτὰ
1243 3042 1322 3106 εἰς
1355 3043 1550 3113 χρῆσιν
1577 3041 1670 3093 καὶ
1699 3041 1906 3110 ὑπηρε-

1997 539 2169 612 ﬁguli,
2203 541 2270 594 ad
2301 539 2578 596 meliorem
2613 537 2842 592 formam
2876 537 3144 592 reducens
3173 547 3228 592 et
3272 554 3568 596 renovans.

2066 629 2228 684 Vens.
2265 629 2346 682 Η.
2405 627 2714 694 «Quoniam
2775 625 2856 681 sic
2905 624 3039 682 dicit
3085 627 3353 683 Dominus
3409 629 3574 696 Deus,

1997 719 2230 775 Sanctus
2263 718 2450 785 Israel,
2489 721 2581 790 qui
2631 719 2761 774 fecit
2810 729 3041 775 ventura
3072 736 3087 774 :
3119 719 3458 792 interrogate
3491 737 3578 778 me

1996 813 2062 868 de
2092 813 2214 869 ﬁliis
2247 815 2402 881 meis,
2438 814 2573 868 etde
2590 813 2846 884 operibus
2871 830 3128 869 manuum
3162 831 3407 871 mearum
3439 832 3579 888 pra:-

1997 907 2162 976 cipite
2229 907 2430 961 mihi.»
2486 906 2780 961 Erudiatur
2830 907 3014 976 itaque
3070 907 3249 978 quivis
3300 909 3462 966 homo
3511 909 3580 964 de

1999 1008 2142 1053 terra
2188 1009 2459 1069 sumptus,
2508 1007 2564 1053 et
2610 1007 2830 1054 terreno
2879 1000 3097 1056 indutus
3147 1016 3400 1072 corpore,
3443 1003 3581 1058 nihil

1997 1091 2252 1146 diﬁ‘erens
2274 1105 2302 1144 a
2336 1091 2446 1145 luto
2476 1091 2520 1145 si
2550 1106 2670 1144 cum
2707 1101 2960 1146 creatore
2984 1109 3080 1148 suo
3107 1105 3474 1164 comparetur,
3510 1111 3581 1152 ue

1998 1189 2193 1239 audeat
2221 1185 2314 1240 Dei
2350 1183 2742 1255 dispensationi
2783 1187 3190 1252 contradicere,
3235 1204 3412 1259 neque
3458 1205 3584 1260 pro-

1996 1276 2250 1332 videntiae
2284 1276 2550 1332 ratiOnem
2597 1276 2839 1346 culpare.
2883 1277 3019 1332 Nam
3049 1280 3200 1334 multi
3231 1283 3446 1351 queruli
3481 1283 3583 1336 ho-

1999 1370 2172 1424 mines
2222 1378 2369 1436 sunt,
2406 1368 2497 1438 qui
2551 1356 2938 1424 criminariet
2981 1384 3211 1441 arguere
3248 1371 3452 1426 audent
3499 1373 3585 1428 his

1999 1464 2180 1518 verbis
2227 1481 2240 1518 :
2291 1461 2431 1530 Quid
2489 1475 2718 1516 necesse
2766 1461 2869 1516 fuit
2913 1475 2944 1516 a
2991 1462 3259 1534 principio
3302 1463 3369 1518 ad
3419 1463 3584 1518 vitam

2001 1557 2282 1612 transire?
2312 1556 2421 1612 Cur
2451 1555 2568 1609 hazc
2605 1553 2696 1609 tali
2729 1555 2891 1610 modo
2919 1555 3274 1611 conduntur?
3302 1553 3442 1622 Quid
3485 1556 3585 1610 hu-

1995 1648 2230 1719 jusmodi
2287 1647 2449 1704 rebus
2508 1647 2687 1716 opus?
2744 1662 2866 1701 nam
2934 1647 3038 1704 hoc
3089 1645 3206 1701 ﬁeri
3257 1649 3418 1702 modo
3487 1662 3589 1716 par

2001 1754 2140 1798 erat.
2189 1742 2387 1797 Verum
2438 1741 2506 1796 ad
2554 1755 2650 1796 eos
2696 1751 2906 1810 spectat
2949 1740 3100 1804 illud,
3145 1758 3164 1792 ι
3191 1739 3305 1796 Vae.
3359 1739 3590 1795 Interro-

1998 1845 2122 1906 gate
2147 1849 2235 1890 me
2265 1833 2331 1889 de
2370 1833 2495 1888 ﬁliis
2521 1835 2676 1897 meis,
2710 1844 2766 1889 et
2794 1836 2862 1890 de
2883 1835 3139 1905 operibus
3169 1851 3426 1890 manuum
3462 1849 3581 1890 me-

2000 1946 2154 1984 arum
2190 1927 2469 1997 prmcipite
2517 1927 2672 1981 mihi.
2702 1947 2721 1980 ι
2764 1926 3026 1984 Filiorum
3060 1928 3281 1982 nomine
3312 1926 3590 1983 intellectu

2001 2021 2229 2095 praedita
2293 2029 2348 2076 et
2407 2020 2754 2076 rationabilis
2821 2021 3131 2076 substantia
3203 2020 3588 2092 signiﬁcatur;

1999 2114 2256 2184 Operibus
2285 2123 2466 2168 autem
2496 2129 2749 2168 manuum
2784 2111 2901 2182 ejus
2927 2155 2943 2180 ,
2978 2114 3160 2168 mundi
3193 2123 3377 2185 partes
3407 2113 3592 2171 deela-

2003 2218 2212 2263 rantur.

2074 2300 2240 2355 Vens.
2276 2298 2365 2353 12.
2405 2297 2548 2368 «Εςο
2579 2297 2680 2353 feci
2721 2309 2944 2364 terram,
2989 2307 3044 2353 et
3087 2297 3361 2353 hominem
3396 2298 3449 2353 in
3480 2313 3544 2354 ea
3573 2318 3589 2355 :

2001 2408 2102 2464 ego
2135 2408 2298 2446 manu
2349 2408 2468 2447 mea
2502 2391 2709 2445 ﬁrmavi
2751 2391 2973 2455 cmlum,
3003 2407 3105 2462 ego
3149 2392 3406 2448 omnibus
3430 2393 3594 2448 astris

2002 2485 2278 2542 mandavi.
2310 2503 2332 2538 ι
2391 2483 2654 2552 ρυωηιιιιι
2715 2483 2880 2555 igitur
2933 2484 3024 2540 hic
3076 2483 3332 2554 culpandi
3381 2485 3593 2540 causa?

2003 2577 2227 2646 Qualem
2266 2576 2726 2648 pulchritudinem
2772 2592 2878 2630 non
2933 2585 3180 2646 superat,
3236 2586 3331 2630 aut
3377 2576 3592 2647 qualent

2003 2671 2437 2743 magnitudinem
2494 2684 2598 2724 non
2650 2669 2827 2740 operit
2880 2677 2936 2724 et
2995 2669 3253 2725 excedit?
3308 2668 3594 2736 Quomodo

2004 2764 2121 2820 haec
2151 2779 2257 2818 non
2289 2762 2645 2819 conferantur
2677 2761 2744 2816 ad
2775 2762 3063 2832 praesentis
3105 2763 3286 2816 mundi
3318 2771 3592 2827 ornatum,

2003 2865 2060 2912 et
2089 2857 2157 2912 ad
2189 2855 2530 2912 commodam
2559 2853 2842 2909 hominum
2876 2855 3090 2908 vitam?
3133 2854 3359 2909 Terram
3393 2855 3595 2925 quippe

2005 2963 2111 3002 non
2146 2947 2420 3002 desertam
2454 2945 2713 3014 condidi,
2765 2961 2942 3016 neque
2995 2946 3186 3001 inutile
3221 2945 3592 3012 elementum;

2006 3041 2101 3095 sed
2128 3039 2182 3094 in
2211 3038 2542 3093 domicilium
2597 3037 2931 3094 hominibus.
2985 3038 3328 3108 Quapropter
3387 3039 3596 3108 reliqua

322 3131 443 3186 σίαν
475 3129 780 3203 ἀνθρώποις
822 3147 883 3184 τε
932 3129 1356 3201 παρεσκεύασασ
1410 3130 1639 3202 οὐρανόν
1664 3147 1723 3182 τε
1748 3131 1898 3182 ἐστεο

2007 3131 2284 3197 animalia,
2328 3141 2384 3187 et
2434 3131 2649 3204 plantas
2690 3131 2756 3186 ad
2795 3145 2953 3187 usum
2993 3143 3047 3186 et
3080 3131 3447 3186 ministerium
3497 3131 3596 3186 ho-

325 3220 526 3292 ρέωσα,
553 3221 832 3292 κοσμήσας
853 3221 1102 3293 ἄστροις·
1145 3219 1225 3285 οἷς
1258 3222 1610 3292 ἐνετειλάμην
1640 3221 1902 3275 εὔτακτον

322 3314 418 3368 καὶ
441 3312 760 3383 ἐναρμόνιον
805 3314 1072 3366 ποιεῖσθαι
1125 3313 1222 3384 τὴν
1258 3313 1500 3384 κίνησιν
1544 3313 1619 3376 ὡς
1647 3313 1769 3366 τοτὲ
1804 3313 1902 3384 μὲν

322 3402 536 3473 φαίνειν
579 3404 692 3465 τοῖς
730 3401 821 3454 ἐπὶ
858 3405 955 3473 τῆς
990 3405 1116 3473 γῆς,
1152 3403 1273 3456 τοτὲ
1303 3404 1357 3457 δὲ
1390 3399 1530 3457 εἷναι
1574 3405 1652 3467 εἰς
1679 3405 1900 3475 σημεῖα,

321 3494 418 3548 καὶ
461 3495 543 3558 εἰς
583 3493 829 3565 καιροὺς,
878 3495 972 3548 καὶ
1022 3497 1102 3560 εἰς
1149 3495 1382 3568 ἡμέρας,
1419 3497 1515 3550 καὶ
1564 3495 1760 3568 μῆνας,
1807 3496 1904 3565 καὶ

321 3583 625 3648 ἐνιαυτούς.

397 3759 416 3790 ι
460 3739 602 3808 Ἐγὼ
647 3740 843 3811 ῆγειρα
889 3740 1050 3794 αὐτὸν
1094 3740 1232 3811 μετὰ
1273 3740 1620 3812 δικαιοσύνης
1657 3740 1902 3812 βασιλέα,

321 3829 417 3884 καὶ
445 3831 618 3884 πᾶσαι
657 3832 714 3884 αἰ
752 3831 860 3884 ὁδοὶ
903 3832 1066 3886 αὐτοῦ
1106 3831 1329 3885 εὐθεῖαι.
1360 3824 1528 3895 Οὗτος
1560 3832 1904 3903 οἰκοδομήσει

320 3921 423 3994 τὴν
466 3923 619 3976 πόλιν
664 3941 788 3995 μου,
823 3925 917 3978 καὶ
959 3924 1058 3994 τὴν
1099 3924 1476 3996 αἰχμαλωσίαν
1511 3925 1606 3978 τοῦ
1643 3925 1774 3979 λαοῦ
1803 3943 1903 3996 μου

324 4013 663 4085 ἐπιστρέψει,
696 4015 756 4067 ού
793 4015 928 4084 μετὰ
950 4014 1179 4086 λύτρων,
1210 4014 1333 4068 οὐδὲ
1371 4016 1510 4085 μετὰ
1543 4013 1752 4084 δώρων,
1785 4009 1905 4068 εἷπε

324 4101 526 4174 Κύριος
558 4102 839 4156 Σαϐαὼθ.»
863 4103 997 4156 Τίνα
1022 4103 1078 4156 δὲ
1102 4102 1289 4157 τοῦτον
1316 4103 1350 4175 ἧ
1380 4106 1560 4172 ποῖονς
1597 4105 1655 4158 'O
1692 4104 1792 4176 μέν
1821 4122 1906 4169 τις

325 4195 442 4266 ἐρεῖ
460 4193 550 4246 τὺν
576 4193 685 4246 τῶν
709 4193 935 4264 Περσῶν
969 4193 1189 4264 βασιλέα
1228 4193 1431 4266 Κῦρον,
1462 4190 1523 4249 οὗ
1555 4195 1649 4249 καὶ
1679 4194 1768 4249 διὰ
1798 4195 1906 4249 τῶν

325 4285 636 4357 ἔμπροσθεν
687 4284 1091 4356 ἐμνημόνευσεν
1140 4287 1169 4338 6
1215 4284 1406 4354 λόγος·
1441 4286 1517 4350 ὠς
1567 4286 1695 4359 περὶ
1739 4285 1904 4340 αὐτοῦ

325 4378 580 4448 λέγεσθαι
603 4378 686 4441 τὸ,
726 4398 744 4428 ε
780 4378 956 4431 Πᾶσαι
981 4379 1035 4431 αἰ
1055 4378 1164 4431 όδοὶ
1196 4378 1362 4432 αὐτοῦ
1395 4377 1618 4443 εὐθεῖαι,
1653 4399 1670 4430 ι
1697 4379 1730 4451 ἢ
1766 4377 1908 4433 κατὰ

2005 3226 2244 3282 minibus
2288 3223 2597 3296 apparavi:
2648 3223 2962 3296 ctelumqne
3011 3223 3265 3288 ﬁrmavi,
3317 3232 3372 3277 et
3423 3221 3597 3278 astris

2001 3319 2268 3376 exornavi
2301 3336 2316 3374 :
2364 3318 2566 3389 quibus
2610 3317 2844 3389 praecepi
2879 3326 2937 3370 ut
2973 3316 3244 3371 concinno
3283 3323 3340 3369 et
3379 3316 3596 3368 harmo-

2005 3414 2130 3469 nico
2171 3421 2317 3466 motu
2359 3409 2759 3482 procederent;
2796 3423 2920 3462 cum
2962 3416 3022 3461 ut
3056 3417 3263 3462 terram
3296 3402 3591 3460 incolenti-

2005 3507 2106 3562 bus
2130 3506 2396 3572 lucerent,
2429 3513 2542 3560 tum
2572 3511 2631 3557 ut
2655 3511 2836 3558 essent
2859 3501 2912 3557 in
2937 3501 3118 3570 signa,
3145 3499 3198 3554 in
3241 3508 3508 3566 tempora,
3538 3494 3592 3550 in

2005 3599 2143 3668 dies,
2179 3613 2397 3654 menses
2422 3605 2480 3652 et
2507 3609 2705 3651 annos.

2075 3757 2244 3811 Vens.
2275 3754 2362 3812 l3.
2399 3773 2418 3806 ι
2444 3753 2556 3823 Ego
2579 3750 2810 3808 excitavi
2837 3765 2960 3807 eum
2996 3765 3119 3805 eum
3144 3748 3356 3818 Iustitia
3389 3763 3591 3821 regem,

2005 3859 2060 3906 et
2099 3864 2290 3906 omnes
2330 3850 2432 3902 viae
2470 3845 2590 3915 ejus
2633 3856 2820 3902 rectae.
2863 3843 2965 3900 ilic
2993 3843 3285 3900 aediﬁcabit
3314 3842 3592 3898 civitatem

2008 3957 2220 4006 meam,
2267 3949 2318 3995 et
2368 3939 2741 4008 captivitatem
2802 3937 2983 4010 pepuli
3032 3937 3136 3992 mei
3180 3940 3442 4003 reducet,
3484 3951 3594 3991 non

2007 4036 2198 4105 pretio.
2252 4047 2432 4102 neque
2477 4031 2816 4097 muneribus,
2866 4030 2946 4084 ait
2988 4029 3247 4084 Dominus
3282 4027 3542 4082 Sabaoth.
3570 4045 3592 4079 ι

2007 4129 2176 4196 Quem
2222 4134 2313 4180 aut
2343 4124 2558 4194 qualem
2593 4122 2684 4178 hic
2725 4120 3032 4178 memorat?
3075 4119 3279 4192 Cyrum
3305 4118 3596 4174 Persarum

2010 4236 2229 4289 regem,
2289 4219 2434 4272 dicet
2480 4215 2752 4286 quispiam
2781 4253 2797 4279 ,
2845 4212 3003 4283 cujus
3057 4212 3110 4266 in
3165 4209 3596 4280 praecedentibus

2009 4311 2290 4377 meminit;
2348 4312 2422 4367 ita
2470 4318 2530 4363 ut
2579 4313 2645 4364 de
2690 4306 2784 4362 illo
2835 4305 3156 4368 diceretur,
3212 4317 3448 4357 «omnes
3496 4300 3597 4354 via:

2009 4405 2125 4476 ejus
2166 4411 2406 4467 rectaen
2469 4401 2584 4456 sive
2631 4400 2927 4455 secundum
2982 4397 3413 4468 Symmachum,
3481 4411 3500 4445 ι
3530 4393 3597 4446 Et

326 4471 415 4526 τὸν
443 4471 757 4541 Σύμμαχον,
794 4489 812 4519 ι
847 4469 957 4523 Καὶ
985 4469 1163 4534 πάσας
1190 4469 1288 4534 τὰς
1310 4470 1460 4534 ὁδοὺς
1490 4469 1654 4524 αὐτοῦ
1678 4471 1903 4525 εύθυνῶ.

2012 4469 2201 4556 omnes
2240 4497 2357 4552 vias
2404 4495 2523 4566 ejus
2572 4503 2748 4550 rectas
2787 4492 3006 4548 faciam.
3056 4490 3123 4545 Et
3175 4489 3262 4544 hic
3301 4487 3596 4542 aadiﬁcabit

325 4564 438 4618 Kal.
464 4558 618 4626 οὗτος
638 4561 980 4634 οἰκοδομήσει
1007 4561 1104 4633 τὴν
1132 4563 1288 4616 πόλιν
1323 4581 1445 4634 μου.
1481 4582 1499 4614 ι
1533 4564 1769 4634 Δυνάμει
1795 4563 1905 4636 γὰρ

326 4655 490 4718 αὐτὸς
523 4649 589 4724 ἦν
621 4655 650 4708 6
686 4654 782 4725 τὴν
816 4653 972 4707 πόλιν
1002 4653 1364 4724 οἰκοδομήσας
1391 4653 1489 4725 τὴν
1530 4653 1904 4726 Ἰερουσαλὴμ,

324 4748 414 4802 διὰ
443 4745 538 4800 τοῦ
574 4747 973 4817 συγχωρεῖσθαι
1005 4748 1117 4808 τοῖς
1143 4745 1414 4799 ἐθέλουσιν
1435 4747 1641 4800 ἀνιέναι
1673 4747 1780 4800 ἀπὸ
1808 4749 1909 4819 τῆς

328 4837 665 4903 Βαϐυλῶνος,
697 4839 789 4892 καὶ
820 4838 1126 4910 ἀνεγείρειν
1155 4838 1244 4891 τὸν
1266 4838 1448 4891 τόπον.
1471 4837 1641 4891 Τοῦτο
1669 4839 1908 4910 ἐπλήρου

325 4930 467 4988 κατὰ
515 4931 614 5002 τὴν
671 4931 912 5001 ἱστορίαν
967 4933 996 4984 6
1050 4928 1312 5000 δηλωθεὶς
1356 4927 1580 4999 Περσῶν
1633 4926 1905 4997 βασιλεύς.

329 5023 522 5086 Ἄλλος
547 5022 592 5075 δ’
629 5021 694 5076 ἂν
716 5022 860 5074 εἴποι
891 5020 1066 5076 ταῦτα
1099 5019 1351 5090 λέγεσθαι
1385 5021 1512 5092 περὶ
1544 5019 1638 5073 τοῦ
1671 5019 1908 5090 Ζοροϐά-

328 5116 443 5180 ϐελ,
465 5115 544 5178 ὃς,
571 5113 681 5168 ἀπὸ
707 5113 801 5167 τοῦ
837 5113 1114 5184 βασιλικοῦ
1155 5113 1345 5182 γένους
1370 5110 1712 5183 ὁρμώμενος,
1743 5107 1812 5182 ἦν
1843 5112 1909 5164 ἐκ

329 5207 502 5279 φυλῆς
527 5205 698 5260 ’ἰούδα
730 5205 826 5259 καὶ
853 5208 954 5277 τῆς
988 5205 1082 5259 τοῦ
1109 5203 1271 5259 Δαυτδ
1301 5203 1570 5274 διαδοχῆς.
1621 5201 1780 5256 Ἀλλὰ
1813 5201 1908 5254 καὶ

329 5297 429 5370 τὴν
475 5295 585 5349 τῶν
626 5293 813 5367 ψυχῶν
845 5296 1220 5368 αἰχμαλωσίαν
1249 5295 1409 5367 μόνος
1458 5297 1486 5348 6
1524 5293 1759 5365 Χριστὸς
1805 5292 1909 5346 ἀπ-

331 5387 584 5462 έστρεψε,
609 5389 706 5460 τῆς
731 5389 1052 5460 δαιμονικῆς
1072 5389 1276 5459 πλάνης
1293 5387 1664 5460 ἐλευθερώσας
1685 5388 1779 5440 καὶ
1796 5387 1909 5440 δουο

330 5479 512 5542 λείας’
554 5479 648 5532 καὶ
685 5478 844 5533 τοῦτο
871 5478 1106 5558 ἔπραξεν
1136 5480 1196 5532 ού
1237 5480 1376 5550 μετὰ
1400 5479 1631 5550 λύτρων,
1660 5478 1780 5532 οὐδὲ
1811 5496 1910 5550 με-

330 5567 398 5620 τὰ
436 5564 652 5638 δώρων*
705 5567 733 5620 6
771 5566 834 5623 δὴ
865 5568 960 5620 καὶ
993 5567 1235 5622 διδάσκει
1277 5571 1306 5621 6
1345 5567 1667 5631 Ἀπόστολος
1704 5567 1904 5623 εἰπών·

340 5677 359 5709 ι
396 5655 590 5728 Χάριτί
617 5659 740 5711 ἐστε
772 5657 1123 5730 σεσωσμένοι.
1169 5678 1187 5712 ι

408 5766 428 5799 ι
457 5746 613 5805 υἴιτω
650 5747 799 5817 λέγει
835 5747 1038 5820 Κύριος
1083 5745 1344 5806 Σαὸαώθο
1392 5751 1710 5805 Ἐκοπίασεν
1739 5750 1903 5818 Αἴγυ-

2009 4595 2283 4650 civitatem
2318 4607 2514 4647 meam.
2544 4609 2562 4642 ι
2613 4589 2748 4644 Nam
2782 4589 2871 4643 hic
2901 4587 3133 4658 quadam
3167 4584 3376 4638 ratione
3405 4581 3595 4638 civita-

2009 4695 2116 4743 tem
2136 4684 2565 4755 Hierosolymam
2596 4681 2913 4745 aediﬁcavit,
2947 4679 3071 4749 quia
3097 4676 3363 4731 volentem
3406 4689 3594 4744 quem-

2010 4797 2115 4850 que
2158 4777 2431 4848 permisit,
2485 4774 2757 4847 Babylone
2814 4769 3126 4844 proﬁcisci,
3177 4779 3230 4823 et
3279 4768 3454 4822 locum
3505 4783 3592 4821 re-

2009 4883 2280 4927 stanrarc.
2299 4868 2445 4934 llaec,
2471 4867 2767 4922 secundum
2802 4863 3108 4926 historiam,
3138 4866 3472 4915 memoratus
3500 4873 3592 4913 rex

2012 4963 2304 5019 Persarum
2359 4959 2625 5028 implevit.
2678 4957 2830 5011 Alius
2883 4970 3013 5010 vero
3057 4953 3323 5024 quispiam
3373 4951 3592 5016 dixerit,

2013 5057 2131 5112 bam
2173 5055 2237 5110 de
2268 5050 2602 5109 Zorobahele
2635 5049 2763 5115 dici,
2795 5049 2884 5118 qui
2929 5063 2995 5102 ex
3032 5047 3176 5117 regia
3208 5046 3378 5115 stirpe
3409 5044 3594 5099 oriun-

2015 5149 2138 5213 dus,
2168 5162 2233 5202 ex
2275 5147 2414 5201 tribu
2450 5144 2586 5200 Juda
2629 5152 2684 5197 et
2719 5156 2784 5196 ex
2827 5141 3174 5196 successione
3203 5138 3422 5193 Davidls
3450 5146 3590 5192 erat.

2011 5241 2126 5297 lmo
2175 5255 2306 5295 vero
2357 5238 2506 5293 solus
2552 5236 2805 5290 Christus
2860 5233 3164 5287 animarum
3225 5230 3591 5300 captivitatem

2012 5333 2249 5394 reduxit,
2313 5342 2476 5401 atque
2528 5345 2557 5383 a
2617 5329 2924 5382 dmmonum
2987 5339 3175 5380 errore
3227 5323 3594 5391 servituteque

2013 5425 2268 5482 liberavit
2307 5443 2320 5478 :
2367 5423 2529 5492 idque
2561 5420 2713 5485 fecit,
2758 5435 2864 5475 non
2911 5419 3088 5489 pretio
3131 5433 3197 5470 ac
3239 5415 3591 5469 muneribus°

2014 5517 2157 5590 quod
2198 5517 2365 5572 etiam
2409 5518 2565 5571 docet
2599 5513 2910 5584 Apostolus,
2944 5513 3165 5568 dicens:
3188 5528 3206 5563 ι
3233 5509 3419 5566 Gratia
3459 5508 3592 5563 salvi

2018 5611 2144 5667 facti
2177 5610 2331 5666 estis.
2363 5628 2381 5662 ι

2089 5744 2256 5804 Vens.
2286 5745 2370 5803 Η.
2405 5764 2422 5800 ι
2454 5745 2545 5803 Sic
2586 5745 2718 5803 dicit
2755 5745 3013 5803 Dominus
3045 5742 3280 5800 Sabaoth
3312 5758 3322 5794 :
3355 5738 3592 5794 Labora-
