4130 6400
553 344 661 400 4135

1235 346 1506 405 EUSEBll
1543 345 2021 404 CESABIENSIS
2059 349 2210 404 OPP.
2255 348 2435 404 PARS
2474 349 2565 405 lll.
2606 379 2674 390 —
2715 344 3131 402 EXEGETICA.

3715 343 3825 396 HG

557 475 634 519 vtt
663 467 948 536 Acgyptus,
995 474 1049 518 et
1092 465 1387 534 negotiatio
1423 463 1766 534 Ethioputn,
1811 477 1864 521 et
1913 465 2136 522 Sabaim

2252 482 2394 528 πτος,
2427 466 2522 520 καὶ
2559 465 2799 536 ἐμπορία
2827 462 3121 521 Αἰθιόπων,
3155 459 3253 513 καὶ
3288 459 3338 512 οἱ
3370 460 3616 528 Σαοαεὶμ
3638 456 3831 530 ἄνδρες

554 559 658 612 viri
696 557 894 612 excelsi
936 557 1002 611 ad
1038 567 1088 611 te
1117 555 1447 623 transibunt,
1484 567 1540 609 et
1569 558 1662 611 tibi
1695 558 1841 612 servi
1871 567 2054 625 erunt,
2088 569 2145 613 et

555 659 678 719 post
708 660 758 704 te
787 658 1081 718 sequentur
1124 649 1292 703 vincti
1334 649 1565 704 manicis
1591 668 1607 704 :
1633 657 1690 704 et
1723 651 2037 706 transibunt
2076 651 2142 706 ad

557 752 610 796 te
633 786 648 806 ,
687 751 738 794 et
776 742 1081 796 adorabunt
1109 750 1200 806 te;
1237 751 1291 796 et
1320 741 1372 795 in
1413 750 1465 796 te
1491 744 1861 812 precabuntnr
1886 761 1899 798 :
1928 747 2053 814 quia
2089 745 2142 798 in

563 844 614 886 te
646 833 787 888 Deus
811 843 915 900 est,
944 843 998 887 et
1027 850 1132 888 non
1159 845 1240 890 est
1267 835 1407 889 Deus
1444 845 1644 904 prteter
1685 843 1757 888 te.
1789 854 1807 887 ι
1852 834 2143 906 Egyplum

559 928 633 980 ait
664 925 982 981 idololatria:
1021 942 1211 981 errore
1253 926 1551 989 laborasse,
1598 928 1816 996 quando
1849 928 2063 982 diabolo
2091 937 2148 984 et

553 1019 828 1075 ministris
867 1019 984 1088 ejus
1035 1020 1375 1074 daemonibus
1420 1019 1665 1088 subjecta
1706 1031 1866 1074 erat:
1905 1030 2144 1076 attamen

537 1129 584 1167 .a
638 1113 828 1167 labore
883 1112 1241 1167 rerreandam
1293 1111 1584 1182 [Egyptum
1639 1125 1761 1167 esse
1814 1110 2143 1180 pollicetur:

555 1221 660 1273 qua
711 1213 879 1259 totum
922 1205 1241 1258 idololatriae
1298 1219 1470 1273 genus
1512 1203 1837 1258 subindicat.
1892 1221 1912 1256 ι
1942 1203 2007 1256 Et
2042 1203 2140 1260 Sa-

557 1298 700 1349 haim
740 1298 838 1351 viri
879 1296 1101 1352 excelsi.
1139 1316 1157 1348 »
1201 1295 1366 1362 Queis
1410 1297 1721 1366 siguiticare
1766 1297 1978 1352 videtur
2019 1297 2146 1351 bar—

553 1389 716 1444 baras
751 1391 1010 1460 quasdam
1057 1389 1432 1459 immanesque
1469 1397 1684 1460 gentes,
1715 1399 1958 1444 extrema
1989 1399 2148 1448 terra:

556 1481 874 1547 incolentes,
911 1497 1051 1551 quas
1082 1481 1302 1537 Christo
1340 1482 1588 1538 subditas
1627 1481 1744 1538 fore
1779 1483 2145 1552 vaticinatur;

557 1589 734 1643 quare
770 1575 990 1630 subdit:

2246 557 2438 629 ὑψηλοὶ
2489 558 2581 610 ἐπὶ
2618 557 2676 610 σὲ
2715 556 3081 626 διαϐήσονται,
3131 553 3224 604 καὶ
3256 552 3340 604 σοὶ
3375 550 3588 604 ἔσονται
3630 549 3827 611 δοῦλοι,

2245 648 2341 701 καὶ
2364 648 2542 702 όπίσω
2570 665 2663 701 σου
2697 647 3122 717 ἀκολουθήσουσι
3151 643 3424 715 δεδεμένοι
3451 643 3793 714 χειροπεδαις
3811 658 3827 673 ⁸

2245 741 2339 794 καὶ
2363 740 2706 813 διαδήσονται
2734 740 2869 812 πρὸς
2897 738 2974 798 σὲ,
3003 738 3098 790 καὶ
3131 735 3568 809 προσκυνήσουσί
3597 753 3706 788 σοι·
3735 738 3833 790 καὶ

2246 834 2303 885 ὲν
2348 834 2432 887 σοὶ
2476 831 2892 905 προσεύξονται·
2941 832 3022 885 ὅτι
3077 832 3134 884 ὲν
3167 829 3249 882 σοὶ
3291 831 3320 882 6
3359 828 3494 892 Θεός
3544 830 3682 893 ἐστι,
3734 829 3830 882 καὶ

2245 927 2347 979 ούκ
2385 924 2498 979 ἐστι
2532 925 2665 988 Θεὸς
2701 923 2839 994 πλὴν
2874 921 2989 976 σοῦ.
3032 941 3049 971 ιι
3093 922 3364 989 Αἴγυπτον
3396 919 3454 972 δέ
3501 935 3632 988 φησι
3671 936 3832 972 κεκο-

2249 1016 2502 1072 πιακέναι
2543 1015 2631 1069 διὰ
2665 1017 2764 1086 τῆς
2797 1012 3182 1083 είδωλολάτρου
3219 1011 3448 1080 πλάνης,
3483 1009 3720 1080 ὁπηνίκα
3755 1009 3834 1080 τῷ

2246 1108 2477 1180 διαόόλῳ
2507 1109 2601 1162 καὶ
2627 1109 2741 1171 τοῖς
2769 1107 2898 1178 περὶ
2920 1106 3082 1160 αὐτὸν
3119 1105 3335 1174 δαίμοσι
3372 1103 3628 1172 πονηροῖς
3664 1119 3833 1156 κατα-

2246 1197 2569 1252 δεδούλωτο·
2612 1196 2753 1269 πλὴν
2786 1195 2900 1250 ἀλλ’
2931 1197 3080 1266 ὅμως
3110 1191 3570 1246 διαναπαύσεσθαι
3613 1191 3706 1246 τοῦ
3737 1193 3831 1246 κό-

2249 1307 2351 1343 που
2390 1291 2490 1360 τὴν
2527 1288 2801 1360 Αἴγυπτον
2841 1286 3268 1356 ἐπαγγέλλεται·
3317 1285 3384 1338 δι’
3431 1283 3600 1354 αὐτῆς
3631 1285 3739 1338 πᾶν
3771 1284 3835 1338 τὸ

2247 1383 2348 1453 τῆς
2393 1380 2837 1454 είδωλολατρείας
2883 1380 3038 1448 γένος
3077 1377 3464 1448 αἰνιττόμενος.
3521 1396 3540 1428 ι
3583 1377 3691 1430 Καὶ
3729 1378 3836 1431 Σα-

2249 1473 2418 1546 εαεὶμ
2446 1474 2635 1546 ἄνδρες
2659 1473 2872 1545 ὑψηλοί.
2913 1492 2931 1525 ι
2959 1474 3036 1525 Δι’
3063 1465 3137 1526 ὧν
3160 1471 3446 1542 σημαίνειν
3465 1469 3607 1524 ἔοικε
3631 1469 3838 1542 βάρϐα-

2251 1567 2321 1639 ρά
2361 1584 2482 1621 τινα
2512 1569 2607 1621 καὶ
2637 1569 2910 1638 ἀνήμερα,
2943 1565 3039 1619 καὶ
3077 1567 3135 1618 ὲν
3165 1567 3278 1628 τοῖς
3316 1563 3571 1632 ἐξωτάτω
3605 1567 3704 1634 τῆς
3729 1566 3836 1635 γῆς

2249 1658 2504 1712 οἰκοῦντα
2525 1658 2652 1730 ἔθνη
2673 1677 2686 1690 ·
2712 1659 2748 1714 ἃ
2775 1658 2838 1730 δὴ
2870 1657 3178 1713 δουλεύσειν
3207 1659 3287 1730 τῷ
3307 1659 3530 1731 Χριστῷ
3554 1657 3799 1722 θεσπίζει
3815 1675 3832 1688 ·

2152 1813 2216 1824 .__
2251 1749 2333 1804 διὸ
2357 1750 2601 1819 ἐπιλέγει
2615 1767 2630 1782 ο

629 1838 794 1895 Vens.
824 1841 909 1906 l5,
944 1842 1030 1897 l6.
1071 1861 1088 1894 ι
1113 1843 1179 1897 Ει
1215 1852 1339 1914 post
1373 1852 1424 1899 te
1449 1851 1748 1914 sequentur
1777 1842 1946 1898 vincti
1977 1843 2145 1896 mani-

555 1933 656 1987 cis.
696 1933 776 1987 Tu
814 1935 959 1988 enim
1008 1951 1068 1990 es
1111 1935 1274 2001 Deus,
1319 1945 1373 1992 et
1413 1935 1764 2000 nescivimus,
1797 1934 1940 1990 Deus
1981 1930 2147 1988 Israel

559 2024 822 2083 salvator.
855 2027 1272 2084 Confundentur
1296 2039 1352 2084 et
1381 2026 1709 2083 erubescent
1743 2042 1933 2083 omnes
1963 2027 2150 2082 adver-

557 2119 688 2173 sarii
730 2120 892 2189 ejus:
945 2130 1000 2176 et
1042 2121 1398 2176 ambulabunt
1441 2121 1492 2175 in
1531 2119 1872 2176 confusione.
1920 2119 2150 2175 lnnovao

558 2212 690 2266 mini
736 2215 804 2268 ad
843 2227 948 2282 me,
987 2215 1201 2269 insulae.
1229 2233 1250 2267 ι
1298 2213 1582 2282 Quomodo
1624 2214 1943 2269 confusione
1977 2223 2032 2268 et
2061 2230 2153 2282 pu-

557 2306 691 2361 dore
737 2306 928 2376 repleti
982 2309 1115 2374 sint,
1165 2321 1401 2373 omnes,
1448 2305 1539 2376 qui
1596 2305 1764 2360 variis
1814 2305 2149 2375 temporibus

557 2397 857 2452 adversarii
891 2399 1063 2466 luere,
1119 2398 1330 2470 ipsique
1379 2396 1564 2468 populi
1616 2412 1680 2451 ex
1732 2396 2150 2452 circumcisione

555 2497 717 2558 atque
764 2503 830 2544 ex
879 2491 1133 2558 gentibus
1179 2492 1455 2555 universi,
1505 2490 1596 2560 qui
1643 2499 1830 2545 contra
1888 2489 2151 2545 ecclesias

555 2581 673 2649 t-jus
758 2583 1192 2650 persecutionem
1254 2585 1604 2651 excitarunt,
1676 2582 1809 2651 ipsis
1884 2583 2150 2655 operibus

556 2674 733 2743 magis
771 2690 933 2744 quam
982 2691 1235 2732 sermone
1273 2676 1604 2731 declaratur.

627 2763 792 2821 Vatis.
833 2767 918 2822 l7.
987 2787 1006 2820 ι
1041 2768 1204 2823 Israel
1271 2769 1513 2823 salvatur
1562 2783 1591 2824 a
1645 2767 1912 2835 Domino,
1976 2767 2152 2824 salute

559 2865 764 2912 :etcrna
807 2877 822 2914 :
867 2875 974 2914 non
1028 2859 1453 2920 confundentur,
1503 2875 1681 2929 neque
1706 2861 2033 2916 erubescent
2063 2876 2152 2915 us-

558 2966 665 3021 que
694 2953 747 3006 in
777 2966 1062 3006 anet-num.
1091 2971 1110 3005 ι
1150 2951 1276 3007 Haec
1305 2967 1468 3022 porro
1496 2952 1830 3023 conjunctim
1864 2961 2051 3023 postea
2086 2954 2152 3006 de

560 3044 837 3114 apostolis,
881 3044 1165 3114 discipulis
1197 3053 1253 3100 et.
1310 3045 1665 3114 evangelistis
1698 3044 2004 3100 Salvatoris
2048 3060 2149 3101 no-

2326 1881 2344 1914 ι
2381 1863 2489 1917 Καὶ
2508 1862 2684 1916 ὀπίσω
2717 1880 2809 1916 σου
2837 1861 3259 1934 ἀκολουθήσουσι
3281 1861 3553 1934 δεδεμένοι
3583 1863 3836 1934 χειροπε-

2247 1956 2387 2020 δαις.
2429 1955 2502 2008 Σὺ
2537 1954 2646 2026 γάρ
2682 1950 2733 2008 εί
2774 1955 2929 2019 Θεὸς,
2963 1957 3056 2010 καὶ
3085 1955 3184 2009 οὐκ
3214 1955 3459 2026 ᾔδειμεν,
3502 1957 3533 2008 6
3575 1954 3705 2019 Θεὸς
3737 1955 3836 2008 τοῦ

2261 2047 2480 2118 Ἰσραὴλ
2519 2049 2726 2119 σωτήρ.
2764 2045 3229 2118 Δίσχυνθὴσονται
3271 2046 3366 2100 καὶ
3401 2045 3836 2118 ἐντραπήσονται

2250 2136 2452 2200 πάντες
2503 2138 2551 2191 οἱ
2603 2137 2966 2208 ἀντικείμενοι
3020 2137 3188 2208 αύτῷ,
3237 2137 3332 2191 καὶ
3382 2136 3736 2209 πορεύσονται
3773 2139 3836 2190 ὲν

2250 2226 2501 2300 αἰσχύνῃ.
2572 2225 2978 2295 Ἐγκαινίζεσθε
3038 2227 3174 2299 πρὸς
3226 2228 3313 2297 μὲ,
3364 2227 3538 2297 νῆσοι.
3582 2245 3601 2279 ι
3644 2228 3837 2291 Ὅπως

2250 2319 2309 2372 δὲ
2349 2319 2804 2393 κατῃσχύνθησαν
2858 2320 2954 2373 καὶ
3005 2319 3384 2392 ἐνετράπησαν
3428 2320 3628 2384 πάντες
3657 2321 3705 2372 οἱ
3731 2316 3840 2374 ’κα-

2251 2409 2320 2463 τὰ
2341 2411 2562 2482 καιροὺς
2589 2410 2972 2482 ἀντικείμενοι,
2991 2410 3143 2463 αὐτοί
3172 2427 3229 2462 τε
3255 2411 3302 2463 οἱ
3329 2410 3392 2463 ὲκ
3416 2412 3715 2481 περιτομῆς
3739 2409 3837 2464 καὶ

2250 2499 2358 2554 τῶν
2377 2499 2545 2553 ἐθνῶν
2579 2500 2781 2564 πάντες
2808 2500 2858 2553 οἱ
2883 2501 3009 2564 τοὺς
3034 2499 3175 2554 κατά
3198 2503 3297 2571 τῆς
3324 2499 3648 2570 Ἑκκλησίας
3668 2499 3836 2553 αὐτοῦ

2249 2592 2523 2663 διωγμοὺς
2556 2591 2872 2660 ἐξάψαντες,
2898 2593 3103 2656 παντὸς
3125 2592 3283 2661 λόγου
3312 2591 3511 2662 μᾶλλον
3542 2593 3577 2663 ἠ
3604 2591 3693 2646 διὰ
3722 2591 3836 2645 τῶν

2252 2680 2430 2754 ἔργων
2461 2682 2736 2755 μαρτυρία
2763 2682 3109 2754 παρίστησιν.

2329 2793 2348 2825 ι
2400 2775 2614 2847 Ἰσραὴλ
2641 2775 2872 2840 σώζεται
2917 2775 3022 2828 ὑπὸ
3045 2773 3247 2845 Κυρίου
3279 2774 3552 2847 σωτηρίαν
3581 2772 3798 2828 αἰώνιον
3817 2791 3832 2802 ·

2251 2867 2352 2920 οὐκ
2404 2866 2870 2938 αίσχυνθήσονται,
2914 2867 3034 2918 οὐδὲ
3091 2868 3164 2936 μὴ
3216 2866 3552 2936 ἐντραπῶσιν
3589 2866 3693 2930 ἕως
3739 2866 3839 2920 τοῦ

2252 2958 2448 3023 αἰῶνος
2474 2958 2575 3014 ἔτι.
2613 2979 2632 3012 ι
2661 2961 2770 3014 Καὶ
2796 2959 2968 3012 ταῦτα
2997 2959 3055 3013 δὲ
3080 2957 3388 3018 ἀκολούθως
3412 2957 3679 3028 συνῆπται
3706 2960 3838 3030 περὶ

2250 3051 2359 3105 τῶν
2402 3051 2715 3108 ἀποστόλων
2762 3053 2856 3106 καὶ
2886 3051 3142 3124 μαθητῶν
3179 3051 3274 3104 καλ.
3310 3049 3705 3120 εὐαγγελιστῶν
3737 3050 3838 3104 τοῦ

561 3137 662 3192 stri
706 3136 1004 3191 dicuntur:
1037 3137 1138 3210 ipsi
1189 3152 1424 3208 namque
1473 3147 1632 3192 crant
1676 3136 1836 3192 Israel
1887 3137 2010 3204 ille,
2056 3136 2147 3207 qui

2253 3144 2504 3216 Σωτῆρος
2526 3145 2560 3216 ἡ
2569 3144 2683 3216 μῶν
2700 3162 2713 3174 ·
2739 3145 2897 3198 αὐτοὶ
2922 3145 3030 3214 γὰρ
3049 3138 3191 3214 ἦσαν
3210 3144 3238 3197 6
3261 3141 3564 3213 σωζόμενος
3597 3145 3835 3216 Ἰσραήλο

560 3230 735 3284 salute
782 3230 1060 3286 donatur:
1101 3246 1165 3285 ac
1215 3246 1403 3285 eorum
1457 3245 1622 3299 opera
1677 3230 1995 3300 plerumque
2032 3246 2147 3286 me-

565 3332 787 3376 morata:
837 3322 1025 3377 insulae
1076 3332 1347 3377 renovata:
1397 3334 1545 3378 sunt.
1598 3323 1767 3378 Erant
1812 3333 1991 3378 autem
2045 3323 2149 3378 illa:

566 3414 656 3468 Dei
719 3413 966 3470 ecclesiae
1028 3432 1149 3486 quae
1217 3431 1316 3472 ceu
1383 3416 1520 3474 mari
1585 3417 1708 3471 vita:
1780 3417 1979 3470 malitia
2033 3433 2149 3471 am-

563 3506 806 3561 biuutur.

635 3600 797 3655 Vens.
832 3599 920 3664 18,
951 3599 1038 3655 l9.
1081 3620 1099 3652 ι
1125 3597 1216 3655 Sic
1248 3599 1380 3656 dicit
1417 3600 1702 3665 Dominus,
1735 3601 1828 3670 qui
1878 3600 2008 3657 fecit
2038 3617 2149 3656 cm-

564 3691 674 3745 lum
710 3711 723 3746 :
769 3693 870 3747 isto
905 3692 1069 3759 Deus,
1111 3693 1200 3763 qui
1226 3695 1468 3748 ostendit
1497 3703 1725 3760 terram,
1762 3704 1816 3749 et
1844 3694 1975 3748 fecit
2003 3711 2146 3758 eam,

565 3787 678 3857 ipse
723 3786 974 3840 distinxit
1015 3802 1158 3842 eam.
1213 3785 1328 3841 Non
1374 3786 1572 3841 frustra
1619 3787 1748 3840 fecit
1788 3801 1926 3850 eam,
1965 3786 2059 3841 sed
2095 3794 2153 3840 ut

562 3878 905 3934 habitaretur
937 3879 1222 3948 plasmavit
1263 3894 1406 3935 eam.
1466 3878 1578 3950 Ego
1619 3894 1738 3933 sunt
1771 3876 2048 3942 Dominus,
2096 3887 2152 3932 et

565 3987 673 4026 non
705 3981 790 4024 est
823 3970 982 4024 alius.
1007 3990 1026 4022 ι
1083 3970 1177 4026 llis
1205 3973 1452 4036 docetur,
1500 3986 1604 4025 non
1653 3970 2010 4041 ignorandum
2055 3986 2152 4024 no-

566 4064 692 4127 bis,
749 4063 1026 4117 hominum
1087 4079 1255 4133 genus
1319 4079 1515 4133 magno
1565 4064 1707 4132 apud
1769 4063 2149 4118 universorum

567 4155 854 4210 Dominum
900 4155 1066 4209 Deunt
1119 4157 1170 4208 in
1215 4155 1423 4210 honore
1468 4156 1710 4211 habitum
1757 4169 1879 4210 esse
1925 4173 1938 4209 :
1984 4170 2154 4225 quare

567 4249 744 4315 ipsum
780 4245 1004 4300 salutari
1050 4249 1334 4302 vocatione
1368 4248 1623 4319 dignatus
1651 4257 1761 4312 est,
1790 4261 2003 4302 necnon
2033 4261 2153 4302 om-

2255 3238 2350 3292 καὶ
2401 3237 2468 3290 δι’
2519 3236 2697 3291 αὐτῶν
2735 3235 3187 3306 άνεκαινίσθησαν
3221 3235 3278 3287 αἱ
3311 3233 3566 3298 πολλάκις
3611 3234 3702 3288 διὰ
3726 3236 3840 3288 τῶν

2253 3331 2562 3404 ἔμπροσθεν
2600 3330 2922 3402 δηλωθείσαι
2977 3331 3151 3399 νῆσοι.
3185 3322 3352 3382 Αῦται
3381 3326 3438 3380 δὲ
3468 3323 3605 3397 ἦσαν
3643 3328 3699 3380 αί
3742 3329 3842 3381 ἐκ·

2253 3425 2475 3497 κλησίαι
2518 3425 2614 3477 τοῦ
2645 3422 2780 3476 Θεοῦ
2806 3422 2881 3486 ὠς
2917 3422 3009 3475 ἐπὶ
3036 3420 3311 3490 θαλάσσης
3336 3420 3701 3490 κυκλούμεναι
3734 3419 3844 3473 ὑπὸ

2253 3519 2356 3588 τῆς
2387 3517 2481 3570 τοῦ
2513 3516 2628 3586 βίου
2657 3514 2878 3578 κακίας.

2329 3627 2347 3660 ι
2385 3606 2572 3670 Οῦτως
2590 3604 2736 3674 λέγει
2767 3602 2970 3675 Κύριος
3013 3602 3042 3654 6
3077 3603 3311 3673 ποιήσας
3340 3601 3430 3655 τὸν
3455 3600 3680 3671 ούρανόν
3699 3619 3710 3630 ν
3751 3595 3843 3654 οῦ-

2250 3718 2342 3765 τος
2371 3703 2399 3754 6
2427 3701 2560 3764 Θεὸς
2603 3702 2631 3753 6
2671 3695 2995 3763 καταδείξας
3034 3697 3134 3767 τὴν
3182 3699 3309 3768 γῆν,
3343 3697 3437 3750 καὶ
3469 3696 3704 3765 ποιήσας
3738 3694 3840 3747 αύ-

2252 3795 2374 3866 τὴν,
2420 3793 2583 3856 αὐτὸς
2625 3790 2880 3864 διώρισεν
2918 3790 3108 3861 αὐτὴν.
3149 3790 3264 3842 Οὐκ
3289 3789 3371 3852 είς
3401 3787 3556 3841 κενὸν
3584 3787 3843 3857 ἐποίησεν

2255 3887 2445 3959 αὐτὴν,
2472 3886 2609 3940 ἀλλὰ
2644 3883 3015 3938 κατοικεῖσθαι
3064 3881 3295 3936 ἔπλασεν
3333 3883 3522 3954 αὐτήν.
3559 3879 3698 3950 Ἐγὼ
3722 3882 3843 3952 εἰμι

2256 3978 2482 4050 Κύριος,
2518 3978 2612 4032 καὶ
2639 3977 2740 4031 οὐκ
2779 3976 2928 4030 ἔστιν
2967 3976 3070 4028 ἔτι,
3111 3995 3128 4024 ι
3181 3974 3434 4028 Διδάσκει
3456 3973 3546 4026 διὰ
3579 3971 3782 4026 τούτων
3811 3974 3847 4025 ὁ

2255 4070 2413 4140 λόγος
2445 4070 2520 4142 μὴ
2549 4071 2788 4137 ἀγνοεῖν,
2841 4067 2918 4131 ὡς
2965 4066 3214 4138 μεγάλως
3241 4065 3528 4136 τετίμηται
3572 4063 3722 4136 παρά
3762 4063 3846 4133 τῷ

2255 4163 2474 4217 πάντων
2505 4161 2739 4233 δεσπότῃ
2771 4159 2892 4231 Θεῷ
2935 4160 2996 4212 τὸ
3036 4159 3143 4212 τῶν
3181 4157 3485 4232 ἀνθρώπων
3523 4157 3709 4226 γένος’
3759 4155 3845 4208 διὸ

2254 4255 2474 4325 καὶτῆς
2506 4253 2753 4325 κλήσεως
2785 4252 2947 4316 αὐτὸς
2969 4251 3070 4322 τῆς
3100 4250 3368 4323 σωτηρίου
3391 4248 3718 4321 κατηξίωσε,
3744 4249 3847 4301 καὶ

567 4340 731 4395 nibus
775 4339 874 4404 iis,
924 4355 1043 4410 quae
1081 4339 1136 4394 in
1179 4340 1428 4410 praesenti
1485 4339 1771 4411 pr0phetia
1826 4338 2149 4410 promittun-

2256 4348 2474 4402 πάντων
2503 4346 2613 4400 τῶν
2637 4345 2724 4399 διά
2757 4344 2859 4416 τῆς
2882 4343 3164 4416 παρούσης
3196 4342 3532 4416 προφητείας
3567 4343 3845 4413 ἐπηγγελ-

570 4444 676 4488 tur.
736 4432 1201 4501 Quemadmodum
1249 4435 1394 4488 enim
1463 4433 1663 4488 caelum
1715 4432 1783 4486 ad
1834 4430 2149 4502 angelorum

564 4534 989 4594 sanctorumque
1018 4525 1305 4595 spirituum
1336 4525 1670 4580 domiciliqu
1703 4527 2034 4589 necessario,
2065 4535 2152 4579 at-

565 4634 674 4689 que
727 4619 791 4672 ad
837 4617 1074 4672 universi
1121 4628 1374 4673 ornatum
1425 4617 1718 4682 constitui;
1764 4618 1836 4672 ita
1892 4627 1948 4673 et
1997 4627 2153 4675 terra:

566 4716 938 4780 elementum,
985 4727 1090 4765 non
1143 4711 1194 4766 in
1227 4726 1424 4764 vanum
1479 4725 1656 4781 neque
1709 4709 1975 4765 inutiliter
2021 4725 2152 4764 con-

567 4806 711 4871 didi;
759 4805 852 4860 scd
906 4805 1082 4875 ipsum
1131 4803 1198 4860 ad
1252 4803 1620 4859 habitaculum
1667 4813 1724 4859 et
1770 4803 2152 4860 commoratio-

569 4915 692 4953 nem
753 4913 985 4964 eorum,
1039 4899 1131 4968 qui
1203 4897 1276 4953 ibi
1341 4897 1651 4952 rationabili
1705 4897 1867 4951 modo
1921 4911 2150 4952 conver-

569 4991 740 5046 saturi
797 5001 1000 5058 erant,
1053 4990 1360 5054 adornavi,
1430 4990 1520 5059 qui
1580 5002 1717 5044 sane
1777 4985 2154 5058 cognoscendo

572 5085 700 5144 Deo.
755 5099 819 5140 ac
875 5084 1122 5153 religiose
1149 5084 1379 5138 vivendo
1412 5097 1571 5153 pares
1622 5089 1800 5148 erant,
1851 5091 2038 5151 utpote
2085 5081 2150 5134 ad

571 5177 862 5246 imaginem
896 5174 993 5230 Dei
1031 5177 1258 5231 conditi.
1307 5175 1462 5230 Sicut
1512 5175 1677 5244 igitur
1713 5173 1888 5244 angeli
1925 5174 1978 5227 in
2013 5172 2154 5229 caelo

571 5269 802 5325 ministri
833 5269 928 5324 Dei
965 5280 1133 5336 sunt;
1185 5270 1259 5324 ita
1296 5279 1352 5324 et
1386 5268 1633 5323 homines
1667 5266 1720 5321 iu
1755 5277 1899 5320 terra
1931 5266 2031 5321 sub
2060 5265 2156 5320 Dei

568 5379 699 5418 cura
735 5363 957 5433 degunt.

644 5457 801 5514 Vens.
845 5455 935 5510 20.
1015 5473 1033 5506 ι
1067 5453 1183 5508 Non
1263 5452 1318 5508 in
1369 5453 1688 5509 abscondito
1745 5451 1958 5506 locutus
2007 5463 2152 5513 sum,

571 5564 743 5620 neque
772 5549 826 5604 in
857 5549 978 5604 loco
1015 5559 1174 5602 terra:
1204 5548 1514 5600 tenebroso.
1545 5544 1658 5600 Non
1694 5545 1805 5598 dixi
1841 5544 2034 5598 semini
2064 5540 2155 5595 Ja-

569 5643 690 5706 θυι),
730 5640 941 5698 Vanum
971 5641 1223 5710 quaerite.
1267 5639 1378 5708 Ego
1413 5654 1554 5705 sum,
1589 5653 1689 5710 ego
1719 5653 1837 5692 sum
1869 5636 2154 5699 Dominus,

572 5737 664 5805 qui
725 5736 921 5806 loquor
980 5733 1292 5800 justitiam,
1357 5741 1411 5786 ct
1476 5731 1740 5786 annuntio
1789 5731 2092 5784 veritatem.
2133 5748 2148 5778 ι

577 5830 842 5896 Quoniam
902 5827 1046 5883 enim
1097 5827 1275 5882 omnis
1326 5836 1494 5894 terra,
1558 5834 1614 5880 et
1669 5823 1757 5893 qui
1817 5822 1870 5878 itt
1927 5837 1987 5879 ea
2033 5831 2157 5878 sunt

2258 4442 2456 4514 μένων.
2484 4441 2697 4512 ’Ὠσπερ
2720 4438 2830 4511 γὰρ
2863 4439 2956 4492 τὸν
2987 4437 3214 4510 οὐρανὸν
3245 4438 3325 4500 εἱς
3355 4435 3636 4506 διατριϐὴν
3677 4435 3847 4504 ἀγγὲο

2253 4536 2362 4591 λων
2400 4535 2497 4590 καὶ
2531 4533 2858 4605 πνευμάτων
2887 4530 3059 4600 ἁγίων
3089 4527 3402 4598 ἀναγκαίως
3422 4526 3844 4599 ὑπεστησάμην,

2252 4627 2348 4680 καὶ
2379 4626 2462 4689 είς
2491 4624 2696 4696 κόσμον
2721 4621 2816 4676 τοῦ
2843 4622 3065 4685 παντὸς,
3109 4619 3202 4674 τὸν
3241 4619 3404 4674 αὐτὸν
3432 4619 3634 4691 τρόπον
3663 4619 3756 4671 καὶ
3782 4619 3851 4671 τὸ

2251 4718 2354 4789 τῆς
2387 4719 2491 4788 γῆς
2521 4716 2784 4787 στοιχεῖον
2831 4715 2931 4769 οὐκ
2975 4715 3055 4777 εἰς
3091 4712 3260 4784 ἀργὸν
3296 4711 3406 4765 οὐδ’
3445 4713 3526 4775 εἰς
3571 4712 3850 4783 ἄχρηστον

2251 4807 2662 4863 κατεσκεύασα·
2704 4806 3018 4878 οίκητήριον
3049 4805 3107 4857 δὲ
3133 4803 3266 4857 αὐτὸ
3299 4803 3394 4856 καὶ
3419 4801 3697 4874 διατριϐὴν
3733 4802 3846 4855 τῶν

2255 4904 2314 4955 ὲν
2346 4899 2496 4971 αὑτῴ
2551 4898 2783 4968 λογικῶς
2826 4896 3201 4950 πολιτεύεσθαι
3246 4894 3549 4966 μελλόντων
3585 4895 3843 4964 εἰργασάο-

2259 5010 2385 5063 μην,
2420 4992 2468 5046 οἶ
2508 4992 2602 5046 καὶ
2633 4991 2765 5045 Θεὸν
2803 4990 3000 5043 εἰδέναι
3029 4989 3124 5044 καὶ
3155 4986 3425 5050 θεοσεϐῶς
3464 4984 3613 5057 βιοῦν
3644 4980 3746 5039 οἷοί
3777 5003 3836 5040 τε

2252 5081 2413 5156 ἦσαν,
2447 5085 2544 5140 ἆτε
2591 5086 2711 5139 κατ’
2756 5084 2938 5137 εἰκόνα
2965 5083 3100 5136 Θεοῦ
3141 5082 3516 5153 πεποιημένοι.
3549 5082 3759 5151 Ὥσπερ
3791 5081 3842 5133 δ’

2257 5175 2353 5232 οῦν
2379 5179 2436 5230 ἐν
2465 5175 2683 5247 οὐρανῷ
2708 5175 2930 5243 ἄγγελοι
2957 5173 3261 5244 λειτουργοὶ
3279 5172 3436 5226 Θεοῦ.
3465 5170 3610 5226 οὕτω
3633 5173 3727 5226 καὶ
3746 5174 3845 5226 ἐπὶ

2262 5272 2364 5342 γῆς
2391 5269 2582 5341 ἄνδρες
2611 5269 2690 5339 τῷ
2723 5267 2840 5339 Θεῷ
2876 5267 3261 5340 μεμελημένοι.

2338 5469 2356 5502 ι
2387 5451 2501 5504 Οὐκ
2535 5453 2592 5504 ἐν
2618 5449 2798 5522 κρυφῇ
2832 5448 3123 5517 λελάληκα,
3155 5443 3275 5498 οὐδὲ
3304 5445 3362 5496 ἐν
3397 5443 3546 5510 τόπῳ
3581 5439 3684 5510 γῆς
3713 5457 3840 5494 σκο-

2260 5544 2442 5616 τεινῷ.
2478 5545 2592 5599 Οὐκ
2617 5540 2748 5598 εἶπα
2781 5541 2858 5613 τῷ
2891 5540 3163 5612 σπέρματι
3201 5533 3392 5590 Ἰακώϐ
3415 5552 3427 5565 ·
3460 5536 3700 5589 Μάταιον
3746 5533 3846 5603 ζη-

2264 5639 2485 5708 τήσατε.
2522 5633 2662 5704 Ἐγώ
2681 5636 2818 5705 εἰμι,
2846 5631 2956 5701 ἐγώ
2975 5634 3090 5701 δίμι
3121 5629 3344 5699 Κύριος,
3372 5628 3400 5678 6
3432 5624 3610 5678 λαλῶν
3631 5623 3846 5676 δικαιο-

2265 5729 2452 5800 σύνην,
2481 5729 2572 5782 καὶ
2607 5726 2953 5795 ἀναγγέλλων
2989 5723 3263 5794 ἀληθειαν.
3303 5740 3322 5771 ι
3364 5718 3515 5772 Ἐπεὶ
3551 5718 3659 5788 γάρ
3690 5719 3849 5771 πᾶσα

2265 5823 2300 5894 ἡ
2325 5823 2393 5892 γῆ
2423 5820 2515 5875 καὶ
2552 5821 2597 5872 οἱ
2640 5821 2695 5871 ἐν
2726 5819 2862 5888 αὐτῇ
2901 5816 3097 5878 πάντες
3123 5813 3397 5886 ἀνθρωττοι
3435 5808 3556 5881 ἐμοί
3585 5810 3708 5871 εἶσι,
3752 5807 3852 5862 διὰ
