4168 6398
261 335 268 343 ’
368 351 471 408 an

1293 346 1794 404 COMMENTABIA
1835 347 1901 402 IN
1943 347 2200 404 ISAIAM.
2238 380 2302 391 -—
2349 351 2503 408 CAP.
2543 352 2707 409 XLV.

3526 364 3629 418 “8

367 468 546 532 τοῦτο,
587 468 740 539 φησὶ.
791 469 913 530 τοὺς
959 467 1199 538 ἐμαυτοῦ
1253 467 1444 538 λόγους
1482 470 1582 522 οὐκ
1626 469 1786 522 εἴασα
1818 469 1938 541 κρύ‹

2055 470 2326 537 homines,
2370 473 2476 527 mei
2515 483 2676 538 sunt;
2726 475 2870 542 ideo,
2919 477 3115 548 inquit,
3156 479 3318 536 verba
3358 496 3476 537 mea
3525 500 3630 541 non

366 561 618 622 πτεσθαι.
651 560 759 613 οὐδ’
791 559 978 629 ῶσπερ
1009 559 1067 611 ἐν
1098 560 1274 631 σκότῳ
1302 561 1664 624 λανθάνοντας
1687 577 1699 589 ·
1735 563 1814 624 εἰς
1841 579 1945 630 φα-

366 653 526 726 νερὸν
555 653 612 706 δὲ
632 651 877 721 ἀγαγὼν,
901 653 1064 705 πᾶσιν
1094 652 1344 723 ἦπλωσα,
1379 653 1456 716 ώς
1478 654 1644 707 πᾶσιν
1679 652 1856 706 ἔθνεσι
1887 655 1947 706 τὸ

367 747 636 816 σωτήριον
661 745 996 815 κηρυχθῆναι
1022 745 1367 813 Εὐαγγέλιον.
1407 746 1666 817 Ἀντικρυ
1690 745 1747 798 δέ
1775 744 1946 798 ταῦτα

367 838 515 909 μόνῳ
542 836 617 907 τῷ
639 835 980 906 εύαγγελικῷ
1015 835 1243 906 ἁρμόζοι
1267 835 1336 888 ἂν
1364 835 1698 907 κηρύγματι.
1733 836 1813 890 Τὰ
1837 835 1946 908 γάρ

365 929 647 993 Μωῦσέως
676 927 835 997 λόγια
853 929 905 981 εῖ
925 946 1007 992 τις
1028 927 1298 993 ἐξετάζειν
1323 927 1514 992 ἐθέλοι,
1546 928 1694 1000 εὖροι
1721 929 1787 983 ἂν
1807 929 1948 982 αὐτὰ

362 1014 547 1086 κρυφῆ
576 1013 915 1085 λελαλημένα
933 1030 946 1043 ο
971 1013 1184 1087 γλώττῃ
1214 1013 1312 1084 μὲν
1349 1012 1945 1087 Ἐὅραῖδι,χαρακτῆρ-

365 1123 420 1158 σι
451 1105 508 1160 δὲ
549 1104 812 1169 ίδιάζουσι
855 1105 951 1158 καὶ
993 1104 1070 1176 μὴ
1098 1104 1517 1176 γνωριζομένοις
1563 1105 1714 1177 παρὰ
1758 1107 1941 1160 πᾶσιν.

375 1196 537 1249 Ἀλλά
565 1196 660 1250 καὶ
689 1196 744 1250 εἴ
770 1213 856 1260 τις
881 1196 1180 1267 ἐννοήσοιεν
1203 1197 1258 1247 ἐν
1283 1195 1414 1268 ποίᾳ
1431 1197 1623 1268 ἐρήμῳ
1648 1197 1740 1250 καὶ
1759 1197 1944 1268 ἀεάτῳ

365 1288 460 1340 καὶ
493 1286 705 1358 ἀνύδρῳ
739 1289 768 1339 ό
799 1285 1076 1348 Μωῦσέως
1105 1286 1322 1358 ἐξεδόθη
1351 1288 1534 1358 νόμος,
1572 1287 1722 1360 εὖροι
1753 1288 1817 1343 ἂν
1848 1291 1944 1343 αύ-

353 1379 453 1434 τὸν
516 1381 574 1431 ἐν
626 1379 780 1448 τόπῳ
839 1378 940 1448 γῆς
982 1376 1242 1448 σκοτεινῷ
1295 1377 1676 1450 λελαλημένον.
1725 1381 1798 1432 Οὐ
1838 1382 1943 1452 μὴν

358 1472 562 1542 δμοίως
595 1470 689 1524 καὶ
748 1469 810 1522 τὸ
853 1467 1182 1536 Εὑαγγέλιον
1225 1467 1316 1522 τοῦ
1354 1469 1610 1540 Χριστοῦ.
1663 1489 1682 1522 ι
1718 1472 1812 1535 El;
1839 1474 1940 1526 πᾶ-

358 1579 460 1615 σαν
499 1582 516 1612 ι
555 1560 685 1631 γοῦν
719 1579 735 1610 ι
767 1559 864 1630 τὴν
896 1557 1000 1629 γῆν
1051 1557 1272 1630 ἐξῆλθεν
1325 1559 1354 1610 ό
1401 1559 1635 1630 φθόγγος
1665 1561 1772 1615 τῶν
1809 1563 1942 1615 ἀπο-

358 1653 561 1707 στόλων
597 1651 782 1714 αὐτοῦ,
817 1650 914 1704 καὶ
955 1652 1034 1714 είς
1064 1651 1132 1704 τὰ
1154 1650 1367 1721 πέρατα
1399 1653 1495 1723 τῆς
1523 1653 1846 1724 οἰκουμένης
1875 1652 1941 1706 τὰ

356 1746 580 1816 ῥήματα
599 1743 796 1798 αὐτῶν,
825 1763 842 1794 ι
866 1741 1102 1814 Παντοίᾳ
1125 1743 1180 1795 δὲ
1213 1744 1306 1796 καὶ
1331 1743 1568 1815 γλώττῃ,
1595 1748 1744 1816 πάσῃ
1766 1748 1939 1818 φωνῇ,

2051 562 2260 617 occulta
2326 579 2501 633 neque
2565 567 2619 620 in
2691 568 2930 625 tenebris
2975 571 3196 626 latentia
3248 573 3442 645 reliqui
3480 593 3497 630 :
3535 578 3632 633 sed

2054 653 2233 722 palam
2285 655 2540 723 ell‘erens,
2578 662 2830 716 omnibus
2883 673 3009 718 nota
3062 662 3213 731 feci;
3261 667 3335 720 ita
3383 677 3442 722 ut
3488 670 3635 724 salu-

2054 755 2169 802 tare
2210 748 2564 820 Evangelinm
2615 752 2868 810 omnibus
2923 756 3176 826 gentibus
3224 759 3632 828 praedicaretur.

2052 837 2178 894 llaec
2221 857 2374 906 sane,
2424 853 2482 898 ut
2530 845 2706 914 palam
2749 856 2853 914 est,
2888 851 3215 920 evangelicae
3257 854 3631 920 praedicationi

2051 941 2263 991 tantum
2299 939 2647 994 conveniant.
2691 940 2826 996 Nam
2849 942 3048 1013 bloysis
3073 945 3284 1015 eloquia
3312 947 3355 1001 si
3391 949 3513 1016 quis
3539 964 3635 1003 ex-

2051 1029 2287 1096 pendere
2321 1031 2470 1095 velit,
2517 1047 2580 1084 ea
2615 1033 2827 1088 occulte
2860 1035 3071 1102 prolata
3104 1037 3498 1107 deprehendat,
3532 1039 3632 1094 lle-

2053 1121 2234 1176 braica
2265 1123 2476 1178 scilicet
2525 1123 2745 1194 lingua,
2797 1127 3214 1184 characteribus
3261 1133 3515 1200 pr0priis,
3549 1147 3634 1188 ne-

2051 1227 2156 1281 que
2199 1215 2342 1282 apud
2378 1229 2572 1270 omnes
2615 1219 2870 1288 cognitis.
2921 1219 3228 1286 Quinetiam
3261 1223 3306 1277 si
3346 1225 3474 1293 quis
3517 1240 3635 1294 per-

2051 1303 2251 1370 pendat
2289 1321 2394 1373 qua
2445 1305 2497 1359 in
2541 1307 2856 1376 solitudine,
2901 1326 3062 1380 quam
3106 1312 3247 1366 invia
3283 1326 3332 1366 et
3371 1314 3628 1384 inaquosa

2049 1393 2134 1448 lex
2164 1394 2362 1466 Moysis
2406 1397 2606 1452 tradita
2658 1397 2842 1466 luerit,
2898 1402 3058 1470 plane
3119 1403 3360 1458 inveniat
3399 1419 3520 1460 eam
3573 1407 3626 1460 in

2008 1509 2010 1512 ν
2049 1485 2170 1540 loco
2216 1495 2374 1542 terrae
2421 1489 2708 1545 tenebroso
2752 1495 3157 1561 pronuntiatam
3191 1495 3378 1551 fuisse.
3424 1497 3494 1551 At
3521 1512 3626 1552 non

2051 1577 2169 1648 pari
2222 1580 2384 1634 modo
2433 1579 3012 1650 Evangeliumeristi
3042 1602 3058 1640 :
3091 1601 3216 1640 nam
3267 1604 3286 1638 ι
3316 1587 3368 1641 in
3413 1602 3628 1642 omnem

2052 1679 2252 1724 terram
2284 1671 2456 1725 exivit
2499 1686 2664 1725 sonus
2697 1674 3068 1742 apostolorum
3105 1675 3259 1743 ejus,
3303 1687 3359 1730 et
3407 1679 3459 1732 in
3496 1677 3630 1732 lines

2055 1762 2204 1818 orbis
2237 1773 2396 1817 terrae
2425 1763 2592 1818 verba
2628 1779 2816 1820 eorum
2839 1765 2906 1820 ⁸ο.
2934 1785 2953 1818 ι
3001 1766 3266 1822 Omnibus
3309 1777 3490 1823 autem
3525 1769 3630 1824 lin-

357 1836 703 1907 χαρακτῆρσί
742 1852 801 1888 τε
844 1837 957 1898 τοῖς
991 1833 1112 1889 καθ’
1145 1835 1374 1888 ἕκαστον
1407 1836 1557 1901 ἔθνος
1587 1838 1938 1910 παραδέδοται

2057 1854 2198 1922 guis,
2240 1856 2385 1910 omni
2437 1870 2590 1920 voce,
2639 1857 3084 1926 cbarncterisque
3123 1860 3458 1929 singularum
3501 1877 3630 1932 gen-

351 1930 434 1993 εἰς
467 1927 788 1993 ἐξάκουστον
815 1929 946 1980 πᾶσι
973 1929 1086 1990 τοῖς
1103 1926 1330 1981 ἔθνεσιν.

430 2127 450 2162 ι
493 2109 800 2180 Συνάχθητε
843 2109 936 2162 καὶ
981 2109 1171 2180 ἣκετε·
1201 2105 1559 2176 βουλεύσασθε
1595 2105 1732 2176 ἅμα,
1757 2105 1806 2158 οἱ
1835 2122 1938 2157 σω-

353 2202 573 2272 ζόμενοι
608 2200 714 2254 ἀπὸ
741 2200 848 2254 τῶν
871 2199 1059 2255 ἐθνῶν.
1093 2199 1206 2253 Οὐκ
1229 2198 1472 2268 ἔγνωσαν
1511 2199 1560 2252 οἱ
1604 2197 1851 2271 αἴροντες
1879 2197 1940 2250 τὸ

354 2289 511 2353 ξύλον
562 2289 787 2360 γλύμμα
829 2289 1029 2354 αὐτῶν,
1081 2290 1176 2342 καὶ
1234 2290 1281 2340 οἱ
1333 2290 1756 2360 προσευχόμενοι
1803 2287 1939 2359 πρὸς

355 2383 533 2444 θεοὺς,
562 2381 614 2433 οἳ
641 2382 701 2434 ού
729 2381 1010 2447 σώζουσιν.
1033 2381 1518 2450 Είάναγγελοῦσιν,
1542 2381 1937 2450 ἐγγισάτωσαν,

355 2473 446 2526 ἵνα
474 2473 673 2541 γνῶσιν
696 2473 830 2544 άμα.
866 2495 884 2524 ι
921 2473 1178 2545 Πρώτους
1204 2473 1300 2544 μὲν
1329 2471 1457 2544 γὰρ,
1486 2474 1669 2544 φησὶν,
1697 2472 1937 2536 ἐκείνους

354 2562 772 2634 ἀνεκαλεσάμην
812 2563 900 2617 διὰ
930 2562 1025 2617 τοῦ
1052 2563 1408 2632 εύαγγελικοῦ
1438 2562 1819 2636 κηρύγματος,
1847 2564 1939 2617 καὶ

356 2653 594 2726 πρώτοις
622 2654 806 2718 αὐτοῖς
827 2654 925 2726 τὴν
951 2655 1227 2725 βασιλείαν
1257 2653 1366 2708 τῶν
1395 2655 1638 2728 ούρανῶν
1672 2655 1939 2726 ἐπηγγει-

352 2744 555 2816 λάμην,
597 2743 782 2818 ὥσπερ
826 2747 1050 2818 μισθοὺς
1091 2749 1191 2818 τῆς
1232 2748 1311 2810 εἰς
1343 2746 1442 2816 ἐμὲ
1484 2745 1721 2810 πίστεως
1753 2746 1937 2812 αὐτοῖς

354 2836 804 2909 ὑπισχνούμενον,
843 2839 979 2911 πρὸς
1029 2839 1090 2892 τὸ
1129 2838 1203 2910 μὴ
1237 2838 1454 2909 νομίσαι
1477 2837 1673 2903 αὐτοὺς
1702 2839 1794 2891 ἐπὶ
1827 2856 1934 2910 μα-

356 2930 493 3000 ταίῳ
521 2930 809 2986 θεοσεϐεῖν.
841 2931 931 2983 Διὸ
961 2931 1054 2984 καὶ
1082 2930 1226 3003 ζωὴν
1253 2929 1469 2984 αἰώνιον
1497 2929 1932 3001 ἐπηγγειλάμην,

351 3022 446 3075 καὶ
490 3020 671 3090 ἀγαθὰ
725 3041 744 3072 ι
786 3021 821 3076 ἂ
861 3022 1138 3094 ὀφθαλμὸς
1178 3023 1280 3076 ούκ
1324 3017 1451 3086 εἶδε,
1493 3041 1512 3073 ι
1551 3022 1645 3075 καὶ
1679 3021 1748 3075 τὰ
1783 3019 1933 3092 ἑξῆς.

363 3114 517 3166 Ἑπεί
548 3113 601 3166 δὲ
651 3113 782 3178 Θεός
820 3117 931 3183 εἰμι
962 3112 1135 3167 λαλῶν
1165 3113 1508 3186 δικαιοσύνην
1541 3115 1634 3168 καὶ
1665 3112 1932 3182 ἀναγγέλ-

351 3207 459 3260 λων
489 3206 767 3278 ἀλήθειαν,
812 3207 952 3262 κατὰ
985 3207 1075 3260 τὸν
1107 3206 1206 3278 τῆς
1239 3207 1583 3276 δικαιοσύνης
1608 3205 1784 3274 λόγον,
1819 3205 1936 3276 μετ’
1965 3205 2008 3264 C

349 3298 591 3362 ἐκείνους
630 3299 837 3362 πάντας
870 3297 1190 3370 ἀνθρώπους
1226 3297 1363 3370 πρὸς
1401 3297 1634 3369 ἐμαυτὸν
1672 3296 1936 3351 ἀνεκαλε-

351 3390 533 3460 σάμην
553 3406 566 3419 ⁸
598 3390 692 3443 καὶ
729 3389 974 3442 ἐντεῦθεν
1002 3389 1104 3460 ήδη
1133 3391 1245 3452 τοῖς
1268 3389 1399 3441 πᾶσι
1432 3387 1686 3459 κηρύττω
1727 3387 1900 3456 λέγων
1919 3405 1932 3418 ·

355 3501 373 3533 ι
412 3479 721 3553 Συνάχθητε
767 3482 861 3534 καὶ
893 3481 1080 3552 ἥκετε.
1115 3478 1474 3550 βουλεύσασθε
1505 3479 1642 3550 ἅμα,
1683 3481 1734 3533 οἱ
1766 3479 1936 3544 σωζό-

351 3589 502 3642 μενοι
537 3572 644 3626 ἀπὸ
667 3573 774 3627 τῶν
804 3572 992 3626 ἐθνῶν.
1031 3590 1051 3623 ι
1094 3571 1258 3641 Ὁρᾷς
1309 3570 1456 3632 ὅπως
1504 3571 1632 3634 τοὺς
1688 3571 1797 3624 ἀπὸ
1825 3571 1938 3624 τῶν

347 3666 519 3721 ἐθνῶν
573 3663 932 3735 βουλομένους
989 3661 1257 3728 σώζεσθαι
1302 3660 1710 3732 προσκαλεῖται.
1762 3680 1782 3713 ι
1841 3662 1938 3726 Τίς

346 3759 587 3814 ἀκουστὰ
610 3757 828 3826 ἐποίησε
859 3754 1034 3808 ταῦτα
1073 3753 1168 3806 ἀπ’
1202 3751 1414 3824 ἁρχῆς;
1453 3769 1472 3802 ι
1496 3749 1795 3820 γνώσονται
1828 3750 1938 3824 γὰρ

347 3853 514 3921 ἐγγὺς
556 3851 838 3920 γενόμενοι
878 3847 968 3900 τὸν
1003 3843 1256 3916 ἀληθινὸν
1289 3843 1442 3906 Θεὸν,
1479 3838 1539 3897 οὗ
1573 3842 1715 3913 μέγα
1741 3842 1938 3914 δεῖγμα

345 3944 446 4012 τῆς
479 3941 732 4011 θεότητος
769 3937 864 3991 τού
898 3935 1268 4010 προφητεῦσαι
1316 3932 1491 3987 ταῦτα
1524 3933 1612 3986 διὰ
1645 3933 1754 3987 τῶν
1787 3933 1938 4004 ἐμῶν

346 4033 664 4106 προφητῶν,
707 4031 802 4084 καὶ
843 4029 903 4083 τὸ
937 4029 1034 4084 ἀπ’
1069 4026 1243 4099 ἀρχῆς
1274 4024 1608 4093 ἀπαγγεῖλαι
1650 4025 1823 4077 ταῦτα
1856 4026 1937 4089 εὶς

345 4126 446 4188 τὰς
475 4124 641 4186 ἀκοὰς
665 4122 842 4195 ἡμῶν.
876 4141 893 4171 ι
930 4121 1062 4173 Τότε
1095 4118 1370 4190 ἀνηγγέλη
1403 4115 1709 4188 ύμῖν,Ἐγὼ
1727 4118 1756 4170 ὁ
1781 4117 1933 4183 Θεὸς,

345 4218 442 4272 καὶ
475 4218 575 4270 ούκ
606 4216 752 4269 ἐστιν
784 4213 939 4278 ἄλλος
984 4211 1124 4283 πλὴν
1157 4211 1312 4283 ἐμοῦ.
1353 4230 1370 4262 ι
1405 4208 1648 4277 Παγίδας
1690 4208 1936 4272 ἱστάντες

341 4315 456 4374 τοῖς
499 4311 591 4364 ἐπὶ
628 4309 728 4380 τῆς
753 4309 857 4379 γῆς
888 4309 934 4360 οἱ
965 4306 1236 4376 ἀλιτήριοι
1264 4303 1516 4374 δαίμονες
1537 4345 1550 4366 ,
1581 4302 1650 4354 τά
1677 4303 1776 4373 τῆς
1809 4304 1936 4356 ἐαυο

340 4405 453 4460 τῶν
473 4405 686 4475 ἀπάτης
715 4401 1054 4474 ἐργαστήρια
1075 4400 1392 4470 συγκροτεῖν
1421 4394 1773 4459 ἐσπούδαζον,
1803 4396 1936 4448 ύπο-

342 4501 654 4574 κρινόμενοι
691 4499 787 4553 καὶ
813 4495 876 4550 τὸ
906 4495 1104 4548 εἰδέναι
1134 4493 1203 4547 τὰ
1235 4490 1493 4562 μέλλοντα
1527 4487 1621 4542 καὶ
1657 4488 1934 4557 ἀπαγγέλ-

342 4594 458 4645 λειν
496 4590 635 4644 αὐτὰ
672 4587 931 4642 δύνασθαι
966 4587 1078 4648 τοῖς
1099 4582 1338 4637 ἐθέλουσι
1374 4580 1585 4651 μαθεῖν,
1625 4579 1786 4649 μέχρι
1813 4596 1932 4632 και·

343 4685 443 4759 ροῦ
480 4683 884 4738 διατετελέκασι
932 4678 1388 4750 συναρπάζοντες.
1435 4676 1755 4748 Χρηστήρια
1802 4673 1933 4740 γοῦν

344 4774 490 4829 κατά
539 4790 599 4827 τε
637 4772 818 4834 πόλεις
878 4770 974 4824 καὶ
1022 4768 1228 4840 χώρας,
1265 4765 1678 4837 ψευδόμαντεῖαί
1710 4781 1769 4816 τε
1791 4759 1932 4836 ἦσαν

347 4865 625 4938 πανταχοῦ
660 4866 750 4918 καὶ
781 4862 1148 4934 κληδονισμοὶ,
1180 4862 1275 4914 κοιλ⁸
1313 4857 1721 4929 νεκυομάντεις,
1761 4857 1856 4911 καὶ
1882 4857 1932 4911 οἱ

343 4957 650 5028 φωνοῦντες
683 4959 746 5010 ἐκ
772 4955 896 5025 γῆς,
925 4949 1354 5023 ἐγγαστρίμυθοί
1384 4967 1445 5003 τε
1479 4949 1573 5004 καὶ⁸
1599 4947 1932 5018 ἁλφιτομάν-

341 5069 403 5108 τε
413 5069 480 5114 ις,
504 5051 597 5104 καὶ
620 5047 951 5114 ἁπαξαπλῶς
972 5044 1220 5116 ψευστῶν
1243 5044 1336 5098 καὶ
1356 5042 1606 5113 φενάκων
1631 5041 1772 5112 ήὺφ’
1792 5041 1930 5112 ἡλίῳ

342 5141 689 5213 πεπλήρωτο.
750 5159 768 5190 ι
823 5139 1039 5201 Δίκαιος
1098 5137 1189 5190 καὶ
1241 5135 1423 5207 σωτὴρ
1467 5134 1567 5188 οὐκ
1613 5134 1726 5186 ἐστι
1755 5131 1930 5204 παρὲξ

340 5237 502 5308 ἐμοῦ.
534 5256 553 5288 ι
604 5234 896 5287 Ἐθέσπισα
925 5232 982 5285 δὲ
1007 5232 1102 5285 καὶ
1130 5232 1408 5302 προεῖπον,
1441 5227 1564 5280 ἐπεὶ
1621 5225 1827 5288 δίκαιός
1855 5226 1928 5278 εί-

341 5349 411 5402 μι
447 5331 541 5382 καὶ
573 5327 786 5397 Σωτὴρ,
840 5325 1030 5395 διόπερ
1075 5321 1215 5376 κατὰ
1253 5321 1344 5374 τὸν
1393 5318 1486 5373 τοῦ
1524 5317 1732 5371 δικαίου
1771 5316 1927 5386 λόγον

340 5417 526 5470 πάντα
580 5414 651 5468 τὰ
697 5413 822 5485 ἔθνη
866 5412 1017 5467 καλῶ
1055 5413 1136 5475 εἰς
1169 5409 1266 5482 τὴν
1298 5411 1429 5483 παρ’
1467 5409 1590 5480 ἐμοὶ
1632 5408 1924 5478 σωτηρίαν.

353 5509 516 5579 Ὁρᾷς
549 5508 698 5570 ὅπως
733 5505 1016 5559 καθολικὴν
1044 5504 1105 5557 τὸ
1129 5503 1388 5574 κήρυγμα
1429 5503 1562 5555 πᾶσι
1602 5503 1714 5563 τοῖς
1751 5498 1930 5554 ἔθνεσι

339 5599 737 5667 καταγγέλλεις
783 5598 870 5652 Ἐν
901 5597 1110 5661 τούτοις
1147 5592 1204 5650 εὖ
1251 5595 1396 5666 μάλα
1430 5595 1529 5666 τῆς
1574 5593 1661 5648 διὰ
1694 5592 1930 5647 Χοιστοῦ

415 5806 458 5837 ⁸⁸
493 5804 632 5859 Ροιιι.
673 5819 829 5868 mn,
865 5803 915 5857 ii.
991 5803 1032 5832 ‘“
1062 5801 1074 5854 l
1105 5800 1232 5856 Cor.
1269 5814 1326 5864 ιι,
1359 5797 1412 5851 9.

2057 1939 2190 1994 tium
2226 1941 2478 1996 traditum
2510 1954 2620 2010 est,
2650 1953 2711 1998 ut
2752 1945 2803 2000 in
2829 1947 3068 2000 omnium
3097 1949 3338 2017 gentium
3381 1949 3623 2006 auditum

2047 2033 2274 2088 veniret.

2123 2125 2284 2180 Vens.
2313 2125 2502 2191 2|,22.
2542 2146 2562 2180 ι
2595 2127 3012 2201 Congregamini
3036 2138 3092 2184 et
3114 2131 3294 2186 venite
3321 2147 3336 2185 :
3359 2133 3628 2189 consulite

2048 2216 2236 2282 simul,
2289 2220 2386 2289 qui
2445 2219 2732 2275 salvamini
2779 2221 2847 2278 de
2887 2223 3160 2292 gentibus.
3206 2221 3324 2279 Non
3359 2239 3627 2296 cognove-

2052 2318 2202 2373 runt,
2238 2309 2332 2378 qui
2377 2319 2600 2379 portant
2627 2311 2832 2380 lignum
2861 2312 3198 2382 sculpturam
3233 2329 3411 2380 suam,
3447 2325 3504 2371 et
3529 2317 3623 2386 qui

2048 2408 2347 2467 precantur
2379 2403 2509 2455 deos
2561 2415 2669 2456 non
2703 2402 3006 2462 salvantes.
3050 2403 3108 2458 Si
3142 2406 3500 2474 annuntient,
3533 2423 3626 2463 ae-

2045 2489 2262 2555 cedant,
2315 2501 2376 2546 ut
2425 2503 2764 2562 cognoscant
2809 2494 2990 2550 simul.
3028 2513 3047 2546 »
3081 2495 3314 2563 Etenim,
3348 2497 3457 2564 ait,
3509 2499 3622 2569 pri-

2049 2596 2197 2635 mmn
2232 2581 2356 2637 illos
2385 2597 2483 2652 per
2505 2585 2875 2656 evangelii-am
2919 2588 3360 2656 praedicationem
3407 2591 3622 2655 vocavi,

2046 2671 2289 2741 ipsisque
2335 2674 2528 2744 primis
2587 2691 2814 2748 regnum
2858 2678 3120 2734 cmlorum
3165 2679 3428 2749 promisi,
3467 2684 3620 2752 quasi

2045 2765 2098 2820 in
2137 2766 2442 2822 mercedem
2480 2781 2671 2822 eorum
2716 2783 2846 2840 erga
2903 2785 2990 2824 me
3038 2770 3161 2825 ﬁdei
3203 2769 3514 2840 pollicitus;
3564 2784 3626 2828 ut

2045 2872 2113 2912 ne
2143 2867 2334 2927 putent
2357 2874 2416 2914 se
2444 2858 2644 2914 frustra
2677 2861 2818 2930 piam
2849 2861 3165 2932 religionem
3195 2863 3422 2919 sectari.
3443 2860 3646 2932 Quare

2044 2951 2214 3006 vitam
2247 2961 2508 3008 aeternam
2539 2955 2787 3025 promisi,
2815 2966 2870 3011 et
2898 2956 3040 3012 bona
3071 2975 3091 3009 ι
3123 2972 3244 3027 quae
3278 2957 3472 3014 oculus
3513 2972 3622 3013 nou

2042 3058 2184 3113 vidit
2206 3057 2276 3124 ⁸¹,
2321 3076 2342 3112 ι
2385 3067 2440 3114 et
2469 3067 2687 3114 caetera.
2718 3059 2984 3127 Quoniam
3048 3076 3180 3118 vero
3210 3061 3352 3118 Deus
3393 3077 3514 3118 sum
3545 3063 3625 3119 lo-

2042 3179 2218 3234 quens
2239 3164 2532 3235 justitiam.
2565 3172 2621 3243 et
2647 3167 2979 3222 annuntians
3009 3167 3322 3236 veritatem,
3355 3182 3453 3240 pro
3479 3170 3620 3240 aequi

2039 3282 2096 3328 et
2128 3271 2256 3328 boni
2306 3273 2542 3340 ratione,
2585 3282 2706 3342 post
2751 3273 2872 3328 illos
2909 3274 3198 3329 universos
3241 3277 3405 3330 etiam
3448 3275 3624 3332 bomi-

2040 3391 2138 3432 nes
2179 3376 2248 3431 ad
2307 3391 2393 3432 me
2446 3375 2676 3443 vocavi;
2738 3387 2794 3432 et
2847 3377 2958 3446 jam
3021 3378 3146 3433 hinc
3187 3379 3441 3434 omnibus
3481 3394 3621 3449 prae-

2039 3477 2162 3532 dico
2205 3494 2223 3533 :
2283 3492 2303 3527 ι
2345 3475 2764 3548 Cougregamiui
2833 3487 2888 3532 et
2951 3477 3172 3538 venite.
3218 3478 3487 3535 consulite
3539 3478 3620 3533 si-

2040 3567 2174 3632 mul,
2232 3569 2326 3638 qui
2387 3567 2674 3622 salvamini
2735 3567 2803 3623 de
2841 3567 3112 3637 gentibus.
3152 3587 3172 3621 ι
3229 3565 3620 3639 Vidcn',quo-

2039 3660 2202 3733 modo
2235 3658 2359 3714 illos
2396 3675 2462 3714 ex
2498 3658 2774 3730 gentibus,
2816 3659 2907 3729 qui
2955 3658 3184 3715 salutem
3217 3669 3495 3730 exuptent,
3524 3661 3620 3716 ad-

2040 3750 2239 3805 vocet?
2271 3768 2289 3801 ι
2337 3749 2472 3816 Quis
2508 3753 2688 3806 audita
2739 3751 2867 3806 fecit
2910 3751 3024 3805 Itznc
3067 3748 3137 3804 ab
3177 3749 3376 3806 initio?
3411 3771 3430 3806 ι
3479 3751 3616 3808 Cum
3687 3760 3693 3766 '

2037 3843 2184 3900 enim
2225 3843 2385 3914 juxta
2426 3844 2780 3910 accesserint,
2821 3857 3010 3898 verum
3061 3843 3232 3899 Deum
3263 3855 3616 3916 cognoscent,

2037 3935 2194 4006 cujus
2226 3934 2448 3990 deitatis
2480 3949 2737 4005 magnum
2774 3944 3154 4002 argumentum
3183 3933 3315 3988 illud
3361 3942 3445 3989 est
3472 3937 3616 4004 quod

2037 4029 2151 4083 haec
2185 4044 2282 4098 per
2329 4027 2622 4096 praphetas
2663 4041 2793 4082 suos
2842 4027 3257 4096 praenuntiarit,
3293 4036 3350 4080 et
3394 4027 3463 4081 ab
3509 4027 3616 4082 ini-

2039 4119 2114 4172 tio
2154 4118 2206 4172 id
2247 4117 2314 4171 ad
2354 4131 2517 4171 aures
2565 4125 2782 4170 nostras
2835 4113 3219 4168 declaraverit.
3265 4132 3283 4165 ι
3320 4112 3474 4168 Tunc
3519 4128 3617 4167 an-

2037 4211 2347 4266 nuntiatum
2396 4217 2482 4264 est
2516 4207 2691 4273 vobis,
2737 4205 2848 4277 Ego
2899 4204 3072 4270 Deus,
3101 4214 3159 4260 et
3202 4220 3307 4258 non
3361 4213 3445 4260 est
3477 4204 3617 4258 alius

2036 4312 2237 4374 praeter
2264 4313 2377 4358 me.
2411 4319 2430 4352 ι
2459 4298 2528 4354 Iis
2560 4300 2651 4370 qui
2689 4299 2742 4352 iu
2779 4308 2924 4352 terra
2956 4305 3080 4351 sunt
3109 4295 3334 4365 laqueos
3360 4306 3618 4366 parantes

2035 4395 2310 4450 dmmoues
2334 4392 2582 4463 maligni,
2615 4391 2819 4445 fraudis
2843 4388 3180 4459 fallaciaeque
3204 4403 3316 4443 suae
3343 4387 3612 4442 oﬂicinam

2037 4487 2331 4542 admovere
2362 4484 2706 4554 satagebant,
2755 4497 2816 4537 se
2851 4473 3036 4536 futura
3090 4493 3250 4535 nosse
3294 4478 3614 4532 simulantes

2035 4593 2099 4634 ac
2137 4592 2295 4649 posse
2327 4592 2389 4633 se
2441 4576 2527 4632 illa
2577 4574 2870 4630 enuntiare
2907 4571 2993 4636 iis,
3018 4571 3111 4642 qui
3147 4571 3391 4625 ediscere
3422 4567 3611 4631 velint,

2034 4682 2186 4728 certo
2238 4681 2480 4742 tempore
2526 4667 2728 4724 multos
2769 4665 2893 4720 dolo
2942 4665 3440 4719 circumvenerunt.
3475 4657 3610 4712 Nam

2035 4766 2088 4821 in
2130 4765 2354 4819 urbibus
2385 4771 2441 4819 et
2474 4761 2788 4829 regionibus
2814 4757 3056 4814 oracula.
3086 4751 3452 4810 divinationes
3481 4751 3610 4806 item

2034 4856 2204 4920 falsze,
2241 4854 2446 4924 ubique
2485 4859 2666 4914 erant,
2702 4849 3086 4910 ominationes,
3124 4852 3522 4906 necromantes,
3557 4853 3612 4896 et

2031 4947 2123 5018 qui
2158 4961 2226 5000 ex
2258 4956 2404 5001 terra
2441 4944 2824 5015 loquebantur,
2854 4938 3272 5010 engastrimythi
3305 4977 3320 5003 ,
3371 4937 3614 5005 alphito-

2037 5050 2267 5103 mantes,
2308 5038 2424 5093 sive
2464 5039 2555 5107 qui
2586 5052 2617 5092 e
2647 5035 2841 5090 larinis
2871 5031 3333 5096 vaticinabantur,
3363 5039 3527 5098 atque
3553 5038 3612 5083 ut

2033 5131 2345 5186 smnmatim
2379 5129 2581 5191 dicam.
2633 5124 2988 5182 mendacibus
3023 5132 3080 5178 et
3111 5121 3498 5192 impostoribus
3533 5137 3610 5174 rn-

2033 5222 2288 5292 plebatur
2331 5219 2504 5275 orbis.
2553 5237 2570 5271 ι
2605 5216 2794 5273 Justus
2837 5225 2892 5271 et
2935 5213 3172 5270 salvator
3209 5228 3316 5268 non
3353 5221 3441 5267 est
3475 5226 3610 5279 pra:-

2034 5324 2118 5370 ter
2155 5328 2264 5370 me.
2304 5332 2324 5366 ›
2359 5311 2700 5367 Vaticinatus
2730 5323 2848 5364 sum
2881 5315 2935 5363 et
2963 5306 3212 5376 praedixi,
3243 5305 3502 5376 quoniam
3525 5303 3606 5374 jn-

2029 5417 2150 5463 stus
2175 5416 2232 5461 et
2259 5403 2512 5460 Salvator
2555 5417 2696 5468 sum,
2728 5400 2851 5456 ideo
2875 5399 3172 5456 secundum
3204 5395 3478 5466 aequitatis
3519 5409 3606 5448 ra-

2031 5499 2233 5555 tionem
2265 5510 2455 5553 omnes
2494 5505 2682 5567 gentes
2732 5493 2802 5549 ad
2839 5507 2982 5559 eam,
3015 5505 3136 5563 quae
3173 5505 3340 5562 penes
3371 5504 3458 5544 me
3495 5497 3602 5549 est,

2031 5589 2262 5659 salutem
2310 5602 2499 5645 evoco.
2557 5585 2744 5642 Videu‘
2795 5584 3067 5657 quomodo
3098 5594 3438 5638 communem
3476 5593 3602 5648 grn-
