4168 6398
541 357 647 411 M9

1221 350 1490 408 EUSEBII
1527 350 2002 409 CESARIENSIS
2041 351 2195 409 OPP.
2235 349 2414 406 I‘AllS
2452 350 2542 407 III.
2582 382 2652 394 -—
2689 350 3103 409 EXEGETSCX.

3696 351 3803 406 420

542 472 686 526 tibus
731 468 989 523 omnibus
1037 466 1486 536 praedicationem
1540 467 1871 522 annuntiet?
1917 466 1971 520 In
2009 481 2115 536 quo

2232 464 2438 537 (ἀριτος
2462 465 2666 519 κατίδοι
2698 483 2785 529 τις
2812 465 2878 518 ἂν
2909 465 2970 519 τὸ
2995 464 3243 535 μέγεθος,
3275 465 3354 528 είς
3387 465 3592 528 πάντας
3616 465 3804 538 διῆκον

540 561 698 630 plane
734 559 937 617 Christi
991 559 1189 629 gratia
1244 559 1670 628 magnitudinem
1723 559 1948 622 videas,
1998 573 2120 628 quae

544 655 612 707 ad
659 667 852 707 omnes
903 651 1202 719 terrigenas
1249 652 1552 720 pervadat:
1616 651 1818 704 atenim
1869 650 2118 703 universa

542 755 683 800 terra
710 757 809 813 per
836 744 999 798 ﬁdem
1030 743 1084 798 in
1115 757 1262 807 eum,
1294 743 1361 797 ad
1391 743 1624 796 salutem
1653 751 1710 798 et
1738 743 1930 807 vitam,
1963 743 2118 813 quasi

541 851 744 907 sagena
785 846 968 905 capta,
1005 835 1239 891 deducta
1272 845 1380 890 est.

613 927 778 983 Vens.
807 925 901 992 23,
953 925 1044 981 24.
1081 945 1100 978 ι
1151 925 1256 981 Per
1285 925 1666 995 memetipsum
1709 925 1858 995 iuro,
1911 925 1970 980 Si
2015 942 2119 981 non

541 1019 862 1087 egrediatur
902 1017 970 1073 de
999 1031 1097 1072 ore
1125 1031 1248 1071 meo
1274 1015 1488 1086 iustitia
1515 1034 1530 1071 :
1562 1032 1846 1072 sermones
1877 1019 1980 1073 mei
2013 1032 2120 1072 non

542 1119 887 1166 avertentur.
936 1128 956 1162 ι
1002 1108 1105 1176 Qui
1163 1122 1476 1171 sermones.
1531 1109 1635 1164 nisi
1677 1110 1830 1179 queis
1867 1110 2120 1178 dicebat,

548 1218 570 1253 ο
613 1200 1006 1256 Convertimini
1039 1200 1106 1254 ad
1139 1213 1244 1264 me.
1283 1211 1339 1254 et
1382 1201 1752 1267 salvabimini,
1796 1201 1889 1272 qui
1925 1202 1992 1258 ab
2029 1216 2125 1256 ex-

547 1301 723 1347 tremo
764 1299 928 1346 terrae
974 1291 1150 1346 estis:
1208 1291 1336 1360 quia
1397 1292 1528 1346 mihi
1590 1293 1910 1348 curvabitur
1961 1308 2124 1349 omne

545 1398 719 1452 genu,
764 1391 820 1437 et
853 1381 1060 1452 jurabit
1107 1383 1286 1437 omnis
1333 1382 1511 1449 lingua
1562 1399 1662 1453 per
1705 1383 1910 1440 Deum:
1959 1403 1980 1437 ι
2016 1399 2121 1439 non

545 1471 854 1530 Iudaeorum
895 1482 1126 1539 tantum,
1163 1474 1261 1529 sed
1299 1474 1464 1528 etiam
1497 1475 1830 1546 reliquarum
1859 1477 2124 1545 gentium,

544 1582 656 1637 quo
685 1566 822 1620 nihil
851 1565 1065 1621 beatius
1107 1565 1289 1622 fuerit.
1339 1566 1621 1637 Hujusque
1651 1567 1949 1638 prophetia:
1975 1583 2126 1623 corn-

547 1657 875 1725 plementum
926 1655 983 1711 in
1023 1655 1227 1711 Christi
1277 1655 1492 1712 Domini
1548 1660 1778 1713 adventu
1830 1658 1952 1714 fuit.
1997 1658 2127 1714 Post

2219 560 2348 622 τοὺς
2395 559 2558 623 ὄντας
2616 558 2708 612 ἐπὶ
2749 557 2850 629 τῆς
2905 560 3042 627 γῆς’
3109 558 3498 629 σεσαγήνευται
3550 556 3659 629 γὰρ
3714 559 3804 613 διὰ

2222 652 2459 715 πίστεως
2490 651 2586 722 τῆς
2610 650 2690 714 είς
2712 650 2876 704 αὑτὸν
2909 651 2990 712 είς
3024 649 3297 721 σωτηρίαν
3317 649 3411 702 καὶ
3437 647 3636 722 ζωὴνή
3665 649 3808 722 σύμ-

2221 758 2372 796 πασα
2398 759 2492 812 γη.

2297 958 2317 990 ι
2354 941 2487 993 Κατ’
2508 938 2746 1009 ἐμαυτοῦ
2778 939 2983 1010 ὀμνύω,
3027 941 3088 994 Ei
3129 939 3203 1012 μὴ
3229 939 3568 1008 ἐξελεύσεται
3607 940 3672 992 ἐκ
3708 937 3806 993 τοῦ

2224 1031 2491 1102 στόματός
2513 1049 2614 1102 μου
2643 1031 2957 1102 δικαιοσύνη
2978 1050 2992 1063 ο
3014 1033 3064 1086 oi
3093 1033 3240 1102 λόγοι
3275 1050 3376 1104 μου
3405 1033 3504 1086 ούκ
3529 1033 3808 1104 ἀποστρα-

2224 1124 2505 1195 φήσονται.
2541 1143 2559 1175 ι
2600 1125 2750 1177 Ποῖοι
2793 1123 2850 1176 δὲ
2893 1123 3060 1192 λόγοι,
3087 1125 3118 1195 ἢ
3149 1123 3216 1177 δι’
3244 1117 3320 1178 ὧν
3351 1123 3537 1192 ἔλεγεν
3556 1141 3569 1154 ο
3611 1142 3629 1173 ι
3651 1123 3808 1178 Ἐπι-

2223 1212 2498 1283 στράφητε
2531 1214 2667 1284 πρὸς
2695 1213 2784 1283 μὲ,
2819 1214 2912 1267 καὶ
2931 1213 3237 1286 σωθήσεσθε
3261 1215 3311 1266 οἱ
3339 1214 3433 1268 ἀπ’
3454 1202 3678 1284 ἐσχάτου
3708 1215 3810 1286 τῆς

2222 1301 2364 1372 γῆς’
2401 1303 2482 1356 ὅτι
2523 1304 2646 1374 ἐμοὶ
2700 1303 2906 1374 κάμψει
2954 1307 3061 1358 πᾶν
3102 1305 3251 1375 γόνυ,
3295 1306 3389 1360 καὶ
3411 1307 3624 1377 ὀμεῖται
3657 1309 3810 1361 πᾶσα

2223 1394 2445 1464 γλῶσσα
2485 1395 2575 1449 τὸν
2602 1395 2772 1461 θεόν;
2816 1415 2834 1448 ι
2879 1397 3012 1468 Οὐχὶ
3052 1397 3113 1450 τὸ
3156 1397 3422 1452 Ἰουδαίων
3464 1399 3643 1469 μόνον,
3673 1398 3808 1452 ἀλλὰ

2225 1486 2319 1539 καὶ
2337 1486 2446 1539 τῶν
2476 1487 2678 1540 λοιπῶν
2699 1487 2890 1553 ἐθνῶν,
2921 1485 2981 1543 οὗ
3013 1488 3423 1562 μακαριώτερον
3458 1489 3608 1542 οὐδὲν
3636 1489 3702 1544 ἂν
3723 1490 3812 1558 γέ·

2225 1594 2390 1632 νοιτο.
2421 1578 2531 1631 Katl
2557 1578 2762 1650 ταύτης
2792 1579 2850 1634 δὲ
2879 1581 2979 1652 τῆς
3013 1582 3346 1654 προφητείας
3368 1581 3428 1635 τὸ
3457 1582 3807 1653 ἀποτέλεσμα

2224 1669 2529 1740 ἐπληροῦτο
2577 1673 2642 1742 τῇ
2699 1670 2794 1724 τοῦ
2843 1672 3094 1744 Σωτῆρος
3148 1672 3303 1744 ἡμῶν
3347 1672 3522 1744 Ἰησοῦ
3568 1673 3808 1746 Χριστοῦ

545 1747 699 1803 illum
729 1747 897 1812 enim,
938 1749 1124 1820 populi
1153 1764 1346 1804 omnes
1389 1749 1442 1804 in
1477 1749 1596 1819 eius
1637 1749 1884 1806 Ecclesia
1923 1765 2021 1821 per
2051 1760 2126 1805 to-

2232 1762 2515 1833 παρουσίαο
2539 1762 2655 1834 μεθ’
2685 1765 2750 1835 ἣν
2784 1766 2842 1817 ἐν
2870 1766 2936 1836 τῇ
2972 1763 3268 1837 Ἐκκλησία
3300 1765 3464 1820 αύτοῦ
3503 1768 3568 1838 τῇ
3601 1766 3724 1819 καθ’
3754 1768 3812 1820 ὃ·

550 1847 663 1894 tutn
700 1840 887 1894 orbem
914 1840 1250 1910 congregati,
1282 1841 1392 1896 Deo
1419 1841 1473 1896 in
1512 1843 1788 1912 precando
1827 1856 2002 1913 genua
2028 1841 2125 1896 lle-

2232 1829 2324 1924 λης
2371 1829 2482 1925 τῆς-
2505 1829 2829 1928 οίκουμένηε
2861 1829 3060 1922 παντες
3104 1829 3170 1911 οῖ’
3203 1829 3658 1930 συγκροτούμενοι
3688 1857 3811 1912 λαοὶ

546 1938 700 1987 ctere
742 1931 1094 1986 didicerunt:
1141 1933 1246 1988 etsi
1303 1933 1356 1988 id
1411 1933 1583 1989 Judaei
1641 1933 1950 1991 faciendum
2003 1948 2127 1990 esse

549 2023 822 2093 ignorent.
870 2042 889 2076 ι
945 2023 1012 2078 Et
1036 2023 1263 2094 jurabit.
1317 2042 1337 2077 ι
1377 2022 1509 2080 Nam
1555 2025 1646 2094 qui
1683 2039 1771 2081 me
1813 2025 1982 2079 Deum
2025 2038 2126 2078 no-

551 2124 744 2170 verunt
785 2116 839 2170 in
879 2116 1134 2171 omnibus
1161 2117 1435 2187 gentibus,
1465 2117 1658 2188 quavis
1700 2117 1882 2188 lingua
1928 2125 1980 2172 et
2008 2130 2128 2172 ser-

553 2222 753 2273 tnone-,
785 2207 903 2264 sive
951 2207 1206 2277 barbaro,
1258 2210 1375 2267 sive
1426 2209 1638 2276 Grzeco,
1696 2211 1749 2266 in
1802 2210 2129 2279 iuramentis

552 2313 641 2354 me
686 2299 739 2353 in
791 2308 980 2356 testem
1038 2310 1338 2368 assument,
1397 2303 1487 2373 qui
1539 2318 1726 2358 eorum
1771 2304 1930 2359 dictis
1965 2303 2124 2359 Iidem

562 2387 785 2444 faciam.

624 2588 791 2645 Vens.
819 2588 913 2644 25.
956 2605 978 2641 ι
1007 2587 1227 2656 Dicens,
1255 2589 1470 2646 Iustitia
1505 2599 1560 2647 et
1583 2589 1752 2662 gloria
1792 2590 1858 2645 ad
1885 2605 2008 2646 eum
2040 2605 2129 2644 ve-

553 2678 738 2746 nient,
779 2686 834 2733 et
867 2679 1272 2734 confundentur
1326 2694 1517 2736 omnes
1557 2681 1648 2750 qui
1687 2690 1941 2750 separant
1989 2695 2072 2735 se.
2104 2697 2124 2731 ι

550 2770 752 2828 Omnes
779 2772 1057 2826 hominum
1083 2773 1312 2826 virtutes
1339 2773 1503 2826 talem
1532 2773 1913 2826 nanciscentur
1935 2771 2125 2826 linem:

553 2869 609 2914 et
644 2859 823 2915 omnis
858 2858 1120 2914 fortitudo
1159 2859 1437 2914 hominum
1459 2899 1474 2924 ,
1518 2859 1607 2928 qui
1641 2875 1737 2930 pro
1773 2860 1972 2928 pietate
2004 2875 2131 2914 cou-

552 2960 936 3014 certaverunt,
996 2951 1064 3004 ad
1116 2951 1290 3020 ipsum
1351 2952 1614 3005 accedet:
1668 2959 1830 3020 atque
1883 2961 2013 3006 tunc
2054 2951 2128 3006 illi

556 3043 792 3096 l'ructum
828 3040 1099 3103 laborum,
1146 3048 1203 3094 et
1253 3040 1473 3096 virlulis
1519 3043 1799 3112 prtemium
1837 3042 2129 3112 accipient.

628 3129 794 3188 Vens.
827 3129 920 3184 26.
957 3148 978 3183 ι
1011 3131 1053 3183 Δ
1088 3130 1318 3186 Domino
1338 3131 1809 3202 justilicabuutur,
1838 3143 1894 3188 et
1923 3134 1975 3187 in
2021 3133 2130 3188 Deo

556 3220 955 3293 gloriﬁcabitur
977 3235 1140 3276 omne
1165 3235 1350 3276 semen
1381 3211 1614 3276 ﬁliorum
1647 3221 1830 3277 Israel.
1869 3242 1889 3275 ι
1919 3223 1982 3278 Ει
2011 3225 2132 3281 vide

561 3311 718 3378 inihi,
749 3326 958 3378 (ιυωεο,
995 3311 1266 3366 sermonis
1307 3322 1621 3367 accuratam
1668 3314 1976 3370 rationem:
2024 3332 2130 3371 non

555 3403 700 3459 enim
733 3421 752 3455 ι
783 3400 969 3470 Israel,
1017 3421 1038 3455 ι
1084 3403 1254 3470 dixit,
1309 3416 1519 3474 neque,
1571 3420 1592 3454 ι
1646 3417 1829 3459 semen
1862 3403 2070 3474 Israel;
2107 3425 2128 3459 ι

557 3496 655 3550 sed
689 3507 870 3550 semen
909 3494 1144 3549 ﬁliorum
1178 3493 1366 3548 Israel.
1396 3493 1516 3549 Filii
1553 3509 1716 3565 porro
1758 3493 1926 3552 Israel
1973 3507 2135 3552 erant

559 3587 722 3658 primi
759 3585 1022 3642 salutaris
1053 3586 1328 3658 Evangelii
1356 3601 1655 3656 prmcones,
1684 3578 1918 3660 quorum
1945 3603 2132 3654 semen

557 3687 616 3732 et
646 3679 1050 3734 successionem
1097 3677 1308 3748 justitia
1343 3687 1397 3734 et
1451 3679 1620 3751 gloria
1660 3679 1966 3735 donandam
2015 3695 2135 3737 esse

565 3769 791 3825 dicitur.

1123 3859 1356 3918 CAPUT
1396 3861 1581 3918 XLVI.

641 3953 800 4010 Vens.
842 3955 896 4012 I.
942 3973 961 4006 ι
996 3955 1202 4010 Cecidit
1241 3955 1359 4022 Bel,
1389 3958 1657 4012 contritus
1683 3968 1766 4013 est
1798 3958 2000 4029 Dagon.
2035 3957 2138 4015 Fa-

561 4057 646 4103 cta
680 4057 811 4102 sunt
853 4046 1129 4117 seulptilia
1178 4062 1364 4104 eorum
1408 4048 1463 4103 in
1516 4049 1719 4105 bestias
1751 4059 1807 4106 et
1843 4053 1896 4106 in
1922 4050 2138 4119 jumen-

567 4149 646 4195 ta.
678 4159 696 4192 ι
736 4139 829 4194 Bel
861 4138 1062 4194 idolum
1095 4150 1234 4207 erat,
1285 4142 1366 4196 sic
1410 4155 1441 4194 a
1475 4139 1681 4197 Graecis
1724 4141 1952 4209 dictum,
1981 4157 2132 4198 eum~

569 4230 717 4296 dem,
745 4237 804 4284 ut
831 4229 1004 4296 aiunt,
1030 4245 1191 4301 quem
1220 4231 1324 4302 ipsi
1356 4231 1645 4287 Saturnum
1669 4233 1954 4304 appellant,
1977 4249 2138 4306 quem

570 4330 726 4376 tanta
761 4320 1063 4378 stoliditate
1093 4332 1309 4380 veteres
1335 4324 1609 4391 colebant,
1643 4335 1702 4380 ut
1727 4327 1827 4397 ipsi
1853 4327 2136 4384 carissima

570 4412 674 4469 sibi
701 4412 1033 4485 jugularent,
1070 4430 1135 4469 ac
1168 4426 1454 4472 sexcentas
1488 4417 1624 4473 alias
1664 4419 1944 4476 hominum
1983 4422 2140 4478 victi-

2225 1947 2358 2015 γόνυ
2385 1947 2586 2002 κλίνειν
2605 1948 2684 2020 τῷ
2708 1948 2826 2020 θεῷ
2848 1951 2904 2002 ἐν
2936 1951 3052 2014 ταῖς
3081 1954 3408 2023 προσευχαῖς
3431 1950 3808 2022 ἐδιδάχθησαν,

2226 2039 2405 2093 καίτοι
2473 2040 2742 2095 Ἰουδαίων
2785 2040 2946 2095 τοῦτο
3001 2045 3174 2096 ποιεῖν
3226 2043 3326 2096 οὐκ
3365 2043 3597 2097 εἰδότων.
3645 2060 3666 2094 ι
3697 2041 3812 2095 Kal

2226 2130 2461 2201 ὀμεῖται.
2495 2149 2515 2183 ι
2555 2131 2616 2184 Οἱ
2655 2130 2764 2203 γὰρ
2803 2132 2903 2203 ἐμὲ
2950 2132 3041 2186 τὸν
3071 2131 3203 2187 Θεὸν
3241 2133 3554 2202 ἐπιγνόντες
3587 2134 3646 2187 ἐν
3674 2134 3812 2187 πᾶσι

2225 2224 2338 2286 τοῖς
2373 2221 2551 2277 ἔθνεσι
2587 2222 2674 2276 διὰ
2707 2221 2963 2286 παντοίας
2987 2221 3239 2293 γλώσσης
3283 2222 3375 2276 καὶ
3405 2223 3640 2294 ὁμιλίας,
3679 2221 3813 2294 βαρ-

2228 2314 2397 2387 ϐάρου
2448 2332 2507 2368 τε
2559 2315 2654 2369 καὶ
2712 2314 3030 2386 Ἑλληνικῆς
3081 2315 3139 2369 ἐν
3177 2318 3290 2380 τοῖς
3313 2315 3497 2393 ὅρκοις
3537 2316 3637 2387 ἐμὲ
3673 2315 3815 2388 μάρ-

2225 2425 2366 2481 τυρα
2412 2409 2854 2482 παραλήψονται,
2904 2407 3222 2480 βεϐαιοῦντα
3287 2408 3387 2472 τὰς
3443 2408 3653 2462 ἑαυτῶν
3721 2408 3814 2460 πί·

2230 2516 2394 2562 στεις.

2304 2605 2323 2637 σ
2357 2586 2580 2655 Λέγωψ
2614 2586 2940 2658 Δικαιοσύνη
2978 2586 3074 2639 xal
3125 2585 3252 2650 δόξα
3297 2587 3436 2659 πρὸς
3473 2586 3636 2642 αὑτὸν
3665 2583 3811 2656 ἣξει,

2229 2677 2323 2731 καὶ
2378 2677 2824 2749 αἰσχυνθήσονται
2864 2678 3065 2742 πάντες
3097 2681 3143 2732 οί
3181 2679 3506 2752 διορίζοντες
3532 2677 3749 2742 αύτούς.
3785 2696 3810 2730 ι

2229 2769 2408 2821 Πᾶσαι
2435 2770 2492 2822 αἱ
2523 2769 2582 2822 ἐν
2599 2768 2908 2841 ἀνθρώποις
2928 2770 3119 2842 ἀρεταὶ
3149 2770 3298 2835 τέλος
3325 2769 3456 2824 αὐτὸ
3479 2769 3682 2836 ἕξουσι,
3717 2769 3816 2823 καὶ

2229 2860 2381 2912 πᾶσα
2419 2860 2572 2930 ἰσχὺς
2594 2859 2896 2931 ἀνθρώπων
2923 2861 3031 2914 τῶν
3054 2863 3194 2935 ὑπὲρ
3220 2861 3527 2926 θεοσεϐείας
3551 2863 3818 2932 ἀγωνισα-

2233 2948 2408 3021 μένων
2447 2951 2582 3022 πρὸς
2605 2950 2767 3004 αὑτὸν
2801 2950 3097 3016 ἐλεύσεται,
3141 2953 3236 3006 καὶ
3278 2953 3370 3006 τὸν
3400 2953 3510 3006 τῶν
3552 2953 3818 3024 καμάτων

2230 3038 2442 3111 καρπὸν
2471 3041 2572 3111 τήν
2602 3057 2661 3093 τε
2693 3041 2926 3115 ἀμοιϐὴν
2952 3044 3050 3114 τῆς
3077 3044 3280 3116 ἀρετῆς
3309 3043 3594 3115 λήψονται.

2266 3165 2272 3172 ο
2307 3148 2326 3181 ι
2347 3129 2695 3202 ἈπδΚυρίου
2713 3132 3180 3206 δικαιωθήσονται,
3211 3133 3304 3187 καὶ
3331 3136 3388 3188 ἐν
3415 3135 3494 3205 τῷ
3524 3133 3642 3206 Θεῷ
3673 3135 3818 3188 ἐνδο-

2235 3218 2559 3292 ξασθήσεται
2581 3222 2689 3275 πᾶν
2705 3222 2765 3274 τὸ
2782 3223 3002 3294 σπέρμα
3033 3223 3140 3277 τῶν
3155 3223 3287 3277 υἱῶν
3302 3223 3535 3296 Ἰσραήλ.
3550 3243 3566 3274 ι
3587 3224 3698 3278 Καὶ
3717 3223 3818 3277 θέα.

2231 3307 2331 3379 τὴν
2351 3309 2634 3382 ἀκρίϐειαν
2649 3310 2745 3364 τοῦ
2773 3311 2930 3380 λόγου
2948 3330 2962 3343 ·
2983 3313 3044 3366 ού
3060 3315 3169 3386 γὰρ
3195 3333 3211 3366 ι
3236 3312 3328 3367 τὸν
3363 3313 3576 3385 Ἰσραὴλ
3598 3334 3615 3364 ι
3637 3309 3813 3380 εἶπεν,

2232 3397 2354 3451 οὺδέ
2405 3417 2424 3450 ι
2463 3398 2525 3451 τὸ
2562 3399 2783 3472 σπέρμα
2836 3401 3070 3474 Ἰσραὴλ,
3108 3421 3127 3454 ι
3183 3401 3318 3457 ἀλλὰ
3347 3402 3410 3456 τὸ
3452 3403 3672 3475 σπέρμα
3704 3402 3817 3456 τῶν

2235 3489 2366 3544 υἱῶν
2407 3490 2642 3562 Ἰσραήλ.
2681 3491 2799 3544 Υἱοὶ
2830 3492 2885 3546 δὲ
2935 3493 3152 3566 Ἰσραὴλ
3194 3494 3486 3565 ἐτύγχανον
3522 3496 3571 3548 οί
3611 3493 3818 3566 πρῶτοι

2234 3582 2475 3654 κήρυκες
2498 3583 2592 3636 τοῦ
2618 3584 2885 3655 σωτηρίου
2911 3585 3261 3655 Εὑαγγελίου,
3295 3580 3369 3641 ὧν
3395 3587 3458 3642 τὸ
3475 3589 3694 3660 σπέρμα
3721 3589 3818 3642 καὶ

2235 3666 2334 3740 τὴν
2372 3668 2621 3741 διαδοχὴν
2667 3671 3119 3746 δικαιωθήσεσθαι
3153 3678 3246 3731 καὶ
3276 3676 3699 3750 δοξασθήσεσθαι
3739 3678 3817 3730 εῖ-

2239 3777 2424 3834 ρητα-ι.

2730 3857 3124 3911 ΚΕΦΑΛΑΙΟΝ
3169 3858 3320 3925 Man

2313 3958 2334 3995 ι
2367 3943 2571 3998 Ἔπεσε
2621 3945 2750 4018 Βὴλ,
2817 3949 3102 4021 συνετρίϐη
3159 3949 3370 4019 Δαγὼν.
3439 3947 3685 4018 Ἐγένετο
3747 3951 3820 4005 τὰ

2237 4034 2454 4104 γλυπτὰ
2478 4037 2657 4092 αὐτῶν
2690 4041 2770 4104 είς
2795 4040 2957 4112 θηρία
2979 4041 3160 4095 καὶτὰ
3181 4043 3370 4114 κτήνη.
3401 4061 3420 4096 ι
3456 4041 3566 4114 Βὴλ
3598 4042 3821 4096 εἴδωλον

2236 4122 2328 4198 ἦν,
2357 4128 2496 4200 ὅπερ
2528 4130 2784 4202 Ἕλληνες
2815 4132 2956 4186 οὕτω
2987 4132 3243 4188 καλοῦσι’
3279 4133 3674 4206 ἑρμηνεύοντες
3719 4135 3820 4189 αύ-

2237 4221 2330 4274 τὸν
2363 4218 2500 4275 εἶναι
2551 4221 2642 4276 τὸν
2681 4225 2813 4295 παρ’
2844 4225 3028 4289 αὐτοῖς
3062 4225 3393 4297 καλούμενον
3431 4225 3659 4298 Κρόνον,
3689 4227 3820 4297 περὶ

2237 4310 2298 4364 ὃν
2325 4311 2496 4375 οὕτως
2525 4307 2666 4384 ἦσαν
2687 4314 2738 4365 οἱ
2769 4313 2988 4368 παλαιοὶ
3018 4316 3361 4387 ἐπτοημένοι,
3408 4316 3484 4380 ὡς
3509 4317 3820 4386 κατασφάτ-

2239 4419 2353 4455 τειν
2381 4403 2579 4467 αὐτοὺς
2622 4404 2690 4458 τὰ
2740 4405 2948 4458 ἑαυτῶν
2983 4405 3233 4474 φίλτατα,
3274 4408 3368 4460 καὶ
3409 4407 3577 4472 ἄλλας
3621 4409 3822 4481 μυρίας

572 4518 689 4558 mas
721 4501 827 4574 ipsi
856 4504 1109 4560 omnibus
1138 4505 1187 4559 in
1215 4505 1352 4562 locis
1385 4504 1664 4564 oll‘errcnt.
1695 4509 1878 4582 Dagon
1916 4512 2042 4567 item
2073 4513 2130 4568 si-

2239 4493 2684 4565 ἀνθρωποθυσίας
2714 4495 2863 4567 αὐτῷ
2893 4496 3041 4582 κατα
3065 4497 3242 4552 πάντα
3273 4497 3436 4552 τόπον
3467 4501 3818 4572 προσφέρειν.

575 4594 878 4650 mulacrutn
915 4605 1033 4650 erat
1069 4596 1527 4668 alienigenarum,
1560 4600 2001 4657 Ascalonitarum
2034 4604 2139 4660 sci-

570 4684 697 4740 licet
739 4693 795 4741 et
827 4684 1196 4744 Gazensium:
1241 4704 1378 4759 quos
1415 4691 1503 4746 ubi
1540 4693 1820 4761 speciatim
1871 4709 2140 4750 memora-

569 4776 666 4841 vit,
697 4777 891 4833 deinde
922 4779 1221 4848 generatim
1266 4784 1332 4834 de
1363 4782 1615 4838 omnibus
1653 4784 1852 4854 ubique
1881 4787 1984 4841 diis
2026 4789 2141 4845 haec

573 4867 855 4940 subiungit
893 4887 907 4925 :
940 4889 960 4922 ς
997 4869 1160 4926 Facta
1189 4883 1316 4926 sunt
1349 4874 1612 4945 sculptilia
1645 4893 1830 4932 eorum
1861 4879 1913 4934 in
1943 4880 2140 4939 bestias

569 4969 626 5015 et
657 4960 709 5015 in
734 4961 997 5031 iumenta.
1047 4981 1066 5015 ι
1100 4963 1253 5030 Quod
1285 4965 1471 5022 videre
1509 4976 1594 5021 est
1627 4968 1680 5022 in
1732 4979 1839 5024 tota
1871 4969 2140 5042 Egypto,

569 5050 661 5106 ubi
693 5052 875 5107 omnia
929 5051 1164 5110 ferarum
1202 5070 1266 5111 ac
1289 5056 1656 5126 jumentorum
1697 5075 1894 5131 genera
1924 5071 1983 5116 ut
2015 5064 2143 5119 deos

573 5143 820 5198 venerari
853 5143 1052 5200 solent.

644 5318 809 5375 Vens.
843 5318 898 5374 2.
936 5339 955 5373 ι
994 5321 1234 5380 Portatis
1271 5339 1335 5380 ea
1376 5325 1612 5398 alligata,
1645 5327 1800 5398 quasi
1833 5343 1970 5384 onus
1996 5329 2140 5384 labo-

572 5413 737 5480 ranti,
772 5412 1064 5479 deﬁcienti,
1089 5423 1143 5469 et
1178 5414 1418 5482 sitienti;
1463 5432 1561 5472 nec
1584 5419 1782 5473 valenti
1817 5419 1978 5473 simul
2012 5421 2142 5490 :qui

574 5515 682 5557 non
716 5513 974 5573 poterunt
1006 5503 1206 5560 salvari
1232 5522 1262 5560 a
1298 5508 1458 5563 bello.
1509 5509 1613 5580 Ipsi
1662 5526 1792 5566 vero
1821 5513 2016 5582 captivi
2049 5514 2117 5567 ab

577 5593 721 5650 ducti
773 5605 922 5653 sunt.
957 5616 976 5650 ι
1025 5596 1150 5652 Ilaec
1209 5599 1385 5667 reipsa
1440 5601 1640 5656 nostris
1685 5604 2016 5672 temporibus
2073 5605 2142 5657 ad

579 5683 811 5740 litteram
837 5696 1137 5743 evenerunt
1176 5705 1191 5743 :
1223 5704 1287 5743 ac
1337 5691 1633 5746 secundum
1687 5693 2017 5764 intelligendi
2055 5708 2140 5748 ra-

579 5777 781 5834 tionem
821 5794 1008 5852 grave,
1045 5781 1236 5838 durum
1267 5789 1322 5838 et
1376 5781 1700 5848 diabolicum
1746 5800 1919 5855 onus,
1971 5785 2139 5843 idolo-

2240 4583 2432 4653 Δαγὼν
2458 4584 2516 4638 δὲ
2542 4585 2634 4639 καὶ
2656 4585 2786 4638 αὐτὸ
2814 4585 2997 4650 ξόανον
3025 4581 3094 4658 ἦν
3119 4585 3228 4640 τῶν
3255 4585 3566 4655 ἀλλοφύλων
3589 4586 3698 4640 τῶν
3719 4588 3821 4657 τὴν

2251 4677 2566 4732 Ἀσκάλωνα
2615 4679 2711 4732 καὶ
2757 4679 2855 4750 τὴν
2881 4679 3059 4744 Γάζαν
3088 4677 3406 4733 οἰκούντων·
3442 4680 3536 4733 καὶ
3563 4680 3627 4752 δὴ
3665 4697 3826 4750 μερι-

2240 4769 2352 4834 κῶς
2366 4769 2566 4824 τούτων
2584 4769 2962 4842 μνημονεύσας
2989 4771 3018 4822 ό
3049 4769 3225 4838 λόγος,
3249 4770 3374 4842 ἑξῆς
3389 4769 3821 4842 καθολικώτερον

2241 4863 2370 4934 περὶ
2390 4864 2604 4919 πάντων
2627 4863 2735 4916 τῶν
2760 4864 3070 4934 ἅπανταχοῦ
3092 4865 3335 4917 θεοποιου
3343 4865 3517 4934 μένων
3535 4863 3694 4933 ἐπιφέ
3704 4881 3786 4934 ρει
3801 4880 3818 4894 °

2247 4971 2265 5004 ι
2313 4954 2558 5023 Ἐγένετο
2587 4953 2655 5008 τὰ
2686 4954 2899 5023 γλυπτὰ
2925 4955 3100 5008 αὐτῶν
3123 4956 3202 5018 εἰς
3233 4955 3397 5026 θηρία
3441 4957 3534 5008 καὶ
3557 4956 3749 5026 κτήνη.
3794 4973 3818 5008 ι

2242 5047 2352 5099 Καὶ
2383 5046 2554 5099 ταῦτα
2594 5046 2651 5100 δέ
2687 5049 2803 5101 ἐστι
2835 5046 2958 5100 καθ’
2986 5046 3112 5118 ὅλης
3141 5046 3367 5100 συνιδεῖν
3399 5050 3497 5118 τῆς
3517 5047 3818 5116 Αἰγύπτου,

2242 5135 2370 5189 ἔνθα
2421 5137 2636 5190 πάντων
2684 5137 2888 5209 θηρίων
2935 5138 3027 5192 καὶ
3083 5138 3296 5209 κτηνῶν
3338 5138 3494 5207 γένος
3535 5138 3712 5192 σέϐειν
3742 5139 3822 5204 ὡς

2245 5227 2396 5290 θεοὺς
2428 5227 2671 5282 εἰώθασι.

2319 5357 2340 5390 ι
2375 5339 2568 5412 Αίρετε
2590 5340 2731 5394 αὐτὰ
2755 5340 3156 5414 καταδεδεμένα
3183 5343 3258 5407 ὡς
3284 5344 3503 5416 φορτίον
3531 5347 3819 5410 κοπιῶντι,

2245 5430 2611 5505 ἐκλελυμένῳ,
2652 5433 2746 5488 καὶ
2771 5435 3051 5498 πεινῶντι,
3089 5437 3190 5490 οὐκ
3231 5438 3469 5509 ἰσχύοντι
3494 5439 3632 5509 ἅμα,
3674 5441 3726 5492 οἳ
3754 5442 3819 5494 οὐ

2244 5517 2563 5589 δυνήσονται
2586 5519 2827 5592 σωθῆναι
2857 5522 2966 5576 ἀπὸ
2994 5523 3253 5596 πολέμου.
3283 5526 3447 5580 Αὐτοὶ
3462 5527 3517 5582 δέ
3547 5529 3816 5601 αἰχμάλω-

2246 5628 2327 5663 τοι
2349 5611 2613 5682 ῆχθησαν.
2639 5633 2658 5665 ι
2680 5614 2863 5668 Ταῦτα
2877 5615 2932 5669 δέ
2946 5617 3131 5682 αὐτοῖς
3146 5618 3328 5691 ἔργοις
3341 5621 3462 5675 καθ’
3480 5623 3626 5692 ἡμᾶς
3642 5621 3814 5692 ἐπλη-

2249 5700 2406 5770 ροῦτο
2431 5703 2566 5775 πρὸς
2585 5703 2752 5772 λέξιν,
2786 5707 2880 5760 καὶ
2902 5708 3044 5762 κατὰ
3067 5709 3306 5765 διάνοιαν
3329 5711 3386 5765 δὲ
3413 5712 3551 5785 βαρὺ
3580 5713 3674 5767 καὶ
3699 5713 3798 5767 δυσ

2246 5788 2568 5862 ϐάστακτον,
2589 5796 2682 5849 καὶ
2697 5794 3001 5852 διαϐολικὸν
3018 5799 3237 5870 φορτίον
3251 5804 3370 5867 ταῖς
3393 5801 3500 5856 τῶν
3511 5799 3783 5873 ἀνθρώπω
3795 5839 3811 5852 .
