4130 6400
323 352 422 409 εει

1248 348 1756 406 COMMENTARIA
1788 348 1852 404 IN
1894 345 2148 403 ISAIAM.
2173 344 2413 402 —CAP.
2457 341 2671 400 XLVII.

3503 342 3613 400 42³

323 473 521 546 ψυχαῖς
563 472 661 543 τῆς
705 470 1094 546 είδωλολάτρου
1149 472 1355 546 πλάνης
1402 474 1656 531 ἐπέκειτο
1725 476 1914 533 πάλαι.

2032 485 2141 525 rum
2156 468 2362 525 scilicet
2377 467 2605 533 erroris,
2625 465 2905 523 hominum
2927 463 3452 537 animisimpositum
3472 479 3612 522 erat.

401 584 420 617 ι
474 564 729 619 Ἀκούετε
765 583 889 637 μου,
939 560 1085 631 οἶκος
1129 567 1348 631 Ἰακὼϐ,
1392 570 1488 623 καὶ
1524 570 1631 623 πᾶν
1662 569 1723 623 τὸ
1753 569 1918 624 κατά-

324 659 514 714 λοιπον
542 657 638 714 τοῦ
700 658 942 732 Ἰσραὴλ,
995 662 1044 714 οἱ
1102 662 1386 735 αἰρόμενος
1428 664 1494 719 ἐκ
1537 664 1770 729 κοιλίας,
1823 669 1919 721 καὶ

326 752 714 825 παιδευόμενοι
748 754 813 806 ὲκ
849 753 1065 808 παιδίου
1116 755 1222 820 ἓως
1264 756 1471 829 γήρως.
1529 777 1550 810 ι
1606 757 1748 811 Ἀλλ’
1792 759 1918 814 οὕτε

343 843 537 901 ’ἰακὼὸ
551 847 751 912 αὐτοὺς
770 847 946 913 καλεῖ,
966 847 1092 902 οὒτε
1130 850 1348 924 Ἰσραὴλ
1378 851 1657 924 ὀνομάζει,
1684 850 1832 909 οἷκον
1862 855 1920 913 δὲ

328 939 494 995 αὐτὸν
534 940 693 1012 μόνον
720 940 816 994 τοῦ
853 940 1046 995 Ἰακὼϐ
1073 942 1165 997 διά
1190 945 1292 1016 τῆς
1323 945 1467 999 κατά
1511 946 1693 1018 σάρκα
1722 947 1921 1001 οἰκειό-

327 1048 513 1103 τητος,
551 1033 646 1086 καὶ
672 1031 1020 1089 κατάλοιπον.
1046 1034 1245 1089 ὡσανεὶ
1278 1036 1619 1110 περίττευμα
1635 1039 1728 1093 καὶ
1742 1039 1921 1112 τρύγα

328 1126 426 1182 τοῦ
462 1195 467 1199 θ
491 1126 728 1199 Ἰσραήλ.

408 1237 428 1271 ι
487 1218 629 1288 Ἐγώ
661 1219 799 1291 είμι,
834 1220 930 1273 καὶ
958 1220 1065 1285 ἕως
1084 1221 1151 1275 ἂν
1184 1222 1608 1297 καταγηρὰσητε
1640 1225 1752 1296 ἐγώ
1778 1228 1919 1297 εἰμι,

332 1310 447 1383 ἐγὼ
474 1313 743 1385 ἀνέχομαι
778 1312 956 1385 ὑμῶν,
996 1312 1108 1383 ἐγὼ
1143 1314 1400 1388 ἐποίησα,
1443 1318 1539 1372 καὶ
1569 1318 1681 1389 ἐγὼ
1709 1320 1918 1393 ἀνήσω,

329 1405 447 1476 ἐγὼ
469 1405 842 1479 ἀναλήψομαι,
889 1406 986 1462 καὶ
1021 1406 1181 1463 σώσω
1214 1409 1383 1480 ὑμᾶς.
1429 1412 1550 1467 Τίνι
1587 1431 1659 1486 με
1701 1415 1921 1487 ὡμοιώ-

333 1515 501 1565 σατε;
539 1499 732 1563 Ἴδετε,
784 1501 1145 1573 τεχνάσασθε,
1192 1505 1242 1558 οἱ
1284 1504 1652 1578 πλανώμενοι,
1687 1510 1736 1562 οί
1782 1527 1923 1581 συμ-

332 1590 657 1664 ϐαλλόμενοι
692 1594 915 1665 χρυσίον
964 1596 1032 1649 ὲκ
1067 1597 1398 1668 μαρσυπίου,
1446 1600 1540 1654 καὶ
1572 1600 1838 1674 ἀργύριον
1862 1604 1923 1658 ὲν

331 1682 503 1755 ζυγῷ·
541 1685 834 1756 στήσουσιν
871 1687 930 1739 ὲν
966 1687 1193 1760 σταθμῷ
1218 1689 1313 1743 καὶ
1347 1691 1754 1763 μισθωσάμενοι
1783 1711 1923 1767 χρυ-

334 1775 522 1846 σοχόον
576 1775 841 1846 ἐποίησαν
893 1778 1266 1850 χειροποίητα,
1301 1779 1397 1834 καὶ
1442 1780 1714 1852 κύψαντες
1752 1799 1923 1854 προσ-

2099 559 2261 616 Vens.
2283 560 2339 615 5.
2366 558 2564 614 Audite
2585 570 2692 622 me,
2727 555 2925 613 domus
2951 552 3143 619 Iacob,
3170 565 3230 611 et
3259 568 3455 611 omnes
3486 556 3616 613 reli-

2020 651 2162 722 quiae
2194 649 2491 720 lsrael.qui
2536 647 2825 720 portamini
2855 662 2922 703 ex
2955 656 3133 715 utero,
3160 656 3216 704 et
3255 646 3546 703 erudimini
3583 663 3618 702 a

2022 742 2247 815 parvulo
2280 755 2453 811 usque
2507 739 2575 795 ad
2634 747 3027 795 senectutem»
3068 737 3177 795 Sed
3222 752 3401 811 neque
3444 736 3619 795 Jacob

2024 837 2170 907 ipsos
2197 842 2374 898 vocat,
2413 845 2588 903 neque
2629 830 2800 888 Israel
2825 836 3103 898 nominat;
3134 830 3229 887 sed
3277 830 3619 888 solummodo

2022 929 2244 983 domum
2268 924 2458 993 Jacob,
2488 923 2560 980 ob
2588 923 2773 981 carnis
2810 923 3217 995 cognationem,
3247 932 3304 979 et
3332 922 3614 993 reliquias,

2022 1021 2231 1079 scilicet
2264 1032 2732 1093 supervacaneum
2761 1017 3138 1091 quidpiam,et
3164 1017 3350 1076 faecem
3379 1017 3615 1075 lsraelis.

2098 1205 2386 1267 γεμί-7.
2404 1222 2424 1257 ι
2446 1203 2558 1276 Ego
2582 1218 2726 1272 sum,
2758 1212 2816 1259 et
2846 1203 3019 1261 donec
3033 1201 3332 1260 senescatia
3345 1216 3446 1274 ego
3460 1217 3580 1260 sum
3600 1220 3617 1260 :

2023 1312 2124 1371 ego
2151 1298 2434 1355 sustinebo
2478 1313 2601 1366 vos,
2644 1312 2744 1369 ego
2779 1295 2905 1364 feci,
2937 1305 2995 1352 et
3043 1311 3145 1367 ego
3180 1296 3472 1358 dimittam,
3517 1312 3622 1366 ego

2023 1391 2320 1465 suscipiam
2351 1401 2408 1448 et
2446 1391 2671 1447 salvabo
2701 1403 2821 1446 vos.
2855 1388 2955 1446 Cui
2991 1403 3078 1444 me
3105 1388 3499 1445 assimilastisl
3530 1389 3623 1447 Vi-

2026 1486 2172 1551 dete,
2205 1483 2517 1554 excogitate
2543 1482 2639 1553 qui
2678 1481 2900 1543 erratis,
2933 1488 2988 1536 et
3023 1478 3115 1550 qui
3140 1478 3402 1535 confertis
3427 1494 3621 1535 aurum

2025 1586 2091 1626 ex
2131 1571 2438 1641 marsupio,
2486 1581 2542 1626 et
2574 1578 2862 1641 argentum
2888 1570 2965 1624 'in
3010 1577 3213 1624 statera
3247 1587 3261 1624 :
3291 1578 3535 1624 statuent
3567 1570 3622 1625 in

2027 1664 2291 1735 pondere,
2313 1673 2370 1720 et
2397 1663 2768 1719 conducentes
2790 1661 3095 1725 auriﬁcem,
3126 1660 3375 1716 fecerunt
3401 1661 3626 1717 simula-

2028 1772 2144 1822 cra,
2167 1765 2222 1811 et
2253 1754 2582 1811 inclinantes
2604 1769 2667 1811 se
2697 1754 2931 1810 adorant
2987 1752 3100 1808 illa.
3131 1751 3355 1808 Tolluut
3397 1748 3624 1810 humero

329 1867 591 1922 κυνοῦσιν
627 1869 834 1933 αὐτοῖς.
878 1870 1138 1943 Αἴρουσιν
1168 1871 1301 1926 αὐτὸ
1353 1874 1447 1927 ἐπὶ
1486 1873 1581 1928 τοῦ
1612 1875 1789 1946 ῶμου,
1825 1877 1922 1932 καὶ

2032 1857 2079 1904 et
2111 1848 2414 1903 ambulant.
2445 1846 2504 1903 Si
2550 1861 2680 1903 vero
2711 1854 2918 1916 ponant
2959 1844 3090 1901 illud
3120 1846 3174 1899 in
3205 1844 3324 1902 loco
3355 1860 3478 1909 suo,
3502 1861 3622 1900 ma-

335 1959 681 2034 πορεύονται.
740 1961 868 2016 Ἐὰν
894 1962 953 2016 δὲ
980 1961 1146 2019 θῶσιν
1175 1964 1309 2019 αὐτὸ
1335 1967 1430 2022 ἐπὶ
1469 1965 1566 2021 τοῦ
1607 1968 1778 2025 τόπου
1819 1970 1923 2024 αύ-

333 2052 454 2118 τοῦ,
507 2053 684 2125 μένει,
731 2054 794 2108 ού
832 2054 908 2127 μὴ
937 2055 1170 2128 κινηθῇ·
1201 2057 1298 2112 καί⁵
1324 2056 1384 2122 ὃς
1417 2058 1515 2113 ἐὰν
1563 2058 1738 2143 βοήσῃ
1784 2061 1926 2134 πρὸς

336 2145 524 2211 αὐτὸν,
573 2145 635 2200 οὐ
677 2146 755 2218 μὴ
798 2146 1094 2220 είσακούση
1118 2164 1133 2179 ·
1165 2148 1276 2203 ἀπὸ
1317 2150 1509 2204 κακῶν
1555 2150 1618 2204 ού
1654 2150 1729 2224 μὴ
1774 2150 1926 2228 σώσῃ

336 2236 524 2290 αὐτόν.
566 2255 586 2289 ι
630 2236 822 2305 Ὑμεῖς
857 2236 915 2290 δὲ
941 2235 1233 2305 λογίσασθε
1277 2240 1359 2304 είς
1384 2240 1501 2294 οἵαν
1529 2239 1926 2296 ἐκπεπτώκατε

339 2324 641 2397 θεομαχίαν
673 2327 772 2380 καὶ
822 2325 1144 2381 δυσσὲδειαν
1167 2368 1183 2393 ,
1233 2328 1607 2401 τολμήσαντες
1657 2331 1927 2403 ὁμοιῶσαί

343 2435 414 2491 με
452 2421 568 2482 τοῖς
595 2419 672 2492 μὴ
698 2414 818 2474 οὖσι
873 2417 1054 2486 θεοῖς,
1088 2420 1185 2475 καὶ
1216 2421 1392 2477 οὐδενὶ
1422 2424 1567 2496 λόγῳ
1610 2424 1797 2480 θέσθαι
1827 2426 1929 2498 τὴν

339 2511 483 2583 ἐμὴν
512 2510 748 2581 θεότητα
769 2528 784 2543 ο
818 2512 1061 2584 ἰσότιμον
1082 2512 1143 2568 δέ
1175 2531 1243 2586 με
1263 2514 1484 2571 ἔσεσθαι
1504 2518 1573 2588 τῇ
1598 2517 1794 2590 ἀψύχῳ
1825 2517 1927 2591 ὕλῃ

338 2604 724 2664 ἀνεπλάσασθε
751 2621 766 2637 ο
802 2606 1029 2679 χρυσίον
1075 2607 1172 2663 καὶ
1215 2608 1482 2682 ἀργύριον
1537 2610 1605 2664 ἐκ
1651 2610 1932 2683 συμϐολῆς

339 2697 745 2769 συναγαγόντες
769 2738 785 2764 ,
816 2699 911 2752 καὶ
937 2697 1028 2753 διὰ
1076 2701 1276 2774 χειρῶν
1317 2701 1676 2776 ἀνθρωπίνων
1706 2693 1954 2758 ἀνειδωέ

335 2792 733 2864 λοποιήσαντες
767 2809 783 2824 ·
828 2787 913 2856 οἷς
944 2794 1040 2848 καὶ
1067 2799 1397 2867 προσκυνεῖν
1437 2797 1539 2851 οὑκ
1579 2796 1928 2870 αἰσχύνεσθε,

343 2886 482 2957 μήτε
519 2884 777 2957 βαδίζειν,
815 2886 953 2958 μήτε
1004 2888 1273 2942 κινεῖσθαι
1306 2888 1556 2954 δυνατοῖς
1583 2884 1757 2957 οὖσιν,
1812 2890 1930 2946 ἀλλ’

339 2977 428 3030 ἐπ’
457 2975 624 3047 ῶμων
657 2977 1015 3049 φερομένοις,
1057 2978 1155 3032 καὶ
1200 2978 1291 3049 ὑφ’
1335 2978 1540 3051 ἐτέρων
1568 2978 1931 3052 ὠθουμένοις,

341 3069 441 3123 καὶ
477 3069 600 3140 μήτ’
633 3069 885 3134 ἀκούειν,
933 3071 1060 3143 μήτ’
1107 3072 1307 3137 αὐτοὺς
1355 3071 1552 3137 σώζειν
1589 3072 1932 3146 δυναμένοις.

342 3159 569 3262 τούτοις
600 3160 787 3232 ὅμοιον
814 3161 960 3234 κάμὲ
993 3157 1136 3217 εἶναι
1162 3160 1482 3233 ἐλογίσασθε
1506 3201 1523 3229 ,
1572 3161 1652 3228 ὡς
1695 3162 1796 3228 τὰς
1825 3163 1932 3235 ψυ-
1957 3200 2003 3262 c

343 3254 449 3327 χάς
474 3256 885 3329 πεπηρωμένοι.

292 3404 315 3419 ,
423 3368 444 3402 ι
484 3348 779 3422 Μνήσθητε
804 3349 1000 3411 ταῦτα.
1018 3350 1114 3406 καὶ
1126 3350 1441 3420 στενάξατε.
1456 3352 1864 3424 Μετανοήσατε,
1879 3352 1931 3407 ol

344 3442 786 3515 πεπλανημένον
809 3444 1175 3518 ἐπιστρέψατε
1194 3448 1262 3518 τῇ
1282 3444 1505 3520 καρδίᾳ,
1530 3446 1628 3500 καὶ
1655 3444 1935 3519 μνήσθητε

343 3534 415 3590 τά
432 3535 793 3608 πρότεραάπὸ
819 3536 913 3591 τοῦ
929 3537 1146 3603 αἰῶνος·
1167 3539 1251 3593 ὅτι
1278 3538 1390 3609 ὲγὼ
1415 3539 1533 3611 είμι
1553 3539 1583 3594 ό
1616 3536 1753 3603 Θεὸς
1771 3579 1788 3604 ,
1834 3538 1935 3594 καὶ

341 3627 445 3681 οὐκ
472 3626 623 3681 ἐστιν
655 3627 738 3682 ἔτι
788 3627 930 3701 πλὴν
968 3628 1105 3701 ἐμοῦ
1125 3646 1141 3662 ’
1174 3629 1527 3700 ἀναγγέλλων
1560 3629 1828 3703 πρότερον
1862 3628 1937 3684 τὰ

343 3718 552 3792 ἔσχατα
571 3721 701 3793 πρὶν
717 3720 993 3790 γενέσθαι’
1009 3722 1104 3777 καὶ
1115 3722 1233 3796 ἅμα
1244 3722 1622 3795 συνετελέσθη.
1646 3741 1668 3777 ι
1692 3721 1867 3778 Τοῦτο
1875 3722 1935 3778 δὲ

351 3828 610 3886 μέγιστον
621 3810 933 3886 ἀνθρώποις
947 3812 1246 3886 μαρτύριον
1254 3811 1344 3869 διὰ
1354 3813 1463 3868 τῶν
1475 3812 1716 3885 ἐμαυτοῦ
1729 3829 1940 3886 προφη-

347 3905 459 3961 τῶν
498 3905 953 3979 παρεστησάμην,
987 3904 1059 3960 τά
1106 3904 1369 3978 μέλλοντα
1414 3904 1704 3970 θεσπίσας,
1737 3906 1834 3959 καὶ
1865 3904 1935 3960 τά

353 4001 587 4071 μακροῖς
609 3998 839 4071 ὕστερον
860 3998 1074 4071 χρόνοις
1092 3997 1437 4070 γενησόμενα
1458 3995 1650 4051 εἰπών’
1673 3994 1711 4052 ἀ
1741 3998 1838 4051 καὶ
1866 3997 1937 4052 δι’

348 4088 527 4162 ἔργων
552 4089 859 4157 ἐξετέλεσα.
884 4109 903 4142 ι
921 4089 1033 4144 Kal
1044 4084 1193 4143 elm'
1212 4082 1413 4160 nam.
1430 4088 1591 4161 βουλὴ
1626 4105 1729 4161 μου
1744 4087 1939 4160 στήσε-

346 4200 438 4238 ται
462 4220 480 4248 ,
506 4182 603 4237 καὶ
616 4183 798 4239 πάντα
816 4184 920 4238 ὅσα
950 4180 1311 4255 βεδούλευμαι
1329 4181 1558 4255 ποιήσω.
1592 4200 1610 4234 ι
1639 4181 1750 4236 Καὶ
1778 4176 1943 4246 αὖθις

347 4267 648 4324 ὲπιτελέσω
697 4270 810 4334 τοῖς
842 4267 1055 4324 ἐπιοῦσι
1103 4268 1338 4341 χρόνοις.
1368 4268 1480 4322 Kal
1508 4267 1691 4321 πάντα
1716 4268 1818 4322 ὅσα
1846 4265 1937 4339 βε·-

349 4361 647 4435 6ούλευμαι
690 4363 785 4418 καὶ
823 4361 1002 4437 ὥρισα
1029 4403 1046 4429 ,
1100 4362 1388 4435 ἀραρότως
1414 4361 1749 4432 γενήσεται,
1799 4358 1936 4431 ἐμοῦ

347 4454 503 4519 τέλος
525 4454 889 4528 ἑπιθήσαντος
913 4458 1029 4519 τοῖς
1057 4452 1298 4527 ἐμαυτοῦ
1326 4453 1507 4524 λόγοις
1529 4469 1543 4483 ·
1576 4453 1665 4508 ὅτε
1693 4452 1790 4507 καὶ
1819 4450 1938 4525 βού-

2026 1949 2140 2005 net,
2168 1955 2273 1996 non
2310 1938 2726 1996 movebitur:et
2749 1938 2797 1994 si
2831 1938 2956 2010 quis
2979 1935 3301 1994 clamaverit
3325 1938 3394 1993 ad
3424 1937 3624 2010 ipsum,

2025 2048 2132 2090 non
2169 2033 2471 2090 exaudiet:
2501 2048 2531 2088 a
2580 2031 2740 2088 malis
2801 2047 2909 2089 nou
2953 2031 3209 2087 liberabit
3267 2045 3417 2088 eum.
3451 2050 3472 2086 ι
3511 2032 3625 2090 Vos

2025 2141 2153 2182 vere
2181 2124 2417 2196 cogitate
2448 2124 2504 2181 in
2531 2134 2795 2195 quantam
2841 2123 2937 2181 Dei
2969 2122 3311 2180 inimicitiam
3348 2134 3403 2178 et
3429 2122 3626 2194 impie-

2029 2226 2195 2273 tatem
2225 2216 2564 2283 decideritis,
2609 2216 2737 2273 dum
2778 2217 2868 2283 iis,
2899 2216 2990 2288 qui
3045 2230 3173 2273 vere
3200 2215 3274 2272 dii
3327 2232 3432 2273 nou
3470 2226 3620 2284 sunt,

2028 2324 2116 2366 me
2161 2310 2399 2367 similem
2439 2309 2644 2377 facere,
2686 2317 2746 2366 et
2782 2308 3042 2367 deitatem
3091 2324 3267 2367 meatu
3294 2309 3451 2367 nihili
3484 2324 3625 2379 pen-

2026 2402 2158 2458 dere
2184 2401 2303 2459 ausi
2350 2402 2522 2471 estis;
2565 2417 2631 2460 ac
2660 2402 2956 2459 commenti
2989 2402 3128 2459 estis
3171 2417 3260 2458 me
3312 2402 3626 2459 inanimatae

2028 2496 2277 2552 materiae
2300 2509 2488 2567 parem
2520 2509 2647 2552 esse
2677 2508 2696 2548 :
2725 2508 2919 2551 aurum
2959 2504 3016 2551 et
3047 2504 3335 2567 argentum
3363 2510 3431 2551 ex
3462 2505 3626 2567 pacto

2028 2597 2448 2660 congregantes,
2499 2586 2894 2660 hominumque
2953 2587 3206 2645 manibus
3255 2587 3409 2644 idola
3456 2587 3627 2644 labri-

2029 2690 2221 2739 cautes
2247 2700 2262 2738 :
2286 2697 2410 2754 qua:
2459 2682 2692 2739 adorare
2725 2695 2832 2738 non
2882 2680 3242 2749 erubescitis;
3274 2696 3401 2737 cum
3442 2691 3623 2739 tamen

2030 2789 2209 2847 neque
2258 2772 2565 2842 ambulare,
2624 2787 2803 2844 neque
2842 2786 2905 2829 se
2940 2771 3063 2829 loco
3101 2786 3324 2828 movere
3363 2772 3622 2840 valeant,

2029 2867 2128 2924 sed
2156 2865 2405 2924 humeris
2445 2873 2751 2939 gestentur,
2780 2873 2838 2921 et
2869 2864 2939 2920 ab
2989 2864 3114 2920 aliis
3161 2873 3431 2936 agantur;
3464 2866 3538 2921 ita
3566 2876 3627 2922 ut

2031 2975 2210 3032 neque
2237 2960 2485 3027 audiant,
2534 2972 2714 3031 neque
2740 2971 2869 3016 sese
2904 2956 3050 3015 tueri
3098 2958 3334 3030 possint.
3392 2957 3491 3015 llis
3538 2966 3630 3017 ine

2032 3068 2249 3127 quoque
2281 3053 2515 3111 similem
2554 3066 2677 3110 esse
2701 3051 3020 3125 {cogitastis,
3049 3059 3238 3124 utpote
3281 3052 3482 3111 animis
3525 3052 3630 3111 ob-

2034 3146 2248 3205 caecati.

2106 3332 2274 3390 Vens.
2306 3331 2463 3388 8-l0.
2499 3348 2520 3385 ι
2557 3329 2887 3388 Mementote
2912 3328 3165 3398 istorum,
3185 3336 3243 3385 et
3268 3327 3627 3400 ingemiscite.

2033 3424 2424 3483 Paenitentiam
2469 3425 2616 3496 agite
2639 3422 2735 3494 qui
2765 3422 2997 3479 erratis.
3022 3419 3415 3478 Convenimini
3440 3421 3630 3488 corde,

2034 3530 2089 3575 et
2117 3526 2454 3576 mementote
2506 3517 2750 3589 priorum
2807 3529 2840 3569 a
2887 3512 3132 3572 saeculo:
3171 3513 3300 3583 quia
3350 3526 3452 3584 ego
3504 3526 3629 3568 sum

2033 3611 2198 3678 Deus.
2216 3621 2273 3668 et
2298 3625 2407 3667 non
2423 3620 2508 3666 est
2532 3608 2673 3665 alius
2704 3615 2905 3679 praeter
2932 3621 3059 3663 me:
3086 3605 3417 3661 annuntians
3443 3605 3630 3662 novis-

2035 3705 2173 3762 sima
2212 3711 2505 3774 antequam
2557 3701 2705 3767 sint;
2747 3709 2805 3756 et
2844 3697 3005 3756 simul
3049 3695 3417 3769 complentur.
3456 3714 3478 3751 ι
3512 3695 3631 3766 Hoc

2043 3797 2339 3853 maximum
2404 3793 2716 3851 hominibus
2769 3790 3140 3849 testimonium
3190 3802 3289 3861 per
3333 3789 3632 3861 prophetas

2039 3902 2192 3945 meos
2221 3886 2452 3958 praebui,
2511 3902 2637 3942 cum
2669 3884 2852 3941 futura
2887 3883 3213 3940 vaticinatus
3243 3897 3385 3948 sum,
3415 3891 3474 3940 et
3505 3897 3632 3954 qua

2038 3983 2312 4039 diuturnis
2350 3989 2539 4053 postea
2570 3979 2909 4050 temporibus
2933 3986 3165 4034 ventura
3193 3987 3356 4034 erunt
3376 3976 3632 4049 prmdixi,

2039 4075 2363 4146 etoperibus
2373 4083 2665 4132 exsecutus
2685 4087 2828 4129 sum.
2850 4090 2870 4125 ι
2896 4072 2961 4128 Et
2983 4070 3117 4137 dixi,
3139 4069 3316 4128 Omne
3337 4068 3627 4127 consilium

2041 4183 2221 4224 meum
2252 4168 2444 4236 stabit,
2472 4176 2529 4224 et
2560 4165 2745 4223 omnia
2792 4177 3134 4237 quacunque
3199 4154 3498 4219 deliberavi
3543 4160 3634 4217 ln-

2039 4260 2203 4330 ciam;
2240 4278 2261 4314 ι
2286 4269 2453 4332 atque
2489 4259 2688 4316 iterum
2711 4273 2776 4314 ea
2806 4256 3091 4328 complebo
3110 4256 3164 4312 in
3195 4255 3392 4312 tuturis
3423 4265 3635 4326 tempo-

2042 4352 2225 4421 ribus;
2273 4363 2330 4410 et
2366 4366 2705 4425 quaecunque
2758 4350 3056 4407 deliberavi
3106 4363 3172 4404 ac
3216 4347 3462 4415 decrevi,
3502 4361 3632 4402 con-

2040 4456 2300 4521 gruenter
2329 4446 2602 4515 evenient,
2630 4459 2719 4501 me
2746 4443 2912 4500 dictis
2937 4441 3075 4498 meis
3102 4442 3263 4497 linem
3302 4448 3357 4495 et
3384 4436 3627 4507 comple-

349 4546 515 4619 λομαι
538 4586 556 4609 ,
607 4546 700 4602 διὰ
727 4547 825 4602 τοῦ
862 4547 1050 4602 καλεῖν
1092 4548 1221 4610 τοὺς
1266 4545 1511 4619 ἐμαυτοῦ
1536 4544 1815 4617 ὑπηρέτας
1862 4544 1932 4599 δι’

2042 4551 2282 4597 mentum
2309 4546 2614 4596 statuente:
2637 4538 2800 4609 idque
2819 4551 2930 4608 quo
2948 4545 3196 4604 tempore
3240 4531 3471 4595 iubebit,
3497 4544 3632 4586 evo-

350 4639 515 4712 ἀέρος
543 4638 876 4711 φερομένους
904 4638 1110 4711 ὀρνέων
1135 4638 1230 4692 καὶ
1263 4636 1531 4692 πετεινῶν
1566 4634 1723 4708 δίκην
1743 4651 1757 4665 ⁸
1788 4635 1933 4706 λέγω

349 4728 417 4802 δὴ
449 4729 550 4792 τὰς
573 4727 874 4798 ἀγγελικάς
898 4727 1156 4800 δυνάμεις
1176 4728 1273 4782 καὶ
1301 4728 1371 4782 τὰ
1396 4725 1745 4799 λειτουργικά
1775 4725 1941 4781 πνεύ-

354 4838 500 4893 ματα
528 4818 597 4875 τὰ
623 4821 706 4886 είς
729 4820 1007 4876 διακονίαν
1034 4818 1499 4891 ἀποστελλόμενα.

428 4966 448 5001 ι
485 4947 684 5005 Καλῶν
732 4946 841 5002 ἀπὸ
890 4945 1167 5001 ἀνατολῶν
1203 4943 1451 5000 πετεινδν
1471 4984 1487 5009 ,
1542 4943 1640 4999 καὶ
1687 4944 1797 5000 ἀπὸ
1835 4943 1941 5017 γῆς

350 5040 639 5114 πόρρωθεν
660 5055 675 5071 ⁸
711 5038 842 5111 περὶ
864 5030 941 5094 ὧν
976 5036 1340 5109 βεϐούλευμαι
1368 5034 1643 5107 ἐλάλησα·
1676 5034 1770 5089 καὶ
1801 5034 1941 5107 ἠγα-

350 5151 471 5205 γον,
509 5132 700 5187 ἐκτισα
733 5131 827 5185 καὶ
862 5130 1115 5201 ἐποίησα.
1157 5129 1403 5197 Ἤγαγον
1433 5127 1634 5191 αὑτὸν,
1670 5126 1766 5181 καὶ
1804 5124 1946 5180 εὐώ-

351 5227 506 5281 δωσα
566 5226 667 5299 τὴν
701 5224 819 5279 ὁδὸν
864 5223 1052 5279 αὐτοῦ.
1097 5221 1392 5277 Ἀκούσατέ
1422 5239 1547 5292 μου,
1585 5221 1635 5275 οί
1665 5217 1942 5275 ἀπολωλε-

355 5317 516 5380 κότες
539 5315 637 5389 τὴν
665 5315 915 5389 καρδίαν,
957 5315 1007 5367 οἱ
1038 5312 1254 5385 μακρὰν
1284 5312 1394 5366 ἀπὸ
1427 5313 1528 5383 τῆς
1566 5309 1937 5382 δικαιοσύνης.

358 5406 605 5477 Ἤγγισα
628 5404 728 5478 τὴν
751 5402 1101 5475 δικαιοσύνην
1135 5421 1259 5475 μου,
1293 5402 1387 5457 καὶ
1409 5403 1511 5475 τὴν
1539 5401 1812 5473 σωτηρίαν
1836 5400 1937 5474 τὴν

353 5501 488 5573 παρ’
513 5498 649 5572 ἐμοῦ
665 5499 728 5553 οὐ
755 5495 1022 5570 βραδυνῶ.
1053 5494 1273 5551 Δέδωκα
1303 5496 1365 5549 ὲν
1387 5493 1524 5548 Σιὼν
1551 5492 1835 5565 σωτηρίαν
1859 5491 1938 5566 τῷ

366 5591 589 5665 Ἰσραὴλ
617 5592 697 5655 είς
715 5590 981 5662 δόξασμα.
1029 5607 1048 5640 ι

867 5700 1265 5758 ΚΕΦΔΛΑΙΟΝ
1295 5700 1427 5755 ΜΖ’.

392 5806 397 5809 ’
432 5834 451 5867 ι
491 5814 803 5887 Κατάὁηθι,
848 5811 1071 5867 κάθισον
1107 5811 1199 5866 ἐπὶ
1230 5810 1329 5883 τὴν
1359 5810 1484 5883 γῆν,
1536 5807 1804 5882 παρθένος
1842 5805 1937 5861 θυ-

2044 4649 2176 4692 cans
2224 4634 2502 4690 ministros
2530 4646 2703 4696 meos,
2756 4628 2848 4701 qui
2899 4627 3082 4683 avium
3125 4624 3515 4694 volucrumque
3545 4621 3630 4676 in-

2042 4736 2160 4784 star
2188 4741 2286 4796 per
2315 4740 2499 4782 aerem
2554 4722 2839 4785 feruntur;
2896 4717 3170 4790 angelicas
3205 4715 3331 4770 dico
3374 4714 3627 4775 virtutes,

2041 4829 2100 4875 et
2112 4815 2609 4874 tadmiuistratorios
2628 4811 2853 4885 spiritus
2878 4851 2895 4879 ,
2931 4810 2985 4866 in
3015 4807 3373 4865 ministerium
3407 4803 3628 4861 missos.

2113 4928 2282 4987 Vens.
2308 4930 2497 4987 11-15.
2534 4948 2554 4982 ι
2589 4928 2802 4985 Vocaus
2836 4926 2904 4981 ab
2933 4925 3145 4981 oriente
3173 4920 3473 4987 volucrem,
3504 4928 3562 4977 et
3596 4936 3628 4975 a

2046 5034 2187 5081 terra
2220 5024 2536 5096 longinqua,
2557 5021 2625 5079 de
2649 5019 2848 5093 quibus
2886 5013 3178 5074 deliberavi
3220 5013 3435 5071 locutus
3459 5028 3578 5068 sum
3610 5029 3626 5068 :

2043 5128 2099 5174 et
2127 5117 2349 5185 adduxi,
2385 5116 2566 5173 creavi
2596 5125 2651 5172 et
2679 5114 2806 5171 feci.
2844 5111 2977 5168 Duxi
3024 5124 3172 5173 eum,
3213 5117 3269 5164 et
3306 5121 3625 5180 prosperum

2045 5212 2147 5267 feci
2180 5211 2286 5266 iter
2315 5210 2452 5281 ejus.
2511 5208 2708 5267 Audite
2760 5222 2847 5262 me
2871 5203 2961 5276 qui
3021 5201 3263 5275 periistis
3309 5200 3496 5263 corde,
3533 5198 3624 5269 qui

2044 5303 2204 5376 longe
2237 5302 2371 5360 estis
2400 5318 2429 5357 a
2456 5300 2685 5373 iustitia.
2728 5297 2959 5355 Admovi
3003 5294 3272 5367 Iustitiam
3324 5307 3526 5358 meam,
3570 5301 3626 5345 et

2040 5397 2295 5463 salutem,
2325 5411 2445 5468 quae
2470 5411 2500 5451 a
2528 5409 2614 5451 me
2634 5404 2738 5461 est,
2767 5408 2873 5449 non
2897 5390 3114 5447 tardare
3140 5387 3362 5445 faciam.
3402 5383 3531 5441 Dedi
3563 5383 3618 5439 in

2041 5491 2171 5549 Sion
2206 5489 2435 5548 salutem
2466 5487 2651 5546 lsraeli
2690 5487 2744 5543 in
2771 5484 3021 5558 gloriam.
3067 5501 3088 5537 ι

2593 5690 2823 5751 CAPUT
2881 5689 3090 5747 XLVII.

2118 5806 2280 5864 Vens.
2314 5806 2365 5863 Ι.
2394 5822 2416 5861 ι
2444 5806 2744 5869 Descende.
2782 5805 2915 5866 setle
2961 5817 3127 5876 super
3185 5809 3414 5860 terram.
3471 5795 3629 5868 "irgo
