4130 6400
543 319 651 378 ηπ

1226 322 1500 380 EUSEBII
1537 321 2018 386 CESARIENSIS
2056 325 2204 382 OPP.
2248 326 2431 383 PARS
2468 327 2559 385 III.
2600 359 2669 370 -—
2708 329 3124 388 EXEGETICA.
3716 334 3822 387 ριει

539 442 649 497 illi:
688 441 998 514 Babylonis.
1039 440 1190 498 illic
1219 459 1318 499 ceu
1357 457 1647 515 personam
1699 449 1990 518 quamdam
2041 465 2112 505 re

2233 448 2413 521 γάτηρ
2440 450 2776 515 Βαϐυλῶνος.
2821 472 2840 504 ι
2883 452 3391 525 Προσωποποιεῖται
3419 453 3476 508 δὲ
3518 452 3576 509 ἐν
3610 455 3822 522 τούτοις

536 551 702 605 gnum
730 552 922 591 eorum
951 536 1262 603 alloquitur,
1301 539 1446 608 quod
1481 539 1647 593 etiam
1699 539 1864 595 filiam
1905 541 2134 613 Babylo-

537 627 626 684 nis
649 638 851 684 vocat:
885 627 1148 698 virginem
1201 631 1330 684 item
1375 641 1560 696 vocat,
1601 633 1745 702 quod
1791 634 2019 704 virginis
2048 637 2130 690 in-

535 730 671 785 star,
709 719 1044 775 ornamentis
1071 730 1126 775 et
1152 721 1350 778 decore
1383 721 1606 793 fulgeat,
1649 725 2131 798 velitquejuvenis

535 819 588 864 et
628 811 804 882 puella
849 812 1020 867 videri
1077 829 1141 866 ac
1193 815 1521 871 existimari.
1579 815 1720 873 Hinc
1759 834 1903 884 eam,
1941 836 2037 875 ceu
2077 822 2127 876 in

533 901 750 957 sublimi
793 903 911 958 loco
939 903 1242 972 sedentem,
1285 920 1512 976 surgere
1552 907 1709 976 jubet
1755 923 1819 964 ac
1839 910 1907 965 de
1933 911 2129 967 throno

531 1009 632 1049 suo
662 994 1013 1060 descendere,
1049 1007 1214 1065 atque
1269 998 1419 1052 humi
1468 1000 1682 1064 sedere,
1743 1016 1807 1056 ac
1840 1003 2130 1073 turpitudi-

531 1101 656 1141 nem
697 1087 940 1141 revelare
983 1103 1160 1159 suam,
1198 1103 1362 1160 quam
1405 1106 1472 1146 ex
1514 1090 1604 1146 illa
1649 1093 1703 1148 in
1735 1094 1976 1150 deterius
2009 1111 2129 1151 mu-

533 1179 737 1234 tatione
766 1179 1023 1249 patietur.

612 1377 767 1419 tsas.
800 1363 858 1427 2,
891 1365 947 1419 5.
987 1382 1007 1417 ι
1044 1363 1185 1420 Sede
1217 1366 1271 1419 in
1322 1374 1491 1433 terra,
1545 1366 1652 1422 illia
1687 1366 2065 1423 Chaldaeorum
2106 1384 2122 1422 :

527 1457 718 1527 accipe
750 1455 973 1522 molam,
1005 1465 1060 1511 et
1093 1457 1234 1513 mole
1279 1458 1538 1516 farinam.
1576 1459 1781 1515 Revela
1813 1459 2123 1529 operimen-

527 1558 643 1603 tum
681 1559 853 1613 tuum,
886 1549 1077 1620 detege
1109 1565 1296 1616 canos,
1330 1551 1542 1606 denuda
1581 1551 1764 1616 tibias,
1824 1551 1992 1606 transi
2024 1549 2124 1605 Ilu-

525 1641 665 1697 vios.
701 1660 721 1695 ι
757 1641 1030 1710 Deposita,
1059 1642 1254 1712 inquit,
1291 1643 1435 1712 regia
1465 1641 1550 1696 illa
1588 1641 1888 1712 voluptate,
1911 1641 2123 1696 ancillae

527 1734 703 1790 instar
723 1750 1044 1789 aerumnosae
1065 1749 1131 1789 ac
1153 1733 1309 1789 molae
1331 1734 1644 1799 servientis,
1670 1734 1737 1788 ad
1773 1733 2120 1788 serviendum

2235 542 2334 613 τὴν
2379 541 2656 613 βασιλείαν
2709 545 2911 610 αὐτῶν,
2957 543 3234 614 θυγατέρα
3265 547 3588 615 Βαϐυλῶνος
3623 552 3825 624 ὀνομά-

2232 633 2341 698 ζων
2371 634 2543 705 αὑτήν
2570 653 2582 664 ·
2619 635 2779 690 καλεῖ
2825 637 2884 691 δὲ
2925 639 3094 709 αὐτὴν
3131 639 3226 694 καὶ
3268 641 3573 712 παρθένον,
3627 645 3716 699 διὰ
3761 647 3816 702 τὲ

2230 726 2563 798 ὡραϊζεσθαι
2592 729 2686 782 καὶ
2723 729 3164 796 καλλωπίζεσθαι
3192 732 3468 803 παρθένου
3492 735 3667 807 δίκην,
3706 738 3818 809 βού-

2229 818 2414 873 λεσθαί
2439 837 2497 874 τε
2520 820 2974 889 φαίνεσθαινέαν,
3001 824 3095 877 καὶ
3123 824 3292 896 κόρην
3319 822 3456 880 εἶναι
3480 830 3814 900 νομίζεσθαι.

2228 907 2343 965 Εἶθ’
2374 913 2450 978 ὼς
2483 914 2541 965 ὲν
2575 913 2700 985 ὕψει
2726 914 3069 986 καθημένην,
3103 917 3455 990 διαναστῆναι
3480 922 3617 992 αὐτῇ
3657 941 3821 994 προσ-

2225 1002 2412 1058 τάττει
2439 1005 2536 1059 κα)⁸
2578 1006 2889 1076 καταϐῆναι
2937 1008 3046 1061 ἀπὸ
3086 1007 3182 1063 τοῦ
3232 1011 3434 1084 ἑαυτῆς
3459 1013 3672 1084 θρόνου,
3723 1019 3819 1070 καὶ

2225 1095 2559 1166 καθεσθῆναι
2592 1097 2687 1151 ἐπὶ
2723 1099 2822 1169 τῆς
2858 1099 2984 1169 γῆς,
3029 1101 3124 1154 καὶ
3155 1102 3476 1173 ἀποκρύψαι
3497 1105 3696 1178 ἑαυτῆς
3717 1109 3821 1181 τὴν

2225 1187 2631 1260 ἀσχημοσύνην,
2667 1192 2735 1263 ήν
2751 1192 2996 1246 πείσεται
3028 1195 3091 1247 ὲκ
3117 1195 3215 1266 τῆς
3242 1196 3335 1249 ἐπὶ
3366 1198 3426 1251 τὸ
3448 1201 3627 1271 χεῖρον
3651 1218 3819 1272 μετα-

2225 1279 2388 1352 ϐολῆς

2301 1391 2319 1422 ι
2356 1371 2596 1425 Κάθισον
2624 1375 2707 1436 είς
2743 1372 2843 1444 τὴν
2894 1375 3015 1444 γῆν,
3063 1374 3300 1448 θύγατερ
3329 1378 3608 1432 Χαλδαίων
3639 1397 3653 1410 ·
3682 1380 3813 1434 λάϐε

2227 1464 2413 1538 μύλον,
2462 1465 2654 1520 ἄλεσον
2713 1465 2960 1539 ἄλευρον.
3033 1469 3404 1539 Ἀποκάλυψαι
3447 1471 3508 1523 τὸ
3571 1474 3815 1526 κατακα-

2223 1557 2414 1629 λυμμά
2447 1573 2565 1620 σου.
2612 1558 2956 1629 ἀνακάλυψαι
3009 1560 3108 1625 τάς
3169 1560 3381 1627 πολιὰς,
3435 1562 3678 1636 ἀνάσυρε
3712 1567 3810 1631 τὰς

2223 1651 2458 1721 κνήμας,
2488 1647 2702 1722 διάϐηθι
2726 1651 3022 1723 ποταμούς.
3061 1671 3079 1704 ›
3117 1653 3476 1727 Ἀποθεμένη,
3514 1658 3674 1728 φησὶ,
3710 1659 3809 1729 τὴν

2224 1741 2510 1813 βασιλικὴν
2556 1743 2774 1815 ἐκείνην
2811 1745 3060 1816 τρυφὴν,
3102 1744 3442 1818 θεραπαίνης
3474 1749 3672 1820 τρόπον
3707 1769 3805 1803 κα-

526 1827 765 1882 dominis
799 1827 906 1882 tuis
938 1836 990 1881 te
1035 1835 1319 1897 apparatu.
1377 1827 1726 1894 Acceptaque
1774 1823 1938 1884 mola.
1972 1824 2112 1878 mole

2217 1831 2487 1896 κοπαθοῦς
2508 1849 2654 1896 τινος
2681 1835 2773 1886 καὶ
2800 1834 3134 1906 μυλωθρίδος
3160 1837 3579 1907 παρασκεύασον
3606 1825 3807 1910 σεαυτῇ

527 1920 623 1985 ibi,
654 1918 760 1975 hac
791 1920 922 1974 dura
946 1927 1001 1974 et
1023 1918 1292 1974 laboriosa
1332 1917 1597 1974 servitute
1620 1932 1741 1970 cum
1773 1915 1996 1987 pristina
2026 1931 2119 1969 vo-

527 2016 736 2085 luptate
765 2021 1218 2069 commutata.....

597 2280 765 2336 Vens.
801 2279 856 2337 6.
898 2297 918 2331 ι
952 2279 1125 2334 iratus
1175 2293 1295 2334 sum
1358 2288 1548 2334 contra
1599 2279 1854 2351 populum
1909 2294 2112 2347 meum,

525 2373 911 2428 contaminasti
965 2372 1338 2426 hereditatem
1367 2385 1564 2426 meam.
1607 2371 1734 2442 .Ego
1773 2370 1893 2425 dedi
1942 2385 2036 2424 eos
2061 2371 2112 2425 in

523 2481 743 2520 manum
801 2475 947 2520 tuam
978 2481 994 2520 :
1026 2475 1082 2520 tu
1114 2473 1247 2519 vero
1281 2478 1389 2519 non
1429 2462 1623 2518 dedisti
1673 2463 1754 2517 eis
1806 2461 2114 2516 misericor-

522 2560 689 2615 diam.
729 2577 752 2613 ι
785 2557 915 2614 Haec
953 2559 1154 2629 quippe
1185 2566 1304 2614 erat
1350 2555 1634 2627 disciplina
1684 2564 1799 2622 tua,
1839 2569 1944 2626 qua
1987 2568 2115 2609 eru-

523 2645 762 2709 diebaris
787 2666 817 2706 a
853 2651 1125 2724 principio
1161 2650 1448 2722 temporis,
1477 2658 1532 2704 et
1556 2664 1586 2702 a
1607 2648 1895 2719 iuventute
1926 2662 2110 2702 tua....

1061 2805 1294 2863 CAPUT
1329 2804 1539 2861 XLVIII
1607 2826 1624 2841 -

591 2919 758 2976 Vens.
797 2921 852 2987 ι,
881 2919 938 2974 2.
971 2938 990 2972 ι
1027 2919 1227 2974 Audite
1261 2919 1402 2985 haec,
1442 2920 1639 2973 domus
1667 2916 1864 2984 Iacob,
1887 2916 1982 2988 qni
2013 2931 2109 2970 vo-

519 3012 718 3069 cnmiui
750 3013 973 3067 nomine
1001 3010 1169 3065 Israel
1190 3051 1206 3076 ,
1251 3018 1302 3064 et
1355 3009 1549 3064 existis
1575 3024 1643 3064 ex
1665 3008 1808 3066 Juda
1831 3049 1847 3072 ,
1875 3009 1968 3079 qui
2018 3008 2106 3080 ju-

521 3104 658 3161 ratis
683 3104 737 3160 in
767 3104 990 3158 nomine
1015 3102 1230 3158 Domini
1262 3103 1357 3158 Dei
1403 3100 1610 3170 Israel,
1637 3101 1734 3173 qui
1777 3102 2110 3157 recordami-n

2218 1925 2490 1978 δουλεύειν
2531 1928 2643 1988 τοῖς
2693 1927 2897 1998 ἑαυτῆς
2923 1927 3234 1993 δεσπόταις.
3269 1929 3450 1983 Μύλον
3474 1929 3672 2002 δηλαδὴ
3714 1949 3811 1984 u-

2219 2018 2410 2082 ϐοῦσα,
2455 2021 2512 2072 ὲν
2562 2019 2712 2091 αύτῷ
2745 2019 2958 2085 ἀλεσον,
2993 2020 3091 2094 τήν
3149 2020 3393 2094 σκληρὰν
3439 2023 3666 2096 ταύτην,
3715 2041 3813 2077 και

2219 2111 2480 2164 ἐπίπονον
2510 2111 2753 2182 θητείαν,
2785 2113 2884 2184 τῆς
2914 2113 3081 2167 πάλαι
3113 2117 3326 2186 τρυφῆς
3354 2116 3813 2184 ἀντικαταλλαξο.ο

2222 2204 2434 2275 μένη...

2293 2315 2310 2345 ι
2352 2296 2717 2368 Παρωξύνθην
2753 2297 2844 2350 ἐπὶ
2869 2296 2947 2368 τῷ
2977 2296 3092 2369 λαῷ
3124 2315 3248 2369 μου,
3290 2299 3520 2369 ὲμίανας
3547 2301 3646 2373 τὴν
3672 2303 3809 2375 κλη-

2217 2389 2475 2459 ρονομίαν
2501 2407 2623 2460 μου.
2664 2389 2805 2458 Ἐγὼ
2823 2389 3000 2444 ἔδωκα
3022 2391 3220 2455 αὐτοὺς
3245 2393 3326 2456 είς
3352 2393 3451 2466 τὴν
3477 2395 3636 2465 χεῖρά
3667 2411 3762 2449 σου
3790 2411 3802 2424 ·

2217 2481 2281 2534 σὺ
2310 2480 2366 2533 δὲ
2394 2482 2495 2534 οὐκ
2529 2481 2737 2546 ἔδωκας
2760 2483 2946 2547 αὐτοῖς
2986 2483 3153 2546 ἔλεος.
3194 2503 3212 2534 ι
3259 2481 3446 2539 Ταῦτα
3474 2487 3582 2558 γὰρ
3614 2487 3706 2540 σοῦ
3735 2483 3806 2560 ἦν

2211 2568 2280 2622 τά
2306 2569 2624 2642 μαθήματα,
2658 2572 2694 2626 ἃ
2725 2572 3026 2645 ἐμάνθανες
3061 2574 3120 2638 ἐξ
3149 2574 3326 2646 ἀρχῆς
3357 2577 3585 2648 χρόνων,
3618 2579 3713 2632 καὶ
3740 2581 3806 2633 ὲκ

2213 2659 2464 2731 νεότητός
2502 2678 2617 2716 σου.
2629 2703 2640 2716 .
2653 2703 2666 2717 .

2719 2821 3119 2879 ΚΕΦΑΛΑΙΟΝ
3150 2827 3289 2880 ΜΗ’.

2287 2945 2307 2978 ι
2357 2928 2651 2986 Ἀκούσατε
2688 2932 2882 3000 ταῦτα,
2922 2932 3072 3001 οἶκος
3133 2938 3348 3003 Ἰακὼϐ,
3383 2941 3432 2994 oi
3473 2941 3802 3014 κεκλημένοι

2209 3019 2303 3075 ἐπὶ
2348 3021 2427 3093 τῷ
2473 3024 2697 3097 ὀνόματι
2757 3029 2992 3102 Ἰσραὴλ,
3029 3032 3124 3084 καὶ
3159 3031 3218 3099 ἐξ
3261 3034 3432 3088 ’ἰούδα
3468 3034 3800 3103 ἐξελθόντες,

2211 3114 2262 3165 oi
2293 3113 2592 3184 ὀμνύοντες
2638 3117 2717 3189 τῷ
2749 3121 2976 3191 ὀνόματι
3007 3123 3210 3194 Κυρίου
3244 3124 3380 3178 Θεοῦ
3432 3127 3668 3200 Ἰσραήλ,
3705 3146 3801 3200 μι-

519 3198 574 3253 ni
601 3236 619 3264 ,
643 3211 750 3252 non
782 3211 906 3252 cum
939 3196 1191 3261 veritate,
1222 3208 1397 3264 neque
1434 3209 1560 3250 cum
1589 3194 1803 3265 justitia
1833 3213 1847 3249 :
1883 3193 1976 3264 qui
2011 3193 2110 3250 ad-

2213 3177 2585 3278 μνησκόμενοι
2611 3177 3157 3284 οὐ”μετ’.ἀληθείας,
3204 3217 3324 3270 οὐδὲ
3358 3177 3772 3289 μετά

520 3289 742 3345 haeretis
790 3286 996 3344 nomini
1055 3285 1294 3343 civitatis
1327 3293 1576 3347 sanctae.
1626 3294 1682 3339 et
1725 3299 1891 3356 super
1934 3285 2104 3340 Deum

515 3361 683 3438 Israel
729 3380 1067 3438 constabiliti
1099 3380 1234 3436 estis
1266 3397 1281 3436 :
1315 3378 1582 3434 Dominus
1629 3377 1872 3434 Sabaoth
1903 3393 2104 3435 nomen

515 3475 614 3532 illi.
650 3493 670 3528 ι
708 3473 1004 3546 Postquam
1049 3487 1114 3528 ea
1142 3486 1264 3544 quae
1292 3470 1552 3542 Babyloni
1580 3509 1597 3537 ,
1639 3486 1705 3526 ac
1737 3469 1933 3526 incolis
1961 3471 2105 3541 regi-

515 3571 725 3642 busque
751 3568 870 3638 ejus
899 3577 1167 3623 eventura
1191 3573 1320 3621 sunt
1349 3563 1740 3636 praenuntiavit
1765 3600 1781 3626 ,
1811 3560 2102 3616 Iudaicum

515 3662 771 3733 populum
814 3661 1114 3733 praemissis
1144 3657 1327 3715 verbis
1371 3659 1626 3729 coarguit
1669 3656 1860 3711 dicens
1895 3675 1909 3710 :
1945 3653 2102 3722 Quod

514 3767 681 3823 penes
705 3769 791 3810 me
813 3752 1032 3823 iustitia
1067 3752 1181 3819 sit,
1219 3752 1336 3806 haec
1383 3749 1655 3806 Chaldaeis
1687 3748 1918 3805 inferam
1943 3788 1959 3814 ,
1994 3762 2101 3803 non

513 3845 658 3917 quod
683 3854 738 3900 tu
777 3845 987 3900 auxilio
1011 3845 1216 3914 dignus
1253 3844 1350 3900 sis.
1376 3843 1445 3899 Et
1465 3843 1580 3898 haec
1611 3843 1909 3914 praedicere
1936 3857 2102 3898 occu-

514 3939 678 4008 pavi,
706 3948 997 4007 antequam
1053 3951 1140 3991 res
1172 3936 1469 4000 eveniant,
1506 3935 1858 4006 prtescientia
1912 3935 2098 3990 divina

512 4029 878 4095 vaticinatus;
918 4039 980 4082 ut
1001 4039 1292 4099 postquam
1334 4029 1403 4083 ad
1441 4043 1555 4084 rem
1590 4037 1646 4083 et
1690 4028 1978 4083 terminum
2006 4029 2101 4084 de-

513 4123 674 4178 ducta
709 4119 911 4175 iuerint
959 4136 1024 4176 ea
1050 4160 1066 4187 ,
1112 4135 1234 4190 qua:
1287 4131 1479 4176 contra
1524 4120 1808 4177 Chaldaeos
1839 4121 2096 4191 pradicta

514 4211 690 4277 fuere,
727 4225 798 4267 ne
824 4213 1017 4268 horum
1053 4226 1274 4268 causam
1306 4213 1374 4268 iis
1398 4252 1415 4281 ,
1441 4227 1581 4284 quos
1615 4215 1749 4271 deos
1786 4214 2092 4281 arbitraris,

511 4302 784 4359 ascribas.

583 4461 749 4519 Vsus.
774 4464 885 4520 5-5.
929 4482 950 4516 ι
986 4463 1178 4521 Priora
1202 4465 1382 4522 adhuc
1415 4467 1760 4535 annuntiavi,
1789 4477 1845 4523 et
1895 4482 1962 4523 ex
1995 4483 2093 4524 ore

508 4569 634 4612 meo
657 4557 1015 4621 exierunteet
1047 4559 1299 4614 auditum
1333 4558 1534 4615 factum
1562 4570 1682 4617 est:
1710 4572 1933 4632 repente
1961 4562 2089 4630 ieci,

505 4657 565 4704 et
585 4657 878 4705 venerunt.
920 4650 1048 4706 Scio
1081 4652 1206 4721 quia
1234 4652 1405 4706 durus
1443 4667 1502 4707 es
1526 4692 1543 4718 ,
1573 4662 1627 4708 et
1655 4669 1854 4708 nervus
1881 4653 2094 4712 ferreus

2206 3316 2338 3370 νηςο
2379 3302 2476 3355 καὶ
2519 3303 2870 3376 ἀντεχόμενοι
2915 3307 2995 3379 τῷ
3044 3309 3270 3378 ὀνόματι
3314 3312 3416 3382 τῆς
3449 3313 3658 3378 πόλεως
3699 3316 3802 3388 τῆς

2207 3391 2390 3460 ἁγίας,
2439 3396 2535 3449 καὶ
2581 3397 2674 3450 ἐπὶ
2713 3398 2793 3470 τῷ
2829 3399 2949 3470 Θεῷ
2995 3402 3213 3474 Ἰσραὴλ
3255 3405 3793 3479 ἀντιστηριζόμενοι·

2205 3483 2413 3555 Κύριος
2441 3487 2670 3542 Σαϐαὼθ
2711 3490 2883 3562 ὅνομα
2915 3492 3085 3565 αύτῷ.
3128 3514 3146 3546 ι
3186 3495 3268 3549 Τά
3299 3499 3701 3571 ἐπελευσόμενα
3727 3505 3795 3574 τῇ

2205 3575 2504 3642 Βαϐυλῶνι,
2538 3582 2652 3642 τοῖς
2683 3597 2743 3633 τε
2777 3583 3058 3655 οἰκήτορσι
3094 3584 3187 3640 καὶ
3234 3591 3348 3652 τοῖς
3383 3587 3661 3659 βασιλεῦσι
3693 3594 3798 3646 αύ-

2201 3665 2298 3736 τῆς
2330 3670 2805 3741 προαναφωνήσας
2837 3673 2866 3725 ὁ
2892 3672 3072 3740 λόγος,
3114 3675 3208 3730 τὸν
3241 3677 3352 3732 τῶν
3388 3680 3656 3736 Ἰουδαίων
3686 3682 3798 3738 ἀπ·-

2202 3757 2410 3829 ελέγχει
2452 3757 2578 3813 λαὸν
2615 3761 2706 3814 διὰ
2740 3763 2850 3817 τῶν
2882 3767 3261 3838 προκειμένων
3292 3771 3538 3839 φάσκων,
3583 3775 3663 3827 ὅτι
3706 3776 3797 3830 διὰ

2199 3847 2262 3900 τὸ
2299 3849 2430 3920 παρ’
2462 3851 2586 3922 ἐμοὶ
2627 3851 2835 3908 δίκαιον
2878 3855 3066 3920 ὲπάξω
3097 3858 3271 3913 ταῦτα
3316 3863 3456 3917 κατά
3497 3864 3605 3918 τῶν
3645 3868 3790 3920 Xa).-

2198 3937 2384 3994 δαίων·
2409 3942 2471 3996 ού
2499 3943 2606 4014 μὴν
2631 3944 2716 3997 ὅτι
2748 3946 2813 3998 σὺ
2839 3944 3094 4018 βοηθείας
3114 3943 3258 4019 ἦσθα
3289 3950 3458 4017 ἄξιος.
3490 3955 3599 4009 Καὶ
3621 3957 3792 4012 ταῦτα

2200 4033 2488 4103 προλαϐὼν
2540 4039 2802 4107 προεῖπον
2853 4039 2986 4109 πρὶν
3035 4041 3291 4108 γενέσθαι
3343 4045 3414 4098 τά
3465 4048 3789 4119 πράγματα,

2199 4127 2506 4199 προγνώσει
2556 4129 2709 4206 θεῖκῇ
2760 4130 3056 4196 θεσπίσας·
3108 4134 3173 4186 ἵν’
3221 4138 3442 4192 ἐπειδὰν
3487 4143 3568 4205 είς
3614 4144 3790 4216 πέρας

2197 4218 2360 4290 ἀχθῇ,
2389 4219 2485 4272 καὶ
2517 4220 2584 4274 δι’
2623 4220 2801 4293 ἔργων
2838 4226 3063 4297 χωρήσῃ
3094 4226 3164 4280 τὰ
3197 4229 3337 4284 κατὰ
3360 4231 3470 4285 τῶν
3503 4234 3788 4291 Χαλδαίων

2195 4311 2672 4382 προηγορευμένα,
2725 4311 2802 4383 μὴ
2848 4307 2931 4378 οἷς
2975 4317 3220 4386 νομίζεις
3267 4319 3409 4383 θεοῖς
3458 4321 3556 4393 τὴν
3605 4326 3790 4380 αἰτίαν

2193 4399 2472 4471 ἀναθείης.

2272 4505 2291 4539 ι
2332 4488 2413 4541 Τὰ.
2441 4489 2686 4560 πρότερα
2715 4489 2793 4543 ἔτι
2827 4492 3143 4564 ἀνήγγειλα,
3173 4497 3268 4550 καὶ
3297 4499 3360 4551 ὲκ
3388 4499 3483 4553 τοῦ
3520 4501 3787 4572 στόματός

2200 4595 2302 4649 μου
2333 4577 2546 4650 ἐξῆλθε,
2577 4579 2671 4632 καὶ
2704 4581 2968 4637 ἀκουστὸν
3000 4585 3236 4652 ἐγένετοο
3273 4589 3500 4654 ἐξάπινα
3529 4592 3782 4664 ἐποίησα.

2196 4673 2293 4725 καὶ
2336 4671 2557 4741 ἐπῆλθε.
2594 4671 2872 4737 Γινώσκω,
2921 4677 3002 4730 ὅτι
3047 4677 3284 4750 σκληρὸς
3327 4676 3398 4746 εἷ,
3453 4684 3548 4737 καὶ
3588 4684 3783 4756 νεῦρον

506 4741 705 4796 collum
735 4750 909 4809 tuum,
933 4753 986 4797 et
1014 4743 1163 4799 frons
1192 4754 1282 4799 tua
1311 4759 1482 4800 :enea.
1530 4746 1594 4800 Et
1633 4749 1950 4803 annuntiavi
1989 4749 2088 4804 tibi

2213 4764 2449 4835 τιδηροῦν
2476 4767 2504 4818 ὁ
2535 4767 2804 4840 τράχηλός
2834 4787 2951 4832 σου,
2997 4771 3092 4824 καὶ
3121 4741 3201 4824 τό.
3226 4741 3475 4842 μέτωπόν
3519 4794 3614 4829 σου
3648 4741 3782 4848 xei.-

508 4843 712 4900 vetera,
746 4845 1040 4905 antequam
1078 4839 1300 4891 veniant
1344 4837 1397 4892 in
1433 4849 1502 4893 te.
1533 4840 1794 4896 Auditum
1828 4842 1924 4897 tibi
1958 4842 2084 4910 feci,

2213 4853 2345 4909 ιοῦν.
2374 4857 2484 4908 Καὶ
2507 4837 2808 4928 ἀνήγγειλά
2835 4877 2915 4912 σοι
2945 4860 3171 4924 παλαιὰ,
3208 4837 3338 4934 πρὶν
3367 4863 3540 4917 ἐλθεῖν
3568 4837 3781 4922 ἐπίανέο

509 4941 576 4979 ue
605 4925 744 4980 forte
785 4926 937 4984 dicas
966 4971 980 4992 ,
1027 4928 1311 5000 Sculptilia
1347 4940 1402 4985 et
1450 4931 1746 4988 conﬂatilia
1790 4935 2082 4990 mandave-

2213 4945 2458 5000 ἱικουστόν
2493 4965 2574 5002 σοι
2597 4925 2849 5022 ἐποίησα,
2880 4954 3089 5023 μήποτε
3121 4925 3281 5027 εἴπης
3305 4996 3319 5019 ,
3347 4958 3428 5010 ὅτι
3459 4959 3539 5011 Τὰ
3565 4959 3782 5028 γλυπτά

506 5028 634 5072 runt
664 5019 816 5074 mihi.
852 5038 871 5072 ι
913 5019 989 5076 Ne
1022 5021 1165 5078 forte
1206 5025 1367 5078 rebus
1407 5024 1790 5081 evenientibus
1817 5067 1832 5093 ,
1875 5036 1930 5082 te
1969 5029 2086 5099 ipse

2213 5037 2284 5089 ta‘t
2315 5037 2384 5090 τὰ
2412 5041 2653 5109 χωνευτά
2695 5019 2994 5097 ἐνετείλατό
3037 5062 3148 5116 μοι.
3182 5065 3199 5097 t
3223 5019 3460 5119 ’Μήποτε
3491 5019 3596 5103 τῶν
3632 5071 3779 5124 πρα-

507 5109 803 5179 decipiens,
833 5124 990 5182 putes
1028 5129 1121 5170 eos
1166 5132 1303 5186 quos
1347 5118 1584 5173 errando
1611 5118 1744 5175 deos
1772 5121 2085 5189 arbitraris,

2213 5129 2414 5197 ’μάτων
2447 5131 2801 5199 ἐπελθόντων,
2837 5135 3062 5190 ἀπατῶν
3095 5139 3309 5204 σαυτὸν,
3342 5142 3469 5205 τοὺς
3501 5143 3780 5216 πεπλανη-

507 5202 622 5256 haec
667 5199 936 5259 eil‘ecisse.
981 5205 1179 5262 Verum
1219 5208 1334 5264 haec
1368 5211 1740 5282 ‘przescientia‘.
1787 5229 1928 5270 mea:
1973 5231 2080 5271 non

2213 5219 2367 5284 ιὲνως
2419 5223 2805 5296 νομιζομένους
2856 5245 2937 5281 σοι
2987 5227 3142 5292 θεοὺς
3191 5233 3590 5304 πεποιημένους
3634 5237 3777 5291 αὐτὰ

507 5291 707 5394 latent,
743 5304 797 5350 te
830 5311 896 5352 ne
937 5315 1004 5354 ex
1037 5299 1120 5355 bis
1162 5303 1381 5372 quidem
1409 5305 1593 5360 verbis
1622 5307 1902 5378 quidpiam
1939 5309 2083 5364 utili-

2213 5291 2494 5383 opicatag.
2541 5291 2686 5389 Πλὴν
2739 5321 2832 5373 καὶ
2881 5320 3040 5373 τοῦτο
3089 5323 3190 5393 τὴν
3231 5291 3469 5394 ὲμὴνμού
3519 5291 3773 5382 λανθάνει

507 5383 634 5440 tatis
698 5399 1079 5460 perceptarum
1139 5408 1282 5448 esse.
1343 5395 1728 5453 Verumtamen
1792 5398 2080 5455 clementia

2213 5403 2516 5474 πρόγνωσιν,
2550 5409 2610 5462 τὸ
2644 5383 2766 5482 μηδ’
2815 5414 2880 5464 ὲκ
2925 5383 3627 5489 τούτων-ὠφεληθήσεσθαι
3660 5421 3775 5477 τῶν

504 5488 681 5534 motus
713 5497 852 5548 mea,
883 5485 1047 5541 etiam
1073 5503 1215 5541 nunc
1247 5487 1536 5554 testilicor,
1569 5505 1634 5545 ac
1675 5491 1940 5547 annuntio
1987 5494 2083 5548 tibi

2213 5496 2378 5565 όγων.
2424 5497 2618 5571 Ὅμως
2652 5502 2695 5554 δ’
2728 5499 2822 5556 οὖν
2858 5505 2953 5557 ἐπὶ
2985 5507 3084 5577 μὲν
3124 5510 3188 5578 τῇ
3232 5485 3430 5562 ἑαυτού
3460 5511 3772 5584 φιλανθρω-

499 5585 586 5636 ea,
621 5588 739 5642 qua:
761 5573 1014 5650 Babyloni
1039 5589 1093 5635 et
1115 5579 1381 5637 Chaldaeis
1413 5590 1465 5638 te
1488 5585 1890 5654 oppugnaturis
1917 5601 2083 5643 even-

2213 5590 2302 5660 είᾳ,
2337 5589 2416 5644 ἔτι
2461 5593 2555 5646 καὶ
2601 5592 2697 5646 νῦν
2743 5573 3114 5669 μαρτύρομαι,
3159 5573 3253 5653 καὶ
3284 5573 3668 5676 διαστέλλομαί
3706 5623 3768 5660 σε

502 5674 620 5721 tura
645 5681 793 5724 sunt.
1321 5753 1326 5760 θ
2179 5679 2247 5734 τὰ
2297 5684 2687 5755 συμϐησόμενα
2734 5689 2800 5757 τῇ
2847 5686 3128 5744 Βαϐυλῶνι
3179 5694 3273 5747 καὶ
3320 5699 3430 5758 τοῖς
3479 5674 3770 5764 Χαλδαίοις

2175 5775 2288 5836 τοῖς
2317 5774 2570 5843 μέλλουσί
2615 5794 2669 5830 as
2701 5781 2972 5834 καταπολε
2986 5786 3125 5852 μεῖν.
