4130 6400
339 328 448 386 ηδ

1225 332 1731 392 ΕΟΜΜΕΝΤΔΒΙΑ
1771 336 1838 394 IN
1875 337 2131 397 ISAIAM.
2170 369 2241 381 -—
2278 341 2431 401 CAP.
2469 343 2705 401 XLVIII.

3478 346 3585 412 £26

413 464 435 499 ι
478 445 777 501 Ἠκούσατε
821 446 1016 511 πάντα,
1059 451 1152 503 καὶ
1187 449 1345 521 ὑμεῖς
1368 451 1469 505 οὐκ
1498 451 1722 521 ἔγνωτε.
1767 423 1905 507 ’Ἀλλ’

2081 455 2246 511 Vens.
2278 455 2399 512 6-8.
2436 478 2455 510 ι
2499 459 2741 514 Audistis
2776 461 2980 527 omnia,
3036 471 3091 517 et
3122 476 3219 519 vos
3247 478 3354 519 non
3378 481 3584 539 cogno-

280 548 283 557 '
337 539 579 595 ἀκουστά
610 556 691 594 σοι
714 540 945 612 ἐποίησα
974 541 1042 595 τά
1069 542 1230 595 καινά
1259 541 1366 597 ἀπὸ
1394 542 1488 596 τοῦ
1523 543 1640 609 νῦν,
1660 544 1698 598 ἃ
1730 544 1913 615 μέλλει

337 630 582 703 γίνεσθαι
600 648 614 661 ο
651 631 745 685 καὶ
767 632 868 686 οὐκ
895 630 1076 697 εἶπας,
1108 633 1222 687 Νῦν
1249 633 1476 704 γίνεται.
1500 634 1598 687 καὶ
1628 634 1689 687 οὐ
1724 634 1911 701 πάλαι,

339 726 432 781 καὶ
463 725 524 779 οὐ
556 724 848 796 προτέραις
880 723 1114 796 ἡμέραις
1146 722 1386 796 ἤκουσας
1410 728 1569 782 αὐτά.
1602 729 1694 799 Μὴ
1727 729 1911 800 εἴπῃς,

337 819 449 873 Ναὶ
493 817 742 886 γινώσκω
778 816 937 870 αὐτά.
980 814 1107 870 Ούτ’
1157 818 1349 889 ἔγνως,
1393 819 1503 873 οὔτ’
1546 821 1779 891 ἠπίστω,
1819 821 1909 873 ὅτε

340 906 435 965 ἀπ’
464 912 639 982 ἀρχῆς
670 907 856 980 ἦνοιξά
888 925 971 963 σοι
1004 908 1072 963 τά
1104 903 1252 963 ὦτα·
1296 912 1465 981 ἔγνων
1504 912 1633 985 γὰρ,
1677 913 1758 966 ὃτι
1789 913 1915 967 ἀθε-

340 1003 448 1056 τῶν
476 1001 776 1073 ἀθετήσεις,
807 1002 902 1054 καὶ
929 1002 1129 1072 ἄνομος
1158 1001 1237 1055 ἔτι
1268 1003 1333 1055 ὲκ
1358 1003 1566 1068 κοιλίας
1591 1003 1857 1077 κληθήσῃ.
1887 1023 1907 1057 ι

340 1092 432 1163 Μὴ
473 1091 581 1163 γὰρ
616 1086 809 1145 σαυτὸν
848 1090 1034 1146 ἀπάτα
1056 1108 1069 1121 ·
1105 1092 1181 1164 μὴ
1218 1088 1364 1162 λέγε,
1398 1094 1481 1148 ὅτι
1524 1097 1618 1149 καὶ
1663 1096 1770 1164 πρὸ
1812 1096 1913 1167 τῆς

340 1183 479 1254 ἐμῆς
503 1182 836 1253 προφητείας
858 1182 1157 1252 ἐγίνωσκες
1187 1172 1329 1239 αὑτά
1343 1202 1357 1216 ο
1380 1185 1544 1239 πόθεν
1558 1187 1667 1258 γάρ
1684 1203 1763 1240 σοι
1782 1204 1915 1259 παρ-

337 1273 405 1347 ῆν
433 1273 605 1328 ταῦτα
639 1272 964 1343 γινώσκειν;
1005 1275 1153 1345 Πλὴν
1178 1275 1328 1330 οὐδέν
1359 1294 1420 1331 σε
1452 1278 1519 1331 ὲκ
1545 1278 1747 1334 τούτων
1771 1278 1914 1349 ὠφε-

336 1365 668 1440 ληθήσεσθαι
695 1366 803 1420 τῶν
822 1366 997 1435 λόγων
1025 1368 1350 1440 πέπεισμαι.

410 1586 434 1622 ι
473 1567 698 1623 Ἕνεκεν
731 1567 825 1623 τοῦ
855 1566 987 1640 ἐμοῦ
1016 1564 1278 1639 ὀνόματος
1305 1568 1464 1636 δείξω
1511 1586 1594 1623 σοι
1621 1566 1711 1624 τὸν
1741 1566 1912 1642 θυμόν

341 1674 463 1729 μου,
491 1660 683 1714 καὶτὰ
713 1655 898 1726 ἐνδοξά
941 1676 1041 1730 μου
1082 1659 1272 1724 ἐπάξω
1311 1659 1405 1714 ἐπὶ
1437 1661 1518 1726 σὲ,
1566 1661 1654 1714 ἵνα
1701 1661 1775 1733 μὴ
1826 1660 1914 1727 eg—

2015 547 2192 603 vistis.
2225 550 2331 604 Sed
2359 551 2543 605 audita
2576 552 2670 607 tibi
2706 551 2806 609 feci
2842 566 2980 608 nova
3027 555 3096 609 ab
3150 556 3253 611 hoc
3299 566 3578 626 tempore,

2014 654 2135 709 qua:
2165 641 2347 694 futura
2376 652 2520 697 sunt.
2556 643 2623 697 Et
2654 660 2760 700 non
2784 644 2997 713 dixisti,
3026 646 3181 703 Nunc
3207 649 3359 716 ﬁunt,
3391 660 3447 706 et
3472 668 3581 710 non

2014 732 2142 786 olim
2169 774 2185 795 ,
2220 742 2275 789 et
2306 749 2411 789 non
2446 735 2500 789 in
2534 737 2781 804 pristinis
2806 737 2996 794 diebus
3027 740 3224 794 audisti
3255 755 3337 795 ea.
3384 741 3466 798 Ne
3502 743 3586 799 di-

2015 839 2131 890 cas,
2161 825 2334 880 Etiam
2375 842 2645 897 cognosco
2675 844 2757 883 ea.
2789 829 2975 900 Neque
3008 834 3202 887 novisti
3229 872 3245 896 ,
3276 850 3449 906 neque
3475 837 3586 891 sci-

2012 916 2135 971 visti
2161 957 2177 982 ,
2202 918 2418 987 quando
2447 934 2476 973 a
2519 920 2790 990 principio
2819 924 3009 990 aperui
3054 924 3149 977 tibi
3182 939 3340 980 aures
3390 942 3405 980 :
3452 928 3615 981 novi”

2012 1006 2157 1061 enim
2193 1009 2338 1078 quod
2354 1011 2726 1078 praevaricans
2766 1013 3231 1080 prtevaricaheris,
3274 1026 3329 1071 et
3362 1016 3581 1087 iniquus

2012 1101 2188 1157 adhuc
2225 1102 2294 1156 ab
2334 1112 2490 1157 utero
2523 1103 2824 1159 vocaberis.
2862 1124 2883 1157 ι
2918 1104 2996 1161 Ne
3033 1108 3262 1176 teipsum
3294 1109 3532 1179 decipias
3562 1126 3578 1164 :

2013 1207 2083 1248 ne
2110 1193 2259 1248 dicas
2300 1203 2357 1249 te
2386 1194 2550 1249 etiam
2598 1203 2722 1249 ante
2748 1197 3089 1266 prophetiam
3120 1213 3294 1254 meam
3334 1199 3446 1257 hac
3473 1202 3585 1257 sel-

2010 1284 2157 1340 visse
2186 1302 2200 1340 :
2228 1299 2354 1339 nam
2402 1285 2546 1340 unde
2595 1285 2692 1341 tibi
2740 1287 2856 1343 haec
2886 1289 3127 1345 notitia?
3158 1289 3420 1347 Ceterum
3452 1307 3583 1363 per-

2007 1391 2230 1433 suasum
2264 1377 2440 1435 habeo
2466 1388 2520 1434 te
2551 1394 2619 1435 ex
2652 1379 2803 1435 bisce
2837 1382 3020 1437 verbis
3048 1383 3298 1441 utilitatis
3335 1386 3470 1442 nihil
3494 1401 3583 1444 ac-

2012 1479 2315 1539 cepturum.

2084 1563 2249 1618 Vens.
2286 1561 2338 1617 9.
2368 1581 2388 1615 ι
2422 1561 2655 1634 Propter
2692 1578 2891 1620 nomen
2930 1565 3113 1620 meum
3159 1567 3437 1623 ostendam
3479 1567 3580 1626 tibi

2012 1653 2147 1708 iram
2181 1670 2354 1710 meam
2380 1693 2397 1721 ,
2445 1665 2500 1710 et
2544 1655 2782 1726 gloriosa
2819 1671 2938 1713 mea
2984 1656 3234 1712 inducam
3277 1673 3441 1728 super
3475 1667 3534 1717 ιθ
3559 1702 3577 1728 ,

335 1750 641 1826 ολοθρεύσω
675 1767 754 1804 σε.
786 1771 805 1804 ι
842 1751 1031 1823 Ὅμως
1059 1749 1190 1819 γοῦν
1214 1751 1275 1804 ού
1305 1750 1393 1807 διὰ
1427 1752 1506 1819 σὲ,
1543 1751 1680 1807 ἀλλὰ
1705 1752 1793 1807 διὰ
1815 1754 1905 1826 τὴν

2014 1755 2075 1800 ut
2119 1761 2227 1802 non
2276 1747 2551 1803 destruam
2602 1755 2675 1803 te.
2731 1765 2750 1799 ι
2788 1749 3042 1803 Attamen
3092 1764 3197 1804 non
3249 1761 3471 1821 propter
3500 1759 3577 1816 te,

1869 1794 1984 1855 "B

336 1844 574 1912 ἐμαυτοῦ
613 1842 1016 1916 φιλανθρωπίαν
1061 1842 1309 1898 ἐντεῦθεν
1354 1844 1454 1917 ἠδη
1500 1845 1598 1900 καί
1643 1848 1905 1918 προεῖπον

2008 1840 2109 1893 sed
2175 1839 2244 1893 ob
2287 1838 2627 1894 clementiam
2678 1855 2850 1896 meam
2905 1840 3030 1910 jam'
3074 1841 3199 1899 hinc
3247 1844 3470 1914 praedixi
3522 1850 3581 1902 et

336 1935 431 1989 καὶ
458 1935 706 2000 ὲπέδειξά
730 1952 812 1989 σοι
835 1935 903 1990 τά
944 1935 1227 2001 μέλλοντα,
1259 1936 1355 1988 καὶ
1382 1935 1472 1990 τὸν
1502 1935 1644 1990 κατὰ
1679 1935 1788 1989 τῶν
1815 1953 1912 1991 πο-

333 2020 538 2096 λεμίων
572 2024 830 2095 μέλλοντα
850 2025 1060 2078 ἐπιέναι
1087 2025 1327 2097 ὄλεθρον,
1356 2025 1672 2091 σπουδάζων
1694 2025 1783 2080 διά
1809 2026 1911 2080 πά-

337 2130 438 2189 σης
471 2117 794 2187 προφάσεως
828 2114 1064 2187 σωθῆναί
1092 2133 1174 2169 σε.

408 2226 430 2259 ι
477 2206 609 2261 Ἰδοὺ
639 2206 899 2278 πέπρακά
925 2221 984 2259 σε
1012 2206 1109 2277 οὐχ
1146 2206 1331 2260 ἕνεκεν
1354 2207 1619 2279 ἀργυρίου
1644 2222 1660 2240 ⁸
1697 2208 1909 2277 ἐξειλά-

341 2299 528 2372 μην-δέ
558 2315 618 2352 σε
644 2300 708 2353 ὲκ
738 2298 967 2369 καμίνου
995 2300 1297 2370 πτωχείαςθ
1325 2299 1511 2354 ἕνεκεν
1543 2301 1679 2372 ἐμοῦ
1700 2303 1910 2373 ποιήσω

334 2406 444 2454 σοι,
477 2390 558 2443 ὅτι
601 2389 663 2442 τὸ
703 2388 834 2460 ἐμὸν
875 2388 1046 2460 δνομα
1080 2389 1423 2463 βεϐηλοῦται,
1467 2392 1562 2446 καὶ
1609 2392 1707 2464 τὴν
1751 2391 1910 2459 δόξαν

337 2499 440 2554 μου
474 2482 645 2553 ἑτέρῳ
668 2483 727 2536 οὐ
761 2481 935 2539 δώσω.
968 2500 986 2534 ι
1024 2483 1135 2554 Οὐχ
1154 2482 1340 2536 ἕνεκεν
1371 2483 1637 2556 ἀργυρίου
1668 2485 1908 2557 ἐπίπρα-

335 2573 464 2628 σκόν
491 2588 578 2627 σε·
612 2572 699 2625 ἐπ’
728 2572 966 2645 ὠφελείᾳ
1002 2573 1060 2627 δὲ
1093 2576 1160 2644 τῇ
1193 2575 1258 2646 σῇ
1291 2574 1387 2628 καὶ
1418 2574 1591 2628 ταῦτα
1620 2574 1905 2648 ἔπραττον,

330 2663 411 2727 ὡς
441 2663 507 2717 ἂν
552 2660 737 2716 τοῦτον
768 2662 1158 2735 σωφρονισθείη
1186 2663 1279 2718 τὸν
1318 2663 1548 2735 τρόπον·
1579 2665 1665 2718 ὅτι
1699 2664 1773 2737 μὴ
1804 2666 1903 2738 τὴν

328 2753 423 2810 διά
458 2753 633 2823 λόγων
665 2753 760 2808 καὶ
788 2753 1160 2826 παραινέσεων
1189 2754 1433 2821 ύπεδέξω
1480 2756 1748 2811 παιδείαν.
1783 2758 1908 2821 Τοῖς

325 2845 388 2903 δὲ
435 2832 717 2919 πολεμίοις
761 2846 858 2917 οὐχ
903 2846 1090 2901 ἕνεκεν
1138 2847 1402 2920 ἀργυρίου
1443 2848 1781 2920 ἐπίπρασκόν
1821 2866 1903 2917 σε,

329 2938 469 2995 ἀλλὰ
489 2940 598 2994 τῶν
622 2940 730 2993 σῶν
755 2939 1167 3012 ἁμαρτημάτων
1193 2940 1287 2993 καὶ⁵
1315 2939 1485 3012 άσεὸη
1497 2940 1683 3011 μάτων
1706 2941 1867 3013 χάριν
1892 2957 1903 2970 ·

332 3034 454 3097 τοῖς
493 3031 602 3103 γὰρ
629 3030 921 3103 ἁμαρτίαις
955 3030 1109 3102 ὑμῶν
1145 3030 1443 3104 έπράθητε.
1474 3032 1582 3085 Καὶ
1618 3032 1768 3103 ὅμως
1795 3032 1903 3086 οὐδ’

2014 1929 2234 1984 ostendi
2251 1929 2350 1982 tibi
2376 1928 2755 2000 futura,atque
2784 1932 3074 2002 perniciem
3105 1932 3337 1989 inimicis
3358 1936 3462 1990 tuis
3482 1934 3580 1992 ob-

2009 2029 2293 2074 venturam
2325 2037 2342 2075 :
2374 2023 2521 2079 omni
2561 2022 2725 2077 modo
2770 2023 3164 2092 occasioneque
3203 2028 3360 2081 utens
3389 2026 3457 2082 ad
3486 2040 3577 2082 sa-

2006 2109 2178 2165 lutem
2211 2119 2382 2165 tuam.

2084 2198 2245 2255 Vens.
2272 2200 2359 2265 to,
2395 2200 2484 2255 li.
2520 2216 2543 2254 ι
2579 2201 2716 2257 Ecce
2741 2202 2955 2259 vendidi
2994 2212 3069 2270 te,
3095 2219 3204 2260 non
3238 2215 3458 2277 propter
3485 2223 3577 2263 ar-

2009 2299 2227 2358 gentum
2257 2309 2276 2347 -:
2312 2293 2431 2346 erui
2475 2301 2658 2347 autem
2703 2302 2755 2348 te
2794 2295 2862 2348 de
2905 2294 3129 2351 {ortiace
3157 2299 3522 2371 mendicitatis
3555 2317 3572 2355 :

2008 2392 2226 2452 propter
2255 2398 2341 2440 me
2367 2383 2565 2472 faciam
2596 2386 2720 2452 tibi,
2752 2385 2879 2455 quia
2930 2402 3129 2444 nomen
3173 2404 3348 2444 meum
3391 2393 3575 2462 profa-

2009 2482 2194 2526 natum
2224 2482 2328 2539 est,
2358 2482 2414 2527 et
2437 2473 2666 2543 gloriam
2689 2489 2864 2530 meam
2895 2475 3051 2529 atteri
3083 2491 3186 2530 non
3213 2478 3372 2533 dabo.
3406 2497 3427 2531 ι
3454 2477 3570 2535 Non

2002 2565 2077 2619 ob
2109 2575 2394 2634 argentum
2451 2567 2669 2621 vendidi
2721 2575 2809 2632 te,
2857 2566 2952 2622 sed
2998 2568 3065 2621 ad
3105 2568 3389 2625 utilitatem
3424 2579 3572 2627 tuam

2006 2654 2060 2709 i‘d
2089 2654 2247 2710 eil‘eei
2276 2695 2294 2721 ,
2342 2666 2402 2710 ut
2431 2656 2535 2712 hoc
2568 2658 2726 2713 modo
2758 2659 2825 2713 ad
2869 2673 3057 2713 sanam
3080 2671 3317 2716 mentem
3352 2664 3576 2722 reduca-

2002 2747 2083 2803 τῖε
2111 2761 2132 2802 ~:
2166 2748 2425 2817 quoniam
2458 2748 2644 2805 verbis
2671 2758 2729 2805 et
2755 2751 2978 2807 monitis
3022 2751 3241 2807 allatam
3271 2753 3573 2812 institutio-

2004 2851 2130 2891 nem
2190 2851 2298 2892 non
2340 2838 2640 2896 admisisti.
2689 2836 2928 2896 Inimicis
2974 2852 3154 2898 autem
3204 2857 3311 2899 non
3358 2846 3573 2916 argenti

2004 2929 2178 2999 gratia
2208 2929 2423 2985 vendidi
2476 2939 2565 2999 te;
2615 2932 2712 2988 sed
2759 2943 3104 3002 peccatorum
3138 2945 3193 2989 et
3234 2935 3568 3002 impietatum

2006 3029 2217 3075 tuarum
2246 3035 2408 3076 causa
2442 3038 2456 3075 :
2490 3037 2613 3077 nam
2640 3025 2879 3093 peccatis
2923 3024 3119 3081 vestris
3160 3026 3364 3082 vendi-ti
3414 3035 3571 3086 estis.
3608 3074 3611 3075 γ

333 3124 506 3188 οὕτως
530 3126 674 3179 ἐάσω
705 3125 848 3194 ὑμᾶς
879 3125 992 3188 τοῖς
1025 3120 1239 3194 ἐχθροῖς
1264 3122 1553 3177 δουλεύειν·
1584 3123 1720 3177 ἀλλά
1744 3122 1904 3177 πάλιν

2006 3109 2256 3165 Attamen
2305 3125 2374 3165 ne
2425 3111 2501 3166 ita
2548 3113 2763 3181 quidem
2794 3129 2890 3171 vos
2934 3116 3167 3172 inimicis
3211 3119 3417 3174 servire
3444 3135 3575 3190 pero

335 3216 700 3290 λυτρὼσομαι,
743 3217 837 3270 καὶ
874 3214 1060 3289 ὥσπερ
1114 3216 1222 3269 ἀπὸ
1255 3213 1484 3286 καμίνου
1534 3216 1808 3287 πτωχείας
1844 3218 1908 3271 ὲκ

333 3309 435 3379 τῆς
476 3308 581 3363 ὑπὸ
613 3310 726 3372 τοῖς
756 3306 1116 3372 Βαϐυλωνίοις
1148 3306 1444 3373 κακώσεως
1489 3305 1646 3374 αὖθις
1691 3308 1907 3363 ἐλευθε-

335 3400 516 3476 ρώσω.

408 3512 430 3546 ι
479 3492 674 3547 Ἀκουέ
707 3509 828 3565 μου,
876 3491 1091 3557 Ἰακὼϐ,
1125 3491 1221 3546 καὶ
1264 3492 1480 3565 Ἰσραὴλ
1505 3491 1563 3546 δν
1597 3489 1707 3562 ἐγὼ
1734 3491 1901 3547 καλῶ.

344 3582 489 3653 Ἐγώ
519 3586 636 3655 είμι
677 3563 913 3655 πρῶτος,
930 3583 1025 3637 καὶ
1050 3581 1161 3652 ἐγώ
1180 3584 1295 3654 ειμι
1324 3563 1404 3646 είς
1434 3563 1524 3635 τὸν
1549 3583 1738 3647 αίῶνα,
1763 3584 1903 3654 καὶή

328 3677 451 3750 χείρ
485 3694 589 3749 μου
616 3675 940 3747 ὲθεμελίωσε
967 3674 1064 3747 τὴν
1092 3679 1217 3749 γῆν,
1254 3675 1348 3729 καὶ⁵
1377 3676 1409 3744 ἡ
1437 3673 1587 3739 δεξιά
1622 3690 1724 3745 μου
1753 3675 1908 3728 ἐστε-

207 3832 214 3840 .
331 3767 505 3840 ρέωσε
549 3766 639 3819 τὸν
684 3764 943 3838 ούρανόνο
987 3764 1202 3819 καλέσω
1236 3764 1453 3828 αὐτοὺς,
1486 3764 1580 3818 καὶ
1619 3761 1904 3835 στήσονται

328 3858 470 3931 ἃμα.
517 3877 536 3911 ι
580 3859 668 3911 Ἔν
704 3855 913 3923 τούτοις
943 3859 1070 3921 τοὺς
1096 3852 1492 3927 κατορθοῦντας
1535 3855 1902 3919 ἀνακαλεῖται,

326 3950 416 4006 διὰ
448 3949 560 4004 τῶν
602 3949 908 4021 ἔμπροσθεν
939 3946 1159 4020 ἑτέρους
1196 3948 1322 4010 τοὺς
1361 3948 1489 4017 παρ’
1516 3943 1700 4011 αὐτοῖς
1726 3945 1906 4000 διαδε-

327 4042 429 4114 δλη
439 4041 633 4112 μένους
656 4040 943 4111 ὀνομάσας
978 4038 1093 4093 ἀλλ’
1121 4036 1355 4092 ἐνταῦθα
1374 4039 1486 4101 τοῖς
1505 4036 1775 4107 κρείττοσι
1798 4037 1906 4091 δια-

325 4135 568 4204 λέγεται,
615 4131 710 4197 οὒς
755 4150 775 4184 ι
825 4132 1057 4205 κλητοὺς
1101 4150 1121 4183 ι
1161 4126 1437 4201 ὀνομάζει.
1483 4124 1661 4183 Ἦσαν
1696 4128 1805 4201 γὰρ
1844 4129 1905 4196 ἐξ

321 4226 537 4282 ἐκείνου
572 4223 758 4278 πολλοί¹
795 4223 1003 4294 κλητοὶ,
1036 4218 1209 4289 ὀλίγοι
1257 4218 1315 4273 δὲ
1355 4218 1601 4273 ἐκλεκτοί
1616 4235 1631 4249 ’
1676 4218 1816 4292 πλὴν
1854 4221 1903 4273 oi

318 4318 669 4392 δηλούμενοι,
699 4315 800 4370 οὐκ
822 4311 962 4388 ἦσαν
992 4311 1239 4366 ἐκλεκτοὶ
1259 4351 1276 4379 ,
1307 4310 1443 4365 ἀλλὰ
1469 4309 1676 4383 κλητοί.

2010 3200 2251 3267 mittam;
2274 3203 2392 3257 {sed
2418 3202 2618 3258 iterum
2651 3206 2958 3272 redimam,
2995 3218 3088 3273 et,
3121 3224 3217 3264 ceu
3247 3224 3315 3265 ex
3342 3209 3569 3269 fornace

2009 3292 2410 3360 mendicitatis,
2457 3309 2523 3350 ex
2558 3294 2647 3350 illa
2680 3296 2987 3356 calamitate
3015 3299 3340 3372 Babylonica
3374 3304 3568 3359 iterum

2006 3387 2256 3456 eripiam.

2074 3478 2244 3535 Vens.
2274 3479 2363 3543 42,
2405 3478 2492 3535 i5.
2525 3496 2550 3532 ι
2588 3480 2724 3536 Audi
2754 3496 2863 3549 me,
2896 3480 3100 3549 Iacob,
3133 3492 3185 3540 et
3216 3485 3379 3541 lsraei
3409 3500 3567 3556 quem

2004 3584 2103 3640 ego
2132 3585 2287 3626 voco.
2332 3570 2444 3641 Ego
2475 3586 2593 3626 sum
2635 3572 2844 3641 primus
2864 3613 2884 3640 ,
2932 3583 2982 3628 et
3012 3588 3113 3644 ego
3143 3589 3263 3630 sum
3314 3576 3367 3629 in
3395 3591 3571 3633 saecu-

2004 3658 2112 3713 lum
2138 3697 2156 3725 ,
2189 3674 2246 3716 et
2274 3674 2467 3717 manus
2498 3675 2617 3716 mea
2665 3660 2910 3717 fundavit
2957 3671 3159 3719 terram
3188 3704 3206 3730 ,
3256 3674 3311 3720 et
3346 3668 3567 3722 dextera

2005 3765 2125 3807 mea
2174 3751 2409 3806 ﬁrmavit
2453 3752 2648 3808 caelum
2682 3770 2696 3808 :
2734 3756 2942 3809 vocabo
2974 3769 3069 3811 eos
3093 3796 3108 3819 ,
3132 3766 3189 3811 et
3215 3759 3437 3812 stabunt
3489 3758 3569 3814 si-

2006 3844 2137 3899 mul.
2178 3863 2201 3898 τ
2235 3842 2292 3900 in
2323 3846 2409 3900 liis
2432 3860 2527 3901 eos
2552 3856 2766 3912 evocat,
2796 3847 2887 3915 qui
2917 3847 3054 3903 bene
3077 3864 3139 3904 se
3176 3860 3400 3920 gerunt,
3425 3860 3569 3920 post-

2003 3945 2166 4001 quam
2199 3934 2251 3988 in
2280 3933 2711 4004 praecedentibus
2737 3936 2875 3992 alios
2896 3976 2913 4003 ,
2958 3938 3050 4008 qui
3079 3940 3218 4007 apud
3253 3940 3398 4009 ipsos
3428 3940 3569 3996 male

2004 4024 2335 4091 audiebant,
2370 4035 2713 4081 evocaverat.
2743 4022 2941 4082 Verum
2972 4029 3061 4084 hic
3100 4032 3567 4096 praestantioribus

2006 4114 2263 4186 loquitur,
2293 4132 2431 4187 quos
2462 4136 2481 4169 ι
2513 4127 2733 4179 vocatos
2770 4137 2791 4172 ι
2826 4120 3081 4190 appellat.
3110 4121 3245 4176 Nam
3281 4132 3408 4180 tunc
3434 4138 3569 4194 quo-

2004 4224 2110 4279 que
2156 4220 2312 4264 erant
2366 4210 2521 4265 multi
2555 4212 2773 4278 vocati,
2809 4212 2969 4282 pauci
3021 4213 3176 4269 electi
3224 4233 3243 4271 ς
3300 4208 3568 4273 memora;

2005 4298 2044 4354 ti
2095 4313 2259 4369 porro
2307 4299 2553 4356 homines
2598 4317 2705 4357 non
2749 4301 2954 4370 electi,
3002 4303 3096 4359 sed
3147 4310 3352 4359 tantum
3389 4306 3567 4362 vocati

2000 4399 2182 4446 erant.

394 4514 416 4548 ι
453 4496 572 4550 Καὶ
594 4494 1018 4565 συναχθήσονται
1048 4490 1273 4557 πάντες,
1305 4490 1401 4545 καὶ
1430 4489 1773 4546 ἀκούσονται.
1803 4487 1899 4553 Τίς

2072 4481 2238 4538 Vens.
2287 4484 2373 4540 ιι.
2415 4502 2438 4537 ι
2491 4484 2559 4540 Ει
2601 4485 3078 4556 congregabuntur
3105 4502 3297 4544 omnes
3322 4527 3340 4553 ,
3386 4495 3441 4542 et
3469 4502 3567 4541 au-

313 4588 503 4652 αὐτοίς
525 4584 819 4657 ἀνήγγειλε
840 4583 1046 4649 causa;
1074 4602 1098 4636 ι
1141 4583 1227 4646 Ὠς
1250 4581 1359 4653 γάρ
1380 4577 1616 4654 δεσπότῃ
1639 4579 1903 4652 προστάτ-

2006 4574 2165 4630 diem.
2193 4576 2326 4643 Quis
2352 4576 2485 4647 ipsis
2516 4576 2630 4631 haec
2657 4575 2997 4632 annuntiavit
3014 4577 3046 4631 i’
3072 4596 3094 4631 ι
3136 4576 3265 4631 Nam
3296 4577 3565 4648 praedicta:

312 4695 463 4735 τοντι
494 4674 869 4731 ὑπακούουσιν
915 4673 971 4728 αἱ
1010 4672 1390 4748 προλεχθείσαι
1430 4672 1720 4742 δυνάμεις·
1762 4669 1901 4724 ἀλλὰ

316 4772 415 4827 καὶ
455 4768 810 4840 συναχθείσαι
860 4768 953 4821 ἐπὶ
992 4768 1057 4820 τὸ
1098 4762 1233 4820 αὐτὸ
1274 4765 1493 4818 ἑστᾶσιν
1539 4761 1900 4834 άκουσόμεναι

314 4863 429 4919 τῶν
453 4858 629 4916 αὐτοῦ
659 4859 854 4929 λόγων.
882 4857 1053 4912 Τοῦτό
1077 4875 1158 4912 τοι
1190 4856 1377 4929 ἐδήλου
1415 4856 1509 4908 καὶ
1540 4856 1598 4908 ὲν
1627 4855 1770 4926 ἀρχῇ
1800 4856 1900 4926 τῆς

320 4952 511 5024 βίϐλου
540 4951 769 5021 φάσκων
788 4951 822 5002 ὁ
845 4950 1023 5019 λόγος,
1056 4967 1077 5001 ι
1115 4951 1334 5013 Ἀκουε,
1361 4946 1575 5020 οὐρανέ,
1599 4946 1693 5000 καὶ
1718 4943 1903 5001 ἐνωτί-

319 5044 442 5108 ζου,
469 5044 504 5113 ἡ
534 5042 632 5111 γῆ,
666 5042 747 5095 ὅτι
769 5036 972 5113 Κύριος
996 5039 1274 5112 ἐλάλησεν.
1316 5057 1336 5091 ι

398 5152 418 5185 ι
442 5131 701 5199 ’Δγαπῶν
728 5148 787 5185 σε
806 5130 1035 5204 ἐποίησα
1044 5132 1104 5186 τὸ
1124 5130 1336 5202 θέλημά
1352 5144 1446 5184 σου
1477 5128 1569 5183 ἐπὶ
1585 5124 1899 5194 Βαϐυλῶνα,
1923 5191 1933 5200 ⁸

318 5223 419 5279 τοῦ
476 5219 613 5292 ἆραι
659 5220 879 5295 σπέρμα
923 5223 1224 5278 Χαλδαίων.
1298 5220 1437 5291 Ἐγὼ
1479 5220 1737 5291 ἐλάλησα,
1790 5218 1900 5289 ἐγὼ

320 5310 591 5366 ἐκάλεσα.
630 5311 871 5380 Ἧγαγον
915 5312 1095 5375 αὐτὸν,
1130 5312 1224 5366 καὶ
1251 5309 1506 5364 εὑώδωσα
1531 5309 1628 5383 τὴν
1657 5310 1774 5365 ὁδὸν
1803 5308 1899 5363 αὖ·

317 5403 441 5459 τοῦ.
496 5403 881 5474 Προσαγάγετε
925 5404 1060 5476 πρὸς
1101 5404 1187 5475 μὲ,
1242 5404 1333 5457 καὶ
1380 5401 1645 5457 ἀκούσατε
1688 5400 1895 5457 ταῦτα’

320 5495 442 5549 οὐκ
476 5493 576 5546 ἀπ’
600 5491 775 5564 ἀρχῆς
813 5493 871 5546 ὲν
897 5496 1077 5565 κρυφῇ
1120 5493 1414 5565 λελάληκα*
1461 5492 1620 5565 ἡνίκα
1662 5491 1895 5562 ἐγένετο,

318 5589 446 5645 ita!
491 5586 664 5657 ἥμην.
713 5583 822 5639 Καὶ
847 5584 942 5639 νῦν
984 5584 1185 5657 Κύριος
1227 5585 1430 5658 Κύριος
1464 5584 1771 5656 ἀπέστρεψὲ
1805 5600 1894 5656 με,

662 5885 929 5947 Panos.
974 5878 1092 5947 Gs.
1141 5877 1372 5947 XXIV.

1996 4666 2223 4722 virtutes
2266 4677 2327 4723 ut
2367 4667 2578 4738 jubenti
2619 4668 2845 4723 Domino
2880 4677 3110 4738 parent;
3138 4664 3266 4737 quin
3295 4668 3459 4722 etiam
3508 4668 3562 4721 in

1998 4774 2164 4816 unum
2192 4769 2556 4831 congregatae,
2580 4767 2728 4814 stant
2757 4768 2815 4814 ut
2837 4759 2958 4829 ejus
2980 4772 3286 4814 sermonem
3315 4759 3560 4814 audiant.

1998 4848 2055 4904 ιιι
2083 4864 2215 4906 sane
2257 4850 2416 4905 initio
2442 4849 2753 4906 dedarabat
2799 4851 2884 4906 his
2930 4848 3143 4915 verbis,
3179 4866 3199 4899 ‹
3238 4849 3397 4912 Audi,
3446 4861 3560 4903 cm—

2001 4940 2110 4994 lum
2134 4979 2152 5007 ,
2179 4948 2241 4996 et
2268 4940 2492 4995 auribus
2520 4941 2772 5011 percipe,
2803 4950 2947 4996 terra
2972 4979 2990 5006 ,
3013 4938 3147 5008 quia
3179 4937 3437 4995 Dominus
3484 4940 3567 4997 lo-

2002 5040 2158 5087 cutus
2177 5041 2262 5086 est
2282 5031 2349 5088 δ’.
2391 5050 2412 5085 ι

2073 5122 2237 5179 Vens.
2270 5124 2457 5180 15-20.
2498 5141 2519 5177 ι
2560 5124 2796 5197 Diligens
2825 5131 2875 5178 ts
2917 5122 3021 5179 feci
3053 5122 3385 5177 voluntatem
3414 5129 3562 5176 tuam

2001 5232 2162 5286 super
2190 5216 2536 5290 Babylonem,
2564 5228 2622 5272 ut
2648 5216 2914 5273 auferrem
2952 5230 3135 5272 semen
3163 5213 3559 5269 Cbaidzeorum.

2004 5311 2114 5380 Ego
2146 5309 2358 5365 locutus
2388 5325 2505 5365 sum
2533 5349 2548 5376 ,
2580 5319 2635 5366 et
2667 5324 2768 5380 ego
2794 5307 3004 5366 vocavi.
3057 5305 3271 5361 Adduxi
3313 5319 3438 5360 eum
3460 5343 3475 5366 ,
3506 5313 3563 5358 et

2002 5416 2316 5473 prosperam
2339 5401 2441 5457 feci
2463 5402 2601 5455 viam
2628 5400 2765 5471 ejus.
2793 5401 3055 5457 Adduclte
3081 5397 3147 5453 ad
3175 5406 3353 5463 me,et
3382 5395 3566 5451 audite

1998 5492 2116 5547 haec
2146 5530 2161 5556 ,
2197 5489 2312 5544 Non
2349 5490 2418 5546 ab
2475 5491 2630 5546 initio
2678 5492 2730 5547 in
2780 5489 3096 5546 abscondito
3137 5489 3350 5547 locutus
3392 5501 3510 5542 sum
3544 5502 3562 5542 :

2001 5598 2125 5640 cum
2174 5581 2364 5639 ﬂerent
2389 5622 2405 5651 ,
2434 5582 2507 5640 ibi
2550 5596 2722 5640 eram.
2749 5580 2815 5640 Et
2844 5596 2985 5639 nunc
3021 5582 3277 5637 Dominus
3306 5576 3572 5638 Dominus

3180 5882 3251 5945 ιι
