4130 6400
570 276 674 332 42⁸1

1207 268 1474 329 EUSEBII
1511 266 1987 326 C/ESARIENSIS
2024 265 2174 325 OPP.
2217 263 2399 320 PARS
2437 263 2523 321 Ill.
2563 294 2633 305 —
2671 261 3081 322 EXEGETICA.

3707 263 3814 324 £28

573 396 774 453 avertit
804 407 910 458 me,
925 403 981 448 et
1010 389 1248 460 Spiritus
1279 389 1415 456 ejus.
1447 386 1538 442 Sic
1568 387 1697 442 dicit
1731 388 2016 452 Dominus,
2045 387 2134 456 qui

2256 385 2333 438 cati.
2370 384 2431 437 τὸ
2470 382 2691 453 Πνεῦμα
2734 382 2919 436 αὑτοῦ.
2951 381 3108 435 Οὕτω
3139 379 3286 449 λέγει
3326 378 3550 452 Κύριος,
3579 382 3609 435 ό
3648 384 3825 454 (inci-

572 488 716 543 eruit
749 496 821 550 te,
852 485 1084 540 Sanctus
1115 481 1276 536 Israel
1311 499 1324 537 :
1367 480 1477 548 ligo
1507 496 1624 534 sum
1672 480 1815 534 Deus
1863 489 1986 533 tuus
2009 518 2025 542 ,
2079 493 2142 530 o-

571 578 752 634 stendi
777 578 892 642 tibi,
923 584 979 629 ut
1006 573 1276 628 invenires
1302 573 1443 626 viam
1489 573 1540 626 iu
1586 586 1692 640 qua
1721 571 2048 624 ambulares.
2082 569 2146 623 Et

573 672 618 726 si
653 670 899 724 audisses
931 667 1182 720 mandata
1214 679 1330 717 mea
1358 703 1372 728 ,
1410 663 1600 717 fuisset
1633 663 1788 732 quasi
1822 661 2014 717 ﬂuvius
2039 677 2144 730 pax

575 775 688 822 tua,
714 770 768 815 et
796 758 1002 829 justitia
1037 769 1126 810 tua
1151 766 1206 809 ut
1226 753 1418 808 [iunctus
1455 753 1620 808 utaris
1650 771 1664 807 :
1697 764 1751 808 et
1781 754 1971 808 luisset
1989 751 2142 820 quasi

574 866 736 903 arena
771 862 954 902 semen
983 857 1151 905 tuum,
1197 855 1252 899 et
1288 844 1503 897 fructus
1527 842 1736 896 ventris
1763 842 1838 896 tui
1862 842 1999 896 sicut
2029 842 2146 912 pul-

576 941 653 991 vis
679 944 885 992 terra}:
925 952 1102 1006 neque
1131 949 1273 990 nunc
1301 934 1776 997 extertninaberis,
1810 947 1984 1002 neque
2027 947 2148 1002 pero

576 1030 675 1082 ibit
727 1044 920 1083 nomen
954 1038 1106 1082 tuum
1158 1027 1212 1081 in
1261 1036 1553 1097 conspectu
1585 1041 1723 1078 meo.
1777 1025 2051 1092 Egredere
2079 1039 2148 1079 ex

577 1121 851 1191 Babylone
875 1160 889 1183 ,
921 1119 1138 1188 fugiens
1160 1135 1189 1172 a
1221 1119 1509 1176 Chaldaeis.
1549 1118 1748 1174 Vocem
1792 1118 2149 1184 iucunditatis

577 1212 893 1267 annnntiate
933 1227 1104 1280 usque
1150 1212 1217 1267 ad
1249 1221 1552 1266 extremum
1592 1220 1748 1264 terrae
1780 1228 1794 1263 :
1825 1209 1989 1264 dicite
2013 1249 2028 1274 ,
2063 1210 2149 1264 Li.

578 1306 791 1358 beravit
843 1305 1100 1360 Dominus
1152 1321 1366 1360 servum
1419 1321 1575 1361 suum
1624 1303 1812 1359 Jacob.
1870 1320 1892 1354 ι
1950 1302 2151 1370 Quam-

577 1396 790 1460 obrem,
823 1412 944 1451 cttm
978 1396 1087 1464 jam
1128 1396 1256 1450 hinc
1287 1395 1544 1466 pollicear
1578 1409 1662 1448 me
1690 1409 1792 1448 non
1826 1394 2152 1448 extermiua‘o

580 1498 759 1542 turum
793 1497 844 1542 te
865 1529 880 1554 ,
914 1503 1092 1557 neque
1121 1503 1319 1541 nomen
1350 1496 1501 1542 tuum
1527 1485 1830 1540 deleturum
1864 1498 2007 1549 esse,
2037 1484 2148 1538 dixi

581 1581 678 1634 tibi
703 1620 721 1646 ,
766 1588 824 1634 ut
853 1581 1032 1634 exires
1061 1579 1126 1634 de
1161 1577 1436 1650 Babylone
1459 1614 1480 1644 ,-
1533 1578 1787 1632 dimissus
1815 1591 1881 1630 ac
1910 1574 2047 1630 liber
2079 1575 2149 1629 ab

583 1672 925 1725 inimicorum
975 1681 1144 1724 metu.
1178 1669 1412 1738 Accepta
1450 1677 1630 1722 autem
1689 1667 1755 1720 ad
1790 1667 2005 1735 propria
2057 1681 2146 1721 re-
2179 1698 2222 1753 Β

581 1761 826 1816 vertendi
863 1771 1130 1829 potestate
1162 1799 1178 1826 ,
1231 1773 1299 1814 ne
1347 1758 1538 1828 supine
1579 1766 1636 1811 et
1683 1759 1978 1813 oscitanter
2009 1757 2148 1811 viam

577 1867 802 1924 capesse
828 1891 843 1916 ,
879 1855 972 1906 sed
1024 1867 1143 1906 cum
1187 1850 1335 1906 omni
1370 1850 1674 1919 diligentia.
1726 1847 1862 1902 Nam
1898 1856 2152 1903 occurret

584 1948 680 2000 tibi
718 1962 821 2001 vox
855 1945 1075 2009 Ιυιιιίιίω,
1103 1958 1264 2013 quam
1293 1942 1378 1997 vel
1414 1940 1527 2010 jam
1561 1940 1692 1994 hinc
1725 1938 1917 1993 audias
1944 1955 1960 1993 :
1991 1937 2153 2006 quin-

581 2038 745 2091 etiam
775 2051 962 2091 omnes
993 2036 1084 2104 qui
1118 2048 1399 2089 sermones
1433 2047 1584 2087 meos
1623 2029 1936 2094 audierint,
1971 2030 2039 2084 de
2067 2045 2155 2084 sa-

583 2130 696 2181 lute
731 2137 821 2180 tua
853 2142 956 2180 una
987 2126 1320 2195 gaudebunt.
1359 2124 1424 2178 Et
1464 2123 1578 2178 Iuec
1607 2121 1823 2192 quidem
1857 2122 2154 2175 secundum

584 2218 866 2273 historiam
891 2256 906 2280 ,
956 2232 1062 2270 non
1119 2214 1325 2270 reditus
1373 2228 1439 2267 ex
1471 2211 1788 2280 captivitate
1822 2208 2156 2286 Babylonica

586 2323 830 2382 tempore
856 2299 1006 2378 gesta
1053 2317 1218 2373 sunt,
1257 2321 1380 2362 cum
1410 2305 1488 2369 ii,
1530 2303 1620 2372 qui
1654 2317 1683 2356 a
1731 2301 1876 2373 Cyro
1903 2313 1959 2356 et
1992 2303 2156 2356 Dario

583 2402 870 2457 Persarum
903 2400 1119 2470 regibus
1147 2398 1399 2454 libertate
1425 2395 1613 2452 donati
1639 2392 1878 2460 fuerant,
1909 2402 2155 2450 reverte-

588 2504 734 2548 runt.
785 2495 862 2546 Ac
891 2492 1187 2546 secundum
1219 2489 1552 2560 intelligendi
1588 2489 1852 2542 rationem
1879 2525 1896 2551 ,
1947 2499 2070 2540 cum
2102 2484 2156 2538 in

589 2586 816 2643 historia
870 2586 938 2640 ad
996 2585 1227 2639 litteram
1279 2581 1506 2652 reperiri
1570 2588 1803 2648 nequeat
1857 2587 2010 2648 petra
2067 2577 2157 2630 illa

586 2696 759 2754 aquas
786 2680 1039 2734 emittens
1067 2677 1119 2731 in
1147 2675 1319 2730 reditu
1349 2673 1530 2744 populi
1559 2712 1575 2738 ,
1605 2673 1844 2727 dicemus
1883 2670 1938 2724 in
1967 2669 2032 2724 iis
2067 2669 2159 2740 qui

587 2792 618 2829 a
649 2771 920 2844 spirituali
945 2769 1258 2838 captivitate
1306 2767 1360 2821 in
1396 2773 1718 2835 perpetuum
1751 2761 1965 2818 liberati
1991 2771 2116 2816 sunt
2138 2798 2156 2824 ,

590 2868 657 2923 de
685 2864 884 2934 quibus
908 2861 1155 2916 Christus
1180 2859 1434 2923 dicebat,
1486 2875 1505 2908 ι
1548 2854 1934 2926 Evangelizare
1959 2867 2162 2923 paupe-

592 2958 742 3012 ribus
769 2956 916 3009 misit
944 2967 1048 3017 me,
1080 2950 1374 3021 praadicare
1400 2947 1627 3016 captivis
1658 2945 2023 3001 dimissionem
2040 2943 2109 3009 ⁸³,
2134 2962 2153 2997 ι

2249 475 2410 547 μενός
2457 493 2537 539 σε,
2591 476 2775 543 ’Δγιος
2803 474 3048 546 Ἰσραήλ·
3119 473 3259 542 Ἐγὼ
3303 474 3418 544 εἰμι
3460 475 3488 527 ὁ
3535 473 3666 539 Θεός
3703 493 3826 544 σου,

2244 567 2453 638 δέδειχά
2498 585 2580 621 σοι
2616 569 2676 620 τὸ
2715 568 2894 638 εὑρεῖν
2930 583 2988 620 σε
3033 566 3130 637 τὴν
3164 567 3280 620 ὁδὸν
3325 568 3382 620 ἐν
3415 560 3448 642 ᾖ
3489 568 3730 642 πορεύσῃ
3768 572 3830 623 ἐν

2245 659 2403 729 αὐτῇ.
2436 658 2549 710 Καὶ
2584 659 2630 709 εί
2661 659 2898 728 ἡκούσας
2930 655 3038 708 τῶν
3079 653 3308 708 ἐντολῶν
3345 672 3468 726 μου,
3507 655 3728 722 ἐγένετο
3759 657 3830 710 ἂν

2246 750 2378 802 ὡσεὶ
2413 749 2657 819 ποταμὸς
2695 752 2727 820 ἡ
2769 750 2959 820 εἰρήνη
3002 766 3117 811 σου,
3155 749 3250 801 καὶ
3294 749 3327 818 ή
3365 748 3678 820 δικαιοσύνη
3733 765 3829 800 σου

2245 840 2320 904 ὼς
2349 840 2500 911 κῦμα
2531 840 2805 911 θαλάσσης
2823 855 2836 870 ο
2871 841 2964 892 καὶ
2990 841 3206 907 ἐγένετο
3242 839 3306 894 ἅν
3330 841 3464 893 ὡσεὶ
3491 842 3524 910 ἡ
3553 841 3735 911 ἄμμος
3765 839 3830 890 τὸ

2249 933 2469 1004 σπέρμα
2515 950 2630 997 σου,
2683 934 2772 988 καὶ
2815 933 2884 986 τὰ
2922 934 3119 1003 ἔγγονα
3159 933 3258 1004 τῆς
3301 931 3506 994 κοιλίας
3549 950 3642 984 σου
3683 933 3759 997 ὡς
3795 932 3828 985 ό

2248 1024 2377 1095 χοῦς
2411 1023 2510 1094 τῆς
2547 1025 2668 1096 γῆς.
2725 1025 2859 1078 Ούδέ
2901 1023 2996 1078 νῦν
3027 1025 3088 1077 ού
3145 1024 3218 1096 μὴ
3271 1023 3682 1096 ἐξολοθρευθῇς,
3714 1025 3825 1078 οὐδ’

2249 1117 2527 1171 ἀπολεῖται
2561 1116 2622 1169 τὸ
2664 1116 2834 1187 ὄνομά
2880 1133 2973 1169 σου
3018 1115 3246 1169 ἐνώπιον
3289 1117 3443 1187 ἐμοῦ.
3492 1115 3714 1180 Ἔξελθε
3759 1118 3830 1170 ἐκ

2249 1209 2585 1273 Βαϐυλῶνος,
2626 1209 2841 1278 φεύγων
2885 1209 2993 1262 ἀπὸ
3041 1209 3149 1262 τῶν
3181 1208 3479 1262 Χαλδαίων.
3517 1210 3701 1280 Φωνὴν
3731 1211 3827 1264 ei»

2253 1300 2525 1373 φροσύνης
2557 1300 2912 1368 ἀναγγείλατε
2943 1299 3047 1363 ἓως
3075 1300 3302 1371 ἐσχάτου
3326 1301 3426 1371 τῆς
3450 1301 3579 1371 γῆς·
3616 1301 3825 1370 λέγετε,

2264 1395 2562 1467 Ἐῥρύσατο
2597 1395 2799 1466 Κύριος
2839 1394 2930 1446 τὸν
2959 1394 3144 1447 δοῦλον
3179 1394 3343 1448 αὐτοῦ
3393 1393 3616 1448 Ἰακώϐ.·
3655 1414 3673 1446 ι
3709 1396 3829 1447 Διό-

2253 1501 2359 1561 περ
2392 1487 2644 1542 ἐντεῦθεν
2686 1488 2786 1559 ἤδη
2834 1487 3300 1559 ἐπαγγελλόμενος
3343 1487 3416 1558 μὴ
3451 1485 3830 1560 ἐξολοθρεῦσαί

2253 1597 2336 1643 σε,
2386 1579 2509 1650 μηδ’
2551 1577 2826 1649 ἐξαλεῖψαι
2865 1578 2925 1631 τὸ
2970 1578 3140 1650 ὄνομά
3175 1597 3289 1644 σου,
3337 1576 3468 1632 εἶπά
3509 1595 3591 1631 σοι
3625 1579 3830 1645 ἐξιέναι

2251 1672 2358 1726 ἀπὸ
2386 1671 2724 1734 Βαϐυλῶνος,
2754 1670 2949 1740 ἄφετον
2976 1673 3070 1725 καὶ
3103 1671 3382 1744 ἐλεύθερον
3409 1671 3504 1724 τοῦ
3533 1670 3641 1724 τῶν
3669 1670 3832 1724 πολε-

2255 1763 2395 1835 μίων
2426 1762 2591 1832 φόϐου
2624 1762 2936 1832 γενόμενον.
2991 1763 3184 1817 Λαϐὼν
3221 1763 3277 1816 δέ
3321 1761 3418 1834 τὴν
3449 1761 3695 1828 ἐξουσίαν
3723 1764 3834 1832 τῆς

2251 1855 2331 1915 είς
2373 1852 2444 1905 τὰ
2483 1853 2658 1905 οἰκεῖα
2700 1852 2985 1915 ἐπανόδου,
3032 1853 3106 1925 μὴ
3154 1852 3358 1916 ὑπτίως
3407 1853 3540 1925 μηδὲ
3577 1853 3836 1924 νωχελῶς

2253 1944 2406 1998 ποιοῦ
2441 1943 2539 2016 τὴν
2572 1945 2818 2016 πορείαν,
2847 1947 2944 1998 σὺν
2982 1945 3168 2016 ἁπάσῃ
3200 1945 3258 1998 δὲ
3295 1946 3518 2018 σπουδῇ.
3563 1946 3834 2016 Ἀπαντή-

2254 2056 2337 2093 σει
2371 2039 2480 2112 γάρ
2521 2057 2602 2092 σοι
2633 2040 2784 2112 φωνὴ
2831 2039 3187 2111 εὐφροσύνης,
3223 2040 3474 2093 ἐντεῦθεν
3505 2040 3606 2112 ήδη
3639 2041 3834 2094 ἀκουο-

2257 2134 2444 2206 μένηςο
2474 2131 2610 2186 ἀλλὰ
2645 2133 2739 2186 καὶ
2765 2132 2964 2196 πάντες
2991 2133 3040 2185 οἱ
3081 2131 3191 2185 τῶν
3223 2132 3374 2204 ἐμῶν
3397 2133 3570 2202 λόγων
3600 2133 3797 2188 άκούον
3818 2169 3830 2176 -

2253 2239 2344 2285 τες
2380 2221 2816 2292 συγχαρήσονταί
2863 2239 2962 2274 σου
3000 2224 3066 2293 τῇ
3119 2222 3380 2294 σωτηρίᾳ.
3419 2222 3530 2277 Καὶ
3559 2223 3730 2276 ταῦτα
3770 2223 3834 2278 δὶ

2255 2314 2392 2387 πρὸς
2437 2314 2534 2383 μὲν
2574 2314 2815 2386 ἱστορίαν
2858 2314 2959 2368 οὐκ
2993 2313 3296 2385 ἐπληροῦτο
3337 2314 3475 2368 κατὰ
3506 2315 3596 2368 τὸν
3638 2315 3835 2387 χρόνον

2254 2405 2356 2474 τῆς
2388 2401 2498 2456 ἀπὸ
2542 2402 2860 2466 Βαϐυλῶνος
2904 2401 3185 2475 ἐπανόδου,
3225 2401 3334 2456 τῶν
3374 2401 3834 2475 ἠλευθερωμένων

2256 2473 2362 2550 ὑπὸ
2392 2493 2575 2568 Κύρου
2606 2496 2700 2548 καὶ
2725 2495 2948 2568 Δαρείου
2975 2473 3094 2549 ’τῶν
3128 2473 3651 2567 βασιλευσάπωνήέν
3685 2496 3832 2569 Πέρ-

2258 2601 2398 2649 σαιςο
2422 2578 2521 2638 imi.
2549 2585 2685 2655 πρὸς
2712 2585 2770 2638 δὲ
2809 2585 3067 2651 διάνοιαν,
3101 2585 3223 2638 ἐπεὶ
3257 2585 3334 2657 μὴ
3365 2585 3480 2639 ἐστι
3513 2587 3652 2658 πρὸς
3682 2586 3834 2652 λέξιν

2257 2673 2434 2744 εὑρεῖν
2472 2674 2531 2727 ἐν
2560 2676 2626 2745 τῇ
2659 2674 2869 2746 ἱστορίᾳ
2897 2674 3104 2746 πέτραν
3142 2674 3353 2729 ὑδάτων
3386 2676 3658 2747 ῥεύσασαν
3687 2677 3834 2733 κατὰ

2255 2762 2356 2832 τὴν
2415 2762 2674 2817 ἐπάνοδον
2733 2763 2828 2816 τοῦ
2877 2762 3029 2831 λαοῦ,
3076 2764 3319 2835 φήσομεν
3378 2763 3509 2834 γοῦν
3561 2769 3670 2830 τοῖς
3728 2766 3835 2838 τῆς

2258 2854 2631 2924 αἰχμαλωσίας
2659 2855 2746 2909 ἀεὶ
2771 2855 3252 2928 ἡλευθερωμένοις,
3295 2857 3422 2928 περὶ
3445 2851 3520 2911 ὧν
3543 2859 3576 2910 ὁ
3599 2857 3835 2930 Χριστός

2259 2945 2460 3014 ἐλεγεν,
2492 2965 2509 2998 ι
2533 2947 2996 3015 Εύαγγελίσασθαι
3015 2951 3248 3020 πτωχοῖς
3277 2948 3586 3004 ἀπέσταλκέ
3613 2966 3698 3021 με,
3733 2968 3834 3022 κη·

591 3062 775 3102 veram
822 3043 1154 3114 deprehendi
1188 3041 1624 3112 promissionem.
1673 3035 1768 3090 His
1802 3035 1998 3106 quippe
2027 3035 2156 3105 ipsis

2265 3035 2420 3106 ρῦεαι
2446 3035 2807 3106 αἰχμαλώτοις
2836 3039 3049 3107 ἄφεσιν,
3084 3058 3102 3090 ι
3141 3040 3497 3110 ἐπαληθεύειν
3529 3040 3626 3107 τὴν
3653 3043 3834 3110 ἐπαγ-

590 3137 921 3209 apostolicus
961 3151 1026 3190 ex
1071 3148 1196 3188 vera
1232 3143 1382 3202 petra
1432 3141 1589 3201 potus
1627 3128 1961 3184 instillatur:
2001 3147 2019 3180 ι
2055 3128 2154 3182 Pe.

595 3243 676 3286 tra
729 3240 905 3284 autem
939 3235 1058 3281 crat
1109 3225 1358 3281 Christus
1397 3222 1464 3289 “,
1523 3240 1544 3274 ι
1591 3219 1887 3276 secundum
1922 3219 2156 3290 Aposto-

686 3335 722 3373 1.

686 3335 722 3373 1.

593 3323 828 3467 minus.
861 3408 951 3463 2i.
999 3427 1018 3460 ι
1050 3405 1200 3476 Quod
1234 3405 1279 3460 si
1307 3403 1567 3470 sitierint,
1606 3417 1703 3473 per
1731 3401 2005 3458 desertum
2061 3402 2130 3455 du

593 3514 682 3561 cet
715 3517 848 3559 eos:
896 3517 1092 3573 aquam
1131 3516 1196 3556 ex
1239 3507 1395 3569 petra
1452 3496 1646 3551 educet
1692 3496 1823 3550 illis.
1868 3496 2160 3550 Scindetur

592 3609 768 3670 petra,
808 3607 861 3652 et
893 3596 1028 3651 "liuet
1074 3609 1235 3664 aqua,
1282 3601 1338 3647 et
1395 3590 1544 3646 bibet
1573 3589 1807 3660 populus
1841 3605 2014 3644 meus.
2041 3587 2158 3642 Non

592 3702 682 3747 est
732 3689 983 3762 gaudium
1038 3687 1238 3756 impiis,
1277 3683 1408 3738 dicit
1459 3682 1740 3736 Dominus.
1775 3699 1795 3733 ι
1834 3681 2044 3735 Etenim
2075 3681 2160 3749 pie

593 3783 879 3854 agentibus
935 3779 1113 3836 omnis
1152 3793 1183 3832 a
1238 3776 1346 3832 Deo
1399 3775 1550 3830 adest
1587 3773 1860 3842 voluptas,
1906 3772 2166 3844 gaudium

594 3888 652 3930 et
674 3877 884 3938 laetitia,
911 3887 1116 3927 necnon
1152 3870 1254 3923 alia
1281 3867 1486 3930 omnia,
1519 3882 1640 3935 qua:
1673 3865 1725 3919 in
1751 3863 2033 3932 promissis
2067 3864 2164 3917 ha-

598 3973 829 4031 bentur,
863 3965 1043 4034 impiis
1088 3977 1216 4017 vero
1255 3959 1402 4015 nulla
1452 3957 1843 4030 promissorum
1885 3955 2025 4011 ratio
2066 3956 2165 4011 ha-

596 4063 777 4118 betur.

1145 4145 1379 4204 CAPUT
1416 4146 1608 4205 XLIX.

666 4241 830 4298 Vsus.
863 4241 915 4296 l.
955 4259 976 4294 ι
1003 4240 1200 4296 Audite
1243 4255 1351 4306 me,
1375 4239 1599 4303 insulxe',
1630 4247 1687 4295 et
1715 4237 1997 4304 attendite,
2027 4250 2159 4307 gen-

2262 3128 2467 3196 γελίαν.
2502 3128 2722 3192 Τούτοις
2743 3129 2850 3202 γὰρ
2880 3132 3061 3195 αὐτοῖς
3090 3132 3150 3184 τὺ
3200 3131 3550 3186 ἀποστολικὺν
3585 3132 3735 3203 πόμα
3769 3133 3837 3187 τὸ

2260 3221 2325 3274 ἐκ
2349 3221 2449 3290 τῆς
2481 3221 2739 3292 ἀληθινῆς
2767 3222 2969 3292 πέτρας
2995 3223 3252 3296 ἐξομϐρεῖ
3270 3241 3285 3255 ο
3324 3243 3342 3276 ι
3388 3225 3452 3278 Ἦ
3479 3225 3654 3297 πέτρα
3677 3224 3736 3279 δὲ
3759 3219 3836 3297 ἦν

2259 3314 2288 3367 ὁ
2314 3314 2597 3385 Χριστὸς,›
2637 3313 2776 3367 κατὰ
2805 3314 2896 3366 τὸν
2939 3315 3276 3370 Ἀπόστολον.

2336 3426 2355 3458 ι
2387 3407 2496 3460 Καὶ
2520 3408 2612 3460 ἐὰν
2646 3406 2931 3478 διψήσωσι,
2963 3407 3028 3460 δι’
3057 3409 3264 3480 ἐρήμου
3290 3410 3408 3476 ἄξει
3435 3411 3630 3474 αύτούς
3648 3429 3661 3441 ·
3686 3410 3835 3484 ὕδωρ

2261 3499 2325 3550 ἐκ
2375 3495 2578 3568 πέτρας
2623 3495 2798 3561 ἐξάξει
2846 3497 3049 3562 αὐτοῖς.
3095 3497 3450 3569 Σχισθήσεται
3496 3502 3688 3570 πέτρα,
3740 3488 3837 3555 κάι

2263 3588 2520 3659 ρυήσεται
2567 3587 2731 3658 ὕδωρ,
2782 3589 2876 3641 καὶ
2924 3589 3102 3641 πίεται
3149 3590 3178 3640 ὀ
3226 3589 3352 3652 λαός
3401 3608 3521 3661 μου.
3560 3592 3671 3644 Ούκ
3717 3591 3836 3644 ἐστι

2261 3679 2490 3749 χαίρειν,
2531 3677 2678 3746 λέγει
2724 3677 2948 3750 Κύριος,
2991 3681 3101 3741 τοῖς
3143 3678 3414 3734 ἀσεϐέσιν.
3469 3700 3488 3732 ι
3535 3679 3835 3735 Εύσεϐοῦσι

2258 3768 2367 3841 γὰρ
2401 3771 2548 3822 πᾶσα
2578 3769 2838 3841 πάρεστιν
2871 3771 2905 3840 ἡ
2940 3770 3090 3843 παρὰ
3121 3771 3216 3823 τοῦ
3245 3770 3381 3824 Θεοῦ
3411 3771 3589 3844 τρυφὴ
3619 3772 3711 3825 καὶ
3739 3772 3837 3824 εύ-

2259 3859 2521 3932 φροσύνη,
2566 3861 2659 3915 καὶ
2703 3862 2803 3915 ὅσα
2841 3862 3172 3932 ἐπήγγελται
3217 3862 3396 3931 ἀγαθὰ
3426 3863 3580 3917 ἄλλαο
3625 3866 3734 3928 τοῖς
3771 3862 3836 3918 δι

2260 3952 2510 4008 ἀσεϐέσιν
2539 3952 2714 4017 οὐδεὶς
2747 3951 2904 4022 λόγος
2935 3953 3072 4024 πρὸς
3099 3953 3168 4008 τὰ
3195 3953 3600 4026 ἐπηγγελμένα.

2765 4156 3158 4212 ’ἰΕΦΑΛΑῐΟΝ
3195 4154 3328 4212 ΜΘ’.

2336 4270 2356 4304 ι
2417 4249 2708 4305 Ἀκούσατέ
2751 4268 2874 4322 μου,
2921 4250 3093 4321 νῆσοι,
3119 4251 3225 4304 διαὶ
3269 4247 3585 4321 προσέχετε,
3618 4245 3762 4318 ἐθνη.
3805 4264 3827 4298 ι

594 4343 698 4390 tes.
730 4353 750 4386 ι
786 4333 987 4402 Aperte
1034 4331 1302 4401 signiﬁcat
1348 4346 1407 4386 se
1438 4346 1542 4386 non
1571 4327 1788 4385 Judmos
1819 4329 1872 4384 in
1905 4327 2156 4398 praesenti

2263 4345 2560 4415 Μονονουχὶ
2597 4343 2781 4412 σαφῶς
2810 4343 3264 4414 διαστελλόμενος,
3296 4343 3397 4406 ὅτι,
3431 4341 3508 4412 μὴ
3529 4339 3660 4411 πρὸς
3702 4340 3835 4392 Ἰου-

592 4428 941 4498 compellare,
976 4440 1150 4495 neque
1179 4425 1245 4478 ad
1278 4425 1504 4494 quasvis
1534 4423 1720 4478 obvias
1752 4421 1957 4478 insulas
1989 4421 2156 4476 verba

2264 4435 2441 4499 δαίους
2595 4405 2840 4506 παρόντα
2878 4405 3162 4498 συντείνει,
3202 4433 3324 4504 μηδ’
3494 4405 3653 4502 ἐτυχε
3695 4429 3837 4502 πρός

594 4523 793 4585 facere,
827 4518 920 4572 sed
955 4516 1020 4569 ad
1047 4525 1237 4585 gentes
1266 4525 1320 4569 et
1351 4515 1417 4570 ad
1467 4515 1558 4569 Dei
1593 4513 1866 4568 Ecclesias
1894 4513 1948 4568 in
1977 4511 2159 4568 medio

592 4612 834 4683 gentium
894 4607 1120 4678 positas.
1173 4606 1516 4677 Quapropter
1567 4604 1864 4660 secundum
1911 4602 2159 4675 Symma-t

590 4707 777 4768 chum,
806 4703 888 4758 sic
925 4701 1123 4770 legitur
1153 4718 1168 4754 :
1202 4716 1222 4751 ι
1243 4698 1437 4753 Audite
1469 4713 1575 4764 me,
1615 4696 1824 4760 insula),
1871 4705 1926 4750 et
1947 4693 2161 4750 ausculo

592 4806 724 4860 tate,
753 4807 968 4866 gentes.
1001 4816 1021 4849 ι
1063 4793 1205 4862 Quid
1239 4791 1402 4863 igitur
1430 4791 1684 4846 Ecclesia:
1732 4805 1843 4846 suae
1879 4790 2160 4845 declarare

589 4897 828 4957 expetat,
880 4888 954 4942 ita
1007 4887 1194 4943 subdit
1231 4901 1244 4938 :
1276 4903 1295 4937 ι
1347 4883 1450 4940 Per
1485 4882 1713 4936 multum
1753 4891 1964 4952 tempus
1988 4881 2159 4936 stabit

594 4978 876 5032 Dominus.
912 4997 931 5030 ι
962 4978 1039 5032 Ac
1065 4977 1243 5047 primo
1269 4975 1666 5032 observandum
1688 4984 1794 5037 est,
1826 4977 1941 5028 haec
1963 4982 2019 5028 et
2041 4986 2160 5042 quae

596 5077 779 5135 postea
801 5070 1230 5139 subsequuntur,
1271 5082 1338 5122 ex
1369 5081 1596 5138 persona
1639 5064 1850 5119 Domini
1897 5063 2156 5134 proferri.

595 5159 698 5214 Ubi
727 5161 838 5228 ipse
864 5160 1148 5226 Dominus,
1179 5161 1270 5229 qui
1303 5173 1610 5214 sermonem
1642 5171 1870 5211 exorsus
1905 5165 2010 5222 est,
2039 5171 2159 5224 quze

595 5252 924 5319 adjiciuntur
942 5252 1098 5322 quasi
1129 5253 1194 5306 de
1220 5251 1324 5306 alio
1353 5251 1494 5306 dicta
1523 5250 1767 5304 declarat
1791 5266 1808 5303 :
1852 5249 1960 5303 imo
1994 5249 2158 5302 etiam

593 5357 713 5398 sese
741 5343 981 5412 genitum
1017 5357 1136 5396 esse
1164 5343 1386 5407 fatetur,
1415 5352 1469 5396 et
1507 5356 1720 5396 servum
1760 5348 2060 5409 nuncupat,
2105 5349 2163 5394 et

595 5433 764 5486 multa
797 5433 903 5487 alia
936 5435 987 5486 itt
1025 5435 1376 5500 sequentibus
1419 5433 1614 5502 aperit.
1659 5429 1740 5487 Ne
1776 5430 1912 5500 jam,
1959 5432 2158 5500 inquit,

595 5527 720 5578 dum
759 5524 872 5579 haec
893 5523 1152 5595 eloquor,
1183 5527 1468 5581 verborum
1500 5525 1753 5582 eﬁ‘cctum
1800 5541 1896 5583 vos
1945 5526 2161 5582 visuros

664 5702 710 5734 ⁸³
739 5701 869 5760 Luc.
913 5718 986 5773 tv,
1027 5707 1110 5762 £8.
1186 5708 1232 5742 ”
1268 5707 1431 5763 lCnr.
1467 5709 1596 5773 L4.

2261 4544 2414 4590 τινας
2460 4526 2781 4598 προχείρους
2823 4525 3123 4596 νοουμένας
3160 4525 3378 4599 νήσους,
3428 4523 3562 4577 ἀλλὰ
3595 4523 3730 4593 πρὸς
3762 4521 3837 4576 τὰ

2260 4618 2387 4689 ἐθνη
2431 4619 2525 4671 καὶ
2569 4618 2668 4682 τὰς
2725 4617 2925 4690 μεταξὺ
2982 4617 3088 4672 τῶν
3141 4616 3308 4669 ἐθνῶν
3362 4615 3839 4687 μεσολαϐουμένις

2261 4709 2353 4764 τοῦ
2383 4709 2517 4763 Θεοῦ
2554 4711 2899 4781 Ἐκκλησίας.
2930 4709 3092 4763 Ὅθεν
3123 4709 3217 4762 καὶ
3250 4708 3390 4762 κατὰ
3417 4708 3506 4761 τὸν
3540 4707 3837 4778 Σύμμαχον

2260 4798 2446 4852 τοῦτον
2477 4799 2690 4871 εἴρηται
2715 4800 2806 4854 τὸν
2838 4800 3067 4872 τρόπον,
3117 4818 3135 4850 ι
3182 4798 3474 4852 Ἀκούσατέ
3505 4815 3626 4868 μου,
3657 4800 3834 4868 νῆσοι,

2264 4890 2357 4942 καὶ
2392 4891 2753 4964 ἀκροάσασθε,
2781 4891 2926 4961 ἔθνη.
2973 4910 2992 4943 ι
3028 4891 3091 4943 Τί
3121 4891 3298 4945 τοίνυν
3328 4889 3571 4962 βούλεται
3602 4888 3837 4955 διδάξειν

2263 4981 2360 5052 τὴν
2398 4983 2721 5056 Ἐκκλησίαν
2743 4984 2930 5048 αὐτοῦ,
2949 4983 3210 5053 ἐπιλέγει,
3243 5001 3260 5034 ι
3295 4983 3394 5037 Διὰ
3418 4983 3607 5055 χρόνου
3633 4980 3838 5034 πολλοῦ

2267 5073 2518 5143 στήσεται
2558 5074 2780 5145 Κύριος.
2820 5095 2838 5125 ι
2878 5075 2987 5128 Καὶ
3025 5073 3236 5144 πρῶτον
3267 5071 3639 5144 ἐπιτηρητέον,
3667 5071 3742 5133 ὡς
3769 5071 3840 5123 ἐκ

2265 5161 2555 5233 προσώπου
2594 5162 2687 5215 τοῦ
2730 5165 2934 5236 Κυρίου
2981 5162 3154 5217 ταῦτα
3198 5163 3417 5235 φέρεται
3466 5164 3558 5216 καὶ
3599 5161 3666 5214 τὰ
3704 5162 3838 5232 ἑξῆς

2262 5254 2469 5318 τούτοις
2503 5256 2901 5328 ἐπιφερόμενα*
2930 5257 2986 5308 ἐν
3015 5251 3094 5319 οἷς
3118 5256 3278 5319 αὐτὸς
3308 5258 3336 5309 ό
3366 5255 3460 5308 τοῦ
3491 5255 3648 5324 λόγου
3694 5271 3826 5307 κατ-

2262 5345 2433 5417 άρξας
2465 5347 2666 5418 Κύριος
2701 5347 2777 5410 ὡς
2828 5348 2955 5422 περὶ
3003 5349 3187 5420 ἐτέρου
3221 5348 3459 5401 διδάσκει
3485 5347 3552 5400 τὰ
3584 5345 3836 5415 ἐπιλεγό-

2267 5452 2432 5506 μενα’
2471 5437 2606 5490 ἀλλὰ
2647 5438 2740 5490 καὶ
2783 5438 3142 5508 γεγεννῆσθαι
3192 5438 3381 5492 ἑαυτὸν
3417 5438 3686 5510 ὁμολογεῖ,
3732 5441 3836 5493 καὶ

2263 5527 2443 5583 δοῦλον
2475 5529 2664 5598 ἑαυτὸν
2703 5528 2975 5601 ὀνομάζει,
3004 5531 3096 5584 καὶ
3122 5531 3222 5586 ὅσα
3250 5530 3384 5586 ἄλλα
3417 5531 3712 5603 παρίστησι
3738 5525 3854 5590 διὰ
