4130 6400
2846 329 2880 360 ,⁸

311 355 416 410 429
1191 350 1696 407 COMMENTAR-IA
1735 352 1801 406 IN
1842 351 2098 408 ISAIAM.
2139 385 2204 396 --
2242 355 2395 411 CAP.
2437 354 2624 410 XLIX.
2846 350 2864 360 ⁷
3439 354 3545 414 430

310 471 419 524 τῶν
447 467 575 538 ἑξῆς
612 467 1040 538 ἐπιφερομένων.
1086 461 1176 538 Μὴ
1216 466 1331 532 νῦν,
1370 468 1553 536 φησὶν,
1596 466 1684 519 ὂτε
1713 466 1883 520 ταῦτα
1911 476 1941 528 Α

1911 476 1960 528 Α
1987 482 2107 523 esse
2143 478 2390 537 sperate:
2424 485 2550 522 nam
2603 469 2918 524 diuturnum
2974 467 3276 526 intereedet
3307 479 3539 540 tempus,

310 563 673 632 διεξέρχομαι,
730 559 1136 631 προσδοκήσητε
1181 559 1288 612 τῶν
1330 559 1502 627 λόγων
1542 558 1767 627 ὄψεσθαι
1814 559 1881 612 τὰ

1980 570 2268 629 antequam
2313 574 2377 615 ea
2430 576 2551 631 quae
2601 561 2655 616 in
2694 561 2976 632 prophetia
3013 563 3387 630 enuntiantur,
3418 580 3543 620 eve-

311 654 726 725 ὰποτελέσματα
746 669 760 682 ’
797 651 1004 724 μακρὸς
1032 651 1138 724 γὰρ
1167 651 1317 704 ἕσται
1350 649 1550 722 μεταξὺ
1590 651 1779 722 χρόνος
1822 653 1879 703 ἐν

1981 652 2150 706 niant.
2222 670 2240 703 ι
2287 651 2366 707 Ex
2423 663 2577 708 utero
2633 654 2825 709 matris
2881 668 3014 709 mea:
3072 657 3288 710 vocavit
3347 672 3542 712 nomen

309 744 353 818 ᾧ
393 750 459 803 δι’
493 748 668 820 ἔργων
715 746 1038 816 συστήσεται
1083 744 1149 798 τὰ
1193 745 1662 815 προφητευόμενα.
1713 763 1732 794 ‹
1786 745 1881 797 Ἐκ

1981 759 2180 798 meum.
2211 762 2228 794 ι
2258 740 2318 797 Id
2360 743 2604 808 ediscite,
2651 756 2864 815 gentes,
2897 757 2956 801 et
2981 763 3096 812 vos,
3137 749 3344 803 insulae.
3373 750 3543 816 Quid-

311 841 517 903 κοιλίας
554 836 755 910 μητρός
792 854 891 908 μου
930 837 1153 890 ἐκάλεσε
1185 829 1246 890 τὸ
1279 830 1448 906 ὄνομά
1491 853 1611 907 μου.
1661 856 1678 888 ι
1711 836 1881 890 Τοῦτο

1983 852 2102 890 nam
2136 837 2283 900 illud,
2324 837 2424 890 nisi
2455 837 2598 905 quod
2634 837 2890 892 Dominus
2935 842 3174 894 omnium
3213 841 3540 902 dominator,

311 933 422 1004 γὰρ
457 931 797 1002 παιδεύθητε,
828 923 875 983 ὦ
907 929 1053 1000 ἔθνη,
1085 929 1178 983 καὶ
1211 929 1387 999 ὑμεῖς,
1427 929 1481 981 αἰ
1516 921 1684 1006 νῆσοι.
1721 929 1879 980 Ποῖον

1981 928 2064 982 vel
2097 938 2382 998 antequam
2409 944 2506 998 ego
2542 927 2803 984 Dominus
2834 932 2900 984 ad
2934 932 3178 987 homines
3200 934 3540 997 accederem,

312 1022 368 1075 δὲ
392 1019 565 1086 τούτο,
599 1019 632 1090 ἣ
660 1022 742 1075 ὃτι
770 1019 972 1091 Κύριος
1005 1021 1033 1072 6
1065 1020 1279 1073 πάντων
1307 1018 1592 1088 δεσπότης,
1629 1019 1722 1072 xui
1754 1019 1878 1088 πρὶν

1981 1032 2035 1076 et
2065 1028 2189 1077 dum
2221 1022 2273 1076 in
2313 1033 2464 1076 utero
2493 1032 2759 1090 gestarer,
2821 1038 2904 1078 me
2941 1025 3237 1092 vocaverit,
3301 1027 3544 1097 mihique

314 1117 394 1178 εἰς
420 1113 736 1186 ἀνθρώπους
776 1112 873 1184 ἐμὲ
899 1112 988 1165 τὸν
1025 1108 1228 1182 Κύριον
1267 1108 1547 1172 εἰσελθεῖν,
1579 1108 1658 1162 ἔτι
1685 1109 1879 1180 κυόμε-

1981 1128 2176 1168 nomen
2232 1113 2529 1168 indiderit?
2581 1113 2715 1180 Quia
2772 1118 3228 1185 quemadmodum
3285 1120 3383 1189 ipsi
3440 1121 3539 1176 soli

313 1222 423 1269 vov,
460 1205 554 1258 xui
600 1203 738 1257 κατὰ
775 1203 1007 1274 γαστρὸς
1048 1201 1428 1264 ἀνεκαλέσατο,
1478 1201 1637 1264 αὐτὸς
1686 1199 1741 1253 δέ
1788 1219 1877 1273 μοι

1977 1203 2090 1273 jam
2130 1215 2314 1259 nouitn
2356 1205 2483 1260 illud
2528 1197 2638 1272 est;
2690 1207 2767 1262 sic
2799 1218 2852 1262 et
2903 1211 3055 1264 vobis
3107 1212 3257 1279 ipsis,
3291 1215 3543 1270 omnibus

312 1295 406 1349 xui
432 1295 600 1364 ὄνομα
627 1294 964 1365 ὲδωρήσατο;
1002 1294 1124 1346 Ὅτι
1161 1292 1257 1362 μὲν
1286 1291 1361 1355 ὡς
1388 1291 1534 1362 αὐτῷ
1570 1292 1713 1362 μόνῳ
1739 1291 1877 1360 γνὼ-

1765 1291 1877 1344 ⁹νώ-
1984 1309 2175 1363 nempe
2198 1297 2465 1364 gentibus,
2497 1312 2596 1351 suo
2635 1308 2873 1366 tempore
2897 1301 3244 1357 manifestum
3271 1305 3396 1358 erit.

314 1388 473 1463 ριμόν
505 1390 648 1441 ὲστιο
685 1386 826 1440 κατά
855 1387 1042 1459 καιρὸν
1082 1386 1138 1440 δὲ
1178 1386 1271 1440 καὶ
1317 1387 1451 1458 ὑμῖν
1495 1388 1695 1451 αὐτοῖς,
1734 1387 1875 1457 λέγω
1908 1389 2039 1442 πᾶσι
2069 1391 2179 1454 τοῖς
2204 1389 2400 1456 ἔθνεσι,
2428 1392 2656 1463 φανερὸν
2684 1392 2993 1466 γενήσεται.

388 1591 406 1623 ι
443 1573 550 1626 Καὶ
579 1572 738 1643 ἔθηκε
768 1572 828 1625 τὸ
861 1569 1032 1642 στόμα
1068 1583 1168 1642 μου
1199 1569 1273 1635 ὡς
1309 1570 1580 1643 μάχαιραν
1613 1573 1811 1639 ὀξεῖαν,
1849 1593 1868 1625 ι

2050 1572 2214 1628 Vens.
2240 1575 2296 1629 2.
2346 1594 2364 1627 ι
2395 1575 2458 1629 Et
2489 1577 2664 1646 posuit
2708 1593 2769 1633 os
2816 1593 2996 1633 meum
3039 1587 3098 1633 ut
3139 1578 3376 1651 gladium
3418 1598 3542 1638 acu--

325 1660 484 1714 Ἀλλὰ
515 1658 608 1714 xui
648 1660 840 1730 ἔθηκεν
867 1661 894 1714 6
923 1657 1080 1722 αὐτὸς
1105 1658 1236 1722 Θεὸς
1266 1661 1359 1712 καὶ
1409 1659 1596 1729 Πατὴρ
1641 1659 1703 1711 τὸ
1745 1658 1874 1729 ἐμὸν

1983 1675 2116 1721 tmn.
2143 1685 2162 1718 ι
2201 1667 2303 1720 Sed
2331 1668 2489 1720 etiam
2527 1669 2666 1724 idem
2698 1670 2836 1724 Deus
2888 1679 2940 1725 et
2963 1665 3150 1736 Pater,
3179 1675 3281 1727 mei
3323 1676 3420 1730 ista
3457 1677 3540 1731 lo-

313 1753 402 1806 τοῦ
457 1753 625 1806 ταῦτα
679 1752 924 1821 λέγοντος
980 1751 1182 1822 Κυρίου
1243 1750 1432 1821 στόμα,
1485 1750 1561 1813 ὡς
1607 1751 1876 1822 μάχαιραν
1911 1824 1944 1833 ﬁ

1911 1824 1948 1833 ﬁ
1983 1759 2200 1825 quentis
2227 1759 2488 1814 Dominus
2521 1777 2582 1815 os
2622 1763 2802 1830 posuit
2831 1772 2887 1817 ut
2913 1763 3152 1832 gladium
3205 1777 3447 1833 acutum,
3479 1784 3540 1822 ac

313 1844 510 1910 ὀξεῖαν,
546 1842 814 1914 τμητικὴν
838 1837 1022 1904 οὖσαν,
1049 1843 1127 1904 εἰς
1154 1841 1216 1893 τὸ
1235 1839 1461 1912 διαιρεῖν
1487 1841 1580 1894 xui
1601 1840 1877 1911 ἀφορίζειν
1911 1824 1944 1878 Π

1911 1824 1950 1878 Β
1980 1851 2124 1904 tenui
2156 1853 2228 1904 ad
2253 1852 2568 1907 scissionem
2609 1854 2744 1918 acie,
2771 1855 2836 1909 ad
2873 1857 3203 1924 separandos
3245 1866 3299 1912 et
3345 1873 3538 1928 seque-

311 1936 437 1998 τοὺς
465 1933 647 1998 ἀξίους
669 1932 758 1985 τοῦ
789 1931 922 1985 Θεοῦ
950 1931 1057 1985 ἀπὸ
1080 1932 1187 1985 τῶν
1217 1931 1290 2002 μὴ
1318 1931 1573 1984 τοιούτων
1593 1946 1607 1961 ⁸
1639 1930 1666 1984 ὃ
1691 1931 1754 2002 δὴ
1784 1931 1878 1984 καὶ

1978 1943 2230 1998 strandos
2250 1959 2372 2010 eos,
2427 1946 2516 2014 qui
2564 1939 2676 2001 Deo
2721 1947 2868 2017 digni
2904 1957 3050 2017 sunt,
3082 1950 3149 2004 ab
3177 1949 3268 2014 iis,
3298 1952 3389 2020 qui
3432 1967 3538 2005 non

312 2027 370 2079 ἓν
403 2024 745 2094 Εὐαγγελίοις
775 2027 802 2077 6
843 2024 1004 2087 αὐτὸς
1035 2023 1332 2095 ἐμαρτύρει
1370 2022 1543 2091 λέγων
1563 2063 1578 2086 ,
1608 2042 1632 2114 γι
1670 2023 1762 2094 Μὴ
1793 2040 1878 2114 νοέ-

1978 2033 2096 2104 pari
2129 2035 2289 2089 modo
2324 2050 2382 2090 se
2406 2035 2636 2091 habent.
2674 2039 2827 2104 Quod
2855 2039 3018 2093 etiam
3069 2042 3184 2111 ipse
3213 2042 3537 2114 in'Evange‘

315 2120 531 2190 μίσητε,
556 2120 635 2171 ὅτι
662 2113 822 2188 ἦλθον
854 2115 1032 2185 βαλεῖν
1076 2115 1300 2186 εἰρήνην
1325 2114 1417 2166 ἐπὶ
1441 2116 1537 2185 τῆς
1564 2113 1687 2183 γῆς,
1729 2131 1747 2163 ›
1783 2113 1877 2166 xui

1979 2126 2064 2181 liis
2090 2126 2484 2181 testiﬁcabatur
2510 2129 2693 2184 dicens
2731 2150 2744 2185 :
2780 2130 2994 2186 «Nolite
3025 2143 3250 2202 putare,
3279 2113 3536 2204 quoniam

312 2210 382 2263 τὰ
431 2208 576 2279 ἑξῆς.
630 2227 648 2259 ι
691 2209 798 2261 Καὶ
848 2207 952 2259 ὑπὸ
997 2205 1094 2277 τὴν
1129 2206 1336 2275 σκέπην
1387 2205 1483 2274 τῆς
1506 2204 1687 2275 χειρὸς
1713 2204 1874 2258 αὐτοῦ

1979 2219 2221 2272 venerim
2253 2235 2438 2289 pacem
2472 2222 2688 2277 mittere
2723 2238 2885 2294 super
2915 2233 3116 2279 terram
3162 2224 3230 2292 ⁸³,
3266 2246 3286 2280 ι
3332 2237 3385 2282 et
3430 2245 3532 2283 cte-

315 2303 514 2374 ἔκρυψέ
551 2321 615 2374 με
641 2319 655 2333 θ
693 2299 854 2373 ἔθηκέ
885 2317 950 2371 με
990 2301 1064 2362 ὡς
1098 2299 1248 2369 βέλος
1285 2298 1561 2366 ἐκλεκτὸν,
1597 2296 1689 2351 xui
1724 2299 1782 2351 ὲν
1809 2301 1874 2369 τῇ

1979 2319 2116 2365 tera.
2163 2329 2182 2364 ι
2220 2311 2284 2366 Ει
2333 2315 2432 2368 sub
2484 2322 2794 2382 legumento
2850 2332 3043 2372 manus
3095 2332 3206 2374 suae
3253 2319 3539 2378 abscondit

316 2393 559 2468 φαρέτρα
599 2393 762 2449 αὑτοῦ
809 2392 1006 2464 ἔκρυψέ
1045 2407 1132 2462 με.
1175 2411 1194 2443 ι
1240 2392 1350 2461 Τὴν
1390 2389 1618 2462 κρύφιον
1644 2391 1877 2453 καὶτοῖς

1979 2419 2095 2458 me:
2129 2405 2308 2473 posuit
2337 2420 2420 2458 me
2445 2407 2598 2475 quasi
2627 2408 2880 2478 sagittam
2914 2409 3167 2474 electam,
3211 2421 3265 2466 et
3311 2414 3361 2465 in
3387 2413 3534 2483 pha-

315 2485 526 2548 πολλοῖς
550 2485 908 2537 λανθάνουσαν
935 2482 1240 2552 οἰκονομίαν
1265 2481 1363 2551 τῆς
1392 2479 1655 2549 ὲνσάρκου
1685 2497 1878 2551 παρου-

1979 2503 2120 2547 retra
2155 2510 2250 2548 sua
2289 2496 2577 2551 abscondit
2626 2513 2731 2554 me.
2764 2517 2784 2552 ι
2818 2499 3096 2555 Occultam
3125 2519 3187 2556 ac
3210 2505 3402 2560 multis
3441 2508 3537 2561 ho-

314 2577 434 2640 σίας
460 2575 620 2629 αὑτοῦ
647 2569 747 2628 ὧδέ
770 2593 842 2647 πη
877 2574 1259 2643 αἰνιττόμενος.
1291 2571 1498 2640 Ὥσπερ
1523 2571 1577 2622 δὲ
1609 2570 1876 2641 μάχαιραν

1978 2585 2214 2639 minibus
2241 2584 2497 2640 latentem
2527 2591 2886 2644 mconomiam
2926 2593 3009 2647 sui
3044 2595 3098 2647 in
3140 2611 3306 2651 carne
3336 2598 3537 2652 adven-

311 2665 488 2733 όξεϊαν
517 2667 615 2737 τὴν
638 2666 884 2735 γλῶσσαν
910 2662 1072 2718 αὐτοῦ
1101 2661 1404 2732 ὠνόμασεν,
1431 2660 1572 2714 οὕτω
1600 2662 1692 2714 xui
1725 2662 1875 2732 βέλος

1977 2681 2062 2728 tus
2094 2675 2176 2730 his
2203 2676 2529 2733 subindieat.
2560 2679 2714 2736 Sicut
2739 2693 2915 2760 autem
2939 2683 3184 2754 linguam
3233 2705 3389 2744 suam
3413 2691 3534 2762 gla-

312 2758 564 2813 ὲκλεκτόν
593 2773 723 2828 φησι
752 2754 1020 2808 τεθεῖσθαι
1051 2753 1238 2806 ἑαυτὸν
1269 2749 1373 2804 ὑπὸ
1414 2751 1506 2805 τοῦ
1536 2752 1774 2824 Πατρός·
1809 2751 1874 2805 ἶν’

1976 2767 2120 2820 dium
2172 2779 2393 2824 acutum
2445 2774 2679 2838 vocavit,
2726 2749 2798 2829 ita
2840 2784 2896 2829 et
2947 2791 3006 2831 se
3037 2777 3256 2834 aPatre
3284 2749 3533 2853 sagitiam

307 2853 397 2905 ὅτε
431 2849 688 2921 βούλοιτο,
717 2845 992 2918 τιτρώσκῃ
1031 2845 1153 2908 τοὺς
1194 2843 1376 2908 ἀξίους
1411 2843 1517 2897 τῶν
1556 2843 1720 2897 αὐτοῦ
1751 2844 1874 2896 κέν-

1975 2857 2199 2913 electam
2232 2851 2464 2930 positum
2501 2862 2671 2920 fuisse
2707 2875 2971 2934 testatur;
3011 2879 3069 2923 ut
3106 2872 3314 2940 quoties
3346 2843 3533 2942 vellet,

307 2959 478 3014 τρωνο
511 2941 667 2995 ὁποία
696 2937 762 3012 ἦν
791 2939 988 3010 ἡψυχὴ
1015 2939 1048 3008 ἡ
1072 2936 1321 3005 λέγουσα,
1359 2955 1377 2987 ι
1414 2935 1872 3033 Ὕλῃ-τετραμμένη

1975 2948 2163 3004 feriret.
2208 2967 2321 3016 eos,
2367 2954 2458 3023 qui
2511 2954 2817 3023 huiusmodi
2859 2960 3066 3030 spicqu
3110 2935 3258 3033 digiti
3295 2935 3530 3023 essent;

313 3034 529 3103 ἀγάπης
561 3032 686 3101 ἐγώ.
731 3051 750 3084 ι
791 3030 935 3100 Πλὴν
963 3028 1096 3082 ἀλλὰ
1121 3028 1214 3081 καὶ
1245 3028 1402 3080 τοῦτο
1439 3027 1498 3080 τὸ
1537 3026 1688 3097 βέλος
1710 3025 1785 3088 ὡς
1817 3028 1874 3079 ἐν

1972 3042 2146 3111 qualis
2174 3053 2294 3098 erat
2323 3046 2501 3099 anima
2532 3046 2642 3112 illa,
2665 3060 2787 3120 quae
2826 3025 3060 3118 dieehat,
3114 3072 3130 3106 ι
3168 3025 3305 3121 Quia
3343 3059 3537 3113 vulneo

313 3125 556 3196 φαρέτρα
586 3123 676 3176 xui
711 3123 852 3193 θήκῃ
887 3120 1053 3191 βελῶν
1066 3118 1404 3236 Δάπέκρυψεν
1430 3117 1613 3236 ἶὶΘεὸς
1641 3117 1733 3221 καὶ
1756 3117 1872 3236 Eu:
1897 3177 1941 3236 α

1897 3177 1941 3236 C
1975 3145 2088 3190 rata
2116 3149 2298 3190 amore
2324 3151 2423 3207 ego
2458 3137 2523 3192 ⁸⁵.
2559 3157 2575 3190 ι
2604 3138 2870 3196 Οωιετυιη
2893 3141 3041 3199 hanc
3065 3146 3340 3215 sagittam,
3377 3151 3528 3219 quasi

312 3217 445 3287 τῆρ’
469 3216 552 3268 ἵνα
586 3216 658 3286 μὴ
689 3214 884 3276 πάντες
913 3213 1040 3266 αὐτὸ
1065 3211 1328 3282 θεωρῶσι,
1364 3209 1494 3280 μηδὲ
1521 3210 1796 3280 νομιῶσιν,
1825 3211 1872 3264 εἰ
1897 3209 1941 3236 ν

1899 3209 1941 3236 υ
1978 3228 2032 3282 in
2065 3228 2319 3297 pharetra
2349 3237 2404 3283 et
2433 3231 2754 3301 sagittarum
2791 3235 2944 3290 theca
2981 3209 3330 3296 Deus'l’ater
3370 3209 3530 3313 r'epo—

315 3308 390 3378 μὴ
421 3307 566 3378 μόνοι
595 3307 644 3359 οἰ
679 3305 837 3370 ἄξιοι.
879 3303 1236 3374 Καταλλήλως
1261 3301 1316 3355 δὲ
1343 3303 1435 3354 ἐπὶ
1457 3304 1521 3373 τῇ
1561 3300 1653 3354 τοῦ
1689 3301 1872 3405 βέλους

1976 3319 2114 3385 suit;
2150 3335 2218 3374 ne
2239 3320 2382 3375 illam
2412 3337 2601 3378 omnes
2625 3326 2874 3381 viderent
2897 3343 2961 3382 ac
2985 3329 3257 3386 aestimare
3289 3344 3529 3405 possent,

311 3396 580 3467 ἐπηγορίᾳ
605 3395 679 3466 τῷ
709 3395 809 3465 τῆς
834 3395 1106 3466 φαρέτρας
1134 3394 1349 3462 ὀνόματι
1383 3392 1661 3463 κέχρηται.
1699 3393 1870 3485 Φαρέξ

1975 3412 2151 3482 d'rgnis
2188 3422 2396 3468 tantum
2425 3418 2688 3485 exceptis.
2711 3417 3092 3476 Consentanee
3119 3392 3304 3478 autem
3333 3425 3400 3480 ad
3444 3442 3533 3479 sa-

307 3503 442 3558 τραν
487 3487 542 3538 δὲ
583 3487 673 3538 xui
712 3485 1002 3556 βελοθήκην
1047 3486 1146 3536 οὐκ
1188 3483 1252 3536 ἂν
1303 3483 1566 3554 ἁμάρτοις
1608 3482 1774 3536 εἰπὼν
1809 3483 1870 3536 τὸ

1974 3502 2119 3572 gittaz
2157 3504 2504 3570 vocabulum,
2540 3509 2807 3574 pharetrae
2838 3513 3055 3566 nomine
3085 3529 3215 3570 usus
3249 3527 3350 3571 est.
3383 3518 3530 3572 'I’ha-

309 3578 532 3650 σαρκίον
559 3579 586 3630 ὂ
619 3577 899 3647 ἀνείληφεν
927 3578 954 3628 6
988 3575 1078 3630 τοῦ
1117 3573 1250 3628 Θεοῦ
1279 3574 1445 3642 Λόγος
1475 3574 1751 3644 ἐπιδημῶν
1777 3575 1870 3627 ἁν-

1974 3601 2173 3648 retram
2201 3609 2328 3650 vero
2357 3608 2412 3651 et
2442 3597 3000 3667 sagittarum'thecam
3035 3607 3346 3676 neutiquam
3373 3611 3530 3664 aber-

306 3669 564 3742 θριθποις.
593 3668 842 3722 Τοιοῦτον
864 3667 919 3721 δὲ
947 3666 1447 3736 κατεσκευασμένον
1479 3666 1568 3718 τὸν
1591 3665 1763 3718 ταῦτα
1791 3665 1869 3719 λέ-

506 3762 544 3773 vv
571 3759 583 3773 ο
741 3762 752 3773 ο
785 3761 797 3772 ι
856 3759 868 3773 \
945 3759 982 3773 Λ
1017 3758 1030 3773 ι
1174 3757 1185 3773 ι
1231 3758 1272 3773 π
1353 3757 1364 3773 1
1473 3752 1495 3773 ν
1549 3756 1562 3773 1

1971 3697 2082 3750 res,
2108 3686 2152 3741 si
2187 3687 2335 3743 dicas
2359 3702 2480 3744 esse
2502 3705 2748 3758 carnem,
2782 3708 2943 3762 quam
2993 3695 3084 3751 Dei
3123 3698 3353 3755 Verbum
3389 3705 3526 3773 apud

304 3777 472 3831 γοντα
505 3759 705 3831 Κύριον
731 3762 759 3812 6
781 3759 910 3829 ἐμὸς
942 3758 1072 3820 Θεὸς
1103 3757 1194 3810 καὶ
1229 3757 1415 3828 Πατὴρ
1447 3752 1564 3810 εἰπέ.
1599 3775 1706 3828 μοι·

2733 3752 2744 3758 ,
2799 3752 2816 3762 _
3144 3752 3192 3754 η
3392 3752 3526 3773 _,-.-_

1973 3777 2217 3833 homines
2237 3781 2587 3849 peregrinaris
2603 3770 2912 3854 assumpsit.
2940 3785 3036 3843 llis
3070 3790 3241 3844 modis
3259 3791 3526 3849 instructo

1969 3869 2122 3938 mihi,
2153 3872 2243 3940 qui
2275 3873 2392 3928 haec
2417 3873 2628 3944 loquor,
2653 3875 2895 3944 Domino,
2917 3877 3058 3936 Deus
3077 3888 3131 3936 et
3149 3880 3310 3938 Pater
3341 3883 3478 3940 dixit
3505 3901 3523 3946 :

381 4062 400 4094 ι
445 4044 640 4108 Δοῦλός
673 4063 772 4116 μου
804 4041 856 4100 si
887 4048 971 4112 σὺ,
1020 4047 1252 4120 Ἰσραὴλ,
1288 4046 1379 4103 καὶ
1409 4051 1466 4102 ἐν
1499 4049 1580 4102 σοὶ
1607 4049 1864 4122 δοξαττθή⁶

2042 4057 2202 4113 Vsus.
2235 4057 2287 4113 5.
2324 4079 2342 4111 ι
2367 4057 2564 4117 Servus
2591 4076 2744 4119 meus
2771 4078 2830 4119 es
2852 4070 2930 4131 tu,
2960 4063 3148 4132 Israel,
3173 4066 3302 4123 etin
3334 4074 3384 4122 te
3409 4067 3526 4140 glo-

305 4151 488 4206 σομαι.
531 4156 549 4188 ι
595 4138 810 4210 Ἐπειδὴ
839 4139 944 4214 γὰρ
978 4141 1244 4212 προῆλθες
1275 4144 1337 4195 ἐκ
1387 4143 1591 4206 κοιλίας
1635 4144 1861 4224 μητρὸς,

1968 4147 2169 4202 riabor.
2197 4165 2216 4200 ι
2259 4149 2392 4216 Quia
2438 4152 2584 4206 enim
2630 4169 2696 4208 ex
2752 4155 2913 4212 utero
2948 4159 3138 4213 matris
3169 4138 3439 4229 prodiiSti,
3467 4173 3523 4218 et

299 4229 395 4280 xui
437 4228 648 4297 γένεσιν
682 4231 976 4302 ὑπέμεινας
1012 4232 1109 4303 τὴν
1154 4236 1217 4287 ὲκ
1264 4234 1570 4309 σπέρματος
1626 4235 1860 4308 Ἰσραὴλ,

1966 4248 2144 4293 ortum
2169 4254 2243 4294 ex
2273 4243 2478 4298 semine
2512 4243 2676 4299 Israel
2711 4233 2910 4315 tuIiSti';
2935 4263 3040 4303 non
3075 4228 3183 4305 alio
3209 4251 3268 4305 in
3301 4267 3520 4323 genere,

297 4321 400 4373 οὐκ
431 4323 490 4374 ἐν
533 4323 703 4395 ἑτέρῳ
743 4325 907 4393 γένει,
955 4325 1073 4378 οὐδὲ
1105 4327 1162 4379 ὲν
1195 4326 1506 4396 ἀλλοφύλοις
1549 4328 1722 4383 ἔθνεσι
1766 4329 1862 4401 τὴν

1967 4346 2140 4401 neque
2168 4332 2223 4387 in
2260 4332 2579 4403 alienigenis
2613 4326 2886 4405 gentibus,
2939 4321 3373 4397 incarnationem
3404 4345 3522 4398 edi-

297 4409 712 4484 ὲνανθρώπησιν
738 4416 1003 4487 ἐποιήσω·
1035 4417 1147 4470 ἀλλ’
1173 4421 1229 4471 ὲν
1258 4419 1334 4490 τῷ
1370 4421 1582 4492 Ἰσραὴλ
1609 4421 1672 4473 ἐκ
1698 4421 1861 4491 σπέρ-

1967 4423 2125 4489 disti;
2175 4424 2269 4478 sed
2324 4425 2376 4479 in
2406 4425 2574 4482 Israel
2604 4443 2667 4482 ex
2699 4430 2906 4485 semine
2956 4431 3149 4495 David,
3181 4444 3237 4488 et
3265 4447 3332 4488 ex
3379 4435 3519 4489 tribu

300 4516 468 4574 ματος
497 4504 658 4556 Δαυῒδ
685 4506 822 4558 κατὰ
857 4507 1052 4578 σάρκα,
1087 4510 1179 4561 xui
1208 4510 1270 4562 ἐκ
1299 4511 1473 4580 φυλῆς
1519 4511 1686 4565 Ἰούδα
1717 4513 1862 4580 γενό-
1894 4536 1931 4590 D

1894 4536 1936 4590 ι)
1963 4510 2097 4567 Iuda
2126 4517 2417 4570 secundum
2453 4533 2673 4573 carnem
2705 4531 2880 4584 ortus,
2908 4520 3032 4590 jure
3074 4532 3129 4577 et
3155 4525 3278 4593 ipse
3304 4540 3523 4596 quoque

297 4610 480 4665 μενος,
523 4596 745 4660 εἰκότως
789 4598 881 4651 καὶ
931 4598 1090 4663 αὐτὸς
1149 4600 1358 4672 Ἰσραὴλ
1403 4603 1745 4674 χρηματίσας
1793 4603 1859 4656 ἂν

1967 4603 2130 4658 Israel
2159 4609 2392 4674 vocaris,
2437 4617 2493 4662 et
2530 4623 2741 4676 servus,
2774 4613 2896 4681 quia
2939 4614 3083 4667 servi
3110 4613 3336 4669 formam
3367 4632 3523 4672 acce-

294 4685 391 4737 xui
415 4685 620 4749 δοῦλος,
645 4686 731 4739 διὰ
754 4688 814 4740 τὸ
844 4688 1056 4759 μορφὴν
1079 4690 1264 4743 δούλου
1291 4691 1654 4762 ἀνειληφέναι,
1682 4693 1858 4746 καίτοι

1963 4696 2110 4763 pisti,
2139 4699 2240 4752 etsi
2273 4699 2581 4768 unigenitus
2606 4702 2681 4755 sis
2713 4700 2875 4758 Deus.
2900 4704 2968 4757 At
3000 4704 3108 4770 hic,
3147 4716 3204 4759 ut
3225 4707 3281 4760 in
3318 4722 3522 4776 praece-

295 4778 559 4848 μονογενῆ
585 4778 712 4832 ὄντα
732 4778 880 4832 Θεόν·
908 4779 1039 4834 ἀλλὰ
1068 4781 1175 4852 γὰρ
1195 4782 1394 4852 ὁμοίως
1419 4785 1530 4846 τοῖς
1555 4782 1858 4854 ἔμπροσθεν

1965 4787 2239 4856 dentibus,
2273 4789 2365 4844 lilii
2401 4794 2616 4862 quidem
2645 4808 2838 4849 nomen
2870 4803 3030 4858 tacet,
3062 4809 3391 4868 servumque
3426 4815 3521 4852 vo-

290 4871 388 4922 xui
433 4871 667 4925 ὲνταῦθα
718 4872 777 4925 τὸ
829 4873 929 4944 μὲν
981 4874 1073 4928 τοῦ
1120 4875 1236 4927 υἰοῦ
1283 4875 1452 4945 ὄνομα
1498 4876 1854 4947 ἀποκρύπτει,

1964 4888 2084 4946 cat,
2115 4879 2209 4933 ﬂiii
2243 4896 2435 4936 nomen
2460 4882 2716 4938 adventui
2748 4900 2846 4938 suo
2894 4894 2948 4938 et
2981 4885 3173 4953 gratim
3207 4900 3304 4955 per
3343 4889 3516 4957 ipsum

289 4961 475 5014 δοῦλον
498 4962 553 5014 δὲ
587 4963 856 5034 ὀνομάζει,
886 4966 984 5039 τὴν
1011 4965 1102 5019 τοῦ
1140 4965 1251 5019 υἱοῦ
1283 4967 1652 5037 προσηγορίαν
1763 4968 1859 5020 αύ-

1966 4969 2280 5025 hominibus
2325 4974 2574 5029 omnibus
2614 4975 2892 5041 revelatus,
2949 4990 3253 5033 reservans.
3291 4979 3517 5046 Deinde,

290 5051 385 5104 τοῦ
436 5055 709 5124 παρουσίᾳ
759 5056 852 5110 xui
894 5061 958 5128 τῇ
1004 5057 1069 5110 δι’
1114 5055 1276 5110 αὐτοῦ
1332 5058 1523 5110 πᾶσιν’
1553 5057 1857 5130 ἀνθρώποις

1962 5061 2105 5130 quod
2145 5064 2350 5116 nemini
2395 5081 2628 5134 unquam
2677 5081 2957 5122 servorum
2989 5083 3304 5125 concessum
3337 5082 3438 5136 est,
3466 5073 3519 5126 id

291 5141 734 5216 ἀνακαλυφθείσῃ
779 5147 958 5215 χάριτι
986 5148 1393 5218 ταμιευόμενος.
1435 5145 1549 5231 Εἰθ’
1595 5149 1732 5221 ὅπερ
1761 5150 1852 5203 οὑ-

1959 5163 2167 5220 perte,
2215 5153 2417 5223 inquit,
2471 5166 2793 5227 peragetur:
2847 5172 2972 5212 nam
3015 5159 3070 5213 in
3121 5168 3174 5214 te
3215 5161 3513 5231 gloriabor.

289 5225 402 5280 δενὶ
425 5227 534 5278 τῶν
559 5228 773 5284 πώποτε
789 5232 986 5287 δούλων
1010 5235 1239 5306 ὑπῆρξε,
1259 5234 1416 5289 τοῦτο
1438 5229 1527 5290 διὰ
1553 5235 1668 5300 σοῦ,
1696 5237 1865 5309 φησί,

1958 5242 2087 5298 Haec
2120 5243 2336 5312 quidem
2377 5246 2520 5302 Deus
2567 5225 2625 5303 et
2656 5248 2840 5305 Pater.
2893 5252 3004 5324 Ego
3051 5225 3346 5323 vero,‘qui
3403 5253 3517 5310 haec

287 5319 597 5387 γενήσεται’
629 5321 686 5373 ὲν
719 5324 800 5376 σοὶ
835 5326 942 5396 γὰρ
971 5326 1382 5400 δοξασθήσομαι.
1420 5327 1604 5382 Ταῦτα
1637 5328 1734 5399 μὲν
1762 5325 1854 5382 οὖν

1960 5333 2102 5401 dico,
2134 5335 2412 5402 Dominus,
2446 5337 2530 5390 his
2557 5337 2756 5394 auditis
2789 5319 2993 5409 verbis,
3028 5344 3100 5398 ita
3135 5319 3420 5414 respondi:
3453 5347 3517 5400 Et

285 5410 316 5464 6
343 5410 477 5473 Θεὸς
508 5411 600 5462 xui
632 5413 842 5486 Πατήρο
883 5416 994 5485 ἐγὼ
1022 5418 1077 5470 δὲ
1121 5422 1148 5472 ό
1195 5419 1366 5474 ταῦτα
1412 5419 1584 5490 λέγων
1628 5421 1848 5493 Κύριος,

1956 5426 2225 5494 quomodo
2253 5426 2304 5480 in
2337 5427 2792 5501 megleriaberis,
2844 5447 2876 5488 ο
2919 5433 3114 5490 Pater!
3167 5410 3290 5491 cum
3333 5439 3515 5492 multis

285 5502 495 5556 τούτων
522 5503 757 5569 ἀκούσας
777 5507 885 5560 τῶν
913 5509 1106 5578 λόγων,
1135 5513 1516 5585 ἀπεκρινάμην
1541 5513 1633 5566 καὶ
1665 5509 1814 5568 εἰπον
1835 5531 1847 5546 ’

1955 5517 2228 5573 laboribus
2259 5519 2641 5590 doloribusque
2665 5539 2761 5593 pro
2787 5525 2959 5582 salute
2989 5528 3265 5584 hominum
3297 5531 3515 5600 perfun-

284 5596 397 5650 Καὶ
428 5593 546 5658 πῶς
569 5593 870 5671 δοξασθήσῃ
899 5600 957 5654 ὲν
997 5603 1138 5672 ἐμοὶ,
1173 5595 1217 5656 ὦ
1244 5605 1461 5677 Πάτερι
1493 5605 1653 5660 ὁπότε
1683 5605 1850 5661 πολλὰ

1953 5619 2092 5676 etas,
2126 5610 2259 5666 nihil
2287 5611 2602 5682 perfecerim
2625 5614 2648 5670 ἲ
2673 5615 2824 5672 multi
2860 5633 3097 5692 namque
3121 5635 3187 5677 ex
3216 5593 3322 5678 illis
3349 5621 3402 5678 in
3427 5620 3513 5677 iu-

355 5777 401 5809 “
437 5774 628 5832 Matth.
669 5793 722 5844 κ,
758 5777 848 5834 δι,
927 5780 974 5814 ⁸⁸
1002 5780 1158 5838 Cant.
1185 5797 1242 5847 tt,
1275 5783 1326 5840 5.
