4130 6400
566 352 569 353 ν
595 321 696 377 451

1233 275 1500 374 FTUSEBII
1537 316 2007 376 ωεεΑωεΝδιε
2043 320 2199 382 OPP.
2245 324 2428 381 PARS
2465 323 2552 384 III.
2591 311 2660 371 έ-
2697 327 3111 386 EXEGETICA.

3734 337 3840 398 ιτς

591 437 910 493 credulitate
963 444 1320 500 manserunt;
1370 443 1532 504 alque
1587 434 1640 489 iu
1692 436 1883 506 primis
1949 435 2116 495 εἰοιιωί

2271 444 2484 515 καμὼν,
2540 444 2634 501 καὶ
2688 449 2912 521 μυρίους
2955 448 3154 514 κόπους
3207 449 3502 523 ὑπομείνας
3550 453 3690 528 ὑπὲρ
3738 459 3842 532 τῆς

589 546 760 601 quare
787 531 943 586 dico:

2273 537 2382 590 τῶν
2415 538 2715 610 ἀνθρώπων
2766 543 3061 614 σωτηρίας,
3096 543 3250 600 οὐδὲν
3296 545 3498 617 ἠνυσαο
3528 548 3578 600 oi
3619 549 3838 638 πλείους
3893 611 3896 614 ,

587 621 696 696 γάρ
738 621 916 676 αὐτῶν
948 620 1308 692 ἐναπέμειναν
1338 619 1406 693 τῇ
1437 618 1694 696 ἀπιστίᾳ»
1726 627 1820 680 καὶ
1849 627 2063 700 πρῶτόν
2093 645 2156 698 γε
2196 638 2255 687 το
2299 631 2564 687 Ἰουδαίων
2595 633 2765 698 έθνος·
2796 635 2877 688 διό
2907 651 3072 707 φημι·

662 738 824 791 Vsus.
849 735 970 789 4-5.
1008 754 1027 786 ι
1056 733 1183 790 Sine
1208 749 1369 788 causa
1411 735 1674 805 laboravi,
1705 740 1756 794 in
1787 758 1988 798 vanum
2028 754 2084 798 et
2109 745 2160 799 iu

593 827 815 885 nihilum
848 827 966 882 dedi
1017 826 1384 882 fortitudinem
1423 844 1620 884 meam.
1663 831 1959 903 Pmpterea
2009 837 2159 905 indi-

593 924 733 975 cium
761 935 935 974 meum
961 935 990 972 a
1025 921 1250 976 Domino
1271 961 1286 987 ,
1323 933 1377 994 et.
1405 921 1558 977 labor
1590 938 1740 980 meus
1768 926 1822 980 iu
1868 939 2157 997 conspectu

591 1013 686 1066 Dei
715 1011 938 1066 mei..Et
969 1026 1111 1065 nunc
1157 1013 1236 1066 sic
1297 1012 1428 1068 dicit
1459 1015 1745 1082 Dominus,
1782 1019 1872 1088 qui
1908 1019 2162 1076 formavit

589 1119 676 1158 me
702 1119 769 1158 ex
806 1113 962 1157 utero
993 1118 1206 1158 servum
1239 1103 1365 1168 sibi,
1397 1114 1454 1160 ut
1488 1121 1874 1178 congregarem
1895 1111 2063 1168 Jacob
2094 1116 2158 1169 ad

587 1214 740 1262 eum,
767 1206 820 1252 et
853 1196 1058 1262 Israel;
1090 1199 1468 1268 congregabor
1493 1211 1548 1254 et
1577 1201 1926 1270 glorificabor
1957 1207 2010 1261 in
2037 1223 2161 1263 con-

588 1299 774 1358 spectu
807 1289 1040 1354 Domini,
1071 1297 1126 1344 et
1152 1287 1293 1345 Deus
1323 1305 1476 1346 meus
1510 1293 1614 1348 erit
1644 1297 1777 1350 mihi
1814 1296 2097 1355 fortitudo.
2131 1321 2151 1355 ι

589 1381 815 1437 Etiamsi
843 1381 986 1437 enim
1019 1379 1266 1436 homines
1295 1397 1400 1437 non
1423 1395 1568 1440 recte
1608 1396 1790 1458 agant,
1829 1405 1930 1446 uec
1969 1406 2036 1446 ex
2078 1392 2158 1448 la-

585 1475 808 1530 boribus
845 1475 1014 1542 meis,
1044 1489 1178 1543 quos
1210 1475 1448 1542 ipsorum
1478 1493 1640 1534 causa
1687 1496 1978 1552 perpessus
2013 1501 2155 1553 sum,

585 1568 799 1638 dignam
833 1566 1125 1620 utilitatem
1155 1568 1463 1637 accipiant;
1502 1579 1557 1624 at
1597 1586 1695 1641 ego
1727 1572 1816 1640 iis,
1846 1590 1965 1645 quae
1992 1592 2157 1645 penes

2338 765 2356 798 ι
2391 745 2576 811 Κενῶς
2597 748 2882 812 ἐκοπίασα,
2908 750 2990 812 εἰς
3017 749 3244 821 μάταιον
3267 752 3361 805 καὶ
3383 753 3462 817 εἰς
3482 751 3632 808 οὐδὲν
3659 755 3836 810 ἔδωκα

2260 839 2359 910 τὴν
2379 837 2529 907 ἰσχύν
2556 855 2678 910 μου.
2708 840 2806 894 Διὰ
2821 839 2978 893 τοῦτο
3004 843 3035 912 ἡ
3084 843 3265 914 κρίσις
3299 858 3400 914 μου
3429 847 3583 916 παρὰ
3623 847 3833 918 Κυρίῳ,

2260 936 2354 983 καὶ
2379 931 2407 982 ὁ
2432 931 2591 995 πόνος
2615 949 2713 1002 μου
2740 933 2978 987 ἐναντίον
3002 933 3093 986 τοῦ
3117 934 3250 988 Θεοῦ
3282 954 3403 1005 μου.
3432 929 3539 989 Καὶ
3571 937 3666 991 νῦν
3696 936 3836 991 οὕτω

2259 1020 2404 1090 λέγει
2434 1010 2656 1094 Κύριος,
2689 1027 2716 1078 6
2749 1025 2959 1099 πλάσας
2987 1041 3053 1096 με
3087 1027 3152 1078 ἐκ
3185 1027 3392 1091 κοιλίας
3419 1026 3602 1081 δοῦλον
3633 1027 3832 1100 ἐαυτῷ,

2258 1112 2351 1166 τοῦ
2377 1117 2696 1186 συναγαγεῖν
2724 1115 2814 1168 τὸν
2830 1115 3022 1169 Ἰακὼϐ
3055 1117 3193 1189 πρὸς
3230 1117 3412 1184 αὐτὸν,
3462 1119 3554 1172 καὶ
3591 1119 3827 1194 Ἰσραήλ·

2260 1205 2663 1278 συναχθήσομαι
2711 1209 2805 1262 καὶ
2851 1209 3254 1282 δοξασθήσομαι
3309 1211 3549 1266 ἐναντίον
3598 1213 3829 1285 Κυρίου,

2259 1297 2353 1350 καὶ
2385 1299 2413 1349 6
2442 1297 2572 1363 Θεὸς
2624 1317 2724 1369 μου
2765 1299 2916 1355 ἔσται
2965 1319 3054 1372 μοι
3101 1301 3270 1372 ἰσχύς.
3307 1320 3326 1354 ι
3361 1303 3422 1357 Ei
3457 1302 3564 1376 γὰρ
3608 1304 3702 1357 καὶ⁵
3749 1304 3831 1377 μὴ

2259 1389 2536 1462 ἄνθρωποι
2573 1392 2903 1463 κατορθῶσι,
2939 1393 3060 1464 μηδ’
3109 1394 3273 1460 ἀξίως
3304 1393 3412 1448 τῶν
3447 1395 3592 1465 ἐμῶν
3624 1396 3827 1459 πόνων,

2256 1474 2330 1535 ὧν
2357 1483 2626 1554 ὑπέμεινα
2658 1484 2724 1536 δι’
2752 1485 2967 1549 αὐτοὺς,
3015 1485 3370 1556 ὠφελοῦντας
3415 1487 3529 1540 ἀλλ’
3579 1487 3709 1557 ἐγὼ,
3753 1488 3827 1542 τὰ

2257 1574 2387 1646 παρ’
2412 1576 2650 1648 ἐμαυτοῦ
2682 1577 2913 1649 πράξας,
2945 1579 3183 1633 ἐναντίον
3209 1579 3303 1632 τοῦ
3335 1580 3469 1632 Θεοῦ
3500 1599 3597 1651 μου
3621 1581 3681 1633 τὸ
3714 1598 3826 1634 πα-

584 1675 672 1716 me
705 1668 885 1726 erant,
917 1659 1255 1729 perfunctus,
1289 1659 1342 1714 in
1375 1672 1672 1731 conSpcctu
1708 1663 1800 1719 Dei
1834 1667 1936 1721 mei
1974 1677 2145 1738 pater-

2254 1668 2439 1739 τρικὸν
2471 1668 2757 1723 ἐτελείωσε.
2787 1671 3064 1742 βούλημα·
3099 1671 3179 1724 διὸ
3214 1671 3450 1743 πρώτοις
3480 1675 3660 1737 αὐτοῖς
3695 1675 3827 1744 ἐκή-

580 1768 708 1807 uam
737 1753 944 1823 explevi
989 1753 1318 1807 voluntatem
1355 1770 1369 1808 :
1417 1756 1770 1824 quamobrem
1814 1757 1900 1824 iis,
1947 1760 2039 1828 qui
2085 1775 2151 1816 ex

576 1845 990 1901 circumcisione
1027 1859 1170 1910 sunt,
1198 1847 1428 1915 primum
1463 1847 1753 1904 salutarem
1787 1860 1840 1906 et
1871 1861 2152 1922 paternam

583 1938 810 2010 gratiam
843 1936 1149 2008 prtedicavi.
1186 1935 1322 1992 Nam
1369 1937 1462 2007 qui
1493 1938 1744 1994 formavit
1778 1957 1863 1996 me
1904 1942 1972 1996 ab
2002 1955 2152 2000 utero

583 2047 799 2086 servum
830 2030 955 2091 sibi.
991 2038 1045 2083 et
1078 2045 1144 2083 ex
1182 2029 1378 2084 lsraele
1407 2046 1601 2100 corpus
1641 2048 1819 2086 meum
1854 2035 2150 2090 concinna-

581 2124 678 2190 vit,
708 2123 753 2178 is
785 2121 954 2176 voluit
986 2131 1043 2174 ut
1070 2121 1202 2190 ipsis
1234 2121 1506 2191 prioribus
1546 2124 1773 2194 gratiam
1809 2141 1981 2180 meam
2014 2144 2152 2198 pra:-

579 2215 841 2279 dicarem,
871 2223 928 2268 ut
959 2211 1126 2268 Jacob
1155 2221 1209 2267 et
1239 2213 1408 2269 Israel
1457 2216 1524 2268 ad
1575 2231 1698 2270 eum
1737 2231 2147 2289 congregarem.

577 2305 709 2362 Jure
748 2307 928 2374 itaque
965 2305 1079 2360 haec
1105 2306 1304 2360 monita
1336 2306 1498 2362 tradit
1532 2325 1546 2360 :
1580 2326 1598 2360 ι
1642 2307 1700 2363 In
1735 2309 1875 2363 viam
1910 2312 2147 2382 gentium

578 2414 646 2452 ne
674 2397 936 2464 abicritis,
965 2405 1018 2451 et
1046 2395 1099 2451 in
1134 2397 1406 2454 civitatem
1459 2399 1920 2456 Samaritanorum
1971 2419 2036 2459 ne
2068 2405 2151 2459 in-

562 2489 894 2544 itraveritis:
927 2489 999 2543 ite
1031 2491 1211 2560 potius
1245 2492 1311 2544 ad
1351 2506 1501 2553 oves.
1539 2507 1658 2562 quae
1715 2494 2012 2564 perierunt,
2051 2498 2147 2554 do-

564 2598 696 2639 I‘mus
729 2582 892 2638 Israel
918 2582 982 2636 ⁸⁷.
1022 2599 1040 2633 ι
1075 2581 1220 2636 Patri
1261 2596 1390 2653 ergo
1446 2583 1671 2653 placuit,
1711 2593 1767 2639 ut
1817 2587 1884 2639 ad
1926 2601 2150 2658 congre-

563 2675 810 2746 ‘gandum
842 2673 1007 2730 Jacob
1039 2683 1095 2729 et
1118 2674 1308 2738 Israel,
1358 2675 1426 2728 ad
1471 2675 1718 2730 homines
1748 2677 2037 2731 transitum
2068 2679 2148 2733 fa-

564 2783 780 2832 cerem,
819 2768 959 2822 unde
988 2767 1085 2833 ait,
1118 2783 1138 2819 ι
1169 2765 1224 2820 In
1262 2775 1315 2820 te
1346 2765 1636 2836 gloriabor.
1685 2784 1705 2820 ι
1768 2767 1880 2837 Ego
1907 2783 2036 2824 vero
2065 2771 2145 2826 in-

575 2861 945 2915 credulitatem
973 2869 1028 2914 et
1055 2859 1307 2913 duritiem
1347 2857 1577 2928 Israelis,
1613 2861 1982 2930 conspicatus,
2029 2861 2144 2930 jam

2258 1757 2391 1830 ρυξα
2418 1762 2531 1823 τοῖς
2562 1763 2627 1813 ἐκ
2652 1762 2951 1834 περιτομῆς
2979 1761 3077 1835 τὴν
3110 1764 3383 1834 σωτηρίαν
3419 1765 3512 1818 καὶ
3557 1764 3826 1837 πατρικὴν

2253 1849 2433 1922 χάριν.
2474 1849 2532 1903 Ὀ
2556 1850 2664 1922 γάρ
2695 1851 2903 1916 πλάσας
2936 1870 3002 1923 με
3036 1855 3101 1906 ἐκ
3145 1854 3351 1918 κοιλίας
3383 1855 3566 1909 δοῦλον
3617 1855 3824 1928 ἑαυτῷ,

2253 1943 2347 1995 καὶ
2370 1943 2434 1995 ἐκ
2461 1941 2555 1996 τοῦ
2594 1943 2806 2015 Ἰσραὴλ
2825 1943 2884 1997 τὸ
2905 1943 3063 2016 σῶμά
3091 1964 3188 2017 μου
3213 1947 3645 2012 κατασκευάσας,
3672 1947 3825 2020 πρώ-

2251 2051 2363 2097 τοις
2390 2034 2574 2098 αὐτοῖς
2607 2034 2839 2108 κηρῦξαι
2877 2035 3193 2108 βεϐούληται
3226 2037 3323 2110 τὴν
3358 2039 3596 2109 ἐμαυτοῦ
3636 2041 3820 2112 χάριν,

2250 2125 2330 2188 είς
2357 2125 2416 2177 τὸ
2463 2129 2786 2195 συναγαγεῖν
2813 2127 2906 2182 τὸν
2950 2128 3139 2182 Ἰακὼὸ
3183 2130 3317 2201 πρὸς
3360 2130 3540 2191 αὑτὸν,
3589 2134 3680 2184 καὶ
3725 2131 3821 2185 τὸν

2262 2216 2495 2288 Ἰσραήλ.
2515 2219 2753 2282 Εἰκότως
2767 2215 2862 2294 οὖν
2878 2223 3135 2292 παραινεῖ
3147 2221 3339 2290 λέγων,
3357 2242 3373 2274 ι
3403 2225 3495 2287 Εἰς
3516 2223 3630 2278 ὁδὸν
3648 2224 3822 2279 ἐθνῶν

2253 2306 2326 2377 μὴ
2362 2306 2654 2377 ἀπέλθητε,
2681 2304 2776 2362 καὶ
2807 2310 2885 2372 εἰς
2933 2309 3085 2362 πόλιν
3128 2311 3480 2382 Σαμαρειτῶν
3522 2312 3595 2384 μὴ
3640 2312 3821 2366 εἰσέλ-

2250 2396 2379 2467 θητε
2400 2414 2412 2427 ·
2448 2397 2744 2470 πορεύεσθε
2773 2399 2828 2452 δέ
2863 2399 3060 2470 μᾶλλον
3094 2403 3172 2464 είς
3199 2401 3268 2454 τά
3308 2402 3554 2474 προϐατα
3578 2403 3647 2457 τὰ
3679 2406 3821 2459 ἁπο-

2209 2479 2216 2492 ’
2247 2487 2454 2543 λωλότα
2493 2492 2641 2544 οἴκου
2701 2492 2932 2563 Ἰσραήλ.
2975 2511 2992 2546 ι
3038 2492 3095 2546 'U
3129 2494 3227 2565 μὲν
3266 2490 3358 2548 οὖν
3397 2496 3584 2568 Πατὴρ
3631 2497 3710 2560 εἰς
3750 2495 3818 2550 τὸ

2249 2585 2574 2651 συναγαγεῖν
2611 2582 2692 2636 τὸν
2756 2583 2950 2638 Ἰακὼϐ
2999 2586 3094 2639 καὶ
3138 2587 3227 2640 τὸν
3273 2587 3504 2660 Ἰσραὴλ,
3546 2589 3815 2661 ηὐδόκησε

2246 2671 2342 2744 τὴν
2366 2673 2450 2756 εἰς
2495 2673 2815 2745 ἀνθρώπους
2846 2677 3076 2750 πάροδόν
3125 2697 3192 2750 με
3223 2681 3570 2751 ποιήσασθαι,
3617 2683 3812 2750 εἰπὼν,

2252 2781 2270 2815 ι
2321 2765 2407 2816 Ἐν
2443 2765 2525 2817 σοὶ
2568 2765 2985 2839 δοξασθήσομαι’
3021 2786 3038 2820 ι
3074 2766 3184 2838 ἐγὼ
3210 2769 3267 2822 δὲ
3296 2771 3394 2842 τὴν
3434 2771 3690 2826 ἀπιστίαν
3718 2772 3816 2825 καὶ

2245 2855 2342 2928 τὴν
2394 2859 2822 2931 σκληροκαρδίαν
2850 2859 3065 2932 θεωρῶν
3090 2860 3182 2914 τοῦ
3223 2862 3462 2935 Ἰσραὴλ,
3509 2857 3662 2917 εἷπον
3706 2864 3812 2936 ἠδη

578 2953 784 3022 pridem
820 2952 928 3006 dixi
963 2970 977 3008 :
1008 2969 1028 3003 ι
1063 2950 1192 3005 Sine
1223 2965 1384 3004 causa
1442 2949 1680 3006 laboravi
1721 2969 1736 3006 :
1774 2951 1825 3005 in
1857 2966 2053 3007 vanum
2087 2963 2141 3009 et

2248 2949 2532 3021 πρότερον,
2565 2951 2668 3013 ὄτι,
2702 2970 2719 3002 ι
2755 2951 2941 3015 Κενῶς
2984 2953 3269 3006 ὲκοπίασα’
3301 2956 3379 3016 εἰς
3409 2954 3581 3025 μάτην
3612 2954 3703 3008 καὶ
3729 2955 3812 3019 εἰς

577 3047 631 3099 in
662 3045 887 3098 nihilum
920 3045 1039 3099 dedi
1070 3041 1442 3096 fortitudinem
1476 3056 1669 3097 meam.
1705 3061 1724 3094 ι
1770 3042 1825 3096 In
1851 3043 1971 3098 aliis
2002 3059 2138 3115 quo-

2248 3039 2392 3094 οὐδὲν
2419 3040 2594 3094 ἔδωκα
2631 3041 2730 3114 τὴν
2764 3042 2915 3113 ἰσχύν
2965 3061 3084 3114 μου.
3121 3063 3138 3095 ι
3189 3045 3298 3098 Καὶ
3331 3047 3388 3097 ἐν
3419 3044 3625 3116 ἑτέροις
3663 3044 3812 3099 τοῦτ’

577 3153 681 3208 que
715 3137 945 3206 idipsum
981 3135 1223 3190 declarat
1262 3133 1347 3188 bis
1375 3133 1556 3188 verbis
1595 3151 1609 3190 :
1643 3152 1662 3185 ι
1694 3134 1823 3201 ριιτε
1855 3135 2058 3190 utilitas
2090 3137 2142 3191 in

2248 3130 2377 3184 αὐτὸ
2404 3130 2551 3202 δηλοῖ
2581 3129 2772 3198 εἰπὼν,
2817 3153 2836 3184 ‹
2873 3133 2968 3197 Τίς
2998 3132 3232 3204 ὠφέλεια
3267 3135 3324 3187 ἐν
3352 3134 3430 3207 τῷ
3468 3135 3654 3206 αἵματί
3684 3150 3811 3206 μου,

575 3231 834 3301 sanguine
860 3244 1000 3295 meo,
1031 3227 1157 3281 dum
1185 3225 1450 3282 descendo
1491 3227 1543 3280 in
1574 3226 1974 3296 corruptionem
2003 3227 2092 3281 5°?
2118 3245 2138 3279 ι

576 3323 699 3379 Sola
731 3324 927 3394 quippe
970 3318 1101 3374 mibi
1135 3332 1221 3385 ea,
1261 3333 1382 3388 qua:
1411 3318 1478 3372 ab
1509 3317 1628 3388 ipso
1678 3329 1783 3384 est,
1819 3319 1990 3388 gloria
2021 3333 2140 3374 ser-

573 3428 751 3484 vatur,
773 3427 827 3472 et
851 3418 964 3486 ipse
979 3413 1197 3484 quidem
1227 3421 1310 3467 est
1332 3409 1613 3468 fortitudo.
1639 3411 1969 3466 Admiranda
1999 3413 2141 3467 enim

575 3520 631 3566 et
663 3509 925 3579 stupenda
956 3506 1074 3578 ejus
1104 3518 1290 3575 Opera,
1336 3503 1556 3560 virtutis
1598 3503 1716 3575 ejus
1765 3515 2139 3575 argumentum

574 3615 749 3657 erant.

646 3714 808 3769 Vsus.
855 3713 908 3768 6.
963 3713 1073 3767 «Et
1103 3711 1240 3766 dixit
1287 3709 1443 3772 mihi.
1498 3710 1748 3782 Magnum
1799 3719 1882 3767 est
1928 3710 2024 3766 tibi
2079 3719 2139 3765 ut

570 3807 784 3860 voceris
834 3820 972 3876 puer
1029 3819 1202 3869 meus,
1248 3813 1308 3858 ut
1355 3811 1564 3858 statuas
1625 3803 1797 3856 tribus
1842 3800 2031 3866 Iacob,
2088 3811 2143 3856 et

575 3893 961 3961 dispersiouem
991 3891 1154 3946 Israel
1186 3901 1497 3946 convertas.
1527 3909 1546 3943 ι
1579 3890 1710 3946 Nam
1743 3906 1932 3946 revera
1967 3892 2141 3946 maxi-

573 3999 721 4038 mum
765 3992 884 4038 erat
933 3981 1233 4036 Salvatoris
1280 3982 1450 4036 nostri
1505 3996 1660 4052 opus,
1719 3983 1863 4052 quod
1912 3982 2139 4038 formam

573 4075 716 4130 servi
759 4073 1053 4144 acceperit,
1092 4083 1148 4128 et
1186 4073 1476 4127 humanam
1511 4073 1912 4144 generationem
1955 4074 2140 4130 subie-

573 4167 668 4222 rit.
707 4165 878 4220 Causa
911 4179 1072 4235 porro
1102 4179 1202 4219 cur
1237 4163 1487 4220 Salvator
1543 4178 1733 4220 servus
1776 4163 1999 4220 effectus
2046 4166 2138 4231 sit,

576 4259 694 4311 baac
733 4265 881 4320 erat,
931 4255 1009 4309 uti
1068 4254 1278 4310 scilicet
1328 4255 1499 4309 tribus
1535 4253 1701 4309 Jacob
1730 4263 2036 4318 statueret,
2084 4265 2142 4311 et

575 4342 940 4412 dispersiones
967 4341 1180 4398 Israelis
1211 4352 1573 4401 converteret.
1601 4342 1724 4398 Ideo
1755 4343 1883 4413 ipsis
1905 4345 2136 4415 primum

2245 3223 2303 3275 ἐν
2329 3221 2407 3294 τῷ
2436 3223 2783 3277 καταϐαίνειν
2813 3240 2879 3294 με
2908 3225 2987 3289 εἰς
3013 3223 3304 3298 διαφθοράν
3329 3241 3344 3291 ;
3385 3243 3404 3276 ι
3459 3225 3608 3296 Μόνη
3634 3225 3740 3300 γάρ
3772 3227 3813 3299 ἡ

2246 3316 2376 3387 παρ’
2407 3316 2570 3370 αὑτοῦ
2635 3334 2724 3388 μοι
2787 3317 2912 3382 δόξα
2972 3317 3342 3386 πεφύλακται,
3376 3318 3470 3371 καὶ
3510 3318 3668 3381 αὐτὸς
3709 3316 3814 3389 μέν

2243 3407 2391 3459 ἐστιν
2421 3409 2454 3477 ἡ
2503 3407 2675 3478 ἰσχύς.
2707 3407 2786 3461 Τά
2818 3407 2946 3476 γοῦν
2974 3407 3248 3479 θαυμάσια
3292 3409 3385 3461 καὶ
3419 3406 3489 3461 τὰ
3532 3408 3813 3480 παράδοξα

2242 3496 2380 3569 ἔργα
2416 3498 2905 3572 διεμπεπραγμένα
2949 3500 3050 3570 τῆς
3089 3499 3249 3553 αὐτοῦ
3295 3498 3572 3564 δυνάαεως
3600 3496 3667 3572 ἦν
3699 3518 3810 3554 πα-

2244 3593 2567 3662 ραστατικά.

2319 3725 2338 3758 ι
2377 3707 2486 3760 Καὶ
2530 3703 2650 3760 εἶπέ
2685 3726 2805 3779 μοι,
2847 3709 3005 3779 Μέγα
3045 3711 3126 3764 σοί
3159 3711 3275 3764 ἐστι
3317 3710 3410 3765 τοῦ
3448 3709 3711 3780 κληθῆναι
3745 3726 3809 3765 σε

2242 3797 2405 3852 παῖδά
2439 3817 2560 3870 μου,
2599 3799 2692 3852 τοῦ
2738 3803 2929 3872 στῆσαι
2969 3801 3068 3866 τὰς
3109 3803 3278 3872 φυλάς
3328 3801 3552 3865 Ἰακὼϐ,
3586 3802 3678 3857 καὶ
3707 3802 3812 3870 τὴν

2239 3887 2532 3962 διασπορὰν
2574 3890 2665 3943 τοῦ
2712 3891 2928 3964 Ἰσραὴλ
2975 3893 3317 3964 ἐπιστρέψαι.
3369 3911 3388 3944 ι
3435 3892 3545 3947 Καὶ
3585 3896 3692 3966 γάρ
3730 3891 3812 3958 ὡς

2241 3979 2454 4052 άληθῶς
2481 3981 2733 4052 μέγιστον
2767 3982 2923 4054 ἔργον
2942 3984 3034 4038 τοῦ
3059 3985 3308 4056 Σωτῆρος
3331 3987 3362 4056 ἡ
3371 3986 3484 4057 μῶν
3507 3985 3568 4039 τδ
3596 3984 3810 4058 μορφὴν

2239 4071 2422 4124 δούλου
2462 4071 2780 4137 ἀναλαϐεῖν,
2825 4075 2918 4128 καὶ
2961 4075 3059 4147 τὴν
3089 4077 3146 4128 ἐν
3186 4075 3490 4146 ἀνθρώποις
3519 4075 3810 4147 ὑπομένειν

2239 4160 2511 4232 γέννησιν.
2571 4163 2643 4213 Τὸ
2694 4162 2749 4215 δέ
2801 4162 2970 4217 αἴτιον
3020 4163 3114 4217 τοῦ
3170 4163 3352 4218 δοῦλον
3414 4165 3663 4235 γενέσθαι
3713 4165 3809 4221 τὸν

2241 4252 2488 4324 Σωτῆρα,
2515 4251 2672 4306 τοῦτο
2696 4249 2782 4324 ἦν·
2801 4253 2943 4322 λέγω
2961 4254 3024 4328 δὴ
3051 4254 3242 4325 στῆσαι
3267 4255 3364 4320 τὰς
3389 4255 3559 4326 φυλάς
3591 4255 3805 4319 Ἰακὼϐ,

2243 4341 2456 4405 καὶτὰς
2478 4342 2774 4415 διασπορὰς
2806 4345 2900 4397 τοῦ
2947 4347 3159 4419 Ἰσραὴλ
3197 4348 3540 4420 ἐπιστρέψαι.
3583 4347 3673 4401 Διὸ
3709 4348 3808 4402 αὖ.

572 4436 922 4507 pracdicabat,
955 4435 1048 4504 qui
1083 4435 1279 4491 animis
1307 4435 1502 4505 captivi
1532 4446 1709 4500 erant,
1739 4438 2132 4505 dimissionem,

2248 4437 2354 4497 τοῖς
2379 4432 2612 4506 πρώτοις
2633 4436 2948 4507 ἐκήρυττεν,
2989 4437 3350 4508 αἰχμαλώτοις
3371 4435 3488 4493 οὖσι
3510 4439 3607 4503 τὰς
3630 4439 3808 4510 ψυχάς

575 4535 632 4581 et
659 4526 818 4582 cmcis
845 4528 994 4581 visus
1022 4525 1441 4581 restitutionem.
1493 4525 1759 4593 Quoniam
1803 4526 1876 4580 illi
1908 4528 2136 4598 gratiam

575 4632 682 4671 non
731 4625 1128 4684 susceperunt,
1205 4626 1602 4686 consequenter
1651 4617 1852 4673 dicitur
1899 4628 2136 4688 postea:

579 4729 600 4764 ι
628 4691 766 4765 Ecce
796 4709 948 4780 posui
984 4718 1034 4763 te
1065 4709 1118 4763 in
1151 4717 1536 4764 testamentum
1564 4709 1802 4779 generis.
1855 4711 1907 4764 in
1967 4710 2137 4767 lucem

572 4801 849 4872 gentium;
902 4810 962 4856 ut
1012 4801 1088 4856 sis
1135 4800 1189 4855 in
1233 4800 1464 4858 salutem
1512 4815 1683 4872 usque
1733 4800 1801 4856 ad
1835 4810 2136 4857 extremum

573 4905 752 4951 terrain
781 4916 800 4949 ι

647 5009 810 5065 Vsus.
835 5009 948 5077 7,8.
985 5028 1005 5063 ι
1034 5009 1126 5065 Sic
1149 5009 1280 5065 dicit
1307 5009 1590 5076 Dominus,
1614 5009 1704 5081 qui
1728 5009 1872 5064 eruit
1896 5017 1966 5074 te,
1999 5007 2140 5064 Deus

573 5102 762 5158 Israel.
791 5121 812 5155 ι
875 5103 993 5171 Ipse
1047 5119 1301 5174 namque,
1358 5105 1450 5174 qui
1497 5105 1624 5160 olim
1675 5103 1834 5159 Israel
1883 5105 2027 5159 eruit
2074 5106 2140 5160 de

575 5210 738 5250 manu
788 5192 1201 5265 Egyptiorum,
1259 5195 1407 5250 vobis
1461 5211 1678 5265 quoque
1714 5195 1963 5266 gentibus
2024 5196 2138 5250 bare

574 5287 880 5347 annuntiat,
912 5295 968 5340 et
991 5287 1234 5357 praecipit
1267 5287 1478 5353 dicens,
1531 5305 1551 5339 ι
1582 5288 1932 5343 Sanctiﬁcate
1985 5303 2137 5352 eum,

571 5379 663 5448 qui
700 5378 928 5450 despicit
970 5381 1209 5434 animam
1258 5395 1447 5448 suam;
1479 5400 1498 5432 ι
1549 5392 1753 5452 quanto
1796 5383 1940 5437 enim
1972 5381 2140 5451 magis

574 5469 664 5524 ille
726 5485 845 5525 sese
893 5469 1193 5524 bumiliavit
1253 5484 1421 5540 usque
1469 5471 1537 5525 ad
1581 5484 1834 5538 mortem,
1882 5481 1937 5528 et
1989 5487 2136 5527 mor-

598 5754 640 5786 "
678 5754 864 5810 Matth.
902 5774 954 5825 χ,
993 5759 1042 5826 5,
1069 5762 1119 5818 6.
1160 5759 1204 5791 "
1236 5754 1562 5822 I‘sal.°xxtx,
1601 5755 1685 5811 l0.

2245 4519 2342 4592 τὴν
2370 4518 2585 4590 ἄφεσιν,
2606 4521 2696 4572 καὶ
2723 4520 2942 4591 τυφλοῖς
2969 4517 3087 4576 οὖσι
3114 4524 3214 4593 τὴν
3245 4523 3557 4596 άνάωιεψινν.
3587 4526 3805 4598 Ἐπειδὴ

2248 4611 2322 4682 μὴ
2362 4610 2714 4683 παρεδέχοντο
2742 4613 2840 4684 τὴν
2878 4612 3036 4684 χάριν
3070 4615 3284 4678 ἐκεῖνοι,
3319 4614 3620 4680 ἀκολούθως
3654 4615 3806 4687 εῐρη-

2243 4719 2332 4755 ται
2370 4701 2526 4774 ἑξῆς·
2581 4723 2599 4753 (
2643 4702 2774 4756 Ἰδοὺ
2813 4703 3036 4757 τέθεικά
3076 4721 3134 4756 σε
3176 4707 3256 4768 εἰς
3294 4705 3556 4777 διαθήκην
3590 4705 3802 4776 γένους,

2244 4796 2322 4858 εἰς
2349 4794 2462 4864 φῶς
2497 4793 2665 4849 ἐθνῶν
2685 4833 2701 4860 ,
2735 4794 2826 4849 τοῦ
2857 4791 2991 4849 εἷναί
3017 4812 3076 4849 σε
3105 4798 3182 4860 εἰς
3209 4798 3476 4868 σωτηρίαν
3501 4798 3604 4862 ἓως
3640 4799 3806 4869 ἐσχά-

2242 4905 2336 4941 του
2361 4904 2484 4960 γης.
2523 4906 2541 4939 ι

2318 5033 2336 5064 σ
2388 5013 2574 5079 Οὕτως
2616 5015 2762 5084 λέγει
2799 5015 3022 5086 Κύριος,
3073 5017 3101 5070 6
3146 5017 3447 5088 ρυσάμενός
3494 5035 3574 5083 σε,
3604 5020 3632 5072 6
3671 5018 3807 5086 Θεὸς

2254 5104 2490 5174 Ἰσραήλ.
2537 5123 2554 5156 ι
2597 5105 2767 5169 Αὐτὸς
2808 5104 2935 5177 γὰρ,
2981 5105 3163 5176 φησιν,
3198 5108 3420 5172 ἐκεῖνος,
3460 5110 3489 5162 6
3518 5107 3681 5162 παλαι
3711 5110 3808 5164 τὸν

2255 5193 2469 5266 Ἰσραὴλ
2506 5188 2802 5267 ῥυσάμενος
2838 5199 2902 5250 ἐκ
2935 5197 3114 5268 χειρὸς
3145 5199 3487 5267 Αἰγυπτίων,
3515 5200 3674 5264 αὐτὸς
3709 5201 3807 5255 καὶ

2243 5289 2371 5359 ὑμῖν
2401 5291 2513 5353 τοῖς
2542 5289 2717 5343 ἔθνεσι
2753 5292 2928 5346 ταῦτα
2967 5295 3295 5364 προσφωνεῖ,
3333 5292 3424 5345 καὶ
3464 5292 3804 5346 διατάττεται

2241 5379 2435 5449 λέγων·
2458 5399 2476 5432 ι
2500 5381 2784 5450 ’Δγιάσατε
2808 5382 2896 5436 τὸν
2915 5383 3237 5453 φαυλίζοντα
3263 5383 3360 5455 τὴν
3383 5383 3560 5454 ψυχὴν
3578 5383 3759 5438 αὐτοῦ·
3775 5403 3796 5436 ι

2238 5470 2360 5524 ὅσον
2374 5469 2444 5540 γά
2449 5487 2481 5542 ρ
2494 5471 2679 5525 ἑαυτὸν
2693 5471 3018 5528 ἐταπείνωσε
3036 5473 3192 5547 μέχρι
3205 5473 3453 5537 θανάτου,
3469 5475 3561 5528 καὶ
3573 5473 3803 5530 θανάτου
