4130 6400
363 384 549 455 433,

1250 378 1763 438 COMMENTARlA
1798 379 1869 436 IN
1909 376 2161 437 ιεΑιΑιί.
2200 405 2270 419 -ο
2303 374 2461 433 CAP.
2494 372 2683 432 XLIX.
2793 415 2796 419 η

3492 374 3636 432 434*

363 498 622 572 σταυροῦ,
648 497 869 553 τοσοῦτο
901 497 1056 570 ὕμιϊς
1076 497 1237 553 αὐτὸν
1263 497 1562 567 δοξάζετε.ι
1583 500 1688 556 Τὸν
1714 498 1921 571 βδελυσ-

2032 503 2138 552 tem
2164 492 2376 557 crucis.
2408 498 2560 547 tanto
2586 487 2758 559 magis
2801 502 2899 545 vos
2934 488 3108 560 ipsum
3133 489 3420 545 celebrate.
3452 505 3472 541 ι
3495 488 3599 555 ριιί

362 594 587 663 σύμενον
624 590 729 645 ὑπὸ
758 590 865 643 τῶν
880 588 1064 646 ’ἐθνῶν
1081 630 1097 656 ,
1128 589 1236 644 τῶν
1265 590 1465 647 δούλων
1494 590 1606 646 τῶν
1638 591 1927 664 ἀρχόντων.

362 684 609 747 Βασιλεῖς
649 682 867 752 δῴονται
918 682 1113 747 αὑτὸν,
1170 682 1265 736 καὶ
1303 683 1694 756 ἀναστήσονται
1741 683 1933 756 ἄρχον-

311 763 318 825 ξ
361 794 475 842 τες.
516 776 608 830 καὶ
644 763 1121 848 προσκυνήσουσιᾶ
1151 773 1319 847 αὐτῷ,
1359 776 1542 830 ἕνεκεν
1573 777 1809 848 Κυρίου’
1847 776 1931 828 ὅτι

307 850 314 875 ³
363 868 551 932 πιστός
569 869 714 921 ἐστιν
742 869 770 921 6
788 868 974 937 Ἀγιος
1018 866 1253 939 Ἰσραὴλ,
1283 867 1377 920 καὶ
1391 866 1718 939 ἐξελεξάμην
1741 883 1799 920 σε
1822 865 1931 920 τῶν

361 958 565 1016 δούλων
593 958 701 1012 τῶν
727 958 1017 1032 ἀρχόντων⁸
1057 977 1076 1010 ι
1110 958 1255 1027 λέγω
1292 957 1358 1030 δὴ
1396 960 1508 1023 τοῖς
1536 961 1787 1030 πονηροῖς
1818 955 1932 1011 δαί-

369 1067 560 1123 μοσιν,
599 1051 648 1104 οἱ
703 1049 813 1122 γὰρ
851 1048 930 1105 ἐτι
989 1048 1201 1114 τούτοις
1259 1047 1778 1120 καταδεδουλωμένοι
1840 1046 1930 1101 τὸν

362 1141 595 1216 Χριστὸν
624 1140 719 1196 τοῦ
749 1140 883 1195 Θεοῦ
933 1140 1397 1214 βλασφημοῦνται.
1444 1140 1827 1195 Βδελύσσονται
1871 1140 1929 1194 δὲ

364 1234 618 1307 σύροντες
664 1235 760 1289 καὶ
806 1234 1192 1306 χλευάζοντες,
1227 1233 1322 1288 καὶ
1362 1232 1709 1303 φαυλίξοντες
1764 1232 1928 1288 αὑτοῦ

359 1326 455 1378 τὸν
504 1324 750 1379 θάνατον.
798 1323 959 1379 Ἀλλά
1014 1325 1122 1396 γάρ
1172 1324 1329 1395 ὑμεῖς
1375 1318 1458 1389 οἷς
1510 1324 1711 1395 όλὸγος
1764 1341 1931 1397 προσ-

361 1420 561 1488 φωνεῖ,
601 1417 789 1472 τοῦτον
820 1416 982 1471 αὑτὸν
1023 1417 1284 1486 ἁγιάσατε
1318 1413 1648 1482 δοξάζοντες.
1686 1417 1806 1472 ἐπεὶ
1836 1417 1930 1472 καὶ

360 1527 386 1561 ‹
427 1510 536 1564 πᾶν
562 1510 692 1579 γόνυ
725 1507 933 1581 κάμψει
962 1507 1109 1579 αὐτῷ
1149 1509 1483 1581 ἐπουρανίων
1508 1508 1605 1562 καὶ
1637 1508 1926 1577 ἐπιγείων,

359 1601 456 1656 καὶ
487 1599 873 1673 καταχθονίων,
904 1602 998 1655 καὶ
1026 1603 1176 1655 πᾶσα
1212 1600 1433 1671 γλῶσσα
1458 1598 1927 1674 ἐξομολογήσεται,

356 1694 443 1771 δτι
464 1692 665 1766 Κύριος
700 1692 906 1765 Ἰησοῦς
925 1693 1158 1765 Χριστὸς
1183 1696 1263 1757 είς
1285 1693 1441 1762 δόξαν
1471 1692 1605 1748 Θεοῦ
1628 1686 1867 1766 Πατρδς,
1904 1714 1923 1748 ι

356 1784 486 1840 ὅταν
522 1783 654 1859 ἔλθῃ
697 1786 754 1839 ἐν
786 1788 854 1858 τῇ
899 1786 1027 1858 δόξᾳ
1065 1785 1160 1840 τοῦ
1193 1786 1405 1858 Πατρδς
1432 1786 1595 1841 αὑτοῦ
1647 1786 1786 1857 μετὰ
1818 1786 1928 1841 τῶν

2030 597 2115 644 est
2163 585 2547 643 abominationi
2594 582 2879 653 gentibus,
2938 580 3459 652 servis-principum.
3494 578 3607 637 Re-

2030 695 2125 751 ges
2187 678 2444 732 videbunt
2493 690 2654 740 eum,
2705 682 2763 729 et
2810 682 3149 744 consurgent-
3186 672 3508 744 principes:
3545 682 3626 729 et:

2030 772 2329 825 adorabunt
2387 782 2509 823 eum
2556 775 2774 836 propter
2823 764 3135 828 Dominum,
3164 766 3287 834 quia
3324 764 3496 820 ﬁdelis
3519 775 3605 820 est

2034 860 2267 917 Sanctus
2308 857 2493 922 ιιι-εει,
2519 867 2574 913 et
2605 855 2740 927 elegi
2781 864 2834 911 te
2865 870 2895 909 a
2922 855 3096 911 servis
3121 855 3461 925 principum;
3492 872 3513 907 ι
3549 855 3602 911 id

2030 960 2140 1018 est,
2176 948 2532 1021 malignorum
2567 946 2868 1001 dtemonum
2900 963 2915 1001 :
2966 960 3090 1000 nam
3114 945 3151 1000 ii
3178 945 3273 1016 qui
3298 944 3367 1000 ab
3391 944 3523 1014 ipsis
3545 944 3602 999 iu

2028 1043 2346 1101 servitutem
2376 1038 2579 1096 redacti
2600 1046 2751 1103 sunt,
2776 1037 2830 1092 in
2852 1037 3127 1094 Christum
3161 1037 3254 1092 Dei
3289 1037 3601 1107 blaspheme

2030 1136 2173 1192 dicta
2197 1131 2498 1206 proferunt.
2524 1130 2703 1200 ipsum
2747 1139 2926 1184 autem
2965 1129 3352 1184 abominationi
3379 1129 3600 1195 habent,

2030 1224 2401 1288 traducentes,
2455 1221 2746 1277 irridentes
2799 1235 2862 1276 at:
2910 1219 3309 1289 vilipendentes
3367 1231 3602 1278 mortem

2027 1317 2164 1385 ejus.
2189 1315 2259 1370 At
2288 1329 2408 1381 vos,
2437 1327 2577 1384 quos
2606 1326 2788 1369 sermo
2818 1312 3124 1382 compellat,
3148 1312 3397 1369 eumdem
3425 1313 3612 1384 ipsum

2029 1407 2366 1464 sanctiﬁcata
2411 1415 2469 1463 et
2501 1405 2672 1478 gloria
2698 1404 2917 1471 atiicite,
2959 1406 3213 1474 quoniam
3240 1404 3342 1476 ipsi
3395 1424 3415 1460 ι
3441 1421 3611 1463 omne

2028 1515 2171 1570 genu
2217 1500 2469 1556 ﬂectetur
2508 1497 2848 1563 cmlestium,
2890 1497 3234 1554 terrestrium
3271 1508 3325 1554 et
3348 1497 3602 1555 inferno-

2030 1607 2149 1647 rum
2179 1631 2195 1658 ,
2223 1601 2279 1647 et
2301 1589 2478 1646 omnis
2518 1590 2698 1660 lingua
2743 1589 3092 1646 confitebitur
3147 1589 3273 1662 quia
3344 1591 3603 1648 Dominus

2028 1681 2185 1739 Jesus
2214 1683 2462 1739 Christus
2492 1683 2547 1737 in
2582 1681 2753 1755 gloria
2787 1690 2871 1738 est
2899 1682 2991 1738 Dei
3027 1682 3206 1739 Patris
3231 1682 3301 1749 ⁵⁸,
3335 1701 3355 1736 ι
3387 1686 3604 1756 quando

2030 1777 2208 1832 veniet
2227 1777 2279 1830 in
2306 1774 2475 1848 gloria
2505 1774 2691 1830 Patris
2705 1774 2786 1831 sui
2810 1789 2935 1830 cum
2960 1773 3169 1846 angelis
3196 1772 3336 1844 ejus,
3364 1785 3418 1830 et
3446 1776 3603 1831 sede-

357 1875 604 1947 ἀγγέλων
626 1857 834 1942 αὑτοῦ,
857 1877 951 1932 και
984 1857 1182 1950 καθίσῃ
1224 1857 1323 1932 ἐπί
1351 1877 1539 1950 θρόνου
1567 1878 1724 1949 δόξης
1758 1880 1921 1934 αὐτοῦ

2030 1868 2108 1924 bit
2128 1868 2181 1922 in
2217 1870 2415 1924 throno
2436 1868 2625 1939 gloria:
2654 1866 2772 1936 ejus
2795 1866 3045 1938 judicans
3066 1868 3218 1923 vivos
3245 1876 3302 1925 et
3335 1877 3597 1924 mortuos.

358 1967 558 2036 κρίνων
579 1966 787 2032 ζῶντας
809 1968 904 2021 καὶ
922 1968 1148 2041 νεκρούς
1163 1985 1177 1999 ⁸
1199 1968 1321 2023 τότε
1342 1970 1448 2044 γὰρ
1471 1970 1669 2035 πάντες
1692 1988 1927 2042 προσκυ-

357 2058 611 2129 νήσουσιν
634 2058 782 2130 αὐτῷ
817 2060 1002 2113 ἕνεκεν
1025 2060 1230 2133 Κυρίου
1258 2061 1353 2117 τοῦ
1386 2062 1598 2134 Πατρὸς
1631 2061 1816 2127 αὐτοῦ,
1845 2064 1927 2117 ὅτι

358 2149 548 2213 πιστός
580 2150 725 2203 ἐστιν
755 2150 784 2204 6
804 2151 994 2219 ’Ἄγιος
1018 2151 1249 2225 ’Ἰσραὴλ
1284 2154 1314 2206 6
1355 2151 1709 2225 ἐκλεξάμενος
1743 2153 1923 2209 αὐτόν.

368 2239 516 2293 ’Λντὶ
543 2238 601 2294 δέ
631 2238 748 2308 τοῦ,
787 2260 805 2294 ι
850 2242 961 2296 Καὶ
990 2241 1316 2315 ἐξελεξάμην
1352 2260 1464 2311 σε,,
1482 2263 1502 2297 ι
1541 2246 1570 2299 6
1611 2245 1924 2317 Σύμμαχος,

364 2348 384 2381 ι
428 2330 740 2399 ,Ἐξελέξατό
767 2350 846 2396 σε,
876 2351 896 2386 ι
923 2335 1130 2405 εἴρηκε.
1159 2335 1344 2389 Ταῦτα
1373 2336 1474 2407 μὲν
1497 2331 1589 2391 οῦν
1611 2338 1724 2400 τοῖς
1751 2336 1927 2391 ἔθνεσι

359 2424 754 2496 παραδέδοταιο
788 2425 858 2480 τὰ
910 2426 968 2480 δέ
1005 2426 1362 2499 ἐπιλεγόμενα
1415 2430 1496 2494 εἰς
1553 2427 1718 2485 αὐτοῦ
1762 2430 1929 2501 πρόσ-

356 2533 506 2571 ωπον
530 2516 622 2571 τοῦ
650 2517 900 2591 Σωτῆρος
927 2518 1254 2583 θεσπίζεταιο
1280 2513 1325 2589 ᾧ
1343 2519 1438 2575 καί
1469 2539 1599 2593 φησι
1628 2521 1689 2575 τὸ
1706 2521 1929 2593 Πνεῦμα

356 2606 419 2661 τὸ
451 2610 785 2679 προφητικὸν
823 2613 888 2665 ἐκ
927 2610 1214 2683 προσώπου
1242 2612 1335 2667 τοῦ
1374 2615 1624 2687 Πατρός’
1666 2634 1686 2667 ι
1734 2614 1928 2688 Καιρῷ

354 2695 531 2768 δεκτῷ
570 2700 852 2771 ἐπήκουσά
893 2718 1021 2767 σου,
1056 2702 1151 2756 κα)⁸
1180 2702 1238 2756 ἐν
1268 2703 1452 2776 ἡμέρᾳ
1494 2707 1767 2778 σωτηρίας
1809 2707 1928 2763 ἐϐοο

355 2786 539 2861 ήθησά
577 2806 679 2844 σοι.
729 2810 748 2843 ι
802 2792 1015 2863 Σφόδρα
1068 2793 1129 2847 δὲ
1195 2792 1520 2865 θαυμαστῶς
1573 2796 1789 2870 εἴρηται
1841 2801 1925 2865 τὸ,

360 2899 380 2934 ι
426 2882 620 2954 Καιρῷ
653 2883 826 2956 δεκτῷ
857 2885 1139 2958 ἐπήκουσά
1168 2903 1259 2941 σου
1281 2904 1297 2919 ο
1341 2907 1360 2940 ι
1391 2883 1545 2953 οὗτος
1578 2889 1636 2943 δὲ
1670 2886 1737 2963 ἦν
1765 2892 1794 2945 6
1826 2891 1927 2962 τῆς

355 2972 705 3038 ἀναστάσεως
724 2974 887 3028 αὐτοῦ
918 2977 1127 3049 χρόνος.
1160 2977 1315 3032 Κατὰ
1344 2978 1442 3049 μέν
1466 2977 1579 3052 γὰρ
1608 2979 1700 3035 τὸν
1737 2983 1926 3058 καιρὸν

354 3063 449 3116 τοῦ
508 3063 713 3130 πάθους
758 3067 1051 3140 ἀνεὸόησεν
1106 3070 1135 3121 6
1181 3069 1372 3142 Σωτὴρ
1420 3070 1624 3125 εἰπών·
1679 3090 1697 3125 ι
1756 3074 1922 3141 Ἠλεὶ,

2027 1958 2180 2014 Tunc
2206 1960 2350 2014 enim
2381 1974 2574 2015 omnes
2614 1958 2792 2030 ipsum
2819 1960 3148 2027 adorabunt,
3173 1968 3396 2031 propter
3419 1960 3603 2016 Domi-

2027 2068 2154 2108 num
2206 2051 2422 2108 Patrem
2450 2050 2567 2121 ejus
2588 2090 2605 2118 ,
2640 2051 2765 2120 quia
2791 2051 2968 2108 ﬁdelis
2987 2063 3070 2109 est
3119 2053 3354 2110 Sanetus
3410 2053 3599 2122 Israel,

2025 2144 2117 2216 qui
2143 2144 2303 2214 elegit
2331 2160 2478 2200 eum.
2512 2143 2618 2199 Pro
2642 2142 2734 2199 illo
2765 2153 2999 2211 autem,t
3030 2144 3097 2200 Et
3117 2144 3255 2216 elegi
3284 2153 3358 2213 te,
3389 2163 3409 2199 ι
3443 2144 3603 2217 Sym-

2027 2237 2253 2294 machus
2285 2237 2471 2305 habet,
2512 2255 2531 2289 ι
2557 2236 2734 2307 Elegit
2758 2244 2832 2293 te.
2870 2254 2891 2289 ι
2952 2236 3081 2293 Haec
3129 2236 3312 2308 itaque
3348 2238 3607 2310 gentibus

2028 2330 2230 2385 tradita
2278 2339 2444 2397 sunt;
2481 2343 2603 2400 quae
2658 2342 2789 2384 vero
2834 2326 3219 2397 subjiciuntur,
3265 2328 3332 2385 de
3368 2342 3603 2398 persona

2028 2422 2332 2478 Salvatoris
2387 2420 2825 2494 praenuntiantur
2852 2437 2868 2474 :
2899 2419 2985 2474 cui
3027 2418 3192 2474 etiam
3245 2419 3610 2489 propheticus

2029 2516 2265 2586 Spiritus
2300 2531 2366 2570 ex
2399 2528 2628 2584 persona
2660 2511 2843 2567 Patris
2875 2511 2972 2579 ait,
3037 2528 3056 2564 ι
3078 2510 3346 2581 Tempore
3376 2520 3603 2580 accepto

2026 2608 2375 2670 exaudivite.
2434 2615 2490 2660 et
2520 2607 2575 2661 in
2612 2605 2701 2660 die
2748 2603 2944 2661 salutis
2991 2603 3170 2672 adjuvi
3233 2612 3352 2658 te.)
3405 2602 3603 2658 Mirum

2025 2712 2207 2755 autem
2239 2700 2292 2754 in
2322 2701 2538 2754 modum
2572 2698 2797 2763 dicitur,
2839 2716 2858 2750 ι
2890 2696 3159 2766 Tempore
3179 2706 3404 2767 accepto
3432 2711 3603 2752 exau-

2026 2793 2132 2848 divi
2175 2801 2262 2857 te;
2296 2810 2315 2845 ›
2366 2790 2496 2845 illud
2536 2804 2700 2860 porro
2751 2798 2872 2846 erat
2923 2799 3137 2860 tempus
3183 2789 3605 2847 resurrectionis

2024 2884 2163 2955 eius.
2214 2881 2349 2937 Nam
2402 2882 2676 2954 passionis
2734 2890 2981 2953 tempore
3024 2882 3281 2938 clamavit
3339 2881 3600 2938 Servatur

2025 2977 2110 3034 bis
2152 2977 2331 3034 verbis
2358 2995 2373 3033 :
2407 2995 2426 3030 ι
2450 2977 2552 3043 Eli,
2585 2976 2665 3033 Eli
2690 3017 2706 3044 ,
2750 2978 2877 3034 lima
2913 2978 3310 3034 sabacltthani‘l
3342 2997 3362 3032 ι
3392 2978 3442 3033 id
3480 2990 3605 3045 eat.

2031 3072 2215 3127 «Deus
2268 3085 2447 3136 meus,
2502 3070 2646 3126 Deus
2712 3085 2896 3135 meus,
2957 3078 3017 3123 ut
3069 3069 3200 3140 quid
3266 3068 3598 3140 dereliquiin

369 3154 517 3260 313.51
538 3171 553 3187 ο
592 3156 727 3229 λιμά
765 3158 1090 3231 σαϐαχθανεί
1111 3176 1124 3190 '
1184 3181 1204 3214 ι
1248 3164 1514 3228 τουτέστι,
1571 3182 1591 3218 ι
1647 3166 1748 3221 Θεέ
1799 3184 1921 3239 μου,

2028 3178 2116 3218 me
2158 3163 2287 3219 “ii
2338 3161 2644 3230 Quinetiam
2678 3171 2933 3232 precatur
2962 3162 3047 3218 his
3089 3161 3268 3216 verbis
3309 3177 3324 3214 :
3369 3178 3389 3212 ι
3417 3160 3613 3225 Pater,

355 3243 456 3299 Θεέ
497 3265 617 3317 μου,
650 3249 736 3303 ἴνα
771 3251 824 3303 τί
856 3268 923 3323 με
954 3253 1341 3321 ἐγκατέλιπες;
1375 3275 1394 3310 ι
1449 3256 1609 3312 Ἀλλά
1639 3259 1733 3314 καὶ
1757 3275 1925 3331 προσ-

355 3336 573 3408 εύχεται
621 3339 826 3409 λέγων·
889 3361 908 3395 ι
970 3345 1172 3419 Πάτερ,
1212 3348 1260 3402 εί
1312 3347 1570 3414 δυνατὸν,
1610 3350 1924 3423 παρελθέτω

354 3427 451 3481 ἀπ’
478 3428 612 3494 ἐμοῦ
655 3431 716 3485 τὸ
754 3434 1013 3505 ποτήριον
1049 3436 1239 3490 τοῦτο·
1285 3456 1305 3489 ι
1337 3435 1435 3493 εἷθ’
1472 3439 1550 3504 ὡς
1595 3440 1924 3498 ἀνανεύοντα

351 3516 444 3571 τὸν
488 3518 707 3592 Πατέρα
748 3521 915 3593 ἐώρα,
946 3525 1228 3599 ἐπήγαγε*
1264 3548 1285 3581 ι
1314 3529 1518 3602 Πάτερ,
1558 3533 1607 3585 εί
1646 3532 1721 3605 μὴ
1763 3533 1923 3587 δυνα-

349 3607 442 3661 τὸν
466 3611 754 3681 παρελθεῖν
780 3614 930 3681 αὐτὸ,
956 3618 1317 3690 γενηθήτωδτδ
1344 3607 1555 3694 θ’έλημά
1577 3640 1693 3680 σου.
1727 3644 1746 3676 ι
1774 3624 1919 3678 Ταύ-

347 3716 449 3774 την
484 3699 577 3758 οὖν
611 3704 708 3778 τὴν
742 3707 905 3780 εὐχήν
954 3711 1035 3774 είς
1073 3711 1264 3783 καιρὸν
1315 3713 1601 3786 δεχόμενος
1638 3718 1667 3771 6
1703 3717 1914 3790 Πατὴρ,

353 3796 492 3865 μετά
528 3796 588 3850 τὸ
608 3797 779 3863 πάθος
812 3800 905 3853 καὶ⁸
945 3802 1080 3872 μετά
1116 3803 1215 3874 τῆν
1246 3806 1327 3875 είς
1348 3806 1494 3879 ᾅδου.
1509 3808 1755 3874 κάθοδον,
1795 3826 1919 3863 και-

353 3885 445 3959 ρὺν
482 3887 582 3959 τῆς
599 3890 961 3957 ’ἀναστάσεως
993 3895 1158 3949 αὑτοῦ
1194 3896 1409 3962 δεικνύς
1466 3916 1601 3971 φησι
1639 3900 1775 3972 πρὸς
1821 3902 1918 3955 αύ-

348 3978 461 4031 τόν·
507 3997 526 4030 ι
563 3982 755 4055 Καιρῷ
798 3983 969 4056 δεκτῷ
999 3985 1278 4059 ἐπήκουσά
1318 4007 1432 4057 σου,
1473 4010 1492 4043 ι
1534 3992 1628 4047 καὶ
1667 3992 1735 4047 τὰ
1766 3993 1913 4065 ἑξῆς.

355 4086 376 4121 σ
398 4071 507 4124 Καὶ
538 4071 746 4128 ἔπλασά
779 4092 859 4139 σε,
894 4078 986 4132 καὶ
1017 4078 1193 4134 ἔδωκά
1227 4098 1286 4135 σε
1318 4084 1400 4147 εἰς
1422 4083 1688 4156 διαθήκην
1718 4083 1909 4150 ἐθνῶν,

347 4160 441 4215 τοῦ
483 4167 819 4238 καταστῆσαι
850 4169 949 4240 τήν
988 4171 1112 4243 γῆν,
1148 4173 1242 4226 καὶ
1277 4172 1679 4248 κληρονομῆσαι
1715 4176 1914 4248 κληροα·

346 4255 540 4326 νομίας
577 4257 832 4330 ἐρήμους.
885 4281 904 4313 ι
942 4262 1200 4318 Τοιαῦται
1223 4266 1281 4319 δὲ
1313 4261 1453 4338 ἦσαν
1492 4270 1549 4321 αἱ
1590 4267 1698 4320 τῶν
1741 4267 1916 4324 ἀθέων

2025 3255 2071 3310 si
2122 3253 2378 3325 possibile
2425 3261 2529 3321 est,
2593 3261 2839 3311 transeat
2895 3269 2925 3309 a
2976 3268 3062 3309 we
3115 3252 3257 3308 calix
3299 3252 3403 3307 iste
3443 3254 3526 3318 ἰς
3571 3272 3599 3306 ι

2024 3346 2219 3404 deinde
2248 3356 2304 3404 ut
2334 3346 2666 3401 abnuentem
2706 3346 2920 3401 Patrem
2953 3346 3109 3412 vidit,
3144 3347 3219 3401 ait
3247 3363 3261 3400 :
3288 3364 3307 3398 ι
3346 3346 3524 3408 Pater,
3552 3349 3609 3402 si

2025 3455 2131 3496 non
2166 3448 2341 3510 potest
2367 3440 2457 3497 hic
2487 3442 2745 3507 transire,
2780 3443 2878 3496 ﬁat
2906 3444 3155 3501 voluntas
3181 3449 3270 3495 tua
3295 3443 3367 3493 ".
3393 3459 3413 3495 ι
3449 3440 3601 3496 Hann

2023 3532 2205 3601 itaque
2244 3535 2548 3587 orationem
2586 3531 2654 3589 ad
2693 3542 2908 3603 tempus
2962 3533 3237 3602 accipiens
3267 3532 3455 3596 Pater,
3477 3543 3615 3603 postr

2021 3625 2349 3694 passionem,
2401 3634 2450 3680 et
2484 3634 2606 3695 post
2629 3624 2950 3680 descensum
2994 3626 3048 3678 in
3083 3624 3356 3679 infernum
3380 3667 3396 3687 ,
3424 3624 3598 3694 ipsum

2022 3718 2450 3773 resurrectionis
2511 3719 2630 3789 ejus
2685 3728 2902 3787 tempus
2953 3717 3306 3788 signiﬁcans,
3360 3716 3437 3771 ait
3483 3716 3613 3782 illi,

2028 3827 2048 3862 ι
2072 3809 2337 3879 Tempore
2360 3820 2582 3880 accepto
2606 3810 2859 3866 exaudivi
2890 3820 2961 3877 te,
2987 3829 3006 3863 ι
3037 3819 3090 3864 et
3108 3819 3325 3867 caetera.
3356 3828 3376 3862 ι
3398 3809 3465 3864 Et
3483 3809 3596 3866 for-

2025 3901 2166 3955 mavi
2193 3910 2263 3966 te,
2283 3909 2337 3956 et
2364 3901 2485 3958 dedi
2505 3910 2555 3956 te
2569 3902 2622 3956 in
2646 3911 3025 3957 testamentum
3041 3901 3303 3974 gentium,
3319 3911 3379 3958 ut
3394 3902 3602 3960 consti-

2024 4000 2207 4047 tueres
2236 4000 2460 4059 terram,
2493 4000 2547 4048 et
2569 3993 2879 4063 possideres
2905 3994 3251 4050 litereditates
3278 3995 3540 4051 desertis.
3570 4014 3609 4051 ι.

2024 4082 2183 4138 Tales
2209 4094 2367 4139 erant
2406 4084 2716 4154 impiorum,
2749 4095 2807 4142 et
2832 4085 3017 4141 multis
3038 4085 3355 4143 numinibus
3382 4089 3600 4143 dedito-

2023 4190 2144 4230 rum
2188 4174 2462 4229 hominum
2524 4178 2740 4243 animte,
2791 4180 3018 4234 deserta:
3071 4194 3101 4234 a
3150 4177 3287 4245 Deo,
3356 4196 3421 4237 ac
3470 4196 3599 4237 vere

2029 4285 2047 4318 ι
2079 4268 2388 4331 destructas,
2414 4285 2433 4319 ι
2471 4269 2766 4337 secundum
2804 4271 3046 4343 reliquos
3072 4271 3398 4343 interpretes

347 4348 441 4403 καὶ
467 4348 743 4405 πολυθέων
779 4352 968 4424 ψυχαὶ,
996 4354 1191 4428 ἔρημοι
1219 4356 1354 4411 Θεοῦ
1393 4357 1486 4412 καὶ
1511 4357 1724 4431 άληθῶς
1754 4378 1772 4411 ι
1806 4358 2167 4430 ἠφανισμέναι
2204 4378 2253 4426 ,ι
2293 4358 2437 4416 κατὰ
2464 4362 2591 4426 τοὺς
2617 4361 2859 4427 λοιπούς.

425 4510 445 4544 ι
471 4493 712 4564 Δέγοντα
730 4498 842 4559 τοῖς
865 4497 922 4549 ἐν
942 4496 1182 4570 δεσμοῖς,
1200 4497 1495 4564 Ἐξέλθετε,
1519 4500 1614 4555 καὶ
1633 4503 1743 4564 τοῖς
1767 4502 1824 4554 ἐν
1844 4496 1921 4571 τῷ

2090 4499 2254 4555 Vens.
2300 4500 2355 4556 9.
2415 4518 2436 4554 ι
2462 4501 2743 4559 Dicentem
2792 4504 2860 4560 iis
2904 4506 2998 4576 qui
3030 4506 3199 4564 vincti
3228 4516 3377 4576 sunt,
3412 4509 3594 4574 Exite.

347 4582 549 4644 σκότει,
578 4585 1040 4657 ἀνακαλυφθῆναι.
1067 4608 1086 4640 ι
1108 4620 1178 4630 --
1198 4608 1216 4641 ι
1246 4586 1428 4661 Ἦμεν
1452 4590 1561 4661 γάρ
1594 4608 1725 4646 ποτε
1746 4592 1913 4649 τέκνα.

342 4674 531 4747 ὀργῆς,
553 4676 646 4729 καὶ
665 4671 804 4747 ἦμέν
830 4695 958 4731 ποτε
989 4678 1196 4744 σκότος’
1227 4680 1321 4735 νῦν
1344 4682 1400 4735 δέ
1431 4682 1547 4751 φῶς
1568 4685 1626 4737 ἐν
1649 4683 1854 4757 Κυρίῳ.
1886 4703 1908 4736 ι

342 4762 765 4833 Εὑαγγελίζεται
793 4766 919 4829 τοὺς
954 4766 1062 4821 τῶν
1104 4770 1384 4847 προτέρων
1422 4772 1657 4843 δεσμῶν,
1690 4773 1785 4827 καὶ
1814 4773 1917 4827 τοῦ.

342 4854 608 4927 προτέρου
638 4855 861 4921 σκότους
885 4857 1384 4932 ἡλευθερωμένους,
1407 4860 1599 4932 λέγων·
1633 4883 1652 4915 ι
1703 4864 1914 4928 Ἐνπάσ

342 4961 465 5010 σαις
510 4948 631 5010 ταῖς
660 4947 798 5012 ὁδοῖς
840 4947 1290 5022 βοσκηθήσονται,
1331 4953 1425 5006 καὶ
1462 4955 1521 5008 ἐν
1552 4954 1751 5019 πάσαις
1791 4959 1913 5020 ταῖς

338 5035 544 5108 τρίὸοις
583 5039 618 5109 ἡ
649 5039 787 5111 νομὴ
841 5040 1040 5096 αὐτῶν.
1105 5062 1124 5096 ι
1182 5044 1320 5098 Ὀδοὶ
1352 5043 1407 5098 δὲ
1457 5044 1552 5098 καὶ
1594 5045 1790 5118 τρίϐοι,
1844 5046 1911 5112 ἃς

340 5126 629 5183 διώδευσαν
660 5133 710 5184 ei
743 5133 909 5188 πάλαι
940 5134 1034 5189 τοῦ
1067 5136 1201 5190 Θεοῦ
1233 5137 1447 5211 ἀνδρες,
1483 5140 1539 5192 αί
1568 5138 1910 5197 θεόπνευστοί

343 5219 448 5272 siet
486 5220 733 5293 Γραφαὶ,
779 5225 837 5278 ἐν
869 5221 957 5291 αἷς
1002 5226 1392 5301 βοσκόμενοιοί
1438 5229 1537 5302 τῆς
1578 5231 1909 5301 ἐπαγγελίας

339 5310 615 5381 τυχόντες.
640 5313 738 5384 τῆς
776 5315 956 5370 ἐνθέου
990 5318 1083 5372 καὶ
1114 5319 1335 5391 λογικῆς
1370 5322 1575 5393 τροφῆς
1610 5322 1912 5377 ἀπολαύου-

343 5418 448 5469 σιν,
484 5401 695 5475 ἀγαθὴν
730 5406 902 5479 νομὴν
946 5408 1150 5483 ταύτην
1183 5412 1494 5485 εὑράμενοι,
1529 5414 1718 5469 καὶτὰ
1760 5414 1905 5488 ἑξῆς.

414 5599 435 5635 ι
479 5583 554 5638 Ού
590 5586 958 5651 πεινάσουσιν,
1004 5590 1122 5643 οὐδὲ
1162 5591 1501 5665 διψήσουσιν,
1526 5595 1648 5649 ούδέ
1682 5597 1910 5662 πατάξει

336 5675 537 5742 αὐτοὺς
564 5678 594 5731 6
624 5678 867 5750 καύσων,
901 5680 1007 5736 οὐδ’
1050 5684 1078 5736 6
1106 5682 1270 5752 ἥλιος.
1308 5686 1445 5739 Ἀλλ’
1469 5689 1499 5742 6
1529 5687 1694 5743 ἐλεῶν
1719 5690 1914 5753 αὐτοὺς

2015 4598 2071 4648 et
2100 4592 2166 4647 iis
2194 4592 2286 4662 qui
2321 4594 2668 4662 intenebris,
2709 4604 2767 4650 ut
2808 4598 3119 4654 revelentur
3209 4641 3225 4657 .
3263 4618 3285 4653 ι
3317 4629 3389 4642 --
3415 4619 3435 4653 ι
3463 4601 3596 4655 Era-

2018 4699 2139 4739 mus
2166 4685 2311 4740 enim
2340 4686 2632 4755 aliquando
2667 4687 2760 4742 lilii
2794 4689 2926 4755 irae,
2967 4701 3025 4745 et
3050 4706 3267 4747 eramus
3303 4692 3610 4764 aliquando.

2018 4775 2288 4843 tenebrae;
2324 4792 2467 4833 nunc
2511 4789 2693 4835 autem
2739 4780 2835 4835 lux
2885 4781 2952 4837 in;
2991 4781 3221 4838 Domino
3272 4784 3394 4858 ".1.
3443 4784 3608 4841 Bona.

2018 4870 2206 4924 nuntia
2248 4871 2456 4940 profert
2512 4871 2579 4927 iis
2617 4874 2711 4940 qui
2753 4887 2819 4927 ex
2877 4874 3125 4944 pristinis
3179 4874 3285 4930 illis
3343 4875 3605 4943 vinculis,

2018 4974 2190 5029 exque
2243 4962 2464 5027 priscis-
2501 4962 2740 5018 tenebris
2770 4962 2926 5019 liberi
2982 4974 3308 5031 evaserant,
3353 4967 3538 5022 dicens
3574 4987 3606 5023 :-

2024 5068 2047 5103 ι
2073 5051 2127 5105 1η
2151 5053 2402 5110 outnibus
2422 5054 2529 5111 viis
2554 5065 2867 5124 pascentur,
2918 5064 2979 5112 et
3016 5058 3069 5111 in
3101 5059 3357 5115 ornuibus
3386 5062 3609 5119 semitis.

2018 5157 2216 5213 pascua
2250 5160 2459 5203 eorum.
2496 5165 2515 5199 ι
2569 5147 2681 5201 Via:
2711 5148 3026 5217 seminaque
3077 5164 3215 5218 (pias
3262 5152 3603 5220 pertransiu-

2017 5250 2139 5295 ruut
2169 5238 2242 5293 illi
2281 5238 2411 5293 olim
2474 5238 2566 5294 Dei
2623 5238 2750 5304 viri,
2799 5249 2928 5293 sunt
2981 5240 3279 5310 Scriptura:
3326 5242 3595 5297 divinitus

2011 5332 2313 5404 inspirata,
2396 5331 2484 5387 ubi
2508 5343 2792 5404 pascentes
2845 5334 2903 5397 ii,
2945 5335 3035 5403 qui
3083 5336 3349 5402 promissa
3384 5346 3592 5401 tenent,
3680 5368 3689 5375 ο

2008 5424 2190 5480 divino
2216 5436 2271 5480 et
2300 5424 2606 5480 rationabili
2632 5426 2756 5480 cibo
2780 5426 3052 5492 fruuntur,
3086 5427 3203 5483 haec
3222 5428 3363 5484 bona
3391 5444 3590 5499 pascua

2008 5516 2177 5581 nacti,
2205 5527 2259 5572 et
2286 5526 2501 5572 caetera.

2078 5608 2245 5664 Vens.
2279 5608 2365 5663 10.
2430 5628 2449 5662 ι
2478 5608 2597 5664 Νοη
2627 5611 2902 5677 esurient,
2942 5627 3117 5682 neque
3153 5614 3381 5684 sitient,
3416 5629 3605 5688 neque

2017 5700 2288 5769 percutiet
2309 5715 2401 5757 eos
2429 5711 2612 5768 aestus,
2640 5719 2816 5775 neque
2844 5705 2949 5761 soi.
2997 5704 3105 5762 Sed
3148 5708 3242 5778 qui
3295 5709 3596 5766 miseretur

403 5898 456 5935 ⁵⁴
485 5900 676 5976 Philip.
715 5920 775 5976 tt,
808 5906 893 5967 ιθ.
971 5909 1015 5944 ’⁸
1044 5909 1237 5970 Matth.
1275 5929 1442 5983 nm,
1477 5913 1565 5973 66.
1637 5917 1678 5951 "
1711 5914 1901 5974 Matth.
1944 5933 2092 5986 τινι,
2137 5920 2227 5981 59.
2304 5924 2350 5959 "
2389 5924 2519 5986 ibid.
2563 5925 2654 5984 6‘2.
2731 5929 2777 5963 ”
2806 5927 3011 6003 Ephes.
3067 5948 3129 6002 ll,
3158 5935 3211 6005 ὗς
3244 5950 3303 6005 v,
3327 5937 3381 5994 8.
