4168 6398
389 357 496 417 457

1272 357 1776 415 εοιιιιεΝτΑιιιΑ
1814 358 1883 414 IN
1924 358 2181 415 ISAIAM.
2237 391 2291 399 —
2330 321 2482 422 esp.
2524 304 2711 417 xmx.

3530 360 3632 418 1‘58

392 491 493 546 ρας
522 472 691 545 abripi
720 463 1089 542 ἀναζητείτωο
1124 472 1369 527 ἀκουέτω
1400 474 1456 528 δὲ
1481 473 1576 527 τοῦ
1603 473 1739 527 Θεοῦ
1779 474 1966 543 λέγονο

2073 475 2399 532 Iaestinorum
2440 476 2657 546 regione
2704 473 3021 545 perquirat;
3070 473 3166 527 sed
3218 470 3410 527 audiat
3465 472 3633 530 Deum

388 583 483 630 τος
504 567 641 637 αὐτῇ
655 582 668 595 -

467 678 486 709 ι
539 658 667 711 Ἰδοὺ
693 658 785 711 ἐπὶ
824 657 933 711 τῶν
968 656 1166 729 χειρῶν
1190 663 1316 729 ’μου
1358 658 1729 730 ἐξωγράιρησόι
1758 676 1849 712 σου
1897 674 1967 711 τα

389 750 569 820 τείχη,
607 758 702 802 καὶ
732 748 960 802 ἐνώπιόν
1000 766 1102 820 μου
1135 744 1186 802 εῐ
1212 748 1299 803 διὰ
1330 750 1550 814 παντός.
1588 771 1606 803 ι
1640 752 1831 823 Χεϊρες
1857 749 1971 821 γὰρ

387 844 469 907 ὡς
508 841 724 912 ἀληθῶς
770 840 907 895 Θεοῦ
955 842 1055 914 τὴν
1099 841 1354 915 τοιαύτην
1396 844 1735 916 οἰκοδομοῦσι
1789 844 1963 909 πόλιν,

392 933 599 1008 μᾶλλον
638 933 697 987 δέ
740 932 1088 988 διατυποῦσιν
1119 933 1290 1006 αὐτὴν
1336 935 1432 988 καὶ
1476 934 1963 1008 διαζωγράφουσιν,

387 1027 583 1096 ὥσπερ
604 1026 663 1079 ἐν
695 1023 919 1089 πίνακος
947 1028 1152 1096 γραφῇ,
1188 1026 1284 1080 καὶ
1313 1026 1729 1099 διαχαράττουσι
1752 1026 1850 1098 τὴν
1877 1025 1969 1081 θέ-

394 1138 483 1175 σιν
510 1120 606 1174 καὶ
630 1117 756 1181 τοὺς
782 1120 980 1183 τόπους
1000 1118 1101 1189 τῆς
1128 1118 1271 1172 κατὰ
1292 1118 1426 1172 Θεοῦ
1456 1119 1730 1183 πολιτείας
1765 1119 1822 1172 ἐν
1847 1121 1968 1183 ταῖς

393 1213 505 1268 τῶν
536 1210 839 1284 ἀνθρώπων
862 1210 1062 1281 ψυχαῖς
1095 1209 1455 1282 συνεστώσης.
1489 1212 1555 1264 Ὅ
1593 1211 1656 1282 δὴ
1686 1211 1779 1265 καὶ
1808 1210 1969 1274 αὐτὸς

393 1304 495 1375 τῆς
545 1302 740 1357 ἐαυτοῦ
781 1301 988 1366 πόλεως
1028 1302 1340 1374 οἰκοδόμος,
1378 1302 1577 1374 δηλαδὴ
1625 1304 1655 1356 ὁ
1692 1303 1788 1357 τοῦ
1826 1301 1968 1356 Θεοῦ

393 1396 587 1465 Λόγος,
627 1394 892 1459 ἐδίδασκε,
920 1394 1115 1464 λέγων,
1152 1412 1172 1447 ι
1226 1394 1350 1448 Ἐπὶ
1377 1395 1475 1466 τὴν
1513 1395 1720 1468 πέτραν
1762 1395 1967 1450 οἰκοδο-

392 1489 558 1560 μήσω
590 1504 691 1560 μου
722 1487 823 1558 τὴν
864 1486 1209 1558 Ἐκκλησίαν,
1241 1487 1337 1541 καὶ
1367 1487 1532 1541 πύλαι
1565 1486 1691 1559 ᾅδου
1719 1488 1782 1541 ού
1833 1504 1968 1541 κατ-

393 1578 711 1651 ισχύσουσιν
735 1578 921 1648 αὐτῆς.
938 1597 957 1630 ι

471 1687 493 1722 ι
533 1670 642 1725 Καὶ
667 1669 805 1740 ταχὺ
833 1667 1234 1742 οἰκοδομηθήσῃ
1273 1670 1362 1741 ὑφ’
1394 1665 1471 1725 ὧν
1511 1670 1843 1744 καθῃρέθης,
1874 1668 1970 1725 καὶ

2062 571 2145 624 δίο
2178 585 2296 622 eam
2331 569 2690 637 alloquentetn
2736 585 2750 621 :

2135 657 2298 711 Vsus.
2335 654 2421 710 16.
2454 674 2473 706 ι
2505 655 2641 710 Ecce
2679 670 2840 723 super
2864 670 3054 710 manus
3087 670 3235 710 meas
3270 655 3485 727 depiuxi
3516 654 3640 713 mit-3

2065 767 2158 807 ros
2194 761 2331 817 tuos,
2380 760 2437 806 et
2484 751 2537 804 in
2591 760 2881 820 conspectu
2931 765 3050 805 meo
3084 765 3143 805 es
3171 765 3405 820 semper.
3437 769 3459 803 ι
3496 749 3632 806 Nam

2066 854 2258 899 manus
2291 842 2384 898 Dei
2411 856 2597 899 revera
2628 840 2934 910 huiusmodi
2966 844 3152 897 urbem
3190 842 3476 904 aediﬁcant,
3525 843 3636 898 imo

2066 935 2244 1007 potius
2296 933 2468 1005 ipsam
2521 931 2795 989 delineant
2849 942 2907 987 et
2969 934 3303 1004 depingunt,
3358 935 3511 1004 quasi
3577 934 3632 989 iu

2068 1025 2263 1082 tabella
2298 1040 2419 1096 quae
2450 1024 2781 1095 depingitur,
2831 1039 2896 1078 ac
2925 1023 3093 1079 divini
3129 1025 3362 1080 instituti
3408 1025 3461 1080 in
3519 1025 3636 1079 ani-

2068 1119 2260 1174 mabus
2286 1117 2566 1172 hominum
2597 1114 2818 1171 stabiliti
2862 1114 3185 1187 positionem
3219 1126 3274 1171 et
3299 1115 3437 1181 loca,
3468 1115 3638 1171 linea-

2069 1210 2268 1265 mentis
2293 1209 2598 1279 designant.
2635 1208 2791 1276 Quod
2823 1208 2987 1263 etiam
3023 1208 3135 1277 ipse
3157 1224 3376 1278 quoque
3400 1209 3636 1264 civitatis

2068 1301 2322 1357 fundator
2357 1312 2413 1356 et
2438 1300 2643 1370 opifex,
2695 1299 2947 1355 videlicet
2996 1298 3090 1354 Dei
3146 1299 3405 1365 Verbum,
3454 1299 3638 1355 docuit

2067 1394 2155 1450 his
2208 1394 2421 1459 verbis,
2459 1393 2682 1464 «Supra
2736 1402 2944 1463 petram
2998 1391 3275 1447 aediﬁcabo
3336 1390 3634 1447 Ecclesiann

2068 1501 2280 1552 meam,
2316 1496 2371 1542 et
2401 1497 2570 1557 porta:
2600 1486 2756 1541 inferi
2813 1500 2921 1540 non
2959 1485 3329 1556 praevalebunt
3378 1485 3638 1541 adversus

2068 1593 2186 1633 eam
2214 1578 2280 1631 ".
2308 1597 2326 1630 ι

2144 1669 2307 1725 Vsns.
2366 1669 2455 1724 Π.
2505 1688 2522 1722 ι
2550 1669 2777 1738 Citoque
2818 1667 3190 1734 mdiﬁcaberis,
3226 1684 3256 1723 a
3302 1667 3497 1738 quibus
3544 1668 3641 1723 dea

388 1760 448 1815 al
491 1758 877 1831 ἐρημώσαντές
920 1775 982 1812 σε
1026 1759 1396 1827 ἐξελεύσονται
1445 1762 1509 1815 ἐκ
1543 1760 1659 1817 σοῦ.
1703 1780 1724 1816 ι
1759 1762 1968 1835 ’Ὥσπερ

2073 1769 2271 1818 structa
2293 1778 2371 1831 es,
2389 1772 2443 1818 et
2461 1763 2550 1832 qui
2573 1773 2623 1818 te
2648 1761 3048 1826 desolaveruut,
3073 1761 3494 1833 egredienturcx
3528 1770 3635 1816 te.)

388 1825 538 1923 γὰρ-
572 1825 814 1905 ἦουδαῖοι
869 1850 968 1922 τῆς
1023 1825 1394 1923 καθαιρέσεως
1450 1851 1619 1922 αὐτῆς
1680 1825 1967 1921 γεγόνασιν

2073 1856 2533 1922 Quemadmodum
2578 1856 2720 1910 enim
2761 1852 2928 1907 Judaei
2973 1825 3134 1922 hujus
3167 1853 3361 1909 excidii
3390 1862 3640 1908 auctores

394 1940 582 2003 αἴτιοι,
614 1940 755 1993 οῦτω
779 1939 942 1993 πάλιν
968 1939 1028 2007 ἐξ
1059 1940 1226 2011 αὐτῆς
1254 1935 1392 2011 ἦσαύ
1420 1940 1469 1993 οί
1497 1939 1599 2010 τῆς
1623 1938 1748 2002 νέας
1767 1938 1969 1993 οἰκοδο-

395 2032 510 2103 μῆς
530 2033 778 2103 ἐργάται·
804 2031 1088 2086 ἀπόστολοι
1107 2032 1348 2105 δηλονότι
1381 2030 1475 2084 τοῦ
1509 2032 1761 2103 Σωτῆρος
1789 2029 1965 2102 ἡμῶν,

397 2123 639 2197 μαθηταί
682 2139 744 2176 τε
782 2122 877 2176 καὶ
920 2122 1320 2191 εὐαγγελισταὶ,
1356 2121 1423 2175 δι’
1468 2113 1545 2175 ὧν
1587 2122 1621 2192 ή
1678 2119 1971 2199 Ἐκκλησία

390 2214 492 2270 τοῦ
517 2213 654 2268 Θεοῦ
676 2216 911 2287 ἀνεγήγε
921 2232 1061 2287 ρται.

472 2325 493 2357 ι
534 2301 706 2378 Ἀρον
954 2306 1079 2370 τοὺς
1106 2304 1419 2379 ὀφθαλμούς
1449 2323 1565 2375 σου,
1592 2309 1686 2361 καὶ
1720 2306 1795 2361 ῐδε
1836 2308 1971 2363 πάν·
2012 2282 2016 2285 Ἴ

391 2415 492 2462 τας
512 2414 526 2428 ’
563 2397 672 2451 ἰδοῦ
703 2397 1046 2470 συνήχθησαν
1071 2400 1167 2453 καὶ
1197 2397 1428 2471 ἧλθοσαν
1456 2398 1591 2468 πρὸς
1614 2398 1694 2452 σέ.
1723 2397 1810 2452 Ζῶ
1838 2398 1968 2468 ἐγὼ,

396 2491 803 2564 λέγει’Κύριος,
839 2493 920 2546 ὅτι
953 2492 1163 2557 πάντας
1195 2493 1392 2557 αὐτοὺς
1417 2492 1493 2557 ὡς
1520 2492 1723 2564 κόσμον
1756 2482 1968 2565 ἐνδύσῃ,

394 2585 494 2638 καὶ
544 2583 861 2656 περιθήσεις
914 2584 1111 2648 αὐτοὺς
1152 2584 1228 2649 ὡς
1268 2585 1471 2655 κόσμον
1519 2585 1738 2657 νύμφῃο
1789 2586 1867 2640 ὃτι
1904 2584 1974 2639 τὰ

394 2672 582 2743 ἔρημά
615 2688 742 2738 σου,
779 2674 873 2727 καὶ
904 2673 974 2727 τὰ
1019 2674 1445 2747 κατεφθαρμένα
1482 2675 1576 2729 καὶ
1625 2676 1969 2742 πεπτωκότα,

392 2765 480 2821 δτι
522 2764 619 2820 νῦν
663 2769 1054 2840 στενοχωρήσει
1097 2767 1204 2823 ἀπὸ
1250 2767 1360 2822 τῶν
1412 2767 1829 2833 κατοικούντων,
1880 2770 1974 2824 καὶ

400 2858 875 2931 μακρυνθήσονται
934 2860 1041 2915 ἀπὸ
1106 2860 1200 2915 σοῦ
1257 2860 1308 2915 οί
1369 2860 1756 2925 καταπίνοντές
1812 2878 1892 2915 σε.
1949 2881 1969 2914 ι

395 2949 690 3022 Θαυμάσαι
727 2951 784 3005 δέ
810 2951 1145 3016 ἕστιν,ὂπως
1190 2951 1327 3025 πρὸς
1362 2955 1429 3025 τῇ
1456 2950 1663 3024 διανοίᾳ
1702 2954 1794 3007 καὶ
1837 2953 1976 3007 κατὰ

395 3040 496 3111 τὴν
528 3042 765 3116 ἱστορίαν
786 3045 816 3096 ὁ
846 3045 1003 3113 λόγος
1032 3043 1332 3117 ἐπληροῦτο
1360 3042 1452 3098 τοῦ
1477 3045 1676 3109 παντὸς
1708 3044 1974 3100 Ἰουδαίων

399 3131 607 3230 ἐθνους,
635 3134 772 3207 μετὰ
794 3136 894 3208 τὴν
926 3135 1310 3230 σύστασινῌτῆς
1339 3135 1415 3230 ἐξ-
1437 3135 1606 3230 ἐθνῶν
1647 3136 1974 3208 Ἐκκλησίας
1999 3171 2042 3230 C

397 3224 739 3297 ἀποόλήτους
785 3228 1105 3299 γενομένους
1150 3228 1251 3299 τῆς
1299 3228 1562 3300 αἰσθητῆς
1612 3228 1823 3294 πόλεως
1873 3231 1972 3302 τῆς

397 3316 542 3371 κατά
579 3316 944 3391 Παλαιστίνην
969 3318 1249 3391 κειμένης,
1285 3318 1422 3391 πρὸς
1457 3319 1520 3373 τὸ
1551 3319 1644 3374 καὶ
1669 3319 1762 3373 τοῦ
1790 3314 1973 3374 0500s-

399 3404 531 3471 σοῦς
556 3407 944 3481 πολιτεύματος
969 3410 1237 3464 ἐκπεσεῖν.

478 3516 495 3549 ι
537 3497 751 3569 Ἑροῦσι
780 3498 890 3571 γὰρ
913 3501 994 3564 είς
1017 3498 1087 3553 τὰ
1112 3493 1227 3554 ὦτά
1253 3516 1346 3553 σου
1375 3501 1423 3554 οἱ
1449 3500 1555 3555 υίοί
1581 3518 1694 3567 σου,
1719 3500 1813 3566 οῦς
1838 3503 1973 3558 ἀπο-

396 3587 675 3654 λώλεκας·
725 3592 918 3657 Στενός
966 3610 1057 3663 μοι
1101 3594 1131 3646 ό
1168 3592 1332 3657 τόπος
1351 3610 1364 3623 ·
1402 3593 1624 3664 ποίησόν
1669 3611 1757 3666 μοι
1788 3594 1973 3662 τόπον,

400 3680 491 3735 ῐνα
528 3667 858 3754 κατοικήσω.
908 3683 1017 3737 Καὶ
1066 3684 1211 3756 ἐρεῖς
1248 3685 1307 3737 ἐν
1354 3686 1421 3755 τῇ
1473 3684 1667 3758 καρδίᾳ
1712 3699 1826 3739 σουο
1880 3686 1975 3751 Τίς

396 3771 660 3844 ἐγέννησέ
702 3790 792 3845 μοι
830 3774 1084 3842 τούτουςς
1137 3775 1277 3846 Ἐγὼ
1308 3776 1365 3830 δὲ
1405 3776 1627 3842 ἄτεκνος
1674 3777 1766 3830 καὶ
1807 3778 1971 3850 χήραο

396 3864 624 3929 τούτους
670 3866 729 3920 δὲ
775 3866 859 3931 τίς
891 3866 1147 3940 ἐξέθρεψέ
1198 3885 1316 3939 μοις
1367 3866 1478 3937 ἐγὼ
1513 3867 1571 3922 δὲ
1614 3866 1975 3941 κατελείφθην

401 3955 564 4026 μόνη,
592 3949 736 4010 οῦτοι
771 3956 830 4011 δέ
872 3974 961 4028 μοι
1004 3957 1109 4011 ποῦ
1140 3953 1315 4030 ἦσαν;
1347 3975 1366 4009 ι
1410 3957 1517 4013 Τοῦ
1561 3959 1627 4013 ἐκ
1670 3960 1976 4032 περιτομῆς

397 4045 533 4099 λαοῦ
572 4047 634 4101 τὸ
660 4046 792 4101 πολὺ
825 4048 1024 4120 πλῆθος
1052 4050 1150 4122 τῆς
1206 4049 1531 4121 Ἐκκλησίας
1570 4048 1692 4103 καθ’
1723 4050 1852 4122 ὅλης
1874 4050 1975 4122 τῆς

400 4138 725 4211 οἰκουμένης
786 4139 847 4205 ἐξ
914 4141 1167 4195 ἁπάντων
1238 4142 1721 4216 ἀντεισαχθήσεται
1783 4141 1969 4197 ἐθνῶν.

396 4225 583 4283 Ἦσαν
611 4231 721 4303 γάρ
754 4248 882 4285 ποτε
915 4233 972 4285 ἐν
997 4232 1242 4305 ἀπωλείᾳ
1264 4234 1314 4287 0i
1347 4234 1436 4288 διὰ
1466 4235 1565 4306 τῆς
1589 4235 1857 4307 σωτηρίου
1884 4236 1976 4307 χά-

398 4340 552 4396 ριτος
598 4327 667 4395 τῇ
723 4324 968 4397 πολιτείᾳ
1013 4325 1108 4379 τοῦ
1170 4325 1304 4379 Θεοῦ
1354 4327 1822 4399 προσδραμόντες
1880 4327 1975 4393 οὓς

395 4414 583 4489 ὁρῶσα
604 4417 640 4488 ἡ
693 4416 986 4488 Ἐκκλησία
1021 4415 1116 4470 τοῦ
1149 4417 1283 4471 Θεοῦ
1312 4418 1688 4491 ἀποθαυμάσει
1719 4420 1970 4489 λέγουσα,

2072 1945 2222 2001 fuere
2246 1987 2262 2013 ,
2290 1947 2369 2003 sic
2408 1963 2624 2002 rursum
2661 1962 2726 2001 ex
2779 1945 2866 1998 illa
2917 1946 3234 2014 prodierunt
3270 1946 3392 2001 novi
3425 1941 3643 2000 aediﬁcii

2070 2039 2309 2094 artiﬁces
2338 2058 2350 2094 :
2390 2039 2616 2109 apostoli
2643 2038 2890 2094 videlicet
2914 2030 3212 2093 Salvatoris
3242 2037 3410 2093 nostri
3431 2077 3447 2102 ,
3475 2037 3641 2092 disci-

2070 2131 2179 2201 puli
2233 2139 2288 2186 et
2341 2129 2708 2202 evangelistae,
2745 2144 2975 2201 quorum
3031 2143 3195 2198 opera
3247 2127 3490 2184 Ecclesia
3540 2126 3637 2183 Dei

2071 2225 2303 2280 excitata
2332 2224 2453 2277 fuit.

2140 2315 2304 2371 Vens.
2352 2314 2441 2380 l8,
2494 2314 2582 2370 l9.
2618 2332 2637 2366 ι
2665 2313 2808 2370 Leva
2845 2314 2897 2368 in
2920 2312 3148 2368 circuitu
3187 2311 3375 2368 oculos
3404 2320 3543 2378 tuos,
3581 2320 3641 2367 et

2068 2405 2193 2460 vide
2221 2420 2411 2458 omnes
2439 2422 2451 2459 :
2479 2419 2607 2459 ecce
2655 2404 2965 2473 Congregati
2990 2411 3114 2457 sunt
3135 2446 3149 2470 ,
3178 2412 3234 2456 et
3270 2410 3535 2456 venerunt
3570 2403 3639 2455 ad

2072 2509 2143 2552 te.
2180 2495 2315 2552 Vivo
2337 2511 2456 2567 ego,
2483 2497 2613 2551 dicit
2633 2495 2912 2562 Dominus,
2943 2494 3191 2564 quoniam
3222 2494 3476 2548 omnibus
3509 2492 3635 2555 illis,

2073 2598 2345 2657 tamquam
2372 2594 2711 2653 ornamento,
2741 2585 3003 2652 indueris,
3035 2595 3090 2639 et
3114 2584 3489 2652 circumpones
3519 2582 3641 2637 illos

2072 2690 2344 2748 tamquam
2378 2688 2629 2733 ornatum
2679 2691 2936 2746 sponsae:
2970 2675 3224 2745 quoniam
3273 2672 3487 2728 deserta
3545 2683 3637 2728 tua

2071 2777 2127 2823 et
2151 2765 2410 2838 dissipata
2443 2778 2553 2833 tua,
2588 2775 2780 2835 etquae
2801 2767 3133 2831 ceciderunt,
3160 2780 3301 2819 nunc
3325 2764 3638 2835 angustiora

2072 2858 2203 2913 ﬁent
2234 2873 2344 2929 pra:
2378 2856 2797 2923 habitatoribus,
2853 2865 2907 2912 et
2954 2855 3110 2926 longe
3161 2856 3486 2910 arcebantur
3516 2870 3547 2910 a
3583 2864 3638 2910 te

2072 2950 2162 3021 qui
2188 2950 2478 3005 absorbent
2510 2958 2584 3003 te.
2610 2968 2630 3002 ι
2665 2948 2848 3003 Mirari
2866 2949 3010 3003 subit
3044 2962 3152 3017 quo
3176 2956 3330 3017 pacto
3353 2946 3496 3012 haec,
3523 2956 3633 3000 tum

2073 3044 2246 3114 quoad
2278 3041 2613 3113 spiritualetn
2649 3040 3295 3117 intelligendi.rationem,
3325 3049 3434 3092 tum
3463 3043 3638 3109 quoad

2073 3131 2379 3198 historiam,
2411 3130 2679 3200 completa
2710 3130 2850 3196 sint;
2887 3143 3075 3198 nempe
3098 3144 3219 3182 cum
3238 3143 3369 3198 gens
3395 3126 3638 3190 Iudaica,

2076 3234 2198 3297 post
2224 3224 2502 3280 fundatam
2534 3221 2830 3278 Ecclesiam
2869 3235 2935 3275 ex
2967 3217 3240 3290 gentibus,
3281 3233 3311 3273 a
3339 3219 3525 3274 sensili
3552 3220 3639 3272 illa
3674 3288 3679 3291 ἶ

2074 3317 2210 3373 urbe
2238 3316 2539 3373 Palaestina:
2568 3312 2791 3385 expulsa
2833 3320 2952 3380 est,
2992 3310 3137 3383 quod
3167 3325 3197 3364 a
3233 3310 3333 3381 piae
3366 3309 3641 3379 religionis

2073 3411 2219 3466 cultu
2249 3410 2465 3479 delapsa
2504 3417 2670 3463 esset.

2146 3503 2309 3559 Vans.
2350 3501 2441 3567 20,
2487 3500 2578 3555 21.
2636 3497 2870 3553 «Dicent
2898 3496 3041 3552 enim
3092 3495 3159 3550 ad
3206 3509 3368 3550 aures
3395 3504 3512 3549 tuas
3546 3493 3641 3548 ﬁlii

2076 3594 2176 3659 tui,
2213 3608 2349 3664 quos
2379 3590 2659 3662 perdidisti
2696 3608 2710 3646 :
2743 3590 3017 3660 Angustus
3057 3588 3184 3643 mihi
3217 3588 3367 3643 locus
3394 3596 3477 3642 est
3508 3601 3524 3639 :
3557 3585 3641 3640 [ac

2074 3686 2205 3741 mihi
2235 3684 2434 3749 locum,
2467 3692 2526 3737 ut
2555 3682 2812 3737 habitem.
2833 3680 2902 3735 Et
2922 3681 3072 3736 dices
3097 3680 3148 3735 in
3177 3680 3337 3735 corde
3365 3688 3487 3734 tuo:
3512 3677 3645 3746 Quis

2076 3778 2257 3848 genuit
2302 3776 2433 3831 mihi
2464 3774 2641 3831 istos?
2682 3782 2737 3828 at
2783 3788 2883 3845 ego
2921 3774 3123 3843 absque
3148 3771 3335 3827 liberis
3364 3782 3418 3827 et
3445 3771 3639 3826 vidua:

2076 3869 2174 3924 hos
2201 3879 2379 3924 autem
2417 3867 2541 3938 quis
2587 3865 2848 3922 enutrivit
2883 3865 3011 3920 mihi
3034 3864 3069 3935 ’ξε
3100 3865 3211 3936 Ego
3260 3874 3440 3918 autem
3481 3864 3643 3918 dere-

2075 3959 2200 4016 licta
2255 3975 2372 4015 sum
2406 3958 2518 4014 sola
2553 3977 2569 4014 :
2604 3958 2657 4013 hi
2691 3972 2822 4013 vero
2872 3957 2962 4012 ubi
3015 3965 3172 4011 erant
3230 3955 3404 4010 mihi?
3434 3973 3453 4008 ι
3510 3954 3645 4012 Vice

2076 4054 2253 4126 papuli
2285 4068 2350 4109 ex
2389 4051 2838 4114 circumcisione,
2876 4049 3169 4104 multitudo
3220 4063 3413 4119 magna
3472 4057 3643 4102 totum

2075 4161 2171 4219 per
2197 4145 2382 4201 orbem
2415 4145 2467 4199 in
2500 4144 2792 4199 Ecclesiam
2821 4157 2885 4197 ex
2918 4141 3172 4197 omnibus
3213 4141 3463 4211 gentibus
3488 4140 3647 4195 indu-

2076 4249 2251 4294 cetur.
2283 4237 2422 4294 Olim
2468 4237 2666 4307 quippe
2718 4236 2770 4290 in
2820 4234 3063 4306 pernicie
3115 4244 3274 4288 erant
3306 4233 3365 4296 ii,
3399 4232 3495 4303 qui
3549 4247 3647 4301 per

2076 4332 2364 4387 salutarem
2405 4330 2634 4400 gratiam
2668 4327 2735 4381 ad
2771 4326 2969 4382 divinte
3017 4324 3294 4395 religionis
3338 4324 3640 4378 institutqu

2075 4424 2428 4472 accurrerunt
2456 4435 2471 4471 :
2501 4415 2696 4486 quibus
2724 4416 3034 4485 conspectis
3077 4412 3319 4470 Ecclesia
3350 4413 3443 4467 Dei
3471 4413 3643 4468 admi-

401 4526 423 4556 ι
458 4506 557 4570 Τίς
578 4507 833 4579 ἐγέννησέ
858 4525 946 4578 μοι
972 4506 1224 4573 τούτους;
1253 4528 1271 4561 ι
1299 4509 1360 4563 τὸ
1383 4508 1531 4574 ξένον
1551 4512 1651 4583 τῆς
1673 4511 1781 4564 τῶν
1803 4510 1970 4565 ἐθνῶν

2076 4507 2318 4563 rabunda
2357 4508 2520 4573 dicet,
2556 4526 2576 4560 ι
2599 4507 2733 4575 Quis
2763 4507 2894 4561 mihi
2934 4507 3097 4561 hosce
3119 4502 3345 4575 genuit?
3372 4521 3390 4553 ι
3427 4502 3495 4556 ad
3546 4518 3651 4557 non

397 4590 648 4664 κλήσεως
675 4595 1113 4669 ἐκπληττομένη·
1149 4597 1471 4670 ὁμολογήσει
1508 4616 1568 4653 τε
1605 4599 1704 4672 τὴν
1740 4601 1972 4673 ἐπισυμ-

396 4682 577 4740 6ἆσαν
610 4686 747 4759 αὐτῇ
779 4688 843 4741 ἐκ
873 4686 968 4741 τοῦ
1012 4687 1278 4745 Ἰουδαίων
1308 4688 1494 4755 ἔθνους
1519 4691 1791 4747 ἀτεκνίαν.

476 4880 498 4915 ι
536 4862 722 4931 Οῦτως
757 4865 903 4935 λέγει
943 4867 1145 4940 Κύριος
1184 4869 1387 4944 Κύριος
1409 4887 1423 4900 ”
1471 4870 1600 4926 Ἰδοὺ
1628 4871 1769 4944 αἴρω
1795 4873 1876 4936 είς
1901 4872 1972 4927 τὰ

396 4953 529 5029 ἔθνη
562 4958 662 5030 τὴν
690 4958 850 5031 χεῖρά
882 4977 1004 5031 μου,
1044 4961 1138 5015 καὶ
1186 4964 1267 5026 είς
1311 4961 1411 5027 τὰς
1449 4963 1648 5035 νήσους
1679 4963 1797 5035 ἀρῶ
1839 4963 1969 5018 σύσ-

400 5051 578 5121 σημόν
612 5067 735 5122 μου,
764 5054 857 5106 καὶ
894 5052 1080 5118 ἄξουσι
1103 5056 1231 5119 τοὺς
1252 5054 1402 5120 υίούς
1430 5073 1525 5111 σου
1552 5056 1610 5109 ἐν
1638 5056 1844 5128 κόλπῳ,
1872 5056 1973 5122 τὰς

396 5143 460 5196 δέ
492 5142 798 5215 θυγατέρας
845 5160 939 5197 σου
994 5146 1080 5199 ἐπ’
1121 5145 1286 5219 ὤμων
1333 5147 1556 5218 ἀροῦσι⁸
1613 5167 1633 5201 ι
1684 5147 1969 5216 διδάσκων,

397 5235 485 5288 ὅτι
524 5235 673 5299 υἱοὺς
704 5236 876 5308 αὐτῆς
899 5237 993 5290 καὶ
1035 5237 1354 5311 θυγατέρας,
1396 5241 1525 5311 περὶ⁵
1564 5235 1640 5295 ὢν
1677 5236 1851 5309 εἶπεν,
1889 5243 1972 5296 ὅτι

404 5347 428 5382 α
478 5322 640 5385 οῦτοι
665 5330 724 5385 δέ
769 5346 858 5401 μοι
909 5330 1012 5385 ποῦ
1058 5328 1234 5403 ἦσαν;
1280 5351 1300 5386 ι
1349 5333 1414 5387 ἐκ
1461 5331 1563 5403 τῆς
1600 5332 1831 5405 ἐκλογῆς
1864 5332 1972 5387 τῶν

396 5420 572 5490 ιθγῶν
598 5424 735 5495 πρὸς
755 5423 923 5496 αὐτὴν
947 5424 1182 5491 συνάξει.
1212 5424 1370 5487 Τίνες
1402 5423 1460 5477 δὲ
1482 5423 1642 5478 τοῦτο
1670 5412 1969 5498 πράξωσιν,

395 5513 438 5586 ἢ
476 5515 694 5580 πάντως
729 5533 831 5569 που
855 5517 906 5570 οἱ
929 5517 1056 5581 τοὺς
1091 5515 1479 5587 εἰσαγομένους
1509 5500 1591 5581 είς
1613 5516 1714 5589 τὴν
1748 5517 1976 5589 Ἐκκλη-

401 5605 524 5661 σίαν
545 5605 637 5661 τοῦ
670 5606 806 5662 Θεοῦ
841 5607 1302 5681 χειραγωγοῦντες
1335 5607 1424 5664 διὰ
1445 5607 1543 5682 τὴν
1559 5608 1772 5682 φρενῶν
1793 5607 1978 5683 νηπιό-

399 5713 543 5768 τητα
558 5712 577 5765 ;
1023 5733 1029 5741 α

473 5793 527 5827 ⁸⁸
555 5793 742 5849 Matth.
774 5808 886 5864 ιιι,
916 5797 1006 5855 18.

2075 4616 2195 4656 vam
2219 4609 2271 4656 et
2300 4600 2618 4656 insolentem
2653 4600 2890 4671 gentium
2915 4598 3251 4670 vocationem
3281 4595 3552 4650 attonita:
3581 4612 3649 4650 ac

2076 4692 2417 4748 sterilitatem
2457 4692 2558 4747 sibi
2611 4708 2641 4746 a
2694 4690 2918 4746 Judaica
2971 4697 3132 4759 gente
3181 4688 3460 4743 inductam
3512 4683 3652 4740 fate-

2075 4786 2241 4843 bitur.

2148 4878 2313 4934 Vens.
2360 4877 2451 4934 22.
2503 4896 2524 4931 ι
2572 4877 2666 4933 Sic
2699 4876 2831 4932 dicit
2867 4873 3130 4929 Dominus
3182 4869 3651 4928 Dominus:Ecce

2077 4969 2229 5025 elevo
2261 4986 2423 5042 super
2472 4979 2658 5042 gentes
2698 4983 2913 5022 manum
2967 4980 3185 5030 meam,
3238 4972 3293 5018 et
3337 4965 3403 5018 ad
3442 4958 3653 5018 iusu!ss

2080 5061 2271 5119 levabo
2318 5062 2530 5134 signum
2567 5074 2741 5115 meum
2773 5074 2787 5112 :
2820 5064 2875 5110 et
2915 5055 3185 5110 adducent
3229 5053 3365 5108 ﬁlios
3404 5060 3539 5108 tuos
3595 5053 3653 5107 in

2079 5155 2221 5221 sinu,
2250 5161 2303 5209 et
2329 5153 2470 5209 ﬁlias
2497 5162 2620 5206 tuas
2654 5147 2891 5205 humeris
2918 5144 3211 5215 portabunt
3245 5146 3263 5197 τ
3292 5162 3311 5195 ι
3349 5144 3570 5209 docens,
3592 5158 3655 5198 sc

2080 5246 2220 5303 ﬁlios
2242 5257 2297 5299 et
2325 5244 2463 5299 ﬁlias
2488 5242 2643 5312 ejus,
2693 5241 2760 5296 de
2798 5238 2997 5308 quibus
3032 5236 3187 5301 dixit,
3224 5252 3244 5286 ι
3271 5233 3336 5289 lli
3394 5248 3524 5288 vero
3563 5234 3652 5286 ubi

2078 5348 2234 5394 erant
2259 5336 2483 5391 mihi?»
2546 5350 2611 5390 ex
2652 5332 2921 5388 electione
2963 5328 3201 5399 gentium
3254 5325 3657 5399 ad‘Ecclesiam

2082 5430 2442 5486 deducturum
2476 5440 2620 5482 esse.
2651 5425 2881 5492 Quinam
2911 5437 3042 5478 vero
3078 5421 3132 5477 id
3158 5419 3334 5476 acturi
3369 5418 3516 5484 su‘nt,
3551 5418 3652 5471 nisi

2082 5522 2174 5592 qui
2200 5521 2338 5577 alios
2365 5521 2431 5577 ad
2468 5518 2766 5574 Ecclesiam
2790 5516 2885 5572 Dei
2914 5516 3236 5572 accedentes
3265 5526 3424 5567 manu
3455 5510 3657 5566 ducunt

2085 5614 2155 5672 ob
2181 5628 2368 5671 eorum
2394 5610 2595 5670 mentis
2628 5607 3049 5669 imbecillitatem
3080 5617 3136 5664 et
3178 5601 3515 5664 infantiam!-
