4168 6398
541 315 648 374 439

539 536 623 574 me
656 536 842 574 eorum
873 561 887 586 ,
923 519 1163 576 nutrices
1190 531 1311 576 tuae.
1346 541 1365 572 ›
1395 521 1546 586 Quod
1577 522 1642 574 ad
1665 523 1894 577 litteram
1927 525 2114 594 imple-

539 623 650 667 tum
679 613 810 684 ipsis
836 613 1008 668 oculis
1045 615 1352 679 cernimus,
1386 615 1514 668 dum
1559 615 1616 678 ii,
1660 615 1750 684 qui
1802 631 2116 685 supremum

537 706 824 773 imperium
889 705 1182 769 obtinent,
1246 703 1544 759 Ecclesiam
1606 703 1698 760 Dei
1764 707 2110 762 nutritiorum

535 797 712 851 instar
761 806 976 865 gestant
1023 806 1077 850 et
1133 795 1358 852 fovent:
1398 810 1462 850 ac
1512 793 1712 861 reginae
1757 796 2017 864 gentium,
2059 797 2110 850 id

533 899 640 954 est,
693 889 1029 960 singularum
1075 888 1317 960 gentium
1350 895 1404 941 et
1430 887 1839 958 provinciarum
1867 886 2114 956 praefecti

534 989 592 1034 et
641 981 1012 1050 magistratus,
1062 993 1298 1048 Superno
1341 993 1508 1048 regno
1547 979 1952 1044 ministrantes,
1988 989 2109 1034 tan-

534 1088 698 1143 quam
756 1073 1016 1138 nutrices,
1065 1071 1394 1142 pauperibus
1448 1069 1708 1124 Ecclesia:
1763 1070 2114 1139 imperatorio

533 1175 668 1221 nutu
727 1179 1000 1218 annonam
1062 1161 1415 1231 suppeditant
1445 1179 1459 1215 :
1490 1177 1659 1231 quare
1706 1164 1947 1217 nutrices
1992 1162 2108 1231 ejus

536 1265 818 1320 vocantur,
849 1255 964 1308 sive
1003 1253 1298 1308 secundmn
1333 1251 1738 1324 Symmachum,
1799 1255 1926 1308 tlac
1967 1270 2107 1324 pra:-

531 1350 768 1415 bentes;
801 1367 820 1402 ι
853 1347 931 1402 sic
972 1347 1114 1400 enim
1159 1346 1352 1414 habet,
1383 1365 1402 1397 ι
1435 1345 1500 1400 Ει
1537 1349 1734 1418 regime
1783 1363 1967 1401 eorum
2025 1347 2107 1402 lac

530 1441 916 1512 praebebunt.»
987 1438 1119 1505 Quis
1188 1447 1367 1492 autem
1423 1450 1749 1494 memoratos
1827 1439 2112 1508 prtefectos

531 1549 762 1592 cernens
796 1536 848 1588 in
891 1533 1130 1588 Ecclesia
1170 1533 1262 1587 Dei
1295 1549 1432 1603 genu
1468 1531 1719 1598 ﬂectere,
1769 1548 1834 1587 ac
1869 1533 1922 1586 in
1955 1531 2103 1586 tron-

532 1641 636 1682 tem
673 1627 822 1682 humi
857 1624 1212 1696 procumbere
1237 1664 1256 1688 ,
1299 1639 1405 1678 non
1435 1625 1670 1680 fateatur
1703 1625 1842 1678 hanc
1871 1624 2103 1694 prepbe-

529 1721 659 1772 tiam
687 1719 753 1772 ad
792 1716 1031 1771 litteram
1069 1716 1392 1786 completam
1424 1731 1563 1780 esse,
1590 1731 1709 1784 quae
1747 1715 1947 1768 diserte
1977 1715 2051 1766 ait
2086 1735 2108 1772 ξ

1211 310 1484 366 EUSEBll
1521 311 2006 368 CESARIENSIS
2038 309 2190 370 OPP.
2230 314 2412 372 PARS
2451 315 2540 372 lii.
2583 347 2654 358 —
2693 315 3106 374 EXE‘GETIC‘A.

615 429 776 483 \‘Ens.
826 425 914 482 εδ.
965 446 982 476 ι
1016 427 1081 481 Et
1111 438 1272 482 erunt
1317 443 1472 499 reges
1503 430 1712 484 nutritii
1749 431 1858 494 tui,
1888 442 1942 484 et
1973 433 2112 502 regi-
2141 439 2188 497 Α

3689 325 3803 379 ιω-

2291 452 2311 484 c
2357 435 2467 488 Καὶ
2507 435 2718 490 ἔσονται
2761 435 2994 506 βασιλεῖς⁵
3028 435 3234 508 τιθηνοί
3269 453 3392 502 σου,
3415 439 3472 492 αἱ
3509 439 3566 492 δὲ
3599 439 3798 511 ἄρχουσ-

2221 543 2310 578 σαι
2343 526 2542 594 αὐτῶν,
2565 527 2751 598 τροφοί
2779 545 2888 580 σου.
2927 547 2945 578 ι
2992 529 3167 596 Ὅπερ
3196 529 3287 580 καὶ
3325 529 3456 582 αὐτὸ
3487 531 3628 584 κατά
3651 532 3798 598 λέξιν

2219 618 2589 690 πληρούμενον
2616 622 2797 686 αὐτοῖς
2835 622 3014 692 ἴδομεν
3055 621 3371 692 ὀφθαλμοῖς,
3401 623 3509 677 τῶν
3542 625 3797 695 κρατούν-

2217 725 2324 762 των
2353 711 2450 779 τῆς
2483 711 2750 764 ἀνωτάτω.
2777 711 2950 782 ἀρχῆς
2987 709 3219 780 τιθηνῶν
3261 711 3460 780 τρόπον
3499 711 3794 764 διαόαστα-

2218 802 2414 866 ζόντων
2438 802 2536 872 τὴν
2563 803 2654 855 τοῦ
2677 801 2812 856 Θεοῦ
2846 801 3171 872 Ἐκκλησίαν
3192 818 3204 830 ·
3225 803 3281 856 αἱ
3303 802 3360 856 δὲ
3380 801 3584 856 τούτων
3605 803 3806 874 ἄρχουσ-

2218 910 2327 958 σαι,
2358 894 2552 966 δηλαδὴ
2579 897 2632 948 αί
2665 893 2784 949 καθ’
2815 896 3042 950 ἕκαστον
3071 894 3245 958 ἔθνος,
3277 895 3372 948 καὶ
3411 894 3532 950 καθ’
3555 897 3798 970 ἑκάστην

2215 986 2481 1057 ἐπαρχίαν
2523 986 2690 1057 ἀρχαὶ
2721 987 2815 1040 καὶ
2849 987 3108 1053 ἐξουσίαι,
3145 988 3208 1058 τῇ
3250 987 3510 1042 ἀνωτάτω
3545 986 3804 1058 βασιλείᾳ..

2213 1077 2620 1148 διακονούμεναι
2670 1078 2884 1149 τροφῶν
2923 1079 3076 1148 δίκην
3131 1079 3632 1151 ἐξυπηρετούμεναι
3679 1085 3800 1146 τοῖς·

2214 1169 2413 1223 ὲνδεέσι
2437 1173 2537 1241 τῆς
2582 1171 2925 1243 Ἐκκλησίας,
2959 1170 3186 1241 νεύματι
3225 1171 3507 1243 βασιλικῷ,
3539 1173 3606 1226 τά
3639 1191 3801 1244 σιτη-¹

2217 1258 2366 1330 ρέσια
2399 1259 2726 1330 χορηγοῦσαι
2748 1260 2955 1323 αὐτοῖς·
2978 1259 3056 1312 διὸ
3078 1260 3249 1332 τροφὴ
3278 1261 3354 1331 (1)
3391 1263 3560 1334 αὐτῆς
3575 1263 3802 1334 ὠνομά-

2215 1347 2454 1419 αθησαν,
2485 1348 2520 1420 ἢ
2552 1348 2692 1402 κατά
2723 1349 2813 1402 τὸν
2859 1347 3174 1420 Σύμμαχον,
3229 1369 3246 1400 ι
3287 1349 3563 1420 γαλοῦχοι,
3613 1369 3633 1402 ι
3685 1353 3794 1422 (pf,-

2215 1455 2402 1502 σαντα,
2441 1457 2460 1489 ι
2513 1440 2622 1492 Καὶ
2664 1440 2927 1511 ἄρχουσαι
2959 1437 3137 1492 αὐτῶν
3176 1437 3592 1511 γαλονχήσουσι.
3643 1459 3661 1492 ι
3695 1442 3792 1504 Τίς

2211 1530 2266 1584 δὲ
2290 1529 2585 1601 ὀφθαλμοῖς
2624 1531 2766 1602 δρῶν
2797 1529 2896 1594 τὰς
2936 1529 3231 1602 εἰρημένας
3261 1529 3435 1602 ἀρχὰς
3459 1531 3517 1584 ἐν
3551 1533 3616 1602 τῇ
3663 1533 3802 1585 Ἐκα

2213 1622 2410 1694 κλησίᾳ
2447 1623 2540 1676 τοῦ
2580 1622 2716 1676 Θεοῦ
2741 1623 2870 1692 γόνυ
2905 1621 3282 1694 καμπτούσας,
3312 1621 3406 1676 καὶ
3439 1621 3499 1676 τὸ
3541 1623 3796 1694 μέτωπον

2211 1712 2519 1784 ἑρειδούσας
2561 1713 2654 1766 ἐπὶ
2699 1712 2792 1765 τοῦ
2827 1712 3086 1782 ἐδάφους,
3117 1713 3214 1782 ούχ
3257 1711 3606 1784 ὁμολογήσειε
3648 1714 3798 1784 πρὸς·

532 1828 549 1858 ι
580 1809 756 1876 Super
805 1805 998 1860 faciem
1033 1813 1191 1860 terrae
1229 1805 1538 1860 adorabunt
1585 1819 1673 1870 te,
1714 1815 1768 1860 et
1823 1805 2094 1874 pulverem

2206 1805 2340 1872 λέξιν
2374 1807 2466 1859 καὶ
2503 1805 2638 1878 πρὸς
2669 1805 2908 1877 ἱστορίαν
2948 1804 3102 1869 τέλος
3141 1804 3423 1874 εἰληφέναι
3451 1804 3652 1874 ταύτην
3688 1806 3797 1874 τὴν

525 1901 722 1970 pedum
756 1907 971 1955 tuorum
1007 1899 1238 1970 lingent.
1282 1898 1346 1952 Et
1382 1900 1524 1954 scies
1555 1900 1680 1968 quia
1713 1913 1812 1968 ego
1853 1913 1969 1951 sunt
2000 1897 2102 1952 Do-

525 1991 732 2057 minus,
765 2000 948 2046 etnon
988 1989 1414 2056 conl'undentur,
1459 1993 1549 2062 qui
1593 2001 1913 2061 exspectant
1957 1992 2048 2046 te?
2078 2012 2097 2044 ι

524 2079 632 2134 l’ar
664 2092 747 2134 est
779 2081 923 2135 enim
953 2095 1059 2133 non
1087 2080 1141 2132 in
1171 2081 1456 2148 segnitiem
1492 2081 1664 2135 delabi
1690 2122 1705 2147 ,
1757 2096 1931 2149 neque
1957 2095 2104 2151 spem

523 2173 918 2244 promissorum
945 2173 1197 2227 amittere
1229 2183 1355 2228 ante
1380 2187 1560 2226 rerum
1591 2184 1865 2227 eventum.

2208 1899 2560 1970 προφητείαν,
2579 1898 2874 1968 διαρρήδην
2899 1899 3170 1968 φήσασαν,
3194 1916 3212 1948 ι
3236 1897 3358 1949 Ἐπὶ
3375 1897 3661 1968 πρόσωπον
3687 1899 3800 1966 τῆς·

2207 1993 2311 2060 γῆς
2339 1989 2774 2061 προσκυνήσουσί
2805 2005 2908 2053 σοι,
2939 1990 3032 2042 καὶ
3057 1989 3149 2042 τὸν
3190 1988 3318 2060 χοῦν
3348 1988 3456 2042 τῶν
3487 1988 3660 2042 ποδῶν
3691 2005 3792 2041 σου

2209 2081 2464 2149 λείξουσι.
2493 2083 2604 2136 Καὶ
2623 2080 2830 2154 γνώσῃ,
2856 2082 2938 2135 ὅτι
2959 2080 3070 2150 ἐγὼ
3091 2081 3314 2153 Κύριος,
3340 2083 3434 2135 καὶ
3457 2083 3556 2134 οὐκ
3576 2083 3799 2151 αἰσχυνα

2213 2171 2468 2243 θήσονται
2509 2173 2558 2224 οἱ
2602 2172 2961 2243 ὑπομένοντες
3008 2187 3102 2236 σε;
3156 2191 3174 2224 ι
3231 2171 3408 2225 Καλὸν
3451 2171 3557 2242 γὰρ
3592 2171 3653 2224 τὺ
3710 2171 3786 2241 μὴ

521 2267 808 2340 ὀλιγωρεῖν
839 2267 972 2342 μηδὲ
1001 2267 1401 2336 ἀπογινώσκειν
1441 2267 1538 2339 τὴν
1569 2268 1760 2322 ἐλπίδα
1796 2269 1904 2323 τῶν
1937 2267 2361 2341 ἐπηγγελμένων
2395 2267 2503 2339 πρὸ
2539 2269 2638 2338 τῆς
2667 2267 2774 2320 τῶν
2811 2265 3147 2338 πραγμάτων
3180 2264 3478 2328 ἐκϐάσεως.

595 2359 759 2416 Vens.
789 2361 878 2414 9.4.
917 2380 935 2412 ι
967 2359 1104 2414 Num
1149 2361 1379 2431 accipiet
1416 2363 1540 2432 quis
1567 2378 1595 2416 a
1621 2364 1835 2434 gigante
1874 2363 2044 2432 spolia
2077 2364 2102 2416 ?

522 2465 578 2508 et
622 2454 665 2506 si
701 2451 825 2522 quis
866 2453 1138 2522 captivum
1183 2453 1398 2508 duxerit
1434 2455 1667 2522 injuste,
1694 2455 1990 2510 salvabitur
2020 2456 2045 2509 ?
2076 2476 2094 2507 ι

522 2543 806 2614 Gigantem
853 2552 1010 2598 vocat
1047 2544 1320 2599 diabolum
1366 2553 1420 2598 et
1453 2545 1817 2598 adversariam
1861 2555 2101 2612 potesta-

521 2640 650 2684 tem.
685 2627 958 2699 Numquid
1009 2629 1194 2698 igitur,
1229 2630 1344 2695 ait,
1387 2641 1578 2684 contra
1625 2631 1892 2700 gigantem
1926 2633 2104 2701 quivis

517 2721 798 2790 congredi,
835 2735 898 2773 ac
922 2719 1054 2773 tanti
1075 2720 1284 2775 roboris
1315 2720 1432 2774 viro
1461 2721 1632 2789 spolia
1663 2721 1876 2786 eripere
1895 2721 2104 2775 valeat?

518 2813 671 2880 Quod
695 2813 738 2868 si
763 2813 882 2882 quis
905 2812 1064 2866 talem
1093 2812 1368 2867 hominem
1399 2813 1669 2880 captivum
1699 2812 1966 2866 abducere
1989 2821 2102 2866 ten-

520 2907 737 2970 taverit,
772 2907 872 2960 etsi
907 2903 1056 2973 juste
1098 2913 1239 2973 agat,
1279 2919 1346 2956 an
1383 2919 1478 2972 pro
1510 2904 1722 2958 insonte
1763 2903 2102 2958 habebitur?

521 3002 712 3064 Annon
753 3015 782 3052 a
828 2999 1070 3068 gigante,
1109 3007 1298 3066 utpote
1331 3012 1360 3048 a
1403 2996 1660 3059 fortiore,
1695 3006 1998 3065 correptus,
2033 2997 2100 3052 de

2282 2377 2299 2410 ι
2335 2358 2425 2432 Μὴ
2453 2357 2680 2430 λήψεταί
2731 2375 2814 2420 τις
2863 2359 3013 2430 παρά
3043 2357 3296 2425 γίγαντος
3329 2357 3531 2422 σκῦλας
3563 2356 3656 2410 καὶ
3693 2355 3788 2408 ἐὰν

2209 2450 2618 2522 αἰχμαλωτεύσῃ
2641 2467 2724 2514 τις
2762 2450 2963 2514 ἀδίκως
2979 2489 2993 2512 ,
3021 2448 3323 2520 σωθήσεται
3347 2464 3361 2513 ;
3397 2467 3414 2499 ι
3438 2449 3666 2518 γίγαντα
3691 2465 3790 2519 ση-

2213 2543 2422 2613 μαίνων
2463 2543 2554 2595 τὸν
2593 2542 2836 2596 διάϐολον
2885 2542 2978 2595 καὶ
3004 2540 3100 2611 τὴν
3129 2535 3508 2612 ἀντικειμένην
3532 2539 3784 2610 δύναμιν.

2210 2635 2357 2704 Μήτι
2387 2630 2476 2688 οῦν
2502 2633 2579 2704 τῷ
2611 2634 2844 2704 τυχόντι,
2875 2633 3030 2703 φησι,
3055 2632 3273 2686 δυνατόν
3298 2633 3413 2684 ἐστι
3445 2633 3658 2702 γίγαντι
3682 2649 3786 2684 πα·-

2215 2724 2567 2796 ρατάξασθαι,
2607 2725 2699 2780 καὶ
2736 2725 3024 2778 σκυλεῦσαι
3050 2725 3137 2778 τὸν
3159 2723 3331 2787 οὕτως
3355 2725 3607 2794 ἰσχυρόν;
3637 2724 3702 2776 Εἰ
3729 2723 3788 2791 δὲ

2209 2820 2301 2870 καὶ
2345 2821 2710 2892 ἐπιχειρήσειέ
2751 2837 2836 2884 τις
2885 2819 2976 2873 τὸν
3027 2819 3264 2872 τοιοῦτον
3321 2817 3788 2889 αἰχμαλωτεῦσαι,

2207 2911 2430 2974 δικαίως
2449 2912 2504 2966 δὲ
2533 2913 2719 2976 ποιῶν,
2747 2908 2856 2984 ἆρα
2879 2911 3262 2984 ἀθωωθήσεται
3285 2928 3298 2977 ;
3327 2912 3461 2981 Οὐχὶ
3491 2909 3790 2981 κρατηθεὶς

2208 3002 2312 3055 ὑπὸ
2353 3003 2445 3056 τοῦ
2475 3003 2748 3071 γίγαντος,
2791 3003 2865 3066 ὡς
2901 3004 2990 3057 ὑπ’
3037 3004 3403 3074 ἰσχυροτέρου,
3453 3001 3794 3056 κινδυνεύσει

521 3092 694 3145 salute
743 3091 1140 3160 periclitabitur
1177 3090 1201 3143 τ
1237 3088 1342 3144 Pro
1384 3089 1474 3142 illo
1499 3099 1704 3156 autem,
1738 3108 1757 3140 ι
1803 3090 2036 3158 injuste,
2076 3109 2095 3142 ι

2206 3095 2332 3168 περὶ
2359 3095 2458 3166 τῆς
2485 3095 2646 3148 αὑτοῦ
2671 3094 2976 3166 σωτηρίαςς
3017 3097 3160 3149 Ἀντὶ
3194 3095 3251 3149 δὲ
3287 3094 3402 3160 τοῦ,
3433 3114 3451 3146 ι
3488 3094 3706 3158 ἀδίκως,
3755 3111 3778 3146 ι

523 3183 784 3238 l-lebraica
819 3183 1002 3248 lcetio,
1039 3201 1058 3234 ι
1088 3184 1258 3253 juste,
1287 3202 1306 3235 ι
1342 3181 1524 3236 habet.
1544 3181 1677 3236 Nam
1717 3182 1806 3251 qui
1835 3183 2101 3252 gigantem

519 3277 796 3346 captivum
851 3277 1094 3342 duxerit,
1134 3276 1280 3346 justo
1313 3289 1442 3330 sane
1487 3283 1634 3347 agat,
1670 3276 1978 3344 pariterque
2011 3275 2100 3346 qui

520 3370 639 3438 ejus
670 3369 840 3438 spolia
873 3369 1176 3438 diripuerit.

597 3467 756 3516 Vens.
782 3459 872 3516 25.
895 3481 912 3513 ι
932 3459 1193 3528 Quoniam
1225 3460 1302 3516 sic
1327 3460 1458 3514 dicit
1495 3459 1752 3516 Dominus
1775 3460 1860 3516 :Si
1877 3463 1996 3531 quis
2014 3477 2104 3517 ce-

520 3552 658 3621 perit
693 3552 1226 3622 gigantem,accipiet
1248 3553 1418 3622 spolia
1449 3571 1462 3608 :
1489 3553 1576 3622 qui
1607 3563 1786 3609 autem
1826 3557 2102 3624 acceperit

519 3662 546 3698 a
575 3647 723 3712 torti,
744 3646 1053 3701 salvabitur.
1084 3646 1198 3716 Ego
1214 3657 1394 3702 autem
1424 3647 1687 3715 judicium
1721 3657 1869 3702 tuum
1889 3648 2102 3717 judica-

521 3737 611 3800 bn,
649 3751 700 3792 et
721 3739 857 3794 filios
887 3755 1035 3794 meos
1067 3755 1278 3800 eruam.
1317 3760 1336 3793 ι
1374 3740 1575 3808 Aperte
1601 3741 1888 3796 declarans
1919 3741 2100 3808 nobis,

519 3832 572 3887 id
611 3835 782 3888 solum
817 3835 931 3889 ﬁeri
960 3850 1142 3904 posse,
1182 3845 1240 3890 ut
1263 3835 1504 3906 praedicti
1550 3835 1784 3890 hominis
1809 3837 1978 3906 spolia
2001 3853 2102 3890 au-

521 3923 806 3993 ferantur;
836 3928 971 3983 tilios
1005 3943 1131 3982 suos
1177 3928 1262 3982 bis
1300 3928 1649 3997 signiﬁcans;
1680 3944 1848 3999 quare
1887 3930 2098 3993 subdit,

527 4036 552 4086 ι
581 4017 750 4072 Filios
777 4033 962 4072 eruam
990 4037 1006 4079 ;
1035 4039 1054 4070 ι
1075 4017 1269 4086 quibus
1294 4018 1517 4088 ereptis,
1537 4019 1626 4088 qui
1663 4019 1809 4088 ipsos
1839 4019 2101 4076 violenter

523 4109 891 4171 abstulerant.
918 4125 1043 4164 suas
1073 4109 1173 4180 ipsi
1209 4123 1402 4164 carnes
1437 4111 1738 4164 comedent.
1775 4111 1908 4166 Cum
1955 4113 2098 4167 enim

525 4199 748 4254 aliorum
790 4215 982 4256 carnes
1020 4216 1124 4255 non
1165 4201 1305 4254 ultra
1345 4201 1634 4258 comedere
1678 4211 1938 4271 possent,
1972 4195 2100 4257 suas

523 4291 838 4358 comedent,
875 4301 929 4345 et
960 4307 1082 4344 cum
1126 4293 1428 4346 animarum
1475 4291 1749 4346 hominum
1785 4277 2106 4362 sanguinem.

523 4383 744 4438 ebibere
769 4400 872 4438 non
904 4387 1138 4452 valeant,
1171 4384 1490 4456 sanguinem
1510 4398 1664 4438 suum
1689 4384 1900 4452 bibent,
1928 4393 1986 4438 ut
2007 4385 2096 4440 illo

523 4474 875 4530 inebrientur.

597 4569 759 4622 Vens.
785 4568 874 4622 26.
921 4589 939 4621 ι
975 4569 1040 4624 Et
1062 4568 1346 4624 comedent
1368 4568 1460 4637 qui
1485 4566 1872 4622 tribulaverunt
1899 4577 1952 4624 te
1971 4583 2094 4624 car-

521 4673 620 4714 nes
647 4676 796 4724 suas,
826 4670 880 4714 et
915 4662 1116 4726 bibent,
1153 4663 1305 4730 quasi
1331 4662 1516 4714 vinum"
1541 4675 1759 4723 novum,
1783 4660 2094 4730 sanguinem

521 4766 698 4818 suum,
726 4761 780 4805 et
811 4752 1242 4807 inebriabuntur.
1279 4772 1298 4805 ι
1331 4751 1454 4806 Ηίεο
1495 4763 1720 4820 possunt
1749 4753 1814 4804 ad
1841 4765 2098 4820 persecun-

523 4851 667 4898 tores
703 4843 955 4899 Ecclesia:
977 4845 1198 4914 Dei,qni
1232 4861 1326 4915 per
1356 4855 1592 4912 tempora
1614 4843 1850 4908 fuerunt,
1877 4845 2089 4911 referri,

518 4933 710 5002 hisque
755 4951 940 4990 eorum
983 4937 1104 4991 linis
1152 4949 1207 4991 et
1248 4937 1422 4991 exitus
1452 4936 1797 5002 describitur,
1825 4939 2094 5005 quomodo

520 5027 728 5080 Scilicet
770 5027 1006 5080 futurum
1052 5029 1145 5090 sit.
1183 5038 1240 5082 nt
1277 5041 1473 5083 carnes
1514 5042 1641 5083 suas
1681 5027 1990 5094 comedam,
2041 5039 2097 5083 et

519 5115 835 5184 sanguinem
877 5132 1032 5170 suum
1077 5118 1281 5172 bibant.
1579 5187 1586 5192 _

593 5225 613 5258 ι
669 5207 732 5259 Et
776 5209 970 5263 sentiet
1033 5211 1210 5264 omnis
1251 5227 1420 5275 caro,
1479 5213 1602 5279 quia
1641 5227 1740 5280 ego
1799 5210 2097 5276 Dominus,

515 5297 606 5360 qui
655 5297 772 5349 erui
834 5307 909 5360 te.
965 5308 1018 5352 et
1059 5299 1240 5370 adjuvi
1289 5301 1657 5357 fortitudinem
1709 5301 1894 5357 Jacob.
1953 5321 1972 5352 ι
2013 5301 2100 5354 ln-

515 5401 838 5454 corporeum
885 5387 1092 5442 Numen
1132 5401 1233 5454 est,
1287 5393 1525 5446 materia:
1574 5407 1804 5460 expers,
1859 5391 2100 5446 intactile

514 5489 566 5530 et
593 5479 841 5548 simplex.
869 5495 969 5534 nec
1003 5481 1291 5550 quispiam.
1329 5483 1374 5536 si
1411 5484 1626 5552 quidem
1659 5484 1732 5538 uti
1761 5483 1848 5536 fas
1868 5492 1948 5536 est
1973 5496 2098 5550 ege-

516 5571 605 5634 rit,
629 5572 862 5640 speciem
903 5573 969 5626 de
1003 5571 1090 5626 illo
1123 5587 1440 5640 corpoream
1467 5575 1812 5644 imaginetur.
1841 5575 2090 5628 Attamen

515 5677 668 5718 sacra
700 5664 974 5734 Scriptura
1003 5665 1101 5720 bos
1124 5665 1426 5735 alloquens.
1449 5665 1682 5718 lmmano
1712 5679 1860 5720 more
1885 5665 1951 5719 de
1977 5663 2092 5736 ipso

587 5753 665 5826 (l)
699 5753 861 5812 Forte
902 5755 1184 5827 legendum
1213 5756 1422 5828 τροφοί,
1455 5765 1511 5812 ut
1535 5771 1715 5828 supra.
1749 5755 1906 5811 Enn.

2202 3188 2234 3256 ἡ
2315 3186 2574 3258 Ἐϐραῖκὴ
2621 3187 2786 3254 λέξις,
2839 3207 2856 3239 ι
2894 3188 3138 3253 δικαίως,
3185 3207 3204 3240 ι
3255 3187 3518 3259 περιέχει.
3557 3187 3616 3241 Ὀ
3667 3186 3788 3260 γὰρ

2205 3276 2627 3346 αἱχμαλωτεύων
2650 3277 2898 3346 γίγαντα,
2923 3278 3143 3344 δικαίως
3185 3279 3342 3332 τοῦτο
3381 3281 3642 3351 ποιήσειε,
3685 3277 3787 3334 καὶ

2201 3368 2228 3420 ὁ
2257 3365 2528 3420 σκυλεύων
2551 3369 2732 3434 αὑτὸν,
2763 3369 2986 3439 ὁμοίως.

2277 3476 2295 3509 ι
2334 3459 2453 3512 Ὅτι
2486 3458 2626 3512 οὕτω
2649 3459 2798 3527 λέγει
2826 3459 3050 3532 Κύριος·
3095 3462 3222 3517 Ἐάν
3244 3480 3328 3527 τις
3359 3460 3784 3536 αἰχμαλωτεύσῃ

2201 3550 2450 3620 γίγαντα,
2485 3551 2708 3623 λήψεται
2737 3551 2924 3616 σκῦλα,
2973 3553 3265 3624 λαμϐάνων
3297 3554 3355 3608 δὲ
3393 3555 3524 3626 παρ’
3569 3552 3780 3624 ἰσχύον-

2201 3661 2319 3708 τος,
2351 3643 2674 3716 σωθήσεται.
2713 3643 2852 3713 Ἐγὼ
2890 3645 2946 3698 δὲ
2981 3645 3078 3717 τὴν
3108 3647 3288 3718 κρίσιν
3318 3663 3412 3700 σου
3447 3645 3634 3717 κρινῶ,
3687 3645 3782 3698 καὶ

2200 3735 2310 3802 ἐγὼ
2327 3735 2452 3800 τοὺς
2473 3735 2620 3798 υἱούς
2647 3753 2746 3807 μου
2778 3734 3044 3808 ῥύσομαι·
3076 3755 3094 3788 ι
3135 3737 3320 3807 σαφῶς
3353 3737 3570 3802 διδάξας
3607 3737 3782 3806 ἡμᾶς,

2198 3821 2335 3878 εἶναι
2364 3825 2519 3879 τοῦτο
2544 3827 2700 3898 μόνον
2733 3827 2978 3894 δυνατὸν,
3014 3827 3306 3897 ἀφελέσθαι
3329 3827 3426 3882 τοῦ
3448 3827 3780 3900 δηλωθέντος

2200 3917 2266 3974 τὰ.
2305 3917 2476 3972 σκῦλα
2495 3937 2510 3950 ο
2553 3921 2680 3984 τοὺς
2703 3921 2852 3984 υἱοὺς
2871 3920 3036 3973 αὑτοῦ
3061 3917 3198 3974 εἶναι
3231 3921 3404 3989 λέγων
3425 3939 3440 3952 ·
3477 3921 3557 3975 διδ
3589 3921 3788 3990 ἐπιφέ-

2200 4025 2312 4079 ρει·
2346 4026 2366 4060 ι
2403 4009 2541 4072 Τοὺς
2574 4009 2720 4074 υἱούς
2759 4027 2857 4080 μου
2895 4010 3128 4082 ῥύσομαι
3150 4027 3164 4041 ·
3209 4029 3229 4063 ι
3263 4003 3338 4064 ὧν
3365 4009 3692 4080 ρυσθέντων,
3727 4012 3786 4064 οι

2199 4100 2540 4172 ἀφῃρημένοι
2579 4102 2763 4166 αὐτοῖς
2805 4101 2862 4169 ἐξ
2894 4103 3178 4172 ἐπηρείας,
3229 4103 3384 4156 αὐτοὶ
3425 4101 3525 4166 τὰς
3571 4102 3782 4157 ἑαυτῶν

2199 4193 2408 4264 σάρκας
2431 4193 2724 4262 φάγονται·
2759 4193 2940 4246 οὐκέτι
2979 4193 3089 4265 γὰρ
3125 4193 3326 4266 ἐτέρων
3346 4193 3556 4266 σάρκας
3575 4194 3782 4248 ἐσθίειν

2196 4283 2500 4354 δυνάμενοι,
2525 4284 2623 4348 τὰς
2649 4284 2855 4338 ἑαυτῶν
2887 4285 3172 4354 φάγονται·
3205 4285 3316 4339 οὐδ’
3341 4285 3584 4339 ἐκπίνειν
3603 4285 3683 4338 ἔτι
3715 4285 3784 4340 τδ

2199 4371 2336 4447 αἷμα
2365 4375 2471 4428 τῶν
2504 4375 2856 4446 ἀνθρωπίνων
2901 4375 3088 4447 ψυχῶν
3128 4375 3434 4446 δυνάμενοι,
3477 4375 3538 4429 τὺ
3569 4375 3784 4428 ἑαυτῶν

2197 4462 2334 4538 αἷμα
2367 4467 2600 4532 πίονται,
2651 4468 2725 4531 ὡς
2759 4467 2852 4520 καὶ
2890 4466 3220 4538 μεθυσθῆναι
3258 4469 3453 4532 αὐτοὺς
3497 4468 3556 4534 ἐξ
3587 4467 3780 4522 αὐτοῦ.

2206 4583 2222 4606 ο
2273 4578 2290 4610 ι
2327 4560 2434 4611 Καὶ
2456 4559 2720 4628 φάγονται
2748 4561 2796 4612 οἱ
2822 4559 3107 4630 θλίψαντές
3139 4577 3198 4613 σε
3221 4560 3319 4624 τὰς
3347 4561 3554 4633 σάρκας
3574 4561 3780 4625 αὐτῶν,

2197 4651 2288 4704 καὶ
2323 4651 2532 4704 πίονται
2560 4652 2634 4716 ὼς
2659 4647 2799 4706 οἶνον
2813 4653 2931 4706 νέον
2949 4653 3010 4706 τὸ
3029 4647 3166 4722 αἷμα
3179 4653 3374 4716 αὐτῶν,
3397 4655 3490 4708 καὶ
3511 4653 3780 4725 μεθυσθή-

2197 4758 2400 4799 σονται.
2442 4761 2462 4795 ι
2498 4743 2732 4796 Δύναται
2767 4745 2940 4798 ταῦτα
2971 4745 3062 4798 ἐπὶ
3093 4746 3220 4808 τοὺς
3265 4745 3403 4799 κατά
3429 4747 3618 4816 καιρὸν
3645 4745 3774 4798 διώ-

2194 4851 2403 4899 κωντας
2436 4835 2536 4908 τὴν
2568 4835 2663 4890 τοῦ
2705 4835 2840 4890 Θεοῦ
2889 4837 3212 4908 Ἐκκλησίαν
3247 4837 3641 4908 ἀναφέρεσθαι,
3677 4855 3772 4890 του

2199 4925 2356 4994 λόγου
2390 4928 2450 4980 τὸ
2485 4927 2639 4992 τέλος
2673 4928 2850 4982 αὐτῶν
2902 4928 2996 4981 καὶ
3026 4927 3124 4998 τὴν
3155 4928 3530 4998 καταστροφὴν
3561 4929 3782 4998 διαγρα-

2203 5036 2414 5088 φοντος,
2445 5019 2537 5074 καὶ
2567 5021 2643 5082 ὡς
2673 5020 2771 5085 τὰς
2799 5021 3005 5074 ἑαυτῶν
3033 5019 3242 5090 σάρκας
3277 5021 3562 5089 φάγονται,
3595 5019 3688 5073 καὶ
3717 5020 3782 5074 τὸ

2202 5104 2340 5178 αἷμα
2367 5108 2548 5162 αὐτῶν
2577 5108 2806 5164 πίονται.
3471 5113 3488 5134 ⁴

2279 5219 2297 5250 ι
2333 5201 2444 5254 Καὶ
2471 5199 2884 5270 αἰσθανθήσεται
2911 5203 3058 5260 πᾶσα
3093 5201 3248 5271 σάρξ,
3271 5201 3352 5255 ὅτι
3383 5199 3492 5270 ἐγὼ
3511 5201 3715 5272 Κύριος
3745 5201 3778 5252 ὁ

2209 5291 2510 5360 ῥυσάμενος
2537 5309 2616 5355 σε,
2635 5293 2727 5344 καὶ
2747 5291 3274 5363 ἀντιλαμϐανόμενος
3309 5291 3490 5362 ἰσχύος
3514 5291 3728 5346 Ἰακώϐ.
3751 5312 3771 5344 ι

2217 5382 2528 5452 ’Λσὼματον
2544 5384 2603 5436 τὸ
2631 5383 2804 5446 Θεῖον,
2837 5385 3018 5446 άῦλον,
3052 5385 3256 5454 ἀναφὲς
3285 5387 3377 5439 καὶ
3403 5385 3604 5438 ἁπλοῦν
3623 5402 3636 5415 ·
3681 5387 3778 5438 καὶ

2201 5475 2300 5528 οὐκ
2329 5475 2403 5529 ἄν·
2423 5491 2507 5539 τις
2533 5477 2620 5528 ἐπ’
2649 5477 2816 5549 αὐτῷ,
2843 5479 2910 5532 τὰ
2933 5480 3116 5533 εἰκότα
3144 5478 3304 5550 δρῶν,
3333 5477 3631 5546 φαντασίαν
3651 5476 3778 5529 τινὰ

2193 5565 2354 5620 λάϐοι
2382 5570 2716 5640 σωματικήν.
2763 5569 2907 5643 Πλὴν
2939 5571 3000 5625 τὸ
3024 5572 3260 5644 Γράμμα
3295 5571 3358 5623 τὸ
3388 5568 3532 5640 ἱερὸν
3567 5567 3776 5641 ἀνθρω-

2199 5659 2368 5725 πίνως
2397 5660 2524 5734 ἡμῖν
2549 5661 2615 5715 τὰ
2645 5663 2769 5734 περὶ
2792 5661 2954 5717 αὐτοῦ
2978 5661 3298 5732 διαλέγεται.
3329 5661 3403 5716 Οὐ
3433 5660 3541 5738 γάρ
3564 5655 3631 5732 ἦν
3661 5658 3780 5722 m-
