4130 6400
337 365 436 421 ιιι

1254 353 1759 414 (ΣΟΜΜΕΝΤΑΒΙΔ
1798 352 1865 408 IN
1904 352 2164 412 ISAIAM.
2197 384 2268 399 —
2297 347 2457 407 CAP.
2497 345 2560 401 L.

3471 333 3582 391 ΜΞ

341 499 448 555 ρως
475 478 764 549 δυνηθῆναι
791 477 930 532 νοεῖν
951 476 1075 540 τοὺς
1097 476 1154 529 ὲν
1181 474 1363 538 αὐτοῖς
1391 475 1485 529 καὶ
1506 474 1732 544 παχέσιν
1757 473 1896 535 ὄντας

2020 470 2294 528 edisserit.
2321 467 2508 538 Neque
2526 462 2666 520 enim
2697 457 2830 514 alias
2864 470 2987 512 eum
3034 453 3329 524 intelligam
3360 461 3579 522 possent

336 544 608 644 σώμασιν,
661 544 708 622 εἰ
745 569 820 642 μὴ
850 567 1100 639 καθάπερ
1153 569 1211 621 ὲν
1256 567 1407 633 τάξει
1451 566 1896 637 παραδειγμάτωι

2010 566 2045 620 ii
2079 564 2169 634 qui
2210 563 2261 616 in
2309 545 2555 627 corpore,
2587 556 2807 622 ipsoque
2833 562 3021 603 crasso
3056 555 3112 600 et
3157 544 3443 607 materiali,
3483 544 3578 596 de-

336 661 719 735 παρεκομίσθη
747 660 817 714 τὰ
844 660 965 714 καθ’
999 661 1175 731 ἡμᾶς·
1215 659 1280 713 ἶν’
1318 661 1383 713 ὲκ
1423 658 1531 713 τῶν
1565 659 1625 712 ὲν
1658 657 1907 729 αἰσθήσει
1947 708 1954 715 .

334 757 432 810 καὶ
461 754 671 827 ὁρατῶν
699 752 1044 825 πραγμάτιον
1071 751 1174 805 κᾶν
1220 752 1419 805 οὑτωσί
1446 752 1512 804 ὲκ
1546 748 1743 821 μέρους
1771 751 1908 804 νοεῖν

339 847 650 920 ἰσχύσωμεν
677 845 748 900 τὰ
772 844 899 916 περὶ
921 846 1020 916 τῆς
1041 843 1192 907 θείας
1215 842 1420 906 οὐσίας.

866 1022 1260 1077 ΚΕΦΑΛᾹΙΟΝ
1293 1020 1377 1077 N'.

412 1135 433 1170 ι
467 1114 655 1181 Οὕτως
684 1116 832 1185 λέγει
864 1115 1066 1187 Κύριος
1086 1132 1099 1148 °
1135 1116 1292 1170 Ποῖον
1323 1115 1385 1169 τὸ
1417 1114 1617 1186 βιϐλίον
1650 1113 1744 1170 τοῦ
1772 1113 1907 1168 ἀπο-

337 1209 558 1263 στασίου
584 1209 686 1280 τῆς
709 1208 912 1281 μητρὸς
937 1207 1109 1279 ὑμῶν,
1163 1199 1208 1276 ᾧ
1245 1204 1600 1271 ἐξαπέστειλα
1631 1206 1837 1276 αὐτήν;
1872 1203 1904 1274 ἦ

334 1302 439 1355 τίνι
483 1299 735 1373 ύποχρέῳ
771 1300 1029 1372 πέπρακα
1066 1299 1243 1371 apag;
1292 1298 1421 1353 Ἰδοὺ
1469 1300 1587 1361 ταῖς
1614 1296 1908 1369 ἁμαρτίαις

338 1390 488 1460 ὗμῶν
513 1389 866 1458 ὲξαπέστειλα
901 1390 1000 1462 τὴν
1046 1389 1259 1462 μητέρα
1291 1388 1463 1461 ὑμῶν.
1498 1389 1564 1443 Τί
1602 1390 1684 1443 ὅτι
1723 1384 1904 1461 ἦλθον,

332 1484 428 1537 καὶ
475 1484 577 1537 οὐκ
623 1478 691 1553 ἦν
742 1485 771 1536 ὁ
817 1482 1140 1549 ὑπακούων;
1184 1482 1276 1552 Μὴ
1326 1482 1427 1536 οὐκ
1484 1481 1657 1552 ἰσχύει
1704 1482 1737 1550 ή
1785 1479 1907 1551 χείρ

333 1591 438 1645 μου
485 1574 580 1628 τοῦ
621 1574 920 1646 ρύσασθαι;
959 1575 1050 1646 Μή
1105 1575 1205 1629 οὐκ
1251 1574 1417 1644 ἰσχύω
1456 1573 1549 1626 τοῦ
1600 1570 1904 1636 ἑξελὲσθαις

344 1664 474 1720 Ἰδοὺ
505 1664 584 1735 τῷ
605 1665 818 1737 ὲλεγμῷ
848 1683 947 1737 μου
985 1665 1320 1739 ἓξερημώσω
1346 1664 1444 1736 τὴν
1469 1663 1741 1719 Θάλασσαν
1760 1680 1773 1691 ·
1813 1664 1908 1717 καί⁵

331 1752 483 1826 θήσω
513 1757 789 1826 ποταμοὺς
809 1756 1068 1827 ἐρήμους,
1095 1759 1188 1811 καὶ
1215 1755 1636 1829 ξηρανθήσονται
1658 1757 1706 1810 οἰ
1727 1755 1906 1826 ἰχθύες

2006 666 2176 727 gunt,
2217 653 2320 708 nisi
2370 666 2432 704 ea
2482 662 2600 718 qua:
2636 658 2803 715 penes
2851 656 2948 695 nos
2998 648 3126 695 sunt
3161 638 3227 691 ad
3273 635 3579 704 esetuplum

2007 754 2429 817 usurparentnr;
2473 751 2532 795 ut
2559 755 2627 794 ex
2668 739 2733 793 iis
2782 752 2902 807 qua:
2944 734 3043 789 sub
3081 746 3297 787 sensum
3329 738 3383 783 et
3424 742 3582 797 aspe-

2004 850 2149 895 ctum
2176 837 2370 891 cadunt
2390 874 2405 899 ,
2424 847 2486 887 ea
2510 846 2629 901 qua:
2651 830 2885 885 divinam
2916 821 3270 879 substantiam
3307 826 3577 888 spectant,

2005 930 2197 986 saltem
2233 943 2299 982 ex
2331 936 2504 996 parte,
2521 923 2756 994 cogitare
2787 930 3085 989 possemus.

2638 1008 2866 1068 CAPUT
2904 1007 2967 1068 L.

2077 1112 2242 1168 Vens.
2277 1110 2389 1164 i-7.
2412 1127 2430 1161 ι
2455 1106 2546 1162 Sic
2565 1105 2693 1160 dicit
2721 1100 2977 1157 Dominus
2997 1117 3010 1152 :
3027 1091 3462 1165 Qualisbicliber
3489 1102 3576 1144 re-

2006 1206 2150 1277 pudii
2180 1202 2372 1258 matris
2397 1207 2608 1263 vestrae,
2641 1210 2749 1265 quo
2784 1191 2960 1246 dimisi
2996 1203 3116 1244 eam
3144 1186 3281 1242 ⁸ἒιιιιι
3311 1183 3397 1240 cui
3429 1180 3581 1237 debi-

2008 1272 2109 1353 tori
2131 1293 2345 1350 vendidi
2374 1307 2469 1347 vos
2500 1290 2523 1344 ἲ
2552 1290 2690 1343 Ecce
2747 1281 2986 1354 peccatis
3027 1279 3230 1335 vestris
3268 1272 3575 1331 venumdati

2005 1388 2159 1454 estis,
2193 1397 2248 1440 et
2285 1386 2337 1440 in
2381 1380 2758 1453 iniquitatibus
2791 1373 2988 1430 vestris
3017 1371 3193 1427 dimisi
3231 1377 3460 1423 matrem
3486 1378 3579 1418 ve-

2005 1452 2195 1533 stram.
2233 1474 2371 1542 Quid
2418 1452 2538 1542 quia
2566 1468 2713 1532 veni,
2754 1475 2810 1520 et
2850 1479 2956 1518 non
3001 1469 3123 1517 erat
3162 1458 3255 1529 qui
3290 1452 3578 1512 obediret?

2005 1569 2196 1623 Annon
2235 1571 2414 1634 potest
2445 1573 2640 1615 manus
2680 1570 2798 1611 mea
2833 1549 3110 1608 liberare?
3139 1549 3331 1601 Annon
3360 1557 3575 1614 possunt

2005 1657 2247 1714 eruere?
2283 1654 2422 1711 Ecce
2460 1648 2884 1707 comminatione
2923 1658 3043 1697 mea
3079 1641 3347 1697 desertum
3384 1636 3575 1691 faciam

2007 1763 2178 1813 mare,
2199 1758 2253 1803 et
2285 1759 2477 1815 ponam
2510 1740 2698 1796 ﬂuvios
2732 1739 3008 1801 desertos,
3036 1742 3091 1788 et
3117 1738 3367 1786 arescent
3400 1728 3579 1798 pisces

329 1848 512 1902 αὐτῶν
541 1847 648 1903 ἀπὸ
682 1848 775 1903 τοῦ
806 1849 879 1921 μὴ
914 1843 1050 1903 εἶναι
1076 1847 1262 1913 ὕδατα,
1301 1849 1395 1902 καὶ¹
1417 1846 1810 1902 ἀποθανοῦνται
1843 1848 1896 1901 ὲν

2004 1858 2210 1907 eorum,
2242 1855 2307 1896 eo
2331 1839 2473 1908 quod
2506 1852 2608 1891 non
2635 1834 2708 1889 sit
2741 1846 2905 1902 aqua,
2940 1839 2997 1886 et
3036 1825 3335 1882 morientur
3354 1823 3465 1878 siti.
3492 1820 3577 1876 ln-

327 1938 490 2011 δέψει.
529 1939 763 1994 Ἐνδύσω
804 1940 895 1995 τὸν
939 1940 1162 2012 οὐρανὸν
1201 1939 1409 2005 σκότος,
1453 1941 1547 1994 καὶ
1588 1940 1663 2002 ὼς
1700 1940 1900 1994 σάκκον

327 2031 479 2103 θήσω
532 2033 593 2086 τὸ
635 2032 970 2103 περιϐόλαιον
999 2032 1185 2087 αὑτοῦ.
1220 2034 1425 2104 Κύριος
1470 2032 1671 2104 Κύριος
1719 2032 1899 2087 δίδωσί

329 2140 423 2193 μοι
464 2122 714 2192 γλῶσσαν
748 2123 1013 2187 παιδείας,
1060 2123 1156 2177 τοῦ
1190 2123 1391 2192 γνῶναι
1430 2124 1592 2193 ἡνίκα
1624 2123 1705 2176 δεῖ
1729 2127 1900 2177 εἰπεῖν

326 2207 504 2281 λόγον.
539 2212 741 2284 Ἔθηκέ
781 2230 869 2281 μοι
900 2213 1064 2285 πρωῒ,
1092 2213 1400 2286 προσέθηκε
1430 2230 1519 2284 μοι
1546 2213 1704 2267 ὠτίον
1740 2214 1902 2268 ἀκού-

325 2317 431 2369 ειν,
486 2304 581 2357 καὶ
632 2303 910 2375 ήπαιδεία
943 2305 1148 2377 Κυρίου
1189 2306 1394 2376 Κυρίου
1425 2305 1627 2374 ἀνοίγει
1677 2321 1779 2375 μου
1830 2305 1899 2359 τά

324 2388 461 2449 ὦτα.
512 2393 651 2464 Ἐγὼ
686 2393 742 2448 δὲ
772 2395 872 2448 οὐκ
899 2394 1128 2460 ἀπειθῶ,
1154 2396 1274 2449 οὐδὲ
1299 2394 1582 2464 ἀντιλέγω.
1610 2392 1712 2447 Τὸν
1733 2394 1900 2448 νῶτόν

329 2504 433 2559 μου
463 2486 636 2541 ἔδωκα
667 2488 749 2551 εἰς
771 2487 1057 2557 μάστιγας,
1084 2487 1184 2552 τὰς
1209 2486 1266 2541 δὲ
1291 2487 1545 2555 σιαγόνας
1574 2503 1674 2556 μου
1700 2488 1780 2551 εἰς
1803 2489 1900 2558 ῥα-

324 2577 605 2648 ιπίσματα⁸
656 2577 718 2630 τὸ
750 2576 806 2630 δὲ
848 2578 1138 2650 πρόσωπόν
1185 2594 1288 2649 μου
1319 2578 1419 2631 οὐκ
1455 2575 1771 2648 ἀπέστρεψα
1802 2578 1896 2631 ἀπ’

323 2667 583 2738 αἰσχύνης
597 2669 1016 2739 ἐμπτυσμάτων·
1040 2669 1132 2722 καὶ
1148 2669 1348 2741 Κύριος
1365 2668 1567 2740 Κύριός
1582 2685 1684 2739 μου
1703 2668 1898 2739 βοηθός

324 2774 417 2830 μοι
448 2758 678 2832 ἐγενήθη
701 2776 716 2791 ·
741 2759 828 2834 διά
856 2759 1013 2814 τοῦτο
1042 2761 1487 2833 ούκνὲνετράπην,
1510 2759 1624 2814 ἀλλ’
1645 2759 1817 2833 ἔθηκα
1836 2760 1896 2815 τὸ

320 2849 611 2921 πρόσωπόν
678 2867 780 2922 μου
833 2850 909 2916 ὡς
968 2850 1193 2923 στερεὰν
1247 2852 1474 2923 πέτραν.
1514 2869 1533 2903 ι
1578 2851 1670 2904 Διὸ
1708 2850 1802 2904 καὶ
1834 2850 1896 2906 τὸ

324 2943 611 3015 πρόσωπόν
644 2961 744 3014 μου
777 2944 851 3009 ὡς
878 2944 1102 3018 στερεὰν
1134 2946 1340 3017 πέτραν
1380 2944 1700 3017 παρέστησα
1729 2962 1893 3000 πεπι-

323 3037 632 3107 στευμένος,
657 3036 733 3100 ὡς
757 3037 818 3090 ού
852 3045 1008 3108 φέρει
1033 3055 1122 3109 μοι
1142 3037 1402 3109 αἰσχύνην
1428 3039 1462 3108 ή
1490 3038 1624 3110 πρὸς
1653 3038 1744 3092 τὸν
1781 3039 1894 3092 Πα-

321 3129 455 3227 ⁴τέρα
491 3128 701 3227 θπακοή
726 3145 740 3159 ·
777 3129 1142 3227 καί-πλησίον.
1165 3146 1264 3200 μου
1309 3129 1537 3227 ὲστιῖιτα-
1572 3130 1664 3184 καὶ
1704 3129 1891 3227 ιῖισπερ
1917 3167 1961 3227 c

322 3218 764 3287 ἀγωνοθετοῦντα
802 3222 914 3283 τοῖς
955 3219 1278 3290 γινομένοις,
1336 3219 1433 3274 καὶ
1489 3221 1588 3292 τὴν
1629 3220 1768 3293 ἐμὴν
1809 3221 1890 3275 δι-

321 3309 581 3365 καιοῦντα
608 3310 883 3381 ὑπομονὴν
921 3309 1007 3364 διὰ
1033 3309 1233 3374 παντὸς
1261 3307 1467 3380 ἐώρων.
1491 3311 1556 3363 Εἰ
1591 3310 1647 3364 δέ
1668 3328 1752 3376 τις
1779 3310 1891 3382 ἔχοι

316 3399 421 3465 τὰς
444 3402 562 3454 κατ’
588 3400 722 3471 ἐμοῦ
751 3400 957 3473 ὕϐρεις,
981 3402 1070 3455 καὶ
1094 3401 1185 3455 τὸν
1213 3401 1437 3456 θάνατον
1475 3401 1637 3454 αὑτὸν
1670 3401 1892 3465 ἐνδίκως

314 3488 675 3561 ἐπενηνέχθαι
714 3507 801 3561 μοι
831 3490 993 3560 φάναι
1016 3490 1105 3545 διά
1131 3508 1256 3544 τινα
1289 3490 1756 3562 πλημμελήματα,
1784 3490 1893 3545 δει-

313 3580 497 3635 κνύτω
524 3581 803 3654 παρελθὼν
824 3583 906 3646 εἰς
938 3581 1120 3654 μέσον,
1144 3583 1197 3638 ετ
1212 3600 1296 3646 τις
1313 3583 1463 3637 αἰτία
1484 3581 1516 3654 ἢ
1540 3581 1809 3654 πρόφασις
1831 3582 1893 3649 ἐξ

313 3669 453 3742 ἐμοῦ
489 3671 586 3742 τῆς
626 3669 880 3742 τοιαύτης
930 3672 1051 3727 κατ’
1100 3671 1234 3743 ἐμοῦ
1272 3670 1484 3744 ῦὸρεως
1510 3670 1764 3741 γέγονεν·
1811 3672 1892 3735 εἰς

313 3762 485 3833 μέσον
538 3761 821 3833 παρελθὼν
871 3763 1050 3835 στήτω
1098 3761 1192 3817 καὶ
1229 3762 1513 3833 ἐλεγχέτω.
1567 3761 1793 3826 Οὐδενὸς
1830 3762 1889 3817 δὲ

308 3853 531 3925 ἔχοντος
564 3854 768 3926 μέμψιν
800 3853 1094 3926 μετελθεῖν,
1145 3856 1281 3927 μήτε
1312 3856 1375 3927 τῇ
1408 3854 1725 3927 διδασκαλίᾳ
1754 3856 1889 3926 μήτε

307 3948 435 4010 ταῖς
468 3945 701 4017 πράξεσι
726 3948 846 4011 ταῖς
865 3946 956 4000 ὑπ’
979 3946 1113 4019 ἐμοῦ
1143 3946 1578 4020 πεπραγμέναις,
1608 3947 1830 4009 εἰκότως
1859 3947 1889 3999 ὁ

309 4033 523 4106 Κύριος
543 4033 735 4106 βοηθός
767 4052 854 4106 μοι
882 4036 1168 4108 παρέσται.

387 4144 409 4181 ι
446 4128 569 4181 Ὀτι
617 4126 821 4196 ἐγγίζει
868 4130 897 4182 ό
932 4126 1230 4192 δικαιώσας
1272 4143 1360 4198 με.
1400 4129 1497 4191 Τίς
1523 4127 1889 4200 όκρινόμενός

309 4235 436 4292 μοις
464 4219 764 4292 ἀντιστήτω
795 4237 884 4291 μοι
924 4221 1058 4292 ἅμα.
1100 4220 1209 4274 Καὶ
1235 4220 1319 4285 τίς
1345 4221 1374 4275 ό
1411 4219 1726 4292 κρινόμενός
1763 4235 1884 4290 μοις

305 4311 588 4379 ἐγγισᾰιτω
626 4329 733 4383 μοι.
774 4330 794 4364 ι
836 4311 1234 4382 Ἐπαμύνοντος
1268 4311 1399 4385 γὰρ,
1436 4312 1589 4384 φησί,
1633 4310 1727 4365 τοῦ
1750 4309 1887 4365 Θεοῦ

304 4405 403 4457 καὶ
440 4403 673 4475 Πατρὸς,
708 4404 804 4458 καὶ
839 4406 1017 4458 πᾶσαν
1043 4404 1196 4475 ὑμῶν
1228 4405 1488 4477 ἐπήρειαν
1512 4403 1884 4471 ἀφανίζοντος,

304 4497 402 4577 καῖ
447 4497 547 4567 τὴν
589 4496 726 4568 ἐμὴν
763 4497 1008 4559 ἰστάντος
1034 4482 1327 4562 δόξαν,τίς
1362 4497 1514 4551 ἕσται
1549 4496 1801 4556 τοσοῦτος
1827 4500 1886 4550 ὲν

304 4591 460 4661 ὑμῖν,
497 4589 574 4652 ὡς
596 4587 973 4653 ἀντιτάξεσθαι
998 4592 1064 4661 τῇ
1096 4589 1419 4662 ἀνικήτῳῌ)
1449 4589 1631 4662 βουλῇ,
1664 4593 1759 4645 καὶ
1784 4608 1886 4643 κα-

302 4682 759 4739 κῶσαιδύνασθαι
776 4683 864 4737 τὸν
894 4686 1022 4756 παρ’
1045 4685 1211 4740 αὐτοῦ
1252 4684 1647 4756 βοηθούμενονς
1679 4685 1886 4740 Οὐκοῦν

301 4779 470 4851 εἴπερ
521 4776 665 4839 τινὲς
717 4771 858 4847 ἦσαν
890 4777 1178 4846 νουνεχεῖς,
1232 4776 1281 4829 οἱ
1323 4776 1669 4847 Γραμματεῖς
1698 4792 1757 4829 τε
1791 4776 1885 4830 καὶ

298 4870 612 4941 Φαρισαῖοι,
642 4865 962 4936 ἀπόσχοιντο
987 4864 1053 4918 ἂν
1079 4864 1188 4917 τῶν
1212 4866 1334 4918 κατ’
1367 4863 1527 4918 αὐτοῦ
1553 4865 1883 4937 σκεμμάτων

298 4979 362 5015 τε
387 4961 485 5014 καὶ
518 4958 955 5030 ἐγχειρημάτων,
973 4956 1064 5011 διὰ
1090 4955 1380 5028 προφητῶν
1406 4955 1574 5025 ἀγίων
1613 4974 1887 5028 προεγνω-

305 5052 492 5113 κότες,
562 5048 639 5112 ὠς
691 5049 791 5102 οὐκ
847 5046 915 5102 ἂν
986 5048 1259 5118 ίσχύσειαν
1320 5047 1572 5118 ἀδικῆσαι
1626 5047 1881 5118 Χριστὸν,

300 5142 439 5197 Θεὸν
484 5140 620 5193 ὅντα
659 5139 754 5193 καὶ
790 5138 1015 5210 Κύριον,
1079 5139 1173 5193 καὶ
1208 5138 1337 5192 Υἰὸν
1370 5137 1620 5208 ἀληθινόν
1648 5138 1740 5193 τοῦ
1767 5139 1881 5192 Πα-

301 5232 436 5304 τρός

382 5341 402 5374 ι
457 5319 592 5375 Ἰδοὺ
614 5319 818 5393 Κύριος
844 5322 1046 5395 Κύριος
1087 5320 1340 5394 βοηθήσει
1363 5338 1487 5391 μοι·
1523 5320 1607 5385 τίς
1640 5320 1881 5376 κακώσει

303 5432 413 5491 μες
452 5411 589 5467 Ἰδοὺ
623 5412 821 5477 πάντες
851 5415 1007 5484 ὑμεῖς
1046 5414 1122 5477 ὡς
1166 5415 1378 5485 ἰμάτιον
1415 5412 1880 5484 παλαιωθήσεσθε.

298 5511 400 5567 καὶ
453 5504 556 5576 σὴς
590 5505 967 5575 καταφάγεται
1007 5505 1169 5575 ὑμᾶς.
1202 5526 1221 5558 ι
1262 5504 1338 5558 Δι’
1366 5498 1442 5560 ὧν
1488 5504 1738 5575 σημαίνει
1784 5503 1883 5576 τὴν

301 5604 617 5662 παλαίωσιν
648 5601 745 5673 τῆς
772 5601 891 5655 κατ’
923 5598 1088 5656 αὑτοῦ
1118 5601 1432 5671 σωματικῆς
1455 5599 1708 5673 λατρείας
1730 5617 1743 5630 ·
1781 5599 1887 5654 πά-

299 5714 366 5759 νυ
415 5693 528 5765 γάρ
578 5688 645 5744 τὸ
676 5689 1068 5761 παλαιούμενον
1111 5692 1201 5743 καὶ
1233 5689 1507 5760 γηράσκον
1532 5690 1711 5761 ἐγγὺς
1744 5690 1884 5767 ξφα.

376 5787 460 5866 (ι)
496 5785 770 5858 ’Δκινήτῳ
796 5784 921 5857 legit
949 5785 1229 5855 interpres.
1265 5781 1421 5841 Ept‘r.

2001 1938 2161 1992 duam
2201 1931 2398 1987 caelum
2443 1927 2705 1989 tenebris,
2736 1936 2792 1979 et
2824 1922 2978 1993 quasi
3008 1935 3228 1976 saccum
3265 1931 3459 1987 ponam
3490 1915 3576 1969 in-

1999 2028 2311 2083 dumentum
2371 2022 2509 2091 ejus.
2556 2018 2815 2072 Dominus
2851 2012 3111 2070 Dominus
3159 2010 3251 2064 dat
3291 2006 3419 2061 milii
3470 2005 3579 2061 lin-

1999 2132 2158 2189 guaut
2193 2113 2526 2183 disciplinae,
2585 2121 2646 2163 ut
2685 2110 2854 2165 sciam
2894 2104 3110 2174 quando
3153 2110 3399 2171 oporteat
3429 2098 3574 2169 loqui

1997 2211 2241 2265 verbum.
2275 2206 2456 2262 Posuit
2491 2203 2618 2258 mihi
2662 2212 2860 2254 mane:
2895 2196 3099 2251 addidit
3135 2193 3263 2247 mihi
3295 2207 3478 2245 aurem
3506 2191 3577 2247 ad

1999 2301 2348 2363 audiendum,
2369 2306 2423 2353 et
2448 2293 2727 2364 disciplina
2752 2289 2961 2346 Domini
2999 2287 3175 2357 aperit
3213 2299 3374 2339 aures
3403 2297 3574 2338 meas.

1999 2393 2114 2462 Ego
2145 2402 2327 2446 autem
2364 2402 2470 2442 non
2516 2399 2719 2445 renuo,
2750 2395 2925 2450 neque
2971 2376 3310 2433 contt'adico.
3347 2374 3572 2429 Dorsum

1997 2498 2175 2540 meum
2214 2480 2336 2537 dedi
2367 2479 2433 2534 ad
2481 2476 2714 2546 ﬂagella,
2760 2482 2814 2526 et
2843 2485 3011 2542 genas
3058 2483 3206 2524 meas
3234 2468 3301 2522 ad
3341 2466 3572 2536 alapas:

1997 2577 2191 2633 faciem
2217 2586 2393 2630 autem
2422 2585 2598 2627 meam
2628 2583 2732 2622 non
2762 2563 2934 2619 averti
2955 2578 2985 2617 a
3016 2562 3215 2632 probro
3246 2568 3528 2629 sputorum
3552 2574 3573 2614 :

1995 2677 2051 2725 et
2084 2666 2343 2721 Dominus
2383 2662 2638 2717 Dominus
2677 2670 2830 2711 meus
2870 2654 3161 2709 auxiliator
3215 2652 3347 2706 milii
3394 2640 3575 2704 facins

1994 2769 2110 2822 est;
2132 2757 2252 2812 ideo
2275 2770 2381 2810 non
2402 2766 2522 2807 sum
2550 2749 2830 2812 confusus,
2848 2746 2942 2802 sed
2965 2744 3117 2815 posui
3147 2743 3337 2798 faciem
3372 2755 3571 2808 meam,

1993 2852 2133 2906 sicut
2168 2849 2375 2902 firmam
2400 2853 2625 2915 petram.
2667 2861 2687 2894 ι
2727 2838 2853 2895 Ideo
2893 2836 3084 2895 faciem
3112 2849 3285 2890 nteant
3318 2845 3572 2903 tauquam

1995 2942 2206 2997 firmam
2242 2948 2447 3009 petram
2478 2934 2670 2998 obtuli,
2717 2931 2953 2987 conlisus
2995 2944 3169 2985 meam
3200 2942 3324 2996 erga
3354 2925 3571 2981 Patrem

1991 3031 2397 3102 obsequentiam
2436 3042 2542 3082 non
2582 3024 2831 3081 dedecori
2875 3022 3009 3078 mihi
3056 3021 3211 3079 fore:
3243 3033 3403 3090 quem
3431 3032 3463 3073 e
3488 3018 3572 3073 vi-

1991 3125 2116 3182 cino
2149 3123 2285 3178 mihi
2304 3128 2595 3183 astantem,
2622 3115 2954 3174 concertanti
2990 3113 3208 3186 praemia
3232 3112 3570 3181 largientem,

1995 3216 2416 3287 patientiamque
2465 3223 2641 3264 meam
2689 3205 3112 3277 approbantem,
3160 3218 3375 3272 semper
3436 3201 3567 3257 vidi.

1992 3304 2144 3374 Quod
2185 3304 2230 3360 si
2262 3307 2387 3372 quis
2437 3298 2796 3355 contumelias
2831 3296 3108 3365 ipsamque
3162 3303 3388 3348 mortem
3423 3296 3570 3362 juste

1992 3396 2123 3450 mihi
2162 3394 2234 3450 ob
2284 3391 2491 3449 scelera
2523 3389 2766 3458 quaedam
2815 3385 3016 3439 illatam
3061 3398 3182 3440 esse
3216 3385 3571 3454 comprobare

1991 3489 2182 3559 possit,
2217 3487 2271 3541 in
2312 3484 2545 3539 medium
2576 3480 2835 3553 prodiens
2863 3476 3134 3541 ostendat,
3176 3476 3224 3531 si
3251 3491 3411 3547 quam
3439 3490 3571 3533 cau-

1989 3596 2106 3637 sam
2137 3578 2220 3636 vel
2253 3575 2593 3633 occasionem
2628 3570 2794 3627 tautis
2823 3567 3168 3626 contumeliis
3207 3568 3445 3622 dederim
3471 3565 3566 3632 ;in

1991 3671 2245 3739 medium,
2272 3670 2509 3737 inquam,
2538 3664 2809 3736 prodiens,
2829 3660 2958 3728 stet,
2988 3676 3178 3732 meque
3200 3669 3409 3730 arguat.
3430 3657 3566 3716 Cum

1990 3775 2168 3821 autem
2201 3777 2360 3818 nemo
2399 3759 2530 3814 mihi
2563 3756 2766 3813 crimen
2816 3754 3015 3810 oﬂ'erre
3054 3752 3257 3823 possit,
3282 3764 3457 3820 neque
3499 3751 3571 3807 de

1988 3856 2257 3923 doctrina,
2281 3866 2461 3922 neque
2492 3851 2559 3904 de
2580 3849 2836 3918 operibus
2860 3861 2890 3901 a
2919 3860 3003 3901 me
3027 3845 3212 3910 editis,
3235 3841 3359 3913 iure
3380 3841 3567 3900 Domi-

1989 3963 2092 4005 nus
2123 3947 2335 4018 adjutor
2373 3942 2505 3997 milii
2538 3939 2728 3995 aderit.

2064 4039 2227 4096 Vsus.
2256 4037 2311 4093 8.
2348 4055 2367 4089 ι
2406 4034 2540 4103 Quia
2567 4033 2720 4103 juxta
2761 4030 2962 4101 estqui
2998 4028 3267 4100 justifieat
3302 4041 3408 4083 me.
3435 4024 3567 4093 Quis

1987 4138 2073 4185 est
2090 4132 2182 4199 qui
2218 4126 2391 4195 litiget
2415 4122 2664 4181 mecum?
2692 4129 2798 4177 stet
2818 4131 3010 4176 contra
3040 4134 3125 4175 me
3155 4116 3336 4173 simul.
3358 4117 3421 4171 Et
3446 4117 3568 4186 quis

1987 4230 2071 4278 est
2097 4222 2189 4294 qui
2222 4220 2397 4292 litiget
2441 4232 2651 4273 mecum
2675 4217 2699 4272 ἰ
2723 4217 2946 4272 accedat
2973 4214 3038 4269 ad
3071 4227 3178 4268 me.
3209 4228 3231 4266 ι
3265 4209 3399 4264 Nam
3429 4208 3568 4264 ulci-

1986 4325 2191 4379 scente,
2222 4313 2418 4380 inquit,
2440 4312 2546 4367 Deo
2588 4318 2644 4364 et
2675 4310 2861 4375 Patre,
2905 4318 3230 4373 omnemque
3260 4301 3566 4358 molestiam

1987 4418 2018 4458 a
2051 4404 2203 4458 vobis
2229 4402 2430 4456 illatam
2459 4398 2759 4464 auferente,
2790 4409 3077 4465 meamque
3102 4393 3327 4464 gloriam
3356 4390 3561 4446 consti-

1918 4522 1962 4578 ο
1992 4504 2197 4560 tuente,
2228 4494 2351 4564 quis
2386 4493 2440 4547 in
2472 4492 2623 4547 vobis
2651 4490 2778 4553 erit,
2818 4488 2908 4558 qui
2945 4484 3263 4540 immutabili
3286 4485 3401 4549 ejus
3431 4497 3565 4536 cou-

1991 4587 2115 4644 silio
2160 4597 2216 4642 et
2266 4583 2528 4639 voluntati
2566 4583 2832 4639 obsistere
2870 4577 3081 4643 valeat,
3117 4586 3173 4631 et
3203 4574 3319 4641 ejus
3364 4574 3571 4628 auxilio

1992 4680 2253 4735 fruentem
2283 4675 2600 4747 opprimat?
2634 4674 2818 4744 Itaque
2846 4670 2893 4725 si
2927 4671 3017 4740 qui
3059 4669 3112 4724 in
3155 4660 3464 4724 Scribarum
3513 4676 3570 4725 et

1993 4769 2384 4825 Pharisaaorum
2416 4780 2578 4837 grege
2616 4765 2905 4836 prudentes
2922 4760 3164 4816 homines
3195 4758 3444 4821 fuissent,
3472 4756 3569 4813 ab-

1988 4863 2251 4919 stitissent
2279 4861 2464 4931 utique
2481 4875 2510 4913 a
2536 4856 2986 4913 machinamentis
3005 4862 3061 4907 et
3080 4849 3573 4920 conspirationibus

1988 4961 2251 5012 adversus
2278 4970 2401 5008 eum
2443 4950 2725 5013 conﬂatis;
2763 4962 2886 5002 cum
2932 4954 3246 5001 sanctorum
3279 4947 3569 5015 propheta-

1990 5063 2106 5101 rum
2164 5042 2473 5100 testimonio
2508 5040 2895 5112 prospicerent,
2936 5051 2995 5091 se
3034 5052 3137 5090 non
3176 5050 3335 5105 posse
3374 5035 3568 5089 laedere

1985 5139 2279 5201 Christum,
2304 5136 2395 5206 qui
2432 5134 2570 5190 Deus
2597 5143 2651 5187 et
2673 5131 2947 5197 Dominus,
2976 5144 3037 5184 ac
3074 5144 3232 5184 verus
3268 5126 3444 5183 Patris
3474 5125 3565 5206 Ei:-

1987 5230 2091 5284 lius
2126 5239 2289 5283 esset.
2325 5296 2328 5301 ἢ
3542 5202 3563 5223 ’

2059 5319 2223 5376 Vsus.
2254 5319 2310 5375 9.
2355 5338 2374 5371 ι
2420 5319 2559 5375 Ecce
2615 5316 2877 5375 Dominus
2919 5315 3177 5372 Dominus
3220 5310 3569 5367 auxiliabitur

1990 5411 2122 5467 milii
2158 5429 2172 5466 :
2213 5409 2335 5480 quis
2378 5410 2534 5465 laedet
2571 5424 2657 5463 me
2699 5409 2724 5462 ?
2756 5407 2897 5464 Ecce
2937 5424 3032 5463 vos
3072 5420 3261 5461 omnes
3308 5415 3563 5471 tanquam

1991 5504 2371 5559 vestimentum
2412 5503 2779 5567 veterascetis,
2824 5512 2878 5557 et
2924 5502 3067 5557 tinea
3111 5498 3360 5555 comedet
3393 5511 3508 5552 vos.
3535 5513 3559 5549 ι

1990 5597 2153 5664 Queis
2182 5595 2448 5665 significat
2497 5596 2882 5667 antiquandam
2927 5595 3043 5651 fore
3090 5605 3404 5661 corporeum
3443 5588 3561 5644 cul-

1991 5696 2102 5746 tum
2147 5707 2160 5746 :
2212 5687 2471 5761 quidquid
2512 5687 2657 5747 enim
2691 5689 3005 5761 antiquatur
3038 5695 3092 5744 et
3142 5681 3410 5750 senescit,
3442 5679 3561 5739 nti-
