2065 3200
308 146 362 174 463

644 149 778 180 EUSEBII
799 154 1043 186 CAESARIENSlS
1067 159 1138 188 ΜΨ.
1159 160 1249 189 PARS
1268 162 1312 190 ΙΙΙ.
1341 179 1366 185 -
1387 164 1591 194 EXEGETICA.

1877 172 1929 199 ιιι

307 215 349 234 me
358 208 507 242 proximum
523 214 575 237 est.
595 209 647 239 l‘er
665 214 764 241 tineam
778 223 842 243 vero
859 218 932 252 ipsos
949 221 1076 249 comeden

1124 223 1247 258 ,νισμοῦ.
1265 225 1338 259 Σῆτα
1359 226 1387 252 δὲ
1411 228 1458 253 καὶ
1474 228 1520 254 τὸν
1545 228 1803 265 καταϐιὸρὼσκοντα
1829 232 1926 264 αὑτοὶ-ς

307 258 372 285 ιειη,
389 254 578 282 conscientiam
597 257 729 286 scelerum
742 261 778 288 ab
794 262 859 295 ipsis
878 270 1091 299 perpetratorum

304 300 448 335 signiﬁcat,
465 308 523 334 qua
544 302 629 328 instar
641 306 741 333 vermis
761 308 878 335 animam
900 311 1007 339 exedet.
1023 312 1093 340 Gen-

303 344 370 371 tium
381 345 478 379 quippe
485 347 688 376 conversionem
697 350 730 377 ad
741 350 835 386 Deutn,
846 361 878 381 ac
888 355 1003 388 ruinam,
1012 365 1092 392 quant

302 388 451 422 impietatis
466 398 521 417 suae
533 392 619 425 fcausa
640 395 837 431 sustinuerunt,
851 388 1060 436 conspicientes,
1076 411 1091 430 a

301 434 467 462 conscientia
479 437 652 467 stimulantur
663 445 691 468 et
706 442 876 475 devorautur.

338 478 419 508 Vens.
434 481 478 509 10.
490 492 499 508 ι
510 483 575 517 Quis
586 490 628 512 est
644 486 671 513 in
688 489 765 516 vobis
777 490 821 523 qui
838 492 914 519 timet
931 493 1090 523 Dominum?

301 523 394 551 audiat
406 533 497 553 vocem
518 530 592 562 pueri
608 530 677 565 ejus.
704 533 878 563 Ambulautes
904 537 931 564 in
961 539 1088 574 tenebris,

299 574 328 597 et
345 578 398 598 non
414 577 455 599 est
472 573 511 601 eis
526 574 582 608 lux,
604 578 733 606 conﬁdite
751 580 777 607 in
794 583 905 610 nomine
927 584 1047 619 Domini,
1062 592 1090 615 et

300 615 446 645 innitimini
462 618 526 647 Deo.
542 630 551 646 ι
564 621 656 658 Neque
673 626 744 652 enim
760 627 821 654 volo
834 633 946 656 mortem
962 615 1089 665 peccato-

299 662 349 693 ris,
360 662 431 690 sicut
447 666 632 698 pmuitentiam
654 670 724 704 ejus.
737 672 827 705 Quare
844 675 925 702 etiam
949 684 1020 704 nunc
1042 685 1088 706 vos

297 711 392 739 evoco,
406 707 451 741 qui
476 708 503 735 in
521 710 640 740 tenebris
665 713 823 748 ignorantiae
847 721 1003 748 versamini.
1020 721 1087 749 Cum

296 755 387 778 autem
400 760 512 786 puerum
526 755 571 783 Dei
581 764 640 785 sese
651 767 799 795 nuncupat,
813 762 1014 798 intelligendum
1024 774 1087 801 pra:-

297 795 353 828 bet,
367 804 407 829 se,
421 799 467 833 qui
482 800 562 828 homo
574 802 662 831 lactus
672 810 724 838 est,
737 814 828 835 verum
843 809 886 837 Dei
897 795 1086 841 etPatris-flli-v

297 850 341 869 um
349 851 423 871 esse:
433 847 505 879 quod
517 855 580 876 vero
589 858 639 877 vox
650 851 708 885 ejus
715 854 846 881 audienda
860 856 940 890 foret,
949 858 975 885 id
984 868 1084 895 nequa-

296 895 376 921 quam
391 889 457 924 legis
471 897 651 929 transgressio
668 903 736 931 erat,
758 900 805 927 sed
822 902 994 932 cunllrmatio
1006 889 1083 941 legis,
1100 896 1121 923 Β

295 942 355 968 quae
367 943 415 969 per
431 937 543 971 ﬁguram
559 945 585 967 et
600 943 733 976 umbram,
754 946 894 974 veritatem
911 937 1081 980 delineabat;

294 987 354 1013 qua:
367 987 407 1008 est
418 981 473 1017 ipse
489 983 558 1012 Deus
572 991 599 1013 et
610 986 669 1022 ejus
682 990 816 1018 vaticinia.

329 1071 410 1100 Vens.
426 1073 467 1100 ll.
487 1083 496 1099 ι
512 1074 581 1103 Ecce
600 1083 648 1104 vos
659 1084 753 1107 omnes
769 1079 858 1115 ignem
876 1084 1036 1118 accenditis,
1053 1089 1082 1112 et

292 1119 472 1147 corroboratis
496 1121 629 1149 ﬂammam
650 1132 656 1150 :
675 1124 810 1153 ambulate
833 1127 860 1154 in
887 1128 988 1157 lumine
1012 1130 1081 1165 ignis

292 1164 374 1191 vestri
393 1169 421 1192 et
443 1166 469 1192 in
487 1165 594 1193 ﬂamma
608 1175 688 1202 quam
704 1172 892 1200 succendistis.
909 1164 1079 1208 Propteritne

291 1208 361 1237 facta
379 1216 442 1238 sunt
454 1212 510 1240 hac
524 1214 609 1246 vobis,
623 1220 650 1242 et
667 1215 693 1242 iu
708 1223 824 1245 mcerore
839 1219 990 1248 dormietis.
1003 1231 1013 1248 ι
1027 1220 1078 1249 So-

289 1255 344 1282 lum
357 1258 487 1291 accedite,
507 1264 534 1286 et
548 1260 665 1292 obedite,
679 1268 710 1288 ac
722 1262 835 1290 salutem
854 1264 989 1299 pollicenti
1001 1268 1078 1295 vobis

289 1301 400 1329 credite.
415 1301 478 1335 Sed,
497 1308 526 1330 ut
545 1305 633 1337 video,
642 1313 690 1333 vos
705 1306 739 1333 ab
757 1309 830 1335 omni
845 1309 916 1336 boua
930 1317 978 1345 spe
991 1311 1078 1339 seclu-

287 1346 377 1380 sislis,
398 1353 516 1376 vestrum
531 1356 620 1378 autem
635 1351 723 1385 ignem
741 1354 845 1389 augetis
862 1360 889 1382 et
903 1357 1036 1385 roboratis
1048 1358 1075 1386 in

287 1392 479 1422 incredulitate
490 1401 590 1429 vestra,
605 1402 633 1425 et
647 1399 672 1425 in
688 1399 863 1434 biaspbemiis
875 1403 974 1430 vestris
986 1412 1077 1438 perse-

287 1434 424 1473 verantes,
448 1441 576 1477 illumque
598 1444 693 1471 aeterni
711 1446 832 1480 supplicii
856 1447 944 1482 ignem
966 1451 1011 1484 qui
1028 1458 1076 1478 vos

286 1492 437 1521 exspectat,
455 1490 540 1523 magis
563 1490 701 1525 magisque
726 1492 884 1526 accenditis,
901 1496 1074 1529 quamobrem

289 1540 301 1558 ι
318 1531 344 1559 in
361 1540 476 1562 mcerore
499 1535 655 1569 dormietis;
675 1545 685 1562 ι
706 1537 763 1565 sive
778 1539 931 1567 secundum'
951 1540 1075 1576 Symma-

287 1577 378 1610 chum,
397 1587 406 1605 ε
428 1579 455 1606 in
471 1580 565 1608 dolore
581 1581 730 1611 dormietis.
748 1593 758 1610 ι

580 1637 695 1666 CAPUT
716 1639 758 1668 LI.

321 1691 401 1720 Vens.
413 1693 438 1720 l.
445 1702 454 1719 ι
461 1693 567 1727 Audite,
578 1695 622 1729 qui
634 1697 825 1732 persequimini
836 1700 906 1731 quod
913 1700 1013 1734 justum
1022 1707 1072 1734 est.

283 1742 310 1765 et
325 1739 368 1773 qui
384 1740 506 1774 qureritis
532 1740 684 1769 Dominum.
704 1752 713 1769 ι
736 1743 803 1777 Quia
830 1745 939 1774 immani
960 1749 1073 1776 stultitia

281 1783 409 1812 obcazcati
423 1784 575 1814 Iudaeorum
592 1788 682 1822 populi
705 1790 874 1825 unigenitum
890 1792 935 1821 Dei
955 1794 1072 1822 Verbum

282 1829 309 1856 in
327 1829 409 1857 forma
436 1838 540 1865 nostra,
558 1833 584 1860 id
599 1838 641 1861 est
660 1835 795 1863 hominem
812 1837 913 1866 factum
938 1841 1071 1875 videntes,

280 1876 338 1908 ejus
353 1877 508 1911 mysterium
523 1887 574 1906 non
589 1880 775 1909 intellexerunt
791 1884 855 1911 :sed
868 1887 984 1914 amentia
998 1887 1071 1916 ducti

280 1929 338 1953 sua,
351 1922 507 1957 plerumque
525 1924 610 1959 ipsum
626 1926 790 1961 blasphemis
801 1929 881 1957 dictis
902 1931 1072 1966 impudenter

279 1967 450 1995 incessebant
467 1978 474 1996 :
491 1978 564 2003 nam,
582 1977 610 1998 ut
623 1972 702 2005 paulo
716 1978 779 2000 ante
793 1975 995 2009 dixi,eximiam
1012 1978 1069 2013 glo-

278 2014 347 2040 riam
372 2019 398 2042 et
425 2015 551 2044 virtutem
578 2025 653 2045 suam
682 2019 747 2054 ipsis
772 2022 914 2057 perspicue
939 2023 1068 2057 declarat,

277 2062 358 2092 atque
376 2067 468 2089 eorum
494 2063 624 2096 quosdam
643 2073 677 2093 ne
696 2074 725 2093 se
737 2068 810 2101 parvi
826 2069 1003 2102 mstimareut,
1023 2070 1069 2098 de-

277 2106 360 2132 lerret
383 2106 424 2134 bis
448 2108 548 2141 verbis,
567 2118 577 2135 ι
597 2109 727 2139 Conlidite
751 2113 777 2139 in
804 2113 934 2151 Domino;
954 2125 963 2141 ι
991 2124 1069 2151 aper-

276 2150 380 2179 tissime
398 2153 479 2188 igitur
492 2162 521 2182 se
538 2155 679 2184 Dominum
696 2163 722 2186 et
741 2159 824 2186 Deum
842 2150 901 2188 esse
918 2161 993 2194 dicit,
1010 2163 1066 2196 qui,

275 2197 313 2223 uti
326 2197 380 2230 jam
395 2199 466 2232 dixi,
482 2200 604 2229 homines
619 2204 747 2239 deterret,
768 2213 801 2233 ne
821 2207 853 2233 de
873 2214 903 2234 se
922 2207 1067 2236 humiliore

273 2243 354 2271 modo
377 2246 493 2273 sentiant
510 2251 537 2273 et
552 2248 704 2282 loquantur.
724 2259 733 2275 ι
757 2250 894 2286 Respicite
912 2253 937 2280 in
958 2253 1060 2281 ﬁrmam
1078 2245 1100 2272 θ

272 2295 388 2323 petram,
405 2299 485 2326 quam
503 2294 650 2327 excidistis,
667 2303 694 2324 et
709 2299 734 2325 in
749 2298 853 2326 l'ovcatn
871 2299 956 2333 lacus,
979 2309 1058 2335 quam

270 2331 410 2364 eﬂodistis.
429 2346 438 2363 ι
455 2338 567 2367 Videtur
579 2341 619 2369 his
632 2343 805 2372 subindicare
823 2346 894 2372 illam
910 2346 995 2381 ipsam
1010 2355 1059 2382 pe-

270 2384 340 2407 tram
352 2402 359 2413 ,
371 2390 431 2415 quae
447 2383 595 2414 Salvatoris
610 2395 708 2423 corpus
721 2391 836 2426 excepit,
852 2392 878 2419 in
890 2400 941 2428 qua
958 2393 1056 2429 Joseph

269 2425 426 2459 speluncam
440 2432 580 2457 excavavit
598 2431 623 2458 in
637 2441 706 2461 novo
723 2425 897 2465 monumento
913 2446 971 2466 suo.

268 2468 309 2508 ᾖὸ
329 2473 427 2510 Ἰωσὴφ
443 2475 473 2502 τὸ
488 2478 618 2513 σπήλαιον
635 2479 739 2516 ὤρυξεν
761 2482 790 2509 ἐν
810 2483 849 2519 τῷ
870 2485 953 2521 καινῷ
975 2487 1060 2514 αὑτοῦ
1075 2497 1094 2524 μ

308 2529 386 2557 Vens.
403 2531 431 2558 2.
453 2541 462 2558 ι
478 2533 646 2569 Respicitein
656 2538 792 2567 Abraham
806 2546 909 2576 patrem
922 2550 1054 2580 vestrum,

266 2575 332 2602 etin
349 2576 443 2605 Saram
461 2587 520 2614 qua:
539 2583 681 2615 parturivi!
696 2592 743 2613 vos
761 2597 766 2614 :
783 2575 844 2621 quia
863 2597 930 2618 unus
948 2597 1017 2625 erat,
1033 2575 1059 2621 et

266 2621 358 2649 vocavi
372 2629 445 2656 eum,
461 2629 487 2651 et
509 2624 632 2653 benedixi
649 2628 689 2661 ei,
703 2635 730 2657 et
743 2630 822 2659 dilexi
839 2640 911 2667 eum,
924 2640 952 2663 et
968 2637 1058 2664 multi-

265 2666 362 2701 plicavi
387 2676 458 2698 eum.
482 2679 491 2696 ι
519 2672 747 2704 Quemadmodum
770 2677 852 2713 igitur
872 2680 1055 2715 iniAbraham
1103 2684 1158 2716 τὸν,

265 2712 317 2740 feci
326 2735 334 2748 ,
349 2714 387 2742 sic
396 2723 430 2743 ne
440 2716 587 2751 desperetis
602 2727 633 2748 ex
646 2721 695 2749 hac
704 2712 790 2756 petra,
800 2731 880 2758 quam
892 2734 939 2755 vos
956 2729 1055 2756 excidi-

265 2758 324 2792 stis,
342 2762 486 2795 quamdam
503 2763 597 2792 salutis
609 2773 682 2800 spem
699 2769 824 2797 omnibus
844 2771 996 2801 hominibus
1012 2774 1052 2802 fu-

264 2808 352 2832 turam
364 2814 440 2840 esse;
454 2810 524 2843 quod
540 2810 576 2840 illi
590 2819 641 2839 non
654 2814 777 2847 privandi
793 2817 848 2844 sint
864 2817 907 2845 illa
916 2818 950 2846 ad
965 2819 1052 2847 Abra-

263 2850 325 2880 ham
344 2853 426 2887 facta,
442 2859 467 2882 et
495 2863 542 2891 per
557 2865 599 2886 me
620 2859 745 2889 omnibus
766 2862 888 2897 nutibus
910 2872 959 2900 per
972 2866 1051 2903 hujus

1144 268 1192 304 τὴν
1208 271 1359 306 συνείδησιν
1377 269 1415 298 ὧν
1432 274 1613 309 τετολμήκασι
1628 275 1712 310 δηλοῖ,
1730 277 1806 313 δίκην
1823 278 1930 315 σκώλη-

1143 322 1190 345 κος
1221 315 1416 351 κατεσθιούσης
1443 318 1493 353 τὴν
1515 319 1613 355 ψυχήν.
1644 320 1776 356 Ὀρῶντες
1799 324 1852 359 γὰρ
1877 325 1927 360 τὴν

1141 358 1195 385 τῶν
1221 360 1305 387 ἐθνῶν
1328 362 1396 397 πρὸς
1415 363 1479 390 Θεὸν
1500 365 1675 402 ἐπιστροφὴν,
1692 368 1739 394 καὶ
1760 368 1809 404 τὴν
1824 358 1927 397 ἐαυτιῖλν

1142 403 1309 438 ἀπόπτωσιν,
1339 408 1372 442 ἢν
1392 409 1540 444 ὑπέμειναν
1557 410 1599 437 διὰ
1623 411 1673 444 τὰς
1687 403 1812 445 ἀσεϐείας
1824 415 1923 447 αὐτῶν,

1143 450 1251 486 ὑπὸτῆς
1266 452 1444 488 συνειδήσεως
1457 455 1652 490 τιτρώσκονται
1665 459 1712 485 καὶ
1726 460 1922 489 κατεσθίονται.

1178 506 1188 522 ε
1206 497 1253 528 Τίς
1263 498 1292 524 ἐν
1302 499 1365 534 ὑμῖν
1376 500 1390 526 ὁ
1401 500 1566 536 φοϐούμενος
1579 503 1625 529 τὸν
1640 504 1741 540 Κύριον
1752 514 1759 538 ;
1774 506 1926 534 ὑπακουσά-

1139 549 1178 567 τω
1201 542 1251 577 τῆς
1268 543 1359 579 φωνῆς
1371 544 1418 570 τοῦ
1436 546 1530 578 παιδὸς
1546 547 1639 576 αὑτοῦ.
1656 549 1687 575 Οἱ
1701 551 1877 586 πορευόμενοι
1895 554 1925 579 ὲν

1139 587 1240 620 σκότει,
1254 589 1300 615 καὶ
1317 589 1366 616 οὐκ
1380 590 1452 617 ἔστιν
1468 592 1559 624 αὐτοῖς
1572 594 1643 628 φῶς,
1659 596 1805 623 πεποίθατε
1825 598 1871 624 ἐπὶ
1884 599 1924 634 τῷ

1138 632 1248 669 ὀνόματι
1262 635 1374 671 Κυρίου,
1400 637 1447 664 καὶ
1466 639 1690 679 ἀντιστηρίσασθε
1705 641 1752 668 ἐπὶ
1772 642 1811 678 τῷ
1824 643 1892 679 Θεῷ.

1138 679 1177 705 Οὐ
1189 679 1243 714 γὰρ
1259 679 1387 716 βούλομαι
1398 682 1444 708 τὸν
1456 676 1568 710 θάνατον
1580 684 1626 711 τοῦ
1641 676 1814 720 ἀμαρτωλού,
1823 676 1924 724 ὡς’τὴν

1139 725 1283 760 μετάνοιαν
1299 726 1392 755 αὐτοῦ.
1409 728 1489 756 Ὅθεν
1504 729 1544 756 ἔτι
1565 731 1612 757 καὶ
1628 730 1675 757 νῦν
1691 732 1763 767 ὑμᾶς
1774 733 1924 761 ἀνακαλοῦ-

1139 777 1197 804 μαι,
1211 770 1240 796 ἐν
1254 770 1293 805 τῷ
1306 771 1356 806 τῆς
1370 772 1480 806 ἀγνοίας
1495 775 1582 810 σκότῳ
1596 776 1786 811 τυγχάνοντας.
1813 779 1923 806 Ἑαυτὸν

1135 814 1164 841 δὲ
1189 816 1271 843 παῖδα
1293 817 1360 844 Θεοῦ
1387 818 1484 852 λέγων,
1504 821 1597 857 ἐφίησι
1611 825 1689 855 νοεῖν,
1706 823 1758 855 ὅτι,
1781 824 1923 861 ἄνθρωπος

1136 862 1265 896 γεγονὼς,
1283 864 1338 896 uid,
1355 865 1427 892 ἐστιν
1443 866 1569 902 ἀληθινὸς
1588 869 1634 895 τοῦ
1652 869 1718 896 Geo-3
1738 870 1784 897 καὶ
1796 871 1900 907 Πατρός
1913 882 1920 888 -

1134 909 1182 935 καὶ
1193 908 1224 935 τὸ
1237 910 1351 938 ἀκοῦσαι
1365 912 1414 947 τῆς
1425 913 1505 938 αὐτοῦ
1518 915 1610 950 φωνῆς
1626 916 1656 941 οὐ
1673 916 1755 951 νόμου
1767 918 1922 953 παράϐασις

1133 952 1176 990 ἦν,
1192 956 1260 983 ἀλλὰ
1279 956 1422 992 βεϐαίωσις
1437 959 1530 994 νόμου,
1546 960 1590 987 διὰ
1606 961 1690 988 τύπου
1705 963 1751 989 καὶ
1764 965 1843 995 σκιᾶς
1855 973 1921 1000 πρη-

1133 1003 1333 1037 αναγράφοντος
1344 1006 1393 1040 τὴν
1404 1005 1532 1041 ἀλήθειαν
1542 1027 1549 1040 ,
1562 1007 1621 1042 ἥτις
1635 1008 1708 1035 ἐστὶν
1719 1009 1733 1035 ὁ
1746 1009 1812 1041 Θεὸς
1825 1011 1871 1037 καὶ
1885 1011 1920 1038 τὰ

1131 1048 1214 1075 αὑτοῦ
1229 1050 1412 1085 θεσπίσματα.

1168 1104 1178 1120 ι
1201 1095 1266 1122 Ἰδοὺ
1282 1096 1382 1129 πάντες
1397 1098 1475 1134 ὑμεῖς
1494 1099 1550 1137 πῦρ
1563 1109 1665 1134 κα.ετε,
1687 1111 1733 1129 και
1757 1104 1918 1139 κατισχύετε

1131 1139 1232 1174 φλόγα·
1250 1142 1399 1177 πορεύεσθε
1414 1144 1453 1179 τῷ
1471 1146 1540 1178 φωτὶ
1560 1146 1607 1172 τοῦ
1623 1147 1709 1183 πυρὸς
1721 1148 1807 1183 ὑμῶν,
1821 1150 1867 1176 καὶ
1883 1152 1917 1186 τῇ

1130 1185 1209 1220 φλογὶ
1256 1182 1431 1220 ὲξεκαύσατε.
1448 1191 1487 1216 Δι’
1497 1191 1548 1226 ἐμὲ
1565 1192 1672 1226 ἐγένετο
1686 1182 1772 1220 ταῦτα
1785 1195 1857 1230 ὑμῖν,
1869 1182 1918 1222 καί

1129 1232 1158 1258 ἐν
1172 1231 1243 1269 λύπῃ
1261 1234 1469 1270 κοιμηθήσεσθε.
1489 1247 1499 1263 ι
1515 1238 1601 1264 Μόνον
1618 1239 1709 1274 ἥκετε,
1729 1240 1776 1267 καὶ
1795 1241 1917 1267 ὑπακούς

1129 1285 1204 1310 σατε,
1225 1279 1450 1316 ἐπαγγελλομένῳ
1464 1290 1493 1308 τε
1511 1282 1573 1318 ὑμῖν
1586 1285 1722 1319 σωτηρίαν
1741 1286 1914 1313 πιστεύσατε.

1134 1322 1202 1350 Ἀλλ’
1216 1324 1253 1356 ὡς
1272 1325 1338 1360 ὁρῶ,
1363 1326 1453 1362 πάσης
1476 1328 1525 1362 μὲν
1546 1329 1651 1364 ἀγαθῆς
1674 1330 1779 1363 ἐλπίδος
1804 1332 1916 1364 ἑαυτοὺς

1126 1369 1293 1403 ἀποκλείετε,
1307 1371 1337 1398 τὸ
1347 1372 1374 1398 δὲ
1386 1373 1475 1400 αὐτῶν
1490 1374 1546 1411 πῦρ
1562 1375 1694 1411 σωρεύετε
1711 1377 1758 1403 καὶ
1776 1379 1915 1414 κατισχύε-

1124 1423 1154 1441 τε
1170 1417 1203 1451 τῇ
1220 1416 1324 1443 ἑαυτῶν
1335 1418 1511 1454 ἐπιμένοντες
1525 1420 1637 1456 ἀπιστίᾳ
1649 1422 1694 1447 καὶ
1705 1423 1764 1454 ταῖς
1775 1424 1834 1449 κατ’
1845 1424 1914 1459 ἐμοῦ

1125 1458 1321 1496 βλασφημίαις,
1334 1463 1381 1489 καὶ
1394 1463 1425 1489 τὺ
1438 1464 1583 1498 περιμένον
1597 1465 1669 1499 ὑμᾶς
1682 1465 1731 1501 τῆς
1745 1467 1852 1493 αἰωνίου
1863 1458 1913 1494 on—

1124 1505 1229 1538 λάσεως
1241 1507 1296 1544 πῦρ
1312 1507 1440 1543 μειζόνως
1452 1509 1628 1542 ἐξάπτοντες·
1641 1512 1680 1538 διὸ
1699 1513 1746 1539 καὶ
1762 1523 1771 1539 ι
1797 1514 1825 1540 ἐν
1840 1514 1914 1551 λύπῃ

1089 1566 1111 1597 C
1127 1552 1328 1589 κοιμηθήσεσθε
1339 1563 1345 1570 ·
1368 1564 1377 1581 ι
1395 1555 1411 1590 ἢ
1429 1556 1498 1583 κατὰ
1520 1556 1566 1583 τὸν
1580 1557 1738 1594 Σύμμαχον,
1758 1568 1768 1585 ι
1785 1559 1815 1586 ἐν
1831 1560 1911 1597 ὀδύνῃ

1127 1599 1339 1635 κοιμηθήσεσθε.
1358 1609 1368 1627 ι

1374 1658 1572 1687 ΚΕΦᾹΛΔῘΟΝ
1594 1661 1657 1688 NA'.

1162 1721 1171 1736 ι
1198 1712 1353 1747 Ἀκούσατε,
1371 1715 1395 1741 οἱ
1409 1715 1553 1749 διώκοντες
1564 1717 1593 1744 τὸ
1605 1718 1717 1751 δίκαιον,
1733 1719 1779 1746 καὶ
1798 1719 1912 1756 ζητοῦν-

1122 1765 1168 1788 τες
1177 1757 1223 1784 τὸν
1235 1759 1346 1801 Κύριον.
1362 1770 1371 1786 ι
1392 1761 1500 1797 Ἐπειδὴ
1512 1763 1544 1789 ἐκ
1559 1763 1658 1799 πολλῆς
1669 1765 1738 1799 ἄγαν
1746 1765 1912 1801 ἁϐελτηρίας

1122 1802 1147 1827 οἱ
1161 1802 1218 1828 τῶν
1232 1799 1365 1831 Ἰουδαίων
1378 1805 1457 1842 δῆμοι
1469 1807 1515 1833 τὸν
1530 1811 1658 1845 μονογενῆ
1676 1810 1722 1836 τοῦ
1739 1810 1805 1837 Θεοῦ
1822 1799 1910 1846 Ᾱδγον

1121 1847 1238 1883 δρῶντες
1255 1850 1283 1876 ἐν
1300 1850 1363 1877 εἴδει
1385 1852 1423 1887 τῷ
1438 1852 1498 1879 καθ’
1514 1854 1598 1889 ἡμᾶς,
1619 1855 1742 1882 τουτέστι
1764 1857 1910 1893 γενόμενον

1122 1893 1273 1929 ἄνθρωπον,
1291 1896 1320 1922 οὺ
1337 1897 1461 1924 συνίεσαν
1481 1898 1530 1934 μὲν
1545 1899 1575 1925 τὺ
1591 1901 1633 1926 ἐπ’
1651 1901 1723 1936 αὺτῷ
1740 1903 1886 1938 μυστήριον
1898 1912 1907 1918 ·

1121 1939 1312 1973 ἀσυνετοῦντες
1335 1942 1363 1968 δὲ
1386 1943 1548 1980 πλεισταχοῦ
1579 1945 1767 1982 παλιμφήμοις
1792 1947 1909 1975 ἐλύπουν

1122 1987 1223 2018 φωναῖς
1237 1987 1366 2019 ἀναιδῶς·
1384 1989 1509 2026 καθάπερ
1527 1990 1580 2026 γὰρ
1597 1991 1665 2027 ἔφην
1680 1992 1790 2028 ἀρτίως,
1805 1994 1907 2030 ἐναργῆ

1120 2031 1280 2068 καθίστησιν
1296 2033 1387 2064 αὐτοῖς
1403 2035 1451 2070 τὴν
1470 2038 1744 2074 σεμνοπρεπεστάτην
1758 2040 1839 2066 αὑτοῦ
1859 2040 1905 2067 δό-

1120 2076 1167 2109 ξαν
1183 2087 1213 2104 τε
1228 2080 1274 2105 καὶ
1288 2079 1411 2115 δύναμιν,
1428 2082 1475 2108 καὶ
1493 2082 1539 2109 τοῦ
1557 2084 1641 2119 μικρὰ
1655 2086 1761 2119 φρονεῖν
1775 2086 1817 2111 ἐπ’
1830 2086 1906 2121 αὐτῷ

1120 2122 1260 2157 βούλεσθαί
1275 2133 1349 2157 τινας
1361 2126 1534 2162 ἁποκομίξει,
1557 2128 1652 2162 λέγων,
1670 2140 1678 2155 ι
1692 2130 1840 2157 Πεποίθατε
1857 2132 1906 2158 ἐπὶ

1118 2168 1157 2204 τῷ
1166 2170 1267 2205 Κυρίῳ.
1290 2181 1299 2196 ι
1322 2172 1521 2208 Ἐναργέστατα
1535 2174 1567 2209 δὴ
1577 2173 1622 2202 οὖν
1635 2175 1736 2212 Κύριον
1747 2177 1842 2204 ἑαυτὸν
1856 2179 1905 2205 καὶ

1119 2214 1183 2242 Θεὸν
1198 2215 1266 2243 εἷναί
1279 2225 1370 2252 φησιν,
1382 2219 1567 2255 ἀποκομίζων,
1587 2221 1624 2253 ὡς
1640 2222 1718 2258 ἔφην,
1731 2223 1777 2250 τοῦ
1800 2232 1904 2259 χαμαι-

1114 2258 1203 2290 πετῶς
1218 2260 1281 2295 περὶ
1297 2261 1378 2288 αὐτοῦ
1396 2262 1537 2296 βούλεσθαι
1560 2267 1667 2301 φρονεῖν
1682 2275 1713 2293 τε
1735 2268 1782 2294 καὶ
1802 2258 1902 2303 λέγειν.

1089 2318 1093 2321 ν
1116 2313 1126 2329 ‹
1150 2305 1316 2341 Ἐμϐλέψατε
1333 2308 1372 2339 εἰς
1388 2308 1436 2344 τὴν
1455 2310 1567 2345 στερεὰν
1585 2313 1697 2349 πέτραν,
1716 2314 1749 2349 ῆν
1768 2314 1902 2351 ἐλατομὴ-

1113 2359 1186 2382 σατε,
1204 2352 1250 2379 καὶ
1263 2354 1303 2384 εἰς
1315 2353 1361 2380 τὸν
1376 2355 1486 2390 βόθυνον
1500 2358 1547 2385 τοῦ
1562 2359 1674 2391 λάκκου,
1695 2360 1724 2387 ὃν
1736 2361 1867 2396 ὡρύξατε.
1887 2372 1898 2389 ι

1112 2397 1219 2424 Ἔοικεν
1235 2399 1249 2424 ὁ
1259 2399 1335 2434 λόγος
1350 2400 1393 2427 διὰ
1404 2403 1507 2430 τούτων
1517 2405 1683 2433 αἰνίττεσθαι
1698 2407 1780 2442 αὐτὴν
1793 2408 1900 2444 ἐκείνην

1108 2441 1157 2478 τὴν
1173 2443 1203 2469 τὸ
1221 2444 1298 2479 σῶμα
1314 2445 1359 2472 τοῦ
1374 2447 1500 2484 Σωτῆρος
1520 2450 1721 2487 ὑποδεξαμένην
1736 2441 1848 2488 πέτραν,
1869 2441 1900 2484 ἐν

1097 2497 1128 2524 νη
1133 2490 1211 2525 μείῳ.

1146 2558 1155 2574 ι
1181 2549 1349 2586 Ἑμϐλέψατε
1365 2553 1405 2584 είς
1424 2553 1549 2589 Ἀϐραὰμ.
1563 2554 1609 2582 τὸν
1624 2556 1730 2592 πατέρα
1746 2557 1832 2592 ὑμῶν,
1852 2559 1899 2585 καὶ

1108 2595 1147 2625 εἰς
1163 2595 1270 2630 Σάρραν
1279 2597 1327 2632 τὴν
1335 2597 1483 2625 ὠδίνουσαν
1501 2600 1587 2634 ὑμᾶς·
1603 2601 1644 2627 ὅτι
1661 2599 1700 2632 είς
1713 2599 1757 2637 ἦν,
1772 2603 1817 2629 καὶ
1829 2603 1896 2630 ἐκά-

1105 2638 1170 2665 λεσα
1185 2640 1277 2673 αὐτὸν,
1300 2642 1347 2668 καὶ
1367 2642 1503 2678 εὐλόγησα
1520 2645 1615 2677 αὑτὸν,
1634 2646 1681 2672 καὶ
1700 2647 1830 2683 ἠγάπησα
1846 2648 1898 2674 αὑ-

1183 2686 1229 2712 καὶ
1255 2686 1392 2722 ὲπλήθυνα
1421 2689 1511 2717 αὐτόν.
1539 2700 1549 2716 ›
1575 2691 1679 2727 Ὥσπερ
1700 2690 1747 2719 οὖν
1773 2693 1820 2720 ἐπὶ
1848 2693 1895 2721 τὸν

1110 2730 1234 2767 Ἀϐραὰμ
1245 2733 1393 2768 πεποίηκα,
1409 2734 1495 2766 οὕτως
1510 2735 1548 2771 μὴ
1564 2736 1778 2771 ἀπογινώσκετε,
1795 2738 1832 2769 ὡς
1845 2739 1894 2766 καὶ

1105 2776 1160 2802 ἀπὸ
1171 2777 1221 2812 τῆς
1234 2779 1336 2814 πέτρας
1347 2778 1458 2815 ταύτης,
1474 2781 1506 2816 ἣν
1520 2782 1599 2817 ὑμεῖς
1610 2783 1685 2809 αὐτοὶ
1696 2783 1891 2820 ἐλατομήσατε,

1105 2821 1180 2849 ἔσται
1192 2831 1233 2854 τις
1248 2823 1325 2855 ἐλπὶς
1341 2824 1450 2860 ἁπάσης
1466 2826 1620 2862 ἀνθρώποις
1634 2829 1780 2864 σωτηρίας.
1797 2829 1835 2861 ὡς
1852 2830 1890 2865 μὴ

1104 2868 1298 2906 ἀπολειφθῆναι
1313 2870 1361 2906 τῆς
1378 2871 1446 2907 πρὸς
1460 2873 1649 2912 τὸν.Ἀ6ραὰμ
1660 2875 1824 2910 ἐπαγγελίας
1839 2875 1891 2912 τὴν
