4168 6398
355 375 468 436 ιισ

1315 369 1816 428 COMMENTARIA
1852 371 1919 427 ΙΝ
1957 371 2210 427 ISAIAM.
2251 399 2318 411 —
2356 371 2510 429 CAP.
2550 371 2635 428 LI.

3474 365 3589 434 M6

358 495 722 574 δοθησομένην
753 475 923 551 Raram.
948 496 1060 559 τοῖς
1083 494 1288 549 ἐθνεσιν
1311 495 1368 562 ἐξ
1390 495 1522 568 ἐμοῦ
1543 496 1628 550 διὰ
1657 495 1754 569 τῆς
1780 499 1923 570 εἰρη-

2023 504 2184 565 petrze
2211 496 2433 565 gratiam
2462 497 2657 564 danda,
2693 495 3062 566 promissione.
3082 491 3237 552 Petra
3270 497 3446 568 itaque
3469 506 3593 556 erat

363 590 532 663 μένης
554 591 758 659 πέτρας
781 588 961 660 χάριν.
994 583 1102 642 Ἦν
1141 587 1240 659 μὲν
1271 583 1362 642 οῦν
1382 587 1555 660 πέτρα
1584 589 1679 643 καὶ
1698 588 1758 641 τὸ
1781 591 1920 660 σπή-

357 684 508 736 λαιον
533 681 916 750 δ’ἐλατόμησεν
951 682 980 733 6
1015 679 1210 751 Ἰωσὴφ
1238 681 1321 744 εἰς’
1342 682 1602 752 μνημεῖον
1621 696 1636 711 ο
1666 679 1798 734 ἀλλὰ
1829 681 1921 734 καὶ

359 773 447 826 τὸν
473 771 702 843 Χριστὸν
745 769 905 824 αὑτὸν
951 765 1086 824 οἶδεν
1127 772 1155 823 6
1185 770 1328 834 θεῖος
1359 770 1675 834 ’Δπόστολος
1719 770 1920 842 πέτραν

359 865 664 934 ὀνομάζειν,
715 864 917 933 λέγων,
957 883 976 916 ι
1022 864 1086 917 Ἡ
1136 863 1194 917 δὲ
1245 862 1418 934 πέτρα
1465 859 1532 934 ἦν
1559 862 1859 933 ὁΧριστός.
1897 881 1916 914 ι

347 956 590 1028 λἘπειδὴ
647 958 834 1027 χεῖρας
883 955 1229 1018 ἐπιϐαλόντες
1261 953 1322 1007 τὸ
1369 953 1528 1024 σῶμα
1555 951 1649 1007 τοῦ
1688 953 1921 1025 Χριστοῦ

359 1047 701 1119 ἐλωϐήσαντο
731 1048 871 1102 κατὰ
902 1047 960 1100 τὺ
988 1046 1158 1110 πάθος
1188 1047 1237 1099 οἱ
1269 1046 1360 1100 τὸν
1389 1045 1613 1100 θάνατον
1637 1045 1798 1101 αὑτοῦ
1832 1064 1922 1099 τυ-

366 1141 674 1212 ρεύσαντες,
725 1141 948 1204 είκὸτως
985 1141 1120 1212 πρὸς
1149 1141 1342 1203 αὐτοὺς
1373 1141 1582 1210 εἴρηται
1607 1139 1689 1204 τὸ,
1739 1157 1758 1190 ι
1793 1139 1922 1209 Ἐμο

362 1233 592 1302 ϐλέψατε
616 1236 694 1296 είς
714 1232 810 1304 τὴν
842 1233 1064 1304 στερεὰν
1087 1233 1307 1304 πέτραν,
1336 1233 1400 1304 ἣν
1425 1231 1809 1302 ἐλατομήσατε,
1833 1231 1926 1284 καὶ

361 1327 443 1388 είς
473 1325 562 1377 τὸν
595 1323 811 1395 βόθυνον
864 1323 957 1377 τοῦ
1000 1323 1223 1390 λάκκου,
1265 1323 1324 1375 ὃν
1349 1320 1617 1393 ὠρύξατε.
1646 1339 1666 1374 ι
1701 1322 1925 1392 Μήποτε

363 1409 581 1480 βόθυνον
625 1411 826 1464 λάκκου
878 1411 1093 1482 ᾐνίξατο
1137 1412 1235 1484 τὴν
1278 1410 1578 1482 τρωθεῖσαν
1613 1409 1707 1464 τοῦ
1740 1408 1926 1480 σώμα-

359 1518 456 1565 τος
473 1501 636 1556 αὐτοῦ
664 1501 921 1574 πλευρὰν,
955 1502 1012 1569 ἐξ
1036 1499 1104 1574 ἧς
1123 1497 1260 1573 αἷμα
1280 1502 1377 1554 καὶ
1400 1499 1544 1573 ὕδωρ
1566 1498 1852 1571 προῆλθεν.

440 1701 460 1735 ε
492 1683 603 1735 Καὶ
631 1683 689 1735 σὲ
727 1681 821 1737 νῦν
859 1682 1238 1755 παρακαλέσω,
1263 1683 1420 1748 Σιὼν,
1447 1682 1542 1735 καὶ
1579 1681 1927 1752 παρεκάλεσα

363 1775 540 1828 πάντα
579 1774 646 1826 τὰ
679 1774 855 1845 ἔρημα
885 1776 1048 1846 αὐτῆς
1072 1793 1084 1805 ·
1134 1775 1226 1828 καὶ
1260 1773 1409 1846 θήσω
1438 1773 1507 1827 τὰ
1528 1772 1706 1844 ἔρημα
1757 1773 1927 1843 αὐτῆς

2023 587 2133 651 illa,
2168 597 2223 642 et
2254 585 2527 656 spelunca,
2566 602 2725 656 quam
2753 585 2946 657 Joseph
2983 587 3464 644 in-mouumentnm
3491 607 3592 645 cx-

2021 676 2248 733 cavavit.
2292 676 2362 730 At
2403 676 2675 731 Christum
2727 679 2888 732 etiam
2929 679 3136 734 divinus
3171 681 3454 750 Apostolus
3495 697 3594 752 pe-

2024 777 2158 823 tram
2199 767 2466 838 appellare
2497 770 2662 835 novit,
2701 770 2884 823 dicens
2908 770 2976 834 ’7,
3009 787 3028 821 ι
3067 769 3223 825 Petra
3250 784 3426 825 autem
3471 782 3607 832 erat.

1995 875 2000 878 '
2023 860 2287 916 Christus.
2313 879 2331 911 ι
2353 859 2483 926 Quia
2507 859 2715 928 injectis
2741 862 2985 916 tnanihus
3011 877 3203 930 corpus
3225 859 3420 917 Christi
3455 875 3612 938 tem-;

2023 965 2152 1022 pore
2200 950 2468 1019 passionis
2497 950 2884 1016 deformarunt,
2924 955 3010 1022 qui
3047 965 3269 1006 mortem
3310 953 3424 1021 ejus
3469 970 3584 1008 ma-
3609 945 3620 1034 ἐ

2023 1042 2221 1097 chinati
2253 1050 2398 1107 sunt,
2427 1043 2619 1098 merito
2659 1043 2855 1099 dicitur
2889 1045 3039 1114 ipsis,
3062 1065 3080 1096 ι
3107 1045 3376 1114 Respicite
3408 1050 3459 1101 in
3499 1037 3620 1143 ﬁr—i

2025 1147 2163 1186 mam
2195 1143 2422 1202 petram,
2454 1147 2612 1202 quam
2663 1134 2960 1198 excidistis,
2989 1145 3043 1189 et
3087 1136 3138 1189 in
3180 1134 3384 1190 foveam
3419 1137 3588 1203 lacus,

2023 1238 2182 1293 quam
2205 1222 2484 1279 elIodistis.
2516 1242 2535 1276 ι
2564 1225 2700 1278 Num
2730 1227 2890 1280 etiam
2915 1242 3008 1296 per
3036 1225 3240 1281 foveam
3272 1228 3419 1282 lacus
3451 1228 3590 1282 latus

2024 1314 2265 1384 corporis
2287 1315 2402 1384 ejus
2424 1314 2758 1370 vulneratum
2791 1317 3117 1384 subiudicat,
3149 1332 3214 1374 ex
3243 1335 3348 1389 quo
3372 1321 3592 1391 sanguis

2023 1413 2077 1461 et
2104 1419 2240 1477 aqua
2279 1405 2642 1478 proﬂuxerunt
2675 1406 2696 1469 ξ

2101 1666 2260 1723 Vnus.
2285 1669 2339 1724 3.
2365 1687 2383 1720 ι
2417 1669 2480 1724 Ει
2500 1679 2550 1725 te
2571 1686 2708 1726 nunc
2737 1671 3076 1736 consolabor,
3108 1673 3324 1739 Sion,et
3353 1679 3595 1733 consola-

2031 1766 2114 1812 tus
2138 1774 2254 1812 sum
2287 1762 2464 1814 omnia
2511 1763 2717 1817 deserta
2753 1763 2903 1832 ejus:
2933 1776 2985 1820 et
3010 1782 3201 1835 ponam
3241 1769 3448 1823 deserta
3481 1772 3596 1840 ejus

361 1863 438 1926 ὼς
469 1863 811 1933 παράδεισον,
845 1865 937 1918 καὶ
965 1864 1034 1917 τὰ
1065 1864 1202 1936 πρὸς
1227 1864 1436 1934 δυσμὰς
1462 1865 1630 1935 αὐτῆς
1655 1865 1732 1928 ὡς
1755 1865 1928 1936 παρά-

2029 1861 2281 1920 tanquam
2309 1854 2634 1922 paradisum,
2675 1866 2727 1910 et
2771 1872 2890 1926 quae
2921 1869 3046 1912 sunt
3093 1861 3159 1913 ad
3200 1877 3450 1917 occasum
3480 1863 3596 1931 ejus

360 1953 539 2007 δεισον
573 1955 796 2027 Κυρίου.
837 1955 1184 2027 Εὐφροσύνην
1217 1957 1310 2010 καὶ
1335 1957 1642 2028 ἀγαλλίαμα
1667 1960 1927 2031 εὑρήσου-

365 2061 450 2097 σιν
476 2047 534 2098 ἐν
552 2047 709 2117 αὐτῇ,
733 2047 1110 2118 ἐξομολόγησιν
1133 2048 1226 2100 καὶ
1255 2049 1436 2121 φωνὴν
1456 2049 1732 2113 αἰνέσεως.
1767 2069 1785 2102 ι
1841 2052 1928 2115 Ὦς

365 2139 429 2190 ἐν
467 2136 766 2206 παραθέσει
797 2137 852 2190 δὲ
890 2137 987 2207 τῆς
1035 2137 1200 2190 πάλαι
1238 2139 1466 2210 ἐχούσης
1497 2138 1587 2192 τὸν
1619 2139 1804 2210 ἄνδρα,
1836 2139 1930 2194 νῦν

363 2230 398 2297 ἡ
431 2229 488 2294 ἐξ
538 2227 704 2280 ἐθνῶν
774 2229 1062 2299 Ἐκκλησία
1123 2228 1284 2283 πάλιν
1345 2229 1547 2301 ἕρημος
1603 2229 1925 2302 ὠνομάσθη·

363 2317 554 2390 ὥσπερ
586 2314 677 2372 οὖν
715 2320 810 2373 καὶ
847 2321 1004 2385 αὐτὸς
1037 2324 1065 2376 6
1105 2324 1390 2395 προφήτης
1417 2323 1680 2389 θεσπίζει,
1731 2324 1922 2392 λέγων’

368 2428 391 2463 ι
419 2410 764 2482 Εὐφράνθητι
817 2414 1020 2484 στείρα,
1045 2415 1078 2484 ἡ
1110 2414 1169 2466 οὐ
1196 2414 1451 2469 τίκτουσα
1483 2432 1495 2445 ⁸
1517 2415 1678 2486 ῥῆξον
1701 2417 1790 2468 καὶ
1805 2415 1929 2487 βόηο

365 2518 478 2564 σον,
507 2503 542 2571 ἡ
572 2501 671 2554 οὐκ
692 2501 951 2556 ὠδίνουσα
967 2520 981 2534 ·
1009 2504 1089 2557 ὅτι
1105 2503 1274 2558 πολλὰ
1297 2504 1367 2558 τὰ
1393 2505 1557 2558 τέκνα
1576 2506 1674 2575 τῆς
1696 2507 1924 2577 ἐρήμου,

368 2590 567 2660 μᾶλλον
598 2589 631 2660 ἢ
663 2590 765 2662 τῆς
797 2591 1022 2664 ἐχούσης
1050 2593 1140 2646 τὸν
1181 2593 1368 2666 ἄνδρα.
1406 2612 1424 2645 ι
1465 2594 1562 2657 Τίς
1581 2594 1636 2647 δὲ
1662 2591 1729 2666 ἦν
1765 2598 1797 2666 ἠ
1838 2595 1928 2649 τὸν

363 2682 546 2754 ἀνδραο
583 2682 781 2753 ἔχουσα
824 2685 936 2738 ἀλλ’
987 2685 1020 2755 ἢ
1053 2687 1085 2756 ὴ
1126 2685 1189 2739 τὸ
1227 2684 1428 2757 βιϐλίον
1473 2685 1566 2740 τοῦ
1601 2686 1928 2742 ἀποστασίου

367 2775 707 2846 ποιησαμένη
725 2792 740 2841 ;

443 2884 464 2918 ε
509 2866 802 2920 ’Δκούσατέ
837 2885 956 2938 μου,
992 2868 1260 2923 ἀκούσατέ
1287 2887 1408 2941 μου,
1437 2869 1564 2933 λαός
1595 2885 1718 2942 μου,
1753 2874 1844 2928 καὶ
1879 2874 1927 2926 oi

370 2954 630 3024 βασιλεῖς,
652 2956 789 3028 πρὸς
813 2957 881 3028 μέ
905 2959 1248 3013 ἐνωτίσασθε.
1278 2979 1299 3012 ι
1325 2961 1470 3014 Ἔδει
1494 2961 1601 3033 γὰρ
1616 2963 1784 3036 καινῷ
1816 2963 1928 3035 λαῷ

363 3049 459 3102 καὶ
489 3045 549 3113 ἐξ
574 3047 740 3101 ἐθνῶν
768 3050 1099 3121 στησομένῳ,
1130 3052 1222 3105 καὶ
1268 3053 1429 3123 νόμον
1475 3053 1692 3127 δοθῆναι
1724 3057 1924 3130 καινόν.

377 3139 438 3192 ’0
474 3140 585 3210 γὰρ
615 3139 702 3194 διὰ
728 3141 971 3205 Μωσέως
1006 3141 1179 3208 δοθεὶς
1233 3143 1598 3216 ἀκατάλληλος
1632 3141 1699 3217 ἦν
1725 3149 1789 3218 τῇ
1820 3148 1927 3200 τῶν

365 3229 535 3282 ἐθνῶν
561 3231 824 3303 πολιτείᾳ,
871 3234 1046 3286 πᾶσαν
1081 3234 1431 3307 περιγράφων
1467 3235 1565 3308 τὴν
1611 3239 1926 3311 σωματικὴν

362 3320 663 3392 θρησκείαν
691 3325 769 3386 είς
800 3323 896 3376 ἕνα
933 3326 1093 3379 τόπον
1120 3329 1233 3390 τοῖς
1265 3327 1684 3402 Ἰεροσολύμοιςο
1738 3333 1926 3406 διόπερ

362 3412 675 3480 ἀναγκαίως
695 3415 1061 3486 αἰνιττόμενος
1083 3417 1182 3488 τὴν
1207 3419 1411 3490 Καινὴν
1435 3422 1730 3494 Διαθήκην,
1762 3425 1926 3477 καὶτὸ

362 3503 714 3571 εύαγγελικὸν
735 3508 993 3580 κήρυγμα
1019 3510 1234 3578 φάσκει,
1259 3529 1278 3563 t
1309 3512 1428 3566 Ὅτι
1458 3514 1618 3586 νόμος
1642 3518 1770 3588 παρ’
1793 3518 1926 3588 ἐμοῦ

359 3594 736 3664 ἐξελεύσεται,
793 3600 886 3652 καὶ
926 3601 959 3672 ἡ
1006 3601 1185 3672 κρίσις
1230 3619 1326 3674 μου
1369 3604 1449 3667 είς
1495 3605 1608 3676 φῶς
1653 3607 1849 3662 ἐθνῶν
1903 3627 1923 3661 ι

361 3686 526 3740 πάλιν
571 3688 801 3742 ἐνταῦθα
829 3691 943 3760 φῶς
981 3695 1092 3756 τοῖς
1140 3692 1347 3748 ἔθνεσιν
1383 3695 1823 3769 ὑπισχνούμενος,
1866 3700 1926 3753 οὑ

363 3777 476 3848 μὴν
502 3778 580 3848 τῷ
617 3780 846 3851 Ἰσραήλ.

443 3886 461 3918 ι
532 3869 766 3937 Ἐγγίζει
816 3873 953 3942 ταχὺ
1011 3874 1044 3945 ἡ
1115 3873 1427 3949 δικαιοσύνη
1482 3894 1622 3948 μου,
1679 3879 1772 3933 καὶ
1839 3879 1928 3948 ἐξ·

359 3959 661 4015 ελιύσεται.
681 3962 757 4026 ῶς
790 3962 904 4033 φῶς
933 3965 992 4017 τὸ
1025 3966 1295 4038 Σωτήριόν
1326 3987 1426 4038 μου
1455 3970 1548 4022 καὶ
1574 3971 1653 4035 είς
1681 3971 1770 4025 τὸν
1801 3972 1932 4045 βραὲ

360 4052 520 4123 κίονά
543 4071 644 4124 μου
669 4055 794 4124 ἔθνη
824 4056 1098 4112 ἐλπιοῦσιν
1116 4074 1129 4090 ο
1163 4061 1260 4130 ἐμὲ
1285 4062 1435 4132 νῆσοι
1459 4062 1806 4132 ὑπομενοῦσι,
1838 4065 1932 4117 καὶ

359 4144 445 4204 εἰς
479 4143 570 4195 τὸν
606 4143 862 4214 βραχίονά
897 4161 996 4215 μου
1023 4145 1285 4201 ὲλπιοῦσι.
1323 4167 1342 4199 ι
1367 4150 1620 4221 Δευτεροῖ
1650 4150 1740 4204 τὸν
1777 4150 1932 4220 λόγον

358 4236 444 4296 είς
478 4234 765 4304 βεϐαίωσιν
800 4235 899 4305 τῆς
929 4237 1286 4307 ἐπαγγελίαςο
1323 4239 1666 4312 δικαιοσύνης
1694 4240 1802 4312 γὰρ
1832 4260 1930 4295 πε-

356 4327 616 4398 πλήρωτο
647 4329 673 4400 ἡ
700 4330 830 4381 πᾶσι
865 4330 976 4393 τοῖς
1002 4329 1207 4384 ἔθνεσιν
1245 4331 1305 4396 ἐξ
1333 4331 1446 4386 ἴσου
1479 4333 1792 4407 δωρουμένη
1837 4335 1934 4404 χά-

361 4434 480 4488 ρις⁶
515 4417 670 4471 τοῦτο
707 4418 762 4472 δὲ
789 4415 856 4489 ἦν
891 4421 920 4472 6
947 4422 1180 4492 Χριστὸς
1206 4422 1298 4476 τοῦ
1334 4423 1490 4487 Θεοῦ,
1534 4425 1592 4478 ὃν
1627 4424 1802 4478 λαϐὼν
1836 4427 1935 4477 Συ-

2030 1951 2277 2011 :anqttam
2309 1945 2612 2012 paradisum
2650 1946 2881 2003 Domini.
2909 1949 3169 2005 Lzetitiam
3199 1963 3253 2005 et
3281 1956 3598 2010 exsultatio-

2027 2047 2147 2086 nem
2172 2033 2439 2108 inveniept
2470 2035 2520 2087 in
2549 2036 3040 2099 ea,confessionem
3067 2052 3121 2095 et
3152 2057 3334 2097 vocem
3367 2045 3590 2100 laudis.»

2026 2121 2190 2187 Quasi
2231 2123 2296 2175 ad
2336 2124 2623 2180 discrimen
2659 2127 2771 2194 ejus
2801 2143 2918 2197 qua:
2967 2129 3094 2184 olim
3142 2134 3312 2186 virum
3346 2133 3593 2200 habebat,

2026 2228 2168 2268 nunc
2203 2213 2438 2270 Ecclesia
2459 2231 2523 2270 ex
2560 2219 2806 2286 gentibus
2842 2220 3112 2275 desertum
3146 2224 3319 2278 denuo
3350 2237 3594 2289 vocatur,

2025 2307 2470 2374 quemadmodum
2498 2309 2638 2364 idem
2670 2312 2925 2380 propheta
2958 2315 3309 2372 vaticinatur:
3331 2337 3348 2369 ι
3369 2317 3595 2384 Laetare.

2027 2397 2242 2461 sterilis,
2267 2413 2388 2468 quae
2411 2413 2514 2452 non
2554 2401 2700 2469 paris
2733 2419 2746 2455 :
2783 2418 3003 2472 erumpe
3033 2415 3086 2460 et
3116 2406 3307 2473 clama,
3345 2425 3461 2479 quae
3489 2426 3595 2466 non

2029 2489 2283 2557 parturis,
2311 2489 2433 2558 quia
2486 2490 2636 2544 multi
2671 2492 2763 2546 lilii
2811 2493 3060 2561 desertae,
3096 2499 3266 2568 magis
3298 2514 3455 2568 quam
3481 2502 3598 2567 ejus

2028 2593 2145 2646 quae
2173 2579 2332 2634 habet
2362 2580 2556 2634 virum.
2579 2599 2598 2632 ι
2627 2581 2878 2646 Quaenam
2910 2595 3028 2638 erat
3057 2585 3140 2639 illa
3166 2603 3284 2656 qua:
3303 2589 3474 2642 virum
3501 2589 3601 2645 ha-

2029 2667 2205 2734 bebat,
2243 2669 2343 2724 nisi
2375 2684 2493 2739 quae
2530 2670 2770 2726 libellum
2802 2674 3008 2744 repudii
3033 2676 3248 2731 edidit?

2097 2846 2262 2902 Vsus.
2297 2847 2351 2901 4.
2379 2867 2397 2901 ι
2431 2849 2625 2905 Audite
2652 2866 2758 2917 me,
2801 2853 2980 2908 audite
3025 2870 3130 2919 me,
3173 2856 3363 2925 popule
3402 2857 3502 2924 mi,
3541 2865 3600 2916 et

2029 2935 2203 3007 reges,
2233 2937 2299 2993 ad
2327 2953 2410 2993 tne
2432 2943 2713 2997 attendite.
2751 2963 2769 2997 ι
2811 2942 2960 3000 Novo
2998 2947 3138 3000 enim
3188 2949 3404 3018 populo,
3435 2965 3498 3006 ac
3526 2965 3596 3006 ex

2027 3029 2277 3096 gentibus
2308 3033 2686 3090 constituendo
2726 3050 2918 3091 novam
2953 3039 3081 3093 dare
3107 3039 3277 3111 legem
3306 3032 3441 3110 o'pus
3459 3053 3596 3099 erat.

2028 3117 2160 3174 Nam
2183 3135 2300 3208 quae
2334 3137 2429 3189 per
2455 3122 2690 3194 Moysem
2718 3126 2838 3181 data
2872 3127 3066 3193 fuerat,
3091 3131 3326 3200 gentium
3357 3133 3600 3190 instituto

1953 3198 1994 3256 C
2028 3200 2386 3282 incongruens
2417 3225 2550 3280 erat,
2589 3225 2769 3286 utpote
2796 3233 2915 3288 quae
2942 3229 3106 3274 totutn
3133 3239 3449 3294 corporeum
3481 3227 3598 3281 cul-

2029 3313 2136 3358 tum
2151 3319 2256 3360 uno
2279 3304 2416 3370 loco,
2439 3309 2643 3362 scilicet
2665 3309 3066 3384 Hierosolymis,
3089 3317 3595 3375 circumscriberet:

2025 3404 2353 3465 quapropter
2402 3397 2606 3453 Novum
2666 3396 3064 3483 Testamentum
3111 3417 3167 3461 et
3232 3409 3596 3480 evangelieam

2025 3487 2458 3555 prmdicationem
2499 3490 2869 3553 subindicans,
2906 3495 3212 3549 necessario
3265 3497 3362 3562 ait,
3400 3516 3421 3548 ι
3461 3497 3597 3564 Quia

2026 3575 2111 3632 lex
2152 3592 2182 3630 a
2220 3592 2304 3632 me
2358 3582 2680 3649 egredietur,
2723 3593 2775 3638 et
2803 3585 3063 3655 judicium
3110 3601 3283 3639 meum
3330 3588 3382 3640 in
3415 3587 3592 3642 lucem

2027 3667 2296 3737 gentium;
2340 3687 2360 3720 ι
2392 3671 2477 3725 hic
2529 3688 2738 3728 rursum
2788 3675 2961 3731 lucem
3003 3678 3267 3747 gentibus,
3317 3694 3422 3734 non
3470 3696 3598 3738 vero

2027 3758 2206 3814 lsraeli
2242 3763 2583 3831 promittens.

2101 3853 2346 3910 “135.5.
2402 3874 2422 3907 ι
2469 3858 2880 3929 ApprOpinquat
2926 3860 3035 3916 cito
3077 3861 3288 3930 justitia
3337 3880 3452 3921 mea
3480 3906 3496 3932 ,
3544 3876 3600 3923 et

2029 3947 2332 4014 egredietur
2380 3951 2531 4016 quasi
2591 3950 2676 4004 lux
2714 3952 2960 4006 Salutare
3015 3969 3229 4020 meum,
3281 3965 3336 4010 et
3381 3959 3432 4010 in
3467 3959 3597 4013 bra-

2031 4039 2212 4091 chium
2254 4054 2431 4093 meum
2463 4051 2648 4108 gentes
2691 4045 2985 4113 sperabunt
3011 4059 3026 4098 :
3052 4059 3138 4100 me
3180 4047 3369 4102 insulas
3401 4063 3598 4120 exspe-

2031 4130 2290 4193 ctabuut,
2343 4141 2398 4186 et
2449 4131 2501 4184 in
2553 4133 2826 4188 brachium
2885 4151 3062 4190 meum
3111 4138 3424 4207 sperabunt.
3462 4157 3482 4190 ι
3517 4140 3598 4194 Ad

2032 4222 2406 4289 promissionis
2439 4223 2904 4282 conﬁrmationem
2947 4230 3212 4297 promissa
3243 4231 3401 4285 iterat
3429 4251 3442 4286 :
3474 4247 3596 4286 nam

2026 4313 2248 4382 justitize
2275 4315 2428 4384 plena
2468 4327 2585 4371 erat
2619 4319 2792 4387 gratia
2842 4321 3093 4376 omnibus
3127 4323 3376 4392 gentibus
3417 4339 3599 4392 aequa-

2035 4406 2157 4462 liter
2185 4409 2503 4476 distributa;
2554 4425 2613 4466 ea
2648 4412 3034 4468 erathristus
3082 4414 3211 4478 Dei,
3259 4431 3417 4484 quem
3451 4417 3594 4471 acci-
3692 4405 3700 4412 ’

360 4507 511 4579 μεὼν
538 4511 594 4563 ἐν
611 4509 874 4578 ἀγκάλαις
899 4511 1306 4583 ἀναγέγραπται
1327 4513 1562 4585 εἰρηκώς
1579 4555 1594 4580 ,
1619 4533 1636 4565 ι
1661 4514 1775 4569 Νῦν
1798 4516 1928 4568 ἀπο-

2037 4500 2186 4569 piens
2241 4502 2476 4572 Symeon
2526 4503 2580 4556 in
2641 4504 2795 4558 ulnas
2843 4519 3005 4571 suas,
3063 4505 3265 4561 dixisse
3315 4507 3594 4572 scribitur,

356 4602 511 4665 λύεις
543 4603 635 4655 τὸν
668 4601 851 4655 δοῦλόν
881 4618 995 4666 σου,
1023 4604 1286 4668 Δέσποτα,
1326 4605 1406 4658 ὅτι
1435 4601 1574 4660 εἶδον
1595 4607 1643 4660 οἱ
1666 4606 1928 4678 ὀφθαλμοί

359 4709 466 4764 μου
488 4692 549 4745 τδ
571 4693 842 4765 Σαπήριόν
869 4711 983 4758 σου,
1023 4713 1042 4745 ι
1079 4695 1171 4748 καὶ
1194 4695 1263 4749 τὰ
1297 4695 1442 4768 ἐξῆς.

437 4801 457 4834 t
490 4783 690 4852 ’Δρατε
717 4787 796 4845 εἰς
819 4784 910 4837 τὸν
945 4785 1170 4857 οὐρανὸν
1221 4786 1346 4849 τοὺς
1399 4784 1706 4857 ὀφθαλμοὺς
1754 4787 1928 4857 ὑμῶν,

353 4876 455 4929 καὶ
488 4875 792 4944 ἐμϐλέψατε
823 4877 904 4939 είς
922 4876 1019 4947 τὴν
1049 4877 1151 4947 γῆν
1182 4877 1362 4930 κάτω·
1398 4877 1476 4931 ὅτι
1514 4879 1542 4930 6
1582 4878 1808 4950 οὐρανὸς
1854 4879 1930 4944 ὼς

353 4968 566 5031 καπνὸς
595 4967 917 5039 ἐστερεώθη,
946 4970 978 5038 ἡ
1006 4967 1063 5021 δὲ
1090 4969 1159 5041 γῆ
1190 4969 1264 5032 ῶς
1302 4968 1514 5040 ἱμάτιον
1551 4969 1926 5041 παλαιωθήσε-

353 5076 480 5112 ται·
516 5060 565 5111 οἱ
591 5059 646 5112 δὲ
681 5060 1058 5123 κατοικοῦντες
1082 5061 1269 5132 ὥσπερ
1292 5060 1463 5115 ταῦτα
1503 5061 1926 5116 ἀποθανοῦνται·

354 5146 420 5200 τὸ
449 5147 506 5200 δέ
548 5148 818 5219 Σωτήριὸν
865 5167 965 5220 μου
1007 5151 1086 5214 εἰς
1137 5151 1227 5206 τὸν
1273 5151 1444 5206 αἰῶνα
1479 5152 1661 5207 ἔσται’
1709 5155 1743 5224 ἡ
1778 5154 1832 5209 δέ
1859 5155 1936 5208 δι-

356 5236 616 5307 καιοσύνη
644 5255 744 5308 μου
769 5239 831 5294 οὐ
864 5239 936 5310 μὴ
964 5238 1183 5312 ἐκλείψῃ
1205 5257 1218 5271 ·
1263 5259 1281 5293 ι
1324 5241 1433 5312 τὴν·
1457 5241 1684 5314 θεότητα
1712 5243 1806 5296 τοῦ
1833 5245 1936 5298 Λό-

355 5345 455 5396 γου
497 5331 868 5401 σημαινούσης
895 5333 994 5400 τῆς
1032 5334 1398 5405 προφητείας·
1429 5335 1504 5398 ὡς
1545 5335 1652 5408 γὰρ
1691 5337 1792 5407 τὴν
1842 5338 1935 5391 ἀν-

357 5418 684 5491 θρωπότητα
712 5421 901 5491 ἐδήλου
925 5423 1010 5476 διὰ
1025 5424 1117 5476 τοῦ
1146 5445 1163 5475 ι
1198 5426 1492 5497 Σωτηρίου,
1508 5447 1525 5479 ι
1547 5428 1689 5484 οῦτω
1717 5433 1812 5485 καὶ
1835 5432 1933 5504 τὴν

357 5513 586 5583 θεότητα
614 5514 802 5568 τοῦτον
838 5515 1057 5587 ᾐνίξατο
1089 5517 1179 5572 τὸν
1204 5519 1420 5589 τρόπον.

434 5623 454 5656 ι
496 5604 789 5660 ’Δκούσατέ
814 5623 935 5677 μου,
965 5608 1012 5659 οἱ
1038 5607 1238 5672 εἰδότες
1265 5611 1465 5682 κρίσιν,
1496 5612 1642 5680 λαὸς,
1677 5606 1738 5669 οὗ
1770 5615 1929 5687 νόμος

429 5788 472 5820 ⁸¹
502 5785 521 5841 l
564 5784 689 5842 Cor.
733 5802 787 5850 ι,
824 5787 876 5842 4.
954 5787 998 5822 9⁸
1026 5753 1156 5844 Luc.
1191 5807 1249 5858 tt,
1279 5792 1368 5847 29.

2039 4611 2059 4645 ι
2101 4594 2254 4649 Nunc
2283 4596 2509 4652 dimittis
2533 4612 2746 4651 servum
2779 4607 2923 4651 tuum
2948 4637 2965 4661 ,
2999 4599 3221 4653 Domine
3247 4638 3263 4664 ,
3295 4600 3418 4668 quia
3445 4600 3593 4654 vide.

2037 4696 2161 4739 runt
2197 4688 2335 4741 oculi
2370 4690 2472 4744 mei
2503 4689 2749 4744 Salutare
2775 4698 2923 4744 tuum
2949 4692 3016 4758 ⁸⁸,
3053 4709 3071 4742 ι
3111 4701 3166 4746 et
3191 4703 3403 4746 caetera.

2109 4776 2274 4833 Vens.
2305 4779 2358 4834 6.
2416 4799 2435 4832 ‹
2491 4781 2714 4837 Elevate
2745 4783 2798 4836 in
2828 4782 3023 4838 caelum
3059 4783 3241 4839 oculos
3267 4794 3480 4838 vestros
3508 4826 3524 4851 ,
3549 4797 3597 4840 et

2039 4872 2292 4942 reSpicite
2318 4873 2369 4927 in
2401 4883 2598 4929 terram
2628 4875 2882 4930 deorsum
2916 4893 2930 4940 ;
2963 4877 3210 4944 quoniam
3243 4877 3439 4931 caelum
3479 4887 3601 4932 tan-

2032 4979 2190 5032 quam
2219 4963 2398 5021 futnus
2425 4966 2692 5021 ﬁrmatum
2721 4975 2837 5031 est,
2877 4977 3016 5022 terra
3055 4977 3230 5021 autem
3267 4968 3408 5021 sicut
3439 4969 3600 5022 vcsti-

2037 5067 2275 5111 Inentum
2305 5068 2643 5114 veterascet:
2677 5059 2766 5128 qui
2797 5070 2974 5113 autem
3021 5058 3322 5112 inhabitant
3344 5073 3460 5112 eam
3493 5061 3597 5113 sie-

2041 5158 2099 5202 ut
2129 5150 2230 5204 ista
2263 5151 2560 5206 morientur
2597 5165 2612 5203 :
2647 5150 2894 5205 Salutare
2938 5165 3065 5205 vero
3110 5164 3285 5204 meum
3329 5151 3382 5204 in
3427 5165 3600 5205 saecu-

2043 5239 2150 5294 lum
2177 5242 2308 5308 erit;
2358 5241 2566 5311 justitia
2601 5253 2779 5298 autem
2811 5257 2928 5297 mea
2972 5259 3075 5297 non
3105 5243 3333 5298 deﬁciet.
3369 5262 3387 5294 ι
3419 5243 3598 5298 Deita-

2045 5342 2150 5389 lem
2197 5334 2359 5390 Verbi
2400 5335 2670 5406 significat
2717 5337 2998 5406 prophetia
3053 5354 3067 5390 :
3123 5339 3266 5390 sicut
3317 5337 3460 5390 enim
3501 5351 3598 5406 per

2037 5425 2206 5492 illud,
2247 5444 2266 5478 ι
2305 5427 2592 5492 Salutare,
2657 5447 2676 5481 ι
2727 5429 3113 5484 humanitatem
3168 5431 3470 5496 indicabat;
3517 5432 3597 5488 sic

2039 5517 2145 5574 iSto
2177 5519 2332 5574 modo
2354 5519 2607 5574 deitatem
2645 5521 2952 5578 adumbrat.

2057 5621 2066 5624 ·
2113 5612 2270 5670 Vens.
2297 5613 2348 5668 7.
2373 5632 2392 5666 ι
2429 5611 2620 5671 Audite
2650 5614 2865 5687 me,qui
2893 5615 3046 5673 scitis
3066 5613 3346 5686 judicium,
3379 5616 3596 5689 popule,
