4130 6400
638 317 676 372 4
686 313 747 370 Π

1311 313 1578 370 EUSEBII
1613 313 2092 373 CESARIENSIS
2126 314 2275 373 OPP.
2313 312 2494 370 PARS
2531 312 2619 371 ιιι.
2655 343 2726 356 --
2762 313 3172 374 EXEGETICA.

3753 323 3862 378 ηε

639 437 795 506 cujus
823 435 907 489 lex
937 448 1054 489 mea
1084 433 1138 488 in
1169 431 1332 489 corde
1361 442 1559 491 vestro.
1592 452 1611 486 ι
1649 433 1874 489 Videbat
1896 433 2039 488 e'uim
2062 449 2155 490 eos

2264 471 2270 493 ,
2302 447 2402 501 μου
2421 431 2478 484 ἐν
2501 433 2568 501 τῇ
2593 429 2786 502 καρδίᾳ
2811 431 2982 502 ὑμῶν.
3017 449 3036 485 ι
3073 431 3249 504 Έώρα
3280 433 3410 505 γὰρ,
3439 434 3519 488 δτι
3542 436 3591 488 oi
3617 435 3853 504 θέλοντας

637 528 731 596 qui
763 528 848 594 pie
893 526 1072 580 virere
1101 523 1368 580 voluerint
1413 526 1464 579 in
1497 526 1713 582 Christo
1737 568 1753 592 ,
1780 529 2195 598 persecutionem

636 635 918 690 passuros,
945 618 1296 674 contumeliis
1330 617 1656 684 alliciendos,
1687 636 1750 676 ac
1782 621 2109 690 contemptui
2131 621 2198 676 ab

637 714 949 767 hominibus
995 711 1274 768 habendos
1302 725 1455 778 esse;
1510 713 1745 778 itemque
1787 713 1961 768 omnis
1985 713 2196 782 generis

635 805 954 858 vexationes
995 803 1424 874 tentationesque
1451 819 1802 874 perpessuros
1833 821 1970 861 esse.
2000 805 2198 872 Quam-

631 899 821 950 obrem
849 935 867 962 ,
922 906 981 950 ut
1028 897 1171 966 ipsos
1205 896 1410 949 muniat
1435 905 1491 950 et
1526 896 1719 956 firmet.
1765 897 1877 966 jam
1911 897 2032 952 hinc
2062 911 2197 966 prte-

628 987 809 1053 cipit,
863 1005 882 1039 ι
943 986 1022 1042 Ne
1079 987 1312 1042 timeatis
1371 987 1714 1057 opprobrium
1769 989 2089 1056 hominum,
2141 1000 2196 1046 et

629 1090 952 1150 eontemptu
998 1096 1190 1136 eorum
1245 1095 1315 1135 ne
1360 1079 1673 1135 \‘incantiui.
1730 1098 1750 1132 ›
1811 1079 2059 1147 Etenim,
2109 1083 2193 1137 in-

627 1173 778 1242 quit,
813 1172 971 1228 liuem
1011 1187 1107 1229 eos
1155 1181 1499 1242 excepturum
1527 1173 1919 1229 consideratam
1959 1182 2189 1244 oportet.

705 1358 868 1413 Vens.
895 1359 949 1425 8,
980 1358 1035 1414 9.
1073 1375 1093 1411 ι
1127 1358 1261 1422 Nam
1297 1359 1440 1414 sicut
1470 1359 1865 1427 vestimentum,
1895 1374 1925 1414 a
1953 1369 2192 1432 tempore

628 1459 1006 1514 consumetur,
1034 1459 1087 1504 et
1123 1452 1264 1506 sicut
1306 1451 1449 1519 lana,
1493 1453 1800 1509 comedetur
1825 1468 1854 1507 a
1885 1454 2022 1508 tinea
2059 1454 2190 1525 :ju-

2298 521 2534 586 εύσεϐῶς
2561 523 2658 593 ζῇν
2689 525 2746 575 ὲν
2773 523 2994 596 Χριστῷ
3033 524 3416 596 διωχθήσονται
3455 529 3548 581 καὶ
3571 529 3852 603 ὁνειδισθή-

2298 630 2499 676 σονται,
2522 614 2616 666 καὶ
2631 613 3081 686 φαυλισθήσονται
3103 616 3210 670 ὑπὸ
3239 617 3557 690 ἀνθρώπων,
3588 620 3851 694 διωγμούς

2294 722 2354 758 τε
2379 706 2661 770 παντοίους
2691 707 2784 760 καὶ
2826 709 3161 779 πειρασμοὺς
3194 710 3538 782 ὑπομενοῦσι.
3574 714 3664 768 Διὸ
3702 732 3850 786 περι-

2297 799 2548 870 φράττων
2610 800 2803 864 αὐτοὺς
2873 801 3119 855 ἐντεῦθεν
3184 803 3282 875 ήδη
3349 805 3712 876 παραγγέλλει
3768 808 3851 862 λέ-

2293 905 2425 959 γων’
2468 909 2487 942 ι
2531 891 2619 962 Μὴ
2669 891 2915 960 φοϐεῖσθε
2958 893 3253 965 ὀνειδισμὸν
3298 896 3615 969 ἀνθρώπων,
3654 899 3745 953 καὶ
3775 901 3852 972 τῷ

2293 981 2581 1053 φαυλισμῷ
2627 983 2805 1036 αὐτῶν
2851 983 2924 1055 μὴ
2954 986 3205 1055 ἡττᾶσθε.
3248 1005 3267 1039 ι
3297 988 3416 1058 Χρὴ
3459 987 3568 1061 γὰρ
3625 991 3852 1064 ἀφορᾷν,

2293 1071 2446 1144 φησὶ,
2480 1073 2572 1127 ἐπὶ
2601 1074 2660 1128 τὸ
2680 1074 3046 1148 διαδεξόμενον
3079 1078 3272 1142 αὐτοὺς
3302 1079 3470 1144 τέλος.

2365 1388 2385 1424 ι
2435 1370 2523 1434 Ὦς
2559 1373 2691 1446 γὰρ.
2718 1371 2928 1443 ῑμάτιον
2976 1370 3310 1444 βρωθησεται
3348 1373 3452 1426 ὑπὸ
3499 1375 3725 1446 χρόνου,
3757 1380 3849 1433 καὶ

2289 1459 2366 1525 ὡς
2412 1461 2535 1534 ἔρια
2598 1463 2933 1534 βρωθήσεται
2981 1464 3084 1516 ὑπὸ
3129 1464 3306 1534 σητόςο
3355 1467 3390 1536 ή
3437 1465 3492 1520 δὲ
3539 1467 3844 1541 δικαιοσύνη

631 1543 780 1597 ειίιίιι
809 1553 988 1598 autem
1033 1558 1150 1598 mea
1185 1544 1236 1597 in
1288 1545 1538 1599 szeculum
1575 1548 1678 1600 erit
1724 1565 1740 1602 :
1788 1547 2036 1602 Salutare
2061 1564 2165 1604 vert

2291 1569 2393 1624 μου
2422 1556 2501 1617 είς
2526 1554 2616 1607 τὸν
2677 1554 2846 1609 αἰῶνα
2878 1555 3049 1609 ἔσται·
3087 1555 3148 1608 τὸ
3207 1555 3263 1608 δὲ
3316 1557 3585 1629 Σωτήριόν
3639 1576 3740 1630 μου
3769 1563 3849 1624 είς

627 1648 809 1689 meum
843 1636 895 1688 in
925 1636 1303 1706 generationes
1335 1639 1760 1707 generationum.
1792 1639 2063 1708 Exsurge,
2089 1657 2165 1699 ext

2286 1643 2478 1712 γενεάς
2542 1645 2764 1713 γενεῶν.
2823 1645 3157 1720 Ἐξεγείρου,
3215 1645 3506 1718 ὲξεγείρου,
3585 1651 3852 1721 Ἰερουσαα

623 1741 788 1800 surge
814 1769 828 1791 ,
857 1727 1157 1784 Jerusalem
1186 1770 1200 1791 ,
1232 1739 1288 1784 et
1316 1731 1541 1788 induere
1575 1733 1942 1790 fortitudinem
1976 1737 2161 1792 brachi

2285 1733 2415 1806 λὴμ.
2439 1737 2530 1789 καὶ
2549 1736 2761 1790 ἔνδυσαι
2789 1736 2887 1808 τὴν
2930 1739 3079 1808 ἰσχὺν
3109 1739 3203 1792 τοῦ
3260 1739 3538 1810 βραχίονός
3570 1757 3684 1796 σου.
3735 1743 3847 1808 Ἑξ-

628 1820 727 1876 tui.
755 1821 999 1892 Exsurge
1045 1823 1186 1877 sicut
1211 1823 1263 1877 in
1297 1824 1562 1895 principio
1586 1827 1714 1893 diei,
1742 1829 1883 1884 sicut
1909 1831 2165 1899 generatit

2287 1827 2504 1899 εγείρου
2521 1828 2596 1891 ὼς
2624 1831 2683 1882 ὲν
2723 1829 2862 1900 ἀρχῇ
2905 1828 3137 1902 ἡμέρας,
3172 1830 3248 1893 ὡς
3289 1832 3449 1899 γενεὰ
3486 1831 3695 1896 αἰῶνος.
3722 1852 3740 1886 ι
3779 1835 3844 1887 Ἦ

623 1913 828 1967 steculi.
866 1932 885 1966 ι
920 1914 1035 1969 lloc
1063 1916 1527 1984 additamentum,
1563 1937 1582 1971 ι
1615 1919 1913 1990 Jerusalem
1940 1963 1955 1987 ,
1995 1942 2015 1977 ι
2047 1933 2104 1978 ttt
2131 1926 2165 1980 it

2288 1917 2594 1988 προσθήκη,
2630 1935 2648 1970 ι
2693 1919 3064 1990 Ἰερουσαλὴμ,
3101 1937 3120 1971 ι
3153 1919 3228 1983 ὼς
3260 1921 3316 1973 ἐν
3345 1924 3409 1992 τῇ
3445 1922 3699 1995 Ἐϐραῖκῇ
3717 1925 3845 1979 ἀνα-

623 2003 888 2061 llebraica
931 2005 1161 2062 lectione
1209 2008 1406 2072 fertur.
1455 2010 1508 2067 iu
1543 2015 1768 2083 reliquis
1791 2016 2165 2086 interpretibus

2283 2009 2498 2077 γνώσει,
2532 2009 2656 2064 οὔτε
2705 2011 2764 2064 ἐν
2799 2014 2912 2075 τοῖς
2953 2011 3157 2077 λοιποῖς
3204 2015 3561 2086 ὲρμηνευταῖς
3597 2015 3840 2086 φέρεται,

623 2112 732 2152 non
773 2110 1081 2170 comparet;
1117 2103 1212 2157 sed
1235 2117 1423 2158 omnes
1451 2106 1528 2160 sic
1555 2107 1838 2162 ediderunt
1870 2127 1884 2162 :
1922 2127 1942 2161 ι
1978 2111 2184 2166 Exsur-

621 2204 709 2259 ge,
743 2205 994 2261 exsurge,
1020 2193 1244 2250 induere
1275 2195 1662 2261 fortitudinem,
1689 2199 1968 2255 brachium
2001 2203 2182 2257 Domi-

622 2282 701 2336 ni.
737 2302 756 2335 ι
794 2284 1099 2340 Secundum
1131 2301 1320 2342 omnes
1348 2289 1513 2359 igitur
1537 2305 1642 2344 non
1669 2287 1968 2347 Jerusalem
2001 2308 2181 2350 sermo

605 2375 944 2443 compellat,
977 2378 1071 2431 sed
1100 2379 1382 2434 brachium
1415 2381 1660 2448 Domini;
1691 2385 1817 2440 hinc
1846 2399 2180 2456 consequen-

611 2471 699 2520 ter
725 2481 822 2536 par
848 2478 930 2523 est
963 2477 1021 2523 ut
1048 2470 1211 2525 etiam
1243 2485 1341 2526 nos
1372 2474 1437 2527 ad
1474 2472 1754 2529 brachium
1795 2476 2047 2542 Domini,
2100 2477 2180 2544 ip-

615 2557 730 2612 sius
782 2557 991 2616 Domini
1048 2562 1522 2631 compellationem
1571 2565 1914 2631 referamus,
1954 2569 2020 2623 de
2071 2584 2179 2637 quo

613 2651 866 2719 superius
888 2645 1099 2708 dictum
1136 2664 1220 2710 est
1243 2695 1260 2723 ,
1297 2673 1316 2709 ι
1349 2656 1412 2711 Et
1443 2657 1496 2712 in
1528 2658 1807 2715 brachium
1839 2676 2020 2716 meum
2047 2676 2178 2732 gen-

617 2749 699 2796 tes
718 2744 1028 2812 sperabunt.
1070 2765 1088 2798 ι

681 2855 848 2915 Vens.
883 2860 949 2914 10
974 2903 989 2926 ,
1019 2862 1104 2916 ll.
1144 2882 1163 2916 ι
1204 2864 1392 2920 Nonne
1422 2873 1477 2918 tu
1505 2880 1564 2921 es
1589 2907 1605 2932 ,
1638 2881 1758 2937 qua:
1792 2866 2061 2923 desertum
2098 2868 2176 2924 fe-

607 2947 732 3003 cisti
768 2966 938 3016 mare,
972 2969 1140 3023 aquas
1175 2957 1355 3029 abyssi
1384 2958 1624 3014 multas?
1650 2975 1770 3030 qua:
1808 2962 2030 3030 posuisti
2053 2978 2174 3032 pro-

608 3038 831 3098 fundum
867 3047 1032 3102 maris
1062 3047 1201 3102 viam
1235 3051 1499 3106 transitus
1529 3053 1614 3118 iis,
1637 3053 1728 3123 qui
1761 3053 1969 3108 liberati
1999 3067 2053 3110 et
2082 3071 2167 3111 re-

2283 2099 2416 2154 ἀλλά
2448 2100 2645 2166 πάντες
2670 2101 2842 2166 οὕτως
2865 2102 3160 2168 ἐξέδωκανο
3195 2122 3213 2157 ι
3266 2104 3592 2177 Ἐξεγείρου,
3624 2106 3843 2174 ἐξεγεί-

2284 2212 2398 2267 ρου,
2424 2195 2632 2250 ἔνδυσαι
2660 2198 2877 2268 κράτος,
2918 2197 3153 2270 βραχίων
3193 2200 3418 2269 Κυρίου.
3458 2218 3477 2252 ι
3513 2200 3669 2254 Κατά
3703 2202 3839 2255 πάν-ο

2280 2303 2379 2349 τας
2405 2287 2582 2341 τοίνυν
2622 2288 2683 2341 οὐ
2725 2291 2790 2359 τῇ
2846 2289 3198 2362 Ἰερουσαλὴμ
3245 2289 3274 2341 ὁ
3318 2291 3474 2361 λόγος
3510 2295 3838 2365 προσφωνεῖ,

2279 2375 2413 2431 ἀλλά
2445 2376 2521 2447 τῷ
2559 2376 2799 2448 βραχίονι
2845 2380 3070 2452 Κυρίου·
3125 2383 3410 2438 ἀκόλουθον
3448 2382 3494 2438 δ’
3536 2384 3602 2438 ἂν
3629 2387 3712 2456 εἴη
3747 2388 3839 2441 καὶ

2278 2469 2423 2541 ἡμᾶς
2473 2471 2552 2532 είς
2596 2470 2687 2523 τὸν
2744 2470 3001 2542 βραχίονα
3066 2475 3270 2546 Κυρίου
3322 2477 3421 2549 τὴν
3471 2477 3563 2531 τοῦ
3631 2480 3836 2551 Κυρίου

2277 2558 2658 2632 προσφώνησιν
2686 2562 2992 2634 ἀναφέρειν,
3035 2566 3160 2636 περὶ
3202 2561 3262 2620 οὗ
3305 2567 3558 2640 ἀνωτέρω
3583 2568 3793 2642 εἴρηται
3814 2612 3832 2638 ,

2282 2668 2303 2703 ι
2335 2651 2444 2704 Καὶ
2471 2651 2564 2704 ἐπὶ
2589 2652 2679 2708 τὸν
2709 2652 2965 2726 βραχίονά
2997 2671 3098 2726 μου
3119 2655 3243 2728 ἔθνη
3273 2657 3566 2715 ἐλπιοῦσιν.
3600 2680 3619 2715 ι

2349 2889 2368 2924 ι
2403 2871 2478 2926 Οὐ
2511 2873 2574 2928 σὺ
2605 2869 2706 2947 εἷή
2740 2875 3018 2948 ἐρημοῦσα
3062 2875 3352 2944 θάλασσαν,
3397 2879 3541 2953 ὕδωρ
3591 2879 3828 2938 ἀϐύσσου

2271 2963 2503 3034 πλῆθος
2524 2966 2556 3037 ή
2579 2965 2730 3020 θεῖσα
2747 2968 2815 3021 τά
2838 2967 2974 3038 βάθη
2994 2969 3092 3040 τῆς
3111 2969 3382 3042 θαλάσσης
3403 2972 3516 3025 ὁδὸν
3533 2973 3832 3039 διαϐάσεως

2274 3055 2554 3126 ρυομένοις
2605 3058 2698 3111 καὶ
2750 3058 3207 3133 λελυτρωμένοις;
3278 3062 3413 3117 Ὑπὸ
3456 3063 3562 3136 γὰρ
3619 3067 3826 3137 Κυρίου

609 3131 805 3204 dempti
855 3136 1119 3195 fuerunt?
1161 3142 1207 3197 Α
1254 3143 1481 3199 Domino
1525 3117 1671 3200 enim
1715 3147 2060 3212 reducantur,
2115 3159 2165 3204 et

2270 3147 2797 3222 ἀποστραφήσονται,
2832 3153 2925 3207 καὶ
2945 3153 3163 3223 ἥξουσιν
3189 3156 3267 3218 είς
3305 3154 3440 3210 Σιὼν
3481 3156 3594 3227 μετ’
3632 3159 3832 3230 εὐφρο-

605 3227 823 3282 venient
850 3229 902 3283 in
940 3231 1069 3287 Sion
1099 3249 1220 3288 cum
1253 3235 1435 3290 lzetitia
1463 3245 1518 3292 et
1558 3237 1924 3295 exsultatione
1967 3241 2165 3310 sempi-

2269 3238 2432 3310 σύνης
2464 3241 2556 3295 καὶ
2582 3242 2987 3314 ἀγαλλιάματος
3009 3246 3244 3299 αἰωνίου.
3300 3246 3420 3300 Ἐπὶ
3455 3247 3690 3319 κεφαλῆς
3717 3227 3831 3322 γὰρ

603 3325 779 3374 terna.
812 3321 866 3376 In
893 3325 1071 3394 capite
1096 3328 1237 3381 enim
1265 3343 1450 3384 eorum
1488 3329 1606 3386 laus
1631 3369 1646 3394 ,
1682 3341 1736 3385 et
1762 3331 1942 3386 laetitia
1971 3349 2164 3404 appre-

2265 3330 2444 3383 αὐτῶν
2475 3333 2696 3396 αἵνεσις,
2732 3335 2826 3386 καὶ
2851 3333 3152 3405 εὐφροσύνη
3192 3334 3555 3408 καταλήψεται
3593 3337 3823 3401 αὐτούς·

603 3407 806 3466 hendet
838 3428 932 3469 eos
975 3433 990 3471 :
1034 3416 1168 3488 fugit
1204 3421 1358 3473 dolor
1385 3430 1439 3476 et
1471 3435 1692 3488 mceror,
1724 3432 1778 3478 et
1816 3425 2046 3495 gemitus
2082 3447 2094 3481 :
2139 3447 2158 3482 ι

2266 3422 2476 3494 ἀπέδρα
2515 3423 2672 3494 ὀδύνη
2721 3425 2815 3478 καὶ
2840 3424 3004 3496 λύπη,
3033 3427 3124 3480 καὶ
3164 3407 3525 3498 στεναγμός»
3560 3430 3645 3482 ὅτε
3691 3430 3824 3492 καὶ,

600 3506 821 3572 quando
862 3509 1006 3564 omni
1049 3513 1243 3568 timore
1272 3514 1504 3583 exempti
1533 3554 1550 3580 ,
1589 3530 1695 3569 non
1730 3516 1869 3570 ultra
1916 3517 2165 3577 inimicos

2266 3514 2464 3575 παντὸς
2510 3513 2676 3583 φόϐου
2721 3515 2876 3580 ἐκτὸς
2935 3517 3247 3589 γενόμενοι,
3300 3519 3480 3572 οὐκέτι
3533 3519 3828 3591 πολεμίους

605 3605 664 3650 et
696 3599 1041 3658 adversarios
1063 3604 1508 3662 reformidabunt.

666 3711 832 3768 Vsus.
861 3714 948 3769 19..
976 3715 1108 3771 Nam
1146 3737 1166 3770 ι
1204 3733 1269 3774 ex
1303 3720 1506 3776 caelesti
1534 3721 1661 3776 Sion
1694 3723 1955 3780 abscessit
1987 3726 2159 3795 dolor,

593 3817 799 3858 maeror
845 3816 901 3860 et
938 3809 1189 3877 gemitus.
1220 3811 1331 3878 Ego
1365 3828 1505 3881 sum,
1539 3829 1638 3884 ego
1663 3831 1801 3880 sum,
1842 3818 1932 3886 qui
1967 3832 2163 3875 conso-

595 3893 676 3949 lor
734 3905 804 3953 te.
860 3898 1013 3954 Scito
1059 3916 1180 3969 qua:
1235 3902 1443 3972 fueris,
1488 3916 1545 3960 et
1574 3907 1821 3962 timueris
1848 3909 1913 3963 ab
1942 3909 2160 3966 homine

595 3987 834 4050 mortali,
859 3999 915 4043 et
941 4005 972 4044 a
1008 3991 1120 4046 lilio
1151 3993 1404 4060 hominis,
1434 3997 1522 4066 qui
1544 3999 1703 4073 quasi
1732 3999 1912 4055 fenum
1936 4004 2156 4071 arefacti

594 4086 745 4134 sunt.
781 4097 800 4131 ι
832 4079 950 4149 Ipse
976 4099 1207 4154 namque
1237 4096 1321 4142 est
1348 4090 1656 4157 propitiatio
1686 4101 1893 4158 nostra,
1922 4097 2011 4164 qui
2036 4111 2160 4150 con-

596 4168 809 4225 solatur
853 4173 1100 4232 humiles.
1153 4178 1230 4233 'Iu
1263 4180 1408 4234 enim
1457 4180 1524 4234 ad
1580 4182 1870 4251 imaginem
1904 4200 2079 4238 meam
2123 4201 2153 4239 a

593 4277 684 4318 me
708 4264 869 4328 facta,
904 4273 1138 4324 maximo
1169 4272 1364 4326 donata
1397 4287 1456 4328 es
1488 4273 1714 4339 honore,
1745 4276 1885 4334 quod
1918 4291 2001 4330 me
2029 4291 2156 4330 con-

589 4353 883 4412 solatorem
914 4361 1140 4418 haberes
1177 4379 1554 4436 :quapropter
1582 4369 1726 4435 dico,
1784 4388 1804 4422 ι
1855 4368 1968 4439 Ego
2007 4387 2146 4436 sum,

2261 3605 2381 3658 οὐδὲ
2411 3605 2632 3678 ἐχθροὺς
2660 3605 2999 3678 φοϐήσονται.

2335 3755 2356 3790 ι
2400 3739 2490 3792 Ἐν
2527 3757 2546 3792 r
2579 3737 2687 3810 γὰρ
2723 3758 2743 3792 ι
2774 3742 2840 3812 τῇ
2885 3741 3188 3814 ἐπουρανίῳ
3230 3743 3366 3798 Σιὼν
3415 3746 3623 3818 ἀπέδρα
3657 3746 3823 3819 ὀδύνη

2259 3830 2355 3883 καὶ
2389 3829 2554 3902 λύπη,
2607 3834 2700 3885 καὶ
2759 3835 3072 3904 στεναγμός.
3132 3836 3270 3906 Ἔγὼ
3311 3839 3447 3908 είμι,
3484 3839 3592 3907 ἐγώ
3621 3841 3755 3911 είμι,
3792 3844 3824 3895 6

2257 3921 2588 3992 παρακαλῶν
2627 3939 2706 3976 σε.
2741 3923 2911 3978 Γνῶθι
2959 3927 3044 3990 τίς
3083 3923 3236 3992 οὖσα,
3278 3929 3545 4002 ἐφοϐήθης
3583 3932 3690 3986 ἀπὸ
3721 3935 3824 3986 ἀν-

2257 4009 2475 4082 θρώπου
2523 4011 2739 4083 θνητοῦ,
2790 4015 2886 4069 καὶ
2932 4016 3042 4070 ἀπὸ
3085 4019 3200 4072 υἱοῦ
3253 4019 3559 4092 ἀνθρώπου,
3604 4024 3652 4077 οἶ
3683 4025 3822 4079 ὡσεί

2255 4102 2445 4174 χόρτος
2475 4103 2866 4175 έξηράνθησαν.
2907 4125 2925 4157 ι
2965 4107 3136 4172 Αὐτὸς
3183 4109 3289 4180 γάρ
3331 4112 3478 4165 ἐστιν
3523 4115 3551 4167 ὁ
3595 4115 3822 4186 ίλασμὸς

2253 4193 2430 4263 ἡμῶν,
2459 4195 2552 4249 καὶ
2573 4198 2603 4249 ὁ
2629 4198 2957 4268 παρακαλῶν
2981 4203 3107 4265 τοὺς
3128 4202 3429 4268 ταπεινούς.
3463 4205 3535 4259 Σὺ
3579 4205 3676 4277 μὲν
3707 4208 3822 4280 γὰρ

2253 4285 2372 4339 κατ’
2395 4287 2576 4340 εἰκόνα
2604 4289 2864 4360 γενομένη
2907 4294 3035 4362 παρ’
3075 4293 3230 4363 ἐμοῦ,
3285 4295 3546 4368 μεγίστης
3583 4298 3821 4367 ἠξίωσαι

2250 4378 2438 4448 τιμῆς,
2461 4379 2536 4442 ὡς
2563 4381 2992 4452 παρακαλεῖσθαι
3026 4385 3117 4438 ὑπ’
3151 4386 3304 4456 ὲμοῦο
3331 4386 3410 4440 διό
3433 4406 3594 4460 φημι,
3617 4408 3634 4442 ι
3673 4391 3820 4459 Ἐγὼ

587 4449 682 4516 qui
707 4451 958 4508 consolor
988 4463 1091 4509 te.»
1124 4454 1315 4526 lgtioro
1349 4468 1527 4514 autem
1558 4476 1665 4531 quo
1699 4472 1885 4530 pacto,
1919 4463 2147 4534 dignita-

2264 4468 2364 4538 είμι
2394 4470 2423 4522 ὁ
2451 4449 2780 4540 παρακαλῶν
2813 4491 2890 4526 σε.
2936 4493 2955 4525 ι
2999 4476 3111 4529 Ούκ
3148 4449 3263 4530 οίδα
3294 4478 3349 4531 δὲ
3563 4449 3818 4535 έπιλαθο-

584 4539 658 4594 tis
711 4541 997 4600 immemor
1047 4557 1192 4613 tuae,
1250 4549 1525 4606 formidini
1577 4563 1631 4608 et
1669 4555 1862 4609 terrori
1909 4557 2146 4627 subjecta

586 4631 776 4690 fueris.
815 4635 940 4692 llaec
972 4654 1135 4708 porro
1158 4642 1289 4696 dicit
1311 4645 1463 4713 quasi
1497 4645 1874 4703 formidolosos
1918 4657 1972 4702 et
2000 4649 2147 4705 infir-

585 4727 809 4794 miores,
832 4731 924 4800 qui
969 4733 1020 4786 in
1065 4733 1303 4790 Ecclesia
1335 4747 1484 4803 sunt,
1515 4737 1794 4808 alloquens
1829 4757 1843 4794 :
1872 4755 1993 4795 nam
2025 4759 2148 4812 per-

579 4816 734 4886 lecti,
781 4834 836 4876 et
867 4824 960 4894 qui
1010 4828 1254 4897 martyrii
1283 4842 1481 4882 corona
1529 4831 1777 4886 exornati
1830 4841 1996 4899 sunt,
2027 4836 2144 4904 ejus

579 4922 706 4966 sunt
744 4915 968 4984 gloriam
1009 4921 1309 4976 consecuti.
1359 4922 1634 4992 Siquidem
1665 4941 1785 4981 cum
1831 4944 1928 4996 par
1956 4930 2143 4989 fuisset

581 5011 633 5056 te
662 5016 806 5059 metu
839 5016 894 5063 et
920 5013 1279 5068 commotione
1315 5029 1539 5070 vacuum
1570 5032 1807 5084 manere,
1837 5029 2022 5090 utpote
2048 5039 2142 5094 po-

576 5098 764 5163 pulant
789 5116 988 5170 meum,
1019 5105 1085 5160 ad
1116 5107 1276 5161 linem
1309 5110 1680 5178 corruptibilis
1711 5111 1987 5168 hominum
2019 5117 2141 5172 rita:

573 5191 992 5260 respicientem;
1045 5208 1209 5268 atque
1259 5201 1477 5255 eosdem
1514 5201 1660 5271 ipsos
1688 5243 1702 5266 ,
1743 5218 1877 5272 quos
1910 5207 2140 5263 extime-

572 5286 763 5342 scebas
788 5327 805 5351 ,
847 5305 876 5344 a
908 5290 1089 5348 futura
1117 5295 1359 5365 pernicie
1391 5298 1659 5365 eximere;
1693 5307 1747 5353 tu
1781 5310 1993 5357 contra.
2019 5300 2137 5358 illos

571 5377 945 5452 reformidans,

639 5536 802 5593 Vens.
830 5540 915 5595 15.
957 5560 977 5592 ι
1033 5541 1248 5600 Oblitus
1281 5561 1340 5600 es
1371 5545 1494 5616 Dei,
1525 5549 1614 5619 qui
1658 5549 1792 5624 [fecit
1817 5559 1891 5621 te,
1925 5568 2017 5624 qu.
2045 5554 2127 5610 fc-

563 5628 640 5682 cit
665 5629 877 5694 malum,
911 5635 1005 5703 qui
1054 5635 1302 5692 fundarit
1335 5649 1534 5696 terram
1569 5661 1582 5698 :
1611 5651 1666 5698 et
1699 5643 1927 5701 timuisti
1978 5662 2120 5702 scm-

561 5734 665 5792 pcr
710 5724 958 5784 omnibus
1003 5729 1190 5788 diebus
1239 5729 1433 5792 faciem
1483 5733 1576 5792 ira
1623 5736 1932 5798 tribulantis
1982 5749 2052 5798 te.
2096 5759 2116 5796 ι

2252 4559 2387 4632 μένη
2412 4561 2512 4632 τῆς
2549 4563 2750 4634 σαυτῆς
2782 4565 2958 4631 ἀξίας,
2995 4567 3164 4640 δειλία
3205 4571 3451 4643 ὑπήχθης
3484 4573 3576 4626 καὶ
3613 4573 3820 4644 ἐφοϐή-

2248 4651 2365 4722 θης.
2394 4653 2556 4721 Λέγει
2579 4653 2635 4706 δὲ
2665 4655 2836 4710 ταῦτα
2880 4657 2955 4721 ὡς
3005 4658 3139 4729 πρὸς
3177 4661 3304 4724 τοὺς
3343 4660 3669 4732 δειλοτέρους
3714 4664 3819 4718 καὶ

2245 4741 2662 4816 ἀσθενεστέρους
2687 4747 2788 4817 τῆς
2847 4746 3200 4819 Ἐκκλησίαςο
3253 4751 3301 4803 oi
3343 4749 3452 4823 γάρ
3492 4751 3816 4806 τελειωθέν-

2242 4854 2354 4900 τες,
2384 4837 2477 4891 καὶ
2511 4841 2622 4902 τοῖς
2648 4841 2706 4893 ὲν
2735 4839 3013 4912 μαρτυρίῳ
3044 4841 3327 4911 στεφάνοις
3367 4843 3818 4915 κατακοσμηθέν-

2241 4945 2352 4992 τες,
2379 4928 2565 5000 ἔτυχον
2601 4931 2699 5000 τῆς
2733 4930 2861 5002 παρ’
2889 4930 3050 4985 αὐτοῦ
3092 4931 3268 5002 δόξης.
3303 4933 3428 4986 Δέον
3459 4933 3566 5005 γὰρ
3605 4935 3816 5005 ἄφοϐόν

2243 5036 2303 5072 σε
2329 5021 2421 5074 καὶ
2445 5021 2713 5092 ἀτάραχον
2731 5021 3025 5093 διαμένειν,
3048 5022 3123 5086 ὼς
3143 5023 3207 5077 ἂν
3233 5022 3364 5093 ἐμὸν
3391 5024 3519 5078 ὄντα
3549 5023 3696 5089 λαὸν,
3723 5030 3817 5092 εἰς

2240 5109 2300 5164 τὸ
2323 5111 2472 5176 τέλος
2519 5113 2804 5184 ἀφορῶντα
2823 5115 2920 5183 τῆς
2947 5113 3190 5186 φθαρτῆς
3217 5115 3325 5169 τῶν
3362 5114 3661 5187 ἀνθρώπων
3702 5119 3817 5186 φύ-

2240 5217 2399 5266 σεως,
2429 5204 2521 5258 καὶ
2547 5203 2641 5257 τοῦ
2677 5205 2956 5274 μέλλοντος
2978 5205 3198 5277 ὀλέθρου
3223 5205 3560 5273 διαδέξασθαι
3579 5207 3816 5274 τούτους

2236 5291 2462 5354 αὐτοὺς,
2523 5291 2618 5356 οὓς
2674 5294 2971 5366 ἐφοϐήθης·
3032 5296 3096 5348 σὺ
3154 5295 3210 5349 δὲ
3254 5295 3475 5361 τούτους
3523 5299 3620 5368 μὲν
3669 5299 3814 5368 £350-

2235 5382 2431 5455 δήθης.

2306 5578 2325 5610 ι
2365 5559 2654 5615 Ἐπελάθου
2686 5560 2743 5616 δὲ
2776 5563 2908 5619 Θεὸν
2940 5565 3028 5620 τὸν
3061 5567 3362 5639 ποιήσαντά
3399 5586 3478 5634 σε,
3513 5569 3604 5622 τὸν
3635 5570 3804 5641 ποιή-

2232 5667 2400 5705 σαντα
2430 5652 2520 5706 τὸν
2549 5653 2773 5726 οὐρανὸν
2815 5657 2905 5709 καὶ
2939 5656 3338 5726 θεμελιώσαντα
3378 5660 3476 5730 τήν
3521 5658 3650 5731 γῆν·
3698 5661 3805 5714 καὶ

2230 5741 2422 5813 ὶφοϐοὖ
2447 5743 2533 5799 ἀεὶ
2564 5744 2743 5811 πάσας
2773 5745 2870 5812 τὰς
2895 5747 3110 5820 ἡμέρας
3152 5748 3210 5803 τὸ
3247 5748 3532 5821 πρόσωπον
3569 5748 3660 5805 τοῦ
3696 5749 3805 5805 Gu-
