4130 6400
315 353 421 410 “9

1287 335 1790 398 COMMENTABIA
1829 334 1896 394 IN
1933 337 2194 396 ISAIAM.
2235 372 2303 383 —-
2335 333 2488 396 CAP.
2528 337 2614 395 Li.

3441 336 3546 395 650

319 469 420 544 μοῦ
447 466 541 522 τοῦ
571 463 843 527 θλίϐοντός
865 478 948 516 σε.
991 478 1009 514 ι
1046 459 1136 514 Διδ
1173 458 1268 514 καὶ
1305 460 1432 522 τοὺς
1462 457 1603 512 κατά
1631 458 1731 529 τῆς
1770 458 1886 511 Ἐκ-

1993 456 2118 511 Ideo
2150 457 2218 510 ad
2273 456 2646 526 probationem
2690 452 3015 508 athletarum
3067 465 3311 508 meorum
3363 468 3548 524 perse-

314 560 544 631 κλησίας
573 558 673 629 τῆς
704 555 842 628 ἐμῆς
881 554 1154 624 διωγμοὺς
1203 553 1283 615 είς
1324 549 1553 622 δοκιμὴν
1595 549 1704 604 τῶν
1734 549 1883 622 ἐμῶν

312 650 563 724 ἀθλητῶν
590 647 792 718 ἀφίημι
826 646 921 700 κα)⁸
941 643 1204 716 συγχωρῶ
1232 641 1498 712 γίνεσθαι.

389 764 410 799 ι
455 746 552 798 "Ov
579 743 778 815 τρόπον
813 740 922 812 γὰρ
960 732 1313 791 ἐϐουλεύσατο
1357 735 1454 789 τοῦ
1496 731 1626 808 ἆραί
1663 749 1742 799 σε,
1789 735 1884 789 καὶ

314 838 409 892 νῦν
441 836 546 891 ποῦ
577 836 606 888 6
635 835 804 906 θυμὸς
833 831 926 885 τοῦ
953 827 1224 894 θλίϐοντός
1266 844 1360 895 σε;
1407 828 1496 881 Ἐν
1526 828 1634 897 γὰρ
1664 827 1740 897 τῷ
1775 825 1882 880 σώ-

316 929 500 998 ζεσθαί
531 947 612 993 σε,
641 929 702 980 οὐ
735 927 1006 997 στήσεται,
1037 923 1155 977 οὐδὲ
1185 926 1409 993 χρονιεῖο
1447 922 1528 975 ὅτι
1567 918 1676 988 ἐγὼ
1701 922 1729 974 6
1752 915 1884 983 Θεός

317 1041 436 1088 σου,
467 1025 495 1076 ό
515 1020 799 1092 ταράσσων
820 1018 918 1088 τὴν
944 1016 1238 1079 θάλασσαν,
1275 1014 1369 1068 καὶ
1399 1013 1546 1084 ἠχῶν
1576 1012 1644 1066 τὰ
1666 1012 1884 1082 κύματα

315 1116 504 1186 αὐτῆς,
527 1112 728 1182 Κύριος
764 1108 986 1163 Σαϐαὼθ
1013 1109 1182 1179 ὄνομα
1219 1125 1329 1178 μοι.
1357 1107 1518 1178 Θησω
1541 1108 1666 1170 τοὺς
1695 1105 1885 1174 λόγους

318 1223 420 1280 μου
449 1207 530 1268 εἰς
561 1205 620 1257 τὸ
641 1201 818 1274 στόμα
844 1218 959 1262 σου,
993 1201 1086 1254 καὶ⁸
1115 1199 1219 1253 ὑπὸ
1239 1200 1336 1268 τὴν
1371 1199 1529 1252 σκιὰν
1558 1199 1657 1270 τῆς
1701 1196 1884 1268 χειρός

319 1317 420 1372 μου
454 1296 710 1351 σκεπάσω
744 1311 824 1356 σε,
853 1295 910 1346 ἐν
941 1287 974 1367 ᾖ
1008 1291 1210 1363 ἐστησα
1235 1292 1324 1344 τὸν
1361 1287 1585 1362 οὐρανὸν
1627 1289 1721 1343 καὶ
1767 1289 1886 1342 s05:-

319 1390 557 1464 μελίωσα
586 1389 684 1460 τὴν
714 1389 836 1458 γῆν.
884 1404 902 1438 ι
953 1384 1040 1448 Ὠς
1073 1383 1138 1437 ἂν
1170 1384 1242 1455 μή
1275 1400 1328 1435 τι
1361 1382 1552 1444 πάθοις
1589 1381 1698 1435 τῶν
1729 1382 1883 1433 ἐνανει

314 1482 444 1535 τίων
472 1479 577 1534 ὑπὸ
604 1477 713 1531 τῶν
736 1473 1130 1547 πολεμούντων,
1166 1473 1255 1527 ἵνα
1275 1473 1331 1525 δὲ
1363 1472 1440 1525 ἔτι
1464 1471 1658 1543 μᾶλλον
1685 1471 1886 1543 θαρσαι

315 1569 412 1624 λέα
449 1568 580 1640 γένῃ
613 1566 704 1620 καὶ
721 1564 982 1636 ἀτρεμὴς,
1014 1563 1108 1616 καὶ
1139 1562 1406 1626 ἀπτωτος,
1444 1561 1696 1632 μάνθανε,
1729 1562 1803 1623 ὡς
1826 1561 1885 1612 ἐν

317 1663 508 1733 τῇἐμῇ
544 1659 708 1730 χειρὶ,
746 1659 802 1711 ἐν
833 1651 868 1729 ᾖ
909 1655 1110 1724 ἔστησα
1149 1653 1239 1708 τὸν
1286 1653 1510 1726 οὐρανὸν
1557 1652 1651 1706 καὶ
1690 1653 1883 1722 ἐθεμε-

317 1751 486 1806 λίωσα
514 1751 612 1822 τὴν
644 1750 766 1819 γῆν,
796 1747 890 1800 καὶ
919 1747 1010 1800 τὸν
1036 1746 1326 1817 σύμπαντα
1352 1744 1551 1814 κόσμον
1585 1746 1648 1797 ἐκ
1680 1741 1774 1796 τοῦ
1808 1743 1882 1814 μὴ

316 1842 468 1906 ὄντος
491 1844 570 1904 είς
603 1841 663 1894 τὸ
695 1837 832 1894 εἶναι
863 1840 1199 1912 παρήγαγον,
1230 1840 1288 1890 ἐν
1313 1835 1482 1907 ταύτῃ
1509 1835 1801 1889 σκεπὰσειν
1824 1851 1884 1886 σε

317 1934 740 2006 ἐπαγγέλλομαι.
778 1932 842 1986 Τί
861 1929 954 1984 οὖν
987 1931 1090 2002 χρὴ
1129 1930 1366 2000 ἁγωνιᾷν
1406 1928 1439 1998 ἢ
1473 1927 1751 1996 φοϐεῖσθαι
1793 1925 1888 1994 φό-

316 2027 412 2081 ϐον
455 2025 809 2096 ἀνθρώπινον,
861 2021 976 2077 δέον
1025 2021 1342 2093 ὑποτρέχειν
1378 2019 1474 2091 τὴν
1525 2019 1662 2091 ἐμὴν
1708 2019 1884 2085 σκιὰν,

321 2120 458 2190 μηδέ
484 2119 782 2189 ἀναχωρεῖν
808 2115 996 2185 αὐτῆς,
1040 2113 1176 2167 ἀλλά
1227 2112 1320 2166 καὶ
1370 2111 1497 2175 τοὺς
1543 2110 1732 2180 λόγους
1785 2128 1887 2182 μου

321 2213 548 2267 πάντοτε
573 2211 754 2282 φέρειν
777 2207 864 2262 διὰ
888 2206 1149 2277 στόματος
1171 2222 1186 2272 ὅ

399 2324 418 2357 ι
455 2303 563 2358 Kal
590 2305 704 2373 ἐρεῖ
733 2300 892 2365 Σιὼν,
920 2299 1060 2363 Λαός
1086 2315 1186 2370 μου
1208 2289 1258 2350 εἴ
1291 2294 1374 2350 σύ.
1419 2293 1722 2368 Ἐξεγείρου
1751 2334 1766 2360 ,
1803 2297 1890 2361 ἐξα

323 2397 560 2468 εγείρου,
595 2393 880 2465 ἀνάστηθι,
917 2390 1290 2463 Ἰερουσαλὴμ,
1325 2391 1359 2460 ὴ
1385 2388 1583 2442 πιοῦσα
1606 2390 1668 2442 ἐκ
1709 2388 1889 2460 χειρὸς

323 2490 526 2562 Κυρίου
569 2488 630 2542 τὸ
652 2488 909 2559 ποτήριον
950 2484 1042 2538 τοῦ
1083 2482 1254 2555 θυμοῦ
1284 2480 1476 2535 αὑτοῦ⁸
1524 2481 1583 2535 τὺ
1633 2482 1888 2552 ποτήριον

321 2584 429 2654 γὰρ
460 2583 558 2652 τῆς
596 2579 868 2643 πτώσεως,
903 2577 964 2631 τὸ
998 2577 1152 2631 κόνδυ
1191 2575 1282 2629 τοῦ
1330 2570 1500 2645 θυμοῦ
1542 2572 1750 2638 ἐξέπιες
1794 2571 1889 2626 καὶ

319 2673 676 2740 ἐξεκένωσας.
705 2691 724 2725 ι
757 2673 938 2724 Ἐοικε
969 2668 1252 2741 σημαίνειν
1279 2666 1367 2720 διὰ
1391 2665 1592 2719 τούτων
1607 2663 1705 2735 τὴν
1729 2663 1889 2733 ἐσχά-

320 2784 418 2838 την
451 2765 621 2834 αύτῆς
652 2763 878 2829 πτῶσιν,
909 2764 974 2833 ἢν
1007 2759 1240 2814 πέπονθε
1275 2758 1413 2830 μετὰ
1453 2757 1522 2811 ea
1551 2754 1888 2827 τολμηθέντα

319 2861 379 2912 ἐν
412 2860 548 2929 αὑτῇ
570 2856 710 2911 κατά
733 2855 826 2909 τοῦ
853 2855 1102 2926 Σωτῆρος
1135 2851 1289 2924 ἡμῶν
1309 2869 1322 2882 ο
1355 2850 1434 2904 διὸ
1468 2850 1562 2903 καὶ
1593 2849 1692 2918 τῆς
1719 2847 1887 2919 όργῆς

322 2950 412 3005 τοῦ
441 2949 575 3004 Θεοῦ
608 2947 891 3020 ἐπειράθη.
918 2944 1162 3018 Χρηστὸς
1193 2944 1248 2996 δὲ
1278 2943 1352 2996 ῶν
1395 2943 1423 2994 6
1464 2941 1620 3009 λόγος
1645 2939 1736 2994 καὶ
1769 2939 1889 3010 φιλ·-

320 3043 639 3115 ἀνθρωπος,
707 3040 801 3093 καὶ
823 3037 838 3053 ⁹
866 3039 940 3110 μὴ
1011 3037 1326 3108 βουλόμενος
1372 3033 1462 3086 τὸν
1515 3031 1741 3086 θάνατον
1789 3031 1883 3085 τοῦ

1987 550 2232 604 cutiones
2294 559 2482 606 contra
2544 547 2843 604 Ecclesiam
2906 559 3084 602 meam
3140 546 3368 602 excitari
3415 561 3547 617 per-

1985 642 2161 696 mitto.

2054 731 2220 788 Vens.
2256 734 2346 798 Η,
2378 732 2466 790 16.
2502 752 2518 785 ι
2557 732 2709 788 Sicut
2739 730 2884 786 enim
2919 731 3176 800 cogitavit
3217 731 3405 787 tollere
3456 741 3546 797 te,

1983 834 2033 880 et
2066 841 2206 882 nunc
2229 826 2313 880 ubi
2341 835 2423 880 est
2451 825 2599 879 furor
2622 823 2931 878 tribulantis
2950 825 3034 879 te?
3055 821 3188 879 Cum
3207 825 3353 880 enim
3371 825 3551 878 salva-

1985 918 2152 982 beris,
2187 935 2292 973 non
2325 919 2530 984 stabit,
2558 931 2730 987 neque
2754 916 2841 970 diu
2870 917 3203 985 permanebit
3235 935 3249 971 :
3287 921 3410 987 quia
3447 933 3550 986 ego

1985 1012 2126 1066 Deus
2161 1022 2304 1076 tuus,
2336 1012 2428 1080 qui
2473 1011 2737 1065 conturbo
2771 1024 2940 1075 mare,
2965 1019 3018 1062 et
3064 1023 3258 1064 sonare
3283 1009 3424 1063 facio
3451 1007 3552 1062 flu-

1983 1113 2102 1158 ctus
2130 1103 2246 1173 ejus
2279 1143 2295 1169 ,
2328 1103 2584 1158 Dominus
2636 1101 2874 1157 Sabaoth
2917 1117 3110 1156 nomen
3143 1103 3297 1156 mihi.
3348 1100 3548 1156 Ponant

1983 1197 2146 1252 verba
2177 1211 2297 1250 mea
2351 1197 2403 1251 in
2437 1211 2533 1250 ore
2564 1204 2656 1248 tuo
2679 1229 2694 1257 ,
2727 1202 2784 1248 et
2815 1193 2915 1248 sub
2944 1192 3132 1246 umbra
3169 1208 3364 1248 manus
3415 1208 3552 1248 mea:

1983 1299 2258 1359 protegam
2299 1298 2368 1350 te,
2406 1288 2460 1342 in
2491 1302 2593 1357 qua
2627 1286 2790 1341 statui
2819 1286 3014 1341 coelum
3041 1325 3056 1350 ,
3087 1296 3143 1340 et
3173 1285 3391 1339 fundavi
3443 1294 3552 1340 ter-

1983 1395 2121 1434 ram.
2156 1397 2175 1431 ι
2215 1378 2292 1433 1\'e
2324 1379 2455 1448 quid
2485 1378 2697 1433 adversi
2727 1377 2949 1449 patiaris
2976 1378 3045 1432 ab
3075 1378 3503 1448 oppugnantibus
3529 1417 3549 1446 ,

1986 1473 2092 1527 imo
2121 1481 2178 1526 ut
2207 1473 2584 1537 confidentior,
2609 1471 2971 1542 imperterrita
3000 1480 3054 1526 et
3085 1470 3406 1526 inconcussa
3431 1487 3552 1540 per-

1985 1576 2128 1630 stcs,
2166 1566 2344 1620 discas
2381 1579 2465 1620 me
2499 1579 2660 1618 manu
2697 1579 2812 1618 mea
2840 1603 2857 1629 ,
2889 1577 2993 1630 qua
3044 1561 3207 1614 statui
3247 1562 3442 1616 coelum
3496 1572 3554 1620 et
3593 1596 3598 1602 -

1984 1659 2200 1714 fundavi
2236 1671 2436 1714 terram
2468 1695 2486 1725 ,
2534 1669 2588 1714 et
2618 1657 2930 1713 universum
2974 1656 3229 1709 mundum
3263 1669 3330 1710 ex
3378 1656 3548 1714 nihilo

1985 1752 2049 1804 ad
2087 1751 2456 1806 exsistentiam
2486 1751 2738 1820 produxi,
2762 1761 2815 1806 te
2845 1756 3213 1818 protecturum
3239 1762 3360 1804 esse
3393 1750 3550 1819 polli-

1985 1843 2116 1898 ceri.
2152 1843 2288 1909 Quid
2319 1857 2448 1913 ergo
2500 1842 2717 1912 attgeris
2744 1879 2761 1907 ,
2797 1849 2891 1896 aut
2936 1839 3212 1896 hominum
3263 1841 3553 1902 formidine

1985 1937 2285 2005 occuparis.
2313 1952 2436 1991 cum
2479 1936 2545 1991 ad
2576 1935 2821 1989 umbram
2859 1950 3032 1990 meam
3065 1934 3359 2007 confugere
3381 1975 3397 2002 ,
3450 1953 3551 1994 nec

1987 2029 2054 2084 ab
2085 2044 2147 2082 ea
2177 2030 2428 2084 recedere
2452 2037 2720 2099 Oporteat,
2740 2039 2902 2098 atque
2930 2041 3208 2083 sermones
3241 2044 3390 2086 meos
3410 2046 3548 2086 sem-

1987 2137 2084 2192 per
2114 2121 2166 2176 in
2200 2136 2295 2176 ore
2321 2122 2465 2176 ferre
2489 2135 2625 2190 opus
2650 2121 2720 2176 sit
2745 2121 2769 2174 ?

2057 2297 2221 2353 Vens.
2265 2298 2350 2352 l7.
2386 2317 2404 2350 ι
2442 2299 2506 2354 Ει
2540 2299 2684 2354 dicet
2735 2298 2889 2362 Sion.
2930 2299 3163 2370 Populus
3191 2318 3342 2360 meus
3379 2320 3437 2360 es
3465 2315 3544 2364 tu.

1988 2389 2264 2456 Excitare,
2293 2391 2553 2459 excitare,
2578 2407 2831 2462 exsurge,
2865 2392 3186 2460 Jerusalem,
3213 2409 3334 2464 quae
3361 2397 3544 2453 bibisti

1987 2483 2054 2538 de
2073 2498 2238 2537 manu
2266 2481 2478 2538 Domini
2510 2485 2732 2538 calicem
2759 2484 2956 2539 furoris
2977 2485 3091 2553 ejus
3123 2507 3134 2540 :
3159 2486 3380 2542 calicem
3400 2489 3546 2543 enim

1988 2574 2158 2628 ruina:
2183 2613 2199 2639 ,
2233 2585 2289 2630 et
2331 2575 2578 2645 poculum
2624 2575 2824 2631 furoris
2855 2575 2971 2644 ejus
2997 2577 3210 2634 ebibisti
3242 2588 3297 2634 et
3320 2595 3550 2636 evacua.

1987 2667 2078 2722 sti.
2113 2685 2133 2719 ι
2166 2666 2258 2723 llis
2277 2667 2492 2722 videtur
2518 2668 2828 2738 significare
2849 2681 3147 2724 extremam
3175 2650 3291 2738 ejus
3311 2672 3542 2738 ruinam,

1986 2775 2147 2829 quam
2193 2768 2316 2830 post
2364 2767 2670 2829 perpetrata
2716 2759 2916 2814 ibidem
2969 2769 3162 2816 contra
3209 2760 3543 2817 Salvatorem

1987 2862 2226 2908 nostrum
2259 2851 2496 2908 facinora
2533 2867 2784 2924 perpessa
2812 2863 2897 2906 est
2925 2871 2939 2906 :
2967 2867 3137 2922 quare
3173 2852 3308 2907 iram
3343 2853 3432 2908 Dei
3453 2868 3547 2907 ex-

1986 2952 2133 3014 perta
2159 2951 2258 2999 est.
2281 2943 2412 2998 Cum
2429 2951 2603 3000 autem
2625 2944 2711 3000 hic
2730 2959 2906 2999 sermo
2926 2944 3036 3015 (40)
3058 2946 3462 3000 mansuetudine
3493 2955 3550 3002 et

1986 3035 2322 3090 humanitate
2364 3035 2554 3106 plenus
2599 3035 2709 3100 sit,
2752 3051 2927 3105 neque
2971 3037 3098 3092 velit
3147 3037 3287 3093 Deus
3318 3049 3546 3094 mortem

327 3132 668 3206 ἀμαρτωλοῦ,
713 3131 788 3195 ὡς
808 3130 906 3201 τὴν
943 3129 1226 3201 μετάνοιαν
1268 3128 1451 3193 αὑτοῦ,
1506 3126 1754 3198 παραινεῖ
1791 3123 1886 3177 αὑ-

1989 3128 2282 3199 peccatoris
2307 3168 2320 3190 ,
2357 3129 2497 3184 sicut
2547 3129 2920 3199 paenitentiam
2954 3127 3090 3198 ejus,
3124 3130 3370 3184 hortatur
3404 3131 3548 3200 ipsos

323 3229 436 3288 τοῖς
461 3224 704 3278 σπεύδειν
736 3225 813 3286 εἰς
851 3222 1155 3294 μετάνοιαν,
1187 3221 1516 3292 ὑπογράφων
1562 3217 1770 3287 ἀγαθὰς
1800 3216 1887 3270 ἐλ-

325 3315 483 3379 πίδας
505 3318 552 3369 εί
581 3315 976 3386 μετανοήσειεν.
1021 3313 1228 3366 Οὐκοῦν
1277 3312 1627 3384 Ἰερουσαλήμ
1664 3311 1811 3362 ἐστιν
1849 3309 1883 3381 ἠ

325 3407 526 3464 πιοῦσα
552 3407 612 3462 τὸ
646 3407 899 3479 ποτήριον
930 3405 1028 3476 τῆς
1049 3405 1236 3478 ὀργῆς.
1275 3405 1384 3459 Kal
1417 3404 1564 3457 ἐστιν
1595 3400 1753 3474 ἐτέρα
1791 3399 1888 3454 ἰεο

329 3498 627 3570 ρουσαλὴμ,
669 3498 796 3570 περὶ
827 3492 894 3570 ἦς
921 3495 990 3550 τὰ
1023 3495 1253 3566 μάλιστα
1291 3495 1552 3558 θεσπίζει.
1604 3493 1799 3564 Διόπερ
1824 3491 1886 3545 οὐ

324 3592 430 3664 χρὴ
465 3590 796 3660 συγχεῖσθαι,
843 3588 962 3642 οὐδὲ
993 3587 1232 3658 νομίζειν
1277 3587 1404 3658 περὶ
1453 3586 1550 3656 τῆς
1596 3586 1766 3657 αὐτῆς
1802 3583 1888 3636 λέ-

325 3684 534 3753 γεσθαι,
565 3682 682 3736 οὐδὲ
708 3681 940 3735 ἐναντία.
978 3680 1042 3732 Ἠ
1078 3679 1176 3751 μὲν
1216 3679 1322 3750 γάρ
1365 3680 1510 3731 ἐστιν
1547 3679 1604 3730 ὲν
1647 3676 1884 3749 οὐρανῷ,

323 3773 392 3848 ἧς
421 3775 514 3830 καὶ
544 3773 844 3845 βασιλεύειν
871 3771 1088 3841 λέγεται
1115 3771 1144 3822 6
1174 3765 1421 3846 Geogﬁc
1448 3767 1556 3822 οὔτ’
1594 3767 1730 3840 ὀργὴ
1765 3767 1887 3823 οὔτε

328 3864 498 3936 θυμὸς
545 3865 796 3918 ἅπτεταιο
843 3861 1050 3933 ἀπέδρα
1093 3860 1202 3931 γὰρ
1245 3858 1405 3929 ὀδύνη
1450 3856 1547 3910 καὶ
1591 3857 1754 3928 λύπη,
1793 3857 1888 3912 καὶ

330 3954 628 4026 στεναγμὸς
660 3954 717 4021 ἐξ
759 3953 952 4024 αὐτῆς⁸
985 3955 1018 4022 ἡ
1048 3950 1104 4004 δέ
1150 3951 1263 4003 ἐστι
1296 3947 1605 4002 συνεστῶσα
1650 3949 1742 4001 ἐπὶ
1786 3948 1889 4020 γῆς

216 4037 229 4052 ’
327 4047 421 4100 τοῦ
451 4042 584 4099 Θεοῦ
609 4045 780 4109 πόλις,
811 4044 876 4098 δι’
918 4039 984 4117 ἧς
1018 4043 1406 4112 ἀπεδείκνυμεν
1439 4039 1796 4110 σημαίνεσθαι
1827 4041 1889 4094 τὸ

329 4136 577 4200 θεοσεϐὲς
613 4137 670 4190 ἐν
703 4134 1009 4208 ἀνθρώποις
1065 4135 1393 4206 πολίτευμαο
1438 4133 1601 4203 ὲτέρα
1630 4131 1686 4184 δὲ
1739 4135 1889 4205 παρὰ

326 4228 531 4292 ταύτας
561 4227 676 4280 ἐστὶ
708 4229 740 4299 ἠ
777 4227 868 4280 τοῦ
903 4225 1074 4298 θυμοῦ
1096 4225 1188 4280 τοῦ
1218 4226 1354 4280 Θεοῦ
1390 4225 1766 4298 πεπειραμένη
1801 4226 1888 4282 διά

324 4322 426 4394 τῆς
447 4322 553 4376 τῶν
581 4321 878 4392 οἰκητόρων
911 4320 1271 4391 παρανομίας.

403 4431 422 4464 ι
459 4414 569 4466 Kal
602 4415 699 4466 οὐκ
741 4409 808 4484 ἦν
846 4413 876 4464 6
909 4412 1240 4484 παρακαλῶν
1273 4431 1331 4466 σε
1371 4413 1481 4468 ἀπὸ
1523 4414 1737 4468 πάντων
1781 4413 1888 4467 τῶν

1989 3230 2048 3276 ιιι
2098 3222 2166 3275 ad
2236 3220 2604 3290 paenitentiam
2669 3221 2931 3292 agendam
2998 3230 3302 3289 maturent,
3354 3223 3546 3280 bonam

1988 3313 2118 3384 ipsis
2145 3329 2314 3384 spem,
2345 3314 2387 3368 si
2420 3313 2765 3382 resipiscant,
2807 3313 3110 3368 ascribens.
3159 3311 3346 3384 Itaque
3395 3311 3551 3369 Jeru-

1987 3407 2152 3462 salem
2181 3415 2286 3470 est,
2311 3421 2430 3475 qua:
2462 3404 2686 3460 calicem
2717 3405 2810 3458 ira:
2836 3404 3022 3459 ebibit.
3054 3405 3255 3474 Estque
3281 3421 3414 3460 sane
3439 3406 3546 3461 alia

1986 3496 2309 3566 Jerusalem,
2338 3499 2404 3553 de
2430 3511 2534 3567 qua
2567 3497 2878 3567 frequenter
2911 3497 3257 3552 Vaticinatur.
3297 3499 3548 3568 Quapro-

1986 3601 2107 3662 pter
2135 3607 2239 3646 non
2275 3599 2489 3662 Oportet
2537 3603 2630 3644 eas
2682 3588 3037 3643 commiscere
3078 3599 3132 3643 et
3181 3590 3548 3657 confundere,

1987 3698 2157 3754 neque
2182 3696 2374 3752 putare
2397 3681 2465 3736 de
2487 3680 2675 3735 eadem
2709 3679 2984 3733 contraria
3013 3679 3263 3747 proferri.
3291 3677 3423 3734 Nam
3441 3681 3548 3736 alia

1988 3776 2041 3839 in
2069 3775 2208 3830 coelo
2239 3783 2344 3839 est,
2375 3775 2426 3828 in
2457 3787 2560 3842 qua
2593 3785 2824 3842 regnare
2866 3770 3065 3826 dicitur
3098 3771 3258 3835 Deus,
3283 3780 3337 3826 et
3360 3773 3550 3826 adrer-

1987 3883 2079 3923 sus
2109 3882 2269 3936 quam
2305 3880 2403 3943 nec
2427 3866 2504 3920 ira
2539 3879 2640 3918 nec
2671 3864 2821 3918 furor
2844 3862 3191 3927 accenditur;
3221 3863 3289 3916 ab
3309 3878 3369 3916 ea
3397 3879 3546 3918 nam-

1987 3975 2092 4029 que
2113 3958 2284 4025 dolor,
2311 3973 2510 4014 mceror
2551 3971 2616 4011 ac
2656 3955 2890 4026 gemitus
2933 3955 3238 4022 abscessit;
3275 3955 3375 4010 alia
3416 3971 3547 4011 vero

1987 4051 2177 4108 civitas
2207 4051 2299 4106 Dei
2335 4051 2386 4105 in
2417 4057 2561 4104 terra
2597 4039 2900 4103 consistens
2929 4057 3046 4110 est.
3076 4061 3237 4116 quam
3267 4047 3547 4118 significa-

1989 4158 2047 4200 re
2093 4145 2325 4198 diximus
2353 4142 2662 4212 religiosum
2692 4141 2831 4209 apud
2867 4141 3111 4194 homines
3154 4139 3365 4193 vivendi
3399 4140 3549 4194 insti-

1991 4246 2160 4290 tutum
2185 4253 2201 4302 ;
2236 4245 2431 4305 prmter
2461 4235 2623 4289 hasce
2648 4247 2774 4286 vero
2796 4231 2898 4285 alia
2928 4240 3032 4296 est,
3051 4230 3185 4285 iram
3207 4231 3298 4286 Dei
3325 4240 3546 4300 experta

1988 4330 2056 4383 ob
2083 4329 2278 4382 civium
2315 4343 2531 4382 suorum
2566 4326 2930 4395 iniquitatem.

2065 4420 2225 4476 Vens.
2259 4420 2346 4484 18,
2397 4420 2478 4475 l9.
2521 4437 2538 4471 ι
2584 4419 2647 4474 Ει
2676 4426 2927 4476 uouerat
2953 4415 3044 4489 qui
3075 4415 3445 4470 consolaretur
3493 4424 3547 4469 te

323 4505 528 4562 τέκνων
562 4523 676 4570 σου,
717 4497 792 4558 ὧν
825 4503 1041 4566 ἔτεκες⁹
1077 4504 1170 4557 καὶ
1213 4505 1311 4557 οὐκ
1353 4499 1422 4576 ἦν
1445 4507 1474 4557 ό
1502 4503 1886 4574 ἀντιλαμϐανό-

1995 4526 2060 4567 ex
2091 4513 2342 4568 omnibus
2370 4511 2493 4565 filiis
2520 4513 2646 4576 tuis,
2681 4528 2819 4583 quos
2847 4511 3100 4582 peperisti
3136 4529 3150 4565 :
3179 4521 3229 4565 et
3281 4527 3385 4565 non
3431 4519 3549 4565 erat

328 4616 488 4672 μενος
517 4598 614 4669 τῆς
639 4597 816 4669 χειρός
834 4613 947 4659 σου,
969 4595 1089 4649 οὐδὲ
1112 4596 1218 4653 ἀπὸ
1235 4597 1448 4651 πάντων
1476 4596 1582 4651 τῶν
1611 4597 1740 4650 υίῶν
1769 4613 1886 4663 σου,

323 4688 398 4750 ὧν
429 4692 668 4763 ῦψωσας.
710 4690 800 4743 Διὸ
831 4689 1000 4744 ταῦτα
1050 4689 1396 4760 ἀντικείμενά
1436 4706 1549 4742 σοι·
1583 4689 1667 4751 τίς
1700 4687 1890 4741 συλλυ-

326 4783 629 4858 πηθήσεταί
683 4799 798 4850 σοι;
848 4783 1055 4854 Πτῶμα
1089 4784 1182 4836 καὶ
1226 4781 1554 4855 σύντριμμα,
1597 4780 1752 4852 λιμὸς
1794 4781 1887 4834 καὶ

327 4879 600 4952 μάχαιρα·
633 4877 719 4943 τίς
748 4876 1112 4950 παρακαλέσει
1141 4893 1199 4928 σε
1224 4891 1238 4942 ;
1277 4895 1294 4927 ι
1332 4877 1480 4929 Πίνει
1509 4876 1565 4929 δέ
1595 4892 1677 4938 τις
1699 4873 1760 4927 τὸ
1790 4891 1887 4927 πο-

322 4973 508 5044 τήριον
540 4970 714 5042 θυμοῦ
738 4972 831 5024 καὶ
859 4969 1135 5032 πτώσεως,
1162 4969 1255 5022 καὶ
1297 4967 1461 5020 πίνων
1487 4964 1886 5037 ἐκστραγγίζει,

325 5065 414 5118 ὅτε
439 5065 617 5128 πάσας
647 5064 936 5134 ὑφίσταται
967 5062 1066 5127 τὰς
1099 5059 1366 5132 τιμωρίας
1399 5059 1493 5112 καὶ
1515 5057 1612 5122 τάς
1644 5057 1888 5119 κολάσεις

325 5157 424 5221 τὰς
447 5158 788 5228 ἐπαγομένας
826 5157 964 5230 ὑπὲρ
998 5149 1071 5210 ὧν
1105 5153 1340 5228 έπραξῖν
1375 5151 1754 5223 ἀτοτωμάτων.
1800 5149 1887 5211 Ὠς

325 5249 382 5303 δὲ
411 5251 605 5323 ἰατρῶν
633 5251 819 5314 παῖδες
846 5253 957 5313 τοῖς
982 5247 1306 5320 καχεκτοῦσι
1357 5243 1555 5316 πικρὰς
1586 5240 1888 5314 προσάγουο

327 5357 414 5398 σιν
435 5343 748 5408 ἀντιδόσεις,
769 5343 910 5414 ὑπὲρ
933 5341 1024 5396 τοῦ
1043 5340 1276 5412 καθᾶραι
1313 5337 1411 5409 τὴν
1457 5337 1515 5390 ὲν
1555 5334 1632 5406 τῷ
1680 5330 1888 5403 σώματι

327 5435 693 5507 προκειμένην
725 5435 992 5490 κάκωσιν’
1027 5433 1168 5487 οὓτω
1207 5435 1301 5488 καὶ
1340 5433 1469 5504 περὶ
1505 5429 1598 5485 τοῦ
1623 5426 1755 5482 Θεοῦ
1800 5426 1886 5480 λέ-

327 5526 533 5590 λεκται,
562 5545 580 5578 ι
607 5528 867 5600 Ποτήριον
895 5527 953 5582 ἐν
987 5527 1128 5599 χειρὶ
1154 5527 1378 5599 Κυρίου,
1409 5525 1552 5580 οῐνου
1576 5523 1833 5595 ἀκράτου,
1857 5541 1875 5575 ι

404 5624 453 5656 ’⁸
486 5621 632 5678 Psal.
669 5637 850 5687 mttv,
878 5622 934 5679 9.

1993 4605 2082 4673 qui
2135 4604 2560 4674 apprehenderat
2593 4620 2810 4658 manum
2858 4614 3044 4668 tuam,
3082 4618 3148 4656 ne
3179 4618 3244 4658 ex
3298 4603 3548 4658 omnibus

1993 4695 2206 4765 quidem
2243 4695 2365 4750 filiis
2389 4696 2494 4749 tuis
2518 4733 2533 4760 ,
2565 4711 2700 4765 quos
2729 4695 3000 4750 cxaltasti.
3042 4694 3221 4760 Quare
3250 4695 3364 4750 lucc
3409 4711 3546 4752 con-

1994 4787 2157 4842 traria
2191 4787 2285 4842 tibi
2334 4802 2349 4841 :
2394 4787 2516 4858 quis
2543 4797 2718 4843 tecum
2755 4787 3216 4842 contristabitur?
3270 4785 3444 4842 Ruina
3492 4799 3548 4844 et

1993 4879 2268 4946 contritio,
2301 4879 2470 4933 fames
2495 4886 2548 4934 et
2581 4879 2820 4948 gladius;
2856 4878 2976 4948 quis
3005 4878 3368 4934 consolahitur
3398 4881 3492 4936 te?
3519 4900 3541 4935 ι

1994 4971 2126 5026 Τιιιη
2151 4973 2272 5042 quis
2299 4971 2524 5027 calicem
2579 4972 2672 5027 ira:
2700 4982 2754 5026 et
2789 4971 2955 5025 ruinae
2993 4970 3192 5038 ebibit,
3240 4987 3304 5026 ac
3356 4973 3549 5030 bibens

1992 5066 2242 5136 guttatim
2283 5065 2488 5129 haurit,
2519 5078 2638 5118 cum
2679 5063 2855 5118 omnia
2887 5061 3144 5132 supplicia
3172 5102 3187 5128 ,
3213 5077 3400 5119 omnes
3433 5065 3550 5120 illa-

1995 5158 2360 5213 toscruciatus
2388 5157 2615 5212 sustinet
2643 5171 2740 5226 pro
2759 5155 3048 5209 sceleribus
3068 5155 3334 5210 admissis.
3351 5155 3551 5222 Quem.

1991 5251 2274 5304 admodum
2306 5265 2433 5304 vero
2462 5249 2654 5305 medici
2707 5247 2847 5303 male
2877 5247 3200 5302 habentibus
3239 5250 3431 5304 acerba
3462 5265 3550 5303 rc-

1992 5342 2164 5396 media
2207 5338 2439 5396 olferunt
2465 5380 2480 5404 ,
2528 5349 2586 5394 ut
2630 5339 3012 5409 malignitatem
3044 5340 3096 5394 in
3126 5355 3348 5410 corpore
3398 5340 3548 5395 exsi-

1989 5442 2220 5488 stentem
2248 5443 2565 5504 expurgem,
2594 5433 2664 5488 ita
2686 5442 2742 5488 et
2772 5431 2840 5487 de
2871 5432 2978 5487 Deo
2997 5431 3214 5496 dicitur,
3259 5450 3280 5485 ι
3301 5431 3451 5488 Calix
3489 5431 3543 5486 in

1988 5543 2148 5584 tnanu
2180 5529 2411 5598 Domini,
2436 5529 2542 5584 viui
2567 5530 2698 5585 meri
2718 5528 2784 5596 ”,
2820 5545 2842 5581 ι
2865 5536 2916 5584 et
2933 5537 3146 5584 caetera.
3178 5527 3391 5583 Atenim
3427 5527 3550 5583 ani-

400 5717 509 5788 (ιο)
527 5718 690 5774 Forte
704 5735 806 5774 vox
826 5718 1036 5782 Grmca,
1056 5719 1233 5788 λόγος,
1243 5734 1342 5790 pro
1357 5718 1492 5774 Filio
1513 5719 1606 5775 Dei
1637 5736 1663 5773 a
1707 5721 1813 5774 tius
1841 5735 1883 5775 st

401 5807 554 5844 νατον
568 5789 660 5844 τοῦ
681 5787 1026 5844 ἀμαοτωλοῦ.
1047 5791 1186 5844 uuod
1207 5795 1271 5844 de
1295 5787 1423 5844 Deo.
1445 5805 1549 5844 tton
1573 5793 1636 5844 de
1661 5737 1886 5844 geriotut

1987 5728 2166 5783 :retur.
2205 5718 2468 5785 siquidem
2495 5716 2581 5774 ille
2616 5715 2772 5787 λόγος
2795 5715 2992 5775 dicitur
3017 5715 3094 5788 μὴ
3113 5712 3430 5788 βουλόμενος
3454 5708 3547 5765 τδν

1987 5792 2070 5844 lici
2097 5792 2253 5844 solet.
2281 5788 2437 5844 Εοιτ.

330 5787 554 5845 θάνατον
568 5789 660 5844 τοῦ
681 5787 1026 5862 ἁμαρτωλοῦ,
1047 5787 1186 5860 ῳιοιι
1207 5787 1271 5844 de
1295 5787 1423 5856 Deo,
1445 5805 1549 5844 non
1573 5793 1636 5846 de

1703 5792 1938 5861 criptura
1964 5791 2070 5846 dici
2097 5792 2253 5848 solet.
2281 5788 2437 5844 Eutr.
