4130 6400
599 306 705 363 451
807 331 809 333 ί

1249 305 1526 362 eussen
1561 291 2043 368 CESARI'ENSIS
2079 311 2230 370 opp.
2270 312 2450 371 pass
2488 314 2575 370 ιη.
2613 345 2685 356 -.
2721 313 3134 373 EXEGETICA.

3731 318 3841 376 £52

603 439 815 480 marum
858 421 948 478 ille
985 421 1269 489 medicus,
1319 420 1523 476 morbis
1570 423 1764 478 animae
1813 425 2138 483 insidentibu

2242 485 2243 488 η
2273 428 2364 482 καὶ
2403 428 2469 482 τά
2516 427 2660 500 ἑξῆς.
2708 431 3008 499 Ἀναλόγως
3045 447 3155 502 γαρ
3192 430 3305 494 τοῖς
3349 427 3728 503 ὑποκειμένοις
3768 438 3839 507 τῇ

601 527 961 588 congruentes
991 513 1396 584 castigationes,
1432 515 1586 583 quasi
1614 517 1908 585 quamdam
1947 521 2188 575 antidor

604 622 717 666 tum
747 611 813 665 ad
847 609 1108 664 medelam
1137 615 1193 663 et
1218 607 1594 677 purgationem
1616 612 1900 679 praesentis
1938 611 2163 667 infirmi-

601 705 750 768 tatis,
780 701 1005 774 profert.

673 795 834 850 Vens.
863 791 950 847 20.
989 811 1008 844 ι
1059 791 1181 848 Filii
1225 795 1302 846 tui
1337 792 1679 864 indigentes,
1729 795 2057 852 dormientes
2107 797 2160 850 in

597 889 848 958 compitis
894 887 1135 941 omnium
1185 886 1436 952 viarum,
1471 887 1612 942 sicut
1659 887 1782 943 beta
1830 889 2157 955 semicoeta,

597 982 744 1052 pleni
794 980 978 1035 furore
1031 979 1285 1044 Domini,
1346 979 1664 1035 deficientes
1723 995 1820 1049 per
1877 981 2160 1036 Dominum

598 1074 786 1128 Deum.
838 1093 856 1126 ι
897 1071 1206 1128 Secundum
1257 1073 1495 1142 reliquos
1527 1075 1854 1144 interpretes
1891 1090 1991 1144 pro
2025 1076 2119 1132 illo
2143 1116 2160 1144 ,

598 1185 620 1219 ι
663 1167 806 1222 sicut
855 1167 979 1221 beta
1007 1167 1330 1233 semieocta,
1372 1186 1392 1220 ι
1425 1168 1506 1223 sic
1561 1167 1776 1239 legitur,
1835 1187 1854 1222 ι
1905 1179 2160 1240 tanquam

592 1276 729 1332 oryx
757 1261 1019 1315 irretitus.
1057 1279 1076 1310 ι
1119 1259 1264 1331 Oryx
1291 1268 1470 1314 autem
1507 1269 1590 1316 est
1620 1263 1736 1316 avis
1765 1262 1845 1316 sic
1874 1262 2159 1332 appellata,

592 1359 677 1408 cui
717 1354 854 1409 filios
883 1352 1183 1410 Jerusalem
1214 1362 1512 1422 comparat,
1541 1353 1748 1408 retibus
1780 1353 1981 1409 diaboli
2021 1354 2162 1410 irre-

592 1448 718 1503 titos
746 1465 760 1502 :
788 1447 1140 1518 quamobrem
1176 1447 1269 1502 irae
1301 1446 1482 1501 traditi
1516 1456 1660 1502 sunt.

666 1629 825 1685 Vens.
853 1629 945 1690 2'1.
969 1629 1062 1685 22.
1091 1651 1110 1682 ι
1133 1630 1421 1698 Propterea
1449 1630 1595 1695 audi,
1622 1631 1900 1686 liumiliata
1917 1641 1971 1688 et
1989 1631 2158 1701 ebria,

589 1735 699 1776 non
729 1723 853 1776 vino
889 1739 904 1776 :
955 1722 1034 1776 sic
1066 1721 1196 1775 dicit
1229 1721 1490 1777 Dominus
1528 1721 1688 1786 Deus,
1716 1723 1807 1793 qui
1833 1722 2037 1790 judicat
2060 1739 2156 1794 po-

2261 518 2404 592 ψυχῇ
2452 521 2680 576 πάθεσιν
2731 523 2759 575 6
2799 523 2908 578 τῶν
2953 522 3143 595 ψυχῶν
3194 525 3377 596 ἰατρὸς
3425 525 3522 589 τάς
3567 529 3842 599 τιμωρίας

2262 611 2396 682 αὐτῇ
2422 614 2704 684 προσάγει,
2745 614 2933 688 ὥσπερ
2968 616 3120 681 τινὰς
3160 617 3466 682 ἀντιδότους
3515 618 3842 691 θεραπευτι-

2261 702 2363 767 κάς
2389 705 2481 758 ἐπὶ
2513 706 2776 777 καθάρσει
2797 709 2898 780 τῆς
2930 710 3298 782 προκειμένης
3331 711 3548 776 κακίας.

2337 815 2356 848 ‹
2393 799 2455 851 Οί
2493 799 2595 852 υἱοί
2631 817 2725 853 σου
2765 803 2814 854 oi
2857 802 3239 874 ἀπορούμενοι,
3277 806 3326 858 οἱ
3362 805 3708 870 καθεύδοντες
3745 808 3839 860 ἐπ’

2261 888 2427 963 ἄκρου
2457 893 2634 964 πάσης
2661 891 2860 960 ἐξόδου,
2902 894 2978 959 ὡς
3013 895 3253 949 σεύτλιον
3296 896 3580 967 ὴμίεφθον,
3620 898 3667 950 οἱ
3705 896 3840 969 πλή-

2263 998 2377 1051 ρεις
2439 983 2609 1054 θυμοῦ
2654 987 2892 1058 Κυρίου,
2955 988 3298 1059 ἐκλελυμένοι
3352 989 3439 1045 διὰ
3489 991 3693 1062 Κυρίου
3737 993 3836 1045 τοῦ

2261 1076 2415 1131 Θεοῦ.
2465 1096 2482 1130 ι
2527 1079 2682 1133 Κατὰ
2726 1083 2850 1145 τοὺς
2897 1081 3116 1146 λοιποὺς
3160 1081 3500 1154 ἐρμηνευτάς
3547 1085 3667 1137 ἀντὶ
3710 1085 3834 1153 τοῦ,

2266 1188 2285 1222 ι
2327 1171 2403 1235 ὡς
2432 1171 2672 1228 σεῦτλιον
2704 1174 2988 1245 ἡμίεφθον,
3030 1195 3050 1228 ι
3080 1205 3152 1216 -
3189 1195 3206 1227 ι
3248 1177 3323 1240 ὡς
3353 1175 3502 1246 ὅρυξ,
3544 1193 3562 1226 ι
3594 1177 3832 1248 εἴρηται,

2265 1281 2284 1314 ι
2321 1265 2919 1338 ὴμφιϐληστρευμένος.
2958 1287 2976 1319 ι
3011 1268 3234 1338 Ὀρνεον
3259 1268 3314 1321 δέ
3343 1271 3489 1321 ἐστιν
3511 1269 3661 1342 δρυξ,
3688 1268 3835 1325 οὕτω

2261 1356 2610 1428 καλούμενον.
2634 1353 2678 1428 ᾧ
2703 1360 3037 1432 παραϐάλλει
3071 1361 3196 1424 τοὺς
3227 1362 3376 1424 υἱοὺς
3413 1362 3511 1432 τῆς
3563 1362 3835 1434 Ἰερουσα-

2261 1447 2390 1520 λὴμ,
2418 1451 2817 1526 ἀμφιϐλήστρῳ
2847 1453 2939 1506 τοῦ
2972 1453 3217 1507 διαϐόλου
3255 1453 3678 1526 περιϐληθέντας
3697 1471 3710 1485 ο
3747 1455 3833 1508 διὸ

2261 1539 2356 1592 καὶ
2386 1540 2462 1611 τῷ
2490 1541 2646 1614 θυμῷ
2676 1545 3068 1616 παρεδόθησαν.

2338 1650 2357 1683 ι
2397 1634 2495 1687 Διά
2529 1635 2674 1688 τοῦτ’
2719 1636 2905 1701 ἄκουε,
2955 1639 3393 1711 τεταπεινωμένη
3431 1658 3526 1694 και
3557 1640 3833 1712 μεθύουσα

2258 1723 2358 1777 οῦκ
2389 1725 2495 1778 ἀπὸ
2521 1727 2662 1780 οἴνου
2682 1743 2694 1759 ·
2718 1729 2856 1782 οὕτω
2871 1729 3016 1799 λέγει
3033 1731 3232 1804 Κύριος
3251 1735 3280 1787 ό
3296 1733 3426 1798 Θεὸς
3453 1737 3482 1787 6
3509 1735 3708 1804 κρίνων
3731 1734 3829 1788 τὸν

591 1810 771 1881 pulum
820 1826 978 1865 suum
1015 1828 1029 1866 :
1062 1811 1201 1866 Ecce
1252 1813 1436 1882 accepi
1473 1812 1540 1868 de
1593 1828 1755 1867 manu
1789 1822 1878 1868 tua
1926 1815 2140 1870 calicem

2252 1815 2375 1870 λαὸν
2411 1819 2595 1873 αὐτοῦ’
2636 1839 2657 1872 ι
2700 1822 2828 1876 Ἰδοὺ
2857 1823 3054 1895 εἴληφα
3089 1799 3153 1878 ἐκ
3189 1829 3289 1897 τῆς
3315 1826 3494 1898 χειρός
3529 1799 3621 1880 σου
3649 1826 3710 1881 τὸ
3735 1844 3832 1881 πο-

589 1903 782 1968 ruinae,
810 1901 1059 1973 poculum
1103 1905 1196 1957 irze
1223 1917 1386 1962 meae,
1421 1917 1518 1957 nec
1547 1903 1769 1973 adjicies
1802 1904 1940 1961 ultra
1969 1906 2156 1962 bibere

585 1994 739 2049 illud.
801 2011 820 2045 ι
871 1992 1253 2062 Ilierosolymac
1294 1992 1575 2062 pollicetur
1622 1995 1929 2050 ablaturum
1977 2011 2037 2052 se
2085 2000 2153 2054 ab

581 2097 647 2140 ea
704 2098 826 2139 esse
886 2083 1110 2138 calicem
1164 2081 1400 2150 furoris;
1452 2085 1496 2140 si
1547 2095 1724 2139 tamen
1782 2087 2152 2156 paenitentiam

583 2189 728 2252 agat.
757 2179 888 2234 illud
909 2177 1050 2234 enim
1076 2219 1092 2244 ,
1119 2195 1138 2229 ι
1169 2176 1306 2232 Ecce
1341 2176 1458 2242 tuli,
1501 2196 1520 2229 ι
1559 2179 1758 2233 dicitur
1780 2193 1881 2248 pro
1902 2219 1917 2247 ,
1955 2198 1974 2232 ι
2010 2181 2154 2236 acci-

583 2274 748 2344 piam.
786 2290 804 2323 ι

654 2365 819 2420 Vens.
853 2364 946 2420 25.
983 2381 1002 2414 ι
1028 2362 1096 2416 Et
1119 2363 1258 2416 dabo
1293 2360 1420 2415 illud
1447 2361 1502 2416 in
1527 2377 1718 2417 manus
1745 2377 1956 2429 eorum,
1983 2363 2075 2434 qui
2101 2373 2151 2420 te

579 2457 876 2518 laeserunt,
924 2462 979 2508 et
1019 2452 1480 2519 .bumiliaverunt;
1515 2453 1605 2522 qui
1658 2453 1912 2507 dixerunt
1957 2454 2151 2510 anima)

585 2558 689 2603 tute
719 2562 735 2602 :
766 2545 1032 2602 inclinare
1054 2584 1070 2610 ,
1097 2551 1154 2598 ut
1177 2553 1558 2614 praetereamus
1587 2562 1601 2599 :
1635 2553 1688 2599 et
1717 2544 1942 2614 posuisti
1966 2561 2152 2614 aequa-

582 2641 652 2695 lia
706 2649 861 2695 terra:
891 2637 1064 2692 media
1103 2646 1192 2690 tua
1223 2635 1353 2690 foris
1384 2636 1816 2690 transeuntibus.
1871 2655 1890 2688 ι
1939 2636 2148 2692 Verisi-

582 2732 708 2787 mile
753 2745 913 2801 porro
957 2740 1065 2793 est,
1099 2728 1212 2784 [nec
1241 2728 1405 2782 etiam
1430 2729 1495 2783 de
1522 2728 1846 2782 adversariis
1871 2730 2150 2798 potestati-

580 2826 684 2881 bus
712 2821 1050 2894 pronuutiari
1080 2861 1095 2882 ,
1124 2819 1320 2890 quibus
1357 2834 1416 2876 se
1472 2819 1690 2888 subiicit
1735 2821 1914 2876 omnis
1944 2823 2145 2888 ganima

581 2930 702 2986 qua:
730 2929 761 2968 a
794 2915 901 2969 Deo
928 2911 1237 2982 transfugit.
1267 2911 1399 2966 Nam
1425 2927 1545 2981 qua:
1589 2913 1656 2966 ad
1690 2911 1856 2967 Deum
1893 2917 2100 2971 accedit
2130 2956 2145 2982 ,

580 3016 768 3063 erecta
800 3017 884 3061 est
915 3013 971 3060 et
989 3020 1203 3059 sursum
1232 3002 1530 3072 aspicit,ad
1553 3003 1836 3073 ipsumque
1865 3005 2143 3067 elevatur:

2253 1910 2438 1982 τήριον
2469 1914 2568 1986 τῆς
2601 1913 2877 1980 πτώσεως,
2903 1916 2964 1969 τὸ
2992 1917 3150 1971 κόνδυ
3172 1919 3264 1972 τοῦ
3287 1919 3458 1991 θυμοῦ
3489 1936 3611 1991 μου,
3639 1921 3736 1973 καὶ
3761 1920 3828 1972 οὐ

2255 2005 2535 2080 προσθήσῃ
2561 2007 2641 2060 ἔτι
2672 2010 2818 2062 πιεῖν
2845 2009 2994 2063 αὑτό.
3021 2029 3041 2063 ι
3087 2011 3507 2081 Ἐπαγγέλλεται
3525 2011 3582 2066 δὲ
3614 2015 3680 2083 τῇ
3727 2012 3830 2064 Ἰε-

2256 2097 2533 2168 ρουσαλὴμ
2560 2100 2588 2150 6
2616 2098 2771 2168 λόγος
2801 2100 3062 2171 λήψεσθαι
3091 2104 3184 2156 ἀπ’
3219 2104 3387 2176 αὐτῆς
3428 2107 3680 2178 ποτήριον
3724 2105 3826 2160 τοῦ

2253 2186 2444 2260 θυμοῦ,
2489 2191 2535 2244 ει
2571 2194 2937 2265 μετανοήσειε.
2985 2194 3058 2249 Τὸ
3091 2195 3219 2268 γάρ,
3261 2215 3280 2248 ι
3303 2196 3431 2250 Ἰδοὺ
3468 2192 3596 2271 ἦρα,
3644 2216 3664 2251 ι
3699 2198 3825 2254 ἀντὶ

2249 2281 2364 2348 τοῦ,
2393 2300 2416 2334 ι
2452 2282 2712 2356 λήψομαι,
2757 2303 2775 2336 ι
2809 2287 3042 2358 εἴρηται.

2326 2394 2344 2426 ι
2386 2376 2496 2428 Καὶ
2517 2376 2670 2430 δώσω
2695 2378 2824 2432 αὐτὸ
2854 2382 2934 2442 εἰς
2965 2380 3062 2445 τὰς
3098 2383 3288 2453 χεῖρας
3313 2385 3420 2437 τῶν
3447 2385 3824 2456 ἀδικησάντων

2251 2483 2308 2520 σε
2351 2469 2441 2522 καὶ
2468 2469 2574 2522 τῶν
2602 2474 3048 2528 ταπεινωσάντων
3077 2492 3157 2537 σε,
3183 2477 3232 2528 οἳ
3262 2471 3419 2531 εἶπαν
3443 2481 3507 2550 τῇ
3528 2477 3670 2550 ψυχῇ
3700 2493 3822 2533 σουο

2248 2559 2453 2632 Κῦψον,
2510 2563 2598 2617 ἵνα
2659 2565 3036 2638 παρέλθωμενο
3092 2567 3184 2621 καὶ
3239 2568 3441 2642 ἔθηκας
3495 2572 3584 2624 ῐσα
3633 2575 3697 2644 τῇ
3743 2575 3817 2644 γῇ

2247 2652 2316 2704 τά
2351 2651 2490 2723 μέσα
2529 2671 2620 2708 σου
2649 2655 2752 2720 ἔξω
2785 2659 2896 2721 τοῖς
2927 2662 3482 2733 παραπορευομένοις.
3516 2681 3534 2713 ι
3570 2665 3728 2730 Είκδς
3759 2667 3820 2721 δὲ

2245 2741 2419 2797 ταῦτα
2464 2743 2714 2813 λέγεσθαι
2771 2748 2864 2801 καὶ
2903 2751 3030 2822 περὶ
3076 2753 3464 2824 ἀντικειμένων
3513 2755 3816 2829 δυνάμεων,

2246 2831 2334 2900 αἷς
2372 2837 2664 2892 ὑποτάσσει
2708 2841 2904 2912 ἑαυτὴν
2959 2845 3108 2899 πᾶσα
3147 2846 3291 2918 ψυχὴ
3325 2849 3358 2920 ἡ
3388 2848 3482 2901 τοῦ
3513 2849 3647 2904 Θεοῦ
3678 2852 3820 2906 ἀπο-

2249 2931 2437 2983 στᾶσα.
2482 2931 2545 2984 Ἦ
2574 2933 2670 3002 μὲν
2696 2933 2917 3006 γὰρπῷ
2962 2937 3080 3008 Θεῷ
3125 2939 3422 3008 προσιοῦσα
3470 2942 3646 3014 δρθιός
3693 2945 3815 2999 ἐστι

2246 3022 2340 3074 καὶ
2364 3024 2475 3077 ἄνω
2503 3023 2790 3094 βλέπουσα,
2825 3029 2917 3082 καὶ
2960 3029 3093 3100 πρὸς
3129 3032 3289 3086 αὐτὸν
3329 3034 3610 3107 ἐπηρμένη
3631 3049 3645 3066 ⁸
3684 3038 3715 3108 ἡ
3752 3039 3814 3093 δὲ

581 3117 705 3177 quae
732 3115 862 3155 vero
894 3113 1013 3156 sese
1059 3097 1306 3168 malignis
1357 3096 1691 3152 daemonibus
1737 3098 2019 3172 adjungit,
2079 3101 2140 3158 iis

2249 3117 2528 3187 συνάψασα
2555 3118 2748 3191 ἑαυτὴν
2775 3096 3295 3194 δαίμοσι-πονηροῖς,
3329 3096 3537 3190 τούτοις
3566 3096 3813 3198 δηλονότι

583 3198 770 3268 utique
803 3194 1110 3265 subjicitur.

1175 3284 1405 3342 CAPUT
1439 3285 1546 3342 LII.

648 3381 814 3440 Vna.
842 3383 892 3436 Ι.
923 3399 941 3433 ι
966 3379 1219 3436 Excitare
1244 3419 1260 3444 ,
1289 3379 1552 3446 excitare,
1584 3376 1712 3432 Sion
1746 3395 1758 3431 :
1792 3377 2012 3432 induere
2042 3377 2146 3431 for-

579 3478 810 3534 titudiue
838 3485 946 3539 tua,
971 3472 1101 3528 Sion
1136 3489 1150 3525 :
1186 3482 1241 3525 et
1266 3482 1319 3525 tu
1342 3470 1564 3525 induere
1592 3469 1762 3540 gloria
1793 3477 1905 3533 tua,
1932 3466 2144 3522 Jerusa-

2245 3208 2338 3261 καὶ
2368 3208 2744 3267 ὑποτέτακται.

2749 3303 3142 3363 ΚΕΦΑΛΛΙΟΝ
3177 3308 3300 3362 NB'.

2317 3405 2336 3439 ι
2381 3389 2704 3463 Ἐξεγείρου,
2732 3392 3026 3465 ἐξεγείρου,
3060 3395 3194 3448 Σιών
3218 3413 3232 3427 ·
3278 3397 3489 3454 ἔνδυσαι
3516 3402 3618 3474 τὴν
3653 3404 3812 3476 ἰσχύν

2243 3495 2357 3549 σου,
2389 3481 2524 3537 Σιών
2543 3499 2558 3514 ο
2585 3487 2679 3538 καὶ
2705 3485 2769 3538 σὺ
2803 3485 3016 3540 ἔνδυσαι
3039 3487 3138 3560 τὴν
3162 3488 3317 3556 δόξαν
3359 3509 3471 3559 σου,
3534 3495 3809 3568 Ἰερουσα-

577 3571 679 3624 lem
706 3586 718 3624 :
752 3567 944 3622 civitas
974 3574 1182 3620 sancta.
1215 3561 1328 3619 Non
1368 3563 1506 3616 ultra
1536 3561 1751 3632 adiiciet
1791 3561 2140 3631 trausirefper

2242 3570 2370 3643 λὴμ,
2393 3573 2543 3638 πόλις
2567 3576 2600 3645 ἡ
2627 3576 2777 3645 ἁγία.
2799 3578 2994 3632 Οὐκέτι
3020 3581 3444 3654 προστεθήσεται
3466 3561 3690 3655 διελθεῖν
3714 3590 3808 3644 διὰ

576 3674 632 3718 te
655 3658 1068 3717 incircumcisus
1097 3667 1152 3712 et
1187 3656 1529 3711 immundus:
1555 3674 1574 3708 ›
1609 3655 1800 3709 Anima
1829 3654 2025 3723 quippe
2055 3668 2140 3706 ra-

2242 3663 2334 3716 σοῦ
2375 3667 2744 3738 ἀπερίτμητος
2782 3670 2876 3723 καὶ
2910 3671 3235 3742 ἀκάθαρτος.
3282 3693 3302 3727 t
3341 3676 3493 3748 Ἔχει
3533 3679 3640 3751 γάρ
3680 3695 3805 3734 τινα

574 3753 795 3811 tionalis
828 3754 1116 3805 maximam
1147 3750 1252 3804 vim
1289 3757 1344 3802 et
1395 3747 1764 3802 fortitudinem
1797 3785 1812 3811 ,
1865 3760 2140 3816 magnam-

2242 3757 2501 3828 μεγίστην
2525 3757 2748 3830 δύναμιν
2772 3762 2865 3814 καὶ
2903 3764 3052 3833 ίτχὺν
3085 3767 3116 3836 ἡ
3149 3767 3340 3838 λογικὴ
3368 3767 3514 3842 ψυχὴ
3533 3747 3553 3834 ,ν
3591 3747 3683 3827 καὶ
3710 3774 3804 3827 δό-

575 3862 679 3919 que
706 3845 928 3916 gloriam
962 3843 1140 3908 habet,
1176 3849 1362 3911 utpote
1383 3856 1501 3910 quae
1526 3840 1821 3895 secundum
1851 3837 2137 3908 imaginem

2242 3849 2334 3916 ξαν
2355 3849 2464 3920 ἔχει
2493 3851 2753 3923 μεγάλην,
2783 3854 2875 3908 ἅτε
2904 3859 3022 3909 κατ’
3053 3859 3236 3912 εἰκόνα
3271 3860 3365 3914 τοῦ
3405 3861 3538 3918 Θεοῦ
3571 3883 3805 3939 πεποιη-

577 3941 670 3994 Dei
703 3939 839 3991 facta
863 3937 932 3988 sit
957 3955 970 3990 :
994 3950 1155 4004 quam
1188 3948 1484 3997 resumere,
1513 3943 1568 3986 et
1596 3933 1870 3987 civitatem
1894 3941 2134 3986 sanctam

2242 3940 2394 4010 μένη,
2435 3944 2529 3995 καὶ
2557 3943 2915 3999 ἐπαναλαϐεῖν
2944 3948 3111 4020 αὐτὴν
3141 3949 3384 4020 βούλεται
3423 3955 3518 4007 καὶ
3559 3933 3806 4024 γενέσθαι

576 4029 717 4094 fieri,
751 4028 986 4096 expetit;
1023 4036 1082 4080 ut
1119 4041 1224 4079 non
1255 4025 1396 4079 ultra
1423 4040 1518 4094 per
1551 4040 1669 4079 eam
1701 4034 1938 4078 transeat
1975 4023 2136 4078 incir-

575 4121 845 4178 cumcisus
875 4128 930 4174 et
974 4118 1305 4173 immundus.
1340 4117 1444 4172 Per
1477 4116 1916 4172 incircumcisum
1970 4115 2135 4186 igitur

572 4212 928 4281 alienigenam
958 4217 1014 4265 et
1035 4217 1352 4264 extraneum
1377 4208 1680 4278 significat;
1719 4224 1814 4280 per
1861 4208 2130 4280 impurum

570 4314 774 4367 autem,
802 4303 1157 4358 idulolatram.

642 4441 804 4496 Vens.
831 4439 888 4493 2.
939 4456 957 4489 ι
990 4437 1193 4494 Excute
1235 4437 1506 4508 pulverem
1531 4477 1548 4503 ,
1580 4447 1634 4493 et
1667 4453 1898 4509 exsurge
1929 4455 1944 4490 :
1981 4439 2126 4503 sede,

568 4533 909 4599 Jerusalem,
957 4532 1108 4587 solve
1155 4531 1367 4586 vincula
1420 4532 1542 4586 colli
1591 4531 1708 4598 tui,
1764 4531 1975 4601 captiva
2016 4531 2122 4586 ﬁlia

569 4630 720 4685 Sion.
779 4646 798 4680 ι
850 4626 980 4681 Nam
1013 4641 1177 4697 penes
1201 4625 1344 4680 illam
1369 4635 1512 4690 erat,
1544 4625 1838 4696 pulverem,
1874 4639 1980 4695 quo
2018 4626 2124 4681 cir-

567 4734 906 4790 cumquaque
937 4733 1180 4787 respersa
1229 4727 1368 4781 erat,
1405 4720 1715 4788 abstergere
1738 4758 1753 4783 ,
1802 4727 1855 4772 et
1902 4733 1932 4773 a
1968 4719 2121 4772 ruina

563 4830 683 4882 qua:
708 4813 805 4867 sibi
854 4813 1190 4879 contigerat,
1215 4825 1489 4880 emergere
1511 4850 1528 4876 ,
1564 4812 1942 4880 vinculumque
1983 4810 2122 4866 collo

565 4905 986 4975 suoimpositum
1019 4903 1262 4967 solvere;
1289 4918 1394 4970 quo
1419 4919 1518 4958 ceu
1549 4904 1741 4973 laqueo
1773 4905 2008 4958 animam
2033 4918 2124 4958 ca-

566 4999 708 5053 tenis
767 5007 1114 5067 peccatorum
1171 4996 1528 5068 alligaverant
1590 4996 1915 5052 adversaria:
1970 5005 2123 5067 pote-

563 5099 753 5145 states.
1347 5104 1352 5109 ’

637 5224 796 5281 Vens.
825 5226 880 5290 3,
911 5225 964 5282 6.
996 5244 1016 5279 ι
1051 5226 1315 5294 Quoniam
1343 5227 1459 5282 haec
1485 5225 1614 5283 dicit
1644 5226 1905 5282 Dominus
1931 5243 1947 5283 :
1980 5224 2120 5282 Gra-

562 5319 632 5373 tis
670 5320 974 5374 venumdati
1025 5319 1158 5375 estis
1181 5357 1198 5383 .
1247 5328 1303 5374 et
1357 5321 1473 5376 sine
1502 5329 1726 5390 argento
1758 5319 2114 5374 redimemiui.

559 5412 652 5466 Sic
679 5412 809 5466 dicit
837 5412 1129 5467 Dominus:
1165 5413 1219 5465 In
1254 5411 1545 5482 Egyptum
1583 5412 1859 5468 descendit
1891 5411 2120 5480 populus

558 5521 709 5560 meus
733 5507 897 5575 prius,
936 5515 992 5558 ut
1022 5507 1292 5561 habitaret
1321 5506 1390 5559 ibi
1416 5546 1432 5570 ,
1462 5515 1515 5560 et
1543 5507 1595 5561 in
1628 5505 1876 5576 Assyrios
1906 5504 2111 5558 violen-

557 5609 639 5652 ter
680 5599 783 5653 acli
830 5607 975 5654 sunt.
1013 5616 1032 5650 ›
1067 5597 1178 5651 Non
1229 5599 1373 5652 enim
1414 5614 1670 5668 corporea
1705 5599 1987 5668 captivitas
2019 5597 2107 5652 illa

554 5697 690 5753 erat,
719 5699 776 5742 ut
801 5705 1060 5758 corporeo
1079 5691 1250 5758 pretio
1279 5690 1577 5756 libertatem
1602 5692 2108 5760 obtinerent,quan-

553 5783 838 5854 doquidem
868 5783 1044 5853 quoad
1070 5784 1278 5841 animas
1306 5785 1506 5841 venditi
1537 5794 1710 5842 erant.
1743 5783 2102 5854 Quamobrem

2160 4485 2204 4540 D

2236 4030 2389 4083 πόλιν
2421 4033 2612 4100 ἁγίαν
2649 4034 2724 4097 ὼς
2749 4037 2943 4106 μηκέτι
2975 4037 3266 4093 διαϐαίνειν
3302 4041 3367 4095 δι’
3409 4044 3578 4116 αὐτῆς
3607 4047 3804 4121 ἀπερί-

2233 4134 2454 4214 τμητον,
2476 4124 2611 4194 μηδέ
2629 4125 2954 4199 ἀκάθαρτον.
2993 4129 3089 4183 Διά
3123 4131 3221 4201 μὲν
3251 4129 3343 4187 οὖν
3369 4134 3464 4189 τοῦ
3492 4137 3802 4214 ἀπεριτμήα

2230 4228 2322 4266 του
2354 4213 2444 4268 τὸν
2468 4215 2762 4288 ἀλλόφυλον
2786 4221 2879 4274 καὶ
2915 4221 3170 4297 ἀλλογενῆ
3195 4227 3462 4298 σημαίνει,
3492 4229 3579 4285 διὰ
3611 4232 3668 4287 δὲ
3701 4234 3798 4288 τοῦ

2230 4307 2560 4380 ἀκαθάρτου,
2593 4311 2685 4363 τὸν
2718 4312 3128 4388 είδωλολάτρην.

2309 4463 2328 4496 ι
2376 4445 2679 4510 Ἐκτίναξαι
2732 4447 2822 4502 τόν
2857 4450 3004 4522 χοῦν,
3053 4455 3147 4508 καὶ
3212 4454 3504 4528 ἀνάστηθι’
3550 4459 3794 4526 κάθισον,

2243 4537 2613 4610 Ἰερουσαλὴμ,
2647 4539 2863 4596 ἐκδυσαι
2893 4544 2982 4598 τὸν
3009 4545 3203 4617 δεσμὸν
3236 4548 3326 4601 τοῦ
3366 4549 3635 4622 τραχήλου
3676 4569 3794 4617 σου,

2229 4631 2262 4700 ἡ
2293 4629 2634 4701 αἰχμάλωτος
2665 4631 2908 4707 θυγάτηρ
2932 4637 3085 4691 Σιών.
3134 4658 3154 4692 ι
3202 4639 3317 4693 Ἐπ’
3343 4642 3476 4714 αὐτῇ
3507 4644 3614 4715 γὰρ
3635 4641 3702 4717 ἦν
3729 4647 3796 4700 τὸ

2229 4718 2630 4790 ἀποτρίψασθαι
2676 4723 2765 4776 τὸν
2810 4726 3241 4797 περιπλασθέντα
3293 4731 3428 4804 αὐτῇ
3479 4733 3637 4804 χοῦν,
3692 4738 3792 4791 καὶ

2227 4809 2571 4882 διαναστῆναι
2600 4815 2697 4884 τῆς
2725 4815 3102 4891 ἐπισυμϐἀσης
3127 4821 3261 4893 αὐτῇ
3298 4822 3574 4889 πτώσεως,
3612 4827 3705 4879 καὶ
3726 4829 3792 4882 τὸ

2225 4902 2452 4991 ἐκλῦσαι
2478 4903 2567 4958 τὸν
2593 4907 2910 4963 ἐπιτεθέντα
2949 4911 3085 4983 αὐτῇ
3116 4911 3310 4986 δεσμὸν
3349 4915 3443 4969 τοῦ
3483 4920 3750 4991 τραχήλου
3771 4938 3788 4952 ·

2224 4988 2269 5064 ᾧ
2295 4997 2393 5070 τὴν
2415 4998 2591 5071 ψυχὴν
2616 4998 2804 5074 ὥσπερ
2831 5001 3008 5076 βρόχῳ
3039 5006 3340 5078 κατέδησαν
3369 4988 3791 5086 σειραῖςήάνμαρ-

2218 5092 2350 5147 τιῶν
2382 5095 2437 5148 αἱ
2462 5095 2827 5169 ἀντικείμεναι
2855 5099 3127 5172 δυνάμεις.

2291 5249 2310 5282 t
2351 5232 2471 5286 Ὅτι
2497 5234 2622 5288 τάδε
2648 5233 2795 5304 λέγει
2828 5232 3049 5306 Κύριοςο
3085 5237 3301 5307 Δωρεάν
3346 5239 3640 5312 ἐπράθητε,
3688 5241 3787 5296 καὶ

2215 5318 2275 5371 οὐ
2307 5323 2444 5391 μετά
2487 5325 2749 5396 ἀργυρίου
2788 5325 3215 5397 λυτρωθήσεσθε.
3261 5328 3445 5394 Οὕτως
3490 5331 3635 5401 λέγει
3668 5333 3786 5387 Κύ-

2218 5429 2330 5484 ριος
2349 5432 2361 5444 ·
2388 5415 2483 5479 Είς
2518 5417 2787 5485 Αἴγυπτον
2820 5417 3020 5488 κατέϐη
3047 5420 3076 5472 6
3102 5419 3228 5484 λαός
3267 5439 3367 5492 μου
3405 5424 3467 5476 τὸ
3494 5425 3778 5498 πρότερον,

2218 5509 2545 5578 παροικῆσαι
2576 5510 2708 5572 ἐκεῖ,
2742 5511 2833 5563 καὶ
2869 5510 2948 5572 είς
2995 5511 3302 5584 Ἀσσυρίους
3335 5514 3425 5586 βίᾳ
3457 5517 3714 5588 ήχθησαν.
3749 5537 3774 5571 ι

2217 5601 2289 5653 Οὐ
2323 5601 2429 5671 γὰρ
2459 5597 2524 5672 ἦν
2568 5602 2847 5673 σωματικὴ
2881 5601 3018 5674 αῦτη
3047 5604 3409 5674 αἰχμαλωσία,
3446 5607 3532 5660 ἵνα
3570 5607 3658 5663 διὰ
3685 5609 3778 5662 λύ·

2213 5710 2357 5764 τρων
2391 5695 2712 5765 σωματικῶν
2744 5698 2945 5769 τύχωσι
2975 5698 3075 5768 τῆς
3105 5699 3431 5773 ἐλευθερίας,
3466 5702 3651 5772 ἐπειδὴ
3674 5703 3775 5768 τὰς

2211 5784 2387 5857 ψυχὰς
2411 5781 2547 5858 ἦσαν
2581 5789 2940 5861 ππραμένοι.
2979 5791 3078 5846 Διὰ
3108 5791 3278 5864 τοῦτοΔ
3301 5793 3401 5848 οὐκ
3435 5794 3491 5849 ἐν
3526 5795 3774 5865 ἀργυρίῳ
