4130 6400
322 310 428 367 153

1285 300 1782 358 COMMENTARIA
1818 298 1896 357 IN
1930 299 2188 358 ISAIAM.
2225 333 2295 345 -
2331 299 2484 359 CAP.
2526 301 2634 357 LII.

3457 299 3565 364 455

319 417 642 494 λυτροῦσθαι
679 416 924 490 ἔμελλον,
959 414 1093 470 ἀλλά
1134 412 1374 484 δηλονότι
1415 413 1510 468 τοῦ
1550 413 1787 486 Χριστοῦ
1819 413 1893 485 τῷ

1997 428 2100 468 non
2141 421 2365 484 argento
2394 412 2692 470 redimendi
2725 419 2916 478 erant,
2964 408 3061 468 sed
3100 409 3297 468 Christi
3327 413 3562 482 pretioso

319 514 486 585 τιμίῳ
517 513 727 581 αἵματι.

396 624 415 655 ι
440 603 547 656 Καὶ
573 601 665 655 νῦν
689 600 740 665 τί
770 602 892 653 ἐστε
929 593 1060 663 ὧδες
1107 599 1244 654 Τάδε
1286 598 1434 667 λέγει
1492 597 1727 670 Κύριος·
1773 600 1894 653 Ὅτι

321 692 527 765 ἐλήφθη
555 694 584 746 6
605 691 730 754 λαός
760 709 860 762 μου
888 691 1115 762 δωρεὰν,
1142 690 1447 760 θαυμάζετε
1469 688 1566 742 καὶ
1591 689 1890 754 ὁλολύζετε.

321 786 459 839 Τάδε
493 782 641 853 λέγει
688 783 925 854 Κύριοςο
969 785 1046 836 Δι’
1080 784 1224 854 ὑμᾶς
1261 783 1349 836 διά
1389 783 1588 844 παντὸς
1625 782 1684 834 τὸ
1725 782 1894 854 ὄνομά

327 896 425 950 μου
459 878 854 948 βλασφημεῖται
882 877 938 929 ἐν
974 877 1085 939 τοῖς
1125 876 1321 928 ἔθνεσι.
1359 894 1377 926 ›
1412 875 1672 945 Σημαίνει
1712 873 1769 926 δὲ
1807 873 1894 927 διά
1928 955 1931 957 _

323 970 580 1039 τούτωνή
609 969 912 1040 προφητεία
949 968 1048 1033 τάς
1077 968 1218 1022 κατά
1252 967 1488 1040 Χριστοῦ
1525 966 1891 1038 βλασφημίας,

323 1064 388 1128 ἃς
423 1064 490 1116 δι’
535 1064 745 1134 ἡμέρας
799 1062 1013 1125 ἁπάσας
1058 1062 1151 1115 καὶ
1187 1061 1276 1114 διὰ
1307 1061 1504 1124 παντὸς
1537 1059 1816 1114 ποιοῦνται
1844 1061 1892 1113 oi

323 1154 578 1240 ἄρχοντες
605 1154 697 1207 τοῦ
746 1154 1007 1207 Ἰουδαίων
1036 1153 1243 1217 ἔθνους.

400 1267 435 1299 (-
459 1247 560 1302 Διά
592 1244 748 1299 τοῦτο
777 1245 1046 1314 γνώσεται
1077 1247 1104 1298 ὁ
1129 1245 1253 1307 λαός
1283 1260 1385 1314 μου
1412 1240 1472 1294 τὸ
1503 1242 1673 1313 ὄνομά
1705 1258 1804 1312 μου
1836 1241 1893 1294 ἐν

321 1343 386 1413 τῇ
419 1340 600 1410 ἡμέρα
628 1338 829 1409 ἐκείνῃ,
863 1339 943 1390 ὅτι
978 1335 1086 1406 ἐγώ
1119 1338 1261 1406 εἰμι’
1297 1336 1457 1399 αὐτδς
1485 1336 1513 1388 6
1535 1334 1708 1386 λαλῶν
1747 1335 1890 1405 πάρ-

323 1449 456 1501 ειμι.
507 1450 523 1482 ι
580 1429 714 1500 Ποία
761 1430 816 1482 δὲ
848 1428 1040 1502 ταύτῃ,
1076 1427 1190 1481 ἀλλ’
1228 1429 1353 1481 ὅταν
1392 1426 1520 1496 ἐγὼ,
1572 1426 1756 1496 φησὶν,
1796 1426 1894 1477 αὐ-

319 1527 441 1589 τδς,
485 1527 514 1579 6
565 1525 658 1579 νῦν
703 1523 792 1576 διὰ
845 1524 953 1576 τῶν
1019 1521 1311 1594 προφητῶν
1363 1521 1534 1574 ταῦτα
1589 1519 1893 1589 φθεγγόμε-

322 1633 431 1680 νος,
470 1616 568 1687 τὴν
611 1613 847 1686 ἐμαυτοῦ
882 1614 1175 1684 ποιήσομαι
1214 1609 1512 1682 παρουσίαν
1559 1611 1638 1672 είς
1682 1606 1892 1679 ἀνθρώ-

325 1722 493 1770 πους;

398 1816 418 1847 ‹
459 1797 544 1860 Ὠς
569 1794 684 1869 ὥρα
722 1795 814 1850 ἐπὶ
868 1791 976 1849 τῶν
1015 1793 1206 1865 ὁρέων,
1243 1791 1318 1856 ὡς
1357 1792 1514 1857 πόδες
1554 1787 1894 1860 εὐαγγελιζο-

325 1888 483 1960 μένου
511 1888 676 1959 ἀκοὴν
709 1886 950 1958 εἰρήνης,
974 1884 1048 1949 ὡς
1081 1882 1560 1954 εὐαγγελιζόμενος
1585 1880 1784 1949 ἀγαθά,
1811 1879 1893 1931 ὄτι

321 1979 590 2051 ἀκουστὴν
619 1979 828 2051 ποιήσω
867 1978 964 2048 τὴν
998 1967 1268 2046 σωτηρίαν
1319 1990 1433 2038 σου,
1474 1972 1676 2040 λέγων·
1729 1969 1890 2036 Σιὼν,

324 2069 627 2143 βασιλεύσει
661 2089 753 2124 σου
791 2073 818 2124 6
848 2069 1011 2134 Θεόςε
1051 2088 1068 2120 ι
1103 2069 1230 2131 τούς
1279 2065 1662 2137 μακαρισμοὺς
1693 2078 1895 2130 καταγ-

322 2165 618 2233 γέλλοντες,
652 2157 744 2226 οὓς
768 2165 796 2216 ὁ
824 2161 1012 2233 Σωτὴρ
1042 2159 1208 2214 ἐδίδου
1239 2157 1326 2210 διὰ
1375 2156 1474 2227 τῆς
1538 2153 1896 2224 εὐαγγελικῆς

323 2254 688 2316 διδασκαλίας.
731 2252 978 2320 Ἐλέγετο
1007 2246 1064 2302 δέ
1105 2250 1165 2303 τὸ
1210 2250 1470 2321 κήρυγμα
1509 2242 1574 2318 τῇ
1614 2244 1774 2307 Σιὼν,
1804 2244 1897 2316 δη·-

323 2346 455 2416 λαδὴ
487 2345 562 2416 τῷ
585 2343 820 2397 θεοσεδεί
851 2343 1224 2413 πολιτεύματι,
1252 2339 1347 2394 καὶ
1479 2338 1623 2410 χορῷ
1656 2332 1734 2408 τῷ
1763 2339 1897 2392 ἁπο-

325 2436 574 2508 στολικῷ.
608 2436 698 2490 Διὸ
730 2437 826 2508 τὴν
851 2435 1122 2506 βασιλείαν
1150 2433 1254 2488 τῶν
1286 2433 1527 2506 οὐρανῶν
1560 2432 1729 2486 ἅπασι
1761 2448 1898 2486 κατ-

324 2529 588 2601 ήγγελλον
613 2527 939 2601 ἀνθρώποις.

395 2641 419 2674 ‹
455 2622 575 2674 Ὅτι
604 2621 754 2692 φωνὴ
777 2620 884 2673 τῶν
923 2617 1299 2688 φυλασσόντων
1345 2635 1402 2670 σε
1437 2615 1646 2689 ὑψώθη,
1695 2616 1790 2670 καὶ
1829 2618 1893 2688 τῇ

324 2715 475 2784 φωνῇ
540 2712 655 2783 ἅμα
713 2710 1211 2783 εὐφρανθήσονται·
1279 2710 1362 2762 ὅτι
1431 2708 1699 2779 ὀφθαλμοὶ
1759 2707 1894 2780 πρὸς

320 2806 632 2876 ὀφθαλμοὺς
652 2804 892 2875 ὄψονται,
906 2803 1074 2874 ἡνίκα
1093 2803 1157 2856 ἂν
1174 2801 1359 2873 ἐλέησε
1379 2801 1580 2872 Κύριος
1591 2800 1686 2872 τὴν
1701 2801 1854 2854 Σιών.
1870 2820 1888 2854 ι

320 2894 475 2949 Κατά
485 2894 541 2948 δὲ
557 2893 644 2946 τὸν
660 2892 1008 2956 Θεοδοτίωνα,
1035 2911 1052 2944 ι
1072 2890 1226 2962 Φωνὴ
1244 2891 1351 2943 τῶν
1386 2891 1602 2944 σκοπῶν
1618 2908 1710 2944 σου
1726 2891 1896 2963 ἐπῆρε

320 2987 500 3055 φωνήν
538 3001 552 3015 '
597 2985 690 3037 ἐπὶ
723 2983 784 3038 τδ
829 2984 961 3038 αὐτὸ
998 2982 1435 3052 ἀγαλλιάσονται,
1493 2984 1574 3037 δτι
1621 2984 1896 3056 ὀφθαλμὸν

321 3077 379 3127 ἐν
419 3075 715 3145 ὀφθαλμοῖς
763 3073 1013 3143 ὄψονταιο
1051 3092 1070 3125 ι
1110 3072 1346 3136 σκοποὺς
1371 3072 1603 3126 ἐνταῦθα
1629 3074 1756 3138 τοὺς
1791 3092 1894 3146 μα-

321 3165 488 3234 θητάς
508 3167 599 3219 κιιλ⁸
620 3165 947 3229 ἀποστόλους
976 3164 1066 3218 τοῦ
1089 3165 1339 3238 Σωτῆρος
1360 3167 1393 3237 ἡ
1401 3165 1515 3236 μῶν
1539 3165 1890 3237 ὀνομάζοντος

320 3256 414 3310 τοῦ
440 3257 617 3325 λόγου.
652 3258 858 3325 ’Ὠσπερ
889 3255 997 3328 γὰρ
1041 3256 1329 3310 ἐκαλοῦντο
1366 3257 1558 3310 σκοποὶ
1583 3255 1678 3310 τοῦ
1708 3258 1772 3310 ἐκ
1797 3274 1892 3310 πε-

322 3348 551 3419 ριτομῆς
609 3346 738 3400 λαοῦ
787 3349 835 3399 οἱ
880 3348 1010 3418 παρ’
1045 3347 1228 3411 αὐτοῖς
1273 3347 1553 3418 γενόμενοι
1593 3347 1889 3418 προφῆται,

321 3438 461 3491 οὕτω
484 3439 577 3492 καὶ
599 3437 692 3492 νῦν
717 3438 814 3509 τῆς
843 3437 968 3502 νέας
995 3438 1087 3490 καὶ
1117 3438 1308 3509 καινῆς
1349 3438 1507 3502 Σιὼν,
1551 3438 1750 3510 δηλαδὴ
1795 3439 1892 3509 τῆς

333 3531 654 3602 Ἐκκλησίας
686 3529 847 3584 αὐτοῦ
879 3529 976 3582 τοῦ
1011 3529 1167 3594 Θεοῦ,
1197 3529 1292 3583 καὶ
1317 3529 1410 3583 τοῦ
1435 3529 1716 3593 θεοσεϐοῦς
1745 3529 1895 3584 πολι-

320 3620 591 3692 τεύματος
629 3636 678 3674 οι
705 3620 797 3674 τοῦ
834 3621 1082 3692 Σωτῆρος
1121 3621 1278 3691 ἡμῶν
1324 3620 1610 3674 ἀπόστολοι
1642 3621 1893 3690 γεγόνασι

320 3712 512 3764 σκοποὶ
561 3710 655 3764 καὶ
701 3710 966 3779 φύλακες·
1005 3711 1074 3775 οἳ,
1116 3712 1210 3764 καὶ
1277 3711 1708 3782 ὀφθαλμοφανῶς
1759 3713 1892 3765 αὐτ-

318 3801 477 3854 όπται
509 3800 603 3853 καὶ
633 3800 891 3872 αὐτήκοοι
944 3799 1037 3853 τοῦ
1071 3801 1320 3871 Σωτῆρος
1339 3802 1638 3872 γενόμενοι,
1670 3800 1892 3869 ὕψωσαν

319 3895 420 3964 τὴν
448 3892 653 3945 ἐαυτῶν
683 3893 888 3964 φωνὴν,
929 3892 1004 3956 ὡς
1046 3892 1371 3959 ἐξάκουστον
1421 3892 1590 3962 αὐτὴν
1645 3893 1894 3961 γενέσθαι

320 3986 454 4038 πᾶσι
494 3985 606 4047 τοῖς
638 3983 863 4038 ἔθνεσιν.
907 3986 968 4039 Οἱ
1015 3985 1059 4038 δ’
1093 3985 1246 4038 αὐτοὶ
1298 3984 1477 4054 πάσης
1523 3985 1896 4056 πνευματικῆς

319 4076 656 4148 εὐφροσύνης
687 4076 1036 4149 ἐπληροῦντο,
1069 4075 1377 4147 ἡλεημένης
1404 4075 1506 4128 ὑπὸ
1521 4075 1614 4128 τοῦ
1638 4075 1771 4129 Θεοῦ
1799 4077 1897 4147 τῆς

319 4170 671 4241 ἀποδοθείσης
703 4168 834 4242 ἡμῖν
866 4169 1023 4236 Σιὼν,
1059 4169 1153 4224 καὶ
1201 4169 1308 4222 τῶν
1343 4168 1507 4223 πάλαι
1541 4171 1762 4242 ἐρήμων
1803 4171 1897 4224 αὑ-

319 4265 421 4334 τῆς
457 4265 773 4336 σωζομένων
794 4263 880 4318 διά
907 4264 1005 4334 τῆς
1039 4261 1308 4334 σωτηρίου
1337 4261 1794 4333 ἀπολυτρώσεως·
1817 4261 1898 4315 διό

325 4373 479 4429 φησι·

1996 521 2278 576 sanguine.

2065 599 2231 655 Vens.
2266 597 2320 654 5.
2365 617 2384 651 ι
2439 594 2507 653 Ει
2553 614 2698 654 nunc
2729 598 2854 668 quid
2905 599 3034 654 estis
3074 598 3208 654 hic?
3264 597 3388 654 llaec
3433 599 3565 656 dicit

1995 694 2294 749 Dominus:
2332 691 2467 758 Quia
2511 692 2722 746 ablatus
2760 699 2843 747 est
2894 691 3125 762 populus
3176 707 3330 745 meus
3353 692 3523 758 gratis
3546 729 3565 756 ,

1995 786 2333 841 admiramini
2361 794 2414 839 et
2443 783 2664 838 nlulate.
2698 783 2823 838 llaec
2844 783 2976 837 dicit
3006 783 3266 837 Dominus
3292 805 3305 837 ι
3334 782 3565 851 Propter

1994 895 2088 933 vos
2123 892 2334 946 semper
2394 891 2588 929 nomen
2642 891 2818 929 meum
2871 871 3277 942 blasphematur
3329 874 3379 926 in
3429 888 3565 943 gen-

1996 972 2159 1025 tibus.
2217 989 2236 1022 ι
2290 968 2385 1023 llis
2423 967 2704 1038 prophetia
2756 967 2959 1020 indicat
3007 967 3319 1035 blasphema
3374 975 3565 1019 contra

1993 1065 2265 1119 Christum
2298 1060 2462 1129 dicta,
2486 1077 2607 1131 qua:
2634 1058 2907 1129 principes
2948 1057 3185 1113 Judaicae
3213 1060 3394 1129 gentis
3423 1073 3566 1128 quo-

1995 1157 2124 1210 tidie
2153 1163 2431 1209 evomunt.

2064 1247 2228 1302 Vens.
2277 1245 2328 1300 6.
2390 1265 2409 1298 ι
2471 1245 2758 1314 Propterea
2812 1243 2944 1296 sciet
2990 1242 3216 1312 populus
3263 1257 3414 1297 meus
3464 1256 3565 1296 no-

1995 1354 2114 1394 men
2144 1353 2319 1392 meum
2349 1338 2400 1390 in
2434 1339 2521 1392 die
2559 1335 2649 1391 illa
2675 1378 2688 1400 ,
2723 1336 2846 1404 quia
2875 1352 2975 1406 ego
2998 1351 3114 1390 sum
3146 1356 3158 1389 :
3192 1336 3304 1404 ipse
3342 1336 3569 1405 loquens

1995 1431 2206 1486 adsum.
2249 1449 2268 1482 ›
2309 1429 2424 1495 Qua
2453 1431 2560 1494 die,
2595 1429 2694 1484 nisi
2732 1445 2854 1482 cum
2889 1444 2992 1498 ego
3026 1429 3158 1498 ipse,
3187 1430 3278 1490 ait,
3308 1431 3395 1498 qui
3424 1444 3568 1485 nunc

1995 1537 2090 1592 per
2123 1522 2414 1592 prophetas
2442 1536 2590 1578 meos
2630 1521 2746 1576 haec
2786 1520 3001 1591 loquor,
3033 1522 3100 1575 ad
3129 1522 3374 1578 homines
3404 1523 3566 1578 adve-

1996 1613 2142 1667 niam
2177 1613 2200 1666 ?

1923 1775 1966 1829 Β
2065 1769 2232 1828 Vens.
2268 1773 2322 1827 7.
2356 1788 2377 1825 ι
2418 1770 2572 1828 Sicut
2602 1773 2730 1828 hora
2767 1787 2927 1842 super
2957 1781 3189 1840 montes,
3223 1773 3362 1828 sicut
3399 1773 3562 1842 pedes

1996 1863 2424 1933 evangelizantis
2474 1864 2714 1918 auditum
2771 1866 2958 1934 pacis,
3009 1865 3148 1920 sicut
3187 1865 3567 1933 evangelizans

1997 1957 2133 2010 bona
2160 1995 2175 2020 ,
2205 1955 2328 2024 quia
2369 1956 2603 2009 auditam
2631 1954 2824 2009 faciam
2853 1955 3082 2009 salutem
3120 1964 3264 2009 tuam
3291 1996 3306 2020 ,
3337 1956 3563 2012 dicens:

1999 2048 2127 2103 Sion
2154 2088 2169 2112 ,
2208 2049 2454 2117 regnabit
2500 2047 2639 2102 Deus
2687 2058 2848 2102 tuus:
2882 2067 2900 2100 ι
2942 2047 3303 2102 beatitudines
3354 2063 3568 2101 annuli--

1999 2143 2190 2197 tiantes
2214 2181 2230 2206 ,
2261 2156 2397 2209 quas
2445 2141 2706 2194 Servator
2735 2154 2829 2210 per
2857 2139 3219 2210 evangelicam
3264 2140 3564 2196 doctrinam

1998 2235 2160 2290 dedit.
2209 2233 2529 2288 Prazdicatio
2586 2240 2766 2286 autem
2823 2229 2949 2286 Sion
3002 2231 3447 2296 annuntiabatur,
3483 2231 3572 2286 vi-

1998 2327 2191 2382 delicet
2229 2326 2491 2396 religiosa:
2542 2324 2668 2378 vitae
2714 2324 2873 2379 τοι)ιυὶ
2921 2333 2976 2379 et
3025 2323 3321 2393 apostolico
3350 2324 3516 2379 choro
3547 2341 3566 2379 :

1996 2426 2323 2489 quapropter
2370 2431 2593 2488 regnum
2645 2415 2908 2472 caelorum
2952 2415 3204 2471 omnibus
3253 2415 3570 2472 hominibus

1996 2510 2384 2580 praedicabant.

2067 2601 2234 2658 Vens.
2267 2601 2324 2657 8.
2369 2620 2388 2654 ι
2442 2601 2577 2668 Quia
2603 2616 2706 2656 vox
2745 2602 3161 2657 custodientium
3216 2611 3270 2656 te
3327 2603 3567 2658 exaltata

1996 2706 2078 2753 est
2104 2736 2119 2763 ,
2149 2705 2204 2750 et
2244 2708 2371 2750 voce
2401 2693 2560 2750 simul
2605 2694 2930 2750 laetabuntur
2958 2682 2976 2747 ’ς
3003 2695 3127 2764 quia
3163 2695 3304 2749 oculi
3336 2697 3402 2749 ad
3434 2711 3566 2751 ocu-

1997 2791 2079 2848 los
2140 2790 2441 2856 videbunt,
2495 2789 2715 2860 quando
2783 2790 3038 2845 misertus
3097 2789 3260 2844 fuerit
3309 2789 3572 2848 Dominus

1999 2883 2150 2937 Sion.
2192 2901 2210 2934 ι
2247 2881 2553 2936 Secundum
2587 2880 3011 2938 Theodotionem
3040 2897 3168 2937 vero
3195 2923 3210 2945 ,
3243 2901 3261 2934 ι
3297 2882 3413 2939 Vox
3441 2900 3570 2954 spe-

1997 2975 2298 3030 culatorum
2357 2983 2569 3028 tuorum
2623 2973 2793 3028 edidit
2833 2989 3017 3029 vocem
3053 2991 3066 3028 :
3103 2974 3154 3028 in
3208 2975 3438 3045 idipsum
3471 2991 3570 3030 ex-

1920 3107 1961 3164 c
1997 3066 2299 3132 sultabunt,
2331 3066 2456 3135 quia
2489 3065 2703 3122 oculum
2733 3067 2784 3120 in
2814 3067 2987 3122 oculis
3011 3067 3291 3122 videbunt.
3348 3087 3368 3119 ι
3429 3069 3568 3139 Spe-

1994 3157 2265 3214 culatores
2291 3157 2377 3212 hic
2403 3167 2562 3213 vocat
2597 3157 2892 3228 discipulos
2915 3170 2969 3215 et
3000 3160 3272 3229 apostolos
3322 3161 3569 3216 Salvato-

1996 3251 2072 3305 ris
2099 3249 2290 3305 nostri.
2326 3251 2789 3318 Quemadmodum
2815 3252 2958 3306 enim
2985 3253 3357 3324 speculatores
3385 3256 3566 3326 populi

1995 3361 2061 3401 ex
2092 3347 2501 3402 circumcisione
2527 3348 2859 3403 vocabantur
2909 3351 3188 3419 prophetae
3213 3390 3228 3414 ,
3258 3351 3348 3420 qui
3399 3365 3569 3420 penes

1995 3439 2113 3495 illos
2149 3448 2342 3507 erant;
2376 3439 2448 3493 ita
2478 3449 2533 3495 et
2567 3455 2710 3495 nunc
2739 3456 2891 3496 novae
2928 3441 3073 3495 illius
3127 3441 3328 3507 Sionis,
3375 3445 3591 3510 videli-,

1995 3541 2080 3586 cet
2104 3530 2359 3586 Ecclesiae
2386 3532 2478 3586 Dei
2518 3531 2862 3602 religiosique
2901 3543 3108 3600 cretus,
3143 3533 3445 3592 Salvatoris
3471 3552 3571 3595 no-

1995 3624 2094 3680 stri
2134 3623 2360 3694 apostoli
2395 3624 2761 3694 speculatores
2790 3623 2964 3680 eliecti
2994 3636 3158 3693 sunt,
3190 3636 3352 3695 atque
3388 3637 3568 3682 custo-

1996 3715 2092 3772 des
2125 3733 2140 3770 :
2174 3717 2266 3786 qui
2297 3717 2538 3786 ejusdem
2569 3716 2871 3772 Salvatoris
2903 3718 3102 3772 oculati
3141 3728 3310 3774 testes
3337 3757 3355 3784 ,
3397 3729 3451 3774 et
3476 3735 3570 3775 au-

1996 3807 2220 3875 ditores,
2247 3809 2352 3861 alta
2385 3823 2518 3864 voce
2551 3809 2715 3863 locuti
2742 3820 2908 3875 sunt;
2955 3812 3026 3864 ita
3073 3819 3131 3865 ut
3154 3812 3316 3865 etiam
3348 3812 3415 3868 ab
3444 3829 3562 3867 om-

1998 3900 2155 3954 nibus
2209 3898 2456 3970 gentibus
2493 3899 2825 3955 audirentur.
2876 3902 3040 3957 lidem
3075 3918 3205 3958 vero
3257 3904 3357 3974 ipsi
3409 3906 3564 3961 omni

1997 3991 2260 4062 spirituali
2297 3991 2482 4046 laetitia
2529 3991 2898 4062 replebantur,
2941 3996 3065 4065 quia
3104 3996 3322 4051 Sioncm
3359 3997 3506 4052 illam
3538 4037 3558 4065 ,

1997 4083 2063 4138 de
2093 4098 2200 4154 qua
2227 4083 2478 4154 superius
2506 4123 2522 4150 ,
2571 4084 2864 4142 miseratus
2891 4097 2976 4142 est
3005 4088 3146 4143 Deus
3169 4130 3185 4154 ,
3217 4101 3269 4144 et
3295 4091 3418 4160 quia
3471 4091 3561 4150 illa

1996 4173 2124 4228 olim
2170 4175 2382 4231 deserta
2415 4175 2556 4245 ejus,
2606 4191 2703 4248 per
2751 4179 3045 4235 salutarem
3091 4183 3564 4254 redemptionem,

1997 4266 2231 4323 salutare
2256 4276 2415 4324 nacta
2446 4276 2574 4323 sunt
2607 4285 2621 4322 :
2652 4284 2820 4340 quare
2847 4271 2952 4326 ait:

393 4467 413 4499 ι
459 4447 698 4519 Ῥηξάτω
733 4449 1070 4522 εὐφροσυνην
1099 4450 1238 4522 ἅμα,
1270 4449 1340 4505 τά
1387 4449 1572 4522 ἔρημα
1617 4449 1890 4520 Ἰερουσα-

2071 4443 2226 4500 Vens.
2255 4445 2424 4510 9,10.
2470 4446 2812 4520 «Erumpant
2861 4450 2914 4506 in
2969 4451 3208 4507 laetitiam
3256 4453 3416 4510 simul
3465 4455 3566 4511 de-

321 4535 432 4608 λήμ
450 4553 464 4566 ·
501 4537 582 4589 ὅτι
606 4537 802 4608 ἠλέησε
829 4538 1032 4609 Κύριος
1063 4540 1253 4611 αὐτὴν,
1283 4539 1378 4594 καὶ
1402 4538 1670 4610 ἐρρύσατο
1696 4536 1891 4608 Ἰερου-

322 4627 525 4698 σαλήμ.
576 4629 684 4681 Καὶ
727 4628 1068 4699 ἀποκαλύψει
1116 4629 1322 4702 Κύριος
1369 4630 1460 4683 τὸν
1507 4628 1768 4703 βραχίονα
1798 4627 1921 4709 τρνρ,

320 4719 471 4785 ἅγιον
502 4719 664 4772 αὐτοῦ
688 4720 916 4774 ἐνώπιον
949 4722 1163 4776 πάντων
1195 4720 1301 4774 τῶν
1336 4720 1524 4785 ἐθνῶν,
1558 4720 1650 4774 καὶ
1671 4717 1889 4790 ὄψοντει

320 4811 494 4863 πάντα
531 4797 600 4863 τὰ
632 4810 776 4882 ἄκρα
804 4812 903 4880 τῆς
925 4811 1028 4881 γῆς
1048 4811 1145 4884 τὴν
1178 4811 1450 4883 σωτηρίαν
1482 4811 1580 4882 τὴν
1609 4810 1759 4883 παρά
1793 4811 1888 4864 τοῦ

318 4899 451 4953 Θεοῦ
493 4899 659 4971 ἡμῶν.
695 4918 714 4951 ι
753 4900 914 4971 Ὁρᾷς
941 4901 1089 4964 ὅπως
1107 4901 1198 4954 καὶ
1235 4900 1324 4954 διὰ
1350 4899 1550 4954 τούτων
1577 4903 1688 4964 τοῖς
1709 4900 1888 4955 ἔθνεσι

319 4991 388 5044 τὰ
410 4990 737 5059 εὐαγγελικά
767 4990 1096 5064 κηρύγματα
1116 4991 1582 5062 ἐπαγγελλόμενος
1613 4992 1887 5063 ὑπισχνεῖ-

321 5096 443 5144 ται;
471 5080 573 5132 Τὸν
601 5080 709 5151 γάρ
735 5080 993 5152 βραχίονα
1035 5083 1122 5136 τὸν
1155 5083 1306 5152 ἀγιον
1339 5081 1524 5149 αὐτοῦ,
1555 5075 1706 5147 οὗτος
1739 5083 1796 5136 δὲ
1817 5079 1885 5156 ἦν

325 5172 353 5222 ὁ
385 5170 478 5222 τοῦ
511 5171 643 5224 Θεοῦ
685 5173 871 5240 Λόγος,
906 5174 1310 5227 ἀποκαλύπτειν
1332 5174 1421 5230 τὸν
1449 5174 1580 5227 Θεόν
1601 5192 1731 5246 φησι
1753 5177 1886 5228 πᾶσι

327 5265 438 5326 τοῖς
461 5261 686 5318 ἔθνεσιν.
722 5265 949 5330 Οὐκοῦν,
979 5266 1196 5319 ἐπειδάν
1219 5271 1510 5338 προσφωνῇ
1535 5270 1600 5339 τῇ
1633 5266 1768 5320 Σιὼν
1793 5267 1886 5321 καλ⁵

337 5353 712 5426 Ἰερουσαλὴμ,
745 5355 812 5409 τὰ
833 5355 1101 5428 λεγόμενα
1131 5361 1222 5412 ἐπὶ
1251 5359 1348 5413 τὴν
1378 5357 1485 5413 τῶν
1511 5359 1678 5412 ἐθνῶν
1701 5357 1890 5430 κλῆσιν

325 5446 672 5517 ἀναφέρεται.

403 5557 422 5590 ι
454 5538 768 5610 Ἀπόστητε,
799 5541 1088 5613 ἀπόστητε,
1116 5542 1355 5610 ἐξέλθετε
1389 5544 1612 5607 ἐκεῖθεν,
1647 5543 1740 5596 καὶ
1760 5543 1893 5596 ἀκα-

330 5629 526 5697 θάρτου
564 5629 637 5701 μὴ
663 5631 835 5703 ἆψητε
856 5650 868 5662 ·
903 5633 1146 5697 ἐξέλθετε
1174 5636 1237 5687 ἐκ
1264 5635 1426 5705 μέσου
1457 5635 1620 5704 αὐτῆς
1644 5651 1656 5664 ’
1682 5655 1700 5685 ι
1733 5633 1890 5703 δῆλον

327 5718 382 5770 δὲ
412 5721 492 5772 ὅτι
527 5721 590 5772 ἐκ
624 5720 716 5773 τοῦ
746 5721 976 5776 ἀπίστου
1004 5723 1132 5776 λαοῦ
1166 5725 1260 5776 καὶ
1301 5724 1626 5795 ἀκαθάρτου.
1662 5744 1679 5776 ι
1734 5725 1887 5793 Ἀφο·

332 5811 570 5885 ρίσθητε,
628 5815 674 5867 oi
744 5815 998 5888 φέροντες
1041 5815 1109 5871 τά
1160 5815 1326 5887 σκεύη
1384 5818 1606 5888 Κυρίου.
1648 5837 1666 5870 ι
1714 5815 1888 5888 Σκεύη

1995 4545 2138 4591 serta
2170 4535 2467 4593 Jerusalem
2501 4556 2516 4592 :
2554 4540 2682 4608 quia
2719 4539 2972 4596 misertus
3002 4552 3082 4597 est
3113 4541 3375 4600 Dominus
3418 4547 3558 4614 ejus,

1993 4636 2047 4682 et
2081 4629 2220 4682 eruit
2246 4627 2570 4686 Jerusalem.
2599 4630 2668 4685 Et
2697 4632 2956 4688 revelabit
2991 4634 3247 4690 Dominus
3277 4637 3560 4694 brachium

1993 4730 2239 4775 sanctum
2287 4735 2442 4774 suum
2488 4721 2540 4774 in
2585 4733 2875 4791 conspectu
2915 4725 3152 4778 omnium
3190 4727 3451 4796 gentium.
3497 4728 3563 4782 Et

1993 4811 2250 4865 videbunt
2272 4825 2460 4866 omnes
2486 4811 2620 4866 lines
2654 4823 2808 4869 terrae
2837 4815 3090 4884 salutem,
3117 4829 3236 4886 qua:
3273 4827 3356 4872 est
3387 4835 3414 4872 ο
3454 4818 3562 4874 Deo

1994 4909 2203 4955 nostro.
2237 4919 2256 4953 ι
2312 4900 2500 4956 Viden’
2529 4916 2637 4971 quo
2679 4914 2837 4973 pacto
2872 4904 2955 4961 his
2987 4907 3153 4960 etiam
3187 4908 3363 4962 verbis
3391 4924 3558 4963 evan-

1993 4994 2219 5064 gelicam
2259 4993 2696 5064 prmdicationem
2738 4998 2990 5066 gentibus
3029 4983 3393 5068 polliceatur?
3430 5000 3560 5056 Ete-

1993 5085 2102 5139 nim
2134 5083 2410 5139 brachium
2439 5094 2684 5138 sanctum
2713 5101 2895 5151 suum,
2936 5088 3078 5156 quod
3108 5100 3225 5142 erat
3258 5091 3429 5158 ipsum
3464 5090 3559 5146 Dei

1993 5174 2250 5240 Verbum,
2281 5175 2530 5230 omnibus
2558 5175 2806 5246 gentibus
2845 5177 3202 5232 revelaturum
3239 5195 3356 5236 esse
3389 5180 3558 5236 Deum

1994 5269 2254 5325 declarat.
2305 5267 2438 5324 Cum
2470 5270 2652 5338 itaque
2677 5270 2807 5324 Sion
2863 5279 2916 5325 et
2969 5269 3262 5326 Jerusalem
3300 5273 3380 5328 sic
3425 5273 3559 5328 allo-

1992 5370 2207 5431 quatur,
2239 5361 2354 5416 haec
2379 5362 2446 5416 ‘ad
2473 5363 2709 5432 gentium
2736 5360 3068 5414 vocationem
3101 5362 3380 5418 referenda
3409 5375 3554 5418 sunt.

2043 5536 2226 5597 Vens.
2258 5541 2345 5596 ll.
2390 5561 2408 5594 ι
2435 5541 2710 5609 Recedite,
2759 5542 3016 5605 recedite,
3060 5542 3372 5613 egredimini
3410 5541 3554 5605 inde,

1993 5641 2047 5687 et
2073 5632 2404 5686 immundum
2439 5631 2602 5686 nolite
2631 5643 2848 5703 tangere
2875 5655 2884 5688 :
2911 5635 3056 5688 exite
3079 5633 3146 5688 de
3173 5633 3348 5687 medio
3370 5632 3550 5700 ejusp

1992 5724 2238 5778 videlicet
2267 5739 2330 5779 ex
2375 5724 2652 5779 incredqu
2685 5735 2738 5780 et
2783 5725 3056 5781 immundo
3094 5725 3308 5796 populo.
3346 5743 3364 5776 ι
3387 5723 3556 5792 Sepa-
3604 5769 3610 5776 .

1997 5817 2224 5885 ramini,
2283 5819 2373 5887 qui
2423 5817 2648 5887 portatis
2689 5823 2812 5874 vasa
2844 5818 3074 5873 Domini.
3104 5835 3124 5871 ι
3175 5817 3310 5872 Vasa
3340 5813 3552 5870 Domini
