2065 3200
91 3062 126 3084 τινί

284 155 338 183 vis
626 157 760 185 EUSEBH
780 156 1018 185 CAESANENSIS
1037 156 1111 185 OPP.
1132 156 1223 184 PARS
1242 156 1284 184 lll.
1304 171 1338 177 —-
1358 155 1561 185 EXEGETICA.
1856 153 1910 182 856

284 222 365 246 erant
378 225 492 254 corpora
508 217 640 253 ipsorum.
655 225 668 244 a
685 217 799 245 Domino
816 217 913 251 electa,
933 218 959 245 in
975 218 1071 245 sancti-

1127 218 1229 254 Κυρίου
1252 216 1286 253 ἦν
1307 217 1341 244 τὰ
1362 217 1523 252 ἐκλεχθέντα
1544 215 1596 244 ὑπὸ
1611 214 1658 242 τοῦ
1676 214 1779 251 Κυρίου
1797 214 1911 250 σώματα

286 269 343 292 tate
361 270 389 293 et.
405 266 507 293 honore
523 265 577 292 Deo
594 269 734 299 segregata
749 273 756 297 ;
773 264 829 292 sive
843 265 926 292 etiam
942 273 1005 293 vasa
1019 266 1073 293 Do-

279 310 352 338 mini
377 315 456 338 erant
477 310 544 337 Novi
569 309 735 337 Testamenti
758 311 925 346 Evangelia:
943 319 1003 347 quae
1028 312 1073 347 qui

278 364 326 391 ges
335 356 438 387 tabant.
466 357 498 383 ab
516 355 702 383 incredulitate
717 356 872 384 Jndmorum
887 364 1013 385 amovere
1032 365 1072 392 se,

278 401 311 428 ab
331 400 421 436 iisque
433 409 463 429 se
478 408 639 437 segregare,
654 401 795 436 iubentur.

320 494 403 523 Vens.
418 496 462 523 12.
491 506 501 522 ι
515 497 582 530 Quia
600 504 655 525 non
672 505 734 525 cum
753 498 867 526 tumultu
883 499 1010 533 exibitis,
1026 507 1074 528 ne-

280 548 336 575 que
364 541 498 576 fugientes
531 542 605 570 ibitis
626 551 633 570 :
652 543 786 579 praecedet
813 544 884 571 enim
908 552 957 572 vos
982 543 1074 572 Domi-

284 595 357 620 nus,
386 592 414 615 et
442 589 487 623 qui
517 594 665 625 congregat
690 597 739 617 vos
765 589 837 618 Deus
863 590 958 618 Israel.
974 599 984 617 I
1014 591 1072 619 Non

283 634 355 661 enim
383 634 460 669 quasi
487 635 618 670 compulsi
643 635 676 663 ad
703 636 959 665 circumcursandas
981 642 1073 673 gentes

281 680 450 709 accedebant
475 680 607 715 apostoli;
635 682 681 709 sed
705 689 766 710 cum
790 682 863 710 omni
886 682 1026 710 alacritate
1046 688 1074 710 et

281 725 431 754 voluntatis
454 727 563 760 all'ectu,
588 727 658 762 jussi
683 728 782 755 docere
806 735 901 756 omnes
930 732 1024 764 gentes
1045 728 1072 756 in

281 772 394 799 nomine
411 771 478 806 ejus.

319 817 403 847 Vens.
420 820 464 846 15.
483 829 492 845 ι
506 819 576 847 Ecce
591 819 719 854 intelliget
734 827 801 854 puer
813 827 899 852 meus,
916 825 944 848 et
964 826 1071 849 θυμια-

281 860 368 897 bitur,
395 870 422 892 et
437 865 633 900 gloriﬁcabitur
648 865 733 892 valde.
749 874 758 891 ι
788 865 871 898 Queis
891 867 1071 894 resurrectio-

284 917 344 936 nem
360 918 374 936 a
391 910 514 942 mortuis,
540 910 750 944 assumptionem
776 910 838 937 item
864 910 890 937 in
911 911 1020 944 caelum,
1042 917 1070 939 et
1085 906 1105 934 Β

280 956 474 983 exaltationem
499 956 645 990 signiﬁcat.
671 955 785 983 Servum
805 964 897 991 porro,
920 957 1068 986 sccUHdum

283 1002 418 1036 Aquilam,
447 1009 509 1029 eum
531 1002 591 1036 jure
616 1006 765 1035 nuncupat,
789 1003 823 1029 ob
847 1002 918 1030 servi
945 1002 1068 1035 formam,

282 1054 364 1081 quam
388 1046 501 1080 accepit.
531 1045 597 1073 Nam
624 1046 694 1073 Deus
716 1045 844 1079 Verbum,
873 1048 1069 1083 «semetipsum

283 1092 433 1119 cxinanivit
458 1100 519 1118 cum
543 1092 569 1118 in
596 1091 681 1119 forma
706 1092 752 1119 Dei
779 1098 860 1126 esset,
882 1098 911 1120 ut
934 1094 971 1120 ait
994 1101 1071 1121 sacer

281 1138 461 1173 Apostnlns‘,
479 1138 593 1164 formam
610 1138 680 1165 servi
702 1138 854 1172 accipiens,
873 1143 899 1166 et
920 1139 1013 1166 habitu
1029 1140 1071 1167 in-

283 1188 379 1210 ventus
398 1188 426 1209 ut
443 1183 536 1211 homo.
552 1193 561 1210 ι
582 1184 680 1211 Verum
703 1185 759 1218 ipse
776 1193 842 1219 puer
855 1190 882 1211 et
902 1192 997 1212 servus
1012 1185 1070 1217 Dei,

280 1228 355 1254 υιιιιιί
379 1228 510 1262 sapientia
530 1233 558 1255 et
585 1229 698 1256 scieniia
717 1229 873 1264 replebatnr
886 1249 893 1261 ,
914 1230 985 1264 quod
1004 1229 1071 1257 Ver-

283 1273 345 1300 bum
360 1273 404 1300 Dei
422 1274 448 1300 in
463 1280 492 1300 se
506 1274 669 1302 contineret.

318 1319 455 1350 \‘snsJA.
471 1319 514 1348 l5.
532 1329 541 1346 ι
556 1320 631 1347 Sicut
645 1321 879 1355 stnpehnntsnper
893 1325 919 1348 te
931 1320 1018 1354 multi,
1033 1321 1073 1348 sic

282 1365 398 1401 ingloria
414 1366 467 1392 erit
491 1367 524 1392 ab
555 1366 710 1393 hominibus
729 1367 833 1400 species
857 1371 912 1399 tua,
937 1372 963 1394 et
988 1367 1071 1402 gloria

284 1416 329 1438 tua
343 1419 357 1438 a
373 1411 435 1438 liliis
455 1412 607 1438 hominum.
630 1411 668 1438 lta
684 1413 855 1439 mirabuntur
870 1417 964 1447 gentes
984 1413 1072 1440 multa:

283 1465 365 1491 super
379 1465 422 1489 eo,
440 1462 467 1484 et
488 1457 666 1484 continehunt
680 1465 757 1492 reges
770 1465 801 1484 os
815 1465 893 1485 suum
909 1467 916 1485 :
937 1458 998 1493 quia
1013 1459 1072 1492 qui-

283 1503 335 1530 bus
350 1511 402 1530 non
419 1507 461 1529 est
476 1502 668 1529 annuntiatum
688 1503 719 1530 de
736 1503 792 1535 illo,
807 1503 948 1535 videbunt,
973 1508 1001 1531 et
1026 1503 1071 1538 qui

285 1557 339 1576 non
364 1549 518 1580 audierunt,
545 1548 704 1584 intelligent.
721 1558 730 1575 ι
753 1548 780 1576 ld
803 1549 875 1576 enim
900 1556 977 1583 reges
1000 1557 1074 1576 com-

285 1595 420 1627 movebat,
431 1602 527 1629 nempe
540 1596 611 1630 quod
625 1583 809 1630 evangelicum
821 1596 932 1622 verbum
945 1595 977 1622 ad
987 1603 1073 1622 remo-
1086 1583 1107 1611 ο

285 1642 402 1669 tissimas
424 1646 517 1676 gentes
541 1642 712 1676 pervaderet.
742 1641 775 1668 Et
801 1641 858 1669 haec
882 1640 990 1676 quidem
1008 1642 1071 1669 olim

285 1688 370 1714 verbo
397 1687 664 1722 pra-nuntiabantur,
688 1695 718 1714 re
744 1692 833 1714 autem
857 1687 989 1721 completa
1013 1692 1074 1715 sunt

285 1734 311 1761 in
326 1734 475 1761 Salvatoris
490 1734 523 1760 ad
538 1742 586 1761 eos
603 1734 720 1760 adventu
737 1742 743 1760 :
761 1741 841 1768 quem
856 1733 941 1760 oculis
959 1740 1020 1760 cum
1038 1733 1073 1760 vi-

283 1780 380 1806 derent
402 1777 498 1811 Judazi,
530 1787 677 1812 vocemque
704 1778 763 1814 (-jus
790 1779 926 1811 audirent,
955 1787 1004 1807 nec
1030 1780 1071 1806 in-

283 1824 464 1855 tellexerunt,
490 1832 541 1851 nec
565 1824 684 1859 loquenti
712 1832 790 1851 aures
817 1824 1009 1858 praebuerunt;
1035 1824 1071 1851 ita

283 1876 313 1897 ιιι
331 1871 411 1897 etiam
435 1871 574 1905 prophetia
593 1870 637 1897 illa
658 1870 714 1904 jam
732 1870 869 1905 prmmissa
885 1870 910 1897 in
929 1870 980 1897 illis
998 1878 1072 1897 com-

284 1917 423 1952 pieretur,
449 1927 458 1943 ι
475 1917 573 1943 Anditu
588 1917 715 1949 audietis,
737 1922 764 1943 et
785 1924 837 1943 non
855 1916 1029 1951 intelligetis;
1045 1920 1072 1943 et

285 1964 464 2000 respicientes
481 1964 643 1999 respicietis,
663 1969 692 1992 et
713 1972 766 1991 nou
783 1963 919 1991 videbitis.
936 1972 946 1990 ι

567 2054 680 2083 CAPUT
707 2055 771 2083 Llll.

319 2099 401 2129 Vens.
419 2101 444 2128 l.
463 2101 609 2135 (Domine,
627 2103 688 2136 quis
703 2102 818 2129 credidit
831 2102 932 2129 auditui
955 2105 1071 2130 nostro'!

284 2151 313 2174 et
338 2147 478 2174 brachium
504 2147 610 2174 Domini
636 2148 678 2174 cui
696 2148 843 2175 revelatum
861 2148 923 2175 est?
939 2158 948 2174 ι
971 2148 1071 2175 Miran-

284 2193 351 2218 tium
369 2200 443 2219 more
458 2193 505 2219 Dei
524 2193 679 2227 prophetae,
702 2193 822 2220 Judaica:
842 2194 930 2228 gentis
946 2194 1071 2221 incredu-

284 2238 387 2266 litatem
413 2244 575 2271 cernentes,
605 2246 636 2266 ac
662 2239 781 2274 gentium
809 2239 1012 2266 conversionem
1043 2246 1068 2266 et

282 2284 488 2319 ubseqnentiam
514 2284 656 2316 videntes,
681 2285 737 2312 hmc
764 2285 898 2312 dicebant.
926 2284 1068 2312 lirachinm

283 2337 364 2365 porro
389 2329 454 2362 Dei,
482 2330 648 2364 unigenitum
675 2330 770 2357 Filium
796 2330 884 2357 vocari
912 2330 1070 2365 plerumque

282 2375 556 2402 commonstravimus
579 2383 586 2402 ι
607 2375 652 2409 qui
677 2382 874 2410 consequenter
898 2377 930 2403 ad
955 2378 1070 2411 pmphe-

284 2421 338 2447 tica
353 2420 421 2447 dicta
443 2421 617 2447 credentibus
642 2421 667 2448 in
688 2421 774 2455 ipsum
798 2422 922 2456 gentibus
947 2423 1069 2457 cognitus

282 2470 336 2492 est.
355 2474 365 2491 ι
378 2466 604 2493 Annuntiavimus
619 2474 627 2493 :
640 2467 717 2502 quasi
736 2468 864 2501 parvulus
881 2468 906 2495 in
923 2474 1067 2504 conspectu

283 2511 353 2545 ejus,
379 2512 449 2538 sicut
470 2512 547 2539 radix
563 2512 589 2539 in
607 2517 679 2539 terra
693 2513 805 2541 sitienti.
830 2513 887 2541 Non
906 2520 950 2541 est
966 2515 1069 2549 species

283 2558 321 2589 ei,
341 2564 427 2591 neque
442 2557 526 2592 gloria
545 2566 552 2585 :
572 2562 600 2584 et
616 2558 733 2586 vidimus
754 2567 826 2593 eum,
842 2565 867 2586 ct
884 2568 934 2587 non
954 2560 1070 2588 habebat

284 2603 421 2636 speciem,
448 2611 536 2638 neque
565 2604 700 2632 decorem.
718 2614 728 2631 ι
756 2605 807 2633 Per
832 2612 931 2633 terram
958 2607 1068 2640 inviam,

286 2646 421 2682 Virginem
431 2649 591 2682 subindicat,
601 2657 681 2683 quam
694 2658 773 2677 nemo
783 2652 847 2678 adiit
865 2660 871 2678 :
892 2659 939 2686 per
951 2652 1067 2679 radicem

284 2699 360 2724 vero,
373 2694 494 2720 eamdem
507 2694 591 2728 ipsam
605 2695 638 2721 de.
652 2703 703 2729 qua
717 2696 864 2728 dicebatur,
885 2706 894 2722 ι
907 2697 1069 2732 Egredietur

284 2738 359 2772 virga
373 2738 405 2765 de
421 2739 509 2766 radice
525 2739 619 2771 Jessm,
636 2745 661 2766 et
677 2740 726 2767 ﬂos
748 2741 781 2768 de
797 2742 888 2769 radice
903 2741 960 2776 eius
972 2751 1067 2772 ascen-

284 2785 329 2811 det
339 2784 446 2812 ‘JNam
456 2786 491 2811 ibi
501 2793 607 2820 quoque
616 2793 778 2813 ascensurus
790 2795 849 2815 esse
858 2788 1008 2822 dicebatur,
1020 2790 1066 2817 sed

283 2828 317 2855 de
327 2828 414 2854 radice
429 2828 511 2855 Jessaa
521 2837 528 2861 ;
540 2830 582 2856 hic
590 2835 680 2856 autent
690 2838 720 2857 ex
732 2837 878 2860 memorata
889 2838 960 2862 terra
979 2834 1062 2863 invia.

322 2875 329 2888 ¹
349 2874 446 2907 Philip.
463 2882 491 2907 ιι,
511 2875 538 2902 6.
576 2876 585 2890 '
604 2875 638 2903 ls.
663 2886 699 2910 xl.
720 2879 743 2907 l.

224 3038 318 3129 κε

316 3131 344 3171 ..Ε

1123 264 1224 296 αὐτῶν,
1242 265 1271 290 ἐν
1286 264 1424 300 ἁγιωσύνῃ
1438 263 1485 290 καὶ
1496 264 1563 298 τιμῇ
1583 262 1622 298 τῷ
1632 262 1691 297 Θεῷ
1711 261 1889 298 ἀφωρισμένα
1901 269 1909 277 ·

1123 310 1140 345 ἢ
1156 310 1203 336 καὶ
1220 309 1304 344 σκεύη
1327 309 1430 345 Κυρίου
1445 309 1576 344 ἐτύγχανε
1589 309 1622 335 τὰ
1639 309 1687 344 τῆς
1699 307 1804 342 Καινῆς
1817 307 1912 343 Διαθή-

1124 365 1174 391 κης
1197 355 1365 390 Εὑαγγὲλια·
1391 355 1462 390 ᾶπερ
1480 354 1723 390 ἐπικομιζομένους
1744 353 1911 380 ἀπαλλάττε-

1124 403 1186 429 σθαι
1203 403 1251 438 τῆς
1273 401 1399 433 ἀπιστίας
1419 401 1467 428 τοῦ
1495 401 1630 428 Ἰουδαίων
1653 400 1729 432 λαοῦ,
1748 400 1796 427 καὶ
1816 399 1912 436 ἀφορί-

1123 448 1216 481 ζεσθαι
1230 448 1320 476 αὐτῶν
1335 448 1507 483 προστάττει.

1162 505 1171 521 ι
1187 496 1248 522 ’Ότι
1262 496 1293 521 οὺ
1314 493 1382 530 μετά
1401 494 1524 529 ταραχῆς
1542 489 1733 525 ἐξελεύσεσθε,
1755 492 1814 519 οὐδὲ
1837 493 1910 528 φυγῇ

1124 540 1308 577 πορεύσεσοε”
1324 539 1541 577 προπορεύσεται
1556 539 1610 574 γὰρ
1620 539 1751 574 πρότερος
1764 538 1840 573 ὑμῶν
1855 538 1911 565 Κύ-

1125 594 1191 624 ριος,
1203 587 1277 614 καὶ’ό
1289 586 1461 620 ἐπισυνὰγων
1475 585 1546 621 ὑμᾶς
1558 585 1624 617 Θεὸς
1645 584 1760 620 Ἰσραήλ.
1781 593 1790 609 ι
1807 584 1844 610 Οὐ
1856 583 1912 620 γὰρ

1122 636 1161 668 ὡς
1187 635 1358 670 ἐλαυνόμενοι
1384 633 1535 669 προσῆλθον
1562 634 1602 664 είς
1631 631 1680 667 τὴν
1706 631 1830 666 περίοδον
1854 631 1910 657 τῶν

1123 681 1207 709 ἐθνῶν
1219 681 1244 707 οἱ
1261 679 1416 711 ἀπόστολοι.
1433 678 1501 706 ἀλλὰ
1516 678 1656 714 προθυμίᾳ
1673 677 1747 713 πάσῃ
1760 677 1806 703 καὶ
1814 686 1911 713 προαιο

1124 729 1197 765 ρὲσει
1219 729 1395 764 αὐτεξουσίῳ,
1416 727 1607 759 κελευσθέντες
1631 725 1798 762 μαθητεῦσαι
1821 725 1910 752 πάντα

1121 774 1156 802 τὰ
1170 774 1233 811 ἔθνη
1247 776 1276 801 ἐν
1286 775 1325 811 τῷ
1341 774 1452 810 ὀνόματι
1464 772 1546 800 αὑτοῦ

1152 828 1162 845 ι
1174 819 1239 846 ’1δοῦ
1250 820 1379 854 συνήσειό
1388 820 1452 850 παῖς
1464 818 1580 854 μου,καὶ
1589 816 1824 852 ὖψωθήσεται,καὶ
1836 815 1913 848 δοξα-

1123 865 1249 902 σθήσεται
1257 865 1368 903 σφόδρα.
1375 866 1428 892 »Δι’
1436 862 1473 893 ὧν
1479 865 1527 901 τὴν
1535 864 1603 900 μετὰ
1615 863 1660 890 τὸν
1672 863 1784 890 θάνατον
1794 862 1912 889 ἀνάστα-

1121 920 1172 945 σιν,
1182 912 1228 939 καὶ
1235 912 1283 948 τὴν
1292 913 1331 944 είς
1338 912 1468 947 οὐρανοὺς
1476 911 1607 946 ἀνάληψίν
1617 919 1646 937 τε
1652 910 1698 937 καὶ
1706 910 1807 945 ’ὑψωσιν
1815 909 1913 944 σημαί-

1121 965 1170 985 νει.
1194 957 1291 984 Δοῦλον
1302 957 1331 984 δὲ
1342 957 1433 989 αὐτὸν,
1450 956 1520 984 κατὰ
1534 956 1580 983 τὸν
1588 955 1712 987 ’Δχύλαν,
1724 955 1834 993 εἰκότως
1847 955 1914 981 ἀπο-

1121 1004 1197 1030 καλεῖ
1204 1003 1248 1030 διὰ
1253 1004 1300 1040 τὴν
1311 1003 1415 1040 μορφὴν
1420 1003 1466 1030 τοῦ
1474 1002 1576 1034 δούλου,
1583 1003 1616 1038 ἦν
1622 1002 1758 1037 ἀνείληφε.
1765 1011 1773 1028 ι
1783 1000 1893 1028 Ἑαυτὸν
1899 1011 1908 1026 ι

1121 1048 1175 1084 γὰρ
1190 1058 1199 1074 ι
1213 1048 1346 1075 ἐκένωσεν
1356 1048 1385 1074 ἐν
1397 1048 1486 1083 μορφῇ
1497 1045 1565 1073 Θεοῦ
1578 1047 1707 1081 ὑπάρχων
1718 1045 1783 1077 Θεὸς
1792 1045 1888 1078 Λόγος,
1896 1053 1905 1069 ι

1100 1104 1106 1110 “
1121 1089 1192 1120 κατὰ
1201 1093 1245 1120 τὸν
1255 1094 1277 1120 ιε
1281 1094 1327 1129 ρον
1335 1093 1494 1119 Ἀπόστολον
1502 1112 1509 1125 ,
1522 1101 1530 1118 ι
1542 1093 1648 1128 μορφὴν
1656 1091 1748 1118 δούλου
1757 1091 1856 1122 λαϐὼν,
1863 1090 1911 1117 καὶ

1122 1140 1242 1175 σχήματι
1255 1139 1376 1175 εὑρεθεὶς
1388 1139 1425 1171 ὡς
1442 1139 1595 1174 ἄνθρωπος.
1612 1148 1621 1164 ι
1639 1138 1707 1165 Ἀλλ’
1722 1137 1803 1168 αὐτὸς
1819 1137 1833 1163 ό
1844 1137 1911 1167 παῖς

1121 1184 1168 1211 τοῦ
1189 1184 1256 1211 Θεοῦ
1278 1183 1326 1211 καὶ
1342 1183 1433 1215 δοῦλος
1456 1183 1546 1219 πάσης
1568 1182 1719 1219 ἐπληροῦτο
1745 1183 1840 1216 σοφίας
1861 1180 1911 1208 καὶ

1122 1228 1286 1264 ἐπιστήμης,
1303 1227 1348 1255 τὸν
1362 1227 1429 1254 Θεοῦ
1443 1228 1525 1262 Λόγον
1538 1227 1577 1259 εις
1591 1227 1671 1254 αὑτὸν
1692 1227 1832 1263 χωρήσας.

1161 1329 1170 1346 ι
1189 1320 1238 1346 Ὃν
1254 1319 1354 1356 τρόπον
1377 1319 1555 1354 ἐκστήσονται
1580 1319 1627 1345 ἐπὶ
1652 1319 1682 1345 σὲ
1703 1317 1805 1350 πολλοὶ,
1822 1318 1909 1350 οὓτως

1124 1366 1248 1402 ἀδοξήσει
1262 1366 1315 1392 ἀπὸ
1329 1365 1382 1392 τῶν
1397 1365 1546 1402 ἀνθρώπων
1557 1365 1587 1391 τὸ
1598 1362 1665 1396 εἶδός
1679 1373 1736 1397 σου,
1752 1364 1799 1391 καὶ
1813 1364 1830 1399 ἡ
1845 1364 1910 1396 δόξα

1124 1420 1169 1438 σου
1195 1411 1248 1437 ἀπὸ
1270 1411 1323 1437 τῶν
1345 1410 1410 1437 υἱῶν
1434 1409 1593 1446 ἀνθρώπιον.
1626 1409 1703 1436 Οὕτω
1725 1409 1910 1444 θαυμάσονται

1122 1457 1185 1492 ἔθνη
1197 1456 1280 1483 πολλὰ
1294 1456 1425 1491 ἐπάὺτῷ,
1438 1456 1485 1483 καὶ
1500 1456 1638 1488 συνέξουσι
1651 1455 1768 1490 βασιλεῖς
1780 1455 1811 1481 τὺ
1822 1454 1911 1489 στόμα

1123 1503 1213 1530 αὐτῶν
1224 1511 1231 1518 ’
1248 1503 1289 1529 ὅτι
1305 1500 1345 1534 οἷς
1367 1503 1416 1529 οὐκ
1439 1502 1575 1537 ἀνηγγέλη
1591 1502 1654 1537 περὶ
1671 1500 1753 1527 αὑτοῦ
1764 1521 1770 1533 ,
1786 1500 1908 1535 ὄψονται,

1123 1549 1170 1576 καὶ
1191 1548 1215 1575 οῖ
1234 1548 1283 1575 οὐκ
1300 1548 1446 1583 ἀκηκόασι,
1468 1548 1623 1583 συνήσουσι.
1643 1556 1652 1573 ι
1668 1546 1753 1572 τοῦτο
1767 1546 1820 1581 γὰρ
1832 1544 1865 1582 ἦν
1877 1547 1909 1573 τὺ

1124 1594 1236 1629 κινῆσαν
1250 1594 1313 1626 τοὺς
1328 1593 1456 1628 βασιλεῖς,
1475 1592 1546 1627 λέγω
1562 1592 1593 1628 δὴ
1608 1592 1639 1619 τὺ
1655 1592 1811 1627 διαδραμεῖν
1826 1592 1909 1619 αὑτοῦ

1123 1642 1168 1669 τὸν
1187 1641 1362 1676 εὑαγγελικὺν
1377 1640 1517 1675 λόγονκαὶ
1530 1639 1576 1666 ἐπὶ
1595 1640 1629 1666 τὰ
1644 1639 1811 1675 πορῥωτάτω
1828 1639 1903 1675 ἔθνη.

1123 1688 1177 1714 Καὶ
1194 1687 1280 1715 ταῦτα
1301 1687 1349 1723 μὲν
1367 1686 1457 1721 λόγοις
1472 1686 1629 1718 ὲθεσπὶζετο
1650 1686 1750 1713 πάλαι·
1768 1685 1858 1721 ἔργοις
1879 1685 1909 1712 δὲ

1123 1733 1284 1770 ἐπληροῦτο,
1312 1733 1358 1759 ἐπὶ
1378 1733 1427 1767 τῆς
1447 1733 1486 1764 εἰς
1510 1732 1607 1764 αὐτοὺς
1623 1732 1669 1759 τοῦ
1688 1732 1811 1767 Σωτῆρος
1828 1731 1909 1767 ἡμῶν

1123 1780 1256 1816 παρόδου·
1281 1779 1310 1805 ὃν
1334 1778 1483 1814 ὀφθαλμοῖς
1509 1778 1608 1810 [δόντες
1642 1778 1773 1804 Ἰουδαίων
1803 1777 1907 1810 παῖδες,

1123 1826 1215 1862 φωνῆς
1233 1834 1263 1852 τε
1278 1825 1359 1852 αὑτοῦ
1376 1824 1590 1856 ὑπακούσαντες,
1609 1823 1670 1850 οὔτε
1692 1823 1821 1858 συνῆκαν,
1844 1822 1907 1849 οὔτε

1122 1871 1246 1899 λαλοῦντι
1270 1870 1405 1906 παρέσχον
1420 1870 1468 1906 τὴν
1479 1870 1576 1905 ἀκοήν·
1594 1869 1664 1895 ὥστε
1680 1869 1726 1895 καὶ
1739 1868 1786 1904 τὴν
1799 1868 1905 1904 ἐμπρο-

1123 1917 1185 1944 σθεν
1201 1916 1368 1953 προφητείαν
1385 1916 1424 1947 είς
1433 1915 1530 1946 αὐτοὺς
1539 1914 1745 1950 πεπληρῶσθαι,
1763 1914 1812 1950 τὴν
1824 1915 1908 1949 φήσα-

1122 1973 1170 1991 σαν
1181 1984 1188 1996 ,
1208 1973 1217 1989 ι
1242 1964 1321 1998 Ἀκοῇ
1338 1962 1481 1993 ἀκούσετε,
1498 1962 1544 1988 καὶ
1558 1962 1589 1988 οὺ
1605 1961 1643 1998 μὴ
1663 1961 1777 1997 συνῆτν
1792 1961 1838 1988 καὶ
1849 1961 1909 1997 βλέ-

1121 2017 1216 2040 ποντες
1232 2007 1355 2043 βλέψετε,
1370 2007 1416 2033 καὶ
1424 2007 1454 2033 οὗ
1471 2005 1508 2041 μὴ
1521 2006 1622 2041 ἴδητε.»

1382 2053 1576 2080 ΚΕΦΑΛΑῘΟΝ
1597 2052 1659 2079 ΝΡ.

1157 2110 1166 2127 ‹
1181 2100 1277 2137 Κύριε,
1294 2098 1335 2130 τίς
1353 2099 1495 2125 ἐπίστευσε
1510 2099 1543 2133 τῇ
1556 2098 1624 2133 ἀκοῇ
1643 2097 1738 2133 ἡμῶνς
1756 2096 1802 2124 καὶ
1814 2098 1829 2124 ὸ
1843 2096 1908 2133 βραο

1120 2147 1185 2183 χίων
1199 2147 1302 2183 Κυρίου
1321 2146 1374 2173 τίνι
1396 2144 1592 2179 ἀπεκαλύφθη;
1614 2153 1622 2169 ι
1645 2143 1906 2185 ’Δποθαυμαστικῶς

1120 2194 1144 2220 οι
1162 2192 1208 2219 τοῦ
1233 2192 1300 2219 Θεοῦ
1322 2191 1469 2228 προφῆται,
1493 2190 1543 2226 τὴν
1571 2190 1698 2216 ἀπιστίαν
1719 2189 1835 2225 ὁρῶντες
1855 2189 1905 2216 τοῦ

1126 2239 1260 2265 Ἰουδαίων
1276 2238 1378 2269 ἔθνους,
1395 2237 1444 2273 τήν
1456 2245 1486 2263 τε
1505 2236 1559 2262 τῶν
1575 2235 1658 2262 ἐθνῶν
1676 2236 1842 2272 ἐπιστροφὴν
1857 2236 1907 2262 καὶ

1121 2284 1243 2320 ὑπακοὴν
1269 2283 1412 2319 θεώμενοι,
1434 2283 1510 2309 ταῦτ’
1524 2282 1626 2316 ἔλεγον.
1652 2282 1786 2318 Βραχίονα
1805 2282 1832 2308 δὲ
1857 2281 1906 2309 τοῦ

1120 2330 1187 2360 Θεοῦ
1205 2329 1332 2364 λέγεσθαι
1342 2329 1387 2356 τὸν
1400 2329 1529 2365 μονογενῆ
1539 2328 1614 2359 Υἰὸν,
1631 2328 1758 2359 πολλάκις
1769 2326 1909 2359 ἀπεδείξα-

1123 2366 1186 2412 μεῖλ³
1201 2376 1230 2408 ὃς
1247 2377 1313 2402 πᾶσι
1341 2376 1396 2407 τοῖς
1418 2375 1456 2407 εἰς
1471 2374 1551 2401 αὐτὸν
1568 2373 1778 2401 πεπιστευκόσιν
1801 2373 1908 2399 ἔθνεσιν

1121 2420 1246 2456 ἐγνώσθη
1267 2421 1322 2452 τοῖς
1339 2421 1493 2456 προφήταις
1512 2418 1675 2450 ἀκολούθως.
1696 2427 1704 2443 ι
1730 2417 1907 2453 ’Δνηγγεὶλα-

1122 2475 1187 2503 μεν·
1206 2467 1244 2498 ὡς
1260 2466 1366 2493 παιδίον
1381 2465 1500 2492 ἐναντίον
1521 2464 1620 2491 αὐτοῦ’
1637 2464 1675 2495 ὡς
1696 2463 1758 2499 ῥίζα
1774 2464 1803 2489 ἐν
1819 2465 1854 2498 γῇ
1866 2463 1908 2490 δι-

1119 2513 1208 2549 ψώσῃ.
1223 2514 1280 2540 οὐκ
1294 2512 1366 2539 ἔστιν
1381 2511 1450 2543 εἶδος
1467 2510 1552 2546 αὐτῷ,
1570 2510 1630 2536 οὐδὲ
1644 2510 1721 2543 δόξα*
1739 2509 1786 2536 καὶ
1799 2509 1908 2545 εἴδομεν

1120 2559 1211 2591 αὐτὸν,
1229 2559 1276 2585 καὶ
1296 2559 1346 2585 οὐκ
1365 2557 1437 2593 εἶχεν
1451 2555 1531 2588 εἶδος,
1549 2556 1611 2583 οὗτε
1630 2556 1735 2588 κάλλος.
1757 2565 1766 2581 ι
1784 2555 1837 2591 Γῆν
1855 2555 1908 2590 μὲν

1119 2605 1218 2632 ἄϐατον
1238 2604 1421 2639 αἰνιττόμενος
1439 2603 1488 2639 τὴν
1498 2602 1646 2638 Παρθένον,
1661 2599 1695 2637 ἦς
1709 2601 1796 2633 οὐδεὶς
1811 2601 1906 2628 ἐπιϐέ-

1120 2651 1217 2687 ϐηκεν·
1232 2650 1309 2686 ῥίζαν
1322 2650 1350 2676 δὲ
1363 2650 1412 2685 τὴν
1427 2650 1543 2685 ἐκείνην,
1560 2648 1624 2683 περὶ
1638 2646 1672 2684 ἦς
1681 2647 1800 2682 ἐλέγετο,
1819 2656 1828 2673 ι
1846 2647 1908 2679 Ἐξ-

1121 2696 1259 2723 ελεύσεται
1275 2696 1372 2732 ῥάϐδος
1386 2697 1420 2723 ἐκ
1433 2697 1482 2732 τῆς
1492 2695 1569 2731 ῥίζης
1588 2694 1695 2726 Ἰεσσαὶ,
1710 2692 1756 2721 καὶ
1772 2693 1852 2725 ἄνθος
1874 2695 1908 2721 ἐκ

1119 2743 1169 2778 τῆς
1191 2742 1269 2778 ῥίζης
1294 2742 1470 2778 ἀναϐήσεται.
1495 2752 1505 2768 ι
1528 2741 1614 2768 Κάκεῖ
1641 2740 1695 2776 γὰρ
1720 2739 1907 2775 ἀναεὴσεσθαι

1117 2787 1253 2825 ἐδηλοῦτο,
1277 2787 1334 2815 ἀλλ’
1351 2789 1409 2814 ἐκεῖ
1432 2788 1481 2823 μὲν
1504 2787 1536 2814 ἐκ
1560 2786 1609 2821 τῆς
1630 2786 1707 2822 ῥίζης
1727 2785 1838 2819 Ἰεσσαὶ,
1861 2786 1908 2814 ἐν-

1117 2834 1204 2870 ταῦθα
1221 2834 1249 2862 δὲ
1266 2835 1320 2862 ἀπὸ
1332 2834 1382 2870 τῆς
1397 2834 1498 2861 ἀϐάτου
1511 2834 1561 2869 γῆς
1578 2833 1626 2869 τῆς
1639 2831 1815 2869 δηλωθιίσης.
