4130 6400
361 367 469 427 457

1274 363 1773 422 COMMENTARIA
1815 361 1882 418 IN
1921 354 2178 413 ISAIAM.
2225 382 2287 391 υ-
2330 349 2481 404 CAP.
2527 347 2656 401 LIII.

3492 347 3594 402 459

433 502 455 538 ι
490 483 649 538 Ἀλλά
681 483 740 537 τὸ
768 479 904 547 εἶδος
939 482 1103 536 αὐτοῦ
1134 484 1346 553 ἄτιμον,
1371 483 1464 534 καὶ
1494 483 1741 534 ἐκλεῖπον
1777 477 1926 549 παρά

2099 473 2262 526 Vens.
2291 472 2344 531 5,
2377 469 2432 522 4.
2471 487 2488 520 ι
2515 467 2621 522 Sed
2653 465 2862 534 species
2887 463 3006 534 ejus
3033 463 3352 517 inhonorata
3377 471 3430 516 et
3464 463 3600 515 dell-

349 579 482 643 τοὺς
516 578 663 640 υἱοὺς
690 576 798 630 τῶν
823 575 1143 649 ἀνθρώπων.
1179 576 1498 647 Ἀνθρωπος
1533 576 1591 626 ἐν
1618 573 1801 642 πληγῇ
1829 569 1923 634 ὢν,

357 669 450 725 καὶ
474 668 630 730 εἰδὼς
647 667 831 738 φέρειν
852 667 1144 737 μαλακίαν,
1161 667 1242 720 ὅτι
1263 667 1642 737 ἀπέστραπται
1676 664 1737 716 τὸ
1757 663 1927 734 πρόσ-

356 775 504 814 ωπον
539 756 723 819 αὐτοῦ,
755 757 1053 829 ἡτιμάσθη,
1095 758 1187 811 καὶ
1226 759 1325 810 οὐκ
1352 749 1808 828 ἐλογίσθη.οὖτος
1830 757 1926 819 τὰς

357 851 634 922 ἁμαρτίας
660 849 816 921 ἡμῶν
845 849 1018 922 φέρει,
1060 848 1156 903 καὶ
1180 849 1309 921 περὶ
1341 849 1498 920 ἡμῶν
1523 848 1804 901 ὀδυνᾶται·
1833 849 1926 900 καὶ

352 942 520 1013 ἡμεῖς
567 938 927 1010 ἐλογισάμεθα
973 939 1136 992 αὐτὸν
1192 935 1330 992 εἶναι
1382 939 1440 990 ἐν
1491 937 1674 1008 πόνῳ,
1736 939 1828 990 καὶ
1869 939 1925 989 ἐν

359 1032 563 1104 πληγῇ,
594 1036 688 1086 καὶ
715 1035 772 1086 ἐν
800 1031 1062 1087 κακώσει.
1098 1050 1115 1082 ι
1160 1033 1469 1085 Κοινοποιεῖ
1496 1030 1552 1083 δὲ
1582 1033 1610 1083 ὁ
1644 1032 1925 1101 προφήτης

358 1125 776 1194 συγκαταλέγων
809 1125 902 1178 καὶ
951 1124 1142 1177 ἑαυτὸν
1168 1123 1254 1177 διὰ
1279 1123 1682 1194 φιλανθρωπίαν
1710 1126 1820 1185 τοῖς
1852 1123 1925 1193 μὴ

355 1218 735 1288 λογισαμένοις
771 1216 864 1270 τὸν
895 1216 1158 1287 Σωτῆρα·
1197 1217 1311 1270 Οὐκ
1349 1215 1710 1287 ἐλογισάμεθα
1741 1215 1923 1279 αὐτὸν,

347 1310 476 1363 οὐδὲ
504 1306 1040 1381 προσεποιησάμεθα,
1071 1308 1191 1361 οὐδὲ
1232 1308 1560 1380 ἐννοήσαμεν
1581 1309 1664 1372 τίς
1687 1325 1816 1361 ποτε
1835 1303 1921 1378 ἦν.

367 1403 428 1456 Ὀ
442 1401 498 1455 δὲ
515 1397 580 1473 ἦν
606 1401 716 1472 ἄρα
730 1404 757 1455 ὁ
776 1401 884 1455 τῶν
907 1400 1189 1474 ἡμετέρων
1211 1401 1397 1472 ψυχῶν
1421 1402 1630 1474 Σωτὴρ,
1660 1403 1927 1475 ἰατρεύων

349 1489 553 1551 αὐτῶν,
589 1489 684 1542 καὶ
725 1488 1002 1559 καθαίρων
1049 1490 1228 1562 πάσης
1257 1490 1552 1562 ἁμαρτίας.
1597 1491 1735 1544 Ἀλλ’
1766 1494 1926 1563 ἡμεῖς

356 1580 458 1652 μὲν
483 1575 570 1634 οἷα
593 1581 774 1651 νήπιοι
796 1581 1000 1652 ταύτην
1024 1581 1240 1650 εἴχομεν
1274 1583 1402 1655 περὶ
1423 1581 1586 1636 αὑτοῦ
1617 1583 1716 1653 τὴν
1741 1582 1921 1650 δόξαν·

354 1674 383 1724 ὁ
413 1671 471 1725 δὲ
497 1671 670 1725 ταῦτα
696 1673 872 1726 πάντα
900 1671 1106 1742 ἔπασχε
1133 1671 1199 1726 δι’
1231 1672 1411 1744 ἡμῶν,
1461 1674 1548 1728 ἵνα
1586 1676 1737 1746 ἡμᾶς
1777 1675 1925 1728 ἐλευ-

353 1760 570 1834 θερώσῃ
598 1761 779 1833 πάσης
804 1761 1100 1832 ἁμαρτίας.

431 1953 454 1986 σ
489 1936 661 2000 Auro;
685 1937 744 1990 δέ
772 1938 1178 2011 ἐτραυματίσθη
1209 1938 1296 1993 διὰ
1324 1939 1422 2002 τὰς
1453 1939 1723 2012 ἁμαρτίας
1746 1941 1922 2012 ἡμῶν,

353 2028 448 2080 καὶ
499 2027 898 2100 μεμαλάκισται
944 2029 1033 2083 διὰ
1073 2031 1171 2094 τὰς
1207 2030 1437 2102 ἀνομίας
1480 2031 1657 2102 ἡμῶν.
1704 2032 1926 2086 Παιδεία

354 2123 578 2192 εῐρήνης
615 2122 770 2193 ἡμῶν
803 2124 888 2176 ἐπ’
914 2124 1106 2180 αὐτόν*
1165 2125 1244 2195 τῷ
1274 2123 1506 2196 μώλωπι
1558 2123 1722 2179 αὑτοῦ
1768 2125 1928 2195 ἡμεῖς

359 2211 609 2283 ίάθημεν.
651 2233 668 2265 ι
701 2214 832 2266 Τότε
868 2213 998 2282 γοῦν
1031 2217 1126 2268 καὶ
1158 2217 1443 2288 συνετρίϐη
1479 2217 1570 2271 καλ⁹
1594 2215 1926 2286 ἐϐεϐηλώθη,

354 2304 499 2358 κατά
524 2304 616 2356 τὸν
652 2304 903 2367 Ἀκύλαν,
939 2307 1034 2360 καὶ
1059 2307 1234 2361 πάντα
1261 2309 1328 2362 τά
1359 2309 1612 2380 χείριστα
1645 2309 1926 2380 ὑπέμεινε,

351 2399 417 2450 οὑ
448 2396 537 2450 διά
561 2414 704 2460 τινος
735 2397 941 2460 οἰκείας
971 2399 1262 2469 ἁμαρτίας,
1309 2399 1394 2453 διὰ
1423 2400 1479 2453 δὲ
1507 2399 1607 2464 τάς
1635 2399 1926 2471 ἡμετέρας.

355 2486 466 2541 Καὶ
498 2487 719 2554 γέγονεν
750 2489 782 2557 ἡ
818 2486 1029 2540 παιδεία
1049 2488 1148 2557 τῆς
1173 2490 1393 2562 εἰρήνης
1431 2490 1587 2562 ἡμῶν
1615 2492 1700 2543 ἐπ’
1728 2491 1889 2544 αὐτόν
1912 2509 1925 2521 ο

355 2579 501 2649 ἆπερ
533 2578 640 2650 γὰρ
673 2578 838 2650 ἐχρῆν
868 2581 1018 2649 ἡμᾶς
1047 2580 1240 2634 παθεῖν
1264 2580 1685 2652 παιδευομένους
1719 2581 1806 2634 διὰ
1833 2582 1929 2647 τὰς

353 2670 629 2741 ἁμαρτίας
653 2671 751 2736 τὰς
779 2673 1071 2745 ἡμετέρας,
1105 2673 1258 2728 ταῦτ’
1297 2673 1385 2728 ἐπ’
1421 2672 1582 2728 αὐτὸν
1597 2670 1758 2745 ἦλθεν
1792 2675 1930 2747 ὑπὲρ

352 2761 454 2832 τῆς
480 2763 750 2835 ἡμετέρας
768 2766 990 2837 εἰρήνης
1004 2767 1101 2836 τῆς
1131 2765 1264 2836 πρὸς
1281 2766 1429 2820 Θεόν.
1461 2767 1611 2821 Ἐπεὶ
1626 2767 1717 2822 καὶ
1737 2767 1926 2839 μώλω-

353 2871 464 2917 πας
508 2855 654 2919 εἰκὸς
694 2851 763 2928 ἦν
790 2856 954 2910 αὑτὸν
999 2856 1185 2927 φέρειν
1219 2856 1360 2910 κατὰ
1399 2858 1496 2910 τοῦ
1545 2857 1796 2930 σώματος
1838 2860 1930 2914 καὶ

351 2943 662 3015 τραύματα,
697 2947 1030 3018 τυπτόμενον
1072 2947 1166 3001 καὶ
1207 2947 1664 3020 μαστιγούμενον,
1707 2950 1800 3003 καλ
1832 2950 1930 3015 τάς

343 3034 502 3104 ὂψεις
528 3036 907 3109 ῥαπιζόμενον,
944 3040 1043 3112 τήν
1079 3057 1139 3092 τε
1171 3040 1410 3112 κεφαλὴν
1436 3041 1668 3113 καλάμῳ
1701 3041 1929 3113 παιόμε-

349 3146 463 3182 νον.
505 3131 648 3200 Πλὴν
681 3131 730 3184 οΞ
773 3131 1036 3202 μώλωπες
1077 3122 1221 3186 οὗτοι
1269 3133 1511 3204 σωτῆρες
1562 3127 1703 3205 ἦσαν
1748 3133 1924 3204 ἡμῶν.
1953 3172 1999 3233 c

357 3240 379 3272 ι
418 3219 508 3291 Τῷ
538 3241 556 3272 ι
583 3221 692 3293 γὰρ
729 3241 746 3272 ι
793 3222 1018 3293 μώλωπι
1057 3222 1220 3276 αὐτοῦ
1250 3225 1409 3294 ἡμεῖς
1443 3223 1692 3296 ίάθημεν.
1723 3245 1742 3277 ι
1773 3225 1929 3290 Τίνες

341 3311 410 3364 δὲ
432 3312 592 3382 ἡμεῖς
614 3312 727 3366 ἀλλ’
750 3313 782 3384 ἣ
809 3315 856 3366 οἱ
884 3313 1050 3368 πάλαι
1076 3313 1454 3384 πλανηθέντες,
1483 3316 1576 3369 καὶ
1610 3314 1683 3387 μὴ
1713 3315 1930 3383 λογισά-

355 3419 506 3472 μενοι
529 3400 708 3469 αὑτὸν,
740 3403 871 3475 μηδὲ
903 3404 1172 3469 συνιέντες
1201 3402 1282 3470 τίς
1316 3423 1444 3459 ποτε
1481 3401 1590 3477 ἦνς

432 3642 452 3674 ι
483 3625 692 3689 Πάντες
723 3641 800 3688 ως
828 3624 1080 3696 πρόϐατα
1109 3625 1493 3698 ἐπλανήθημεν
1513 3644 1527 3657 ·
1556 3626 1840 3698 ἄνθρωπος
1860 3627 1928 3695 τῇ

490 3715 652 3770 αὐτοῦ
705 3716 1002 3789 ἐπλανήθη.
1038 3718 1149 3772 Καὶ
1177 3717 1380 3791 Κύριος
1416 3717 1732 3790 παρέδωκεν
1770 3717 1932 3772 αὐτὸν

353 3811 474 3872 ταῖς
498 3808 794 3880 ἁμαρτίαις
821 3809 1008 3880 ἡμῶνο
1039 3812 1133 3866 καὶ
1163 3811 1452 3875 αὐτὸς·διά
1498 3811 1557 3864 τὸ
1585 3809 1931 3864 κεκακῶσθαι

341 3899 456 3954 οὐκ
475 3900 680 3968 ἀνοίγει
703 3901 764 3954 τὸ
788 3901 961 3972 στόμα
983 3901 1169 3956 αὐτοῦ’
1188 3902 1265 3966 ὡς
1295 3901 1572 3972 πρόϐατον
1605 3901 1696 3954 ἐπὶ
1721 3901 1932 3972 σφαγὴν

357 3989 522 4062 ἡχθη,
551 3991 645 4044 καὶ
673 3992 749 4056 ὡς
779 3992 950 4063 ἀμνὸς
982 3993 1223 4048 ἐναντίον
1263 3991 1358 4046 τοῦ
1397 3993 1671 4063 κείροντος
1697 3992 1928 4062 ἄφωνος,

353 4081 530 4146 οὕτως
555 4084 656 4136 οὐκ
680 4084 884 4154 ἀνοίγει
915 4085 976 4140 τὸ
1001 4091 1191 4158 στόμα.
1227 4105 1245 4139 ι
1277 4085 1398 4139 "AD
1409 4103 1467 4149 ος
1497 4085 1608 4158 γὰρ
1627 4085 1790 4157 ἀλλην
1811 4085 1930 4139 ὁδὸν

360 4174 563 4228 ὥδευσε
617 4175 846 4248 πλάνης,
899 4178 1130 4251 διάφορα
1187 4179 1314 4250 περὶ
1357 4177 1524 4234 αὐτοῦ
1572 4178 1668 4232 καὶ
1715 4179 1931 4232 ἐναντία

355 4266 620 4339 δοξάσης
654 4268 734 4340 τῷ
769 4270 826 4323 δὲ
868 4272 979 4343 ἄρα
1012 4271 1113 4326 οὐκ
1149 4271 1298 4325 ἀθεεὶ
1321 4271 1532 4340 ἐγίνετο
1552 4270 1621 4325 τά
1649 4269 1926 4340 γινόμενα.

357 4360 529 4424 Αὐτὸς
551 4359 660 4432 γὰρ
685 4361 871 4416 ἐαυτὸν
893 4362 1178 4434 παρεδίδου
1192 4363 1228 4414 νὸ
1245 4363 1448 4435 Κύριος
1473 4363 1614 4435 ὑπὲρ
1637 4362 1742 4416 τῶν
1763 4363 1933 4435 ἀμαρ-

348 4451 488 4506 τιῶν
531 4453 708 4524 ἡμῶν,
757 4453 843 4507 ἵνα
883 4454 1105 4526 γένηται
1147 4455 1440 4527 ἀντίψυχον
1480 4455 1575 4510 καὶ
1617 4456 1930 4527 ἀντίλυτρον

2036 563 2184 618 ciens
2211 575 2323 630 prae
2350 557 2472 613 [iliis
2501 557 2800 612 hominum.
2829 553 3004 608 Homo
3038 553 3088 607 in
3117 552 3268 622 plaga
3307 551 3598 616 exsistens,

2033 664 2090 708 et
2118 654 2294 707 sciens
2326 650 2470 705 ferre
2502 649 2872 702 inﬁrmitatem
2906 664 2921 700 :
2955 645 3079 714 quia
3123 657 3345 699 aversus
3375 652 3458 699 est
3483 644 3597 698 vul-

2035 756 2121 798 tus
2144 743 2280 810 ejus,
2313 740 2601 808 despectus
2639 746 2695 791 et
2739 750 2842 790 non
2875 743 3172 802 reputatus.
3221 731 3339 803 Ipse
3379 740 3596 803 peccata

2034 845 2215 891 nostra
2248 842 2428 903 portat
2450 874 2464 897 ,
2497 841 2551 885 et
2583 845 2680 898 pro
2708 828 2862 883 nobis
2891 828 3075 882 dolet:
3103 835 3158 882 et
3195 842 3294 882 nos
3333 827 3600 895 reputavi-

2034 938 2152 978 mus
2190 936 2310 976 eum
2357 934 2478 974 esse
2517 921 2568 972 in
2623 918 2823 980 dolore,
2874 927 2928 970 et
2976 917 3027 970 in
3065 916 3237 984 plaga,
3283 922 3336 969 et
3369 914 3428 966 in
3461 911 3596 967 alui-

2033 1012 2232 1066 c:ione.
2266 1030 2285 1062 ι
2320 1009 2376 1063 In
2409 1008 2678 1064 communi
2711 1007 2968 1076 propheta
3022 1006 3279 1074 loquitur,
3328 1020 3449 1060 sese
3493 1020 3598 1072 pra:

2034 1103 2388 1158 humanitatis
2431 1099 2625 1154 aﬂectu
2663 1101 2726 1152 iis
2755 1112 3182 1158 conninuerans,
3233 1098 3324 1166 qui
3354 1095 3595 1151 Salvato-

2037 1209 2146 1249 rem
2206 1208 2309 1248 non
2365 1199 2808 1259 reputaverunt:
2863 1186 2976 1241 Non
3033 1187 3400 1256 reputavimus
3452 1201 3599 1248 eum,

2034 1302 2209 1358 neque
2241 1289 2416 1357 ipsum
2445 1284 2597 1339 nobis
2618 1282 2975 1346 adscivimus,
3011 1296 3198 1350 neque
3242 1279 3598 1350 cogitavimus

2033 1380 2154 1450 quis
2180 1387 2344 1435 esset.
2377 1375 2500 1446 Ipse
2525 1390 2651 1429 vero
2676 1373 2979 1426 animarum
3013 1382 3316 1424 nostrarum
3344 1365 3594 1422 Servatot

2032 1481 2172 1535 erat,
2201 1486 2231 1525 a
2262 1467 2568 1522 vulneribus
2597 1479 2825 1528 curans,
2859 1473 2913 1518 et
2941 1475 3176 1531 purgans
3205 1460 3271 1511 ab
3296 1459 3448 1513 ⁴οιιιιιί
3481 1473 3601 1526 ρους

2033 1569 2172 1615 cato.
2233 1559 2336 1612 Sed
2392 1571 2489 1612 nos
2543 1555 2784 1624 quidem,
2840 1561 3022 1621 utpote
3071 1549 3320 1610 infantes.
3370 1565 3487 1602 eam
3537 1552 3600 1601 de

2034 1651 2124 1706 illo
2157 1649 2441 1705 habuimus
2487 1645 2946 1702 existimationem
2991 1661 3004 1696 :
3051 1641 3136 1696 ille
3173 1656 3300 1694 vero
3343 1641 3456 1694 haec
3486 1655 3600 1694 oni-

2033 1743 2120 1798 nia
2185 1758 2281 1812 per
2345 1755 2445 1796 nos
2501 1751 2693 1808 passus
2760 1745 2879 1798 est,
2932 1743 2991 1788 ut
3057 1749 3154 1788 nos
3215 1731 3471 1786 liberaret
3533 1731 3601 1784 ab

1955 1841 1997 1896 Β
2032 1834 2178 1889 omni
2213 1841 2455 1901 peccato.

2102 1925 2266 1979 Vens.
2292 1923 2346 1978 5.
2375 1940 2402 1974 ,ι
2429 1921 2546 1991 Ipse
2571 1929 2750 1974 autem
2779 1917 3094 1972 vulneratus
3124 1923 3205 1968 est
3231 1923 3448 1984 propter
3479 1927 3599 1982 pec-

2028 2023 2149 2070 cata
2191 2023 2397 2071 nostra.
2449 2021 2504 2064 et
2557 2009 2862 2063 infirmatus
2911 2015 2994 2060 est
3035 2015 3254 2075 propter
3288 2003 3600 2074 iniquitates

2030 2114 2261 2158 nostras.
2321 2100 2614 2168 Disciplina
2663 2098 2811 2167 pacis
2856 2107 3051 2152 nostra:
3101 2111 3263 2164 super
3313 2111 3434 2148 eum
3469 2113 3483 2149 :
3518 2097 3600 2148 vi-

2031 2196 2148 2251 bice
2197 2196 2316 2264 ejus
2363 2193 2536 2248 sanati
2579 2206 2795 2246 sumus.
2831 2209 2848 2240 ι
2888 2191 3041 2246 Tunc
3068 2190 3230 2260 igitur
3253 2188 3522 2243 contritus
3547 2197 3600 2243 et

2030 2287 2343 2358 profanatas
2398 2296 2516 2348 est,
2578 2283 2872 2339 secundum
2919 2282 3184 2352 Aquilam.
3241 2296 3305 2335 ac
3364 2279 3596 2350 pessima

2030 2393 2254 2449 quisque
2283 2392 2572 2448 perpessus
2616 2386 2720 2440 est,
2766 2391 2872 2432 non
2901 2376 2969 2430 ob
3009 2376 3282 2444 proprium
3325 2374 3598 2443 quoddam

2032 2459 2332 2541 peccatum,
2358 2470 2449 2524 sed
2476 2469 2553 2525 ob
2596 2478 2812 2538 peccata
2844 2477 3049 2522 nostra.
3094 2467 3155 2520 Et
3187 2466 3289 2519 fuit
3318 2464 3598 2533 disciplina

2033 2565 2179 2631 pacis
2219 2574 2417 2618 nostrae
2442 2577 2608 2630 super
2634 2576 2800 2628 eum;
2854 2575 2975 2614 cum
3007 2574 3068 2613 ea
3100 2573 3220 2627 quae
3257 2558 3327 2613 ob
3379 2566 3598 2627 peccata

2033 2666 2220 2709 nostra
2254 2669 2352 2708 nos
2393 2653 2598 2722 perpeti
2632 2665 2766 2721 opus
2797 2660 2938 2712 erat.
2969 2651 3082 2704 haec
3123 2649 3222 2717 ipsi
3271 2662 3598 2714 superveneo

2032 2755 2160 2800 runt
2189 2759 2283 2814 pro
2304 2757 2436 2812 pace
2466 2752 2648 2797 nostra
2675 2756 2797 2796 cum
2816 2741 2938 2795 Deo
2963 2737 3302 2793 stabilienda.
3332 2737 3597 2803 Quoniam

2031 2847 2086 2891 et
2117 2835 2382 2890 vibicibus
2432 2843 2485 2888 et
2540 2831 2856 2887 vulneribus
2907 2841 3020 2885 tom
3072 2844 3298 2899 corpore
3347 2837 3597 2882 onustum

2032 2927 2200 2981 fuisse
2231 2923 2523 2981 verisimile
2551 2931 2654 2986 est,
2702 2931 2881 2991 utpote
2926 2920 3018 2991 qui
3059 2935 3366 2988 percussus,
3410 2918 3599 2988 ﬂagel-

2035 3018 2197 3082 latus,
2229 3017 2281 3070 in
2327 3015 2463 3069 faeie
2491 3013 2732 3081 colaphis
2766 3025 2960 3072 exesus.
2992 3020 3047 3065 et
3086 3011 3139 3064 in
3186 3008 3362 3078 capite
3391 3011 3601 3064 calamo

2032 3124 2318 3181 percussus
2374 3107 2556 3162 fuerit.
2605 3107 2869 3161 Caeterum
2921 3103 3121 3157 vibices
3159 3101 3465 3173 huiusmodi
3515 3115 3601 3154 sa-

2031 3204 2129 3258 luti
2181 3201 2335 3256 nobis
2386 3210 2540 3255 erant
2588 3218 2602 3253 :
2657 3214 2779 3252 nam
2835 3197 3051 3252 «vibice
3103 3197 3218 3266 ejus
3271 3211 3370 3250 nos
3423 3195 3600 3250 sanati

2031 3313 2236 3353 sumus.
2271 3315 2288 3346 ι
2333 3293 2439 3349 Nos
2485 3307 2634 3356 vero,
2687 3291 2929 3360 quinam,
2983 3290 3082 3344 nisi
3129 3289 3220 3357 qui
3269 3287 3399 3342 olim
3447 3302 3601 3342 erro-

2031 3390 2229 3452 vimus,
2261 3401 2358 3440 nec
2413 3383 2776 3454 reptttavimus
2824 3396 2972 3445 eum,
3024 3396 3197 3450 neque
3247 3380 3600 3450 cognovimus

2029 3481 2152 3551 quis
2175 3479 2358 3535 esset?

2103 3617 2268 3672 Vens.
2288 3615 2342 3678 6,
2370 3615 2419 3667 7.
2448 3633 2479 3665 ο(
2496 3611 2698 3670 Omnes
2726 3609 2879 3679 quasi
2911 3623 3038 3662 oves
3054 3605 3401 3670 erravimus;
3430 3603 3598 3660 homo

2033 3711 2197 3767 invia
2242 3723 2338 3764 sua
2372 3707 2594 3762 erravit.
2638 3705 2701 3760 Et
2732 3702 2996 3759 Dominus
3037 3699 3259 3754 tradidit
3305 3713 3429 3752 eum
3474 3711 3600 3768 pec-

2025 3803 2169 3858 catis
2196 3802 2398 3858 nostris
2428 3817 2443 3855 :
2475 3808 2534 3854 et
2564 3798 2676 3868 ipse
2706 3804 2930 3867 propter
2962 3792 3301 3848 aiilictionem
3342 3805 3447 3844 non
3473 3804 3600 3859 ape-

2034 3894 2106 3948 rit
2161 3909 2224 3947 os
2272 3907 2450 3948 suum.
2480 3890 2638 3947 Sicut
2677 3890 2792 3944 ovis
2817 3887 2885 3942 ad
2917 3885 3244 3942 occisionem
3277 3883 3469 3938 ductus
3492 3892 3597 3948 est,

2032 3997 2089 4041 et
2137 3986 2277 4042 sicut
2324 3999 2494 4054 agnus
2532 3996 2714 4038 coram
2759 3978 3010 4033 tondente
3036 3977 3157 4032 sine
3185 3988 3337 4039 voce,
3383 3973 3460 4028 sic
3491 3988 3598 4029 non

2033 4077 2208 4147 aperit
2231 4091 2315 4131 os.
2345 4095 2364 4129 ι
2395 4076 2552 4131 Alius
2577 4074 2739 4128 aliam
2768 4070 2892 4126 iniit
2919 4071 3062 4124 viam
3095 4069 3320 4134 erroris,
3364 4067 3489 4138 quia
3535 4068 3600 4122 ile

2035 4168 2124 4223 illo
2163 4167 2315 4221 varia
2360 4175 2414 4222 et
2453 4165 2722 4221 contraria
2769 4161 3078 4228 sentiebat;
3124 4171 3180 4215 at
3225 4161 3298 4214 illi
3340 4177 3446 4216 non
3479 4161 3599 4216 sine

2031 4274 2197 4330 scopo
2241 4267 2298 4313 et
2330 4258 2435 4313 ﬁne
2464 4260 2695 4328 quodam
2740 4257 2854 4311 lucc
2881 4263 3192 4310 evenerunt.
3228 4252 3343 4324 Ipse
3367 4268 3599 4323 namque

2033 4352 2290 4408 Dominus
2326 4363 2448 4406 sese
2475 4349 2692 4404 tradidit
2719 4362 2819 4417 pro
2855 4345 3096 4418 peccatis
3137 4346 3355 4407 nostris,
3399 4353 3456 4398 ut
3500 4359 3598 4413 pro

2033 4443 2336 4498 animarum
2378 4441 2691 4497 nostrarum
2740 4439 3105 4508 redemptione
3151 4437 3380 4507 pretium
3431 4445 3595 4492 esset.

351 4543 534 4616 ἡμῶν.
563 4543 719 4598 Οὖτω
735 4545 844 4615 γὰρ
869 4546 960 4600 καὶ
1002 4546 1198 4618 Ἀμνὸς
1217 4546 1312 4600 τοῦ
1343 4546 1477 4600 Θεοῦ
1504 4546 1743 4616 γέγονεν,
1760 4547 1929 4619 αἴρων

2033 4535 2126 4592 Sic
2169 4538 2311 4591 enim
2353 4542 2406 4589 et
2445 4535 2630 4604 Agnus
2662 4531 2752 4588 Dei
2785 4530 2959 4586 {actus
2986 4538 3092 4594 est,
3141 4529 3228 4597 qui
3265 4527 3401 4581 tollit
3436 4538 3598 4596 atque

351 4637 456 4690 καὶ
488 4637 899 4708 περικαθαίρων
934 4637 1032 4707 τὴν
1065 4638 1336 4710 ἁμαρτίαν
1374 4638 1467 4692 τοῦ
1502 4639 1725 4709 κόσμου.
1777 4639 1834 4693 Ὀ
1875 4639 1930 4692 δὲ

350 4728 674 4800 Σύμμαχος,
723 4748 742 4780 ι
776 4729 1162 4801 Ηροσηνέχθη,
1210 4731 1365 4800 φησὶ,
1447 4731 1539 4784 καὶ
1583 4731 1744 4795 αὐτὸς
1788 4731 1929 4802 ὑπή-

353 4838 539 4876 κουσε.
571 4842 590 4874 ι
631 4821 746 4875 Τίνι
776 4822 831 4874 δὲ
857 4821 1200 4894 προσηνέχθη
1225 4821 1340 4875 ἀλλ’
1378 4822 1410 4893 ἢ
1440 4822 1518 4894 τῷ
1549 4823 1792 4894 Πιλάτῳ;
1822 4824 1930 4877 Καὶ

349 4915 542 4986 ἐπειδὴ
564 4913 1037 4985 κατηγοροῦμενος
1068 4913 1296 4980 ἐσιώπα,
1331 4915 1424 4968 καὶ
1451 4914 1924 4986 ψευδομαρτυροὺ-

360 5023 518 5076 μενος
544 4999 1066 5078 οὐδὲνάπεκρίνατε,

433 5160 453 5192 ι
505 5143 592 5195 Ἑν
619 5145 685 5213 τῇ
719 5141 956 5196 κακώσει
991 5143 1024 5214 ἡ
1057 5141 1242 5214 κρίσις
1279 5139 1445 5194 αὐτοῦ
1477 5140 1638 5213 ἤρθη.
1681 5139 1792 5212 Τὴν
1831 5159 1923 5211 γε-

358 5232 485 5288 νεὰν
512 5233 675 5286 αὑτοῦ
696 5235 778 5296 τίς
807 5234 1122 5305 διηγήσεται
1149 5251 1164 5299 ;
1193 5235 1310 5288 Ὀτι
1338 5232 1552 5306 αἴρεται
1586 5232 1692 5287 ἀπὸ
1711 5233 1808 5304 τῆς
1825 5237 1928 5304 γῆς

313 5349 342 5396 -μι
358 5324 393 5394 ἡ
413 5321 524 5392 ζωὴ
547 5323 731 5376 αὐτοῦ·
768 5325 872 5378 ἀπὸ
896 5325 1002 5377 τῶν
1020 5325 1260 5396 ’ἀνομιῶν
1279 5325 1372 5378 τοῦ
1391 5325 1532 5379 ’λαοῦ
1570 5343 1669 5396 μου
1685 5326 1830 5398 ’ἤχθη
1849 5329 1928 5390 εἰς

333 5410 610 5466 ”θάνατον.
650 5431 668 5464 ο
703 5412 929 5466 Διελθὼν
964 5413 1128 5468 αὺτοῦ
1162 5413 1228 5468 τὰ
1265 5414 1434 5485 πάθη,
1479 5415 1790 5486 ἀναπέμπει
1830 5414 1927 5486 τὴν

357 5502 466 5559 τῶν
487 5502 789 5557 ἀκουόντων
821 5505 1060 5558 διάνοιαν
1093 5506 1187 5558 ἐπὶ
1219 5505 1443 5578 τὴνίτῆς
1474 5506 1737 5575 γενέσεως
1768 5506 1931 5560 αὐτοῦ

362 5593 683 5664 φαντασίαν,
733 5595 1028 5663 ἐπιλέγων⁸
1080 5614 1099 5646 ι
1140 5595 1252 5666 Τὴν
1281 5595 1472 5664 γενεὰν
1514 5595 1676 5651 αὑτοῦ
1720 5595 1806 5659 τίς
1848 5594 1934 5648 δι-

353 5687 667 5758 ηγήσεται;
708 5705 727 5738 ι
780 5686 912 5738 Τότε
969 5684 1076 5756 γὰρ
1125 5685 1358 5756 μάλιστά
1383 5704 1466 5750 τις
1517 5685 1700 5757 μεῖζον
1747 5686 1930 5740 λοιπὸν

361 5781 596 5854 λήψεται
630 5779 816 5850 θαῦμα
865 5778 965 5848 τῆς
1008 5777 1116 5830 τῶν
1153 5775 1423 5830 τοσούτων
1467 5779 1759 5847 ὑπομονῆς,
1803 5779 1928 5830 ὅταν

683 5899 952 5959 Puncta
979 5892 1342 5957 GnXXIV.

2034 4637 2225 4700 purgat
2247 4639 2525 4698 peccatum
2552 4625 2755 4679 mundi.
2783 4622 3141 4694 Syunnacbus
3164 4631 3367 4683 autem,
3395 4639 3415 4671 ι
3441 4618 3601 4674 Obla-

2035 4730 2122 4776 tus
2165 4729 2266 4782 est.
2315 4721 2413 4785 ait,
2463 4729 2518 4773 et
2560 4718 2672 4786 ipse
2709 4717 2965 4770 obedivit.
2999 4733 3018 4766 ι
3067 4714 3162 4769 Cui
3211 4729 3340 4768 vero
3383 4713 3596 4767 oblatus

2031 4821 2134 4879 est,
2171 4813 2271 4866 nisi
2309 4811 2517 4865 Pilato?
2557 4809 2625 4864 Et
2655 4810 2778 4877 quia
2809 4816 3090 4863 accusatus
3121 4807 3304 4868 tacuit,
3350 4817 3404 4860 et
3443 4805 3596 4862 falsis

2028 4905 2261 4961 testibus
2289 4903 2420 4959 nihil
2453 4902 2750 4973 respondit,

2103 5129 2271 5185 Vens.
2303 5128 2408 5184 8.1
2433 5127 2489 5182 In
2530 5126 2823 5181 aﬂlictioue
2859 5123 3116 5194 judicium
3148 5123 3266 5192 ejus
3300 5124 3463 5174 latum
3489 5131 3594 5175 est.

2027 5221 2450 5280 Generationem
2493 5220 2610 5288 ejus
2642 5221 2762 5288 quis
2783 5217 3093 5273 enarrabit?
3138 5215 3271 5282 Quia
3303 5214 3504 5269 tollitur
3533 5217 3598 5268 de

2034 5327 2178 5372 terra
2211 5318 2316 5371 vita
2347 5313 2482 5383 ejus.
2527 5315 2610 5368 Ab
2645 5313 3021 5382 iniquitatibus
3051 5310 3232 5382 populi
3270 5311 3372 5365 mei
3405 5312 3597 5364 ductus

2029 5419 2115 5464 est
2142 5408 2206 5462 ad
2247 5416 2498 5462 mortem.
2536 5424 2556 5456 ι
2601 5405 2888 5474 Postquam
2929 5404 3202 5458 cruciatus
3245 5401 3367 5471 ejus
3414 5414 3600 5454 recen-

2033 5501 2162 5564 suit,
2192 5500 2498 5554 auditornm
2533 5507 2765 5553 mentem
2801 5497 2868 5552 ad
2906 5494 3271 5566 generationis
3304 5493 3426 5567 ejus
3449 5491 3598 5559 cogi-

2033 5593 2288 5646 tationem
2342 5589 2678 5651 transmittit,
2726 5589 2847 5644 :haec
2885 5587 3145 5654 adjicieas
3184 5583 3598 5643 :u.G£neratio-

2036 5698 2154 5738 nem
2183 5680 2299 5750 ejus
2330 5682 2453 5750 quis
2471 5681 2755 5736 enarrabit
2777 5682 2800 5735 ’ἓ
2824 5700 2844 5733 ι
2898 5679 3028 5734 Nam
3065 5687 3176 5732 tum
3213 5677 3446 5731 maxime
3474 5675 3599 5742 qui-

2035 5777 2116 5831 Vis
2145 5773 2336 5842 majori
2364 5774 2432 5830 ob
2457 5775 2769 5844 patientiam
2806 5773 2920 5843 ejus
2951 5771 3310 5826 admiratione
3335 5767 3596 5838 capietur.

3203 5883 3278 5943 15
