4130 6400
616 382 721 439 459

1283 384 1546 441 EUSEBH
1585 387 2060 446 C/ESARIENSIS
2099 392 2247 447 OPP.
2293 393 2470 449 PARS
2511 396 2594 450 Ill.
2637 427 2704 437 -—
2746 396 3161 454 EXEGETICA.

3759 409 3863 464 460

614 517 738 557 cum
789 516 970 556 secum
1028 505 1349 570 rcputaverit
1409 505 1532 572 quis
1595 515 1652 559 et
1701 507 1880 575 qualis
1953 509 2042 564 ille
2095 512 2164 564 sit

2293 513 2372 575 εἰς
2404 512 2610 566 ἔννοιαν
2649 514 2776 588 ἔλθῃ
2807 515 2889 580 τίς
2920 514 2996 568 ὣν
3029 517 3120 568 καί⁸
3149 517 3350 580 ὁποῖος,
3393 520 3484 572 καὶ
3517 521 3578 574 ἐκ
3603 521 3736 576 Θεοῦ
3763 540 3830 593 γε
3855 546 3858 548 ·

613 602 668 648 et
701 595 842 664 quod
889 610 952 650 ex
1005 594 1111 648 Deo
1153 605 1316 648 natus
1375 597 1789 664 nnigcnitusque
1837 600 1960 654 talia
2009 602 2188 656 susti-

615 687 812 742 nuerit.

585 821 592 826 ’
684 822 848 877 Vens.
874 822 927 878 9.
971 841 990 874 ι
1023 823 1090 878 Ει
1129 823 1266 878 dabo
1297 826 1571 895 improbos
1611 842 1708 897 pro
1740 830 2012 898 sepultura
2047 831 2184 901 ejus,

1522 921 1646 988 quia
1698 921 2040 990 iniquitatem
2080 939 2183 978 non

608 925 661 969 et
703 917 894 969 divites
939 931 1036 984 pro
1085 930 1259 970 morte
1291 917 1406 986 ejus
1458 939 1468 973 :

609 1008 756 1069 fecit,
803 1022 982 1076 neque
1025 1007 1203 1061 dolum
1251 1009 1302 1061 in
1352 1024 1447 1064 ore
1499 1025 1616 1067 suo.
1647 1031 1663 1062 ι
1708 1013 1838 1078 Quis
1872 1014 2048 1080 dabit,
2080 1016 2180 1072 nisi

605 1098 980 1152 universorum
1030 1097 1240 1164 judex?
1287 1109 1342 1154 et
1383 1117 1519 1169 quos
1554 1102 1723 1168 dabit,
1782 1103 1884 1158 nisi
1931 1121 2044 1170 eos,
2092 1111 2178 1176 qui

605 1188 754 1255 prius
801 1199 1088 1243 memorata
1136 1199 1533 1259 perpetrarunt,
1571 1206 1704 1258 quos
1739 1195 1942 1262 statim,
1973 1213 2068 1250 nec
2093 1197 2178 1251 diu

605 1295 790 1350 pOStea
814 1321 829 1344 ,
869 1281 1105 1335 inimicis
1140 1291 1193 1336 et
1225 1283 1471 1337 hostibus
1519 1282 1890 1339 obsidentibus
1927 1289 2179 1342 tradidit?

603 1373 679 1426 Ac
712 1372 874 1426 etiam
907 1371 1188 1426 confestim
1243 1373 1456 1434 accidit,
1501 1383 1557 1425 ut
1603 1376 1862 1430 memoria
1898 1392 2082 1431 eorum
2113 1393 2178 1433 ex

605 1463 914 1516 hominibus
954 1463 1285 1528 auferretur,
1327 1465 1414 1532 qui
1450 1465 1576 1517 olim
1625 1469 1761 1534 apud
1791 1465 2006 1523 Judreos
2041 1471 2176 1524 mul-

605 1565 712 1608 tum
773 1557 1097 1610 auctoritate
1149 1557 1441 1620 valebant,
1495 1557 1891 1614 Pbarismorum
1945 1561 2174 1624 scilicet,

601 1643 915 1700 Scribarum
956 1658 1009 1700 et
1047 1645 1508 1712 Sadducmorum;
1553 1649 1618 1702 ad
1668 1651 1779 1704 lucc
1817 1665 1965 1713 vero,
1999 1668 2178 1706 sacer-

601 1733 784 1788 dotum
833 1747 881 1790 et
935 1745 1270 1790 summorum
1324 1739 1672 1806 pontilicum,
1726 1758 1930 1800 necnon
1966 1757 2172 1808 eorum,

2289 603 2618 672 γεννημένος
2647 606 2939 676 μονογενὴς
2962 605 3132 658 ταῦτα
3167 607 3340 660 πάντα
3369 607 3598 682 ὑπέστη.

2363 841 2380 873 ι
2417 823 2526 876 Καὶ
2551 823 2708 879 δώσω
2736 827 2862 891 τοὺς
2894 829 3164 900 πονηροὺς
3193 829 3314 882 ἀντὶ
3338 831 3435 902 τῆς
3463 834 3637 904 ταφῆς
3668 835 3852 902 αὐτοῦ,

2288 915 2379 966 καὶ
2404 917 2529 978 τοὺς
2563 917 2852 982 πλουσίους
2879 921 2998 972 ἀντὶ
3033 921 3125 974 τοῦ
3159 921 3390 976 θανάτου
3417 927 3608 978 αὐτοῦ’
3634 928 3714 981 ὅτι
3733 931 3848 983 dvo-

2288 1005 2412 1073 μίαν
2445 1006 2544 1058 οὐκ
2579 1007 2827 1078 ἐποίησε,
2879 1009 3000 1062 οὐδὲ
3019 1009 3166 1064 δόλον
3187 1013 3244 1064 ἐν
3265 1013 3342 1083 τῷ
3376 1015 3600 1084 στόματι
3632 1017 3848 1072 αὐτοῦ.»

2285 1096 2380 1159 Τίς
2411 1096 2466 1149 δὲ
2501 1097 2662 1151 δώσει
2691 1099 2722 1170 ἢ
2753 1101 2781 1152 ὁ
2809 1100 2917 1152 τῶν
2955 1101 3090 1154 ὅλων
3129 1107 3355 1176 κριτής;
3383 1108 3474 1159 καὶ
3503 1108 3650 1172 τίνας
3671 1110 3703 1179 ἦ
3727 1112 3855 1174 τοὺς

2282 1190 2350 1243 τὰ
2382 1192 2648 1263 εἰρημένα
2677 1194 3025 1263 δεδρακότας.
3057 1195 3150 1260 οὓς
3185 1198 3279 1250 καὶ
3315 1201 3627 1270 παρέδωκεν
3655 1203 3858 1258 αὐτίκα

2281 1284 2375 1336 καὶ
2397 1285 2495 1336 οὐκ
2531 1285 2610 1347 είς
2643 1285 2859 1356 μακρὰν
2887 1285 3120 1356 ἐχθροῖς,
3152 1289 3245 1341 καὶ
3277 1290 3572 1361 πολεμίοις,
3623 1295 3715 1347 καὶ
3753 1313 3852 1349 πο-

2280 1376 2628 1447 λιορκηταῖς;
2669 1379 2734 1430 Ὃ
2777 1377 2841 1448 δὴ
2871 1377 2965 1430 καὶ
2996 1379 3127 1432 αὐτὸ
3162 1384 3502 1453 παραχρῆμα
3536 1387 3755 1457 συνέϐη,
3791 1389 3856 1455 ἐξ

2277 1467 2579 1540 ἀνθρώπων
2611 1470 2971 1540 ἀφανισθῆναι
3001 1472 3062 1524 τὸ
3093 1474 3432 1544 μνημόσυνον
3465 1475 3643 1530 αὐτῶν
3683 1479 3854 1532 πάλαι.

2279 1561 2430 1632 παρὰ
2471 1561 2735 1616 Ἰουδαίων
2765 1561 2937 1616 πολλὰ
2973 1561 3373 1634 δεδυνημένων,
3415 1568 3719 1638 Φαρισαίων
3755 1573 3854 1622 καὶ

2277 1653 2669 1723 γραμματέων,
2698 1655 2788 1706 καὶ
2816 1653 3203 1708 Σαδδουκαίων·
3224 1657 3315 1708 καὶ
3340 1656 3418 1710 ἔτι
3443 1659 3577 1726 πρὸς
3605 1661 3812 1725 τούτοις
3831 1704 3848 1726 ,

2279 1746 2467 1816 ἱερέων
2497 1763 2554 1797 τε
2581 1746 2675 1798 καὶ
2705 1745 3024 1818 ἀρχιερέων,
3050 1747 3144 1799 καὶ
3172 1747 3280 1799 τῶν
3305 1751 3434 1818 παρ’
3463 1750 3645 1814 αὐτοῖς
3695 1750 3852 1820 βασι-

600 1826 691 1894 qui
743 1828 888 1894 regia
937 1843 1101 1896 penes
1147 1829 1290 1899 ipsos
1320 1830 1580 1894 dignitate
1624 1831 1916 1902 fulgebant;
1950 1832 2084 1888 Nam
2121 1837 2164 1889 bi

2276 1837 2399 1907 λικῇ
2433 1837 2558 1908 ἀξίᾳ
2587 1837 2984 1908 τετιμημένων.
3033 1833 3190 1891 Οὗτοι
3229 1839 3337 1912 γὰρ
3363 1835 3502 1912 ἦσαν
3529 1844 3578 1894 οἱ
3615 1841 3848 1896 ἐνταῦθα

601 1926 746 1981 sntit,
797 1919 886 1987 qui
935 1921 1034 1973 boc
1083 1920 1198 1978 loco
1237 1921 1430 1975 divites
1473 1923 1812 1992 appellantur
1843 1945 1855 1979 :
1891 1943 2026 1994 quos
2069 1943 2170 1983 non

601 2009 690 2063 ditt
723 2021 904 2079 postea
937 2011 1015 2064 ira
1051 2011 1142 2065 Dei
1171 2013 1389 2080 invasit,
1424 2017 1549 2085 quia
1585 2018 1990 2087 impeccabilcm
2015 2017 2174 2073 Chri-

599 2107 779 2167 stum,
837 2105 927 2157 tali
984 2106 1246 2173 supplicio
1301 2107 1640 2162 dediderant.
1682 2128 1699 2160 ι
1743 2110 1872 2175 Quia
1915 2111 2168 2179 iniquita-

601 2206 705 2248 tem
739 2211 842 2248 non
879 2194 1021 2262 fecit,
1071 2211 1246 2266 neque
1291 2197 1470 2250 dolum
1506 2197 1558 2251 in
1601 2214 1694 2253 ore
1745 2213 1859 2252 suo.
1891 2217 1908 2248 ι
1956 2199 2029 2252 De
2060 2199 2172 2267 ejus

598 2302 694 2340 seu
731 2286 896 2340 verbo
943 2303 1034 2340 seu
1067 2302 1230 2355 opere
1279 2287 1731 2356 impeccabilitate
1765 2287 1974 2358 loquor,
2012 2307 2169 2357 quam

601 2381 650 2430 in
679 2379 824 2431 omni
864 2379 971 2431 vita
1007 2397 1100 2432 sua
1133 2379 1390 2435 obtinuit.
1433 2397 1451 2429 ι
1489 2379 1654 2432 Nemo
1685 2381 1846 2450 igitur
1879 2397 2045 2451 purus
2073 2381 2165 2436 fuit

593 2485 624 2521 ξι
676 2469 858 2530 sorde,
911 2469 1127 2522 etiamsi
1187 2471 1345 2524 unius
1399 2469 1504 2524 diei
1559 2469 1716 2524 fuerit
1766 2472 1870 2524 vita
1932 2472 2046 2540 ejus
2070 2473 2110 2538 ³,
2145 2491 2163 2523 ι

595 2561 698 2613 nisi
737 2561 868 2630 ipse.

667 2673 945 2728 Vens.10.
985 2694 1003 2726 ι
1039 2676 1100 2728 Ει
1145 2653 1403 2728 Dominus
1454 2677 1566 2728 vult
1622 2675 1881 2730 mundare
1918 2677 2092 2744 ipsum
2139 2695 2166 2731 a

595 2766 772 2836 plaga.
802 2784 820 2816 ι
859 2765 963 2819 Pro
995 2765 1244 2820 omnibus
1266 2779 1396 2834 ergo
1421 2765 1509 2818 ille
1540 2775 1781 2818 mortuus
1809 2777 1911 2831 est,
1951 2777 2008 2820 ut
2043 2784 2169 2836 pur—

595 2866 747 2928 garet
775 2867 828 2910 et
862 2856 1072 2910 tolleret
1102 2865 1382 2926 peccatum
1417 2857 1634 2922 mundi;
1666 2857 2019 2926 quamobrem
2057 2875 2088 2914 e
2112 2876 2168 2914 re

609 2947 709 3000 bre
737 2945 1028 3000 aestimavit
1059 2946 1196 3000 Deus
1235 2956 1290 3000 et
1321 2945 1499 3010 Pater,
1534 2948 1578 3000 si
1613 2965 1734 3000 cum
1777 2963 1804 3000 a
1839 2949 2023 3018 plaga,
2055 2951 2168 3006 sive

594 3039 662 3092 ab
693 3037 837 3091 illata
868 3039 1118 3106 passione
1150 3047 1427 3106 purgaret.
1477 3058 1495 3090 ι
1529 3039 1584 3094 Si
1625 3041 1876 3095 dederitis
1910 3059 2004 3110 pro
2035 3059 2163 3112 pec-

601 3137 751 3196 rato,
807 3130 985 3182 anima
1047 3140 1223 3181 vestra
1294 3129 1496 3181 videbit
1548 3145 1732 3182 semen
1788 3130 2106 3196 longaevum.
2139 3151 2156 3184 ι

2275 1927 2556 1999 λεγόμενοι
2581 1927 2824 1982 πλούσιοι
2849 1947 2861 1960 ’
2898 1929 2991 1994 οὓς
3028 1929 3292 2001 μετῆλθεν
3325 1933 3423 1984 οὐκ
3447 1933 3527 1996 είς
3567 1933 3782 2004 μακρὰν
3809 1937 3848 2006 ἡ

2275 2021 2409 2091 ὀργὴ
2439 2021 2538 2074 τοῦ
2574 2021 2729 2086 Θεοῦ,
2763 2021 2893 2074 διότι
2929 2021 3310 2096 ἀναμάρτητον
3337 2023 3464 2076 ὅντα
3499 2024 3586 2077 τὸν
3615 2025 3848 2097 Χριστὸν

2274 2112 2496 2186 τοιαύτῃ
2525 2111 2742 2166 κολάσει
2771 2112 3223 2182 ύποῦεδλήκασιν.
3253 2131 3272 2165 ι
3309 2115 3432 2167 Ὅτι
3477 2117 3704 2186 ἀνομίαν
3743 2119 3846 2172 οὐκ

2275 2205 2546 2274 ἐποίησεν,
2571 2205 2690 2257 οὐδὲ
2733 2205 2880 2258 δόλον
2897 2207 2952 2261 ἐν
2968 2207 3046 2278 τῷ
3064 2208 3290 2280 στόματι
3307 2207 3490 2262 αὑτοῦ.
3503 2228 3520 2260 ι
3534 2209 3689 2277 Λέγω
3703 2209 3766 2280 δὴ
3783 2211 3850 2262 τδ

2272 2294 2336 2347 δι’
2358 2295 2483 2366 ὅλης
2512 2295 2614 2366 τῆς
2649 2295 2744 2348 τοῦ
2773 2295 2887 2366 βίου
2914 2296 3057 2368 ζωῆς
3083 2299 3466 2371 ἀναμάρτητον
3495 2303 3550 2353 ὲν
3567 2300 3708 2370 λόγῳ
3748 2301 3848 2356 καὶ

2273 2385 2437 2457 ἔργῳ.
2475 2404 2494 2437 ιι
2529 2385 2719 2449 Οὐδεὶς
2743 2381 2836 2438 οὖν
2871 2386 3113 2460 καθαρὸς
3134 2389 3358 2457 γέγονεν
3385 2389 3492 2442 ἀπὸ
3513 2389 3707 2460 ῥύπου,
3731 2391 3845 2445 οὐδ’

2271 2479 2319 2530 εί
2347 2478 2444 2548 μία
2471 2478 2652 2550 ἡμέρα
2677 2475 2744 2550 ἦν
2777 2479 2809 2550 ἡ
2839 2479 2952 2550 ζωὴ
2991 2479 3177 2544 αὐτοῦ,
3210 2499 3228 2531 ι
3253 2479 3286 2550 ἢ
3317 2480 3476 2548 μόνος
3506 2479 3685 2543 αὐτός.

2347 2694 2365 2726 ι
2407 2677 2516 2728 Καὶ
2543 2678 2746 2753 Κύριος
2784 2680 3029 2750 βούλεται
3061 2683 3358 2760 καθαρίσαι
3387 2685 3547 2740 αὑτὸν
3582 2687 3681 2756 τῆς
3706 2688 3846 2758 πλη-

2270 2766 2390 2836 γῆς.
2429 2787 2446 2818 ι
2475 2769 2681 2822 Οὐκοῦν
2714 2772 2856 2842 ὑπὲρ
2886 2774 3101 2826 πάντων
3125 2775 3283 2838 αὐτὸς
3312 2777 3600 2841 ἀπέθανεν,
3634 2778 3716 2830 ἶνα
3751 2795 3848 2832 κα-

2269 2856 2408 2928 θάρῃ
2450 2861 2542 2912 καὶ
2583 2861 2808 2934 περιέλῃ
2834 2863 2930 2934 τὴν
2961 2865 3234 2936 ἁμαρτίαν
3254 2865 3345 2919 τοῦ
3379 2867 3581 2936 κόσμου
3603 2886 3615 2896 ·
3650 2869 3727 2922 διὸ
3750 2872 3846 2924 καὶ

2268 2945 2480 3018 ἔκρινεν
2527 2950 2555 3000 ό
2586 2949 2718 3013 Θεὸς
2773 2954 2867 3006 καὶ
2915 2953 3101 3028 Πατὴρ
3139 2957 3299 3010 αὑτοῦ
3352 2957 3643 3028 καθαρίσαι
3681 2961 3848 3014 αὐτὸν

2266 3040 2365 3108 τῆς
2397 3039 2630 3112 πληγῆς,
2664 3043 2906 3097 τουτέστι
2927 3047 3019 3098 τοῦ
3046 3048 3426 3118 ἐπενεχθέντος
3447 3049 3594 3120 αύτῷ
3617 3051 3841 3114 πάθους.

2273 3147 2290 3179 ι
2337 3131 2460 3184 Ἐὰν
2493 3133 2629 3185 δῶτε
2685 3135 2810 3206 περὶ
2867 3137 3161 3208 ἁμαρτίας,
3191 3141 3222 3210 ὴ
3258 3138 3402 3210 ψυχὴ
3450 3140 3602 3214 ὑμῶν
3653 3141 3842 3209 δέκεται

597 3222 742 3290 Quod
771 3223 844 3275 ait
880 3221 1183 3291 bnjusmodi
1209 3231 1291 3275 est
1324 3239 1337 3272 :
1377 3221 1503 3275 Post
1529 3237 1590 3274 ea
1617 3237 1735 3290 quae
1771 3225 2018 3291 superius
2052 3241 2162 3280 tne--

2267 3221 2484 3292 σπέρμα
2512 3223 2822 3296 μακρόϐιον.
2860 3245 2877 3277 ι
2903 3229 2966 3279 Ὃ
2997 3227 3052 3280 δὲ
3095 3228 3241 3296 λέγει
3262 3231 3500 3282 τοιοῦτόν
3525 3233 3660 3284 ἐστι.
3685 3233 3846 3285 Μετά

595 3316 942 3375 moraviums.
980 3315 1024 3368 si
1081 3315 1207 3383 quis
1241 3329 1301 3367 ex
1337 3314 1404 3368 iis
1433 3314 1522 3382 qui
1557 3324 1747 3369 contra
1782 3317 1954 3384 ipsum
2001 3317 2163 3386 impie

595 3415 835 3480 egerunt,
870 3407 1099 3462 voluerit
1135 3406 1361 3460 hostiam
1402 3406 1636 3470 oll‘crre;
1685 3409 1736 3460 id
1786 3419 1908 3472 est,
1947 3409 2160 3464 confes-

591 3503 800 3555 sionem
829 3507 884 3554 et
930 3499 1302 3568 paenitentiam
1337 3507 1686 3566 peccatorum
1723 3499 2006 3562 exhibere,
2042 3502 2085 3553 is
2131 3517 2158 3554 ιι

589 3607 686 3663 spe
725 3595 862 3647 bona
913 3593 964 3645 in
1018 3607 1138 3646 eum
1187 3593 1424 3660 reposita
1470 3607 1803 3660 nequaquam
1861 3591 2155 3647 delabctur.

591 3685 812 3740 Etiamsi
839 3687 980 3740 enim
1014 3685 1217 3738 dictum
1261 3683 1444 3748 luerit,
1500 3702 1518 3735 ι
1544 3683 1690 3738 Dabo
1724 3684 1914 3754 impios
1949 3699 2044 3752 pro
2078 3702 2162 3738 se-

589 3777 802 3846 pultura
836 3775 975 3845 ejus,
1022 3783 1075 3829 et
1105 3775 1298 3829 divites
1341 3791 1438 3844 pro
1489 3786 1658 3830 morte
1687 3774 1840 3842 ejus;
1867 3796 1886 3827 ι
1923 3780 2158 3831 attamen

588 3872 631 3926 si
665 3885 781 3929 vos,
813 3871 904 3939 qui
938 3868 1064 3922 talia
1106 3869 1222 3922 ausi
1267 3869 1416 3934 estis,
1454 3870 1649 3924 donum
1683 3883 1780 3937 pro
1813 3879 2031 3936 peccato
2063 3869 2158 3923 ob-

589 3963 844 4024 tuleritis,
877 3961 1091 4015 veniam
1128 3961 1558 4030 consequemini,
1591 3963 1770 4014 anima
1807 3971 1980 4015 vestra
2009 3961 2158 4015 salu-

591 4065 696 4110 tem
721 4055 1021 4116 obtinebit;
1054 4054 1348 4122 quinetiam
1377 4068 1560 4108 semen
1598 4053 1893 4122 longaevum
1923 4054 2156 4108 videbit:

587 4147 692 4206 hoc
737 4147 914 4216 ipsum
949 4145 1218 4207 videlicet,
1273 4147 1413 4215 quod
1455 4149 1521 4200 ab
1569 4147 1684 4215 ipso
1739 4147 1790 4198 in
1850 4147 2159 4200 hominibm

587 4255 837 4310 sparsum
873 4239 1070 4306 fuerat,
1111 4239 1176 4294 de
1219 4254 1328 4307 quo
1374 4239 1426 4291 in
1471 4237 1741 4307 parabolis
1793 4239 2014 4301 docens,
2051 4239 2160 4291 aie-

589 4335 720 4389 bat:
751 4352 770 4384 ι
799 4333 942 4387 Exiit
974 4335 1063 4402 qui
1104 4333 1335 4386 seminat
1381 4331 1650 4385 seminare
1673 4331 1728 4396 δς
1765 4349 1782 4380 ι
1832 4340 1887 4384 et
1918 4345 2159 4392 rursum,

593 4448 610 4479 ι
647 4427 834 4482 Simile
889 4437 970 4481 est
1031 4441 1252 4495 regnum
1306 4423 1568 4478 caslorum
1617 4422 2154 4477 bonini.seminanti

585 4523 786 4579 bonum
817 4535 998 4575 semen
1037 4521 1086 4572 in
1123 4533 1251 4588 agro
1282 4533 1378 4570 suo
1408 4517 1451 4570 ⁵.
1481 4535 1498 4568 ι

657 4723 820 4780 Vens.
855 4724 940 4776 11.
989 4742 1004 4772 ι
1033 4720 1098 4774 Ει
1139 4718 1256 4774 vult
1297 4717 1554 4770 Dominus
1599 4714 1816 4769 auferre
1861 4715 1925 4768 de
1975 4713 2152 4768 labore

583 4817 818 4872 animam
861 4813 994 4881 ejus.
1045 4811 1330 4866 ostendere
1374 4809 1422 4863 ei
1468 4809 1664 4872 lucem,
1709 4816 1762 4862 et
1793 4805 2026 4858 formare
2069 4805 2148 4858 in-

587 4907 904 4975 telligentia,
927 4903 1225 4973 justilicare
1251 4898 1452 4968 justum
1491 4902 1628 4954 bene
1665 4899 1985 4954 servientem
2019 4898 2148 4950 mul-

585 5001 674 5056 tis.
701 5017 720 5050 ι
761 4998 813 5052 Id
846 4999 911 5051 de
938 5011 1046 5050 uno
1074 4995 1354 5049 Salvatore
1387 5002 1572 5044 nostro
1601 4991 1705 5044 dici
1749 5005 1842 5059 par
1873 4999 1954 5042 est
1979 4991 2008 5042 τε
2029 5004 2152 5042 nam

581 5107 798 5160 semper
840 5092 893 5144 in
936 5106 1098 5144 manu
1133 5089 1250 5156 ejus
1281 5085 1456 5140 Patris
1495 5083 1744 5138 voluntas
1788 5091 1932 5136 recte
1969 5095 2153 5150 proce-

583 5184 764 5239 debat.
801 5182 956 5237 Dedit
993 5192 1174 5238 autem
1205 5181 1306 5250 ipsi
1337 5179 1531 5241 lucem,
1560 5187 1618 5230 ut
1651 5192 1744 5232 eos
1768 5177 1858 5245 qui
1887 5175 2148 5244 justitiam

583 5291 682 5344 per
726 5274 900 5341 ipsum
937 5281 1372 5343 asscquerentur,
1415 5270 1744 5326 illmninaret
1783 5287 1798 5326 :
1849 5268 2152 5336 intelligen-

585 5367 712 5419 tiam
742 5365 868 5418 item
910 5364 1008 5432 ipsi
1056 5364 1320 5430 contulit;
1363 5379 1484 5419 nam
1525 5363 1787 5432 requievit
1831 5377 1993 5430 super
2030 5375 2149 5412 cum

581 5455 806 5525 spiritus
863 5457 1140 5524 sapientiae
1191 5466 1242 5510 et
1300 5456 1702 5532 intelligentiae,
1755 5463 1811 5508 ut
1865 5454 2152 5524 prudentes

578 5545 860 5616 iustosque
927 5549 1178 5603 redderet
1227 5564 1362 5615 eos,
1419 5549 1508 5618 qui
1567 5548 1950 5616 jttstit‘tcatione
2007 5547 2150 5617 digiti

581 5653 758 5696 erant.

656 5814 677 5852 ³
707 5823 803 5876 Job
833 5837 944 5885 xiv,
975 5823 1027 5873 ί.
1107 5821 1125 5850 ⁵
1153 5820 1282 5874 Luc.
1315 5835 1431 5882 vui,
1465 5821 1514 5874 5.
1594 5821 1614 5851 ⁸
1645 5821 1828 5873 Matth.
1863 5835 1979 5885 xm,
2016 5820 2102 5873 57.

2263 3309 2330 3363 τὰ
2361 3313 2725 3384 προλεχθέντα
2757 3317 2956 3381 πάντα,
2999 3318 3158 3381 εἴτις
3183 3319 3289 3371 τῶν
3323 3322 3404 3382 είς
3437 3321 3597 3373 αὐτὸν
3631 3323 3840 3394 ἠσεϐη-

2264 3401 2434 3455 κότων
2473 3403 2758 3477 βουληθείη
2792 3407 2978 3462 θυσίαν
3010 3411 3316 3480 ἀνενεγκεῖν
3348 3413 3486 3484 ὑπὲρ
3513 3415 3611 3484 τῆς
3644 3417 3842 3470 ἑαυτοῦ

2263 3495 2556 3566 ἁμαρτίας,
2580 3499 2853 3552 τουτέστιν
2882 3500 3264 3573 ἐξομολόγησιν
3298 3507 3390 3558 καὶ
3423 3509 3706 3576 μετάνοιαν
3727 3510 3842 3562 τῶν

2264 3585 2660 3657 ἡμαρτημένων
2690 3591 3056 3660 ἐνδείξασθαι,
3102 3594 3202 3647 οὐκ
3235 3595 3590 3662 ἀποτεύξεται
3628 3601 3725 3669 τῆς
3757 3604 3844 3665 εἰς

2263 3678 2422 3730 αὐτὸν
2450 3680 2658 3750 ἀγαθῆς
2695 3681 2928 3746 ἐλπίδος.
2962 3685 3024 3738 Εἰ
3054 3685 3161 3758 γὰρ
3197 3687 3290 3740 καὶ
3315 3689 3382 3741 τὰ
3423 3691 3654 3759 μάλιστα
3685 3693 3846 3765 εἴρη-

2263 3785 2368 3833 ται,
2401 3771 2480 3823 ὅτι
2509 3791 2525 3822 ι
2561 3770 2726 3825 Δώσω
2753 3775 2877 3838 τοὺς
2911 3779 3180 3848 πονηροὺς
3226 3779 3346 3831 ἀντὶ
3394 3780 3494 3850 τῆς
3522 3783 3694 3852 ταφῆς
3737 3784 3844 3836 αύ-

2261 3859 2376 3921 τοῦ,
2409 3861 2499 3916 καὶ
2532 3864 2657 3926 τοὺς
2685 3864 2970 3929 πλουσίους
3019 3869 3138 3920 ἀντὶ
3174 3868 3268 3921 τοῦ
3303 3869 3534 3924 θανάτου
3568 3874 3730 3927 αὑτοῦ
3751 3892 3766 3906 ·
3811 3895 3836 3927 ι

2262 3952 2376 4005 ἀλλ’
2405 3954 2554 4023 ὅμως
2599 3955 2694 4008 ὲάν
2730 3955 2863 4009 δῶτε
2907 3959 3064 4028 ὑμεῖς
3106 3959 3172 4012 τὰ
3211 3961 3437 4017 τοιαῦτα
3469 3965 3842 4036 τολμήσαντες

2259 4043 2319 4095 τὸ
2343 4045 2482 4116 ὑπὲρ
2511 4046 2781 4118 ἁμαρτίας
2809 4045 3000 4120 δῶρον,
3035 4047 3290 4115 τεύξεσθε
3325 4055 3589 4122 ἀφέσεως,
3618 4059 3650 4126 ἡ
3685 4058 3842 4130 ψυχτν

2262 4136 2413 4205 ὑμῶν
2431 4138 2754 4208 σωθήσεται·
2777 4139 2915 4192 ἀλλὰ
2937 4143 3029 4194 καί⁸
3053 4141 3238 4211 ὄψεται
3267 4145 3562 4217 μακρόϐιον
3587 4149 3838 4220 σπέρμα-θ

2259 4227 2414 4280 τοῦτο
2439 4228 2494 4280 δὲ
2515 4224 2580 4298 ἦν
2613 4229 2673 4282 τὸ
2699 4231 2789 4282 ὑπ’
2819 4231 2983 4286 αὑτοῦ
3017 4234 3354 4307 καταϐληθὲν
3387 4239 3465 4302 είς
3494 4238 3836 4310 ἀνθρώπους,

2261 4321 2388 4391 περὶ
2423 4315 2480 4372 οῦ
2519 4323 2574 4374 ὲν
2602 4324 2939 4394 παραϐολαῖς
2975 4325 3239 4380 διδάσκων
3267 4328 3450 4397 ἔλεγεν
3471 4347 3484 4361 ο
3514 4349 3532 4381 ι
3581 4332 3838 4400 Ἐξῆλθεν

2259 4409 2286 4459 ὁ
2309 4410 2545 4479 σπείρων
2576 4411 2669 4464 τοῦ
2705 4417 2922 4486 σπεῖραι
2944 4431 2956 4444 ⁸
3001 4435 3018 4466 ι
3049 4417 3140 4468 καὶ
3167 4417 3326 4470 πάλιν
3347 4435 3360 4448 ·
3397 4437 3416 4470 ι
3464 4420 3653 4490 ὐμοία
3681 4425 3838 4476 ἐστὶν

2189 4549 2232 4601 D
2262 4503 2294 4571 ἡ
2325 4501 2568 4570 βασιλεία
2605 4503 2713 4556 τῶν
2760 4506 3000 4576 οὐρανῶν
3037 4507 3307 4582 ἀνθρώπῳ
3341 4513 3617 4585 σπείροντι
3665 4517 3836 4570 καλὸν

2263 4594 2482 4664 σπέρμα
2504 4595 2561 4648 ἐν
2583 4595 2660 4666 τῷ
2687 4597 2798 4667 ἰδίῳ
2833 4597 3006 4671 ἀγρῷ.
3041 4617 3060 4650 ι

2337 4727 2353 4758 ι
2393 4707 2502 4762 Καὶ
2535 4708 2780 4779 βούλεται
2811 4709 3012 4781 Κύριος
3045 4711 3265 4781 ἀφελεῖν
3291 4715 3396 4767 ἀπὸ
3421 4715 3513 4768 τοῦ
3544 4717 3703 4770 πόνου
3727 4719 3836 4788 τῆς

2258 4799 2432 4871 ψυχῆς
2467 4801 2651 4864 αὐτοῦ,
2686 4801 2854 4866 δεῖξαι
2886 4804 3032 4873 αὐτῷ
3061 4805 3196 4872 φῶς,
3225 4807 3318 4859 καὶ
3351 4809 3550 4862 πλάσαι
3576 4813 3642 4880 τῇ
3671 4809 3834 4864 συνέ-

2262 4908 2361 4955 σει,
2393 4893 2675 4948 δικαιῶσαι
2697 4894 2904 4947 δίκαιον
2937 4891 2994 4948 εὖ
3023 4896 3336 4952 δουλεύοντα
3365 4900 3592 4963 πολλοῖς.
3623 4921 3640 4952 ι
3658 4901 3836 4954 Τοῦτο

2258 4981 2313 5034 δὲ
2339 4983 2430 5036 ἐπὶ
2461 4985 2621 5054 μόνου
2659 4984 2750 5037 τοῦ
2783 4987 3031 5058 Σωτῆρος
3076 4989 3232 5060 ἡμῶν
3262 4991 3510 5060 λέγεσθαι
3557 4993 3784 5063 ἁρμόζει
3811 5013 3832 5024 ’

2259 5072 2345 5125 διὰ
2387 5075 2586 5137 παντὸς
2622 5075 2730 5146 γὰρ
2770 5077 2831 5130 τὸ
2867 5079 2960 5132 τοῦ
2997 5080 3210 5151 Πατρδς
3242 5080 3452 5153 θέλημα
3481 5085 3538 5136 ἐν
3570 5087 3632 5154 τῇ
3680 5088 3834 5156 χειρὶ

2259 5163 2420 5216 αὑτοῦ
2445 5167 2831 5220 κατευωδοῦτο.
2871 5169 3078 5223 Ἔδωκε
3113 5170 3166 5224 δὲ
3207 5172 3355 5243 αὐτῷ
3381 5174 3474 5226 καὶ
3507 5175 3620 5242 φῶς
3659 5177 3740 5238 εἰς
3767 5176 3834 5228 τὸ

2260 5255 2584 5325 φωτίζεσθαι
2611 5258 2734 5320 τοὺς
2755 5257 2820 5312 δι’
2842 5260 3004 5313 αὑτοῦ
3037 5261 3448 5334 δικαιουμένους
3467 5282 3480 5294 ·
3520 5265 3733 5318 σύνεσιν
3771 5265 3832 5318 δὲ

2259 5349 2404 5418 αὐτῷ
2431 5349 2738 5421 ἐδωρήσατο
2755 5368 2768 5380 ·
2795 5353 3211 5426 ἐπανεπαύσατο
3237 5355 3346 5428 γὰρ
3370 5358 3454 5410 ἐπ’
3483 5357 3642 5410 αὑτὸν
3667 5357 3836 5410 πνεῦ-

2265 5456 2338 5494 μα
2376 5439 2562 5508 σοφίας
2593 5441 2686 5493 καὶ
2724 5443 2986 5506 συνέσεως
3034 5447 3112 5508 εἰς
3138 5446 3199 5498 τὸ
3230 5449 3482 5512 συνετοὺς
3521 5449 3838 5520 ἀπεργάζε-

2263 5530 2407 5596 σθαι,
2451 5529 2543 5584 xei
2578 5531 2820 5586 δικαιοῦν
2841 5537 2965 5599 τοὺς
2991 5536 3173 5603 ἀξίους
3197 5538 3290 5592 τοῦ
3310 5539 3665 5594 δικαιοῦσθαι.
