4130 6400
311 431 412 487 461

1228 417 1730 476 COMMENTAIHA
1770 420 1836 475 IN
1877 417 2129 474 ISAIAM.
2171 449 2238 458 -—
2276 418 2426 475 CAP.
2466 415 2597 472 LIV.

3456 416 3562 472 ιτς

388 568 406 600 ι
431 545 541 603 Καὶ
560 546 657 610 τὰς
672 544 946 618 ἁμαρτίας
969 544 1146 599 αὐτῶν
1177 544 1339 609 αὐτὸς
1356 543 1575 598 ἀνοίσει.
1608 542 1710 597 Διά
1727 541 1889 597 τοῦτο

2062 541 2227 594 Vens.
2262 538 2325 592 ιε
2380 558 2398 589 ι
2424 539 2486 592 Et
2520 547 2735 605 peccata
2776 551 2961 592 eorum
2995 550 3107 606 ipse
3141 537 3394 606 portabit.
3443 540 3563 592 Iden

310 640 471 704 αὐτὸς
516 638 916 710 κληρονομήσει
950 637 1199 701 πολλοὺς,
1242 638 1335 690 καὶ
1374 635 1483 690 τῶν
1524 634 1759 707 ἰσχυρῶν
1792 653 1888 706 με-

318 734 423 804 ριεί
474 729 675 785 σκῦλα·
714 729 831 783 ἀνθ’
867 724 943 782 ὧν
975 727 1247 801 παρεδόθη
1290 730 1370 791 είς
1401 728 1627 782 θάνατον
1671 728 1704 799 ἡ
1746 726 1892 797 ψυχὴ

312 822 500 885 αὐτοῦ,
530 821 626 875 καὶ
646 822 704 874 ἐν
725 823 837 884 τοῖς
857 819 1081 891 ἀνόμοις
1110 818 1383 889 ἐλογίσθη·
1412 820 1506 874 καὶ
1523 818 1686 881 αὐτὸς
1710 819 1893 889 ἀμαρ-

314 914 433 977 τίας
460 913 668 967 πολλῶν
714 913 979 983 ἀνήνεγκε
1000 953 1014 971 ,
1067 912 1163 966 καὶ
1198 910 1291 965 διὰ
1318 913 1419 975 τάς
1451 911 1681 981 ἀνομίας
1714 908 1893 963 αὐτῶν

317 1002 607 1074 παρεδόθη.
649 1021 668 1054 ι
714 1001 1134 1072 Ἀναλαμϐἀνων
1158 1001 1264 1073 γάρ
1287 1000 1347 1054 τὸ
1376 1001 1573 1072 μέτρον
1595 999 1703 1052 τῶν
1729 999 1894 1054 πάλαι

316 1092 677 1165 ἁμαρτωλῶν,
708 1094 798 1147 καὶ
820 1092 1033 1146 ἀσεϐῶν
1056 1094 1137 1156 είς
1160 1093 1358 1147 ἐαυτὸν
1385 1093 1483 1157 τὰς
1508 1092 1781 1157 ἀσεϐείας,
1801 1093 1893 1146 καὶ

315 1185 693 1240 ἀποδιδύσκων
728 1186 926 1249 αὐτοὺς
951 1186 1044 1238 τὸν
1072 1186 1171 1257 τῆς
1219 1186 1497 1258 ἁμαρτίας
1546 1185 1767 1256 χιτῶνα,
1814 1186 1895 1237 δι-

318 1278 511 1342 καίους
536 1278 734 1342 αὐτοὺς
776 1276 1171 1349 ἀπεργάζεται.
1229 1276 1328 1331 Διά
1373 1278 1531 1331 τοῦτο
1556 1277 1665 1350 γάρ
1709 1276 1894 1347 ἐπειδὴ

311 1370 402 1432 είς
431 1367 629 1421 ’ἐαυτὸν
661 1368 758 1432 τὰς
788 1370 896 1421 τῶν
921 1368 1131 1422 πολλῶν
1153 1368 1416 1423 ἀνέλαϐεν
1450 1369 1745 1440 ἁμαρτίας,
1774 1369 1897 1421 τού-

313 1474 411 1510 του
454 1456 615 1528 χάριν
649 1458 742 1511 καὶ
771 1456 1055 1529 δεδύνηται
1102 1455 1301 1528 κλῆρον
1344 1456 1521 1526 ἐαυτῷ
1572 1455 1897 1526 ποιήσασθαι

318 1551 445 1614 τοὺς
465 1551 688 1613 πάντας.
721 1551 784 1603 Εἰ
804 1548 913 1620 γὰρ
932 1548 1007 1621 μὴ
1033 1546 1144 1612 οἷός
1169 1567 1227 1602 τε
1258 1544 1325 1620 ἦν
1353 1548 1569 1617 ἀφιέναι
1602 1547 1895 1619 ἁμαρτίας,

322 1642 596 1713 διέμειναν
626 1643 683 1694 ἐν
712 1644 825 1706 τοῖς
852 1641 1058 1695 ἑαυτῶν
1088 1639 1547 1712 πλημμελήμασι,
1574 1638 1667 1691 καὶ
1697 1638 1797 1691 οὐκ
1831 1637 1897 1691 ἀν

321 1736 514 1807 ἔτυχον
542 1733 838 1806 σωτηρίας.
868 1732 984 1787 Νῦν
1016 1732 1072 1786 δὲ
1125 1730 1313 1802 ἐπειδὴ
1345 1728 1444 1794 τὰς
1475 1729 1747 1801 ἁμαρτίας
1800 1728 1899 1783 αὐ-

322 1829 430 1884 τῶν
467 1828 628 1892 αὐτὸς
660 1826 907 1890 ἀνέλαϐε,
943 1826 1031 1880 διὰ
1061 1823 1219 1878 τοῦτο
1261 1824 1354 1877 καὶ
1387 1822 1758 1894 κληρονόμους
1800 1820 1896 1873 αὐ-

322 1920 449 1983 τοὺς
488 1918 678 1990 εἴληφε
718 1916 868 1986 παρά
921 1917 1014 1970 τοῦ
1057 1913 1299 1987 Πατρόςο
1339 1913 1446 1967 τῶν
1500 1910 1889 1978 ἀντικειμένων

322 2008 524 2080 δηλαδὴ
550 2008 837 2078 δυνάμεων
866 2006 973 2059 τῶν
998 2023 1058 2059 τε
1097 2004 1351 2076 πονηρῶν
1400 2004 1691 2074 δαιμονίων
1729 2001 1889 2073 ἐξαρ-

322 2100 506 2164 πάσας
563 2099 662 2162 τὰς
715 2096 1090 2169 αἰχμαλώτους
1147 2095 1239 2150 ὐπ’
1288 2095 1466 2149 αὐτῶν
1518 2093 1894 2163 γεγενημένας

320 2188 522 2260 ψυχάςέ
557 2189 728 2242 σκῦλα
755 2186 932 2257 ἑαυτῷ
957 2187 1264 2258 ἐποιήσατου
1289 2186 1439 2256 imp
1461 2182 1632 2238 σκῦλα
1655 2187 1765 2248 τοῖς
1780 2184 1895 2238 ἐαυ-

316 2280 422 2335 τοῦ
457 2281 723 2352 μαθηταῖς
748 2278 1003 2349 διένειμε,
1024 2278 1343 2360 ⁸ἰἷιτιιιρόρους
1382 2275 1442 2340 ἐξ
1480 2275 1661 2329 αὐτῶν
1695 2291 1896 2347 συστη-

330 2370 564 2440 σάμενος
591 2368 947 2439 Ἑκκλησίας·
979 2367 1166 2439 ῶσπερ
1218 2367 1338 2420 τινὰ
1384 2366 1572 2438 μισθὸν
1612 2364 1762 2438 παρά
1802 2364 1896 2419 τοῦ

328 2457 542 2531 Πατρός
570 2457 715 2511 τοῦτ’
743 2456 995 2527 εἰληφὼς,
1024 2457 1166 2525 λέγω
1198 2455 1263 2527 δὴ
1289 2454 1352 2507 τὸ
1379 2456 1599 2525 ἀφιέναι
1629 2452 1900 2525 ἁμαρτίας

324 2552 443 2612 τοῖς
480 2549 952 2622 προημαρτηκόσι,
1014 2548 1110 2601 καὶ
1165 2547 1271 2600 ὐπὸ
1320 2546 1410 2600 τὸν
1466 2543 1631 2599 αὐτοῦ
1698 2543 1899 2615 κλῆρον

324 2640 560 2710 ὑπάγειν
584 2640 937 2705 αὐτούς.Πῶς
952 2640 1013 2693 δὲ
1038 2640 1335 2710 ὲνάνόμοις
1361 2636 1633 2708 ἐλογίσθη,
1660 2634 1902 2690 διδάσκει

330 2732 392 2786 τὸ
419 2732 746 2800 Εὐαγγέλιον
763 2748 779 2761 ο
816 2729 937 2784 καθ’
960 2730 1019 2782 ὃν
1047 2730 1239 2800 καιρὸν
1291 2727 1729 2799 συνεσταύρωντο
1756 2726 1904 2796 αὐτῴ

330 2824 461 2895 παρ’
490 2823 726 2892 ἑκάτερα
754 2822 801 2873 οξ
835 2821 1057 2893 λῃσταὶ,
1084 2816 1635 2891 πεπληρῶσθαιλέγω
1661 2816 1761 2886 τὴν
1778 2832 1908 2887 προ-

333 2910 577 2983 φητείαν.

843 3000 1232 3054 ΚΕΦΑΛΑΙΟΝ
1274 3001 1397 3054 NN.

409 3110 430 3142 ι
485 3089 849 3161 Εὐφράνθητι,
906 3090 1089 3161 στείρα
1118 3091 1159 3160 ή
1194 3091 1254 3143 οὐ
1286 3092 1572 3146 τίκτουσα·
1605 3092 1765 3164 ῥῆξον
1818 3101 1907 3144 καί

326 3181 551 3253 βόησον,
603 3183 636 3252 ἠ
682 3183 781 3234 οὐκ
821 3180 1108 3233 ὠδίνουσα·
1153 3181 1236 3235 ὅτι
1278 3182 1447 3235 πολλά
1489 3183 1557 3236 τά
1599 3183 1765 3237 τέκνα
1806 3182 1907 3253 τῆς

326 3275 563 3344 ἐρήμου,
600 3272 797 3343 μᾶλλον
827 3273 859 3343 ἢ
894 3272 996 3343 τῆς
1023 3274 1250 3347 ἐχούσης
1289 3274 1381 3329 τὸν
1405 3275 1594 3348 ἄνδρα.
1626 3295 1640 3327 ι
1669 3276 1768 3330 Διά
1793 3276 1900 3331 τῶν

337 3364 711 3437 προκειμένων
757 3367 788 3418 ό
830 3363 983 3434 λόγος
1023 3365 1425 3434 εὐαγγελίζεται
1473 3369 1574 3440 τὴν
1625 3369 1693 3422 δι’
1736 3369 1899 3423 αὐτοῦ

336 3455 461 3510 καθ’
491 3454 619 3526 ὅλης
663 3454 764 3525 τῆς
804 3456 1123 3527 οἰκουμένης
1164 3456 1498 3529 ἱδρυνθείσαν
1555 3459 1899 3531 Ἐκκλησίαν,

338 3546 507 3600 πάλαι
540 3541 706 3599 οὖσαν
754 3544 985 3618 ἔρημον,
1028 3547 1128 3600 καὶ
1159 3548 1348 3616 ἄγονον
1395 3550 1488 3603 καὶ
1519 3551 1789 3622 ἄκαρπον,
1822 3552 1905 3606 διὸ

336 3638 429 3689 καὶ
447 3635 679 3707 ’στεῖραν
709 3636 878 3707 αὐτὴν
906 3635 1178 3708 ὀνομάζει.
1235 3638 1450 3711 Ἐπειδὴ
1488 3639 1730 3695 τοιαῦταί
1760 3658 1903 3705 τινες

335 3726 474 3799 ἦσαν
500 3728 665 3782 πάλαι
692 3731 747 3783 αἱ
773 3730 881 3781 τῶν
907 3730 1150 3783 ἀπίστων
1169 3729 1355 3801 ψυχαί.
1379 3732 1487 3784 Καὶ
1508 3731 1615 3804 γάρ
1642 3728 1709 3803 ἦν
1737 3733 1903 3788 πάλαι

338 3823 373 3889 ἡ
399 3820 458 3884 ἐξ
497 3818 662 3873 ἐθνῶν
707 3821 997 3892 Ἐκκλησία
1040 3822 1379 3893 ὴφανισμένη
1427 3824 1521 3876 καὶ
1550 3824 1773 3895 ἔρημος,
1810 3826 1903 3879 ἆτε

341 3910 569 3981 μηδέπω
618 3911 705 3964 τὸν
753 3913 1069 3984 ἐπουράνιον
1120 3915 1428 3986 κεκτημένη
1474 3916 1721 3985 νυμφίον.
1756 3917 1903 3988 Πλὴν

343 4000 717 4072 πολυκαρπίαν
767 4003 901 4073 αὐτῇ
957 4004 1051 4057 καὶ
1111 4003 1463 4059 πολυπαιδίαν
1514 4005 1903 4079 ἐπαγγέλλεται

342 4091 566 4145 πλείονα
588 4092 685 4163 τῆς
716 4092 943 4165 ἐχούσης
965 4095 1055 4148 τὸν
1084 4094 1270 4167 ἄνδρα.
1308 4090 1403 4160 Τίς
1430 4096 1486 4150 δὲ
1513 4092 1581 4167 ἦν
1612 4097 1748 4166 αὐτη
1780 4099 1811 4168 ἢ
1845 4099 1905 4151 τὸ

357 4182 622 4235 Ἰουδαίων
651 4184 823 4247 ἔθνος,
874 4186 966 4239 καὶ
1005 4188 1038 4257 ἡ
1076 4189 1204 4258 παρ’
1238 4189 1419 4251 αὐτοῖς
1447 4188 1614 4242 πάλαι
1651 4190 1903 4262 τετιμένη

334 4276 419 4338 ὡς
459 4273 593 4328 Θεοῦ
626 4276 777 4339 πόλις
819 4278 1204 4349 Ἰερουσαλήμ;
1249 4279 1406 4342 Ἦτις
1454 4279 1649 4350 ἔχουσα
1680 4282 1770 4335 τὸν
1812 4283 1906 4336 ἄν·

338 4364 463 4436 δρα,
498 4366 588 4419 τὸν
627 4368 942 4438 ἐπουράνιον
967 4366 1144 4436 λόγον,
1174 4369 1432 4439 ἠλέγχετο
1460 4370 1795 4425 ἀποστασίου
1828 4371 1910 4443 βι-

343 4453 490 4507 ϐλίον
512 4455 658 4525 αὐτῷ
681 4455 960 4511 δεδωκυῖα.
992 4458 1077 4510 Ἐν
1101 4459 1398 4531 παραθέσει
1430 4461 1605 4515 τοίνυν
1625 4463 1721 4534 τῆς
1743 4463 1908 4519 πάλαι

1993 635 2106 703 ipse
2146 631 2437 703 possidebit
2483 631 2694 691 multos,
2742 641 2797 685 et
2842 630 3064 684 fortium
3107 630 3311 684 dividet
3349 632 3560 698 spolia:

1991 742 2092 796 pro
2123 741 2188 781 eo
2219 724 2362 793 quod
2405 724 2600 777 tradita
2635 733 2719 778 est
2742 723 2793 776 iu
2839 733 3067 777 mortem
3103 722 3279 776 anima
3321 721 3471 792 ejus.
3510 734 3566 778 ct

1996 819 2135 872 inter
2179 814 2392 886 iniquos
2433 824 2709 884 reputatus
2749 823 2868 869 est:
2903 823 2957 868 et
3000 814 3116 884 ipse
3164 826 3387 885 peccata
3428 815 3565 868 tuid-

1997 920 2170 963 torum
2221 910 2372 972 tulit,
2405 918 2459 964 et
2498 915 2719 977 propter
2755 906 3063 975 iniquitates
3108 921 3299 962 eorum
3336 907 3565 962 traditus

1996 1013 2097 1055 est.
2123 1020 2141 1052 ι
2172 1000 2458 1069 Siquidem
2495 1000 2707 1055 illorum
2744 997 2870 1052 olim
2897 1008 3266 1066 peccatorum.
3293 1009 3348 1051 et
3375 1016 3562 1053 corum

1996 1094 2084 1159 qui
2117 1094 2276 1159 impie
2310 1101 2555 1163 egerant,
2589 1105 2919 1155 mensuram,
2951 1091 3202 1146 videlicet
3229 1092 3562 1160 iniquitates.

1997 1186 2049 1239 iu
2090 1202 2148 1239 se
2186 1186 2471 1250 recipiens,
2496 1199 2702 1252 eosque
2745 1183 2949 1250 peccati
2988 1184 3166 1235 tunica
3208 1200 3449 1245 exuens.
3479 1186 3567 1253 ju-

1998 1286 2111 1331 stus
2139 1275 2322 1331 cllicit.
2351 1276 2506 1343 Quod
2530 1278 2678 1331 enim
2722 1276 3014 1329 multorum
3047 1276 3100 1329 in
3140 1292 3199 1330 se
3227 1288 3448 1344 peccata
3484 1293 3566 1331 re-

1997 1370 2221 1439 ceperit,
2273 1371 2393 1423 ideo
2458 1370 2630 1439 potuit
2703 1368 2866 1424 etiam
2915 1382 3105 1423 omnes
3158 1380 3358 1424 sortem
3409 1386 3562 1424 suam

1996 1472 2050 1515 et
2079 1461 2445 1516 haereditatcm
2480 1460 2714 1517 eﬂicere.
2764 1459 2876 1515 Nisi
2918 1461 3060 1514 enim
3107 1469 3321 1529 peccata
3368 1448 3566 1516 condo-

1998 1568 2130 1608 nare
2164 1554 2447 1622 potuisset,
2496 1553 2549 1607 iu
2593 1554 2705 1608 suis
2749 1554 2820 1606 illi
2856 1552 3155 1607 sceleribus
3198 1552 3565 1623 permansnri,

2001 1660 2098 1699 nec
2130 1647 2353 1701 salutem
2379 1646 2724 1700 consecuturi
2756 1652 2930 1698 erant.
2965 1644 3113 1698 Nunc
3144 1660 3270 1698 vero
3297 1645 3421 1715 quia
3450 1660 3570 1714 pec-

2000 1748 2121 1793 cata
2146 1751 2334 1791 eorum
2365 1737 2479 1805 ipse
2504 1737 2760 1807 suscepit,
2788 1738 2910 1791 ideo
2942 1737 3088 1806 ipsos
3123 1752 3151 1790 a
3186 1737 3348 1792 Patre
3374 1738 3426 1792 in
3455 1745 3566 1792 ha:-

2005 1830 2284 1884 reditatem
2317 1831 2563 1897 accepit;
2604 1829 2806 1899 ereptis
2844 1828 3091 1884 videlicet
3127 1845 3158 1881 e
3196 1845 3355 1882 manu
3381 1830 3569 1883 adver-

1995 1921 2265 1977 sariorum
2300 1931 2634 1991 potestatum
2658 1930 2712 1976 et
2742 1920 3098 1990 malignorum
3127 1922 3428 1977 daemoumu
3468 1923 3573 1978 illis

1992 2015 2121 2069 olim
2161 2016 2388 2085 captivis
2432 2016 2736 2081 animabus,
2783 2028 2878 2069 eas
2922 2014 2973 2067 in
3006 2014 3174 2084 spolia
3216 2030 3316 2070 sua
3362 2016 3571 2078 vertit;
3621 2068 3624 2069 ν

1994 2124 2114 2177 qua:
2145 2107 2316 2177 spolia
2364 2106 2643 2176 discipulis
2692 2106 2804 2163 suis
2846 2107 3142 2175 distribuit,
3193 2116 3251 2161 ut
3292 2108 3474 2162 varias
3503 2123 3571 2163 ex

1992 2200 2077 2255 eis
2118 2201 2477 2257 constitueret
2499 2198 2791 2257 Ecclesias.
2819 2200 2953 2255 Nam
2975 2216 3081 2257 ceu
3109 2205 3400 2272 quauulam
3427 2219 3573 2257 mer-

1996 2297 2184 2351 cedem
2233 2295 2286 2351 id
2319 2311 2349 2350 a
2384 2295 2546 2351 Patre
2570 2292 2898 2367 acceperat;
2940 2297 3191 2354 videlicet
3216 2310 3439 2369 peccata
3476 2300 3572 2354 de-

1994 2388 2364 2457 linquentibus
2391 2388 2694 2445 dimittendi
2723 2399 2886 2458 atque
2919 2389 3064 2459 ipsos
3106 2391 3158 2446 in
3191 2402 3391 2446 sortem
3417 2408 3572 2447 suam

2001 2482 2289 2535 reducendi
2330 2480 2665 2537 tacultatem.
2710 2481 2827 2549 Quo
2869 2493 3028 2552 pacto
3073 2494 3253 2539 autem
3301 2487 3441 2539 inter
3474 2488 3576 2562 iui-

2001 2589 2138 2644 quos
2184 2584 2461 2643 reputatus
2508 2574 2603 2637 sit,
2652 2572 2808 2628 docet
2850 2574 3231 2647 Evangelium;
3270 2592 3336 2632 eo
3377 2578 3577 2651 quippe

2006 2677 2242 2736 tempore
2271 2682 2381 2737 quo
2409 2683 2473 2721 es
2509 2677 2737 2736 utroque
2763 2665 2880 2735 ejus
2915 2667 3086 2723 latere
3124 2668 3370 2723 cruciﬁxi
3410 2669 3576 2722 latro.

2005 2772 2100 2813 nes
2135 2768 2279 2826 sunt,
2321 2759 2514 2815 eodem
2553 2759 2828 2830 impletum
2862 2761 2986 2817 dico
3018 2763 3384 2832 prophetiam.

2593 2988 2676 3044 CA
2688 2987 2823 3045 PUT
2855 2988 2989 3044 LIV.

2079 3081 2243 3136 Vsus.
2268 3083 2320 3137 1.
2346 3101 2371 3134 ς
2398 3080 2625 3145 ιειξιειι-ο,
2646 3083 2998 3153 sterilis,qu:c
3022 3097 3122 3137 non
3144 3084 3325 3152 paris:
3355 3099 3579 3155 erumpe

2011 3181 2065 3229 et
2096 3173 2291 3238 clama,
2329 3188 2449 3243 quae
2481 3188 2585 3228 non
2638 3174 2913 3243 parturis:
2955 3173 3081 3243 quia
3132 3174 3317 3244 plures
3355 3176 3449 3231 lilii
3494 3178 3581 3229 dc-

2011 3277 2190 3330 sertte,
2224 3281 2388 3335 quam
2420 3264 2539 3335 ejus
2564 3282 2684 3334 qua:
2719 3266 2881 3320 habet.
2908 3265 3103 3321 virum.
3142 3285 3161 3318 ι
3193 3267 3286 3323 His
3314 3267 3578 3324 Ecclesiae

2009 3358 2078 3410 ab
2110 3373 2170 3412 se
2198 3374 2296 3429 per
2323 3368 2490 3411 totum
2531 3359 2717 3413 orbem
2744 3356 3055 3414 constitutae
3078 3359 3283 3414 bonum
3328 3363 3574 3416 nuntium

2011 3447 2198 3504 aﬂ'ert:
2235 3464 2354 3517 quae
2378 3448 2596 3520 quidem
2623 3450 2752 3502 olim
2780 3451 3029 3515 deserta,
3066 3450 3355 3504 infecunda
3397 3461 3450 3505 et
3484 3451 3570 3505 in-

2010 3541 2285 3596 fructuosa
2326 3552 2477 3606 erat,
2529 3541 2757 3611 ideoque
2811 3544 2979 3610 ipsam
3032 3544 3270 3597 sterilem
3317 3545 3577 3614 appellat.

2012 3633 2144 3687 Nam
2176 3632 2481 3699 huiusmodi
2515 3636 2784 3702 quondam
2818 3644 2975 3687 erant
3019 3635 3310 3689 inﬁdelium
3338 3636 3577 3705 gentium

2014 3725 2223 3779 animm.
2260 3724 2536 3793 Siquidem
2571 3725 2804 3780 Ecclesia
2847 3740 2908 3779 ex
2956 3727 3203 3796 gentibus
3250 3726 3409 3789 olim,
3457 3743 3579 3780 cum

2011 3815 2282 3868 cmlcstem
2317 3829 2571 3884 sponsum
2603 3817 2834 3869 nendum
2890 3816 3195 3880 obtineret,
3238 3819 3478 3874 desolata
3528 3833 3584 3877 et

2015 3908 2227 3960 deserta
2248 3916 2389 3961 erat.
2417 3906 2612 3961 Verum
2658 3907 3044 3964 fecunditatem
3081 3912 3179 3981 ipsi
3208 3922 3261 3966 et
3292 3911 3581 3968 liberorum

2015 3997 2371 4065 frequentiam
2407 3998 2662 4066 majorem
2701 4001 3010 4067 pollicetur,
3045 4019 3204 4071 quam
3239 4004 3319 4070 ei,
3349 4020 3468 4074 qua
3505 4008 3586 4060 vi-

2017 4107 2131 4145 rmu
2158 4090 2415 4145 trahebat.
2440 4091 2699 4158 Qumuam
2730 4093 2816 4145 illa
2848 4106 2992 4159 erat,
3038 4097 3138 4151 nisi
3172 4113 3304 4168 gens
3333 4095 3583 4161 iudaice,

2014 4191 2180 4243 etea,
2210 4198 2331 4252 quae
2357 4185 2485 4238 olim
2538 4198 2700 4251 penes
2747 4185 2890 4256 ipsos
2923 4197 2979 4239 ιιι
3022 4190 3215 4243 civitas
3255 4188 3347 4245 Dei
3393 4191 3445 4242 in
3488 4192 3585 4244 bo-

2018 4290 2147 4328 nore
2177 4275 2494 4336 habebatur.
2527 4274 2864 4331 Jerusalem?
2893 4280 3021 4346 Quae
3050 4295 3173 4335 cum
3210 4282 3382 4334 virum
3422 4283 3586 4338 habe-

2019 4376 2121 4427 ret,
2151 4366 2370 4421 celeste
2395 4368 2643 4423 videlicet
2671 4368 2892 4424 verbum
2915 4410 2931 4427 .
2970 4371 3068 4440 ipsi
3114 4372 3346 4427 libellum
3379 4375 3581 4442 repudii

2015 4459 2227 4513 dedisse
2254 4460 2653 4529 comprobatur.
2700 4462 2778 4514 Ad
2815 4464 3275 4531 comparationem
3328 4466 3488 4536 igitur
3513 4465 3582 4519 il-

338 4545 433 4599 τὸν
456 4546 623 4616 ἄνδρα
650 4548 1012 4620 κεκτημένης,
1036 4551 1068 4620 ἡ
1092 4552 1148 4603 ἐν
1174 4554 1286 4613 τοῖς
1314 4549 1519 4605 ἔθνεσιν
1544 4551 1747 4624 ἔρημος
1778 4549 1902 4608 οὐσα

2019 4551 2143 4611 lius,
2178 4565 2298 4619 quae
2323 4550 2448 4604 olim
2482 4553 2656 4605 virum
2688 4553 2939 4617 habebat,
2969 4556 3145 4609 anima
3188 4555 3274 4610 illa
3306 4573 3425 4626 quae
3452 4557 3581 4612 olim
3660 4546 3665 4555 ’

334 4637 405 4691 τὸ
455 4637 588 4708 πρὶν
617 4638 749 4692 Θεοῦ
793 4640 938 4712 ψυχὴ
977 4642 1306 4710 ἐπαγγελίας
1348 4642 1590 4708 ἀξιοῦται
1636 4646 1914 4717 χρηστῆς,

343 4727 696 4783 πολυπαιδίαν
737 4732 829 4784 καὶ
862 4733 1214 4787 πολυτεκνίαν
1249 4735 1385 4804 αὐτῇ
1429 4735 1914 4806 εὐαγγελιζομένου

340 4820 436 4874 τοῦ
470 4820 656 4890 λόγου·
688 4823 765 4887 ὡς
804 4826 861 4876 ἐν
896 4824 1195 4897 παραθέσει
1226 4825 1319 4878 τοῦ
1358 4828 1421 4879 ἐκ
1454 4828 1755 4899 περιτομῆς
1787 4828 1915 4883 λαοῦ

335 4913 408 4965 τὰ
436 4914 599 4967 τέκνα
629 4916 832 4988 ταύτης
860 4916 1407 4982 πολυπλασιάζεσθαι.

421 5106 439 5132 ι
468 5084 601 5142 Eius
635 5091 742 5162 γὰρ
769 5094 972 5166 Κύριος
995 5113 1008 5127 ο
1052 5098 1322 5152 Πλάτυνον
1354 5100 1442 5151 τὺν
1468 5099 1630 5152 τόπον
1655 5101 1750 5171 τῆς
1781 5118 1915 5172 σκη-

342 5178 442 5248 νῆς
484 5195 598 5242 σου,
634 5183 726 5234 καὶ
769 5185 867 5248 τὰς
915 5186 1126 5258 δέρρεις
1156 5191 1266 5245 τῶν
1302 5189 1537 5244 αὐλαιῶν
1572 5207 1663 5243 σου
1709 5191 1908 5262 πῆξοψ

347 5266 424 5338 μὴ
471 5268 665 5341 φείσῃο
710 5272 981 5345 μάκρυνον
1018 5277 1087 5331 τὰ
1131 5279 1486 5350 σχοινίσματά
1521 5296 1635 5341 σου,
1666 5280 1913 5344 καὶτοὺς

347 5359 657 5424 πασσάλους
692 5379 784 5414 σου
817 5367 1160 5438 κατίσχυσον.
1190 5390 1209 5422 ι
1258 5370 1520 5425 Λέλεκται
1552 5372 1606 5426 δὲ
1638 5372 1806 5426 ταῦτα
1834 5372 1913 5437 ὡς

345 5445 412 5500 ἀν
442 5449 534 5502 καὶ
560 5452 652 5503 ἐπὶ
679 5453 778 5525 τῆς
810 5460 1010 5529 σκηνῆς
1026 5461 1243 5531 τῆςύπδ
1263 5464 1541 5528 Μωῦσέως
1574 5481 1917 5518 κατασκευα-

348 5537 600 5611 σθείσηςο
666 5544 850 5620 ἐκείνῃ
900 5549 1009 5619 γάρ
1069 5553 1411 5623 χρησάμενος
1450 5559 1477 5610 ό
1515 5555 1671 5624 λόγος
1724 5558 1913 5623 εἰκόνι,

346 5632 412 5701 τῇ
451 5631 508 5697 ἐξ
557 5634 724 5688 ἐθνῶν
741 5637 1032 5711 Ἐκκλησία
1064 5648 1384 5714 ,προσφωνεί
1433 5647 1505 5718 μὴ
1547 5648 1667 5700 κατ’
1702 5648 1917 5719 ἐκείνην

353 5724 643 5794 σμικρύναι
674 5727 771 5799 τὴν
798 5731 996 5801 ἑαυτῆς
1023 5733 1330 5805 οἰκοδομὴν,
1368 5737 1502 5790 ἀλλά
1534 5738 1795 5792 πλατύναι
1818 5740 1947 5794 τὴνν

351 5820 723 5891 σκηνοπηγίαν
765 5824 987 5895 ἑαυτῆς,
1031 5827 1348 5883 ἐκτείνασαν
1389 5831 1468 5893 εἰς
1509 5831 1711 5899 ἄφατον
1744 5832 1915 5903 μῆκός

2016 4642 2070 4696 iu
2097 4644 2345 4711 gentibus
2378 4643 2592 4697 deserta
2619 4660 2647 4696 a
2678 4643 2788 4707 Deo
2816 4655 2960 4712 erat,
2991 4647 3353 4715 promissione
3382 4649 3581 4719 optima

2017 4736 2268 4795 donatur,
2311 4733 2433 4787 dum
2469 4735 2567 4803 ipsi
2619 4735 2923 4790 fecunditas
2964 4748 3019 4792 et
3056 4738 3352 4793 liberorum
3407 4739 3586 4794 multi-

2019 4825 2144 4880 tudo
2178 4827 2566 4892 annuntiatur;
2606 4829 2676 4882 ita
2727 4836 2786 4881 ut
2814 4827 3045 4883 tlliorum
3077 4844 3300 4884 numero
3328 4832 3587 4900 populum

2014 4934 2079 4971 ex
2129 4917 2584 4985 circumcisione,
2640 4920 2726 4974 cui
2782 4931 3164 4992 comparatur,
3223 4923 3380 4993 longe
3437 4938 3590 4983 ante-

2013 5011 2188 5065 cedat.

2058 5099 2247 5156 Vens.
2283 5102 2335 5154 9..
2381 5120 2401 5153 ι
2459 5100 2603 5156 Dixit
2639 5102 2782 5156 enim
2839 5102 3141 5159 Dominus:
3180 5103 3350 5159 Dilata
3407 5104 3588 5160 locum

2014 5188 2344 5244 tabernaculi
2377 5190 2475 5254 tui,
2505 5200 2560 5244 et
2585 5190 3068 5256 pellesaulteorum
3099 5202 3313 5249 tuorum
3339 5196 3440 5267 ﬁge
3468 5211 3484 5248 :
3524 5211 3591 5248 ne

2019 5296 2244 5350 parcas;
2277 5284 2534 5351 protende
2550 5280 2822 5337 funiculus
2843 5293 2985 5346 tuos.
3014 5295 3067 5340 et
3091 5286 3273 5341 clavos
3303 5296 3421 5340 tuos
3457 5301 3587 5341 con:-

2018 5374 2207 5427 sohda.
2238 5392 2258 5425 ›
2285 5373 2408 5428 Haec
2428 5376 2680 5428 dicuntur
2700 5376 2856 5445 quasi
2880 5377 2946 5430 de
2973 5378 3318 5434 tabernaculo
3340 5396 3368 5431 a
3398 5378 3589 5448 Moyse

2019 5476 2371 5521 contracto:
2420 5482 2545 5521 nam
2593 5469 2695 5523 hoc
2724 5469 2973 5538 exemplo
3012 5486 3141 5526 usus
3187 5472 3449 5540 propheta
3484 5471 3585 5527 Ec-

2021 5558 2199 5611 clesiae
2245 5572 2307 5611 ex
2343 5560 2594 5626 gentibus
2636 5562 2821 5628 edicit,
2876 5574 2933 5617 ut
2976 5578 3042 5617 ue
3073 5566 3137 5618 nd
3189 5566 3404 5618 tnodum
3442 5564 3585 5619 illius

2024 5657 2306 5717 augustam
2338 5660 2664 5708 structuram
2700 5670 2852 5709 suam
2884 5654 3068 5719 faciat,
3104 5658 3197 5710 sed
3230 5657 3455 5712 tentoria
3489 5671 3582 5709 sua

2021 5743 2274 5795 extendat
2314 5743 2365 5796 in
2419 5742 2807 5816 longitudinem
2854 5747 3303 5818 latitudinemque
3358 5748 3583 5801 immen-

2022 5849 2159 5889 sam.
2209 5834 2343 5890 Nam
2387 5840 2526 5905 quod
2570 5854 2600 5891 a
2646 5838 2828 5910 Moyse
2865 5850 3126 5895 structum
3181 5840 3580 5895 tabernaculum
