4130 6400
613 376 720 430 £05

1277 370 1540 428 EUSEBII
1581 367 2051 424 CIESARIENSIS
2089 369 2237 423 OPP.
2282 369 2456 424 PARS
2497 369 2579 426 Ill.
2617 400 2686 410 —-
2723 367 3136 425 EXEGETICA.

3757 367 3862 422 464

617 499 720 558 est,
753 499 968 546 centum
1003 489 1338 556 longitudine
1369 488 1674 542 cubitorum
1712 495 1864 552 erat,
1914 487 2183 539 latitudini!

2294 505 2350 540 τε
2399 490 2490 540 καὶ
2529 488 2750 552 πλάτος.
2799 488 2862 540 ’11
2900 487 2998 557 μὲν
3045 485 3152 557 γὰρ
3211 486 3314 539 ὑπὸ
3353 487 3628 550 Μωῦσέως
3687 501 3854 539 κατα-

619 601 750 638 vero
789 584 1197 653 quinquaginta.
1244 578 1342 634 l-lic
1385 595 1509 632 vero
1561 579 1671 642 ait,
1717 577 1792 630 Ne
1822 593 1984 646 parce
2026 594 2186 645 agas,

621 676 794 748 neque
827 687 876 730 te
905 677 954 728 in
981 684 1260 743 angustam
1295 688 1604 726 mensuram
1637 671 1877 738 redigas,
1913 671 2007 724 sed
2037 670 2192 738 longe

620 771 836 838 lateque
879 778 928 820 te
959 767 1218 821 extendas
1271 781 1335 820 ac
1394 776 1701 826 construas,
1734 773 2026 820 etmetera.
2057 761 2190 816 Novi

618 878 776 932 porro
815 862 1034 931 hujusce
1071 858 1442 924 tabernaculi,
1483 857 1625 926 quod
1682 857 1798 909 fixit
1849 855 2108 909 Dominus
2138 864 2192 908 et

619 969 723 1006 non
760 953 946 1014 homo,
993 949 1418 1020 longitudinem,
1473 948 1810 1002 latitmlinem
1854 957 1908 1001 et
1939 947 2193 1018 amplitu-

617 1044 796 1098 dinem
855 1043 1143 1112 intelligas,
1189 1042 1232 1094 si
1287 1041 1615 1110 perpendas,
1656 1051 1918 1108 quantum
1952 1053 2097 1096 esset
2127 1041 2192 1094 il-

617 1135 706 1190 lud
747 1137 845 1190 sub
875 1133 1062 1205 Moyse
1096 1146 1467 1188 constructum
1514 1134 1951 1199 tabernaculum;
1987 1143 2188 1200 quanta

617 1237 760 1284 esset
799 1227 1098 1282 Jerusalem
1151 1225 1406 1295 templum
1453 1227 1658 1280 habens
1697 1227 2036 1296 longitudine
2063 1226 2187 1294 qui—

618 1323 738 1376 dem
762 1320 1120 1391 quadraginta
1144 1319 1475 1384 eubitorum,
1503 1317 1786 1372 latitudine
1807 1317 2012 1387 viginti.
2039 1317 2188 1383 Quod

618 1415 660 1468 si
695 1413 951 1483 templum
983 1412 1108 1464 illud
1145 1413 1195 1464 iu
1220 1425 1324 1464 una
1355 1410 1654 1466 l’altestinte
1683 1411 1812 1464 urbe
1829 1411 2188 1464 admiratione

618 1509 835 1578 dignum
867 1513 1022 1569 erat,
1058 1512 1259 1572 quanto
1292 1503 1462 1572 magis
1509 1501 1776 1558 mirabilis
1807 1501 1894 1556 illa
1940 1503 2188 1571 frequen-

616 1603 709 1662 tia,
743 1596 1054 1666 magnitudo
1103 1609 1156 1648 et
1211 1595 1550 1664 pulchritudo
1613 1593 1962 1649 ecclesiarum
2007 1595 2096 1648 Dei
2134 1593 2184 1647 in

615 1689 764 1744 omni
821 1689 938 1742 loco
977 1687 1377 1742 excitatarum!
1445 1701 1568 1740 nam
1617 1696 1762 1741 totus
1809 1687 1956 1741 orbis
1999 1687 2186 1757 plenus

615 1780 858 1836 ecclesiis
887 1790 992 1834 est.

687 1869 848 1924 Vens.
882 1871 936 1924 '5.
969 1888 990 1920 ι
1025 1867 1212 1924 Adhuc
1247 1885 1274 1924 a
1309 1871 1516 1925 dextris
1552 1879 1606 1926 et
1646 1887 1675 1926 a
1719 1871 1956 1926 sinistris
1983 1870 2182 1936 dilata,

615 1971 670 2014 et
697 1976 880 2014 semen
924 1971 1070 2014 tuum
1102 1960 1396 2029 possidebit
1436 1973 1642 2030 gentes,
1672 1973 1726 2016 et
1753 1963 1914 2016 urbes
1942 1963 2186 2017 desertas

619 2053 908 2108 habitabis.
941 2070 960 2102 ›
996 2051 1191 2106 Semen
1219 2063 1397 2106 autem
1439 2053 1690 2108 Ecclesiae
1725 2053 1814 2107 Dei
1842 2053 2006 2108 fuerit
2029 2071 2186 2108 evan-

615 2147 818 2216 gelicus
851 2161 1063 2208 sermo,
1098 2147 1163 2199 de
1209 2161 1314 2213 quo
1365 2147 1584 2210 dicitur,
1623 2164 1642 2198 ι
1687 2145 1829 2200 Exiit
1877 2147 1966 2214 qui
2023 2148 2185 2201 semi-

617 2236 1043 2297 ttalseminare’,
1079 2255 1097 2287 ι
1125 2245 1196 2298 et,
1233 2255 1251 2288 ί
1289 2237 1476 2292 Nonne
1509 2239 1706 2292 bonum
1734 2255 1918 2294 semen
1950 2243 2187 2294 sentina-

615 2331 682 2382 sti
735 2329 784 2382 in
823 2345 952 2398 agro
979 2329 1042 2382 7?
1083 2347 1101 2380 ο
1137 2328 1320 2382 Potest
1367 2331 1492 2384 item
1544 2347 1728 2385 semen
1778 2331 2026 2386 Ecclesia.-
2063 2348 2185 2387 esse

615 2422 980 2494 apostolorum
1027 2432 1082 2476 et
1142 2422 1527 2491 discipulorum
1593 2423 1805 2476 Domini
1867 2425 2034 2478 nostri
2089 2425 2183 2478 do-

615 2517 786 2570 ctrina
809 2557 824 2580 ,
869 2530 1100 2584 quorum
1133 2529 1296 2583 opera
1345 2516 1429 2584 pia
1478 2516 1666 2586 religio
1701 2519 1752 2570 in
1787 2515 1891 2570 illis
1922 2517 2046 2569 olim
2087 2519 2180 2572 de-

629 2609 839 2664 tastatis
873 2607 1086 2676 Deoque
1115 2607 1299 2660 vacuis
1327 2606 1714 2662 solitudinibus
1744 2609 2042 2662 constituta
2075 2619 2179 2662 est.

687 2785 848 2842 \‘t-zns.
875 2785 928 2839 4.
969 2803 988 2836 ι
1026 2785 1142 2839 Noli
1189 2785 1401 2846 timere,
1434 2785 1558 2854 quia
1605 2783 1828 2839 confusa
1878 2799 1976 2840 es:
2012 2801 2184 2854 neque

623 2880 924 2938 erubescas.
953 2878 1076 2945 quia
1123 2878 1506 2945 exprobratum
1536 2877 1629 2931 tibi
1669 2889 1751 2932 est
1781 2894 1793 2930 :
1835 2879 1958 2948 quia
1988 2880 2184 2932 confu-

619 2973 782 3026 sionis
809 2980 1079 3040 perpetua:
1118 2969 1494 3034 oblivisceris,
1538 2977 1594 3024 et
1637 2971 1911 3039 opprobrii
1949 2971 2180 3024 viduita-

617 3065 687 3119 tis
715 3075 819 3118 tuaa
853 3079 960 3117 non
993 3060 1365 3116 recordaberis
1396 3061 1648 3130 amplius.
1685 3080 1705 3112 ι
1746 3060 1878 3115 Nam
1919 3077 2040 3118 cum
2073 3073 2184 3116 ste-

620 3157 736 3213 rilis
760 3165 923 3218 esset,
955 3169 1124 3224 neque
1159 3162 1395 3220 pareret,
1428 3167 1604 3222 neque
1645 3155 1964 3222 parturiret,
2009 3169 2182 3225 neque

617 3251 792 3306 virum
845 3248 1082 3312 haberet,
1125 3245 1464 3301 contumeliis
1512 3245 1744 3300 obnoxia
1778 3255 1832 3300 et
1865 3245 2183 3301 confusione

615 3342 772 3416 plena
811 3351 968 3405 erat;
1011 3349 1074 3398 at
1107 3353 1246 3392 nunc
1319 3337 1398 3391 sic
1441 3351 1560 3390 eam
1601 3335 1884 3405 compellat
1915 3354 1927 3390 :
1956 3335 2181 3390 Etiamsi

615 3437 744 3492 oiim
775 3433 1090 3488 confusione
1125 3440 1180 3486 et
1213 3429 1505 3499 opprobrio
1533 3427 1695 3498 digna
1727 3439 1876 3497 gesta
1907 3428 2176 3494 edideris;

614 3527 846 3594 confide,
884 3547 902 3578 ε
944 3526 1079 3592 Quia
1138 3521 1475 3578 confusionis
1503 3529 1774 3590 perpetuae
1817 3521 2180 3585 Oblivisceris,

614 3632 670 3678 et
695 3621 966 3690 opprobrii
1003 3615 1284 3670 viduitatis
1315 3623 1420 3668 tua:
1463 3628 1566 3668 non
1603 3613 1993 3668 recordaberis.
2035 3632 2054 3664 ›
2093 3614 2184 3668 \‘i-

614 3715 876 3772 duitatem
923 3721 1099 3766 autem
1157 3710 1244 3763 hic
1288 3718 1446 3762 vocat
1491 3707 1650 3763 Verbi
1702 3707 1882 3776 Sponsi
1921 3707 2180 3776 privatio-

618 3825 740 3890 lem
768 3823 782 3859 :
828 3804 1004 3871 cujus,
1041 3802 1238 3871 inquit,
1269 3816 1373 3854 non
1407 3799 1805 3865 recordaberis,

693 3899 855 3954 Vsus.
885 3898 938 3951 5.
975 3916 994 3950 ι
1035 3896 1170 3962 Quia
1204 3893 1467 3948 Dominus
1497 3895 1757 3948 virtutum
1789 3902 1896 3957 est,
1936 3893 2025 3962 qui
2055 3893 2181 3948 fecit

619 4001 692 4058 te,
735 3991 992 4046 Dominus
1023 4003 1214 4042 nomen
1246 3985 1342 4052 illi,
1386 3995 1440 4039 et
1465 3987 1554 4056 qui
1580 3987 1721 4039 eruit
1767 3995 1844 4050 te;
1891 3987 2006 4055 ipse
2039 3986 2180 4041 Deus

617 4083 780 4140 Israel
817 4091 926 4136 tota
969 4090 1110 4135 terra
1146 4079 1446 4134 vocabitur.
1503 4097 1522 4130 ι
1569 4077 1683 4132 Non
1717 4079 1861 4132 enim
1903 4093 1969 4134 ex
2007 4080 2182 4133 homi-

617 4176 800 4236 nibus,
848 4187 1022 4242 neque
1069 4188 1166 4242 per
1210 4171 1488 4225 hominem
1533 4170 1643 4224 hac
1684 4171 1976 4224 constituta
2015 4182 2174 4236 sunt,

617 4268 710 4324 sed
739 4283 836 4337 per
862 4265 1035 4334 ipsum
1067 4265 1376 4318 Dominum.

689 4383 852 4436 Vens.
885 4379 1037 4434 6-10.
1075 4397 1094 4430 ι
1127 4377 1244 4433 Non
1271 4377 1426 4448 quasi
1457 4377 1740 4432 mulierem
1781 4377 2094 4434 derelictam
2125 4390 2172 4434 et

613 4475 1010 4548 pusillanimem
1039 4471 1250 4525 vocavit
1283 4478 1336 4524 te
1375 4469 1652 4536 Dominus,
1683 4485 1856 4538 neque
1896 4482 1952 4524 ut
1993 4472 2180 4526 mulie-

611 4581 730 4630 rem
765 4581 830 4622 ex
865 4565 1151 4634 juventute
1173 4561 1304 4616 odio
1347 4561 1606 4616 habitam.
1651 4563 1792 4616 Dixit
1845 4563 1984 4617 Deus
2029 4573 2175 4624 tuus,

613 4657 882 4728 Ten-pore
929 4656 1142 4710 modico
1182 4653 1369 4722 reliqui
1425 4663 1506 4720 te,
1550 4663 1758 4709 etcum
1809 4657 2176 4710 misericordia

615 4765 806 4818 magna
839 4749 1138 4802 miserebor
1169 4747 1268 4810 ttii,
1317 4747 1452 4800 dixit
1485 4748 1576 4815 qui
1624 4747 1764 4800 eruit
1797 4759 1848 4801 te
1897 4749 2176 4802 Dominus.

614 4843 698 4897 Ab
727 4857 863 4911 aqua
898 4855 1016 4909 quae
1043 4843 1146 4894 sub
1175 4837 1286 4893 Noe
1326 4837 1446 4906 fuit,
1475 4839 1578 4893 hoc
1607 4839 1738 4893 mihi
1785 4847 1890 4903 est,
1922 4839 2179 4909 quemad-

617 4937 832 4991 modum
875 4933 1053 5002 juravi
1096 4933 1145 4987 ei
1198 4933 1250 4986 in
1299 4940 1538 5000 tempore
1579 4931 1692 4996 illo,
1743 4942 1902 4986 terra:
1947 4947 2032 4987 me
2075 4947 2178 4988 non

613 5041 998 5085 succensurum
1048 5041 1210 5096 super
1247 5034 1300 5080 te
1341 5025 1595 5094 amplius,
1647 5039 1820 5094 neque
1863 5023 1915 5077 in
1962 5025 2180 5080 commi-

615 5121 833 5176 natione
869 5129 956 5174 tua
993 5129 1205 5174 montes
1237 5117 1645 5172 transferendos
1687 5127 1825 5182 esse,
1857 5133 2032 5186 neque
2065 5118 2178 5172 col-

614 5213 690 5268 les
727 5217 884 5266 'ineos
931 5213 1417 5266 transmovendos:
1459 5211 1538 5265 sic
1590 5225 1764 5279 neque
1807 5211 2176 5265 misericordia

614 5323 731 5364 mea
779 5307 874 5362 tibi
913 5307 1168 5369 deficiet,
1219 5321 1394 5375 neque
1443 5313 1819 5360 testamentum
1853 5305 2000 5375 pacis
2047 5319 2177 5360 mea:

613 5399 888 5456 auferetur
908 5419 921 5454 :
941 5399 1077 5452 dixit
1102 5399 1248 5451 enim
1276 5417 1292 5454 :
1317 5397 1684 5468 PrOpitiusest
1711 5397 1804 5451 tibi
1839 5397 2116 5450 Dominus.
2152 5417 2169 5449 ο

609 5493 730 5548 Cito
767 5493 912 5546 enim
961 5501 1172 5546 montes
1209 5507 1238 5544 a
1289 5491 1521 5560 propriis
1573 5491 1705 5546 locis
1741 5489 2174 5555 transferentur,

609 5595 666 5641 et
699 5583 868 5640 colles
925 5583 1284 5638 turbabuntur
1322 5583 1532 5653 potius,
1593 5599 1754 5652 quam
1805 5582 2174 5640 misericordia

672 5785 691 5812 ⁶
753 5781 939 5836 Matth.
977 5799 1092 5848 χιιι,
1117 5785 1167 5840 5.
1246 5786 1264 5814 ⁷
1295 5779 1426 5836 ibid.
1460 5773 1547 5828 Ἦ.

2295 579 2672 642 σκευασοεῖσα,
2697 580 2912 650 πηχέων
2931 575 2997 650 ἦν
3019 586 3064 650 ρ’
3097 579 3298 650 μῆκος
3339 577 3538 639 πλάτος
3565 575 3623 629 δέ
3657 583 3718 630 ν’.
3747 577 3860 630 Ἐν-

2291 673 2462 726 ταῦθα
2487 675 2542 726 δέ
2569 692 2720 744 φησι,
2749 676 2839 746 Μὴ
2868 673 3029 752 φείσῃ
3053 671 3264 732 τούτου,
3295 669 3430 742 μηδέ
3455 671 3861 744 στενοχωρήσῃς

2293 766 2521 836 σεαυτὴν
2569 769 2678 828 τοῖς
2723 763 3107 836 μέτροις·ἀλλ’
3141 763 3427 816 ἐκτείνασα
3477 761 3714 834 μακρὰν,
3769 763 3861 815 καὶ

2291 855 2541 918 κτίσασα,
2577 855 2768 907 καὶτὰ
2815 855 2958 924 ἑξῆς.
3003 855 3234 925 Νοήσεις
3263 851 3320 905 δὲ
3361 851 3422 904 τὸ
3467 853 3638 923 μῆκος
3680 853 3860 906 καὶτὸ

2293 945 2510 1006 πλάτος,
2547 945 2640 998 καὶ
2668 945 2728 996 τὸ
2759 944 2987 1014 μέγεθος
3017 943 3116 1014 τῆς
3153 943 3279 1006 νέας
3308 941 3508 1012 ταύτης
3539 943 3762 1013 σκηνῆς,
3795 941 3860 1012 ἢν

2290 1035 2488 1107 ἔπηξεν
2520 1037 2549 1088 6
2577 1033 2778 1105 Κύριος
2807 1035 2899 1086 καὶ
2925 1033 3024 1086 οὐκ
3055 1032 3360 1104 ἄνθρωπος,
3390 1035 3481 1086 ἐπὶ
3507 1033 3630 1087 νοῦν
3658 1032 3856 1096 λαϐὼν,

2289 1129 2386 1200 ὅση
2421 1129 2518 1199 μὲν
2551 1129 2762 1200 ὑπῆρχε
2806 1130 2916 1190 τοῖς
2947 1126 3166 1198 μέτροις
3204 1128 3237 1196 ή
3270 1127 3362 1178 ἐπὶ
3393 1127 3670 1190 Μωῦσέως
3697 1144 3862 1180 κατα-

2291 1220 2668 1284 σκευασθεῖσα,
2710 1221 2808 1292 ὅση
2849 1215 2917 1290 ἦν
2967 1218 3316 1291 Ἰερουσαλὴμ
3351 1218 3439 1271 τὸν
3473 1217 3609 1270 νεὼν
3643 1217 3858 1288 ἔχουσα,

2292 1317 2496 1386 μήκους
2512 1309 2577 1384 ἦν
2596 1311 2782 1382 πηχῶν
2799 1311 2915 1383 (sic)
2941 1317 3010 1382 μ’,
3029 1310 3259 1374 πλάτους
3277 1316 3344 1364 κ’.
3375 1311 3461 1374 Ὠς
3479 1310 3594 1363 εἰπε
3603 1327 3634 1380 ρ
3647 1305 3713 1381 ἦν
3731 1309 3860 1363 Θαύο

2290 1423 2460 1478 ματος
2493 1405 2640 1468 ἄξιος
2672 1406 2699 1458 ὅ
2721 1421 2780 1456 τε
2807 1403 2943 1466 νεὼς
2974 1404 3030 1456 ὲν
3062 1404 3161 1474 μιᾷ
3189 1403 3339 1457 πόλει
3367 1405 3464 1474 τῆς
3497 1401 3859 1473 Παλαιστίνης

2289 1496 2587 1568 ἱδρυμένος,
2642 1497 2793 1566 πόσῳ
2835 1495 3032 1566 μᾶλλον
3063 1493 3124 1548 τὸ
3167 1494 3368 1564 πλῆθος
3400 1494 3592 1548 καὶτὰ
3631 1495 3856 1565 μεγέθη,

2285 1589 2379 1642 καὶ
2406 1589 2473 1642 τὰ
2505 1589 2671 1660 κάλλη
2697 1587 2806 1641 τῶν
2835 1587 2974 1641 κατὰ
3005 1587 3182 1640 πάντα
3209 1587 3370 1641 τόπον
3409 1587 3858 1660 ἁνεγηγερμένων

2285 1681 2587 1752 ἐκκλησιῶν
2622 1681 2716 1734 τοῦ
2763 1681 2932 1734 Θεοῦ·
2985 1680 3154 1752 μεστὴ
3191 1679 3300 1751 γὰρ
3341 1679 3646 1733 ἐκκλησιῶν
3689 1681 3723 1752 ή
3765 1679 3857 1734 ὑπ’

2284 1773 2530 1843 οὐρανόν.

2363 1885 2382 1917 ι
2407 1867 2526 1918 Ἔτι
2569 1865 2648 1928 εἰς
2691 1865 2760 1918 τὰ
2802 1864 2948 1928 δεξιὰ
2981 1865 3074 1918 καὶ
3103 1864 3170 1918 τὰ
3204 1863 3466 1934 ἀριστερά
3499 1881 3592 1917 σου
3623 1863 3856 1918 ἐκπέτα-

2291 1976 2400 2024 σον,
2437 1959 2530 2010 καὶ
2561 1956 2624 2012 τὸ
2657 1957 2875 2027 σπέρμα
2910 1974 3000 2010 σου
3029 1956 3154 2028 ἔθνη
3188 1957 3603 2028 κληρονομήσει,
3639 1955 3730 2008 καὶ
3759 1955 3858 2008 πό-

2287 2055 2398 2118 λεις
2415 2055 2513 2124 ἦρε
2523 2052 2776 2124 μωμένας
2798 2051 3109 2112 κατοικιείς.
3137 2069 3154 2100 ι
3179 2049 3404 2120 Σπέρμα
3421 2047 3477 2100 δέ
3497 2047 3597 2117 τῆς
3629 2047 3855 2118 Ἐκκλη-

2290 2148 2407 2211 σίας
2441 2146 2531 2200 τοῦ
2566 2146 2700 2199 Θεοῦ
2734 2147 2817 2218 εἴη
2853 2147 2918 2200 ἂν
2961 2145 3054 2198 καὶ
3082 2145 3110 2196 6
3150 2142 3500 2212 εὐαγγελικὸς
3523 2142 3700 2211 λόγος,
3730 2143 3856 2213 περὶ

2286 2233 2347 2292 οὗ
2381 2240 2624 2309 λέγεται·
2649 2259 2666 2290 ι
2701 2239 2952 2308 Ἐξῆλθεν
2971 2239 3000 2290 ὁ
3023 2237 3257 2310 σπείρων
3283 2237 3375 2290 τοῦ
3401 2239 3649 2306 σπεῖραι,
3683 2255 3701 2286 ι
3739 2235 3854 2298 καὶ,

2291 2351 2309 2382 ι
2337 2333 2467 2402 Οὐχὶ
2501 2331 2664 2385 καλὸν
2703 2332 2923 2403 σπέρμα
2957 2327 3216 2401 ἔσπειρας
3251 2332 3308 2384 ἐν
3343 2330 3420 2400 τῷ
3453 2330 3645 2401 ἀγρῷ;
3683 2349 3702 2381 ι
3745 2329 3856 2383 Καὶ

2288 2424 2449 2476 πάλιν
2481 2423 2700 2476 δύναται
2725 2423 2780 2476 δὲ
2815 2421 3032 2493 σπέρμα
3057 2417 3195 2474 εἶναι
3217 2421 3315 2491 τῆς
3353 2419 3676 2492 Ἐκκλησίας
3704 2421 3796 2474 καὶ
3821 2422 3854 2490 ή

2285 2515 2394 2567 τῶν
2425 2515 2732 2568 ἀποστόλων
2753 2514 2846 2566 καὶ
2872 2511 3128 2583 μαθητῶν
3143 2511 3236 2565 τοῦ
3255 2513 3458 2584 Κυρίου
3477 2512 3629 2584 ήμῶν
3643 2511 3852 2582 διδαχή·

2285 2607 2352 2660 δι’
2379 2601 2453 2660 ὧν
2491 2609 2524 2678 ή
2559 2605 2811 2676 θεοσεϐὴς
2841 2605 3082 2658 πολιτεία
3123 2606 3181 2658 ἐν
3219 2607 3335 2666 ταῖς
3361 2603 3528 2658 πάλαι
3557 2603 3858 2675 ἠφανισμέ-

2285 2717 2404 2762 ναις
2433 2699 2526 2752 καὶ
2553 2697 2688 2750 Θεοῦ
2725 2698 2952 2768 ἐρήμοις
2979 2697 3294 2768 ἐκκλησίαις
3325 2699 3574 2769 συνέστη.

2361 2811 2378 2841 ε
2407 2791 2498 2860 Μὴ
2532 2790 2718 2860 φοϐοῦ,
2750 2791 2830 2843 ὅτι
2863 2769 3261 2862 κατῃσχύῖωθης,
3297 2790 3429 2862 μηδὲ
3457 2791 3748 2862 ἐντραπῇς,
3775 2791 3856 2844 ὅτι

2283 2881 2624 2952 ὼνειδίσθης·
2659 2882 2742 2934 ὅτι
2774 2881 3032 2951 αἰσχύνην
3057 2880 3276 2935 αἰώνιον
3315 2883 3568 2954 ἐπιλήσῃ,
3593 2885 3686 2936 καὶ
3713 2885 3854 2937 ὄνει-

2284 2976 2372 3039 δος
2392 2977 2489 3046 τῆς
2521 2974 2746 3046 χηρείας
2779 2991 2871 3026 σου
2901 2976 2961 3027 οὐ
2999 2973 3072 3045 μὴ
3101 2975 3386 3048 μνησθήσῃ
3415 2975 3512 3029 ἔτι.
3545 2995 3564 3026 ι
3601 2977 3728 3028 Ὅτε
3755 2977 3856 3046 μὲν

2285 3069 2393 3140 γὰρ
2419 3063 2486 3138 ἦν
2517 3065 2724 3138 στείρα,
2757 3067 2848 3120 καὶ
2873 3067 2933 3119 οὐ
2960 3065 3236 3130 τίκτουσα,
3263 3066 3382 3120 οὐδέ
3407 3066 3687 3132 ὠδίνουσα,
3722 3068 3856 3138 μηδὲ

2283 3161 2372 3213 τὸν
2419 3161 2588 3232 ἄνδρα
2640 3159 2858 3230 ἔχουσα,
2912 3157 3276 3222 ἐπονείδιστος
3329 3153 3396 3230 ἦν
3453 3160 3546 3212 καὶ
3597 3158 3858 3230 αἰσχύνης

2285 3251 2542 3323 ἔμπλεος·
2580 3251 2714 3306 ἀλλὰ
2755 3251 2849 3304 νῦν
2883 3267 3014 3320 φησι
3062 3250 3197 3322 πρὸς
3229 3251 3422 3322 αὑτήν⁸
3453 3251 3515 3304 Εἰ
3554 3253 3646 3304 καὶ
3689 3253 3856 3306 πάλαι

2285 3343 2413 3396 ποτὲ
2445 3341 2703 3414 αἰσχύνης
2741 3341 2834 3395 καὶ
2869 3341 3102 3404 ὀνείδους
3135 3340 3402 3412 ἔπραττες
3447 3341 3594 3408 ἄξια,
3629 3341 3853 3412 Θάρσει·

2291 3453 2309 3484 ι
2348 3435 2467 3487 Ὅτι
2507 3433 2766 3503 αἰσχύνην
2815 3430 3030 3486 αἰώνιον
3073 3431 3326 3503 ἐπιλήσῃ,
3377 3433 3468 3486 καί
3513 3433 3712 3497 ὅνειδος
3757 3434 3858 3503 τῆς

2283 3527 2508 3598 χηρείας
2543 3543 2635 3579 σου
2662 3527 2720 3578 οὐ
2757 3526 2831 3596 μὴ
2869 3525 3174 3596 μνησθήσῃ.
3202 3543 3221 3576 ι
3263 3525 3503 3596 Χηρείαν
3543 3525 3601 3578 δὲ
3643 3526 3858 3578 ἀποκα-

2282 3620 2364 3672 λεῖ
2393 3621 2488 3672 καὶ
2531 3619 2764 3672 ἐνταῦθα
2795 3618 2890 3690 τὴν
2937 3618 3192 3690 στέρησιν
3233 3618 3324 3672 τοῦ
3371 3618 3600 3689 νυμφίου
3641 3619 3854 3688 Λόγου·

2281 3711 2350 3786 ἦς
2371 3714 2431 3767 οὑ
2468 3711 2774 3784 μνησθήεῃ,
2805 3709 2988 3780 φησὶν,

2358 3913 2376 3944 ι
2417 3893 2536 3946 Ὅτι
2583 3893 2785 3963 Κύριος
2831 3891 2940 3942 τῶν
2987 3889 3268 3961 δυνάμεών
3323 3893 3468 3944 ἐστιν
3497 3894 3526 3944 6
3565 3890 3730 3944 ποιῶν
3767 3907 3854 3956 σε,

2282 3986 2482 4056 Κύριος
2517 3985 2688 4054 ὄνομα
2723 3982 2892 4053 αύτῷ,
2935 3983 3028 4036 καὶ
3072 3983 3372 4054 ῥυσάμενος
3411 4001 3500 4036 σε’
3531 3984 3689 4047 αὐτὸς
3720 3983 3858 4049 Θεδς

2294 4077 2506 4148 Ἰσραὴλ
2535 4079 2682 4149 πάσῃ
2705 4079 2770 4147 τῇ
2805 4079 2874 4146 γῇ
2906 4075 3285 4146 κληθήσεται.»
3322 4076 3395 4128 Οὐ
3428 4077 3536 4148 γὰρ
3563 4077 3620 4142 ἐξ
3645 4075 3860 4148 ἀνθρώ-

2281 4156 2418 4236 πων,
2448 4173 2566 4226 οὐδὲ
2605 4171 2669 4225 δι’
2699 4169 2987 4242 ἀνθρώπου
3031 4168 3096 4222 τὰ
3127 4169 3225 4240 τῆς
3276 4169 3585 4232 συστάσεως
3609 4169 3854 4237 γέγονεν,

2280 4266 2414 4320 ἀλλὰ
2438 4267 2502 4318 δι’
2535 4265 2696 4318 αὐτοῦ
2728 4264 2822 4318 τοῦ
2854 4265 3079 4335 Κυρίου.

2355 4403 2372 4430 ι
2406 4381 2516 4452 Οὐχ
2543 4379 2618 4443 ὡς
2643 4383 2876 4449 γυναῖκα
2897 4381 3398 4452 καταλελειμμένην
3421 4383 3514 4435 καὶ
3533 4381 3856 4451 ὀλιγόψυχον

2285 4469 2516 4539 κέκληκε
2559 4486 2618 4522 σε
2661 4471 2689 4522 6
2716 4470 2938 4541 Κύριος,
2974 4469 3082 4523 οὐδ’
3117 4471 3192 4535 ὼς
3232 4475 3464 4540 γυναῖκα
3499 4473 3562 4524 ὲκ
3602 4470 3858 4540 νεότητος

2285 4563 2662 4634 μεμισημένην
2717 4558 2880 4614 Εἶπεν
2913 4561 3092 4626 ὀΘεός
3125 4580 3236 4616 σου·
3263 4563 3465 4634 Χρόνον
3499 4563 3690 4634 μικρὸν
3719 4581 3860 4616 κατ-

2283 4654 2466 4706 έλιπόν
2493 4671 2572 4717 σε,
2613 4653 2708 4706 καὶ
2735 4655 2849 4724 μετ’
2885 4653 3064 4719 ἐλέους
3092 4657 3328 4725 μεγάλου
3357 4657 3562 4728 ἐλεήσω
3593 4675 3669 4720 σε,
3699 4654 3856 4710 εἶπεν

2282 4751 2310 4802 6
2345 4749 2646 4819 ῥυσάμενος
2694 4765 2752 4800 σε
2800 4749 3022 4818 Κύριος.
3081 4750 3212 4803 Ἀπὸ
3257 4749 3351 4803 τοῦ
3396 4751 3585 4813 ὓδατος
3620 4749 3710 4803 τοῦ
3759 4753 3858 4804 ἐπὶ

2284 4841 2404 4894 Νῶε
2437 4841 2594 4894 τοῦτό
2624 4843 2713 4912 μοί
2745 4843 2880 4904 ἐστι,
2911 4840 3100 4894 καθότι
3120 4841 3308 4913 ὤμοσα
3328 4841 3474 4912 αὐτῷ
3495 4845 3552 4896 ὲν
3571 4843 3648 4914 τῷ
3675 4843 3860 4914 χρόνῳ

2285 4933 2474 5005 ἐκείνῳ
2511 4937 2576 5005 τῇ
2607 4936 2678 5006 γῇ
2731 4935 2804 5004 μὴ
2857 4934 3275 5006 Ουμωθήσεσοαι
3319 4935 3410 4988 ἐπὶ
3445 4937 3524 4989 σοὶ
3575 4936 3674 4998 ἔτι,
3718 4935 3858 5006 μηδὲ

2284 5031 2342 5082 ἐν
2375 5030 2569 5102 ἀπειλῇ
2607 5046 2698 5081 σου
2730 5029 2798 5082 τὰ
2827 5029 2926 5101 ὅρη
2975 5029 3423 5100 μεταστήσεσθαι,
3457 5031 3564 5084 οὐδ’
3595 5031 3642 5084 οἰ
3675 5031 3858 5100 βουνοί

2289 5139 2390 5190 μου
2423 5121 2981 5192 μετακινηοήσονται.’
3004 5121 3189 5184 Οὕτως
3213 5121 3334 5174 ούδέ
3368 5123 3428 5176 τὸ
3456 5123 3584 5194 παρ’
3609 5122 3741 5193 ἐμοῦ
3771 5140 3856 5176 σοι

2286 5213 2432 5276 ἔλεος
2460 5213 2718 5282 ἐκλείψει,
2747 5213 2866 5267 οὐδὲ
2899 5215 2932 5283 ή
2961 5213 3192 5286 διαθήκη
3239 5215 3340 5284 τῆς
3386 5217 3607 5286 εἰρήνης
3653 5232 3744 5266 σου
3789 5215 3856 5266 οὒ

2289 5303 2362 5376 μὴ
2400 5307 2668 5376 μεταστῇ·
2704 5301 2823 5358 εἷπε
2860 5305 2988 5376 γάρ·
3021 5305 3206 5370 Ἵλεώς
3235 5323 3314 5359 σοι
3347 5307 3564 5377 Κύριος.
3595 5327 3611 5356 ι
3647 5307 3860 5361 Θᾶττον

2284 5397 2392 5468 γὰρ
2417 5397 2484 5448 τὰ
2523 5397 2624 5468 ὅρη
2675 5400 3098 5468 μεταστήσονται
3131 5399 3237 5451 τῶν
3282 5399 3496 5452 οἰκείων
3527 5399 3724 5463 τόπων,
3757 5399 3860 5454 καὶ

2281 5489 2331 5539 οἱ
2365 5485 2538 5554 βουνοί
2579 5488 3032 5559 ταραχῦήσονται,
3081 5489 3112 5560 ἢ
3145 5489 3205 5542 τὸ
3248 5491 3377 5561 ἐμὸν
3416 5491 3562 5555 ἕλεος
3605 5491 3713 5546 ἀπὸ
3756 5491 3860 5546 σοῦ

2261 5561 2653 5651 ’ἃινηοήσεταμ
2689 5583 2794 5635 Καὶ
2823 5583 2992 5636 ταῦτα
3025 5585 3079 5638 δέ
3111 5585 3186 5656 τῷ
3215 5585 3455 5639 θεοσεϐεῖ
3499 5585 3862 5650 πολιτεύματι
