4168 6398
312 378 418 434 465

1138 418 1154 432 .
1226 372 1729 431 COMMENTARIA
1772 370 1838 426 IN
1881 368 2130 424 ISAIAM.
2170 399 2238 408 —
2275 365 2428 420 CAP.
2470 362 2600 418 LIV.

3449 351 3554 408 ιιϐϐ

314 497 705 566 ἐπαγγέλλεται
741 501 768 552 ὁ
810 499 985 567 λόγος,
1015 500 1108 553 καὶ
1140 499 1304 552 πάλαι
1337 498 1432 568 μὲν
1461 493 1528 568 ῆν
1572 497 1720 567 παρὰ
1759 499 1873 550 ἰου‹

1991 503 2112 542 mea
2158 504 2186 540 a
2232 495 2284 541 te
2329 494 2687 542 removeatur.
2719 482 2783 536 Et
2823 480 2936 534 htrc
2965 477 3064 548 pia:
3101 473 3340 544 religioni
3371 487 3556 528 sermo

312 590 500 654 δαίοις,
557 589 808 643 διαπεσὸν
865 590 921 644 δὲ
979 590 1106 662 παρ’
1145 591 1344 655 αὐτοῖς,
1379 590 1470 642 ἐπὶ
1499 588 1598 659 τὴν
1631 588 1688 655 ἐξ
1715 589 1883 642 ἐθνῶν

326 680 650 753 Ἐκκλησίαν
682 680 1072 752 μεταϐέϐηκεν.

389 879 409 912 ι
436 858 676 932 Ταπεινὴ
723 859 816 914 καὶ
847 860 1320 926 ἀκατάστατος,οὺ
1347 861 1710 933 παρεκλήθης.
1753 861 1882 916 Ἰδοὺ

311 950 423 1021 ἐγὼ
449 950 722 1022 ἐτοιμάζω
753 969 834 1005 σοι
875 951 1120 1025 ἄνθρακα
1141 953 1231 1006 τὸν
1262 952 1404 1006 λίθον
1438 970 1550 1017 σου,
1577 953 1669 1006 καὶ
1698 954 1764 1007 τά
1797 954 1884 1008 θε-

313 1042 479 1112 μέλιά
509 1060 600 1096 σου
635 1043 951 1116 σάπφειρον.
975 1063 992 1096 ι
1022 1039 1130 1097 Ἶιν
1178 1044 1286 1116 γὰρ
1319 1044 1468 1116 παρά
1511 1030 1778 1109 Ἰουδαίοις
1805 1045 1882 1116 τῷ

307 1133 427 1189 ὄντι
455 1136 489 1206 ἡ
507 1136 734 1207 ταπεινὴ
765 1138 1051 1208 σωματικὴ
1081 1136 1366 1207 θρησκεία,
1395 1140 1429 1208 ὴ
1458 1138 1514 1189 ἐν
1545 1137 1756 1209 σώματι
1783 1155 1880 1191 πε-

322 1226 532 1297 ριτομὴ,
561 1227 652 1279 καὶ
680 1227 737 1278 ἐν
765 1226 969 1289 οὐσίαις
992 1224 1143 1291 ζώων
1167 1227 1260 1279 καὶ
1285 1229 1404 1289 ταῖς
1426 1225 1627 1279 τούτων
1650 1226 1877 1291 θυσίαις,

316 1320 404 1370 καὶ
425 1320 538 1382 τοῖς
561 1317 737 1382 ἄλλοις
761 1318 1160 1389 παραπλησίοις
1184 1317 1540 1390 ἐξεταζομένη
1562 1337 1575 1349 ο
1597 1320 1676 1373 διὸ
1695 1337 1883 1373 ταπει-

314 1408 406 1481 νὴν
432 1409 528 1462 καὶ
555 1409 930 1462 ἀκατάστατον
962 1408 1130 1479 αὐτὴν
1157 1408 1456 1479 ὠνόμασεν.
1475 1405 1586 1463 Εἶτ’
1617 1410 1877 1478 ἐπιλέγει,

311 1520 330 1552 ι
365 1501 442 1553 Οὐ
495 1499 870 1572 παρεκλήθηςο
895 1519 914 1551 ι
967 1501 1138 1564 οὐδεὶς
1175 1500 1283 1572 γὰρ
1309 1496 1376 1572 ἦν
1411 1501 1522 1554 τῶν
1563 1502 1876 1572 προφητῶν,

312 1590 426 1643 οὐδὲ
465 1589 575 1644 τῶν
624 1589 884 1659 θεοφιλῶν
930 1590 1138 1662 ἀνδρῶν
1183 1591 1452 1658 τοσοῦτος,
1487 1593 1562 1658 ὡς
1592 1592 1878 1647 ἀναλαϐεῖν

308 1682 477 1755 αὐτὴν
504 1683 598 1736 καὶ
619 1682 1038 1756 ἀνακτήσασθαι.

387 1863 521 1916 Ἰδοὺ
554 1862 664 1932 ἐγὼ
697 1865 967 1937 ὲτοιμάζω
1003 1884 1084 1920 σοι
1129 1866 1373 1939 ἄνθρακα
1438 1869 1528 1922 τὸν
1566 1869 1708 1924 λίθον
1761 1887 1875 1936 σου,
1909 1874 1951 1928 Β

299 1957 398 2010 καὶ
422 1957 493 2010 τά
537 1957 763 2028 θεμέλιά
806 1979 899 2014 σου
934 1963 1252 2033 σάπφειρον.
1281 1982 1300 2015 ι
1340 1965 1480 2018 Ἀνθ’
1504 1957 1565 2018 οὗ
1591 1967 1619 2018 ὁ
1647 1965 1873 2037 Σύμμα-

296 2064 429 2116 χος,
497 2066 516 2099 ι
567 2048 694 2101 ἰδοῦ
734 2049 866 2118 ἐγὼ,
919 2054 1071 2125 φησὶ,
1124 2054 1408 2125 συντίθημι
1461 2057 1694 2128 στιμμίᾳ
1749 2058 1875 2120 τοὺς

297 2135 483 2201 λίθους
501 2155 593 2191 σου
612 2139 725 2207 (40)
752 2160 770 2192 ι
791 2141 1140 2206 ὁΘεοδοτίων,
1166 2164 1184 2194 ι
1213 2143 1336 2198 Ἰδοὺ
1354 2143 1463 2214 ἐγώ
1487 2147 1601 2216 είμι
1625 2145 1874 2217 ἐμϐαλὼν

298 2231 510 2300 στιμμῇ
544 2220 671 2293 τοῦς
695 2229 876 2296 λίθους
915 2249 1027 2286 σου.
1058 2253 1076 2286 ι
1142 2235 1228 2299 Ὠς
1259 2236 1366 2308 γὰρ
1400 2237 1465 2290 ἂν
1494 2237 1630 2309 γυνὴ
1664 2237 1874 2291 καλλω-

295 2323 566 2395 πιζομένη
611 2324 947 2395 στιμμίζοιτο
977 2329 1103 2392 τοὺς
1132 2328 1440 2400 ὀφθαλμούς
1463 2347 1475 2360 ·
1514 2329 1686 2395 οὕτως
1714 2332 1873 2396 αὐτὸς

293 2412 429 2481 ἐγὼ,
466 2416 651 2486 φησιν,
682 2417 820 2488 ὑπὲρ
848 2419 1025 2473 πάντα
1056 2420 1334 2492 ὡραϊσμὸν
1368 2423 1462 2475 καὶ
1492 2421 1874 2493 καλλωπισμὸν

292 2504 424 2567 τοὺς
451 2505 554 2576 τῆς
590 2507 688 2578 σῆς
711 2508 996 2580 οἰκοδομῆς
1033 2511 1214 2576 λίθους
1237 2512 1493 2583 διαθήσω.

372 2618 392 2649 ι
426 2600 534 2652 Καὶ
563 2599 712 2670 θήσω
738 2600 836 2665 τὰς
867 2603 1116 2667 ἐπάλξεις
1144 2621 1236 2656 σου
1265 2604 1470 2668 ἴασπιν,
1518 2605 1610 2658 καὶ
1645 2605 1739 2669 τὰς
1773 2604 1872 2657 πύ-

291 2689 397 2753 λας
440 2707 535 2744 σου
590 2690 770 2756 λίθους
813 2694 1168 2765 κρυστάλλου,
1211 2697 1302 2748 καὶ
1339 2696 1428 2748 τὸν
1462 2694 1742 2767 περίϐολόν
1778 2714 1871 2749 σου

292 2781 479 2844 λίθους
509 2783 815 2848 ἐκλεκτούς.
838 2805 856 2836 ι
910 2786 1150 2839 Τοιοῦτοι
1173 2786 1216 2838 δ’
1244 2787 1310 2840 ἂν
1338 2783 1444 2839 εἷεν
1466 2787 1523 2839 ἐν
1547 2790 1611 2858 τῇ
1642 2789 1871 2860 Ἐκκλη-

298 2872 394 2942 σία
423 2871 557 2925 Θεοῦ
583 2874 632 2926 οἱ
664 2873 852 2946 λογικῇ
886 2881 1203 2948 παρασκευῇ
1234 2879 1334 2948 τὴν
1367 2878 1546 2930 πίστιν
1569 2878 1871 2951 ὠχυρωμέ-

295 2980 401 3026 νοι,
427 2964 569 3018 ὥστε
602 2967 960 3038 προμαχῶνες
1001 2969 1150 3032 ὄντες
1185 2970 1278 3023 τοῦ
1308 2968 1590 3033 θεοσεϐοῦς
1626 2971 1874 3026 πολιτεύ-

299 3071 494 3124 ματος,
516 3055 602 3109 διὰ
629 3057 688 3109 τὸ
707 3057 965 3110 δύνασθαι
991 3061 1097 3112 πᾶν
1125 3059 1323 3131 ὕψωμα
1354 3062 1710 3132 ἐπαιρόμενον
1731 3063 1873 3116 κατά

293 3144 398 3214 τῆς
421 3143 672 3212 γνώσεως
692 3146 784 3200 τοῦ
801 3147 935 3201 Θεοῦ
955 3150 1254 3220 καθαιρεῖν,
1270 3151 1360 3203 καὶ
1383 3151 1674 3222 διελέγχειν
1696 3153 1871 3207 πάντα

294 3235 454 3303 λόγον
476 3236 647 3308 ψευδῆ
669 3237 764 3291 τὸν
790 3238 889 3309 τῆς
913 3239 1164 3310 ἀληθείας
1212 3242 1486 3313 πολέμιον.
1521 3243 1731 3315 Ὥσπερ
1766 3244 1871 3316 γὰρ

293 3327 531 3380 ἐπὶτῶν
574 3328 770 3400 τειχῶν
802 3332 856 3384 αἱ
907 3330 1160 3397 ἐπάλξεις
1209 3333 1566 3403 προμαχῶνες
1607 3334 1742 3386 εἰσιν
1780 3335 1873 3387 ἐπὶ

291 3423 618 3493 παρασκευῇ
665 3421 765 3492 τῆς
819 3423 954 3494 πρὸς
1002 3424 1130 3487 τοὺς
1179 3424 1466 3494 πολεμίους
1519 3426 1872 3498 παρατάξεως

294 3513 836 3582 παρεσκευασμένοι·
869 3513 1010 3567 οὕτω
1059 3515 1151 3567 καὶ
1193 3514 1290 3585 τῆς
1348 3513 1669 3586 Ἐκκλησίας
1712 3517 1760 3570 οἱ
1814 3519 1870 3569 ἐν

289 3600 438 3672 λόγῳ
499 3604 592 3656 καὶ
637 3607 694 3657 ἐν
742 3605 903 3676 σοφία
955 3605 1201 3671 δυνατοὶ,
1247 3605 1485 3676 λεχθεῖεν
1533 3606 1599 3660 ἂν
1645 3608 1872 3672 εἰκότως

287 3694 569 3772 ἐπάλξεις.
608 3713 626 3746 ι
649 3697 760 3750 Καὶ
802 3697 900 3760 τὰς
941 3697 1112 3761 πύλας
1141 3715 1231 3750 σου
1259 3698 1437 3762 λίθους
1467 3699 1798 3771 κρυστάλλου
1817 3718 1829 3730 ’
1847 3720 1864 3752 ι

285 3784 358 3838 δι’
391 3780 466 3839 ὧν
493 3786 590 3852 τὰς
619 3787 792 3845 πύλας
821 3787 919 3858 τῆς
965 3787 1170 3852 πόλεως
1218 3791 1508 3860 συστήσας,
1538 3789 1783 3854 θεσπίζει
1811 3791 1870 3844 τὸ

283 3877 510 3945 διαυγὲς
542 3879 633 3930 καὶ
667 3879 905 3951 καθαρὸν
935 3879 1036 3949 τῆς
1078 3879 1261 3948 ὑγιοῦς
1297 3881 1551 3945 πίστεως,
1598 3883 1870 3952 παριστὰς

285 3967 403 4021 τῶν
432 3970 871 4039 πεπιστευμένων
894 3971 989 4042 τὴν
1028 3970 1249 4043 πρώτην
1280 3973 1371 4025 καὶ
1406 3973 1742 4045 στοιχειώδη,
1775 3976 1868 4028 καὶ

285 4059 609 4130 είσακτικὴν
645 4061 1007 4115 διδασκαλίαν.
1041 4083 1058 4114 ι
1084 4064 1193 4116 Καὶ
1219 4063 1307 4116 τὸν
1347 4063 1631 4136 περίϐολόν
1667 4083 1758 4119 σου
1788 4066 1868 4118 λί-

285 4150 416 4213 θους
457 4151 763 4216 ἐκλεκτούς.
789 4173 806 4204 ι
851 4153 1090 4206 Τοιοῦτοι
1135 4155 1177 4208 δ’
1221 4154 1286 4209 ἂν
1333 4150 1441 4209 εἶεν
1474 4157 1523 4209 οἱ
1569 4157 1870 4229 περιφράτ-

282 4259 494 4306 τοντες,
535 4245 630 4296 καὶ
673 4245 792 4297 ἀντὶ
843 4245 1044 4308 παντὸς
1086 4245 1281 4317 ἕρκους
1317 4248 1738 4320 ἀσφαλιζόμενοι
1782 4249 1900 4303 διὰο

282 4336 397 4395 τῶν
433 4337 569 4406 πρὸς
610 4337 701 4389 τὸν
731 4338 862 4391 Θεὸν
903 4339 1073 4410 εὐχῶν
1116 4339 1211 4411 τὴν
1241 4343 1418 4394 πᾶσαν
1455 4343 1741 4414 οἰκοδομὴν
1770 4343 1867 4414 τῆς

283 4428 520 4493 πόλεως,
553 4429 764 4500 μεγάλα
789 4430 883 4485 καὶ
919 4431 1204 4502 πολυτελῆ,
1231 4433 1324 4486 καὶ
1359 4433 1551 4505 ἔντιμα
1581 4435 1864 4507 οἰκοδομή-

285 4536 459 4591 ματα.

360 4631 380 4662 ι
409 4613 518 4664 Καὶ
550 4612 757 4676 πάντας
788 4615 914 4677 τοὺς
957 4613 1104 4679 υἱούς
1133 4632 1226 4668 σου
1261 4614 1539 4681 διδακτοὺς
1578 4617 1730 4678 Θεοῦ,
1767 4621 1858 4672 καὶ

280 4706 342 4756 ἐν
624 4705 814 4776 εἰρήνῃ
862 4705 930 4758 τὰ
977 4705 1141 4760 τέκνα
1194 4724 1348 4762 σου.)
1398 4709 1686 4774 Διδακτοὺς
1722 4710 1858 4766 Θεοῦ

278 4795 550 4849 ἀποκαλεῖ
572 4798 696 4860 τοὺς
726 4799 873 4861 υἱοὺς
895 4798 994 4869 τῆς
1023 4799 1189 4854 πάλαι
1232 4801 1475 4872 στείραςο
1510 4801 1644 4856 ἀλλά
1673 4803 1766 4855 καὶ
1800 4804 1858 4855 ἐν

279 4887 451 4959 πολλῇ
485 4890 675 4962 εἰρήνῃ
710 4889 927 4944 ἔσεσθαι
973 4891 1144 4961 αὐτῆς
1192 4890 1262 4944 τὰ
1309 4891 1513 4946 τέκνα·
1549 4893 1701 4946 τοῦτο
1749 4894 1858 4965 γὰρ

281 4979 468 5042 αὐτοῖς
496 4981 856 5050 ἐπηγγείλατο
896 4981 1098 5035 εἰπών’
1140 5001 1159 5033 ι
1203 4983 1440 5054 Εἰρήνην
1465 4983 1564 5054 τὴν
1609 4983 1744 5056 ἐμὴν
1776 4985 1856 5037 δί-

278 5072 424 5142 δωμι
448 5073 597 5142 ὑμῖν,
625 5075 847 5146 εἰρήνην
870 5073 970 5145 τὴν
1001 5073 1142 5145 ἐμὴν
1171 5073 1373 5145 ἀφίημι
1407 5075 1587 5146 ὑμῖν.»

361 5182 381 5213 ι
426 5164 537 5230 Καὶ
583 5165 641 5217 ἐν
692 5165 1002 5237 δικαιοσύνῃ
1040 5165 1458 5240 οἰκοδομηθήσῃ.
1495 5165 1724 5238 Ἀπέχου
1771 5170 1867 5223 ἀπ’

279 5255 494 5314 ἀδικου.
542 5258 637 5309 καὶ
686 5257 749 5310 οὑ
808 5257 1113 5344 φοϐηθησῃ,
1158 5259 1253 5312 καὶ⁸
1303 5259 1504 5330 τρόμος
1541 5260 1640 5313 οὐκ
1695 5261 1870 5330 ἐγγιεῖ

282 5364 431 5401 σοι.ι
477 5347 560 5400 Τὰ
599 5348 696 5418 μὲν
732 5349 842 5421 γὰρ
896 5350 1213 5422 ἀνθρώπινα
1260 5353 1730 5424 ὲπισκευάσματα,
1775 5356 1869 5408 καὶ

279 5439 343 5504 ἐξ
385 5437 732 5511 ἀνθρωπίνης
772 5441 1006 5512 σπουδῆς
1064 5443 1443 5514 συνιστάμενα,
1485 5442 1708 5497 τοιαῦτά
1743 5460 1864 5497 τινα

279 5530 558 5600 τυγχάνειο
615 5529 697 5584 διὸ
750 5531 844 5584 καὶ
890 5533 970 5594 εἰς
1007 5530 1212 5604 φθορὰν
1249 5534 1417 5605 χωρεῖ
1455 5532 1548 5586 καὶ
1592 5534 1672 5596 είς
1711 5531 1860 5586 ἀπώ-

279 5640 302 5673 ⁶
331 5637 492 5694 Joan.
530 5656 642 5707 xiv,
673 5639 765 5696 27.

349 5733 468 5804 (LO)
509 5731 568 5788 In
601 5734 710 5792 alio
739 5735 923 5806 codice
959 5735 1154 5806 legitur
1180 5741 1291 5802 τοῖς
1320 5737 1487 5803 λίθοις
1514 5758 1632 5793 σου.
1662 5739 1858 5794 Hiero-

279 5817 477 5874 nymus
527 5820 692 5875 vero,
739 5805 881 5876 Ἐγώ
927 5805 1040 5880 είμι
1084 5807 1335 5880 ἐμϐαλὼν
1375 5812 1432 5865 ἐν
1490 5812 1684 5883 στίμμι
1741 5812 1860 5873 τοὺς

1988 582 2289 652 βυΗίοειιιι,
2330 581 2435 634 imo
2464 579 2625 633 etiam
2661 575 2786 630 olim
2831 588 2994 644 penes
3031 571 3245 626 .ludaeos
3289 568 3376 622 illa
3413 575 3554 631 erat,

1985 676 2077 730 sed
2127 675 2195 730 ab
2237 674 2365 744 ipsis
2395 672 2620 733 decidit,
2659 680 2712 724 et
2748 670 2813 722 ad
2850 665 3146 722 Ecclesium
3193 677 3258 717 ex
3301 659 3554 732 gentibus

1985 778 2232 824 coactam
2275 765 2534 820 translata
2565 772 2668 816 est.

2057 861 2220 915 Vens.
2252 860 2340 914 ll.
2383 876 2406 909 ι
2439 855 2663 911 llutnilis
2694 862 2748 908 et
2791 850 3090 915 instabilis,
3126 847 3550 904 consolationem

1984 970 2088 1009 non
2127 955 2316 1022 adepta
2372 967 2450 1006 es.
2497 949 2636 1004 Ecce
2671 961 2770 1015 ego
2814 958 3060 1014 praepara
3099 941 3192 996 tibi
3245 939 3551 995 carbuncu-

1982 1046 2093 1100 lum
2118 1045 2348 1115 lapidem
2377 1052 2548 1108 tuum,
2585 1051 2640 1096 et
2665 1037 3016 1094 fundamenta
3046 1044 3132 1090 tua
3159 1033 3495 1103 sapphirum.
3525 1051 3545 1084 ι

1985 1136 2113 1190 Erat
2153 1137 2296 1190 enim
2336 1149 2520 1188 revera
2566 1146 2730 1202 penes
2758 1128 2973 1184 Judmos
3017 1128 3260 1194 abjectus
3302 1126 3390 1180 ille
3425 1141 3520 1180 eor

1984 1242 2178 1296 porcus
2205 1227 2412 1293 cultus;
2444 1226 2496 1280 in
2534 1224 2779 1293 corporis
2825 1221 3277 1287 circumcisione,
3328 1220 3380 1274 in
3421 1219 3516 1274 sub

1983 1319 2200 1372 stantiis
2231 1319 2580 1384 animalium,
2628 1327 2680 1371 et
2725 1315 3011 1371 sacriliciis
3066 1330 3290 1379 eorum,
3341 1329 3550 1371 necnon

1984 1412 2036 1464 in
2089 1411 2211 1465 aliis
2264 1411 2563 1474 similibus,
2621 1410 2868 1480 positus:
2917 1416 3242 1477 quapropter
3292 1405 3547 1462 humilem

1983 1511 2037 1554 et
2087 1503 2393 1557 instabilem
2430 1511 2587 1556 vocat
2633 1500 2800 1556 illam.
2850 1499 3050 1554 Deinde
3096 1499 3320 1569 adjicit,
3362 1517 3381 1550 ι
3435 1495 3549 1551 Non

1983 1594 2408 1649 consolationem
2445 1594 2634 1664 adepta
2680 1608 2770 1648 es:
2811 1612 2830 1646 ι
2879 1607 3036 1647 nemo
3077 1592 3221 1646 enim
3258 1591 3550 1661 propheta-

1983 1701 2122 1752 rum,
2169 1701 2344 1754 neque
2396 1685 2767 1756 religiosorum
2804 1684 3044 1741 virorum
3077 1694 3223 1742 erat.
3276 1684 3366 1739 aui
3403 1682 3548 1737 illam

1981 1777 2258 1846 suscipere
2285 1785 2338 1832 et
2363 1787 2667 1832 restaurare
2699 1786 2896 1846 posset.

2059 1886 2077 1920 ι
2121 1868 2261 1924 Ecce
2301 1881 2400 1940 ego
2447 1884 2691 1938 prarparo
2737 1868 2829 1922 tibi
2873 1867 3256 1923 carbunculum
3315 1866 3546 1935 lapidem

1980 1967 2151 2027 tuum,
2178 1969 2233 2017 et
2261 1959 2606 2015 fundamenta
2625 1967 2714 2013 tua
2731 1960 3099 2030 sapphirum.»
3121 1957 3224 2012 Pro
3248 1973 3354 2026 quo
3392 1957 3550 2028 Sym-

1979 2051 2220 2116 machus,
2261 2069 2280 2103 ι
2315 2053 2449 2108 Ecce
2475 2067 2574 2121 ego
2606 2067 2870 2122 compono
2900 2052 3058 2105 stibio
3101 2051 3302 2118 lapides
3337 2063 3496 2115 tuos;
3525 2068 3544 2098 ι

1978 2141 2276 2199 Theodotio
2297 2153 2497 2208 autem,
2537 2162 2555 2195 ι
2587 2143 2725 2198 Ecce
2744 2157 2842 2212 ego
2865 2142 3146 2196 immittam
3178 2140 3392 2196 stibium
3412 2141 3549 2208 lapi-

1977 2235 2133 2290 dibus
2178 2237 2304 2291 tuis.
2333 2253 2352 2286 ι
2385 2234 2840 2301 Quemadmodum
2875 2233 3020 2288 enim
3061 2248 3182 2287 cmn
3219 2233 3412 2287 mulier
3435 2275 3450 2298 ,
3491 2242 3550 2286 ut

1975 2326 2161 2382 formae
2206 2329 2454 2382 decorem
2494 2327 2694 2390 addat,
2724 2326 2885 2380 stibio
2936 2325 3055 2378 linit
3099 2325 3318 2390 oculos,
3366 2325 3436 2378 ita
3494 2334 3551 2380 et

1975 2435 2109 2490 ego,
2149 2419 2338 2488 inquit,
2362 2417 2510 2472 omni
2544 2419 2725 2487 specie
2776 2433 2841 2473 ac
2861 2418 3054 2473 decore
3085 2417 3430 2472 formosiores
3453 2431 3549 2486 po.

1976 2525 2099 2565 nam
2149 2521 2437 2565 structurze
2465 2519 2568 2564 tua:
2598 2509 2822 2578 lapides.

2049 2599 2210 2655 Vens.
2246 2602 2330 2656 12.
2368 2621 2386 2652 ι
2430 2599 2497 2655 Ει
2541 2617 2736 2671 ponam
2785 2599 3181 2671 propugnacula
3231 2608 3318 2654 tua
3345 2600 3543 2670 jaspin,

1975 2699 2031 2746 et
2066 2701 2251 2762 portas
2282 2702 2402 2747 tuas
2443 2692 2653 2760 lapides
2712 2691 2978 2763 crystalli,
3010 2703 3062 2747 et
3092 2707 3275 2746 muros
3311 2701 3428 2745 tuos
3477 2689 3549 2743 la-

1975 2783 2125 2851 pides
2159 2783 2385 2838 electos.
2433 2783 2594 2838 Tales
2620 2783 2670 2838 in
2700 2783 2942 2838 Ecclesia
2978 2785 3073 2840 Dei
3133 2784 3337 2838 fuerint
3369 2783 3425 2848 ii,
3454 2782 3543 2853 qui

1975 2873 2286 2929 rationabili
2318 2882 2606 2930 Structurae
2657 2886 2918 2944 apparatu
2963 2875 3067 2930 ﬁde
3112 2875 3348 2930 roborati
3396 2885 3544 2935 sunt.

1975 2975 2161 3032 utpote
2192 2966 2283 3036 qui
2334 2967 2437 3037 piae
2472 2966 2751 3038 religionis
2782 2966 3183 3038 propugnacula
3223 2968 3352 3032 sint,
3403 2965 3545 3035 quod

1976 3059 2188 3127 possint
2215 3073 2432 3114 onmem
2477 3059 2890 3125 sublimitatem,
2935 3069 3121 3114 contra
3157 3058 3247 3114 Dei
3284 3057 3547 3127 cognitio-

1975 3163 2096 3201 nem
2121 3163 2241 3203 sese
2271 3160 2645 3216 exserentem,
2683 3151 2748 3205 de
2793 3150 2968 3205 medio
3004 3149 3208 3214 tollere,
3245 3157 3298 3203 et
3329 3162 3543 3202 omnem

1898 3224 1944 3286 Ο
1977 3237 2168 3293 falsum
2213 3255 2516 3295 sermonem
2551 3241 2803 3297 veritatis
2847 3241 3121 3308 inimicum
3173 3240 3454 3294 eliminare
3491 3249 3545 3294 et

1975 3329 2277 3387 confutare.
2325 3328 2480 3385 Sicut
2511 3333 2654 3386 enim
2705 3332 2984 3386 adornata:
3037 3330 3089 3384 in
3134 3332 3306 3385 muris
3343 3332 3540 3400 pinnae,

1975 3422 2374 3493 propugnacula
2408 3431 2556 3486 sunt,
2588 3422 2656 3476 ad
2715 3421 3089 3477 instruendum
3121 3433 3309 3475 contra
3359 3422 3544 3475 hostes

1975 3513 2174 3569 bellum
2209 3513 2576 3578 concinnata;
2620 3513 2700 3568 sic
2738 3522 2793 3568 et
2834 3514 2891 3577 ii,
2933 3513 3023 3583 qui
3061 3514 3112 3568 in
3152 3511 3390 3566 Ecclesia
3427 3526 3543 3567 ser-

1973 3620 2131 3660 mone
2163 3614 2218 3658 et
2269 3604 2536 3673 sapientia
2591 3615 2836 3673 potentes
2889 3613 3036 3666 sunt,
3077 3603 3198 3673 jure
3234 3617 3540 3673 propugna-

1972 3696 2094 3752 cula
2137 3696 2405 3751 dicantur.
2442 3715 2458 3747 ι
2499 3695 2566 3750 Ει
2599 3704 2782 3765 portas
2811 3704 2933 3751 tuas
2980 3695 3183 3764 lapides
3222 3693 3481 3766 crystalli,
3517 3712 3537 3746 ι

1971 3788 2170 3857 quibus
2223 3785 2498 3856 lapidibus
2553 3788 2619 3840 ad
2676 3797 2864 3858 portas
2929 3785 3080 3842 urbis
3131 3786 3542 3841 constituendas

1971 3897 2122 3947 usus,
2155 3895 2300 3935 same
2331 3879 2453 3934 ﬁdei
2484 3879 2825 3948 Splendor'em
2865 3889 2919 3935 et
2958 3878 3244 3950 puritatem
3277 3877 3543 3932 vaticina-

1974 3966 2082 4034 tur',
2116 3972 2465 4043 declaratque
2511 3973 2740 4042 primam
2773 3971 3181 4033 elementarem,
3225 3979 3390 4038 atque
3441 3969 3542 4022 ini-

1972 4063 2153 4116 tialem
2190 4078 2392 4129 rerum,
2423 4077 2543 4131 quae
2579 4061 2646 4116 ad
2679 4061 2837 4116 ﬁdem
2877 4061 3170 4131 pertinent,
3217 4058 3538 4113 doctrinam.

1976 4172 1994 4204 ι
2035 4155 2099 4208 Et
2131 4169 2316 4209 muros
2358 4163 2478 4209 tuos
2511 4154 2718 4224 lapides
2761 4153 2987 4208 electos.
3021 4169 3042 4204 ι
3083 4149 3396 4218 Hujusmodi
3429 4149 3543 4204 l‘ue-

1972 4247 2080 4299 rint
2115 4247 2172 4310 ii,
2208 4247 2299 4315 qui
2336 4247 2762 4315 circumquaque
2794 4243 3116 4298 munimenti
3151 4242 3269 4296 loco
3310 4253 3456 4304 sunt,
3488 4251 3545 4295 et

1970 4337 2125 4407 quasi
2172 4338 2396 4402 vallum,
2440 4347 2607 4392 totam
2645 4335 2796 4391 urbis
2825 4345 3152 4390 structuram
3206 4349 3301 4403 per
3343 4334 3544 4388 oratio-

1971 4445 2067 4484 nes
2119 4430 2183 4483 ad
2248 4429 2414 4485 Deum
2471 4431 2702 4484 emissas
2759 4437 3046 4482 tutantur:
3115 4442 3305 4495 magna
3364 4439 3538 4490 sane,

1897 4560 1938 4614 η
1971 4521 2201 4614 pretiosa
2247 4531 2299 4576 et
2356 4521 2694 4614 honorabilia
2744 4520 2991 4575 :cdillcia.

2049 4612 2206 4668 Vens.
2244 4615 2332 4668 15.
2369 4633 2387 4666 ι
2427 4613 2493 4668 Et
2523 4629 2713 4669 omnes
2747 4615 2890 4668 lilios
2926 4625 3063 4674 tuos,
3099 4611 3392 4680 discipulos
3422 4609 3536 4671 Dei.

1967 4716 2020 4759 et
2073 4706 2123 4759 in
2168 4705 2333 4761 multa
2382 4721 2518 4776 pace
2554 4707 2647 4760 lilii
2704 4707 2804 4761 tui.
2845 4724 2863 4757 ι
2908 4705 3208 4774 Discipulos
3245 4704 3335 4756 Dei
3386 4711 3540 4756 vocat

1966 4798 2108 4852 illius
2141 4798 2268 4853 olim
2319 4797 2522 4853 sterilis
2574 4797 2756 4852 ﬁlios:
2803 4812 2867 4850 ac
2923 4797 2977 4850 in
3030 4796 3196 4849 ltlttll'd
3245 4809 3376 4864 pace
3416 4808 3539 4848 ver-

1967 4901 2182 4944 saturos
2232 4889 2309 4943 ait
2360 4889 2499 4944 lilios
2531 4888 2690 4958 ejus:
2727 4888 2777 4942 id
2807 4887 2953 4942 enim
2990 4888 3116 4956 ipsis
3148 4885 3417 4956 pollicitus
3454 4886 3538 4941 his

1971 4982 2150 5037 verbis
2181 4991 2264 5037 est
2291 5001 2306 5039 :
2349 5001 2368 5035 ι
2407 4982 2605 5038 Pacem
2636 4997 2811 5037 meam
2851 4982 2919 5035 do
2945 4979 3118 5044 vobis,
3147 4994 3332 5049 pacem
3363 4993 3535 5034 meam

1965 5073 2210 5144 relinquo
2244 5075 2396 5131 vobis
2425 5075 2467 5131 ⁸.
2505 5093 2524 5126 ι

2037 5167 2204 5223 Vens.
2235 5167 2322 5224 l4.
2348 5186 2368 5220 ι
2400 5167 2466 5224 Et
2495 5168 2547 5222 in
2571 5165 2782 5239 justitia
2811 5163 3184 5220 azdilicaheris.
3215 5163 3438 5220 Abstine
3465 5163 3536 5219 ab

1965 5259 2172 5329 iniquo,
2202 5271 2252 5317 et
2299 5276 2404 5316 non
2447 5261 2666 5317 timebis
2693 5300 2709 5325 ,
2761 5269 2814 5314 et
2861 5265 3068 5312 tremor
3100 5273 3203 5310 non
3250 5255 3537 5326 appropin-

1965 5352 2156 5418 quabit
2198 5353 2316 5407 tibi.
2372 5372 2392 5404 ι
2453 5350 2733 5422 Siquidem
2791 5350 3011 5406 humani
3077 5349 3152 5402 illi
3204 5357 3532 5416 apparatus,

1973 5445 2205 5498 humana
2237 5460 2366 5499 cura
2395 5445 2550 5511 editi,
2585 5442 2893 5511 huiusmodi
2923 5451 3051 5496 sunt
3076 5457 3092 5494 :
3135 5452 3303 5509 quare
3333 5439 3384 5492 in
3413 5452 3535 5492 cor-

1970 5540 2276 5606 ruptionem
2301 5546 2355 5593 et
2375 5537 2599 5591 exitium
2628 5536 2939 5593 deveniunt.
2969 5534 3118 5604 Opus
3144 5542 3323 5588 autem
3355 5544 3535 5586 meum

1969 5738 2150 5803 λίθους
2181 5755 2294 5792 σου.
2316 5737 2636 5808 Procopius,
2663 5736 2914 5808 ἐμβάλλω
2951 5739 3010 5791 ὲν
3049 5735 3250 5808 στίμει.
3279 5733 3534 5802 Quaenam

1973 5811 2136 5865 lectio
2163 5818 2404 5880 pracstct,
2436 5805 2536 5865 suo
2569 5805 3107 5876 ibeo—indagabimus.
