4168 6398
591 286 694 340 ιδ’]

1265 281 1530 337 EUSEBII
1571 280 2040 336 CIESARIENSIS
2078 278 2225 333 OPP.
2269 277 2446 332 PARS
2484 277 2575 331 Ill.
2622 308 2691 316 ——
2732 273 3140 329 EXEGETICA.

3739 273 3846 328 463

591 401 941 471 corruptione
980 414 1208 454 vacuum
1259 411 1381 452 est:
1423 395 1602 470 neque
1639 400 1742 455 tale
1774 400 2050 469 quidpiam
2102 401 2153 454 in

2267 387 2408 449 λειαν
2429 414 2442 426 ·
2474 396 2534 448 τὸ
2560 395 2614 447 δὲ
2646 394 2776 465 ἐμὸν
2807 393 2965 465 ἔργον
2993 393 3316 465 ἀδιάφθορον
3348 394 3582 461 πέφυκε·
3614 392 3705 445 καὶ
3726 383 3845 444 οὑδὲ

590 506 755 556 θυέειέ
787 504 906 545 meo
940 490 1244 559 reperiatur
1269 491 1411 558 quod
1443 503 1757 559 corrumpat
1800 501 1855 544 et
1885 492 2158 560 disperdat

592 582 602 592 .

591 584 662 634 tllt
690 583 740 634 .l.

673 694 830 749 Vnus.
863 694 1052 751 15-17.
1085 714 1105 748 ι
1147 695 1286 750 Ecce
1316 694 1573 765 proselyti
1605 697 1860 750 accedent
1888 696 1952 748 ad
1987 707 2038 748 te
2067 710 2161 762 per

591 803 702 852 nte,
745 799 797 840 et
825 788 1015 843 incola:
1058 788 1132 842 tui
1165 798 1347 853 erunt,
1381 799 1436 842 et
1467 788 1532 842 ad
1565 797 1614 843 te
1644 786 1975 857 confugient.
2023 787 2160 843 Ecce

592 895 691 947 ego
723 880 902 933 creavi
958 889 1031 946 te,
1082 893 1190 933 non
1239 883 1380 934 sicut
1417 879 1642 933 aerarius
1685 877 1908 934 sufﬂans
1939 897 2157 949 prunas,

592 983 646 1023 et
675 971 913 1025 educeus
949 986 1042 1024 vas
1075 970 1126 1024 in
1159 984 1292 1038 opus
1321 987 1332 1022 :
1382 985 1482 1038 ego
1515 979 1694 1024 autetn
1730 972 1907 1024 creavi
1949 983 2021 1036 te,
2055 989 2158 1026 non

592 1071 649 1112 ut
683 1060 903 1115 interitu
936 1059 1241 1128 perderem.
1277 1059 1449 1114 Omne
1482 1076 1598 1125 vas,
1638 1064 1780 1132 quod
1837 1061 2037 1117 factum
2077 1075 2160 1118 est

555 1159 777 1203 ‘contra
821 1159 870 1201 te
905 1189 920 1212 ,
969 1163 1074 1204 non
1123 1165 1447 1219 prosperare
1479 1149 1704 1206 faciam:
1747 1163 1803 1207 et
1846 1153 2024 1208 omnis
2059 1171 2158 1208 vox

595 1244 833 1310 insurget
884 1256 1046 1310 super
1087 1251 1140 1295 te
1179 1243 1233 1295 in
1277 1242 1562 1312 judicium.
1597 1242 1798 1301 Omnes
1828 1261 1923 1301 eos
1953 1248 2157 1310 vinces,

593 1345 646 1387 et
681 1345 842 1389 erunt
871 1335 1088 1389 obnoxii
1134 1335 1210 1389 tui
1253 1336 1302 1390 in
1351 1351 1438 1391 eo.
1483 1355 1501 1388 ι
1547 1336 1677 1392 Post
1713 1339 2022 1407 przrmissos
2059 1340 2162 1395 Ec-

593 1426 770 1482 clesiae
796 1427 1038 1494 ordines,
1067 1428 1370 1498 proselytos
1403 1443 1496 1482 eos
1525 1444 1652 1483 esse
1678 1429 1898 1492 dixeris.
1928 1432 2018 1500 qui
2047 1447 2163 1502 ger-

595 1517 740 1571 mani
773 1527 823 1571 et
855 1517 1055 1570 sinceri
1101 1532 1204 1570 non
1253 1527 1406 1583 sunt,
1446 1534 1619 1588 neque
1659 1537 1790 1590 pure
1835 1522 1888 1576 in
1921 1523 2162 1578 nniltitu-

591 1609 717 1661 dine
763 1615 1096 1676 procedunt:
1140 1625 1277 1679 quos
1330 1612 1789 1681 peregrinaturos.
1843 1629 1952 1670 non
1982 1627 2158 1671 autem

593 1699 933 1770 habitaturos
965 1714 1086 1754 esse
1123 1701 1199 1753 ait
1233 1703 1285 1754 in
1321 1716 1382 1755 ea
1406 1741 1421 1765 ,
1456 1703 1582 1772 quia
1629 1706 1784 1774 quasi
1831 1706 1884 1760 in
1931 1711 2158 1762 transitu

588 1803 708 1842 eam
747 1790 991 1844 adibunt.
1028 1809 1046 1841 ι
1079 1791 1171 1846 Est
1200 1792 1489 1850 baereditas
1521 1797 1881 1853 servientibus
1911 1797 2159 1867 Domino,
2195 1773 2234 1829 Β

589 1890 647 1931 et
676 1892 772 1932 vos
803 1881 962 1934 eritis
987 1881 1116 1935 mibi
1143 1882 1300 1952 justi,
1337 1885 1469 1939 dicit
1504 1885 1785 1942 Dominus.
1824 1907 1844 1942 ι
1878 1889 2037 1958 quue
2065 1893 2160 1945 ad-

596 1972 812 2025 modum
854 1965 1258 2044 congruenter:
1302 1993 1424 2031 nam
1475 1990 1595 2048 post
1635 1982 1909 2050 praemissa
1943 1985 2160 2049 omnia,

595 2062 736 2115 illaut
778 2065 831 2116 in
877 2065 1054 2120 l'uturo
1101 2068 1298 2122 sacculo
1329 2073 1621 2140 repositam
1654 2075 2022 2130 haereditatem
2051 2094 2164 2132 me.

592 2170 806 2209 morare
837 2173 972 2224 opus
1005 2169 1142 2212 erat.
1171 2161 1429 2226 Quaenam
1468 2163 1555 2216 illa
1593 2164 1775 2231 fuerit,
1802 2168 1903 2219 nisi
1936 2181 2159 2238 regnum

587 2248 874 2309 caelorum,
905 2262 958 2303 et
1000 2253 1104 2304 vita
1148 2256 1388 2307 wtcrna?

1197 2412 1424 2468 CAPUT
1473 2416 1578 2468 LV.

662 2545 821 2601 Vnus.
860 2548 969 2602 1-3.
1015 2568 1032 2600 ι
1072 2549 1352 2617 Sitientes,
1401 2553 1472 2606 ite
1501 2556 1566 2606 ad
1596 2569 1815 2622 aquam,
1853 2565 1908 2610 et
1935 2557 2024 2625 qui
2059 2573 2160 2611 non

591 2638 806 2693 habetis
837 2651 1148 2710 argentum,
1179 2657 1371 2697 euntes
1400 2646 1587 2708 emite,
1623 2656 1678 2700 et
1722 2650 1988 2704 contedite
2027 2652 2164 2705 abs—

590 2745 695 2796 {ne
755 2743 979 2800 argento
1032 2733 1214 2786 vinum
1259 2743 1313 2788 et
1355 2735 1588 2804 adipem.
1638 2737 1818 2803 Quare
1860 2743 2164 2810 expenditis

591 2833 894 2890 a-gcntum,
949 2833 1002 2877 et
1043 2823 1279 2878 laborem
1333 2835 1603 2894 vestrum,
1651 2845 1755 2883 non
1805 2831 1857 2884 in
1906 2833 2162 2888 saturita-

593 2912 741 2964 tem?
776 2913 969 2967 Audite
1005 2927 1108 2974 me,
1157 2924 1214 2966 et
1247 2913 1392 2969 vivet
1430 2917 1480 2969 in
1530 2917 1683 2973 bouis
1739 2921 1913 2976 anima
1957 2936 2162 2990 vestra,

591 3013 646 3056 et
702 3007 1032 3078 constituam
1086 3008 1238 3064 vobis
1298 3020 1680 3066 testamentum
1731 3015 2160 3085 sempiternum,

590 3103 780 3149 sancta
833 3093 1000 3152 David
1049 3098 1248 3154 ﬁdelia.
1295 3102 1408 3158 »1η
1462 3104 1564 3158 alia
1616 3107 1854 3160 studium
1904 3108 2230 3171 confertisc

593 3195 858 3252 vestrum,
891 3202 956 3240 ex
984 3189 1180 3256 quibus
1222 3208 1329 3247 non
1365 3204 1538 3262 potest
1581 3194 1761 3249 anima
1791 3199 2042 3264 enutriri,
2079 3219 2164 3255 ne-

591 3291 696 3341 que
732 3277 855 3333 cibo
883 3281 950 3334 ad
997 3283 1338 3340 saturitatem
1388 3285 1513 3342 frui.
1570 3288 1772 3346 Praeter
1817 3293 1961 3347 enim
2003 3308 2162 3362 supe-

599 3365 711 3418 rius
738 3365 905 3434 dicta,
944 3371 1207 3426 bonorum
1243 3389 1466 3444 operum
1495 3393 1665 3448 Spem,
1706 3380 2052 3444 divinumque
2094 3384 2166 3436 ci-

594 3457 757 3523 bum,
802 3461 1219 3530 obsequentium
1263 3467 1460 3522 animis
1507 3471 1801 3537 repositum
1852 3473 2004 3528 dicit.
2045 3473 2160 3528 Non

589 3549 735 3603 enim
764 3554 1109 3620 corporibus,
1156 3557 1279 3620 sed,
1320 3567 1378 3612 ut
1423 3562 1774 3632 perspicuum
1803 3575 1909 3630 est,
1958 3566 2163 3620 anima-

595 3645 715 3706 tus,
747 3643 1054 3700 futurorum
1101 3649 1361 3705 bonorum
1405 3667 1602 3708 munus
1634 3655 1882 3724 porrigit.

666 3751 828 3810 Vens.
865 3756 918 3818 4,
947 3757 998 3812 5.
1046 3778 1065 3808 ι
1107 3759 1249 3816 Ecce
1277 3765 1645 3820 testimonium
1683 3767 1732 3820 in
1762 3767 2012 3838 gentibus
2043 3769 2162 3824 dedi

595 3863 752 3912 eum,
797 3850 1098 3918 principem
1125 3863 1181 3907 et
1223 3858 1629 3925 praecipientem
1658 3861 1930 3928 gentibus.
1963 3861 2166 3916 Gentes

593 3955 714 4004 qua:
761 3942 1076 3996 nesciebant
1112 3955 1185 4009 te,
1235 3948 1565 4005 invocabant
1614 3961 1702 4017 te;
1740 3961 1798 4006 et
1846 3953 2026 4023 populi
2073 3953 2162 4024 qui

596 4031 853 4096 ignorant.
892 4043 962 4100 te,
1024 4037 1092 4091 ad
1140 4049 1192 4092 te
1229 4041 1545 4112 confugient
1596 4052 1819 4112 propter
1882 4045 2162 4100 Dominum

601 4119 772 4176 Deum
807 4133 982 4188 tuum,
1024 4139 1275 4183 sanctum
1306 4130 1496 4196 Israel,
1528 4133 1657 4201 quia
1687 4133 2009 4201 gloriﬁcavit
2031 4146 2104 4190 te.
2133 4154 2156 4189 ι

594 4213 794 4282 Ecquis
849 4230 956 4269 non
1009 4226 1225 4287 stupeat
1272 4223 1542 4276 sermonis
1587 4235 1862 4287 eVentum,
1913 4227 2100 4281 videns
2133 4242 2162 4279 a

594 4303 815 4360 Christo
853 4307 946 4362 Dei
991 4323 1090 4378 per
1117 4320 1288 4366 totum
1336 4316 1522 4370 orbem
1571 4315 1908 4372 Christianos
1958 4334 2166 4373 nuncu-

596 4399 710 4467 pari
735 4399 758 4452 ?
785 4400 852 4453 Et
885 4401 988 4456 hoc
1019 4402 1122 4457 erit
1152 4403 1258 4460 illis
1293 4415 1554 4462 aeternum
1585 4408 1802 4474 salutis,
1843 4424 1964 4480 quae
1993 4428 2023 4463 a
2059 4412 2165 4466 Deo

592 4502 710 4559 est,
739 4493 979 4562 signum,
1024 4497 1167 4564 quod
1206 4513 1403 4552 nomen
1435 4499 1648 4554 Domini
1697 4502 1799 4556 sibi
1829 4503 2164 4570 adscribent,

594 4586 648 4638 in
679 4599 941 4639 aternum
976 4601 1492 4656 perseveraturum,
1545 4609 1644 4648 nec
1687 4610 1926 4663 unquam
1957 4597 2163 4651 desitu-

597 4695 766 4734 rum:
804 4696 931 4736 nam
961 4684 1098 4737 dona
1136 4683 1226 4740 Dei
1258 4686 1378 4740 sine
1417 4689 1737 4756 ptenitentia
1767 4698 1916 4744 sunt.

667 4841 834 4896 Vsus.
867 4841 1022 4896 6-12.
1059 4864 1076 4895 ι
1101 4844 1336 4910 ρυωτὶιθ
1371 4846 1677 4914 Dominum,
1702 4856 1757 4902 et
1792 4865 1909 4902 cum
1951 4850 2167 4902 invene-

597 4933 719 4986 ritis
759 4949 904 4996 eum,
939 4935 1212 4990 invocate.
1259 4938 1490 5003 Quando
1540 4951 1719 4993 autem
1761 4940 2165 5010 appropinqua-

595 5013 836 5077 verit’ad
863 5040 982 5088 vos,
1021 5027 1360 5096 derelinquat
1407 5030 1605 5100 impius
1653 5032 1766 5085 vias
1810 5046 1960 5097 suas,
1998 5041 2052 5086 et
2085 5034 2166 5085 vir

599 5114 817 5184 iniquus
843 5116 1072 5170 ronsilia
1119 5133 1216 5184 sua
1243 5137 1260 5185 ;
1291 5129 1346 5173 et
1372 5129 1722 5176 convertatur
1754 5125 1820 5176 ad
1852 5121 2160 5185 Dominum.

598 5217 652 5260 et
683 5207 1115 5264 miscricordiam
1147 5223 1553 5282 consequetur:
1597 5217 1722 5286 quia
1755 5216 1956 5271 multus
1980 5217 2082 5271 erit
2109 5218 2160 5270 in

596 5299 930 5353 dimittendis
971 5303 1208 5369 peccatis
1234 5305 1445 5360 vestris.
1485 5305 1669 5374 Neque
1701 5307 1846 5361 enim
1881 5315 2004 5360 sunt
2035 5321 2165 5359 cou-

595 5392 721 5450 silia
747 5409 892 5457 mea,
919 5398 1060 5450 sicut
1091 5398 1320 5451 consilia
1352 5409 1553 5464 vestra,
1584 5414 1687 5454 nec
1713 5400 1812 5454 vite
1841 5413 1994 5466 mea},
2026 5400 2168 5454 sicut

598 5503 698 5542 vnn
737 5503 954 5556 vesuw,
1017 5491 1151 5545 dicit
1209 5491 1490 5546 Dominus.
1539 5493 1646 5547 Sed
1689 5501 1948 5562 quantum
2003 5492 2170 5546 distat

595 5578 790 5633 cmlum
822 5598 848 5632 a
883 5590 1052 5642 terra,
1102 5592 1308 5634 tantum
1348 5584 1431 5635 via
1466 5599 1582 5638 mea
1631 5599 1660 5636 a
1712 5583 1814 5637 viis
1859 5585 2073 5649 vestris,
2116 5595 2169 5638 et

599 5673 960 5745 cogitatamws
1009 5685 1198 5727 vestrm
1228 5689 1255 5726 a
1284 5675 1609 5743 cogitatione
1642 5691 1776 5730 mea.
1814 5676 1880 5731 Ut
1927 5680 2072 5728 enim
2125 5677 2167 5728 si

607 5763 893 5821 descendat
921 5765 1098 5835 plutia
1125 5768 1188 5820 de
1220 5768 1381 5834 coelo,
1418 5777 1470 5822 et
1515 5782 1620 5822 nou
1666 5779 1964 5822 revertatur
1999 5770 2166 5824 donec

2263 486 2500 540 τοιοῦτον
2527 486 2878 557 εὑρεθήσεται
2927 486 3020 537 ἐπὶ
3054 483 3148 537 τοῦ
3197 482 3331 554 ἐμοῦ
3379 482 3560 554 ἔργου,
3603 483 3678 546 ὼς
3724 482 3843 537 δια-

2272 578 2494 648 φθεῖραι
2517 578 2612 631 καὶ
2639 575 2902 630 ἀπολέσαι
2934 574 3065 628 αὑτό

2342 711 2362 743 ι
2406 691 2533 745 Ἰδοὺ
2582 689 2910 761 προσήλυτοι
2962 687 3413 760 προσελεύσονταί
3449 703 3531 741 σοι
3572 686 3638 740 δι’
3683 685 3842 758 ἐμοῦ,

2267 782 2359 835 καὶ
2385 780 2776 852 παροικήσουσί
2833 797 2935 843 σοι,
2991 778 3084 832 καὶ
3125 779 3218 830 ἐπὶ
3276 778 3335 831 σὲ
3390 776 3838 847 καταφεύξονται.

2279 873 2408 927 Ἰδοὺ
2450 871 2560 942 ἐγὼ
2625 871 2814 925 ἔκτισά
2861 887 2941 937 σε,
2989 870 3086 940 οὑχ
3123 870 3197 933 ὡς
3239 869 3474 939 χαλκεὺς
3511 869 3694 938 φυσῶν
3745 869 3842 924 ἄν·-

2269 964 2495 1035 θρακας,
2519 963 2610 1017 καὶ
2631 963 2877 1034 ἐκφέρων
2904 960 3094 1024 σκεῦος
3121 962 3200 1024 εἰς
3229 960 3414 1031 ἔργον⁶
3441 959 3550 1029 ἐγὼ
3570 961 3614 1014 δ’
3652 958 3844 1014 ἑκτισά

2269 1071 2347 1119 σε,
2387 1056 2488 1108 οὑκ
2517 1055 2597 1117 εἰς
2625 1052 2898 1106 ἀπώλειαν
2929 1051 3164 1124 φθεῖραι.
3190 1052 3305 1104 Πᾶν
3329 1051 3523 1114 σκεῦος
3547 1049 3842 1104 σκευαστὸν

2267 1141 2362 1193 ἐπὶ
2395 1141 2473 1204 σὲ,
2506 1141 2604 1193 οὑκ
2647 1139 2922 1194 εὑοδώσωο
2975 1140 3069 1193 καὶ
3099 1141 3246 1193 πᾶσα
3282 1140 3435 1211 φωνὴ
3479 1141 3840 1210 ἀναστήσεται

2267 1233 2359 1286 ἐπὶ
2401 1233 2461 1286 σὲ
2505 1234 2584 1296 εἰς
2633 1231 2830 1302 κρίσιν.
2868 1233 3081 1295 Πάντας
3131 1231 3326 1293 αὐτοὺς
3358 1232 3643 1302 ήττήσειςο
3686 1233 3736 1284 οἱ
3783 1232 3844 1284 δὲ

2267 1327 2440 1396 ἔνοχοί
2478 1343 2570 1378 σου
2610 1325 2823 1379 ἔσονται
2863 1326 2921 1378 ἐν
2948 1326 3107 1396 αὑτῇ.
3140 1344 3156 1376 ι
3188 1325 3375 1387 Εἷποις
3400 1324 3444 1377 δ’
3471 1323 3537 1377 ἂν
3574 1322 3848 1395 προσηλύ-

2268 1435 2392 1482 τους
2417 1418 2554 1489 μετά
2572 1416 2643 1470 τά
2667 1416 3031 1489 προλεχθέντα
3053 1417 3153 1485 τῆς
3179 1414 3499 1487 Ἐκκλησίας
3519 1415 3844 1486 πράγματα,

2269 1509 2395 1573 τοὺς
2413 1510 2474 1563 οὑ
2494 1507 2769 1578 γνησίους,
2799 1507 2916 1560 οὐδὲ
2943 1505 3200 1578 καθαρῶς
3222 1505 3622 1578 προϐάλλοντας
3643 1507 3701 1560 έν
3728 1509 3845 1570 τοῖς

2269 1600 2560 1672 πλήθεσιν·
2594 1598 2688 1662 οὓς
2726 1600 2820 1652 καὶ
2861 1599 3238 1670 παροικήσειν,
3278 1597 3391 1652 ἀλλ’
3416 1598 3474 1650 οὑ
3501 1599 3843 1670 κατοικήσειν

2270 1696 2434 1765 φησιν
2448 1692 2634 1764 αὐτὴν,
2647 1692 2734 1745 διὰ
2758 1691 2819 1744 τὸ
2848 1691 2922 1755 ὡς
2937 1692 2994 1743 ὲν
3009 1691 3225 1763 παρόδῳ
3241 1690 3510 1744 ποιεῖσθαι
3525 1691 3720 1753 αὑτοὺς
3741 1691 3842 1762 τὴν

2262 1785 2485 1839 εἴσοδον.
2516 1804 2535 1836 ι
2567 1786 2720 1837 Ἔστι
2749 1783 3081 1855 κληρονομία
3100 1785 3213 1846 τοῖς
3228 1782 3588 1854 θεραπεύουσι
3614 1782 3844 1853 Κύριον,

2263 1878 2357 1932 καὶ
2385 1879 2541 1945 ὑμεῖς
2565 1876 2754 1929 ἔσεσθέ
2782 1893 2870 1946 μοι
2903 1875 3116 1941 δίκαιοι,
3153 1873 3297 1942 λέγει
3337 1873 3538 1946 Κύριος
3556 1890 3570 1904 ο
3597 1892 3615 1924 ›
3635 1873 3843 1944 σφόδρα

2262 1969 2596 2032 ἀκολούθως·
2634 1968 2770 2038 μετά
2809 1967 2918 2038 γὰρ
2946 1965 3014 2020 τὰ
3045 1965 3408 2037 προλεχθέντα
3440 1965 3636 2027 πάντα,
3672 1963 3842 2034 ἐχρῆν

2263 2060 2570 2131 ὑπομνῆσαι
2613 2059 2707 2112 καὶ
2734 2059 2833 2128 τῆς
2865 2057 3188 2127 ἐγκειμένης
3217 2058 3274 2110 ὲν
3304 2056 3382 2128 τῷ
3412 2056 3656 2127 μέλλοντι
3683 2054 3844 2108 αίῶνι

2262 2151 2640 2223 κληρονομίας.
2683 2150 2779 2211 Τίς
2807 2148 2849 2202 δ’
2879 2147 2946 2201 ἂν
2984 2147 3193 2216 γένοιτο
3223 2147 3360 2219 αὕτη
3387 2148 3502 2201 ἀλλ’
3531 2149 3564 2217 ἡ
3597 2144 3846 2216 βασιλεία.

2261 2244 2369 2296 τῶν
2393 2241 2636 2313 οὐρανῶν
2663 2241 2759 2294 καὶ
2787 2239 2902 2309 ζωὴ
2929 2240 3173 2305 αἰώνιος;

2770 2399 3164 2453 ΚΕΦΑΛΑΙΟΝ
3193 2398 3316 2450 NE’.

2341 2551 2360 2584 ι
2401 2534 2466 2586 υἱ
2503 2533 2784 2602 διψῶντες,
2834 2530 3128 2604 πορεύεσθε
3159 2530 3241 2598 ἐφ’
3284 2528 3448 2599 ὓδωρ,
3482 2529 3574 2582 καὶ
3625 2529 3737 2581 ὅσοι
3768 2531 3846 2600 μὴ

2265 2624 2415 2693 ἔχετε
2445 2623 2728 2695 ἀργύριον,
2776 2623 3089 2694 βαδίσαντες
3129 2622 3458 2692 ἀγοράσατε,
3510 2622 3602 2673 καὶ
3638 2621 3843 2690 φάγετε

2263 2717 2390 2770 ἀνευ
2416 2716 2678 2788 ἀργυρίου
2716 2710 2857 2769 οἶνον
2898 2713 2993 2767 καὶ
3037 2713 3222 2784 στέαρ.
3255 2713 3373 2765 Ἵνα
3401 2711 3454 2764 τί
3487 2711 3714 2781 τιμᾶσθε
3743 2712 3844 2783 ἀρο

2263 2808 2473 2880 γυρίου,
2502 2809 2596 2860 καὶ
2641 2807 2734 2859 τὸν
2765 2804 2962 2877 μόχθον
3009 2803 3163 2875 ὑμῶν
3213 2804 3314 2856 οὐκ
3376 2803 3456 2865 είς
3487 2801 3843 2872 πλησμονήν;

2277 2901 2566 2954 Ἀκούσατέ
2603 2919 2726 2972 μου,
2751 2899 2844 2953 καὶ
2866 2896 3090 2969 ζήσεται
3114 2899 3169 2950 ὲν
3191 2895 3415 2965 ἀγαθοῖς
3439 2899 3472 2967 ἠ
3492 2895 3638 2966 ψυχὴ
3663 2896 3693 2947 ὑ
3701 2894 3846 2965 μῶν,

2266 2993 2359 3046 καὶ
2377 2992 2702 3064 διαθήσομαι
2733 2992 2860 3062 ὑμῖν
2887 2989 3151 3062 διαθήκην
3179 2988 3418 3054 αίὼνιον,
3443 2987 3512 3040 τὰ
3535 2989 3656 3040 ὅσια
3677 2986 3851 3039 Δαυῒδ

2264 3085 2332 3139 τά
2363 3086 2548 3139 πιστά.
2577 3104 2595 3136 ι
2630 3084 2764 3155 Περὶ
2793 3083 2958 3154 ’ἐτερα
2987 3081 3398 3154 ἀσχολούμενοι,
3423 3079 3480 3147 ἐξ
3509 3073 3581 3133 ὧν
3600 3079 3700 3133 οὑκ
3723 3079 3848 3132 ἔστι

2262 3175 2436 3247 ψυχὴν
2461 3176 2753 3247 τραφῆναι,
2782 3174 2904 3227 οὑδὲ
2939 3175 3019 3238 είς
3044 3172 3362 3245 πλησμονὴν
3390 3171 3691 3225 ἀπολαῦσαι
3716 3187 3845 3242 τρο-

2263 3266 2389 3337 εὲἧςο
2426 3265 2569 3338 Πρὸς
2611 3266 2719 3336 γὰρ
2759 3268 2872 3328 τοῖς
2903 3264 3189 3337 προτέροις
3232 3265 3325 3318 καὶ
3370 3263 3479 3317 τῶν
3509 3262 3682 3333 ἔργων
3706 3263 3846 3328 ἁγα-

2264 3357 2371 3411 θῶν
2391 3358 2600 3421 ἐλπίδα,
2625 3358 2718 3410 καὶ
2740 3356 2943 3428 τροφὴν
2960 3355 3138 3410 ἔνθεον
3161 3353 3550 3426 τεταμιεῦσθαί
3569 3369 3700 3422 φησι
3719 3356 3846 3416 ταῖς.

2263 3446 2370 3500 τῶν
2393 3447 2649 3518 ὑπηκόων
2675 3445 2893 3516 ψυχαῖς.
2919 3446 2994 3498 Οὑ
3022 3445 3132 3516 γὰρ
3149 3447 3261 3507 τοῖς
3284 3444 3520 3515 σώμασι,
3545 3441 3852 3514 διαρρήδην

2261 3539 2318 3592 δὲ
2365 3541 2482 3602 ταῖς
2533 3538 2732 3608 ψυχαῖς
2776 3536 2872 3608 τὴν
2915 3534 3024 3588 τῶν
3072 3534 3374 3606 μελλόντων
3424 3533 3648 3602 ἀγαθῶν
3692 3533 3850 3586 δόσιν

2265 3651 2305 3684 π
2312 3630 2648 3703 ροὸάλλεται.

2337 3761 2355 3792 ι
2396 3741 2526 3795 Ἰδοὺ
2557 3739 2853 3812 μαρτύριον
2880 3740 2938 3791 ὲν
2961 3737 3170 3791 ἔθνεσιν
3195 3737 3371 3792 ἔδωκα
3394 3736 3576 3801 αὑτὸν,
3605 3735 3847 3805 ἄρχοντα

2263 3832 2357 3885 καὶ
2401 3831 2807 3901 προστάσσοντα
2854 3827 3083 3882 ἔθνεσιν.
3134 3826 3304 3896 Ἐθνη
3348 3825 3383 3880 ἀ
3415 3826 3514 3879 οὑκ
3553 3825 3727 3880 οἴδασί
3758 3844 3856 3891 σε,

2263 3923 2671 3979 ὲπικαλέσονταί
2699 3939 2780 3988 σε,
2827 3922 2921 3976 καὶ
2944 3920 3063 3975 λαοὶ
3086 3920 3135 3974 οἳ
3161 3920 3264 3974 οὑκ
3289 3919 3608 3972 ἐπίστανταί
3636 3935 3716 3983 σε,
3748 3920 3853 3973 ἐπὶ·

2266 4018 2326 4071 σὲ
2358 4014 2806 4086 καταφεύξονται,
2839 4013 3025 4066 ἕνεκεν
3053 4011 3256 4083 Κυρίου
3289 4009 3382 4063 τοῦ
3410 4009 3544 4063 Θεοῦ
3586 4026 3700 4075 σου,
3746 4011 3851 4066 τοῦ

2265 4107 2419 4174 ἁγίου
2451 4104 2701 4177 Ἰσραὴλ,
2751 4104 2832 4156 ὅτι
2888 4101 3106 4168 ὲδόξασέ
3152 4117 3228 4154 σε.
3271 4119 3290 4152 ι
3341 4101 3450 4154 Καὶ
3503 4101 3587 4164 τίς
3627 4099 3729 4153 οὑκ
3775 4101 3850 4154 ἂν

2265 4197 2564 4268 ἐκπλαγείη
2597 4196 2691 4249 τοῦ
2725 4195 2884 4264 λόγου
2913 4193 2974 4247 τὸ
3000 4193 3364 4264 ἀποτέλεσμα,
3391 4192 3532 4264 ὁρῶν
3570 4192 3689 4246 καθ’
3716 4193 3846 4264 ὅλης

2264 4291 2362 4360 τῆς
2396 4289 2718 4360 οἰκουμένης
2757 4286 2868 4339 ἀπὸ
2911 4286 3147 4357 Χριστοῦ
3188 4285 3281 4338 τοῦ
3311 4285 3446 4338 Θεοῦ
3483 4286 3858 4356 Χριστιανοὺς.

2266 4377 2860 4450 προσαγορευομένους;
2907 4375 3016 4428 Καὶ
3060 4373 3214 4426 τοῦτο
3246 4375 3427 4437 αὐτοῖς
3475 4372 3690 4426 ἔσεσθαι
3742 4389 3848 4444 ση-

2274 4473 2422 4540 μεῖον
2451 4468 2664 4523 αἰώνιον
2689 4467 2788 4536 τῆς
2815 4465 2968 4537 παρὰ
2994 4464 3112 4535 θεῷ
3141 4464 3414 4535 σωτηρίας
3446 4464 3505 4517 τὸ
3538 4465 3844 4536 ἐπιγράφε-

2270 4559 2391 4614 σθαι
2443 4559 2503 4612 τὸ
2535 4558 2630 4611 τοῦ
2661 4557 2863 4628 Κυρίου
2909 4556 3100 4627 ὄνομα,
3143 4556 3282 4627 ὅπερ
3329 4557 3513 4620 αὑτοῖς
3560 4559 3639 4620 εἰς
3670 4557 3848 4610 αἰῶνα

2271 4652 2593 4723 παραμένει,
2627 4652 2720 4704 καὶ
2759 4650 2858 4704 οὐκ
2892 4648 3132 4719 ἐκλείψει
3162 4648 3412 4701 πώποτε·
3453 4649 3854 4721 ἀμεταμέλητα

2269 4744 2376 4815 γάρ
2403 4743 2472 4795 τὰ
2509 4742 2824 4814 χαρίσματα
2853 4739 2946 4793 τοῦ
2977 4738 3114 4792 Θεοῦ
3145 4740 3421 4810 τυγχάνει.

2346 4870 2362 4902 ι
2393 4853 2670 4922 Ζητήσατε
2695 4852 2786 4904 τὸν
2807 4849 3030 4921 Κύριον,
3053 4850 3147 4904 καὶ
3175 4850 3233 4902 ἐν
3261 4850 3338 4922 τῷ
3359 4851 3635 4923 εὑρίσκειν
3658 4853 3848 4920 αὑτὸν,

2269 4945 2684 5000 ἐπικαλέσασθε.
2730 4941 2922 4996 Ἠνίκα
2942 4941 2987 4994 δ’
3013 4941 3079 4995 ἂν
3109 4941 3302 5014 ὲγγίζῃ
3323 4942 3471 5011 ὑμῖν,
3501 4942 3850 4997 ἀπλειπὲτω

2270 5037 2298 5087 ὀ
2334 5033 2534 5105 ἀσεϐὴς
2563 5033 2659 5096 τὰς
2685 5032 2838 5095 ὁδους
2864 5030 3049 5096 αὐτοῦ,
3075 5031 3170 5085 καὶ
3199 5031 3337 5102 ἀνὴρ
3374 5032 3572 5102 ἄνομος
3599 5032 3698 5097 τάς
3725 5033 3849 5104 βου-

2271 5124 2368 5186 λάς
2399 5123 2584 5188 αὑτοῦ,
2637 5123 2731 5175 καὶ
2765 5122 3151 5192 ἐπιστραφήτω
3177 5121 3268 5174 ἐπὶ
3297 5121 3520 5192 Κύριον,
3555 5125 3647 5176 καὶ
3687 5124 3844 5196 ἐλεη-

2271 5217 2521 5288 θήσεται·
2573 5217 2653 5268 ὅτι
2691 5215 2783 5268 ἐπὶ
2824 5215 2958 5268 πολὺ
2989 5215 3188 5286 ἀφήσει
3218 5214 3317 5279 τὰς
3359 5215 3633 5288 ἁμαρτίας
3666 5217 3842 5288 ὑμῶν.

2273 5308 2347 5360 Οὑ
2382 5307 2491 5378 γάρ
2517 5309 2653 5360 εἰσιν
2682 5310 2737 5360 αί
2765 5306 2950 5378 βουλαί
2978 5324 3100 5378 μου,
3133 5306 3320 5378 ὥσπερ
3351 5309 3408 5360 αἱ
3440 5307 3628 5377 βουλοιί
3666 5308 3844 5379 ὑμῶν,

2271 5399 2377 5451 οὐδ’
2409 5397 2595 5471 ὥσπερ
2626 5401 2681 5451 αἱ
2715 5399 2822 5451 ὁδοὶ
2861 5398 3034 5470 ὑμῶν,
3071 5400 3126 5452 αἱ
3155 5399 3258 5452 ὁδοί
3291 5416 3412 5470 μου,
3440 5400 3587 5468 λέγει
3619 5401 3845 5472 Κύριος.

2283 5489 2419 5542 Ἀλλ’
2448 5489 2523 5553 ὼς
2552 5489 2747 5560 ἀπέχει
2777 5492 2806 5542 ὁ
2835 5490 3060 5560 οὐρανὸς
3091 5490 3197 5543 ἀπὸ
3223 5491 3323 5562 τῆς
3357 5489 3482 5562 γῆς,
3509 5489 3682 5554 οὑτως
3711 5491 3847 5544 ἀπέ-

2268 5602 2352 5654 χει
2386 5586 2418 5654 ή
2451 5583 2566 5645 ὁδός
2601 5601 2701 5653 μου
2731 5583 2840 5636 ἀπὸ
2875 5584 2982 5636 τῶν
3017 5583 3152 5636 ὁδῶν
3193 5583 3367 5653 ὑμῶν,
3401 5586 3496 5638 καὶ
3525 5585 3595 5638 τά
3629 5585 3846 5656 διανοή-

2272 5695 2414 5748 ματα
2443 5677 2592 5746 ὑμῶν
2625 5677 2728 5729 ἀπὸ
2752 5679 2848 5746 τῆς
2871 5675 3108 5738 διανοίας
3135 5694 3254 5746 μου.
3296 5678 3379 5740 Ὠς
3406 5678 3512 5749 γὰρ
3537 5679 3602 5732 ἂν
3626 5679 3841 5749 καταεῇ

2268 5773 2293 5822 ὁ
2322 5770 2470 5832 ὑετὸς
2507 5771 2566 5823 ἐκ
2619 5769 2708 5823 τοῦ
2743 5769 2992 5840 οὐρανοῦ,
3045 5771 3136 5822 καὶ
3169 5769 3226 5821 οὐ
3269 5768 3342 5841 μὴ
3379 5771 3701 5844 ἀποστραφῇ
3736 5773 3841 5840 ἓως
3875 5763 3909 5816 δ
