4130 6400
387 321 492 374 460

1298 317 1796 374 COMMENTARIA
1837 319 1903 373 iN
1945 320 2196 379 lSAlAM.
2239 358 2306 368 -—
2341 328 2492 382 CAP.
2532 327 2667 384 LVI.

3521 331 3624 385 670

376 435 442 489 ἀν
478 434 686 508 μεθύση
709 435 807 508 τὴν
833 437 954 508 γῆν,
973 438 1062 490 καὶ
1096 438 1316 508 ἐκτέκῃ,
1342 439 1435 490 καὶ
1462 436 1830 509 ὲκϐλαστήσῃ,
1857 441 1949 491 καὶ

2051 442 2279 498 inebriet
2326 453 2548 510 terram,
2578 455 2632 499 et
2686 445 2882 514 pariat,
2915 452 2969 498 et
3000 444 3294 513 germinet,
3322 455 3376 498 et
3413 444 3504 499 det
3538 464 3624 498 se-

335 539 339 545 ‘
374 526 448 596 δῷ
487 527 704 599 σπέρμα
731 526 808 600 τῷ
841 529 1136 600 σπείροντι,
1166 529 1260 582 καὶ
1289 529 1450 598 ἄρτον
1482 530 1561 591 είς
1597 528 1825 600 βρῶσιν
1861 529 1948 582 οῦ-

374 635 482 682 1w;
531 617 680 671 ἔσται
725 619 787 672 τὸ
837 618 988 690 ῥῆμά
1021 637 1144 690 μου,
1179 620 1207 672 δ
1240 618 1333 672 ὲάν
1366 618 1556 692 ἐξέλθῃ
1599 620 1664 672 ἐκ
1701 619 1791 672 τοῦ
1826 621 1947 673 στό-

379 707 546 778 ματός
584 725 706 777 μου,
738 708 798 760 ού
828 707 904 778 μὴ
948 709 1294 781 ἀποστραφῇ,
1328 709 1432 769 ἕως
1469 707 1535 761 ἀν
1582 709 1806 781 τελεσθῇ
1849 711 1950 765 ὅσα

377 799 444 853 ἀν
468 799 725 871 ἠθέλησα.
759 801 867 852 Kal
893 799 1140 852 εὐοδώσω
1177 799 1275 863 τὰς
1304 799 1456 863 ὁδούς
1486 816 1603 865 σου,
1636 803 1729 854 καὶ
1760 803 1828 854 τά
1867 804 1950 855 ὲν-

375 889 626 961 τάλματά
670 908 790 961 μου.
851 893 938 944 Ἐν
972 891 1080 963 γάρ
1110 891 1418 965 εὐφροσύνῃ
1459 890 1825 959 ὲξελεύσεσθε,
1858 894 1949 947 καὶ

376 981 434 1035 ὲν
458 983 602 1052 χαρᾷ
625 981 1028 1051 διδαχθήσεσθε.
1061 980 1142 1034 Τὰ
1168 982 1276 1054 γὰρ
1303 982 1400 1054 ὅρη
1429 983 1523 1036 καὶ
1562 984 1612 1036 οἱ
1645 983 1823 1054 βουνοὶ
1857 984 1948 1050 ὲξο

375 1071 626 1126 αλοῦνται
655 1073 1070 1144 προσδεχόμενοι
1103 1074 1246 1145 ὑμᾶς
1275 1076 1332 1126 ὲν
1363 1077 1526 1146 χαρᾷ.
1555 1095 1572 1129 ι
1595 1078 1672 1130 Δι’
1700 1069 1773 1130 ὧν
1800 1071 1949 1147 οἶμαι

371 1164 630 1234 δυνάμεις
669 1165 1068 1235 συγχωρούσας
1099 1169 1211 1230 τοῖς
1243 1167 1333 1219 ὲπ¹ι
1355 1167 1458 1238 γῆς
1507 1167 1823 1239 μετανοοῦσι
1854 1168 1936 1238 δη-

374 1255 617 1310 λοῦσθαι.
665 1275 682 1307 ι
708 1258 815 1311 Kal
846 1259 1021 1312 πάντα
1043 1263 1109 1312 τὰ
1135 1259 1264 1326 ξύλα
1287 1259 1380 1312 τοῦ
1407 1260 1577 1331 ἀγροῦ
1602 1262 1951 1333 ὲπικροτήσει

371 1349 485 1410 τοῖς
515 1346 745 1411 κλάδοις.
776 1367 794 1401 ι
820 1348 961 1402 Ξύλα
989 1349 1044 1401 δὲ
1067 1348 1160 1402 τοῦ
1190 1348 1359 1420 ἀγροῦ
1392 1348 1782 1422 ὲπικροτοῦντα
1815 1349 1946 1403 κλά-

371 1437 483 1501 δοις
513 1437 652 1508 τάχα
685 1456 785 1491 που
812 1441 866 1493 αἱ
900 1439 1235 1511 καρποφόροι
1265 1435 1373 1493 εἷεν
1401 1439 1465 1494 ἂν
1495 1441 1688 1512 ψυχαὶ,
1725 1442 1947 1512 συγχαί-

377 1547 564 1600 ρουσαι
596 1533 715 1594 ταῖς
739 1531 846 1585 τῶν
877 1532 1092 1603 ἀνόμων
1116 1532 1314 1603 ψυχαῖς
1337 1533 1788 1605 ὲπιστρειρούσαις
1820 1533 1952 1606 πρὸς

376 1621 600 1694 Κύριον.

449 1733 467 1766 ι
505 1715 613 1767 Kal
655 1715 773 1768 ἀντὶ
818 1716 916 1786 τῆς
969 1717 1184 1788 στοιϐῆς
1216 1717 1544 1790 ἀναϐήσεται
1588 1718 1946 1789 κυπάρισσος,

2053 549 2173 589 men
2218 537 2526 604 seminautl,
2555 548 2610 593 et
2650 552 2840 605 panem
2891 537 2960 591 ad
3001 538 3363 603 vescendum;
3410 540 3488 593 sic
3521 540 3626 592 erit

2051 627 2270 681 verbum
2300 643 2501 692 meum,
2526 630 2884 700 quodcunque
2911 630 3106 684 exierit
3131 629 3197 684 de
3220 643 3316 685 ore
3339 645 3482 696 meo,
3513 645 3622 685 non

2051 730 2376 786 revertetur,
2403 723 2572 777 donec
2599 722 2946 792 perficiantur
2976 736 3313 791 quacunque
3336 721 3620 778 voluerim.
3719 782 3724 787 ,

2051 811 2116 866 Ει
2146 827 2433 881 prosperas
2461 813 2656 868 faciam
2689 816 2806 870 vias
2835 824 2954 870 tuas
2994 824 3048 868 et
3079 824 3344 884 praecepta
3384 830 3522 869 mea.
3561 818 3618 869 1n

2051 901 2232 960 laetitia
2256 906 2397 960 enim
2435 907 2786 976 egrediemini
2808 949 2824 972 ,
2865 917 2920 963 et
2953 909 3004 962 in
3040 908 3237 977 gaudio
3276 907 3619 962 docebimini.

2053 997 2262 1052 Montes
2287 999 2426 1052 enim
2453 1009 2510 1053 et
2543 998 2713 1055 colles
2743 1001 2994 1054 exsilieut
3017 1000 3347 1068 excipientes
3379 1015 3472 1052 vos
3497 1014 3617 1054 cum

2053 1092 2266 1161 gaudio.
2310 1109 2329 1144 ι
2369 1091 2532 1158 Queis
2587 1093 2842 1147 existimo
2877 1090 3170 1163 signiﬁcari
3210 1093 3466 1156 virtutes,
3502 1106 3621 1160 quae

2052 1185 2120 1240 de
2151 1185 2536 1253 pmnitentibus
2586 1185 2638 1240 in
2686 1195 2827 1240 terra
2877 1185 3144 1239 laetantur.
3178 1202 3198 1236 ι
3251 1185 3318 1239 Ει
3347 1185 3524 1238 omnia
3557 1185 3622 1238 li-

2051 1292 2155 1346 gna
2184 1277 2298 1348 agri
2332 1276 2660 1348 applaudcnt
2693 1278 2880 1333 ramis.
2923 1296 2943 1329 D
2978 1276 3145 1347 Ligna
3180 1277 3302 1347 agri»
3343 1276 3506 1331 ramis
3534 1291 3628 1345 ap-

2052 1367 2378 1436 plaudentia,
2410 1368 2640 1424 fortasse
2696 1369 2897 1425 fuerint
2929 1371 3124 1424 animae
3151 1367 3463 1434 fructiferae,
3507 1384 3627 1437 qua:

2051 1457 2119 1514 de
2148 1461 2434 1516 animabus
2460 1461 2750 1531 impiorum
2786 1462 2853 1516 ad
2890 1462 3174 1516 Dominum
3211 1462 3624 1527 revertentibus,

2055 1552 2236 1609 latitia
2269 1555 2566 1624 replentur.

2125 1712 2286 1767 Vens.
2320 1713 2408 1766 l3.
2439 1731 2457 1764 ι
2492 1713 2555 1768 Et
2587 1729 2683 1784 pro
2706 1716 2878 1769 stmba
2907 1717 3160 1770 ascendet
3191 1716 3523 1786 cyparissus,
3570 1725 3628 1772 et

370 1807 494 1860 ἀντὶ
520 1807 576 1859 δὲ
603 1806 702 1876 τῆς
721 1807 948 1879 κονύζης
977 1809 1306 1880 ἀναϐήσεται
1362 1809 1616 1879 μυρσίνη.
1653 1809 1761 1861 Kal
1799 1809 1948 1861 ἔσται

2051 1817 2148 1872 pro
2179 1819 2380 1874 conyza
2417 1804 2670 1859 ascendet
2699 1814 2926 1877 myrtus.
2949 1806 3016 1862 Et
3038 1807 3142 1863 erit
3171 1806 3428 1862 Dominus
3455 1807 3507 1861 in
3532 1823 3629 1862 no-

373 1899 574 1971 Κύριος
607 1903 685 1964 εἰς
706 1901 896 1970 δνομα,
932 1901 1028 1955 καὶ
1059 1903 1136 1965 είς
1161 1904 1381 1972 σημεῖον
1423 1900 1672 1966 αἰώνιον,
1708 1903 1801 1955 καὶ
1849 1902 1948 1954 οὐκ

372 1991 632 2060 ἐκλείψει.
669 2011 687 2044 ι
723 1993 1122 2064 Ἀλλ-ηγορικῶς
1141 1994 1196 2046 δὲ
1226 1993 1315 2046 διὰ
1338 1992 1541 2046 τούτων
1571 1993 1813 2064 ᾐνίττετο
1851 1993 1949 2062 τὴν

372 2081 480 2135 ἀπὸ
508 2081 615 2133 τῶν
636 2083 892 2152 χειρόνων
920 2083 1011 2134 ἐπὶ
1035 2082 1104 2136 τὰ
1125 2082 1356 2152 κρείττω
1390 2081 1498 2135 τῶν
1530 2082 1716 2152 ψυχῶν
1741 2099 1948 2154 καρπο-

374 2171 693 2242 φορίανκαῖ
729 2174 897 2226 πᾶσαι
935 2173 1032 2243 μὲν
1063 2168 1201 2244 ἦσαν
1234 2174 1292 2227 ὲν
1336 2172 1609 2245 ἀθεότητι,
1663 2173 1814 2226 οὐδὲν
1861 2173 1952 2242 γό-

374 2279 529 2332 νιμον
558 2262 676 2316 οὐδὲ
702 2263 970 2336 τρόφιμον
1002 2262 1192 2336 ἔφερον
1212 2280 1224 2293 ·
1255 2264 1330 2329 ὡς
1390 2266 1446 2318 ὲν
1508 2265 1700 2337 ἐρήμῳ
1744 2265 1799 2317 δὲ
1855 2266 1951 2320 καὶ¹

373 2352 572 2424 χέρσῳ,
593 2354 684 2407 καὶ
713 2355 1048 2426 ἀγεωργήτῳ
1066 2354 1238 2427 χώρᾳ,
1289 2355 1506 2428 στοιϐὴν
1531 2355 1662 2427 ’ύλης
1679 2357 1949 2429 ἀχρήστου

374 2445 468 2498 καὶ
500 2445 727 2510 κόνυζαν
759 2446 857 2518 τὴν
889 2447 1340 2519 δυσσεϐεστάτην,
1377 2449 1469 2503 καὶ
1495 2449 1766 2520 ἄχρηστον
1818 2466 1952 2501 παν-

371 2524 544 2600 τελῶς
579 2537 809 2610 βοτάνην
837 2538 1021 2608 ἔφυον.
1048 2540 1159 2592 Νῦν
1184 2541 1228 2593 δ’
1256 2542 1343 2594 ὅτε
1374 2541 1474 2610 τῆς
1507 2541 1656 2604 θείας
1693 2541 1951 2610 μετέσχον

373 2629 613 2699 χάριτος,
651 2629 914 2702 μυρσίνην
950 2631 1340 2703 εύωδεστάτην,
1365 2633 1459 2685 καὶ
1493 2633 1589 2704 μὲν
1613 2632 1952 2703 ὑψηλοτάτην

373 2723 465 2777 καὶ
505 2723 663 2776 πάλιν
704 2722 872 2794 εὐώδη
909 2724 1246 2795 κυπάρισσον
1302 2723 1712 2795 ἐκαρποφόρουν
1741 2740 1754 2754 ·
1812 2723 1952 2776 κατά

371 2811 427 2866 δὲ
489 2813 580 2866 τὸν
635 2814 926 2885 Σύμμαχον
952 2855 966 2879 ,
1023 2833 1041 2866 ι
1096 2815 1238 2866 Ἀντὶ
1261 2815 1496 2885 στοιϐἦς,
1557 2816 1739 2886 φησιν,
1826 2816 1953 2867 ἀνα-

372 2901 595 2975 ϐήσεται
627 2903 954 2974 summa
985 2904 1042 2958 δὲ
1078 2904 1255 2968 κνιδδς
1287 2905 1618 2976 ἀναϐήσεται
1657 2904 1944 2977 μυρσίνη-ι

371 2991 446 3056 ὡς
478 2995 524 3046 εί
561 2993 887 3066 σαφέστερον
918 2994 1165 3063 ἐλέγετο,
1215 2994 1358 3048 Ἀντὶ
1387 2994 1582 3058 κακίας
1622 2993 1951 3066 ἀναϐήσεται

372 3083 705 3154 δικαιοσύνη,
737 3085 829 3138 καὶ
856 3085 976 3137 ἀντὶ⁵
1001 3084 1297 3147 ἀκολασίας
1332 3085 1674 3158 σωφροσύνη,
1705 3087 1798 3140 καὶ
1831 3087 1951 3140 ἀντὶ

2055 1907 2175 1946 men
2199 1901 2254 1944 et
2298 1892 2350 1945 in
2390 1893 2605 1962 signum
2657 1895 3068 1964 sempiternum,
3113 1911 3287 1967 neque
3321 1898 3553 1956 deﬁciet.
3601 1917 3621 1950 ο

2053 1981 2148 2036 llis
2186 1981 2472 2053 allegorice
2499 1982 2805 2037 subiudicat
2857 1986 3160 2040 animarum
3210 2003 3240 2040 a
3276 1988 3523 2058 pessimis
3558 1989 3626 2044 ad

2052 2067 2273 2121 meliora
2333 2069 2718 2123 revertentium
2779 2069 3203 2128 fecunditatem:
3239 2090 3359 2145 qum
3410 2077 3624 2147 quidem

2051 2157 2180 2210 olim
2219 2173 2408 2214 omnes
2452 2159 2505 2214 in
2563 2159 2838 2229 impietate
2876 2165 3252 2235 versabantur,
3293 2181 3356 2222 ac
3403 2167 3536 2224 nihil
3562 2170 3628 2224 ad

2052 2249 2479 2318 productionem,
2537 2252 2779 2323 nihilque
2811 2259 2876 2309 ad
2923 2271 3103 2311 escam
3159 2257 3289 2312 utile
3347 2257 3628 2328 ferebant;

2051 2337 2146 2392 sed
2176 2338 2330 2407 quasi
2370 2339 2421 2392 in
2463 2339 2676 2395 deserta
2708 2351 2763 2396 et
2807 2345 2958 2398 arida
3004 2360 3176 2414 neque
3203 2346 3344 2402 culta
3388 2347 3626 2416 regione,

2051 2430 2276 2486 stmbam
2307 2432 2510 2488 inutilis
2552 2437 2790 2492 materiae
2841 2446 2896 2493 et
2943 2453 3202 2509 conyzam
3253 2439 3626 2510 impiissimam

2052 2538 2377 2593 prorsnsque
2410 2525 2617 2581 futilem
2641 2527 2862 2584 herbam
2888 2532 3280 2599 germinabant.
3318 2531 3469 2588 Nunc
3503 2549 3628 2589 vero

2052 2623 2335 2684 postquam
2355 2617 2548 2672 divinae
2583 2619 2770 2688 gratiae
2801 2634 3082 2678 consortes
3120 2623 3359 2690 fuerunt,
3391 2634 3626 2696 myrtum

2053 2708 2475 2773 suaveolentem,
2517 2725 2724 2766 necnon
2781 2713 3134 2769 celsissimam
3182 2726 3235 2770 et
3311 2715 3476 2771 odore
3522 2717 3629 2770 fra-

2053 2811 2294 2870 grantem
2341 2803 2674 2872 cyparissnm
2721 2805 3081 2870 emittebant;
3119 2808 3410 2862 secundum
3461 2807 3624 2878 Sym-

2053 2893 2304 2947 machum
2337 2883 2511 2949 autcm
2549 2897 2766 2962 dicitur,
2807 2918 2826 2949 ‹
2862 2897 2969 2953 Pro
2999 2900 3173 2953 stoeba
3206 2899 3460 2954 ascendet
3505 2900 3628 2954 bra-

2051 2983 2171 3058 thy,
2201 2995 2255 3041 et
2305 3002 2401 3056 pro
2426 2989 2597 3042 urtica
2629 2991 2886 3044 ascendet
2918 2999 3153 3062 myrtus;
3191 3008 3210 3042 ι
3254 3005 3317 3045 ac
3353 2991 3396 3046 si
3429 2991 3629 3048 clarius

2056 3077 2278 3145 diceret,
2311 3078 2415 3134 Pro
2445 3079 2646 3135 malitia
2686 3083 2942 3137 ascendet
2977 3082 3206 3151 jnstitia,
3245 3093 3300 3139 et
3343 3099 3440 3154 pro
3469 3085 3629 3143 lasei-

368 3172 606 3256 Opasou;
631 3175 868 3247 ἀνδρεία,
903 3177 996 3229 κα)⁸
1016 3177 1136 3230 ἀντὶ
1191 3175 1502 3249 ἀφροσύνης
1547 3178 1826 3250 φρόνησις,
1859 3178 1949 3231 καὶ

2054 3171 2138 3224 via
2169 3174 2541 3242 temperantia,
2595 3190 2693 3244 pro
2740 3175 2963 3230 audacia
3009 3175 3203 3242 virtus,
3261 3191 3358 3246 pro
3391 3177 3626 3232 amentia

376 3262 705 3329 ἁπαξαπλῶς
733 3265 851 3319 ἀντὶ
884 3267 1150 3338 πονηρίας
1177 3268 1366 3340 ἀρετή.
1395 3321 1410 3335 ,
1437 3289 1440 3292 ’

878 3381 1272 3435 ΚΕΦΑΔΑΙΟΝ
1307 3383 1448 3451 NG".

450 3469 640 3535 «Τάδε
694 3470 841 3539 λέγει
891 3470 1130 3541 Κύριος·
1194 3473 1535 3527 Φυλάσσεσθε
1602 3475 1804 3548 κρίσιν,
1857 3476 1949 3528 xal

372 3561 628 3632 ποιήσατε
659 3559 1000 3630 δικαιοσύνην
1022 3577 1035 3590 °
1069 3553 1265 3630 ήγγικε
1309 3561 1416 3634 γάρ
1453 3561 1512 3615 τδ
1547 3562 1812 3634 σωτήριόν
1847 3580 1948 3633 μου

373 3651 789 3722 παραγίνεσθαι,
839 3652 931 3706 καὶ
996 3654 1056 3706 τὸ
1118 3654 1263 3718 ἔλεός
1326 3671 1427 3726 μου
1479 3654 1946 3726 ἀποκαλυφθῆναι.

371 3743 655 3815 Μακάριος
712 3744 848 3817 ἀνὴρ
912 3745 941 3797 ὁ
992 3745 1161 3800 ποιῶν
1214 3745 1405 3801 ταῦτα.
1461 3765 1480 3798 ι
1529 3745 1653 3810 Πῶς
1711 3748 1772 3800 ού
1843 3765 1948 3818 μα-

372 3835 563 3905 κάριος
619 3835 870 3900 τοιαύτας
923 3835 1157 3907 εἰληφὼς
1203 3837 1304 3900 τὰς
1361 3835 1725 3905 ὲπαγγελίας;
1777 3857 1795 3889 ι
1838 3839 1948 3892 Kal

371 3925 648 3996 ἄνθρωπος
707 3927 736 3978 ὁ
789 3927 1143 3998 ἀντεχόμενος
1199 3926 1397 3993 αὐτῶν,
1440 3927 1534 3980 καὶ
1566 3927 1852 3998 φυλάσσων
1879 3929 1950 3982 τὰ

327 4016 333 4024 ’
373 4018 623 4072 Σάϐϐατα
672 4019 746 4090 μὴ
795 4018 1054 4090 βεϐηλοῦν
1081 4059 1096 4082 ,
1149 4019 1242 4072 καὶ
1313 4019 1586 4091 διατηρῶν
1653 4020 1752 4084 τὰς
1839 4023 1947 4091 χεῖ-

375 4127 472 4182 ρας
521 4107 686 4162 αὑτοῦ
739 4111 812 4181 μὴ
846 4113 1012 4163 ποιεῖν
1055 4111 1236 4166 ἄδικα.
1293 4129 1310 4163 ι
1362 4111 1420 4163 '0
1447 4109 1556 4182 γὰρ
1578 4110 1751 4164 ταῦτα
1779 4111 1948 4166 ποιῶν

370 4201 465 4254 τοῦ
494 4202 644 4274 παρά
692 4203 825 4257 Θεοῦ
863 4203 1212 4276 μακαρισμοῦ
1265 4201 1462 4272 γένοιτ’
1522 4202 1588 4256 ἂν
1620 4203 1786 4269 ἄξιος.
1842 4203 1946 4255 Σὺν

369 4293 576 4358 τούτοις
606 4296 697 4348 καὶ
718 4295 786 4349 τὰ
813 4295 1064 4350 Σάϐϐατα
1088 4297 1161 4367 μὴ
1187 4292 1446 4366 βεϐηλοῦν
1467 4294 1760 4362 ἀναγκαῖον
1782 4312 1795 4324 ο
1812 4294 1948 4365 ὅπερ

370 4385 521 4439 ἔσται
553 4388 602 4438 εί
635 4387 732 4450 τὰς
763 4387 971 4440 ἑαυτῶν
992 4391 1179 4457 χεῖρας
1212 4385 1459 4458 καθαρὰς
1508 4385 1689 4453 πάσης
1741 4384 1944 4438 ἀτόπου

372 4475 621 4546 πράξεως
645 4475 1008 4547 διατηρήσητε
1029 4492 1042 4506 °
1079 4477 1127 4528 εί
1158 4475 1214 4529 δὲ
1244 4475 1418 4530 ταῦτα
1452 4473 1526 4548 μὴ
1561 4473 1948 4545 ποιήσητε,ὲπὶ

374 4541 565 4636 σχολῆς
592 4566 685 4618 καὶ
717 4541 915 4637 ἀργίας
935 4541 1222 4636 διάγοντες
1251 4566 1350 4637 τὴν
1381 4541 1473 4620 τοῦ
1505 4541 1782 4619 Σαϐϐάτὼ
1821 4563 1952 4636 ήμέ·
1981 4541 2025 4598 D

376 4672 494 4726 ραν,
522 4657 633 4709 ῐστε
669 4657 730 4709 τὸ
761 4657 932 4728 μηθὲν
962 4655 1256 4720 ποιοῦντες.

451 4764 470 4797 ι
499 4746 589 4816 Μὴ
635 4746 837 4814 λεγέτω
883 4749 912 4798 ὁ
961 4746 1250 4818 ἀλλογενὴς
1287 4748 1316 4799 ό
1375 4746 1768 4818 προσκείμενος
1815 4743 1951 4815 πρὸς

371 4837 600 4910 Κύριον⁹
641 4838 880 4909 Ἀφοριεῖ
930 4855 996 4908 με
1058 4838 1168 4910 ἄρα
1197 4838 1398 4908 Κύριος
1432 4837 1542 4891 ἀπὸ
1577 4836 1670 4891 τοῦ
1697 4835 1825 4890 λαοῦ
1855 4837 1950 4888 αύ-

369 4929 502 4996 τοῦ;
535 4950 554 4982 ι
587 4930 849 4986 διδάσκων
885 4932 959 5002 μὴ
995 4930 1140 5001 μέγα
1171 4932 1388 5002 φρονεῖν
1439 4929 1708 4984 Ἰουδαίων
1752 4927 1946 4990 παῖδας

371 5024 464 5077 ἐπὶ
487 5023 564 5094 τῷ
588 5025 770 5092 γένει,
807 5025 940 5095 μηδὲ
985 5025 1078 5078 ἐπὶ
1134 5028 1247 5088 τοῖς
1298 5022 1638 5095 προπάτορσι
1685 5020 1944 5092 σεμνύνε-

374 5115 518 5169 σθαι.
559 5135 578 5168 ι
612 5118 723 5171 Kal
779 5117 854 5189 μὴ
897 5117 1102 5187 λεγέτω
1128 5119 1157 5171 ὁ
1183 5117 1471 5187 εὐνοῦχος,
1502 5117 1583 5170 δτι
1624 5114 1790 5170 Ξύλον
1835 5112 1944 5183 ἐγώ

377 5209 493 5276 εἰμι
535 5207 716 5278 ξηρόν.
765 5201 818 5260 δ’

450 5315 468 5348 ι
509 5298 649 5352 Τάδε
698 5298 846 5368 λέγει
904 5301 1108 5373 Κύριος
1147 5305 1262 5366 τοῖς
1316 5299 1628 5371 εὐνούχοις’
1682 5299 1836 5352 Ὅσοι
1879 5296 1947 5352 ἂν

373 5385 710 5456 φυλάξωνται
744 5389 810 5443 τὰ
839 5390 1090 5446 Σάϐϐατά
1125 5410 1222 5464 μου
1263 5392 1358 5445 καὶ
1403 5389 1727 5458 ὲκλέξωνται
1763 5387 1800 5443 ἀ
1840 5386 1948 5457 ἐγὼ

374 5478 530 5544 θέλω,
565 5481 658 5533 καὶ
681 5483 1010 5552 ἀντέχωνται
1034 5484 1131 5554 τῆς
1174 5484 1446 5555 Διαθήκης
1481 5501 1583 5554 μου
1608 5523 1622 5547 ,
1656 5481 1810 5535 δώσω
1849 5481 1948 5533 αύ-

373 5573 484 5633 τοῖς
508 5573 564 5624 ἐν
583 5571 663 5642 τῷ
683 5574 816 5644 οἴκῳ
846 5592 970 5641 μου,
1002 5575 1094 5627 καὶ
1117 5577 1173 5627 ὲν
1203 5575 1279 5646 τῷ
1298 5576 1464 5646 τείχει
1497 5593 1598 5646 μου
1631 5573 1796 5627 τόπον
1837 5572 1949 5624 ὀνο-

379 5663 602 5730 μαστὸν,
635 5665 866 5737 κρείττω
887 5666 1017 5718 υἱῶν
1039 5666 1131 5718 καὶ
1155 5666 1469 5738 θυγατέρων
1492 5683 1504 5696 ”
1533 5667 1701 5735 ὖνομα
1733 5661 1948 5716 αἰώνιον

374 5752 530 5810 δώσω
557 5757 766 5823 αύτοῖς”
810 5759 900 5812 καὶ
933 5759 1030 5812 οὐκ
1062 5758 1316 5828 ἐκλείψει.
1352 5779 1368 5810 ι
1411 5757 1623 5830 Ἐπειδὴ
1647 5757 1702 5810 δὲ
1729 5757 1820 5809 καὶ
1852 5755 1948 5824 τὴν

2052 3263 2366 3332 prudentia;
2403 3273 2563 3334 atque
2597 3266 2647 3319 in
2691 3282 2922 3332 summa,
2953 3283 3050 3338 pro
3074 3267 3273 3322 malitia
3307 3268 3498 3325 virtus.

2645 3378 2872 3434 CAPUT
2911 3378 3045 3436 LVI.

2120 3469 2282 3523 Vens.
2299 3468 2412 3534 1,2.
2426 3489 2443 3522 ι
2467 3467 2590 3526 Haec
2605 3471 2736 3526 dicit
2756 3471 3045 3526 Dominus:
3064 3471 3626 3540 Custoditejudicium,

2051 3570 2104 3616 et
2140 3560 2298 3616 facite
2344 3561 2610 3632 justitiam
2663 3563 3158 3634 :appropinquavit
3207 3565 3350 3619 enim
3394 3566 3630 3620 salutare

2051 3668 2250 3720 meum,
2277 3665 2338 3709 ut
2367 3655 2566 3720 veniat,
2595 3664 2649 3710 et
2670 3647 3041 3710 misericOrdia
3067 3670 3209 3723 mea,
3240 3665 3301 3711 ut
3330 3655 3622 3712 reveletur.

2049 3747 2248 3802 Beatus
2279 3748 2360 3802 vir
2394 3747 2487 3818 qui
2519 3747 2652 3803 facit
2697 3749 2837 3807 bare.
2872 3766 2892 3801 ι
2938 3747 3042 3816 Qui
3068 3763 3179 3808 non
3217 3748 3406 3804 beatus
3433 3748 3626 3814 fuerit,

2049 3841 2142 3910 qui
2200 3839 2334 3895 tales
2387 3838 2770 3908 promissiones
2819 3840 3127 3910 acceperit?
3169 3859 3188 3894 ι
3223 3840 3290 3896 Ει
3343 3840 3504 3900 homo
3527 3841 3626 3910 qui

2049 3932 2290 3987 adhaeret
2328 3931 2432 3996 eis,
2459 3941 2512 3986 et
2547 3931 2636 4001 qui
2663 3933 2918 3987 observat
2945 3919 3208 3998 Sabbata,
3260 3941 3320 3987 ut
3364 3947 3469 3987 non
3505 3946 3629 4001 pro-

2053 4028 2200 4081 fauet
2251 4039 2336 4088 ea,
2377 4033 2432 4078 et
2458 4031 2639 4078 servat
2666 4037 2857 4078 manus
2885 4014 3036 4091 suas,
3065 4015 3132 4078 ne
3173 4023 3334 4078 faciat
3367 4022 3569 4092 iniqua.
3602 4041 3622 4075 ι

2048 4115 2181 4172 Nam
2221 4117 2310 4187 qui
2342 4116 2456 4170 haec
2490 4114 2700 4180 fecerit,
2725 4115 2812 4169 illa
2839 4107 2956 4185 qua:
2994 4131 3023 4169 a
3049 4115 3156 4171 Deo
3188 4123 3272 4171 est
3299 4115 3629 4172 beatitudine

2049 4211 2242 4282 dignus
2272 4225 2401 4265 sane
2439 4207 2620 4263 fuerit.
2669 4207 2752 4262 Ad
2802 4208 2916 4264 ιιωο
2966 4209 3094 4262 item
3141 4206 3506 4264 necessarium
3545 4216 3629 4261 est

2053 4302 2291 4358 Sabbata
2333 4317 2436 4357 non
2491 4300 2695 4356 violare
2736 4299 2924 4369 :quod
2951 4300 3137 4370 utique
3182 4300 3310 4367 erit,
3340 4298 3386 4354 si
3438 4314 3627 4352 manus

2051 4406 2257 4451 vestras
2279 4393 2346 4449 ab
2374 4394 2520 4448 omni
2561 4393 2776 4463 indigna
2807 4393 3021 4447 actione
3064 4407 3224 4460 puras
3252 4389 3625 4454 servaveritis;

2051 4487 2096 4542 si
2129 4503 2258 4542 vero
2286 4487 2399 4540 hzec
2426 4501 2529 4540 non
2557 4484 2800 4554 egeritis,
2845 4492 3008 4553 atque
3035 4484 3088 4538 in
3119 4485 3230 4539 otio
3262 4493 3317 4537 et
3352 4481 3629 4538 vacatione

2055 4577 2274 4634 Sabbati
2312 4577 2453 4633 diem
2482 4577 2875 4647 trausegeritis,
2908 4591 3004 4632 vos
3032 4577 3166 4630 nihil
3195 4576 3376 4632 facere
3416 4586 3626 4630 certum

2053 4670 2262 4725 habete.

2126 4761 2289 4817 Vens.
2316 4763 2369 4816 3.
2405 4779 2424 4813 ε
2459 4761 2538 4819 Ne
2574 4763 2720 4818 dicat
2771 4761 3090 4833 alienigena,
3119 4760 3209 4830 qui
3241 4759 3518 4829 appositus
3549 4770 3632 4811 est

2053 4855 2277 4909 Domino
2313 4871 2328 4909 :
2355 4851 2491 4908 Num
2511 4853 2783 4922 separabit
2799 4868 2884 4908 me
2907 4853 3166 4910 Dominus
3185 4869 3214 4906 a
3235 4853 3432 4921 populo
3449 4867 3547 4907 suo
3563 4851 3588 4905 2
3605 4870 3623 4904 ι

2051 4947 2251 5001 doeens
2277 4943 2491 5001 Judaeos
2526 4961 2594 5001 ne
2624 4945 2690 5001 de
2717 4959 2912 5016 genere
2937 4959 3034 5000 suo
3062 4945 3228 5000 altum
3264 4946 3499 5016 sapiant,
3527 4957 3624 5000 ne-

2050 5052 2156 5104 que
2181 5038 2248 5092 de
2273 5037 2486 5105 proavis
2508 5037 2621 5091 suis
2649 5036 2970 5106 glorientur.
3009 5056 3028 5089 (
3059 5037 3128 5092 Et
3179 5055 3244 5092 ne
3276 5038 3419 5093 dicat
3453 5051 3627 5094 eunu-

2047 5131 2188 5186 chus
2223 5149 2236 5185 :
2269 5130 2496 5201 Lignum
2531 5131 2741 5185 aridum
2771 5144 2871 5200 ego
2902 5145 3040 5185 sum.
3072 5149 3092 5183 ι

2126 5287 2288 5344 Vens.
2323 5289 2378 5355 4,
2412 5288 2465 5342 5.
2501 5306 2518 5338 ι
2557 5285 2686 5341 Haec
2714 5287 2844 5341 dicit
2881 5285 3139 5340 Dominus
3163 5287 3460 5342 eunuchis:
3493 5285 3617 5354 Qui-

2054 5397 2266 5452 cunque
2297 5380 2654 5436 custodierint
2698 5377 2936 5434 Sabbata
2971 5393 3112 5443 mea,
3136 5388 3190 5433 et
3220 5378 3481 5445 elegerint
3503 5391 3623 5448 quae

2051 5491 2153 5545 ego
2191 5474 2332 5539 volo,
2362 5484 2416 5528 et
2458 5473 2783 5528 adhaaserint
2819 5470 3165 5526 Testamento
3197 5486 3336 5537 meo,
3377 5469 3515 5525 dabo
3543 5471 3622 5524 eis

2039 5567 2105 5622 ‘in
2130 5569 2291 5622 domo
2335 5582 2450 5622 mea
2495 5575 2550 5621 et
2580 5566 2720 5620 intra
2751 5580 2964 5638 murum
3017 5577 3218 5630 meum,
3250 5563 3424 5639 locum
3450 5562 3622 5616 nomi-

2053 5671 2261 5724 natum,
2295 5661 2569 5715 meliorem
2604 5658 2728 5712 ﬁliis
2761 5667 2814 5713 et
2864 5657 3110 5722 ﬁliabus;
3171 5668 3366 5709 nomen
3426 5652 3622 5721 sempi-

2057 5765 2265 5809 ternum
2293 5755 2429 5808 dabo
2455 5755 2554 5820 cis,
2582 5762 2751 5808 etnon
2777 5750 3005 5806 deﬁciet.
3031 5769 3049 5801 ι
3070 5747 3330 5817 Quoniam
3355 5742 3524 5802 Judai
3554 5743 3619 5797 li-
