  <div class='ocr_page' id='page_1' title='image "/cluster/home/n/w/nwhite01/storage/ocr_20150623/24/hvd.32044073501108/243.png"; bbox 0 0 4130 6400; ppageno 0'>
   <div class='ocr_carea' id='block_1_1' title="bbox 510 5315 519 5352">
    <p class='ocr_par' dir='ltr' id='par_1_1' title="bbox 510 5315 519 5352">
     <span class='ocr_line' id='line_1_1' title="bbox 510 5315 519 5352; baseline 0 -6"><span class='ocrx_word' id='word_1_1' title='bbox 510 5315 519 5352; x_wconf 68' lang='grc' dir='ltr'>δ</span> 
     </span>
    </p>
   </div>
   <div class='ocr_carea' id='block_1_2' title="bbox 522 313 621 369">
    <p class='ocr_par' dir='ltr' id='par_1_2' title="bbox 522 313 621 369">
     <span class='ocr_line' id='line_1_2' title="bbox 522 313 621 369; baseline 0.01 -1"><span class='ocrx_word' id='word_1_2' title='bbox 522 313 621 369; x_wconf 65' lang='grc'><strong>871</strong></span> 
     </span>
    </p>
   </div>
   <div class='ocr_carea' id='block_1_3' title="bbox 1229 314 3098 381">
    <p class='ocr_par' dir='ltr' id='par_1_3' title="bbox 1229 314 3098 381">
     <span class='ocr_line' id='line_1_3' title="bbox 1229 314 3098 381; baseline 0.004 -13"><span class='ocrx_word' id='word_1_3' title='bbox 1229 314 1494 372; x_wconf 80' lang='lat' dir='ltr'><strong>EUSEBII</strong></span> <span class='ocrx_word' id='word_1_4' title='bbox 1533 318 2010 378; x_wconf 64' lang='lat' dir='ltr'><strong>CESARIENSIS</strong></span> <span class='ocrx_word' id='word_1_5' title='bbox 2049 323 2199 380; x_wconf 81' lang='grc' dir='ltr'><strong>ΟΡΡ.</strong></span> <span class='ocrx_word' id='word_1_6' title='bbox 2245 325 2418 381; x_wconf 77' lang='lat' dir='ltr'><strong>PARS</strong></span> <span class='ocrx_word' id='word_1_7' title='bbox 2449 326 2534 380; x_wconf 86' lang='lat' dir='ltr'><strong>Ill.</strong></span> <span class='ocrx_word' id='word_1_8' title='bbox 2575 355 2644 366; x_wconf 90' lang='grc'><strong><em>--</em></strong></span> <span class='ocrx_word' id='word_1_9' title='bbox 2685 319 3098 377; x_wconf 73' lang='lat' dir='ltr'><strong>EXEGETICA.</strong></span> 
     </span>
    </p>
   </div>
   <div class='ocr_carea' id='block_1_4' title="bbox 3661 321 3772 378">
    <p class='ocr_par' dir='ltr' id='par_1_4' title="bbox 3661 321 3772 378">
     <span class='ocr_line' id='line_1_4' title="bbox 3661 321 3772 378; baseline 0 -1"><span class='ocrx_word' id='word_1_10' title='bbox 3661 321 3772 378; x_wconf 68' lang='grc'><strong>479.</strong></span> 
     </span>
    </p>
   </div>
   <div class='ocr_carea' id='block_1_5' title="bbox 524 427 2118 504">
    <p class='ocr_par' dir='ltr' id='par_1_5' title="bbox 524 427 2092 502">
     <span class='ocr_line' id='line_1_5' title="bbox 524 427 2092 502; baseline 0.004 -22"><span class='ocrx_word' id='word_1_11' title='bbox 524 429 774 481; x_wconf 81' lang='lat' dir='ltr'><strong>berorum</strong></span> <span class='ocrx_word' id='word_1_12' title='bbox 804 427 1198 484; x_wconf 84' lang='lat' dir='ltr'><strong>nndtilmlinem</strong></span> <span class='ocrx_word' id='word_1_13' title='bbox 1261 430 1687 486; x_wconf 77' lang='lat' dir='ltr'><strong>benedictionem</strong></span> <span class='ocrx_word' id='word_1_14' title='bbox 1722 433 1811 488; x_wconf 85' lang='lat' dir='ltr'><strong>Dei</strong></span> <span class='ocrx_word' id='word_1_15' title='bbox 1845 450 1964 487; x_wconf 73' lang='lat' dir='ltr'><strong>esse</strong></span> <span class='ocrx_word' id='word_1_16' title='bbox 1995 451 2092 502; x_wconf 79' lang='lat' dir='ltr'><strong>pu-</strong></span> 
     </span>
    </p>
   </div>
   <div class='ocr_carea' id='block_1_6' title="bbox 2222 427 3770 504">
    <p class='ocr_par' dir='ltr' id='par_1_6' title="bbox 2222 429 3770 504">
     <span class='ocr_line' id='line_1_6' title="bbox 2222 429 3770 504; baseline 0.002 -18"><span class='ocrx_word' id='word_1_17' title='bbox 2222 434 2555 488; x_wconf 77' lang='grc' dir='ltr'>τολυπαιδίαν</span> <span class='ocrx_word' id='word_1_18' title='bbox 2609 435 2858 503; x_wconf 78' lang='grc' dir='ltr'><strong>εὐλογίαν</strong></span> <span class='ocrx_word' id='word_1_19' title='bbox 2907 433 3042 487; x_wconf 90' lang='grc' dir='ltr'>Θεοῦ</span> <span class='ocrx_word' id='word_1_20' title='bbox 3071 433 3300 504; x_wconf 78' lang='grc' dir='ltr'>ἡγοῦντο</span> <span class='ocrx_word' id='word_1_21' title='bbox 3328 429 3463 488; x_wconf 75' lang='grc' dir='ltr'>εἶναι</span> <span class='ocrx_word' id='word_1_22' title='bbox 3506 433 3770 500; x_wconf 82' lang='grc' dir='ltr'>Ἰουδαῖοι,</span> 
     </span>
    </p>
   </div>
   <div class='ocr_carea' id='block_1_7' title="bbox 522 520 2092 594">
    <p class='ocr_par' dir='ltr' id='par_1_7' title="bbox 522 520 2092 594">
     <span class='ocr_line' id='line_1_7' title="bbox 522 520 2092 594; baseline 0.003 -21"><span class='ocrx_word' id='word_1_23' title='bbox 522 520 593 573; x_wconf 86' lang='lat' dir='ltr'><strong>tal</strong></span> <span class='ocrx_word' id='word_1_24' title='bbox 617 528 730 584; x_wconf 88' lang='lat' dir='ltr'><strong>:mt,</strong></span> <span class='ocrx_word' id='word_1_25' title='bbox 747 521 1156 590; x_wconf 83' lang='lat' dir='ltr'><strong>mercedemque</strong></span> <span class='ocrx_word' id='word_1_26' title='bbox 1174 537 1237 575; x_wconf 86' lang='lat' dir='ltr'><strong>ac</strong></span> <span class='ocrx_word' id='word_1_27' title='bbox 1261 522 1490 576; x_wconf 86' lang='lat' dir='ltr'><strong>fructum</strong></span> <span class='ocrx_word' id='word_1_28' title='bbox 1511 523 1725 594; x_wconf 84' lang='lat' dir='ltr'><strong>pietatis</strong></span> <span class='ocrx_word' id='word_1_29' title='bbox 1751 541 2092 580; x_wconf 75' lang='lat' dir='ltr'><strong>numerosam</strong></span> 
     </span>
    </p>
   </div>
   <div class='ocr_carea' id='block_1_8' title="bbox 521 613 2094 680">
    <p class='ocr_par' dir='ltr' id='par_1_8' title="bbox 521 613 2094 680">
     <span class='ocr_line' id='line_1_8' title="bbox 521 613 2094 680; baseline 0.004 -15"><span class='ocrx_word' id='word_1_30' title='bbox 521 613 724 680; x_wconf 56' lang='lat' dir='ltr'><strong>prolem</strong></span> <span class='ocrx_word' id='word_1_31' title='bbox 756 628 876 668; x_wconf 86' lang='lat' dir='ltr'><strong>esse</strong></span> <span class='ocrx_word' id='word_1_32' title='bbox 924 613 1327 680; x_wconf 72' lang='lat' dir='ltr'><strong>existimabant,</strong></span> <span class='ocrx_word' id='word_1_33' title='bbox 1359 616 1517 670; x_wconf 89' lang='lat' dir='ltr'><strong>talem</strong></span> <span class='ocrx_word' id='word_1_34' title='bbox 1550 631 1737 672; x_wconf 86' lang='lat' dir='ltr'><strong>eorum</strong></span> <span class='ocrx_word' id='word_1_35' title='bbox 1775 620 2094 673; x_wconf 81' lang='lat' dir='ltr'><strong>sententiam</strong></span> 
     </span>
    </p>
   </div>
   <div class='ocr_carea' id='block_1_9' title="bbox 521 704 2100 781">
    <p class='ocr_par' dir='ltr' id='par_1_9' title="bbox 521 704 2100 781">
     <span class='ocr_line' id='line_1_9' title="bbox 521 704 2100 781; baseline 0.005 -24"><span class='ocrx_word' id='word_1_36' title='bbox 521 705 842 781; x_wconf 75' lang='lat' dir='ltr'><strong>reprimens,</strong></span> <span class='ocrx_word' id='word_1_37' title='bbox 874 720 938 759; x_wconf 90' lang='lat' dir='ltr'><strong>ac</strong></span> <span class='ocrx_word' id='word_1_38' title='bbox 995 704 1186 760; x_wconf 89' lang='lat' dir='ltr'><strong>falsam</strong></span> <span class='ocrx_word' id='word_1_39' title='bbox 1225 721 1348 763; x_wconf 88' lang='lat' dir='ltr'><strong>esse</strong></span> <span class='ocrx_word' id='word_1_40' title='bbox 1395 710 1777 776; x_wconf 68' lang='lat' dir='ltr'><strong>comprobatus.</strong></span> <span class='ocrx_word' id='word_1_41' title='bbox 1827 711 2100 766; x_wconf 77' lang='lat' dir='ltr'><strong>steriiibus</strong></span> 
     </span>
    </p>
   </div>
   <div class='ocr_carea' id='block_1_10' title="bbox 519 797 2098 870">
    <p class='ocr_par' dir='ltr' id='par_1_10' title="bbox 519 797 2098 870">
     <span class='ocr_line' id='line_1_10' title="bbox 519 797 2098 870; baseline 0.003 -20"><span class='ocrx_word' id='word_1_42' title='bbox 519 807 576 850; x_wconf 85' lang='lat' dir='ltr'><strong>et</strong></span> <span class='ocrx_word' id='word_1_43' title='bbox 609 797 676 850; x_wconf 91' lang='lat' dir='ltr'><strong>iis</strong></span> <span class='ocrx_word' id='word_1_44' title='bbox 704 797 818 866; x_wconf 88' lang='lat' dir='ltr'><strong>qui,</strong></span> <span class='ocrx_word' id='word_1_45' title='bbox 846 798 989 866; x_wconf 88' lang='lat' dir='ltr'><strong>quod</strong></span> <span class='ocrx_word' id='word_1_46' title='bbox 1012 797 1215 853; x_wconf 79' lang='lat' dir='ltr'><strong>exsecti</strong></span> <span class='ocrx_word' id='word_1_47' title='bbox 1241 799 1460 864; x_wconf 81' lang='lat' dir='ltr'><strong>fuerint,</strong></span> <span class='ocrx_word' id='word_1_48' title='bbox 1501 799 1643 855; x_wconf 78' lang='lat' dir='ltr'><strong>filios</strong></span> <span class='ocrx_word' id='word_1_49' title='bbox 1673 815 1962 870; x_wconf 79' lang='lat' dir='ltr'><strong>procreare</strong></span> <span class='ocrx_word' id='word_1_50' title='bbox 1993 816 2098 855; x_wconf 86' lang='lat' dir='ltr'><strong>non</strong></span> 
     </span>
    </p>
   </div>
   <div class='ocr_carea' id='block_1_11' title="bbox 521 887 2100 960">
    <p class='ocr_par' dir='ltr' id='par_1_11' title="bbox 521 887 2100 960">
     <span class='ocr_line' id='line_1_11' title="bbox 521 887 2100 960; baseline 0.007 -23"><span class='ocrx_word' id='word_1_51' title='bbox 521 887 721 952; x_wconf 79' lang='lat' dir='ltr'><strong>valent,</strong></span> <span class='ocrx_word' id='word_1_52' title='bbox 783 905 968 957; x_wconf 85' lang='lat' dir='ltr'><strong>parem</strong></span> <span class='ocrx_word' id='word_1_53' title='bbox 1027 892 1443 960; x_wconf 88' lang='lat' dir='ltr'><strong>promissionem</strong></span> <span class='ocrx_word' id='word_1_54' title='bbox 1509 891 1685 958; x_wconf 76' lang='lat' dir='ltr'><strong>alfert,</strong></span> <span class='ocrx_word' id='word_1_55' title='bbox 1727 907 1792 947; x_wconf 93' lang='lat' dir='ltr'><strong>ac</strong></span> <span class='ocrx_word' id='word_1_56' title='bbox 1839 892 2100 948; x_wconf 89' lang='lat' dir='ltr'><strong>eunuchis</strong></span> 
     </span>
    </p>
   </div>
   <div class='ocr_carea' id='block_1_12' title="bbox 518 980 2101 1050">
    <p class='ocr_par' dir='ltr' id='par_1_12' title="bbox 518 980 2101 1050">
     <span class='ocr_line' id='line_1_12' title="bbox 518 980 2101 1050; baseline 0.003 -15"><span class='ocrx_word' id='word_1_57' title='bbox 518 980 652 1036; x_wconf 86' lang='lat' dir='ltr'><strong>nihil</strong></span> <span class='ocrx_word' id='word_1_58' title='bbox 699 983 1087 1050; x_wconf 88' lang='lat' dir='ltr'><strong>impedimento</strong></span> <span class='ocrx_word' id='word_1_59' title='bbox 1120 983 1236 1038; x_wconf 84' lang='lat' dir='ltr'><strong>fore</strong></span> <span class='ocrx_word' id='word_1_60' title='bbox 1290 986 1388 1050; x_wconf 93' lang='lat' dir='ltr'><strong>ait,</strong></span> <span class='ocrx_word' id='word_1_61' title='bbox 1419 983 1710 1050; x_wconf 83' lang='lat' dir='ltr'><strong>quominus</strong></span> <span class='ocrx_word' id='word_1_62' title='bbox 1762 986 1900 1039; x_wconf 88' lang='lat' dir='ltr'><strong>bona</strong></span> <span class='ocrx_word' id='word_1_63' title='bbox 1929 999 1959 1037; x_wconf 93' lang='lat' dir='ltr'><strong>a</strong></span> <span class='ocrx_word' id='word_1_64' title='bbox 1996 983 2101 1039; x_wconf 86' lang='lat' dir='ltr'><strong>Deo</strong></span> 
     </span>
    </p>
   </div>
   <div class='ocr_carea' id='block_1_13' title="bbox 515 1077 2104 1146">
    <p class='ocr_par' dir='ltr' id='par_1_13' title="bbox 515 1077 2104 1146">
     <span class='ocr_line' id='line_1_13' title="bbox 515 1077 2104 1146; baseline 0.001 -18"><span class='ocrx_word' id='word_1_65' title='bbox 515 1085 942 1146; x_wconf 82' lang='lat' dir='ltr'><strong>consequantur,</strong></span> <span class='ocrx_word' id='word_1_66' title='bbox 997 1079 1122 1130; x_wconf 91' lang='lat' dir='ltr'><strong>dum</strong></span> <span class='ocrx_word' id='word_1_67' title='bbox 1153 1080 1450 1132; x_wconf 88' lang='lat' dir='ltr'><strong>secundum</strong></span> <span class='ocrx_word' id='word_1_68' title='bbox 1486 1081 1651 1134; x_wconf 90' lang='lat' dir='ltr'><strong>Deum</strong></span> <span class='ocrx_word' id='word_1_69' title='bbox 1679 1077 1860 1132; x_wconf 79' lang='lat' dir='ltr'><strong>vivere</strong></span> <span class='ocrx_word' id='word_1_70' title='bbox 1891 1078 1941 1131; x_wconf 88' lang='lat' dir='ltr'><strong>in</strong></span> <span class='ocrx_word' id='word_1_71' title='bbox 1978 1091 2104 1146; x_wconf 55' lang='lat' dir='ltr'><strong>pro.</strong></span> 
     </span>
    </p>
   </div>
   <div class='ocr_carea' id='block_1_14' title="bbox 519 1168 2100 1238">
    <p class='ocr_par' dir='ltr' id='par_1_14' title="bbox 519 1168 2100 1238">
     <span class='ocr_line' id='line_1_14' title="bbox 519 1168 2100 1238; baseline 0.002 -19"><span class='ocrx_word' id='word_1_72' title='bbox 519 1169 694 1231; x_wconf 84' lang='lat' dir='ltr'><strong>posito</strong></span> <span class='ocrx_word' id='word_1_73' title='bbox 724 1168 978 1224; x_wconf 85' lang='lat' dir='ltr'><strong>habeant.</strong></span> <span class='ocrx_word' id='word_1_74' title='bbox 1007 1168 1138 1223; x_wconf 82' lang='lat' dir='ltr'><strong>Nam</strong></span> <span class='ocrx_word' id='word_1_75' title='bbox 1184 1171 1227 1225; x_wconf 91' lang='lat' dir='ltr'><strong>si</strong></span> <span class='ocrx_word' id='word_1_76' title='bbox 1265 1171 1444 1225; x_wconf 74' lang='lat' dir='ltr'><strong>multm</strong></span> <span class='ocrx_word' id='word_1_77' title='bbox 1473 1171 1782 1227; x_wconf 76' lang='lat' dir='ltr'><strong>mansiones</strong></span> <span class='ocrx_word' id='word_1_78' title='bbox 1803 1179 1930 1224; x_wconf 90' lang='lat' dir='ltr'><strong>sunt</strong></span> <span class='ocrx_word' id='word_1_79' title='bbox 1961 1170 2100 1238; x_wconf 87' lang='lat' dir='ltr'><strong>apud</strong></span> 
     </span>
    </p>
   </div>
   <div class='ocr_carea' id='block_1_15' title="bbox 519 1259 2102 1325">
    <p class='ocr_par' dir='ltr' id='par_1_15' title="bbox 519 1259 2102 1325">
     <span class='ocr_line' id='line_1_15' title="bbox 519 1259 2102 1325; baseline 0.003 -14"><span class='ocrx_word' id='word_1_80' title='bbox 519 1259 760 1324; x_wconf 81' lang='lat' dir='ltr'><strong>Patrem,</strong></span> <span class='ocrx_word' id='word_1_81' title='bbox 805 1271 860 1315; x_wconf 89' lang='lat' dir='ltr'><strong>et</strong></span> <span class='ocrx_word' id='word_1_82' title='bbox 905 1263 953 1316; x_wconf 88' lang='lat' dir='ltr'><strong>si</strong></span> <span class='ocrx_word' id='word_1_83' title='bbox 987 1274 1070 1316; x_wconf 88' lang='lat' dir='ltr'><strong>est</strong></span> <span class='ocrx_word' id='word_1_84' title='bbox 1115 1263 1308 1317; x_wconf 84' lang='lat' dir='ltr'><strong>civitas</strong></span> <span class='ocrx_word' id='word_1_85' title='bbox 1348 1264 1438 1318; x_wconf 94' lang='lat' dir='ltr'><strong>Dei</strong></span> <span class='ocrx_word' id='word_1_86' title='bbox 1493 1263 1790 1319; x_wconf 81' lang='lat' dir='ltr'><strong>Jerusalem</strong></span> <span class='ocrx_word' id='word_1_87' title='bbox 1843 1263 2102 1325; x_wconf 65' lang='lat' dir='ltr'><strong>caelestis,</strong></span> 
     </span>
    </p>
   </div>
   <div class='ocr_carea' id='block_1_16' title="bbox 521 1350 2106 1410">
    <p class='ocr_par' dir='ltr' id='par_1_16' title="bbox 521 1350 2106 1410">
     <span class='ocr_line' id='line_1_16' title="bbox 521 1350 2106 1410; baseline 0.002 -7"><span class='ocrx_word' id='word_1_88' title='bbox 521 1352 670 1405; x_wconf 59' lang='lat' dir='ltr'><strong>locus</strong></span> <span class='ocrx_word' id='word_1_89' title='bbox 694 1350 797 1406; x_wconf 85' lang='lat' dir='ltr'><strong>illis</strong></span> <span class='ocrx_word' id='word_1_90' title='bbox 828 1353 969 1406; x_wconf 91' lang='lat' dir='ltr'><strong>intra</strong></span> <span class='ocrx_word' id='word_1_91' title='bbox 994 1354 1211 1408; x_wconf 80' lang='lat' dir='ltr'><strong>domum</strong></span> <span class='ocrx_word' id='word_1_92' title='bbox 1246 1355 1340 1410; x_wconf 86' lang='lat' dir='ltr'><strong>Dei</strong></span> <span class='ocrx_word' id='word_1_93' title='bbox 1383 1355 1434 1408; x_wconf 90' lang='lat' dir='ltr'><strong>in</strong></span> <span class='ocrx_word' id='word_1_94' title='bbox 1462 1355 1644 1410; x_wconf 88' lang='lat' dir='ltr'><strong>multis</strong></span> <span class='ocrx_word' id='word_1_95' title='bbox 1683 1356 1787 1410; x_wconf 89' lang='lat' dir='ltr'><strong>illis</strong></span> <span class='ocrx_word' id='word_1_96' title='bbox 1815 1355 2106 1410; x_wconf 75' lang='lat' dir='ltr'><strong>mansimii-</strong></span> 
     </span>
    </p>
   </div>
   <div class='ocr_carea' id='block_1_17' title="bbox 522 1445 2106 1517">
    <p class='ocr_par' dir='ltr' id='par_1_17' title="bbox 522 1445 2106 1517">
     <span class='ocr_line' id='line_1_17' title="bbox 522 1445 2106 1517; baseline 0.001 -19"><span class='ocrx_word' id='word_1_97' title='bbox 522 1447 644 1508; x_wconf 80' lang='lat' dir='ltr'><strong>bus,</strong></span> <span class='ocrx_word' id='word_1_98' title='bbox 677 1459 741 1500; x_wconf 87' lang='lat' dir='ltr'><strong>ac</strong></span> <span class='ocrx_word' id='word_1_99' title='bbox 775 1445 942 1498; x_wconf 89' lang='lat' dir='ltr'><strong>etiam</strong></span> <span class='ocrx_word' id='word_1_100' title='bbox 994 1445 1128 1516; x_wconf 85' lang='lat' dir='ltr'><strong>ipsis</strong></span> <span class='ocrx_word' id='word_1_101' title='bbox 1169 1449 1478 1502; x_wconf 81' lang='lat' dir='ltr'><strong>mansiones</strong></span> <span class='ocrx_word' id='word_1_102' title='bbox 1531 1449 1824 1512; x_wconf 88' lang='lat' dir='ltr'><strong>dabuntur,</strong></span> <span class='ocrx_word' id='word_1_103' title='bbox 1871 1457 1925 1502; x_wconf 86' lang='lat' dir='ltr'><strong>et</strong></span> <span class='ocrx_word' id='word_1_104' title='bbox 1981 1461 2106 1517; x_wconf 88' lang='lat' dir='ltr'><strong>por-</strong></span> 
     </span>
    </p>
   </div>
   <div class='ocr_carea' id='block_1_18' title="bbox 523 1538 2103 1596">
    <p class='ocr_par' dir='ltr' id='par_1_18' title="bbox 523 1538 2103 1596">
     <span class='ocr_line' id='line_1_18' title="bbox 523 1538 2103 1596; baseline -0.001 -5"><span class='ocrx_word' id='word_1_105' title='bbox 523 1539 720 1592; x_wconf 66' lang='lat' dir='ltr'><strong>tionem</strong></span> <span class='ocrx_word' id='word_1_106' title='bbox 741 1538 1020 1592; x_wconf 81' lang='lat' dir='ltr'><strong>habebunt</strong></span> <span class='ocrx_word' id='word_1_107' title='bbox 1047 1539 1191 1593; x_wconf 89' lang='lat' dir='ltr'><strong>intra</strong></span> <span class='ocrx_word' id='word_1_108' title='bbox 1221 1556 1434 1593; x_wconf 91' lang='lat' dir='ltr'><strong>murum</strong></span> <span class='ocrx_word' id='word_1_109' title='bbox 1461 1541 1700 1596; x_wconf 74' lang='lat' dir='ltr'><strong>cmlestis</strong></span> <span class='ocrx_word' id='word_1_110' title='bbox 1725 1540 1816 1594; x_wconf 87' lang='lat' dir='ltr'><strong>Dei</strong></span> <span class='ocrx_word' id='word_1_111' title='bbox 1849 1539 2103 1595; x_wconf 73' lang='lat' dir='ltr'><strong>civitatis.</strong></span> 
     </span>
    </p>
   </div>
   <div class='ocr_carea' id='block_1_19' title="bbox 588 1628 2106 1702">
    <p class='ocr_par' dir='ltr' id='par_1_19' title="bbox 588 1628 2106 1702">
     <span class='ocr_line' id='line_1_19' title="bbox 588 1628 2106 1702; baseline 0 -18"><span class='ocrx_word' id='word_1_112' title='bbox 588 1628 757 1684; x_wconf 78' lang='lat' dir='ltr'><strong>Vens.</strong></span> <span class='ocrx_word' id='word_1_113' title='bbox 776 1631 828 1696; x_wconf 88' lang='lat'><strong>6,</strong></span> <span class='ocrx_word' id='word_1_114' title='bbox 847 1630 902 1686; x_wconf 90' lang='lat'><strong>7.</strong></span> <span class='ocrx_word' id='word_1_115' title='bbox 925 1650 943 1683; x_wconf 79' lang='grc' dir='ltr'><strong>ι</strong></span> <span class='ocrx_word' id='word_1_116' title='bbox 969 1630 1033 1684; x_wconf 86' lang='grc' dir='ltr'>Ει</span> <span class='ocrx_word' id='word_1_117' title='bbox 1051 1632 1391 1701; x_wconf 80' lang='lat' dir='ltr'><strong>alienigenis,</strong></span> <span class='ocrx_word' id='word_1_118' title='bbox 1411 1633 1499 1702; x_wconf 90' lang='lat' dir='ltr'><strong>qui</strong></span> <span class='ocrx_word' id='word_1_119' title='bbox 1518 1633 1716 1688; x_wconf 90' lang='lat' dir='ltr'><strong>addicti</strong></span> <span class='ocrx_word' id='word_1_120' title='bbox 1733 1641 1860 1687; x_wconf 90' lang='lat' dir='ltr'><strong>sunt</strong></span> <span class='ocrx_word' id='word_1_121' title='bbox 1881 1631 2106 1686; x_wconf 89' lang='lat' dir='ltr'><strong>Domino</strong></span> 
     </span>
    </p>
   </div>
   <div class='ocr_carea' id='block_1_20' title="bbox 523 1721 2106 1803">
    <p class='ocr_par' dir='ltr' id='par_1_20' title="bbox 523 1721 2106 1803">
     <span class='ocr_line' id='line_1_20' title="bbox 523 1721 2106 1803; baseline -0.001 -27"><span class='ocrx_word' id='word_1_122' title='bbox 523 1733 578 1777; x_wconf 89' lang='lat' dir='ltr'><strong>nt</strong></span> <span class='ocrx_word' id='word_1_123' title='bbox 609 1723 847 1778; x_wconf 82' lang='lat' dir='ltr'><strong>serviant</strong></span> <span class='ocrx_word' id='word_1_124' title='bbox 879 1723 950 1788; x_wconf 89' lang='lat' dir='ltr'><strong>ei,</strong></span> <span class='ocrx_word' id='word_1_125' title='bbox 973 1733 1026 1777; x_wconf 90' lang='lat' dir='ltr'><strong>et</strong></span> <span class='ocrx_word' id='word_1_126' title='bbox 1057 1724 1278 1803; x_wconf 70' lang='lat' dir='ltr'><strong>diligant</strong></span> <span class='ocrx_word' id='word_1_127' title='bbox 1311 1741 1503 1779; x_wconf 71' lang='lat' dir='ltr'><strong>nomen</strong></span> <span class='ocrx_word' id='word_1_128' title='bbox 1535 1725 1768 1789; x_wconf 89' lang='lat' dir='ltr'><strong>Domini,</strong></span> <span class='ocrx_word' id='word_1_129' title='bbox 1805 1734 1861 1778; x_wconf 89' lang='lat' dir='ltr'><strong>ut</strong></span> <span class='ocrx_word' id='word_1_130' title='bbox 1898 1725 2004 1778; x_wconf 87' lang='lat' dir='ltr'><strong>sint</strong></span> <span class='ocrx_word' id='word_1_131' title='bbox 2056 1721 2106 1776; x_wconf 87' lang='lat' dir='ltr'><strong>ei</strong></span> 
     </span>
    </p>
   </div>
   <div class='ocr_carea' id='block_1_21' title="bbox 2201 525 3772 598">
    <p class='ocr_par' dir='ltr' id='par_1_21' title="bbox 2201 525 3772 598">
     <span class='ocr_line' id='line_1_21' title="bbox 2201 525 3772 598; baseline 0 -19"><span class='ocrx_word' id='word_1_132' title='bbox 2201 527 2390 598; x_wconf 89' lang='grc' dir='ltr'>μισθόν</span> <span class='ocrx_word' id='word_1_133' title='bbox 2438 544 2500 580; x_wconf 84' lang='grc' dir='ltr'><strong>τε</strong></span> <span class='ocrx_word' id='word_1_134' title='bbox 2532 527 2626 580; x_wconf 74' lang='grc' dir='ltr'>καὶ</span> <span class='ocrx_word' id='word_1_135' title='bbox 2658 526 2869 597; x_wconf 83' lang='grc' dir='ltr'>καρπὸν</span> <span class='ocrx_word' id='word_1_136' title='bbox 2911 525 3220 590; x_wconf 81' lang='grc' dir='ltr'>θεοσεϐείας</span> <span class='ocrx_word' id='word_1_137' title='bbox 3260 527 3361 597; x_wconf 83' lang='grc' dir='ltr'>τὴν</span> <span class='ocrx_word' id='word_1_138' title='bbox 3418 525 3772 580; x_wconf 81' lang='grc' dir='ltr'>πολυτεκνίαν</span> 
     </span>
    </p>
   </div>
   <div class='ocr_carea' id='block_1_22' title="bbox 2199 618 3774 691">
    <p class='ocr_par' dir='ltr' id='par_1_22' title="bbox 2199 618 3774 691">
     <span class='ocr_line' id='line_1_22' title="bbox 2199 618 3774 691; baseline 0 -19"><span class='ocrx_word' id='word_1_139' title='bbox 2199 618 2694 691; x_wconf 79' lang='grc' dir='ltr'>ὑπολαμϐάνοντες,</span> <span class='ocrx_word' id='word_1_140' title='bbox 2732 619 3071 673; x_wconf 83' lang='grc' dir='ltr'><strong>ἀναστέλλων</strong></span> <span class='ocrx_word' id='word_1_141' title='bbox 3099 619 3277 673; x_wconf 88' lang='grc' dir='ltr'>αὑτῶν</span> <span class='ocrx_word' id='word_1_142' title='bbox 3313 620 3407 673; x_wconf 75' lang='grc' dir='ltr'>καὶ</span> <span class='ocrx_word' id='word_1_143' title='bbox 3435 619 3643 688; x_wconf 82' lang='grc' dir='ltr'>ταύτην.</span> <span class='ocrx_word' id='word_1_144' title='bbox 3671 620 3774 691; x_wconf 78' lang='grc' dir='ltr'>τὴν</span> 
     </span>
    </p>
   </div>
   <div class='ocr_carea' id='block_1_23' title="bbox 2197 708 3774 784">
    <p class='ocr_par' dir='ltr' id='par_1_23' title="bbox 2197 708 3774 784">
     <span class='ocr_line' id='line_1_23' title="bbox 2197 708 3774 784; baseline 0 -20"><span class='ocrx_word' id='word_1_145' title='bbox 2197 710 2376 778; x_wconf 86' lang='grc' dir='ltr'>δόξαν,</span> <span class='ocrx_word' id='word_1_146' title='bbox 2408 713 2752 784; x_wconf 81' lang='grc' dir='ltr'>ὲσφαλμένην</span> <span class='ocrx_word' id='word_1_147' title='bbox 2785 729 2844 765; x_wconf 89' lang='grc' dir='ltr'><strong>τε</strong></span> <span class='ocrx_word' id='word_1_148' title='bbox 2887 708 3052 765; x_wconf 78' lang='grc' dir='ltr'>οὖσαν</span> <span class='ocrx_word' id='word_1_149' title='bbox 3103 710 3360 782; x_wconf 76' lang='grc' dir='ltr'><strong>ἐλέγχων,</strong></span> <span class='ocrx_word' id='word_1_150' title='bbox 3402 714 3512 776; x_wconf 89' lang='grc' dir='ltr'>τοῖς</span> <span class='ocrx_word' id='word_1_151' title='bbox 3559 711 3774 780; x_wconf 76' lang='grc' dir='ltr'><strong>ἀγόνοις</strong></span> 
     </span>
    </p>
   </div>
   <div class='ocr_carea' id='block_1_24' title="bbox 2201 801 3771 876">
    <p class='ocr_par' dir='ltr' id='par_1_24' title="bbox 2201 801 3771 876">
     <span class='ocr_line' id='line_1_24' title="bbox 2201 801 3771 876; baseline 0 -20"><span class='ocrx_word' id='word_1_152' title='bbox 2201 803 2402 876; x_wconf 75' lang='grc' dir='ltr'>καὶμὴ</span> <span class='ocrx_word' id='word_1_153' title='bbox 2445 804 2690 868; x_wconf 80' lang='grc' dir='ltr'><strong>δυνατοῖς</strong></span> <span class='ocrx_word' id='word_1_154' title='bbox 2743 803 3097 868; x_wconf 81' lang='grc' dir='ltr'>παιδοποιεῖν,</span> <span class='ocrx_word' id='word_1_155' title='bbox 3131 802 3220 856; x_wconf 75' lang='grc' dir='ltr'>διὰ</span> <span class='ocrx_word' id='word_1_156' title='bbox 3272 803 3331 856; x_wconf 86' lang='grc' dir='ltr'>τὺ</span> <span class='ocrx_word' id='word_1_157' title='bbox 3384 801 3771 874; x_wconf 77' lang='grc' dir='ltr'>ἐκτετμῆσθαι,</span> 
     </span>
    </p>
   </div>
   <div class='ocr_carea' id='block_1_25' title="bbox 2199 893 3776 966">
    <p class='ocr_par' dir='ltr' id='par_1_25' title="bbox 2199 893 3776 966">
     <span class='ocr_line' id='line_1_25' title="bbox 2199 893 3776 966; baseline -0.001 -18"><span class='ocrx_word' id='word_1_158' title='bbox 2199 896 2299 966; x_wconf 83' lang='grc' dir='ltr'><strong>τὴν</strong></span> <span class='ocrx_word' id='word_1_159' title='bbox 2332 895 2453 964; x_wconf 81' lang='grc' dir='ltr'>ίσην</span> <span class='ocrx_word' id='word_1_160' title='bbox 2516 896 2853 966; x_wconf 90' lang='grc' dir='ltr'>ὑπισχνεῖται</span> <span class='ocrx_word' id='word_1_161' title='bbox 2913 894 3262 964; x_wconf 74' lang='grc' dir='ltr'>ἐπαγγελίαν,</span> <span class='ocrx_word' id='word_1_162' title='bbox 3317 895 3479 966; x_wconf 81' lang='grc' dir='ltr'>μηδὲν</span> <span class='ocrx_word' id='word_1_163' title='bbox 3524 893 3776 965; x_wconf 54' lang='lat' dir='ltr'><strong>simodo!</strong></span> 
     </span>
    </p>
   </div>
   <div class='ocr_carea' id='block_1_26' title="bbox 2201 987 3775 1060">
    <p class='ocr_par' dir='ltr' id='par_1_26' title="bbox 2201 987 3775 1060">
     <span class='ocr_line' id='line_1_26' title="bbox 2201 987 3775 1060; baseline 0.003 -20"><span class='ocrx_word' id='word_1_164' title='bbox 2201 987 2424 1043; x_wconf 76' lang='grc' dir='ltr'>ἔσεσθαι</span> <span class='ocrx_word' id='word_1_165' title='bbox 2439 992 2552 1054; x_wconf 88' lang='grc' dir='ltr'>τοῖς</span> <span class='ocrx_word' id='word_1_166' title='bbox 2586 989 2861 1060; x_wconf 80' lang='grc' dir='ltr'>εὐνούχοις</span> <span class='ocrx_word' id='word_1_167' title='bbox 2885 990 3108 1058; x_wconf 85' lang='grc' dir='ltr'>φάσκων</span> <span class='ocrx_word' id='word_1_168' title='bbox 3160 988 3296 1060; x_wconf 82' lang='grc' dir='ltr'>πρὸς</span> <span class='ocrx_word' id='word_1_169' title='bbox 3322 987 3383 1042; x_wconf 84' lang='grc' dir='ltr'><strong>τὸ</strong></span> <span class='ocrx_word' id='word_1_170' title='bbox 3442 990 3620 1059; x_wconf 84' lang='grc' dir='ltr'>τυχεῖν</span> <span class='ocrx_word' id='word_1_171' title='bbox 3664 987 3775 1045; x_wconf 76' lang='grc' dir='ltr'><strong>τῶν</strong></span> 
     </span>
    </p>
   </div>
   <div class='ocr_carea' id='block_1_27' title="bbox 2205 1077 3774 1153">
    <p class='ocr_par' dir='ltr' id='par_1_27' title="bbox 2205 1077 3774 1153">
     <span class='ocr_line' id='line_1_27' title="bbox 2205 1077 3774 1153; baseline -0.002 -18"><span class='ocrx_word' id='word_1_172' title='bbox 2205 1081 2355 1153; x_wconf 83' lang='grc' dir='ltr'><strong>παρά</strong></span> <span class='ocrx_word' id='word_1_173' title='bbox 2377 1080 2512 1134; x_wconf 83' lang='grc' dir='ltr'>Θεοῦ</span> <span class='ocrx_word' id='word_1_174' title='bbox 2537 1081 2776 1151; x_wconf 81' lang='grc' dir='ltr'>ἀγαθῶν,</span> <span class='ocrx_word' id='word_1_175' title='bbox 2813 1082 2860 1134; x_wconf 89' lang='grc' dir='ltr'><strong>εί</strong></span> <span class='ocrx_word' id='word_1_176' title='bbox 2895 1079 2992 1152; x_wconf 77' lang='grc' dir='ltr'><strong>ζῇν</strong></span> <span class='ocrx_word' id='word_1_177' title='bbox 3021 1079 3164 1134; x_wconf 86' lang='grc' dir='ltr'><strong>κατά</strong></span> <span class='ocrx_word' id='word_1_178' title='bbox 3190 1079 3321 1132; x_wconf 79' lang='grc' dir='ltr'>Θεὸν</span> <span class='ocrx_word' id='word_1_179' title='bbox 3350 1078 3672 1151; x_wconf 83' lang='grc' dir='ltr'>προέλοιντο.</span> <span class='ocrx_word' id='word_1_180' title='bbox 3706 1077 3774 1132; x_wconf 67' lang='grc' dir='ltr'><strong><em>Η</em></strong></span> 
     </span>
    </p>
   </div>
   <div class='ocr_carea' id='block_1_28' title="bbox 2208 1171 3776 1247">
    <p class='ocr_par' dir='ltr' id='par_1_28' title="bbox 2208 1171 3776 1247">
     <span class='ocr_line' id='line_1_28' title="bbox 2208 1171 3776 1247; baseline -0.002 -19"><span class='ocrx_word' id='word_1_181' title='bbox 2208 1175 2317 1246; x_wconf 82' lang='grc' dir='ltr'>γὰρ</span> <span class='ocrx_word' id='word_1_182' title='bbox 2373 1174 2564 1228; x_wconf 81' lang='grc' dir='ltr'>πολλαὶ</span> <span class='ocrx_word' id='word_1_183' title='bbox 2619 1176 2774 1244; x_wconf 77' lang='grc' dir='ltr'>μοναὶ</span> <span class='ocrx_word' id='word_1_184' title='bbox 2815 1175 2962 1247; x_wconf 87' lang='grc' dir='ltr'><strong>παρά</strong></span> <span class='ocrx_word' id='word_1_185' title='bbox 2995 1174 3072 1246; x_wconf 81' lang='grc' dir='ltr'>τῷ</span> <span class='ocrx_word' id='word_1_186' title='bbox 3104 1174 3300 1246; x_wconf 73' lang='grc' dir='ltr'>Πατρὶ,</span> <span class='ocrx_word' id='word_1_187' title='bbox 3332 1171 3429 1226; x_wconf 71' lang='grc' dir='ltr'><strong>καὶ</strong></span> <span class='ocrx_word' id='word_1_188' title='bbox 3468 1172 3582 1226; x_wconf 78' lang='grc' dir='ltr'>ἐστι</span> <span class='ocrx_word' id='word_1_189' title='bbox 3619 1172 3776 1236; x_wconf 85' lang='grc' dir='ltr'>πόλις</span> 
     </span>
    </p>
   </div>
   <div class='ocr_carea' id='block_1_29' title="bbox 2205 1263 3776 1337">
    <p class='ocr_par' dir='ltr' id='par_1_29' title="bbox 2205 1263 3776 1337">
     <span class='ocr_line' id='line_1_29' title="bbox 2205 1263 3776 1337; baseline -0.002 -19"><span class='ocrx_word' id='word_1_190' title='bbox 2205 1265 2338 1318; x_wconf 81' lang='grc' dir='ltr'>Θεοῦ</span> <span class='ocrx_word' id='word_1_191' title='bbox 2391 1265 2810 1337; x_wconf 77' lang='grc' dir='ltr'>Ἰερουσαλὴμή</span> <span class='ocrx_word' id='word_1_192' title='bbox 2867 1266 3206 1336; x_wconf 78' lang='grc' dir='ltr'>ἐπουράνιος,</span> <span class='ocrx_word' id='word_1_193' title='bbox 3239 1264 3333 1317; x_wconf 72' lang='grc' dir='ltr'>καὶ</span> <span class='ocrx_word' id='word_1_194' title='bbox 3391 1263 3550 1327; x_wconf 89' lang='grc' dir='ltr'>τόπος</span> <span class='ocrx_word' id='word_1_195' title='bbox 3594 1263 3776 1326; x_wconf 87' lang='grc' dir='ltr'>αὑτοῖς</span> 
     </span>
    </p>
   </div>
   <div class='ocr_carea' id='block_1_30' title="bbox 2205 1355 3780 1427">
    <p class='ocr_par' dir='ltr' id='par_1_30' title="bbox 2205 1355 3780 1427">
     <span class='ocr_line' id='line_1_30' title="bbox 2205 1355 3780 1427; baseline 0.001 -17"><span class='ocrx_word' id='word_1_196' title='bbox 2205 1356 2336 1411; x_wconf 85' lang='grc' dir='ltr'>εἴσω</span> <span class='ocrx_word' id='word_1_197' title='bbox 2367 1357 2462 1410; x_wconf 89' lang='grc' dir='ltr'><strong>τοῦ</strong></span> <span class='ocrx_word' id='word_1_198' title='bbox 2494 1358 2644 1412; x_wconf 72' lang='grc' dir='ltr'>οἴκου</span> <span class='ocrx_word' id='word_1_199' title='bbox 2670 1357 2763 1411; x_wconf 86' lang='grc' dir='ltr'><strong>τοῦ</strong></span> <span class='ocrx_word' id='word_1_200' title='bbox 2798 1357 2931 1411; x_wconf 78' lang='grc' dir='ltr'>Θεοῦ</span> <span class='ocrx_word' id='word_1_201' title='bbox 2960 1361 3018 1412; x_wconf 84' lang='grc' dir='ltr'>ὲν</span> <span class='ocrx_word' id='word_1_202' title='bbox 3047 1361 3168 1422; x_wconf 90' lang='grc' dir='ltr'>ταῖς</span> <span class='ocrx_word' id='word_1_203' title='bbox 3195 1355 3415 1419; x_wconf 89' lang='grc' dir='ltr'>πολλαῖς</span> <span class='ocrx_word' id='word_1_204' title='bbox 3447 1359 3651 1427; x_wconf 87' lang='grc' dir='ltr'>μοναῖς,</span> <span class='ocrx_word' id='word_1_205' title='bbox 3683 1355 3780 1412; x_wconf 71' lang='grc' dir='ltr'>καὶ</span> 
     </span>
    </p>
   </div>
   <div class='ocr_carea' id='block_1_31' title="bbox 2209 1447 3781 1521">
    <p class='ocr_par' dir='ltr' id='par_1_31' title="bbox 2209 1447 3781 1521">
     <span class='ocr_line' id='line_1_31' title="bbox 2209 1447 3781 1521; baseline -0.001 -20"><span class='ocrx_word' id='word_1_206' title='bbox 2209 1449 2363 1519; x_wconf 68' lang='grc' dir='ltr'>μοναὶ</span> <span class='ocrx_word' id='word_1_207' title='bbox 2395 1447 2731 1519; x_wconf 82' lang='grc' dir='ltr'>δοθήσονται,</span> <span class='ocrx_word' id='word_1_208' title='bbox 2757 1449 2851 1502; x_wconf 79' lang='grc' dir='ltr'><strong>καὶ</strong></span> <span class='ocrx_word' id='word_1_209' title='bbox 2885 1450 3040 1520; x_wconf 82' lang='grc' dir='ltr'>μερὶς</span> <span class='ocrx_word' id='word_1_210' title='bbox 3067 1450 3124 1502; x_wconf 79' lang='grc' dir='ltr'>ὲν</span> <span class='ocrx_word' id='word_1_211' title='bbox 3161 1449 3238 1521; x_wconf 80' lang='grc' dir='ltr'><strong>τῷ</strong></span> <span class='ocrx_word' id='word_1_212' title='bbox 3267 1447 3434 1519; x_wconf 84' lang='grc' dir='ltr'>τείχει</span> <span class='ocrx_word' id='word_1_213' title='bbox 3486 1447 3585 1518; x_wconf 80' lang='grc' dir='ltr'>τῆς</span> <span class='ocrx_word' id='word_1_214' title='bbox 3617 1449 3781 1500; x_wconf 84' lang='grc' dir='ltr'>ὲπου-</span> 
     </span>
    </p>
   </div>
   <div class='ocr_carea' id='block_1_32' title="bbox 2215 1538 2920 1612">
    <p class='ocr_par' dir='ltr' id='par_1_32' title="bbox 2215 1538 2920 1612">
     <span class='ocr_line' id='line_1_32' title="bbox 2215 1538 2920 1612; baseline 0.001 -19"><span class='ocrx_word' id='word_1_215' title='bbox 2215 1540 2395 1612; x_wconf 89' lang='grc' dir='ltr'>ρανίου</span> <span class='ocrx_word' id='word_1_216' title='bbox 2427 1539 2521 1594; x_wconf 89' lang='grc' dir='ltr'><strong>τοῦ</strong></span> <span class='ocrx_word' id='word_1_217' title='bbox 2543 1538 2676 1594; x_wconf 88' lang='grc' dir='ltr'>Θεοῦ</span> <span class='ocrx_word' id='word_1_218' title='bbox 2696 1539 2920 1604; x_wconf 91' lang='grc' dir='ltr'>πόλεως.</span> 
     </span>
    </p>
   </div>
   <div class='ocr_carea' id='block_1_33' title="bbox 2273 1631 3786 1704">
    <p class='ocr_par' dir='ltr' id='par_1_33' title="bbox 2273 1631 3786 1704">
     <span class='ocr_line' id='line_1_33' title="bbox 2273 1631 3786 1704; baseline 0 -20"><span class='ocrx_word' id='word_1_219' title='bbox 2273 1651 2290 1684; x_wconf 83' lang='grc' dir='ltr'><strong>ι</strong></span> <span class='ocrx_word' id='word_1_220' title='bbox 2327 1634 2440 1687; x_wconf 79' lang='grc' dir='ltr'><strong>Καὶ</strong></span> <span class='ocrx_word' id='word_1_221' title='bbox 2487 1635 2600 1696; x_wconf 85' lang='grc' dir='ltr'>τοῖς</span> <span class='ocrx_word' id='word_1_222' title='bbox 2656 1633 2964 1703; x_wconf 87' lang='grc' dir='ltr'>ἀλλογενέσι</span> <span class='ocrx_word' id='word_1_223' title='bbox 3003 1634 3114 1697; x_wconf 86' lang='grc' dir='ltr'>τοῖς</span> <span class='ocrx_word' id='word_1_224' title='bbox 3157 1631 3535 1704; x_wconf 76' lang='grc' dir='ltr'>προκειμένας</span> <span class='ocrx_word' id='word_1_225' title='bbox 3591 1631 3786 1703; x_wconf 73' lang='grc' dir='ltr'>Κυρίῳ</span> 
     </span>
    </p>
   </div>
   <div class='ocr_carea' id='block_1_34' title="bbox 2211 1723 3782 1799">
    <p class='ocr_par' dir='ltr' id='par_1_34' title="bbox 2211 1723 3782 1799">
     <span class='ocr_line' id='line_1_34' title="bbox 2211 1723 3782 1799; baseline -0.002 -18"><span class='ocrx_word' id='word_1_226' title='bbox 2211 1727 2480 1781; x_wconf 80' lang='grc' dir='ltr'>δουλεύειν</span> <span class='ocrx_word' id='word_1_227' title='bbox 2507 1727 2675 1798; x_wconf 85' lang='grc' dir='ltr'>αὑτῷ,</span> <span class='ocrx_word' id='word_1_228' title='bbox 2700 1729 2793 1782; x_wconf 72' lang='grc' dir='ltr'><strong>καὶ</strong></span> <span class='ocrx_word' id='word_1_229' title='bbox 2827 1727 3044 1799; x_wconf 79' lang='grc' dir='ltr'>ἀγαπᾷν</span> <span class='ocrx_word' id='word_1_230' title='bbox 3087 1726 3149 1780; x_wconf 78' lang='grc' dir='ltr'>τὸ</span> <span class='ocrx_word' id='word_1_231' title='bbox 3202 1726 3373 1798; x_wconf 76' lang='grc' dir='ltr'>ὄνομα</span> <span class='ocrx_word' id='word_1_232' title='bbox 3407 1726 3632 1798; x_wconf 88' lang='grc' dir='ltr'>Κυρίου,</span> <span class='ocrx_word' id='word_1_233' title='bbox 3683 1723 3782 1778; x_wconf 80' lang='grc' dir='ltr'><strong>τοῦ</strong></span> 
     </span>
    </p>
   </div>
   <div class='ocr_carea' id='block_1_35' title="bbox 525 1812 2118 1890">
    <p class='ocr_par' dir='ltr' id='par_1_35' title="bbox 525 1815 2108 1886">
     <span class='ocr_line' id='line_1_35' title="bbox 525 1815 2108 1886; baseline -0.001 -17"><span class='ocrx_word' id='word_1_234' title='bbox 525 1818 574 1870; x_wconf 90' lang='lat' dir='ltr'><strong>in</strong></span> <span class='ocrx_word' id='word_1_235' title='bbox 611 1830 798 1871; x_wconf 87' lang='lat' dir='ltr'><strong>servos</strong></span> <span class='ocrx_word' id='word_1_236' title='bbox 841 1825 896 1871; x_wconf 91' lang='lat' dir='ltr'><strong>et</strong></span> <span class='ocrx_word' id='word_1_237' title='bbox 946 1816 1178 1870; x_wconf 85' lang='lat' dir='ltr'><strong>ancillas</strong></span> <span class='ocrx_word' id='word_1_238' title='bbox 1204 1832 1218 1868; x_wconf 89' lang='lat'><strong>:</strong></span> <span class='ocrx_word' id='word_1_239' title='bbox 1244 1825 1297 1870; x_wconf 87' lang='lat' dir='ltr'><strong>et</strong></span> <span class='ocrx_word' id='word_1_240' title='bbox 1323 1817 1576 1871; x_wconf 88' lang='lat' dir='ltr'><strong>omnibus</strong></span> <span class='ocrx_word' id='word_1_241' title='bbox 1602 1818 1693 1886; x_wconf 88' lang='lat' dir='ltr'><strong>qui</strong></span> <span class='ocrx_word' id='word_1_242' title='bbox 1723 1822 1942 1870; x_wconf 86' lang='lat' dir='ltr'><strong>servant</strong></span> <span class='ocrx_word' id='word_1_243' title='bbox 1972 1815 2108 1868; x_wconf 82' lang='lat' dir='ltr'><strong>Sab-</strong></span> 
     </span>
    </p>
   </div>
   <div class='ocr_carea' id='block_1_36' title="bbox 2222 1812 3788 1890">
    <p class='ocr_par' dir='ltr' id='par_1_36' title="bbox 2222 1815 3788 1890">
     <span class='ocr_line' id='line_1_36' title="bbox 2222 1815 3788 1890; baseline -0.002 -18"><span class='ocrx_word' id='word_1_244' title='bbox 2222 1815 2348 1873; x_wconf 75' lang='grc' dir='ltr'>εἶναι</span> <span class='ocrx_word' id='word_1_245' title='bbox 2385 1818 2531 1890; x_wconf 83' lang='grc' dir='ltr'>αὑτῷ</span> <span class='ocrx_word' id='word_1_246' title='bbox 2565 1820 2646 1882; x_wconf 85' lang='grc' dir='ltr'><strong>είς</strong></span> <span class='ocrx_word' id='word_1_247' title='bbox 2680 1818 2897 1881; x_wconf 81' lang='grc' dir='ltr'>δούλους</span> <span class='ocrx_word' id='word_1_248' title='bbox 2917 1819 3012 1872; x_wconf 75' lang='grc' dir='ltr'><strong>καὶ</strong></span> <span class='ocrx_word' id='word_1_249' title='bbox 3039 1817 3261 1882; x_wconf 81' lang='grc' dir='ltr'>δούλας·</span> <span class='ocrx_word' id='word_1_250' title='bbox 3298 1817 3392 1870; x_wconf 80' lang='grc' dir='ltr'>καὶ</span> <span class='ocrx_word' id='word_1_251' title='bbox 3424 1817 3628 1879; x_wconf 79' lang='grc' dir='ltr'>πάντας</span> <span class='ocrx_word' id='word_1_252' title='bbox 3657 1818 3788 1879; x_wconf 81' lang='grc' dir='ltr'>τοὺς</span> 
     </span>
    </p>
   </div>
   <div class='ocr_carea' id='block_1_37' title="bbox 525 1904 2110 1978">
    <p class='ocr_par' dir='ltr' id='par_1_37' title="bbox 525 1904 2110 1978">
     <span class='ocr_line' id='line_1_37' title="bbox 525 1904 2110 1978; baseline -0.004 -14"><span class='ocrx_word' id='word_1_253' title='bbox 525 1911 645 1964; x_wconf 84' lang='lat' dir='ltr'><strong>bata</strong></span> <span class='ocrx_word' id='word_1_254' title='bbox 689 1925 830 1975; x_wconf 90' lang='lat' dir='ltr'><strong>mea,</strong></span> <span class='ocrx_word' id='word_1_255' title='bbox 872 1923 942 1964; x_wconf 87' lang='lat' dir='ltr'><strong>ne</strong></span> <span class='ocrx_word' id='word_1_256' title='bbox 971 1908 1250 1978; x_wconf 87' lang='lat' dir='ltr'><strong>profanent</strong></span> <span class='ocrx_word' id='word_1_257' title='bbox 1281 1924 1366 1974; x_wconf 82' lang='lat' dir='ltr'><strong>ea,</strong></span> <span class='ocrx_word' id='word_1_258' title='bbox 1401 1920 1453 1962; x_wconf 88' lang='lat' dir='ltr'><strong>et</strong></span> <span class='ocrx_word' id='word_1_259' title='bbox 1474 1908 1562 1978; x_wconf 90' lang='lat' dir='ltr'><strong>qui</strong></span> <span class='ocrx_word' id='word_1_260' title='bbox 1598 1910 1894 1963; x_wconf 83' lang='lat' dir='ltr'><strong>observant</strong></span> <span class='ocrx_word' id='word_1_261' title='bbox 1923 1904 2110 1958; x_wconf 85' lang='lat' dir='ltr'><strong>Testa-</strong></span> 
     </span>
    </p>
   </div>
   <div class='ocr_carea' id='block_1_38' title="bbox 527 2000 2109 2066">
    <p class='ocr_par' dir='ltr' id='par_1_38' title="bbox 527 2000 2109 2066">
     <span class='ocr_line' id='line_1_38' title="bbox 527 2000 2109 2066; baseline -0.003 -12"><span class='ocrx_word' id='word_1_262' title='bbox 527 2013 764 2057; x_wconf 82' lang='lat' dir='ltr'><strong>mentum</strong></span> <span class='ocrx_word' id='word_1_263' title='bbox 801 2017 1020 2066; x_wconf 91' lang='lat' dir='ltr'><strong>meum,</strong></span> <span class='ocrx_word' id='word_1_264' title='bbox 1058 2001 1305 2056; x_wconf 82' lang='lat' dir='ltr'><strong>inducam</strong></span> <span class='ocrx_word' id='word_1_265' title='bbox 1338 2017 1432 2056; x_wconf 90' lang='lat' dir='ltr'><strong>eos</strong></span> <span class='ocrx_word' id='word_1_266' title='bbox 1461 2000 1514 2054; x_wconf 92' lang='lat' dir='ltr'><strong>in</strong></span> <span class='ocrx_word' id='word_1_267' title='bbox 1565 2010 1806 2054; x_wconf 87' lang='lat' dir='ltr'><strong>montem</strong></span> <span class='ocrx_word' id='word_1_268' title='bbox 1866 2007 2109 2052; x_wconf 88' lang='lat' dir='ltr'><strong>sanctum</strong></span> 
     </span>
    </p>
   </div>
   <div class='ocr_carea' id='block_1_39' title="bbox 527 2088 2110 2164">
    <p class='ocr_par' dir='ltr' id='par_1_39' title="bbox 527 2088 2110 2164">
     <span class='ocr_line' id='line_1_39' title="bbox 527 2088 2110 2164; baseline -0.005 -16"><span class='ocrx_word' id='word_1_269' title='bbox 527 2111 725 2152; x_wconf 73' lang='lat' dir='ltr'><strong>incum.</strong></span> <span class='ocrx_word' id='word_1_270' title='bbox 767 2115 786 2147; x_wconf 71' lang='grc' dir='ltr'><strong>ι</strong></span> <span class='ocrx_word' id='word_1_271' title='bbox 822 2094 910 2148; x_wconf 80' lang='lat' dir='ltr'><strong>Ait</strong></span> <span class='ocrx_word' id='word_1_272' title='bbox 938 2094 1137 2164; x_wconf 90' lang='lat' dir='ltr'><strong>quippe</strong></span> <span class='ocrx_word' id='word_1_273' title='bbox 1165 2093 1384 2148; x_wconf 88' lang='lat' dir='ltr'><strong>donmm</strong></span> <span class='ocrx_word' id='word_1_274' title='bbox 1438 2108 1591 2146; x_wconf 86' lang='lat' dir='ltr'><strong>suam</strong></span> <span class='ocrx_word' id='word_1_275' title='bbox 1643 2105 1747 2145; x_wconf 91' lang='lat' dir='ltr'><strong>non</strong></span> <span class='ocrx_word' id='word_1_276' title='bbox 1781 2088 1940 2143; x_wconf 87' lang='lat' dir='ltr'><strong>talem</strong></span> <span class='ocrx_word' id='word_1_277' title='bbox 1969 2101 2110 2150; x_wconf 87' lang='lat' dir='ltr'><strong>esse,</strong></span> 
     </span>
    </p>
   </div>
   <div class='ocr_carea' id='block_1_40' title="bbox 524 2181 2112 2259">
    <p class='ocr_par' dir='ltr' id='par_1_40' title="bbox 524 2181 2112 2259">
     <span class='ocr_line' id='line_1_40' title="bbox 524 2181 2112 2259; baseline -0.004 -19"><span class='ocrx_word' id='word_1_278' title='bbox 524 2203 644 2259; x_wconf 62' lang='lat' dir='ltr'><strong>qua!</strong></span> <span class='ocrx_word' id='word_1_279' title='bbox 679 2188 776 2241; x_wconf 90' lang='lat' dir='ltr'><strong>bos</strong></span> <span class='ocrx_word' id='word_1_280' title='bbox 804 2187 1022 2255; x_wconf 81' lang='lat' dir='ltr'><strong>quidem</strong></span> <span class='ocrx_word' id='word_1_281' title='bbox 1068 2194 1300 2254; x_wconf 89' lang='lat' dir='ltr'><strong>spectet,</strong></span> <span class='ocrx_word' id='word_1_282' title='bbox 1347 2183 1483 2238; x_wconf 90' lang='lat' dir='ltr'><strong>alios</strong></span> <span class='ocrx_word' id='word_1_283' title='bbox 1530 2197 1658 2238; x_wconf 84' lang='lat' dir='ltr'><strong>vero</strong></span> <span class='ocrx_word' id='word_1_284' title='bbox 1715 2181 1977 2245; x_wconf 86' lang='lat' dir='ltr'><strong>minime;</strong></span> <span class='ocrx_word' id='word_1_285' title='bbox 2018 2181 2112 2233; x_wconf 90' lang='lat' dir='ltr'><strong>sed</strong></span> 
     </span>
    </p>
   </div>
   <div class='ocr_carea' id='block_1_41' title="bbox 526 2277 2112 2348">
    <p class='ocr_par' dir='ltr' id='par_1_41' title="bbox 526 2277 2112 2348">
     <span class='ocr_line' id='line_1_41' title="bbox 526 2277 2112 2348; baseline -0.001 -20"><span class='ocrx_word' id='word_1_286' title='bbox 526 2292 590 2334; x_wconf 67' lang='lat' dir='ltr'><strong>ex</strong></span> <span class='ocrx_word' id='word_1_287' title='bbox 633 2279 983 2332; x_wconf 79' lang='lat' dir='ltr'><strong>humanitatis</strong></span> <span class='ocrx_word' id='word_1_288' title='bbox 1012 2279 1061 2332; x_wconf 90' lang='lat' dir='ltr'><strong>vi</strong></span> <span class='ocrx_word' id='word_1_289' title='bbox 1109 2279 1360 2333; x_wconf 90' lang='lat' dir='ltr'><strong>omnibus</strong></span> <span class='ocrx_word' id='word_1_290' title='bbox 1391 2277 1644 2348; x_wconf 83' lang='lat' dir='ltr'><strong>gentibus</strong></span> <span class='ocrx_word' id='word_1_291' title='bbox 1685 2286 1924 2345; x_wconf 79' lang='lat' dir='ltr'><strong>apertam</strong></span> <span class='ocrx_word' id='word_1_292' title='bbox 1959 2289 2112 2338; x_wconf 87' lang='lat' dir='ltr'><strong>esse,</strong></span> 
     </span>
    </p>
   </div>
   <div class='ocr_carea' id='block_1_42' title="bbox 527 2368 2115 2444">
    <p class='ocr_par' dir='ltr' id='par_1_42' title="bbox 527 2368 2115 2444">
     <span class='ocr_line' id='line_1_42' title="bbox 527 2368 2115 2444; baseline 0.001 -22"><span class='ocrx_word' id='word_1_293' title='bbox 527 2383 584 2424; x_wconf 88' lang='lat' dir='ltr'><strong>ut</strong></span> <span class='ocrx_word' id='word_1_294' title='bbox 611 2373 775 2426; x_wconf 89' lang='lat' dir='ltr'><strong>etiam</strong></span> <span class='ocrx_word' id='word_1_295' title='bbox 817 2372 1051 2426; x_wconf 84' lang='lat' dir='ltr'><strong>eunuchi</strong></span> <span class='ocrx_word' id='word_1_296' title='bbox 1080 2381 1133 2427; x_wconf 91' lang='lat' dir='ltr'><strong>et</strong></span> <span class='ocrx_word' id='word_1_297' title='bbox 1169 2371 1452 2444; x_wconf 83' lang='lat' dir='ltr'><strong>paralytiei</strong></span> <span class='ocrx_word' id='word_1_298' title='bbox 1490 2371 1560 2426; x_wconf 88' lang='lat' dir='ltr'><strong>ibi</strong></span> <span class='ocrx_word' id='word_1_299' title='bbox 1599 2370 1952 2440; x_wconf 88' lang='lat' dir='ltr'><strong>recipiantur.</strong></span> <span class='ocrx_word' id='word_1_300' title='bbox 1999 2386 2018 2420; x_wconf 78' lang='grc' dir='ltr'><strong>ι</strong></span> <span class='ocrx_word' id='word_1_301' title='bbox 2051 2368 2115 2424; x_wconf 83' lang='lat' dir='ltr'><strong>Et</strong></span> 
     </span>
    </p>
   </div>
   <div class='ocr_carea' id='block_1_43' title="bbox 527 2459 2116 2520">
    <p class='ocr_par' dir='ltr' id='par_1_43' title="bbox 527 2459 2116 2520">
     <span class='ocr_line' id='line_1_43' title="bbox 527 2459 2116 2520; baseline -0.003 -3"><span class='ocrx_word' id='word_1_302' title='bbox 527 2463 814 2520; x_wconf 65' lang='lat' dir='ltr'><strong>(artiﬁcabo</strong></span> <span class='ocrx_word' id='word_1_303' title='bbox 840 2480 935 2520; x_wconf 89' lang='lat' dir='ltr'><strong>eos</strong></span> <span class='ocrx_word' id='word_1_304' title='bbox 977 2465 1028 2517; x_wconf 92' lang='lat' dir='ltr'><strong>in</strong></span> <span class='ocrx_word' id='word_1_305' title='bbox 1060 2465 1220 2520; x_wconf 91' lang='lat' dir='ltr'><strong>domo</strong></span> <span class='ocrx_word' id='word_1_306' title='bbox 1267 2463 1535 2520; x_wconf 83' lang='lat' dir='ltr'><strong>orationis</strong></span> <span class='ocrx_word' id='word_1_307' title='bbox 1585 2477 1746 2517; x_wconf 74' lang='lat' dir='ltr'><strong>meze.</strong></span> <span class='ocrx_word' id='word_1_308' title='bbox 1794 2459 2116 2516; x_wconf 79' lang='lat' dir='ltr'><strong>llolocausta</strong></span> 
     </span>
    </p>
   </div>
   <div class='ocr_carea' id='block_1_44' title="bbox 532 2551 2120 2624">
    <p class='ocr_par' dir='ltr' id='par_1_44' title="bbox 532 2551 2120 2624">
     <span class='ocr_line' id='line_1_44' title="bbox 532 2551 2120 2624; baseline -0.003 -14"><span class='ocrx_word' id='word_1_309' title='bbox 532 2574 714 2611; x_wconf 61' lang='lat' dir='ltr'><strong>eorum</strong></span> <span class='ocrx_word' id='word_1_310' title='bbox 747 2567 799 2612; x_wconf 88' lang='lat' dir='ltr'><strong>et</strong></span> <span class='ocrx_word' id='word_1_311' title='bbox 829 2557 1100 2612; x_wconf 82' lang='lat' dir='ltr'><strong>sacriﬁcia</strong></span> <span class='ocrx_word' id='word_1_312' title='bbox 1150 2572 1346 2612; x_wconf 90' lang='lat' dir='ltr'><strong>eorum</strong></span> <span class='ocrx_word' id='word_1_313' title='bbox 1378 2565 1538 2611; x_wconf 88' lang='lat' dir='ltr'><strong>eruut</strong></span> <span class='ocrx_word' id='word_1_314' title='bbox 1578 2563 1804 2624; x_wconf 88' lang='lat' dir='ltr'><strong>accepta</strong></span> <span class='ocrx_word' id='word_1_315' title='bbox 1848 2568 2010 2622; x_wconf 89' lang='lat' dir='ltr'><strong>super</strong></span> <span class='ocrx_word' id='word_1_316' title='bbox 2040 2551 2120 2605; x_wconf 84' lang='lat' dir='ltr'><strong>al-</strong></span> 
     </span>
    </p>
   </div>
   <div class='ocr_carea' id='block_1_45' title="bbox 531 2647 2119 2715">
    <p class='ocr_par' dir='ltr' id='par_1_45' title="bbox 531 2647 2119 2715">
     <span class='ocr_line' id='line_1_45' title="bbox 531 2647 2119 2715; baseline -0.001 -13"><span class='ocrx_word' id='word_1_317' title='bbox 531 2663 646 2707; x_wconf 70' lang='lat' dir='ltr'><strong>tare</strong></span> <span class='ocrx_word' id='word_1_318' title='bbox 673 2668 874 2707; x_wconf 88' lang='lat' dir='ltr'><strong>meum.</strong></span> <span class='ocrx_word' id='word_1_319' title='bbox 921 2651 1059 2706; x_wconf 84' lang='lat' dir='ltr'><strong>Nam</strong></span> <span class='ocrx_word' id='word_1_320' title='bbox 1092 2651 1286 2706; x_wconf 89' lang='lat' dir='ltr'><strong>domus</strong></span> <span class='ocrx_word' id='word_1_321' title='bbox 1316 2665 1460 2715; x_wconf 90' lang='lat' dir='ltr'><strong>mea,</strong></span> <span class='ocrx_word' id='word_1_322' title='bbox 1489 2651 1680 2704; x_wconf 90' lang='lat' dir='ltr'><strong>domus</strong></span> <span class='ocrx_word' id='word_1_323' title='bbox 1724 2647 1988 2704; x_wconf 89' lang='lat' dir='ltr'><strong>orationis</strong></span> <span class='ocrx_word' id='word_1_324' title='bbox 2029 2661 2119 2701; x_wconf 88' lang='lat' dir='ltr'><strong>vo-</strong></span> 
     </span>
    </p>
   </div>
   <div class='ocr_carea' id='block_1_46' title="bbox 529 2741 2117 2815">
    <p class='ocr_par' dir='ltr' id='par_1_46' title="bbox 529 2741 2117 2815">
     <span class='ocr_line' id='line_1_46' title="bbox 529 2741 2117 2815; baseline -0.005 -15"><span class='ocrx_word' id='word_1_325' title='bbox 529 2747 748 2800; x_wconf 80' lang='lat' dir='ltr'><strong>cabitur</strong></span> <span class='ocrx_word' id='word_1_326' title='bbox 781 2746 995 2800; x_wconf 83' lang='lat' dir='ltr'><strong>cunctis</strong></span> <span class='ocrx_word' id='word_1_327' title='bbox 1020 2745 1289 2815; x_wconf 74' lang='lat' dir='ltr'><strong>gentibus.</strong></span> <span class='ocrx_word' id='word_1_328' title='bbox 1329 2764 1349 2797; x_wconf 75' lang='grc' dir='ltr'><strong>ι</strong></span> <span class='ocrx_word' id='word_1_329' title='bbox 1401 2743 1494 2798; x_wconf 78' lang='lat' dir='ltr'><strong>llis</strong></span> <span class='ocrx_word' id='word_1_330' title='bbox 1518 2743 1756 2797; x_wconf 84' lang='lat' dir='ltr'><strong>arbitror</strong></span> <span class='ocrx_word' id='word_1_331' title='bbox 1786 2741 1853 2795; x_wconf 91' lang='lat' dir='ltr'><strong>ad</strong></span> <span class='ocrx_word' id='word_1_332' title='bbox 1885 2741 2117 2793; x_wconf 88' lang='lat' dir='ltr'><strong>litteram</strong></span> 
     </span>
    </p>
   </div>
   <div class='ocr_carea' id='block_1_47' title="bbox 531 2831 2118 2908">
    <p class='ocr_par' dir='ltr' id='par_1_47' title="bbox 531 2831 2118 2908">
     <span class='ocr_line' id='line_1_47' title="bbox 531 2831 2118 2908; baseline -0.005 -14"><span class='ocrx_word' id='word_1_333' title='bbox 531 2841 662 2905; x_wconf 79' lang='lat' dir='ltr'><strong>dici,</strong></span> <span class='ocrx_word' id='word_1_334' title='bbox 714 2841 879 2894; x_wconf 88' lang='lat' dir='ltr'><strong>Deum</strong></span> <span class='ocrx_word' id='word_1_335' title='bbox 929 2854 1028 2908; x_wconf 90' lang='lat' dir='ltr'><strong>per</strong></span> <span class='ocrx_word' id='word_1_336' title='bbox 1071 2838 1439 2892; x_wconf 85' lang='lat' dir='ltr'><strong>reversionem</strong></span> <span class='ocrx_word' id='word_1_337' title='bbox 1503 2834 1683 2906; x_wconf 89' lang='lat' dir='ltr'><strong>populi</strong></span> <span class='ocrx_word' id='word_1_338' title='bbox 1723 2850 1788 2888; x_wconf 80' lang='lat' dir='ltr'><strong>ex</strong></span> <span class='ocrx_word' id='word_1_339' title='bbox 1829 2831 2118 2902; x_wconf 77' lang='lat' dir='ltr'><strong>Babylone,</strong></span> 
     </span>
    </p>
   </div>
   <div class='ocr_carea' id='block_1_48' title="bbox 539 2926 2118 3002">
    <p class='ocr_par' dir='ltr' id='par_1_48' title="bbox 539 2926 2118 3002">
     <span class='ocr_line' id='line_1_48' title="bbox 539 2926 2118 3002; baseline -0.003 -20"><span class='ocrx_word' id='word_1_340' title='bbox 539 2947 652 3001; x_wconf 65' lang='lat' dir='ltr'><strong>qna:</strong></span> <span class='ocrx_word' id='word_1_341' title='bbox 701 2932 802 2986; x_wconf 88' lang='lat' dir='ltr'><strong>sub</strong></span> <span class='ocrx_word' id='word_1_342' title='bbox 835 2931 996 3002; x_wconf 76' lang='lat' dir='ltr'><strong>Cyro,</strong></span> <span class='ocrx_word' id='word_1_343' title='bbox 1039 2930 1198 2984; x_wconf 90' lang='lat' dir='ltr'><strong>Dario</strong></span> <span class='ocrx_word' id='word_1_344' title='bbox 1227 2941 1280 2984; x_wconf 91' lang='lat' dir='ltr'><strong>et</strong></span> <span class='ocrx_word' id='word_1_345' title='bbox 1317 2931 1619 2982; x_wconf 78' lang='lat' dir='ltr'><strong>Artaxerxe</strong></span> <span class='ocrx_word' id='word_1_346' title='bbox 1662 2926 1910 2996; x_wconf 86' lang='lat' dir='ltr'><strong>contigit,</strong></span> <span class='ocrx_word' id='word_1_347' title='bbox 1946 2926 2118 2994; x_wconf 85' lang='lat' dir='ltr'><strong>ipsum</strong></span> 
     </span>
    </p>
   </div>
   <div class='ocr_carea' id='block_1_49' title="bbox 536 3024 1288 3096">
    <p class='ocr_par' dir='ltr' id='par_1_49' title="bbox 536 3024 1288 3096">
     <span class='ocr_line' id='line_1_49' title="bbox 536 3024 1288 3096; baseline -0.004 -16"><span class='ocrx_word' id='word_1_348' title='bbox 536 3027 821 3091; x_wconf 79' lang='lat' dir='ltr'><strong>reducere,</strong></span> <span class='ocrx_word' id='word_1_349' title='bbox 855 3041 1026 3096; x_wconf 87' lang='lat' dir='ltr'><strong>quare</strong></span> <span class='ocrx_word' id='word_1_350' title='bbox 1060 3024 1242 3079; x_wconf 86' lang='lat' dir='ltr'><strong>subdit</strong></span> <span class='ocrx_word' id='word_1_351' title='bbox 1274 3043 1288 3077; x_wconf 86' lang='lat'><strong>:</strong></span> 
     </span>
    </p>
   </div>
   <div class='ocr_carea' id='block_1_50' title="bbox 611 3202 2117 3275">
    <p class='ocr_par' dir='ltr' id='par_1_50' title="bbox 611 3202 2117 3275">
     <span class='ocr_line' id='line_1_50' title="bbox 611 3202 2117 3275; baseline -0.005 -13"><span class='ocrx_word' id='word_1_352' title='bbox 611 3209 774 3263; x_wconf 70' lang='lat' dir='ltr'><strong>Vens.</strong></span> <span class='ocrx_word' id='word_1_353' title='bbox 808 3209 861 3262; x_wconf 89' lang='lat'><strong>8.</strong></span> <span class='ocrx_word' id='word_1_354' title='bbox 906 3227 923 3259; x_wconf 83' lang='grc' dir='ltr'><strong>ι</strong></span> <span class='ocrx_word' id='word_1_355' title='bbox 960 3208 1104 3262; x_wconf 80' lang='lat' dir='ltr'><strong>Dixit</strong></span> <span class='ocrx_word' id='word_1_356' title='bbox 1136 3205 1425 3270; x_wconf 76' lang='lat' dir='ltr'><strong>Dominus,</strong></span> <span class='ocrx_word' id='word_1_357' title='bbox 1457 3205 1550 3275; x_wconf 89' lang='lat' dir='ltr'><strong>qui</strong></span> <span class='ocrx_word' id='word_1_358' title='bbox 1581 3213 1874 3274; x_wconf 77' lang='lat' dir='ltr'><strong>congregat</strong></span> <span class='ocrx_word' id='word_1_359' title='bbox 1909 3202 2117 3272; x_wconf 85' lang='lat' dir='ltr'><strong>disper-</strong></span> 
     </span>
    </p>
   </div>
   <div class='ocr_carea' id='block_1_51' title="bbox 540 3296 2115 3370">
    <p class='ocr_par' dir='ltr' id='par_1_51' title="bbox 540 3296 2115 3370">
     <span class='ocr_line' id='line_1_51' title="bbox 540 3296 2115 3370; baseline -0.008 -12"><span class='ocrx_word' id='word_1_360' title='bbox 540 3318 631 3358; x_wconf 69' lang='lat' dir='ltr'><strong>ses</strong></span> <span class='ocrx_word' id='word_1_361' title='bbox 663 3301 850 3367; x_wconf 87' lang='lat' dir='ltr'><strong>Israel,</strong></span> <span class='ocrx_word' id='word_1_362' title='bbox 881 3300 1235 3370; x_wconf 82' lang='lat' dir='ltr'><strong>Congregabo</strong></span> <span class='ocrx_word' id='word_1_363' title='bbox 1264 3299 1333 3354; x_wconf 88' lang='lat' dir='ltr'><strong>ad</strong></span> <span class='ocrx_word' id='word_1_364' title='bbox 1384 3315 1505 3354; x_wconf 91' lang='lat' dir='ltr'><strong>eum</strong></span> <span class='ocrx_word' id='word_1_365' title='bbox 1561 3296 2057 3366; x_wconf 78' lang='lat' dir='ltr'><strong>congregationem.</strong></span> <span class='ocrx_word' id='word_1_366' title='bbox 2095 3312 2115 3345; x_wconf 72' lang='grc' dir='ltr'><strong>ι</strong></span> 
     </span>
    </p>
   </div>
   <div class='ocr_carea' id='block_1_52' title="bbox 538 3388 2119 3465">
    <p class='ocr_par' dir='ltr' id='par_1_52' title="bbox 538 3388 2119 3465">
     <span class='ocr_line' id='line_1_52' title="bbox 538 3388 2119 3465; baseline -0.008 -17"><span class='ocrx_word' id='word_1_367' title='bbox 538 3400 654 3464; x_wconf 74' lang='lat' dir='ltr'><strong>Quo</strong></span> <span class='ocrx_word' id='word_1_368' title='bbox 705 3407 950 3465; x_wconf 87' lang='lat' dir='ltr'><strong>tempore</strong></span> <span class='ocrx_word' id='word_1_369' title='bbox 999 3392 1292 3447; x_wconf 87' lang='lat' dir='ltr'><strong>verisimile</strong></span> <span class='ocrx_word' id='word_1_370' title='bbox 1338 3401 1422 3446; x_wconf 85' lang='lat' dir='ltr'><strong>est</strong></span> <span class='ocrx_word' id='word_1_371' title='bbox 1462 3391 1668 3444; x_wconf 85' lang='lat' dir='ltr'><strong>multos</strong></span> <span class='ocrx_word' id='word_1_372' title='bbox 1700 3388 1768 3441; x_wconf 92' lang='lat' dir='ltr'><strong>ad</strong></span> <span class='ocrx_word' id='word_1_373' title='bbox 1812 3402 1937 3440; x_wconf 91' lang='lat' dir='ltr'><strong>eum</strong></span> <span class='ocrx_word' id='word_1_374' title='bbox 1987 3398 2119 3440; x_wconf 88' lang='lat' dir='ltr'><strong>con-</strong></span> 
     </span>
    </p>
   </div>
   <div class='ocr_carea' id='block_1_53' title="bbox 541 3477 2119 3557">
    <p class='ocr_par' dir='ltr' id='par_1_53' title="bbox 541 3477 2119 3557">
     <span class='ocr_line' id='line_1_53' title="bbox 541 3477 2119 3557; baseline -0.008 -15"><span class='ocrx_word' id='word_1_375' title='bbox 541 3489 761 3544; x_wconf 64' lang='lat' dir='ltr'><strong>fluxisse</strong></span> <span class='ocrx_word' id='word_1_376' title='bbox 795 3503 863 3542; x_wconf 80' lang='lat' dir='ltr'><strong>ex</strong></span> <span class='ocrx_word' id='word_1_377' title='bbox 901 3486 1220 3557; x_wconf 72' lang='lat' dir='ltr'><strong>alienigenis</strong></span> <span class='ocrx_word' id='word_1_378' title='bbox 1246 3485 1520 3554; x_wconf 76' lang='lat' dir='ltr'><strong>gentibus,</strong></span> <span class='ocrx_word' id='word_1_379' title='bbox 1554 3497 1688 3550; x_wconf 85' lang='lat' dir='ltr'><strong>quos</strong></span> <span class='ocrx_word' id='word_1_380' title='bbox 1714 3480 1783 3536; x_wconf 88' lang='lat' dir='ltr'><strong>ob</strong></span> <span class='ocrx_word' id='word_1_381' title='bbox 1832 3477 2119 3548; x_wconf 85' lang='lat' dir='ltr'><strong>pristinum</strong></span> 
     </span>
    </p>
   </div>
   <div class='ocr_carea' id='block_1_54' title="bbox 540 3569 2124 3646">
    <p class='ocr_par' dir='ltr' id='par_1_54' title="bbox 540 3569 2124 3646">
     <span class='ocr_line' id='line_1_54' title="bbox 540 3569 2124 3646; baseline -0.008 -10"><span class='ocrx_word' id='word_1_382' title='bbox 540 3592 766 3646; x_wconf 73' lang='lat' dir='ltr'><strong>statum,</strong></span> <span class='ocrx_word' id='word_1_383' title='bbox 798 3589 853 3635; x_wconf 90' lang='lat' dir='ltr'><strong>ct</strong></span> <span class='ocrx_word' id='word_1_384' title='bbox 891 3581 960 3634; x_wconf 89' lang='lat' dir='ltr'><strong>ob</strong></span> <span class='ocrx_word' id='word_1_385' title='bbox 997 3580 1207 3634; x_wconf 88' lang='lat' dir='ltr'><strong>alie-nos</strong></span> <span class='ocrx_word' id='word_1_386' title='bbox 1252 3587 1648 3645; x_wconf 84' lang='lat' dir='ltr'><strong>extraneosque</strong></span> <span class='ocrx_word' id='word_1_387' title='bbox 1695 3586 1892 3637; x_wconf 86' lang='lat' dir='ltr'><strong>mores,</strong></span> <span class='ocrx_word' id='word_1_388' title='bbox 1923 3569 2124 3625; x_wconf 87' lang='lat' dir='ltr'><strong>bestias</strong></span> 
     </span>
    </p>
   </div>
   <div class='ocr_carea' id='block_1_55' title="bbox 541 3678 868 3747">
    <p class='ocr_par' dir='ltr' id='par_1_55' title="bbox 541 3678 868 3747">
     <span class='ocr_line' id='line_1_55' title="bbox 541 3678 868 3747; baseline 0.003 -19"><span class='ocrx_word' id='word_1_389' title='bbox 541 3678 655 3747; x_wconf 76' lang='lat' dir='ltr'><strong>agri</strong></span> <span class='ocrx_word' id='word_1_390' title='bbox 691 3682 868 3729; x_wconf 87' lang='lat' dir='ltr'><strong>vocat.</strong></span> 
     </span>
    </p>
   </div>
   <div class='ocr_carea' id='block_1_56' title="bbox 616 3757 2118 3830">
    <p class='ocr_par' dir='ltr' id='par_1_56' title="bbox 616 3757 2118 3830">
     <span class='ocr_line' id='line_1_56' title="bbox 616 3757 2118 3830; baseline -0.008 -9"><span class='ocrx_word' id='word_1_391' title='bbox 616 3767 778 3821; x_wconf 74' lang='lat' dir='ltr'><strong>Vens.</strong></span> <span class='ocrx_word' id='word_1_392' title='bbox 810 3767 864 3820; x_wconf 83' lang='lat'><strong>9.</strong></span> <span class='ocrx_word' id='word_1_393' title='bbox 901 3784 920 3818; x_wconf 78' lang='grc' dir='ltr'><strong>ι</strong></span> <span class='ocrx_word' id='word_1_394' title='bbox 957 3765 1158 3822; x_wconf 87' lang='lat' dir='ltr'><strong>Omnes</strong></span> <span class='ocrx_word' id='word_1_395' title='bbox 1186 3763 1314 3818; x_wconf 66' lang='lat' dir='ltr'><strong>ferae</strong></span> <span class='ocrx_word' id='word_1_396' title='bbox 1343 3763 1548 3830; x_wconf 60' lang='lat' dir='ltr'><strong>bestia},</strong></span> <span class='ocrx_word' id='word_1_397' title='bbox 1573 3761 1775 3824; x_wconf 86' lang='lat' dir='ltr'><strong>adeste,</strong></span> <span class='ocrx_word' id='word_1_398' title='bbox 1829 3757 2118 3823; x_wconf 90' lang='lat' dir='ltr'><strong>comedite,</strong></span> 
     </span>
    </p>
   </div>
   <div class='ocr_carea' id='block_1_57' title="bbox 544 3848 2126 3924">
    <p class='ocr_par' dir='ltr' id='par_1_57' title="bbox 544 3848 2126 3924">
     <span class='ocr_line' id='line_1_57' title="bbox 544 3848 2126 3924; baseline -0.007 -11"><span class='ocrx_word' id='word_1_399' title='bbox 544 3875 731 3913; x_wconf 84' lang='lat' dir='ltr'><strong>omnes</strong></span> <span class='ocrx_word' id='word_1_400' title='bbox 769 3859 955 3913; x_wconf 70' lang='lat' dir='ltr'><strong>bestia:</strong></span> <span class='ocrx_word' id='word_1_401' title='bbox 977 3858 1168 3912; x_wconf 90' lang='lat' dir='ltr'><strong>saltus.</strong></span> <span class='ocrx_word' id='word_1_402' title='bbox 1209 3875 1228 3909; x_wconf 74' lang='grc' dir='ltr'><strong>ι</strong></span> <span class='ocrx_word' id='word_1_403' title='bbox 1257 3856 1451 3910; x_wconf 74' lang='lat' dir='ltr'><strong>Bestia:</strong></span> <span class='ocrx_word' id='word_1_404' title='bbox 1477 3856 1599 3918; x_wconf 66' lang='lat' dir='ltr'><strong>illae,</strong></span> <span class='ocrx_word' id='word_1_405' title='bbox 1630 3870 1749 3924; x_wconf 77' lang='lat' dir='ltr'><strong>qua:</strong></span> <span class='ocrx_word' id='word_1_406' title='bbox 1777 3867 1900 3907; x_wconf 91' lang='lat' dir='ltr'><strong>cum</strong></span> <span class='ocrx_word' id='word_1_407' title='bbox 1932 3848 2126 3904; x_wconf 89' lang='lat' dir='ltr'><strong>lsrael&#39;e</strong></span> 
     </span>
    </p>
   </div>
   <div class='ocr_carea' id='block_1_58' title="bbox 549 3945 2125 4021">
    <p class='ocr_par' dir='ltr' id='par_1_58' title="bbox 549 3945 2125 4021">
     <span class='ocr_line' id='line_1_58' title="bbox 549 3945 2125 4021; baseline -0.008 -15"><span class='ocrx_word' id='word_1_408' title='bbox 549 3961 970 4021; x_wconf 78' lang='lat' dir='ltr'><strong>congregantur,</strong></span> <span class='ocrx_word' id='word_1_409' title='bbox 1001 3951 1037 4004; x_wconf 90' lang='lat' dir='ltr'><strong>ii</strong></span> <span class='ocrx_word' id='word_1_410' title='bbox 1083 3966 1151 4005; x_wconf 81' lang='lat' dir='ltr'><strong>ex</strong></span> <span class='ocrx_word' id='word_1_411' title='bbox 1189 3949 1444 4020; x_wconf 80' lang='lat' dir='ltr'><strong>gentibus</strong></span> <span class='ocrx_word' id='word_1_412' title='bbox 1496 3947 1721 4013; x_wconf 80' lang='lat' dir='ltr'><strong>fuerint,</strong></span> <span class='ocrx_word' id='word_1_413' title='bbox 1767 3945 1870 4015; x_wconf 79' lang='lat' dir='ltr'><strong>qui</strong></span> <span class='ocrx_word' id='word_1_414' title='bbox 1899 3945 1964 3997; x_wconf 90' lang='lat' dir='ltr'><strong>ad</strong></span> <span class='ocrx_word' id='word_1_415' title='bbox 2002 3957 2125 3995; x_wconf 84' lang='lat' dir='ltr'><strong>ver-</strong></span> 
     </span>
    </p>
   </div>
   <div class='ocr_carea' id='block_1_59' title="bbox 549 4036 2124 4110">
    <p class='ocr_par' dir='ltr' id='par_1_59' title="bbox 549 4036 2124 4110">
     <span class='ocr_line' id='line_1_59' title="bbox 549 4036 2124 4110; baseline -0.005 -14"><span class='ocrx_word' id='word_1_416' title='bbox 549 4042 675 4096; x_wconf 82' lang='lat' dir='ltr'><strong>ban;</strong></span> <span class='ocrx_word' id='word_1_417' title='bbox 706 4050 1078 4109; x_wconf 84' lang='lat' dir='ltr'><strong>accesserunt,</strong></span> <span class='ocrx_word' id='word_1_418' title='bbox 1102 4055 1240 4110; x_wconf 88' lang='lat' dir='ltr'><strong>quos</strong></span> <span class='ocrx_word' id='word_1_419' title='bbox 1284 4049 1478 4095; x_wconf 84' lang='lat' dir='ltr'><strong>evocat</strong></span> <span class='ocrx_word' id='word_1_420' title='bbox 1509 4040 1593 4095; x_wconf 87' lang='lat' dir='ltr'><strong>his</strong></span> <span class='ocrx_word' id='word_1_421' title='bbox 1615 4039 1814 4102; x_wconf 88' lang='lat' dir='ltr'><strong>verbis,</strong></span> <span class='ocrx_word' id='word_1_422' title='bbox 1853 4055 1871 4088; x_wconf 76' lang='grc' dir='ltr'><strong>ι</strong></span> <span class='ocrx_word' id='word_1_423' title='bbox 1903 4036 2124 4097; x_wconf 83' lang='lat' dir='ltr'><strong>Adeste,</strong></span> 
     </span>
    </p>
   </div>
   <div class='ocr_carea' id='block_1_60' title="bbox 551 4131 2128 4198">
    <p class='ocr_par' dir='ltr' id='par_1_60' title="bbox 551 4131 2128 4198">
     <span class='ocr_line' id='line_1_60' title="bbox 551 4131 2128 4198; baseline -0.003 -14"><span class='ocrx_word' id='word_1_424' title='bbox 551 4135 842 4197; x_wconf 65' lang='lat' dir='ltr'><strong>t-mnedite,</strong></span> <span class='ocrx_word' id='word_1_425' title='bbox 866 4149 1057 4188; x_wconf 91' lang='lat' dir='ltr'><strong>omnes</strong></span> <span class='ocrx_word' id='word_1_426' title='bbox 1099 4133 1288 4188; x_wconf 63' lang='lat' dir='ltr'><strong>bestia</strong></span> <span class='ocrx_word' id='word_1_427' title='bbox 1333 4132 1524 4189; x_wconf 85' lang='lat' dir='ltr'><strong>saltus.</strong></span> <span class='ocrx_word' id='word_1_428' title='bbox 1581 4151 1600 4183; x_wconf 73' lang='grc' dir='ltr'><strong>ι</strong></span> <span class='ocrx_word' id='word_1_429' title='bbox 1647 4131 1969 4198; x_wconf 87' lang='lat' dir='ltr'><strong>Plerumque</strong></span> <span class='ocrx_word' id='word_1_430' title='bbox 1999 4139 2128 4180; x_wconf 91' lang='lat' dir='ltr'><strong>vero</strong></span> 
     </span>
    </p>
   </div>
   <div class='ocr_carea' id='block_1_61' title="bbox 551 4224 2126 4293">
    <p class='ocr_par' dir='ltr' id='par_1_61' title="bbox 551 4224 2126 4293">
     <span class='ocr_line' id='line_1_61' title="bbox 551 4224 2126 4293; baseline -0.006 -11"><span class='ocrx_word' id='word_1_431' title='bbox 551 4228 895 4284; x_wconf 78' lang='lat' dir='ltr'><strong>observatum</strong></span> <span class='ocrx_word' id='word_1_432' title='bbox 943 4227 1100 4283; x_wconf 88' lang='lat' dir='ltr'><strong>nobis</strong></span> <span class='ocrx_word' id='word_1_433' title='bbox 1129 4236 1232 4293; x_wconf 89' lang='lat' dir='ltr'><strong>est,</strong></span> <span class='ocrx_word' id='word_1_434' title='bbox 1282 4227 1478 4282; x_wconf 90' lang='lat' dir='ltr'><strong>saltum</strong></span> <span class='ocrx_word' id='word_1_435' title='bbox 1524 4227 1652 4291; x_wconf 92' lang='lat' dir='ltr'><strong>dici,</strong></span> <span class='ocrx_word' id='word_1_436' title='bbox 1706 4224 2126 4292; x_wconf 86' lang='lat' dir='ltr'><strong>alienigenarum</strong></span> 
     </span>
    </p>
   </div>
   <div class='ocr_carea' id='block_1_62' title="bbox 552 4315 2132 4390">
    <p class='ocr_par' dir='ltr' id='par_1_62' title="bbox 552 4315 2132 4390">
     <span class='ocr_line' id='line_1_62' title="bbox 552 4315 2132 4390; baseline -0.006 -15"><span class='ocrx_word' id='word_1_437' title='bbox 552 4321 796 4389; x_wconf 68' lang='lat' dir='ltr'><strong>gentium</strong></span> <span class='ocrx_word' id='word_1_438' title='bbox 830 4320 1257 4375; x_wconf 88' lang='lat' dir='ltr'><strong>multitudinem.</strong></span> <span class='ocrx_word' id='word_1_439' title='bbox 1287 4319 1394 4374; x_wconf 82' lang='lat' dir='ltr'><strong>llas</strong></span> <span class='ocrx_word' id='word_1_440' title='bbox 1419 4335 1578 4390; x_wconf 90' lang='lat' dir='ltr'><strong>porro</strong></span> <span class='ocrx_word' id='word_1_441' title='bbox 1604 4319 1806 4374; x_wconf 90' lang='lat' dir='ltr'><strong>bestias</strong></span> <span class='ocrx_word' id='word_1_442' title='bbox 1840 4315 1934 4371; x_wconf 89' lang='lat' dir='ltr'><strong>Dei</strong></span> <span class='ocrx_word' id='word_1_443' title='bbox 1972 4327 2132 4368; x_wconf 87' lang='lat' dir='ltr'><strong>voca-</strong></span> 
     </span>
    </p>
   </div>
   <div class='ocr_carea' id='block_1_63' title="bbox 553 4411 1761 4476">
    <p class='ocr_par' dir='ltr' id='par_1_63' title="bbox 553 4411 1761 4476">
     <span class='ocr_line' id='line_1_63' title="bbox 553 4411 1761 4476; baseline -0.004 -8"><span class='ocrx_word' id='word_1_444' title='bbox 553 4414 701 4470; x_wconf 77' lang='lat' dir='ltr'><strong>:ione</strong></span> <span class='ocrx_word' id='word_1_445' title='bbox 733 4413 989 4476; x_wconf 77' lang='lat' dir='ltr'><strong>dignatur</strong></span> <span class='ocrx_word' id='word_1_446' title='bbox 1013 4422 1067 4468; x_wconf 88' lang='lat' dir='ltr'><strong>et</strong></span> <span class='ocrx_word' id='word_1_447' title='bbox 1106 4411 1172 4467; x_wconf 88' lang='lat' dir='ltr'><strong>ad</strong></span> <span class='ocrx_word' id='word_1_448' title='bbox 1207 4412 1514 4468; x_wconf 83' lang='lat' dir='ltr'><strong>convivium</strong></span> <span class='ocrx_word' id='word_1_449' title='bbox 1551 4421 1761 4468; x_wconf 86' lang='lat' dir='ltr'><strong>evocat.</strong></span> 
     </span>
    </p>
   </div>
   <div class='ocr_carea' id='block_1_64' title="bbox 626 4549 2132 4620">
    <p class='ocr_par' dir='ltr' id='par_1_64' title="bbox 626 4549 2132 4620">
     <span class='ocr_line' id='line_1_64' title="bbox 626 4549 2132 4620; baseline -0.007 -14"><span class='ocrx_word' id='word_1_450' title='bbox 626 4549 794 4609; x_wconf 74' lang='lat' dir='ltr'><strong>Vens.</strong></span> <span class='ocrx_word' id='word_1_451' title='bbox 826 4549 912 4604; x_wconf 81' lang='grc'>10.</span> <span class='ocrx_word' id='word_1_452' title='bbox 937 4569 956 4604; x_wconf 77' lang='grc' dir='ltr'><strong>ι</strong></span> <span class='ocrx_word' id='word_1_453' title='bbox 983 4551 1171 4605; x_wconf 87' lang='lat' dir='ltr'><strong>Videte</strong></span> <span class='ocrx_word' id='word_1_454' title='bbox 1192 4549 1447 4620; x_wconf 80' lang='lat' dir='ltr'><strong>quoniam</strong></span> <span class='ocrx_word' id='word_1_455' title='bbox 1476 4549 1730 4605; x_wconf 68' lang='lat' dir='ltr'><strong>excaecati</strong></span> <span class='ocrx_word' id='word_1_456' title='bbox 1757 4557 1886 4602; x_wconf 89' lang='lat' dir='ltr'><strong>sunt</strong></span> <span class='ocrx_word' id='word_1_457' title='bbox 1908 4556 2132 4600; x_wconf 87' lang='lat' dir='ltr'><strong>omnes:</strong></span> 
     </span>
    </p>
   </div>
   <div class='ocr_carea' id='block_1_65' title="bbox 555 4634 2138 4707">
    <p class='ocr_par' dir='ltr' id='par_1_65' title="bbox 555 4634 2138 4707">
     <span class='ocr_line' id='line_1_65' title="bbox 555 4634 2138 4707; baseline -0.005 -11"><span class='ocrx_word' id='word_1_458' title='bbox 555 4659 660 4700; x_wconf 92' lang='lat' dir='ltr'><strong>non</strong></span> <span class='ocrx_word' id='word_1_459' title='bbox 693 4653 960 4700; x_wconf 88' lang='lat' dir='ltr'><strong>noverunt</strong></span> <span class='ocrx_word' id='word_1_460' title='bbox 997 4657 1203 4700; x_wconf 84' lang='lat' dir='ltr'><strong>:canes</strong></span> <span class='ocrx_word' id='word_1_461' title='bbox 1236 4643 1369 4696; x_wconf 90' lang='lat' dir='ltr'><strong>muti</strong></span> <span class='ocrx_word' id='word_1_462' title='bbox 1405 4652 1550 4707; x_wconf 89' lang='lat' dir='ltr'><strong>sunt,</strong></span> <span class='ocrx_word' id='word_1_463' title='bbox 1600 4657 1708 4696; x_wconf 90' lang='lat' dir='ltr'><strong>non</strong></span> <span class='ocrx_word' id='word_1_464' title='bbox 1757 4639 2012 4695; x_wconf 90' lang='lat' dir='ltr'><strong>valebunt</strong></span> <span class='ocrx_word' id='word_1_465' title='bbox 2059 4634 2138 4688; x_wconf 80' lang='lat' dir='ltr'><strong>la-</strong></span> 
     </span>
    </p>
   </div>
   <div class='ocr_carea' id='block_1_66' title="bbox 558 4727 2136 4803">
    <p class='ocr_par' dir='ltr' id='par_1_66' title="bbox 558 4727 2136 4803">
     <span class='ocr_line' id='line_1_66' title="bbox 558 4727 2136 4803; baseline -0.004 -14"><span class='ocrx_word' id='word_1_466' title='bbox 558 4748 724 4803; x_wconf 83' lang='lat' dir='ltr'><strong>trare,</strong></span> <span class='ocrx_word' id='word_1_467' title='bbox 777 4736 1118 4793; x_wconf 88' lang='lat' dir='ltr'><strong>somniantes</strong></span> <span class='ocrx_word' id='word_1_468' title='bbox 1157 4735 1360 4801; x_wconf 89' lang='lat' dir='ltr'><strong>cubile,</strong></span> <span class='ocrx_word' id='word_1_469' title='bbox 1404 4745 1461 4791; x_wconf 91' lang='lat' dir='ltr'><strong>et</strong></span> <span class='ocrx_word' id='word_1_470' title='bbox 1504 4745 1750 4790; x_wconf 85' lang='lat' dir='ltr'><strong>amantes</strong></span> <span class='ocrx_word' id='word_1_471' title='bbox 1797 4727 2136 4788; x_wconf 87' lang='lat' dir='ltr'><strong>dormitatio-</strong></span> 
     </span>
    </p>
   </div>
   <div class='ocr_carea' id='block_1_67' title="bbox 557 4822 2141 4898">
    <p class='ocr_par' dir='ltr' id='par_1_67' title="bbox 557 4822 2141 4898">
     <span class='ocr_line' id='line_1_67' title="bbox 557 4822 2141 4898; baseline -0.003 -18"><span class='ocrx_word' id='word_1_472' title='bbox 557 4844 703 4884; x_wconf 81' lang='lat' dir='ltr'><strong>nem.</strong></span> <span class='ocrx_word' id='word_1_473' title='bbox 731 4847 752 4881; x_wconf 72' lang='grc' dir='ltr'><strong>ι</strong></span> <span class='ocrx_word' id='word_1_474' title='bbox 774 4828 846 4884; x_wconf 82' lang='lat' dir='ltr'><strong>Et</strong></span> <span class='ocrx_word' id='word_1_475' title='bbox 875 4827 1186 4897; x_wconf 80' lang='lat' dir='ltr'><strong>huiusmodi</strong></span> <span class='ocrx_word' id='word_1_476' title='bbox 1224 4828 1443 4898; x_wconf 87' lang='lat' dir='ltr'><strong>quidem</strong></span> <span class='ocrx_word' id='word_1_477' title='bbox 1466 4837 1625 4883; x_wconf 86' lang='lat' dir='ltr'><strong>erant</strong></span> <span class='ocrx_word' id='word_1_478' title='bbox 1654 4827 1961 4883; x_wconf 66' lang='lat' dir='ltr'><strong>Judaeorum</strong></span> <span class='ocrx_word' id='word_1_479' title='bbox 1993 4822 2141 4893; x_wconf 84' lang='lat' dir='ltr'><strong>prin-</strong></span> 
     </span>
    </p>
   </div>
   <div class='ocr_carea' id='block_1_68' title="bbox 554 4920 2143 4992">
    <p class='ocr_par' dir='ltr' id='par_1_68' title="bbox 554 4920 2143 4992">
     <span class='ocr_line' id='line_1_68' title="bbox 554 4920 2143 4992; baseline -0.008 -13"><span class='ocrx_word' id='word_1_480' title='bbox 554 4922 726 4991; x_wconf 83' lang='lat' dir='ltr'><strong>cipes,</strong></span> <span class='ocrx_word' id='word_1_481' title='bbox 751 4935 880 4990; x_wconf 84' lang='lat' dir='ltr'><strong>erga</strong></span> <span class='ocrx_word' id='word_1_482' title='bbox 905 4930 1226 4988; x_wconf 77' lang='lat' dir='ltr'><strong>extraneos,</strong></span> <span class='ocrx_word' id='word_1_483' title='bbox 1260 4920 1419 4991; x_wconf 86' lang='lat' dir='ltr'><strong>queis</strong></span> <span class='ocrx_word' id='word_1_484' title='bbox 1447 4921 1746 4992; x_wconf 82' lang='lat' dir='ltr'><strong>advigilare</strong></span> <span class='ocrx_word' id='word_1_485' title='bbox 1779 4933 1915 4989; x_wconf 91' lang='lat' dir='ltr'><strong>opus</strong></span> <span class='ocrx_word' id='word_1_486' title='bbox 1943 4923 2065 4971; x_wconf 90' lang='lat' dir='ltr'><strong>erat</strong></span> <span class='ocrx_word' id='word_1_487' title='bbox 2085 4922 2143 4968; x_wconf 89' lang='lat' dir='ltr'><strong>et</strong></span> 
     </span>
    </p>
   </div>
   <div class='ocr_carea' id='block_1_69' title="bbox 557 5007 2138 5084">
    <p class='ocr_par' dir='ltr' id='par_1_69' title="bbox 557 5007 2138 5084">
     <span class='ocr_line' id='line_1_69' title="bbox 557 5007 2138 5084; baseline -0.004 -16"><span class='ocrx_word' id='word_1_488' title='bbox 557 5016 852 5078; x_wconf 73' lang='lat' dir='ltr'><strong>excubare,</strong></span> <span class='ocrx_word' id='word_1_489' title='bbox 884 5025 1048 5084; x_wconf 89' lang='lat' dir='ltr'><strong>atque</strong></span> <span class='ocrx_word' id='word_1_490' title='bbox 1078 5024 1271 5070; x_wconf 87' lang='lat' dir='ltr'><strong>contra</strong></span> <span class='ocrx_word' id='word_1_491' title='bbox 1316 5013 1570 5068; x_wconf 87' lang='lat' dir='ltr'><strong>inimicos</strong></span> <span class='ocrx_word' id='word_1_492' title='bbox 1605 5013 1805 5067; x_wconf 88' lang='lat' dir='ltr'><strong>latrare</strong></span> <span class='ocrx_word' id='word_1_493' title='bbox 1834 5028 1848 5064; x_wconf 91' lang='lat'><strong>:</strong></span> <span class='ocrx_word' id='word_1_494' title='bbox 1881 5024 2008 5078; x_wconf 88' lang='lat' dir='ltr'><strong>erga</strong></span> <span class='ocrx_word' id='word_1_495' title='bbox 2039 5007 2138 5062; x_wconf 86' lang='lat' dir='ltr'><strong>do-</strong></span> 
     </span>
    </p>
   </div>
   <div class='ocr_carea' id='block_1_70' title="bbox 558 5105 2140 5178">
    <p class='ocr_par' dir='ltr' id='par_1_70' title="bbox 558 5105 2140 5178">
     <span class='ocr_line' id='line_1_70' title="bbox 558 5105 2140 5178; baseline -0.004 -18"><span class='ocrx_word' id='word_1_496' title='bbox 558 5108 815 5162; x_wconf 81' lang='lat' dir='ltr'><strong>mesticos</strong></span> <span class='ocrx_word' id='word_1_497' title='bbox 853 5121 981 5162; x_wconf 89' lang='lat' dir='ltr'><strong>vero</strong></span> <span class='ocrx_word' id='word_1_498' title='bbox 1010 5107 1352 5178; x_wconf 86' lang='lat' dir='ltr'><strong>impudentes</strong></span> <span class='ocrx_word' id='word_1_499' title='bbox 1380 5114 1559 5173; x_wconf 87' lang='lat' dir='ltr'><strong>erant,</strong></span> <span class='ocrx_word' id='word_1_500' title='bbox 1593 5105 1914 5160; x_wconf 81' lang='lat' dir='ltr'><strong>devorantes</strong></span> <span class='ocrx_word' id='word_1_501' title='bbox 1945 5110 2140 5170; x_wconf 74' lang='lat' dir='ltr'><strong>pecora</strong></span> 
     </span>
    </p>
   </div>
   <div class='ocr_carea' id='block_1_71' title="bbox 559 5198 1392 5268">
    <p class='ocr_par' dir='ltr' id='par_1_71' title="bbox 559 5198 1392 5268">
     <span class='ocr_line' id='line_1_71' title="bbox 559 5198 1392 5268; baseline 0 -14"><span class='ocrx_word' id='word_1_502' title='bbox 559 5199 659 5254; x_wconf 85' lang='lat' dir='ltr'><strong>sub</strong></span> <span class='ocrx_word' id='word_1_503' title='bbox 689 5213 879 5253; x_wconf 85' lang='lat' dir='ltr'><strong>eorum</strong></span> <span class='ocrx_word' id='word_1_504' title='bbox 907 5198 1172 5268; x_wconf 86' lang='lat' dir='ltr'><strong>regimine</strong></span> <span class='ocrx_word' id='word_1_505' title='bbox 1195 5198 1392 5268; x_wconf 87' lang='lat' dir='ltr'><strong>posita.</strong></span> 
     </span>
    </p>
   </div>
   <div class='ocr_carea' id='block_1_72' title="bbox 629 5330 2162 5412">
    <p class='ocr_par' dir='ltr' id='par_1_72' title="bbox 629 5330 2162 5412">
     <span class='ocr_line' id='line_1_72' title="bbox 629 5330 2162 5412; baseline -0.005 -24"><span class='ocrx_word' id='word_1_506' title='bbox 629 5331 800 5390; x_wconf 59' lang='lat' dir='ltr'><strong>Vens.</strong></span> <span class='ocrx_word' id='word_1_507' title='bbox 855 5334 946 5389; x_wconf 78' lang='grc' dir='ltr'>Η.</span> <span class='ocrx_word' id='word_1_508' title='bbox 994 5352 1015 5386; x_wconf 78' lang='grc' dir='ltr'><strong>ι</strong></span> <span class='ocrx_word' id='word_1_509' title='bbox 1062 5334 1129 5389; x_wconf 85' lang='grc' dir='ltr'>Ει</span> <span class='ocrx_word' id='word_1_510' title='bbox 1169 5349 1336 5390; x_wconf 87' lang='lat' dir='ltr'><strong>canes</strong></span> <span class='ocrx_word' id='word_1_511' title='bbox 1393 5333 1736 5404; x_wconf 86' lang='lat' dir='ltr'><strong>impudentes</strong></span> <span class='ocrx_word' id='word_1_512' title='bbox 1794 5330 2004 5393; x_wconf 88' lang='lat' dir='ltr'><strong>animo,</strong></span> <span class='ocrx_word' id='word_1_513' title='bbox 2045 5341 2162 5412; x_wconf 79' lang='lat' dir='ltr'><strong>ne_</strong></span> 
     </span>
    </p>
   </div>
   <div class='ocr_carea' id='block_1_73' title="bbox 510 5407 2146 5490">
    <p class='ocr_par' dir='ltr' id='par_1_73' title="bbox 510 5407 2146 5490">
     <span class='ocr_line' id='line_1_73' title="bbox 510 5407 2146 5490; baseline -0.007 -7"><span class='ocrx_word' id='word_1_514' title='bbox 510 5407 520 5475; x_wconf 63' lang='grc' dir='ltr'><strong>ί</strong></span> <span class='ocrx_word' id='word_1_515' title='bbox 565 5427 800 5483; x_wconf 73' lang='lat' dir='ltr'><strong>scientes</strong></span> <span class='ocrx_word' id='word_1_516' title='bbox 836 5425 1200 5481; x_wconf 88' lang='lat' dir='ltr'><strong>saturitatem.</strong></span> <span class='ocrx_word' id='word_1_517' title='bbox 1257 5425 1325 5480; x_wconf 88' lang='lat' dir='ltr'><strong>Et</strong></span> <span class='ocrx_word' id='word_1_518' title='bbox 1372 5435 1502 5479; x_wconf 90' lang='lat' dir='ltr'><strong>sunt</strong></span> <span class='ocrx_word' id='word_1_519' title='bbox 1542 5424 1689 5490; x_wconf 88' lang='lat' dir='ltr'><strong>mali,</strong></span> <span class='ocrx_word' id='word_1_520' title='bbox 1724 5421 2030 5478; x_wconf 87' lang='lat' dir='ltr'><strong>nescientes</strong></span> <span class='ocrx_word' id='word_1_521' title='bbox 2062 5407 2146 5472; x_wconf 45' lang='lat' dir='ltr'><strong>in;</strong></span> 
     </span>
    </p>
   </div>
   <div class='ocr_carea' id='block_1_74' title="bbox 511 5512 2144 5586">
    <p class='ocr_par' dir='ltr' id='par_1_74' title="bbox 511 5512 2144 5586">
     <span class='ocr_line' id='line_1_74' title="bbox 511 5512 2144 5586; baseline -0.005 -14"><span class='ocrx_word' id='word_1_522' title='bbox 511 5512 516 5518; x_wconf 81' lang='grc'><em>’</em></span> <span class='ocrx_word' id='word_1_523' title='bbox 565 5517 915 5586; x_wconf 85' lang='lat' dir='ltr'><strong>telligeutiam</strong></span> <span class='ocrx_word' id='word_1_524' title='bbox 956 5536 968 5570; x_wconf 90' lang='lat'><strong>:</strong></span> <span class='ocrx_word' id='word_1_525' title='bbox 1001 5520 1238 5574; x_wconf 83' lang='lat' dir='ltr'><strong>universi</strong></span> <span class='ocrx_word' id='word_1_526' title='bbox 1276 5519 1392 5573; x_wconf 85' lang='lat' dir='ltr'><strong>vias</strong></span> <span class='ocrx_word' id='word_1_527' title='bbox 1419 5532 1547 5574; x_wconf 89' lang='lat' dir='ltr'><strong>suas</strong></span> <span class='ocrx_word' id='word_1_528' title='bbox 1581 5515 1750 5572; x_wconf 89' lang='lat' dir='ltr'><strong>secuti</strong></span> <span class='ocrx_word' id='word_1_529' title='bbox 1781 5523 1906 5570; x_wconf 93' lang='lat' dir='ltr'><strong>sunt</strong></span> <span class='ocrx_word' id='word_1_530' title='bbox 1935 5530 1948 5565; x_wconf 92' lang='lat'><strong>:</strong></span> <span class='ocrx_word' id='word_1_531' title='bbox 1976 5525 2144 5565; x_wconf 88' lang='lat' dir='ltr'><strong>unus-</strong></span> 
     </span>
    </p>
   </div>
   <div class='ocr_carea' id='block_1_75' title="bbox 568 5603 2148 5680">
    <p class='ocr_par' dir='ltr' id='par_1_75' title="bbox 568 5603 2148 5680">
     <span class='ocr_line' id='line_1_75' title="bbox 568 5603 2148 5680; baseline -0.004 -18"><span class='ocrx_word' id='word_1_532' title='bbox 568 5610 801 5680; x_wconf 80' lang='lat' dir='ltr'><strong>quisque</strong></span> <span class='ocrx_word' id='word_1_533' title='bbox 852 5611 1149 5664; x_wconf 87' lang='lat' dir='ltr'><strong>secundum</strong></span> <span class='ocrx_word' id='word_1_534' title='bbox 1207 5612 1282 5675; x_wconf 90' lang='lat' dir='ltr'><strong>id,</strong></span> <span class='ocrx_word' id='word_1_535' title='bbox 1332 5611 1475 5680; x_wconf 84' lang='lat' dir='ltr'><strong>quod</strong></span> <span class='ocrx_word' id='word_1_536' title='bbox 1521 5625 1674 5663; x_wconf 89' lang='lat' dir='ltr'><strong>suum</strong></span> <span class='ocrx_word' id='word_1_537' title='bbox 1712 5615 1848 5662; x_wconf 86' lang='lat' dir='ltr'><strong>erat.</strong></span> <span class='ocrx_word' id='word_1_538' title='bbox 1893 5625 1910 5656; x_wconf 74' lang='grc' dir='ltr'><strong>ι</strong></span> <span class='ocrx_word' id='word_1_539' title='bbox 1946 5603 2061 5658; x_wconf 86' lang='lat' dir='ltr'><strong>Non</strong></span> <span class='ocrx_word' id='word_1_540' title='bbox 2096 5603 2148 5656; x_wconf 92' lang='lat' dir='ltr'><strong>in</strong></span> 
     </span>
    </p>
   </div>
   <div class='ocr_carea' id='block_1_76' title="bbox 570 5701 2151 5774">
    <p class='ocr_par' dir='ltr' id='par_1_76' title="bbox 570 5701 2151 5774">
     <span class='ocr_line' id='line_1_76' title="bbox 570 5701 2151 5774; baseline -0.006 -14"><span class='ocrx_word' id='word_1_541' title='bbox 570 5703 673 5760; x_wconf 76' lang='lat' dir='ltr'><strong>viis</strong></span> <span class='ocrx_word' id='word_1_542' title='bbox 700 5702 820 5769; x_wconf 87' lang='lat' dir='ltr'><strong>Dei,</strong></span> <span class='ocrx_word' id='word_1_543' title='bbox 847 5702 948 5759; x_wconf 87' lang='lat' dir='ltr'><strong>sed</strong></span> <span class='ocrx_word' id='word_1_544' title='bbox 983 5703 1039 5757; x_wconf 86' lang='lat' dir='ltr'><strong>in</strong></span> <span class='ocrx_word' id='word_1_545' title='bbox 1069 5702 1205 5771; x_wconf 87' lang='lat' dir='ltr'><strong>suis,</strong></span> <span class='ocrx_word' id='word_1_546' title='bbox 1236 5702 1379 5774; x_wconf 84' lang='lat' dir='ltr'><strong>quod</strong></span> <span class='ocrx_word' id='word_1_547' title='bbox 1411 5701 1878 5772; x_wconf 72' lang='lat' dir='ltr'><strong>concupiscendus</strong></span> <span class='ocrx_word' id='word_1_548' title='bbox 1914 5713 2037 5754; x_wconf 87' lang='lat' dir='ltr'><strong>suas</strong></span> <span class='ocrx_word' id='word_1_549' title='bbox 2055 5711 2151 5751; x_wconf 78' lang='lat' dir='ltr'><strong>cx-</strong></span> 
     </span>
    </p>
   </div>
   <div class='ocr_carea' id='block_1_77' title="bbox 562 5799 800 5867">
    <p class='ocr_par' dir='ltr' id='par_1_77' title="bbox 562 5799 800 5867">
     <span class='ocr_line' id='line_1_77' title="bbox 562 5799 800 5867; baseline 0.004 -17"><span class='ocrx_word' id='word_1_550' title='bbox 562 5799 707 5867; x_wconf 85' lang='lat' dir='ltr'><strong>plcre</strong></span> <span class='ocrx_word' id='word_1_551' title='bbox 722 5805 800 5851; x_wconf 90' lang='lat' dir='ltr'><strong>nt.</strong></span> 
     </span>
    </p>
   </div>
   <div class='ocr_carea' id='block_1_78' title="bbox 2148 3164 2192 3222">
    <p class='ocr_par' dir='ltr' id='par_1_78' title="bbox 2148 3164 2192 3222">
     <span class='ocr_line' id='line_1_78' title="bbox 2148 3164 2192 3222; baseline 0 0"><span class='ocrx_word' id='word_1_552' title='bbox 2148 3164 2192 3222; x_wconf 88' lang='lat' dir='ltr'><strong><em>C</em></strong></span> 
     </span>
    </p>
   </div>
   <div class='ocr_carea' id='block_1_79' title="bbox 2224 1906 3789 1981">
    <p class='ocr_par' dir='ltr' id='par_1_79' title="bbox 2224 1906 3789 1981">
     <span class='ocr_line' id='line_1_79' title="bbox 2224 1906 3789 1981; baseline -0.001 -19"><span class='ocrx_word' id='word_1_553' title='bbox 2224 1909 2668 1981; x_wconf 83' lang='grc' dir='ltr'>φυλασσομένους</span> <span class='ocrx_word' id='word_1_554' title='bbox 2704 1909 2772 1963; x_wconf 85' lang='grc' dir='ltr'>τὰ</span> <span class='ocrx_word' id='word_1_555' title='bbox 2797 1909 3052 1963; x_wconf 76' lang='grc' dir='ltr'>Σάϐϐατά</span> <span class='ocrx_word' id='word_1_556' title='bbox 3086 1925 3186 1980; x_wconf 87' lang='grc' dir='ltr'><strong>μου</strong></span> <span class='ocrx_word' id='word_1_557' title='bbox 3233 1909 3310 1980; x_wconf 79' lang='grc' dir='ltr'>μὴ</span> <span class='ocrx_word' id='word_1_558' title='bbox 3357 1906 3634 1978; x_wconf 76' lang='grc' dir='ltr'>βεϐηλοῦν,</span> <span class='ocrx_word' id='word_1_559' title='bbox 3689 1907 3789 1962; x_wconf 73' lang='grc' dir='ltr'><strong>καὶ</strong></span> 
     </span>
    </p>
   </div>
   <div class='ocr_carea' id='block_1_80' title="bbox 2212 1999 3791 2074">
    <p class='ocr_par' dir='ltr' id='par_1_80' title="bbox 2212 1999 3791 2074">
     <span class='ocr_line' id='line_1_80' title="bbox 2212 1999 3791 2074; baseline -0.005 -16"><span class='ocrx_word' id='word_1_560' title='bbox 2212 2004 2602 2074; x_wconf 80' lang='grc' dir='ltr'>ἀντεχομένους</span> <span class='ocrx_word' id='word_1_561' title='bbox 2633 2001 2739 2073; x_wconf 79' lang='grc' dir='ltr'>τῆς</span> <span class='ocrx_word' id='word_1_562' title='bbox 2769 2001 3042 2073; x_wconf 82' lang='grc' dir='ltr'>Διαθήκης</span> <span class='ocrx_word' id='word_1_563' title='bbox 3079 2018 3203 2072; x_wconf 91' lang='grc' dir='ltr'>μου,</span> <span class='ocrx_word' id='word_1_564' title='bbox 3261 1999 3460 2066; x_wconf 78' lang='grc' dir='ltr'>εἰσάξω</span> <span class='ocrx_word' id='word_1_565' title='bbox 3486 1999 3676 2063; x_wconf 82' lang='grc' dir='ltr'>αὐτοὺς</span> <span class='ocrx_word' id='word_1_566' title='bbox 3705 2001 3791 2062; x_wconf 89' lang='grc' dir='ltr'><strong>είς</strong></span> 
     </span>
    </p>
   </div>
   <div class='ocr_carea' id='block_1_81' title="bbox 2213 2088 3790 2169">
    <p class='ocr_par' dir='ltr' id='par_1_81' title="bbox 2213 2088 3790 2169">
     <span class='ocr_line' id='line_1_81' title="bbox 2213 2088 3790 2169; baseline -0.005 -18"><span class='ocrx_word' id='word_1_567' title='bbox 2213 2098 2273 2152; x_wconf 82' lang='grc' dir='ltr'>τὸ</span> <span class='ocrx_word' id='word_1_568' title='bbox 2325 2098 2449 2169; x_wconf 78' lang='grc' dir='ltr'>ὅρος</span> <span class='ocrx_word' id='word_1_569' title='bbox 2497 2095 2559 2150; x_wconf 78' lang='grc' dir='ltr'>τὸ</span> <span class='ocrx_word' id='word_1_570' title='bbox 2613 2095 2768 2165; x_wconf 81' lang='grc' dir='ltr'>ἆγιόν</span> <span class='ocrx_word' id='word_1_571' title='bbox 2829 2112 2950 2166; x_wconf 88' lang='grc' dir='ltr'>μου.</span> <span class='ocrx_word' id='word_1_572' title='bbox 2995 2115 3013 2146; x_wconf 75' lang='grc' dir='ltr'><strong>ι</strong></span> <span class='ocrx_word' id='word_1_573' title='bbox 3046 2094 3150 2148; x_wconf 87' lang='grc' dir='ltr'>Τὸν</span> <span class='ocrx_word' id='word_1_574' title='bbox 3190 2093 3299 2165; x_wconf 82' lang='grc' dir='ltr'>γὰρ</span> <span class='ocrx_word' id='word_1_575' title='bbox 3329 2088 3474 2145; x_wconf 84' lang='grc' dir='ltr'>οἷκον</span> <span class='ocrx_word' id='word_1_576' title='bbox 3520 2091 3681 2169; x_wconf 79' lang='grc' dir='ltr'>αὑτοῦ</span> <span class='ocrx_word' id='word_1_577' title='bbox 3711 2091 3790 2163; x_wconf 78' lang='grc' dir='ltr'>μὴ</span> 
     </span>
    </p>
   </div>
   <div class='ocr_carea' id='block_1_82' title="bbox 2213 2165 3792 2261">
    <p class='ocr_par' dir='ltr' id='par_1_82' title="bbox 2213 2165 3792 2261">
     <span class='ocr_line' id='line_1_82' title="bbox 2213 2165 3792 2261; baseline -0.006 -17"><span class='ocrx_word' id='word_1_578' title='bbox 2213 2165 2382 2244; x_wconf 80' lang='grc' dir='ltr'>τῶνδε</span> <span class='ocrx_word' id='word_1_579' title='bbox 2417 2190 2514 2261; x_wconf 80' lang='grc' dir='ltr'><strong>μὲν</strong></span> <span class='ocrx_word' id='word_1_580' title='bbox 2559 2165 2844 2260; x_wconf 78' lang='grc' dir='ltr'>ὑπάρχειν,</span> <span class='ocrx_word' id='word_1_581' title='bbox 2878 2187 2986 2240; x_wconf 92' lang='grc' dir='ltr'><strong>τῶν</strong></span> <span class='ocrx_word' id='word_1_582' title='bbox 3015 2186 3072 2239; x_wconf 84' lang='grc' dir='ltr'>δὲ</span> <span class='ocrx_word' id='word_1_583' title='bbox 3109 2185 3184 2258; x_wconf 80' lang='grc' dir='ltr'>μὴ</span> <span class='ocrx_word' id='word_1_584' title='bbox 3205 2225 3220 2250; x_wconf 96' lang='grc'><strong>,</strong></span> <span class='ocrx_word' id='word_1_585' title='bbox 3255 2165 3541 2254; x_wconf 76' lang='grc' dir='ltr'><strong>ἀνεῷχθαι⁹</strong></span> <span class='ocrx_word' id='word_1_586' title='bbox 3566 2183 3621 2236; x_wconf 80' lang='grc' dir='ltr'><strong>δὲ</strong></span> <span class='ocrx_word' id='word_1_587' title='bbox 3653 2184 3792 2235; x_wconf 76' lang='grc' dir='ltr'>πᾶσι</span> 
     </span>
    </p>
   </div>
   <div class='ocr_carea' id='block_1_83' title="bbox 2214 2272 3793 2354">
    <p class='ocr_par' dir='ltr' id='par_1_83' title="bbox 2214 2272 3793 2354">
     <span class='ocr_line' id='line_1_83' title="bbox 2214 2272 3793 2354; baseline -0.009 -15"><span class='ocrx_word' id='word_1_588' title='bbox 2214 2287 2325 2348; x_wconf 88' lang='grc' dir='ltr'>τοῖς</span> <span class='ocrx_word' id='word_1_589' title='bbox 2349 2283 2558 2337; x_wconf 73' lang='grc' dir='ltr'>ἔθνεσιν</span> <span class='ocrx_word' id='word_1_590' title='bbox 2585 2280 2858 2354; x_wconf 77' lang='grc' dir='ltr'>ὑπερϐολῇ</span> <span class='ocrx_word' id='word_1_591' title='bbox 2895 2277 3302 2350; x_wconf 86' lang='grc' dir='ltr'>φιλανθρωπίας</span> <span class='ocrx_word' id='word_1_592' title='bbox 3320 2291 3336 2307; x_wconf 88' lang='grc'>⁶</span> <span class='ocrx_word' id='word_1_593' title='bbox 3363 2275 3440 2339; x_wconf 85' lang='grc' dir='ltr'>ὡς</span> <span class='ocrx_word' id='word_1_594' title='bbox 3479 2275 3572 2328; x_wconf 85' lang='grc' dir='ltr'><strong>καί</strong></span> <span class='ocrx_word' id='word_1_595' title='bbox 3600 2272 3793 2326; x_wconf 79' lang='grc' dir='ltr'>εὑνού-</span> 
     </span>
    </p>
   </div>
   <div class='ocr_carea' id='block_1_84' title="bbox 2216 2365 3795 2448">
    <p class='ocr_par' dir='ltr' id='par_1_84' title="bbox 2216 2365 3795 2448">
     <span class='ocr_line' id='line_1_84' title="bbox 2216 2365 3795 2448; baseline -0.006 -19"><span class='ocrx_word' id='word_1_596' title='bbox 2216 2393 2344 2448; x_wconf 89' lang='grc' dir='ltr'>χους</span> <span class='ocrx_word' id='word_1_597' title='bbox 2381 2373 2780 2446; x_wconf 84' lang='grc' dir='ltr'>παραδέχεσθαι</span> <span class='ocrx_word' id='word_1_598' title='bbox 2808 2373 2901 2428; x_wconf 74' lang='grc' dir='ltr'>καὶ</span> <span class='ocrx_word' id='word_1_599' title='bbox 2931 2369 3296 2443; x_wconf 89' lang='grc' dir='ltr'>παραλύτους.</span> <span class='ocrx_word' id='word_1_600' title='bbox 3332 2387 3351 2419; x_wconf 78' lang='grc' dir='ltr'><strong>ι</strong></span> <span class='ocrx_word' id='word_1_601' title='bbox 3395 2369 3506 2421; x_wconf 79' lang='grc' dir='ltr'><strong>Καὶ</strong></span> <span class='ocrx_word' id='word_1_602' title='bbox 3538 2365 3795 2438; x_wconf 74' lang='grc' dir='ltr'>εὐφρανῶ</span> 
     </span>
    </p>
   </div>
   <div class='ocr_carea' id='block_1_85' title="bbox 2217 2457 3797 2536">
    <p class='ocr_par' dir='ltr' id='par_1_85' title="bbox 2217 2457 3797 2536">
     <span class='ocr_line' id='line_1_85' title="bbox 2217 2457 3797 2536; baseline -0.007 -16"><span class='ocrx_word' id='word_1_603' title='bbox 2217 2467 2414 2530; x_wconf 80' lang='grc' dir='ltr'>αὐτοὺς</span> <span class='ocrx_word' id='word_1_604' title='bbox 2446 2467 2504 2519; x_wconf 84' lang='grc' dir='ltr'><strong>ἐν</strong></span> <span class='ocrx_word' id='word_1_605' title='bbox 2533 2465 2610 2536; x_wconf 81' lang='grc' dir='ltr'>τῷ</span> <span class='ocrx_word' id='word_1_606' title='bbox 2642 2464 2776 2536; x_wconf 80' lang='grc' dir='ltr'>οἴκῳ</span> <span class='ocrx_word' id='word_1_607' title='bbox 2809 2464 2909 2535; x_wconf 83' lang='grc' dir='ltr'>τῆς</span> <span class='ocrx_word' id='word_1_608' title='bbox 2935 2462 3240 2534; x_wconf 77' lang='grc' dir='ltr'>προσευχῆς</span> <span class='ocrx_word' id='word_1_609' title='bbox 3271 2477 3392 2531; x_wconf 89' lang='grc' dir='ltr'>μου.</span> <span class='ocrx_word' id='word_1_610' title='bbox 3455 2457 3538 2512; x_wconf 82' lang='grc' dir='ltr'><strong>Τὰ</strong></span> <span class='ocrx_word' id='word_1_611' title='bbox 3565 2459 3797 2512; x_wconf 83' lang='grc' dir='ltr'>ὁλοκαυ-</span> 
     </span>
    </p>
   </div>
   <div class='ocr_carea' id='block_1_86' title="bbox 2217 2547 3798 2628">
    <p class='ocr_par' dir='ltr' id='par_1_86' title="bbox 2217 2547 3798 2628">
     <span class='ocr_line' id='line_1_86' title="bbox 2217 2547 3798 2628; baseline -0.008 -17"><span class='ocrx_word' id='word_1_612' title='bbox 2217 2557 2441 2628; x_wconf 85' lang='grc' dir='ltr'>τώματα</span> <span class='ocrx_word' id='word_1_613' title='bbox 2473 2556 2671 2621; x_wconf 86' lang='grc' dir='ltr'>αὑτῶν,</span> <span class='ocrx_word' id='word_1_614' title='bbox 2697 2556 2789 2608; x_wconf 70' lang='grc' dir='ltr'><strong>καὶ</strong></span> <span class='ocrx_word' id='word_1_615' title='bbox 2825 2557 2880 2608; x_wconf 89' lang='grc' dir='ltr'><strong>αί</strong></span> <span class='ocrx_word' id='word_1_616' title='bbox 2925 2553 3106 2607; x_wconf 90' lang='grc' dir='ltr'>θυσίαι</span> <span class='ocrx_word' id='word_1_617' title='bbox 3132 2551 3310 2606; x_wconf 88' lang='grc' dir='ltr'>αὑτῶν</span> <span class='ocrx_word' id='word_1_618' title='bbox 3341 2549 3550 2603; x_wconf 76' lang='grc' dir='ltr'>ἔσονται</span> <span class='ocrx_word' id='word_1_619' title='bbox 3607 2547 3798 2601; x_wconf 67' lang='grc' dir='ltr'><strong>δεκτα)⁸</strong></span> 
     </span>
    </p>
   </div>
   <div class='ocr_carea' id='block_1_87' title="bbox 2219 2634 3802 2719">
    <p class='ocr_par' dir='ltr' id='par_1_87' title="bbox 2219 2634 3802 2719">
     <span class='ocr_line' id='line_1_87' title="bbox 2219 2634 3802 2719; baseline -0.008 -17"><span class='ocrx_word' id='word_1_620' title='bbox 2219 2651 2312 2702; x_wconf 77' lang='grc' dir='ltr'>ἐπὶ</span> <span class='ocrx_word' id='word_1_621' title='bbox 2353 2649 2415 2702; x_wconf 85' lang='grc' dir='ltr'><strong>τὸ</strong></span> <span class='ocrx_word' id='word_1_622' title='bbox 2445 2647 2823 2719; x_wconf 84' lang='grc' dir='ltr'>θυσιαστήριόν</span> <span class='ocrx_word' id='word_1_623' title='bbox 2870 2662 2993 2717; x_wconf 88' lang='grc' dir='ltr'>μου.</span> <span class='ocrx_word' id='word_1_624' title='bbox 3043 2645 3101 2698; x_wconf 85' lang='lat'><strong>&#39;0</strong></span> <span class='ocrx_word' id='word_1_625' title='bbox 3133 2644 3242 2715; x_wconf 82' lang='grc' dir='ltr'>γὰρ</span> <span class='ocrx_word' id='word_1_626' title='bbox 3297 2637 3446 2705; x_wconf 78' lang='grc' dir='ltr'>οἶκός</span> <span class='ocrx_word' id='word_1_627' title='bbox 3497 2657 3597 2712; x_wconf 90' lang='grc' dir='ltr'><strong>μου</strong></span> <span class='ocrx_word' id='word_1_628' title='bbox 3647 2634 3802 2703; x_wconf 69' lang='grc' dir='ltr'>οἶκος</span> 
     </span>
    </p>
   </div>
   <div class='ocr_carea' id='block_1_88' title="bbox 2221 2729 3800 2813">
    <p class='ocr_par' dir='ltr' id='par_1_88' title="bbox 2221 2729 3800 2813">
     <span class='ocr_line' id='line_1_88' title="bbox 2221 2729 3800 2813; baseline -0.005 -20"><span class='ocrx_word' id='word_1_629' title='bbox 2221 2740 2524 2813; x_wconf 82' lang='grc' dir='ltr'>προσευχῆς</span> <span class='ocrx_word' id='word_1_630' title='bbox 2557 2739 2882 2810; x_wconf 85' lang='grc' dir='ltr'>κληθήσεται</span> <span class='ocrx_word' id='word_1_631' title='bbox 2921 2739 3058 2791; x_wconf 84' lang='grc' dir='ltr'>πᾶσι</span> <span class='ocrx_word' id='word_1_632' title='bbox 3087 2738 3199 2798; x_wconf 84' lang='grc' dir='ltr'>τοῖς</span> <span class='ocrx_word' id='word_1_633' title='bbox 3229 2735 3458 2789; x_wconf 75' lang='grc' dir='ltr'>ἔθνεσιν.</span> <span class='ocrx_word' id='word_1_634' title='bbox 3497 2753 3516 2786; x_wconf 76' lang='grc' dir='ltr'><strong>ι</strong></span> <span class='ocrx_word' id='word_1_635' title='bbox 3549 2729 3714 2804; x_wconf 84' lang='grc' dir='ltr'>Οἶμαι</span> <span class='ocrx_word' id='word_1_636' title='bbox 3737 2732 3800 2785; x_wconf 71' lang='grc' dir='ltr'>δὲ</span> 
     </span>
    </p>
   </div>
   <div class='ocr_carea' id='block_1_89' title="bbox 2220 2823 3804 2901">
    <p class='ocr_par' dir='ltr' id='par_1_89' title="bbox 2220 2823 3804 2901">
     <span class='ocr_line' id='line_1_89' title="bbox 2220 2823 3804 2901; baseline -0.007 -16"><span class='ocrx_word' id='word_1_637' title='bbox 2220 2831 2310 2886; x_wconf 78' lang='grc' dir='ltr'><strong>διὰ</strong></span> <span class='ocrx_word' id='word_1_638' title='bbox 2342 2831 2545 2884; x_wconf 88' lang='grc' dir='ltr'>τούτων</span> <span class='ocrx_word' id='word_1_639' title='bbox 2577 2830 2651 2894; x_wconf 85' lang='grc' dir='ltr'>ὡς</span> <span class='ocrx_word' id='word_1_640' title='bbox 2681 2829 2818 2901; x_wconf 81' lang='grc' dir='ltr'>πρὸς</span> <span class='ocrx_word' id='word_1_641' title='bbox 2848 2829 2946 2901; x_wconf 78' lang='grc' dir='ltr'><strong>τὴν</strong></span> <span class='ocrx_word' id='word_1_642' title='bbox 2979 2828 3124 2895; x_wconf 80' lang='grc' dir='ltr'>λέξιν</span> <span class='ocrx_word' id='word_1_643' title='bbox 3159 2826 3249 2880; x_wconf 82' lang='grc' dir='ltr'><strong>διὰ</strong></span> <span class='ocrx_word' id='word_1_644' title='bbox 3279 2825 3378 2897; x_wconf 82' lang='grc' dir='ltr'>τὴν</span> <span class='ocrx_word' id='word_1_645' title='bbox 3414 2825 3521 2880; x_wconf 85' lang='grc' dir='ltr'><strong>ἀπὸ</strong></span> <span class='ocrx_word' id='word_1_646' title='bbox 3545 2823 3804 2876; x_wconf 75' lang='grc' dir='ltr'>Βαϐυλῶ-</span> 
     </span>
    </p>
   </div>
   <div class='ocr_carea' id='block_1_90' title="bbox 2223 2913 3803 2992">
    <p class='ocr_par' dir='ltr' id='par_1_90' title="bbox 2223 2913 3803 2992">
     <span class='ocr_line' id='line_1_90' title="bbox 2223 2913 3803 2992; baseline -0.006 -18"><span class='ocrx_word' id='word_1_647' title='bbox 2223 2938 2314 2985; x_wconf 87' lang='grc' dir='ltr'><strong>νος</strong></span> <span class='ocrx_word' id='word_1_648' title='bbox 2336 2920 2670 2992; x_wconf 81' lang='grc' dir='ltr'>ἐπιστροφὴν</span> <span class='ocrx_word' id='word_1_649' title='bbox 2685 2918 2778 2972; x_wconf 89' lang='grc' dir='ltr'><strong>τοῦ</strong></span> <span class='ocrx_word' id='word_1_650' title='bbox 2797 2917 2925 2971; x_wconf 80' lang='grc' dir='ltr'>λαοῦ</span> <span class='ocrx_word' id='word_1_651' title='bbox 2946 2916 3046 2990; x_wconf 83' lang='grc' dir='ltr'>τὴν</span> <span class='ocrx_word' id='word_1_652' title='bbox 3090 2917 3183 2971; x_wconf 77' lang='grc' dir='ltr'>ἐπὶ</span> <span class='ocrx_word' id='word_1_653' title='bbox 3213 2915 3396 2986; x_wconf 81' lang='grc' dir='ltr'>Κύρου</span> <span class='ocrx_word' id='word_1_654' title='bbox 3445 2913 3540 2967; x_wconf 67' lang='grc' dir='ltr'>καὶ</span> <span class='ocrx_word' id='word_1_655' title='bbox 3573 2913 3803 2983; x_wconf 80' lang='grc' dir='ltr'>Δαρείου</span> 
     </span>
    </p>
   </div>
   <div class='ocr_carea' id='block_1_91' title="bbox 2223 3002 3805 3083">
    <p class='ocr_par' dir='ltr' id='par_1_91' title="bbox 2223 3002 3805 3083">
     <span class='ocr_line' id='line_1_91' title="bbox 2223 3002 3805 3083; baseline -0.007 -16"><span class='ocrx_word' id='word_1_656' title='bbox 2223 3014 2316 3068; x_wconf 74' lang='grc' dir='ltr'><strong>καὶ</strong></span> <span class='ocrx_word' id='word_1_657' title='bbox 2355 3010 2707 3083; x_wconf 79' lang='grc' dir='ltr'>Ἀρταξέρξου</span> <span class='ocrx_word' id='word_1_658' title='bbox 2757 3010 3052 3081; x_wconf 82' lang='grc' dir='ltr'>γενομένην</span> <span class='ocrx_word' id='word_1_659' title='bbox 3105 3009 3196 3062; x_wconf 78' lang='grc' dir='ltr'><strong>τὸν</strong></span> <span class='ocrx_word' id='word_1_660' title='bbox 3251 3006 3384 3061; x_wconf 85' lang='grc' dir='ltr'>Θεὸν</span> <span class='ocrx_word' id='word_1_661' title='bbox 3432 3006 3497 3060; x_wconf 80' lang='grc' dir='ltr'><strong>ἂν</strong></span> <span class='ocrx_word' id='word_1_662' title='bbox 3547 3002 3805 3076; x_wconf 77' lang='grc' dir='ltr'>εἰρῆσθαι</span> 
     </span>
    </p>
   </div>
   <div class='ocr_carea' id='block_1_92' title="bbox 2227 3103 2944 3175">
    <p class='ocr_par' dir='ltr' id='par_1_92' title="bbox 2227 3103 2944 3175">
     <span class='ocr_line' id='line_1_92' title="bbox 2227 3103 2944 3175; baseline -0.004 -15"><span class='ocrx_word' id='word_1_663' title='bbox 2227 3107 2480 3175; x_wconf 88' lang='grc' dir='ltr'>συνάγειν</span> <span class='ocrx_word' id='word_1_664' title='bbox 2499 3122 2513 3136; x_wconf 73' lang='grc'><strong><em>⁸</em></strong></span> <span class='ocrx_word' id='word_1_665' title='bbox 2557 3105 2636 3158; x_wconf 87' lang='grc' dir='ltr'><strong>διὸ</strong></span> <span class='ocrx_word' id='word_1_666' title='bbox 2663 3103 2905 3174; x_wconf 77' lang='grc' dir='ltr'>ἐπιλέγει</span> <span class='ocrx_word' id='word_1_667' title='bbox 2930 3121 2944 3134; x_wconf 90' lang='grc'><strong>·</strong></span> 
     </span>
    </p>
   </div>
   <div class='ocr_carea' id='block_1_93' title="bbox 2302 3189 3808 3268">
    <p class='ocr_par' dir='ltr' id='par_1_93' title="bbox 2302 3189 3808 3268">
     <span class='ocr_line' id='line_1_93' title="bbox 2302 3189 3808 3268; baseline -0.006 -19"><span class='ocrx_word' id='word_1_668' title='bbox 2302 3219 2320 3249; x_wconf 72' lang='grc' dir='ltr'><strong>ι</strong></span> <span class='ocrx_word' id='word_1_669' title='bbox 2362 3193 2497 3251; x_wconf 83' lang='grc' dir='ltr'>Εἷπε</span> <span class='ocrx_word' id='word_1_670' title='bbox 2537 3196 2743 3268; x_wconf 86' lang='grc' dir='ltr'>Κύριος</span> <span class='ocrx_word' id='word_1_671' title='bbox 2789 3199 2818 3250; x_wconf 87' lang='grc' dir='ltr'><strong>ό</strong></span> <span class='ocrx_word' id='word_1_672' title='bbox 2873 3194 3117 3264; x_wconf 85' lang='grc' dir='ltr'>συνάγων</span> <span class='ocrx_word' id='word_1_673' title='bbox 3182 3195 3309 3257; x_wconf 74' lang='grc' dir='ltr'>τοὺς</span> <span class='ocrx_word' id='word_1_674' title='bbox 3376 3189 3808 3261; x_wconf 81' lang='grc' dir='ltr'>διεσπαρμένους</span> 
     </span>
    </p>
   </div>
   <div class='ocr_carea' id='block_1_94' title="bbox 2243 3277 3806 3360">
    <p class='ocr_par' dir='ltr' id='par_1_94' title="bbox 2243 3277 3806 3360">
     <span class='ocr_line' id='line_1_94' title="bbox 2243 3277 3806 3360; baseline -0.008 -18"><span class='ocrx_word' id='word_1_675' title='bbox 2243 3287 2481 3360; x_wconf 77' lang='grc' dir='ltr'>Ἰσραὴλ,</span> <span class='ocrx_word' id='word_1_676' title='bbox 2503 3287 2585 3340; x_wconf 87' lang='grc' dir='ltr'>ὃτι</span> <span class='ocrx_word' id='word_1_677' title='bbox 2623 3285 2842 3350; x_wconf 75' lang='grc' dir='ltr'>Συνάξω</span> <span class='ocrx_word' id='word_1_678' title='bbox 2871 3284 2957 3338; x_wconf 77' lang='grc' dir='ltr'>ἐπ’</span> <span class='ocrx_word' id='word_1_679' title='bbox 2993 3283 3154 3338; x_wconf 86' lang='grc' dir='ltr'>αὑτὸν</span> <span class='ocrx_word' id='word_1_680' title='bbox 3199 3281 3537 3350; x_wconf 85' lang='grc' dir='ltr'>συναγωγήν.</span> <span class='ocrx_word' id='word_1_681' title='bbox 3579 3298 3597 3330; x_wconf 75' lang='grc' dir='ltr'><strong>ι</strong></span> <span class='ocrx_word' id='word_1_682' title='bbox 3659 3277 3806 3332; x_wconf 79' lang='grc' dir='ltr'>Καθ’</span> 
     </span>
    </p>
   </div>
   <div class='ocr_carea' id='block_1_95' title="bbox 2227 3371 3812 3452">
    <p class='ocr_par' dir='ltr' id='par_1_95' title="bbox 2227 3371 3812 3452">
     <span class='ocr_line' id='line_1_95' title="bbox 2227 3371 3812 3452; baseline -0.006 -19"><span class='ocrx_word' id='word_1_683' title='bbox 2227 3379 2320 3443; x_wconf 82' lang='grc' dir='ltr'><strong>οὒς</strong></span> <span class='ocrx_word' id='word_1_684' title='bbox 2349 3379 2404 3432; x_wconf 80' lang='grc' dir='ltr'><strong>δὲ</strong></span> <span class='ocrx_word' id='word_1_685' title='bbox 2430 3379 2656 3452; x_wconf 86' lang='grc' dir='ltr'>χρόνους</span> <span class='ocrx_word' id='word_1_686' title='bbox 2685 3379 2831 3442; x_wconf 76' lang='grc' dir='ltr'>εἰκὸς</span> <span class='ocrx_word' id='word_1_687' title='bbox 2873 3373 2942 3449; x_wconf 79' lang='grc' dir='ltr'>ἦν</span> <span class='ocrx_word' id='word_1_688' title='bbox 2997 3376 3091 3431; x_wconf 77' lang='grc' dir='ltr'><strong>καὶ</strong></span> <span class='ocrx_word' id='word_1_689' title='bbox 3152 3373 3353 3444; x_wconf 78' lang='grc' dir='ltr'>πλῆθος</span> <span class='ocrx_word' id='word_1_690' title='bbox 3404 3373 3585 3436; x_wconf 85' lang='grc' dir='ltr'>αὑτοῖς</span> <span class='ocrx_word' id='word_1_691' title='bbox 3645 3371 3812 3425; x_wconf 86' lang='grc' dir='ltr'>ἀλλο-</span> 
     </span>
    </p>
   </div>
   <div class='ocr_carea' id='block_1_96' title="bbox 2230 3463 3811 3540">
    <p class='ocr_par' dir='ltr' id='par_1_96' title="bbox 2230 3463 3811 3540">
     <span class='ocr_line' id='line_1_96' title="bbox 2230 3463 3811 3540; baseline -0.006 -17"><span class='ocrx_word' id='word_1_692' title='bbox 2230 3470 2411 3540; x_wconf 83' lang='grc' dir='ltr'>φύλων</span> <span class='ocrx_word' id='word_1_693' title='bbox 2432 3470 2601 3524; x_wconf 81' lang='grc' dir='ltr'>ἐθνῶν</span> <span class='ocrx_word' id='word_1_694' title='bbox 2631 3467 3067 3540; x_wconf 87' lang='grc' dir='ltr'>προσηλυτεῦσαι</span> <span class='ocrx_word' id='word_1_695' title='bbox 3089 3484 3104 3497; x_wconf 83' lang='lat'><strong><em>°</em></strong></span> <span class='ocrx_word' id='word_1_696' title='bbox 3140 3466 3232 3530; x_wconf 75' lang='grc' dir='ltr'><strong>οὓς</strong></span> <span class='ocrx_word' id='word_1_697' title='bbox 3273 3465 3362 3519; x_wconf 88' lang='grc' dir='ltr'><strong>διά</strong></span> <span class='ocrx_word' id='word_1_698' title='bbox 3387 3465 3484 3536; x_wconf 76' lang='grc' dir='ltr'>τὴν</span> <span class='ocrx_word' id='word_1_699' title='bbox 3535 3463 3811 3535; x_wconf 87' lang='grc' dir='ltr'>προτέραν</span> 
     </span>
    </p>
   </div>
   <div class='ocr_carea' id='block_1_97' title="bbox 2229 3555 3812 3629">
    <p class='ocr_par' dir='ltr' id='par_1_97' title="bbox 2229 3555 3812 3629">
     <span class='ocr_line' id='line_1_97' title="bbox 2229 3555 3812 3629; baseline -0.004 -13"><span class='ocrx_word' id='word_1_700' title='bbox 2229 3563 2580 3627; x_wconf 84' lang='grc' dir='ltr'>κατάστασιν,</span> <span class='ocrx_word' id='word_1_701' title='bbox 2615 3562 2709 3616; x_wconf 71' lang='grc' dir='ltr'>καὶ</span> <span class='ocrx_word' id='word_1_702' title='bbox 2741 3561 2829 3616; x_wconf 88' lang='grc' dir='ltr'><strong>διά</strong></span> <span class='ocrx_word' id='word_1_703' title='bbox 2852 3562 2911 3615; x_wconf 86' lang='grc' dir='ltr'><strong>τὸ</strong></span> <span class='ocrx_word' id='word_1_704' title='bbox 2941 3560 3226 3629; x_wconf 78' lang='grc' dir='ltr'>ἀλλογενὲς</span> <span class='ocrx_word' id='word_1_705' title='bbox 3261 3560 3356 3612; x_wconf 74' lang='grc' dir='ltr'><strong>καὶ</strong></span> <span class='ocrx_word' id='word_1_706' title='bbox 3388 3557 3662 3628; x_wconf 88' lang='grc' dir='ltr'>ἀλλότριον</span> <span class='ocrx_word' id='word_1_707' title='bbox 3709 3555 3812 3610; x_wconf 84' lang='grc' dir='ltr'><strong>τοῦ</strong></span> 
     </span>
    </p>
   </div>
   <div class='ocr_carea' id='block_1_98' title="bbox 2230 3651 3420 3727">
    <p class='ocr_par' dir='ltr' id='par_1_98' title="bbox 2230 3651 3420 3727">
     <span class='ocr_line' id='line_1_98' title="bbox 2230 3651 3420 3727; baseline -0.003 -20"><span class='ocrx_word' id='word_1_708' title='bbox 2230 3654 2452 3727; x_wconf 83' lang='grc' dir='ltr'>τρόπου,</span> <span class='ocrx_word' id='word_1_709' title='bbox 2479 3654 2652 3727; x_wconf 90' lang='grc' dir='ltr'>ἀγροῦ</span> <span class='ocrx_word' id='word_1_710' title='bbox 2685 3653 2848 3725; x_wconf 83' lang='grc' dir='ltr'>θηρία</span> <span class='ocrx_word' id='word_1_711' title='bbox 2876 3653 3157 3725; x_wconf 84' lang='grc' dir='ltr'>ὠνόμασεν</span> <span class='ocrx_word' id='word_1_712' title='bbox 3188 3655 3218 3706; x_wconf 85' lang='grc' dir='ltr'>ὁ</span> <span class='ocrx_word' id='word_1_713' title='bbox 3244 3651 3420 3720; x_wconf 88' lang='grc' dir='ltr'>λόγος.</span> 
     </span>
    </p>
   </div>
   <div class='ocr_carea' id='block_1_99' title="bbox 2308 3741 3818 3819">
    <p class='ocr_par' dir='ltr' id='par_1_99' title="bbox 2308 3741 3818 3819">
     <span class='ocr_line' id='line_1_99' title="bbox 2308 3741 3818 3819; baseline -0.003 -19"><span class='ocrx_word' id='word_1_714' title='bbox 2308 3768 2326 3800; x_wconf 77' lang='grc' dir='ltr'><strong>ι</strong></span> <span class='ocrx_word' id='word_1_715' title='bbox 2360 3749 2545 3802; x_wconf 86' lang='grc' dir='ltr'>Πάντα</span> <span class='ocrx_word' id='word_1_716' title='bbox 2572 3746 2641 3801; x_wconf 77' lang='grc' dir='ltr'>τὰ</span> <span class='ocrx_word' id='word_1_717' title='bbox 2664 3747 2828 3819; x_wconf 81' lang='grc' dir='ltr'>θηρία</span> <span class='ocrx_word' id='word_1_718' title='bbox 2849 3747 2917 3800; x_wconf 79' lang='grc' dir='ltr'>τὰ</span> <span class='ocrx_word' id='word_1_719' title='bbox 2944 3748 3126 3818; x_wconf 77' lang='grc' dir='ltr'>ἄγρια,</span> <span class='ocrx_word' id='word_1_720' title='bbox 3148 3745 3318 3812; x_wconf 86' lang='grc' dir='ltr'>δεῦτε,</span> <span class='ocrx_word' id='word_1_721' title='bbox 3355 3744 3576 3814; x_wconf 83' lang='grc' dir='ltr'>φάγετε,</span> <span class='ocrx_word' id='word_1_722' title='bbox 3629 3741 3818 3795; x_wconf 70' lang='grc' dir='ltr'>πάντα.</span> 
     </span>
    </p>
   </div>
   <div class='ocr_carea' id='block_1_100' title="bbox 2231 3835 3814 3915">
    <p class='ocr_par' dir='ltr' id='par_1_100' title="bbox 2231 3835 3814 3915">
     <span class='ocr_line' id='line_1_100' title="bbox 2231 3835 3814 3915; baseline -0.004 -21"><span class='ocrx_word' id='word_1_723' title='bbox 2231 3840 2301 3894; x_wconf 79' lang='grc' dir='ltr'>τὰ</span> <span class='ocrx_word' id='word_1_724' title='bbox 2353 3841 2515 3915; x_wconf 89' lang='grc' dir='ltr'>θηρία</span> <span class='ocrx_word' id='word_1_725' title='bbox 2571 3839 2667 3894; x_wconf 91' lang='grc' dir='ltr'><strong>τοῦ</strong></span> <span class='ocrx_word' id='word_1_726' title='bbox 2710 3838 2938 3912; x_wconf 85' lang='grc' dir='ltr'>δρυμοῦ.</span> <span class='ocrx_word' id='word_1_727' title='bbox 2982 3859 2999 3891; x_wconf 73' lang='grc' dir='ltr'><strong>ι</strong></span> <span class='ocrx_word' id='word_1_728' title='bbox 3047 3838 3130 3892; x_wconf 83' lang='grc' dir='ltr'><strong>Τὰ</strong></span> <span class='ocrx_word' id='word_1_729' title='bbox 3159 3839 3216 3892; x_wconf 83' lang='grc' dir='ltr'>δὲ</span> <span class='ocrx_word' id='word_1_730' title='bbox 3247 3839 3409 3910; x_wconf 86' lang='grc' dir='ltr'>θηρία</span> <span class='ocrx_word' id='word_1_731' title='bbox 3442 3837 3511 3890; x_wconf 87' lang='grc' dir='ltr'><strong>τά</strong></span> <span class='ocrx_word' id='word_1_732' title='bbox 3540 3836 3673 3908; x_wconf 85' lang='grc' dir='ltr'><strong>μετά</strong></span> <span class='ocrx_word' id='word_1_733' title='bbox 3711 3835 3814 3888; x_wconf 83' lang='grc' dir='ltr'><strong>τοῦ</strong></span> 
     </span>
    </p>
   </div>
   <div class='ocr_carea' id='block_1_101' title="bbox 2247 3925 3814 4005">
    <p class='ocr_par' dir='ltr' id='par_1_101' title="bbox 2247 3925 3814 4005">
     <span class='ocr_line' id='line_1_101' title="bbox 2247 3925 3814 4005; baseline -0.005 -19"><span class='ocrx_word' id='word_1_734' title='bbox 2247 3933 2463 4005; x_wconf 79' lang='grc' dir='ltr'>Ἰσραὴλ</span> <span class='ocrx_word' id='word_1_735' title='bbox 2491 3931 2833 4002; x_wconf 84' lang='grc' dir='ltr'>συναγόμενα</span> <span class='ocrx_word' id='word_1_736' title='bbox 2872 3931 2919 3983; x_wconf 82' lang='grc' dir='ltr'>οἱ</span> <span class='ocrx_word' id='word_1_737' title='bbox 2955 3928 3015 3994; x_wconf 80' lang='grc' dir='ltr'><strong>ἐξ</strong></span> <span class='ocrx_word' id='word_1_738' title='bbox 3043 3929 3210 3983; x_wconf 80' lang='grc' dir='ltr'>ἐθνῶν</span> <span class='ocrx_word' id='word_1_739' title='bbox 3252 3928 3566 4000; x_wconf 86' lang='grc' dir='ltr'>προσιόντες</span> <span class='ocrx_word' id='word_1_740' title='bbox 3597 3925 3674 3998; x_wconf 79' lang='grc' dir='ltr'>τῷ</span> <span class='ocrx_word' id='word_1_741' title='bbox 3720 3925 3814 3978; x_wconf 84' lang='grc' dir='ltr'>λό-</span> 
     </span>
    </p>
   </div>
   <div class='ocr_carea' id='block_1_102' title="bbox 2233 4018 3814 4094">
    <p class='ocr_par' dir='ltr' id='par_1_102' title="bbox 2233 4018 3814 4094">
     <span class='ocr_line' id='line_1_102' title="bbox 2233 4018 3814 4094; baseline -0.005 -17"><span class='ocrx_word' id='word_1_742' title='bbox 2233 4041 2315 4094; x_wconf 82' lang='grc' dir='ltr'>γῳ</span> <span class='ocrx_word' id='word_1_743' title='bbox 2357 4019 2465 4077; x_wconf 76' lang='grc' dir='ltr'>εἷεν</span> <span class='ocrx_word' id='word_1_744' title='bbox 2512 4023 2599 4088; x_wconf 85' lang='grc' dir='ltr'><strong>ἀν,</strong></span> <span class='ocrx_word' id='word_1_745' title='bbox 2651 4021 2746 4086; x_wconf 81' lang='grc' dir='ltr'><strong>οὒς</strong></span> <span class='ocrx_word' id='word_1_746' title='bbox 2783 4022 3128 4077; x_wconf 80' lang='grc' dir='ltr'>ἀνακαλεῖται</span> <span class='ocrx_word' id='word_1_747' title='bbox 3159 4021 3331 4090; x_wconf 86' lang='grc' dir='ltr'>λέγων</span> <span class='ocrx_word' id='word_1_748' title='bbox 3359 4037 3375 4050; x_wconf 75' lang='grc' dir='ltr'><strong>ο</strong></span> <span class='ocrx_word' id='word_1_749' title='bbox 3435 4038 3454 4071; x_wconf 75' lang='grc' dir='ltr'><strong>ι</strong></span> <span class='ocrx_word' id='word_1_750' title='bbox 3491 4018 3673 4081; x_wconf 87' lang='grc' dir='ltr'>Δεῦτε,</span> <span class='ocrx_word' id='word_1_751' title='bbox 3703 4018 3814 4086; x_wconf 79' lang='grc' dir='ltr'>φά-</span> 
     </span>
    </p>
   </div>
   <div class='ocr_carea' id='block_1_103' title="bbox 2234 4108 3816 4186">
    <p class='ocr_par' dir='ltr' id='par_1_103' title="bbox 2234 4108 3816 4186">
     <span class='ocr_line' id='line_1_103' title="bbox 2234 4108 3816 4186; baseline -0.004 -18"><span class='ocrx_word' id='word_1_752' title='bbox 2234 4132 2390 4183; x_wconf 86' lang='grc' dir='ltr'>γετε,</span> <span class='ocrx_word' id='word_1_753' title='bbox 2440 4115 2617 4168; x_wconf 86' lang='grc' dir='ltr'>πάντα</span> <span class='ocrx_word' id='word_1_754' title='bbox 2663 4113 2733 4168; x_wconf 86' lang='grc' dir='ltr'><strong>τά</strong></span> <span class='ocrx_word' id='word_1_755' title='bbox 2785 4113 2948 4186; x_wconf 86' lang='grc' dir='ltr'>θηρία</span> <span class='ocrx_word' id='word_1_756' title='bbox 3002 4112 3095 4165; x_wconf 86' lang='grc' dir='ltr'><strong>τοῦ</strong></span> <span class='ocrx_word' id='word_1_757' title='bbox 3148 4111 3375 4183; x_wconf 78' lang='grc' dir='ltr'>δρυμοῦ..</span> <span class='ocrx_word' id='word_1_758' title='bbox 3417 4130 3437 4163; x_wconf 76' lang='grc' dir='ltr'><strong>ι</strong></span> <span class='ocrx_word' id='word_1_759' title='bbox 3491 4108 3702 4182; x_wconf 78' lang='grc' dir='ltr'>Δρυμὸν</span> <span class='ocrx_word' id='word_1_760' title='bbox 3752 4108 3816 4162; x_wconf 67' lang='grc' dir='ltr'>δὲ</span> 
     </span>
    </p>
   </div>
   <div class='ocr_carea' id='block_1_104' title="bbox 2240 4199 3815 4278">
    <p class='ocr_par' dir='ltr' id='par_1_104' title="bbox 2240 4199 3815 4278">
     <span class='ocr_line' id='line_1_104' title="bbox 2240 4199 3815 4278; baseline -0.008 -16"><span class='ocrx_word' id='word_1_761' title='bbox 2240 4207 2498 4271; x_wconf 84' lang='grc' dir='ltr'>πολλάκις</span> <span class='ocrx_word' id='word_1_762' title='bbox 2553 4206 2933 4278; x_wconf 80' lang='grc' dir='ltr'>τετηρήκαμεν</span> <span class='ocrx_word' id='word_1_763' title='bbox 2974 4205 3035 4256; x_wconf 77' lang='grc' dir='ltr'><strong>τὸ</strong></span> <span class='ocrx_word' id='word_1_764' title='bbox 3086 4203 3288 4274; x_wconf 84' lang='grc' dir='ltr'>πλῆθος</span> <span class='ocrx_word' id='word_1_765' title='bbox 3333 4200 3444 4254; x_wconf 88' lang='grc' dir='ltr'><strong>τῶν</strong></span> <span class='ocrx_word' id='word_1_766' title='bbox 3499 4199 3815 4268; x_wconf 76' lang='grc' dir='ltr'>ἀλλοφύλων</span> 
     </span>
    </p>
   </div>
   <div class='ocr_carea' id='block_1_105' title="bbox 2197 4283 3824 4370">
    <p class='ocr_par' dir='ltr' id='par_1_105' title="bbox 2197 4283 3824 4370">
     <span class='ocr_line' id='line_1_105' title="bbox 2197 4283 3824 4370; baseline -0.009 -19"><span class='ocrx_word' id='word_1_767' title='bbox 2197 4363 2204 4370; x_wconf 21' lang='grc' dir='ltr'><strong>φ</strong></span> <span class='ocrx_word' id='word_1_768' title='bbox 2237 4297 2406 4351; x_wconf 73' lang='grc' dir='ltr'>ἐθνῶν</span> <span class='ocrx_word' id='word_1_769' title='bbox 2425 4294 2692 4366; x_wconf 90' lang='grc' dir='ltr'>λελέχθαι.</span> <span class='ocrx_word' id='word_1_770' title='bbox 2722 4291 2885 4346; x_wconf 83' lang='grc' dir='ltr'>Ταῦτ’</span> <span class='ocrx_word' id='word_1_771' title='bbox 2919 4288 3014 4346; x_wconf 78' lang='grc' dir='ltr'><strong>οὖν</strong></span> <span class='ocrx_word' id='word_1_772' title='bbox 3053 4291 3122 4344; x_wconf 82' lang='grc' dir='ltr'>τὰ</span> <span class='ocrx_word' id='word_1_773' title='bbox 3174 4288 3337 4360; x_wconf 87' lang='grc' dir='ltr'>θηρία</span> <span class='ocrx_word' id='word_1_774' title='bbox 3379 4287 3480 4358; x_wconf 82' lang='grc' dir='ltr'><strong>τῆς</strong></span> <span class='ocrx_word' id='word_1_775' title='bbox 3526 4286 3619 4339; x_wconf 85' lang='grc' dir='ltr'><strong>τοῦ</strong></span> <span class='ocrx_word' id='word_1_776' title='bbox 3671 4283 3824 4337; x_wconf 77' lang='grc' dir='ltr'>Θεοῦ.</span> 
     </span>
    </p>
   </div>
   <div class='ocr_carea' id='block_1_106' title="bbox 2239 4377 3674 4460">
    <p class='ocr_par' dir='ltr' id='par_1_106' title="bbox 2239 4377 3674 4460">
     <span class='ocr_line' id='line_1_106' title="bbox 2239 4377 3674 4460; baseline -0.009 -17"><span class='ocrx_word' id='word_1_777' title='bbox 2239 4389 2486 4460; x_wconf 81' lang='grc' dir='ltr'>κλήσεως</span> <span class='ocrx_word' id='word_1_778' title='bbox 2513 4385 2780 4451; x_wconf 81' lang='grc' dir='ltr'>καταξιοῖ,</span> <span class='ocrx_word' id='word_1_779' title='bbox 2814 4384 2909 4438; x_wconf 76' lang='grc' dir='ltr'>καὶ</span> <span class='ocrx_word' id='word_1_780' title='bbox 2939 4385 3016 4447; x_wconf 90' lang='grc' dir='ltr'>εἰς</span> <span class='ocrx_word' id='word_1_781' title='bbox 3038 4381 3276 4437; x_wconf 77' lang='grc' dir='ltr'>ἑστίασιν</span> <span class='ocrx_word' id='word_1_782' title='bbox 3306 4377 3674 4434; x_wconf 86' lang='grc' dir='ltr'>ἀνακαλεῖται.</span> 
     </span>
    </p>
   </div>
   <div class='ocr_carea' id='block_1_107' title="bbox 2167 4511 3816 4595">
    <p class='ocr_par' dir='ltr' id='par_1_107' title="bbox 2167 4511 3816 4595">
     <span class='ocr_line' id='line_1_107' title="bbox 2167 4511 3816 4595; baseline -0.01 -14"><span class='ocrx_word' id='word_1_783' title='bbox 2167 4535 2216 4595; x_wconf 84' lang='grc' dir='ltr'><strong>ι)</strong></span> <span class='ocrx_word' id='word_1_784' title='bbox 2319 4547 2342 4579; x_wconf 78' lang='grc' dir='ltr'><strong>ι.</strong></span> <span class='ocrx_word' id='word_1_785' title='bbox 2371 4526 2559 4589; x_wconf 83' lang='grc' dir='ltr'>Ἴδετε,</span> <span class='ocrx_word' id='word_1_786' title='bbox 2587 4523 2668 4576; x_wconf 68' lang='grc' dir='ltr'>ὅτι</span> <span class='ocrx_word' id='word_1_787' title='bbox 2699 4520 3134 4590; x_wconf 80' lang='grc' dir='ltr'>ὲκτετὺφλωνται</span> <span class='ocrx_word' id='word_1_788' title='bbox 3157 4516 3357 4577; x_wconf 85' lang='grc' dir='ltr'>πάντες</span> <span class='ocrx_word' id='word_1_789' title='bbox 3376 4531 3390 4545; x_wconf 86' lang='grc'><strong>·</strong></span> <span class='ocrx_word' id='word_1_790' title='bbox 3426 4512 3525 4566; x_wconf 86' lang='grc' dir='ltr'><strong>οὑκ</strong></span> <span class='ocrx_word' id='word_1_791' title='bbox 3549 4511 3816 4578; x_wconf 64' lang='grc' dir='ltr'><strong>ἔγνωσαν.⁵</strong></span> 
     </span>
    </p>
   </div>
   <div class='ocr_carea' id='block_1_108' title="bbox 2243 4603 3820 4688">
    <p class='ocr_par' dir='ltr' id='par_1_108' title="bbox 2243 4603 3820 4688">
     <span class='ocr_line' id='line_1_108' title="bbox 2243 4603 3820 4688; baseline -0.01 -13"><span class='ocrx_word' id='word_1_792' title='bbox 2243 4620 2402 4684; x_wconf 84' lang='grc' dir='ltr'>κύνες</span> <span class='ocrx_word' id='word_1_793' title='bbox 2431 4619 2572 4671; x_wconf 72' lang='grc' dir='ltr'>ὲνεοὶ</span> <span class='ocrx_word' id='word_1_794' title='bbox 2590 4617 2652 4670; x_wconf 84' lang='grc' dir='ltr'><strong>οὑ</strong></span> <span class='ocrx_word' id='word_1_795' title='bbox 2683 4616 2998 4688; x_wconf 78' lang='grc' dir='ltr'>δυνήσονται</span> <span class='ocrx_word' id='word_1_796' title='bbox 3052 4611 3320 4670; x_wconf 82' lang='grc' dir='ltr'>ὑλακτεῖν,</span> <span class='ocrx_word' id='word_1_797' title='bbox 3375 4603 3820 4674; x_wconf 68' lang='grc' dir='ltr'>ἐνυπνιαζόμενοι.</span> 
     </span>
    </p>
   </div>
   <div class='ocr_carea' id='block_1_109' title="bbox 2243 4695 3820 4786">
    <p class='ocr_par' dir='ltr' id='par_1_109' title="bbox 2243 4695 3820 4786">
     <span class='ocr_line' id='line_1_109' title="bbox 2243 4695 3820 4786; baseline -0.01 -19"><span class='ocrx_word' id='word_1_798' title='bbox 2243 4714 2451 4786; x_wconf 83' lang='grc' dir='ltr'>κοίτην,</span> <span class='ocrx_word' id='word_1_799' title='bbox 2483 4709 2762 4780; x_wconf 81' lang='grc' dir='ltr'>φιλοῦντες</span> <span class='ocrx_word' id='word_1_800' title='bbox 2792 4705 3071 4770; x_wconf 87' lang='grc' dir='ltr'>νυστάξαι.</span> <span class='ocrx_word' id='word_1_801' title='bbox 3103 4723 3122 4755; x_wconf 75' lang='grc' dir='ltr'><strong>ι</strong></span> <span class='ocrx_word' id='word_1_802' title='bbox 3157 4703 3268 4757; x_wconf 76' lang='grc' dir='ltr'><strong>Καὶ</strong></span> <span class='ocrx_word' id='word_1_803' title='bbox 3304 4701 3534 4754; x_wconf 85' lang='grc' dir='ltr'>τοιοῦτοι</span> <span class='ocrx_word' id='word_1_804' title='bbox 3559 4699 3657 4770; x_wconf 84' lang='grc' dir='ltr'>μὲν</span> <span class='ocrx_word' id='word_1_805' title='bbox 3677 4695 3820 4770; x_wconf 73' lang='grc' dir='ltr'>ἦσαν</span> 
     </span>
    </p>
   </div>
   <div class='ocr_carea' id='block_1_110' title="bbox 2243 4789 3821 4872">
    <p class='ocr_par' dir='ltr' id='par_1_110' title="bbox 2243 4789 3821 4872">
     <span class='ocr_line' id='line_1_110' title="bbox 2243 4789 3821 4872; baseline -0.011 -13"><span class='ocrx_word' id='word_1_806' title='bbox 2243 4807 2294 4859; x_wconf 75' lang='lat' dir='ltr'><strong>oi</strong></span> <span class='ocrx_word' id='word_1_807' title='bbox 2324 4805 2432 4858; x_wconf 90' lang='grc' dir='ltr'><strong>τῶν</strong></span> <span class='ocrx_word' id='word_1_808' title='bbox 2467 4803 2738 4858; x_wconf 84' lang='grc' dir='ltr'>Ἰουδαίων</span> <span class='ocrx_word' id='word_1_809' title='bbox 2766 4802 3023 4872; x_wconf 75' lang='grc' dir='ltr'>ἄρχοντες</span> <span class='ocrx_word' id='word_1_810' title='bbox 3053 4797 3189 4869; x_wconf 78' lang='grc' dir='ltr'>πρὸς</span> <span class='ocrx_word' id='word_1_811' title='bbox 3216 4795 3340 4858; x_wconf 80' lang='grc' dir='ltr'>τοὺς</span> <span class='ocrx_word' id='word_1_812' title='bbox 3363 4794 3537 4857; x_wconf 84' lang='grc' dir='ltr'>ὲκτὸς,</span> <span class='ocrx_word' id='word_1_813' title='bbox 3563 4792 3696 4864; x_wconf 81' lang='grc' dir='ltr'>πρὸς</span> <span class='ocrx_word' id='word_1_814' title='bbox 3725 4789 3821 4854; x_wconf 69' lang='grc' dir='ltr'><strong>οὓς</strong></span> 
     </span>
    </p>
   </div>
   <div class='ocr_carea' id='block_1_111' title="bbox 2247 4883 3824 4969">
    <p class='ocr_par' dir='ltr' id='par_1_111' title="bbox 2247 4883 3824 4969">
     <span class='ocr_line' id='line_1_111' title="bbox 2247 4883 3824 4969; baseline -0.011 -16"><span class='ocrx_word' id='word_1_815' title='bbox 2247 4900 2354 4953; x_wconf 79' lang='grc' dir='ltr'>ἔδει</span> <span class='ocrx_word' id='word_1_816' title='bbox 2388 4896 2746 4969; x_wconf 77' lang='grc' dir='ltr'>ἐγρηγορέναι</span> <span class='ocrx_word' id='word_1_817' title='bbox 2776 4894 2870 4946; x_wconf 73' lang='grc' dir='ltr'>καὶ</span> <span class='ocrx_word' id='word_1_818' title='bbox 2902 4893 3120 4963; x_wconf 85' lang='grc' dir='ltr'>νήφειν,</span> <span class='ocrx_word' id='word_1_819' title='bbox 3160 4889 3254 4941; x_wconf 80' lang='grc' dir='ltr'><strong>καὶ</strong></span> <span class='ocrx_word' id='word_1_820' title='bbox 3283 4885 3424 4941; x_wconf 86' lang='grc' dir='ltr'><strong>κατά</strong></span> <span class='ocrx_word' id='word_1_821' title='bbox 3461 4885 3569 4939; x_wconf 79' lang='grc' dir='ltr'><strong>τῶν</strong></span> <span class='ocrx_word' id='word_1_822' title='bbox 3609 4883 3824 4954; x_wconf 74' lang='grc' dir='ltr'>ἐχθρῶν</span> 
     </span>
    </p>
   </div>
   <div class='ocr_carea' id='block_1_112' title="bbox 2251 4979 3830 5062">
    <p class='ocr_par' dir='ltr' id='par_1_112' title="bbox 2251 4979 3830 5062">
     <span class='ocr_line' id='line_1_112' title="bbox 2251 4979 3830 5062; baseline -0.011 -15"><span class='ocrx_word' id='word_1_823' title='bbox 2251 4993 2498 5047; x_wconf 85' lang='grc' dir='ltr'>ὑλακτεῖν</span> <span class='ocrx_word' id='word_1_824' title='bbox 2523 5008 2536 5021; x_wconf 72' lang='grc' dir='ltr'><strong>ο</strong></span> <span class='ocrx_word' id='word_1_825' title='bbox 2579 4991 2714 5062; x_wconf 84' lang='grc' dir='ltr'>πρὸς</span> <span class='ocrx_word' id='word_1_826' title='bbox 2732 4989 2789 5041; x_wconf 86' lang='grc' dir='ltr'>δὲ</span> <span class='ocrx_word' id='word_1_827' title='bbox 2813 4988 2938 5051; x_wconf 81' lang='grc' dir='ltr'>τοὺς</span> <span class='ocrx_word' id='word_1_828' title='bbox 2964 4985 3198 5048; x_wconf 81' lang='grc' dir='ltr'>οἰκείους</span> <span class='ocrx_word' id='word_1_829' title='bbox 3217 4982 3452 5046; x_wconf 89' lang='grc' dir='ltr'>ἀναιδεῖς</span> <span class='ocrx_word' id='word_1_830' title='bbox 3471 4997 3614 5044; x_wconf 86' lang='grc' dir='ltr'>τινες</span> <span class='ocrx_word' id='word_1_831' title='bbox 3645 4979 3830 5049; x_wconf 76' lang='grc' dir='ltr'>ὑπῆρ-</span> 
     </span>
    </p>
   </div>
   <div class='ocr_carea' id='block_1_113' title="bbox 2249 5071 3834 5158">
    <p class='ocr_par' dir='ltr' id='par_1_113' title="bbox 2249 5071 3834 5158">
     <span class='ocr_line' id='line_1_113' title="bbox 2249 5071 3834 5158; baseline -0.009 -18"><span class='ocrx_word' id='word_1_832' title='bbox 2249 5102 2362 5158; x_wconf 89' lang='grc' dir='ltr'>χον,</span> <span class='ocrx_word' id='word_1_833' title='bbox 2391 5082 2765 5146; x_wconf 86' lang='grc' dir='ltr'>κατεσθίοντες</span> <span class='ocrx_word' id='word_1_834' title='bbox 2786 5080 2857 5134; x_wconf 84' lang='grc' dir='ltr'><strong>τά</strong></span> <span class='ocrx_word' id='word_1_835' title='bbox 2879 5079 2971 5133; x_wconf 84' lang='grc' dir='ltr'>ὑπ’</span> <span class='ocrx_word' id='word_1_836' title='bbox 2991 5079 3175 5143; x_wconf 87' lang='grc' dir='ltr'>αὑτοῖς</span> <span class='ocrx_word' id='word_1_837' title='bbox 3212 5073 3607 5147; x_wconf 86' lang='grc' dir='ltr'>ποιμαινόμενα</span> <span class='ocrx_word' id='word_1_838' title='bbox 3659 5071 3834 5144; x_wconf 78' lang='grc' dir='ltr'>θρέμ-</span> 
     </span>
    </p>
   </div>
   <div class='ocr_carea' id='block_1_114' title="bbox 2250 5196 2415 5252">
    <p class='ocr_par' dir='ltr' id='par_1_114' title="bbox 2250 5196 2415 5252">
     <span class='ocr_line' id='line_1_114' title="bbox 2250 5196 2415 5252; baseline -0.006 -19"><span class='ocrx_word' id='word_1_839' title='bbox 2250 5196 2415 5252; x_wconf 88' lang='grc' dir='ltr'>ματα.</span> 
     </span>
    </p>
   </div>
   <div class='ocr_carea' id='block_1_115' title="bbox 2326 5298 3832 5379">
    <p class='ocr_par' dir='ltr' id='par_1_115' title="bbox 2326 5298 3832 5379">
     <span class='ocr_line' id='line_1_115' title="bbox 2326 5298 3832 5379; baseline -0.013 -10"><span class='ocrx_word' id='word_1_840' title='bbox 2326 5338 2344 5369; x_wconf 82' lang='grc'><strong>«</strong></span> <span class='ocrx_word' id='word_1_841' title='bbox 2382 5317 2493 5372; x_wconf 68' lang='grc' dir='ltr'><strong>Καὶ</strong></span> <span class='ocrx_word' id='word_1_842' title='bbox 2545 5318 2595 5369; x_wconf 91' lang='grc' dir='ltr'><strong>οί</strong></span> <span class='ocrx_word' id='word_1_843' title='bbox 2645 5313 2804 5378; x_wconf 87' lang='grc' dir='ltr'>κύνες</span> <span class='ocrx_word' id='word_1_844' title='bbox 2854 5311 3094 5373; x_wconf 89' lang='grc' dir='ltr'>ἀναιδεῖς</span> <span class='ocrx_word' id='word_1_845' title='bbox 3156 5310 3221 5379; x_wconf 75' lang='grc' dir='ltr'>τῇ</span> <span class='ocrx_word' id='word_1_846' title='bbox 3269 5306 3436 5378; x_wconf 69' lang='grc' dir='ltr'>ψυχῇ,</span> <span class='ocrx_word' id='word_1_847' title='bbox 3477 5303 3578 5356; x_wconf 84' lang='grc' dir='ltr'><strong>οὑκ</strong></span> <span class='ocrx_word' id='word_1_848' title='bbox 3627 5298 3832 5362; x_wconf 80' lang='grc' dir='ltr'>εἰδότες</span> 
     </span>
    </p>
   </div>
   <div class='ocr_carea' id='block_1_116' title="bbox 2259 5394 3826 5485">
    <p class='ocr_par' dir='ltr' id='par_1_116' title="bbox 2259 5394 3826 5485">
     <span class='ocr_line' id='line_1_116' title="bbox 2259 5394 3826 5485; baseline -0.015 -17"><span class='ocrx_word' id='word_1_849' title='bbox 2259 5414 2590 5485; x_wconf 80' lang='grc' dir='ltr'>πλησμονήν.</span> <span class='ocrx_word' id='word_1_850' title='bbox 2625 5409 2733 5463; x_wconf 89' lang='grc' dir='ltr'><strong>Καί</strong></span> <span class='ocrx_word' id='word_1_851' title='bbox 2761 5409 2869 5461; x_wconf 87' lang='grc' dir='ltr'>είσι</span> <span class='ocrx_word' id='word_1_852' title='bbox 2905 5403 3129 5476; x_wconf 76' lang='grc' dir='ltr'>πονηροὶ</span> <span class='ocrx_word' id='word_1_853' title='bbox 3159 5402 3261 5455; x_wconf 90' lang='grc' dir='ltr'><strong>οὑκ</strong></span> <span class='ocrx_word' id='word_1_854' title='bbox 3313 5397 3512 5460; x_wconf 87' lang='grc' dir='ltr'>εἰδότες</span> <span class='ocrx_word' id='word_1_855' title='bbox 3567 5394 3784 5448; x_wconf 84' lang='grc' dir='ltr'>σύνεσιν</span> <span class='ocrx_word' id='word_1_856' title='bbox 3813 5408 3826 5424; x_wconf 91' lang='grc'><strong>·</strong></span> 
     </span>
    </p>
   </div>
   <div class='ocr_carea' id='block_1_117' title="bbox 2257 5487 3822 5568">
    <p class='ocr_par' dir='ltr' id='par_1_117' title="bbox 2257 5487 3822 5568">
     <span class='ocr_line' id='line_1_117' title="bbox 2257 5487 3822 5568; baseline -0.014 -9"><span class='ocrx_word' id='word_1_857' title='bbox 2257 5505 2456 5568; x_wconf 83' lang='grc' dir='ltr'>πάντες</span> <span class='ocrx_word' id='word_1_858' title='bbox 2495 5505 2616 5566; x_wconf 88' lang='grc' dir='ltr'>ταῖς</span> <span class='ocrx_word' id='word_1_859' title='bbox 2670 5501 2809 5564; x_wconf 87' lang='grc' dir='ltr'>ὁδοῖς</span> <span class='ocrx_word' id='word_1_860' title='bbox 2866 5495 3047 5552; x_wconf 86' lang='grc' dir='ltr'>αὑτῶν</span> <span class='ocrx_word' id='word_1_861' title='bbox 3095 5492 3546 5563; x_wconf 76' lang='grc' dir='ltr'>ὲξηκολούθησαν,</span> <span class='ocrx_word' id='word_1_862' title='bbox 3604 5487 3822 5550; x_wconf 71' lang='grc' dir='ltr'>ἕκαστος</span> 
     </span>
    </p>
   </div>
   <div class='ocr_carea' id='block_1_118' title="bbox 2257 5579 3836 5652">
    <p class='ocr_par' dir='ltr' id='par_1_118' title="bbox 2257 5579 3836 5652">
     <span class='ocr_line' id='line_1_118' title="bbox 2257 5579 3836 5652; baseline -0.011 0"><span class='ocrx_word' id='word_1_863' title='bbox 2257 5598 2398 5652; x_wconf 82' lang='grc' dir='ltr'><strong>κατά</strong></span> <span class='ocrx_word' id='word_1_864' title='bbox 2427 5597 2486 5650; x_wconf 78' lang='grc' dir='ltr'><strong>τὸ</strong></span> <span class='ocrx_word' id='word_1_865' title='bbox 2508 5593 2700 5649; x_wconf 76' lang='grc' dir='ltr'>ἑαυτοῦ</span> <span class='ocrx_word' id='word_1_866' title='bbox 2727 5611 2740 5623; x_wconf 86' lang='grc'><strong>·</strong></span> <span class='ocrx_word' id='word_1_867' title='bbox 2789 5613 2806 5644; x_wconf 74' lang='grc' dir='ltr'><strong>ι</strong></span> <span class='ocrx_word' id='word_1_868' title='bbox 2830 5591 2890 5644; x_wconf 88' lang='grc' dir='ltr'><strong>οὑ</strong></span> <span class='ocrx_word' id='word_1_869' title='bbox 2933 5592 3051 5652; x_wconf 88' lang='grc' dir='ltr'>ταῖς</span> <span class='ocrx_word' id='word_1_870' title='bbox 3075 5587 3213 5650; x_wconf 86' lang='grc' dir='ltr'>ὁδοῖς</span> <span class='ocrx_word' id='word_1_871' title='bbox 3240 5585 3332 5638; x_wconf 87' lang='grc' dir='ltr'><strong>τοῦ</strong></span> <span class='ocrx_word' id='word_1_872' title='bbox 3367 5582 3521 5647; x_wconf 83' lang='grc' dir='ltr'>Θεοῦ,</span> <span class='ocrx_word' id='word_1_873' title='bbox 3545 5580 3679 5635; x_wconf 83' lang='grc' dir='ltr'><strong>ἀλλά</strong></span> <span class='ocrx_word' id='word_1_874' title='bbox 3712 5579 3836 5644; x_wconf 69' lang='grc' dir='ltr'>ταῖς</span> 
     </span>
    </p>
   </div>
   <div class='ocr_carea' id='block_1_119' title="bbox 2259 5674 3648 5750">
    <p class='ocr_par' dir='ltr' id='par_1_119' title="bbox 2259 5674 3648 5750">
     <span class='ocr_line' id='line_1_119' title="bbox 2259 5674 3648 5750; baseline -0.014 -6"><span class='ocrx_word' id='word_1_875' title='bbox 2259 5687 2464 5744; x_wconf 78' lang='grc' dir='ltr'>ἑαυτῶν</span> <span class='ocrx_word' id='word_1_876' title='bbox 2495 5685 2580 5738; x_wconf 76' lang='grc' dir='ltr'><strong>διὰ</strong></span> <span class='ocrx_word' id='word_1_877' title='bbox 2617 5683 2706 5736; x_wconf 76' lang='grc' dir='ltr'><strong>τοῦ</strong></span> <span class='ocrx_word' id='word_1_878' title='bbox 2733 5683 2798 5736; x_wconf 71' lang='grc' dir='ltr'>τὰ</span> <span class='ocrx_word' id='word_1_879' title='bbox 2830 5679 3138 5750; x_wconf 80' lang='grc' dir='ltr'>καταθύμια</span> <span class='ocrx_word' id='word_1_880' title='bbox 3159 5677 3340 5740; x_wconf 83' lang='grc' dir='ltr'>αὑτοῖς</span> <span class='ocrx_word' id='word_1_881' title='bbox 3366 5674 3648 5746; x_wconf 81' lang='grc' dir='ltr'>πράττειν.</span> 
     </span>
    </p>
   </div>
  </div>
