4130 6400
340 368 449 427 475

857 477 1254 531 ΚΕΦΛΛΑΙΟΝ
1294 475 1417 528 ΝΖ’.

403 587 430 622 ι
467 568 658 633 Ἴδετε,
691 567 766 631 ὡς
791 567 996 632 δίκαιος
1028 568 1294 632 ἀπώλετο,
1323 568 1418 621 καὶ
1449 568 1624 632 οὐδεὶς
1650 568 1918 639 ἐνδέχεται

333 664 403 734 τῇ
430 659 662 732 καρδίᾳο
699 659 794 713 καὶ
837 661 1028 733 ἄνδρες
1051 661 1248 714 δίκαιοι
1297 661 1561 732 αἴρονται,
1617 661 1712 714 καὶ
1748 661 1919 725 οὐδεὶς

335 750 610 804 κατανοεῖ.
631 748 762 802 Ἀπὸ
777 749 886 820 γὰρ
900 749 1188 821 προσώπου
1207 746 1592 822 ἀδικίαςῆρται
1613 753 1640 804 ὁ
1657 751 1878 816 δίκαιος.
1895 771 1912 802 ι

334 841 446 895 Καὶ
476 841 596 904 πῶς
622 839 845 911 ἔμελλον
877 845 1158 896 κατανοεῖν
1187 844 1235 895 οἱ
1281 843 1381 906 τὰς
1413 843 1589 915 ψυχὰς
1613 843 1837 913 τυφλοί;
1869 845 1917 896 εἰ

334 930 446 1002 γὰρ
481 931 556 1003 μὴ
593 929 766 994 οὕτως
827 929 990 1002 εἶχον,
1050 932 1154 987 κᾶν
1201 932 1387 1005 ἐώρων
1432 935 1521 988 τὸν
1555 935 1780 1000 δίκαιον,
1826 937 1919 990 καὶ

335 1022 594 1074 συνίεσαν
613 1017 726 1094 τὴν
745 1022 951 1076 ἑαυτῶν
979 1024 1292 1094 οἰκονομίαν
1318 1043 1332 1056 ο
1369 1024 1484 1079 ἀλλ’
1504 1028 1551 1080 οἱ
1603 1028 1702 1098 μὲν
1728 1027 1918 1096 τυφλοὶ

332 1111 484 1175 ὄντες
511 1111 606 1165 καὶ
635 1113 794 1178 κύνες
821 1115 1056 1179 ἀναιδεῖς
1093 1133 1316 1170 τοιαυτα
1359 1120 1497 1170 κατά
1530 1119 1637 1172 τῶν
1694 1119 1918 1174 δικαίων

331 1199 574 1271 δτὸλμων
598 1218 612 1232 ⁸
640 1203 688 1254 οἰ
720 1201 776 1256 δὲ
800 1206 857 1258 ὲν
883 1205 1074 1277 εἰρήνῃ
1096 1206 1200 1259 ὑπὸ
1254 1207 1350 1260 τοῦ
1385 1207 1520 1263 Θεοῦ
1563 1210 1917 1282 παρελαμϐάο

333 1306 506 1345 νοντο.

403 1399 422 1433 ι
460 1383 657 1438 Ἔσται
691 1387 748 1438 ὲν
788 1387 981 1459 εἰρήνῃ
1014 1389 1046 1458 ὴ
1080 1388 1222 1459 ταφὴ
1251 1389 1436 1452 αὑτοῦ,
1495 1385 1657 1460 ἦρται
1704 1393 1768 1445 ὲκ
1821 1393 1914 1446 τοῦ

332 1471 524 1544 μέσου.
557 1493 578 1526 ι
613 1476 772 1530 Εἴποι
797 1476 842 1529 δ’
875 1477 942 1530 ἄν
970 1495 1054 1541 τις
1099 1478 1357 1532 δύνασθαι
1415 1481 1588 1534 ταῦτα
1630 1483 1914 1553 ἁρμόττειν

325 1561 421 1615 καὶ
456 1560 537 1632 τῷ
579 1565 794 1636 Σωτῆρι
828 1566 922 1618 καὶ
961 1569 1073 1629 τοῖς
1097 1566 1366 1638 μαθηταῖς
1413 1568 1576 1622 αὐτοῦ
1626 1574 1738 1634 τοῖς
1810 1572 1914 1625 ύπὺ

321 1651 418 1705 τοῦ
463 1653 741 1708 Ἰουδαίων
793 1655 979 1720 ἔθνους
1024 1657 1595 1731 ἐπιϐεϐουλευμένοιςο
1649 1663 1782 1717 ἀλλά
1823 1666 1914 1718 καὶ

323 1742 424 1813 τὴν
451 1744 756 1800 ἀνάστασιν
781 1747 872 1800 τοῦ
899 1748 1150 1820 Σωτῆρος
1173 1751 1332 1822 ήμῶν
1359 1754 1693 1808 αἰνίττεσθαι
1733 1757 1794 1809 τὸ
1827 1757 1914 1811 λό-

1259 359 1764 417 COMMENTARIA
1803 361 1870 415 IN
1908 360 2161 417 lSAlAM.
2187 392 2249 401 —-
2291 358 2443 416 CAP.
2483 355 2637 412 LVII.

3487 338 3591 399 ιη

2593 468 2821 527 CAPUT
2861 465 3015 522 LVII.

2089 570 2251 625 Vens.
2275 569 2325 621 Ι.
2367 585 2386 618 ι
2423 565 2612 620 Videte
2641 561 2908 633 quomodo
2933 559 3112 629 justus
3139 553 3316 626 periit,
3349 561 3404 606 et
3431 563 3592 604 nemo

2018 661 2241 730 suscipit
2267 660 2429 714 corde
2460 673 2476 710 :
2504 663 2558 708 et
2587 654 2689 709 viri
2739 653 2869 722 jnsti
2909 650 3190 712 tolluntur,
3221 655 3276 701 et
3305 643 3481 698 nullus
3506 649 3588 696 est

2017 753 2107 822 qni
2134 752 2454 806 consideret.
2491 745 2624 800 Nam
2671 761 2701 798 a
2731 744 2865 798 facie
2895 738 3196 809 iniquitatis
3240 735 3485 790 sublatus
3505 739 3590 787 est

2011 819 2209 913 justus.
2239 859 2257 892 ι
2286 837 2639 908 thuomodo
2676 832 3104 892 considerarent,
3127 826 3219 897 qui
3242 824 3436 878 animis
3461 819 3586 875 caeci

2017 941 2176 987 erant
2207 946 2221 983 :
2253 944 2379 983 nam
2414 929 2457 983 si
2486 944 2592 982 non
2616 927 2690 979 ita
2723 939 2780 978 se
2803 920 3138 984 habuissent,
3168 915 3358 971 saltent
3380 914 3584 980 justum

2016 1023 2276 1078 vidissent
2311 1031 2366 1074 et
2404 1034 2560 1074 suam
2603 1015 2701 1085 ipsi
2756 1011 3110 1068 (economiam
3151 1007 3463 1062 novissent:
3491 1001 3588 1057 sed

2014 1131 2135 1172 cum
2162 1114 2311 1178 caeci,
2331 1123 2388 1168 et
2416 1125 2582 1167 canes
2625 1108 2963 1176 impudentes
2987 1109 3187 1165 essent,
3245 1097 3369 1152 talia
3399 1105 3586 1150 contra

2010 1207 2183 1276 justos
2219 1203 2434 1276 aggredi
2481 1200 2764 1257 audebant
2795 1214 2808 1249 :
2834 1197 2966 1268 justi
3019 1208 3149 1250 vero
3190 1206 3222 1245 a
3245 1191 3352 1245 Deo
3378 1189 3430 1242 in
3457 1199 3589 1256 pace

2013 1298 2466 1368 suscipiebantur.

2088 1393 2252 1450 Vens.
2282 1395 2336 1448 2.
2381 1411 2399 1444 ›
2437 1391 2557 1446 Erit
2578 1389 2630 1444 in
2654 1401 2787 1458 pace
2814 1383 3086 1454 sepultura
3113 1379 3250 1448 ejus,
3274 1376 3478 1432 sublata
3499 1383 3585 1430 est

2013 1490 2078 1543 de
2115 1488 2314 1542 medio.
2358 1504 2376 1537 ι
2421 1482 2631 1539 Dixerit
2677 1480 2943 1551 quispiam
2977 1479 3090 1530 ba-c
3137 1483 3192 1529 et
3239 1470 3501 1526 Salvator-.i
3529 1478 3586 1524 et

2011 1578 2288 1648 discipulis
2320 1575 2436 1645 ejus
2483 1583 2824 1642 competere,
2881 1569 2970 1639 qui
3007 1584 3034 1622 a
3065 1565 3284 1621 Judaica
3317 1573 3474 1635 gente
3505 1562 3587 1616 in-

2011 1669 2166 1724 sidiis
2187 1668 2580 1738 appetebantur
2613 1681 2627 1718 :
2663 1663 2756 1718 sed
2781 1661 2941 1715 etiam
2989 1660 3080 1714 hic
3121 1656 3420 1711 Salvatoris
3448 1668 3588 1724 quos

2012 1773 2115 1829 que
2144 1758 2314 1812 nostri
2353 1754 2822 1811 resurrectionem
2869 1747 3180 1804 adumbrari
3207 1745 3588 1817 pronuntiave-

327 1835 447 1902 γιόν
471 1854 642 1909 φησι·
677 1837 772 1892 τοῦ
831 1840 930 1910 μὲν
971 1840 1202 1897 θανάτου
1246 1843 1334 1898 διά
1379 1846 1477 1917 τῆς
1505 1847 1682 1918 ταφῆς
1744 1850 1903 1903 αὐτοῦ

2013 1852 2084 1905 rit
2120 1865 2136 1903 :
2171 1850 2242 1904 ita
2273 1858 2334 1904 ut
2365 1863 2514 1902 mors
2540 1847 2657 1917 ejus
2698 1859 2796 1914 per
2846 1843 3205 1912 sepulturam,
3258 1837 3587 1894 resurrectio

324 1925 674 2000 δηλουμένου,
701 1933 800 2003 τῆς
832 1934 877 1988 δ’
907 1935 1253 2001 ἀναστάσεως
1277 1936 1365 1992 διά
1390 1937 1509 2003 τοῦ,
1575 1957 1594 1990 ι
1634 1939 1814 2012 Ἢρθη
1846 1944 1910 1997 ἐκ

328 2018 424 2071 τοῦ
458 2021 626 2091 μέσου
661 2025 694 2093 ἡ
715 2025 858 2098 ταφὴ
887 2027 1075 2081 αὑτοῦ.
1119 2047 1138 2080 ι
1189 2028 1425 2101 Ἀφανὴς
1468 2031 1658 2100 γέγονε
1709 2033 1796 2087 διά
1851 2035 1911 2088 τὸ

332 2107 408 2181 μὴ
439 2111 729 2184 ἀπομείναι
763 2116 926 2170 αύτδν
954 2120 1012 2172 ἐν
1031 2118 1110 2190 τῷ
1141 2119 1241 2190 τῆς
1280 2123 1459 2192 ταφῆς
1484 2123 1632 2194 τόπῳ
1659 2141 1674 2155 ο
1729 2125 1849 2180 ὅθεν
1881 2127 1909 2178 ό

327 2197 560 2267 ἄγγελος
605 2202 829 2268 ἐπιστὰς
860 2209 978 2269 ταῖς
1036 2207 1277 2276 γυναιξὶν
1332 2210 1483 2280 ἔλεγε
1507 2229 1520 2241 ·
1580 2232 1598 2265 ι
1634 2212 1766 2268 Τίνα
1817 2214 1913 2287 ζη-

326 2292 511 2358 cette;
569 2294 815 2366 Ἰησοῦν;
860 2297 973 2351 Ούκ
1026 2299 1172 2353 ἐστιν
1222 2298 1352 2356 ὧδε·
1392 2303 1566 2369 δεῦτε,
1625 2305 1760 2360 ἰδετε
1819 2309 1908 2361 τὸν

330 2379 498 2436 τόπον
523 2385 709 2442 αὐτοῦ.
751 2407 771 2442 ι

408 2493 427 2526 ι
466 2474 655 2548 Ὑμεῖς
682 2479 739 2534 δὲ
763 2481 1142 2552 προσαγάγετε
1179 2477 1301 2550 ὦδε,
1351 2486 1455 2539 υἱοὶ
1502 2486 1713 2558 ἄνομοι,
1742 2488 1908 2559 σπέρ-

327 2581 406 2635 μα
431 2571 637 2639 μοιχῶν
665 2574 758 2626 καὶ
789 2575 1014 2648 πόρνης.
1054 2577 1143 2630 Ἐν
1191 2577 1296 2631 τίνι
1335 2579 1771 2651 ὲνετρυφήσατε;
1814 2581 1907 2634 καὶ

321 2659 415 2712 ἐπὶ
468 2663 591 2716 τίνα
636 2665 882 2735 ⁴ήνοίξατε
925 2669 988 2722 τὸ
1042 2669 1216 2741 στόμα
1269 2671 1461 2740 ὑμῶν;
1514 2673 1607 2726 καὶ
1654 2674 1746 2726 ἐπὶ
1790 2674 1908 2728 τίνα

323 2749 627 2820 ὲχαλάσατε
647 2756 746 2828 τὴν
765 2757 1015 2825 γλῶσσαν
1047 2763 1078 2815 ὑ
1086 2761 1202 2833 μῶν
1222 2778 1236 2827 ;
1258 2763 1370 2833 Ούχ
1411 2763 1569 2834 ὑμεῖς
1587 2766 1710 2818 ἐστε
1738 2766 1906 2820 τέκνα

322 2841 620 2912 ἀπωλείας,
668 2849 890 2922 σπέρμα
935 2853 1195 2925 ἀνόμωνς
1248 2874 1268 2907 ι
1326 2856 1401 2910 Οὐ
1451 2859 1560 2928 γὰρ
1612 2856 1759 2922 ἄξιον
1809 2859 1903 2912 τοῦ

335 2934 588 3008 Ἀϐραὰμ
616 2939 708 2993 καὶ
738 2941 841 3012 τῆς
867 2943 1085 3015 Σάρρας
1115 2947 1281 3002 τέκνα
1303 2949 1446 3019 ὑμᾶς
1473 2949 1656 3004 καλεῖν
1681 2967 1696 2981 ο
1717 2952 1766 3003 εἰ
1794 2951 1903 3024 γὰρ

323 3027 490 3082 τέκνα
546 3029 640 3082 τοῦ
683 3031 930 3105 Ἀϐραὰμ
978 3031 1108 3106 ἦτε,
1166 3038 1236 3092 τὰ
1294 3038 1432 3110 ἔργα
1487 3040 1580 3093 τοῦ
1657 3040 1905 3113 Ἀϐραὰμ

323 3117 578 3172 ἐποιεῖτε.
607 3121 842 3193 Μοιχοὺς
867 3125 911 3178 δ’
941 3122 1081 3178 οἶδεν
1114 3127 1143 3179 ὁ
1171 3127 1327 3197 λόγος
1358 3130 1543 3183 καλεῖν
1573 3131 1699 3196 τοὺς
1732 3132 1901 3186 πάλαι

323 3209 858 3282 εἰδωλολατροῦντας,
885 3217 1012 3287 περὶ
1051 3210 1126 3270 ὧν
1171 3218 1382 3291 εἴρηται
1404 3237 1418 3251 ο
1459 3240 1477 3273 ι
1513 3222 1624 3275 Καὶ
1650 3223 1900 3293 ἐμοίχευ-

325 3322 423 3359 σαν
451 3308 514 3362 τὸ
548 3308 701 3373 ξύλον
733 3312 826 3364 καὶ
860 3311 952 3366 τὸν
984 3311 1129 3368 λίθον
1151 3330 1165 3344 '
1199 3333 1219 3366 ι
1257 3315 1460 3387 πόρνην
1480 3315 1537 3369 δὲ
1579 3318 1677 3388 τὴν
1705 3319 1902 3390 Ἰερου-

323 3395 502 3468 σαλὴμ
529 3398 718 3470 ἐδήλου
748 3399 836 3453 διὰ
875 3401 984 3454 τῶν
1017 3401 1323 3476 ἔμπροσθεν
1361 3406 1389 3457 ὀ
1441 3403 1628 3474 παρὼν
1691 3406 1902 3476 προφὴ-

318 3503 434 3557 της.
470 3488 720 3543 Μάλιστα
743 3489 852 3561 γάρ
873 3491 1049 3545 αὐτῶν
1079 3492 1176 3563 τὴν
1208 3492 1457 3560 γλῶσσαν
1491 3494 1669 3547 καὶτὸ
1727 3496 1899 3565 στόμα

319 3582 662 3636 καταιτιᾶται
687 3581 776 3635 διὰ
803 3581 901 3646 τὰς
935 3582 1074 3637 κατά
1095 3583 1188 3637 τοῦ
1215 3585 1469 3655 Σωτῆρος
1494 3586 1697 3656 φωνὰς,
1717 3588 1810 3640 καὶ
1834 3587 1901 3650 ἃς

315 3674 483 3728 εἰσέτι
514 3675 608 3728 καὶ
634 3674 730 3729 νῦν
756 3676 878 3729 κατ’
908 3675 1074 3729 αὐτοῦ
1105 3677 1384 3732 ποιοῦνται
1412 3678 1776 3750 βλασφημίας.
1809 3679 1899 3732 Διό

316 3782 516 3837 φησιν’
585 3786 604 3819 ι
647 3767 771 3820 Ἐπὶ
831 3768 953 3821 τίνα
992 3767 1240 3838 ὴνοίξατε
1281 3769 1342 3821 τὸ
1376 3769 1551 3841 στόμα
1583 3769 1772 3840 ὑμῶν;
1804 3771 1900 3822 καὶ

315 3856 411 3910 ἐπὶ
433 3858 556 3910 τίνα
601 3859 902 3929 ἐχαλάσατε
931 3859 1029 3931 τὴν
1073 3859 1324 3929 γλῶσσαν
1357 3861 1538 3932 ὑμῶν;
1580 3862 1690 3931 Οὐχ
1743 3862 1898 3932 ὑμεῖς

317 3948 442 4000 ἐπε
464 3948 628 4002 τέκνα
659 3950 968 4014 ἀπωλείας;
1000 3969 1018 4002 ι

391 4053 411 4088 ι
446 4039 508 4091 Οἰ
552 4038 996 4110 παρακαλοῦντες
1045 4040 1240 4094 εἴδωλα
1301 4042 1406 4095 ὑπὸ
1457 4041 1648 4112 δένδρα
1709 4043 1894 4108 δασέα,

319 4127 618 4198 σφάζοντες
676 4131 745 4185 τά
777 4132 943 4187 τέκνα
993 4131 1174 4186 αὐτῶν
1223 4135 1279 4185 ὲν
1308 4135 1430 4197 ταῖς
1463 4133 1732 4203 φάραγξιν
1793 4136 1896 4189 ,ἱνά

318 4218 483 4285 μέσον
511 4220 620 4274 τῶν
649 4222 883 4293 πετρῶν.
939 4223 1150 4294 Ἐκείνη
1186 4226 1340 4295 σουή
1393 4226 1570 4298 μερὶς,
1605 4220 1757 4287 οὗτός
1802 4243 1895 4279 σου

314 4309 593 4382 ὀκλῆρος·
651 4313 923 4377 κάκείνοις
957 4313 1178 4384 ἐξέχεας
1239 4315 1490 4382 σπονδὰς,
1542 4317 1636 4380 καὶ
1687 4315 1896 4381 τούτοις

315 4401 617 4472 ἀνήνεγκας
637 4402 844 4467 θυσίας.
892 4405 1014 4458 Ἐπὶ
1055 4406 1265 4471 τούτοις
1297 4403 1392 4461 οὖν
1444 4409 1543 4462 οὐκ
1576 4407 1897 4481 ὀργισθήσοο

2008 1951 2210 2008 autem,
2241 1941 2327 1996 his
2350 1939 2552 2005 verbis,
2595 1955 2614 1990 ι
2645 1935 2868 1992 Sublata
2895 1943 2979 1990 est
3015 1933 3082 1988 de
3117 1932 3293 1988 medio
3313 1930 3586 2000 sepultura

2008 2035 2146 2105 ejus,
2181 2053 2200 2086 ι
2239 2033 2531 2089 indicetur.
2589 2030 2665 2086 De
2719 2029 2895 2084 medio
2943 2025 3184 2083 sublatus
3220 2035 3322 2089 est,
3359 2023 3482 2094 quia
3527 2023 3582 2078 in

2009 2125 2126 2182 loco
2168 2126 2460 2196 sepulturae
2497 2139 2604 2179 non
2647 2121 2844 2178 mansit
2887 2135 2902 2175 :
2939 2133 3108 2191 quare
3142 2116 3366 2185 angelus
3395 2114 3584 2169 mulie-

2009 2219 2158 2274 ribus
2174 2227 2360 2272 astans
2385 2214 2637 2271 dicebat:
2667 2233 2686 2267 ι
2719 2214 2888 2281 Quem
2917 2209 3196 2281 quaeritis?
3217 2208 3401 2264 Jesum
3424 2203 3583 2262 ?‘Ncn

2006 2319 2089 2365 est
2136 2308 2242 2366 hic.
2277 2306 2482 2374 venite,
2508 2306 2686 2365 videte
2713 2305 2887 2361 locum
2911 2303 3027 2372 ejus
3053 2304 3098 2355 ’.
3138 2319 3157 2353 ι

2087 2485 2246 2542 Vens.
2283 2484 2338 2549 '5,
2361 2484 2417 2542 4.
2442 2501 2460 2536 ι
2489 2483 2599 2538 Vos
2627 2491 2806 2536 autem
2834 2479 3082 2536 accedite
3109 2478 3234 2544 huc,
3261 2475 3355 2530 ﬁlii
3385 2473 3583 2544 iniqui,

2007 2590 2189 2631 semen
2207 2573 2574 2631 adulterorum
2588 2581 2644 2628 et
2657 2571 2981 2628 meretricis.
3001 2571 3054 2622 In
3075 2584 3233 2639 quem
3252 2564 3587 2622 insultastis?

2007 2679 2062 2723 et
2096 2669 2152 2724 in
2180 2683 2339 2738 quem
2363 2665 2655 2738 aperuistis
2687 2679 2749 2719 os
2770 2662 3048 2718 vestrum?
3069 2670 3126 2717 et
3161 2661 3215 2715 in
3242 2674 3400 2729 quem
3435 2658 3586 2712 laxa-

2006 2762 2105 2818 stis
2141 2761 2376 2832 linguam
2408 2756 2690 2814 vestram?
2739 2756 2928 2812 Nonne
2958 2767 3056 2808 vos
3102 2753 3235 2809 estis
3267 2752 3361 2806 ﬁlii
3398 2750 3582 2820 perdi-

2010 2853 2188 2918 tionis,
2216 2867 2399 2907 semen
2433 2850 2810 2923 impiorum?»
2851 2847 3036 2917 Neque
3083 2845 3227 2900 enim
3268 2845 3412 2915 digni
3453 2843 3586 2898 estis

2005 2945 2097 3014 qui
2146 2945 2384 3000 Abrahae
2434 2953 2486 2999 et
2537 2941 2684 2998 Sarat
2733 2939 2828 2994 ﬁlii
2875 2937 3188 2996 vocemini:
3226 2951 3346 2990 nam
3399 2934 3443 2989 si
3487 2932 3586 2988 ﬁlii

2005 3035 2236 3090 Abrahaa
2273 3034 2490 3099 essetis,
2517 3048 2680 3104 opera
2703 3031 2936 3089 Abrahae
2965 3028 3239 3084 faceretis.
3294 3025 3586 3082 Adulteros

2003 3137 2182 3182 autem
2213 3126 2350 3182 solet
2368 3124 2646 3196 Scriptura
2663 3137 2859 3181 vocare
2877 3138 2994 3189 eos,
3011 3121 3100 3191 qui
3118 3120 3244 3176 olim
3266 3118 3584 3175 idblolatriae

2003 3220 2171 3277 dediti
2222 3229 2397 3285 erant,
2429 3219 2500 3274 de
2537 3217 2733 3288 quibus
2759 3218 2978 3280 dicitur,
3036 3233 3055 3267 ι
3103 3215 3171 3269 Et
3210 3213 3584 3268 adulterarunt

2001 3312 2202 3382 lignum
2231 3321 2285 3366 et
2302 3310 2565 3380 lapidem:
2608 3327 2626 3360 ι
2655 3307 2992 3362 meretricem
3010 3320 3137 3360 vero
3157 3302 3586 3372 Hierosolymam

2001 3405 2090 3459 hic
2132 3404 2391 3474 propheta
2437 3399 2687 3470 superius
2738 3398 3090 3466 nuncupavit.
3141 3395 3341 3448 Eorum
3383 3392 3584 3461 quippe

2000 3493 2238 3563 linguam
2271 3501 2326 3547 et
2365 3507 2430 3546 os
2470 3491 2523 3545 in
2575 3490 2781 3546 crimen
2839 3487 3076 3543 maxime
3123 3494 3302 3551 vocat,
3359 3490 3584 3552 propter

2001 3584 2121 3639 illas
2159 3593 2346 3640 contra
2371 3582 2708 3637 Salvatorem
2740 3581 2969 3634 emissas
3008 3591 3192 3641 voces,
3232 3585 3288 3630 et
3328 3574 3397 3630 ob
3426 3573 3584 3641 ,Μυε-

2001 3674 2194 3744 phema
2244 3673 2430 3738 verba,
2460 3686 2579 3742 qua:
2614 3670 2884 3738 hodieque
2919 3667 3176 3721 adversus
3223 3663 3372 3719 illum
3399 3660 3581 3732 profe-

2002 3777 2148 3823 runt.
2220 3765 2556 3836 Quapmpter
2613 3763 2714 3828 ait,
2772 3777 2792 3813 σ
2844 3761 2903 3813 In
2959 3774 3118 3829 quem
3183 3754 3470 3827 aperuistis
3513 3769 3584 3809 os

2000 3869 2263 3923 vestrum,
2311 3867 2367 3912 et
2419 3857 2472 3911 in
2519 3869 2679 3924 quem
2736 3851 2962 3908 laxastis
3015 3851 3256 3919 linguam
3302 3845 3583 3903 vestram?

1998 3949 2189 4006 Nonne
2215 3965 2313 4005 vos
2345 3949 2477 4003 estis
2505 3947 2601 4002 lilii
2635 3942 2955 4017 perditionis
2977 3943 3002 3996 ‘2
3023 3960 3043 3994 ι

2072 4039 2234 4096 Vens.
2282 4039 2338 4106 5,
2368 4039 2424 4093 6.
2467 4055 2485 4088 ι
2517 4037 2620 4104 Qui
2667 4034 2945 4090 advocatis
2995 4031 3137 4087 idola
3163 4031 3262 4086 sub
3293 4027 3580 4084 arboribus

1997 4132 2202 4201 opacis,
2233 4129 2323 4199 qni
2375 4127 2640 4200 jugulatis
2699 4125 2839 4179 ﬁlios
2885 4131 3096 4177 vestros
3148 4119 3203 4174 in
3237 4119 3491 4184 vallibus,
3522 4116 3578 4172 in

1999 4221 2175 4277 medio
2229 4228 2528 4290 petrarum.
2577 4217 2702 4272 llaac
2742 4214 2918 4285 portio
2965 4221 3080 4279 tua,
3110 4210 3226 4266 hazc
3261 4224 3381 4265 sors
3434 4218 3574 4262 tua:

1997 4324 2052 4368 et
2077 4313 2183 4368 illis
2205 4310 2440 4367 eﬁudisti
2472 4309 2754 4372 libamina,
2788 4315 2842 4362 et
2879 4305 2989 4361 illis
3017 4301 3261 4358 obtulisti
3283 4299 3573 4356 sacriﬁcia.

1998 4403 2171 4475 Super
2190 4405 2275 4460 his
2303 4417 2433 4471 ergo
2464 4417 2570 4457 non
2602 4397 2853 4455 irascar?
2883 4416 2902 4450 ι
2957 4395 3054 4452 His
3100 4393 3248 4450 clare
3275 4391 3576 4449 ostenditur

320 4507 454 4561 μαι;
490 4509 508 4541 ι
542 4491 735 4560 Σαφῶς
768 4493 825 4546 δὲ
857 4491 945 4546 διά
977 4493 1182 4547 τούτων
1234 4495 1507 4552 δείκνυται
1557 4501 1590 4569 ὴ
1645 4498 1894 4570 παροῦσα

2005 4499 2136 4552 banc
2153 4495 2487 4567 prophetiam
2533 4490 2834 4548 idololatris
2859 4489 2951 4559 qui
2980 4498 3221 4557 tempore
3251 4483 3400 4539 Isaias
3420 4490 3578 4537 erant

315 4582 620 4656 προφητεία
639 4586 752 4646 τοῖς
783 4581 924 4636 κατὰ
948 4584 1075 4647 τοὺς
1100 4585 1326 4654 χρόνους
1358 4588 1580 4641 Ἡσαΐου
1629 4587 1725 4641 τοῦ
1759 4606 1893 4661 προ-

313 4675 486 4747 φήτου
517 4675 928 4747 εἰδωλολάτραις
959 4677 1322 4748 ἁρμόττουσα.

383 4786 402 4819 ι
439 4767 554 4820 Ἐπ’
583 4767 706 4838 ὅρος
733 4766 936 4838 ὑψηλὸν
959 4769 1053 4823 καὶ
1079 4770 1375 4842 μετέωρον,
1396 4773 1511 4824 ἐκεῖ
1535 4789 1629 4824 σου
1658 4775 1691 4842 ή
1715 4773 1890 4845 κοίτη,

312 4859 406 4916 καὶ
457 4860 574 4913 ἐκεῖ
629 4858 959 4925 ἀνεϐίϐασας
1015 4860 1208 4925 θυσίας
1267 4878 1381 4916 σου.
1413 4881 1432 4913 ι
1478 4861 1636 4915 Κατά
1685 4861 1888 4926 ταῦτα,

311 4949 496 5019 φησὶν,
531 4949 833 5028 ἔπραττες,
865 4951 986 5005 οὐδὲ
1019 4953 1416 5025 κεκρυμμένως
1478 4951 1712 5016 ἀσεϐῶν,
1758 4953 1894 5006 ἀλλά

310 5041 914 5112 πεπαρῤησιασμένωςο
965 5041 1136 5107 οὕτως
1160 5043 1236 5107 ὼς
1269 5044 1363 5097 καὶ
1417 5044 1504 5097 ἐπ’
1549 5043 1728 5099 αὐτῶν
1783 5045 1892 5098 τῶν

312 5124 688 5266 ύῒηλοτάτων,
712 5128 853 5201 ὀρῶν
909 5132 1175 5186 ἐπιτελεῖν
1247 5132 1348 5198 τὰς
1417 5133 1734 5206 δαιμονικὰς
1800 5135 1893 5190 θυ-

315 5232 346 5266 σ
370 5233 454 5266 ac.

315 5232 454 5279 σιας.

383 5325 402 5356 ι
443 5308 553 5361 Καὶ
578 5309 751 5366 ὀπίσω
780 5313 889 5366 τῶν
916 5315 1169 5387 σταθμῶν
1201 5319 1298 5388 τῆς
1342 5318 1512 5390 θύρας
1544 5337 1638 5373 σου
1687 5318 1890 5390 ἔθηκας

316 5396 637 5466 μνημόσυνά
692 5419 804 5456 σου.
839 5405 990 5474 ᾬου,
1033 5408 1136 5472 ὅτι,
1175 5409 1270 5464 ὲάν
1311 5411 1404 5464 ἀπ’
1437 5409 1572 5482 ἐμοῦ
1622 5412 1886 5482 ἀποστῇς,

313 5487 495 5542 πλεῖόν
527 5508 579 5544 τι
605 5491 766 5557 ἔξεις.
803 5497 1125 5569 Ἠγόιπησας
1167 5502 1292 5564 τοὺς
1325 5503 1700 5574 κοιμωμένους
1751 5503 1889 5574 μετά

314 5581 429 5647 τοῦ,
472 5584 566 5638 καὶ
626 5586 932 5660 ὲπλήθυνας
963 5590 1058 5664 τὴν
1114 5593 1365 5664 πορνείαν
1399 5613 1491 5649 σου
1541 5598 1660 5666 μετ’
1689 5593 1890 5656 αὐτῶν.

383 5760 404 5794 ⁹
421 5759 588 5816 Marc.
608 5777 724 5830 XVI,
748 5763 802 5820 6.

1997 4591 2307 4647 convenire.

2069 4771 2235 4828 Vsus.
2270 4774 2323 4827 7.
2359 4790 2378 4822 ι
2415 4771 2590 4842 Super
2611 4777 2850 4824 montem
2881 4763 3154 4843 excelsum
3185 4769 3242 4817 et
3279 4759 3471 4824 altum,
3499 4756 3575 4813 ibi

1998 4865 2176 4922 cubile
2199 4875 2372 4929 tuum,
2410 4873 2464 4918 et
2498 4863 2625 4917 illuc
2667 4857 2938 4916 adduxisti
2994 4855 3263 4912 sacriﬁcia
3304 4863 3415 4908 tua.
3453 4871 3472 4904 ι
3507 4850 3576 4905 Et

1999 4959 2134 5025 haec,
2175 4957 2369 5027 inquit,
2425 4954 2582 5025 egisti
2614 4967 2722 5008 non
2763 4951 2906 5006 clam
2934 4948 3101 5018 impie
3130 4961 3316 5016 agens,
3360 4944 3454 5000 sed
3479 4958 3576 5013 pa-

1998 5051 2103 5104 lam
2134 5057 2190 5104 et
2220 5047 2578 5110 conﬁdenter,
2619 5045 2689 5098 ita
2715 5050 2774 5096 ut
2809 5041 2974 5097 etiam
3005 5040 3057 5094 in
3085 5036 3397 5093 celsissimis
3421 5050 3572 5090 mon-

2001 5142 2132 5197 tium
2161 5139 2539 5196 cacuminibus
2564 5135 2826 5193 diabolica
2853 5129 3122 5189 sacriﬁcia
3159 5127 3405 5184 oﬁ'erres.

2067 5319 2236 5374 Vens.
2269 5319 2324 5384 8,
2366 5317 2420 5373 9.
2483 5335 2502 5369 ι
2540 5316 2608 5372 Ει
2633 5324 2780 5372 retro
2815 5323 2998 5387 postes
3045 5313 3169 5370 ostii
3227 5313 3302 5366 tui
3344 5309 3569 5382 posuisti

1997 5410 2332 5466 memorialia
2363 5419 2474 5463 tua.
2504 5407 2762 5470 Putabas,
2790 5405 2834 5459 si
2867 5421 2897 5458 a
2929 5419 3016 5459 me
3041 5404 3342 5465 rccederes,
3385 5409 3436 5455 te
3457 5414 3572 5452 am-
3649 5407 3654 5412 '

1997 5501 2136 5571 plius
2181 5501 2310 5568 quid
2351 5499 2682 5554 habituram.
2730 5495 2974 5552 Dilexisti
3006 5494 3338 5549 dormientes
3368 5502 3568 5554 tecum,

1996 5605 2052 5652 et
2083 5593 2448 5664 multiplicasti
2499 5590 2882 5648 fornicationes
2913 5600 3030 5645 tuas
3059 5602 3182 5644 cum
3207 5587 3308 5648 eis.
3345 5585 3568 5640 multos—
3630 5622 3641 5633 .
