4168 6398
899 113 940 162 -ἓ

555 304 659 362 ιῖῦ
1227 294 1494 352 EUSEBII
1531 290 2004 352 CJESARIENSIS
2039 287 2191 343 OPP.
2237 285 2413 340 PARS
2451 285 2536 338 ill.
2579 314 2646 324 -—
2683 277 3093 335 EXEGETICA.
3703 271 3811 326 476

557 443 663 500 qua
685 427 842 494 longe
868 439 898 478 a
937 431 990 477 te
1023 419 1196 476 fecisti
1222 419 1356 490 (41).
1395 437 1414 472 ι
1461 417 1612 472 Multi
1645 416 1843 485 quippe
1871 415 1970 470 viri
2023 416 2130 470 Deo
2161 465 2163 473 ι

2273 409 2328 461 αἱ
2363 405 2591 467 πολλοὺς
2617 401 2877 471 ἐποίησας
2905 399 3030 460 τοὺς
3055 397 3269 466 μακρὰν
3297 391 3405 446 ἀπὸ
3439 389 3552 444 σοῦ.
3595 409 3614 442 ι
3669 389 3806 442 Πολ-

557 481 1188 582 ;dtilicti,UHierosolymis
1209 481 1270 564 se
1293 481 1678 578 proripiebant,
1706 481 1956 577 ob—impia
1985 516 2134 577 gesta

2267 503 2316 556 οὶ
2332 501 2439 572 γὰρ
2456 499 2650 568 ἔφυγον
2661 495 2758 566 τὴν
2787 488 3138 564 Ἰερουσαλὴμ
3163 489 3211 540 οι
3231 485 3307 557 τῷ
3329 482 3446 554 Θεῷ
3467 481 3814 582 ἀνακείμενοι

559 625 682 679 quae
729 609 802 664 ibi
853 572 1330 676 perpetrabantur.
1363 617 1386 653 r
1421 601 1488 655 Et
1519 600 1714 655 misisti
1765 601 1967 670 legatos
1999 599 2134 654 ultra

2267 596 2428 666 ινδρες
2449 591 2537 646 διὰ
2562 589 2658 651 τὰς
2678 587 2735 638 ἐν
2757 585 2893 656 αὐτῇ
2919 579 3340 650 συντελουμένας
3357 575 3548 638 ἀθέους
3562 572 3810 646 πράξεις.

563 671 827 756 terminos
856 671 1009 764 iuos,
1031 709 1084 752 et
1107 695 1383 754 humiliata
1419 709 1479 748 es
1503 706 1676 760 usque
1708 695 1774 748 ad
1800 693 2090 748 infernum.
2111 713 2131 745 ι

2299 691 2407 744 Καὶ
2433 683 2758 746 ἀπέστειλας
2787 680 3046 751 πρέσϐεις
3079 675 3218 746 ὑπὲρ
3279 673 3348 727 τὰ
3397 671 3524 744 ὅριά
3567 687 3680 738 σου,
3718 671 3814 723 καὶ

563 793 690 849 Haec
725 795 906 847 omnia
949 791 1109 861 quasi
1161 791 1228 845 de
1273 787 1560 842 meretrice
1607 785 1862 854 loquitur,
1883 801 2002 856 quae
2023 785 2139 854 pul-

2267 779 2607 850 ταπεινώθης
2635 777 2739 839 ἕως
2773 773 2919 845 ᾅδου.
2963 791 2982 824 ι
3048 765 3231 822 Ταῦτα
3291 764 3468 818 πάντα
3531 777 3818 833 προσωπο-

562 885 862 942 cbritudini
887 895 940 939 et
967 854 1152 940 decori
1181 886 1447 950 studebat,
1469 897 1532 938 ac
1559 881 1691 936 nihil
1709 895 1818 936 non
1843 854 2042 950 agebat
2072 881 2138 934 ad

2267 879 2385 929 ποιεῖ
2420 875 2496 936 ὡς
2525 870 2662 942 πρὸς
2692 868 2912 938 ἐταίραν
2947 857 3456 930 καλλωπιζομένην,
3492 857 3586 908 καὶ¹
3638 854 3820 908 πάντα

563 979 894 1047 voluptatem
920 992 1106 1030 eorum
1133 977 1223 1044 qui
1249 991 1433 1030 secum
1465 975 1752 1044 degebant.

2267 967 2588 1041 πράττουσαν
2615 962 2699 1030 ἐφ’
2727 960 2888 1031 ἡδονῇ
2915 957 3024 1010 τῶν
3047 953 3354 1025 προσόντων
3376 951 3535 1020 αὐτῇ.

2316 1079 2336 1111 ι
2367 1059 2478 1121 Τὰς
2507 1053 2791 1114 πολυοδίας
2831 1067 2925 1102 σου
2979 1045 3310 1108 ἐκοπίασας,
3355 1040 3449 1094 καὶ
3500 1039 3599 1092 οὐκ
3639 1033 3818 1100 εἴπας,

2241 1152 2551 1221 Παύσομαι.
2596 1165 2614 1200 ι
2658 1145 2732 1200 Ού
2785 1143 2895 1214 γὰρ
2939 1140 3066 1212 μίαν
3104 1137 3301 1199 ὦδευες
3327 1133 3426 1205 τὴν
3451 1131 3734 1203 βασιλικὴν
3760 1131 3819 1182 ό-

2241 1249 2351 1310 δὸν,
2385 1241 2522 1297 ἀλλὰ
2545 1238 2744 1300 πολλὰς
2801 1235 2893 1287 καὶ
2945 1225 3386 1300 πεπλανημένας.
3413 1243 3431 1276 ι
3480 1221 3823 1292 Ἐνίσχυσας,

2241 1345 2322 1396 ὅτι
2361 1337 2606 1410 ἔπραξας
2663 1332 2865 1387 ταῦτα·
2901 1327 2991 1382 διὰ
3047 1325 3202 1379 τοῦτο
3247 1321 3308 1374 οὑ
3342 1318 3673 1389 κατεδεήθης
3721 1333 3824 1388 μου
3853 1305 3866 1320 ’

2247 1435 2338 1488 σύο
2379 1453 2398 1485 ι
2439 1409 2571 1485 ϐάλλ’
2629 1427 2818 1495 ὥσπερ
2848 1421 3107 1493 ἰσχύουσα
3147 1420 3242 1471 καὶ
3278 1411 3680 1482 νεανιευομένη,
3710 1409 3826 1480 χείο

641 1069 801 1124 Vens.
827 1069 912 1122 10.
951 1087 970 1118 r
995 1068 1176 1122 Multis
1204 1067 1487 1124 itineribus
1512 1068 1617 1121 tuis
1645 1065 1925 1130 laborasti,
1954 1075 2010 1120 et
2033 1079 2138 1118 nou

566 1162 774 1226 dixisti,
813 1161 1084 1216 Desinam.
1117 1179 1136 1212 ι
1169 1158 1286 1214 Non
1307 1159 1452 1213 enim
1497 1159 1553 1212 in
1589 1173 1692 1210 una
1729 1157 1875 1226 regia
1925 1157 2009 1212 via
2056 1157 2138 1212 in-

567 1253 833 1319 cedebas,
881 1251 974 1306 sed
1022 1251 1072 1304 in
1100 1249 1282 1305 multis
1312 1260 1368 1304 et
1397 1250 1590 1304 deviis.
1637 1269 1654 1300 ι
1683 1247 1986 1312 lnvaluisti,
2015 1251 2140 1318 quia

567 1347 682 1400 hac
719 1345 910 1411 egisti;
943 1344 1064 1397 ideo
1113 1357 1332 1396 menon
1365 1340 1566 1409 rogasti
1601 1359 1614 1394 :
1655 1359 1674 1392 ι
1733 1341 1825 1396 sed
1853 1342 2006 1410 quasi
2051 1355 2140 1394 ro-

569 1438 696 1491 bore
727 1448 781 1490 et
813 1438 1094 1503 iuventute
1129 1434 1334 1496 valens,
1365 1434 1450 1488 his
1491 1433 1674 1504 pejOra
1706 1433 1994 1499 admisisti,
2027 1443 2142 1488 tur-

569 1529 726 1598 pibus
765 1527 930 1598 gestis
953 1526 1059 1578 tuis
1089 1527 1371 1580 insistens.
1492 1503 1507 1504 γ
1561 1503 1564 1504 ν

2267 1542 2377 1578 δονα
2405 1521 2608 1576 τούτων
2641 1513 2887 1589 ἔπραξας
2937 1511 3268 1583 ἐπιμένουσα
3297 1509 3418 1570 ταῖς
3444 1503 3672 1567 οἰκείαις
3703 1505 3828 1556 ἀτο-

2245 1617 2416 1680 πίαις.

637 1703 802 1758 νεοε.
861 1702 1048 1757 11-15.
1109 1703 1323 1768 «Quaem
1379 1703 1576 1756 timens
1634 1701 1924 1771 perterrita
1965 1708 2144 1755 es:et

2321 1727 2340 1760 ι
2382 1708 2518 1761 Τίνα
2541 1703 2902 1775 εὐλαϐηθεῖσα
2929 1699 3222 1770 ἐφοϐήθης,
3242 1697 3337 1750 καὶ
3383 1693 3595 1764 ἐψεύσω
3623 1709 3710 1764 με,
3735 1691 3832 1744 καὶ⁵

573 1797 794 1850 mentita
846 1811 905 1852 es
937 1797 1092 1860 mihi,
1123 1813 1223 1850 nec
1257 1796 1548 1850 meministi
1585 1795 1726 1860 mei,
1777 1810 1876 1850 nec
1925 1793 2146 1864 posuisti

2267 1806 2356 1858 20x
2383 1801 2662 1874 ἐμνήσθης
2699 1773 2822 1870 μου,
2851 1797 2957 1850 οὐδ’
2985 1795 3174 1857 ἔλαϐές
3207 1811 3274 1864 με
3327 1792 3408 1854 εἰς
3441 1789 3540 1860 τὴν
3571 1787 3830 1848 διάνοιαν,

573 1905 656 1944 me
687 1890 738 1943 in
778 1897 956 1944 mente
995 1898 1116 1952 tua,
1164 1904 1263 1942 nec
1311 1889 1366 1942 in
1419 1889 1580 1944 corde
1634 1889 1770 1941 tuo?
1831 1885 1900 1940 Et
1944 1901 2044 1955 ego
2097 1893 2148 1940 te

2267 1897 2368 1950 οὐδ’
2405 1897 2482 1959 εἱς
2515 1893 2614 1965 τὴν
2647 1890 2874 1964 καρδίαν
2907 1905 3037 1952 σου;
3067 1887 3176 1940 Καὶ
3207 1883 3316 1952 ἐγώ
3341 1899 3400 1934 σε
3429 1879 3551 1934 ἰδὼν
3585 1875 3832 1948 παρορῶ,

573 1981 779 2042 videns,
811 1979 1069 2048 despicio,
1095 1989 1150 2033 et
1174 1993 1258 2034 me
1289 1995 1393 2032 non
1431 1978 1677 2034 timuisti.
1725 1979 1792 2032 Et
1827 1993 1928 2047 ego
1951 1993 2152 2032 annun-

2267 1990 2350 2044 καὶ
2369 1989 2469 2059 ἐμὲ
2499 1987 2599 2040 οὐκ
2631 1982 2930 2055 ἐφοϐήθης.
3003 1979 3115 2034 Καὶ
3157 1976 3266 2046 ἐγὼ
3299 1972 3594 2042 ἀπαγγελῶ
3626 1971 3724 2040 τὴν
3755 1969 3835 2022 δι-

575 2072 724 2126 tiabo
749 2071 1018 2138 justitiam
1055 2081 1301 2128 meamet
1337 2070 1475 2124 maia
1509 2079 1620 2138 tua,
1648 2081 1700 2124 et
1727 2087 1832 2126 non
1857 2071 2150 2140 proderunt

575 2163 690 2216 tibi.
727 2163 858 2218 Cum
891 2162 1245 2226 clamaveris,
1273 2173 1468 2216 eruant
1499 2171 1551 2216 te
1573 2163 1624 2218 in
1671 2163 2015 2218 tribulatione
2038 2173 2150 2218 tua.

577 2254 684 2310 llos
709 2255 908 2323 quippe
940 2262 1132 2310 omnes
1157 2265 1350 2310 ventus
1389 2253 1619 2320 auferet,
1648 2265 1702 2310 et
1744 2265 2030 2324 tempestas
2053 2255 2153 2311 tol-

577 2346 668 2402 let.
695 2345 795 2412 Qui
833 2356 1010 2400 autem
1042 2347 1318 2400 adhaerent
1343 2345 1516 2409 mihi,
1555 2347 1898 2415 possidebunt
1955 2357 2154 2403 terrain

575 2449 630 2492 et
651 2437 966 2494 barreditate
992 2438 1258 2504 accipient
1301 2450 1536 2493 montem
1585 2449 1829 2492 sanctum
1881 2454 2079 2494 meum.
2129 2459 2148 2492 ι

577 2529 779 2585 Omnes
827 2532 1008 2598 itaque
1052 2544 1146 2584 eos
1171 2531 1260 2600 qui
1297 2530 1632 2593 incusantur,
1679 2539 1870 2584 ventus
1917 2531 2062 2585 tollet
2101 2541 2155 2585 et

579 2631 870 2692 tempestas
891 2623 1122 2677 auferet.
1167 2622 1228 2675 Et
1259 2620 1567 2688 huiusmodi
1619 2620 1744 2676 finis
1791 2621 2010 2677 invadet
2061 2637 2156 2677 eos

581 2711 671 2781 qui
707 2713 776 2767 ob
815 2713 1070 2780 praedicta
1111 2713 1162 2765 in
1191 2713 1400 2767 crimen
1427 2722 1691 2767 vocantur
1731 2729 1866 2768 :eos
1901 2728 2034 2769 vero
2065 2715 2156 2782 qui

581 2797 780 2852 bonam
807 2799 1014 2868 elegere
1037 2809 1261 2864 sortem,
1294 2811 1379 2853 me
1408 2799 1616 2854 scilicet
1664 2801 1858 2866 Deum,
1896 2817 1960 2858 ac
1983 2803 2157 2858 since-

585 2903 674 2943 ros
696 2889 817 2944 illos
845 2891 1090 2945 homines
1123 2892 1213 2959 qui
1249 2905 1385 2960 pure
1425 2891 1556 2946 mihi
1593 2893 1978 2961 adhaerebant,
2019 2910 2160 2951 mer-

581 2996 673 3036 ces
702 2997 820 3036 mea
848 2981 1102 3052 excipiet.

659 3074 816 3128 Vens.
870 3073 958 3128 14.
1001 3092 1018 3124 t
1043 3073 1108 3128 Et
1135 3074 1316 3129 dicent
1349 3092 1362 3130 :
1393 3075 1626 3146 Purgate
1652 3078 1766 3134 vias
1799 3097 1828 3134 a
1857 3081 1994 3139 facie
2022 3085 2156 3156 eius,

585 3173 640 3219 et
664 3164 834 3220 tollite
859 3163 1176 3220 oﬂ'endicula
1226 3165 1293 3220 de
1333 3166 1420 3220 via
1467 3145 1652 3238 populi
1690 3171 1814 3226 mei.
1841 3191 1860 3224 ι
1899 3145 2158 3246 Νοιιίῳιί
2187 3145 2229 3202 c

590 3265 734 3310 recte
759 3255 899 3324 apud
951 3255 1117 3310 Deum
1169 3273 1228 3312 se
1271 3261 1432 3328 gerit,
1469 3275 1576 3316 non
1622 3262 1812 3319 salutis
1863 3269 2022 3322 modo
2053 3285 2164 3326 sua:

585 3363 772 3403 curam
798 3349 1038 3408 habebit.
1090 3350 1182 3405 sed
1211 3353 1374 3406 etiam
1415 3355 1614 3424 populo
1648 3356 1744 3412 Dei
1801 3373 1924 3414 sese
1977 3361 2161 3416 utilem

589 3443 902 3510 praestabit,
953 3445 1276 3514 praecipiens
1329 3445 1403 3502 illi
1461 3455 1520 3500 ut
1575 3449 1716 3502 viam
1757 3450 1976 3521 pietatis
2012 3467 2164 3510 com-

589 3534 813 3602 planet,
867 3545 924 3590 et
979 3535 1340 3605 offendicula,
1391 3540 1438 3594 si
1495 3555 1602 3611 qua
1654 3541 1964 3611 videantur,
2011 3559 2158 3600 amo-

591 3637 737 3682 veat.

661 3719 852 3776 Vens."
889 3721 976 3776 15.
1015 3740 1034 3773 r
1065 3721 1190 3778 llaec
1217 3723 1350 3778 dicit
1381 3725 1713 3792 Altissimus,
1743 3727 1833 3795 qui
1859 3729 1910 3782 in
1938 3729 2168 3785 excelsis

591 3812 806 3868 habitat
835 3815 886 3866 in
917 3815 1195 3879 saeculum,
1229 3815 1460 3871 Sanctus
1491 3817 1544 3871 in
1587 3819 1790 3872 sanctis
1831 3833 2026 3874 nomen
2071 3820 2118 3876 ei
2149 3838 2166 3874 :

594 3905 935 3972 Altissimus,
969 3907 1060 3975 qui
1097 3908 1150 3960 in
1188 3907 1395 3963 sanctis
1447 3909 1757 3978 requiescit,
1805 3920 1860 3966 et
1890 3912 2168 3982 pusillani-

598 3997 703 4052 mis
735 3997 828 4051 dat
853 3999 1190 4067 patientiam,
1235 4009 1290 4054 et
1314 4003 1410 4054 dat
1435 4001 1600 4055 vitam
1631 4001 1884 4058 contritis
1908 4005 2092 4058 corde.
2145 4023 2164 4055 ι

596 4085 666 4140 lis
690 4088 744 4140 in
775 4088 968 4156 populo
1003 4090 1093 4158 qui
1121 4091 1322 4160 pietate
1345 4102 1401 4146 et
1431 4093 1623 4146 timore
1645 4093 1736 4148 Dei
1755 4096 1962 4164 praediti
1990 4107 2170 4162 erant,

598 4179 800 4248 quique
827 4191 1173 4247 peccatorum
1208 4184 1582 4250 paenitentiam
1617 4194 1862 4253 egerant,
1895 4203 2030 4257 quos
2055 4189 2171 4243 hanc

601 4271 882 4341 Scriptura
912 4274 1178 4329 contritos
1226 4275 1393 4330 corde
1441 4284 1497 4331 et
1543 4275 1918 4345 pusillanimes
1971 4287 2168 4342 vocat,

600 4363 1025 4419 consolationem
1061 4365 1237 4421 affert.
1264 4366 1540 4437 Siquidem
1561 4409 1578 4432 ,
1605 4369 1708 4424 etsi
1735 4371 1890 4440 pauci
1925 4387 2168 4438 numero,

2257 2080 2548 2150 καιοσύνην
2597 2095 2698 2150 μου
2740 2077 2835 2130 καὶ
2867 2073 2934 2128 τὰ
2965 2071 3111 2126 κακά
3131 2089 3244 2130 σου,
3278 2069 3373 2122 καὶ¹
3415 2067 3514 2120 ούκ
3566 2064 3837 2135 ὠφελήσει

2261 2193 2338 2230 σε.
2375 2175 2544 2227 Ὅταν
2577 2169 2906 2240 ἀναϐοήσῃς,
2940 2162 3306 2232 ἐξελέσθωσάν
3349 2178 3410 2214 σε
3445 2161 3502 2212 ἐν
3541 2160 3608 2228 τῇ
3661 2153 3837 2224 θλίψει

2262 2285 2356 2321 σου
2375 2285 2389 2297 ·
2419 2265 2638 2326 τούτους
2666 2259 2774 2332 γὰρ
2801 2261 3005 2322 πάντας
3033 2257 3231 2326 ἄνεμος
3271 2252 3498 2324 λήψεται
3518 2291 3533 2316 ,
3563 2249 3658 2302 καὶ
3680 2246 3837 2301 ἀποί-

2265 2376 2346 2413 σει
2377 2355 2650 2425 καταιγίς.
2686 2357 2748 2408 Oi
2780 2352 2835 2405 δὲ
2859 2348 3208 2420 ἀντεχόμενοί
3243 2363 3342 2416 μου
3397 2345 3685 2414 κτήσονται
3713 2340 3836 2409 γῆν,

2263 2453 2356 2508 καὶ¹
2389 2449 2852 2522 κληρονομήσουσι
2880 2444 2942 2496 τὸ
2967 2442 3091 2512 ὅρος
3137 2439 3198 2493 τὸ
3229 2438 3380 2505 ἅγιόν
3404 2453 3528 2507 μου.
3566 2452 3584 2484 ι
3621 2431 3838 2492 Πάντας

2265 2545 2364 2616 μὲν
2386 2539 2479 2597 οὖν
2508 2542 2632 2604 τοὺς
2676 2533 3149 2609 κατηγορηθέντας
3195 2532 3423 2602 λήψεται
3467 2529 3686 2597 ἄνεμος,
3749 2523 3840 2576 καὶ

2263 2639 2477 2694 ἀποίσει
2503 2635 2776 2704 καταιγίς.
2809 2633 2918 2685 Καὶ
2949 2629 3159 2684 τοιοῦτο
3191 2627 3340 2690 τέλος
3369 2623 3692 2696 διαλήψεται
3717 2621 3840 2680 τοὺς

2265 2731 2356 2784 ἐπὶ⁵
2379 2733 2491 2792 τοῖς
2517 2727 2828 2799 εἰρημένοις
2853 2722 3241 2792 διαϐληθέντας
3264 2738 3276 2751 ’
3305 2721 3430 2783 τοὺς
3449 2718 3506 2772 δέ
3545 2717 3646 2786 τὴν
3672 2713 3842 2782 καλὴν

2263 2822 2658 2893 ἐκλεξαμένους
2705 2818 2918 2891 μερίδα,
2947 2816 3048 2887 ἐμὲ
3079 2814 3278 2886 δηλαδὴ
3305 2813 3397 2866 τὸν
3415 2810 3550 2865 Θεδν
3583 2809 3679 2862 καὶ
3719 2807 3844 2867 τοὺς

2263 2916 2518 2987 γνησίους
2569 2914 2664 2967 καὶ
2695 2909 2952 2982 καθαρῶς
2981 2907 3370 2978 ἀντεχομένους
3395 2945 3409 2969 ,
3443 2905 3478 2974 ὴ
3531 2903 3660 2973 παρ’
3711 2897 3844 2970 ἐμοῦ

2265 3008 2470 3081 ἀμοιϐὴ
2495 3006 2821 3073 διαδέξεται.

2337 3117 2356 3149 ι
2401 3097 2511 3151 Καὶ
2544 3093 2732 3167 ἐροῦσι
2763 3113 2773 3126 ·
2832 3093 3182 3166 Καθαρίσατε
3210 3089 3320 3145 ἀπὸ
3353 3086 3648 3160 προσώπου
3681 3081 3844 3136 αὑτοῦ

2263 3191 2435 3254 ὁδοὺς,
2463 3189 2555 3243 καὶ
2577 3187 2744 3260 ἄρατε
2777 3185 2961 3240 σκῶλα
2993 3184 3101 3240 ἀπὸ
3127 3185 3226 3255 τῆς
3249 3181 3369 3236 ὁδοῦ
3407 3179 3502 3234 τοῦ
3523 3177 3654 3232 λαοῦ
3689 3194 3844 3248 μου.»

2265 3285 2340 3338 υύ
2369 3283 2476 3355 γὰρ
2517 3282 2682 3353 μόνης
2713 3280 2812 3350 τῆς
2866 3276 3139 3350 σωτηρίας
3175 3275 3434 3346 πρόνοιαν
3487 3272 3770 3341 ποιήσεται
3817 3268 3851 3320 ὀ

2267 3375 2416 3447 παρά
2449 3373 2528 3447 τῷ
2559 3371 2678 3444 Θεῷ
2708 3369 3096 3443 κατορθώσας,
3147 3367 3261 3421 ἀλλ’
3307 3365 3407 3438 ἤδη
3460 3363 3556 3417 καὶ
3609 3361 3688 3433 τῷ
3737 3359 3850 3430 λαῷ

2265 3465 2401 3521 Θεοῦ
2428 3451 2708 3536 χρῆσιμον
2733 3463 2923 3516 ἑαυτὸν
2953 3461 3178 3533 παρέξει
3216 3459 3570 3532 προστάττων
3601 3451 3850 3526 ἐξομαλί-

2268 3557 2382 3625 ζειν
2403 3557 2554 3628 αύτῷ
2581 3557 2681 3630 τὴν
2709 3557 2825 3611 ὁδὸν
2858 3557 2955 3628 τῆς
2982 3555 3311 3620 θεοσεϐείας,
3343 3554 3436 3607 καὶ
3478 3551 3547 3606 τὰ
3591 3547 3850 3604 δοκοῦντα

2271 3653 2521 3724 προσκόμ
2529 3667 2694 3722 ματα.

2345 3763 2364 3796 ‹
2401 3743 2540 3798 Τάδε
2569 3743 2716 3813 λέγει
2755 3745 2784 3796 ὁ
2810 3741 3092 3812 Ὕψιστος,
3145 3743 3174 3794 ὁ
3221 3741 3279 3792 ἐν
3330 3737 3562 3810 ὑψηλοῖς
3587 3731 3853 3789 κατοικῶν

2275 3841 2354 3902 εἰς
2386 3837 2478 3890 τὸν
2494 3836 2686 3899 αἰῶνα,
2709 3837 2898 3904 ’Ἄγιος
2928 3835 2984 3886 ἐν
2999 3831 3172 3901 ἁγίοις
3191 3831 3360 3901 ὄνομα
3387 3829 3535 3900 αὐτῷ
3555 3845 3570 3857 ·
3592 3825 3854 3896 ’Υψιπος

2271 3935 2330 3986 ἐν
2355 3931 2528 4001 ἁγίοις
2559 3927 2993 3997 ἀναπαυόμενος,
3023 3925 3118 3979 καὶ
3159 3921 3502 3992 ὀλιγοψύχοις
3539 3919 3716 3981 διδοὺς
3749 3935 3852 3988 μα-

2273 4023 2595 4096 κροθυμίαν,
2623 4023 2718 4076 καὶ
2733 4020 2907 4083 διδοὺς
2935 4018 3078 4090 ζωὴν
3105 4020 3215 4081 τοῖς
3250 4013 3730 4088 συντετριμμένοις
3757 4012 3854 4081 τὴν

2273 4116 2518 4188 καρδίαν.
2541 4135 2559 4167 ι
2598 4115 2742 4186 Πρὸς
2764 4114 2890 4176 τοὺς
2923 4113 2980 4164 ἐν
3011 4111 3088 4182 τῷ
3129 4109 3244 4182 λαῷ
3287 4107 3532 4170 εὐλαϐεῖς
3575 4105 3667 4160 καὶ
3695 4103 3856 4174 φόϐον

2275 4207 2409 4261 Θεοῦ
2446 4205 2836 4276 κεκτημένους,
2871 4202 2965 4256 καὶ
2997 4199 3392 4272 μετανοοῦντας
3425 4196 3510 4266 ἐφ’
3545 4189 3628 4259 οἷς
3669 4195 3854 4264 ἥμαρ-

2273 4315 2384 4364 τον,
2414 4297 2508 4360 οὒς
2531 4297 2564 4365 ἡ
2597 4292 2845 4366 παροῦσα
2875 4291 3022 4359 λέξις
3071 4287 3564 4362 συντετριμμένους
3595 4285 3694 4356 τὴν
3718 4299 3854 4354 καρ-

2274 4391 2391 4443 δίαν
2417 4390 2511 4442 καὶ
2541 4384 2895 4456 ὀλιγοψύχους
2924 4383 3201 4455 ὀνομάζει,
3235 4379 3582 4453 παράκλησιν
3624 4375 3720 4431 καὶ
3753 4393 3856 4428 πα-

601 4456 912 4527 huiusmodi
971 4467 1147 4514 tamen
1195 4460 1437 4514 nonnulli
1485 4461 1732 4516 aderant.
1767 4462 2017 4517 Attamen
2071 4465 2163 4518 viri

2277 4479 2548 4554 ραμυθίαν
2598 4477 2886 4549 προσάγει.
2920 4471 3102 4530 Ἦσαν
3144 4473 3252 4545 γὰρ
3303 4475 3360 4525 ἐν
3406 4471 3611 4533 αὐτοῖς,
3667 4471 3717 4522 εί
3762 4466 3856 4520 καὶ

603 4549 714 4605 Deo
737 4551 940 4607 addicti
968 4563 1161 4620 erant;
1211 4567 1317 4608 non
1359 4561 1566 4608 tantum
1601 4556 1896 4622 prophetae,
1957 4557 2050 4612 sed
2081 4560 2163 4614 alii

2276 4549 2494 4644 βράχεῖς
2527 4569 2622 4622 καὶ⁸
2651 4569 2868 4640 ἀριθμῷ
2885 4567 3099 4640 ληπτοί.
3132 4567 3280 4636 Πλὴν
3304 4565 3452 4635 ὅμως
3483 4557 3625 4634 ἦσαν
3667 4561 3856 4632 ἄνδρες

603 4655 792 4698 eorum
827 4643 1172 4711 imitatores,
1221 4646 1312 4716 qui
1361 4661 1391 4700 a
1451 4647 1732 4717 prophetis
1783 4649 2168 4716 edocebantur,

605 4751 902 4808 eorumque
927 4737 1222 4808 disciplinae
1253 4742 1490 4794 animum
1515 4741 1864 4798 adhibebant.

681 5021 843 5076 Vens.
920 5021 1006 5076 16.
1093 5021 1257 5076 «Non
1311 5022 1365 5072 in
1413 5029 1730 5091 perpetuum
1775 5036 1869 5076 vos
1923 5021 2172 5086 ulciscar,

607 5128 779 5182 neque
823 5129 1038 5183 semper
1089 5115 1295 5169 irascar
1345 5113 1516 5168 vobis.
1563 5113 1802 5182 Spiritus
1835 5112 1978 5169 enim
2027 5127 2056 5166 a
2091 5128 2175 5166 me

605 5203 929 5272 egredietur,
957 5213 1012 5258 et
1043 5203 1227 5259 ﬂatum
1256 5221 1469 5260 omnem
1497 5219 1595 5274 ego
1627 5205 1751 5259 feci.
1785 5224 1804 5257 ι
1851 5203 1983 5258 Nam
2031 5219 2175 5258 cura:

609 5293 737 5349 mihi
764 5307 848 5349 est
875 5297 1099 5364 spiritus
1129 5297 1238 5365 ille,
1279 5299 1421 5369 quia
1459 5311 1544 5353 me
1575 5296 1887 5367 profectus,
1939 5297 1992 5350 in
2025 5297 2175 5353 vobis

608 5387 871 5442 habitavit
901 5405 915 5442 :
948 5392 1387 5462 quandoquidem
1415 5391 1590 5446 onmis
1630 5391 1854 5462 spiritus
1875 5431 1890 5456 ,
1931 5389 2024 5460 qui
2065 5389 2180 5442 lau-

611 5477 740 5535 dare
801 5497 887 5537 me
951 5481 1166 5549 valeat,
1218 5495 1406 5539 auctor
1455 5500 1610 5552 sum,
1659 5483 1956 5540 secundum
2011 5483 2179 5548 illud,

684 5669 797 5738 (Μ)
833 5669 921 5722 Sir
975 5669 1252 5734 vertimus,
1296 5669 1416 5736 quia
1469 5669 1534 5722 ad
1577 5669 1716 5722 hunc
1759 5669 1979 5722 modum
2017 5667 2184 5719 inter-

611 5751 853 5806 pretatur
885 5739 1166 5795 Eusebius.
1220 5741 1386 5794 Verus
1433 5749 1609 5794 tatncn
1657 5740 1814 5810 hujus
1859 5741 1954 5793 lucu
1995 5754 2185 5793 sensus

2273 4660 2621 4730 ἀνακείμενοι
2655 4657 2733 4730 τῷ
2765 4659 2918 4728 Θεῷ·
2948 4659 3048 4728 οὐχ
3087 4658 3138 4709 oi
3185 4656 3458 4730 προφῆται
3493 4651 3673 4724 μόνον,
3720 4647 3856 4702 ἀλλά

2274 4753 2368 4806 καὶ
2395 4752 2571 4824 ’έτεροι
2600 4751 2803 4804 τούτων
2836 4750 3094 4820 ζηλωταὶ,
3117 4745 3550 4820 μαθητευόμενοι
3579 4747 3691 4806 τοῖς
3725 4757 3856 4814 προ-

2278 4845 2496 4915 φήταις,
2538 4842 2634 4896 καὶ
2672 4843 2794 4905 ταῖς
2851 4839 3220 4903 διδασκαλίαις
3257 4835 3434 4892 αὐτῶν
3491 4834 3854 4909 προσανέχον-

2276 4951 2386 4989 τες.

2340 4951 2518 5081 ῖΟύκ
2573 5029 2653 5088 είς
2699 5027 2792 5080 τὸν
2849 5025 3021 5080 αἰῶνα
3077 5023 3349 5094 ἐκδικήσω
3396 5023 3560 5093 ὑμᾶς,
3595 5020 3716 5074 οὐδὲ
3765 5017 3853 5073 διὰ

2279 5120 2478 5182 παντὸς
2503 5119 2900 5190 όργισθήσομαι
2951 5119 3100 5188 ὑμῖν,
3159 5115 3384 5186 Πνεῦμα
3408 5115 3517 5186 γάρ
3547 5117 3672 5186 παρ’
3721 5111 3853 5184 ἐμοῦ

2279 5210 2642 5277 ἐξελεύσεται,
2668 5211 2759 5262 καὶ
2785 5210 2951 5280 πνοὴν
2981 5211 3162 5262 πᾶσαν
3200 5205 3310 5276 ἐγὼ
3334 5207 3586 5278 ἐποίησα.
3635 5225 3652 5256 ι
3687 5203 3854 5258 Μέλει
3905 5261 3910 5280 ἰ

2278 5303 2388 5373 γάρ
2415 5319 2503 5373 μοι
2534 5301 2627 5354 τοῦ
2662 5299 2989 5370 πνεύματος,
3015 5301 3150 5372 ὅπερ
3203 5297 3260 5366 ἐξ
3303 5296 3438 5368 ἐμοῦ
3463 5295 3746 5370 προελθὸν,
3775 5295 3856 5358 εις

2282 5397 2425 5466 ὑμᾶς
2475 5391 2828 5463 κατῴκησεν’
2891 5392 3078 5465 ἐπειδὴ
3127 5392 3221 5445 καὶ
3279 5390 3509 5462 ποιητὴς
3574 5387 3856 5458 τυγχάνων

2285 5485 2468 5556 πάσης
2513 5487 2682 5555 πνοῆς
2733 5483 2832 5554 τῆς
2877 5483 3181 5554 δυναμένης
3231 5499 3296 5554 με
3341 5482 3532 5546 αἰνεῖν,
3585 5481 3728 5532 κατὰ
3774 5475 3856 5542 τὸ,

2293 5665 2380 5720 hic
2410 5679 2532 5718 esse
2569 5672 2776 5736 vmetur
2813 5680 2829 5736 ς
2871 5680 2888 5712 ι
2917 5663 3216 5736 Multnsquc
3261 5665 3351 5734 qui
3393 5671 3569 5718 tecum
3621 5657 3862 5716 fornica-

2295 5747 2482 5791 rentttr
2505 5735 2690 5804 procul
2717 5735 2984 5790 accivisti.
3007 5753 3025 5786 ι

3905 5269 3918 5378 l
