4130 6400
380 278 484 331 477

1297 283 1794 343 COMMENTARIA
1837 289 1901 344 IN
1942 291 2456 347 lSAI.\M.-—CAI’.
2501 294 2673 350 LVIII.

3518 305 3622 356 478

383 417 401 448 ι
437 397 591 451 Πᾶσα
625 397 759 467 πνοή
797 397 1063 451 αίπσὰτω
1089 400 1180 452 τὸν
1229 399 1452 470 Κύριον,
1498 423 1516 454 ι
1551 405 1643 456 καὶ
1682 407 1740 458 ἐν
1762 409 1828 477 τῇ
1863 423 1953 460 κο-

2058 427 2079 460 ι
2106 408 2293 465 Omnis
2323 413 2546 481 spiritus
2575 413 2811 468 lautletD
2835 417 3058 468 tntiuum
3077 413 3141 480 ’0;
3183 407 3327 464 retin
3345 421 3622 475 creatione

379 489 639 562 σμοποιίᾳ
668 490 725 544 δὲ
757 491 1170 562 ἐμφυσήσαντος
1197 491 1291 546 τοῦ
1310 493 1446 547 Θεοῦ
1497 497 1714 566 ἐγένετο
1746 497 1955 570 ἄνθρω-

377 595 478 644 πος
508 582 588 644 είς
620 578 800 651 ψυχὴν
830 580 1030 646 ζῶσαν.

449 688 470 723 ι
500 672 578 723 Δι’
611 672 884 741 ἁμαρτίαν
915 671 1088 743 βραχύ
1117 691 1168 727 τι
1196 674 1440 747 ὲλύπησα
1463 661 1647 743 αὐτὸν,
1683 680 1776 732 καὶ
1821 679 1955 732 ἐπά-

374 763 510 829 ταξα
559 763 739 828 αὑτὸν,
791 763 884 816 καὶ
935 764 1255 836 ἀπέστρεψα
1297 770 1358 821 τὸ
1401 770 1691 840 πρόσωπόν
1728 789 1828 842 μου
1858 773 1954 826 ἀπ’

374 853 561 919 αὑτοῦ,
588 854 681 908 καὶΙ
729 854 991 927 ἐλυπήθη,
1034 859 1128 910 καὶ
1168 859 1437 932 ἐπορεύθη
1492 863 1716 930 στυγνὸς
1749 865 1804 918 ὲν
1836 868 1956 930 ταῖς

375 947 516 1024 όδοῖς
549 945 736 1001 αὐτοῦ.
765 947 879 1008 Τάς
921 948 1073 1012 ὁδοὺς
1117 949 1281 1003 αὐτοῦ
1317 951 1556 1023 ἑώρακα,
1595 955 1689 1006 καὶ
1715 955 1953 1028 ἰασάμην

375 1039 558 1105 αὐτὸν,
588 1038 683 1094 καὶ
724 1039 1071 1111 παρεκάλεσα
1100 1042 1279 1109 αὐτὸν,
1307 1044 1401 1098 καὶ
1456 1043 1629 1098 ἔδωκα
1660 1046 1809 1118 αύτῷ
1847 1065 1954 1099 πα-

377 1131 640 1203 ράκλησιν
665 1132 944 1205 ἀληθινὴν,
970 1135 1194 1206 εἰρήνην
1221 1136 1307 1188 ἐπ’
1341 1137 1534 1210 εἰρήνῃ
1576 1141 1690 1201 τοῖς
1737 1139 1953 1210 μακρὰν

374 1225 604 1289 καὶτοῖς
632 1227 800 1295 ἐγγὺς
827 1222 966 1280 οὖσι.
997 1228 1109 1282 Καὶ
1150 1223 1270 1282 εἷπε
1298 1229 1505 1301 Κύριος
1525 1247 1539 1261 ο
1581 1232 1825 1303 ’ἰάσομαι
1852 1234 1952 1286 αύ-

330 1314 346 1332 "
371 1314 520 1378 τούς.
550 1316 613 1368 0i
639 1315 695 1369 δὲ
736 1316 912 1372 ἄδικοι
939 1318 1483 1390 κλυδωνισθήσονται,
1514 1322 1609 1376 καὶ
1638 1323 1954 1378 ἀναπαύσα-

375 1406 499 1461 σθαι
519 1408 580 1461 ού
615 1408 954 1481 δυνήσονται.
993 1411 1110 1466 Οὐκ
1138 1409 1252 1464 ἐστι
1286 1412 1494 1483 χαίρειν
1522 1415 1636 1477 τοῖς
1677 1415 1950 1482 ἀσεϐέσιν,

373 1496 529 1554 εἶπεν
558 1502 588 1554 6
623 1500 774 1565 Θεός.
815 1519 834 1555 ι
869 1502 933 1554 Ei
964 1501 1059 1556 ml.
1091 1502 1229 1574 πρὸς
1262 1503 1469 1576 βραχύν
1501 1523 1621 1559 τινα
1653 1507 1843 1577 καιρὸν
1862 1508 1953 1563 διά

371 1609 523 1657 τινας
571 1591 630 1658 ὲξ
659 1592 1008 1665 ἀνθρωπίνης
1038 1592 1320 1656 ἀσθενείας
1345 1595 1734 1666 ὲπιγενομένας
1772 1598 1950 1670 ἀμαρ-

369 1685 492 1749 τίας
537 1683 786 1756 ἐλύπησα
833 1684 962 1748 τοὺς
990 1685 1381 1756 ἡμαρτηκότας
1421 1686 1515 1740 καὶ
1567 1687 1832 1753 ἐπάταξα,
1861 1683 1952 1746 οἶα

371 1776 559 1879 πατήρ
577 1777 725 1842 υἱοὺς
755 1776 1043 1879 παιδεύων·
1085 1796 1120 1879 ι.
1147 1779 1242 1832 ’⁸ον
1265 1778 1431 1879 ’.γὰρ
1460 1797 1480 1832 ι
1514 1781 1703 1879 ἀγαπᾷ
1737 1782 1959 1854 Κύριος,
1989 1787 2037 1846 Β
2064 1809 2364 1879 corripiens

371 1867 654 1923 παιδεύει·
687 1872 942 1940 μαστιγοί
969 1869 1026 1923 δὲ
1051 1869 1230 1925 πάντα
1261 1869 1374 1925 υἱὸν
1407 1870 1466 1926 ὃν
1496 1873 1862 1945 παραδέχεται
1880 1890 1894 1903 ο
1929 1893 1948 1926 ι

371 1961 489 2016 ἀλλ’
523 1960 731 2034 ἐπειδὴ,
762 1961 1116 2034 συναίσθησιν
1139 1961 1395 2027 λαϐόντες
1413 1963 1512 2036 τῆς
1531 1965 1672 2036 ἐμῆς
1687 1965 1954 2031 παιδείας,

371 2053 679 2125 ἐλυπήθητε
707 2053 807 2126 τὴν
845 2054 984 2109 κατά
1037 2053 1171 2109 Θεὸν
1218 2053 1416 2126 λύπην,
1471 2056 1565 2111 καὶ
1624 2058 1956 2130 ὲπορεύθητε

373 2147 596 2215 στυγνοὶ
625 2145 1091 2218 μεταμεληθέντες
1118 2164 1128 2176 ·
1160 2146 1348 2201 τούτου
1375 2148 1556 2219 χάριν,
1589 2150 1684 2219 τὴν
1709 2152 1958 2221 ἐπιστρο-

373 2238 479 2310 φὴν
505 2238 601 2294 καὶ
627 2237 726 2308 τὴν
758 2239 1042 2310 μετάνοιαν
1059 2239 1088 2292 ὖ
1097 2239 1212 2311 μῶν
1243 2239 1577 2312 θεασάμενος
1604 2243 1697 2295 καὶ
1724 2242 1823 2306 τὰς
1859 2260 1956 2314 με·

371 2324 443 2379 τὰ
471 2326 648 2381 ταῦτα
699 2325 948 2398 πράξεις,
983 2329 1078 2381 καὶ
1103 2327 1199 2382 τοῦ
1235 2328 1351 2398 βίου
1379 2330 1478 2394 τάς
1509 2328 1682 2397 ὁδοὺς,
1719 2331 1956 2404 ἰασάμην

377 2416 524 2487 ὑμᾶς
575 2418 668 2470 καὶ
708 2418 1058 2489 παρεκάλεσα
1107 2420 1229 2484 δοὺς
1265 2421 1615 2493 παράκλησιν
1656 2423 1954 2496 ἀληθινήν·

376 2509 560 2575 πάντα
590 2509 698 2581 γὰρ
733 2510 862 2582 παρ’
893 2510 1029 2582 ἐμοῦ
1059 2512 1140 2575 είς
1171 2513 1299 2576 τοὺς
1327 2514 1494 2584 ἐμοὺς
1523 2515 1757 2578 οίκείους
1793 2531 1959 2587 χορη-

374 2599 616 2671 γούμενα
637 2600 868 2670 ἀληθινὰ
901 2602 1176 2672 τυγχάνει.
1224 2605 1424 2677 Διόπερ
1450 2609 1562 2670 τοῖς
1597 2608 1658 2658 ὲκ
1693 2607 1790 2677 τῆς
1819 2608 1956 2679 ἐμῆς

375 2690 619 2754 παιδείας
645 2692 1057 2764 σωφῳνισθείσι
1090 2694 1434 2766 παράκλησιν
1461 2696 1719 2767 ἀληθινὴν
1751 2696 1954 2751 δέδωκα

374 2780 468 2836 καὶ
497 2781 798 2854 εἰρηνικήν,
831 2783 928 2854 οὐχ
951 2783 1130 2854 ἁπλῆν
1161 2801 1280 2838 τινα
1310 2786 1404 2841 καὶ
1435 2787 1790 2860 πρόσκαιρον,
1821 2788 1956 2843 ἀλλά

375 2869 980 2944 πολυπλασιαζομένηνο
1031 2872 1106 2937 ὡς
1146 2875 1240 2928 καὶ
1277 2874 1385 2929 ἀπὸ
1431 2875 1540 2929 τῶν
1592 2877 1759 2946 ἐγγὺς
1811 2876 1954 2950 ἔχειν

374 2960 564 3032 αὐτὴν,
600 2963 693 3015 καὶ
744 2963 852 3017 ἀπὸ
882 2963 993 3019 τῶν
1036 2964 1228 3036 ττόρρω
1257 2967 1350 3018 καὶ
1384 2967 1600 3038 μακράν
1633 2968 1953 3041 ἀπῳκισμέ-

377 3067 508 3113 νοις.

876 3211 1169 3265 ΚΕΦΑΛΑΙ
1177 3213 1268 3267 ΟΝ
1305 3211 1436 3268 NH'.

449 3315 471 3347 ι
513 3298 839 3370 Ἀναϐόησον
867 3302 925 3354 ὲν
944 3301 1108 3373 ἰσχύϊ,
1139 3305 1234 3357 καὶ
1272 3303 1345 3374 μὴ
1379 3304 1562 3377 φείσῃ,
1589 3306 1664 3371 ὡς
1691 3306 1946 3376 σάλπιγγι

377 3388 590 3458 ὕψωσαν
615 3389 714 3462 τὴν
749 3397 932 3463 φωνήν
973 3411 1090 3459 σου,
1120 3394 1215 3449 καὶ
1235 3394 1556 3465 ἀνάγγειλον
1588 3396 1665 3468 τῷ
1693 3396 1807 3469 λαῷ
1847 3416 1947 3470 μου

374 3479 442 3535 τὰ
472 3481 846 3554 ἁμαρτήματα
866 3484 1067 3549 αὐτῶν,
1100 3486 1194 3539 καλ⁸
1214 3485 1291 3556 τῷ
1324 3486 1458 3558 οίκῳ
1489 3486 1683 3540 Ἰακὼϐ
1711 3487 1808 3552 τάς
1835 3489 1952 3541 ἀνο-

377 3572 507 3645 μίας
532 3573 730 3630 αύτῶν.
766 3594 784 3627 ι
819 3577 945 3641 Τοῖς
971 3577 1070 3648 μὲν
1100 3573 1195 3633 οῦν
1224 3579 1634 3648 εὐαγγελισταῖς
1658 3580 1751 3634 τοῦ
1779 3597 1953 3650 σωτη-

376 3666 494 3738 ρίου
523 3665 680 3736 λόγου
706 3667 795 3722 διά
819 3668 926 3724 τῶν
978 3669 1288 3743 ἔμπροσθεν
1332 3672 1578 3741 ἐλέγετο⁸
1617 3691 1635 3725 ι
1679 3674 1796 3726 Ἐπ’
1828 3673 1953 3744 ὄρος

375 3759 577 3830 ὑψηλὸν
624 3760 878 3831 ἀνάϐηθι,
934 3765 964 3816 6
1018 3764 1504 3836 εὐαγγελιζόμενος
1566 3766 1949 3838 Ἰερουσαλήμ·

376 3850 652 3921 ΰψώσατε,
691 3849 766 3923 μὴ
805 3852 1055 3922 φοϐεῖσθε
1080 3871 1093 3884 ·
1137 3875 1154 3906 ι
1189 3853 1422 3908 ἐνταῦθα
1456 3854 1512 3908 δὲ
1568 3855 1667 3909 οὐκ
1714 3856 1802 3909 ἐπ’
1830 3855 1956 3922 ὅρος

378 3941 580 4014 ὑψηλὸν
608 3942 916 3998 ἀναϐαίνειν
945 3947 974 4000 6
994 3947 1280 4018 προφήτης
1311 3945 1594 4002 κελεύεται
1615 3966 1630 3980 ο
1677 3947 1799 4002 οὐδὲ
1847 3947 1955 4020 γὰρ

376 4026 518 4102 ἦσαν
572 4033 630 4085 ὲν
675 4031 819 4103 ῦψει,
849 4028 928 4097 οἷς
960 4033 1129 4089 ταῦτα
1184 4038 1514 4108 πῳεφὼνει·
1561 4036 1622 4090 τὸ
1668 4035 1954 4108 διαϐοῆσαι

383 4125 541 4196 μόνον
568 4126 626 4178 ὲν
657 4125 800 4196 ίσχύῖ
833 4127 926 4181 καὶ
964 4126 1038 4198 μή
1070 4122 1483 4196 φείσασθαι,οἷα
1509 4129 1589 4191 εἰς
1616 4121 1730 4181 ὦτα
1761 4127 1958 4197 κωφῶν

380 4216 640 4271 λαλοῦντα
666 4218 1082 4289 προστάττεται,
1107 4219 1202 4273 καὶ
1231 4219 1386 4288 δίκην
1419 4219 1715 4288 σάλπιγγος
1744 4219 1957 4290 ὑψῶσαι

379 4310 482 4381 τὴν
517 4311 721 4380 φωνήν.
772 4309 1015 4378 Σάλπιγξ
1050 4310 1107 4364 δὲ
1150 4311 1385 4382 πολέμου
1439 4314 1664 4382 σημεῖον
1689 4328 1704 4343 ο
1753 4311 1834 4365 διὸ
1883 4313 1958 4376 ὡς

382 4401 518 4472 πρὸς
547 4401 802 4472 πολέμιον
832 4400 922 4454 τὸν
944 4400 1114 4471 ἀσεϐῆ
1140 4401 1232 4456 καὶ
1262 4401 1583 4473 ἁμαρτωλὸν
1605 4404 1672 4473 τῇ
1701 4402 1795 4473 βοῇ
1826 4403 1960 4472 χρή-

2055 503 2260 566 mundi,
2289 503 2597 560 insuillante
2627 509 2754 574 Deo,
2785 507 2957 562 factus
2974 517 3059 562 est
3101 511 3260 564 homo
3292 513 3347 564 in
3377 513 3614 569 animant

2053 606 2340 650 vnventem.

2129 689 2290 746 Vsus.
2389 691 2572 746 17-21.
2650 695 2933 757 «Propter
2998 707 3278 764 peccatum
3346 699 3622 768 paululum

2053 785 2372 839 contristavi
2402 802 2549 849 cum,
2577 798 2628 841 et
2653 791 2894 856 percussi
2928 805 3084 854 eum,
3133 801 3187 846 et
3229 793 3399 847 averti
3429 792 3624 846 faciem

2055 890 2229 930 meam
2280 879 2349 932 ab
2399 894 2487 946 eo,
2543 890 2598 934 et
2650 885 3001 938 contristatus
3053 894 3154 950 est,
3215 895 3270 940 et
3331 885 3626 940 ambulavit

2057 971 2229 1027 tristis
2264 973 2315 1026 in
2347 973 2450 1028 viis
2483 974 2616 1028 suis.
2647 974 2778 1032 Vias
2805 977 2925 1047 ejus
2951 979 3078 1045 vidi,
3133 987 3187 1034 et
3233 980 3417 1036 sanavi
3474 993 3623 1045 eum,

2053 1073 2108 1118 et
2135 1066 2437 1121 consolatus
2465 1083 2582 1123 sum
2627 1083 2747 1122 eum
2776 1110 2791 1135 ,
2847 1081 2902 1124 et
2938 1072 3060 1126 dedi
3099 1072 3146 1129 ei
3198 1072 3624 1128 consolationem

2054 1172 2262 1224 veram,
2299 1175 2486 1229 pacem
2539 1176 2703 1231 super
2743 1178 2926 1232 pacem
2975 1165 3040 1219 iis
3084 1164 3176 1234 qui
3213 1164 3366 1236 longe
3433 1173 3487 1219 et
3531 1162 3625 1232 qui

2055 1263 2222 1319 prope
2245 1263 2391 1306 sunt.
2453 1251 2518 1306 Et
2572 1255 2711 1309 dixit
2745 1254 3002 1310 Dominus
3034 1275 3049 1312 :
3087 1256 3305 1314 Sanabo
3357 1272 3453 1313 eos
3483 1273 3498 1309 :
3530 1257 3623 1326 qui

2055 1353 2234 1397 autem
2285 1345 2452 1414 iniqui
2504 1357 2631 1403 sunt
2686 1346 3045 1414 Iluctuabuut,
3101 1360 3156 1406 et
3209 1367 3316 1406 non
3370 1357 3627 1420 poterunt

2012 1467 2015 1470 ν
2053 1435 2355 1502 quiescere.
2390 1438 2503 1494 Non
2551 1448 2635 1496 est
2687 1443 2938 1511 gaudium
2981 1443 3179 1514 impiis,
3216 1443 3352 1498 dixit
3399 1443 3561 1500 Deus.
3598 1460 3620 1496 ι

2052 1524 2279 1583 Etiamsi
2309 1531 2376 1585 ad
2405 1531 2570 1589 breve
2602 1536 2867 1603 quoddam
2905 1543 3138 1605 tempus,
3173 1536 3243 1592 ob
3281 1536 3527 1606 quadam
3559 1544 3626 1590 ex

2053 1616 2290 1678 humana
2354 1625 2671 1684 infirmitate
2729 1630 2972 1699 profecta
3023 1638 3289 1699 peccata,
3336 1637 3626 1700 peccantes

2051 1714 2274 1772 tristitia
2317 1716 2591 1774 aﬂ'ecerim
2615 1730 2670 1776 et
2698 1723 3053 1792 percusserim
3078 1763 3092 1784 ,
3125 1723 3278 1791 quasi
3309 1733 3461 1791 pater
3489 1720 3628 1774 filios

2392 1830 2408 1867 :
2434 1828 2581 1879 nam,
2620 1832 2638 1865 ι
2663 1815 2831 1881 Quem
2859 1814 3031 1883 diligit
3068 1816 3344 1878 Dominus.
3375 1814 3624 1883 castigat;

2057 1902 2292 1978 ﬂagellat
2317 1915 2497 1959 autem
2528 1921 2742 1961 omnem
2780 1906 2947 1961 tilium
2971 1956 2989 1983 ,
3007 1919 3168 1974 quem
3192 1906 3422 1980 suscipit
3447 1905 3506 1974 “;
3533 1925 3552 1958 ι
3573 1913 3629 1958 at

2056 1996 2182 2064 quia
2212 1997 2264 2052 in
2312 1991 2685 2069 castigationis
2732 2012 2868 2054 meze
2919 2013 3137 2053 sensutn
3174 1998 3472 2061 venientes,
3527 1995 3625 2062 itii,

2057 2101 2177 2155 quae
2207 2091 2502 2145 secundum
2541 2091 2708 2145 Deum
2745 2099 2867 2154 est,
2904 2090 3139 2146 tristitia:
3185 2106 3282 2144 vos
3321 2089 3626 2152 dedidistis,

2059 2196 2122 2235 ac
2151 2182 2464 2248 paenitentia
2498 2182 2642 2236 ducti
2679 2198 2801 2237 cum
2829 2194 3064 2236 maerore
3103 2180 3462 2246 ambulastis;
3499 2179 3622 2234 ideo

2059 2275 2467 2330 conversionem
2495 2286 2545 2330 et
2569 2277 2945 2344 paenitentiam
2978 2284 3211 2328 vestram
3261 2271 3626 2342 conspicatus,

2061 2382 2268 2423 necnon
2298 2367 2594 2440 posteriora
2625 2376 2776 2438 gesta
2829 2376 3005 2419 vestra
3040 2403 3056 2429 ,
3093 2375 3148 2419 et
3179 2364 3293 2418 vias
3323 2363 3446 2415 vitm
3490 2375 3628 2430 quas

2059 2461 2282 2523 iniistis,
2334 2477 2426 2514 vos
2463 2458 2648 2514 sanavi
2677 2469 2731 2514 et
2760 2457 3071 2514 consolatus
3119 2470 3235 2509 sum
3273 2467 3399 2507 vera
3443 2453 3630 2521 utique

2061 2552 2479 2608 consolatione:
2519 2551 2721 2606 etenim
2804 2549 2984 2602 omnia
3041 2563 3071 2601 a
3139 2561 3224 2601 me
3279 2545 3630 2600 familiaribus

2056 2658 2311 2700 concessa
2347 2644 2484 2698 meis
2505 2657 2632 2697 vera
2654 2649 2802 2697 sunt.
2830 2640 3197 2706 Quamobrem
3249 2637 3349 2702 iis,
3398 2636 3487 2706 qui
3535 2649 3631 2703 per

2057 2737 2466 2807 castigationem
2534 2750 2708 2790 meam
2764 2734 3148 2802 resipuerunt,
3204 2729 3629 2786 consolationem

2057 2826 2177 2882 dedi
2207 2841 2392 2881 veram
2411 2835 2465 2882 et
2490 2834 2738 2897 pacatam
2763 2866 2780 2892 ,
2809 2839 2916 2881 non
2944 2835 3123 2880 autem
3141 2823 3412 2895 vulgarem
3441 2835 3642 2892 quam-

2057 2920 2180 2973 dam
2221 2928 2274 2971 et
2304 2919 2713 2987 temporariam,
2755 2917 2849 2974 sed
2884 2915 3406 2973 abundantissimam
3432 2932 3448 2983 ;
3473 2916 3545 2968 ita
3575 2924 3634 2967 ut

2056 3024 2112 3069 et
2136 3029 2258 3070 cum
2289 3015 2533 3084 proxime
2563 3013 2774 3086 positis,
2808 3022 2863 3069 et
2893 3027 3015 3068 cum
3057 3009 3250 3082 procul
3283 3010 3510 3067 remotis
3542 3009 3635 3064 illa

1973 3136 2017 3192 ε
2057 3107 2324 3165 fruantur.

2625 3200 2853 3258 CAPUT
2896 3202 3074 3262 LVIII.

2124 3292 2286 3350 Vens.
2331 3294 2382 3350 I.
2425 3313 2443 3347 ι
2471 3291 2656 3349 Clama
2687 3309 2808 3348 cum
2839 3293 3176 3357 fortitudine,
3207 3306 3385 3362 neque
3416 3295 3646 3360 parcas,‘

2053 3387 2206 3454 quasi
2245 3388 2369 3441 tuba
2403 3385 2589 3442 attolle
2617 3401 2802 3441 vocem
2829 3395 3000 3452 tuam,
3028 3397 3082 3441 et
3117 3384 3384 3439 annuntia
3433 3380 3636 3452 popuio

2053 3495 2173 3537 meo
2212 3490 2435 3550 peccata
2483 3493 2695 3542 eorum,
2741 3488 2798 3533 et
2852 3478 3037 3534 domui
3095 3476 3263 3532 Iacob
3319 3475 3632 3544 iniquitates

2052 3586 2300 3627 eorum.»
2332 3571 2589 3642 Superius
2621 3572 2837 3640 quidem
2887 3569 3142 3625 salutaris
3179 3569 3328 3623 verbi
3372 3567 3632 3638 praedica-

2055 3666 2264 3720 toribus
2287 3666 2601 3720 dicebatur:
2629 3683 2648 3714 ι
2676 3662 2853 3732 Super
2877 3670 3113 3716 montem
3144 3661 3413 3716 excelsum
3440 3673 3631 3713 ascen-

2055 3759 2124 3815 de
2175 3759 2264 3828 qui
2311 3757 2650 3828 evangelizas
2689 3754 2993 3810 Jerusalem
3024 3773 3038 3809 :
3075 3752 3312 3808 exaltate
3361 3761 3412 3807 et
3465 3750 3632 3805 nolite

2059 3851 2251 3906 timere
2285 3869 2297 3903 :
2336 3868 2354 3901 ι
2399 3849 2486 3903 hic
2529 3863 2664 3904 vero
2706 3863 2812 3903 non
2865 3862 3027 3916 supra
3085 3857 3321 3900 montem
3355 3843 3631 3899 excelsum

2058 3945 2355 4000 ascendere
2375 3941 2594 4012 iubetur
2625 3941 2889 4012 propheta
2923 3958 2935 3994 :
2974 3951 3151 4008 neque
3189 3936 3334 3992 enim
3367 3937 3422 3990 in
3466 3950 3630 3990 cacu-

2060 4038 2205 4093 mine
2227 4036 2386 4107 positi
2411 4044 2568 4089 erant
2589 4035 2647 4099 ii,
2677 4032 2876 4103 quibus
2917 4032 3032 4087 haec
3071 4029 3503 4100 pratnuntiabat:
3535 4027 3638 4084 sed

2059 4139 2267 4186 tantum
2297 4139 2354 4182 ut
2395 4143 2518 4182 cum
2546 4126 2868 4182 fortitudine
2897 4124 3130 4191 clamet,
3165 4131 3221 4180 et
3271 4137 3338 4179 ne
3393 4129 3630 4192 parcat,

2060 4230 2244 4292 utpote
2274 4221 2366 4290 qui
2401 4220 2468 4274 ad
2493 4234 2654 4275 aures
2681 4219 2967 4274 surdorum
2993 4217 3264 4288 loquatur,
3297 4215 3628 4285 praecipitur,

2060 4324 2112 4369 et
2139 4325 2195 4368 ut
2225 4313 2399 4367 instar
2436 4313 2575 4366 tubae
2593 4311 2818 4366 extollat
2844 4325 3048 4366 vocem.
3077 4307 3224 4363 Tuba
3249 4323 3376 4362 vero
3399 4306 3636 4361 militare

2061 4407 2269 4475 signum
2325 4415 2411 4460 εει
2442 4419 2646 4473 :quare
2700 4404 2960 4458 adversus
2997 4401 3221 4470 impium
3270 4409 3324 4455 et
3375 4407 3629 4469 peccato-

381 4491 574 4544 σασθαι
611 4491 843 4553 κελεύει,
876 4491 955 4555 ὡς
1008 4492 1074 4546 ἂν
1123 4493 1419 4564 καθάψοιτο
1448 4494 1549 4564 τῆς
1599 4493 1708 4547 τῶν
1745 4493 1954 4547 ἀκουόν-

2064 4512 2196 4559 rem,
2232 4506 2290 4551 ut
2313 4506 2502 4553 contra
2532 4495 2832 4562 inimicum,
2863 4495 3106 4548 clamore
3133 4491 3208 4546 uti
3237 4489 3410 4558 jubet,
3439 4489 3528 4558 qui
3563 4488 3636 4542 ad

380 4599 488 4635 των
513 4582 765 4648 διανοίας,
801 4585 894 4638 καὶ
923 4581 1157 4656 τρώσειν
1207 4586 1376 4657 αὐτὴν
1407 4584 1485 4655 τῷ
1519 4585 1954 4654 πληκτικωτάτῳ

378 4673 539 4745 λόγῳ.

449 4807 469 4839 ι
513 4788 643 4858 Ἐμὲ
686 4786 898 4861 ἡμέραν
951 4786 1010 4854 ἐξ
1061 4786 1272 4858 ἡμέρας
1319 4785 1560 4857 ζητοῦσι,
1609 4787 1703 4840 καὶ
1747 4785 1950 4854 γνῶναί

383 4897 485 4950 μου
511 4880 611 4946 τὰς
638 4881 790 4943 ὀδοὺς
823 4877 1170 4948 ἐπιθυμοῦσι,
1214 4878 1289 4941 ὡς
1319 4877 1446 4942 λαὸς
1476 4877 1819 4948 δικαιοσύνην
1866 4895 1956 4930 πε-

379 4971 642 5043 ποιηκὼς,
669 4973 764 5026 καὶ¹
795 4973 976 5044 κρίσιν
1003 4969 1137 5024 Θεοῦ
1162 4969 1326 5024 αὐτοῦ
1363 4970 1438 5042 μὴ
1466 4960 1951 5037 ἐγκαταλελοιπώς.

381 5061 597 5114 Λίτοῦσί
648 5078 714 5131 με
761 5059 856 5114 νῦν
911 5061 1089 5132 κρίσιν
1139 5059 1376 5124 δικαίαν,
1414 5060 1508 5113 καὶ
1559 5058 1796 5128 ἐγγίζειν
1839 5059 1958 5130 Θεῷ

381 5151 730 5222 ὲπιθυμοῦσι.
774 5171 792 5203 ι
822 5153 917 5215 Εἰς
945 5151 1268 5223 κατάκρισιν
1317 5152 1444 5206 λαὸν
1486 5151 1651 5205 αὑτοῦ
1673 5150 1956 5222 ὀνομάζων

381 5241 474 5302 τὸν
508 5241 850 5312 ἁμαρτωλὸν,
883 5243 944 5296 ὃν
973 5243 1083 5312 ὲγὼ
1120 5243 1240 5314 μὲν,
1289 5243 1472 5315 φησιν,
1508 5241 1954 5312 εἰσεποιησάμην,

386 5333 479 5386 καὶ
503 5333 562 5387 ὃν
587 5333 899 5404 κατηξίωσα
929 5335 1054 5388 λαὸν
1082 5336 1211 5404 ἐμὸν
1242 5333 1631 5407 χρηματίζειν·
1662 5334 1712 5387 oi
1735 5332 1789 5386 δὲ
1823 5333 1958 5403 ὲμά-

385 5441 582 5496 κρυνον
623 5425 848 5488 ἑαυτοὺς
878 5425 1032 5495 ἐμοῦ,
1067 5427 1187 5490 ταῖς
1213 5427 1419 5480 ἑαυτῶν
1454 5425 1660 5482 ἔκδοτοι
1688 5425 1963 5498 δεδομένοι

386 5533 625 5579 κακιαις.

464 5717 501 5746 ⁸ο
539 5717 729 5770 l‘saitu
765 5734 848 5782 CL,
875 5722 930 5774 ὕ.
1015 5720 1049 5748 ¹¹
1103 5719 1258 5772 Hebr.
1313 5734 1407 5786 xu,
1439 5721 1492 5777 6.

2063 4588 2372 4643 auditorum
2418 4597 2651 4643 mentem
2695 4589 2988 4660 pertingat,
3043 4584 3327 4654 ipsamque
3385 4581 3437 4636 vi
3482 4582 3632 4636 vocis

2061 4680 2218 4735 feriat
2243 4691 2297 4736 et
2325 4681 2584 4736 vulneret.

2131 4775 2294 4830 Vens.
2341 4774 2397 4828 2.
2456 4794 2475 4826 ι
2505 4774 2588 4829 Με
2621 4777 2688 4830 de
2711 4775 2797 4830 die
2825 4775 2879 4828 in
2906 4773 3045 4827 diem
3090 4777 3373 4840 quaerunt,
3405 4776 3460 4823 et
3489 4767 3630 4822 scire

2059 4866 2176 4920 vias
2202 4881 2353 4922 meas
2377 4868 2622 4936 cupiunt,
2664 4877 2918 4936 tanquam
2959 4863 3208 4932 populus,
3240 4862 3332 4929 qui
3358 4859 3626 4930 justitiam

2063 4957 2272 5023 fecerit,
2301 4967 2357 5014 et
2378 4958 2639 5025 judicium
2669 4960 2760 5013 Dei
2789 4959 2868 5013 sui
2897 4972 3001 5012 non
3042 4954 3412 5024 dereliquerit.
3436 4952 3641 5007 Petunt.

2060 5067 2089 5106 a
2122 5067 2209 5108 me
2239 5068 2382 5108 nunc
2409 5052 2664 5122 iudicium
2688 5051 2918 5120 justum,
2963 5059 3017 5104 et
3050 5049 3484 5118 appropinquare
3521 5046 3649 5100 Deo.

2058 5143 2304 5213 cupiunt.
2339 5163 2359 5196 ι
2415 5143 2678 5214 Papulum
2719 5159 2875 5199 suum
2921 5145 2989 5197 ad
3027 5142 3195 5212 ipsius
3222 5140 3647 5196 condemnatio-.

2059 5251 2181 5290 nem
2253 5247 2590 5307 peccatorem
2648 5244 3158 5305 nuncupat:quem
3209 5248 3353 5305 ego,
3411 5232 3641 5302 inquit.

2059 5345 2234 5385 meum
2259 5330 2504 5400 ascripsi,
2533 5339 2587 5385 et
2622 5345 2786 5400 quem
2827 5329 3080 5400 populum
3102 5343 3295 5383 vocare
3321 5341 3497 5382 meum
3521 5340 3625 5379 non

2060 5407 2378 5492 dedignatus
2407 5437 2528 5478 sum
2563 5438 2578 5477 :
2612 5422 2687 5477 illi
2719 5438 2851 5478 vero
2882 5422 3100 5478 malitia:
3124 5437 3237 5477 sua:
3272 5420 3476 5487 dediti,
3509 5431 3644 5477 sme-

2059 5531 2089 5570 a
2121 5532 2204 5572 me
2228 5515 2417 5587 procul
2457 5527 2821 5572 removerunt.
