4130 6400
568 331 669 387 ιτς)

1247 330 1516 386 EUSEBll
1555 331 2033 392 CESARlENSIS
2071 337 2218 396 OPP.
2263 339 2439 396 PARS
2479 340 2563 396 Ill.
2592 294 2672 382 1-
2709 341 3119 399 EXEGETICA.

3717 353 3818 407 480

639 449 803 505 Vens.
835 448 888 502 '5.
931 469 952 502 ι
980 449 1262 506 Dicentes:
1296 452 1474 518 Quare
1498 454 1904 524 jejunavimus,
1951 470 2006 515 et
2037 477 2124 515 nor

2323 481 2341 514 ι
2376 463 2658 532 Λέγοντεςο
2693 465 2758 517 Τί
2799 466 2882 519 ὅτι
2927 465 3348 537 ἐνηστεύσαμεν,
3390 469 3484 521 καὶ
3515 469 3615 524 οὐκ
3648 466 3819 538 εἶδεςς

568 543 787 595 vidisti?
814 541 1214 596 buntiliavimus
1243 546 1451 600 animas
1474 557 1708 615 nostras,
1733 562 1786 605 et
1816 569 1921 607 non
1945 568 2146 622 cogno-

566 634 730 689 visti?
760 653 779 684 ι
816 633 951 699 Quia
996 633 1121 688 talia
1157 635 1498 706 impudenter
1524 640 1674 695 ell’ari
1711 645 1931 710 audent,
1954 663 2142 716 magna

567 735 645 791 tu,
673 726 741 779 mi
767 726 1050 794 propheta,
1079 742 1212 782 voce
1241 738 1416 794 utens,
1445 735 1714 796 responde
1741 736 1870 802 illis,
1905 750 1959 792 et
1985 754 2145 793 coar-

563 835 666 886 gue
720 833 835 883 eos,
871 821 1014 888 quod
1065 818 1328 888 judicium
1385 840 1563 880 meum
1620 828 2036 899 dereliquerint,
2089 841 2144 886 et

562 909 708 977 quod
739 911 920 965 omnia
974 928 1096 980 quae
1137 914 1446 984 proferunt,
1497 934 1606 974 non
1669 921 1883 978 sincere
1933 923 2139 979 dicant.

567 1021 585 1052 ι
617 1001 669 1054 lu
716 1002 905 1059 diebus
934 1007 1082 1060 enim
1118 1007 1452 1078 jejuniorum
1512 1020 1818 1087 vestrorum
1885 1016 2142 1072 invenitis

560 1095 872 1152 voluntates
906 1110 1139 1165 vestras,
1187 1111 1242 1156 et
1276 1118 1467 1158 omnes
1493 1105 1734 1161 subditos
1767 1117 1980 1164 vestros
2007 1107 2142 1162 aﬁli-

560 1187 751 1256 gitis.»
800 1189 856 1244 Si
901 1206 1033 1262 ergo
1084 1193 1152 1250 de
1202 1195 1293 1250 tali
1341 1197 1549 1266 jejunio
1597 1198 1922 1268 gloriantur,
1986 1201 2141 1271 longe

559 1282 923 1348 praestabilius
957 1285 1090 1354 ipsis
1124 1298 1262 1354 erat,
1296 1301 1353 1344 ιιι
1381 1291 1554 1360 epulis
1599 1303 1902 1358 vacarent,
1949 1303 2004 1349 et
2053 1309 2139 1347 res

558 1373 868 1442 hnjusmodi
929 1393 1035 1432 non
1085 1381 1525 1449 aggrederentur.
1581 1382 1920 1453 Quapropter
1985 1383 2138 1438 initio

556 1467 853 1535 prophetia:
877 1471 1081 1525 dictum
1107 1482 1192 1526 est
1223 1473 1327 1528 illis
1357 1493 1370 1529 :
1399 1492 1421 1528 ι
1453 1474 1726 1545 Jejunium
1780 1485 1835 1530 et
1876 1477 2138 1530 cessatio-

557 1573 678 1610 nem
708 1569 762 1612 et
783 1559 1156 1618 soletnnitates
1193 1575 1402 1620 vestras
1431 1568 1544 1621 odit
1565 1568 1744 1622 anima
1783 1583 1921 1623 mea.
1949 1588 1968 1620 ι
2001 1567 2134 1621 Nam

549 1647 736 1714 jejunii
771 1651 960 1716 otium,
995 1669 1100 1707 nou
1128 1655 1180 1708 in
1215 1657 1549 1724 poenitentia:
1589 1661 1934 1715 occasionem
1965 1661 2134 1716 verti-

559 1741 626 1794 tis
652 1781 668 1804 ,
699 1744 794 1797 sed
832 1743 923 1798 illo
955 1746 1024 1800 ad
1052 1748 1232 1804 debita
1261 1752 1528 1821 exigenda
1577 1762 1632 1807 et
1686 1755 1978 1824 repetenda
2027 1755 2135 1809 uti-

556 1848 710 1890 ιηιηι.

625 1927 787 1984 Vens.
849 1931 902 1986 4.
953 1933 1055 1988 «Si
1095 1934 1162 1988 ad
1211 1935 1333 1992 lites
1385 1937 1439 1992 εἰ
1477 1954 1685 2010 pugnas
1730 1940 2025 2010 jejunatis,
2079 1948 2134 1995 et

551 2023 743 2088 pugnis
775 2026 1060 2092 percutitis
1089 2028 1366 2095 humilem,
1389 2033 1454 2085 ad
1486 2013 1614 2101 quid
1649 2033 1779 2088 mihi
1801 2032 2124 2101 jejunatis?»

556 2109 778 2170 Videtur
807 2117 923 2183 ipso
949 2133 1166 2189 quoque
1205 2123 1504 2192 prophetia:
1555 2135 1795 2194 tempore
1840 2126 1942 2179 tale
1974 2126 2132 2195 quid-

551 2206 698 2273 piam
763 2208 964 2264 l'actum
1011 2227 1135 2269 esse
1165 2231 1180 2268 :
1214 2216 1266 2270 id
1319 2217 1519 2288 quippe
1559 2234 1739 2275 sermo
1787 2220 2128 2275 subindicat:

557 2314 578 2348 ι
610 2297 678 2353 Ut
707 2299 866 2357 hodie
908 2305 1161 2360 audiatur
1190 2306 1240 2362 in
1271 2308 1509 2366 clamore
1545 2326 1646 2367 vox
1675 2323 1877 2367 vestra.
1913 2332 1932 2365 ι

599 2391 785 2448 .Vens.
844 2394 897 2450 5.
951 2397 1110 2453 «Non
1169 2415 1269 2471 ego
1324 2402 1592 2471 jejunium
1661 2407 1805 2460 istutl
1857 2408 2019 2478 elegi,
2077 2419 2131 2466 et

544 2481 708 2548 diem,
748 2494 806 2538 ut
863 2486 1111 2544 humiliet
1155 2493 1316 2548 homo
1363 2497 1602 2551 animam
1667 2515 1848 2555 suam.
1908 2501 2024 2556 Non
2083 2503 2127 2558 si

543 2572 917 2634 incurvaveris
954 2583 1109 2650 quasi
1145 2586 1412 2641 circulum
1444 2591 1641 2644 collum
1693 2601 1868 2660 tuum,
1918 2604 1974 2648 et
2020 2594 2131 2648 cili-

539 2666 686 2720 cium
722 2677 776 2723 ει
815 2671 1055 2728 cinerem
1085 2676 1449 2736 substraveris
1481 2700 1494 2734 :
1529 2698 1705 2752 neque
1749 2685 1830 2740 sic
1862 2686 2130 2742 vocabitis

535 2756 802 2828 jejunium
856 2766 1212 2835 acceptabile.
1248 2790 1266 2822 ι
1316 2771 1470 2837 Quod
1510 2775 1554 2828 si
1580 2775 1704 2844 quis
1731 2775 1862 2829 velit
1895 2777 2115 2831 modum

539 2853 654 2905 veri
691 2853 931 2925 mihique
963 2859 1180 2926 probati
1229 2863 1423 2931 jejunii
1473 2867 1741 2933 ediscere,
1789 2869 1906 2925 haec
1965 2880 2124 2939 agat:

538 2943 620 2998 Ad
649 2945 888 3001 laetitiam
920 2951 1126 3006 vultum
1163 2967 1476 3025 componat,
1510 2968 1564 3013 et
1594 2961 1715 3015 oleo
1758 2972 1919 3030 caput
1969 2963 2126 3017 inun-

2251 555 2698 628 ἐταπεινὼσαμεν
2748 558 2847 622 τὰς
2886 558 3062 629 ψυχὰς
3095 561 3269 630 ἡμῶν,
3298 560 3392 614 καὶ
3429 562 3529 616 οὐκ
3561 563 3758 632 ἔγνως;
3792 583 3816 618 ι

2261 648 2482 722 Ἐπειδὴ
2530 651 2751 704 τοιαῦτα
2805 651 2981 722 λέγειν
3023 653 3252 717 ἀναιδῶς
3302 654 3563 726 τολμῶσι,
3611 659 3820 732 μεγάλῃ

2250 739 2345 812 βοῇ
2369 759 2473 812 χρη
2481 743 2546 795 σά
2553 760 2711 812 μενος
2728 744 2791 796 σὺ
2810 745 2839 795 ὁ
2849 744 2980 814 ἐμὸς
2992 748 3296 817 προφήτης,
3312 748 3600 819 ἀπόκριναι
3615 751 3818 819 αὐτοῖς,

2246 833 2340 885 καὶ
2367 834 2656 905 ἀπέλεγχε,
2689 836 2836 898 ὅπως
2865 836 3002 908 ἐμὴν
3043 837 3222 908 κρίσιν
3252 837 3691 905 καταλελοίπασι,
3726 842 3821 895 καὶ

2245 925 2406 978 πάνθ’
2455 926 2554 980 ὅσα
2608 930 2925 997 φάσκουσιν,
2971 930 3071 983 οὐκ
3119 930 3335 1002 άληθῶς
3365 931 3816 986 διαϐεϐαιοῦνται.

2251 1033 2270 1066 ι
2313 1017 2399 1068 Ἐν
2438 1017 2547 1088 γὰρ
2588 1022 2704 1083 ταῖς
2737 1019 2971 1090 ἡμέραις
3021 1020 3128 1072 τῶν
3169 1021 3430 1092 νηστειῶν
3473 1024 3622 1094 ὑμῶν
3674 1025 3818 1097 εὑρί-

2249 1124 2408 1160 σκετε
2438 1109 2506 1162 τά
2543 1109 2823 1181 θελήματα
2856 1111 3031 1181 ὑμῶν,
3062 1114 3156 1165 καὶ
3186 1114 3393 1178 πάντας
3436 1115 3560 1179 τοὺς
3597 1117 3815 1188 ὑποχει-

2249 1199 2395 1270 ρίους
2423 1199 2576 1269 ὑμῶν
2600 1201 2950 1256 ύπονύσσετε.
2979 1222 2998 1254 ι
3025 1204 3089 1256 Εἰ
3108 1204 3286 1256 τοίνυν
3315 1206 3408 1258 ἐπὶ
3451 1206 3674 1279 τοιαύτῃ
3727 1224 3817 1260 σεο

2247 1290 2537 1362 μνύνονται
2569 1294 2814 1366 νηστείᾳ,
2854 1295 2988 1349 πολὺ
3023 1299 3268 1367 κρεῖττον
3300 1293 3369 1369 ἦν
3415 1300 3597 1362 αὐτοῖς
3641 1305 3814 1371 τροφῇ

2246 1382 2547 1452 σχολάζειν,
2584 1386 2678 1438 καὶ
2711 1387 2785 1458 μὴ
2813 1386 3033 1440 τοιαῦτα
3083 1388 3302 1459 τολμᾷν.
3349 1390 3448 1443 Διά
3481 1391 3654 1445 ταῦτα
3685 1392 3816 1461 γοῦν

2241 1477 2361 1529 κατ’
2396 1476 2572 1548 ἀρχῆς
2618 1477 2718 1548 τῆς
2772 1481 3109 1551 προφητείας
3146 1482 3283 1551 πρὸς
3341 1483 3538 1547 αὐτοὺς
3568 1483 3812 1554 ἐλέγετο·

2245 1587 2263 1620 ι
2300 1569 2574 1638 Νηστείαν
2607 1570 2701 1624 καὶ
2739 1571 2958 1641 ἀργίαν,
3000 1574 3094 1625 καὶ
3119 1573 3220 1636 τὰς
3253 1574 3446 1646 ἑορτάς
3475 1575 3627 1646 ὑμῶν
3673 1579 3820 1646 μισεῖ

2238 1662 2271 1729 ἠ
2300 1660 2447 1732 ψυχή
2482 1679 2605 1732 μου.
2652 1681 2672 1714 ι
2719 1663 2830 1734 Τὴν
2878 1663 2988 1734 γὰρ
3031 1663 3132 1734 τῆς
3180 1664 3431 1734 νηστείας
3479 1664 3672 1736 σχολὴν
3716 1667 3816 1720 οὐκ

2243 1751 2496 1822 ἀφορμὴν
2532 1751 2771 1806 ποιεῖσθε
2811 1754 3170 1824 μεταμελείας
3191 1772 3203 1784 ·
3236 1753 3374 1808 ἀλλά
3387 1755 3589 1827 ταύτην
3615 1759 3694 1820 εἰς
3719 1757 3821 1830 τήν

2244 1843 2354 1896 τῶν
2391 1845 2714 1914 ὀφειλόντων
2749 1846 3033 1918 εἴσπραξιν
3060 1847 3400 1904 ἀναλίσκετε.

2320 1955 2338 1987 ι
2368 1937 2429 1989 Ei
2458 1937 2538 1999 εἰς
2571 1937 2781 2008 κρίσεις
2811 1938 2904 1992 καὶ
2927 1939 3106 2010 μάχας
3132 1939 3440 2012 νηστεύετε,
3468 1942 3562 1995 καὶ
3588 1942 3821 1999 τύπτετε

2236 2031 2482 2098 πυγμαῖς
2523 2029 2800 2094 ταπεινὸν,
2856 2031 2942 2084 ἵνα
2978 2031 3031 2085 τί
3083 2051 3172 2104 μοι
3208 2035 3532 2105 νηστεύετε;
3575 2057 3593 2088 ι
3630 2039 3815 2094 Ἔοικε

2234 2123 2328 2177 καὶ
2357 2125 2478 2176 κατ’
2520 2123 2684 2176 αὐτὸν
2722 2125 2812 2178 τὸν
2857 2125 2959 2195 τῆς
2994 2128 3328 2199 προφητείας
3367 2129 3560 2200 καιρὸν
3608 2132 3817 2187 τοιοῦτό

2233 2232 2284 2268 τι
2319 2215 2680 2285 γεγενῆσθαι·
2721 2216 2881 2270 τοῦτο
2910 2217 3019 2290 γὰρ
3048 2220 3341 2274 αἰνίττεται
3367 2223 3397 2274 ὁ
3432 2221 3587 2291 λόγος
3611 2240 3624 2253 ·
3667 2243 3684 2274 ι
3726 2224 3819 2288 Ὦς

2236 2305 2473 2377 σήμερον
2513 2305 2847 2376 ἀκουσθῆναι
2868 2309 2925 2361 ἐν
2953 2312 3167 2380 κραυγῇ
3199 2310 3296 2382 τὴν
3331 2311 3513 2382 φωνὴν
3537 2313 3707 2384 ὑμῶν.

2311 2417 2327 2448 ι
2358 2399 2432 2450 Οὐ
2464 2397 2670 2470 ταύτην
2692 2401 2790 2471 τὴν
2812 2402 3064 2470 νηστείαν
3097 2401 3447 2475 ἐξελεξάμην,
3481 2405 3574 2457 καὶ
3602 2405 3817 2478 ἡμέραν

2230 2490 2520 2544 ταπεινοῦν
2553 2491 2841 2563 ἄνθρωπον
2873 2493 2970 2564 τὴν
2997 2494 3174 2566 ψυχὴν
3204 2496 3389 2549 αὐτοῦ.
3423 2497 3543 2550 Οὐδ’
3579 2498 3644 2551 ἂν
3667 2499 3814 2569 κάμ-

2229 2581 2338 2654 ψῃς
2387 2581 2462 2646 ὡς
2495 2581 2683 2654 κρίκον
2713 2584 2808 2637 τὸν
2840 2584 3108 2657 τράχηλὸν
3151 2604 3265 2650 σου,
3323 2589 3416 2642 καὶ
3457 2590 3659 2644 σάκκον
3719 2593 3816 2647 καὶ

2231 2677 2425 2728 σπόδον
2483 2677 2832 2749 ὐποστρώσῃ,
2891 2679 2998 2732 οὐδ’
3045 2679 3189 2733 οὓτω
3238 2681 3496 2736 καλέσετε
3558 2686 3814 2755 νηστείαν

2227 2769 2442 2839 δεκτήν.
2487 2788 2508 2821 ι
2558 2769 2621 2822 Ei
2672 2769 2729 2823 δὲ
2769 2771 2834 2842 δὴ
2867 2771 3038 2826 ἐθέλοι
3093 2790 3177 2836 τις
3214 2774 3414 2846 τρόπον
3451 2775 3685 2847 ἀληθοῦς
3716 2778 3814 2832 καὶ

2228 2858 2352 2928 ἐμοὶ
2389 2859 2467 2930 τῷ
2511 2859 2630 2931 Θεῷ
2677 2861 2918 2932 ἀρεστῆς
2947 2865 3202 2936 νηστείας
3224 2864 3588 2932 διδάσκεσθαι,
3638 2869 3814 2923 ταῦτα

2228 2954 2549 3024 πραττέτωο
2588 2954 2816 3026 Φαιδρὸν
2868 2955 2929 3008 τὺ
2983 2956 3274 3028 πρόσωπον
3311 2961 3682 3030 καταστήσας,
3716 2963 3814 3016 καὶ

539 3049 673 3104 gens
697 3041 997 3094 secundum
1035 3043 1276 3101 salutare
1311 3060 1662 3120 przeceptum,
1688 3051 1952 3120 jejunium
1986 3054 2122 3110 clam

2234 3048 2323 3119 τὴν
2354 3048 2594 3120 κεφαλὴν
2645 3049 2872 3119 ἀλείψας
2905 3048 3069 3121 ἐλαίῳ
3094 3049 3237 3104 κατά
3278 3049 3376 3122 τὴν
3410 3055 3673 3124 σωτήριον
3706 3072 3813 3107 πα-

537 3129 813 3194 observet,
844 3140 899 3186 et
925 3133 1024 3188 soli
1054 3134 1198 3192 Patri
1243 3141 1456 3196 occulta
1503 3143 1706 3200 videnti
1763 3146 2122 3203 humilitatem

2234 3141 2568 3215 ρακέλευσιν,
2599 3142 2698 3212 τὴν
2730 3143 2828 3212 μὲν
2854 3142 3107 3214 νηστείαν
3141 3145 3198 3197 ἐν
3230 3143 3308 3214 τῷ
3340 3145 3564 3217 κρυπτῷ
3605 3145 3810 3213 φυλατ-

538 3220 732 3275 anima:
755 3225 1003 3280 ostendat
1037 3245 1050 3282 :
1081 3229 1134 3283 in
1174 3231 1390 3300 publico
1421 3245 1604 3291 autem
1638 3239 1917 3307 operibus,
1952 3241 2124 3310 pieta-

2234 3231 2386 3298 τέτω,
2418 3233 2512 3285 καὶ
2539 3231 2617 3304 τῷ
2665 3233 2843 3305 Πατρὶ
2871 3232 2951 3304 τῷ
3004 3232 3253 3304 βλέποντι
3285 3235 3354 3290 τὰ
3386 3237 3617 3308 ,κρυπτὰ
3663 3237 3810 3308 μόνῳ

541 3314 608 3366 tis
667 3309 877 3372 fructus
926 3321 1234 3380 videntibus
1282 3327 1540 3384 omnibus
1605 3331 1905 3400 exhibeat,
1956 3309 2120 3390 omne

2234 3323 2324 3396 τὴν
2349 3325 2677 3378 ταπείνωσιν
2710 3325 2810 3395 τῆς
2831 3324 3010 3397 ψυχῆς
3045 3326 3308 3382 δεικνύτω
3332 3345 3346 3358 ·
3386 3331 3466 3392 εἰς
3510 3330 3566 3384 δέ
3605 3330 3666 3383 τὸ
3703 3347 3810 3399 φα-

537 3409 814 3465 vinculum
846 3412 1150 3484 iniquitatis
1174 3418 1453 3478 solvendo.
1479 3422 1662 3489 Quare
1688 3425 1766 3479 ait
1799 3441 1814 3478 τ

2227 3418 2384 3490 νερὸν
2411 3417 2479 3471 δι’
2504 3417 2682 3489 ἔργων
2708 3418 2835 3481 τοὺς
2865 3419 3112 3487 καρποὺς
3136 3420 3236 3491 τῆς
3266 3419 3407 3474 κατὰ
3447 3419 3620 3492 ψυχὴν
3649 3420 3812 3475 εὐλα-

537 3499 693 3565 ϐείας
719 3508 832 3568 τοῖς
857 3509 1024 3561 πᾶσιν
1058 3509 1225 3581 ὁρῶσι
1253 3513 1556 3585 παρεχέτω,
1596 3515 1683 3570 διὰ
1702 3518 1797 3571 τοῦ
1829 3518 1976 3573 λύειν
2006 3519 2187 3574 πάντα
2211 3513 2507 3582 σύνδεσμον
2532 3510 2765 3574 ἀδικίας.
2797 3510 2889 3564 Διό
2916 3528 3080 3582 φησιν
3098 3527 3113 3540 ⁸

611 3592 770 3648 Vens.
807 3593 859 3650 ‘3.
899 3614 916 3647 t
947 3597 1062 3652 Non
1109 3599 1213 3654 tale
1253 3600 1518 3669 judicium
1551 3605 1711 3676 elegi,
1749 3608 1879 3662 dicit
1929 3609 2115 3664 Domi-

533 3701 636 3739 nus
674 3705 689 3741 :
724 3688 816 3741 sed
843 3689 991 3744 solve
1019 3705 1232 3747 omnem
1263 3710 1459 3748 nexum
1494 3697 1834 3767 iniquitatis;
1881 3700 2117 3759 dissolve

531 3777 890 3848 obligationes
917 3784 1280 3840 violentarum
1305 3789 1652 3856 cantionum;
1679 3791 1891 3849 dimitte
1912 3794 2115 3853 fractos

532 3868 588 3924 in
636 3873 1039 3939 remissionem;
1087 3886 1143 3932 et
1183 3895 1400 3934 omnem
1456 3885 1823 3954 syngrapham
1871 3887 2110 3957 iniquam

531 3965 733 4028 lacera,
760 3983 778 4015 ι
825 3966 1026 4020 dictum
1056 3968 1187 4024 illttd
1216 3971 1525 4030 Servatoris
1571 3993 1737 4047 opere
1764 3981 2106 4049 (perliciens:

537 4075 556 4106 ι
589 4056 645 4109 Si
677 4055 840 4111 oll‘ers
870 4074 1064 4127 munus
1093 4071 1239 4115 tutnn
1266 4065 1334 4118 ad
1355 4065 1554 4132 altare,
1610 4079 1664 4124 et
1693 4069 1767 4125 ibi
1794 4073 2111 4130 recordatus

533 4147 723 4213 fueris,
757 4152 880 4219 quia
911 4151 1080 4208 frater
1112 4163 1234 4211 tuus
1269 4157 1434 4214 habet
1476 4160 1678 4230 aliquid
1705 4164 1993 4219 adversum
2025 4177 2106 4232 te;

531 4243 778 4311 relinque
803 4243 872 4297 ibi
903 4260 1099 4302 munus
1139 4257 1323 4314 tuum,
1370 4261 1426 4306 et
1464 4257 1600 4305 vade
1635 4253 1809 4322 prius,
1860 4257 2100 4312 reconci-

2313 3623 2332 3655 ι
2361 3601 2498 3672 Οὐχὶ
2539 3600 2794 3671 τοιαύτην
2833 3601 3088 3672 νηστείαν
3119 3600 3467 3673 ἐξελεξάμην,
3513 3600 3658 3670 λέγει
3691 3603 3811 3655 Κύ⁴

2230 3711 2379 3769 ριος’
2416 3693 2551 3748 ἀλλά
2602 3692 2694 3745 λύε
2746 3692 2923 3746 πάντα
2991 3691 3288 3763 σύνδεσμον
3339 3693 3580 3756 ἀδικίαςο
3621 3693 3808 3748 διάλυε

2226 3785 2592 3859 στραγγαλιὰς
2617 3783 2804 3856 βιαίων
2853 3783 3313 3853 συναλλαγμάτων
3337 3801 3350 3813 ·
3387 3783 3683 3837 άπόστελλε
3709 3802 3803 3838 τε-

2223 3877 2590 3948 θραυσμένους
2625 3877 2684 3929 ἐν
2711 3874 2934 3945 ἀφέσειο
2983 3875 3076 3928 καὶ
3122 3876 3302 3928 πᾶσαν
3335 3875 3654 3948 συγγραφὴν
3691 3876 3810 3930 ἄδι-

2221 3988 2314 4024 κον
2336 3970 2564 4023 διάσπα·
2601 3988 2621 4020 ι
2649 3968 2781 4023 αὐτὸ
2804 3968 2869 4040 δὴ
2900 3967 2960 4020 τὸ
2981 3967 3301 4038 λελεγμένον
3345 3968 3449 4021 ὑπὸ
3479 3968 3573 4021 τοῦ
3623 3969 3810 4041 Σωτῆ-

2225 4079 2316 4132 ρος
2368 4061 2514 4133 ἐργῳ
2549 4060 2793 4133 πληρῶν,
2835 4062 2920 4114 τό’
2961 4080 2979 4112 ι
3013 4061 3137 4115 Ἑάν
3180 4061 3496 4135 προσφέρῃς
3524 4063 3586 4115 τὸ
3627 4061 3804 4134 δῶρόν

2221 4172 2338 4218 σου,
2366 4156 2526 4208 κάκεῖ
2551 4153 2815 4225 μνησθῇς,
2850 4154 2933 4207 ὃτι
2973 4153 3085 4225 ἔχει
3113 4156 3141 4207 ό
3175 4154 3399 4224 ἀδελφός
3429 4154 3521 4208 σού
3571 4172 3623 4208 τι
3659 4156 3806 4210 κατά

2223 4247 2318 4300 σοῦ
2340 4264 2355 4279 ο
2392 4248 2528 4316 ἄφες
2577 4249 2693 4300 ἐκεῖ
2721 4248 2782 4299 τὸ
2813 4247 2984 4318 δῶρόν
3016 4264 3131 4314 σου,
3181 4249 3276 4301 καὶ
3333 4246 3510 4316 ὕπαγε
3561 4247 3802 4320 πρῶτον,

527 4333 665 4390 liare
728 4336 884 4391 fratri
937 4348 1028 4394 tuo
1070 4358 1086 4395 :
1139 4351 1195 4394 et
1261 4351 1390 4399 tunc
1441 4345 1672 4399 veniens
1726 4345 1861 4402 offer
1913 4363 2111 4405 munus

2234 4339 2531 4410 Βιαλλάγηθι
2556 4339 2635 4411 τῷ
2660 4339 2873 4412 ἀδελφῷ
2895 4357 2987 4393 σου
3007 4357 3021 4371 °
3054 4342 3148 4396 καὶ
3173 4341 3292 4394 τότε
3324 4340 3493 4395 ἐλθὼν
3523 4343 3803 4414 πρόσφερε

527 4438 678 4482 tuum
712 4431 776 4485 ".
808 4449 828 4482 ι

2234 4432 2280 4483 τὸ
2313 4431 2486 4502 δῶρόν
2515 4449 2628 4485 σου.
2662 4451 2681 4484 ι

598 4519 767 4577 Vens.
819 4524 873 4579 7.
934 4543 954 4576 ι
984 4525 1198 4598 Frange
1246 4529 1512 4585 esurienti
1566 4545 1761 4600 panem
1821 4542 2004 4600 tuutn,
2054 4543 2110 4591 et

2296 4541 2314 4574 ι
2345 4523 2653 4595 Διάθρυπτε
2688 4524 2945 4578 πεινῶντι
2971 4524 3062 4578 τὸν
3091 4524 3255 4599 ἄρτον
3285 4543 3396 4590 σου,
3422 4525 3516 4579 καὶ
3548 4528 3802 4596 πτωχοὺς

522 4627 792 4684 pauperes
825 4625 971 4673 tecto
1003 4630 1254 4676 carentes
1287 4621 1451 4676 induc
1482 4624 1534 4677 in
1577 4624 1795 4680 domum
1825 4633 1994 4682 tuam.
2021 4669 2026 4675 .
2051 4625 2108 4682 Si

2234 4614 2483 4683 iszéyou;
2521 4615 2709 4685 εἴσαγε
2732 4618 2812 4681 είς
2833 4616 2923 4671 τὸν
2943 4612 3090 4672 οἶκόν
3120 4635 3236 4670 σου.
3272 4617 3395 4672 Ἐάν
3425 4619 3546 4690 ίδῃς.
3572 4619 3801 4689 γυμνὸν,

523 4707 727 4762 videris
757 4711 980 4776 nudum,
1017 4722 1158 4782 tege,
1187 4723 1242 4770 et
1279 4715 1613 4771 domesticos
1638 4717 1865 4772 seminis
1909 4719 1984 4773 tui
2041 4734 2108 4773 ne

2234 4707 2502 4776 περίϐαλε,
2535 4709 2630 4762 καὶ
2653 4709 2763 4762 ἀπὸ
2793 4709 2902 4764 τῶν
2942 4710 3158 4763 οίκείων
3195 4709 3290 4763 τοῦ
3340 4709 3654 4782 σπέρματός
3699 4724 3799 4762 σου

520 4799 857 4868 despexeris.
891 4823 910 4856 ι
948 4804 1066 4860 Non
1108 4807 1252 4862 enim
1276 4809 1474 4863 desunt
1528 4811 1672 4878 apud
1716 4810 1964 4867 homines
2012 4812 2104 4881 qui

2234 4801 2317 4871 >ὐχ
2340 4801 2621 4874 ύπερόψει.
2661 4823 2680 4856 ι
2718 4803 2793 4857 Ού
2819 4802 2927 4875 γὰρ
2974 4802 3253 4856 λείπουσιν
3284 4803 3341 4855 ἐν
3390 4800 3697 4872 ἀνθρώποις
3745 4801 3799 4854 οι

520 4890 640 4944 cibo
673 4903 870 4959 egeant
906 4917 918 4950 :
953 4904 1118 4966 atque
1164 4897 1244 4953 sic
1273 4899 1368 4954 tibi
1425 4901 1754 4956 abstinentia
1799 4917 1904 4956 non
1953 4903 2105 4958 lucro

2234 4897 2422 4968 εροφῆς
2446 4897 2644 4960 ἐνδεεῖς
2667 4913 2682 4926 ο
2717 4897 2812 4950 καὶ
2841 4895 2983 4950 οὕτω
3027 4895 3137 4968 γάρ
3179 4913 3261 4948 σοι
3302 4895 3527 4966 γένηται
3559 4895 3618 4948 οὐ
3656 4893 3799 4966 πρὸς

517 4982 626 5036 erit
660 5002 672 5036 :
705 4986 802 5040 sed
842 4986 947 5042 alio
983 4990 1144 5044 modo
1167 4991 1404 5047 animam
1449 5003 1593 5047 tuam
1621 4995 1764 5061 ales,
1801 5009 1923 5049 cum
1963 5009 2104 5066 pane

2234 4987 2440 5058 ιέρδους
2485 4990 2518 5060 ἡ
2565 4989 2770 5054 ἀσιτία,
2801 4988 2915 5043 ἀλλ’
2971 4988 3141 5060 ἑτέρῳ
3183 4988 3368 5060 τρόπῳ
3397 4989 3650 5059 τραφήσῃ
3691 4985 3799 5059 τὴν

525 5081 612 5128 tuo
643 5075 884 5145 indigum
925 5087 979 5132 et
1025 5080 1133 5134 cibi
1171 5084 1398 5150 penuria
1430 5082 1766 5138 laborantem
1808 5086 2102 5142 recreabis.

2234 5079 2390 5150 {~th
2417 5079 2496 5151 τῷ
2522 5081 2717 5134 σαυτοῦ
2760 5082 2910 5154 ἄρτῳ
2932 5080 3021 5134 τδν
3054 5079 3208 5151 ἐνδεῆ
3238 5080 3331 5133 καὶ
3355 5079 3563 5151 τροφῆς
3601 5077 3796 5150 δεόμε-

2215 5189 2304 5227 νον
2332 5172 2734 5245 ἀνακτώμενος.

595 5256 758 5312 Vens.
791 5260 845 5324 8,
889 5259 942 5314 9.
997 5279 1016 5313 t
1044 5259 1196 5316 Tunc
1254 5271 1505 5332 erumpet
1547 5262 1872 5318 matutinum
1923 5262 2102 5318 lumen

520 5357 701 5414 tuum,
729 5360 784 5404 et
813 5354 1132 5410 sanationes
1174 5364 1278 5410 tua:
1325 5356 1436 5412 cito
1474 5356 1722 5411 orientur
1759 5369 1776 5410 :
1811 5365 1866 5410 et
1895 5355 2107 5426 prazibit

519 5452 648 5492 ante
693 5448 743 5494 te
772 5442 986 5510 justitia
1019 5454 1131 5511 tua,
1180 5455 1236 5500 et
1269 5445 1440 5516 gloria
1495 5445 1592 5502 Dei
1624 5445 1986 5503 circumdabit
2031 5456 2099 5502 te.

519 5527 672 5584 Tunc
726 5533 1006 5602 clamabis,
1051 5543 1107 5591 et
1159 5536 1302 5593 Deus
1348 5540 1605 5598 exaudiet
1663 5550 1718 5597 te
1760 5540 1986 5612 {adhuc
2052 5547 2104 5594 te

521 5619 780 5693 loquente
815 5627 979 5692 dicet,
1015 5627 1156 5684 Ecce
1191 5629 1402 5688 adsum.
1431 5651 1450 5684 ι

601 5761 644 5792 "
676 5761 873 5818 Matth.
916 5780 969 5834 ν,
1000 5764 1071 5819 23

2289 5283 2307 5314 ‹
2343 5263 2476 5318 Τότε
2508 5267 2805 5338 ῥαγήσεται
2825 5264 3072 5339 πρώῖμον
3103 5265 3164 5318 τὸ
3186 5263 3301 5334 φῶς
3332 5281 3445 5328 σου,
3482 5262 3574 5317 καὶ
3599 5260 3668 5314 τὰ
3708 5261 3794 5316 ἰά-

2217 5360 2365 5432 ματά
2400 5377 2492 5414 σου
2520 5363 2655 5433 ταχὺ
2687 5361 2934 5415 ἀνατελεῖ
2957 5378 2971 5392 ·
3000 5360 3095 5415 καὶ
3131 5358 3568 5431 προπορεύσεται
3588 5357 3794 5429 ἐμπρο-

2215 5452 2341 5506 σθέν
2385 5469 2479 5507 σου
2535 5456 2568 5526 ἡ
2614 5454 2926 5526 δικαιοσύνη
2978 5471 3092 5520 σου,
3140 5453 3234 5507 καὶ
3283 5455 3316 5524 ή
3363 5452 3489 5519 δόξα
3519 5449 3611 5504 τοῦ
3645 5449 3788 5504 Θεου

2216 5550 2524 5619 περιστελεῖ
2557 5566 2636 5602 σε.
2669 5549 2801 5603 Τότε
2836 5548 3029 5622 βοήσῃ,
3055 5549 3150 5602 καὶ
3183 5550 3212 5602 ὁ
3257 5547 3389 5610 Θεὸς
3409 5545 3788 5602 είσακούσεταέ

2217 5655 2333 5692 σου⁹
2361 5640 2441 5695 ἔτι
2470 5640 2756 5706 λαλοῦντός
2788 5657 2880 5696 σου
2914 5643 3056 5714 ἐρεῖ·
3106 5640 3235 5696 Ἰδοὺ
3258 5640 3510 5711 πάρειμι.
3545 5658 3564 5692 ι
