4130 6400
332 318 425 379 131

1238 320 1735 378 COMMENTARIA
1774 323 1843 379 IN
1880 323 2133 380 ISAIAM.
2173 359 2243 367 —
2278 325 2431 383 CAP.
2472 325 2658 381 LVIII.

3467 328 3569 389 482

408 458 429 493 ι
469 437 595 493 Ἐάν
612 438 817 512 ἀφέλῃς
845 440 954 495 ἀπὸ
983 439 1077 495 σοῦ
1105 440 1420 515 σύνδεσμον,
1438 445 1532 500 καὶ
1544 447 1889 518 χειροτονίαν,

2076 465 2094 500 ι
2124 446 2182 502 Si
2211 447 2499 503 abstuleris
2528 462 2559 501 a
2585 457 2636 503 te
2665 461 2884 512 nexum,
2912 454 2967 502 et
3003 459 3260 502 manuum
3294 448 3573 505 extensio-

326 530 426 587 καὶ
452 531 604 603 ῥῆμα
652 531 988 603 γογγυσμοῦ.
1026 552 1045 586 ι
1083 534 1140 587 '0
1184 534 1294 608 γὰρ
1312 536 1423 590 τῶν
1444 536 1579 592 ὅλων
1609 537 1743 605 Θεὸς
1775 542 1899 605 τοὺς

328 622 431 697 μὲν
450 622 702 694 εὐπορεῖν
733 624 938 694 τροφῆς
969 624 1062 679 καὶ
1106 624 1423 697 χρημάτων,
1453 627 1581 691 τοὺς
1611 628 1667 682 δὲ
1701 629 1899 694 ἐνδεεῖς

326 711 423 767 καὶ
452 712 690 784 πένητας
714 714 1053 785 ὑπεστήσατο
1088 717 1167 778 είς
1215 715 1445 788 δοκιμὴν
1468 717 1774 791 ἐκατέρωνο
1830 720 1898 774 ἵν’

324 804 376 856 οἰ
403 803 504 874 μὲν
533 802 705 874 ἔχοιεν
739 804 944 875 καρπὸν
975 805 1072 875 τῆς
1106 805 1311 859 ἑαυτῶν
1358 806 1618 878 εὐπορίας
1670 808 1759 862 διά
1799 810 1899 880 τῆς

325 896 407 957 εἰς
436 895 565 958 τοὺς
592 895 789 959 ἐνδεεῖς
821 896 1098 967 παροχῆς·
1151 899 1200 951 οἰ
1232 898 1289 952 δὲ
1332 898 1796 972 ἐγγυμναζόμενοι
1827 904 1894 973 τῇ

325 983 490 1056 πενίᾳ
514 986 638 1050 ,ἀντὶ
665 986 1016 1057 πολυκάρπου
1044 986 1226 1060 χώρας
1246 988 1346 1061 τὴν
1378 989 1486 1044 ἀπὸ
1509 990 1617 1045 τῶν
1650 991 1894 1063 εύπόρων

319 1076 400 1131 διε
410 1077 655 1132 ποιούντο
693 1079 973 1150 χορηγίαν.

389 1277 410 1310 ι
457 1260 566 1313 Καὶ
586 1259 691 1330 δῷς
719 1260 970 1315 πεινῶντι
1007 1261 1097 1316 τὸν
1140 1264 1303 1336 ἄρτον
1341 1263 1406 1316 ἐκ
1433 1262 1614 1333 ψυχῆς
1658 1280 1771 1328 σου,
1799 1264 1893 1318 κοιί⁵

314 1349 498 1421 ψυχὴν
533 1353 1007 1423 τεταπεινωμένην
1053 1352 1367 1427 ἐμπλήσεις
1398 1353 1518 1406 τότε
1551 1354 1796 1408 ἀνατελεῖ
1836 1357 1893 1407 ἐν

311 1441 390 1513 τῷ
427 1443 615 1497 σκότει
644 1443 705 1497 τὸ
726 1443 839 1513 φῶς
865 1461 980 1508 σου,
1005 1444 1100 1498 καὶ
1128 1444 1189 1499 τὸ
1226 1445 1416 1509 σκότος
1448 1463 1541 1498 σου
1569 1446 1646 1509 ὼς
1680 1463 1892 1517 μεσημ-

312 1534 469 1606 ϐρία,
509 1554 527 1585 ι
561 1535 812 1590 Μάλιστα
848 1536 947 1607 μὲν
964 1537 1070 1608 γὰρ
1093 1536 1160 1590 τά
1191 1536 1383 1609 πρῶτα
1407 1540 1519 1601 τοῖς
1558 1540 1689 1591 πᾶσι
1711 1539 1891 1609 δεήσει

314 1628 594 1679 κοινωνεῖν
627 1624 903 1695 ἀφθόνως-⁸
940 1627 1007 1680 τά
1030 1627 1087 1680 δέ
1123 1626 1377 1698 ἐξαίρετα
1407 1630 1519 1691 τοῖς
1544 1629 1764 1691 οἰκείοις
1794 1628 1892 1698 τῆς

238 1702 245 1713 ’
315 1717 555 1782 πίστεως
579 1718 892 1789 ἀπονέμειν.
912 1720 1080 1773 Τοῦτο
1113 1720 1221 1791 γὰρ
1250 1720 1343 1773 καὶ
1365 1721 1399 1791 ἡ
1426 1720 1754 1792 ἀποστολικὴ
1777 1722 1891 1775 διά-

2000 552 2150 601 nem,
2178 544 2232 593 et
2274 537 2500 593 verbum
2532 538 2999 594 murmurationis.
3029 556 3049 591 ι
3102 535 3240 594 Nam
3289 541 3571 596 universo-

2001 641 2116 680 rum
2146 627 2309 691 Deus,
2339 627 2473 682 alios
2503 628 2719 698 quidem
2745 629 2881 685 cibis
2913 637 2970 684 et
2992 629 3240 699 pecuniis
3264 631 3570 701 opulentos,

1998 718 2133 773 alios
2173 733 2298 772 vero
2324 733 2520 789 egenos
2551 728 2606 773 et
2654 734 2919 791 pauperes
2970 721 3286 788 constituit,
3316 723 3383 777 ad
3421 732 3572 777 utro-

2000 823 2227 878 rumque
2268 811 2679 879 probationem;
2736 821 2795 864 ut
2825 811 2879 865 hi
2913 810 3131 881 quidem
3165 828 3232 867 ex
3286 812 3571 883 largitione

1996 899 2182 965 egenis
2207 899 2450 968 prmbita,
2481 897 2767 967 opulentia!
2800 915 2912 954 sua:
2942 902 3174 954 fructum
3202 902 3567 971 perciperent,
3597 963 3613 980 .
3662 966 3666 974 ι

1997 988 2087 1042 alii
2134 1003 2262 1042 vero
2323 989 2578 1059 pauperie
2633 986 2892 1044 amictati'
2928 998 2985 1044 et
3046 993 3373 1057 exercitati.
3426 993 3571 1047 divi-

1995 1089 2108 1135 tmn
2180 1079 2513 1151 largitione,
2585 1081 2738 1151 quasi
2819 1080 3157 1139 feracissimo
3218 1100 3351 1156 agro
3421 1085 3569 1140 frue-

1998 1180 2203 1226 rentur.

2065 1262 2231 1317 Vsus.
2270 1262 2358 1317 l0.
2401 1262 2508 1318 «Et
2537 1262 2754 1318 dederis
2780 1264 3041 1319 esurienti
3080 1279 3271 1334 panem
3292 1279 3357 1320 ex
3387 1265 3568 1320 animo

1995 1361 2109 1415 tuo.
2141 1364 2198 1408 et
2226 1355 2464 1409 animam
2507 1354 2851 1409 bumiliatam
2881 1356 3194 1426 impleveris
3220 1396 3236 1422 ,
3271 1367 3395 1413 tunc
3419 1359 3568 1413 orie-

1996 1456 2083 1500 tur
2110 1446 2164 1500 in
2192 1446 2638 1501 tenebrislumen
2673 1456 2845 1512 tuum,
2890 1457 2946 1502 et
2992 1449 3226 1503 tenebrae
3273 1458 3375 1503 tua:
3404 1458 3570 1505 erunt

1993 1538 2141 1591 velut
2176 1539 2447 1595 meridies.
2479 1558 2498 1590 ι
2534 1537 2712 1592 Prima
2749 1553 2880 1594 sane
2907 1540 3158 1594 omnibus
3195 1549 3320 1595 sunt
3345 1541 3571 1611 largiter

1993 1630 2363 1684 distribucuda
2382 1648 2395 1696 ;
2416 1634 2685 1700 praecipua
2717 1645 2843 1684 vero
2865 1629 3177 1686 domesticis
3202 1632 3321 1686 fidei
3346 1633 3564 1700 dispen-

1991 1722 2180 1776 Sanda.
2217 1722 2450 1788 Idipsum
2501 1721 2644 1775 enim
2695 1720 2993 1790 apostolico
3032 1720 3562 1791 pmceptojubetur,

316 1809 472 1877 ταξις
528 1809 989 1882 παρεκελεύσατο,
1028 1790 1250 1882 φήσασα
1299 1790 1507 1876 δεξιοὺς
1563 1808 1702 1865 εἶναι
1743 1790 1889 1880 *πρὸς

1993 1815 2199 1871 scilicet
2226 1813 2495 1868 oﬂiciosos
2524 1829 2644 1869 esse
2675 1829 2802 1884 erga
2823 1829 3034 1869 omnes.

315 1902 546 1966 πάντας.

396 2010 415 2043 ι
450 1990 562 2045 Καὶ
585 1991 736 2046 ἔσται
757 1992 786 2045 ὁ
810 1992 942 2057 Θεός
977 2009 1070 2046 σου
1108 1992 1247 2064 μετά
1272 1990 1364 2046 σοῦ
1384 1989 1473 2044 διά
1507 1992 1707 2056 παντός
1727 2008 1741 2022 ·
1796 1991 1892 2045 καὶ

317 2083 681 2156 ἐμπλησθήση
709 2083 958 2156 καθάπερ
996 2084 1250 2155 ἐπιθυμεῖ
1286 2085 1319 2155 ἡ
1361 2084 1505 2156 ψυχή
1540 2102 1654 2146 σου,
1694 2083 1788 2138 καὶ
1823 2083 1891 2137 τὰ

316 2174 452 2226 ὀστᾶ
481 2190 575 2225 σου
606 2172 992 2244 πιανθήσεται·
1032 2173 1126 2226 καὶ
1167 2172 1319 2227 ἐσται
1346 2172 1422 2238 ὼς
1451 2175 1624 2244 κῆπος
1655 2172 1887 2244 μεθύων,

317 2265 415 2320 καὶ
465 2265 542 2329 ὼς
588 2266 739 2338 πηγὴ
767 2266 834 2337 ἢν
879 2266 954 2337 μὴ
993 2265 1235 2331 ἐξέλιπεν
1284 2264 1447 2336 ὕδωρ.
1489 2285 1507 2317 ι
1547 2266 1754 2336 Δηλαδὴ
1793 2265 1891 2336 τῆς

315 2357 495 2430 ψυχῆς
531 2358 697 2430 αὐτῆς
752 2359 809 2410 αἰ
865 2357 1123 2429 δυνάμεις
1191 2356 1574 2428 πιανθήσονται
1631 2356 1736 2411 ὑπὸ
1793 2360 1890 2428 τῆς

320 2450 701 2521 πνευματικῆς
745 2451 838 2503 καὶ
873 2449 1055 2502 ἐνθέου
1096 2453 1322 2522 τροφῆς.
1358 2449 1469 2503 Καὶ
1510 2450 1683 2521 κῆπος
1708 2448 1890 2503 ἀειθα-

316 2539 414 2612 λὴς
443 2540 542 2605 τάς
573 2540 632 2607 ἐξ
677 2541 833 2609 ἁγίου
886 2539 1199 2611 Πνειὶματος
1240 2540 1602 2611 καρποφορῶν
1647 2541 1886 2609 φυτείας,

317 2631 412 2685 καὶ
444 2630 510 2684 τά
536 2630 705 2685 πάλαι
748 2630 806 2683 δὲ
833 2632 933 2701 τῆς
961 2629 1137 2701 ψυχῆς
1178 2628 1365 2701 ἔρημα
1401 2629 1887 2701 οἰκοδομηθήσεται

318 2726 376 2778 ἐν
410 2725 514 2789 σοὶ,
564 2723 659 2778 καὶ
686 2720 1211 2793 ἀναπληρωθήσεται
1264 2719 1353 2774 διὰ
1415 2719 1756 2792 μαθημάτων
1795 2722 1890 2775 καὶ

313 2816 485 2887 λόγων
515 2815 704 2869 θείων⁹
733 2815 809 2879 ὡς
835 2816 932 2869 καὶ
964 2813 1242 2885 οἰκοδόμον
1278 2829 1337 2867 σε
1376 2812 1630 2883 γενέσθαι
1672 2814 1885 2879 ἑαυτοῦ,

309 2908 680 2972 διδασκαλίαις
712 2906 916 2970 ἐνθέοις
942 2904 1323 2977 οἰκοδομοῦντα
1364 2906 1489 2969 τοὺς
1532 2906 1591 2959 ἐν
1620 2908 1686 2978 τῇ
1721 2903 1885 2960 αὐτοῦ

311 3001 521 3073 διανοίᾳ
543 2998 854 3072 λογισμούς.
896 2998 1034 3070 Ἤδη
1057 2998 1113 3052 δὲ
1140 2998 1234 3052 καὶ
1278 2998 1531 3069 φραγμὸν
1575 2998 1886 3069 πριόαλεῖς

2062 1988 2229 2043 Vens.
2267 1990 2354 2047 ll.
2410 1991 2514 2045 «Et
2546 1991 2652 2046 erit
2681 1991 2823 2049 Deus
2862 2003 2984 2049 tuus
3025 2002 3199 2050 tecum
3232 2009 3466 2065 semper,
3509 2006 3565 2050 et

1994 2080 2303 2149 impleberis
2326 2082 2463 2137 sicut
2490 2083 2774 2150 ,desiderat
2823 2086 3000 2139 anima
3036 2096 3123 2139 tua
3152 2126 3168 2151 ,
3207 2096 3263 2141 et
3310 2102 3433 2141 ossa
3475 2097 3564 2142 tua

1993 2173 2349 2242 pingueseeut
2380 2195 2391 2227 :
2419 2184 2474 2226 et
2503 2175 2611 2228 erit
2635 2175 2789 2243 quasi
2825 2174 3016 2233 hortus
3061 2178 3281 2244 ebrius,
3320 2187 3375 2231 et
3423 2180 3566 2233 sicut

1995 2262 2134 2327 fons,
2164 2265 2378 2319 cuinon
2415 2265 2599 2320 dclicit
2627 2282 2790 2336 aqua.
2820 2287 2839 2320 ι
2882 2268 3142 2325 Videlicet
3165 2271 3333 2339 ipsius
3370 2273 3565 2326 animae

1992 2356 2226 2410 virtutes
2256 2357 2611 2428 pinguesceut
2639 2373 2667 2411 a
2705 2360 2971 2429 spirituali
3002 2371 3055 2416 et
3089 2362 3266 2416 divina
3292 2378 3437 2418 esca.
3495 2361 3565 2418 Et

1994 2447 2184 2502 hortus
2209 2463 2424 2517 semper
2470 2450 2655 2505 virens
2679 2451 2808 2515 erit,
2843 2453 3094 2507 arborum
3130 2454 3302 2509 sancti
3327 2454 3564 2525 Spiritus

1994 2537 2260 2594 fruetibus
2286 2549 2608 2608 exornatus,
2634 2551 2797 2612 atque
2829 2544 2916 2598 illa
2945 2545 3073 2600 olim
3113 2548 3306 2601 animae
3351 2549 3561 2601 deserta

1994 2628 2047 2683 in
2078 2637 2129 2683 te
2161 2631 2592 2699 aedificabuntur,
2624 2646 2689 2686 ac
2708 2625 2996 2703 disciplina
3028 2634 3332 2704 divinisque
3353 2651 3563 2690 sermo-

1992 2719 2153 2797 uibus
2208 2720 2598 2791 replebuntur;
2650 2724 2723 2779 ita
2790 2720 2848 2778 u't
2913 2725 3029 2794 ipse
3089 2726 3164 2780 ttti
3218 2735 3563 2781 constructor

1992 2812 2246 2873 exsistas.
2294 2810 2656 2884 cogitationes
2710 2814 2908 2870 mentis
2957 2825 3061 2871 tua:
3091 2816 3271 2870 divina
3307 2816 3553 2870 doctrina

1990 2902 2355 2957 exaedificatis.
2410 2903 2489 2956 Ad
2520 2904 2634 2959 haec
2664 2914 2843 2959 autem
2895 2907 3128 2959 animum
3179 2915 3323 2960 tuam
3355 2922 3555 2976 prapu-

1990 2994 2222 3062 guaculo
2268 2994 2711 3062 circmnmunies,
2746 2997 3026 3067 ipsamque
3067 3006 3255 3052 contra
3305 3007 3564 3051 externos

311 3097 380 3165 τῇ
414 3091 611 3147 σαυτοῦ
639 3094 807 3165 ψυχῇ,
824 3090 1205 3165 περιφράττων
1220 3092 1390 3162 αὐτὴν
1411 3090 1767 3162 πανταχόθεν,
1790 3092 1885 3145 καί⁵

1995 3086 2250 3139 tumultus
2298 3087 2537 3155 undique
2580 3088 2757 3157 sepies
2795 3095 2851 3142 et
2907 3087 3197 3141 custodies.
3246 3087 3379 3142 Ossa
3430 3103 3562 3143 vero

312 3182 743 3256 ἀσφαλιζόμενος
776 3183 883 3238 ἀπὸ
921 3183 1028 3237 τῶν
1073 3181 1270 3248 ἔξωθεν
1313 3181 1581 3253 ὀχληρῶν.
1617 3184 1781 3236 Ὀστᾶ
1831 3183 1887 3237 δέ

1992 3178 2169 3246 populi
2195 3177 2398 3232 fuerint
2426 3179 2486 3246 ii,
2510 3180 2602 3249 qui
2625 3179 2764 3247 apud
2791 3179 2937 3233 illum
2965 3180 3238 3250 prazvalidi
3268 3196 3331 3234 ac
3351 3180 3558 3235 robusti

307 3276 409 3331 τοῦ
441 3276 571 3331 λαοῦ
601 3273 710 3330 εἷεν
739 3276 805 3331 ἀν
835 3277 885 3330 οί
910 3276 969 3329 ἐν
1007 3275 1154 3347 αὐτῷ
1185 3275 1421 3341 δυνατοὶ,
1470 3274 1531 3328 τὺ
1568 3276 1676 3329 πᾶν
1729 3273 1887 3346 σῶμα

314 3369 803 3432 ύποθαστάζοντες.

391 3480 412 3512 ι
441 3462 551 3515 Καὶ
576 3459 1090 3533 οἰκοδομηθησονταί
1115 3476 1207 3513 σου
1229 3458 1286 3513 αἱ
1308 3457 1504 3531 ἔρημοι
1528 3456 1756 3524 αἰώνιοι,
1790 3457 1887 3512 καὶ

308 3553 465 3609 ἔσται
494 3554 564 3608 τά
594 3555 819 3627 θεμέλιά
870 3572 963 3608 σου
1019 3555 1213 3609 αἰώνια
1248 3552 1450 3623 γενεῶν
1492 3555 1728 3623 γενεαῖς.
1775 3552 1887 3605 Καὶ

313 3647 562 3721 κληθήσῃ
586 3648 868 3719 οἰκοδόμος
920 3646 1208 3720 φραγμῶν,
1256 3645 1352 3700 καὶ
1401 3645 1502 3709 τάς
1544 3644 1764 3717 τρίϐους
1792 3659 1885 3695 σου

311 3740 415 3794 άνά
447 3740 608 3811 μέσον
638 3739 885 3803 παύσεις.
923 3758 941 3791 ι
970 3739 1263 3811 Φραγμοὺς
1289 3738 1346 3792 δὲ
1371 3736 1644 3808 οἰκοδομεῖ
1678 3738 1707 3789 ό
1733 3753 1887 3809 περι-

314 3831 565 3902 φράττων
608 3830 703 3885 καὶ
753 3830 1131 3903 περιτειχίζων
1177 3828 1540 3892 διαλεκτικαίς
1581 3827 1887 3895 ἀποδείξεσι

311 3920 382 3974 τά
404 3920 834 3991 ἐκκλησιαστικά
861 3920 1135 3991 δόγματα*
1176 3920 1206 3972 ὁ
1233 3918 1291 3973 δὲ
1322 3917 1391 3972 τά
1421 3918 1680 3972 δοκοῦντα
1711 3936 1886 3991 προσ-

315 4009 577 4082 κόμματα
630 4011 695 4064 ἐκ
740 4010 846 4063 τῶν
896 4008 1055 4063 θείων
1084 4006 1529 4078 ἀναγνωσμάτων
1584 4005 1886 4078 περιαιρῶν

316 4102 405 4157 διά
427 4101 519 4156 τοῦ
557 4103 871 4174 σαφηνίζειν
901 4102 969 4156 τά
995 4102 1283 4173 λεγόμενα,
1321 4091 1475 4164 οὗτός
1516 4100 1665 4152 ἐστιν
1703 4101 1731 4152 ὁ
1762 4099 1889 4161 τοὺς

315 4193 419 4248 ἀνά
441 4193 604 4265 μέσον
631 4193 740 4249 τῶν
772 4193 975 4265 τρίϐων
1038 4192 1218 4257 λίθους
1266 4190 1586 4264 περιαιρῶν.
1639 4191 1749 4261 Τῆς
1778 4188 1889 4260 γάρ

313 4286 518 4357 πλάνης
550 4286 650 4350 τάς
677 4286 952 4357 ἀτραποὺς
979 4285 1357 4357 ἀποφράττων,
1388 4285 1481 4339 καί⁵
1512 4286 1608 4349 τὰς
1635 4282 1887 4345 τοιαύτας

311 4379 671 4450 ἀποτειχίζων
686 4378 969 4443 διακοπὰς,
1007 4379 1101 4432 καὶ
1125 4377 1386 4433 πάντοθεν
1416 4378 1606 4433 ἑαυτὸν
1637 4374 1886 4447 τειχίζων

1986 3282 2132 3334 sunt,
2169 3269 2244 3324 ita
2275 3279 2332 3324 ut
2360 3280 2528 3325 totum
2563 3286 2761 3341 corpus
2790 3279 3117 3327 sustenteut.

2057 3448 2222 3505 Vens.
2256 3450 2345 3506 η.
2382 3467 2404 3502 ι
2433 3450 2503 3506 Et
2539 3448 2950 3505 aedilicabuntur
2986 3451 3197 3504 deserta
3226 3459 3314 3503 tua
3361 3461 3555 3518 perpe-

1989 3549 2101 3605 tua,
2128 3549 2183 3596 et
2203 3552 2366 3597 erunt
2395 3542 2742 3597 fundamenta
2773 3551 2864 3597 tua
2893 3543 3218 3613 sempiterna
3255 3541 3308 3594 in
3331 3552 3562 3611 genera--

1988 3635 2163 3690 tiones
2188 3637 2620 3704 generationum.
2655 3636 2721 3690 Et
2746 3635 3023 3690 vocaberis
3054 3634 3352 3689 aedificator
3383 3645 3562 3687 mace-

1989 3724 2209 3789 riarum,
2239 3733 2296 3778 et
2327 3725 2547 3780 semitas
2577 3734 2716 3790 tuas,
2751 3738 2871 3794 quae
2914 3732 3039 3778 sunt
3085 3724 3138 3776 in
3178 3722 3375 3782 medio.
3409 3722 3563 3790 quie-

1987 3829 2141 3870 scere
2184 3813 2373 3870 facies.
2397 3834 2416 3868 ι
2460 3813 2627 3884 Sepes
2659 3825 2836 3869 autem
2873 3815 3285 3888 construil,qui
3312 3812 3565 3868 ecclesia-

1986 3905 2122 3962 stica
2142 3906 2392 3976 dogmata
2423 3905 2719 3959 dialecticis
2741 3904 3293 3959 demonstrationibus
3328 3907 3561 3958 circum-

1986 4012 2201 4067 quaque
2235 3997 2407 4050 munit
2454 4005 2508 4050 et
2543 3993 2818 4061 defendit;
2878 3995 2968 4064 qu’i
3020 4009 3149 4049 vero
3190 4009 3276 4057 ea,
3333 4009 3451 4062 quae
3505 3994 3559 4047 in

1987 4089 2185 4143 divinis
2221 4088 2543 4143 lectionibus
2585 4086 2907 4141 oﬂeudicula
2938 4101 3059 4141 esse
3093 4086 3367 4148 videntur,
3418 4084 3559 4139 dicta

1987 4178 2308 4248 explicando
2346 4190 2610 4245 removet,
2663 4179 2708 4232 is
2765 4186 2849 4231 est
2900 4179 2989 4247 qui
3041 4179 3242 4247 lapides
3284 4177 3338 4232 in
3386 4174 3563 4231 medio

1988 4270 2300 4327 semitarum
2337 4272 2543 4341 positos
2568 4272 2844 4327 amolitur.
2895 4271 3032 4326 Nam
3062 4270 3188 4339 quia
3213 4267 3414 4321 erroris
3444 4267 3561 4321 vias

1989 4366 2250 4432 obstruit,
2278 4376 2331 4421 et
2360 4367 2626 4436 ejusmodi
2663 4366 2934 4424 clausulas
2966 4377 3170 4422 tutatur
3203 4380 3266 4419 ac
3295 4363 3559 4428 defendit,

314 4473 409 4526 καὶ
440 4472 838 4544 περιφράττων,
870 4470 1092 4535 εἰκότως
1134 4470 1414 4543 οἰκοδόμος
1454 4469 1724 4542 φραγμῶν
1780 4468 1889 4521 ὀνο-

1992 4475 2219 4529 seseque
2262 4460 2497 4530 undique
2531 4461 2704 4515 munit
2733 4470 2790 4516 et
2822 4459 2983 4531 sepit,
3035 4457 3333 4513 aedificator
3375 4469 3558 4508 mace-

374 4563 568 4616 ὶζεται.

402 4581 456 4616 ίε
492 4581 568 4616 αι.

318 4581 424 4709 tu:
460 4582 592 4711 ῗΕάν
621 4654 965 4727 άποστρέψῃς
994 4653 1085 4707 τὸν
1118 4653 1254 4706 πόδα
1292 4669 1385 4706 σου
1418 4651 1525 4706 ἀπὸ
1548 4652 1655 4704 τῶν
1676 4649 1886 4704 Σαϐϐά-

1994 4555 2198 4608 riarum
2231 4554 2356 4620 jure
2383 4562 2627 4610 vocatur.

2068 4646 2231 4700 Vens.
2272 4646 2365 4710 15,
2408 4646 2499 4699 M.
2546 4662 2564 4695 ι
2591 4644 2647 4698 Si
2699 4643 2962 4699 averteris
3007 4657 3037 4696 a
3078 4638 3331 4697 Sabbatis
3369 4634 3558 4706 pedem

313 4766 440 4814 των,
467 4749 560 4803 τοῦ
593 4749 666 4821 μὴ
696 4751 868 4803 ποιεῖν
898 4748 967 4801 τὰ
989 4745 1268 4817 θελήματά
1295 4761 1387 4799 σου
1419 4746 1477 4799 ἐν
1502 4745 1569 4814 τῇ
1598 4741 1784 4815 ἡμέρᾳ
1814 4745 1880 4814 τῇ

1995 4749 2169 4801 tuum,
2226 4749 2284 4793 ut
2310 4755 2415 4794 non
2443 4740 2607 4795 facias
2634 4740 2936 4794 voluntates
2968 4746 3088 4791 tuas
3113 4735 3164 4788 in
3206 4733 3296 4786 die
3323 4736 3510 4783 sancta
3541 4740 3557 4780 :

314 4842 475 4913 ἁγίᾳ·
513 4819 608 4895 καί
657 4819 907 4903 καλέσεις
928 4839 996 4892 τὰ
1023 4838 1274 4892 Σάϐϐατα
1319 4834 1586 4909 τρυφερά,
1636 4836 1767 4903 ἆγια
1806 4833 1885 4904 τῷ

1992 4841 2045 4887 et
2079 4831 2302 4886 vocabis
2328 4830 2567 4887 Sabbata
2595 4831 2848 4897 delicata,
2883 4836 3068 4885 sancta
3097 4827 3244 4890 Deo;
3277 4837 3382 4876 non
3410 4819 3560 4913 leva-

494 4933 593 4986 οὐκ
615 4933 768 5003 ἀρεῖς
798 4931 891 4984 τὸν
913 4930 1044 4984 πόδα
1067 4947 1159 4984 σου
1187 4929 1274 4982 ἐπ’
1302 4927 1466 5000 ἔργῳ,
1484 4926 1603 4979 οὐδὲ
1634 4925 1887 4997 λαλήσεις

1993 4922 2076 4977 bis
2106 4924 2293 4991 pedem
2324 4933 2470 4978 tuum
2494 4925 2561 4979 ad
2581 4941 2736 4995 opus.
2770 4937 2943 4993 neque
2988 4917 3224 4990 loqueris
3251 4914 3473 5004 verbum
3505 4910 3560 4965 in

314 5022 471 5092 λόγον
494 5026 550 5076 ἐν
583 5024 718 5095 ὀργῇ
752 5024 817 5077 ἐκ
843 5023 936 5077 τοῦ
969 5021 1235 5094 στόματός
1269 5037 1384 5073 σου.
1420 5018 1530 5072 Καὶ
1568 5016 1664 5090 ἔσῃ
1695 5035 1887 5071 πεποι-

1995 5013 2076 5067 ira
2105 5014 2171 5069 de
2198 5028 2294 5069 ore
2325 5025 2434 5070 tuo.
2470 5015 2533 5069 Et
2560 5018 2668 5070 eris
2696 5013 2943 5067 fiduciam
2972 5010 3176 5065 habens
3198 5006 3251 5061 in
3284 5003 3511 5060 Domino
3540 5015 3558 5054 :

282 5112 425 5189 -τθὼς
470 5115 562 5168 ἐπὶ
605 5115 839 5187 Κύριονο
883 5115 978 5169 καὶ
1007 5112 1410 5168 ἀναϐιϐάσει.σε
1450 5110 1543 5163 ἐπὶ
1589 5108 1659 5163 τά
1708 5106 1889 5177 ἁγαθά

1995 5116 2050 5161 et
2070 5106 2261 5161 evellet
2289 5118 2341 5161 te
2371 5106 2435 5160 ad
2466 5106 2606 5161 bona
2636 5116 2816 5167 terrae.
2845 5114 2900 5159 et
2923 5100 3124 5157 cibabit
3158 5111 3208 5153 te
3245 5095 3562 5152 haereditate

316 5205 416 5273 τῆς
448 5202 573 5272 γῆς,
609 5205 702 5256 καὶ
723 5203 925 5274 ψωμιεί
954 5220 1012 5258 σε
1044 5203 1141 5275 τὴν
1165 5202 1525 5274 κληρονομίαν
1554 5198 1748 5254 Ἰακὼϐ
1791 5198 1885 5251 τοῦ

1992 5198 2155 5255 Jacob
2180 5199 2352 5269 patris
2386 5199 2482 5253 tui.
2512 5199 2585 5254 Os
2604 5201 2746 5255 enim
2780 5197 2988 5252 Domini
3025 5195 3259 5249 locutum
3284 5189 3552 5246 estbch

320 5295 524 5368 πατρός
554 5312 668 5349 σου.
703 5297 776 5349 To
797 5295 906 5366 γὰρ
935 5295 1106 5366 στόμα
1136 5294 1339 5367 Κυρίου
1369 5293 1597 5363 ἐλάλησε
1640 5290 1829 5345 ταῦτα.
1863 5309 1881 5340 ι

1993 5289 2088 5345 llis
2146 5289 2522 5344 subiudicatur
2578 5303 2681 5343 non
2736 5303 2833 5358 pro
2886 5287 3054 5340 lubito
3094 5283 3334 5353 singulos
3396 5290 3559 5348 agere.

330 5387 653 5442 ’Υποϐάλλει
679 5388 722 5441 δ’
758 5388 787 5440 ὁ
836 5389 992 5457 λόγπς
1034 5388 1109 5459 μὴ
1165 5386 1444 5458 θελήματα
1499 5384 1777 5457 πράττειν,
1809 5383 1887 5446 ὡς

1993 5381 2191 5436 debere
2212 5419 2228 5445 ,
2261 5380 2334 5433 ita
2370 5388 2428 5433 ut
2457 5380 2708 5435 ebrietati
2742 5389 2794 5434 ct
2821 5377 3056 5447 crapula:
3082 5375 3438 5444 indulgeant;
3464 5374 3560 5423 sed

319 5478 543 5542 ἑαυτοὺς
589 5478 779 5549 μέθαις
844 5479 940 5533 καὶ
991 5479 1321 5550 κραιπάλαις
1378 5474 1764 5548 σχολάζοντας’
1828 5475 1887 5526 ἐν

1994 5476 2048 5529 iu
2073 5474 2364 5530 sanctitate
2385 5481 2435 5527 et
2459 5472 2696 5542 puritate
2740 5472 3035 5540 degendnm
3072 5481 3195 5522 esse
3221 5504 3239 5528 ,
3283 5474 3442 5531 atque
3486 5461 3558 5512 ita

321 5570 576 5643 ἁγιασμῷ
602 5571 656 5624 δὲ
679 5572 772 5625 καὶ
793 5570 1124 5643 καθαρότητι
1155 5570 1457 5640 διάγοντας,
1481 5567 1622 5622 οὕτω
1668 5567 1762 5619 καὶ
1789 5564 1887 5636 τὴν

1998 5569 2138 5624 diem
2166 5575 2355 5621 sancte
2391 5565 2766 5621 celebrandam
2813 5572 3063 5634 oportere
3095 5579 3109 5615 :
3147 5562 3429 5631 ipsamque
3461 5557 3557 5612 la:-

321 5663 533 5736 ῆμέραν
564 5664 829 5732 ἁγιάζειν,
847 5663 1121 5736 τρυφεράν
1148 5678 1208 5714 τε
1247 5660 1417 5732 αὐτὴν
1447 5659 1542 5713 καὶ
1570 5657 1773 5712 ἄλυπον
1800 5655 1889 5709 διὰ

1998 5665 2105 5712 tam
2144 5671 2207 5712 ac
2238 5657 2358 5712 sine
2392 5656 2606 5711 tristitia
2627 5697 2649 5722 ,
2681 5656 2750 5711 ob
2780 5656 2949 5709 otium
2976 5654 3101 5709 illud
3133 5653 3241 5708 Deo
3276 5664 3561 5708 consecra-

319 5757 416 5827 τῆς
445 5758 500 5810 ἐν
531 5756 668 5827 αὐτῇ
688 5757 826 5811 κατά
854 5756 984 5809 θεὸν
1010 5753 1429 5825 ἐπιτελουμένης
1459 5749 1657 5822 σχολῆς
1689 5746 1887 5819 φυλάτ-

1998 5759 2121 5805 ιιιιη
2162 5749 2459 5813 custodire,
2514 5763 2689 5819 neque
2713 5747 2793 5803 vel
2823 5745 3083 5803 tantillum
3117 5748 3310 5815 pedem
3344 5755 3563 5797 movere
