4130 6400
561 355 665 410 ιθό

555 568 651 622 sed
682 571 780 625 soli
808 575 1108 630 divinarum
1140 595 1315 636 rerum
1343 587 1456 640 otio
1485 597 1594 641 tota
1623 591 1710 645 die
1739 607 1954 650 vacare.

555 661 742 734 χεὶλη’
777 667 914 741 μόνῃ
941 667 997 720 δὲ
1128 673 1288 745 σκιολῇ

1129 806 1356 864 CAPUT
1385 811 1520 866 LIX.

619 892 782 948 Vsus.
820 896 870 952 ι.
905 915 922 948 ι
963 897 1152 952 Annon
1183 911 1360 966 potest
1385 921 1580 961 manus
1607 907 1821 966 Domini
1850 915 2062 971 salvare
2097 919 2120 972 ?

547 981 628 1034 An
659 995 950 1052 aggravata
985 995 1068 1040 est
1099 991 1246 1043 auris
1279 991 1394 1059 ejus
1418 1033 1433 1058 ,
1486 1007 1544 1049 ut
1580 1014 1686 1052 non
1719 1005 1974 1060 exaudiat
2007 1007 2032 1059 ἲ
2091 1029 2112 1060 ι

548 1073 838 1143 Postquam
869 1077 922 1130 in
951 1083 1381 1148 praecedentibus
1424 1101 1544 1154 qua:
1587 1105 1616 1144 a
1665 1091 1892 1148 Judaico
1921 1099 2116 1167 p0ptll0

547 1167 751 1236 agenda
783 1179 980 1236 erant,
1019 1176 1394 1244 praescripsit,
1429 1188 1592 1249 atque
1641 1183 1708 1238 iis
1759 1188 1852 1256 qui
1908 1193 2112 1258 agenda

543 1257 872 1325 perfecerint
901 1305 916 1328 ,
950 1279 1309 1334 congruentes
1337 1271 1756 1338 pollicitationes
1786 1257 1980 1334 obtulit
1999 1321 2015 1346 ,
2049 1298 2114 1338 ac

543 1356 816 1406 contraria
852 1355 1212 1424 dcligentibus
1242 1363 1536 1428 promerita
1567 1368 1833 1436 supplicia
1885 1377 2112 1430 commi-

543 1453 702 1496 natus
730 1455 846 1508 est;
875 1447 986 1515 jam
1014 1449 1097 1502 bis
1133 1451 1312 1505 verbis
1341 1453 1486 1522 ipsos
1516 1461 1776 1528 coarguit,
1807 1473 1994 1534 utpote
2013 1471 2104 1538 qui

539 1530 714 1600 aliqua
753 1533 844 1588 Dei
891 1537 1156 1592 voluntati
1189 1543 1462 1597 contraria
1509 1546 1806 1620 delegerint
1838 1530 2000 1624 aqua
2032 1530 2102 1614 de

537 1637 698 1676 causa
745 1625 796 1678 in
845 1628 1184 1685 calamitates
1229 1631 1432 1702 delapsi
1482 1648 1627 1694 sunt.
1679 1641 1768 1696 Ait
1795 1659 1925 1715 ergo
1959 1649 2100 1707 illis:

535 1711 888 1784 Nequaquam
939 1720 1070 1773 mihi
1117 1721 1224 1778 Deo
1277 1724 1608 1793 impossibile
1651 1745 1763 1788 erat
1798 1711 1894 1790 vos
1937 1741 2100 1794 etiam

1237 368 1500 426 EUSEBll
1539 374 2018 438 CESARIENSiS
2055 385 2206 441 OPP.
2247 389 2426 447 PARS
2467 394 2553 449 Ill.
2595 430 2662 440 —
2701 398 3110 462 EXEGETICA.

557 478 624 529 ad
654 479 758 534 alia
791 495 974 550 opera,
1008 501 1182 558 neque
1216 491 1300 545 vel
1347 495 1670 552 verbotenus
1713 501 1846 555 labia
1892 506 2125 574 ftedare;
2155 528 2202 582 Α
2231 529 2362 573 τειν.
2395 517 2528 586 μηδὲ

3691 426 3796 481 484

2560 522 2718 590 μέχρι
2751 525 2842 577 τοῦ
2867 530 3120 600 τυχόντος
3145 535 3394 591 κινοῦντα
3425 541 3514 593 τὸν
3549 543 3680 598 πῶα
3709 549 3798 601 ἐπὶ
3851 583 3860 590 -

2229 606 2491 674 πράξεσιν
2539 613 2776 684 ἑτέραις,
2831 620 2966 690 μηδὲ
3021 626 3182 694 μέχρι
3211 627 3370 696 λόγου
3427 633 3673 701 μολύνειν
3731 640 3800 692 τὰ

1322 676 1430 730 τῶν
1453 678 1609 733 θείων
1633 682 1722 736 διὰ
1748 686 1927 757 πάσης
1957 694 2312 764 προσανέχειν
2337 697 2434 766 τῆς
2463 701 2692 772 ἡμέρας.

2731 839 3128 900 ΚΕΦΑΛΑΙΟΝ
3155 849 3278 906 ΝΘΕ

2297 937 2318 970 ι
2351 921 2440 992 Μὴ
2493 925 2603 1012 οὐκ,
2646 929 2817 998 ἰσχύει
2851 935 2883 1002 ή
2933 936 3054 1006 χεὶρ
3107 938 3310 1008 Κυρίου
3347 941 3442 996 τοῦ
3485 945 3688 1012 tribuat;
3725 948 3794 1002 'H

2219 1007 2450 1080 ἐϐάρυνε
2475 1013 2536 1066 τὸ
2559 1011 2650 1080 οὖς
2675 1020 2839 1073 αὐτοῦ
2863 1023 2958 1075 τοῦ
2983 1027 3056 1097 μὴ
3087 1007 3437 1098 είσάκοῦσαις
3482 1055 3500 1086 ι
3544 1037 3630 1100 Ὠς

2217 1101 2310 1154 τὸν
2347 1104 2455 1158 τῶν
2501 1108 2767 1164 Ἰουδαίων
2813 1113 2939 1168 λαὸν
2987 1117 3422 1194 διαστειλάμενος
3461 1129 3492 1180 ὁ
3537 1101 3791 1198 λόγος’ὲν

2217 1196 2330 1256 τοῖς
2361 1197 2466 1267 πρὸ
2487 1199 2676 1253 τούτου
2711 1203 2780 1256 τὰ
2821 1210 3088 1277 πρακτέα,
3119 1215 3214 1266 καὶ
3241 1219 3356 1279 τοῖς
3388 1218 3486 1286 μὲν
3535 1220 3605 1273 τὰ
3645 1241 3788 1294 πρα-

2219 1285 2350 1337 κτέα
2377 1286 2444 1339 δι’
2474 1288 2650 1359 ἔργων
2693 1295 3034 1353 ἐπιτελέσασι
3069 1301 3168 1365 τὰς
3198 1285 3510 1376 πρεποῦσας
3549 1285 3788 1382 Empire-

2215 1373 2335 1439 λίας
2366 1382 2653 1450 παραθεὶς,
2681 1388 2795 1449 τοίς
2814 1387 2870 1440 δὲ
2893 1391 3148 1446 τάναντία
3170 1373 3442 1466 ἑλομένοις
3463 1400 3562 1465 τὰς
3590 1373 3790 1459 καταλ-

2214 1463 2406 1535 λή).ους
2439 1471 2743 1543 ἀπειλήσας
2789 1479 3087 1550 τιμωρίας·
3123 1482 3212 1536 διά
3257 1463 3365 1538 τῶν
3409 1463 3786 1561 προκειμένων

2212 1556 2430 1628 ἔλεγχον
2455 1561 2638 1624 αὐτοῖς
2669 1568 2990 1638 προσφέρει,
3025 1569 3102 1634 ὥς
3120 1589 3240 1626 τινα
3272 1556 3488 1630 ἐναντία
3511 1556 3782 1649 ἑλομένοις

2209 1648 2277 1716 τῇ
2305 1647 2400 1700 τοῦ
2437 1648 2573 1703 Θεοῦ
2627 1651 2826 1726 βουλῇ·
2865 1650 2926 1708 οὗ
2959 1658 3116 1730 χάριν
3141 1663 3236 1714 καὶ
3267 1667 3380 1728 τοῖς
3405 1647 3784 1742 κακοῖς-περιέ

2211 1740 2553 1797 πεπτώκασι.
2581 1745 2748 1816 Φησὶν
2795 1741 2888 1801 οὖν
2925 1749 3062 1820 πρὸς
3093 1752 3315 1817 αὐτούς·
3351 1757 3464 1810 Οὐκ
3489 1753 3556 1830 ἦν
3585 1740 3780 1815 ἀδύνα-

532 1806 772 1872 perditos
801 1819 1110 1866 restaurare
1135 1853 1150 1877 ,
1177 1829 1354 1883 neque
1383 1817 1597 1873 inﬁrma
1627 1833 1711 1878 est
1745 1842 1936 1881 manus
1965 1847 2071 1886 mea

533 1905 585 1926 nl
621 1911 712 1926 uno
765 1898 1009 1926 :...l!...-._-
1041 1903 1162 1926 HA.-.
1224 1922 1339 1926 -_,,,
1906 1921 1918 1926 -

2206 1848 2297 1884 τον
2327 1835 2449 1904 ἐμοὶ
2479 1835 2558 1906 τῷ
2597 1806 2736 1908 Θεῷ,
2769 1841 2864 1894 καὶ
2907 1806 3314 1915 ἀπολλυμένοιίς
3349 1806 3524 1919 ὑμᾶς.
3543 1853 3780 1926 ἀνακτή-

532 1905 590 1948 ιιι
621 1911 735 1962 vos,
765 1898 1010 1970 indignos
1041 1903 1185 1970 licet,
1219 1922 1436 1965 servare
1471 1929 1768 1984 nequeam;
1803 1921 1950 1974 auris
1977 1937 2102 1976 vero

531 2002 671 2050 mea,
698 2005 816 2059 quae
843 1993 1019 2047 omnia
1049 1995 1235 2062 audit,
1269 2016 1372 2054 non
1406 2001 1480 2056 ita
1523 2017 1814 2075 aggravata
1851 2021 1965 2066 erat
1989 2052 2004 2076 ,
2043 2025 2102 2068 ut

529 2089 634 2130 non
668 2093 882 2147 possem
915 2097 1007 2136 vos
1036 2083 1335 2143 clamantes
1361 2093 1644 2148 exaudire.

593 2273 757 2331 Vens.
793 2279 848 2333 2.
891 2301 910 2332 ι
959 2283 1063 2340 Sed
1100 2297 1320 2354 peccata
1362 2300 1537 2348 vestra
1572 2295 1852 2352 dissidimn
1882 2301 2090 2360 faciunt

522 2363 662 2422 inter
688 2385 781 2423 vos
812 2379 865 2426 et
895 2373 1060 2428 Deum
1099 2395 1112 2430 :
1141 2388 1194 2432 et
1223 2391 1446 2450 propter
1477 2396 1698 2452 peccata
1736 2401 1915 2446 vestra
1936 2410 2091 2450 aver-

521 2457 583 2513 tit
617 2459 807 2514 faciem
845 2477 875 2516 a
906 2465 1060 2520 vobis
1086 2506 1101 2530 ,
1157 2477 1214 2522 ut
1242 2486 1346 2524 non
1395 2474 1742 2534 misereatur.
1787 2500 1806 2533 ι
1840 2481 2084 2554 lmproba

515 2547 623 2600 vita
659 2560 834 2605 vestra
874 2569 977 2606 non
1026 2557 1158 2609 sinit
1186 2573 1279 2613 vos
1322 2561 1502 2616 divina
1553 2564 1654 2620 l'rui
1703 2575 2042 2636 providentia
2067 2618 2082 2642 ,

513 2639 639 2707 quia
677 2639 816 2698 Deus
851 2654 1132 2712 peccatum
1159 2688 1174 2714 ,
1209 2658 1268 2701 ut
1315 2666 1427 2704 rem
1475 2656 1716 2722 putidam
1743 2700 1759 2724 ,
1795 2669 2003 2732 turpem
2032 2639 2085 2722 et

513 2727 769 2783 infamem
803 2731 1165 2788 abominatur.
1205 2735 1410 2808 POpulo
1439 2740 1619 2810 itaque
1671 2748 1842 2805 ruina;
1885 2727 1951 2806 ac
1995 2771 2082 2810 re—

512 2817 765 2872 motionis
791 2835 819 2871 a
851 2820 962 2875 Deo
993 2823 1191 2878 nullam
1237 2827 1398 2882 aliam
1427 2829 1594 2886 fuisse
1634 2849 1852 2892 causam
1880 2843 2038 2899 docet
2064 2886 2080 2912 ,

507 2923 667 2977 quam
707 2921 928 2979 peccata
964 2928 1150 2970 eorum
1199 2933 1214 2970 :
1265 2917 1458 2975 horum
1505 2939 1635 2980 vero
1675 2931 1883 2998 species
1923 2935 2078 2991 dein-

507 3017 635 3069 ceps
660 3011 964 3060 enumerat.

2102 3165 2146 3224 C

579 3205 738 3260 Vens.
776 3205 828 3261 5.
871 3225 891 3258 ι
930 3207 1120 3266 Manus
1151 3211 1294 3266 enim
1330 3224 1522 3269 vestrae
1560 3215 1778 3286 polluta:
1807 3229 1933 3274 sunt
1955 3235 2075 3276 san-

501 3294 660 3365 guine
685 3336 701 3362 ,
729 3305 783 3350 et
812 3297 963 3362 digiti
1003 3301 1168 3354 vestri
1200 3302 1251 3355 in
1294 3305 1528 3371 peccatis
1561 3324 1574 3360 :
1605 3305 1746 3361 labia
1776 3321 1954 3366 vestra
1991 3315 2073 3369 lo-

499 3395 624 3440 cuta
655 3397 782 3442 sunt
816 3387 1153 3459 iniquitatem
1179 3433 1196 3458 ,
1229 3403 1282 3447 et
1309 3394 1489 3466 lingua
1528 3409 1706 3453 vestra
1749 3401 2070 3470 iniustitiam

497 3479 809 3532 meditatur.
872 3499 890 3532 ι
946 3479 1013 3535 Ει
1045 3484 1350 3552 perpendas
1398 3486 1554 3540 velim
1602 3505 1695 3544 eos
1739 3491 1829 3548 hic
1863 3509 1968 3548 non
2007 3495 2071 3550 de

495 3567 800 3622 idololatria
821 3609 836 3634 ,
869 3581 964 3624 aut
988 3573 1054 3626 de
1086 3574 1191 3627 alio
1220 3575 1468 3645 improbo
1507 3579 1749 3638 facinore
1781 3593 2029 3642 accusari
2051 3629 2066 3652 ,

493 3661 589 3714 sed
637 3663 702 3715 de
751 3665 897 3718 caede
932 3664 1090 3721 labiis
1129 3677 1440 3738 perpetrata
1468 3711 1481 3732 .
1522 3683 1575 3727 et
1605 3675 1671 3730 de
1700 3677 1811 3732 oris
1840 3681 1920 3734 sui
1957 3683 2066 3736 ini-

493 3752 722 3820 quitate.
762 3753 927 3820 Queis
957 3756 1265 3812 subindicat
1291 3775 1477 3814 eorum
1507 3775 1690 3819 contra
1723 3766 2063 3826 Servatorem

489 3843 961 3913 conspirationes,
1003 3856 1166 3918 atque
1191 3850 1416 3907 insidias
1443 3854 1510 3908 ab
1539 3856 1619 3910 eis
1645 3869 1836 3913 contra
1869 3863 2065 3930 probos

491 3936 638 3992 viros
664 3947 920 3995 structas.
946 3942 1172 3997 Etiamsi
1198 3961 1326 4000 vero
1345 3946 1686 4004 Servatorcm
1711 3967 1815 4006 non
1847 3957 2062 4024 propria

489 4045 652 4083 mauu
675 4031 1024 4094 trucidarint:
1051 4050 1174 4090 cum
1205 4045 1380 4092 tamen
1412 4041 1728 4108 sanguinem
1761 4044 1877 4114 ejus
1902 4062 2063 4116 super

485 4133 550 4174 se
578 4129 628 4174 et
685 4135 848 4188 super
902 4123 1038 4177 ﬁlios
1066 4140 1193 4180 suos
1227 4131 1586 4198 expetierint.
1637 4150 1700 4188 ac
1745 4137 1925 4204 impiis
1979 4141 2058 4193 usi

487 4211 598 4263 sint
629 4211 980 4282 clamoribus,
1013 4231 1200 4286 reapse
1230 4221 1574 4278 declararunt
1603 4240 1661 4280 se
1711 4243 1903 4280 manus
1931 4245 2058 4283 san-

483 4304 648 4370 guine
681 4304 910 4361 fedatas
941 4308 1142 4364 habere
1166 4352 1182 4376 ,
1213 4312 1351 4368 labia
1398 4329 1582 4369 eormn
1615 4317 1951 4387 iniquitatem
1983 4321 2060 4376 lo-

479 4405 608 4448 euta
645 4411 807 4460 esse,
857 4408 914 4452 et
965 4398 1199 4472 linguam
1234 4418 1423 4459 eorum
1481 4408 1814 4476 impietatem
1868 4423 2054 4480 protu-

481 4485 629 4542 lisse.
674 4487 806 4542 Nam
833 4505 951 4545 sese
979 4493 1313 4562 decipientes
1343 4498 1506 4552 alium
1538 4500 1814 4556 Christum
1855 4519 2052 4574 exspe-

481 4587 668 4642 ctant,
707 4580 941 4634 humana
991 4588 1236 4652 quaedam
1272 4599 1324 4642 et
1362 4589 1604 4647 fabulosa
1656 4593 1722 4647 de
1777 4594 1892 4664 ipso
1925 4611 2050 4650 nar-

483 4683 686 4724 rantes.

555 4783 717 4839 Vsus.
743 4786 798 4850 4,
829 4787 882 4841 5.
920 4807 940 4838 ι
983 4789 1150 4846 Nemo
1182 4804 1420 4864 loquitur
1457 4797 1628 4866 jnsta,
1662 4816 1762 4856 nec
1795 4807 2050 4876 estjudi—

2205 1923 2423 1988 σασθαι,
2451 1926 2572 1978 οὐδὲ
2604 1927 2876 2002 ἀσθενεΗ]
2911 1932 3018 2004 ἐμὴ
3047 1936 3168 2005 χεὶρ
3215 1938 3310 1990 καὶ
3341 1938 3592 2006 ἀναξίους
3618 1923 3779 2011 ὄντας

2201 2014 2344 2084 ὑμᾶς
2383 2015 2677 2071 διασῶσαι·
2733 2022 2918 2076 καὶτὸ
2947 2021 3040 2089 οὖς
3083 2026 3140 2080 δὲ
3189 2028 3252 2081 τὸ
3279 2030 3411 2100 ἐμὸν
3455 2033 3514 2086 τὺ
3555 2035 3774 2092 πάντων

2199 2104 2520 2160 ἀκουστικὸν
2550 2111 2648 2178 οὐχ
2667 2109 2840 2176 οὕτως
2869 2109 2938 2184 ἦν
2961 2114 3286 2188 βαρυήκοον,
3311 2120 3388 2186 ὡς
3413 2123 3488 2196 μὴ
3513 2124 3770 2184 δύνασθαι

2199 2194 2352 2263 ὑμῶν
2384 2198 2704 2254 εἰσακοῦσαι
2737 2202 3006 2272 βοώντων.

2269 2325 2288 2356 ι
2321 2306 2477 2361 Ἀλλά
2501 2309 2570 2362 τὰ
2593 2311 2812 2384 ἀμαρτή
2822 2332 2967 2385 ματα
2995 2316 3150 2387 ὑμῶν
3177 2319 3452 2376 διιστῶσιν
3477 2325 3580 2380 ἀνὰ
3604 2329 3770 2398 μέσον

2193 2396 2345 2466 ὑμῶν
2371 2393 2464 2452 καὶ
2491 2401 2596 2454 ἀνὰ
2634 2404 2800 2474 μέσον
2829 2407 2922 2461 τοῦ
2954 2407 3109 2461 Θεοῦ·
3141 2412 3234 2464 καὶ
3263 2412 3352 2466 διὰ
3379 2415 3478 2479 τὰς
3497 2393 3770 2491 ἁμαρτίας

2191 2488 2342 2557 ὑμῶν
2369 2492 2674 2564 ἀπέστρεψε
2698 2496 2758 2548 τὸ
2787 2497 3076 2567 πρόσωπον
3099 2502 3196 2572 ἀφ’
3231 2504 3406 2575 ὑμῶν,
3439 2509 3531 2562 τοῦ
3556 2488 3630 2582 μή
3655 2511 3770 2566 ἐλε-

2187 2581 2336 2648 ῆσαι.
2399 2602 2417 2634 ι
2455 2583 2511 2636 '0
2551 2585 2866 2657 παράνομος
2918 2591 3070 2660 ὑμῶν
3111 2593 3226 2662 βίος
3265 2597 3364 2650 οὐκ
3402 2600 3468 2669 ἐᾷ
3487 2603 3585 2671 τῆς
3617 2581 3766 2668 θείας

2186 2672 2329 2742 ὑμᾶς
2361 2675 2664 2733 ἀπολαῦσαι
2711 2682 2989 2752 προνοίας,
3015 2685 3105 2738 διὰ
3147 2687 3208 2740 τὸ
3255 2689 3632 2758 βδελύττεσθαι
3659 2697 3766 2750 ὥσ-

2183 2781 2291 2836 περ
2321 2765 2528 2842 δυσώδη
2573 2773 2667 2824 καὶ
2707 2773 2942 2846 αἰσχρὰν
2971 2777 3064 2830 καὶ
3097 2779 3287 2850 ἄτιμον
3327 2783 3427 2856 τὴν
3465 2786 3757 2858 ἁμαρτίαν.

2183 2855 2256 2909 Τὸ
2288 2857 2385 2927 μὲν
2417 2855 2510 2912 οὖν
2540 2863 2712 2915 αἴτιον
2740 2865 2838 2934 τῆς
2871 2865 3241 2935 ἀποπτὼσεως
3259 2873 3350 2926 τοῦ
3375 2855 3515 2930 λαοῦγ
3535 2855 3628 2932 καὶ
3660 2881 3760 2952 τῆς

2181 2949 2517 3019 πορρωτάτω
2548 2951 2641 3004 τοῦ
2677 2953 2811 3006 Θεοῦ
2843 2955 3112 3030 ἀποϐολῆς
3155 2962 3320 3016 αὐτοῦ
3371 2967 3523 3022 οὐδὲν
3569 2949 3756 3042 ἕτερον

2178 3034 2316 3092 εἶναι
2365 3040 2602 3106 ἐδίδαξεν
2641 3043 2674 3115 ἢ
2725 3045 2824 3109 τὰς
2853 3047 3150 3118 ἁμαρτίας·
3186 3053 3247 3106 τὸ
3283 3054 3340 3108 δὲ
3368 3057 3570 3113 τούτων
3617 3034 3754 3126 εἶδος

2179 3127 2306 3198 ἑξῆς
2335 3132 2770 3203 καταριθμεῖται.

2257 3261 2275 3293 ι
2314 3245 2378 3296 Δί
2419 3243 2528 3317 γὰρ
2565 3249 2745 3320 χεῖρες
2774 3249 2926 3320 ὑμῶν
2975 3253 3381 3328 μεμολυσμέναι
3415 3262 3625 3333 αἵματι,
3655 3283 3750 3320 και

2178 3339 2225 3388 οἱ
2253 3336 2504 3392 δάκτυλοι
2533 3339 2686 3409 ὑμῶν
2715 3341 2774 3395 ὲν
2801 3344 3094 3414 ἁμαρτίαις
3113 3363 3128 3377 ·
3169 3349 3235 3403 τὰ
3263 3351 3415 3423 χείλη
3449 3355 3602 3424 ὑμῶν
3627 3357 3754 3414 ἑλά-

2177 3427 2345 3498 λησαν
2377 3431 2627 3500 ἀνομίαν,
2655 3433 2748 3486 καὶ¹
2775 3435 2808 3504 ἡ
2832 3434 3050 3503 γλῶσσα
3079 3439 3231 3510 ὑμῶν
3255 3443 3468 3498 ἀδικίαν
3495 3447 3708 3523 μελετᾷ.
3725 3473 3744 3504 ι

2179 3520 2286 3572 Καὶ
2344 3519 2460 3586 θέα,
2491 3522 2566 3585 ὡς
2598 3525 2697 3577 οὐκ
2731 3526 3102 3598 ἐπιμέμφεται
3133 3533 3312 3598 αὐτοῖς
3343 3535 3399 3588 ὲν
3432 3539 3637 3604 τούτοις
3663 3519 3746 3596 ἐξ-

2174 3609 2591 3683 δωλολατρείαν,
2621 3615 2728 3667 οὐδ’
2791 3617 2983 3688 ἑτέραν
3011 3621 3132 3676 τινὰ
3165 3625 3478 3697 παράνομον
3507 3634 3702 3702 πρᾶξιν
3729 3653 3742 3664 ·

2174 3699 2310 3754 ἀλλά
2338 3701 2436 3772 τὴν
2462 3703 2550 3756 διὰ
2583 3705 2806 3776 χειλέων
2854 3714 3183 3781 μιαιφονίαν,
3235 3719 3327 3770 καὶ
3361 3719 3457 3792 τὴν
3485 3699 3572 3777 διά
3619 3727 3744 3780 στὸο

2175 3805 2341 3856 ματος
2375 3795 2738 3864 παρανομίαν.
2770 3797 2846 3850 Δι’
2875 3793 2950 3853 ὧν
2970 3803 3185 3874 ᾐνίξατο
3211 3807 3307 3878 τὴν
3340 3812 3479 3865 κατὰ
3509 3813 3599 3867 τοῦ
3627 3817 3744 3869 Σω·

2169 3879 2331 3950 τῆρος
2361 3883 2724 3939 ἐπανάστασιν
2748 3889 2944 3956 αὐτῶν,
2972 3895 3065 3946 καὶ
3091 3897 3186 3967 τὴν
3220 3899 3358 3952 κατά
3387 3902 3493 3956 τῶν
3517 3904 3743 3962 δικαίων

2169 3969 2374 4041 ἀνδρῶν
2399 3973 2714 4048 ἐπιϐουλήν.
2747 3979 2808 4031 Εἰ
2835 3980 2890 4032 δὲ
2919 3983 3011 4035 καὶ
3036 3985 3108 4056 μὴ
3138 3989 3451 4062 αὐτόχειρες
3485 3995 3738 4064 γεγόνασι

2167 4059 2260 4112 τοῦ
2289 4062 2560 4136 Σωτῆρος,
2595 4065 2730 4120 ἀλλά
2748 4069 2807 4122 τὸ
2831 4065 2968 4141 αἷμα
3001 4075 3161 4128 αὐτοῦ
3188 4079 3259 4130 ἐπ
3299 4082 3496 4147 αὐτοὺς
3529 4093 3616 4140 καὶ
3645 4089 3742 4144 ἐπὶ

2165 4151 2234 4204 τὰ
2259 4153 2423 4208 τέκνα
2474 4157 2652 4212 αὐτῶν
2697 4163 3068 4235 αἰτησάμενοι,
3097 4169 3190 4221 καὶ⁵
3223 4171 3372 4240 βοαῖς
3397 4177 3576 4242 ἀθέοις
3603 4197 3742 4254 χρη-

2167 4243 2407 4313 σάμενοι,
2457 4247 2603 4320 ἔργῳ
2647 4253 2996 4325 παρέστησαν
3024 4259 3124 4324 τὰς
3160 4265 3346 4333 χεῖρας
3382 4267 3524 4338 ἔχειν
3569 4243 3740 4342 μῖμό-

2163 4333 2433 4407 λυσμένας
2458 4341 2668 4410 αἵματι.
2687 4345 2755 4398 τά
2773 4363 2831 4399 τε
2856 4349 3007 4420 χείλη
3031 4353 3208 4405 αὐτῶν
3231 4333 3581 4430 λελαλήκέναί
3608 4333 3736 4417 ἀνο-

2225 4834 2240 4864 ι
2269 4817 2460 4882 Οὑοεὶς
2515 4819 2664 4874 λαλεί
2698 4821 2901 4884 δίκαια.
2937 4826 3058 4880 οὺδέ
3087 4829 3426 4902 ὲστικρίσις
3475 4835 3723 4907 ἀληθινή.

473 4875 618 4927 Γ(εῖιιιῐι
650 4892 861 4932 νυγιιιιι.
911 4879 1198 4936 Conlidnnt
1254 4889 1416 4941 rebus
1462 4892 1637 4954 vanis,
1674 4904 1727 4946 et
1754 4894 2049 4965 loquuntur

2440 4875 2455 4882 _
2944 4875 3057 4880 --η
3089 4875 3422 4902 ----...ε..-..,,
3475 4875 3723 4907 ...ηραν-μ

2182 4908 2472 4964 ῐεποίθασιν
2529 4913 2621 4964 ἐπὶ
2677 4917 2945 4984 ματαίοις,
3011 4920 3104 4972 καὶ
3158 4921 3374 4976 λαλοῦσι
3439 4927 3590 4986 κενά,
3642 4929 3726 4981 ὅτι

479 4965 678 5027 inania,
710 4971 832 5036 quia
869 4973 1181 5042 concipiunt
1215 4977 1476 5044 dolorem,
1507 4993 1554 5036 et
1593 4988 1812 5052 pariunt
1845 4989 2046 5060 iniqui-

2155 4983 2345 5050 κύουσι
2389 4999 2567 5067 πόνον,
2617 5004 2710 5054 καὶ
2747 5005 3017 5060 τίκτουσιν
3062 5010 3306 5082 ἀνομίαν.
3350 5015 3440 5067 Ὠὰ
3485 5017 3726 5071 ἀσπίδων

475 5065 662 5111 tatem.
695 5059 804 5114 Ova
849 5065 1091 5132 aspidum
1147 5069 1464 5138 fregerunt,
1513 5085 1568 5130 el
1617 5079 1776 5134 telam
1833 5099 2048 5140 araneae

475 5157 664 5203 texunt
696 5169 710 5204 :
746 5163 799 5206 et
825 5157 912 5223 qui
946 5163 1058 5212 vult
1089 5159 1157 5214 de
1191 5164 1308 5216 ovis
1339 5179 1526 5220 eorum
1560 5173 1866 5234 comedere.
1897 5175 2047 5230 fran-

469 5255 606 5312 gens
633 5244 846 5298 urinunt
879 5246 1081 5304 invenit
1104 5291 1119 5316 ,
1151 5262 1205 5306 et
1237 5253 1290 5306 in
1327 5256 1442 5324 ipso
1477 5261 1737 5328 regulum.
1781 5283 1799 5316 ι
1835 5267 2044 5321 Adver-

470 5333 740 5388 sariantm
767 5347 1092 5406 potestatum
1120 5345 1325 5400 semina
1357 5348 1408 5400 in
1442 5364 1499 5402 se
1525 5353 1887 5418 parturiunt:
1915 5371 2044 5425 qua-

471 5437 536 5478 re
567 5425 783 5478 malitizc
809 5427 1236 5496 etimprobitatis
1267 5451 1375 5490 sum
1402 5438 1524 5494 ﬁliis
1551 5441 1888 5510 dicebatur,«
1917 5449 2043 5500 Scr-

473 5523 696 5582 βθηίθεν
745 5517 1011 5585 genimina
1064 5523 1390 5590 viperarum.
1449 5547 1467 5579 ›
1500 5529 1854 5600 Proportione
1909 5551 2038 5591 vero

469 5605 699 5671 quadam
733 5609 798 5660 ad
832 5608 1072 5663 ditinum
1106 5627 1288 5666 semen
1341 5615 1519 5670 habita
1547 5659 1563 5681 ,
1598 5622 2035 5678 adversariarum

469 5705 796 5762 potestatum
823 5716 1006 5756 semen
1038 5743 1054 5764 ,
1083 5719 1181 5758 ova
1210 5708 1542 5776 appellavit,
1580 5714 1790 5780 reptilis
1817 5717 2034 5779 generis

467 5790 711 5858 exemplo
739 5793 992 5850 insistens
1030 5813 1043 5853 :
1083 5813 1206 5852 nam
1255 5801 1471 5868 aspides
1495 5844 1509 5868 ,
1536 5818 1817 5874 serpentes
1846 5823 1899 5862 et
1925 5811 2026 5865 alia

2155 5083 2409 5157 ἔρρηξαν,
2442 5091 2534 5143 καὶ
2553 5093 2696 5144 ἰστὸν
2725 5095 2965 5167 ἀράχνης
2991 5101 3270 5168 ὑφαίνουσι
3289 5120 3303 5134 ⁶
3345 5106 3439 5158 καὶ
3468 5109 3496 5159 ὀ
3515 5109 3726 5178 μέλλων

2152 5175 2260 5229 τῶν
2290 5177 2412 5230 ὠῶν
2449 5183 2628 5236 αὐτῶν
2677 5191 2893 5253 φαγεῖν,
2915 5191 3206 5260 συντρίψας
3235 5193 3414 5264 οῠριον
3446 5191 3590 5268 εὗρε,
3627 5203 3726 5254 καὶ

2149 5265 2208 5316 ἐν
2232 5267 2381 5338 αὐτῷ
2415 5269 2743 5339 βασιλίσκον.
2795 5296 2812 5329 ι
2857 5280 2975 5333 Τῶν
3017 5283 3401 5355 ἀντικειμένων
3442 5291 3724 5360 δυνάμεων

2148 5359 2215 5410 τὰ
2254 5362 2542 5432 σπέρματα
2589 5368 2645 5419 ὲν
2675 5371 2859 5434 αὐτοῖς
2884 5375 3184 5446 κυήσαντες
3203 5395 3217 5408 ·
3242 5380 3320 5433 διὸ
3351 5386 3463 5446 τοῖς
3487 5385 3584 5456 τῆς
3612 5403 3718 5440 κα·-

2149 5449 2272 5514 κίας
2319 5454 2411 5505 καὶ
2453 5458 2714 5528 πονηρίας
2761 5462 2937 5516 αὐτῶν
2971 5467 3105 5531 υἱοῖς
3152 5469 3401 5538 ἐλέγετο·
3445 5493 3463 5525 ι
3507 5479 3716 5546 Ὄφεις,

2146 5543 2456 5612 γεννήματα
2490 5549 2729 5618 ἐχιδνῶν.
2771 5570 2789 5602 ι
2826 5554 3123 5625 ’Λναλόγως
3151 5560 3206 5612 δὲ
3239 5562 3316 5631 τῷ
3345 5565 3616 5635 σπέρματι
3638 5569 3718 5638 τῷ

2146 5627 2274 5708 θείῳ
2303 5635 2392 5686 τὸν
2413 5637 2517 5690 τῶν
2537 5642 2922 5712 ἀντικειμένων
2943 5647 3224 5718 δυνάμεων
3246 5653 3444 5723 σπόρον
3470 5657 3550 5710 ea
3579 5659 3714 5710 ὠνό-

2147 5739 2283 5790 μασε
2323 5727 2412 5781 διὰ
2458 5730 2516 5781 τὸ
2567 5735 2914 5806 παράδειγμα
2960 5741 3049 5792 τοῦ
3103 5743 3430 5812 ὲρπυστικοῦ
3483 5749 3698 5817 γένους”

2137 5816 2360 5881 ἀσπίδες
2391 5823 2482 5873 καὶ
2503 5823 2677 5892 ὄφεις,
2706 5828 2798 5878 καὶ
2813 5829 2878 5881 τὰ
2899 5831 3120 5884 τοιαῦτα
3140 5833 3244 5886 τῶν
3261 5835 3507 5890 ᾠοτόκων
3525 5841 3684 5894 ἐστίν.
