4168 6398
294 377 401 432 £85

1213 372 1712 430 COMMENTARIA
1753 372 1824 429 IN
1861 371 2117 431 ISAIAM.
2159 405 2227 415 --
2267 373 2416 432 CAP.
2460 375 2598 434 LIX.

3447 390 3472 442 ὅ
3485 392 3553 444 8ίί

309 495 528 566 Ἐπειδὴ
561 495 699 566 μετά
725 495 994 564 τοσαύτην
1047 495 1250 547 κακίαν
1303 493 1728 563 ἐπαγγέλλονται
1781 495 1872 566 μὲν

1984 494 2323 563 huiusmodi,
2355 511 2453 549 ova
2486 496 2724 566 pariunt.
2759 495 3026 561 Quoniam
3067 511 3188 569 post
3218 509 3420 556 tantam
3457 521 3521 557 ex

295 587 392 648 τας
421 584 531 638 ἀπὸ
560 583 722 636 θείων
768 583 1000 656 Γραφῶν
1033 582 1401 648 διδασκαλίας,
1447 585 1774 636 ἐκπίπτουσι
1820 584 1876 638 δὲ

297 681 374 742 εἰς
395 677 662 749 γραώδεις
699 675 921 747 μύθους,
948 677 1042 729 καὶ
1080 678 1159 739 εἰς
1191 676 1516 746 παραδόσεις
1554 675 1876 744 ἀνθρώπων,

295 770 445 822 οὐδὲν
505 768 656 838 ὑγιὲς
713 768 847 840 μηδὲ
897 767 1170 838 ὠφέλιμον
1226 767 1610 840 περιεχούσας’
1658 769 1878 832 εἰκότως

295 862 538 929 ἐπιλέγει
565 879 577 890 ο
617 880 634 911 ι
684 860 795 912 Καὶ
828 861 972 913 ίστὸν
1010 860 1253 931 ἀράχνης
1283 859 1589 928 ὑφαίνουσι,
1644 879 1661 911 ι
1694 859 1752 912 τὺ
1791 878 1880 914 σα-

295 952 425 1022 θρὸν
459 951 555 1004 καὶ
581 952 776 1022 ἄτιμον
806 951 906 1021 τῆς
930 952 1185 1022 τοιαύτης
1218 951 1396 1006 αὑτῶν
1425 951 1659 1022 σπουδῆς
1680 951 1757 1021 τῷ
1781 953 1880 1023 τῆς

275 1027 541 1113 ⁴ἀράχνης
570 1041 851 1112 ὑφάσματι
883 1042 1264 1113 παραϐάλλων.
1295 1042 1470 1096 Ποίων
1501 1043 1556 1096 δὲ
1586 1043 1710 1096 ὠῶν
1741 1061 1878 1114 μνη-

297 1133 538 1203 μονεύει,
563 1133 595 1202 ἢ
622 1133 749 1204 περὶ
773 1125 848 1185 ὧν
873 1132 1110 1204 εἴρηταιο
1150 1153 1168 1186 ‹
1204 1135 1284 1187 Τὰ
1316 1135 1398 1189 ὼὰ
1441 1136 1684 1189 ἀσπίδων
1716 1134 1878 1206 ἐρρη-

296 1224 426 1288 ξαν;
469 1242 486 1272 ι
521 1224 585 1274 Oi
622 1223 720 1292 μὲν
773 1220 865 1276 οὖν
909 1225 965 1277 ἐν
1019 1224 1187 1294 κακίᾳ
1227 1224 1442 1286 τέλειοι,
1491 1223 1878 1294 διαρρήξαντες

293 1316 501 1369 τούτων
527 1315 636 1368 τῶν
659 1316 801 1380 ὠῶν,
820 1316 889 1368 τὰ
916 1316 1378 1387 τελεσφορηθέντα
1406 1319 1485 1381 εἰς
1506 1317 1731 1380 ἑαυτοὺς
1779 1318 1878 1369 ὑπ-

296 1409 570 1473 εδέξαντο·
607 1411 654 1461 οί
694 1409 750 1461 δὲ
803 1409 1164 1481 ἀτελέστεροι,
1197 1412 1326 1480 πρὶν
1383 1410 1747 1481 διαρραγῆναι
1783 1410 1877 1462 καί

291 1500 761 1572 τελεσφορηθῆναι
795 1502 1130 1572 ἐμφαγόντες
1157 1503 1354 1565 αὑτῶν,
1408 1502 1756 1556 ἀπόλλυνται.
1788 1501 1878 1554 Διὸ

293 1595 437 1647 κατά
465 1596 593 1657 τοὺς
620 1595 840 1658 λοιποὺς
865 1595 1206 1665 ἐρμηνευτὰς
1231 1595 1479 1666 εἴρηται·
1522 1615 1539 1646 t
1584 1596 1640 1648 Ὀ
1685 1595 1877 1649 ἐσθίων

294 1688 359 1740 ἐκ
386 1686 497 1738 τῶν
518 1685 638 1738 ὠῶν
673 1687 852 1740 αὑτῶν
881 1687 1251 1740 ἀποθανεῖται.
1296 1706 1313 1737 ι
1343 1689 1405 1740 Εἰ
1439 1687 1494 1740 δέ
1524 1705 1606 1750 τις
1628 1686 1873 1758 εὑρεθείη

293 1776 518 1839 συνετὸς
574 1777 710 1847 ἀνὴρ
741 1779 769 1830 ό
804 1777 1113 1847 συντρίϐειν
1139 1777 1277 1830 αὑτὰ
1312 1777 1606 1848 δυνάμενος
1649 1779 1876 1849 ἀνατρε-

292 1868 476 1938 πτικῷ
536 1869 630 1921 καὶ
679 1867 979 1939 ὲλεγκτικῷ
1032 1869 1196 1940 λόγῳ,
1241 1866 1395 1933 οὗτος
1435 1869 1583 1942 εὕροι
1617 1869 1682 1923 ἂν
1719 1871 1778 1922 τὸ
1817 1873 1874 1922 ἐν

289 1961 480 2022 αὐτοῖς
536 1961 818 2030 ἀνεμιαῖον
869 1962 962 2014 καὶ
993 1961 1196 2033 οὔριον,
1231 1964 1328 2016 καὶ
1363 1961 1595 2026 δυσῶδες
1625 1961 1719 2014 καὶ
1744 1961 1873 2031 φθο-

294 2057 537 2125 ριμαῖον,
601 2055 694 2108 καὶ
747 2055 805 2107 ὲν
857 2054 1068 2119 τούτοις
1123 2057 1290 2109 πᾶσιν
1360 2053 1730 2124 ἰλυσπώμενον
1782 2055 1874 2108 καὶ

291 2145 758 2216 ὲγκρυπτόμενον,
785 2143 876 2197 τὸν
916 2144 1133 2199 πάντων
1180 2145 1426 2216 ἑρπετῶν
1467 2146 1560 2198 καί⁸
1609 2141 1668 2208 ἐξ
1711 2142 1873 2196 αὑτοῦ

289 2236 385 2290 τοῦ
417 2235 729 2306 βλέμματος
762 2233 1140 2299 θανατοποιὸν,
1185 2237 1278 2290 τὸν
1311 2236 1620 2306 βασιλίσκον
1642 2235 1804 2304 λέγω.

363 2344 383 2376 ι
425 2327 483 2380 ’0
523 2326 667 2390 tm,-
697 2327 876 2380 αὐτῶν
921 2327 1020 2380 οὑκ
1049 2327 1204 2380 ἔσται
1247 2329 1327 2390 είς
1368 2328 1600 2398 ίμάτιον,
1633 2326 1754 2379 οὑδὲ
1800 2327 1873 2396 μὴ

289 2418 694 2488 περιϐάλωνται
751 2418 858 2472 ἀπὸ
898 2419 1005 2473 τῶν
1033 2415 1208 2492 ἔργων
1242 2419 1420 2472 αὑτῶν
1441 2437 1454 2450 ο
1498 2419 1566 2472 τὰ
1599 2418 1734 2490 ἔργα
1780 2417 1875 2472 αὑ-

215 2523 224 2530 ‘
288 2511 401 2562 τῶν
425 2509 565 2580 ἔργα
591 2508 855 2579 ἀνομίαςο
889 2511 938 2561 oi
967 2509 1024 2562 δὲ
1066 2509 1222 2573 πόδες
1265 2508 1444 2561 αὑτῶν
1476 2505 1567 2559 ἐπὶ
1611 2505 1875 2577 πονηρίαν

297 2604 572 2675 τρέχουσι,
629 2603 836 2674 ταχινοί
879 2603 1066 2672 ἐκχέαι
1113 2599 1274 2673 αἷμα,
1318 2602 1410 2654 καὶ
1437 2601 1487 2653 οἰ
1537 2597 1875 2667 διαλογισμοὶ

290 2695 494 2757 αὑτῶν,
525 2695 868 2766 διαλογισμοὶ
901 2694 1010 2747 ἀπὸ
1060 2695 1256 2763 φόνων.
1291 2692 1614 2762 Σύντριμμα
1650 2689 1745 2742 καὶ
1777 2706 1872 2741 τα-

292 2782 568 2858 λαιπωρία
596 2788 654 2840 ὲν
680 2790 800 2850 ταῖς
827 2786 965 2850 ὁδοῖς
999 2785 1200 2850 αὐτῶν,
1234 2785 1329 2838 καὶ
1372 2783 1490 2837 ὁδὸν
1529 2784 1746 2854 εἰρήνης
1775 2783 1875 2834 οὑκ

289 2877 520 2932 οἴδασιν.
563 2895 583 2928 ι
621 2878 696 2930 Ού
724 2877 834 2949 γὰρ
862 2877 1223 2948 παρεδέξαντο
1245 2877 1335 2928 τὸν
1368 2875 1464 2946 τῆς
1491 2876 1708 2946 εἰρήνης
1739 2873 1877 2946 πρύ-

289 2985 464 3033 τανιν,
500 2971 630 3041 περὶ
663 2964 724 3023 οὗ
759 2969 1009 3041 εἴρηται·
1043 2985 1062 3018 ι
1093 2968 1264 3032 Αὑτὸς
1289 2967 1396 3039 γάρ
1444 2967 1590 3018 ἐστιν
1617 2966 1650 3036 ἡ
1682 2966 1872 3037 εἰρήνη

293 3062 483 3132 ἡμῶν*
534 3080 552 3114 ι
587 3061 667 3115 διδ
715 3063 829 3125 τοῖς
872 3060 1037 3114 αὑτοῦ
1082 3059 1352 3131 μαθηταῖς
1395 3057 1598 3128 ταύτην
1623 3057 1876 3129 προξενεῖ

291 3153 496 3221 λέγων’
520 3171 538 3203 ι
563 3153 800 3224 Εἰρήνην
815 3151 915 3223 τὴν
943 3151 1080 3224 ἐμὴν
1110 3151 1301 3222 δίδωμι
1339 3151 1488 3222 ὑμῖν,
1513 3151 1736 3220 εἰρήνην
1773 3149 1874 3221 τὴν

289 3245 429 3315 ἐμὴν
467 3245 665 3314 ἀφίημι
693 3245 841 3315 ύμῖν.
868 3263 887 3296 ι
915 3275 983 3285 -
1003 3263 1020 3295 ι
1047 3245 1152 3298 Καὶ
1179 3245 1278 3298 οὐκ
1311 3244 1426 3297 ἔστι
1463 3245 1643 3315 κρίσις
1669 3245 1728 3296 ὲν
1757 3246 1876 3308 ταῖς

287 3336 432 3398 ὁδοῖς
459 3337 655 3389 αὐτῶν.
682 3337 746 3389 Ai
774 3335 883 3407 γὰρ
915 3336 1091 3407 τρίϐοι
1123 3336 1302 3389 αὐτῶν
1327 3335 1777 3407 διεστραμμέναι,
1807 3335 1875 3399 ἃς

287 3426 612 3480 διοδεύουσι·
645 3427 741 3481 καὶ
778 3428 876 3480 οὑκ
917 3426 1120 3479 οἴδασιν
1168 3428 1412 3499 εἰρήνην.
1448 3446 1467 3478 ›
1504 3426 1876 3498 Ψηλαφῶντες

290 3517 403 3588 γὰρ
429 3517 524 3581 τὰς
552 3517 702 3581 θείας
729 3518 975 3590 Γραφάς,
1027 3521 1088 3572 οὺ
1135 3519 1346 3572 συνίασι
1373 3519 1464 3574 τὸν
1509 3523 1568 3574 ὲν
1598 3520 1746 3590 βάθει
1767 3522 1875 3573 τῶν

288 3608 492 3674 λέξεων
520 3608 1012 3679 ἀποκεκρυμμένον
1047 3607 1172 3662 νοῦν
1197 3625 1210 3640 ⁸
1241 3609 1368 3680 περί
1397 3608 1454 3661 δὲ
1481 3607 1545 3678 δὴ
1585 3609 1749 3679 μόνην
1777 3611 1874 3681 τὴν

287 3698 437 3764 λέξιν
462 3701 880 3771 ἀσχολούμενοι,
907 3699 1098 3772 ῶσπερ
1119 3701 1242 3755 τινὰ
1265 3704 1440 3773 τοῖχον
1461 3701 1670 3755 ἐοίκασι
1697 3702 1862 3771 ψηλα-

289 3809 422 3844 ναν.

421 3883 520 3936 Διά
548 3885 701 3939 τοῦτο
723 3886 930 3958 ἀπέστη
957 3889 988 3957 ή
1030 3885 1210 3957 κρίσις
1239 3885 1332 3938 ἀπ’
1361 3885 1558 3951 αὐτῶν,
1590 3889 1683 3940 καὶ
1709 3888 1769 3941 οὑ
1800 3889 1872 3960 μὴ

287 3975 576 4050 καταλάόῃ
617 3978 811 4041 αὑτοὺς
865 3978 1210 4048 δικαιοσύνη·
1249 3978 1656 4042 ὑπομεινάντων
1697 3978 1872 4030 αὑτῶν

287 4066 433 4134 φῶς,
470 4068 685 4135 ἐγένετο
725 4070 908 4132 αὑτοῖς
956 4069 1180 4133 σκότος·
1235 4071 1518 4141 μείναντες
1563 4072 1760 4142 αὐγὴν,
1813 4075 1871 4125 ἐν

284 4157 468 4229 ἀωρίᾳ
491 4163 922 4231 περιεπάτησαν.
969 4163 1394 4233 Ψηλαιρήσουσιν
1422 4163 1497 4226 ὼς
1542 4163 1734 4232 τυφλοὶ
1759 4167 1871 4217 τοῖ-

286 4269 405 4322 χον,
443 4252 536 4304 καί
562 4253 637 4315 ὡς
661 4253 758 4323 οὐχ
791 4254 1140 4324 ὑπαρχόντων
1157 4254 1450 4324 ὀφθαλμῶν
1469 4255 1867 4326 ψηλαφήσουσι.

289 4342 401 4397 Καὶ
435 4343 725 4397 πεσοῦνται
757 4347 814 4396 ὲν
863 4345 1177 4418 μεσημϐρίᾳ
1203 4347 1278 4410 ὡς
1319 4348 1376 4401 ἐν
1408 4349 1760 4419 μεσονυκτίῳ,
1795 4350 1870 4413 ῶς

285 4431 728 4506 ἀποθνήσκοντες
784 4437 1118 4504 στενάξουσι.
1159 4458 1178 4490 ι
1230 4438 1387 4492 Κατὰ
1439 4439 1494 4491 δὲ
1543 4440 1634 4492 τὸν
1679 4440 1869 4511 καιρὸν

1981 587 2206 640 hibitam
2237 588 2636 655 improbitatem
2666 627 2681 653 ,
2711 587 3021 644 divinarum
3059 591 3277 660 quidem
3311 592 3560 662 Scriptu-

1982 693 2160 733 rarum
2185 679 2486 734 doctrinam
2517 682 2842 750 proﬁtentur
2863 723 2879 749 ,
2928 683 2982 738 in
3026 685 3199 741 aniles
3227 702 3354 744 vero
3401 687 3552 743 fabu-

1981 771 2058 826 las
2086 780 2143 826 et
2173 773 2226 827 in
2261 773 2577 828 traditiones
2612 775 2893 830 hominum
2944 777 3291 843 delabuntur,
3321 797 3440 850 qua:
3471 783 3554 836 ui-

1977 864 2052 918 ltil
2091 879 2280 919 sanum
2302 905 2317 931 ,
2349 867 2481 919 utile
2513 866 2647 920 nihil
2702 867 2942 934 habent;
2975 872 3169 925 merito
3199 872 3400 940 infert,
3435 893 3454 925 ι
3489 873 3556 929 Ει

1981 955 2140 1009 telam
2171 972 2388 1012 aranea:
2435 968 2642 1025 texunt,
2689 977 2707 1010 ι
2742 960 2990 1029 putidum
3026 962 3153 1016 illud
3181 979 3368 1020 eorum
3401 967 3545 1020 inde.

1978 1061 2272 1116 eorumque
2332 1051 2567 1103 studium
2603 1049 2723 1104 telae
2752 1065 2967 1106 aranea:
2994 1068 3338 1123 comparans.
3363 1056 3554 1122 Qualia

1981 1154 2138 1208 porro
2159 1155 2257 1192 ova
2286 1150 2567 1204 memorat,
2604 1142 2708 1196 nisi
2738 1158 2800 1196 ea
2828 1143 2892 1196 de
2925 1145 3118 1214 quibus
3150 1147 3378 1202 dicitur:
3404 1149 3554 1205 «Ova

1979 1231 2224 1299 aspidum
2257 1242 2552 1300 eruperunt
2581 1234 2604 1288 ?
2652 1253 2670 1286 ι
2713 1234 2812 1300 Qui
2847 1237 3010 1305 igitur
3033 1239 3082 1291 in
3114 1239 3334 1292 malitia:
3365 1257 3554 1293 eumu-

1979 1322 2086 1375 lum
2121 1323 2470 1385 deveneruut,
2509 1326 2589 1378 his
2621 1326 2851 1394 diruptis
2888 1329 3026 1392 ovis,
3065 1329 3228 1382 fetum
3258 1331 3308 1383 in
3345 1346 3402 1385 se
3432 1347 3552 1385 sus-

1979 1423 2277 1481 ceperunt:
2314 1416 2672 1482 simpliciores
2717 1433 2842 1473 vero
2889 1429 3179 1488 antequam
3243 1423 3555 1491 dirumpari-

1981 1515 2068 1556 tur
2097 1513 2152 1557 et
2182 1503 2348 1557 fetum
2377 1505 2561 1570 edant,
2599 1507 2712 1576 ipsa
2744 1510 3114 1574 comedentes,
3147 1523 3394 1578 pereunt.
3414 1511 3558 1579 Qua-

1978 1605 2199 1666 propter
2227 1598 2521 1650 secundum
2556 1599 2796 1667 reliquos
2826 1600 3154 1668 interpretes
3186 1603 3389 1658 dictum
3421 1617 3502 1660 est
3529 1626 3544 1660 :

1983 1707 2000 1739 ι
2037 1687 2136 1754 Qui
2169 1689 2464 1743 comederit
2492 1705 2560 1746 ex
2595 1692 2712 1746 ovis
2743 1707 2932 1746 eorum
2959 1732 2973 1756 ,
3015 1695 3297 1749 morietur.
3338 1716 3356 1748 ι
3399 1697 3554 1766 Quod

1979 1781 2022 1836 si
2056 1782 2176 1851 quis
2215 1783 2520 1851 reperiatur
2557 1782 2640 1836 vir
2677 1784 2912 1852 prudens
2940 1825 2952 1849 ,
2991 1786 3080 1854 qui
3111 1787 3282 1854 possit
3311 1788 3401 1842 illa
3427 1799 3554 1843 nor-

1983 1873 2148 1927 tando
2177 1883 2232 1927 et
2267 1874 2544 1943 arguendo
2589 1883 2877 1929 conterere
2901 1915 2916 1940 ,
2957 1875 3000 1929 is
3053 1877 3290 1933 inveniet
3324 1879 3374 1931 in
3413 1879 3516 1932 illis
3541 1922 3556 1945 ,

1981 1965 2129 2020 venti
2165 1975 2218 2021 et
2253 1966 2364 2020 lotii
2397 1966 2618 2020 odorem
2655 1969 2898 2035 putidum
2927 1977 3091 2035 atque
3128 1980 3471 2038 corruptum,
3503 1983 3558 2024 et

1982 2059 2035 2113 in
2069 2059 2154 2114 his
2195 2060 2446 2114 omnibus
2496 2059 2639 2114 fmde
2685 2059 2981 2114 volutatum
3009 2071 3062 2114 ct
3090 2060 3266 2116 latens
3313 2064 3554 2117 omnium

1982 2148 2256 2217 reptilium
2290 2147 2654 2212 teterrimum,
2696 2146 2782 2201 vel
2811 2147 2928 2200 visu
2956 2146 3072 2202 solo
3102 2147 3437 2205 lethil’erum.
3471 2165 3557 2202 re-

1901 2247 1906 2253 ’
1983 2241 2163 2311 gulum
2195 2239 2338 2295 dico.

2054 2331 2220 2384 Vsus.
2245 2330 2278 2385 6
2304 2362 2324 2370 -
2358 2331 2411 2386 8.
2451 2348 2470 2382 ι
2508 2330 2634 2385 Tela
2667 2345 2855 2385 eorum
2887 2345 2992 2384 non
3039 2330 3142 2383 erit
3182 2331 3234 2383 in
3265 2329 3556 2384 vestimen-

1981 2432 2119 2488 tum,
2161 2437 2336 2492 neque
2365 2424 2680 2493 operientur
2704 2423 2960 2492 operibus
2985 2422 3100 2476 suis
3134 2438 3148 2476 :
3176 2437 3339 2492 opera
3371 2435 3556 2476 eorum

1981 2528 2144 2584 opera
2177 2513 2482 2583 iniquitatis
2518 2532 2531 2568 :
2567 2515 2730 2582 pedes
2764 2522 2944 2568 autem
2971 2527 3160 2566 eorum
3191 2514 3258 2566 ad
3296 2511 3554 2565 malitiam

1982 2614 2227 2669 currunt,
2254 2604 2471 2660 veloces
2498 2606 2564 2659 ad
2597 2603 2981 2659 eﬂundendum
3021 2603 3362 2673 sanguinem,
3387 2613 3440 2657 et
3465 2618 3560 2658 co-

1980 2698 2271 2767 gitationes
2303 2710 2513 2762 eorum,
2545 2696 2905 2766 cogitationes
2936 2709 2965 2748 a
2994 2695 3251 2749 etedibus.
3286 2693 3558 2748 Contritiu

1981 2795 2035 2840 et
2063 2787 2278 2840 miseria
2301 2786 2353 2840 in
2388 2786 2488 2840 viis
2516 2800 2724 2852 eorum,
2761 2795 2814 2840 et
2855 2787 2996 2839 viam
3026 2786 3177 2853 pacis
3206 2799 3310 2838 non
3345 2800 3552 2852 cogno-

1982 2887 2193 2934 verunt.
2235 2897 2254 2930 ι
2285 2876 2468 2947 Neque
2494 2877 2637 2932 enim
2669 2877 2820 2946 pacis
2848 2877 3148 2945 principem
3191 2887 3513 2945 receperunt
3541 2917 3555 2937 ,

1980 2971 2047 3025 de
2069 2985 2175 3040 quo
2207 2970 2409 3023 dictum
2443 2978 2560 3023 est:
2588 2986 2606 3019 ι
2651 2967 2769 3037 Ipse
2789 2970 2932 3022 enim
2965 2980 3046 3022 est
3077 2984 3177 3032 pax
3205 2980 3391 3022 nostra
3413 2969 3491 3022 ¹³;
3533 2988 3552 3019 ι

1981 3073 2309 3131 quapropter
2359 3076 2478 3115 eam
2535 3060 2816 3129 discipulis
2861 3069 3120 3130 procurat
3167 3061 3280 3116 suis
3330 3062 3553 3118 dicens.

1985 3175 2004 3207 ι
2043 3155 2235 3211 Pacem
2292 3171 2468 3209 meam
2503 3156 2569 3208 do
2601 3156 2754 3210 vobis
2779 3195 2795 3219 ,
2834 3169 3020 3224 pacem
3078 3172 3252 3211 meam
3308 3158 3556 3226 relinquo

1978 3244 2346 3300 vobis".t—c
2377 3244 2564 3298 Etnon
2583 3243 2936 3314 estjudicium
2964 3245 3014 3297 in
3039 3245 3558 3299 viiseorum.Semi-

1973 3347 2046 3392 ta:
2071 3336 2215 3390 enim
2240 3349 2424 3387 eorum
2458 3349 2896 3404 perversm,quas
2925 3345 3334 3404 pertranseunt,
3365 3348 3420 3389 et
3448 3353 3555 3390 ncn

1980 3435 2243 3480 noverunt
2273 3441 2484 3494 pacem.
2528 3443 2546 3474 ι
2582 3424 2714 3479 Nam
2741 3440 2862 3479 cum
2887 3426 3099 3480 divinas
3129 3425 3443 3494 Scripturas
3475 3438 3556 3478 at-

1978 3519 2223 3587 tingunt,
2252 3517 2304 3570 in
2336 3515 2705 3586 profunditate
2737 3517 3026 3571 verborum
3053 3521 3310 3570 latentem
3340 3528 3557 3570 senten-

1978 3610 2107 3663 tiam
2145 3624 2249 3663 non
2277 3609 2589 3678 intelligunt
2623 3625 2636 3660 :
2671 3608 2766 3662 sed
2798 3608 2886 3660 ttui
2924 3608 3150 3661 dictioni
3176 3618 3455 3673 vacantes,
3483 3613 3556 3661 vi-

1975 3704 2170 3757 dentur
2192 3700 2346 3772 quasi
2381 3715 2592 3754 murum
2629 3707 2993 3755 contrectare.

2049 3882 2212 3938 Vsus.
2254 3883 2310 3947 9,
2358 3882 2444 3938 10.
2489 3901 2506 3933 ι
2563 3881 2852 3950 Propterea
2893 3881 3121 3935 recessit
3165 3883 3431 3952 judicium
3486 3885 3562 3936 ab

1975 3976 2084 4038 eis,
2116 3991 2214 4044 nec
2263 3975 2632 4044 apprehendet
2681 3988 2774 4028 eos
2817 3972 3064 4043 iustitia;
3097 3988 3218 4028 cum
3259 3986 3545 4042 exspecta-

1975 4078 2095 4122 rent
2131 4068 2322 4129 luccm,
2359 4066 2515 4120 facta!
2545 4076 2669 4121 sunt
2691 4066 2770 4120 eis
2808 4066 3044 4120 tenebrae
3070 4083 3086 4132 ;
3117 4082 3238 4119 cum
3268 4078 3549 4136 exspecta-

1973 4169 2094 4215 rent
2120 4159 2402 4228 l‘ulgorem.
2431 4158 2484 4211 in
2513 4157 2744 4229 caligine
2771 4157 3209 4214 ambulaverunt.
3249 4157 3548 4226 Palpalmul

1975 4263 2223 4320 tanquam
2253 4250 2379 4304 caeci
2409 4245 2618 4302 murum
2638 4267 2651 4302 :
2671 4261 2725 4304 et
2753 4250 2904 4318 quasi
2935 4251 3124 4304 oculos
3159 4265 3264 4304 non
3293 4250 3550 4315 haheant,

1971 4346 2356 4400 attrectabunt.
2391 4342 2458 4397 Et
2482 4344 2679 4397 cadent
2715 4344 2767 4396 in
2810 4343 3039 4398 meridie
3069 4352 3322 4412 tanquam
3357 4344 3408 4395 in
3440 4360 3546 4396 tue-

1970 4440 2056 4492 dia
2085 4449 2264 4502 nocte,
2295 4437 2447 4502 quasi
2482 4436 2776 4491 morientes
2804 4435 3178 4505 iugemiscent.
3229 4454 3247 4486 ι
3285 4434 3555 4503 Tempore

282 4523 381 4576 τοῦ
415 4524 522 4577 τῶν
553 4525 719 4578 ἐθνῶν
766 4527 1138 4599 μεσημῦρινοῦ
1169 4531 1365 4595 φωτὸς,
1412 4535 1533 4595 ταῖς
1579 4533 1867 4603 σωτηρίοις

1976 4532 2284 4586 meridiana:
2312 4530 2548 4600 gentium
2579 4529 2715 4582 lucis
2738 4568 2752 4591 ,
2780 4528 3110 4582 salutaribus
3137 4540 3192 4582 et
3213 4527 3548 4596 evangelici»

279 4615 380 4670 καί
427 4617 809 4684 εὐαγγελικαῖς
855 4619 1048 4686 αὐγαῖς
1081 4620 1180 4690 τῆς
1219 4622 1541 4692 Ἐκκλησίας
1583 4622 1677 4674 τοῦ
1729 4622 1862 4675 Θεοῦ

280 4707 809 4778 καταλαμπομένης,
845 4707 993 4778 μόνοι
1029 4710 1202 4771 αὑτοὶ,
1233 4711 1307 4772 ὡς
1333 4712 1398 4764 ἂν
1426 4712 1495 4764 τὰ
1529 4713 1663 4782 πρὸς
1705 4712 1866 4766 θάνα-

277 4817 378 4852 τον
409 4801 811 4871 ἡμαρτηκότες,
864 4801 1205 4865 πεπτώκασι,
1265 4804 1358 4855 καὶ
1402 4803 1587 4874 ῶσπερ
1617 4806 1673 4856 ὲν
1701 4821 1865 4875 μεσο-

283 4892 492 4961 νυκτίῳ
513 4891 808 4958 διάγουσιν.

363 5001 381 5033 ι
433 4983 521 5047 Ὠς
558 4985 756 5053 ἄρκτος
799 4984 830 5054 ἢ
879 4983 953 5044 ὡς
991 4984 1287 5058 περιστερά
1333 4985 1446 5054 Ξιμα
1488 4985 1856 5056 πορεύσονται.

291 5075 690 5145 Ἀνεμείναμεν
717 5076 917 5146 κρίσιν,
945 5076 1040 5128 καὶ
1068 5076 1166 5128 οὑκ
1198 5076 1310 5129 ἔστι
1338 5077 1578 5148 σωτηρία
1597 5094 1610 5106 ο
1649 5077 1864 5148 μακρὰν

281 5169 598 5239 ἀφέστηκεν
658 5168 750 5236 ἀφ’
801 5168 979 5238 ἡμῶν.
1037 5168 1211 5238 Πολλὴ
1263 5169 1371 5237 γὰρ
1401 5170 1556 5242 ⁴ἡμῶν
1593 5171 1626 5242 ἡ
1668 5171 1863 5240 ἀνομία

280 5261 528 5312 ἐναντίον
578 5275 690 5320 σου,
751 5260 844 5312 καὶ
899 5261 953 5312 αἱ
1008 5259 1272 5331 ἁμαρτίαι
1323 5258 1478 5329 ἡμῶν
1529 5260 1862 5329 ἀντέστησαν

281 5354 444 5421 ἡμῖν*
480 5352 535 5403 αἱ
567 5350 675 5420 γὰρ
707 5351 922 5420 ἀνομίαι
957 5350 1113 5420 ἡμῶν
1137 5352 1192 5402 ἐν
1231 5351 1382 5420 ἡμῖν,
1419 5351 1512 5404 καὶ
1560 5350 1627 5403 τὰ
1671 5351 1862 5422 ἀδική-

286 5461 432 5513 ματα
466 5442 624 5512 ήμῶν
653 5443 912 5512 ἔγνωμεν.
956 5462 973 5493 ι
1005 5444 1068 5494 υἱ
1094 5441 1201 5514 γὰρ
1249 5443 1540 5513 στεναγμοὶ
1580 5444 1776 5506 αὑτῶν,
1812 5445 1862 5496 εἰ

286 5536 384 5604 μὲν
414 5533 560 5587 κατά
585 5534 741 5601 λόγον
771 5535 1008 5602 ἐγίνοντο
1031 5533 1170 5602 ὑπὲρ
1207 5525 1280 5584 ὧν
1315 5533 1676 5604 τετολμήκασι
1721 5534 1861 5586 κατὰ

289 5626 375 5678 τοῦ
409 5627 681 5695 Σωτῆρος,
709 5626 1002 5694 ὲπωφελεῖς
1032 5624 1275 5693 ἐγένοντο
1308 5625 1391 5679 ἀν.
1436 5626 1555 5696 Χρὴ
1607 5626 1714 5696 γὰρ
1762 5626 1858 5677 αὑ-

351 5827 398 5859 "
439 5827 640 5896 Ephcs.
675 5845 732 5892 tt,
773 5828 854 5882 li.
936 5831 977 5860 ”
1006 5829 1159 5883 luan.
1191 5830 1415 5894 Xtv,9.7.

1974 4622 2136 4674 radiis
2168 4621 2433 4675 illustrata
2476 4619 2718 4674 Ecclesia
2750 4617 2845 4672 Dei
2874 4657 2888 4680 ,
2929 4619 3026 4686 ipsi
3056 4618 3157 4670 soli
3188 4657 3203 4681 ,
3235 4627 3422 4686 utpote
3449 4619 3546 4685 qui

1969 4711 2032 4764 ad
2061 4722 2290 4764 mortem
2327 4709 2674 4778 pet-caverint
2700 4747 2716 4773 ,
2767 4706 2976 4776 delapsi
3008 4716 3172 4768 sunt,
3216 4717 3270 4759 et
3295 4706 3446 4774 quasi
3491 4705 3547 4756 in

1969 4803 2142 4856 Inedia
2179 4812 2338 4857 nocte
2363 4814 2550 4872 agunt.

2041 4985 2201 5037 Vsus.
2237 4985 2323 5044 ll.
2357 4985 2443 5038 19..
2482 5003 2500 5035 ι
2531 4984 2810 5052 Tanquam
2847 4987 3143 5043 ursus,aut
3174 4987 3424 5046 tauquam
3450 4991 3545 5030 co-

1966 5079 2146 5133 lumha
2181 5079 2340 5133 simul
2381 5077 2653 5132 ineedent.
2697 5073 3144 5143 Exspectavimus
3178 5071 3543 5140 judicium,et

1967 5188 2070 5226 non
2110 5181 2193 5226 est
2219 5171 2364 5225 salus
2399 5190 2412 5223 :
2447 5171 2608 5240 longe
2643 5169 2870 5222 recessit
2899 5182 2926 5218 a
2967 5164 3144 5220 nobis.
3189 5163 3350 5216 Multa
3393 5161 3538 5216 enim

1966 5264 2223 5332 inFquitas
2257 5271 2437 5316 nostra
2482 5261 2533 5314 in
2581 5269 2872 5328 conspectu
2927 5267 3058 5317 tuo,
3096 5265 3148 5308 et
3179 5267 3398 5324 peccata
3440 5269 3538 5306 no-

1964 5366 2073 5408 stra
2114 5354 2439 5408 obstiterunt
2488 5352 2664 5404 nobis.
2709 5349 3028 5416 Iniquitatcs
3061 5346 3206 5400 enim
3254 5354 3456 5397 nostra:
3485 5341 3536 5394 iu

1967 5445 2123 5498 nobis
2175 5452 2300 5497 sunt
2333 5482 2347 5506 ,
2387 5450 2443 5494 et
2495 5438 2788 5506 injustitias
2835 5449 3049 5492 nostras
3092 5436 3468 5505 cognovimus.
3511 5453 3532 5486 ι

1966 5533 2095 5587 Nam
2137 5532 2371 5603 gemitus
2435 5530 2672 5599 ipsorum
2704 5567 2720 5594 ,
2779 5528 3044 5596 siquidem
3086 5527 3295 5580 ratione
3346 5537 3532 5577 eot'tm

1961 5642 2081 5695 qua:
2114 5634 2302 5681 contra
2338 5623 2678 5679 Salvatorem
2707 5621 2824 5675 ausi
2866 5629 3013 5684 sunt,
3053 5618 3237 5674 emissi
3282 5617 3532 5677 fuisse-.11,
