4130 6400
599 315 702 373 48Ἱ

1279 313 1547 371 EUSEBll
1583 312 2064 370 CESARIENSIS
2137 314 2288 373 OPP.
2332 315 2513 371 PARS
2552 316 2637 373 Ill.
2678 345 2749 361 -—
2786 316 3196 376 EXEGETICA.

3760 324 3861 380 488

599 437 733 508 ipsis
770 452 903 493 sane
934 435 1196 492 fructuosi
1243 435 1412 491 futuri
1451 446 1630 491 erant.
1669 436 1880 493 Etenim
1914 453 2050 508 opus
2088 447 2166 494 est

2274 440 2399 503 τοὺς
2425 442 2518 494 καὶ
2537 440 2751 494 πενθεῖν
2781 442 2872 492 καὶ
2901 440 3199 505 στενάξειν,
3229 442 3323 495 καὶ
3348 441 3733 520 ἀποδύρεσθαι,
3760 445 3853 498 καὶ

599 531 746 600 ipsos
784 531 986 599 lugere,
1031 529 1422 598 ingemiscere,
1465 529 1754 585 lamentari
1821 541 1875 586 et
1900 531 2175 602 plangere,

597 622 900 692 sanguinis,
934 636 1094 692 quem
1132 621 1458 686 eﬁ'uderuut,
1494 637 1678 678 causa.
1716 624 1909 678 Verum
1958 625 2082 693 quia
2119 624 2172 678 id

595 727 759 782 agere
814 728 919 766 non
956 713 1243 775 videnlur,
1290 712 1383 766 sed
1440 713 1626 767 urbem
1687 713 1834 768 illam
1883 715 2173 781 sensilem,

597 802 1025 872 Hierosolymam
1056 803 1203 866 dico,
1225 803 1531 873 deplorant,
1552 815 1604 859 et
1620 805 1830 860 ruinam
1848 805 1964 872 ejus
1986 806 2177 862 stolide

595 892 818 961 lugent,
843 891 969 959 jure
1003 893 1188 948 bestiae
1213 892 1342 948 ferae
1381 906 1784 964 comparantur.
1815 895 2174 962 Quamobrem

593 983 832 1039 dicitur:
873 1004 892 1037 ι
933 983 1001 1038 Ει
1025 985 1380 1056 ingemiscent
1413 995 1666 1056 tanquam
1699 1003 1896 1053 ursus;
1926 1006 1944 1040 ι
1976 989 2029 1042 in
2054 988 2176 1044 aliis

593 1090 725 1130 vero
777 1076 997 1142 dicitur,
1041 1095 1060 1128 ι
1126 1073 1283 1130 Sicut
1321 1091 1446 1130 ursa
1497 1077 1652 1143 prole
1683 1078 1897 1132 orbata.
1938 1097 1956 1130 ι
2000 1076 2176 1134 Ursus

594 1169 777 1236 itaque
823 1177 1112 1232 vocantur,
1165 1167 1444 1237 quia.baec
1494 1169 1608 1223 fera
1649 1169 1901 1224 homines
1931 1170 2172 1226 devorat.

593 1259 1038 1327 Quandoquidem
1094 1267 1150 1312 et
1196 1257 1298 1328 ipsi
1341 1259 1588 1316 homines
1628 1260 1982 1326 devorabam,
2013 1262 2176 1316 caedi-

595 1352 695 1406 bus
731 1361 986 1407 vacantes
1013 1391 1030 1416 ,
1078 1359 1134 1406 et
1162 1352 1455 1421 prophetas
1477 1351 1838 1419 occidentes;
1871 1368 2012 1408 ursae
2047 1354 2174 1408 item

593 1443 749 1513 prole
775 1445 987 1499 orbatae
1013 1443 1219 1500 similes
1249 1453 1398 1510 sunt,
1439 1445 1510 1500 ob
1537 1444 1767 1500 ﬁliorum
1804 1461 2026 1502 suorum
2061 1447 2179 1502 exi-

599 1537 734 1588 lium

668 1628 830 1684 Vsus.
859 1627 942 1682 l5.
981 1645 1002 1680 ι
1037 1627 1204 1698 lmpie
1247 1627 1478 1699 egimus.
1519 1638 1574 1685 et
1613 1630 1823 1684 mentiti
1871 1644 2090 1694 sumus,
2120 1639 2175 1685 et

590 1723 1002 1779 retrocessimus
1041 1737 1070 1776 a
1110 1723 1218 1777 Deo
1256 1731 1462 1778 nostro.
1497 1721 1682 1776 Loculi
1733 1737 1918 1777 sumus
1964 1722 2171 1791 iniqua,

2284 531 2558 604 δακρύειν,
2587 525 2661 585 ὧν
2694 531 2906 602 ἐξέχεαν
2947 533 3194 602 αἱμάτων
3217 532 3399 587 ἕνεκα.
3434 534 3585 587 Ἐπεὶ
3615 534 3672 588 δὲ
3701 535 3858 590 τοῦτο

2288 623 2384 693 μὲν
2408 623 2468 675 οὐ
2504 622 2946 694 προσποιοῦνται,
2983 623 3080 694 τὴν
3125 622 3180 676 δὲ
3228 624 3381 677 πόλιν
3429 625 3528 696 τὴν
3573 625 3855 699 αἰσθητὴν,

2282 715 2425 785 λέγω
2481 715 2546 786 δὴ
2596 715 2693 786 τὴν
2736 715 3110 787 Ἰερουσαλὴμ,
3158 717 3567 783 ἀποκλαίονται,
3616 719 3711 773 καὶ
3757 720 3857 791 τὴν

2285 810 2492 864 πτῶσιν
2540 811 2710 880 αὐτῆς
2748 808 3092 873 στενάζουσιν
3129 809 3371 878 ἀλόγως⁶
3415 810 3638 874 εἰκότως
3680 811 3856 882 ἀγρίῳ

2283 901 2457 974 θηρίῳ
2472 901 2912 972 παρεϐλήθησαν.
2933 901 3022 953 Διὸ
3037 901 3307 970 λέλεκται·
3336 921 3352 953 ι
3374 902 3486 954 Kal
3513 902 3856 969 στενάξουσιν

2279 996 2356 1060 ὡς
2377 996 2604 1068 ἄρκτος
2637 1015 2654 1046 ι
2689 995 2784 1049 καὶ
2827 997 2885 1049 ἐν
2927 993 3105 1058 ἄλλοις
3129 995 3185 1048 δέ
3211 996 3428 1067 εἴρηται
3448 1013 3462 1025 ·
3495 1015 3513 1047 ι
3552 997 3638 1060 Ὠς
3653 997 3852 1068 ἄρκτος

2280 1088 2672 1159 ἀτεκνουμένη.
2707 1109 2724 1140 ι
2751 1090 2986 1160 Ἀρκτος
3025 1089 3126 1160 μὲν
3155 1084 3247 1143 οῦν
3283 1087 3372 1142 διὰ
3409 1089 3471 1142 τὺ
3516 1089 3860 1162 ἀνθρωποϐό-

2281 1197 2373 1250 ρον
2395 1180 2489 1233 τοῦ
2529 1179 2692 1250 θηρὸς
2713 1180 3128 1252 ὠνομάσθησαν.
3168 1182 3319 1236 Ἐπεὶ
3345 1183 3439 1236 καὶ
3469 1183 3624 1236 αὐτοὶ
3649 1183 3858 1255 ἀνθρώ-

2282 1291 2414 1337 πους
2437 1273 2636 1343 ἔφαγον
2662 1275 3088 1344 μιαιφονοῦντες,
3121 1276 3216 1329 καὶ
3238 1276 3366 1340 τοὺς
3399 1277 3678 1348 προφήτας
3703 1277 3862 1330 ἀναι-

2284 1366 2506 1437 ροῦντες
2523 1383 2537 1397 °
2568 1367 2942 1440 ἀτεκνουμένῃ
2969 1367 3026 1422 δὲ
3054 1368 3240 1440 ἄρκτῳ
3266 1368 3737 1441 παρωμοιὼθησαν
3767 1368 3861 1423 διὰ

2276 1463 2375 1536 τὴν
2395 1462 2669 1516 ἀπώλειαν
2685 1462 2792 1515 τῶν
2820 1460 3025 1516 τέκνων
3052 1460 3252 1516 αὐτῶν.

2353 1661 2372 1692 ι
2396 1641 2596 1714 Ἠσεϐή
2604 1659 2669 1696 σα
2676 1660 2794 1713 μεν,
2811 1643 2905 1697 καὶ
2917 1641 3283 1713 ἐψευσάμεθα,
3298 1643 3393 1696 καὶ
3409 1643 3614 1713 ἀπέστη
3622 1659 3719 1713 μεν
3735 1657 3862 1697 om-

2281 1731 2406 1785 σθεν
2433 1731 2527 1784 τοῦ
2573 1731 2708 1786 Θεοῦ
2744 1731 2919 1804 ἡμῶν.
2963 1732 3332 1805 Ἐλαλήσαμεν
3359 1733 3540 1794 ἄδικα,
3573 1734 3663 1785 καὶ
3697 1734 3862 1802 ἠπει-

590 1825 648 1870 et
694 1815 1111 1885 inobsequentes
1166 1812 1386 1869 fuimus.
1436 1813 1793 1884 Concepimus
1833 1823 1888 1868 et
1934 1813 2166 1870 meditati

2278 1821 2541 1893 θήσαμεν.
2587 1822 2868 1894 Ἐκύομεν,
2920 1824 3015 1877 καὶ
3043 1822 3450 1896 ἐμελετήσαμεν
3496 1823 3604 1876 ἀπὸ
3631 1822 3860 1894 καρδίας

591 1921 781 1962 sumus
825 1907 891 1961 de
923 1906 1085 1959 corde
1117 1914 1307 1959 nostro
1335 1905 1500 1960 verba
1551 1905 1752 1975 iniqua.
1786 1923 1806 1958 ι
1843 1904 1968 1959 Hau:
1997 1913 2174 1960 autem

589 1999 849 2068 propheta
893 1997 1025 2050 dicit
1068 2010 1134 2051 ex
1187 2009 1416 2064 persona
1457 1994 1671 2064 populi,
1721 1996 1920 2049 docens
1960 2009 2088 2059 eos,
2119 2003 2176 2049 ut

589 2089 946 2144 confiteantur
978 2086 1089 2141 Deo
1133 2097 1382 2156 peccata,
1409 2095 1466 2140 et
1497 2100 1618 2140 sese
1657 2095 1912 2140 accusent
1940 2102 1955 2150 ;
1987 2095 2044 2138 ut
2092 2085 2176 2141 vel

589 2182 662 2234 ita
705 2181 894 2234 saltem
944 2179 1123 2232 animo
1172 2176 1518 2246 compuncti,
1560 2176 1788 2245 gradum
1835 2184 2091 2231 revocent
2119 2185 2175 2232 et

587 2279 970 2326 convertantur
1001 2267 1373 2337 paenitentiam
1409 2267 1620 2321 edocti.

663 2361 822 2416 Vens.
853 2360 1038 2414 14-20.
1073 2378 1092 2411 ι
1131 2359 1198 2414 Ει
1246 2359 1570 2414 abduximus
1621 2366 1768 2413 retro
1806 2357 2088 2427 judicium,
2119 2368 2172 2414 et

579 2456 790 2527 justitia
822 2454 977 2524 longe
1005 2451 1294 2508 discessit:
1325 2450 1581 2520 quoniam
1631 2459 1952 2520 consumpta
2003 2461 2085 2506 est
2115 2450 2168 2506 in

584 2547 688 2628 viis
712 2561 898 2600 eorum
924 2544 1147 2607 veritas,
1179 2552 1234 2598 et
1277 2557 1374 2612 per
1422 2551 1630 2596 rectum
1662 2542 1766 2596 iter
1805 2544 2039 2598 transire
2065 2557 2168 2597 non

583 2645 898 2709 potuerunt.
926 2636 995 2691 Et
1027 2636 1233 2690 veritas
1277 2633 1488 2689 sublata
1537 2645 1657 2696 est,
1689 2641 1744 2688 et
1776 2633 2172 2690 transtulerunt

583 2735 843 2789 mentem,
879 2736 940 2778 ut
982 2738 1089 2779 non
1117 2722 1501 2792 intelligerent.
1540 2721 1606 2776 Et
1644 2723 1781 2778 vidit
1811 2722 2092 2788 Dominus,
2117 2733 2172 2778 et

583 2833 693 2871 non
726 2815 925 2883 placuit
958 2814 1085 2884 ipsi,
1118 2813 1244 2883 quia
1285 2827 1392 2866 non
1431 2823 1549 2868 erat
1573 2812 1860 2881 judicium.
1898 2814 1966 2868 Et
2016 2816 2168 2879 vidit,

584 2917 640 2960 et
675 2921 779 2960 non
811 2915 930 2960 erat
963 2907 1084 2959 vir:
1110 2914 1164 2960 et
1195 2904 1587 2970 consideravit,
1613 2912 1794 2960 etnon
1815 2914 1934 2959 erat
1961 2908 2050 2976 qui
2073 2907 2168 2962 de-

585 2996 869 3049 fenderet:
899 3004 954 3048 et
979 2993 1124 3049 ultus
1152 3002 1236 3050 est
1260 3008 1354 3050 eos
1379 2993 1606 3048 brachio
1635 3008 1753 3058 suo,
1777 3003 1833 3050 et
1861 2995 2166 3053 misericor-

585 3087 670 3140 dia
711 3085 1074 3141 conﬁrmavit.
1113 3083 1182 3140 Et
1228 3083 1404 3139 induit
1429 3083 1696 3153 justitiam
1735 3086 1895 3155 quasi
1921 3085 2163 3155 loricam,

578 3188 640 3234 et
677 3175 1064 3248 circumposuit
1102 3176 1308 3247 galeam
1352 3175 1605 3232 salutaris
1643 3176 1696 3230 in
1728 3176 1935 3247 capite,
1965 3187 2019 3232 et
2062 3179 2171 3233 cir-

582 3271 860 3328 cumdedit
900 3283 960 3324 se
995 3268 1322 3322 vestimento
1351 3267 1573 3322 ultionis
1612 3283 1627 3320 :
1660 3277 1717 3323 et
1763 3268 1999 3324 amictus
2033 3269 2169 3337 ejus,

579 3358 837 3430 lauquam
866 3359 1231 3414 retributurus
1254 3357 1324 3413 sit
1355 3355 1790 3422 retributionem,
1817 3358 2170 3428 opprobrium

579 3451 932 3508 adversariis.
980 3449 1046 3504 Et
1091 3449 1362 3505 timebunt
1399 3446 1778 3504 Occidentales
1831 3464 2024 3504 nomen
2065 3450 2169 3505 Do-

584 3547 738 3612 mini,
769 3553 823 3600 et
851 3544 941 3615 qui
971 3551 1098 3599 sunt
1146 3543 1214 3598 ab
1247 3551 1370 3598 ortu
1411 3540 1578 3609 solis,
1619 3556 1817 3597 nomen
1852 3541 2168 3611 gloriosum.

586 3639 776 3693 Veniet
797 3638 966 3702 enim,
1003 3635 1161 3706 quasi
1187 3633 1386 3690 ﬂuvius
1418 3634 1687 3690 violentus
1716 3634 1795 3688 ira
1827 3649 1858 3687 a
1894 3634 2118 3690 Domino
2150 3661 2166 3699 ε

577 3731 761 3786 veniet
791 3745 912 3785 cum
962 3728 1166 3795 furore,
1201 3737 1254 3782 et
1288 3727 1469 3782 veniet
1501 3736 1722 3797 pr0pter
1751 3724 1881 3781 Sion
1912 3726 2002 3794 qui
2038 3725 2170 3781 libe-

577 3834 687 3888 rat,
716 3834 771 3878 et
799 3828 1012 3877 avertet
1060 3819 1367 3889 impietates
1401 3835 1430 3873 a
1478 3816 1666 3874 Jacob.
1703 3837 1722 3870 ι
1761 3816 1861 3872 llic
1896 3818 2025 3873 item
2072 3833 2169 3887 per

579 3917 712 3972 Sion
747 3917 831 3984 pia
880 3913 1070 3984 religio
1109 3913 1468 3982 signiﬁcatur,
1513 3927 1675 3980 quam
1717 3910 1949 3966 diversis
1993 3911 2166 3966 modis

577 4009 879 4064 Ecclesiam
919 4006 1012 4061 Dei
1068 4020 1192 4060 esse
1237 4004 1644 4074 comprobatum
1691 4013 1798 4058 est.
1852 4003 2017 4072 llujus
2063 4005 2165 4058 ita-

578 4117 684 4171 que
719 4101 814 4155 Dei
840 4097 1078 4154 civitatis
1106 4112 1272 4152 causa
1306 4105 1564 4152 venturus
1600 4093 1859 4150 liberator
1879 4111 1998 4151 esse
2027 4097 2163 4151 dici-

576 4204 688 4257 tur,
734 4193 824 4263 qui
863 4192 974 4265 jam
1019 4204 1186 4260 prope
1221 4197 1324 4245 est.
1369 4186 1438 4242 Et
1480 4186 1610 4256 quid
1665 4185 1826 4242 faciet
1863 4187 1886 4241 ?
1917 4187 2164 4244 Dimittet

577 4297 798 4358 peccata
832 4283 1221 4340 accedentibus
1244 4282 1314 4338 ad
1343 4297 1422 4337 se.

2278 1915 2434 1987 ἡμῶν
2471 1916 2664 1985 λόγους
2695 1916 2932 1979 ἀδίκους.
2956 1933 2974 1966 ι
3021 1915 3182 1984 Λέγει
3213 1915 3269 1968 δὲ
3296 1914 3470 1968 ταῦτα
3501 1917 3530 1966 6
3572 1915 3860 1985 προφήτης

2275 2009 2341 2060 ὲκ
2366 2007 2657 2079 προσώπου
2690 2007 2782 2061 τοῦ
2815 2005 2966 2073 λαοῦ,
3001 2007 3268 2061 διδάσκων
3294 2007 3492 2070 αὐτοὺς
3522 2005 3861 2076 ἐξομολογεῖ-

2277 2099 2398 2154 σθαι
2414 2100 2490 2172 τῷ
2513 2100 2630 2171 Θεῷ
2653 2100 2752 2163 τὰς
2771 2099 3042 2172 ἁμαρτίας
3057 2101 3150 2154 καὶ
3165 2101 3487 2172 κατηγορεῖν
3515 2099 3708 2162 αὐτοὺς
3728 2100 3860 2152 eau-

2273 2189 2404 2254 τῶν,
2422 2190 2508 2242 ἵνα
2522 2190 2624 2244 κᾶν
2645 2190 2836 2255 οὕτως,
2856 2190 3152 2262 πληγέντες
3173 2190 3268 2262 τὴν
3295 2190 3491 2262 ψυχὴν,
3521 2190 3857 2245 ἀνανεύσωσι

2273 2284 2365 2337 καὶ
2396 2283 2786 2354 ὲπιστρέψωσι,
2822 2286 3100 2355 μετανοεῖν
3117 2283 3474 2354 διδαχθέντες.

2348 2394 2367 2426 ι
2393 2375 2504 2428 Kal
2548 2376 2934 2446 ἀπεστήσαμεν
2979 2375 3154 2428 ὀπίσω
3195 2375 3291 2448 τὴν
3341 2377 3540 2448 κρίσιν,
3584 2380 3678 2433 καὶ
3706 2378 3741 2449 ὴ
3768 2377 3855 2432 δι-

2271 2463 2526 2534 καιοσύνη
2549 2463 2764 2535 μακρὰν
2795 2464 3100 2534 ἀφέστηκεν
3117 2481 3130 2493 ³
3157 2465 3238 2518 ὃτι
3265 2465 3614 2536 κατηναλώθη
3645 2468 3700 2518 ὲν
3728 2469 3856 2528 ταῖς
3965 2494 3974 2500 ·

2270 2553 2409 2616 ὁδοῖς
2435 2554 2613 2608 αὐτῶν
2652 2555 2685 2624 ἠ
2727 2553 2972 2623 ἀλήθεια,
2997 2553 3090 2606 καὶ
3127 2553 3194 2606 δι’
3222 2553 3436 2616 εὐθείας
3473 2556 3571 2608 οὐκ
3602 2555 3856 2610 ἐδύναντο

2267 2647 2514 2700 διελθεῖν.
2562 2648 2673 2701 Kal
2705 2649 2738 2718 η
2767 2647 2992 2719 ἀλήθεια
3019 2644 3206 2720 ἦρται,
3242 2648 3334 2702 καὶ
3380 2647 3710 2718 μετέστησαν
3751 2648 3856 2721 τὴν

2268 2734 2506 2788 διάνοιαν
2536 2735 2629 2788 τοῦ
2661 2735 2918 2792 συνιέναι.
2951 2738 3061 2791 Kal
3085 2735 3192 2790 εἶδε
3225 2736 3444 2808 Κύριος,
3474 2738 3568 2791 καὶ
3601 2737 3860 2810 οὒκ⁶ἧρεο

2270 2841 2363 2878 σεν
2394 2824 2562 2895 αὐτῷ,
2620 2826 2701 2878 ὅτι
2733 2826 2832 2880 οὐκ
2857 2822 2924 2898 ἦν
2951 2827 3150 2898 κρίσις.
3186 2828 3294 2880 Kal
3339 2821 3468 2891 εἶδε,
3513 2827 3610 2881 καὶ
3655 2828 3755 2881 οὐκ
3780 2823 3856 2900 ἦν

2269 2917 2410 2990 ἀνήρ
2433 2935 2446 2948 ο
2479 2920 2570 2971 καὶ
2592 2919 2905 2991 κατενόησε,
2936 2921 3028 2973 καὶ
3054 2921 3153 2972 οὐκ
3177 2915 3245 2990 ἦν
3275 2919 3693 2991 ἀντιληψόμενος
3711 2937 3726 2951 ⁸
3757 2923 3858 2976 καὶ

2268 3008 2514 3079 ἠμύνατο
2558 3010 2754 3074 αὐτοὺς
2791 3011 2870 3083 τῷ
2911 3009 3153 3083 βραχίονι
3185 3011 3370 3078 αὐτοῦ,
3405 3013 3500 3066 καὶ
3537 3015 3602 3082 τῇ
3629 3012 3857 3084 ἐλεημο-

2277 3097 2408 3170 σύνη
2435 3099 2773 3171 ἐστηρίσατο.
2823 3101 2934 3154 Kal
2967 3101 3248 3155 ἐνεδύσατο
3277 3100 3620 3174 δικαιοσύνην
3641 3103 3715 3168 ὡς
3746 3102 3854 3156 θὼς

2278 3207 2441 3261 ρακα,
2463 3191 2557 3243 καὶ
2576 3190 2856 3264 περιέθετο
2883 3191 3308 3263 περικεφαλαίαν
3331 3192 3598 3264 σωτηρίου
3628 3193 3721 3246 ἐπὶ
3749 3195 3857 3264 τῆς

2276 3282 2538 3351 κεφαλῆς,
2572 3285 2666 3338 καὶ
2718 3284 3068 3356 περιεϐάλετο
3100 3277 3311 3356 ἱμάτιον
3345 3285 3675 3357 ἐκδικήσεως
3695 3302 3711 3316 °
3753 3287 3858 3340 καὶ

2273 3371 2334 3425 τὸ
2365 3372 2706 3443 περιϐόλαιον
2729 3374 2915 3436 αὐτοῦ,
2950 3374 3026 3438 ὡς
3050 3371 3439 3427 ἀνταποδώσων
3467 3371 3852 3434 ἀνταπόδοσιν,

2271 3461 2468 3526 ὄνειδος
2499 3465 2608 3526 τοῖς
2629 3463 2979 3528 ὑπεναντίοις.
2996 3464 3106 3518 Καὶ
3131 3462 3525 3534 φοϐηθήσονται
3551 3462 3598 3514 οἱ
3620 3461 3854 3514 ἀπὺ-δυσ

2273 3554 2423 3625 σμῶν
2443 3553 2504 3607 τδ
2525 3554 2695 3626 ὄνομα
2722 3556 2948 3626 Κυρίου,
2983 3555 3076 3609 καὶ
3107 3555 3155 3608 οἱ
3179 3556 3276 3608 ἀπ’
3307 3553 3576 3607 ἀνατολῶν
3609 3552 3759 3624 ἡλίου
3785 3552 3856 3606 τὸ

2269 3645 2436 3716 ὄνομα
2461 3646 2523 3699 τὸ
2554 3645 2780 3710 ἔνδοξον.
2804 3645 2960 3712 ’Ἥξει
2982 3646 3092 3719 γὰρ
3123 3645 3198 3711 ὡς
3224 3645 3464 3716 ποταμὸς
3499 3645 3667 3716 βιαῖος
3695 3647 3732 3714 ἡ
3761 3644 3858 3713 όρ-

2269 3735 2338 3808 γὴ
2371 3736 2520 3809 παρά
2563 3737 2797 3807 Κυρίου’
2825 3736 2942 3808 ἥξει
2971 3737 3109 3808 μετά
3136 3737 3333 3809 θυμοῦ,
3365 3737 3458 3791 καὶ
3496 3735 3614 3807 ἥξει
3656 3736 3854 3789 ἕνεκεν

2269 3826 2404 3882 Σιὼν
2427 3831 2455 3882 6
2488 3829 2767 3900 ῥυόμενος,
2813 3831 2908 3883 καὶ
2941 3831 3275 3901 ἀποστρέψει
3309 3827 3561 3892 ἀσεϐείας
3587 3828 3694 3881 ἀπὸ
3735 3829 3851 3880 Ἰα-

2268 3918 2401 3973 κώϐ.
2429 3941 2448 3972 ι
2486 3920 2652 3974 Πάλιν
2681 3920 2736 3974 δὲ
2771 3922 2865 3974 καὶ
2904 3921 3135 3975 ἐνταῦθα
3165 3921 3227 3974 τὸ
3268 3920 3513 3982 θεοσεϐὲς
3542 3919 3854 3990 πολίτευμα,

2269 4009 2589 4080 σημαίνεται
2612 4011 2701 4064 διὰ
2738 4012 2835 4081 τῆς
2859 4009 3019 4074 Σιὼν,
3049 4012 3169 4082 ἥτις
3193 4011 3458 4082 διαφόρως
3490 4009 3853 4063 ἀπεδείκνυτο

2264 4096 2449 4172 οῦσαὴ
2489 4101 2781 4171 Ἐκκλησία
2819 4103 2912 4156 τοῦ
2949 4102 3102 4155 Θεοῦ.
3156 4101 3371 4172 Ταύτης
3403 4096 3494 4154 οῦν
3525 4099 3710 4153 ’ἐνεκεν
3743 4100 3855 4171 τῆς

2263 4191 2357 4245 τοῦ
2392 4193 2526 4246 Θεοῦ
2559 4194 2764 4257 πόλεως
2796 4193 2944 4265 ἥξειν
2989 4193 3206 4262 λέγεται
3257 4196 3284 4248 6
3315 4194 3573 4265 ῥυόμενος
3603 4195 3633 4245 6
3684 4193 3856 4262 ἀγχι-

2265 4283 2486 4339 στεύων.
2536 4285 2646 4336 Kal
2683 4285 2735 4337 τί
2787 4285 3033 4356 ποιήσει;
3083 4283 3432 4355 Συγχωρήσει
3480 4282 3577 4347 τὰς
3627 4282 3855 4348 ἀδικίας

2261 4379 2372 4440 τοῖς
2402 4376 2718 4447 προσιοῦσιν
2747 4376 2911 4447 αὐτῷ.

654 4464 818 4519 Vens.
845 4463 935 4518 2|.
966 4481 987 4516 ι
1026 4463 1093 4518 Ει
1139 4463 1242 4519 hoc
1264 4461 1395 4534 ipsis
1431 4460 1830 4518 Testamentum
1857 4477 1888 4516 a
1919 4477 2004 4517 me
2056 4471 2155 4528 est,

2339 4486 2356 4518 ι
2384 4469 2494 4522 Kal
2526 4466 2664 4538 αῦτη
2695 4469 2877 4532 αὐτοῖς
2913 4470 2946 4540 ἡ
2981 4469 3110 4540 παρ’
3131 4463 3264 4539 ἐμοῦ
3291 4467 3552 4540 Διαθήκη,
3578 4464 3698 4520 εἶπε
3729 4466 3854 4520 K5—

574 4557 717 4611 dixit
753 4556 1032 4610 Dominus.
1056 4554 1291 4624 Spiritus
1331 4569 1503 4622 meus,
1533 4555 1623 4625 qui
1649 4564 1732 4610 est
1759 4555 1810 4609 in
1855 4565 1907 4609 te
1927 4573 1940 4610 :
1960 4567 2013 4609 et
2043 4570 2160 4609 ver-

579 4648 670 4714 ba,
701 4661 820 4715 qua
855 4645 977 4700 dedi
1009 4645 1063 4699 in
1099 4659 1162 4699 os
1192 4653 1342 4698 tuum
1373 4662 1388 4699 :
1420 4655 1476 4700 et
1527 4661 1630 4699 non
1671 4645 1921 4701 deﬁcient
1955 4660 2022 4700 ex
2064 4659 2160 4701 ore

578 4749 692 4806 tuo,
719 4753 894 4808 neque
915 4753 983 4792 ex
1030 4752 1127 4793 ore
1175 4736 1401 4793 seminis
1423 4738 1521 4792 tui.
1551 4737 1700 4792 Dixit
1728 4739 1870 4793 enim
1901 4737 2159 4792 Dominus

581 4830 774 4884 amodo
812 4837 867 4884 et
917 4843 1090 4897 usque
1119 4829 1172 4883 in
1203 4829 1479 4883 saeculum.
1509 4848 1529 4882 ι
1565 4829 1663 4885 Hic
1713 4830 1891 4899 itaque
1925 4829 2158 4898 Spiritus

575 4921 981 4978 Testamentum
1009 4929 1128 4975 erat
1149 4936 1164 4973 :
1184 4921 1539 4996 quamobrem
1559 4922 1808 4977 Salvator
1826 4931 1877 4977 et
1899 4923 2155 4976 Dominus

579 5023 764 5068 noster
789 5012 944 5067 .lesus
969 5011 1218 5067 Christus
1260 5010 1539 5083 discipulis
1568 5015 1681 5070 suis
1712 5013 1970 5084 Spiritum
2009 5013 2155 5068 dedit

574 5105 800 5160 dicens:
833 5121 853 5154 ι
880 5103 1121 5172 Accipite
1161 5101 1422 5170 Spiritum
1450 5114 1697 5161 sanctum
1731 5122 1747 5170 ;
1777 5105 1825 5160 si
1851 5104 2148 5175 cujuspiam

576 5193 897 5250 remiseritis
931 5202 1174 5265 peccata,
1219 5197 1564 5250 remittemur
1597 5197 1646 5250 ei
1681 5198 1746 5244 ⁸⁸.
1783 5216 1800 5248 ι
1841 5195 1949 5250 [loc
1991 5197 2154 5264 igitur

577 5286 784 5342 Novum
835 5285 1238 5342 Testamentum
1271 5297 1376 5353 est,
1405 5297 1459 5342 et
1489 5299 1651 5358 caput
1685 5287 1948 5359 mysterii,
1975 5285 2149 5356 Spiri-

577 5389 663 5434 tus
692 5387 935 5432 sanctus.
960 5377 1026 5432 Et
1050 5379 1231 5441 verba,
1259 5395 1380 5451 quae
1416 5381 1537 5435 dedi
1570 5381 1622 5434 in
1646 5395 1708 5436 os
1747 5389 1918 5443 tuum,
1937 5387 1991 5432 et
2037 5395 2142 5433 non

570 5471 842 5528 deﬁcient.
885 5491 902 5524 ι
934 5471 1150 5530 Manent
1175 5475 1318 5530 enim
1341 5483 1404 5530 et
1433 5474 1486 5528 in
1521 5474 1772 5543 praesenti
1797 5483 1857 5528 et
1880 5473 1932 5526 in
1965 5471 2146 5528 futuro

567 5562 763 5620 saeculo
788 5564 903 5620 lucc
927 5565 1131 5632 omnia,
1149 5565 1447 5623 secundum
1484 5564 1789 5622 Servatoris
1829 5565 1998 5621 nostri
2027 5579 2145 5620 ver-

637 5735 677 5768 ιδ
707 5735 864 5794 Joan.
898 5756 989 5809 xx,
1019 5742 1109 5813 ea,
1141 5745 1230 5800 εδ.

2264 4575 2396 4628 ριος.
2432 4558 2505 4611 Τδ
2537 4557 2760 4628 Πνεῦμα
2780 4559 2841 4612 τὸ
2866 4559 3016 4630 ἐμὸν,
3045 4559 3074 4612 ὅ
3099 4560 3243 4612 ἐστιν
3271 4558 3362 4611 ἐπὶ
3391 4559 3492 4620 σοὶ,
3528 4557 3620 4610 καὶ⁴
3647 4557 3714 4610 τὰ
3747 4560 3818 4629 pq
3838 4588 3857 4599 -

2263 4667 2406 4720 ματα
2438 4650 2475 4703 ἃ.
2512 4649 2686 4703 ἔδωκα
2733 4653 2812 4714 εἰς
2843 4650 2904 4703 τὸ
2934 4649 3106 4720 στόμα
3140 4667 3233 4702 σου
3253 4666 3267 4681 ο
3314 4647 3408 4703 καὶ
3434 4649 3494 4702 οὐ
3531 4648 3603 4719 μὴ
3637 4648 3856 4721 ἐκλίπῃ

2258 4741 2322 4794 ἐκ
2345 4741 2439 4794 τοῦ
2473 4742 2736 4812 στόματός
2765 4758 2879 4805 σου,
2915 4743 3009 4795 καὶ
3045 4744 3109 4796 ἐκ
3136 4741 3228 4795 τοῦ
3255 4741 3519 4811 στόματος
3544 4738 3634 4793 τοῦ
3669 4739 3820 4807 σπέρ
3846 4776 3856 4781 -

2261 4832 2430 4899 ματός
2456 4847 2570 4884 σου.
2607 4827 2742 4884 Εἷπε
2778 4831 2887 4902 γὰρ
2920 4831 3122 4903 Κύριος
3145 4831 3251 4884 ἀπὸ
3274 4830 3365 4884 τοῦ
3391 4830 3483 4883 νῦν
3517 4829 3608 4882 καὶ
3641 4830 3722 4892 είς
3746 4829 3853 4882 τὸν

2257 4923 2447 4978 αἰῶνα.
2473 4943 2492 4975 ι
2527 4923 2694 4976 Τοῦτο
2721 4924 2849 4992 γοῦν
2876 4924 2935 4977 τὸ
2968 4923 3189 4995 Πνεῦμα
3209 4926 3242 4994 ἠ
3274 4923 3513 4994 Διαθήκη
3540 4920 3806 4991 ἐτύγχανε

2253 5014 2439 5086 διόπερ
2459 5015 2486 5067 6
2515 5015 2703 5087 Σωτὴρ
2749 5017 2842 5068 καὶ
2873 5015 3076 5088 Κύριος
3100 5018 3132 5086 ἡ
3143 5015 3258 5086 μῶν
3302 5014 3508 5087 Ἰησοῦς
3544 5014 3572 5065 6
3597 5013 3852 5086 Χριστὸς

2253 5108 2363 5167 τοῖς
2391 5105 2582 5158 ἐαυτοῦ
2611 5107 2880 5177 μαθηταῖς
2909 5106 3074 5159 ἐδίδου
3100 5107 3160 5160 τὸ
3186 5105 3408 5177 Πνεῦμα
3439 5104 3638 5173 λέγων·
3677 5121 3697 5154 ι
3721 5103 3829 5159 Δάν

2251 5195 2375 5249 ϐετε
2424 5196 2649 5268 Πνεῦμα
2678 5198 2851 5266 ἅγιον,
2885 5198 2979 5252 ἐὰν
3007 5215 3150 5261 τινος
3177 5198 3350 5268 ἀφῆτε
3385 5194 3484 5258 τὰς
3529 5193 3844 5266 ἁμαρτίας,

2249 5287 2496 5358 ἀφίενται
2527 5288 2696 5359 αὐτῷ.
2716 5308 2740 5342 ο
2775 5288 2922 5361 Αὕτη
2956 5289 3134 5342 τοίνυν
3171 5291 3204 5359 ἡ
3238 5287 3414 5356 Καινὴ
3442 5284 3708 5356 Διαθήκη,
3736 5286 3848 5339 καὶ

2250 5381 2309 5434 τὸ
2365 5381 2658 5450 κεφάλαιον
2688 5381 2781 5435 τοῦ
2815 5381 3134 5453 μυστηρίου,
3170 5381 3230 5434 τὸ
3277 5378 3503 5450 Πνεῦμα
3549 5375 3610 5429 τὸ
3648 5375 3841 5444 ἅγιον.

2256 5490 2274 5522 ι
2303 5473 2411 5525 Kal
2436 5472 2503 5526 τὰ
2537 5474 2758 5544 ῥήματα
2788 5472 2824 5526 ἀ
2855 5473 3029 5526 ἔδωκα
3069 5473 3150 5535 εἰς
3183 5471 3244 5524 τὸ
3271 5467 3364 5535 οὖς
3399 5487 3514 5542 σου,
3542 5471 3634 5524 καὶ
3657 5468 3722 5522 οὐ
3755 5468 3842 5540 μὴ

2249 5563 2465 5636 ἐκλίπῃ.
2494 5585 2512 5614 ι
2563 5564 2730 5619 Μένει
2759 5563 2867 5636 γὰρ
2892 5564 2985 5617 καὶ
3016 5565 3095 5626 είς
3123 5562 3213 5616 τὸν
3247 5563 3489 5635 παρόντα
3522 5561 3696 5616 αίῶνα
3731 5560 3845 5616 καὶ
