4130 6400
319 406 420 462 889

1286 391 1791 450 εοιιΜΕΝτΑιιιΑ
1830 393 1898 447 lN
1939 394 2191 449 ISAIAM.
2233 426 2303 435 -
2341 396 2494 452 CAP.
2537 395 2650 452 LX.

3470 392 3577 451 $90

317 527 393 588 εἶς
417 521 507 576 τὴν
537 512 793 593 μέλλοντα
839 518 1011 573 ταῦτα
1046 516 1240 581 πάντα,
1286 514 1425 568 κατὰ
1469 514 1536 568 τὰ
1561 515 1812 587 ῥήματα,
1852 513 1889 567 ἃ.

2007 530 2056 569 J3
2094 517 2145 568 in
2172 514 2475 586 Evangeliis
2516 516 2709 571 tradita
2766 515 2837 571 ab
2879 512 3001 584 ipso
3024 512 3307 569 Salvatore
3340 510 3575 578 dicente,

317 610 548 679 ἐδίδαξεν
576 611 737 675 αὐτὸς
779 613 808 665 ὁ
840 609 1032 681 Σωτὴρ
1076 609 1133 661 ἐν
1157 605 1508 676 Εὑαγγελίοις
1553 605 1722 659 είπών
1742 622 1755 637 ·
1793 622 1813 656 t
1835 605 1892 657 ’0

315 704 538 774 ούρανδς
583 705 678 757 καὶ
711 704 745 775 ή
786 701 860 773 γῆ
893 699 1304 773 παρελεύσεται,
1346 698 1393 750 οἱ
1422 696 1478 749 δὲ
1512 696 1657 764 λόγοι
1702 713 1801 767 μου
1830 696 1891 748 ού

320 795 394 868 μὴ
417 794 773 867 παρέλθωσιν.
805 812 824 845 ι

845 922 1242 979 ΚΕΦΑΛΑῘΟΝ
1278 919 1351 975 Ξί.

387 1036 406 1068 ι
426 1014 687 1081 Φωτίζου,
716 1013 971 1085 φωτίζου,
1009 1010 1395 1083 Ἱερουσαλήμ’
1433 1012 1557 1083 τήκει
1579 1011 1687 1082 γάρ
1711 1027 1803 1064 σου
1834 1010 1894 1063 τὸ

310 1108 447 1177 φῶς,
474 1108 569 1162 καὶ
593 1109 624 1178 ἠ
648 1107 775 1172 δόξα
807 1106 1012 1180 Κυρίου
1043 1106 1137 1159 ἐπὶ
1164 1105 1225 1158 σὲ
1269 1103 1651 1158 ἀνατέταλκεν.
1678 1123 1696 1155 ι
1744 1102 1893 1155 Ἐπεὶ

306 1200 484 1253 τοίνυν
514 1201 543 1253 ό
570 1199 809 1271 Χριστὸς
842 1199 1005 1262 αὐτὸς
1028 1193 1095 1268 ἦν
1128 1198 1189 1251 τὸ
1220 1196 1338 1267 φῶς
1361 1196 1456 1249 καὶ
1487 1198 1523 1267 ἡ
1547 1194 1773 1266 ἀλήθεια
1804 1195 1897 1247 καὶ

306 1293 501 1365 ή.ζωὴ,
531 1291 622 1347 καὶ
657 1291 773 1362 φῶς
789 1294 900 1357 τοῖς
930 1291 1009 1355 εἰς
1028 1289 1119 1343 τὸν
1146 1288 1348 1359 κόσμον
1369 1305 1382 1317 °
1415 1286 1637 1349 εἰκότως
1650 1287 1750 1356 τῆς
1778 1283 1897 1339 τού-

308 1401 401 1453 του
455 1384 759 1457 παρουσίας
814 1383 1111 1438 ἀπολαύειν
1167 1384 1196 1435 ὁ
1231 1381 1386 1450 λόγος
1430 1383 1498 1451 τῇ
1544 1377 1899 1449 Ἰερουσαλὴμ

310 1476 653 1550 προσεφώνει
707 1475 881 1546 λέγων
906 1493 920 1506 ·
974 1494 992 1525 t
1021 1474 1281 1540 Φωτίζου,
1330 1471 1585 1542 φωτίζου,
1622 1471 1890 1542 Ἰερουσα-

307 1568 453 1641 λήμ’
484 1570 610 1639 ἥκει
642 1568 750 1639 γάρ
775 1585 867 1621 σου
893 1567 953 1621 τὸ
989 1565 1119 1637 φῶς.
1151 1585 1169 1618 ι
1229 1564 1411 1635 Αὐτῆς
1440 1563 1497 1617 δὲ
1521 1559 1659 1618 εἶναι
1694 1563 1893 1633 φάσκει

308 1662 369 1715 τὸ
391 1663 528 1732 φῶς,
554 1662 645 1717 διὰ
663 1663 724 1716 τὸ
747 1663 883 1733 αύτῇ
906 1661 1004 1725 τὰς
1030 1658 1158 1732 περὶ
1180 1657 1272 1712 τοῦ
1301 1657 1540 1730 Χριστοῦ
1568 1657 1897 1727 ἐπαγγελίας

311 1751 418 1804 ὑπὸ
445 1751 554 1807 τῶν
584 1750 880 1824 προφητῶν
903 1749 1255 1821 κεκηρύχθαι.
1292 1748 1354 1804 El
1380 1748 1479 1819 μὲν
1499 1745 1594 1803 οὖν
1616 1749 1898 1803 πεισθεῖσα

1999 626 2018 659 ι
2039 605 2246 661 Caelum
2289 616 2344 661 et
2382 617 2527 663 terra
2560 608 2885 671 transibunt,
2921 604 3085 662 verba
3115 614 3296 660 autem
3324 617 3441 659 mea
3468 617 3578 659 non

2004 700 2306 755 transibunt
2334 699 2397 754 ⁸⁸.
2422 719 2441 751 ι

2595 920 2821 977 CAPUT
2866 918 2977 975 LX.

2066 1014 2229 1072 Vens.
2250 1017 2298 1070 l.
2338 1034 2355 1067 ι
2377 1014 2708 1083 llluminare,
2731 1014 3059 1078 illuminare,
3078 1011 3403 1076 Jerusalem,
3433 1010 3583 1066 venit

1995 1112 2137 1164 enim
2183 1111 2360 1163 lumen
2411 1120 2580 1175 tuum,
2610 1118 2664 1163 et
2704 1108 2875 1177 gloria
2910 1105 3124 1159 Domini
3168 1119 3332 1174 super
3380 1113 3432 1159 te
3463 1112 3582 1158 orta

1995 1213 2102 1257 est.
2132 1221 2151 1253 ›
2191 1201 2456 1269 Quoniam
2485 1214 2615 1272 ergo
2643 1200 2757 1271 ipse
2787 1200 3041 1255 Christus
3073 1206 3192 1254 eral.
3233 1198 3321 1252 lux
3347 1208 3403 1253 et
3442 1194 3588 1251 veri-

2000 1305 2079 1352 tas
2107 1306 2162 1350 et
2197 1296 2325 1362 vita,
2376 1294 2464 1349 lux
2494 1295 2702 1349 scilicet
2738 1295 2808 1348 iis
2828 1293 2919 1364 qui
2959 1293 3010 1346 in
3044 1292 3243 1346 mundo
3274 1300 3422 1351 sunt,
3465 1288 3587 1358 ejus

1997 1388 2280 1458 praesentia
2312 1386 2594 1441 fruiturum
2622 1385 2923 1441 Jerusalem
2958 1385 3155 1439 merito
3183 1383 3586 1454 prtcnuntiahat

2001 1482 2085 1535 his
2116 1481 2314 1545 verbis,
2348 1499 2365 1532 ι
2399 1478 2707 1534 llluminare
2727 1518 2742 1544 ,
2779 1478 3108 1542 illuminare,
3133 1476 3460 1542 Jerusalem,
3491 1491 3584 1531 ve-

1998 1575 2077 1626 nit
2107 1574 2256 1627 enim
2290 1572 2380 1626 lux
2406 1584 2517 1626 tua.
2558 1590 2575 1622 ι
2611 1570 2740 1642 Ejus
2771 1582 2951 1627 autem
2980 1586 3099 1627 esse
3125 1570 3299 1626 lucem
3334 1570 3431 1635 ait,
3457 1570 3585 1640 quia

2005 1665 2107 1734 ipsi
2152 1665 2359 1719 venturi
2385 1663 2586 1719 Christi
2618 1663 3041 1735 pollicitationes
3078 1679 3107 1718 a
3142 1663 3423 1733 prophetis
3452 1679 3585 1734 prte-

2000 1756 2192 1810 dicatte
2217 1764 2360 1809 sunt.
2391 1753 2445 1807 Si
2478 1754 2640 1824 igitur
2670 1765 2939 1822 praecepto
2974 1756 3263 1825 morigera,
3297 1753 3433 1807 lucis
3457 1766 3585 1807 con-

310 1844 389 1917 τῷ
420 1844 861 1917 παραγγέλματι,
904 1842 996 1898 τοῦ
1038 1842 1217 1913 φωτὸς
1265 1841 1599 1914 μετειλήφει,
1633 1842 1724 1896 τὸν
1761 1844 1898 1913 Χρι-

2007 1862 2120 1901 sors
2151 1847 2358 1913 fuisset,
2396 1844 2666 1900 Christum
2695 1844 2788 1900 Dei
2819 1847 3185 1914 suscipiendo,
3222 1860 3394 1917 usque
3436 1846 3489 1899 in
3519 1845 3596 1899 li-.

313 1936 438 1991 στὸν
459 1935 555 1990 τοῦ
588 1935 722 1989 Θεοῦ
758 1934 1198 2008 παραδεξαμένη,
1232 1932 1497 2004 διέμεινεν
1526 1933 1592 1987 ἂν
1617 1934 1675 1987 ὲν
1705 1934 1900 2006 εἰρήνῃ

2007 1958 2125 1998 nem
2149 1942 2335 2009 utique
2359 1942 2411 1994 in
2434 1954 2566 2012 pace
2592 1940 2901 1996 mansisset.
2925 1938 3136 1994 Etenim
3158 1953 3285 1994 ecce
3303 1937 3417 2007 jam
3442 1937 3592 1993 venit

312 2029 480 2103 μέχρι
510 2030 716 2094 τέλους.
770 2028 844 2082 Τοὸ
877 2028 988 2099 γὰρ
1027 2026 1197 2081 πάλαι
1237 2043 1319 2080 σοι
1351 2026 1440 2081 διὰ
1470 2025 1579 2079 τῶν
1604 2027 1900 2098 προφητῶν

308 2121 754 2191 κατηγγελμένον
778 2119 894 2189 φῶς
927 2119 1036 2173 ἰδοὺ
1069 2117 1165 2172 νῦν
1197 2117 1441 2191 ἐλήλυθε.
1478 2117 1569 2170 Διὸ
1604 2117 1680 2189 μὴ
1719 2116 1900 2188 μέλλε,

310 2213 551 2283 φωτίζου
582 2213 660 2280 δὲ,
693 2211 951 2282 φωτίζου,
988 2212 1082 2266 καὶ
1112 2210 1456 2283 τῆςοχάριτος
1487 2209 1899 2281 μεταλάμϐανε’

310 2302 428 2357 ἐστι
470 2304 583 2375 γάρ
608 2319 690 2356 σοι
722 2300 1054 2372 φωτισθείσῃ
1084 2300 1209 2354 τάδε
1242 2302 1337 2355 καὶ
1362 2299 1510 2354 τάδε.

391 2414 409 2447 ι
445 2394 578 2449 Ἰδοὺ
614 2394 803 2457 σκότος
846 2390 1076 2461 καλύψει
1130 2392 1233 2463 γῆν
1266 2391 1361 2447 καλ⁵
1397 2393 1589 2461 γνόφος
1636 2393 1723 2446 ἐπ’
1750 2391 1902 2464 ἔθνη.

321 2487 450 2540 Ἐπὶ
483 2486 542 2539 δὲ
577 2485 636 2539 σὲ
668 2486 967 2557 φανήσεται
1006 2482 1228 2555 Κύριος,
1262 2484 1360 2538 ml.
1395 2487 1429 2556 ἡ
1460 2484 1586 2552 δόξα
1618 2483 1783 2538 αὐτοῦ
1814 2486 1906 2537 ἐπὶ

312 2577 376 2630 σὲ
404 2576 725 2647 ὀφθήσεται.
757 2596 776 2629 ι
821 2578 909 2642 Ὠς
944 2576 1086 2632 κατὰ
1107 2577 1207 2648 τὴν
1237 2575 1460 2648 πρώτην
1489 2578 1787 2648 παρουσίαν
1811 2577 1904 2631 τοῦ

309 2668 571 2740 Σωτῆρος
602 2667 760 2740 ήμῶν
788 2668 1049 2723 δύνασθαι
1079 2666 1253 2723 ταῦτα
1282 2667 1621 2739 πληροῦσθαι
1652 2686 1665 2699 ·
1700 2669 1762 2722 ού
1798 2670 1906 2742 μὴν

308 2757 454 2814 ἀλλὰ
505 2762 597 2816 καὶ
630 2760 772 2815 κατὰ
803 2762 904 2833 τὴν
931 2760 1188 2830 δευτέραν
1231 2760 1326 2815 καὶ
1350 2760 1557 2828 ἔνδοξον
1583 2761 1747 2816 αύτοῦ
1785 2762 1905 2816 θεο-

306 2853 544 2926 φάνειαν
569 2853 756 2918 τέλους
779 2853 920 2907 αὐτὰ
946 2852 1252 2918 τεύξεσθαι.

324 2994 329 3005 ,
386 2945 545 3001 «Καὶ
579 2944 935 3021 πορεύσονται
975 2943 1212 3015 βασιλεῖς
1254 2946 1311 2999 ὲν
1353 2944 1430 3016 τῷ
1470 2946 1610 3015 φωτί
1657 2962 1773 3010 σου,
1813 2946 1907 3000 καὶ

306 3038 447 3108 ἔθνη
471 3040 537 3109 τῇ
565 3036 910 3109 λαμπρότητι
944 3054 1061 3092 σου.
1086 3056 1104 3085 ι
1141 3037 1218 3090 Ού
1239 3036 1348 3109 γὰρ
1370 3038 1461 3090 ἐπὶ
1485 3037 1692 3100 πάντας
1722 3039 1909 3091 ἀνατε-

307 3129 452 3193 λεῖς,
489 3129 603 3183 ἀλλ’
641 3129 735 3181 ἐπὶ
770 3128 961 3199 μόνους
987 3129 1115 3192 τοὺς
1153 3127 1358 3193 ἀξίους.
1386 3128 1526 3192 Τοὺς
1555 3128 1664 3202 γάρ
1691 3127 1768 3200 μὴ
1798 3146 1908 3182 τοι-

2002 2034 2095 2089 lux
2143 2034 2256 2097 illa,
2282 2033 2412 2087 olim
2454 2032 2549 2086 tibi
2591 2048 2689 2103 per
2720 2031 3013 2101 prophetas
3039 2030 3373 2085 aunuutiata.
3409 2028 3589 2096 Quare

2003 2142 2071 2182 ne
2099 2125 2392 2190 cuuctcris,
2437 2126 2532 2182 sed
2578 2124 2904 2191 illuminare,
2937 2123 3283 2189 illuminare,
3314 2131 3368 2201 et
3398 2121 3590 2192 gratim

2006 2221 2275 2291 particeps
2299 2227 2453 2286 esto;
2479 2218 2571 2274 tibi
2603 2218 2748 2273 enim
2787 2216 3106 2273 illaminatm
3140 2217 3256 2272 haec
3282 2224 3337 2271 et
3374 2215 3464 2270 illa
3493 2214 3588 2270 ad-

2004 2317 2186 2364 erunt.

2075 2399 2245 2455 Vsus.
2275 2398 2332 2453 2.
2369 2418 2387 2450 ι
2422 2398 2560 2454 Ecce
2596 2400 2831 2454 tenebrae
2874 2396 3123 2468 operient
3154 2406 3378 2463 terram,
3407 2405 3463 2451 et
3496 2411 3589 2451 ca-

2007 2493 2117 2562 ligo
2152 2505 2315 2560 super
2347 2498 2560 2562 gentes.
2595 2489 2771 2560 Super
2795 2498 2848 2544 te
2881 2498 3059 2542 autem
3091 2489 3372 2557 apparebit
3406 2486 3588 2541 Domi-

2007 2596 2130 2646 nus,
2165 2589 2220 2633 et
2267 2579 2434 2651 gloria
2467 2577 2585 2646 ejus
2624 2580 2676 2633 in
2711 2588 2762 2633 te
2809 2578 3100 2633 videbitur.
3136 2594 3155 2630 ι
3195 2577 3328 2645 Quae
3368 2591 3502 2630 sane
3533 2576 3587 2629 in

2006 2673 2182 2744 primo
2214 2671 2509 2727 Salvatoris
2525 2671 2756 2725 adventu
2782 2670 3042 2726 accidisse
3063 2677 3318 2738 possunt;
3335 2683 3402 2722 ac
3423 2667 3587 2723 etiam

2007 2766 2060 2820 in
2092 2765 2330 2821 secunda
2371 2774 2426 2819 et
2458 2764 2691 2833 gloriosa
2728 2761 3016 2832 divinaque
3043 2761 3160 2832 ejus
3199 2763 3485 2830 praesentia
3526 2759 3590 2814 ti-

2008 2873 2131 2911 nem
2166 2855 2428 2925 consequi
2460 2853 2736 2909 valebunt.

2078 2946 2245 3002 Vens.
2278 2948 2328 3001 5.
2356 2965 2375 2999 ι
2397 2946 2461 3001 Et
2485 2944 2835 3001 ambulabunt
2871 2959 3025 3014 rcges
3055 2944 3108 2998 in
3134 2943 3340 2998 lumine
3381 2952 3495 3006 tuo,
3535 2953 3591 2997 et

2007 3049 2195 3110 gentes
2211 3041 2261 3093 in
2276 3037 2567 3106 splendore
2580 3045 2690 3092 tuo.
2707 3034 2847 3091 »Νοιι
2865 3035 3118 3092 omnibus
3130 3037 3296 3101 enim,
3308 3036 3402 3092 sed
3414 3036 3590 3106 dignis

2010 3138 2215 3183 tantum
2265 3127 2479 3184 orieris.
2516 3125 2770 3197 Indignas
2801 3128 2999 3198 quippe
3034 3129 3268 3185 tenebrae
3290 3129 3591 3184 exteriores

308 3220 515 3284 ούτους
540 3218 857 3291 διαλήψεται
882 3219 944 3273 τὸ
976 3217 1239 3291 ἐξώτερον
1272 3218 1462 3284 σκότος
1489 3219 1585 3274 καὶ
1623 3220 1686 3273 τὸ
1714 3220 1826 3292 πῦρ
1846 3221 1903 3274 τὸ

2010 3233 2065 3279 et
2089 3222 2229 3292 ignis
2257 3232 2497 3277 :eternus
2545 3220 2839 3291 excipient,
2872 3235 3081 3277 necnon
3110 3221 3216 3276 alia
3251 3222 3433 3277 omnia
3471 3235 3590 3292 quae

307 3312 559 3379 αἰώνιον,
587 3312 681 3368 καὶ
699 3314 799 3367 ὅσα
820 3311 954 3366 ἄλλα
976 3314 1087 3376 τοῖς
1118 3310 1369 3367 ἀσεϐέσιν
1399 3312 1708 3386 ὴπείληται.
1736 3316 1825 3368 Δεῖ
1849 3314 1907 3367 δὲ

308 3404 585 3477 πρότερον
624 3404 801 3473 φωτὸς
838 3404 933 3458 καὶ
980 3403 1245 3475 ἀνατολῆς
1273 3407 1387 3469 τοῖς
1430 3404 1713 3477 μέλλουσιν
1741 3407 1906 3461 αὐτοῦ

305 3497 546 3566 ὕψεσθαι
577 3498 676 3569 τὴν
702 3496 859 3562 δόξαν
878 3514 892 3527 ·
928 3498 1099 3561 ὅπως,
1126 3497 1185 3549 ὲν
1206 3496 1391 3569 ἡμέρᾳ
1415 3497 1596 3552 θεῖκοῦ
1624 3498 1801 3569 φωτὸς
1823 3516 1911 3569 γε·

306 3590 557 3661 νόμενοι,
613 3588 809 3662 θεωροὶ
832 3589 932 3660 τῆς
973 3587 1131 3659 δόξης
1151 3587 1247 3642 τοῦ
1284 3588 1606 3660 μονογενοῦς
1646 3588 1777 3644 Υίοῦ
1810 3589 1907 3645 τοῦ

304 3682 456 3735 Θεοῦ
491 3680 856 3736 καταστῶσιν.

318 3818 321 3819 ν
392 3769 597 3843 ιτΑρον
619 3772 804 3843 κύκλῳ
831 3774 958 3837 τοὺς
985 3772 1298 3844 ὀφθαλμούς
1330 3788 1445 3837 σου,
1477 3774 1572 3827 καὶ
1603 3773 1681 3827 ίδε
1710 3790 1908 3847 συνηγ-

311 3864 463 3937 μένα
488 3864 557 3917 τά
581 3864 745 3919 τέκνα
775 3881 887 3919 σου.
920 3883 940 3916 ι
977 3865 1067 3918 Διὸ
1094 3864 1295 3929 πάντες
1332 3866 1382 3917 oi
1411 3862 1470 3929 ἐξ
1501 3863 1671 3918 ἐθνῶν
1702 3866 1782 3930 είς
1812 3866 1908 3919 τὸν

306 3954 459 4010 Θεὸν
484 3954 573 4008 διὰ
614 3954 704 4007 τοῦ
736 3954 980 4026 Χριστοῦ
1017 3954 1446 4020 πεπιστευκότες
1484 3955 1812 4025 ἐπαγγελίαν
1830 3959 1909 4010 εί-

309 4046 558 4116 λήφασιν
605 4045 979 4102 ἀναπαύεσθαι
1014 4049 1095 4111 είς
1132 4047 1366 4111 κόλπους
1409 4046 1659 4119 Ἀϐραὰμ
1708 4049 1804 4102 καὶ
1837 4050 1907 4102 Ἰ-

312 4135 470 4190 σαὰκ
496 4136 591 4191 καὶ
628 4135 839 4203 Ἰακὼϐ,
872 4136 1031 4191 τοῦτο
1056 4136 1151 4192 τοῦ
1185 4137 1436 4209 Σωτῆρος
1469 4136 1635 4191 αὐτοῦ
1667 4136 1910 4203 διδάξειν·

310 4245 434 4293 τος.
466 4228 575 4282 Καὶ
595 4229 655 4283 ὲν
676 4227 883 4301 ἑτέροις
910 4228 969 4282 δὲ
999 4228 1239 4283 πλείοσιν
1266 4230 1299 4300 ή
1325 4227 1385 4295 ἐξ
1407 4227 1576 4283 ἐθνῶν
1615 4227 1910 4300 Ἐκκλησία

315 4319 569 4393 θυγάτηρ
618 4320 981 4393 ἀνηγόρευται
1019 4319 1158 4376 Σιὼν
1203 4320 1297 4376 καὶ
1344 4320 1590 4393 θυγάτηρ
1640 4321 1910 4393 Ἰερουσα-

314 4411 455 4483 λήμ.
479 4413 717 4467 «Ἤκασι
748 4412 947 4477 πάντες
968 4414 1018 4466 oi
1048 4414 1155 4467 υἱοί
1180 4430 1274 4468 σου
1308 4412 1600 4485 μακρόθεν,
1616 4413 1713 4468 καὶ
1728 4414 1785 4466 αἱ
1811 4412 1907 4466 θυ-

317 4503 555 4574 γατέρες
578 4519 670 4556 σου
701 4504 789 4557 ἐπ’
822 4503 989 4575 ὤμων
1016 4504 1362 4575 άρθήσονται.
1391 4524 1411 4557 ι
1435 4500 1617 4576 Ἦμεν
1642 4504 1749 4576 γάρ
1776 4504 1909 4576 πόρ-

2009 3314 2191 3383 impiis
2225 3313 2585 3368 comminatus
2609 3311 2868 3368 Dominus
2899 3319 3002 3367 est.
3045 3311 3179 3367 Nam
3222 3313 3316 3383 qui
3362 3314 3590 3384 gloriam

2008 3405 2125 3474 ejus
2158 3407 2322 3461 visuri
2353 3413 2502 3472 sunt,
2538 3406 2656 3461 luce
2681 3405 2914 3476 primum
2942 3413 2997 3460 et
3020 3413 3142 3460 ortu
3168 3404 3284 3475 ejus
3321 3420 3460 3475 Opus
3489 3404 3592 3461 ha-

2007 3499 2170 3567 bent,
2199 3508 2257 3554 ut
2306 3498 2359 3552 in
2393 3497 2481 3554 die
2532 3497 2727 3552 divina:
2770 3495 2927 3562 lucis,
2954 3497 3139 3568 gloria
3169 3497 3432 3568 unigeniti
3465 3496 3590 3554 Filii

2007 3592 2102 3650 Dei
2127 3591 2496 3662 speculatores
2526 3602 2648 3645 esse
2679 3588 2916 3645 valeant.

2080 3773 2245 3829 Vens.
2277 3773 2332 3827 4.
2371 3790 2392 3825 ι
2442 3771 2584 3826 Leva
2624 3771 2677 3824 in
2714 3769 2947 3827 circuitu
2975 3769 3164 3825 oculos
3189 3778 3331 3833 tuos,
3366 3777 3421 3828 et
3469 3769 3592 3826 vide

2008 3876 2365 3938 congregatos
2405 3865 2545 3921 ﬁlios
2584 3872 2725 3918 tuos.
2765 3881 2785 3915 ι
2828 3861 3192 3930 Quamobrem
3227 3870 3494 3931 quotquot
3522 3877 3591 3918 ex

2009 3960 2259 4032 gentibus
2282 3956 2486 4014 Christi
2505 3970 2672 4027 opera
2698 3956 2753 4011 in
2780 3955 2948 4010 Deum
2971 3954 3339 4019 crediderunt,
3361 3954 3591 4024 promis-

2008 4052 2217 4107 sionem
2270 4063 2550 4121 accepere,
2589 4047 2819 4119 quodin
2868 4046 2990 4104 sinu
3035 4047 3290 4115 Abrahae,
3325 4047 3491 4102 lsaaci
3535 4057 3592 4104 et

2006 4142 2194 4199 Jacobi
2215 4142 2458 4212 requiem
2500 4140 2738 4197 habituri
2775 4139 2884 4195 sint
2914 4154 2930 4194 :
2956 4140 3010 4195 id
3030 4140 3151 4210 ipso
3175 4140 3467 4196 Servatore
3494 4138 3595 4197 do-

2010 4246 2185 4291 cente.
2214 4234 2349 4290 Aliis
2378 4234 2508 4289 item
2558 4234 2611 4289 in
2642 4233 2776 4289 locis
2818 4233 3063 4290 Ecclesia
3106 4249 3172 4289 ex
3205 4234 3454 4305 gentibus
3480 4220 3591 4287 ﬁlia

2010 4326 2141 4383 Sion
2170 4337 2225 4384 et
2255 4327 2363 4382 ﬁlia
2414 4326 2712 4384 Jerusalem
2759 4334 3005 4382 vocatur.
3039 4344 3060 4379 ι
3094 4326 3370 4383 Venerunt
3397 4339 3591 4381 omnes

2012 4420 2104 4475 ﬁlii
2152 4421 2229 4476 tui
2264 4421 2331 4476 de
2369 4420 2525 4490 longe
2547 4458 2564 4486 ,
2602 4430 2659 4475 et
2698 4418 2820 4473 lilia:
2858 4425 2963 4473 tute
2998 4418 3244 4474 humeris
3300 4415 3592 4487 gestabun-

2011 4521 2117 4567 tur.
2162 4518 2193 4563 ι’
2224 4511 2451 4567 Eramus
2473 4513 2671 4583 quippe
2697 4510 2857 4582 longe
2890 4520 2944 4565 et
2971 4491 3157 4580 procul
3186 4507 3346 4579 positi
3380 4522 3409 4561 a
3432 4520 3591 4575 repu-

322 4597 407 4666 ρω
442 4610 546 4648 που
585 4595 676 4648 καὶ
723 4594 939 4667 μακρὰν
977 4596 1077 4665 τῆς
1113 4595 1388 4660 πολιτείας
1431 4595 1526 4650 τοῦ
1568 4596 1785 4669 Ἰσραὴλ
1814 4598 1903 4651 καὶ

2015 4604 2153 4660 blica
2175 4604 2406 4668 lsraelis,
2444 4616 2509 4658 ac
2529 4602 2694 4672 justis
2725 4602 2997 4668 extranei,
3026 4616 3178 4672 spem
3218 4599 3595 4670 promissionis

323 4686 466 4752 ξένοι
487 4686 596 4741 τῶν
624 4687 869 4753 δικαίων,
913 4691 1013 4761 τῆς
1057 4688 1387 4758 ἐπαγγελίας
1416 4688 1607 4743 ἐλπίδα
1654 4689 1728 4761 μὴ
1757 4689 1906 4760 ἕχον-

319 4795 438 4844 τες,
468 4780 564 4834 καὶ
595 4778 743 4834 ἄθεοι
770 4781 828 4832 ὲν
862 4779 941 4851 τῷ
968 4781 1179 4852 κόσμῳ.
1215 4781 1285 4834 Αἵ
1297 4797 1359 4833 τε
1386 4780 1499 4852 γὰρ
1524 4779 1728 4835 ἁπαλαί
1751 4778 1907 4835 οὖσαι

321 4872 495 4942 ψυχαὶ
529 4874 623 4926 καὶ
667 4872 746 4926 ἔτι
776 4874 989 4945 νήπιαι,
1024 4872 1102 4936 ὼς
1135 4871 1468 4945 ἀρτιγένητα
1509 4870 1705 4943 βρέφη,
1730 4872 1794 4926 τὸ
1820 4871 1909 4925 λο⁴

324 4964 478 5032 γικὸν
499 4965 594 5019 καὶ
612 4964 796 5019 ἄδολον
818 4964 960 5034 γάλα
992 4962 1311 5018 ἐπιποθοῦσι
1329 4980 1341 4994 ·
1370 4962 1460 5016 διά
1479 4980 1541 5017 τε
1564 4963 1664 5035 τῆς
1692 4965 1750 5016 ὲν
1776 4962 1909 5035 Χρι-

328 5053 441 5125 στῷ
478 5055 889 5126 άναγεννήσεως
917 5055 1209 5126 γενόμεναι
1260 5053 1426 5108 τέκνα
1478 5052 1574 5106 τοῦ
1636 5051 1906 5123 Ἀϐραὰμ,

327 5145 795 5210 ὑποσαστάζονται
833 5149 918 5201 ἐπ’
951 5145 1139 5218 ὤμων,
1164 5146 1447 5217 αἰρόμεναι
1480 5146 1576 5199 καὶ
1613 5144 1911 5213 ὑποκουφί-

324 5239 553 5306 ζόμεναι
583 5237 689 5291 ὑπὸ
703 5236 809 5290 τῶν
841 5238 1322 5310 χειραγωγούντων
1344 5236 1513 5299 αὑτὰς
1544 5234 1910 5289 διδασκάλων

323 5325 439 5395 οἷος
470 5326 539 5402 ἦν
571 5333 601 5385 ό
628 5330 839 5394 Παῦλος
869 5330 1043 5399 λέγων
1064 5347 1080 5361 ·
1119 5349 1138 5381 t
1159 5330 1248 5394 Ὠς
1278 5329 1344 5384 ἂν
1382 5329 1582 5401 τροφὸς
1628 5327 1809 5400 θάλπῃ
1846 5326 1915 5382 τὰ

323 5423 534 5493 ἑαυτῆς
550 5423 739 5488 τέκνα,
756 5420 929 5485 οὕτως
946 5421 1278 5492 ἱμειρόμενοι
1299 5422 1328 5474 ὑ
1337 5422 1473 5492 μῶν,
1498 5439 1517 5473 ι
1538 5420 1634 5474 καὶ
1650 5417 1720 5473 τὰ
1735 5418 1881 5490 ἑξῆς.

406 5535 427 5568 t
454 5515 590 5570 Τότε
630 5514 759 5587 ὕψη,
793 5514 889 5569 καὶ¹
924 5513 1231 5587 φοϐηθήσῃ,
1260 5515 1355 5568 καλ⁸
1384 5516 1625 5588 ἐκστήσῃ
1663 5517 1730 5586 τῇ
1780 5530 1915 5586 καρ-

325 5609 440 5682 δίᾳ,
489 5609 572 5664 ὃτι
614 5606 908 5680 μεταϐαλεῖ
940 5609 1019 5671 εἰς
1076 5607 1138 5658 σὲ
1184 5607 1413 5671 πλοῦτος
1462 5606 1758 5678 θαλάσσης,
1820 5606 1916 5661 καὶ

414 5837 457 5869 ⁸⁸
481 5836 670 5895 Matth.
695 5850 845 5900 tum,
882 5835 972 5890 '55.
1070 5834 1154 5887 ¹²Ι
1196 5833 1388 5889 Thess.
1431 5848 1494 5896 ιι,
1524 5833 1581 5890 7.

742 5930 1013 5990 Parnm.
1064 5928 1183 5988 GR.
1230 5927 1436 5987 XXIV

2014 4708 2117 4748 non
2165 4692 2448 4756 habentes,
2480 4702 2646 4763 atque
2691 4692 2841 4763 impii
2875 4695 2926 4748 iu
2972 4693 3174 4748 mundo
3213 4689 3594 4745 versabantur.

2011 4784 2146 4839 Nam
2177 4792 2377 4838 tenera:
2406 4794 2461 4839 et
2489 4784 2664 4838 adhuc
2699 4783 2938 4839 infantes
2958 4783 3174 4847 animae,
3199 4779 3354 4851 quasi
3380 4779 3594 4849 pueruli

2015 4876 2174 4930 modo
2199 4874 2389 4946 geniti,
2442 4875 2769 4931 rationabile
2797 4886 2852 4931 et
2885 4877 3004 4931 sine
3042 4876 3169 4929 dolo
3203 4874 3285 4928 lac
3330 4870 3596 4938 concupi-

2015 4974 2172 5018 scunt
2198 4979 2212 5015 :
2237 4975 2299 5017 ac
2314 4977 2409 5032 per
2422 4964 2882 5033 regenerationem
2902 4964 2955 5019 in
2979 4961 3216 5026 Christo,
3248 4962 3341 5017 lilii
3363 4959 3598 5016 Abrahae

2015 5053 2254 5118 cll'ectze,
2289 5054 2534 5110 humeris
2593 5064 2879 5123 gestantur.
2913 5070 2943 5109 a
2986 5056 3259 5125 magistris
3304 5053 3451 5117 suis,
3494 5054 3597 5106 vizu

2019 5146 2269 5210 ducibus,
2298 5146 2523 5201 sublatae
2551 5158 2712 5216 atque
2739 5156 3075 5214 sustentatae,
3094 5146 3271 5217 qualis
3297 5156 3418 5201 erat
3451 5143 3591 5197 Pau-

2021 5238 2123 5302 lus,
2151 5236 2240 5308 qui
2267 5238 2361 5301 ait,
2394 5255 2413 5288 ι
2437 5236 2714 5307 Tanquam
2748 5238 2792 5293 si
2828 5238 3010 5293 nutrix
3052 5237 3229 5293 foveat
3259 5236 3399 5292 ﬁlios
3430 5249 3591 5299 suos,

2023 5327 2098 5383 ita
2127 5327 2582 5394 desiderantes",
2615 5347 2633 5380 ι
2676 5340 2785 5384 etc.

2090 5510 2259 5569 Vens.
2289 5512 2343 5570 5.
2389 5533 2408 5565 ι
2450 5513 2603 5571 Tunc
2650 5514 2877 5581 videbis,
2922 5523 2977 5571 et
3032 5513 3269 5579 timebis,
3307 5519 3364 5567 et
3408 5511 3595 5564 obstu-

2022 5620 2213 5675 pcsces
2240 5604 2425 5674 corde,
2479 5609 2606 5678 quia
2633 5607 3034 5666 transferentur
3061 5608 3112 5663 in
3155 5617 3207 5664 te
3238 5604 3441 5662 divitiae
3474 5616 3595 5657 ma-

3199 5921 3278 5984 16
