4130 6400
555 398 657 455 «l9!

1230 387 1497 446 EUSEBll
1523 385 2014 444 ‘CJESARIENSIS
2050 382 2153 439 ΟΡ]

2254 382 2420 437 PARS
2454 379 2547 436 Ill.
2586 409 2654 422 —-
2693 375 3106 432 EXEGETICA.

3707 369 3810 426 ωε

560 519 638 571 ris
646 544 661 581 ,-
684 520 739 569 et
759 510 996 583 gentium
1018 517 1074 564 et
1092 483 1452 578 populorum.
1468 525 1487 558 ι
1511 504 1607 560 llic
1621 518 1851 574 quoque
1877 503 2135 559 observes

2254 499 2408 553 ἐθνῶν
2433 500 2526 552 καὶ
2554 483 2719 550 λαῶν.
2743 515 2766 549 9
2821 494 2933 547 Kal
2971 490 3203 546 ἐνταῦθα
3245 489 3303 544 δέ
3343 488 3497 560 τήρει
3530 487 3678 550 ὅπως
3711 486 3812 558 τήν

557 608 745 670 velim,
785 609 1083 674 quo..pacto
1113 597 1515 653 multitudinem
1557 596 1830 664 ingentem
1865 593 2009 647 illam
2043 605 2135 647 eo-

562 714 708 762 rum,
754 695 846 766 qui
903 692 1130 748 salutem
1184 697 1610 758 consequuntur,
1665 685 1834 740 maris
1886 683 2136 738 ﬂuctibus

560 795 859 860 comparet.
895 783 1176 839 Fortitudo
1209 791 1389 836 autem
1419 780 1658 850 gentium
1693 778 1726 832 ii
1783 777 2004 840 fuerint,
2042 775 2135 845 qui

562 883 719 938 bonis
744 877 1003 951 operibus
1047 876 1238 941 dediti,
1287 891 1318 928 α
1369 871 1667 945 spiritualis
1700 871 1824 924 vita;
1871 883 2036 924 cursu
2083 875 2140 922 et

564 985 752 1029 tenore
783 987 886 1028 non
921 969 1201 1025 deﬁciunt.

631 1053 796 1113 Vsus.
829 1053 960 1123 6,7.
996 1075 1016 1108 ι
1063 1055 1126 1109 Et
1155 1053 1380 1109 venient
1422 1051 1518 1107 tibi
1553 1062 1746 1120 greges
1785 1044 2138 1108 camelorum,

561 1160 618 1206 et
643 1151 970 1222 operient'te
1014 1145 1470 1203 cameli‘bladiam
1493 1154 1552 1201 et
1578 1141 1818 1213 Gepbar.
1844 1140 2044 1196 Omnes
2073 1138 2139 1194 de

562 1243 704 1298 Saba
748 1243 989 1305 venient,
1033 1239 1271 1294 ferentes
1326 1251 1542 1304 aurum,
1582 1243 1638 1289 et
1676 1234 1801 1288 thus
1856 1231 2051 1293 ferent,
2085 1237 2139 1283 et

561 1332 815 1390 Salutare
852 1329 1063 1385 Domini
1096 1327 1509 1383 annuntiabunt.
1544 1325 1612 1380 Et
1655 1337 1848 1380 omnes
1878 1335 2011 1378 oves
2038 1319 2141 1375 Ce-

563 1425 666 1480 dar
689 1422 1185 1495 congregabuntur,
1209 1427 1264 1474 et
1300 1418 1500 1472 arietes
1529 1415 1795 1471 Nabaioth
1818 1413 2057 1475 venient,
2087 1418 2141 1464 et

562 1516 863 1572 Oli‘erentur
883 1510 1234 1587 acceptabilia
1253 1525 1416 1580 super
1435 1507 1607 1564 altare
1633 1522 1834 1562 meum.
1857 1525 1876 1557 ι
1896 1503 1990 1560 llis
2013 1503 2141 1560 sub-

563 1607 794 1664 ‘mdicari
831 1614 961 1675 puto
997 1617 1092 1659 eos
1118 1601 1212 1670 qui
1242 1600 1297 1654 in
1339 1598 1577 1654 Ecclesia
1623 1596 1819 1667 opibus
1849 1603 1903 1649 et
1939 1592 2141 1648 divitiis

563 1699 788 1755 aﬂluunt
819 1716 834 1754 :
866 1698 945 1754 sic
966 1698 1111 1753 enim
1144 1694 1399 1750 Salvator
1431 1691 1653 1747 divitem
1693 1688 1900 1744 camelo
1922 1699 2142 1755 compa-

2237 588 2436 661 πολλήν
2472 586 2842 657 πολυπληθίαν
2885 583 2994 636 τῶν
3031 579 3355 652 σωζομένων
3388 576 3580 650 πλήθει
3617 576 3814 630 θαλάσ-

2239 699 2339 755 σης
2364 679 2654 734 ἀπείκασε.
2703 676 2941 748 Δύναμις
2968 675 3025 728 δὲ
3063 672 3168 726 τῶν
3194 671 3365 725 ἐθνῶν
3389 672 3439 724 οί
3487 669 3810 743 κατορθοῦν-

2236 793 2329 840 τες
2358 771 2465 828 εἶεν
2500 772 2565 827 ἂν
2595 772 2718 844 μηδ’
2748 769 3204 840 ἐξασθενήσαντες
3239 765 3375 837 πρὸς
3412 763 3504 817 τὸν
3537 763 3690 820 τόνον
3718 762 3813 816 τοῦ

2243 866 2440 940 νοητοῦ
2477 866 2613 938 βίου.

2316 1061 2335 1094 ι
2359 1039 2471 1095 Kal
2497 1038 2686 1110 ’ήξουσί
2713 1053 2794 1091 σοι
2833 1036 3022 1106 ἀγέλαι
3060 1031 3344 1104 καμήλων,
3387 1029 3481 1084 καὶ
3520 1028 3817 1110 καλύψουσί

2241 1151 2302 1187 σε
2339 1099 2574 1203 κάμηλοι
2612 1129 2838 1200 Μαδιὰμ
2879 1099 2972 1182 καὶ
2998 1099 3212 1197 Γεφάρί
3230 1124 3442 1186 Πάντες
3483 1123 3548 1176 ἐκ
3576 1123 3723 1176 Σάϐα
3751 1099 3819 1192 ή-

2241 1225 2413 1292 ξουσι,
2435 1223 2692 1296 φέροντες
2721 1220 2960 1293 χρυσίον,
2999 1219 3094 1272 καὶ
3134 1217 3349 1270 λίϐανον
3377 1212 3600 1280 οἴσουσι,
3636 1214 3728 1266 καὶ
3758 1213 3820 1266 τὸ

2241 1315 2520 1386 Σωτήρων
2543 1313 2751 1384 Κυρίου
2781 1308 3238 1379 εύαγγελιοῦνται.
3255 1307 3367 1360 Kal
3389 1308 3566 1362 πάντα
3595 1304 3663 1358 τὰ
3689 1298 3822 1376 πρὸ-

2241 1405 2381 1458 ϐατα
2403 1402 2593 1474 Κηδὰρ
2624 1399 3065 1472 συναχθήσονται,
3094 1397 3188 1450 καὶ
3214 1396 3358 1468 κριοὶ
3381 1393 3639 1451 Ναϐαιὼθ
3658 1394 3823 1465 ἥξου-

2243 1512 2318 1560 σι,
2367 1493 2461 1547 καὶ
2509 1490 2930 1561 ἀνενεχθήσεται
2975 1485 3141 1541 δεκτὰ
3189 1485 3282 1539 ἐπὶ
3327 1485 3388 1538 τὸ
3441 1482 3825 1555 θυσιαπήριὰν

2246 1603 2368 1658 μου.
2395 1605 2412 1637 ι
2458 1578 2797 1637 Αἶνίττεσθαι
2841 1580 2899 1633 δὲ
2949 1574 3100 1650 οἶμαι
3129 1575 3217 1630 διὰ
3252 1575 3456 1629 τούτων
3502 1575 3628 1637 τοὺς
3675 1575 3734 1626 ἐν
3752 1572 3822 1644 τῇ

2255 1673 2553 1747 Ἐκκλησία
2611 1672 2878 1744 εὐπόρους
2922 1669 3016 1723 καὶ
3056 1667 3285 1722 πλοῦτον
3330 1663 3822 1738 περιρρεομένουςο

564 1809 692 1848 rans
720 1792 953 1857 dicebat,
987 1787 1078 1844 if
1083 1787 1273 1844 acilius
1325 1793 1411 1841 est
1445 1785 1712 1839 camelum
1761 1795 1860 1852 per
1895 1779 2139 1833 foramen

2254 1767 2386 1820 oliuo
2409 1766 2539 1836 γοῦν
2569 1765 2663 1819 καὶ
2692 1765 2721 1817 ὁ
2747 1763 2939 1834 Σωτὴρ
2989 1760 3082 1814 τὸν
3107 1758 3359 1812 πλούσιον
3387 1757 3620 1828 καμήλῳ
3644 1772 3826 1826 παρα-

565 1897 698 1940 acus
722 1881 1133 1953 ingredi,quam
1175 1878 1392 1936 divitem
1420 1875 1474 1930 in
1504 1887 1730 1946 regnum
1753 1869 2014 1926 cmlorum
2033 1867 2096 1922 ω.
2116 1885 2138 1921 ι

2254 1857 2455 1911 ϐάλλων
2482 1856 2687 1924 ἔλεγεν,
2719 1871 2739 1905 ι
2770 1850 3160 1924 Εύκοπώτερόν
3187 1851 3300 1903 ἐστι
3321 1849 3565 1920 κάμηλον
3578 1847 3665 1902 διὰ
3693 1864 3826 1918 τρυ-

563 1977 838 2032 Caeterum
871 1969 1192 2028 admirabile
1213 1968 1355 2025 illud
1384 1974 1524 2031 erat,
1542 1965 1676 2036 quia
1707 1962 1852 2034 quod
1880 1957 2143 2032 impossi-

563 2069 674 2126 bile
711 2067 1045 2131 hominibus,
1083 2065 1316 2134 idipsum
1371 2060 1482 2116 Deo
1539 2054 1798 2128 possibile
1849 2063 1954 2109 est.
2001 2050 2145 2118 Qua-

565 2169 787 2231 pmpter
806 2153 1143 2218 "Jerusalem,
1192 2149 1554 2207 admiratione
1597 2157 1777 2217 capta,
1815 2143 2011 2216 gaudio
2059 2158 2146 2198 re-

567 2253 766 2324 pletur,
822 2250 950 2304 dum
1001 2245 1210 2302 scilicet
1257 2243 1469 2298 animas
1509 2238 1734 2294 camelis
1779 2243 2144 2307 comparatas,

567 2347 901 2408 inmutatas,
942 2348 996 2396 et
1028 2337 1185 2412 quasi
1245 2350 1342 2407 per
1393 2333 1635 2390 foramen
1667 2344 1819 2395 acus,
1886 2341 1988 2399 per
2044 2341 2146 2382 an-

567 2447 779 2509 gustam
813 2443 868 2492 et
911 2441 1118 2488 arctam
1161 2429 1307 2485 viam
1344 2428 1398 2483 in
1449 2426 1614 2481 vitam
1666 2431 1926 2478 aeternam
1961 2421 2146 2492 ingre-

568 2529 781 2586 dientes
813 2523 1102 2596 conspicit.
1135 2519 1336 2577 Cameli
1375 2533 1506 2574 vero
1559 2531 1668 2571 non
1721 2511 1883 2568 vacui
1925 2519 1981 2568 et
2027 2511 2149 2567 sine

567 2617 786 2676 sarcina
841 2620 1129 2677 venerunt,
1177 2609 1272 2666 sed
1305 2609 1448 2664 dona
1481 2607 1615 2669 Deo,
1654 2613 1718 2659 ut
1751 2619 1849 2673 par
1877 2611 1982 2667 est,
2015 2598 2150 2656 olfe-

569 2720 758 2767 rentes
786 2708 854 2762 ad
888 2705 1082 2762 animae
1112 2717 1226 2759 suae
1257 2698 1710 2770 redemptionem.
1739 2695 1927 2765 Itaque
1951 2691 2148 2749 cameli

569 2799 823 2856 Salutare
841 2793 1055 2850 Domini
1079 2789 1500 2855 annuntiabunt,
1522 2794 1815 2856 postquam
1845 2790 2149 2838 memorata

571 2893 711 2947 dona
744 2886 1072 2952 obtulerint;
1117 2883 1267 2948 thus,
1297 2879 1505 2936 scilicet
1539 2875 1872 2948 spiritualem
1902 2886 2154 2931 suavem-

571 2997 682 3053 que
713 2974 998 3047 theologia
1025 2974 1283 3040 odorem;
1331 2985 1524 3024 aurum
1556 2983 1708 3033 vero,
1745 2979 2036 3036 corporeas
2068 2962 2155 3018 ni-

572 3075 778 3132 mirum
816 3084 968 3142 opes.
1021 3065 1252 3122 Madiam
1307 3077 1468 3135 porro
1513 3068 1568 3118 et
1612 3059 1850 3130 Gephar,
1901 3059 2154 3128 regiones

573 3164 931 3222 barbarorum
962 3167 1104 3223 sunt,
1149 3153 1487 3212 camelorum
1520 3151 1751 3217 feraces,
1798 3148 2152 3221 quemadmo—
2177 3190 2220 3250 ε

576 3257 705 3310 dum
738 3261 794 3308 et
832 3250 998 3316 Saba,
1048 3261 1212 3320 supra
1235 3245 1492 3302 Arabiam
1524 3244 1652 3309 sita,
1687 3256 1854 3314 penes
1883 3255 2025 3312 quos
2051 3254 2152 3312 po-

575 3346 734 3418 pulos
752 3343 1082 3401 camelorum
1112 3353 1284 3412 genus
1321 3337 1525 3408 ingenti
1563 3349 1792 3390 numero
1830 3343 1914 3389 est
1939 3347 1956 3389 :
1983 3345 2154 3403 quare

575 3441 776 3499 horum
803 3435 1046 3506 exemplo
1092 3447 1272 3491 sermo
1303 3430 1494 3486 utitur.
1522 3428 1589 3484 Et
1621 3426 1753 3483 mihi
1784 3440 1918 3482 sane
1942 3427 2157 3482 videtur

579 3533 667 3588 his
683 3529 864 3587 verbis
888 3527 1246 3597 Scripturam,
1255 3519 1572 3594 juvenculas
1589 3529 1645 3576 et
1661 3517 1938 3574 inlantiles
1951 3531 2157 3588 corpo—

579 3638 798 3681 reornm
840 3617 1151 3676 Iudaeorum
1181 3629 1342 3671 aures
1395 3612 1615 3668 allicere
1649 3619 1705 3666 et
1741 3608 2068 3674 demulcere,
2097 3616 2159 3663 ut

580 3730 676 3771 eas
706 3711 990 3785 pertrahat
1012 3716 1068 3764 et
1100 3709 1351 3763 hortetur
1374 3705 1443 3760 ad
1480 3702 1646 3758 vitam
1673 3699 1820 3756 illam
1850 3709 1908 3756 et
1939 3697 2160 3768 religio‘

581 3821 732 3873 nem,
759 3818 878 3875 quas
912 3798 1210 3859 secundum
1233 3795 1406 3852 Deum
1445 3803 1549 3860 est,
1580 3800 1792 3848 mature
1841 3789 2158 3847 ineundam.

660 3990 680 4024 ι
705 3970 773 4026 Ει
789 3982 986 4026 onmes
1007 3979 1141 4023 oves
1165 3963 1404 4020 ϐοήθει-,ιο
1439 3960 1761 4031 Huiusmodi
1785 3958 2000 4016 animas
2025 3957 2162 4014 alie-

585 4061 813 4130 nigenas
837 4067 893 4114 et
919 4067 1208 4112 extraneas
1231 4068 1353 4109 esse
1375 4053 1760 4108 subindicans:
1779 4051 2043 4121 siquidem
2063 4064 2164 4120 per

587 4148 1098 4220 camelos,opulenti
1120 4154 1178 4202 et
1205 4145 1401 4200 divites
1417 4143 1665 4199 homines
1693 4143 2038 4207 indicantur;
2065 4155 2164 4212 per

587 4228 719 4302 Oves
761 4250 963 4306 autem,
1026 4236 1426 4295 mansuetiores
1487 4249 1554 4290 ac
1608 4233 2014 4304 simpliciores;
2066 4247 2166 4302 per

590 4335 814 4400 arietes,
857 4333 894 4388 ii
934 4330 1170 4388 maxime
1205 4344 1273 4384 ex
1306 4326 1557 4398 gentibus
1582 4325 1677 4394 qui
1710 4326 2016 4396 principatu
2054 4339 2167 4378 va-

591 4427 766 4484 lentes
805 4420 1262 4480 convertebantur
1293 4430 1471 4487 :quos
1493 4417 1560 4470 ad
1605 4415 1778 4470 altare
1811 4415 1905 4470 Dei
1940 4428 2164 4470 munera

2249 1947 2447 2019 μαλιᾶς
2484 1946 2704 2020 ῥαφίδος
2748 1942 3012 1998 εἰσελθεῖν
3049 1941 3081 2014 ἢ
3128 1940 3380 1995 πλούσιον
3430 1942 3510 2003 εἰς
3536 1939 3635 2010 τὴν
3675 1938 3832 2008 βασι-

2244 2039 2394 2093 λείαν
2433 2037 2543 2092 τῶν
2574 2035 2839 2110 ούρανῶν.
2868 2054 2888 2088 ι
2919 2034 3068 2106 Πλὴν
3093 2033 3229 2088 ἀλλᾶ
3265 2032 3326 2086 τὸ
3355 2031 3542 2103 θαῦμα
3565 2030 3712 2084 τοῦτ’
3734 2026 3829 2103 ἧν,

2243 2134 2326 2187 δτι
2350 2131 2410 2187 τὸ
2439 2131 2592 2204 παρὰ
2611 2129 2919 2204 ἀνθρώποις
2944 2128 3224 2192 ἀδύνατον,
3253 2126 3410 2180 τοῦτο
3433 2125 3658 2180 δυνατὸν
3681 2126 3831 2194 γίνε-

2243 2243 2332 2279 ται
2364 2223 2445 2296 τῷ
2465 2222 2604 2295 Θεῷ.
2640 2222 2731 2276 Διδ
2759 2223 2854 2276 καὶ⁵
2885 2220 3162 2286 ἐξίσταται
3208 2217 3563 2290 Ἰερουσαλὴμ
3605 2217 3691 2271 διὰ
3731 2215 3832 2271 τοῦ

2243 2318 2422 2389 χαρᾶς
2471 2313 2846 2387 πληροῦσθαιο
2903 2311 3174 2384 καμήλοις
3227 2311 3291 2381 δὴ
3340 2309 3836 2382 παραϐεϐλημένας

2243 2405 2422 2476 ψυχὰς
2466 2403 2717 2474 θεωμένη
2765 2401 3194 2474 μεταϐαλούσας,
3234 2401 3332 2454 καὶ
3363 2399 3551 2471 ὥσπερ
3582 2398 3668 2452 διὰ
3703 2417 3837 2470 τρυ-

2249 2493 2445 2564 μαλιᾶς
2481 2491 2704 2564 ῥαφίδος
2732 2490 2819 2544 διὰ
2841 2490 2943 2561 τῆς
2969 2489 3170 2560 -στενῆς
3203 2489 3297 2544 καὶ
3325 2488 3687 2560 τεθλιμμένης
3712 2486 3835 2541 ὁδοῦ

2246 2587 2328 2649 εις
2359 2585 2458 2657 τὴν
2488 2583 2708 2638 αἰώνιον
2756 2583 2902 2653 ζωὴν
2931 2581 3224 2646 εἰσιούσας.
3261 2582 3334 2635 Ού
3373 2581 3497 2652 δίχα
3525 2581 3583 2634 δέ
3615 2580 3835 2652 φορτίου

2247 2676 2546 2750 προσίεσαν
2571 2667 2754 2740 αὗται,
2788 2674 2936 2746 δῶρα
2969 2673 3026 2726 δὲ
3052 2672 3130 2744 τῷ
3166 2671 3285 2743 Θεῷ
3319 2672 3724 2744 προσφέρουσαι
3751 2672 3839 2724 εἱ-

2248 2770 2424 2833 κότως
2447 2767 2518 2822 τὰ
2540 2766 2714 2839 λύτρα
2742 2767 2843 2837 τῆς
2869 2764 3047 2819 αὐτῶν
3079 2764 3276 2836 ψυχῆς.
3321 2763 3531 2816 Οὐκοῦν
3573 2763 3630 2818 αἱ
3663 2762 3844 2835 κάμη-

2247 2861 2329 2915 λοι
2376 2860 2440 2914 τὸ
2483 2858 2759 2929 Σωτήρων
2809 2857 3016 2928 Κυρίου
3067 2854 3508 2924 εὐαγγελιοῦνται
3565 2855 3703 2926 μετὰ
3740 2854 3840 2909 τοῦ

2249 2948 2400 3024 δῶρα
2439 2950 2775 3023 προσφέρειν
2823 2948 2892 3002 τὰ
2945 2947 3342 3018 προλεχθέντα·
3391 2945 3608 3000 λίϐανον
3631 2947 3698 3000 δὲ
3737 2948 3843 3018 τὴν

2249 3042 2349 3113 τῆς
2390 3039 2669 3109 θεολογίας
2698 3036 3075 3108 πνευματικὴν
3109 3037 3358 3101 εὐωδίαν,
3396 3036 3598 3108 χρυσὸν
3636 3036 3692 3089 δέ
3740 3037 3846 3107 τὴν

2254 3127 2573 3201 σωματικήν
2607 3127 2890 3198 εὐπορίαν.
2941 3125 3010 3178 Ἦ
3040 3125 3097 3178 δέ
3141 3124 3368 3196 Μαδιὰμ
3407 3125 3710 3198 καὶΓεφὰρ
3748 3127 3850 3194 γό-

2257 3235 2404 3290 νιμοι
2424 3217 2688 3290 καμήλων
2717 3216 2826 3269 είσὶ
2847 3213 3021 3288 χῶραι
3051 3213 3362 3287 βαρϐάρων,
3388 3215 3464 3279 ὡς
3483 3215 3577 3269 καὶ
3608 3217 3640 3287 ὴ
3669 3215 3846 3283 Σαϐὰ,

2257 3311 2398 3382 ὑπὲρ
2431 3309 2530 3381 τὴν
2572 3307 2832 3380 Ἀραϐίαν
2861 3305 3108 3378 κειμένη,
3140 3308 3271 3378 παρ’
3299 3300 3380 3369 οἷς
3413 3307 3743 3378 πολυπληθεῖ
3783 3309 3851 3362 τὸ

2254 3401 2364 3455 τῶν
2397 3400 2660 3473 καμήλων
2678 3400 2851 3470 γένος’
2881 3398 2961 3452 διδ
2989 3401 3057 3470 τῇ
3089 3396 3292 3452 τούτων
3318 3401 3583 3471 κέχρηται
3622 3400 3656 3452 ’ὁ
3685 3399 3853 3468 λόγος

2256 3492 2446 3547 εἰκόνι.
2473 3491 2585 3546 Καί
2619 3507 2710 3563 μοι
2737 3491 2884 3544 δοκεῖ
2914 3488 3003 3544 διὰ
3030 3487 3236 3543 τούτων
3262 3491 3291 3544 ὁ
3321 3489 3477 3558 λόγος
3517 3488 3726 3558 θέλγειν
3747 3492 3854 3544 καὶ

2256 3582 2641 3653 ἐγγλυκαίνειν
2680 3581 2784 3646 τὰς
2808 3579 2980 3645 ἀκοὰς
3021 3579 3124 3644 τὰς
3150 3579 3444 3652 νηπιώδεις
3471 3579 3579 3634 τῶν
3609 3597 3859 3652 σωματι-

2257 3676 2370 3732 κῶν
2411 3673 2676 3728 Ἰουδαίων
2717 3674 2796 3737 είς
2832 3671 2895 3726 τὸ
2932 3671 3334 3741 ἐφελκύσασθαι
3361 3669 3552 3736 αὐτὰς,
3586 3671 3682 3724 καὶ
3706 3687 3859 3743 προ-

2259 3766 2456 3838 τρέψαι
2500 3765 2752 3820 σπεύδειν
2794 3763 2875 3829 εῐς
2912 3763 3006 3819 τὸν
3049 3762 3193 3819 κατὰ
3227 3762 3362 3816 Θεὸν
3409 3761 3524 3835 βίον
3570 3761 3666 3815 καὶ
3703 3762 3860 3818 πολι-

2261 3876 2318 3914 τε
2327 3861 2433 3914 ίαν.

2337 3969 2356 4003 ι
2384 3949 2496 4004 Kal
2529 3948 2709 4004 πάντα
2737 3947 2809 4003 τὰ
2861 3947 3112 4022 πρόϐατα
3137 3947 3334 4019 Κηδάρ
3354 3963 3370 3978 ο
3395 3966 3416 3999 ι
3466 3946 3528 4000 τὸ
3564 3944 3861 4015 ἀλλογενὰι

2263 4043 2356 4097 καὶ
2383 4042 2682 4112 ἀλλόφυλον
2707 4042 2817 4096 τῶν
2845 4039 3100 4095 τοιούτων
3132 4039 3197 4112 δή
3226 4038 3415 4110 ψυχῶν
3456 4039 3855 4110 αἰνιττόμενος.

2262 4136 2363 4190 Διὰ
2409 4134 2507 4206 μὲν
2541 4129 2636 4188 οῦν
2665 4135 2773 4188 τῶν
2816 4132 3079 4204 καμήλων
3108 4133 3159 4185 οἱ
3206 4131 3427 4203 εὔποροι
3465 4133 3560 4185 καὶ
3604 4131 3861 4187 πλούσιοι

2261 4225 2370 4280 τῶν
2403 4227 2461 4279 ὲν
2491 4223 2800 4295 ἀνθρώποις
2835 4222 3150 4296 ἐδηλοῦντο·
3196 4222 3284 4277 διὰ
3319 4223 3375 4277 δέ
3414 4223 3524 4277 τῶν
3559 4225 3862 4296 προϐάτων

2263 4318 2314 4370 oi
2344 4315 2688 4388 ἡμερώταται
2715 4316 2810 4370 καὶ
2833 4314 3201 4369 ἁπλούστατοι
3219 4331 3234 4346 ·
3268 4315 3356 4368 διὰ
3375 4315 3430 4368 δέ
3449 4315 3557 4369 τῶν
3583 4317 3778 4388 κριῶν,
3803 4318 3862 4371 οἱ

2265 4405 2629 4478 ἁρχικὼτατοι
2673 4406 2780 4460 τῶν
2817 4405 2875 4473 ἐξ
2912 4405 3084 4460 ἐθνῶν
3130 4407 3592 4480 ἐπιστρεφόντων·
3628 4407 3722 4472 οὒς
3751 4409 3866 4462 ἁν-

589 4518 852 4575 allaturos
893 4529 1015 4571 esse
1051 4525 1233 4568 sermo
1265 4508 1524 4564 declarat.
1565 4507 1630 4562 Et
1662 4520 1791 4560 vero
1823 4503 1934 4574 jam
1973 4504 2153 4575 imple-

2268 4495 2656 4569 ενεχθήσεσθαι
2683 4495 2830 4567 δῶρα
2855 4495 2948 4548 ἐπὶ
2967 4494 3029 4548 τὸ
3047 4493 3429 4567 θυσιαστήριον
3455 4493 3547 4547 τοῦ
3572 4493 3706 4548 Θεοῦ
3740 4512 3864 4568 φη-

592 4624 704 4669 tum
741 4607 1022 4668 oraculum
1068 4605 1256 4660 videre
1299 4609 1378 4657 est
1421 4617 1437 4656 :
1497 4615 1620 4654 cum
1676 4612 1744 4654 ex
1805 4597 2153 4653 conversione

2266 4603 2351 4640 σιν
2380 4586 2602 4655 ὁ⁹λόγος.
2652 4585 2762 4640 Kal
2802 4585 2918 4639 ἐστι
2945 4585 3006 4638 τὸ
3044 4585 3220 4655 λόγιον
3249 4585 3618 4657 πληρούμενον
3650 4586 3866 4643 θεάσα-

590 4705 863 4778 gentium,
880 4696 1183 4771 huiusmodi
1211 4694 1405 4750 animae
1426 4706 1546 4748 sese
1579 4691 1682 4762 pia:
1707 4688 1981 4761 religionis
1997 4689 2153 4745 verba

2270 4677 2393 4731 σθαι
2411 4671 2435 4708 ”
2462 4676 2680 4730 ἐπειδὰν
2704 4678 2768 4729 ἐκ
2800 4677 2900 4747 τῆς
2923 4676 3032 4730 τῶν
3071 4675 3240 4730 ἐθνῶν
3273 4677 3603 4748 ἐπιστροφῆς
3639 4679 3866 4733 τοιάσδε

590 4771 872 4856 dedentes,
919 4800 976 4846 et
1013 4787 1202 4844 altaris
1253 4785 1346 4840 Dei
1379 4782 1686 4838 ministerio
1732 4781 2052 4838 assistentes
2081 4780 2153 4835 vi-

2267 4773 2445 4845 ψυχὰς
2489 4773 2589 4828 ῖδοι
2616 4790 2700 4837 τις
2738 4772 3030 4836 ἁναθείσας
3071 4773 3268 4836 ἑαυτὰς
3296 4771 3374 4843 τῷ
3400 4773 3499 4842 τῆς
3539 4771 3867 4836 θεοσεϐείας

591 4891 842 4943 deantur.
877 4881 1012 4936 Nam
1063 4889 1197 4936 tunc
1231 4876 1467 4932 maxime
1499 4890 1594 4945 per
1632 4875 1823 4931 horum
1864 4872 2153 4929 conversio

2268 4864 2413 4935 λόγῳ
2444 4864 2540 4918 καὶ⁴
2565 4864 2663 4935 τῆς
2693 4863 3032 4935 λειτουργίας
3057 4863 3151 4916 τοῦ
3174 4863 3561 4934 θυσιαστηρίου
3591 4860 3684 4916 τοῦ
3715 4862 3866 4916 Θεοῦ

592 4994 715 5034 nem
741 4985 800 5033 et
825 4969 1348 5039 salutem-Ecclesia
1399 4968 1498 5024 Dei
1526 4967 1777 5022 laudibus
1816 4965 2164 5021 celebratur:

592 5085 763 5140 quare
795 5067 1050 5135 deinceps
1076 5063 1276 5120 dicitur
1306 5080 1322 5120 :
1350 5079 1379 5114 ‹
1410 5061 1481 5116 Et
1509 5060 1705 5117 domus
1736 5057 2003 5113 orationis
2035 5066 2171 5111 mea:

597 5158 1008 5236 gloriﬁcabitur.
1029 5177 1063 5213 ἰ

670 5319 838 5375 Vens.
865 5317 918 5374 8.
954 5335 976 5368 ι
1008 5315 1240 5384 Quinam
1283 5315 1340 5370 hi
1372 5312 1532 5369 sunt?
1564 5320 1624 5366 ut
1675 5309 1848 5366 nubes
1883 5305 2091 5371 volant,
2117 5316 2176 5362 et

596 5415 740 5472 sicut
769 5412 1032 5470 columbae
1065 5426 1187 5464 cum
1234 5407 1398 5474 pullis
1427 5420 1589 5476 super
1617 5417 1724 5459 me.
1749 5422 1770 5456 ι
1811 5400 1870 5456 Id
1895 5415 2065 5471 porro
2094 5399 2178 5454 in-

2275 4953 2768 5026 προσεδρευσὰσας.
2802 4953 2936 5006 Τότε
2960 4953 3069 5025 γὰρ
3105 4953 3337 5025 μάλιστα
3362 4952 3449 5007 διὰ
3478 4952 3579 5022 τῆς
3614 4952 3723 5006 τῶν
3744 4971 3871 5007 τοι-

2281 5044 2452 5098 ούτων
2497 5045 2830 5116 ἐπιστροφῆς
2878 5043 2972 5098 καὶ
3013 5043 3285 5116 σωτηρίας
3331 5046 3366 5114 ἡ
3416 5043 3711 5113 Ἐκκλησία
3757 5044 3869 5098 τοῦ

2281 5133 2418 5188 Θεοῦ
2452 5133 2731 5201 δοξάζεται
2749 5152 2763 5167 ο
2788 5135 2869 5189 διὸ
2898 5135 3144 5189 λέλεκται
3172 5135 3266 5188 καὶ
3294 5134 3419 5205 ἐξῆς
3439 5149 3456 5165 ο
3487 5153 3506 5187 ι
3528 5134 3634 5186 Kal
3656 5135 3686 5188 ό
3709 5128 3873 5199 οἶκος

2279 5226 2379 5297 τῆς
2406 5226 2711 5297 προσευχῆς
2746 5243 2846 5298 μου
2873 5225 3279 5298 δοξασθήσεται.
3302 5245 3322 5279 ι

2361 5333 2380 5366 ι
2408 5314 2562 5379 Τίνες
2591 5315 2697 5368 οἵδε
2717 5331 2732 5380 ;
2752 5315 2829 5380 ὼς
2861 5312 3080 5383 νεφέλαι
3115 5312 3396 5380 πέτανται,
3426 5312 3523 5367 καὶ
3547 5311 3679 5365 ὡσεὶ
3702 5326 3876 5384 περι-

2285 5407 2474 5478 στεραὶ
2503 5406 2599 5460 σὺν
2638 5407 2879 5468 νεοσσοῖς
2916 5406 3002 5458 ἐπ’
3027 5404 3150 5475 ἐμέ.
3179 5422 3200 5460 ρ
3249 5404 3360 5458 Kal
3398 5403 3557 5457 τοῦτο
3582 5403 3640 5456 δὲ
3669 5403 3877 5474 νοήσο·

601 5507 908 5578 telligemus
949 5504 995 5559 si
1047 5501 1200 5557 Pauli
1255 5513 1442 5556 vocem
1491 5495 1912 5568 perpendamus,
1942 5509 2064 5564 quae
2096 5492 2153 5547 Sil

2287 5513 2386 5568 μεν
2428 5497 2819 5569 ἐπιστήσαντες
2861 5497 2929 5567 τῇ
2961 5493 3174 5548 Παύλου
3219 5496 3369 5567 φωνῇ
3403 5492 3750 5567 διδασκούσῃ,
3787 5493 3876 5559 ὡς

603 5600 802 5657 habet:
833 5616 853 5651 ι
885 5596 998 5652 Nos
1020 5595 1112 5665 qui
1147 5593 1399 5656 vivimus,
1425 5590 1518 5662 qui
1549 5585 1750 5645 residui
1773 5601 1962 5644 sumus
1982 5587 2046 5642 in
2077 5586 2176 5640 ad-

603 5701 824 5748 ventum
861 5686 1091 5752 Christi,
1135 5686 1411 5756 rapiemur
1457 5684 1512 5740 in
1543 5679 1775 5738 nubibus
1823 5678 2038 5738 obviam
2068 5679 2170 5738 Do-

681 5901 724 5933 "
754 5898 943 5956 Matth.
968 5913 1085 5967 six,
1116 5897 1209 5952 2i.

2284 5591 2413 5662 ἄρα,
2457 5609 2477 5643 ι
2502 5591 2690 5663 Ἡμεῖς
2722 5592 2771 5644 οἱ
2813 5588 3033 5655 ζῶντες,
3075 5589 3124 5642 οἱ
3161 5587 3597 5660 περιλειπόμενοι
3641 5589 3723 5651 είς
3761 5586 3878 5660 τὴν

2285 5681 2586 5756 παρουσίαν
2627 5679 2723 5734 τοῦ
2750 5678 3008 5754 Χριστοῦ,
3049 5678 3479 5752 ἁρπαγησόμεθα
3513 5679 3572 5733 ἐν
3605 5677 3878 5749 νεφέλαις
