4130 6400
325 433 422 489 495

1285 419 1782 480 (ΖΟΜΜΕΝΤΑΚΙΑ
1815 413 1879 474 ΙΝ
1921 415 2182 471 [SAL-\M.
2224 446 2292 455 -
2330 413 2481 470 CAP.
2520 410 2632 466 LX.

3477 407 3574 462 5M

324 550 398 612 είς
421 551 725 618 ἀπάντησιν
758 543 850 598 τοῦ
877 544 1080 615 Κυρίου
1118 543 1196 606 είς
1236 543 1390 614 ἀέρα,
1439 543 1532 598 καὶ
1563 541 1734 606 οὕτως
1769 539 1900 594 πάν-

2028 537 2148 590 nino
2175 537 2227 590 in
2249 546 2477 590 aera:et
2505 535 2585 589 sic
2609 546 2822 602 semper
2849 545 2972 585 cum
2995 529 3221 584 Domino
3241 525 3443 581 erimus
3461 527 3524 587 ης
3554 545 3573 577 ο

324 656 440 694 τοτε
486 639 580 692 σὺν
610 638 800 709 Κυρίῳ
841 637 1078 708 ἐσόμεθα
1096 652 1111 666 ·
1132 655 1151 688 ο
1187 634 1549 704 συναφθέντες
1576 632 1778 705 δηλαδὴ
1804 634 1899 688 καὶ

329 730 820 801 συγκαταλεγέντες
855 727 932 798 τῷ
970 726 1116 800 χορῷ
1146 727 1256 779 τῶν
1284 727 1342 778 ἐν
1385 724 1462 796 τῷ
1498 724 1749 796 προτέρῳ
1786 723 1901 794 λαῷ

329 824 784 897 κατωρθωκότων.
831 821 920 874 Διὸ
944 817 1424 890 ἀποθαυμάζοντες
1451 817 1547 890 τὴν
1585 819 1665 881 είς
1693 815 1902 889 ἀνθρώ-

328 937 460 982 πους
491 917 742 989 χυθεῖσαν
783 915 874 968 τοῦ
914 913 1150 984 Χριστοῦ
1181 914 1338 984 χάριν
1372 913 1466 966 κιι)¹
1496 911 1603 965 τῶν
1644 911 1704 976 ἐξ
1735 910 1904 963 ἐθνῶν

329 1009 647 1080 σωζομένων
685 1009 746 1061 τὸ
783 1007 1006 1076 πλῆθος,
1062 1004 1163 1076 τήν
1206 1022 1266 1057 τε
1313 1004 1392 1068 είς
1429 1004 1691 1076 οὐρανοὺς
1727 1003 1906 1056 αὐτῶν

325 1100 645 1172 ἀνάπτησιν,
678 1097 775 1169 τὴν
805 1095 941 1169 μετὰ
968 1095 1064 1166 τὴν
1089 1095 1265 1160 ἔξοδον
1287 1094 1379 1148 τοῦ
1410 1093 1522 1164 βίου
1551 1094 1682 1163 φασί
1701 1110 1712 1122 ·
1751 1092 1907 1157 Τίνες

327 1191 460 1254 οῖδε;
514 1189 589 1252 ὡς
629 1188 846 1260 νεφέλαι
890 1187 1174 1252 πέτανται,
1210 1185 1305 1238 καὶ
1345 1185 1420 1248 ὡς
1450 1185 1772 1258 περιστεραὶ
1811 1184 1907 1236 σὺν

329 1285 562 1345 νεοσσοῖς
590 1281 676 1333 ἐπ’
710 1279 831 1351 ἐμέ.
856 1299 876 1332 ι

399 1393 418 1427 ι
441 1375 571 1445 Ἐμέ
587 1375 642 1427 αί
656 1373 808 1443 νῆσοι
823 1371 1142 1442 ὑπέμειναν,
1157 1369 1252 1424 καὶ
1274 1367 1431 1422 πλοῖα
1447 1367 1680 1440 Θαρσεῖς
1697 1369 1752 1420 ἐν
1771 1363 1910 1438 πρώ-

327 1481 455 1532 τοις,
476 1465 704 1532 ἀγαγεῖν
722 1462 792 1516 τὰ
811 1462 976 1515 τέκνα
1003 1479 1096 1514 σου
1126 1457 1418 1532 μακρόθεν,
1447 1457 1542 1512 καὶ
1560 1457 1649 1510 τὸν
1672 1456 1911 1529 ἄργυρον

329 1554 524 1607 καὶτὸν
541 1554 738 1625 χρυσὸν
762 1551 940 1606 αὐτῶν
963 1551 1077 1622 μετ’
1100 1550 1300 1614 αὐτῶν,
1323 1547 1419 1602 καὶ
1438 1549 1523 1602 διὰ
1545 1548 1607 1602 τὸ
1630 1548 1799 1618 ὄνομα
1809 1549 1913 1600 Κυ-

334 1643 444 1716 ρίου
467 1643 527 1696 τὸ
559 1643 732 1711 ἅγιον,
756 1642 848 1696 καὶ
873 1643 960 1696 διὰ
977 1641 1039 1695 τὸ
1067 1642 1157 1695 τὸν
1173 1641 1239 1710 ἀγ
1249 1658 1326 1694 ιον
1345 1639 1439 1694 τοῦ
1469 1639 1682 1712 Ἰσραὴλ
1705 1638 1912 1705 ἔνδοξον

330 1732 486 1790 εἶναι.
512 1753 530 1786 ι
565 1735 676 1798 Τὰς
706 1734 997 1806 ἐκκλησίας
1019 1733 1076 1787 δὲ
1104 1734 1298 1803 νήσους
1331 1732 1426 1786 καὶ
1453 1731 1541 1786 διὰ
1570 1731 1678 1784 τῶν
1704 1729 1911 1801 ἐμπρο-

331 1827 453 1882 σθεν
475 1830 502 1882 ὁ
524 1827 680 1897 λόγος
718 1828 958 1900 ᾐνίττετο
982 1827 1282 1898 σημαίνων.
1315 1827 1466 1880 Ἐπεὶ
1488 1824 1667 1878 τοίνυν
1691 1823 1791 1886 τὰς
1813 1823 1914 1875 ἐπ-

1999 626 2240 695 adjuncti
2284 625 2494 680 scilicet
2542 637 2598 680 et
2646 622 2985 678 annumerati
3032 621 3199 675 choro
3240 633 3452 681 eorum,
3487 621 3578 686 qui

2001 719 2054 772 in
2098 717 2277 788 prisco
2307 716 2398 771 illo
2437 716 2633 786 populo
2670 717 2837 785 probe
2866 729 2924 770 se
2958 721 3267 784 gesserunt.
3290 710 3580 777 Quocirca,

2002 806 2227 861 effusam
2264 806 2466 862 Christi
2529 807 2580 860 in
2641 807 2886 861 homines
2942 805 3172 875 gratiam
3225 804 3582 868 admirantes,

2004 891 2214 954 necnon
2260 899 2523 967 gentium,
2556 914 2678 967 quae
2708 897 2934 952 salutem
2968 896 3238 960 obtinent,
3275 895 3585 950 multitudi-

2005 1005 2152 1056 nem,
2187 1005 2484 1060 eorumque
2535 999 2657 1058 post
2691 1000 2919 1044 mortem
2976 989 3044 1043 ad
3091 989 3289 1044 coelum
3319 987 3582 1059 volatum,

2008 1079 2214 1141 dicunt,
2243 1099 2260 1132 ι
2290 1080 2520 1146 Quinam
2552 1082 2602 1134 hi
2633 1081 2802 1135 sunt?
2842 1089 2899 1134 ut
2923 1080 3093 1136 nubes
3115 1079 3322 1148 Volunt,
3348 1090 3403 1136 et
3445 1081 3584 1136 sicut

2007 1173 2269 1229 columba:
2301 1188 2424 1229 cunt
2451 1174 2611 1243 pullis
2635 1186 2795 1244 super
2828 1189 2931 1230 me.
2961 1191 2980 1225 ι

2079 1353 2246 1409 Vens.
2293 1352 2346 1408 9.
2395 1370 2415 1404 ι
2463 1349 2548 1408 Me
2607 1351 2794 1408 insulae
2853 1363 3262 1423 eXSpectarunt,
3323 1364 3378 1411 et
3424 1371 3589 1413 naves

2012 1444 2237 1502 Tharsis
2267 1445 2320 1500 in
2352 1445 2642 1515 primis,ut
2672 1444 2943 1498 adducant
2982 1445 3120 1500 ﬁlios
3161 1455 3278 1501 tuos
3307 1447 3374 1503 de
3406 1446 3590 1518 longe,

2012 1548 2068 1594 et
2090 1549 2371 1609 argentum
2405 1547 2460 1594 et
2498 1553 2689 1592 aurum
2721 1552 2907 1592 eorum
2939 1553 3061 1592 cum
3102 1538 3206 1604 eis,
3239 1547 3458 1608 propter
3498 1555 3590 1596 no-

2013 1645 2135 1685 men
2164 1630 2376 1684 Domini
2406 1639 2674 1698 sanctum,
2705 1639 2760 1684 et
2789 1640 2847 1684 ut
2875 1639 3098 1684 sanctus
3131 1629 3296 1684 Israel
3327 1630 3592 1700 gloriosus

2014 1722 2105 1777 sit.
2150 1741 2170 1774 ι
2213 1721 2486 1777 Ecclesias
2513 1736 2642 1777 vero
2695 1721 2749 1775 in
2801 1721 3233 1790 praecedentibus
3266 1737 3361 1788 per
3389 1721 3593 1776 insulas

2017 1810 2328 1865 adumbrari
2361 1811 2720 1881 signiﬁcabat.
2761 1812 2895 1879 Quia
2926 1813 3094 1880 igitur
3127 1814 3389 1883 promissa
3421 1814 3594 1882 patri-

329 1920 668 1992 ηγγελμένας
708 1919 843 1991 πρὸς
881 1920 1006 1983 τοὺς
1043 1917 1283 1991 πατέρας
1325 1916 1654 1986 ἐπαγγελίας
1696 1915 1754 1967 αἱ
1813 1915 1901 1966 ἐκ·

2028 1918 2102 1957 ιυε
2135 1901 2272 1956 facta
2320 1902 2572 1958 Ecclesiae
2612 1903 2727 1967 Dei,
2783 1903 3094 1972 prophetias
3131 1903 3463 1970 evolventes,
3495 1920 3594 1958 ex-

331 2011 548 2082 κλησίαι
577 2008 671 2063 τοῦ
699 2008 833 2063 Θεοῦ
870 2008 970 2072 τὰς
1000 2009 1347 2081 προφητείας,
1374 2007 1716 2079 διερχόμεναι
1746 2021 1912 2078 προσ-

334 2101 550 2165 εδόκων,
574 2100 798 2164 εἰκότως
818 2100 1043 2171 φησίνοςι
1065 2099 1196 2170 Ἐμὲ
1219 2099 1371 2171 νῆσοι
1400 2099 1719 2170 ὑπέμειναν.
1748 2097 1913 2151 Ῑ-Ιλοῖα

334 2190 589 2260 Θαρσεῖς·
618 2209 638 2242 ι
665 2190 960 2243 αἰνίττεται
989 2187 1060 2242 τὰ
1091 2188 1319 2259 σώματα
1340 2182 1419 2252 οἷς
1448 2187 1777 2259 ἐπενήξαντο
1815 2204 1914 2240 κα-

335 2282 401 2336 τὰ
431 2282 524 2336 τὸν
559 2282 748 2354 θνητὸν
781 2283 896 2353 βίον
938 2283 994 2336 αί
1016 2281 1202 2353 ψυχαί.
1247 2281 1480 2351 Θαρσεῖς
1523 2281 1579 2334 δὲ
1603 2279 1914 2349 ἀλλοφύλων

338 2374 498 2427 πάλιν
529 2374 788 2444 ἐτύγχανε
827 2373 1010 2446 χώρα·
1046 2374 1126 2428 διὸ
1166 2372 1297 2444 περὶ
1333 2373 1640 2443 ἀλλοφύλων
1674 2372 1916 2426 ἀπίστων

339 2467 551 2538 εἴρηταί
578 2483 680 2520 που
699 2483 713 2497 ⁸
753 2485 772 2519 t
797 2466 884 2520 Ἑν
914 2465 1182 2536 πνεύματι
1233 2466 1390 2538 βιαίῳ
1426 2465 1735 2538 συντρίψεις
1761 2465 1918 2520 πλοῖα

339 2560 589 2630 Θαρσεῖς.
617 2576 637 2611 ι
684 2558 819 2611 Ἀλλ’
843 2560 1020 2612 ἐκεῖνο
1058 2557 1156 2630 μὲν
1188 2557 1529 2630 συνετρίϐετο
1551 2574 1565 2588 ο
1598 2556 1832 2611 ἐνταῦθα
1862 2557 1920 2610 δέ

337 2649 407 2703 τά
437 2649 601 2701 τέκνα
631 2649 732 2719 τῆς
771 2648 1005 2712 παλαιᾶς
1050 2649 1402 2720 Ἰερουσαλὴμ
1427 2649 1494 2702 τὰ
1530 2648 1590 2713 ἐξ
1625 2649 1792 2702 ἐθνῶν
1824 2649 1920 2702 αύο

337 2742 404 2811 τῇ
442 2740 848 2812 προσγενόμενα
876 2741 1061 2803 αὐτοῖς
1103 2739 1307 2803 πλοίοις
1345 2740 1616 2812 μακρόθεν
1657 2739 1792 2811 πρὸς
1833 2740 1923 2794 αὐ-

337 2830 436 2902 τὴν
466 2830 584 2902 ἥξει
603 2847 617 2861 ⁸
650 2832 948 2895 τουτέστιν,
973 2833 1155 2894 αὐτοῖς
1184 2830 1432 2903 σώμασιν
1460 2833 1552 2885 ἐπὶ
1582 2833 1642 2884 τὸ
1675 2835 1921 2903 κρεῖττον

342 2922 743 2995 μεταϐληθεῖσι.
773 2921 998 2988 Ἦξουσι
1041 2923 1221 2977 τοίνυν
1261 2925 1440 2988 αὐτοῖς
1469 2927 1580 2989 τοῖς
1604 2924 1847 2996 σώμασιν
1873 2927 1923 2978 οἱ

339 3015 728 3086 προλεχθέντες
763 3015 862 3080 τὰς
902 3019 1022 3071 κατ’
1056 3016 1256 3090 ἀρετὴν
1301 3015 1526 3090 πράξεις
1556 3019 1795 3090 ἄργυρον
1832 3018 1924 3071 καὶ

343 3104 541 3175 χρυσὸν
565 3105 969 3178 ὀνομαζομένας
991 3109 1340 3181 ἐπαγόμενοι.
1376 3108 1610 3181 Πράξεις
1627 3109 1684 3164 δὲ
1706 3104 1812 3162 οἶδε
1834 3107 1925 3162 τὸν

344 3194 542 3269 χρυσὸν
566 3199 661 3252 καὶ
690 3198 780 3251 τὸν
807 3197 1046 3270 ἄργυρον
1073 3199 1102 3251 ὁ
1141 3199 1478 3264 Ἀπόστολος.

2017 1993 2371 2061 spectabant,
2418 1992 2544 2063 jure
2595 1994 2693 2059 ait,
2744 2011 2763 2044 ι
2803 1993 2886 2048 Me
2941 1994 3130 2048 insulae
3184 2004 3596 2063 exspectarunt.
3639 1985 3654 1999 ’

2019 2082 2192 2138 Naves
2211 2081 2481 2149 Tharsis;
2517 2102 2535 2135 ι
2571 2083 2656 2138 his
2686 2084 2996 2138 subindicat
3041 2099 3292 2154 corpora,
3315 2084 3369 2138 in
3402 2085 3598 2153 quibus

2019 2176 2316 2230 enatabant
2371 2177 2568 2230 animae
2619 2176 2672 2230 in
2724 2177 2824 2230 hac
2861 2177 3072 2232 mortali
3121 2178 3232 2231 vita
3267 2177 3598 2232 conStitutac.

2022 2266 2245 2322 Tharsis
2285 2267 2414 2321 item
2474 2267 2900 2339 alienigenarum
2947 2270 3191 2340 gentium
3238 2269 3387 2338 regio
3436 2279 3552 2324 erat
3581 2285 3601 2321 :

2027 2371 2198 2425 quare
2224 2358 2290 2411 de
2326 2354 2619 2411 incredulis
2650 2355 2967 2428 alienigenis
3000 2356 3194 2412 alicubi
3229 2359 3447 2422 dicitur,
3494 2375 3514 2409 ι
3542 2357 3598 2411 In

2024 2448 2214 2518 Spiritu
2248 2449 2553 2503 vehementi
2587 2461 2835 2504 conteres
2865 2463 3030 2504 naves
3067 2447 3291 2504 Tharsis
3317 2450 3384 2502 ὀ.
3430 2466 3449 2500 ι
3491 2447 3601 2503 Sed

2027 2539 2155 2605 illud
2198 2540 2416 2608 quidem
2465 2539 2890 2595 conterebatur:
2923 2539 3013 2595 hic
3060 2555 3188 2596 vero
3235 2541 3329 2596 ﬁlii
3369 2543 3604 2614 antiquae

2026 2630 2172 2686 illius
2201 2628 2522 2698 Jerusalem,
2555 2631 2647 2701 qui
2682 2648 2750 2686 ex
2799 2631 3050 2700 gentibus
3080 2635 3145 2686 ad
3176 2649 3296 2687 eam
3343 2636 3604 2690 accedent

2026 2722 2214 2793 procul
2255 2732 2305 2776 et
2336 2723 2402 2778 ad
2434 2723 2608 2792 ipsam
2641 2722 2910 2792 appellent
2934 2725 3071 2778 vecti
3111 2724 3359 2790 navibus,
3409 2727 3461 2780 id
3497 2739 3603 2795 esr,

2028 2816 2350 2887 corporibus
2397 2817 2451 2871 in
2485 2817 2678 2872 melius
2711 2818 3077 2872 commutatis.
3139 2819 3272 2873 Cum
3311 2819 3442 2888 ipsis
3474 2835 3605 2892 ergo

2028 2909 2348 2977 corporibus
2374 2909 2611 2976 pradicti
2645 2909 2883 2976 venient,
2926 2923 3088 2978 opera
3118 2925 3238 2963 cum
3263 2912 3463 2967 virtute
3491 2912 3607 2966 edi-

2030 2989 2106 3067 ta,
2137 3015 2330 3054 aurum
2368 3008 2423 3054 et
2474 3011 2760 3070 argenturm
2816 3001 2975 3064 dicta,
3030 3003 3376 3058 advehentes.
3428 3003 3605 3076 Opera

2031 3107 2160 3148 vero
2185 3107 2283 3162 pro
2307 3106 2442 3146 auro
2465 3100 2522 3146 et
2550 3100 2772 3163 argento
2795 3092 2994 3162 accipit
3017 3093 3324 3163 Apostolus.

421 3309 441 3342 c
459 3291 571 3344 Καὶ
609 3264 1046 3363 οίκοδομησουυσιν
1070 3291 1374 3362 ἀλλογενεῖς
1401 3292 1472 3347 τὰ
1509 3292 1662 3365 τείχη
1689 3310 1804 3358 σου,
1835 3291 1926 3346 καὶ

2101 3295 2269 3351 Vens.
2304 3295 2389 3361 10,
2423 3295 2510 3350 li.
2548 3313 2567 3346 ι
2602 3293 2670 3350 Ει
2695 3294 3040 3350 aediﬁcabant
3076 3295 3391 3366 alienigena:
3423 3312 3610 3351 muros

344 3382 395 3436 οί
428 3382 667 3453 βασιλεῖς
697 3382 877 3436 αὐτῶν
898 3383 1338 3455 παραστήσονταί
1377 3403 1479 3439 σοι.
1509 3385 1607 3438 Διά
1633 3384 1740 3457 γὰρ
1760 3385 1930 3456 ὀργήν

348 3493 451 3547 μου
490 3472 738 3540 ἐπάταξά
761 3492 841 3539 σε,
887 3477 982 3529 καὶ
1008 3475 1095 3532 διὰ
1116 3477 1261 3530 έλεον
1289 3477 1556 3548 ἠγάπησά
1587 3493 1664 3530 σε.
1698 3477 1806 3530 Καὶ
1835 3477 1932 3530 ἀνα

343 3567 688 3639 οιχθήσονται
714 3567 770 3619 αί
793 3565 957 3620 πύλαι
983 3583 1075 3620 σου
1101 3567 1190 3621 διὰ
1217 3566 1435 3631 παντὸς,
1462 3566 1673 3638 ἡμέρας
1711 3566 1806 3621 καὶ
1847 3585 1934 3621 νυ-

346 3660 474 3723 κτὺς
506 3659 566 3712 οὐ
603 3658 1032 3731 κλεισθήσονται,
1071 3662 1389 3730 εἰσαγαγεῖν
1439 3659 1576 3732 πρὸς
1607 3658 1668 3711 σέ
1706 3657 1934 3729 δύναμιν

347 3751 538 3815 ἐθνῶν,
566 3751 662 3805 καὶ
699 3749 940 3821 βασιλεῖς
966 3751 1144 3805 αὐτῶν
1170 3752 1489 3820 ἀγομένους.
1523 3769 1542 3803 ι
1575 3749 1686 3804 Καὶ¹
1713 3749 1844 3804 αὐτὸ
1868 3749 1935 3804 δι’

349 3843 527 3915 ἔργων
563 3843 982 3914 ἐπιτελούμενον
1009 3843 1129 3915 ὕψει
1158 3845 1460 3916 ἐπιστήσας
1485 3843 1574 3898 τὸν
1604 3843 1750 3907 νοῦν,
1775 3843 1849 3907 ὠς
1877 3843 1940 3909 ἐξ

352 3933 655 4003 ἀλλογενῶν
685 3935 780 3988 καὶ
807 3934 1119 4004 ἀλλοφύλων
1147 3934 1317 3989 ἐθνῶν
1354 3935 1455 4005 τῆς
1490 3935 1816 4006 Ἐκκλησίας
1839 3934 1934 3988 τοῦ

353 4023 491 4078 Θεοῦ
537 4025 878 4095 προεστῶτες
911 4026 1104 4097 ἄνδρες
1141 4025 1512 4090 διδασκαλίαις
1539 4027 1938 4098 περιφράττου-

357 4130 463 4180 σιν,
491 4114 679 4186 ῶσπερ
707 4115 817 4169 τισὶ
843 4116 1149 4188 περιϐόλοις
1177 4116 1273 4170 καὶ
1296 4115 1535 4185 τείχεσιν
1572 4114 1936 4187 ἀσφαλιζόμε-

355 4223 440 4263 νοι
472 4205 562 4258 τὸν
589 4206 689 4276 τῆς
729 4206 1040 4270 θεοσεϐείας
1072 4206 1251 4276 λόγον,
1288 4208 1368 4271 εἰς
1402 4207 1461 4260 τὸ
1506 4207 1580 4278 μὴ
1618 4207 1940 4279 παρεισδύε-

357 4298 480 4352 σθαι
512 4299 642 4362 τοὺς
669 4297 982 4370 ἀλλοτρίους
1011 4299 1110 4371 τῆς
1139 4299 1394 4364 πίστεως,
1427 4299 1562 4370 μηδέ
1591 4297 1775 4370 χώραν
1796 4298 1940 4370 ἔχειν

356 4391 648 4462 ἐπιϐουλῆς
676 4392 816 4445 κατὰ
836 4390 944 4443 τῶν
975 4391 1075 4462 τῆς
1099 4390 1356 4461 ἀληθείας
1377 4390 1684 4463 δογμάτων.
1719 4391 1782 4444 Οί
1807 4390 1939 4458 γοῦν

357 4484 467 4537 τῶν
500 4484 826 4554 Ῥωμαϊκῶν
865 4484 1161 4555 ταγμάτων
1194 4483 1474 4554 ἄρχοντες,
1515 4483 1609 4536 καὶ
1657 4482 1764 4535 τῶν
1813 4500 1943 4554 κρα-

2030 3399 2176 3456 tuos,
2211 3399 2265 3446 et
2303 3404 2457 3462 reges
2485 3404 2672 3445 eorum
2719 3387 2974 3444 astabunt
3029 3389 3146 3444 tibi.
3211 3389 3438 3457 Propter
3471 3389 3608 3443 iram

2032 3483 2176 3541 enim
2221 3496 2398 3537 meam
2443 3481 2682 3550 percussi
2717 3489 2792 3547 te,
2831 3489 2886 3535 et
2933 3489 3153 3550 propter
3183 3481 3609 3534 misericordiam

2034 3574 2194 3632 dilexi
2237 3583 2308 3628 te.
2345 3573 2411 3627 Et
2438 3573 2752 3643 aperientur
2802 3581 2970 3643 portae
3005 3583 3108 3626 tuae
3152 3587 3385 3642 semper,
3412 3573 3498 3627 die
3547 3587 3615 3626 ac

2035 3675 2194 3721 nocte
2221 3680 2326 3720 non
2353 3665 2698 3729 claudentur,
2734 3674 2794 3718 ut
2825 3665 3086 3719 inducant
3129 3665 3195 3716 ad
3235 3672 3286 3717 te
3315 3664 3611 3733 potentiam

2035 3757 2299 3828 gentium,
2334 3765 2388 3810 et
2426 3769 2581 3826 reges
2619 3770 2805 3809 earum
2849 3754 3036 3810 duces.
3075 3773 3094 3806 ι
3157 3755 3220 3808 Et
3251 3754 3356 3810 hoc
3395 3770 3454 3810 re
3488 3771 3613 3824 per-

2038 3857 2217 3902 actum
2259 3847 2462 3914 videas,
2493 3847 2538 3901 si
2563 3847 2746 3902 animo
2781 3847 3054 3908 attendas.
3100 3861 3164 3899 ex
3208 3846 3529 3916 alienigenis
3559 3859 3616 3902 et

2037 3939 2307 3995 extraneis
2355 3938 2608 4008 gentibus
2652 3941 2803 3993 viros
2869 3935 3128 3994 Ecclesiae
3182 3937 3272 3993 Dei
3334 3937 3618 4008 przefectos

2037 4032 2210 4100 ipsam
2225 4030 2468 4085 doctrina
2499 4019 2949 4094 circummunire,
2969 4032 3068 4100 pia:
3089 4030 3363 4098 religionis
3389 4033 3616 4085 vernum

2039 4122 2193 4194 quasi
2217 4134 2370 4194 septo
2407 4131 2462 4178 et
2495 4138 2653 4178 muro
2687 4131 2948 4188 tutantes,
2984 4137 3051 4178 ne
3099 4123 3261 4177 alieni
3299 4139 3326 4175 a
3360 4124 3465 4177 tide
3498 4124 3619 4178 sub-

1999 4232 2004 4237 ι
2040 4221 2252 4282 repant,
2270 4226 2406 4266 neve
2427 4209 2605 4266 locum
2631 4212 2867 4266 habeant
2903 4211 3127 4266 insidias
3153 4221 3343 4265 contra
3370 4210 3619 4265 veritatis

2039 4306 2292 4372 dogmata
2327 4303 2575 4374 parandi.
2640 4302 3006 4358 Romanorum
3047 4305 3247 4371 quippe
3280 4303 3617 4357 exercituum

2041 4395 2333 4466 principes,
2384 4409 2447 4449 ac
2491 4393 2875 4464 imperantium
2930 4407 3116 4464 regum
3164 4403 3339 4448 metus
3385 4392 3622 4446 maxime

2042 4489 2328 4544 conferunt
2379 4487 2444 4541 ad
2479 4485 2854 4556 depellendum
2896 4497 3014 4546 eos,
3073 4483 3164 4551 qui
3223 4483 3476 4538 Ecclesiae
3530 4484 3622 4540 Dei

359 4576 598 4630 τούντων
631 4576 894 4648 βασιλέων
939 4577 967 4628 ὁ
996 4575 1158 4646 φόϐος
1200 4575 1269 4628 τὰ
1309 4576 1520 4647 μεγάλα
1571 4575 1926 4646 συμϐάλλεται

2046 4579 2272 4634 insidias
2300 4587 2537 4633 struunt.
2584 4576 2760 4632 Porta;
2817 4585 3001 4630 autem
3039 4577 3276 4630 civitatis
3323 4576 3438 4640 Dei,
3472 4590 3623 4645 qua:-

361 4668 499 4738 πρὸς
540 4667 848 4739 ἀνατροπὴν
875 4665 982 4720 τῶν
1019 4666 1389 4720 ἐπιϐουλεύειν
1413 4669 1478 4738 τῇ
1519 4667 1813 4739 Ἐκκλησία
1845 4666 1926 4720 τοῐ

2045 4685 2169 4726 nam
2200 4669 2423 4732 fuerint,
2441 4669 2544 4722 nisi
2569 4667 2926 4722 elementares
2951 4667 3055 4721 illa:
3072 4677 3125 4722 et
3157 4665 3393 4721 initiales
3418 4667 3590 4720 doctri

360 4759 496 4814 Θεοῦ
525 4761 900 4832 πειρωμένων.
926 4759 1099 4813 Πύλαι
1129 4759 1187 4812 δὲ
1215 4758 1315 4829 τῆς
1346 4758 1439 4812 τοῦ
1463 4758 1598 4812 Θεοῦ
1629 4759 1837 4822 πόλεως
1861 4758 1944 4812 τί-

359 4869 450 4916 νες
481 4851 547 4905 ἂν
571 4847 680 4905 εἷεν
705 4853 738 4923 ἢ
771 4855 824 4906 αἱ
860 4851 1216 4923 στοιχειώδεις
1241 4852 1334 4906 καὶ
1365 4851 1672 4905 είσακτικαὶ
1697 4851 1946 4906 διδασκαο

360 4944 503 5008 λίαι;
532 4945 630 4998 Διά
655 4945 850 5010 νυκτὸς
879 4945 972 4998 καὶ
996 4945 1234 5017 ἡμέρας,
1265 4945 1451 5016 φησὶν,
1485 4942 1754 5014 ὴνεῷχθαι
1778 4945 1945 4996 πᾶσιν

362 5034 671 5105 ἀνθρώποις
695 5037 830 5108 πρὸς
855 5036 916 5090 τὸ
943 5039 1152 5102 πάντας
1182 5035 1518 5107 εἰσδέχεσθαι
1541 5037 1667 5099 τοὺς
1696 5034 1754 5100 ἐξ
1781 5037 1946 5089 ἁπάν-

359 5143 470 5179 των
514 5125 622 5179 τῶν
667 5126 835 5181 ἐθνῶν
881 5127 1152 5182 θεοσεϐεῖν
1199 5125 1634 5200 προῃρημένους.
1678 5127 1945 5197 Δυνάμεις

366 5216 464 5288 μὲν
497 5212 590 5270 οὖν
616 5217 722 5271 τῶν
747 5219 914 5272 ἐθνῶν
941 5221 1077 5273 είσιν
1113 5221 1162 5274 oi
1200 5221 1488 5292 δυνάμενοι
1518 5219 1695 5289 λέγειν
1715 5236 1729 5249 ο
1765 5236 1784 5269 ι
1803 5219 1945 5272 Πάν-

361 5325 431 5360 τα
466 5309 635 5378 ίσχύω
669 5311 726 5364 ἐν
757 5310 834 5382 τῷ
870 5311 1250 5384 ἐνδυναμοῦντί
1288 5330 1355 5384 με
1378 5329 1391 5342 ’
1424 5331 1442 5364 ι
1493 5310 1731 5382 βασιλεῖς
1759 5310 1815 5362 δὲ
1848 5310 1944 5364 αύ-

363 5401 477 5453 τῶν
509 5402 557 5453 οἱ
586 5399 851 5472 ἐξαίρετοι
885 5403 982 5456 καὶ
1008 5405 1104 5474 τῆς
1129 5404 1452 5477 ἐπουρανίου
1481 5402 1756 5475 βασιλείας
1779 5400 1939 5467 ἄξιοι.

369 5491 514 5562 Ἤδη
540 5492 595 5546 δὲ
622 5495 714 5547 καί
735 5497 1078 5565 σωματικοὺς
1115 5497 1395 5568 Ῥωμαίων
1423 5495 1828 5568 αὐτοκράτορας
1849 5495 1944 5548 καὶ

372 5581 612 5662 βασιλεῖς
639 5583 781 5655 ὁρῶν
809 5601 892 5648 τις
938 5582 1330 5657 ὑποτρέχοντας
1359 5587 1458 5656 τῆς
1496 5583 1819 5656 Ἐκκλησίας
1851 5580 1945 5637 τοῦ

371 5674 508 5729 Θεοῦ
536 5675 634 5738 τὰς
649 5675 844 5740 πύλας,
868 5675 1092 5731 καὶτῶν
1109 5676 1239 5729 είσω
1264 5677 1444 5731 πυλῶν
1477 5677 1788 5750 μυστηρίων
1816 5693 1948 5730 κατ-

2043 4761 2160 4818 nte?
2189 4760 2354 4817 Nocte
2373 4769 2426 4814 et
2451 4760 2560 4824 die,
2585 4760 2781 4829 inquit,
2811 4760 3062 4815 omnibus
3093 4758 3403 4814 hominibus
3423 4767 3624 4828 aperta:

2044 4862 2194 4919 sunt,
2224 4861 2284 4908 ut
2335 4852 2609 4922 excipiant
2639 4865 2734 4906 eos
2789 4867 2856 4906 ex
2895 4851 3149 4906 omnibus
3200 4849 3471 4920 gentibus,
3529 4850 3624 4919 qui

2047 4946 2216 5001 Deum
2250 4945 2430 5002 colere
2460 4945 2513 4999 in
2549 4945 2826 5014 proposito
2853 4943 3074 4998 habent.
3103 4943 3349 4997 Potentia
3384 4943 3624 5013 gentium

2048 5044 2176 5090 sunt
2210 5035 2245 5088 ii
2274 5036 2362 5103 qui
2393 5035 2572 5089 dicere
2601 5036 2806 5097 valent,
2836 5053 2854 5086 ι
2877 5033 3066 5089 Omnia
3097 5047 3314 5103 possum
3347 5033 3400 5087 in
3429 5048 3495 5087 eo
3532 5033 3623 5101 qui

2052 5141 2139 5180 me
2194 5127 2464 5179 confortat
2493 5123 2578 5178 ":
2615 5141 2633 5175 ι
2679 5139 2833 5193 reges
2876 5139 3062 5178 earum
3101 5123 3136 5177 ii
3189 5133 3316 5178 sunt
3356 5125 3445 5194 qui
3495 5138 3625 5192 pra-

2050 5215 2340 5271 Stantiores
2392 5223 2447 5270 et
2489 5215 2697 5269 cmlesti
2746 5229 2913 5284 regno
2966 5213 3112 5284 digni
3166 5215 3454 5270 habentur.
3505 5213 3624 5272 .lam

2050 5325 2214 5378 vero,
2270 5325 2393 5364 cum
2455 5323 2715 5379 corporeo
2759 5323 2911 5363 more
2960 5317 3212 5376 acceptos
3259 5306 3625 5362 Romanorum

2048 5399 2403 5471 imperatores
2431 5400 2664 5455 vidimus
2691 5402 2757 5453 ad
2795 5398 3052 5453 ecclesias
3091 5398 3184 5452 Dei
3217 5405 3626 5459 concurrentes,

2051 5499 2104 5545 et
2141 5491 2520 5561 mysteriorum
2551 5504 2670 5560 quae
2710 5490 2850 5543 intra
2873 5487 3067 5556 ianuas
3083 5496 3429 5558 peraguntur
3458 5485 3628 5555 parti-

2052 5581 2218 5648 cipes,
2258 5582 2528 5651 quomodo
2586 5579 2825 5636 vaticinii
2866 5580 3150 5636 veritatem
3207 5594 3312 5634 non
3366 5576 3628 5634 conﬁtea-

2057 5674 2212 5727 tnur?

371 5768 744 5841 ἀξιουμένους,
782 5765 899 5831 πῶς
934 5767 1035 5820 οὐκ
1064 5765 1317 5837 ἀλήθειαν
1358 5769 1695 5839 μαρτυρήσει
1732 5767 1809 5837 τῷ
1839 5765 2205 5836 θεσπίσματι;

349 5903 364 5925 ,
453 5863 532 5916 ¹⁹Ι
579 5863 766 5921 Thess.
792 5879 863 5930 tv,
898 5862 984 5916 i6.
1059 5863 1104 5894 '°
1127 5861 1438 5929 Psal.xr.vn,
1471 5862 1523 5918 8.
1616 5866 1657 5896 ἰ
1691 5861 1920 5932 Philipp.
1955 5877 2024 5926 tv,
2057 5861 2137 5915 l5.
