4130 6400
553 307 662 365 495

1241 305 1513 362 EUSEllll
1552 303 2032 361 CAESARIENSIS
2073 303 2104 360 C

2211 345 2222 354 .
2266 302 2446 356 PARS
2486 301 2572 359 Ill.
2615 333 2682 341 -ρ
2720 301 3136 358 EXEGETICA.

3712 311 3818 367 496

624 425 788 482 Vens.
842 429 932 492 12,
967 427 1047 481 15.
1087 445 1104 478 ι
1136 426 1334 480 Gentes
1369 410 1531 480 cnim
1587 437 1642 480 et
1697 442 1872 497 reges,
1907 428 1998 498 qui
2032 427 2104 481 tib

2310 444 2328 478 ι
2353 425 2433 477 Ta
2449 425 2557 496 γὰρ
2580 424 2707 496 ἔθνη
2724 425 2816 478 xal
2837 427 2882 478 οἱ
2903 424 3161 496 βασιλεῖς,
3179 425 3370 490 οἵτινες
3391 425 3452 478 οὐ
3478 424 3821 484 δουλεύσουσί

556 536 662 574 non
700 520 963 582 servient,
1004 518 1277 588 peribunt,
1339 529 1392 570 et
1431 529 1620 587 gentes
1660 519 1912 572 vastitate
1952 527 2130 572 vasta-

2238 533 2339 580 σοι,
2368 515 2718 581 ἀπολοῦνται,
2755 517 2849 570 καὶ
2890 518 2958 570 τά
2981 516 3109 588 ἔθνη
3136 519 3342 590 ὲρημίᾳ
3378 521 3818 593 ἐρημωθήσεται.

553 613 774 666 buntur.
801 609 865 664 Et
893 610 1064 679 gloria
1106 608 1300 664 Libani
1350 611 1416 663 ad
1459 620 1513 664 te
1544 611 1744 677 veniet,
1775 611 1826 665 in
1855 612 2104 681 cyparissi

2236 609 2343 662 Kal
2366 610 2398 680 ή
2424 608 2549 673 δόξα
2574 609 2668 662 τοῦ
2699 609 2931 663 Λιϐάνου
2962 611 3098 681 πρὸς
3133 610 3192 663 σὲ
3221 610 3340 682 ἥξει
3383 612 3440 664 ἐν
3473 616 3820 688 κυπαρίσσῳ,

547 711 600 756 et
625 703 753 770 pinu
782 711 838 756 et
863 701 1026 755 cedro
1050 700 1231 764 simul,
1261 702 1325 754 ad
1361 702 1770 770 glorificandum
1800 703 1974 759 locum
2004 718 2128 758 san-

547 805 691 848 ctum
719 808 918 848 meum.
963 813 981 846 ›
1017 792 1152 847 Nam
1208 793 1434 848 salutari
1470 803 1524 849 et
1559 794 1920 863 pulcherrima
1951 794 2126 850 servi-

549 894 661 939 tute
694 884 898 939 civitati
936 884 1028 939 Dei
1065 885 1405 940 serviendum
1436 886 1814 952 est,videlicet
1849 886 2125 952 Ecclesiae,

543 985 598 1029 et
631 977 731 1044 pia:
763 975 1031 1046 religioni,
1062 991 1182 1045 qua:
1212 975 1264 1030 in
1293 990 1354 1031 ea
1386 979 1606 1039 colitur,
1639 977 2018 1046 pulcherrima:
2072 986 2126 1033 et

548 1067 864 1122 celsissimaa
890 1065 1082 1122 Libani
1113 1066 1335 1122 arbores
1384 1068 1718 1134 deferentur,
1753 1079 1810 1123 nt
1834 1069 1942 1125 illis
1973 1070 2124 1127 locus

542 1171 763 1217 sanctus
799 1176 951 1216 meus
982 1161 1156 1231 gloria
1193 1160 1481 1216 afficiatur.
1501 1161 1660 1215 Tales
1682 1173 1862 1216 autem
1905 1162 2123 1229 fuerint,

543 1253 740 1306 eruditi
772 1253 871 1306 viri
904 1267 971 1306 ex
1003 1252 1277 1320 gentibus,
1309 1253 1575 1323 sapientia
1615 1254 1796 1308 saeculi
1827 1254 1986 1323 hujus
2021 1255 2125 1310 im-

540 1344 678 1409 buti,
716 1359 854 1413 quos
905 1344 958 1398 in
1016 1339 1256 1398 Ecclesia
1294 1341 1388 1398 Dei
1421 1342 1698 1414 ﬂorentes,
1731 1361 1796 1401 ac
1853 1349 2125 1403 sermonis

541 1445 802 1506 apparatu
835 1437 1004 1504 ipsam
1035 1445 1292 1490 ornantes
1326 1437 1695 1505 conspicatus,
1744 1439 2062 1510 neutiquam
2092 1453 2123 1493 a

540 1542 669 1583 vero
703 1529 947 1593 aberres,
998 1528 1045 1583 si
1084 1528 1231 1582 dicas
1275 1543 1369 1583 eos
1421 1529 1708 1600 allegorico
1767 1546 1938 1596 more,
1978 1531 2125 1602 ligua

538 1621 755 1684 Libani,
812 1623 1139 1692 cyparissos,
1172 1621 1330 1687 pinus
1373 1631 1428 1676 et
1464 1623 1656 1678 cedros
1697 1625 1881 1678 vocari
1918 1640 1933 1676 :
1969 1624 2122 1694 queis

537 1714 690 1769 locus
727 1725 950 1768 sanctus
981 1714 1075 1769 Dei
1121 1730 1329 1770 necnon
1372 1715 1604 1786 vestigia
1646 1718 1839 1784 pedum
1869 1718 2004 1784 ejus,
2037 1718 2118 1769 vi-

538 1805 729 1861 delicet
756 1805 1022 1872 Ecclesia,
1046 1807 1399 1878 glorificatur.

607 2072 769 2126 Vens.
808 2071 897 2125 M.
931 2089 950 2122 ‹
993 2070 1057 2124 Ει
1091 2070 1245 2124 ibunt
1289 2069 1356 2124 ad
1393 2079 1445 2126 te
1478 2069 1728 2125 timentes
1767 2069 1861 2123 lilii
1901 2084 2112 2135 eorum,

531 2166 625 2234 qui
670 2174 723 2220 te
754 2163 1199 2226 humiliavernnt,
1240 2170 1295 2215 et
1327 2161 1677 2216 irritaverunt
1705 2180 1717 2215 :
1745 2171 1798 2217 et
1833 2163 2116 2218 vocaberis

531 2257 732 2311 civitas
768 2254 924 2319 Sion,
966 2254 1140 2308 sancti
1179 2251 1369 2308 Israel.
1403 2273 1423 2307 ι
1468 2252 1533 2308 Et
1574 2268 1704 2310 sane
1735 2253 1932 2309 multos
1965 2254 2116 2309 novi-

531 2363 653 2404 mus
689 2362 756 2402 ex
790 2347 878 2410 iis,
908 2347 998 2415 qui
1033 2345 1160 2401 olim
1197 2346 1250 2399 in
1280 2345 1578 2401 Ecclesiam
1610 2346 1925 2416 blaSpliema
1949 2344 2122 2424 verba;

531 2437 893 2508 protulerunt,
927 2440 1206 2508 ipsamque
1237 2439 1606 2505 irritaverant,
1635 2439 1725 2508 qui
1755 2438 1868 2509 jam
1905 2425 2122 2492 mutata.

530 2531 817 2596 sententia,
853 2530 1020 2586 Deum
1060 2531 1112 2586 in
1145 2545 1209 2585 ea
1259 2532 1541 2587 adoratum
1575 2540 1859 2585 venerunt.

597 2714 761 2771 Vens.
803 2715 988 2770 15-17.
1037 2733 1058 2766 ι
1095 2714 1233 2781 Quia
1264 2711 1412 2767 fuisti
1463 2709 1741 2773 derelicta,
1774 2718 1828 2762 et
1861 2707 1986 2764 odio
2015 2707 2111 2761 lia-

511 2807 662 2873 -bita,
694 2817 750 2862 et
780 2823 886 2861 non
923 2817 1042 2862 erat
1072 2808 1164 2876 qui
1213 2805 1594 2860 auxiliaretur.
1637 2801 1705 2855 Et
1736 2815 1930 2871 ponam
1975 2811 2025 2853 te
2054 2798 2109 2853 in

523 2899 948 2953 exsultationem
1003 2897 1412 2966 sempiternam,
1447 2895 1501 2948 in
1540 2893 1779 2948 laetitiam
1811 2891 2109 2963 generatio-

528 2993 688 3047 nibus
714 2991 1154 3062 generationum,
1181 2997 1236 3044 et
1273 3001 1436 3058 suges
1474 2986 1557 3041 lac
1585 2985 1853 3056 gentium,
1888 2993 1944 3039 et
1980 2982 2110 3038 divi-

2233 701 2328 754 καὶ
2358 700 2559 775 πεύκῃ,
2614 700 2711 754 καὶ
2764 700 2940 772 κέδρῳ
2991 702 3128 772 ἅμα,
3163 701 3380 766 δοξάσαι
3421 703 3512 756 τὸν
3537 705 3697 760 τόπον
3730 710 3822 762 τὸν

2233 792 2391 860 ἅγιόν
2422 810 2543 863 μου.
2590 812 2608 843 ι
2647 791 2939 846 Δουλεῦσαι
2972 795 3080 866 γὰρ
3136 794 3216 846 δεῖ
3261 794 3359 866 τὴν
3407 797 3670 868 σωτήριον
3727 801 3821 852 καὶ

2232 880 2525 952 καλλίστην
2578 882 2822 936 δουλείαν
2861 885 2926 954 τῇ
2961 882 3055 935 τοῦ
3093 883 3228 936 Θεοῦ
3271 885 3442 950 πόλει,
3478 886 3622 954 λέγω
3655 888 3714 940 δὲ
3752 892 3818 960 τῇ

2243 974 2560 1046 Ἐκκλησία,
2593 975 2688 1028 καὶ
2729 973 2807 1045 τῷ
2847 977 2904 1028 ἐν
2929 976 3064 1047 αὐτῇ
3093 974 3335 1029 θεοσεϐεῖ
3361 977 3715 1050 πολιτεύματι
3750 981 3819 1033 τὰ

2229 1066 2492 1120 κάλλιστα
2519 1065 2611 1118 καὶ
2643 1065 2950 1135 ὑψηλότατα
2973 1065 3080 1118 τῶν
3112 1067 3169 1118 ὲν
3195 1065 3272 1137 τῷ
3298 1066 3514 1138 Λιϐάνῳ
3545 1070 3686 1138 φυτά
3725 1088 3816 1123 κο-

2231 1158 2571 1229 μισθήσεται,
2625 1159 2706 1220 εἰς
2753 1157 2814 1210 τὸ
2845 1157 2912 1210 δι’
2941 1157 3120 1211 αὐτῶν
3165 1156 3488 1228 δοξασθῆναι
3525 1160 3615 1213 τὸν
3648 1161 3815 1215 τόπον

2225 1253 2315 1304 τὸν
2339 1251 2493 1318 ἅγιόν
2517 1267 2640 1320 μου.
2673 1249 2913 1303 Τοιοῦτοι
2943 1249 2988 1302 δ’
3018 1249 3083 1303 ἂν
3107 1245 3213 1302 εἷεν
3239 1250 3288 1303 οἱ
3320 1249 3378 1316 ἐξ
3407 1250 3575 1304 ὲθνῶν
3602 1251 3812 1320 ἐλλόγι-

2227 1359 2317 1411 μοι
2353 1341 2544 1412 άνδρες
2575 1341 2669 1395 xal
2691 1341 2880 1410 σοφίας
2907 1340 3000 1394 τοῦ
3025 1340 3220 1404 αἰῶνος
3253 1341 3442 1394 τούτου
3474 1345 3812 1415 μετεσχηκό-

2223 1449 2315 1496 τες
2338 1450 2351 1462 ·
2384 1433 2478 1496 οὒς
2499 1435 2556 1486 ὲν
2590 1435 2655 1504 τῇ
2691 1432 2984 1504 Ἐκκλησία
3007 1431 3099 1486 τοῦ
3129 1432 3262 1486 Θεοῦ
3287 1433 3684 1506 διαπρέποντας
3716 1435 3814 1491 καὶ.

2225 1524 2566 1596 κοσμοῦντας
2599 1525 2768 1597 αὐτὴν
2802 1528 2867 1597 τῇ
2903 1525 2995 1578 τοῦ
3017 1525 3176 1594 λόγου
3201 1529 3525 1599 παρασκευῇ
3549 1527 3812 1600 θεασάμε-

2223 1634 2314 1681 νος
2349 1617 2448 1670 οὐκ
2471 1616 2537 1670 ἂν
2568 1616 2836 1688 ἁμάρτοις
2860 1617 3056 1681 αὐτοὺς
3082 1611 3222 1672 εἶναι
3255 1619 3322 1672 τὰ
3356 1616 3486 1684 ξύλα
3519 1620 3613 1674 τοῦ
3650 1622 3814 1677 Λιϐά-

2225 1727 2317 1762 νου
2343 1748 2358 1773 ,
2391 1708 2745 1780 κυπάρισσον
2772 1709 2867 1762 καὶ
2896 1709 3105 1774 πεύκας
3140 1710 3234 1764 καὶ
3270 1711 3514 1784 κέδρους,
3558 1715 3697 1768 κατὰ
3730 1715 3807 1768 v6-

2117 1831 2131 1866 ι
2146 1801 2188 1854 Β
2221 1819 2318 1872 μον
2359 1801 2689 1873 ἀλληγορίας
2723 1802 2922 1856 εἰπών⁹
2960 1801 3028 1855 δι’
3075 1796 3150 1856 ὧν
3198 1803 3478 1871 δοξάζεται
3521 1807 3550 1858 ό
3581 1806 3743 1870 τόπος
3778 1809 3809 1859 6

2221 1893 2374 1962 ἅγιος
2401 1893 2494 1946 τοῦ
2512 1892 2668 1958 Θεοῦ,
2700 1894 2794 1947 καὶ
2821 1896 2850 1947 6
2869 1894 3033 1958 τόπος
3058 1893 3165 1948 τῶν
3194 1895 3369 1949 ποδῶν
3393 1898 3579 1963 αὑτοῦ,
3606 1898 3805 1973 δηλαδὴ

2219 1988 2253 2058 ή
2287 1987 2602 2059 Ἐκκλησία.

2294 2097 2311 2128 ι
2349 2067 2459 2132 Kal
2495 2077 2852 2151 πορεύσονται
2884 2078 3020 2150 πρὸς
3063 2078 3122 2132 σὲ
3151 2077 3447 2143 δεδοικότες
3479 2079 3585 2134 υἱοὶ
3616 2097 3807 2134 ταπει-
3831 2084 3852 2100 '

2217 2171 2506 2226 νωσάντων
2558 2189 2638 2236 σε,
2680 2171 2776 2226 καὶ
2829 2170 3250 2242 παροξυνάντων
3297 2189 3378 2236 σε,
3429 2174 3523 2227 καὶ
3557 2173 3807 2248 κληθήσῃ

2214 2262 2370 2325 πόλις
2391 2261 2549 2327 Σιὼν,
2596 2261 2752 2331 ἁγίου
2794 2262 3033 2333 Ἰσραήλ.
3071 2280 3090 2312 ι
3120 2261 3232 2315 Kal
3269 2260 3442 2325 ἄλλως
3469 2261 3526 2314 δὲ
3560 2261 3666 2315 τῶν
3696 2262 3807 2316 πά-

2214 2351 2304 2405 λαι
2332 2351 2840 2424 βλασφημησάντων
2887 2351 2983 2423 τὴν
3035 2351 3381 2423 Ἐκκλησίαν,
3432 2353 3526 2406 καὶ
3567 2351 3807 2424 παροξυ-

2214 2443 2420 2498 νάντων
2463 2444 2655 2514 αὐτὴν,
2697 2443 2793 2496 καὶ¹
2832 2439 3157 2506 διωξάντων,
3193 2441 3423 2506 πολλοὺς
3460 2443 3617 2514 ῐσμεν
3643 2461 3806 2514 μετα-

2217 2534 2501 2599 ϐαλόντας,
2542 2536 2636 2588 καὶ
2669 2535 2763 2588 ἐπὶ
2800 2533 2859 2587 τὸ
2899 2535 3221 2605 προσκυνεῖν
3267 2534 3358 2588 τὸν
3399 2536 3456 2588 ὲν
3491 2535 3627 2608 αὐτῇ
3664 2534 3806 2591 Θεὸν

2215 2627 2541 2699 ἐληλυθότας
2551 2668 2563 2680 .

2291 2735 2309 2769 t
2341 2717 2438 2770 Διά
2460 2717 2520 2770 τὸ
2542 2717 2866 2790 γεγενῆσθαί
2894 2737 2951 2772 σε
2973 2718 3564 2790 ὲγκαταλελειμμένην,
3589 2718 3681 2772 καὶ
3707 2735 3807 2790 με-

2215 2809 2542 2881 μισημένην,
2565 2810 2661 2863 καὶ
2697 2811 2795 2863 οὐκ
2812 2806 2880 2882 ἦν
2906 2813 2934 2864 6
2964 2810 3192 2882 βοηθῶν.
3221 2812 3331 2864 Kal.
3363 2811 3513 2884 θήσω
3541 2828 3600 2864 σε
3630 2810 3804 2880 ἀγαλ-

2211 2895 2382 2967 λίαμα
2423 2895 2659 2962 αἰώνιον,
2699 2897 3036 2969 εὐφροσύνην
3067 2899 3268 2968 γενεῶν
3299 2903 3533 2969 γενεαῖς,
3571 2901 3664 2954 καὶ
3699 2901 3804 2972 θη-

2212 2985 2397 3051 λάσεις
2423 2987 2565 3057 γάλα
2603 2987 2795 3054 ἐθνῶν,
2836 2989 2931 3042 καὶ
2975 2989 3202 3044 πλοῦτον
3237 2990 3499 3060 βασιλέων
3533 2992 3792 3061 φάγεσαι.

526 3087 628 3140 tias
651 3100 837 3156 regum
871 3083 1142 3140 comedes.
1189 3081 1257 3136 Et
1305 3093 1627 3150 cognosces,
1673 3079 1800 3148 quia
1844 3092 1944 3146 ego
1985 3089 2104 3130 sum

2211 3077 2324 3129 Kal
2356 3076 2561 3150 γνώσῃ,
2601 3078 2683 3130 ὅτι
2728 3076 2837 3146 ἐγὼ
2872 3075 3076 3149 Κύριος
3116 3081 3144 3132 ό
3179 3078 3365 3143 σώζων
3395 3096 3475 3142 σε,
3520 3081 3611 3132 καὶ
3643 3078 3798 3144 ἐξαι-

512 3153 808 3242 ‘Dominus,
833 3178 924 3246 qui
956 3176 1162 3231 salvum
1208 3184 1261 3230 te
1294 3173 1459 3236 facio,
1491 3181 1547 3227 et
1585 3173 1676 3241 qui
1718 3183 1851 3226 eruo
1883 3179 1933 3224 te
1963 3168 2103 3222 Deus

2210 3168 2466 3240 ρούμενός
2489 3185 2548 3221 σε
2579 3169 2712 3232 Θεὸς
2758 3168 2996 3239 Ἰσραήλ.
3025 3170 3136 3222 Καὶ
3161 3170 3281 3223 ἀντὶ
3311 3169 3511 3239 χαλκοῦ
3552 3170 3681 3223 οἴσω
3709 3164 3796 3222 σοι

524 3271 711 3328 Israel.
741 3272 809 3325 Et
837 3284 934 3338 pro
963 3283 1069 3322 aere
1100 3264 1322 3321 afferam
1384 3264 1479 3318 tibi
1541 3278 1730 3317 aurum
1767 3279 1783 3319 :
1815 3276 1914 3330 pro
1955 3260 2102 3314 ferro

521 3372 702 3417 autem
728 3360 947 3414 afferam
983 3359 1075 3412 tibi
1113 3366 1417 3429 argentum,
1445 3370 1541 3424 pro
1573 3353 1732 3422 lignis
1755 3351 1978 3407 all‘eram
2003 3349 2098 3406 tibi

517 3470 615 3520 aes,
643 3465 698 3509 et
731 3469 829 3522 pro
853 3450 1121 3520 lapidibus
1159 3449 1385 3503 ferrum.
1410 3446 1476 3501 Et
1504 3446 1641 3502 dabo
1672 3443 1946 3515 principes
1980 3451 2100 3497 tuos

519 3548 574 3600 in
621 3560 772 3614 pace,
810 3552 866 3599 et
903 3544 1187 3613 episcopos
1232 3550 1354 3595 tuos
1397 3539 1451 3593 in
1489 3536 1722 3607 justitia.
1759 3554 1777 3588 ι
1811 3535 1925 3590 Hoc
1968 3549 2098 3590 vero

518 3639 647 3708 quid
683 3638 869 3700 fuerit,
901 3636 1004 3692 nisi
1039 3650 1235 3690 novum
1283 3634 1596 3705 mysterium
1643 3629 1974 3700 evangelica:
2004 3629 2098 3684 do-

516 3731 727 3794 ctrinae,
750 3739 804 3784 et
825 3727 1175 3783 elementaris
1197 3725 1286 3781 illa
1315 3725 1448 3779 Novi
1468 3723 1801 3779 Testamenti
1825 3721 2099 3788 doctrina,

515 3822 671 3891 cujus
700 3829 982 3875 consortes
1009 3828 1136 3872 sunt
1165 3819 1196 3872 ii
1225 3818 1316 3887 qui
1349 3818 1401 3871 in
1432 3816 1648 3872 Christo
1683 3823 2093 3886 regenerantur,

504 3911 608 3980 ‘qui
645 3909 836 3977 seipsis
875 3908 1126 3961 meliores
1173 3906 1337 3962 futuri
1385 3919 1531 3975 sunt,
1584 3921 1649 3962 ac
1693 3906 1784 3960 Dei
1813 3912 2097 3959 structura:

513 4000 784 4061 utiliores,
824 3999 1279 4066 quemadmodum
1318 4008 1372 4054 et
1428 3999 1612 4068 primi,
1652 3999 1744 4067 qui
1776 4013 1873 4067 pro
1906 4011 2012 4051 tere
2039 4004 2094 4049 et

515 4090 662 4144 ferro
699 4103 888 4141 aurum
921 4097 976 4142 et
1007 4096 1287 4157 argentum
1336 4089 1388 4142 in
1439 4088 1916 4144 commutationem
1953 4084 2093 4138 obtio

509 4180 791 4236 nuerunt?

588 4319 748 4374 Vens.
782 4319 869 4374 18.
907 4339 926 4372 ι
975 4320 1039 4374 Et
1074 4335 1180 4374 non
1220 4319 1472 4373 audietur
1511 4317 1685 4372 adhuc
1721 4315 1980 4385 iniustitia
2037 4315 2090 4370 in

513 4424 659 4466 terra
699 4422 1002 4481 tua,neque
1029 4410 1306 4472 contritio,
1350 4423 1526 4481 neque
1557 4409 1775 4463 miseria
1813 4409 1864 4462 in
1893 4407 2090 4463 finibus

2205 3259 2446 3330 χρυσίον,
2473 3260 2567 3314 καὶ
2591 3261 2712 3314 ἀντὶ
2738 3261 2954 3332 σιδήρου
2983 3260 3116 3314 οἴσω
3141 3279 3221 3314 σοι
3247 3260 3508 3332 ἀργύριον
3531 3278 3544 3291 ·
3581 3261 3703 3315 ἀντὶ
3735 3261 3798 3314 δὲ

2204 3350 2374 3416 ξύλων
2418 3353 2550 3406 οῖσω
2585 3369 2665 3406 σοι
2693 3353 2910 3423 χαλκὸν,
2947 3355 3068 3408 ἀντὶ
3109 3354 3164 3407 δὲ
3191 3353 3374 3421 λίθων,
3407 3355 3644 3425 σίδηρον.
3676 3355 3795 3408 Καὶ

2199 3443 2356 3496 δώσω
2387 3446 2513 3507 τοὺς
2543 3446 2813 3517 ἄρχοντάς
2845 3463 2937 3500 σου
2958 3449 3016 3500 ἐν
3042 3449 3259 3521 εἰρήνῃ,
3289 3447 3383 3500 καὶ
3409 3448 3533 3510 τοὺς
3563 3446 3759 3499 ὲπισκό
3779 3474 3797 3482 -

2201 3551 2336 3598 πους
2370 3551 2464 3588 σου
2497 3536 2556 3588 ὲν
2585 3536 2920 3609 δικαιοσύνῃ.
2957 3558 2976 3591 ι
3019 3538 3188 3592 Τοῦτο
3217 3539 3273 3591 δὲ
3302 3539 3354 3592 τί
3379 3538 3496 3591 ποτ’
3527 3537 3592 3591 ἂν
3625 3537 3712 3609 είη
3739 3539 3794 3592 εἰ

2203 3626 2277 3702 μὴ
2331 3627 2392 3681 τὸ
2424 3629 2610 3682 καινὸν
2644 3630 2939 3701 μυστήριον
2982 3631 3082 3700 τῆς
3124 3630 3486 3702 εύαγγελικῆς
3529 3629 3791 3684 διδασκα-

2197 3716 2338 3780 λίας,
2375 3717 2470 3771 καὶ
2508 3719 2542 3789 ἡ
2589 3717 2937 3792 στοιχειώδης
2965 3719 3282 3774 διδασκαλία
3311 3721 3411 3790 τῆς
3433 3721 3641 3792 Καινῆς
3664 3723 3796 3775 Διαο

2198 3813 2389 3884 θήκης,
2416 3809 2485 3886 ἦς
2521 3813 2836 3884 μετέχουσιν
2871 3817 2919 3868 οἱ
2961 3816 3019 3868 ἐν
3066 3815 3284 3887 Χριστῷ
3325 3815 3786 3887 ἀναγεννώμενοι,

2198 3903 2438 3974 βελτίους
2476 3905 2574 3976 μὲν
2616 3905 2826 3961 ἑαυτῶν
2868 3909 3220 3979 γενησόμενοι
3254 3909 3347 3962 καὶ
3376 3908 3788 3980 χρησιμώτερος

2193 3999 2259 4068 τῇ
2307 3996 2400 4050 τοῦ
2445 3995 2580 4051 Θεοῦ
2627 3998 2884 4070 οἰκοδομῇ
2919 3999 3062 4052 κατά
3088 3999 3213 4062 τοὺς
3252 3999 3522 4070 πρώτους,
3565 3999 3614 4052 οἳ
3656 3999 3788 4052 ἀντὶ

2194 4090 2395 4160 χαλκοῦ
2425 4092 2517 4145 καὶ
2542 4091 2763 4163 σιδήρου
2792 4091 2994 4163 χρυσοῦ
3021 4110 3078 4146 τε
3107 4093 3200 4146 καὶ
3223 4092 3462 4165 ἀργύρου
3493 4092 3654 4164 τιμὴν
3685 4092 3785 4146 ἀν-

2192 4182 2654 4254 τικατηλλάξαντο
2673 4199 2688 4249 ;

2269 4339 2287 4371 ε
2325 4320 2436 4374 Kal
2476 4321 2578 4374 οὐκ
2601 4319 2998 4392 ἀκουσθήσεται
3035 4318 3118 4373 ἔτι
3145 4318 3329 4373 ἀδικία
3368 4319 3425 4372 ὲν
3457 4320 3524 4389 τῇ
3554 4318 3625 4388 γῇ
3653 4333 3780 4380 σου,

2191 4410 2312 4465 οὐδὲ
2336 4410 2670 4483 σύντριμμα,
2690 4410 2810 4464 οὐδὲ
2839 4410 3182 4482 ταλαιπωρία
3211 4411 3270 4463 ὲν
3301 4410 3413 4472 τοῖς
3444 4407 3612 4479 ὁρίοις
3641 4421 3738 4459 σου
3756 4421 3776 4436 °

501 4505 658 4559 tuis:
690 4503 782 4560 sed
825 4503 1163 4558 vocabuntur
1197 4501 1450 4559 Salutare
1501 4500 1644 4556 muri
1681 4501 1780 4566 tui,
1814 4509 1870 4556 et
1912 4509 2084 4570 porta:

2208 4503 2324 4559 ίλλὰ
2357 4504 2689 4576 κληθήσεται
2717 4505 2990 4576 Σωτήρων
3021 4501 3093 4557 τὰ
3113 4503 3265 4573 τείχη
3294 4519 3411 4568 σου,
3445 4500 3540 4555 καὶ
3583 4500 3639 4552 αἱ
3672 4498 3783 4552 πύ-

510 4606 635 4660 tua),
673 4595 966 4664 sculptura.
1002 4613 1023 4648 ι
1072 4594 1176 4651 Pro
1216 4594 1331 4657 illa.
1374 4611 1394 4646 ι
1442 4593 1716 4660 Salutare,
1762 4612 1781 4645 ι
1820 4593 2083 4649 Hebraica

499 4686 801 4756 scriptura,
842 4704 860 4736 ί
885 4684 1070 4740 Jesum
1117 4703 1135 4736 ι
1172 4684 1412 4754 praefert,
1475 4684 1764 4754 ipsissimis
1799 4683 2085 4740 elementis

498 4788 562 4833 et
599 4776 1028 4839 characteribus,
1056 4776 1214 4846 queis
1254 4776 1368 4846 ipse
1400 4774 1656 4830 Salvator
1681 4773 1974 4838 scribitur;
2009 4775 2082 4828 ita

506 4879 566 4926 ut
597 4869 714 4939 ipsa
746 4871 914 4925 virtus
947 4869 1249 4924 Salvatoris
1281 4869 1454 4924 nostri
1507 4866 1633 4925 Jesu
1653 4909 1669 4934 ,
1717 4882 1815 4937 pro
1848 4878 2002 4938 septo
2030 4877 2084 4924 et

505 4979 660 5020 muro
686 4964 846 5018 ﬁrmo
879 4964 945 5019 iis
977 4964 1067 5034 qui
1109 4963 1220 5020 Deo
1245 4964 1391 5032 digni
1427 4964 1646 5031 fuerint,
1673 4965 1852 5020 futura
1883 4966 1976 5020 sit.
2070 4971 2090 5004 ε’

578 5190 743 5244 Vens.
779 5190 866 5244 19.
901 5208 919 5241 ι
955 5189 1020 5242 Et
1056 5203 1160 5242 non
1190 5187 1295 5242 erit
1325 5186 1416 5241 tibi
1437 5187 1672 5258 amplius
1703 5186 1785 5240 sol
1815 5185 1868 5240 in
1903 5183 2080 5238 lucem

501 5281 630 5345 diei,
665 5297 842 5349 nemte
883 5291 1035 5334 ortus
1066 5279 1203 5334 lunae
1252 5279 1576 5334 illuminabit
1621 5287 1835 5334 noctem
1891 5287 2076 5331 tuam:

499 5369 592 5427 sed
645 5374 747 5427 erit
779 5371 870 5426 tibi
909 5371 1165 5426 Dominus
1196 5371 1284 5427 lux
1317 5372 1667 5441 sempiterna,
1693 5379 1746 5424 et
1777 5369 1941 5437 Deus,
1978 5369 2085 5438 glo-

502 5464 579 5516 ria
613 5475 724 5518 tua.
766 5483 785 5516 ι
822 5465 926 5519 Sed
970 5465 1219 5520 coluuma
1260 5464 1507 5533 quaedam
1559 5462 1756 5517 divinae
1813 5461 1949 5516 lucis
1981 5462 2086 5515 erit

505 5557 878 5626 resplendens,
903 5557 1110 5614 scilicet
1135 5573 1332 5626 corpus
1362 5543 1668 5624 resurgens,
1701 5557 1846 5625 quod
1885 5555 2084 5611 dicitur

504 5652 881 5706 vestimentum
905 5649 1191 5704 Salutaris.
1224 5647 1340 5703 Non
1371 5647 1515 5702 enim
1542 5647 1678 5702 ultra
1711 5662 1911 5717 corpus
1935 5661 2082 5700 mor-

506 5746 575 5800 tis
607 5743 734 5811 erit,
761 5743 918 5813 quale
956 5741 1157 5798 Paulus
1191 5741 1500 5799 declarabat
1545 5739 1627 5796 his
1657 5740 1860 5805 verbis,
1903 5759 1920 5792 ι
1949 5738 2080 5804 Quis

2187 4595 2298 4660 λαι,
2326 4595 2572 4668 γλύμμα.
2607 4615 2625 4648 i
2666 4596 2810 4650 Ἀντὶ
2834 4595 2891 4650 δὲ
2917 4593 3034 4660 τοῦ,
3063 4614 3083 4648 ι
3112 4594 3409 4666 Σωτηρίου,
3440 4613 3459 4648 ι
3485 4594 3521 4666 ἡ
3555 4593 3768 4666 Ἐϐραῑσ

2188 4689 2259 4760 κὴ
2283 4688 2587 4758 ἀνάγνωσις
2612 4688 2702 4742 τὸν
2723 4707 2743 4740 ι
2768 4688 2976 4760 Ἰησοῦν
2997 4707 3016 4740 ι
3037 4687 3199 4742 αὐτόν
3221 4705 3280 4741 τε
3313 4688 3555 4758 περιέχει
3576 4687 3770 4751 αὐτοῖς

2188 4781 2472 4852 στοιχείοις
2491 4783 2586 4834 καλ⁸
2607 4780 3002 4852 χαρακτῆρσιν,
3026 4779 3160 4842 οἵοις
3193 4781 3221 4832 6
3245 4779 3433 4850 Σωτὴρ
3461 4778 3618 4850 ήμῶν
3639 4780 3781 4833 ἀνα-

2186 4873 2486 4945 γράφεταιο
2531 4872 2608 4936 ὡς
2633 4871 2732 4943 τὴν
2763 4870 2929 4925 αὐτοῦ
2951 4871 3178 4942 δύναμιν
3206 4870 3302 4924 τοῦ
3332 4871 3584 4941 Σωτῆρος
3613 4871 3781 4941 ἡμῶν

2201 4964 2376 5036 Ἰησοῦ
2401 4965 2521 5018 ἀντὶ
2541 4963 2826 5034 περιϐόλου
2853 4963 2949 5017 καὶ
2973 4963 3186 5034 τείχους
3215 4962 3442 5034 στερροῦ
3467 4963 3579 5026 τοῖς
3597 4961 3780 5028 ἀξίοις

2188 5055 2282 5110 τοῦ
2312 5054 2448 5108 Θεοῦ
2472 5055 2742 5124 γενέσθαι.

2265 5208 2283 5242 ι
2319 5191 2431 5246 Kal
2460 5190 2738 5244 οὐκέσται
2777 5191 2858 5244 ἔτι
2900 5208 2980 5244 σοι
3011 5192 3039 5244 6
3079 5190 3231 5262 ἥλιος
3264 5191 3344 5254 είς
3378 5188 3492 5259 φῶς
3529 5187 3776 5260 ἡμέρας,

2187 5283 2307 5337 οῦδὲ
2341 5284 2570 5355 ἀνατολὴ
2627 5284 2855 5354 σελήνης
2907 5285 3098 5353 φωτιεῖ
3150 5299 3242 5334 σου
3283 5282 3382 5353 τὴν
3408 5280 3608 5334 νύκτα·
3653 5281 3779 5333 ἀλλ’

2189 5375 2337 5428 ἔσται
2365 5393 2445 5428 σοι
2470 5375 2672 5446 Κύριος
2695 5374 2811 5443 φῶς
2840 5373 3076 5441 αἰώνιον,
3103 5375 3240 5427 καὶὸ
3264 5371 3559 5437 Θεὸς,δόξα
3594 5388 3712 5426 σου.
3745 5389 3771 5423 ι

2183 5467 2359 5538 Στήλη
2381 5467 2437 5520 δέ
2469 5485 2552 5526 τις
2581 5467 2732 5519 ἔσται
2754 5467 2874 5535 φῶς
2897 5466 3363 5538 ἀπαστράπτουσα
3388 5465 3551 5528 θεῖον,
3575 5463 3636 5516 τὸ
3671 5463 3775 5516 σῶ-

2185 5576 2262 5629 μα
2287 5560 2386 5630 τῆς
2415 5559 2781 5623 ἀναστάσεως,
2809 5561 2869 5613 τὸ
2897 5561 3187 5632 λεγόμενον
3218 5561 3431 5630 ἱμάτιον
3464 5557 3768 5628 Σωτηρίου.

2181 5651 2376 5705 Οὐκέτι
2405 5651 2511 5722 γὰρ
2543 5650 2772 5706 θανάτου
2806 5653 2984 5724 σῶμα,
3011 5649 3122 5706 οἷον
3163 5652 3191 5703 6
3225 5649 3436 5713 Παῦλος
3461 5648 3647 5720 ἐδήλου
3677 5647 3770 5700 λέ-

2181 5760 2325 5810 γων·
2364 5763 2382 5793 ι
2416 5742 2512 5805 Τίς
2542 5759 2609 5813 με
2640 5743 2864 5815 ῥύσεται
2901 5746 2964 5797 ὲκ
2996 5741 3090 5798 τοῦ
3121 5741 3369 5813 σώματος
3408 5738 3500 5794 τοῦ
3531 5736 3769 5794 θανάτου
