4168 6398
346 364 361 379 ³
388 382 487 437 tor

1346 376 1843 437 COMMENTARIA
1882 378 1948 433 IN
1989 376 2244 433 lSAIAM.
2285 407 2351 415 —
2390 377 2544 433 CAP.
2586 376 2744 432 LX“.

3508 372 3648 427 ‘498

393 500 605 565 τούτου;
644 519 661 550 ι
692 498 844 554 ἔσται
890 501 1110 555 κάκεῖνο
1149 502 1431 573 σωτήριον.
1465 499 1736 572 Σωτήρων
1763 502 1819 556 δὲ
1847 502 1955 574 ἱμά-

2078 516 2161 556 me
2189 501 2441 556 liberabit
2473 500 2538 555 de
2565 513 2795 569 corpore
2830 498 3019 553 mortis
3061 496 3218 565 hujus
3241 496 3324 549 ”?
3358 514 3377 546 ι
3422 492 3515 550 sed
3546 496 3651 549 crit

387 610 497 646 τιον
536 594 604 662 τῇ
641 590 786 663 ψυχῇ
817 592 1192 665 περιθήσεται,
1232 593 1326 647 καὶ
1352 593 1556 665 χιτῶνα
1591 593 1961 666 εὐφροσύνης·

385 687 612 749 ἕκαστος
666 684 775 756 γὰρ
831 688 949 750 ταῖς
1006 685 1202 741 ἑαυτοῦ
1262 686 1494 759 πράξεσι
1537 688 1655 750 ταῖς
1694 685 1836 741 κατὰ
1884 689 1966 742 δι-

385 776 678 848 καιοσύνην
710 777 1128 849 πεπραγμέναις
1176 778 1267 833 τὸν
1326 777 1520 832 ἑαυτοῦ
1564 777 1767 849 κόσμον
1815 775 1966 830 ἐνδύ-

383 885 559 923 σεται.

459 981 477 1013 ι
516 962 592 1016 υύ
618 960 727 1035 γὰρ
759 960 976 1015 δύσεταί
998 978 1080 1015 σοι
1098 963 1126 1015 6
1149 961 1300 1035 ἥλιός
1328 980 1430 1029 σοι,
1461 964 1555 1018 καὶ
1585 965 1619 1035 ή
1652 962 1854 1036 σελήνη
1882 979 1965 1016 σοι

383 1048 485 1102 οὐκ
516 1048 755 1120 ἐκλείψει
780 1065 795 1081 ·
855 1049 1009 1104 ἔσται
1057 1050 1165 1122 γάρ
1211 1068 1293 1105 σοι
1336 1051 1543 1126 Κύριος
1578 1053 1693 1125 φῶς
1726 1050 1964 1119 αἰώνιον,

386 1140 480 1192 καὶ
513 1140 1069 1214 ἀναπληρωθήσονται
1116 1143 1173 1196 al
1219 1142 1425 1216 ἡμέραι
1465 1144 1559 1199 τοῦ
1588 1144 1815 1210 πένθους
1848 1162 1964 1199 σου.

384 1230 496 1283 Καὶ
535 1230 564 1283 ὁ
603 1228 730 1294 λαός
766 1247 859 1285 σου
884 1232 993 1294 πᾶς
1019 1229 1247 1299 δίκαιος,
1286 1232 1355 1287 δι’
1390 1232 1585 1299 αἰῶνος
1628 1233 1968 1307 κληρονομή-

386 1336 538 1373 σουσι
572 1321 670 1393 τὴν
698 1321 822 1393 γῆν,
871 1322 1160 1394 φυλάσσων
1206 1323 1267 1377 τὸ
1308 1324 1559 1396 φύτευμα
1602 1324 1739 1399 ἔργα
1768 1323 1968 1397 χειρῶν

383 1411 549 1465 αὐτοῦ
582 1414 661 1477 εἱς
684 1413 861 1481 δόξαν.
903 1414 963 1468 '0
989 1413 1266 1484 ὀλιγοστὸς
1296 1414 1450 1469 ἔσται
1476 1417 1557 1481 είς
1575 1416 1841 1487 χιλιάδας,
1872 1417 1968 1472 καὶ

380 1507 411 1558 6
439 1504 741 1576 ἐλάχιστος,
778 1506 858 1570 είς
886 1505 1039 1570 ἔθνος
1074 1506 1236 1578 μέγα.
1281 1505 1422 1577 Ἐγὼ
1447 1506 1651 1580 Κύριος
1682 1508 1821 1563 κατὰ
1849 1525 1970 1564 και-

386 1595 478 1667 ρὸν
500 1596 712 1663 συνάξω
745 1597 962 1662 αὐτούς.

889 1690 1287 1746 ΚΕΦΑΛΑΙΟΝ
1350 1689 1470 1745 ΞΑἌ

458 1796 476 1829 ι
520 1776 745 1848 Πνεῦμα
792 1778 999 1850 Κυρίου
1030 1780 1117 1834 ἐπ’
1155 1782 1277 1853 ἐμὲ,
1323 1775 1384 1836 οὗ
1425 1780 1845 1853 εἴνεκενιέχρισέ
1870 1799 1960 1854 με,

379 1866 833 1937 εὐαγγελίσασθαι
865 1873 1098 1941 πτωχοῖς
1120 1872 1429 1927 ἀπέσταλκέ
1462 1890 1644 1945 με....;
1683 1892 1702 1926 ι

901 1963 1301 2018 ΚΕΦΑΛΑΙΟΝ
1331 1962 1448 2018 EB’.

456 2067 475 2101 ι
517 2050 616 2104 Διὰ
651 2052 787 2107 Σιὼν
833 2054 893 2107 οὐ
929 2056 1298 2127 σιωπήσομαι,
1349 2057 1444 2111 καὶ
1476 2057 1565 2111 διὰ
1608 2056 1962 2131 Ἰερουσαλὴμ

379 2142 481 2196 οὐκ
510 2144 717 2214 ἀνήσω,
747 2146 852 2211 ἕως
876 2146 942 2201 ἂν
971 2146 1164 2222 ἐξέλθῃ
1190 2148 1266 2214 ὡς
1294 2149 1409 2219 φῶς
1443 2152 1476 2222 ή
1512 2149 1826 2223 δικαιοσύνη
1864 2152 1957 2205 αὐ-

380 2234 480 2305 τῆς
502 2251 515 2265 ·
575 2235 637 2290 τὸ
667 2236 723 2292 δὲ
768 2238 1042 2313 Σωτήριόν
1096 2258 1198 2313 μου
1232 2240 1307 2306 ὡς
1348 2241 1568 2314 λαμπὰς
1603 2243 1957 2316 καυθήσεται.

382 2325 494 2380 Καὶ
527 2327 746 2398 Mam/vat
772 2330 842 2385 τὰ
873 2331 1001 2405 ἔθνη
1027 2330 1125 2404 τὴν
1150 2332 1497 2407 δικαιοσύνην
1533 2353 1648 2403 σου,
1680 2337 1775 2390 καὶ
1804 2336 1959 2408 βασις

377 2416 511 2485 λεῖς,
544 2420 642 2491 τὴν
678 2420 834 2487 δόξαν
874 2440 986 2477 σου.
1018 2424 1128 2477 Καὶ
1150 2424 1366 2480 καλέσει
1397 2444 1455 2481 σε
1477 2427 1537 2480 τὸ
1558 2428 1726 2499 ὄνομα
1752 2428 1811 2482 τὸ
1836 2445 1960 2482 και-

379 2512 490 2576 νὺν,
547 2513 576 2565 δ
606 2516 635 2567 6
665 2513 870 2585 Κύριος
914 2516 1168 2588 ὀνομάσει
1209 2517 1359 2573 αὐτό.
1402 2516 1513 2574 Καὶ
1556 2519 1654 2592 ἔσῃ
1703 2521 1960 2589 στέφανος

380 2606 605 2670 κάλλους
635 2608 694 2661 ὲν
728 2608 873 2685 χειρὶ
910 2607 1140 2681 Κυρίου,
1188 2610 1283 2663 καὶ
1320 2608 1557 2682 διάδημα
1593 2610 1873 2682 βασιλείας
1902 2615 1960 2667 ἐν

376 2700 522 2771 χειρὶ
578 2699 714 2752 Θεοῦ
765 2717 877 2755 σου.
920 2720 940 2753 ι
988 2703 1082 2756 Ὃν
1133 2702 1469 2774 ἀπολήψεται
1514 2704 1633 2758 τότε
1683 2705 1916 2774 λέγουσα
1940 2723 1954 2737 ο

382 2810 402 2842 ι
441 2791 544 2845 Τὸν
578 2791 741 2845 καλὸν
763 2792 1075 2866 ἠγώνισμαι
1104 2794 1312 2864 ἀγῶνα,
1338 2795 1430 2848 τὸν
1449 2796 1650 2867 δρόμον
1676 2797 1948 2857 τετέλεκα,

377 2883 476 2954 τήν
503 2883 686 2938 πίστιν
715 2886 994 2957 τετήρηκα
1016 2903 1030 2917 ο
1060 2886 1243 2942 λοιπὸν
1269 2890 1554 2945 ἀπόκειταί
1595 2908 1685 2963 μοι
1706 2893 1734 2946 6
1762 2892 1861 2963 τῆς
1883 2892 1959 2946 δι·-

378 2974 669 3047 καιοσύνης
695 2976 974 3048 στέφανος.
1015 2998 1034 3030 ι
1079 2980 1144 3034 Ἦ
1182 2981 1239 3035 δὲ
1275 2982 1432 3055 αὐτὴ,
1470 2982 1656 3055 νύμφη
1704 3002 1790 3049 τις
1822 2981 1956 3041 οὖσα

375 3066 470 3121 τοῦ
500 3068 732 3140 νυμφίου
754 3069 927 3140 Λόγου
958 3072 1051 3126 κα)⁵
1074 3070 1142 3125 τὰ
1164 3076 1292 3145 παρ’
1325 3074 1490 3129 αὐτοῦ
1514 3075 1804 3148 σπέρματα
1828 3078 1957 3134 ὐπο-

375 3159 664 3232 δεξαμένη,
701 3164 945 3234 καρπούς
974 3164 1206 3236 ὡραίους
1242 3168 1334 3221 καὶ
1371 3167 1617 3233 εὐανθεῖς
1643 3170 1951 3229 ἀποδίδωσι.

377 3251 547 3305 Πάλιν
572 3251 628 3306 δὲ
663 3252 941 3307 κάνταῦθα
983 3255 1042 3308 τὸ
1080 3255 1327 3322 θεοσεϐὲς
1353 3258 1653 3331 πολίτευμα
1691 3260 1754 3315 τὸ
1785 3262 1953 3317 πάλαι

376 3344 632 3408 συνεστὸς
674 3344 825 3416 παρά
869 3344 1144 3412 Ἰουδαίοις
1189 3349 1361 3420 δηλοῖ.
1413 3352 1686 3423 Στέφανος
1728 3354 1837 3427 γὰρ
1878 3354 1954 3421 ὡς

375 3433 593 3503 ἀληθῶς
636 3434 873 3507 Χριστοῦ
931 3438 1129 3504 πάντες
1163 3440 1213 3493 οἱ
1251 3439 1317 3493 δι’
1355 3441 1518 3496 αὐτοῦ
1564 3444 1955 3518 κατορθοῦντες

376 3525 722 3595 τυγχάνουσι,
766 3526 860 3579 καὶ
883 3526 1118 3601 διάδημα
1141 3528 1415 3601 βασιλείας
1445 3532 1551 3586 εἰσὶ
1580 3535 1678 3606 τῆς
1706 3535 1875 3590 αὐτοῦ
1905 3540 1953 3593 οί

374 3618 489 3679 τοῖς
515 3617 656 3689 ὑπὲρ
691 3617 857 3671 αὐτοῦ
892 3619 1249 3693 ἐνηθληκότες
1292 3622 1519 3692 ἀγῶσιν,
1556 3626 1604 3679 οἱ
1633 3625 1779 3696 ἅγιοι
1811 3629 1954 3700 μάρ-

374 3725 559 3779 τυρες,
593 3707 686 3773 οὓς
712 3712 777 3782 τῇ
812 3710 1005 3765 ἑαυτοῦ
1034 3714 1176 3785 χειρὶ
1210 3715 1238 3768 6
1271 3715 1461 3788 Πατὴρ
1493 3717 1851 3791 ἐκλεξάμενος
1876 3719 1954 3793 τῷ

373 3796 493 3871 Υίῷ
520 3800 849 3873 περιτίθησι,
885 3804 1164 3872 στεφανῶν
1199 3804 1361 3858 αὐτὸν
1394 3806 1488 3860 καὶ
1524 3807 1815 3880 διαδήματι
1859 3810 1955 3881 βα-

377 3896 568 3967 σιλικῷ
596 3897 770 3969 τιμῶν
797 3897 859 3951 τὸ
894 3897 1094 3970 πλῆθος
1123 3899 1232 3954 τῶν
1263 3900 1329 3953 δι’
1357 3900 1524 3955 αὐτοῦ
1555 3904 1649 3956 καὶ
1673 3904 1764 3957 ὐπ’
1787 3904 1951 3959 αὐτοῦ

375 3993 754 4063 σεσωσμένων.

453 4105 472 4137 ι
514 4087 621 4139 Καὶ
651 4087 868 4143 καλέσει
902 4106 961 4143 σε
986 4088 1156 4161 ὄνομα
1185 4089 1391 4155 καινὸν,
1417 4088 1447 4144 ὃ
1468 4090 1498 4144 6
1526 4090 1729 4164 Κύριος
1756 4094 1953 4167 ὀνομά-

373 4193 456 4230 σει
484 4176 617 4229 αὐτό
635 4195 648 4207 ·
686 4198 704 4229 ι
740 4179 1004 4246 τουτέστι,
1034 4177 1176 4234 κατὰ
1201 4179 1263 4233 τὸ
1286 4178 1495 4252 θέλημα
1525 4182 1586 4235 τὸ
1608 4182 1739 4255 ἐμὸν
1757 4184 1953 4257 ὀνομα-

375 4266 477 4338 σθή
486 4285 656 4322 σεται.

449 4378 467 4409 α
505 4361 615 4414 Καὶ
652 4360 835 4420 οὐκέτι
879 4363 1127 4438 κληθήσῃ
1152 4365 1643 4440 καταλελειμμένη,
1671 4367 1765 4421 καὶ
1799 4368 1833 4439 ὴ
1878 4367 1951 4440 γῆ

373 4467 473 4505 σου
503 4450 563 4503 οὐ
592 4451 923 4524 κληθήσεται
962 4454 1041 4508 ἐτι
1069 4455 1273 4529 ἕρημος
1291 4474 1305 4487 ·
1344 4459 1426 4511 σοὶ
1458 4458 1567 4531 γὰρ
1597 4458 1949 4530 κληθήσεται,

2067 605 2122 649 et
2143 593 2269 648 illud
2299 593 2551 647 salutare.
2586 591 2831 646 Salutarc
2854 606 3016 661 porro
3041 589 3425 645 vestimentum
3458 585 3650 641 animm

2068 688 2524 756 circumponetur,
2562 693 2615 739 ct
2649 683 2829 738 tunica
2854 680 3307 752 lmtitiaezsinguli
3340 679 3483 734 enim
3520 693 3650 749 ope-

2070 782 2221 836 ribus
2241 780 2357 835 suis
2394 794 2515 833 cum
2553 775 2763 845 iustitia
2787 776 2947 851 editis
2972 783 3170 832 ornatu
3198 788 3297 830 suo
3332 770 3644 829 induentur.

2139 959 2305 1015 Vsus.
2328 956 2520 1013 20-22.
2549 976 2567 1009 ί
2593 955 2710 1013 Νοη
2742 956 2884 1011 enim
2912 956 3125 1011 occidet
3154 954 3235 1010 sol
3274 954 3393 1022 tibi,
3430 963 3487 1010 et
3520 953 3643 1008 luna

2068 1051 2166 1108 tibi
2224 1066 2332 1107 non
2391 1049 2649 1106 deﬁciet:
2680 1049 2786 1103 erit
2840 1049 3038 1117 quippe
3087 1046 3181 1101 tibi
3236 1045 3500 1101 Dominus
3551 1042 3640 1097 lux

2068 1143 2416 1214 sempiterna,
2450 1149 2505 1196 et
2557 1139 2923 1210 implebantur
2967 1139 3083 1193 dies
3114 1138 3290 1193 luctus
3318 1136 3417 1192 tui.
3446 1136 3513 1190 Et
3544 1150 3642 1206 po-

2066 1237 2223 1308 pulus
2258 1243 2379 1290 tuus
2415 1232 2592 1291 omnis
2635 1232 2837 1303 justus,
2876 1232 2929 1286 in
2952 1230 3211 1287 saeculum
3240 1228 3644 1285 hmreditabunt

2066 1333 2269 1381 terram
2310 1341 2326 1378 :
2366 1324 2674 1380 custodiens
2715 1321 3103 1394 plantationem
3157 1336 3320 1392 opera
3381 1335 3640 1375 manuum

2066 1416 2185 1487 ejus
2217 1416 2271 1470 in
2304 1413 2552 1486 gloriam.
2588 1414 2691 1480 Qui
2721 1427 2888 1484 parvo
2930 1425 3181 1476 numero,
3209 1410 3313 1467 erit
3351 1410 3406 1465 in
3433 1408 3636 1475 millia;

2065 1516 2120 1562 et
2140 1507 2230 1577 qui
2262 1506 2541 1571 minimus,
2577 1507 2629 1561 in
2661 1512 2876 1577 gentem
2909 1518 3177 1575 magnam.
3242 1500 3642 1577 Egopominus

2066 1597 2122 1654 in
2156 1606 2397 1666 tempore
2433 1596 2772 1667 congregabo
2803 1610 2916 1649 eos.
2951 1614 2972 1648 ι

2647 1684 2876 1742 CAPUT
2909 1686 3046 1744 LXI.

2138 1782 2305 1838 Vens.
2342 1782 2393 1837 l.
2429 1801 2447 1835 ι
2491 1780 2722 1852 Spiritus
2761 1779 2975 1835 Domini
3028 1795 3191 1851 super
3247 1795 3359 1847 me,
3403 1794 3467 1835 eo
3499 1778 3645 1850 quod

1994 1857 2036 1913 Β
2069 1872 2287 1929 unxerit
2318 1888 2405 1928 me
2428 1889 2442 1927 :
2468 1873 2837 1945 evangelizare
2858 1871 3188 1941 pauperibus
3211 1872 3356 1928 misit
3379 1887 3576 1929 me.....
3615 1890 3636 1924 ι

2645 1965 2874 2024 CAPUT
2912 1964 3071 2022 LXII.

2138 2059 2303 2115 Vens.
2340 2059 2453 2114 1-5.
2495 2079 2514 2112 ι
2542 2058 2771 2131 Propter
2795 2057 2925 2115 Sion
2958 2073 3064 2115 non
3097 2058 3304 2124 tacebo,
3332 2066 3385 2112 et
3421 2064 3642 2127 propter

2064 2151 2363 2208 Jerusalem
2408 2167 2518 2207 non
2553 2152 2851 2223 quiescam,
2882 2152 3051 2213 donec
3086 2150 3399 2220 egrediatur
3434 2158 3493 2203 ut
3544 2148 3636 2201 lux

2060 2243 2272 2315 justitia
2331 2241 2782 2314 ejus:Salutare
2841 2254 3021 2299 autem
3089 2257 3271 2297 meum
3328 2250 3385 2296 ut
3435 2240 3658 2311 lampas.

2067 2337 2417 2394 accendetur.
2442 2336 2511 2393 Et
2539 2337 2802 2395 videbunt
2835 2346 3025 2409 gentes
3067 2333 3337 2404 justitiam
3388 2343 3556 2398 luam,
3582 2341 3640 2387 et

2068 2444 2219 2501 reges
2265 2429 2492 2501 gloriam
2529 2438 2698 2485 tuam.
2742 2429 2811 2485 Et
2854 2427 3069 2485 vocabit
3121 2437 3175 2482 te
3224 2425 3443 2482 nomine
3474 2440 3639 2491 novo,

2064 2523 2206 2592 quod
2238 2519 2503 2577 Dominus
2549 2521 2876 2577 nominabit.
2907 2520 2977 2576 Et
3004 2520 3117 2576 eris
3150 2532 3351 2576 corona
3400 2516 3640 2587 pulchri-

2067 2614 2271 2670 tudinis
2306 2613 2358 2669 in
2389 2628 2551 2669 manu
2585 2613 2822 2680 Domini,
2844 2621 2898 2668 et
2920 2612 3175 2668 diadema
3205 2609 3356 2680 regni
3384 2609 3436 2662 iu
3473 2623 3638 2663 manu

2063 2704 2161 2759 Dei
2226 2705 2322 2759 tui.
2349 2723 2368 2758 ι
2411 2705 2585 2773 Quam
2636 2714 2764 2761 tunc
2827 2705 3051 2776 recipiet
3116 2706 3302 2761 dicens
3339 2720 3353 2757 :
3386 2702 3637 2758 «Bonum

2063 2807 2347 2853 certamen
2375 2798 2605 2866 certavi,
2635 2813 2854 2854 cursum
2888 2795 3291 2864 consummavi,
3327 2795 3487 2850 ﬁdem
3514 2809 3636 2849 ser-

2063 2887 2229 2943 vavi:
2266 2888 2318 2943 in
2371 2888 2578 2960 reliquo
2628 2892 2868 2960 reposita
2914 2897 2997 2944 est
3048 2887 3183 2941 mihi
3229 2901 3434 2942 corona
3475 2884 3639 2954 justi-

2065 2979 2151 3034 tiac
2171 2979 2238 3034 ".
2267 2998 2286 3032 ι
2324 2979 2527 3036 Eadem
2562 2996 2714 3048 vero,
2739 2994 2860 3035 cum
2893 2980 3078 3051 sponsi
3103 2977 3266 3035 Verbi
3302 2992 3499 3048 sponsa
3545 2976 3638 3043 sit,

2062 3082 2118 3127 et
2146 3072 2267 3142 ejus
2304 3074 2514 3128 semina
2544 3072 2870 3143 susceperit.
2902 3072 3183 3144 speciosus
3211 3081 3266 3127 et
3291 3071 3418 3126 boni
3455 3069 3659 3125 odoris.

2062 3163 2275 3220 fructus
2306 3164 2525 3220 emittit.
2562 3163 2663 3222 Hic
2696 3174 2877 3221 autem
2908 3179 3097 3221 rursus
3135 3164 3281 3235 piam
3313 3162 3632 3233 religionem

2059 3257 2189 3312 olim
2239 3260 2380 3329 apud
2423 3256 2642 3315 Iudaeos
2675 3260 2948 3332 vigentem
2995 3258 3288 3329 signiﬁcat.
3338 3256 3474 3313 Nam
3504 3272 3635 3313 vere

2056 3346 2264 3404 Christi
2306 3362 2508 3404 corona
2540 3357 2668 3406 sunt
2698 3356 2967 3419 quotquot
3009 3364 3109 3419 per
3143 3363 3268 3403 eum
3298 3348 3436 3402 bona
3469 3362 3641 3418 opera

2056 3440 2245 3506 edunt,
2276 3448 2333 3495 et
2375 3439 2629 3496 diadema
2672 3443 2828 3514 regni
2875 3441 2993 3513 ejus
3024 3451 3174 3506 sunt,
3200 3440 3296 3510 qui
3324 3441 3633 3495 certamina

2048 3528 2172 3597 .ejus
2197 3545 2360 3585 causa
2382 3541 2764 3601 susceperunt,
2786 3532 2958 3587 sancti
2982 3540 3274 3602 martyres,
3298 3545 3438 3600 quos
3470 3545 3651 3585 manu.

2055 3633 2154 3674 sua
2188 3620 2351 3676 Pater
2382 3621 2649 3693 deligens,
2680 3631 2738 3678 ut
2760 3637 3016 3679 coronam
3036 3621 3178 3677 Filio
3202 3636 3302 3678 suo
3323 3621 3638 3692 circumpo-

2055 3711 2153 3778 nit,
2182 3721 2238 3768 et
2287 3712 2436 3783 regio
2479 3714 2791 3771 diademate
2828 3714 3233 3770 multitudinem
3271 3724 3504 3770 exornat
3532 3728 3633 3770 eo-

2056 3823 2197 3875 rum,
2231 3806 2325 3879 qui
2360 3822 2461 3878 per
2498 3809 2673 3881 ipsum
2713 3810 2771 3865 et
2808 3807 2878 3863 ab
2924 3808 3048 3880 ipso
3074 3805 3305 3863 salutem
3342 3816 3472 3862 sunt
3497 3820 3649 3863 con-7

2054 3900 2223 3957 secuti

2134 4084 2239 4139 «Et
2262 4084 2481 4141 vocabit
2510 4091 2562 4139 te
2595 4098 2818 4141 nomine
2850 4099 3013 4150 novo,
3046 4087 3192 4157 quod
3239 4088 3503 4143 Dominus
3529 4102 3633 4144 no-

2056 4173 2313 4241 minabit;
2341 4194 2360 4227 ι
2394 4175 2448 4231 id
2476 4184 2578 4244 est,
2612 4177 2912 4233 secundum
2951 4176 3287 4235 voluntatem
3322 4193 3500 4235 meam
3533 4196 3633 4237 uo-

2054 4267 2367 4324 minabitur.

2123 4358 2288 4416 γεω.
2321 4361 2375 4428 ι,
2404 4360 2458 4415 5.
2499 4377 2519 4412 ι
2544 4360 2612 4416 Ει
2634 4376 2743 4417 non
2769 4361 3055 4419 vocaberis
3083 4362 3227 4419 ultra
3258 4360 3550 4428 derelicta,
3573 4372 3639 4420 et

2059 4461 2208 4511 terra
2250 4464 2340 4509 tua
2383 4471 2489 4510 non
2526 4455 2815 4513 vocabitur
2847 4455 2990 4511 ultra
3034 4457 3255 4513 deserta
3287 4475 3305 4510 :
3342 4457 3643 4514 vocaberis.

372 4540 585 4615 θέλημα
614 4542 745 4615 ὲμὸν
764 4560 777 4575 ο
806 4545 900 4598 καὶ
928 4547 962 4615 ή
987 4546 1057 4617 γῆ
1085 4564 1201 4615 σου,
1232 4550 1543 4621 οἰκουμένη·
1584 4550 1666 4603 ὅτι
1694 4550 1951 4624 εὐδόκησε

2058 4545 2196 4600 enim
2241 4543 2492 4600 voluntas
2530 4557 2689 4611 mea;
2726 4554 2781 4598 et
2831 4552 2978 4599 terra
3001 4553 3149 4613 ,tua,
3197 4545 3467 4610 habitata,
3499 4545 3631 4614 quia

372 4634 579 4707 Κύριος
607 4637 664 4688 ὲν
684 4638 787 4701 σοὶ,
814 4637 908 4692 καὶ
935 4640 967 4709 ή
990 4639 1064 4711 γῆ
1097 4656 1191 4694 σου
1228 4642 1719 4715 συνοικισθήσεται.
1740 4644 1853 4699 Καὶ
1876 4644 1952 4709 ὡς

369 4727 634 4783 συνοικῶν
663 4729 942 4795 νεανίσκος
966 4731 1239 4806 παρθένῳ.
1277 4733 1420 4789 οὕτω
1456 4736 1870 4809 κατοικήσουσιν
1900 4734 1950 4789 ci

368 4818 480 4870 υἱοί
503 4835 615 4871 σου.
650 4819 761 4872 Καὶ
785 4818 932 4874 ἔσται
950 4821 1009 4874 ὃν
1032 4822 1232 4893 τρόπον
1264 4824 1696 4897 εὐφρανθήσεται
1717 4826 1951 4898 νυμφίος

367 4908 464 4962 ἐπὶ
491 4909 699 4982 νύμφῃ,
735 4910 908 4976 οὕτως
953 4913 1381 4986 εὐφρανθήσεται
1414 4916 1618 4988 Κύριος
1652 4917 1744 4970 ἐπὶ
1782 4918 1884 4971 σοί.
1926 4937 1946 4972 ι

380 4998 473 5052 Ἐν
497 5000 576 5071 τῷ
608 5000 779 5072 καινῷ
811 5002 967 5056 αἰῶνι
998 5005 1095 5076 τῆς
1116 5006 1353 5075 Χριστοῦ
1379 5006 1656 5079 βασιλείας
1684 5011 1950 5083 συστήσε-

366 5102 481 5151 ται,
515 5090 711 5162 μόνους
740 5093 938 5160 ἕξουσα
968 5097 1259 5170 οἰκήτορας
1297 5098 1422 5165 τοὺς
1460 5099 1570 5154 τῶν
1609 5102 1952 5171 ἐπαγγελιῶν

367 5181 462 5236 τοῦ
493 5181 629 5236 Θεοῦ
661 5184 1257 5259 γσαταξιωθησομένους,
1297 5191 1346 5245 οἳ
1372 5194 1466 5246 καί⁵
1495 5194 1553 5248 ἐν
1586 5194 1826 5269 τοσαύτῃ
1857 5195 1952 5250 θυ-

365 5271 537 5345 μηδίᾳ
581 5274 678 5328 xal.
711 5274 1018 5349 εὐφροσύνῃ
1049 5276 1338 5343 διάξουσιν,
1387 5280 1464 5345 ὡς
1503 5281 1647 5336 ἔοικε
1684 5283 1950 5354 νεανίσκῳ

366 5362 510 5433 ἁγίῳ
551 5364 706 5437 ἀνδρὶ
746 5366 954 5421 συνόντι
996 5369 1247 5442 παρθένῳ
1294 5372 1527 5445 καθαρᾷ,
1571 5374 1819 5445 οὐδαμῶς
1849 5374 1951 5446 μὲν

365 5457 541 5529 αὐτῆς
590 5458 689 5530 τὴν
745 5459 1042 5533 παρθενίαν
1097 5462 1403 5519 σπιλοῦντι·
1449 5470 1514 5538 τῇ
1551 5467 1608 5522 δὲ
1649 5468 1841 5539 ἁγνείᾳ
1878 5472 1947 5542 τῇ

365 5550 670 5624 παρθενικῇ
707 5553 802 5606 καὶ
834 5556 898 5626 τῇ
935 5554 1149 5628 καθαρᾷ
1179 5557 1548 5632 ωνδιατριὸᾔ,
1586 5561 1680 5615 καὶ
1712 5564 1948 5616 συνοικεὶ

367 5643 629 5714 (αίροντι.
655 5644 767 5699 Kal.
791 5646 841 5699 οί
870 5646 969 5718 μὲν
992 5646 1097 5700 υἱοί
1127 5665 1220 5702 σου
1249 5648 1421 5714 οὕτως
1450 5651 1942 5725 εὐφρανθήσονταγ

436 5826 485 5861 ⁸³
510 5829 666 5886 Rom.
707 5846 800 5899 vn,
829 5830 918 5886 24.
1061 5833 1106 5866 ³³
1135 5833 1175 5889 ll
1210 5833 1347 5889 Tim.
1387 5850 1459 5901 tv,
1496 5836 1547 5890 7.

2056 4636 2383 4706 complacuit
2417 4636 2520 4691 sibi
2563 4634 2827 4690 Dominus
2846 4632 2905 4689 in
2935 4643 3008 4701 te,
3025 4646 3081 4692 et
3110 4645 3253 4691 terra
3282 4644 3374 4691 tua
3410 4634 3632 4691 inhabi-

2056 4730 2275 4786 labitur.
2321 4728 2388 4783 Et
2435 4729 2578 4784 sicut
2615 4728 2827 4783 habitat
2854 4726 3071 4797 juvenis
3115 4742 3239 4784 cum
3287 4726 3523 4798 virgine,
3552 4727 3633 4783 sic

2055 4820 2491 4878 habitabantﬁlii
2525 4820 2625 4875 tui.
2658 4819 2726 4874 Et
2763 4821 2891 4885 erit,
2929 4818 3386 4889 quemadmodum
3415 4817 3633 4874 laetabi-

2056 4925 2143 4970 tur
2186 4928 2421 4984 sponsus
2466 4927 2631 4984 super
2684 4925 2905 4981 sponsa,
2934 4912 3015 4967 sic
3061 4909 3337 4965 laetabitur
3368 4908 3641 4966 Dominus

2057 5005 2109 5061 in
2148 5017 2218 5061 te.
2245 5024 2266 5059 ι
2307 5005 2385 5060 Ea
2418 5005 2470 5059 in
2505 5017 2645 5059 novo
2673 5003 2875 5059 smculo
2910 5002 3066 5072 regni
3099 5001 3303 5056 Christi
3330 5002 3632 5056 constitue-

2057 5106 2162 5163 tur,
2195 5110 2397 5165 eosque
2425 5104 2633 5150 tantum
2670 5092 2880 5149 incolas
2911 5093 3153 5162 habebit,
3180 5095 3273 5163 qui
3314 5095 3630 5163 promissio-

2056 5204 2183 5244 num
2233 5188 2326 5244 Dei
2366 5188 2572 5260 dignati
2613 5187 2857 5253 fuerint;
2897 5187 2990 5258 qui
3036 5190 3093 5242 in
3140 5197 3290 5243 tanto
3340 5188 3538 5261 gaudio
3576 5199 3632 5245 et

2055 5276 2240 5338 laetitia
2300 5279 2687 5345 versabantur,
2728 5288 2789 5334 ut
2825 5279 3133 5349 comparari
3183 5281 3398 5351 possint
3441 5278 3639 5349 juveni.

2053 5383 2110 5429 et
2138 5382 2325 5429 sancto
2352 5372 2471 5428 viro
2500 5387 2622 5426 cum
2653 5386 2785 5441 pura
2818 5372 3028 5444 virgine
3056 5374 3293 5444 degenti,
3329 5388 3429 5430 nec
3451 5383 3631 5429 tamen

2055 5465 2170 5535 ejus
2209 5480 2443 5535 unquam
2473 5467 2837 5539 virginitatem
2892 5468 3203 5534 temeranti,
3244 5465 3339 5523 scd
3375 5467 3429 5522 in
3466 5465 3634 5521 casti.

2022 5575 2030 5583 '
2058 5569 2165 5616 tate
2214 5561 2488 5631 virginali,
2522 5571 2577 5617 et
2607 5577 2739 5633 pura
2771 5564 3217 5630 conversatione,
3239 5577 3363 5619 cum
3398 5569 3511 5616 tota
3541 5559 3632 5616 do-

2057 5671 2144 5713 mo
2190 5653 2464 5725 gaudenti.
2511 5654 2577 5713 Et
2615 5655 2710 5712 lilii
2751 5656 2970 5729 quidem
3005 5656 3080 5712 tui
3130 5655 3202 5712 ita
3259 5654 3631 5719 laetabuntur;
