4130 6400
603 341 711 400 890

1277 335 1550 394 EUSEBII
1588 335 2065 393 CESARIENSIS
2097 336 2251 395 OPP.
2299 337 2480 392 PARS
2515 334 2604 391 ιιι.
2646 367 2713 376 —
2750 334 3161 394 EXEGETICA.

3754 335 3874 398 Μ

605 461 723 528 ipse
771 469 902 510 vero
953 452 1212 507 Dominus
1240 459 1344 513 est.
1376 450 1468 520 qui
1495 461 1547 506 te
1585 461 1829 506 sanctam
1855 450 2158 508 Ecclesiam

2288 450 2449 514 αὐτὸς
2473 449 2532 502 δὲ
2558 449 2586 502 ὁ
2614 448 2818 518 Κύριος
2847 449 2946 522 τὴν
2979 448 3173 502 ἑαυτοῦ
3206 448 3422 521 νύμφην
3462 446 3769 516 ἀπολαϐὼν,
3800 454 3864 506 σὲ

604 545 864 617 perfectis
923 541 1182 598 membr-is
1241 549 1616 608 constantem,
1645 557 1713 598 ex
1763 545 1947 613 prisco
1993 558 2166 612 nempt

2285 541 2385 613 τὴν
2414 541 2576 610 ἁγίαν
2609 540 2954 612 Ἐκκλησίαν,
3010 543 3074 594 ὲκ
3106 540 3325 594 τελείων
3381 541 3554 612 μελῶν
3586 543 3862 597 συνεστῶ-

609 638 810 710 populo
839 644 892 691 et
930 636 1031 690 hoc
1072 648 1214 687 novo
1251 647 1317 688 ex
1359 634 1612 702 gentibus
1649 634 1891 701 coeunti,
1931 636 1981 688 in
2017 651 2185 705 spon-

602 750 718 788 sam
757 732 985 800 accepit.
1030 729 1233 784 Deinde
1283 728 1583 784 Ecclesiam
1633 729 1805 799 ipsam
1837 730 2173 800 alloquitur:

601 823 773 892 Hujus
823 821 915 876 ﬁlii
969 821 1267 876 secundum
1307 835 1526 875 carnem
1571 818 1790 875 fuerunt
1817 821 1982 874 divini
2013 821 2180 875 disci-

599 915 734 986 puli,
765 914 856 985 qui
901 927 1172 967 summam
1219 925 1353 981 erga
1400 912 1575 982 ipsam
1625 913 1955 968 charitatem
1989 926 2178 966 serva-

600 1017 761 1073 runt;
814 1007 891 1061 ita
947 1014 1009 1059 ut
1063 1004 1152 1059 illa
1203 1005 1426 1060 dilectio
1468 1003 1665 1060 similis
1709 1005 1960 1059 videatur
1997 1004 2047 1059 ei
2075 1019 2180 1074 qua

597 1097 825 1152 affectus
855 1106 938 1150 est
965 1096 1184 1166 juvenis
1206 1111 1329 1150 cum
1362 1094 1572 1164 virgine
1596 1093 1872 1151 habitans.
1904 1092 1998 1148 Sic
2031 1093 2182 1148 laeta-

597 1189 749 1242 bitur
808 1187 1070 1241 Dominus
1122 1200 1290 1255 super
1329 1194 1406 1249 te,
1457 1185 1916 1254 quemadmodum
1951 1199 2180 1254 sponsus

596 1294 762 1348 super
799 1292 1020 1347 sponsa.
1058 1274 1272 1330 Etenim
1301 1275 1368 1330 de
1419 1275 1562 1331 cmlo
1591 1275 1877 1331 descendit
1929 1277 2178 1346 unigeni-

599 1380 712 1424 tum
756 1369 850 1424 Dei
883 1367 1143 1432 Verbum,
1175 1377 1234 1422 ut
1264 1367 1605 1424 fructiferam
1637 1370 1954 1425 ostenderet
1988 1369 2177 1426 Eccle-

595 1463 756 1528 siam,
804 1475 967 1530 quam
1019 1460 1133 1530 ipse
1180 1460 1283 1515 sibi
1336 1461 1603 1531 virginem
1663 1470 1869 1516 castam
1913 1463 2175 1528 admovit,

594 1569 703 1609 non
734 1554 1026 1608 habentem
1055 1553 1326 1607 maculam
1372 1567 1548 1624 neque
1583 1553 1837 1622 sordem,
1860 1555 1969 1609 imo
1998 1556 2176 1625 potius

599 1651 844 1699 sanctam
871 1652 928 1698 et
962 1642 1389 1699 immaculatam.
1439 1642 1522 1698 Ab
1556 1643 1647 1698 illo
1683 1642 1852 1712 igitur
1876 1645 2173 1715 evangelici

598 1735 837 1790 instituti
877 1735 1086 1789 semina
1123 1734 1424 1802 accipiens,
1457 1735 1832 1802 spiritualibus
1883 1737 2171 1794 sacriﬁciis

594 1837 650 1883 ct
689 1828 897 1884 sanctis
927 1828 1184 1898 operibus
1204 1826 1499 1898 fulgentem
1526 1842 1785 1898 sponsam
1809 1828 2074 1884 exhibuit.

663 2004 830 2060 Vens.
865 2004 984 2061 6-8.
1024 2005 1133 2060 «Et
1181 2021 1345 2076 super
1391 2017 1579 2062 muros
1636 2015 1782 2073 tuos,
1842 2007 2171 2078 Jerusalem,

590 2093 849 2150 constitui
879 2095 1130 2149 custodes
1161 2103 1269 2149 tota
1304 2095 1394 2150 die
1442 2108 1498 2150 et
1533 2106 1643 2152 tota
1685 2106 1866 2163 nocte,
1904 2101 1996 2170 qui
2033 2116 2172 2154 nun-

587 2199 754 2255 quam
797 2185 1073 2251 tacebuut,
1118 2200 1388 2242 memores
1434 2185 1668 2244 Domini.
1732 2187 1849 2244 Non
1897 2198 1982 2244 est.
2023 2189 2170 2245 enim

588 2277 750 2333 vobis
787 2276 1000 2344 similis,
1035 2277 1084 2332 si
1118 2277 1383 2348 corrigat,
1419 2289 1475 2333 et
1498 2277 1665 2334 faciat
1695 2278 2002 2336 Jerusalem
2037 2297 2171 2352 gau-

585 2368 737 2424 dium
764 2366 818 2422 in
851 2377 1011 2422 terra.
1045 2365 1257 2421 Iuravit
1295 2368 1559 2424 Dominus
1591 2383 1690 2439 per
1730 2368 1959 2440 gloriam
1989 2387 2168 2438 suam,

586 2462 644 2510 et
674 2468 771 2524 per
797 2453 1171 2510 fortitudinem
1203 2454 1420 2510 brachii
1441 2457 1545 2511 sui.
1569 2475 1588 2510 ι
1617 2455 1756 2513 Olim
1791 2461 1991 2531 quippe
2017 2471 2168 2531 gesta

585 2555 717 2600 sunt
749 2543 876 2610 ista,
904 2557 1028 2598 cum
1077 2543 1314 2599 fructum
1345 2560 1504 2600 suum
1537 2547 1589 2600 in
1620 2547 1804 2603 cibum
1835 2548 2031 2604 darent
2067 2553 2168 2606 ini-

585 2635 745 2691 micis
799 2634 914 2702 Dei,
962 2636 1015 2691 id
1057 2645 1300 2708 agentes,
1342 2637 1404 2694 id'
1446 2648 1724 2709 curantes,
1759 2651 1820 2696 ut
1867 2653 2018 2714 gesta
2069 2661 2167 2701 sua

586 2727 932 2783 demonibus
976 2743 1100 2784 esca
1159 2739 1365 2786 essent.
1415 2729 1536 2786 J‘am
1582 2748 1714 2786 vero
1755 2733 1841 2798 iis,
1876 2737 1967 2804 qui
2029 2752 2167 2792 novo

585 2818 788 2874 saeculo
837 2819 1076 2875 donandi
1115 2829 1169 2874 et
1197 2821 1464 2891 promissa
1501 2826 1780 2895 accepturi
1836 2837 1982 2895 sunt,
2015 2829 2164 2884 iura-

581 2918 771 2964 mento
795 2909 1054 2966 Dominus
1071 2911 1324 2978 afﬁrmat,
1343 2928 1404 2968 se
1431 2931 1533 2969 non
1553 2917 1784 2986 amplius
1816 2901 2051 2976 inimicis
2073 2923 2167 2976 da-

586 3010 767 3054 turum
799 3015 921 3056 esse
957 3002 1170 3058 fructus
1200 3019 1408 3070 eorum,
1452 3008 1549 3062 sed
1600 3009 1752 3077 ipsos
1793 3011 1860 3065 iis
1905 3010 2167 3070 fruituros

585 3104 733 3145 esse.
769 3089 905 3144 Nam
951 3107 1075 3147 cum
1118 3094 1344 3164 probam
1383 3096 1546 3152 vitam
1595 3109 1754 3170 agant
1806 3115 1870 3156 ac
1912 3101 2164 3173 religiose

583 3193 902 3247 versentur,
942 3199 1156 3255 aequum
1195 3202 1327 3244 sane
1368 3198 1451 3244 est
1498 3200 1559 3244 ut
1601 3169 1839 3261 propriis
1893 3169 2163 3266 gaudeant
2191 3169 2234 3227 θ

584 3274 874 3332 fructibus.
914 3295 936 3329 ι
965 3277 1024 3332 Si
1051 3279 1191 3333 ultra
1227 3280 1430 3336 dedero
1461 3283 1704 3338 triticum
1750 3293 1924 3353 tuum,
1953 3296 2010 3341 et.
2056 3287 2162 3342 ali-

583 3376 770 3422 menta
795 3377 886 3424 tua
913 3369 1149 3426 inimicis
1177 3372 1303 3438 tuis,
1326 3383 1381 3428 et
1409 3374 1460 3429 si
1488 3375 1628 3430 ultra
1652 3376 1845 3434 bibant
1871 3377 1970 3434 ﬁlii
1995 3379 2160 3438 alieni

583 3461 770 3516 vinum
802 3470 976 3530 tuum,
1008 3463 1062 3519 in
1090 3478 1200 3536 quo
1229 3465 1488 3523 laborasti
1515 3481 1535 3522 :

655 3641 820 3698 Vens.
858 3641 912 3700 9.
961 3661 982 3696 ι
1007 3643 1114 3700 Sed
1155 3645 1247 3716 qui
1294 3646 1637 3718 collegerint,
1666 3651 1953 3707 comedent
1982 3668 2070 3719 ea,
2105 3663 2162 3710 et

579 3730 879 3789 laudabunt
910 3732 1225 3801 Dominum,
1250 3745 1306 3793 et
1333 3739 1428 3808 qui
1459 3743 1939 3814 congregaverint,
1972 3745 2160 3802 bibent

584 3837 648 3877 ea
673 3823 727 3878 in
761 3825 919 3880 atriis
951 3829 1158 3884 sanctis
1201 3829 1356 3885 meis.
1380 3849 1400 3883 ι
1439 3831 1566 3888 Hac
1588 3847 1720 3889 vero
1745 3835 1948 3892 fuerint
1974 3838 2158 3896 multa:

590 3914 696 3968 illa:
723 3917 1036 3974 mansiones
1066 3921 1208 3990 apud
1245 3922 1486 3979 Patrem.

657 4005 820 4064 Vens.
859 4010 948 4064 10.
988 4028 1009 4063 ι
1038 4011 1116 4068 lte
1147 4028 1244 4082 per
1266 4028 1456 4084 portas
1483 4033 1652 4074 meas.
1679 4038 1698 4073 ι
1729 4020 1826 4078 His
1857 4038 2021 4093 porro
2053 4039 2152 4081 no-

577 4095 667 4154 bis
695 4100 1145 4158 considerandam
1176 4103 1340 4160 offert
1385 4107 1669 4164 ccelestem
1709 4110 1804 4166 Dei
1849 4113 2152 4183 civitatem,

575 4185 803 4256 ejusque
839 4197 1024 4258 portas
1056 4205 1071 4242 :
1100 4206 1223 4262 qua:
1269 4193 1451 4248 omnia
1498 4194 1555 4249 in
1611 4195 1723 4262 iilo,
1762 4200 1904 4268 quod
1937 4185 2160 4270 pollice?

577 4287 690 4348 tur,
720 4280 922 4336 seculo
960 4282 1141 4352 dignis
1166 4285 1496 4353 pandentur.
1530 4303 1595 4344 ac
1626 4290 1877 4348 dicetur:
1917 4312 1936 4345 ι
1956 4292 2033 4348 Ite
2058 4310 2156 4364 per

570 4380 766 4441 portas
799 4387 971 4439 meas,
994 4381 1049 4429 et
1078 4375 1220 4430 viam
1253 4375 1415 4432 facite
1449 4379 1644 4450 populo
1669 4397 1812 4448 meo,
1841 4383 2156 4455 lapidesque

2287 649 2408 695 σαν,
2463 632 2526 685 ἐκ
2555 649 2615 684 τε
2663 630 2757 685 τοῦ
2798 631 3066 703 προτέρου
3106 631 3235 685 λαοῦ
3279 633 3377 687 καὶ
3407 632 3502 686 τού
3524 635 3646 687 νέου
3683 636 3776 690 τοῦ
3801 635 3865 703 ἐξ

2282 724 2472 777 ἐθνῶν.
2500 719 2633 778 Εἶτα
2683 724 2778 778 καὶ
2816 724 2954 795 πρὸς
2985 724 3086 795 τὴν
3120 723 3445 796 Ἐκκλησίαν
3474 728 3709 778 ποιεῖται
3733 728 3863 792 τοὺς

2282 813 2473 882 λόγους
2490 830 2504 844 ·
2525 812 2728 884 ταύτης
2755 813 3042 882 γεγόνασιν
3075 814 3182 865 uio).
3217 812 3356 866 κατά
3381 812 3558 884 σάρκα
3585 815 3635 866 οἱ
3664 812 3866 868 θεσπέρ

2285 920 2387 957 σιοι
2419 904 2674 975 μαθηταὶ,
2697 904 2795 975 τὴν
2815 903 3100 974 είςάκραν
3123 904 3293 975 αὐτῆς
3318 902 3582 968 σώζοντες
3602 905 3825 976 ἀγάπην
3843 923 3859 937 ·

2281 993 2422 1048 ὥστε
2480 995 2654 1048 δοκεῖν
2709 994 2808 1064 τὴν
2860 993 3158 1064 γενομένην
3189 993 3586 1064 φιλοστοργίαν,
3615 989 3706 1049 οἷά
3754 1015 3862 1068 περ

2279 1086 2548 1158 νεανίσκῳ
2588 1086 2926 1158 συνῳκηκότι
2957 1085 3230 1157 παρθένῳ.
3266 1085 3452 1150 Οὕτως
3487 1088 3859 1161 εὐφρανθήσε-

2278 1195 2367 1230 ται
2401 1177 2607 1249 Κύριος
2631 1177 2724 1231 ἐπὶ
2752 1175 2856 1240 σοῖ,
2885 1174 3136 1248 καθάπερ
3162 1175 3354 1246 ἀμέλει
3390 1172 3484 1228 κάι
3511 1177 3740 1247 νυμφίος
3766 1177 3862 1232 ἐπὶ

2279 1269 2488 1342 νύμφη.
2519 1269 2808 1338 Καθήκετο
2843 1268 2951 1340 γὰρ
3003 1267 3062 1334 ἐξ
3093 1267 3337 1337 οὐρανῶν
3378 1267 3407 1319 ό
3439 1268 3729 1339 μονογενὴς
3763 1267 3862 1323 τοῦ

2278 1360 2410 1414 Θεοῦ
2444 1361 2637 1428 Λόγος,
2671 1359 2738 1412 ἵν’
2767 1359 3043 1432 ἔγκαρπον
3089 1359 3345 1430 ἀποφήνῃ
3371 1357 3469 1429 τὴν
3511 1358 3860 1429 Ἐκκλησίαν,

2280 1451 2344 1523 ἣν
2367 1452 2528 1516 αύτδς
2553 1451 2732 1523 ἐαυτῷ
2762 1452 3075 1524 παρέστησε
3100 1451 3367 1522 παρθένον
3394 1451 3584 1524 ἁγνὴν,
3613 1452 3686 1524 μὴ
3707 1452 3861 1523 έχου-

2279 1561 2378 1598 σαν
2415 1543 2601 1598 σπίλον
2639 1544 2672 1616 ἧ
2709 1544 2924 1616 ῥυτίδα·
2970 1543 3134 1612 ἀγίαν
3160 1543 3217 1596 δὲ
3251 1542 3448 1614 μᾶλλον
3484 1545 3576 1597 καὶ
3603 1545 3855 1616 ἄμωμον.

2274 1635 2552 1706 Δεξαμένη
2591 1633 2770 1688 τοίνυν
2803 1635 2935 1706 παρ’
2972 1631 3136 1686 αὑτοῦ
3179 1633 3277 1703 τῆς
3315 1632 3675 1703 εὐαγγελικῆς
3699 1633 3857 1688 πολι-

2273 1725 2424 1790 τείας
2467 1725 2538 1778 τά
2576 1724 2886 1796 σπέρματα,
2919 1725 3314 1794 πνευματικαῖς
3341 1722 3554 1786 θυσίαις
3584 1726 3682 1777 καὶ
3704 1725 3858 1794 ἀγιο-

2201 1821 2245 1877 Β
2279 1817 2514 1890 πρεπέσι
2543 1809 2931 1888 κατορθώμασι
2957 1814 3056 1887 τὴν
3101 1813 3320 1886 νύμφην
3343 1813 3728 1870 ὲκλάαπουσαν
3755 1818 3859 1872 ἀπο

2271 1907 2488 1973 έδειξεν.

2348 2017 2369 2052 ι
2409 2000 2520 2052 Καὶ
2555 2000 2650 2053 ἐπὶ
2681 1997 2790 2052 τῶν
2815 1996 3009 2068 τειχῶν
3037 2013 3152 2062 σου,
3185 1995 3560 2069 Ἰερουσαλὴμ,
3591 1998 3861 2072 κατέστης

2273 2110 2341 2146 σα
2367 2089 2614 2163 φύλακας
2649 2090 2777 2161 ὅλην
2814 2089 2913 2162 τὴν
2940 2089 3155 2161 ἡμέραν
3189 2088 3286 2144 καὶ⁵
3309 2088 3438 2160 ὅλην
3462 2089 3561 2161 τὴν
3583 2089 3772 2157 νύκτα,
3802 2093 3862 2146 οἱ

2269 2186 2358 2240 διά
2382 2185 2570 2250 τέλους
2589 2184 2651 2238 ού
2685 2182 3143 2254 σιωπηθήσονται,
3171 2181 3600 2254 μιμνησκόμενοι
3623 2183 3856 2256 Κυρίου.

2272 2279 2388 2332 Οὐκ
2415 2278 2531 2332 ἔστι
2559 2277 2667 2348 γὰρ
2695 2277 2822 2346 ὑμῖν
2849 2275 3053 2346 ὅμοιος,
3087 2273 3182 2328 ἐὰν
3205 2273 3494 2348 διορθώσει,
3529 2273 3623 2328 καὶ
3653 2275 3860 2348 ποιήσῃ

2281 2368 2638 2441 Ἰερουσαλήμ
2670 2366 2956 2437 γαυρίαμα
2989 2365 3083 2419 ἐπὶ
3131 2367 3230 2436 τῆς
3272 2368 3395 2438 γῆς.
3423 2367 3625 2438 Ὠμοσε
3650 2366 3862 2439 Κύριος

2267 2461 2410 2516 κατά
2430 2462 2529 2533 τῆς
2555 2460 2713 2532 δόξης
2747 2457 2936 2522 αὑτοῦ,
2963 2459 3056 2512 καὶ
3083 2458 3224 2513 κατὰ
3253 2460 3353 2531 τῆς
3379 2459 3560 2530 ίσχύός
3589 2459 3684 2514 τοῦ
3715 2459 3861 2532 βρα-

2269 2553 2446 2624 χίονος
2475 2549 2662 2604 αὑτοῦ.
2699 2568 2720 2602 ι
2759 2548 2936 2602 Πάλαι
2978 2551 3075 2622 μὲν
3105 2550 3214 2622 γὰρ
3244 2549 3416 2604 ταῦτα
3446 2550 3683 2619 ἐγένετο,
3712 2554 3858 2624 ὁπη-

2268 2646 2396 2699 νίκα
2421 2644 2514 2698 τὸν
2531 2644 2740 2699 ἑαυτῶν
2767 2647 2977 2720 καρπὸν
3001 2645 3199 2718 βρῶμα
3221 2649 3480 2717 παρεῖχον
3498 2649 3612 2710 τοῖς
3639 2647 3860 2720 ἐχθροῖς

2266 2734 2360 2789 τοῦ
2399 2734 2558 2801 Θεοῦ,
2596 2733 2822 2788 τοιαῦτα
2868 2734 3194 2807 πράττοντες
3241 2736 3336 2788 καὶ
3371 2736 3736 2813 ἐνεργοῦντες.
3772 2737 3860 2803 ὠς

2266 2827 2557 2898 δαιμονίων
2583 2826 2831 2896 γίνεσθαι
2849 2826 3056 2898 τροφὴν
3085 2827 3182 2890 ea;
3207 2825 3413 2880 ἑαυτῶν
3443 2825 3667 2899 πράξεις
3690 2846 3703 2859 ο
3733 2831 3861 2886 νυνὶ

2265 2917 2324 2972 δὲ
2356 2920 2468 2982 τοῖς
2495 2917 2590 2970 τοῦ
2621 2917 2743 2971 νέου
2777 2917 2972 2981 αίῶνος
3002 2915 3587 2988 καταξιωθησομένοις,
3620 2920 3714 2972 καὶ
3743 2920 3857 2973 τῶν

2267 3008 2696 3081 ἐπηγγελμένων
2736 3009 3100 3080 τευξομένοις,
3133 3009 3283 3081 ὅρκῳ
3319 3009 3546 3081 ὄμνυσιν
3585 3013 3614 3064 ὁ
3648 3011 3860 3085 Κύριος

2271 3104 2468 3177 μηκέτι
2496 3102 2686 3156 δώσειν
2717 3103 2932 3174 ἐχθροῖς
2957 3102 3085 3164 τούς
3112 3101 3357 3172 καρποὺς
3379 3101 3578 3167 αὐτῶν,
3613 3103 3727 3156 ἀλλ’
3754 3105 3862 3156 αὖ-

2267 3193 2394 3256 τοὺς
2426 3192 2607 3246 αὐτῶν
2638 3192 2950 3248 ἀπολαύειν.
2998 3190 3412 3262 Κατορθοῦντας
3460 3192 3570 3266 γὰρ
3608 3195 3704 3248 τὸν
3728 3200 3857 3249 κατ’

2269 3284 2469 3357 ἀρετὴν
2497 3284 2610 3355 βίον
2631 3285 2726 3338 καὶ
2753 3283 3019 3348 θεοσεϐῶς
3037 3283 3342 3351 διάγοντας,
3369 3283 3576 3340 δίκαιον
3613 3286 3720 3340 τῶν
3755 3288 3860 3340 ol-

2269 3375 2433 3429 κείων
2461 3375 2756 3430 ἀπολαύειν
2778 3375 3027 3447 καρπῶν.
3065 3395 3084 3429 ι
3113 3376 3175 3429 El
3199 3375 3444 3430 ἔτιδώσω
3459 3378 3549 3431 τόν
3566 3379 3710 3433 σῖτόν
3728 3395 3858 3449 σου,

2266 3469 2360 3523 καὶ
2394 3468 2461 3522 τά
2491 3467 2756 3541 βρώματά
2784 3486 2878 3522 σου
2898 3471 3011 3533 τοῖς
3034 3468 3249 3541 ἐχθροῖς
3275 3485 3390 3535 σου,
3408 3470 3504 3523 καὶ
3525 3470 3606 3524 έτι
3634 3472 3860 3530 πίονταιι

2267 3561 2376 3614 υίοὶ
2395 3561 2666 3633 ἀλλότριοι
2723 3562 2816 3615 τὸν
2860 3558 3004 3616 οἶνόν
3045 3579 3165 3628 σου,
3212 3557 3364 3633 ὲφίἶ)
3395 3563 3736 3635 ἐμόχθησας·

2344 3653 2480 3708 Ἀλλ’
2525 3654 2576 3707 οἱ
2615 3653 3012 3723 συναγαγόντες
3051 3653 3314 3723 φάγονται
3348 3653 3510 3720 αὐτὰ,
3557 3655 3650 3709 καὶ
3703 3657 3861 3710 αἰνέ-

2267 3764 2418 3801 σουσι
2445 3745 2672 3819 Κύριον,
2716 3746 2812 3801 καὶ
2846 3747 2895 3799 οί
2941 3747 3338 3822 συναγαγόντες
3371 3747 3584 3801 πίονται
3611 3749 3750 3803 αύτά
3787 3751 3862 3803 ὲν

2262 3839 2381 3902 ταῖς
2435 3837 2696 3892 ὲπαύλεσι
2734 3839 2854 3901 ταῖς
2897 3837 3080 3906 ἀγίαις
3133 3854 3258 3909 μου.
3291 3856 3312 3890 ι
3354 3834 3478 3892 Εἶεν
3510 3838 3555 3892 δ’
3583 3837 3650 3893 ἂν
3683 3833 3858 3895 αὗται

2261 3930 2319 3982 al
2345 3929 2535 3984 ἰἰεολλαλ⁵
2561 3929 2721 4000 μοναὶ
2745 3930 2802 3983 αἱ
2832 3929 2984 4002 παρά
3004 3928 3079 4000 τῷ
3105 3929 3300 4002 Πατρί.

2343 4040 2362 4073 ι
2395 4021 2699 4094 Πορεύεσθε
2735 4020 2824 4074 διὰ.
2846 4020 2956 4076 τῶν
2987 4020 3170 4074 πυλῶν
3201 4038 3325 4093 μου.
3366 4041 3386 4077 ι
3419 4023 3578 4078 Νοεῖν
3617 4023 3674 4078 δὲ
3713 4025 3859 4095 ἡμῖν

2262 4113 2493 4186 παρέχει
2524 4113 2613 4167 διὰ
2641 4111 2848 4168 τούτων
2885 4112 2982 4185 τὴν
3011 4113 3334 4184 ἐπουράνιον
3370 4115 3465 4169 τοῦ
3499 4115 3634 4170 Θεοῦ
3665 4116 3856 4183 πόλιν,

2263 4205 2478 4270 καὶτὰς
2509 4205 2678 4277 αὐτῆς
2709 4205 2884 4269 πύλας
2902 4221 2915 4235 ·
2946 4203 2982 4258 ἀ
3005 4204 3070 4276 δὴ
3092 4204 3270 4259 πάντα
3295 4207 3436 4261 κατά
3459 4206 3550 4260 τὸν
3569 4207 3850 4277 ἐπηγγελο

2264 4298 2422 4368 μένον
2470 4297 2643 4352 αἰῶνα
2691 4298 3196 4370 ἀναπετασθήσεται
3239 4302 3353 4364 τοῖς
3386 4297 3558 4364 ἀξίοις
3613 4298 3705 4352 καὶ
3757 4299 3856 4352 λε-

2260 4388 2541 4461 χθήσεται’
2588 4409 2608 4443 ι
2637 4389 2938 4463 Πορεύεσθε
2967 4391 3052 4446 διά
3077 4391 3185 4445 τῶν
3217 4392 3400 4446 πυλῶν
3433 4409 3555 4463 μου,
3601 4393 3694 4446 καὶ
3723 4393 3855 4447 ὁδο-

571 4463 642 4519 de
667 4465 752 4519 via
777 4463 1043 4535 projicite.
1075 4467 1292 4524 Elevate
1316 4471 1530 4541 signmn
1566 4474 1618 4528 in
1654 4484 1862 4544 gentes.
1889 4495 1909 4528 ι
1936 4475 2150 4532 Nullum

2266 4483 2527 4555 ποιήσατε
2567 4482 2646 4554 τῷ
2685 4482 2800 4554 λαῷ
2836 4502 2959 4556 μου,
3000 4485 3094 4539 καὶ⁹
3130 4486 3257 4549 τοὺς
3284 4484 3464 4549 λίθους
3496 4485 3563 4538 έκ
3589 4486 3687 4556 τῆς
3716 4486 3849 4540 ὁδοῦ⁹

572 4554 738 4615 enim,
767 4556 965 4626 inquit,
999 4557 1466 4628 impedimentum,
1499 4562 1677 4618 nullus
1704 4564 1844 4618 obex
1872 4565 2002 4631 erit,
2045 4581 2154 4622 non

570 4646 800 4713 invidia,
823 4663 928 4702 non
955 4650 1116 4716 livor,
1147 4665 1252 4706 non
1268 4661 1564 4721 praztextus
1589 4657 1886 4726 quispiam,
1914 4675 2018 4714 non
2044 4659 2155 4716 da:-

577 4753 725 4804 mon,
755 4755 861 4795 non
898 4740 1124 4811 spiritus
1172 4742 1463 4813 malignus,
1498 4763 1604 4802 non
1639 4749 1954 4807 adversaria
2001 4764 2155 4825 pote-

567 4841 682 4887 stas
718 4831 894 4887 oberit
947 4835 1141 4905 populo
1177 4851 1321 4904 meo,
1365 4841 1653 4909 quominus
1691 4842 1743 4898 in
1778 4859 2006 4917 regnum
2036 4863 2151 4904 cce-

571 4921 748 4977 lorum
793 4927 1152 4995 ingrediatur.
1187 4928 1314 4987 Haec
1345 4943 1528 4988 autem
1566 4935 1895 5006 quibusdam
1947 4941 2154 5010 angeli-

568 5014 652 5068 cis
685 5015 976 5073 virtutibus
1011 5020 1282 5077 dicentur.

644 5192 809 5249 Vens.
835 5196 924 5262 Η,
951 5197 1040 5254 12.
1074 5220 1092 5252 ‹
1117 5201 1256 5257 Ecce
1279 5203 1422 5258 enim
1447 5201 1707 5261 Dominus
1735 5209 1977 5263 auditum
2020 5209 2148 5266 fecit

572 5294 746 5348 usque
786 5287 851 5339 ad
892 5298 1197 5343 extremum
1233 5300 1411 5356 ιρι-ναξ,
1448 5294 1622 5351 Dii-ite
1656 5297 1779 5353 ﬁliae
1821 5297 1976 5362 Sion,
2013 5300 2150 5356 Ecce

2257 4574 2597 4647 διαρρίψατε.
2636 4575 2898 4648 Ἐξάρατε
2931 4575 3212 4649 σύσσημον
3235 4578 3315 4640 είς
3339 4577 3407 4630 τά
3427 4576 3576 4647 ἔθνη.
3609 4597 3627 4629 ι
3656 4577 3850 4649 Μηδὲν

2257 4650 2390 4738 γάρ,
2421 4666 2605 4739 φησίν,
2641 4666 2792 4720 ἔσται
2821 4667 3070 4740 κώλυμα,
3107 4669 3241 4740 μηδὲ
3271 4669 3547 4740 ἐμπόδιον,
3587 4669 3722 4740 μηδέ
3753 4687 3851 4735 τις

2260 4757 2474 4827 φθόνος,
2511 4758 2645 4830 μηδὲ
2673 4757 2958 4828 βάσκανος,
2993 4759 3067 4832 μὴ
3107 4760 3382 4832 πρόφασίς
3419 4779 3499 4825 τε,
3558 4761 3690 4834 μηδὲ
3721 4761 3851 4814 δαί-

2261 4868 2400 4923 μων,
2441 4839 2517 4923 pi)
2553 4851 2770 4923 πνεῦμα
2817 4851 3072 4924 πονηρὸν,
3113 4853 3188 4925 μὴ
3225 4853 3453 4924 δύναμις
3487 4853 3852 4926 ἀντικειμένη

2257 4943 2603 4997 διακωλυέτω
2628 4944 2718 4997 τὸν
2748 4944 2875 4999 λαὸν
2899 4944 2988 4997 τὸν
3021 4944 3152 5015 ἐμὸν
3185 4947 3266 5008 είς
3293 4946 3390 5017 τὴν
3419 4945 3694 5016 βασιλείαν
3727 4946 3848 5000 τῶν

2257 5034 2500 5107 οὐρανῶν
2551 5036 2796 5090 εἰσιέναι.
2843 5034 3029 5089 Ταῦτα
3057 5035 3114 5090 δὲ
3161 5035 3297 5108 πρός
3342 5054 3493 5102 τινας
3541 5037 3852 5107 ἀγγελικὰς

2255 5125 2574 5198 λεχθήσεται
2603 5126 2879 5198 δυνάμεις.

2334 5237 2353 5270 ι
2393 5217 2522 5272 Ἰδοὺ
2548 5218 2658 5290 γὰρ
2691 5218 2896 5289 Κύριος
2928 5219 3183 5291 ἐποίησεν
3212 5219 3479 5275 ἀκουστὸν
3520 5221 3626 5286 ἕως
3673 5222 3848 5292 ἐσχά-

2255 5326 2350 5364 του
2377 5310 2478 5381 τῆς
2498 5293 2624 5379 ﬁ;-
2651 5310 2856 5366 Εἴπατε
2905 5315 2972 5383 τῇ
3017 5311 3246 5386 θυγατρὶ
3277 5313 3448 5366 Σιώνο
3503 5314 3631 5368 Ἰδοὺ
3661 5316 3690 5367 δ
3725 5314 3848 5367 Σω-

570 5370 823 5428 Salvator
853 5377 946 5430 tibi
978 5381 1124 5434 venit
1147 5381 1352 5438 habens
1385 5388 1688 5442 mercedem
1729 5404 1906 5455 suam,
1932 5401 1986 5445 et
2013 5405 2149 5460 Opus

2266 5402 2358 5474 ιήρ
2389 5370 2471 5453 σοι
2503 5370 2879 5472 παραγέγονεν
2910 5370 3050 5471 ἔχων
3078 5370 3168 5457 τὸν
3193 5370 3386 5459 έαυτοῦ
3416 5404 3628 5476 μισθὸν,
3653 5406 3747 5460 καὶ
3771 5407 3844 5462 τδ

566 5473 891 5522 suum'ante
928 5468 1119 5525 faciem
1164 5489 1338 5532 suam.
1381 5478 1443 5533 Et
1486 5481 1703 5536 vocabit
1732 5497 1856 5538 eum
1888 5485 2144 5554 populum

567 5567 845 5622 sanctum,
883 5562 1221 5632 redemptum
1277 5584 1306 5622 a
1361 5570 1612 5628 Domino.
1648 5573 1726 5629 Tu
1761 5585 1942 5630 autem
1979 5593 2144 5633 voca-

569 5641 716 5698 beris
752 5646 1012 5716 requisita
1042 5651 1259 5721 civitas,
1287 5668 1343 5712 et
1389 5675 1493 5716 non
1559 5663 1770 5718 relicta.
1800 5684 1818 5715 ι
1850 5664 1926 5720 Nc
1957 5667 2149 5721 existi-

567 5745 683 5792 met
734 5739 1026 5808 quispiam,
1064 5743 1158 5810 ait,
1211 5747 1324 5805 base
1367 5751 1432 5806 de
1481 5752 1708 5811 Iudaico
1760 5758 1960 5829 populo
1994 5760 2142 5816 dici:

2255 5489 2415 5561 ἔργον
2450 5488 2613 5544 αὐτοῦ
2649 5490 2756 5563 πρὸ
2785 5491 3074 5563 προσώπου
3111 5493 3297 5548 αὑτοῦ.
3333 5495 3445 5548 Καὶ
3477 5494 3694 5549 καλέσει
3731 5495 3836 5549 αὖ-

2252 5584 2344 5636 τὸν
2399 5583 2527 5638 λαὸν
2573 5585 2748 5652 ἆγιον,
2792 5583 3199 5657 λελυτρωμένον
3244 5586 3348 5640 ὑπὸ
3390 5589 3620 5660 Κυρίου.
3671 5589 3745 5642 Σὺ
3773 5589 3846 5645 δὲ

2255 5671 2502 5746 κληθήσῃ
2527 5670 2929 5745 ὲπιζητουμένη
2957 5674 3112 5739 πόλις
3155 5676 3249 5731 καὶ
3290 5677 3390 5730 οὐκ
3416 5678 3848 5751 ἐγκαταλελειμ-

2257 5762 2411 5835 μένη.
2452 5783 2468 5815 ι
2501 5763 2592 5835 Μὴ
2619 5762 2726 5835 γὰρ
2750 5762 3014 5836 νομιζέτω
3039 5783 3140 5833 τις,
3183 5768 3370 5840 φησὶν,
3410 5770 3539 5842 περὶ
3569 5771 3659 5825 τοῦ
3699 5773 3842 5842 ’1ου-
