4130 6400
387 347 481 406 501

1314 339 1820 400 COMMENTARIA
1856 340 1926 396 IN
1962 339 2216 398 lS‘AlAMZ
2255 373 2328 384 —
2359 343 2510 400 CAP.
2551 340 2734 399 LXIII;

3514 345 3622 400 502

386 463 539 518 δαίων
563 458 682 516 λαοῦ
705 458 874 514 ταῦτα
896 459 1175 532 εἰρῆσθαι·
1204 461 1504 535 ἐπειδήπερ
1528 461 1706 516 πάντα
1727 463 1794 517 τὰ
1812 462 1939 534 ἔθνη

2048 465 2298 534 quoniam
2329 481 2518 522 omnes
2549 474 2738 537 gentes
2762 463 2976 536 signum
3003 462 3186 519 levare
3206 462 3386 532 jubet,
3423 472 3476 518 et
3498 479 3618 518 om-

383 556 445 610 τὸ
493 555 704 626 σημεῖον
741 553 992 626 αἴρεσθαι
1030 555 1376 626 προστάττει,
1437 555 1535 609 καὶ
1579 555 1790 619 πάντας
1836 555 1941 619 ἕως

381 641 601 714 ἐσχάτου
653 640 752 712 τῆς
804 643 908 713 γῆς
975 643 1383 712 εὐαγγελίζεται
1438 644 1508 698 τὰ
1554 644 1939 716 προλεχθέντα.

383 734 562 788 Πάλαι.
580 733 670 805 μὲν
697 729 792 788 οὖν
832 733 975 788 κατὰ
1001 734 1100 806 τὴν
1124 734 1345 808 πράπην
1372 736 1537 791 αύτοῦ
1582 737 1884 810 παρουσίαν
1913 737 1943 788 6

382 823 537 889 αὐτὸς
579 821 642 898 ἦν
677 825 869 898 Σωτὴρ
909 825 977 878 δι’
1025 821 1101 881 ὧν
1149 825 1352 900 ἔπραξε
1391 829 1484 882 καὶ
1508 827 1775 882 πέπονθεν
1801 829 1943 900 ὑπὲρ

380 917 469 972 τοῦ
529 917 630 973 τῶν
685 916 987 991 ἀνθρώπων
1045 919 1236 988 γένους
1287 921 1386 993 τὴν
1446 922 1598 994 παρὰ
1646 921 1742 975 τοῦ
1806 918 1942 974 Θεοῦ

384 1010 638 1082 σωτηρίαν
659 1012 773 1074 τοῖς
797 1013 876 1074 είς
898 1010 1059 1064 αὑτὸν
1091 1012 1405 1066 πιστεύουσι
1428 1014 1724 1086 προξενῶν,
1749 1013 1878 1086 παρ’
1900 1005 1946 1081 ᾧ

381 1103 472 1157 καὶ
501 1102 694 1175 Ἰησοῦς
713 1101 1032 1174 ὠνομάσθη,
1068 1103 1210 1158 κατὰ
1229 1105 1329 1178 τὴν
1351 1105 1444 1160 τοῦ
1474 1105 1703 1176 ἀγγέλου
1740 1122 1945 1177 μαρτυ-

383 1195 514 1268 ρίαν.

867 1290 1266 1345 ΚΕΦΑΛΔΙΟΝ
1313 1289 1407 1344 ΞΡ
1416 1331 1429 1345 .

445 1420 466 1456 ι
499 1401 589 1466 Τίς
620 1395 776 1469 οὗτος
819 1405 848 1458 6
882 1386 1322 1478 παραγένόμενος
1348 1405 1409 1472 ἐξ
1449 1403 1664 1477 Ἐδὼμ,
1695 1402 1946 1479 ἐρύθημα

371 1494 592 1568 ἱματίων
635 1498 700 1551 ἐκ
751 1497 956 1569 Βοσόρ;
992 1498 1164 1562 οὕτως
1206 1499 1405 1571 ὡραῖος
1451 1501 1510 1553 ἐν
1546 1499 1704 1572 στολῇ
1743 1499 1944 1554 αὐτοῦ’

373 1586 461 1658 βία
492 1587 626 1660 μετὰ
671 1588 874 1660 ἰσχύος.
921 1589 1061 1659 Ἐγὼ
1105 1589 1425 1662 διαλέγομαι
1462 1591 1810 1662 δικαιοσύνην
1854 1592 1948 1644 καὶ

370 1677 541 1750 κρίσιν
555 1678 862 1751 Σωτηρίου.
898 1699 916 1732 ι
949 1681 1367 1752 Προσωποποιεῖ
1402 1683 1431 1734 6
1461 1680 1618 1750 λόγος
1648 1683 1948 1753 ἐρωτήσεις

368 1767 523 1822 τινῶν
554 1767 805 1840 ὁρώντων
831 1768 923 1823 τὸν
949 1767 1183 1841 Χριστὸν
1214 1770 1496 1843 πολεμικῷ
1518 1771 1771 1842 ’σχήματι
1815 1770 1949 1824 θεω-

371 1857 623 1930 ρούμενον
656 1861 751 1914 καὶ¹
773 1859 870 1932 τήν
903 1861 1195 1932 περιϐολὴν
1225 1862 1544 1935 ᾑμαγμένον
1567 1879 1581 1893 ·
1604 1864 1658 1916 οἴ
1682 1863 1778 1917 καὶ
1808 1862 1944 1935 πρὸς

367 1947 618 2020 ἀλλήλους
642 1951 772 2020 φασὶ
796 1950 858 2004 τὸ
886 1949 1034 2015 ξένον
1052 1949 1146 2004 τοῦ
1173 1953 1455 2024 σχήματος
1478 1951 1908 2024 ἐκπληττόμενοι
1925 1968 1939 1982 ⁸

375 2055 394 2089 ι
432 2038 525 2101 Τίς
560 2033 714 2103 οὗτος
755 2041 783 2093 6
831 2040 1276 2111 παραγενόμενος
1316 2038 1377 2104 ἐξ
1438 2039 1637 2110 Ἐδὼμ,
1690 2038 1946 2111 ἐρύθημα

369 2128 690 2199 ἱματίων-ἐκ
720 2131 926 2203 Βοσόρ;
975 2150 994 2184 ι
1052 2131 1269 2202 Ἐπειδὴ
1312 2130 1424 2203 γὰρ
1459 2133 1494 2203 ὴ
1552 2128 1732 2201 Ἐδὼμ
1778 2131 1872 2185 καὶ
1910 2131 1944 2201 ή

365 2218 531 2290 Βοσὸρ
559 2219 660 2290 τῆς
698 2221 806 2275 τῶν
833 2222 1156 2292 ἀλλοφύλων
1172 2221 1358 2295 χώρας
1387 2223 1483 2277 καὶ
1515 2222 1602 2276 ἀεὶ
1638 2221 1748 2274 τῶν
1790 2220 1948 2274 πολε-

369 2309 500 2382 μίων
539 2312 636 2366 τοῦ
687 2311 904 2386 Ἰσραὴλ
930 2315 1308 2386 τυγχάνουσιν,
1347 2314 1572 2380 εἰκότως
1613 2315 1704 2368 διὰ
1743 2313 1948 2368 τούτων

365 2401 477 2456 τῶν
498 2401 780 2474 ὀνομάτων
803 2404 902 2468 τάς
933 2405 1316 2477 ἀντικειμένας
1342 2405 1606 2478 δυνάμεις
1627 2405 1944 2469 αἰνίττεται,

367 2491 460 2548 καὶ
493 2492 608 2548 τῶν
647 2495 1034 2568 ἀνῃρημένων,
1081 2498 1176 2552 καὶ
1208 2497 1450 2569 ὡσπερεὶ
1481 2497 1947 2569 κατεσφαγμένων

366 2583 452 2638 τὸν
493 2584 788 2658 ἱματισμὸν
833 2588 999 2642 αὐτοῦ
1047 2607 1180 2660 φησι
1229 2590 1597 2659 πεφοινίσθαι.
1645 2591 1861 2663 Σφόδρα
1891 2590 1948 2644 δὲ

367 2677 522 2732 αὐτὸν
553 2678 762 2733 ἀλλοῖον
788 2681 1024 2753 ὁρῶντες
1059 2684 1122 2736 ἐκ
1163 2684 1264 2754 τῆς
1293 2682 1434 2737 κατὰ
1466 2683 1576 2736 τῶν
1608 2683 1821 2737 ἀσεϐῶν
1865 2701 1949 2737 τι·

368 2770 594 2842 μωρίας,
623 2772 744 2826 οὐδὲ
777 2773 1066 2845 γνωρίζειν
1097 2774 1336 2830 ἐοίκασιν
1375 2775 1560 2842 αὑτὸν,
1596 2776 1821 2849 φαιδρὸν
1852 2775 1948 2830 καὶ

364 2863 592 2935 γαληνὸν
630 2865 725 2920 καὶ
763 2867 974 2939 ἥμερον
1010 2867 1174 2921 αὑτὸν
1207 2866 1581 2937 ἐπιστάμενοι·
1618 2868 1699 2922 διὸ
1738 2868 1946 2922 πυνθά-

363 2971 540 3009 νονται
595 2955 878 3026 λέγοντες;
920 2976 940 3010 ι
977 2958 1074 3022 Τίς
1106 2949 1262 3023 οὗτος
1325 2959 1354 3011 6
1396 2959 1841 3032 παραγενόμενος
1887 2960 1946 3029 ἐξ

376 3045 570 3118 Ἐδὼμ,
591 3046 842 3120 ἐρύθημα
859 3049 1086 3119 ἱματίων
1101 3050 1166 3103 ἐκ
1178 3048 1376 3121 Βοσόρ;
1402 3067 1526 3102 ι-ι
1547 3050 1942 3122 ’Υπερμαχῶνι

363 3135 492 3208 γὰρ,
522 3136 664 3190 κατά
695 3137 786 3191 τὸν
813 3137 1131 3210 Σύμμαχον,
1164 3139 1274 3193 τῶν
1302 3139 1632 3208 ἀδίκως,ὐπὸ
1663 3141 1772 3195 τῶν
1802 3142 1950 3197 ἀντι-

364 3228 632 3299 κειμένων
664 3229 947 3302 δυνάμεων
994 3233 1520 3305 καταπονουμένων,
1553 3234 1680 3298 τοὺς
1728 3233 1829 3306 μὲν
1873 3235 1951 3300 ὡς

363 3320 593 3393 ἐχθροὺς
628 3324 961 3396 μετήρχετο,
993 3325 1122 3389 τοὺς
1151 3324 1208 3379 δὲ
1260 3326 1461 3392 ἔσωζεν
1504 3326 1806 3399 ἐλευθερῶν
1851 3329 1953 3400 τῆς

365 3413 470 3466 ὑπὸ
498 3416 608 3478 τοῖς
632 3415 846 3487 ἐχθροῖς
869 3416 1207 3482 δυναστείας.

346 3521 350 3550 τ
435 3522 456 3555 ι
489 3504 590 3558 Διὰ
619 3505 674 3558 τί
708 3523 800 3560 σου
843 3507 1050 3580 ἐρυθρά
1075 3507 1145 3562 τὰ
1188 3509 1398 3581 ἱμάτια,
1432 3510 1530 3564 καὶ
1569 3509 1641 3564 τὰ
1678 3509 1953 3582 ἐνδύματά

359 3615 458 3652 σου
488 3599 566 3663 ὡς
593 3599 700 3654 ἀπὸ
729 3599 967 3671 πατητοῦ
994 3601 1186 3672 ληνοῦ;
1221 3605 1442 3678 Πλήρης
1475 3603 1884 3676 πεπατημένης.
1925 3626 1947 3658 ι

358 3689 506 3762 Ὅρα
540 3689 598 3744 δὲ
629 3690 748 3754 πῶς
777 3691 990 3764 εῐρηται
1023 3692 1183 3765 ληνὸν
1211 3695 1590 3765 πεπατηκέναι
1623 3695 1949 3766 μονώτατος.

355 3781 526 3852 Μόνῳ
557 3782 665 3854 γὰρ
693 3783 843 3854 αὐτῷ
867 3783 968 3856 τὴν
995 3784 1180 3851 κρίσιν
1201 3785 1434 3840 δέδωκεν
1459 3787 1488 3840 6
1520 3786 1734 3858 Πατὴρ,
1766 3787 1867 3858 τὴν
1893 3785 1952 3840 δὲ

359 3874 471 3928 τῶν
508 3875 922 3948 ἁμαρτημάτων
952 3873 1218 3948 ἔκπραξιν
1244 3875 1405 3948 ληνὸν
1433 3876 1593 3931 εἴωθε
1627 3877 1810 3932 καλεῖν
1828 3893 1842 3907 °
1868 3874 1953 3929 διὸ

360 3968 424 4020 ἐν
467 3968 581 4030 τοῖς
617 3967 846 4040 Θρήνοις
913 3968 1182 4040 Ἱερεμίας
1226 3968 1360 4040 φησι
1383 3983 1398 3999 ⁶
1437 3987 1471 4025 ι.
1497 3967 1672 4039 Ληνὸν
1711 3968 1952 4040 ἐπάτησε

361 4055 570 4127 Κύριος
610 4057 863 4130 παρθένῳ
906 4057 1140 4130 θυγατρὶ
1192 4057 1396 4112 Ἰούδα·
1456 4057 1550 4111 ἐπὶ
1588 4057 1798 4122 τούτοις
1841 4056 1952 4126 ἐγὼ

362 4148 556 4204 κλαίω.
590 4169 610 4201 ι
643 4151 852 4222 Ὥσπερ
872 4149 928 4202 δέ
955 4152 989 4220 ή
1027 4150 1120 4203 ἐπὶ
1151 4149 1212 4203 τὸ
1243 4149 1374 4203 αύτὺ
1396 4149 1506 4203 τῶν
1534 4149 1953 4222 ἁμαρτημάτων

362 4239 585 4312 εὐθύνη,
620 4242 715 4296 καὶ
745 4244 774 4296 6
803 4241 1022 4313 ἐλεγχος
1053 4242 1142 4296 ἐπ’
1169 4243 1373 4307 αὐτοῖς,
1407 4241 1442 4312 ἥ
1477 4257 1537 4294 τε
1571 4239 1833 4313 έκπραξις
1858 4239 1954 4295 καὶ

364 4333 401 4404 ή
429 4333 669 4406 τιμωρία
695 4333 855 4406 ληνὸς
883 4333 1195 4405 ὠνόμασται
1217 4349 1231 4364 ο
1265 4332 1408 4386 οὕτω
1445 4333 1539 4386 καὶ
1577 4331 1689 4386 τῶν
1730 4331 1952 4401 ἀγαθῶν

364 4425 594 4496 καρπῶν
634 4427 698 4479 ἐκ
728 4425 830 4496 τῆς
868 4425 1081 4494 ἀγαθῆς
1123 4423 1372 4496 ἀμπέλου
1400 4423 1768 4497 τρυγωμένων
1800 4423 1953 4495 ληνοὶ

365 4515 627 4584 θεοφιλεῖς
676 4517 770 4570 καὶ
820 4516 940 4588 Θεῷ
982 4517 1212 4590 ἀρεσταὶ
1267 4516 1508 4586 γίνονται
1525 4531 1540 4546 ο
1587 4516 1675 4586 ἐφ’
1721 4511 1811 4580 αἷς
1855 4516 1952 4569 καὶ

369 4627 391 4660 ι
414 4607 713 4680 Ἐπιλήνιοι
754 4627 773 4660 ι
811 4607 969 4679 ὕμνοι
1003 4608 1244 4680 εἴρηνται
1270 4608 1328 4662 ἐν
1357 4609 1470 4672 τοῖς
1493 4607 1764 4680 Ψαλμοῖς.
1795 4626 1814 4660 ι
1849 4607 1948 4661 Διὰ

361 4697 418 4751 τί
456 4715 550 4752 σου
592 4697 800 4771 ἐρυθρὰ
843 4698 913 4752 τὰ
945 4697 1158 4769 ἱμάτια,
1194 4698 1290 4752 καὶ
1331 4695 1403 4750 τὰ
1433 4697 1710 4770 ἐνδύματά
1743 4715 1837 4751 σου
1871 4697 1947 4761 ὡς

363 4789 472 4845 ἀπὸ
506 4790 746 4862 πατητοῢ
780 4789 977 4862 ληνοῦς
1008 4789 1230 4862 Πλήρης
1265 4790 1671 4862 πεπατημένης.
1718 4809 1736 4842 ι
1769 4788 1949 4844 Μολύ-

361 4900 443 4939 νει
475 4882 535 4937 δὲ
569 4882 640 4936 τὰ
683 4882 955 4954 ἐνδύματα
991 4881 1157 4935 αὐτοῦ
1178 4922 1193 4947 ,
1230 4881 1419 4953 ὥσπερ
1452 4882 1659 4953 ἐρυθρά
1691 4881 1946 4951 γενέσθαι

362 4974 503 5028 αύτά
526 4973 740 5043 λέγεται
765 4971 1180 5046 προσωποποιίᾳ
1209 4973 1483 5044 ἐμφατικῇ
1504 4989 1517 5002 ο
1545 4971 1735 5046 ὥσπερ
1767 4973 1859 5026 καὶ
1882 4971 1946 5026 τδ

364 5061 503 5135 αἷμα
533 5063 642 5118 τῶν
675 5063 904 5136 ἐχθρῶν,
941 5063 1070 5136 περὶ
1099 5054 1160 5115 οὗ
1207 5078 1340 5133 φησι
1360 5077 1380 5092 α
1426 5079 1446 5112 ι
1492 5063 1602 5117 Καὶ
1632 5063 1943 5135 κατήγαγον

361 5151 425 5206 τὺ
463 5146 602 5224 αἷμα
643 5153 822 5207 αὐτῶν
853 5155 935 5217 είς
953 5153 1089 5224 γῆν..
1116 5168 1138 5204 ι
1167 5150 1240 5205 Οὐ
1267 5149 1376 5221 γὰρ
1407 5150 1470 5222 δὴ
1517 5151 1772 5222 αἰσθητὸν
1806 5147 1944 5224 αἷμα

364 5245 584 5316 νοητέον
623 5240 763 5298 εἶναι
799 5245 928 5316 περὶ
955 5243 1056 5308 τὰς
1083 5243 1466 5314 ἀντικειμένας
1491 5243 1772 5315 δυνάμεις.

441 5353 461 5388 ι
509 5337 620 5390 Καὶ
657 5337 766 5390 τῶν
797 5337 967 5391 ἐθνῶν
991 5337 1092 5390 οὐκ
1125 5335 1270 5389 ἐστιν
1301 5335 1442 5408 ἀνὴρ
1480 5337 1596 5406 μετ’
1635 5335 1792 5407 ἐμοῦ.
1835 5337 1947 5392 Καὶ

363 5429 724 5501 κατεπάτησα
751 5428 946 5491 αὐτοὺς
973 5429 1029 5481 ἐν
1057 5425 1212 5498 θυμῷ
1246 5443 1369 5498 μου,
1397 5428 1492 5480 καὶ
1515 5427 1821 5482 κατέθλασα
1849 5430 1948 5482 αύ-

362 5521 492 5586 τοὺς
515 5521 592 5586 ὡς
609 5522 732 5593 γῆν,
759 5521 854 5575 καὶ
881 5521 1190 5592 κατήγαγον
1216 5521 1279 5574 τὸ
1312 5513 1450 5592 αἷμα
1465 5521 1644 5576 αὐτῶν
1663 5523 1743 5586 είς
1763 5523 1886 5593 γῆν.
1914 5542 1932 5574 ι

376 5613 597 5686 Ἐπειδὴ
630 5613 740 5686 γὰρ
768 5613 985 5668 ἐδόκουν
1018 5611 1079 5665 τὸ
1109 5610 1370 5684 πρότερον
1401 5612 1764 5680 ἀνυπότακτοι
1798 5631 1940 5682 τινες

323 5766 338 5786 ί
415 5792 486 5866 ,³⁵
518 5791 902 5859 τιιτεη.ι,,15,
943 5791 1016 5842 16.

2043 560 2203 616 nibus
2238 575 2414 630 usque
2449 560 2517 614 ad
2567 567 2871 616 extremum
2905 567 3065 614 terra:
3100 557 3356 627 praedicta
3410 571 3592 612 annun

2046 651 2163 706 tiat.
2201 650 2342 708 Olim
2375 651 2592 720 quidem
2638 651 2698 706 in
2741 651 2917 721 primo
2944 664 3042 704 suo
3083 649 3319 704 adventu
3355 647 3470 716 ipse
3502 646 3625 701 Sal-
3675 657 3678 660 ’

2043 753 2220 810 vator,
2248 759 2345 814 per
2389 759 2450 800 ea
2478 759 2599 814 quae
2627 758 2724 814 pro
2756 743 2996 798 humano
3020 755 3226 810 genere
3257 739 3388 795 fecit
3419 749 3475 795 et
3497 753 3624 810 per-

2044 853 2230 908 pessus
2260 846 2362 904 est,
2397 851 2516 891 eam
2553 853 2672 906 qua:
2697 853 2729 890 a
2760 837 2872 892 Deo
2903 844 2994 892 est
3041 834 3275 891 salutem
3313 833 3367 888 in
3402 847 3462 888 se
3503 845 3624 886 cre-

2045 929 2295 986 dentibus
2325 928 2670 993 conciliabat,
2693 927 2838 982 unde
2866 925 3025 984 Jesus
3063 924 3369 998 appellatus
3400 932 3506 992 est,
3544 937 3626 979 se-

2046 1020 2282 1076 cundum
2329 1018 2506 1090 angeli
2541 1016 2933 1073 testimonium.

2609 1281 2839 1340 CAPUT
2875 1279 3056 1337 LXIII.

2118 1377 2286 1433 Vsus.
2315 1377 2367 1433 ι.
2405 1373 2424 1430 ἃ
2456 1377 2588 1445 Quis
2614 1385 2698 1432 est
2722 1378 2827 1432 iste
2851 1376 2943 1447 qui
2972 1374 3122 1430 venit
3151 1374 3216 1430 de
3242 1373 3434 1439 Edom,
3463 1372 3630 1428 rub‘or

2048 1473 2498 1528 vestimentorum
2533 1471 2603 1528 de
2626 1471 2829 1526 Bosor?
2853 1469 2933 1525 sic
2963 1468 3233 1524 formosus
3256 1467 3310 1523 in
3331 1467 3468 1523 stola
3495 1482 3616 1532 sua,

2049 1565 2311 1621 violentia
2360 1580 2483 1620 cum
2511 1565 2862 1621 fortitudine.
2890 1562 3007 1636 Ego
3031 1562 3228 1633 loquor
3261 1559 3533 1630 justitiam
3577 1569 3634 1615 et

2045 1657 2312 1730 judicium
2365 1657 2698 1714 Salutaris.»
2747 1654 3159 1726 Interrogantes
3203 1652 3410 1709 inducit
3440 1666 3634 1723 perso-

2051 1766 2151 1807 nas
2181 1749 2444 1821 quasdam
2485 1747 2768 1805 Christum
2821 1746 3020 1802 bellico
3064 1745 3256 1801 habitu
3308 1752 3366 1799 et
3399 1751 3639 1799 cruento-

1978 1823 2024 1884 Β
2053 1844 2254 1900 amictu
2299 1841 2545 1898 videntes
2575 1856 2588 1892 :
2615 1856 2738 1911 qua:
2785 1839 3053 1910 stupende
3108 1838 3306 1895 vestitu
3342 1836 3631 1908 perculsa-3,

2053 1938 2128 1994 ita
2156 1946 2343 1992 mutuo
2370 1935 2761 2006 colloquuntur
2796 1951 2809 1988 :
2850 1951 2868 1984 ι
2898 1931 3031 1999 Quis
3075 1940 3162 1988 est
3203 1931 3327 1998 iste,
3355 1931 3448 2002 qui
3483 1930 3635 1986 venit

2053 2029 2120 2084 de
2155 2028 2348 2092 Edom,
2398 2027 2566 2082 rubor
2604 2025 3050 2081 vestimentorum
3092 2038 3160 2078 ex
3209 2023 3420 2080 Bosor?
3448 2042 3467 2074 ι
3495 2021 3633 2078 Nam

2053 2121 2180 2192 quia
2209 2119 2380 2176 Edom
2424 2129 2482 2174 et
2518 2117 2692 2174 Βοεοι-
2714 2118 3146 2190 alienigenarum
3171 2116 3422 2189 regiones
3453 2124 3647 2186 erant...

2055 2213 2240 2271 ISraeli
2278 2227 2496 2284 semper
2537 2210 2776 2278 infestae;
2812 2210 2900 2266 bis
2942 2208 3259 2266 nominibus
3287 2207 3634 2264 adversaria:

2054 2313 2354 2376 potestates
2405 2311 2773 2374 congruenter
2825 2301 3073 2368 indicat,
3125 2316 3190 2357 ac
3245 2299 3634 2356 vestimentum

2056 2411 2214 2452 suum
2239 2384 2503 2452 caesorum
2535 2409 2601 2451 ac
2629 2393 3003 2466 iugulatorum
3035 2407 3230 2449 cruore
3258 2390 3412 2463 (Luasi
3439 2405 3633 2462 purpu.

2055 2499 2234 2544 ratum
2264 2501 2386 2543 esse
2415 2486 2569 2544 dicit.
2605 2486 2738 2541 Cum
2782 2495 2963 2542 autem
3006 2485 3182 2556 ipsum
3226 2500 3257 2540 a
3298 2493 3516 2555 sumpto
3567 2485 3637 2540 de

2055 2581 2236 2653 impiis
2271 2579 2536 2652 supplicio
2562 2579 2718 2635 valde
2755 2580 3096 2634 immutatum
3128 2584 3377 2643 cernant,
3412 2590 3482 2631 ne
3508 2576 3635 2645 qui-

2056 2675 2177 2729 dem
2194 2688 2354 2730 nosse
2380 2673 2652 2740 videntur,
2678 2684 2840 2740 quem
2867 2670 3070 2735 laztum,
3105 2666 3454 2738 tranquillum
3485 2681 3638 2722 mana

2055 2776 2378 2837 auctumque
2413 2779 2535 2822 esse
2571 2763 2823 2821 sciebant
2853 2778 2867 2814 :
2901 2761 3256 2834 quamobrem
3283 2759 3635 2816 sciscitantur

2053 2860 2141 2917 his
2168 2859 2349 2917 verbis
2374 2875 2388 2911 :
2415 2877 2435 2912 ι
2463 2858 2596 2926 Quis
2632 2865 2716 2912 est
2736 2857 2838 2913 iste
2865 2855 2958 2927 qui
2989 2854 3139 2911 venit
3165 2854 3231 2910 de
3254 2851 3448 2919 Edom,
3466 2849 3634 2906 rubo’r

2055 2953 2502 3009 vestimentorum
2527 2952 2594 3007 de
2630 2950 2801 3006 Bosor
2819 2950 2845 3004 ἲ
2877 2966 3000 3002 ι-ι
3026 2943 3380 3018 Propugnaus
3408 2963 3428 2997 ι
3461 2943 3634 3008 enim,

2055 3046 2354 3101 secundum
2393 3043 2802 3116 Symmachum,
2829 3056 2926 3113 pro
2957 3040 3048 3106 iis,
3079 3038 3170 3111 qui
3203 3038 3272 3093 ab
3304 3034 3650 3092 adversariis.

2054 3139 2414 3210 potestatibus
2460 3135 2862 3209 aﬂligebantur,
2920 3134 3040 3191 illos
3083 3131 3302 3203 quidem
3355 3139 3416 3185 ut
3447 3129 3652 3184 hostes.

2054 3228 2366 3294 invadebat,
2402 3227 2503 3284 hos
2534 3236 2719 3282 autem
2760 3227 2935 3283 salute
2967 3210 3228 3292 donabat,
3265 3222 3334 3278 ab
3381 3218 3635 3278 inimico—

2053 3336 2172 3378 rum
2202 3321 2442 3393 potentia
2481 3308 2720 3392 ereptos.

2128 3480 2292 3538 Vens.
2323 3479 2378 3535 2.
2423 3498 2444 3532 ι
2465 3479 2645 3548 Quare
2676 3479 2846 3535 rubra
2880 3478 3208 3534 vestimenta
3234 3482 3344 3540 tua,
3384 3482 3440 3528 et
3473 3471 3637 3527 indu-

2054 3583 2237 3630 menta
2273 3584 2362 3629 tua
2413 3577 2570 3645 quasi
2617 3590 2646 3629 a
2695 3573 2902 3630 calcato
2939 3556 3243 3628 tore-lari?
3274 3567 3476 3623 Plenus
3502 3581 3634 3622 con-

2051 3666 2286 3726 culcata.
2317 3687 2337 3721 ι
2361 3667 2498 3725 Vide
2539 3668 2808 3739 quomodo
2839 3665 2987 3722 solus
3017 3661 3258 3719 torcular
3282 3657 3637 3714 conculcasso

2053 3766 2283 3822 dicatur.
2328 3762 2437 3834 Ipsi
2490 3749 2732 3832 namque
2776 3759 2880 3815 soli
2925 3758 3188 3830 judicium
3237 3759 3389 3816 dedit
3423 3759 3584 3813 Pater
3614 3773 3641 3811 :-

2050 3866 2400 3929 peccatorum
2432 3868 2562 3911 vero
2589 3853 2852 3909 ultionem
2879 3853 3116 3908 torcular
3138 3852 3414 3924 appellare
3443 3852 3583 3908 solet
3614 3869 3648 3909 ις

2052 3965 2226 4022 quare
2256 3950 2312 4005 in
2349 3947 2586 4004 Threnis
2615 3945 2692 4001 ait
2714 3944 3021 4002 J‘eremias:
3054 3964 3076 3998 ι
3102 3944 3368 4001 Torcular
3401 3943 3635 3999 calcavit

2055 4043 2312 4099 Dominus
2335 4042 2532 4112 virgini
2565 4041 2690 4097 ﬁlia:
2713 4040 2740 4096 J
2750 4041 2852 4095 uda
2880 4057 2895 4094 :
2921 4056 3085 4112 super
3119 4039 3206 4095 his
3228 4053 3328 4110 ego
3347 4037 3500 4110 ploro
3523 4036 3591 4095 ".
3607 4055 3628 4090 ι

2053 4135 2522 4204 Quemadmodum
2576 4143 2756 4190 autem
2809 4133 3094 4188 confertim
3146 4132 3348 4186 habitae
3380 4138 3634 4201 peccato-

2052 4246 2170 4286 rum
2207 4244 2402 4301 poenaz,
2440 4227 2770 4298 redargutio,
2793 4225 2927 4282 ultio
2977 4236 3033 4281 et
3063 4224 3386 4296 supplicium
3451 4232 3634 4278 torcu-

2051 4320 2136 4375 lar
2161 4331 2470 4387 vocantur;
2501 4318 2578 4374 ita
2607 4325 2664 4372 et
2692 4317 2959 4373 bonorum
2987 4315 3258 4370 fructuum
3288 4330 3356 4369 ex
3377 4315 3518 4370 bona
3550 4313 3633 4367 vi-

2053 4426 2154 4468 nea
2178 4411 2578 4481 decerptorum,
2609 4408 2720 4462 Deo
2747 4405 3001 4461 amabilia
3026 4413 3081 4460 et
3109 4405 3304 4475 placita
3334 4402 3632 4459 toreularia

1981 4540 2028 4598 Β
2052 4511 2316 4574 parantur
2342 4517 2356 4554 :
2383 4515 2486 4571 qua
2515 4500 2581 4555 de
2607 4513 2769 4556 causa
2803 4495 2986 4566 hymni
3016 4513 3034 4547 ι
3075 4496 3183 4550 Pro
3214 4494 3578 4549 torcularibus
3606 4513 3628 4546 ι

2052 4596 2306 4651 dicuntur
2353 4593 2406 4648 in
2456 4591 2710 4648 Psalmis.
2739 4608 2758 4642 ι
2788 4591 2968 4656 Quare
2999 4587 3162 4641 rubra
3204 4585 3547 4650 vestimenta,
3577 4593 3634 4640 et

2050 4687 2368 4744 indumenta
2421 4697 2510 4742 tua
2564 4686 2719 4757 quasi
2764 4700 2794 4740 a
2841 4683 3053 4741 calcato
3102 4678 3402 4736 torculari?
3433 4677 3651 4736 Plenus-

2051 4779 2386 4836 conculcata.
2417 4799 2436 4832 ι
2480 4779 2825 4836 Vestimenta
2852 4790 3017 4847 porro
3041 4773 3307 4841 inquinat,
3344 4772 3503 4825 itaut
3528 4786 3625 4823 ru-

2048 4875 2181 4930 bore
2233 4874 2532 4945 tingantur,
2591 4885 2951 4943 prosopopoea
3000 4884 3133 4927 usus
3189 4867 3509 4934 aptissima;
3569 4872 3651 4923 ut.

2049 4966 2216 5021 etiam
2273 4980 2393 5020 cum
2429 4965 2496 5020 de
2548 4964 2815 5036 sanguine
2855 4963 3202 5019 inimicorum
3234 4962 3308 5017 ita
3340 4959 3622 5029 loquitur:

2053 5072 2075 5109 ι
2106 5056 2171 5110 Ει
2201 5055 2400 5112 deduxi
2439 5059 2759 5126 sanguinem
2803 5071 2996 5111 eorum
3031 5056 3083 5110 in
3131 5064 3351 5110 terram.
3384 5071 3402 5104 ι
3438 5050 3642 5120 Neque

2048 5149 2192 5203 enim
2238 5150 2291 5203 in
2337 5148 2667 5209 adversariis
2723 5147 3084 5218 potestatibus
3137 5144 3454 5217 sanguinem
3507 5156 3646 5197 essc-

2048 5244 2394 5315 cogitandum
2420 5252 2523 5298 est.

2120 5337 2284 5392 Vsus.
2315 5335 2368 5391 5.
2411 5355 2430 5389 ι
2459 5335 2526 5391 Et
2555 5335 2620 5391 de
2652 5333 2901 5401 gentibus
2936 5348 3042 5388 non
3076 5341 3158 5388 est
3194 5331 3276 5386 vir
3300 5343 3532 5386 mecum.
3565 5327 3633 5382 Et

2048 5427 2359 5485 conculcavi
2407 5442 2500 5483 eos
2554 5427 2606 5481 in
2661 5426 2846 5482 furore
2887 5441 3025 5488 meo,
3055 5434 3110 5480 et
3149 5423 3387 5494 confregi
3436 5435 3532 5476 eos
3572 5421 3625 5473 in

2050 5531 2276 5586 terram,
2305 5528 2359 5576 et
2407 5519 2608 5574 deduxi
2646 5519 2966 5588 sanguinem
3021 5532 3207 5574 eorum
3246 5515 3299 5570 in
3345 5524 3564 5570 terram.
3602 5529 3623 5562 ι

2051 5615 2185 5672 Nam
2230 5614 2355 5685 quia
2411 5614 2560 5684 prius
2619 5627 2724 5668 non
2773 5611 2961 5669 domiti
3012 5625 3154 5678 esse,
3191 5621 3289 5664 nec
3335 5605 3632 5662 victorian:
