4130 6400
517 277 616 332 505

1187 269 1458 328 EUSEBII
1490 268 1976 348 CIESARIENSIS
2015 271 2102 328 0P

2211 269 2390 327 PAItS
2441 269 2530 325 ΙΙΙ.
2566 297 2635 310 -
2663 269 3072 328 ΕΧΕΕΕΤΙΕΑ.

3663 265 3786 330 5οΰ

518 397 817 454 concedere
850 395 1196 456 videbantur,
1235 391 1357 460 jure
1387 389 1632 444 devictos
1663 389 1785 444 illos
1827 405 1890 444 ac
1935 389 2078 460 deje-

2209 385 2324 442 ἷναι
2352 390 2446 442 καὶ
2485 388 2648 460 μηδὲν
2685 386 3142 460 παραχωροῦντες
3171 387 3270 456 τῆς
3305 385 3480 458 νίκης,
3519 389 3780 454 εἰκότως,

519 501 634 546 ctos
669 485 1040 548 subindicaus,
1075 483 1152 537 ait
1184 483 1236 535 in
1265 491 1468 536 terram
1503 481 1772 550 deiectam
1807 480 1976 536 fuisse
2010 481 2089 534 vi-

517 582 744 636 ctoriam
775 593 982 632 eorum.
1022 593 1040 626 ι
1068 573 1136 628 Ει
1171 571 1414 642 confregi
1446 586 1543 627 eos
1567 571 1620 626 in
1650 581 1872 638 terram,
1905 581 1960 626 et
1991 573 2087 628 de-

515 673 644 727 duxi
678 670 994 740 sanguinem
1030 680 1218 722 eorum
1253 665 1304 719 in
1335 673 1558 722 terram.
1587 683 1608 716 ι

589 850 752 904 Vens.
791 848 846 902 4.
887 867 906 898 ι
931 847 1057 902 Dies
1091 844 1234 900 enim
1275 843 1650 898 retributionis
1705 843 1855 897 venit
1905 842 2003 904 eis,
2038 852 2092 897 et

515 956 689 995 annus
724 937 1118 1008 redemptionis
1160 937 1333 990 adest.
1369 955 1387 987 ι
1430 935 1706 1004 Siquidem
1737 951 1843 990 uno
1881 935 2094 990 eodem-

515 1043 618 1098 que
669 1039 912 1097 tempore
970 1039 1098 1081 suos
1143 1025 1410 1090 redimet;
1441 1024 1562 1078 aliis
1617 1039 1748 1080 vero
1806 1026 2090 1088 retribuet,

515 1127 678 1187 prout
718 1118 860 1188 apud
903 1116 1130 1188 Moysen
1183 1115 1448 1185 scriptum
1501 1124 1630 1172 est:
1668 1115 1780 1170 «Et
1833 1116 2097 1170 retribuet

513 1215 808 1270 vindictam
861 1212 1120 1279 inimicis,
1177 1222 1232 1268 et
1273 1213 1586 1268 otlientibus
1639 1227 1700 1268 se
1732 1212 2036 1267 retribuet:
2069 1231 2088 1264 ι

515 1305 971 1378 quemadmodum
1007 1304 1112 1370 iis,
1137 1304 1226 1374 qui
1262 1303 1523 1374 pietatem
1551 1304 1856 1370 coluerunt,
1891 1303 2092 1358 Serva-

515 1410 607 1454 tor
637 1413 760 1454 cum
810 1397 1060 1452 mercede
1113 1410 1209 1451 sua
1244 1396 1464 1452 venisse
1514 1397 1738 1461 dicitur,
1772 1406 1829 1450 ιιι
1873 1395 2094 1466 prtemia

515 1491 802 1557 tribueret,
831 1498 886 1544 et
909 1487 1098 1544 brevia
1125 1502 1374 1556 supernae
1404 1487 1701 1544 vocationis
1746 1487 1814 1542 iis
1861 1488 1950 1556 qui
1998 1503 2096 1558 pro

516 1583 717 1654 pietate
772 1581 1142 1648 certaverint;
1178 1579 1252 1634 ita
1304 1589 1359 1636 et
1416 1580 1597 1650 impiis
1661 1587 1718 1635 et
1760 1579 2095 1634 contrariam

515 1677 661 1731 viam
712 1673 952 1730 emensis
993 1673 1108 1744 ipse
1138 1674 1301 1728 timor
1357 1672 1590 1736 accedit,
1625 1680 1682 1726 et
1709 1680 1934 1726 ventura
1963 1670 2096 1726 uitio

2190 484 2290 554 τὴν
2327 478 2496 554 ἧτταν
2531 482 2622 534 καὶ
2650 480 2748 551 τὴν
2780 481 3107 536 ταπείνωσιν
3141 479 3321 534 αὐτῶν
3347 481 3778 551 αἱνιτττόμενος,

2193 575 2390 645 φάσκει
2423 575 2502 637 είς
2528 573 2632 643 γῆν
2658 571 3076 642 κατενηνοχέναι
3109 570 3170 624 τὸ
3199 573 3346 635 νῖκος
3373 571 3573 625 αὐτῶν.
3605 591 3624 625 ε
3659 576 3782 627 Καὶ

2191 665 2548 736 κατεπάτησα
2575 664 2770 728 αὐτοὺς
2799 663 2876 728 ὡς
2901 664 3026 734 γῆν,
3061 663 3157 716 καὶ
3189 663 3501 734 κατήγαγον
3527 665 3592 718 τὸ
3627 661 3776 737 αἷμα

2193 758 2371 812 αὐτῶν
2409 759 2488 821 είς
2522 757 2643 828 γῆν.
2690 777 2708 809 ι

2269 868 2288 900 ι
2342 849 2552 920 Ἡμέρα
2583 847 2691 920 γὰρ
2737 847 3149 911 ἀνταποδόσεως
3187 847 3421 920 ἐπῆλθεν
3459 849 3642 913 αὐτοῖς
3677 851 3783 905 καὶ

2193 944 2438 1007 ἐνιαυτὸς
2472 943 2790 1014 λυτρώσεως
2825 941 3078 1012 πάρεστι.
3119 961 3136 994 ι
3184 942 3271 995 Ἐν
3301 943 3484 1014 ταυτῷ
3512 941 3620 1015 γὰρ
3643 945 3782 1007 τοὺς

2199 1037 2298 1108 μὲν
2323 1035 2555 1099 οἰκείους
2603 1033 2954 1106 λυτρώσεται,
2993 1037 3104 1098 τοῖς
3135 1033 3190 1088 δὲ
3215 1035 3601 1100 ἀνταποδώσει,
3629 1033 3782 1088 κατά

2193 1127 2256 1180 τὸ
2282 1127 2569 1199 εἰρημένον
2595 1125 2746 1199 παρὰ
2775 1127 3002 1198 Μωῡσῆο
3035 1145 3052 1177 t
3075 1126 3185 1179 Καὶ
3226 1125 3592 1179 ἀνταποδώσει
3615 1126 3780 1198 δίκην

2195 1223 2310 1285 τοῖς
2367 1219 2611 1292 ἐχθροῖς,
2667 1220 2762 1274 καὶ
2807 1221 2922 1284 τοῖς
2979 1217 3228 1291 μισοῦσιν
3299 1217 3688 1274 ἀνταποδώσει.
3747 1237 3774 1272 ι

2201 1315 2410 1385 Ὥσπερ
2450 1317 2562 1378 τοῖς
2597 1312 2976 1386 κατορθώσασι
3019 1313 3122 1386 τὴν
3167 1312 3476 1368 θεοσέϐειαν
3517 1314 3548 1364 6
3577 1313 3784 1385 ’Σωτὴρ

2197 1405 2414 1474 ἐλέγετο
2451 1405 2784 1476 ἐληλυθέναι,
2819 1405 2957 1478 ἔχων
2985 1404 3074 1459 τὸν
3106 1403 3299 1458 ἐαυτοῦ
3335 1404 3544 1474 μισθὸν,
3581 1403 3657 1468 ὡς
3705 1404 3786 1459 a9

2199 1497 2298 1561 τὰς
2323 1497 2556 1568 ἀμοιϐὰς
2580 1497 2764 1568 ἀποδῷ
2793 1497 2887 1552 καὶ
2910 1497 2980 1550 τὰ
3007 1497 3236 1568 βραϐεἶα
3273 1499 3370 1566 τῆς
3395 1496 3506 1550 ἄνω
3529 1495 3782 1567 κλήσεως

2199 1590 2312 1653 τοῖς
2353 1589 2492 1662 ὑπὲρ
2527 1588 2809 1653 εὐσεϐείας
2843 1588 3268 1660 ἠγωνισμένοις·
3304 1588 3448 1642 οὕτω
3483 1590 3597 1651 τοῖς
3643 1589 3784 1641 ἀσε-

2202 1681 2322 1735 ϐέσι
2351 1680 2446 1735 καὶ
2476 1681 2574 1752 τὴν
2605 1680 2848 1736 ἐναντίαν
2870 1680 2986 1734 ὁδὸν
3011 1679 3396 1752 πορευομένοις
3417 1681 3446 1733 6
3477 1679 3632 1742 αὐτός
3659 1679 3784 1757 ἐστι

514 1765 848 1838 prmdicitur.
907 1764 1024 1819 «Et
1073 1763 1343 1818 retribuet
1403 1761 1695 1817 vindictam
1756 1761 2014 1826 inimicis,
2046 1772 2101 1815 et

2209 1771 2366 1841 φόϐος
2407 1773 2500 1826 καὶ
2537 1770 2600 1823 τὸ
2636 1770 3008 1842 τιμωρητικὸν
3043 1769 3194 1841 ἥξειν
3227 1768 3558 1833 θεσπίζεται.
3607 1789 3625 1820 t
3665 1767 3786 1822 Καὶ

516 1860 830 1916 odieutibus
857 1872 915 1914 se
945 1857 1232 1914 retribuet.

589 2039 758 2095 Vsus.
786 2039 842 2104 5,
874 2036 928 2092 6.
961 2055 980 2086 ι
1005 2035 1073 2090 Ει
1120 2037 1332 2107 aSpexi,
1364 2045 1420 2092 et
1468 2051 1574 2090 non
1606 2046 1725 2110 erat
1762 2038 2094 2092 auxiliator:

517 2139 573 2187 et
622 2127 988 2194 consideravi,
1047 2138 1103 2186 et
1161 2128 1338 2184 nullus
1389 2136 1530 2192 erat,
1557 2128 1650 2198 qui
1701 2129 2004 2197 adjuvaret.
2033 2129 2097 2182 Et

517 2221 662 2279 eruit
700 2235 796 2276 eos
833 2221 1117 2276 brachium
1154 2235 1356 2288 meum,
1409 2231 1464 2275 et
1514 2219 1664 2275 furor
1715 2236 1866 2276 meus
1901 2222 2094 2276 adfuit.

516 2311 586 2368 Et
617 2311 932 2370 conculcavi
955 2327 1052 2368 eos
1089 2312 1144 2367 in
1177 2314 1258 2368 ira
1283 2329 1424 2382 mea,
1457 2327 1513 2369 et
1553 2313 1750 2368 deduxi
1777 2319 2096 2384 sanguinem

520 2419 712 2461 eorum
743 2405 798 2459 in
831 2411 1052 2459 terram.
1087 2423 1107 2456 ι
1145 2401 1256 2460 Cur
1283 2406 1399 2460 haec
1426 2405 1682 2461 dicantur
1710 2406 2095 2478 intelligemus,

517 2499 565 2554 si
591 2497 1012 2568 perpendamus,
1055 2498 1326 2566 quomodo
1367 2499 1484 2570 ipse
1525 2497 1676 2554 solus
1707 2514 1826 2555 sese
1867 2515 2099 2554 evacua-

516 2592 679 2656 verit,
730 2590 906 2644 forma
950 2590 1093 2649 servi
1141 2601 1385 2661 accepta,
1449 2605 1512 2646 ac
1560 2605 1684 2648 sese
1731 2591 2101 2646 humiliaverit

517 2681 702 2738 factus
744 2681 1009 2738 obediens
1049 2695 1226 2752 usque
1264 2681 1331 2736 ad
1373 2693 1626 2747 mortem,
1660 2693 1890 2738 mortem
1918 2691 2097 2736 autem

519 2773 721 2832 crucis.
771 2773 906 2828 Nam
963 2789 1083 2844 quae
1116 2773 1296 2828 nullus
1351 2790 1589 2844 unquam
1645 2776 1949 2841 hominum,
1999 2789 2102 2829 nec

523 2867 864 2939 angelorum,
901 2882 1002 2922 nec
1035 2867 1342 2922 divinarum
1385 2870 1645 2923 virtutum
1671 2869 1950 2934 sustinuit,
1987 2868 2102 2938 ipse

520 2960 674 3018 solus
709 2973 810 3031 pro
862 2959 1042 3014 salute
1066 2969 1249 3015 nostra
1275 2961 1499 3016 exhibet
1528 2977 1543 3017 :
1580 2977 1644 3017 ac
1676 2961 1778 3030 ipsi
1804 2961 1904 3018 soli
1936 2960 2100 3016 Pater

520 3071 720 3112 nomen
749 3053 919 3118 dedit,
946 3055 1092 3126 quod
1123 3063 1208 3112 est
1252 3069 1419 3124 super
1451 3071 1614 3112 omne
1642 3071 1860 3119 nomen,
1895 3071 1958 3112 ac
1985 3071 2100 3110 om-

2204 1860 2570 1915 ἀνταποδώσει
2615 1861 2768 1933 δίκην
2805 1863 2917 1925 τοῖς
2965 1860 3196 1931 ἐχθροῖς,
3241 1861 3338 1914 καὶ
3378 1862 3490 1923 τοῖς
3533 1859 3788 1931 μισοῦσιν

2203 1951 2590 2008 ἀνταποδώσει.
2632 1972 2650 2004 ι

2281 2063 2299 2096 ι
2341 2045 2451 2098 Καὶ
2501 2043 2795 2114 ἐπέϐλεψα,
2834 2045 2928 2099 καὶ
2970 2045 3070 2098 οὐκ
3111 2039 3178 2112 ἦν
3225 2043 3442 2114 βοηθός·
3485 2045 3580 2097 καὶ
3617 2060 3788 2114 προσ-

2205 2129 2424 2202 ενόησα,
2451 2131 2545 2184 καὶ
2571 2130 2745 2196 οὐδεὶς
2761 2131 3214 2204 ἀντελαμϐάνετο.
3251 2133 3360 2186 Καὶ
3385 2132 3653 2203 ἐρρύσατο
3686 2133 3788 2185 αὗ·-

2206 2223 2330 2287 τοὺς
2359 2224 2388 2275 6
2420 2222 2660 2294 βραχίων
2698 2240 2822 2293 μου,
2861 2226 2954 2278 καὶ
2997 2226 3026 2278 6
3059 2224 3230 2296 θυμός
3263 2241 3362 2295 μου
3403 2224 3627 2294 ἐπέστη.
3673 2225 3792 2278 Καὶ

2205 2312 2562 2384 κατεπάτησα
2596 2313 2792 2378 αὐτοὺς
2815 2317 2882 2386 τῇ
2914 2313 3051 2386 ὀργῇ
3091 2331 3216 2384 μου,
3251 2314 3346 2366 καὶ
3377 2313 3690 2385 κατήγαγον
3721 2313 3792 2368 τὸ

2207 2402 2346 2475 αἷμα
2370 2405 2550 2459 αὐτῶν
2576 2407 2657 2470 εἰς
2692 2409 2814 2478 γῆν.
2859 2425 2877 2459 ι
2914 2407 3198 2477 Νοήσομεν
3224 2403 3280 2458 δέ
3325 2404 3441 2469 πῶς
3471 2408 3500 2458 6
3523 2404 3678 2474 λόγος
3705 2404 3792 2458 εἴ·

2207 2513 2390 2568 ρηται,
2424 2498 2817 2568 ἐπιστήσαντες
2847 2497 2964 2560 πῶς
2999 2498 3157 2568 μόνος
3185 2499 3346 2562 αὐτὸς
3369 2497 3632 2550 ἐκένωσεν
3653 2498 3790 2548 ἐαυ-

2204 2588 2295 2642 τὸν
2331 2589 2544 2658 μορφὴν
2591 2587 2778 2641 δούλου
2821 2586 3001 2640 λαϐὼν
3022 2628 3038 2652 ,
3073 2587 3168 2640 καὶ
3198 2586 3562 2640 ἐταπείνωσεν
3595 2584 3790 2640 ἑαυτὸν

2207 2679 2446 2750 ὑπήκοος
2474 2678 2766 2750 γενόμενος
2795 2677 2958 2750 μέχρι
2995 2678 3248 2742 Θανάτου,
3270 2675 3499 2732 θανάτου
3531 2675 3588 2728 δὲ
3621 2691 3790 2736 σταυ-

2209 2773 2323 2845 ροῦ.
2361 2774 2428 2826 Ἃ
2453 2771 2562 2844 γὰρ
2587 2772 2760 2836 οὐδεὶς
2783 2769 3002 2824 πώποτε
3031 2771 3127 2824 ἀνθ
3137 2771 3354 2844 ρώπων,
3371 2768 3492 2822 οὑδέ
3515 2767 3788 2836 ἀγγέλων,

2205 2866 2328 2920 οὐδέ
2354 2865 2463 2920 τῶν
2495 2865 2653 2919 θείων
2680 2865 2962 2936 δυνάμεων
2995 2863 3224 2934 ὑπέστη,
3267 2862 3424 2933 μόνος
3455 2861 3618 2922 αὐτὸς
3643 2859 3800 2930 ὺπέρ

2208 2959 2308 3030 τῆς
2333 2957 2606 3030 ἡμετέρας
2629 2955 3005 3010 ἀναδείκνυται
3029 2955 3322 3026 σωτηρίας,
3353 2954 3446 3007 καὶ
3467 2953 3613 3024 μόνῳ
3637 2950 3790 3022 αὑτῷ

2207 3057 2234 3107 6
2268 3051 2456 3123 Πατὴρ
2488 3052 2780 3123 ἐχαρίσατο
2815 3051 2876 3104 τὸ
2903 3050 3076 3121 ὄνομα
3101 3050 3162 3102 τὺ
3189 3048 3332 3120 ὑπὲρ
3363 3048 3469 3100 πᾶν
3496 3046 3662 3116 ὄνομα
3695 3047 3798 3100 xui.

522 3149 674 3204 nium
733 3145 838 3217 ipsi
888 3146 1152 3216 judicium
1211 3148 1451 3202 tradidit.
1495 3148 1594 3203 Ille
1635 3163 1786 3212 vero,
1818 3157 2042 3219 accepta
2072 3164 2100 3202 a

2209 3145 2304 3217 τὴν
2329 3145 2470 3198 κατά
2505 3146 2723 3199 πάντων
2755 3143 2935 3215 κρίσιν
2963 3142 3310 3215 ἐνεχείρισεν·
3338 3141 3367 3193 ό
3391 3139 3468 3205 δέ,
3500 3139 3598 3210 τήν
3633 3139 3794 3211 παρὰ

525 3229 690 3298 Patre
736 3249 1036 3310 potestate,
1089 3239 1226 3295 alios
1264 3239 1484 3310 quidem
1534 3241 1702 3307 eruit,
1733 3255 1874 3310 quos
1925 3239 2108 3294 salute.

524 3332 780 3399 donavit;
818 3331 1066 3388 inimicos
1116 3340 1300 3387 autem
1335 3340 1392 3385 et
1438 3333 1783 3388 adversarios
1817 3333 1870 3386 iu
1923 3333 2101 3404 fugam

525 3425 712 3484 vertit.

595 3522 762 3578 Vens.
781 3520 908 3584 7,8.
939 3517 1354 3576 «Misericordia
1383 3516 1594 3572 Domini
1621 3517 1938 3575 recordatus
1965 3533 2103 3583 sum,

525 3615 789 3670 virtutum
836 3613 1048 3668 Domini
1089 3611 1146 3666 in
1185 3611 1602 3678 umnibus,quaa
1641 3609 1894 3665 retribuit
1927 3610 2102 3664 nobis.

533 3706 798 3762 Dominus
827 3702 996 3772 iudex
1028 3703 1205 3756 bonus
1249 3699 1434 3756 domui
1466 3698 1657 3766 Israel,
1694 3700 1918 3754 adducit
1953 3701 2106 3754 nobis

528 3795 830 3852 secundum
865 3791 1302 3848 misericordiam
1337 3805 1512 3856 suam,
1541 3799 1596 3844 et
1625 3789 1922 3846 secundum
1969 3789 2108 3843 mul-

527 3889 816 3947 titudinem
859 3883 1088 3954 iustitia:
1129 3899 1258 3939 suae.
1285 3882 1354 3936 Et
1385 3882 1523 3936 dixit
1555 3899 1568 3936 :
1597 3879 1712 3937 Non
1747 3883 1981 3952 populus
2013 3898 2110 3952 po-

527 3979 688 4051 pulus
743 3992 898 4032 meus
953 3975 1100 4030 :iilii
1149 3988 1492 4044 nequaquam
1553 3974 1976 4044 repudiaveriut.
2042 3974 2111 4028 Et

531 4071 709 4126 factus
737 4078 820 4123 est
852 4068 986 4136 ipsis
1041 4069 1095 4120 in
1150 4067 1403 4121 salutem.
1428 4083 1446 4116 ›
1493 4064 1640 4129 "me,
1697 4066 1896 4137 inquit,
1927 4066 2107 4120 omnia

529 4161 883 4238 recordabar,
910 4157 1337 4229 magnitudinem
1358 4155 1615 4210 bonitatis
1641 4169 1754 4210 sua!
1777 4170 2066 4212 recensens
2092 4173 2106 4210 :

530 4256 675 4310 Itane
713 4269 843 4308 vero
877 4252 1111 4306 maxime
1153 4250 1385 4320 gratiam
1420 4247 1681 4317 elargitus
1709 4258 1815 4314 est,
1851 4259 1910 4302 ut
1939 4265 2108 4318 popu-

489 4353 492 4356 '
533 4347 645 4402 lum
678 4343 819 4400 filios
849 4352 1072 4398 vocaret
1106 4357 1256 4408 suos,
1287 4341 1334 4395 si
1365 4351 1544 4395 tamen
1595 4339 1669 4393 illi
1697 4341 1926 4412 gratiam
1955 4357 2109 4397 suam

535 4455 643 4495 non
675 4437 898 4508 repudia
909 4437 1104 4490 veriut.

605 4531 768 4585 Vsus.
806 4528 960 4584 9-16.
1004 4527 1121 4584 «Ex
1174 4525 1320 4581 omni
1371 4523 1712 4578 tribulatione
1771 4539 1958 4579 eorum
2005 4541 2111 4583 non

533 4625 778 4694 legatus,
825 4635 930 4676 nou
979 4615 1203 4688 angelus
1227 4657 1241 4680 ,
1285 4615 1378 4670 sed
1432 4615 1547 4683 ipse
1577 4615 1804 4669 salvavit
1839 4630 1953 4678 eos,
1989 4617 2114 4685 quia

536 4713 795 4785 diligebat
835 4726 950 4776 eos,
975 4719 1029 4764 et
1055 4711 1318 4778 parcebat
1365 4709 1463 4762 eis.
1498 4708 1614 4776 Ipse
1650 4708 1881 4762 redemit
1915 4722 2031 4772 eos,
2062 4719 2116 4764 et

537 4808 798 4877 suscepit,
832 4815 889 4861 et
918 4803 1181 4858 exultavit
1225 4815 1322 4854 eos
1372 4799 1628 4853 omnibus
1681 4799 1871 4854 diebus
1907 4800 2111 4856 saeculi.

536 4897 642 4967 Ipsi
672 4906 848 4951 autem
887 4911 992 4951 non
1018 4895 1386 4955 crediderunt,
1424 4901 1480 4946 et
1507 4892 1974 4948 exacerbaverunt
2001 4895 2114 4963 spi-

540 4993 704 5044 ritum
740 4997 987 5044 sanctum
1010 4986 1128 5055 ejus
1161 5001 1176 5036 :
1215 4995 1270 5040 et
1316 4999 1613 5038 conversus
1647 4996 1727 5038 est
1759 4985 1888 5052 ipsis
1921 4986 1976 5038 in
2018 4987 2118 5040 ini-

540 5083 800 5140 micitiam
827 5100 841 5135 :
865 5083 978 5151 ipse
1001 5080 1326 5150 oppugnavit
1351 5079 1540 5134 eos.Et
1557 5081 1871 5134 recordatus
1897 5091 1980 5134 est
2007 5082 2122 5136 die-

541 5193 663 5232 rum
698 5185 1047 5228 mternorutn.
1085 5173 1184 5228 Ubi
1213 5173 1407 5238 estqui
1453 5171 1642 5225 eduxit
1672 5173 1736 5226 de
1769 5173 1902 5226 mari
1949 5183 2124 5241 pasto-

540 5284 662 5326 rem
705 5267 926 5322 ovium?
959 5266 1064 5321 Ubi
1105 5275 1186 5319 est
1227 5266 1316 5334 qui
1364 5265 1543 5334 posuit
1587 5279 1636 5317 tn
1697 5265 1827 5332 ipsis
1859 5265 2121 5334 Spiritum

540 5359 830 5416 sanctum?
865 5360 954 5428 qui
1020 5358 1206 5410 eduxit
1261 5359 1484 5411 dextera
1537 5356 1780 5424 Moysen,
1841 5359 2120 5413 brachium

543 5455 725 5524 gloria:
752 5451 913 5518 ejus?
940 5449 1228 5504 Praevaluit
1249 5465 1386 5519 aqua
1419 5467 1454 5504 a—
1482 5449 1624 5504 facie
1647 5452 1786 5518 ejus,
1824 5463 1876 5504 ut
1923 5449 2128 5505 faceret

544 5547 642 5618 sibi
681 5559 874 5598 nomen
913 5542 1328 5610 sempiternum.
1379 5543 1545 5597 Duxit
1577 5559 1670 5598 cos
1706 5561 1802 5613 per
1845 5549 2122 5615 abyssum,

545 5647 802 5706 tauquam
861 5651 1058 5704 equum
1115 5649 1212 5702 per
1259 5634 1629 5702 solitudinem,
1673 5653 1850 5706 neque
1910 5639 2124 5691 labora-

549 5743 699 5796 runt,
729 5739 782 5786 et
821 5741 1076 5798 tanquam
1129 5727 1372 5798 iumenta
1411 5745 1506 5799 per
1558 5745 1788 5799 .atnpum
1847 5731 2128 5788 descendit

2144 4481 2192 4534 D

2206 3238 2420 3309 Πατρὺς
2461 3236 2642 3291 λαϐὼν
2667 3235 2940 3304 ἐξουσίαν,
2979 3236 3109 3300 τοὺς
3147 3236 3243 3306 μὲν
3277 3234 3522 3307 ἐρρύετο,
3549 3233 3640 3298 οὓς
3679 3250 3764 3286 σω

2207 3329 2400 3400 τηρίας
2444 3328 2617 3398 ἠξίου,
2655 3329 2784 3392 τοὺς
2815 3328 2872 3381 δὲ
2919 3327 3210 3399 πολεμίους
3253 3327 3347 3380 καὶ
3385 3326 3510 3389 τοὺς
3561 3325 3798 3398 ἐχθροὺς

2207 3426 2266 3476 ὲτ
2276 3421 2528 3495 ροποῦτο.

2283 3535 2302 3567 ι
2349 3514 2452 3570 Τὸν
2482 3514 2628 3568 ἔλεον
2657 3513 2862 3586 Κυρίου
2897 3513 3195 3587 ἐμνήσθην,
3225 3513 3324 3576 τὰς
3354 3513 3554 3584 ἀρετὰς
3580 3511 3792 3582 Κυρίου

2209 3608 2265 3661 ἐν
2293 3608 2479 3671 πᾶσιν,
2507 3600 2588 3670 οἷς
2611 3607 2741 3682 ήμζν
2767 3605 3175 3661 ἀνταποδίδωσι.
3213 3605 3414 3678 Κύριος
3442 3604 3630 3676 κριτὴς
3655 3605 3794 3670 ἀγα-

2211 3701 2302 3765 θὸς
2329 3699 2407 3770 τῷ
2432 3699 2567 3770 οῐκῳ
2607 3699 2848 3770 Ἰσραὴλ,
2875 3697 3070 3767 ἐπάγει
3095 3700 3227 3769 ἡμῖν
3261 3697 3402 3752 κατὰ
3429 3697 3490 3750 τὸ
3523 3695 3668 3759 ἔλεος
3691 3697 3794 3749 αὑ-

2208 3792 2326 3856 τοῦ,
2353 3792 2448 3846 καὶ
2479 3790 2622 3845 κατά
2647 3789 2709 3844 τὸ
2741 3789 2944 3860 πλῆθος
2972 3790 3072 3860 τῆς
3096 3789 3441 3860 δικαιοσύνης
3468 3787 3652 3842 αὐτοῦ.
3679 3787 3794 3840 Καὶ

2211 3880 2390 3938 εἶπεν·
2427 3883 2540 3954 Οὐχ
2563 3884 2594 3935 6
2626 3881 2754 3946 λαὸς
2779 3879 2908 3944 λαός
2935 3897 3056 3952 μου·
3081 3881 3247 3935 τέκνα
3271 3880 3332 3933 οὐ
3361 3879 3435 3951 μὴ
3463 3877 3792 3950 ἀθετήσωσι.

2211 3975 2320 4030 Καὶ
2361 3975 2577 4044 ἐγένετο
2622 3974 2806 4036 αῦτόἷς
2843 3975 2922 4038 είς
2956 3973 3250 4045 σωτηρίαν.
3299 3991 3318 4025 ι
3357 3971 3540 4026 Ταῦτα
3587 3969 3792 4034 τοίνυν,

2213 4067 2366 4140 φησι,
2403 4067 2580 4120 πάντα
2611 4066 2910 4137 ἀναμνήσω
2953 4064 3024 4119 τὰ
3071 4065 3251 4137 πλήθη
3289 4063 3794 4134 καταριθμούμενος

2211 4165 2311 4234 τῆς
2351 4161 2711 4232 ἀγαθωσύνης
2743 4159 2908 4214 αὐτοῦ
2931 4201 2946 4227 ,
2985 4162 3044 4214 ἐν
3093 4156 3176 4224 οἷς
3213 4161 3307 4216 καὶ
3343 4159 3502 4214 τοῦτο
3539 4159 3794 4231 μέγιστον

2213 4259 2526 4330 ἐδωρήσατο
2559 4257 2805 4328 χάρισμα
2825 4297 2840 4320 ,
2874 4252 3220 4320 καταξιώσας
3251 4255 3420 4309 τέκνα
3465 4254 3627 4308 αὐτοῦ
3669 4255 3792 4307 ὀνο-

2218 4352 2389 4422 μάσαι
2415 4351 2506 4404 τὸν
2534 4349 2686 4416 λαὸν,
2720 4351 2769 4404 εί
2803 4349 2876 4421 μὴ
2907 4349 3150 4404 ἀθετοῖεν
3177 4348 3275 4420 τὴν
3303 4347 3467 4402 αὑτοῦ
3505 4348 3684 4418 χάριν.

2295 4558 2316 4592 ι
2371 4539 2464 4592 Ἐκ
2493 4535 2674 4606 πάσης
2699 4535 2929 4605 θλίψεως
2955 4534 3136 4588 αὐτῶν
3163 4533 3222 4586 οὐ
3258 4533 3516 4604 πρέσϐυς,
3549 4531 3672 4584 οὐδέ
3695 4531 3798 4600 ἄγ-

2219 4629 2395 4700 γελος,
2429 4627 2542 4680 ἀλλ’
2577 4626 2736 4689 αὐτὸς
2772 4625 2977 4680 ἔσωσεν
3004 4624 3218 4688 αὐτοὺς,
3245 4623 3336 4678 διὰ
3362 4625 3422 4676 τὸ
3458 4624 3676 4693 ἀγαπᾷν
3701 4624 3800 4675 αὐ-

2217 4721 2344 4784 τοὺς
2365 4720 2462 4772 καὶ
2483 4717 2759 4786 φείδεσθαι
2785 4715 2985 4772 αὐτῶν.
3019 4716 3190 4779 Αὐτὸς
3213 4713 3553 4786 ἐλυτρώσατο
3578 4715 3794 4776 αὐτοὺς,

2219 4813 2316 4866 καί
2343 4811 2602 4866 ἀνέλαϐεν
2629 4811 2848 4874 αὐτοὺς,
2885 4809 2980 4864 καὶ
3025 4807 3238 4878 ὕψωσεν
3266 4807 3462 4870 αὐτοὺς
3490 4807 3671 4869 πάσας
3701 4808 3798 4870 τὰς

2222 4902 2434 4974 ἡμέρας
2463 4899 2556 4954 τοῦ
2593 4901 2805 4963 αἰῶνος.
2851 4899 3015 4954 Αὐτοὶ
3047 4899 3104 4952 δὲ
3145 4897 3466 4968 ἠπείθησαν,
3513 4897 3607 4951 καὶ
3655 4913 3798 4968 παρα

2223 4992 2432 5059 ώξυναν
2455 4993 2516 5046 τὸ
2541 4990 2768 5062 Πνεῦμα
2780 4991 2841 5044 τὺ
2860 4990 3012 5059 ἅγιον
3037 4989 3220 5044 αὐτοῦ·
3245 4989 3340 5044 καὶ
3362 4988 3602 5061 ἐστράφη
3619 4987 3802 5051 αὐτοῖς

2226 5086 2306 5148 είς
2331 5083 2530 5156 ἔχθραν
2553 5102 2567 5113 ·
2599 5084 2760 5148 αὐτὸς
2789 5082 3127 5154 ἐπολέμησεν
3161 5081 3374 5145 αὐτούς.
3407 5082 3515 5135 Καὶ
3557 5079 3802 5151 ἐμνήσθη

2229 5175 2450 5246 ἡμερῶν
2475 5175 2728 5228 αἰωνίων.
2759 5174 2869 5228 Ποῦ
2903 5175 2930 5228 ὁ
2956 5173 3292 5236 ἀναϐιϐάσας
3325 5175 3388 5226 ἐκ
3409 5173 3508 5244 τῆς
3528 5171 3806 5240 θαλάσσης

2227 5270 2320 5322 τὸν
2346 5269 2574 5340 ποιμένα
2603 5268 2712 5322 τῶν
2752 5267 3074 5340 προϐάτων;
3108 5265 3218 5320 Ποῦ
3251 5269 3398 5320 ἐστιν
3421 5268 3450 5318 6
3479 5264 3592 5327 θεὶς
3619 5265 3677 5316 ἐν
3708 5261 3807 5316 αὺ-

2227 5363 2338 5424 τοῖς
2362 5361 2422 5413 τὸ
2443 5359 2664 5431 Πνεῦμα
2687 5360 2922 5428 τδ.ὂίγιον
2943 5377 2958 5424 ;
2981 5361 3010 5412 6
3029 5357 3252 5428 ἀγαγὼν
3273 5360 3338 5430 τῇ
3367 5357 3516 5428 δεξιᾷ
3540 5355 3804 5426 Μωῦσῆν,

2225 5456 2254 5508 6
2294 5453 2532 5524 βραχίων
2574 5453 2674 5522 τῆς
2705 5451 2861 5524 δόξης
2905 5451 3102 5520 αὐτοῦς
3139 5451 3481 5520 Κατίσχυσεν
3519 5447 3663 5519 ὕδωρ
3695 5447 3806 5502 ἀπὸ

2227 5545 2516 5618 προσώπου
2569 5545 2768 5609 αὑτοῦ,
2831 5545 3054 5614 ποιῆσαι
3111 5544 3288 5613 ἐαυτῷ
3339 5543 3510 5613 ὄνομα
3561 5539 3800 5595 αἰώνιον.

2231 5638 2472 5706 Ἤγαγεν
2520 5636 2716 5698 αὐτοὺς
2755 5635 2820 5688 δι’
2853 5635 3114 5698 ἀϐύσσου,
3143 5635 3218 5698 ὡς
3256 5635 3420 5688 ἵππον
3468 5633 3536 5686 δι’
3570 5631 3802 5702 ἐρήμου,

2227 5728 2318 5781 καὶ
2346 5727 2446 5780 οὐκ
2477 5726 2794 5798 ἐκοπίασα-θ,
2832 5727 2922 5779 καὶ
2952 5725 3027 5788 ὡς
3059 5725 3226 5796 κτήνη
3259 5723 3344 5778 διὰ
3377 5723 3556 5776 πεδίου
3597 5719 3810 5792 κατέϐη
