4168 6398
354 247 472 306 505

1283 250 1785 312 COMMENTARIA
1823 257 1891 312 IN
1931 258 2189 321 ISAIAM.
2226 295 2294 306 —-
2329 264 2480 321 CAP.
2518 264 2704 323 LXIII.

3472 276 3479 283 ’
3525 274 3631 334 εθϐ

368 367 591 437 Πνεῦμα
632 363 783 436 παρά
808 364 1038 438 Κυρίου,
1069 367 1165 420 καὶ
1203 367 1486 440 ὡδήγησεν
1514 371 1731 437 αὐτοὺς.
1767 375 1940 441 Οὕτως

2057 378 2293 452 Spiritus
2336 398 2366 439 a
2406 383 2655 454 Domino,
2695 392 2750 442 et
2777 385 3005 443 deduxit
3027 401 3145 445 eos.
3172 385 3264 443 Sic
3293 389 3495 446 duxisti
3528 408 3627 463 pn-

368 463 573 533 ήγαγες
614 458 705 512 τὸν
738 457 864 512 λαόν
908 474 1023 523 σου,
1055 459 1281 532 ποιῆσαι
1315 462 1525 535 σεαυτῷ
1564 464 1736 537 ὄνομα
1767 467 1943 541 δόξης.

378 551 738 623 Ἐπίστρεψον
773 552 838 604 ὲκ
880 549 976 605 τοῦ
1014 551 1267 625 οὐρανοῦ,
1317 555 1413 609 καὶ
1450 556 1527 609 ῖδε
1565 557 1630 610 ὲκ
1670 558 1764 611 τοῦ
1796 559 1946 613 οἴκου

364 647 460 700 τοῦ
496 646 651 714 ἁγίου
686 663 801 702 σου.
835 645 946 699 Ποῦ
993 646 1139 700 ἐστιν
1176 649 1205 702 ὁ
1247 647 1408 719 ζῆλὸς
1443 667 1537 703 σου
1579 652 1674 704 καὶ⁸
1711 654 1744 724 ή
1795 653 1947 724 ἰσχύς

365 755 497 803 σου;
528 737 637 791 Ποῦ
675 740 791 791 ἐστι
817 737 878 791 τὸ
904 737 1106 810 πλῆθος
1132 739 1225 792 τοῦ
1269 740 1454 805 ὲλέους
1479 759 1595 809 σου,
1630 744 1724 797 καὶ
1744 744 1949 817 οίκτιρ⁴

365 827 486 898 μῶν
541 843 659 891 σου,
703 827 786 880 δτι
841 827 1069 896 ἀνέσχον
1119 828 1310 900 ήμῶν;
1364 830 1438 884 Σὺ
1499 831 1609 904 γὰρ
1662 830 1715 887 si
1756 835 1947 907 Πατὴρ

361 918 544 989 ήμῶν,
574 919 657 972 ὃτι
702 917 951 990 ’Δϐραὰμ
980 920 1080 975 οὐκ
1102 919 1244 989 ἔγνω
1279 923 1446 992 ἡμᾶς,
1477 924 1572 976 καὶ
1601 925 1820 997 Ἰσραὴλ
1847 927 1947 982 οὐκ

360 1008 579 1077 ἐπέγνω
605 1010 772 1080 ἡμᾶς.
812 1009 972 1063 Ἀλλά
998 1011 1085 1075 σὺ,
1115 1009 1306 1083 Κύριε,
1341 1013 1535 1085 Πατὴρ
1570 1013 1750 1085 ήμῶν,
1787 1016 1947 1087 ῥῦσαι

356 1102 532 1171 ἡμᾶς,
563 1100 657 1153 ἀπ’
689 1100 864 1172 ἀρχῆς
892 1100 950 1155 τὸ
976 1101 1147 1173 ὄνομα
1178 1120 1271 1157 σου
1299 1104 1384 1174 ἐφ’
1412 1107 1561 1176 ἡμᾶς
1585 1107 1724 1161 ἐστι.
1755 1128 1773 1159 ι
1805 1109 1943 1181 Ἤδη

364 1192 477 1265 γὰρ
511 1192 606 1247 καὶ
633 1192 821 1247 ἄλλοτε
864 1193 1124 1259 πολλάκις
1172 1196 1605 1269 ἁμαρτησάντων
1650 1203 1684 1273 ὴ
1693 1200 1809 1273 μῶν
1851 1202 1947 1256 ἀν-

364 1284 548 1355 έσχου’
572 1285 668 1338 καὶ
697 1285 850 1339 οὐδὲν
877 1286 1209 1358 θαυμαστὸν,
1228 1288 1413 1361 ἐπειδὴ
1435 1290 1579 1359 ἅπαξ
1604 1292 1946 1365 κατηξίωσας

363 1376 541 1430 εἰπεῖν
563 1392 577 1407 ’
624 1394 643 1426 t
702 1375 760 1429 ὐ
795 1375 922 1442 λαός
957 1395 1059 1449 μου
1094 1379 1282 1447 τέκνα,
1324 1382 1419 1436 καὶ
1456 1384 1485 1437 ὀ
1516 1383 1643 1446 λαός
1690 1402 1793 1455 μου
1842 1384 1946 1439 υἱοί

361 1466 521 1518 εἰσιν.
557 1483 575 1516 ι
617 1465 704 1529 Ὧς
735 1462 831 1520 οὖν
860 1466 1042 1540 πατὴρ
1059 1469 1267 1526 τέκνων
1291 1471 1672 1545 καὶπρότερον
1694 1473 1944 1545 ἀνέσχου,

361 1556 460 1611 καὶ
500 1555 599 1610 νῦν
631 1556 794 1611 πάλιν
826 1559 1055 1631 ἀνέσχον
1074 1578 1089 1593 ·
1125 1563 1187 1616 οὐ
1228 1563 1340 1636 γὰρ
1384 1564 1635 1637 Ἀϐραὰμ
1665 1561 1734 1637 ἦν
1764 1567 1948 1639 πατὴρ

359 1647 555 1719 ἡμῶν,
590 1649 640 1702 εί
688 1650 783 1703 καὶ
824 1650 1191 1708 διακονεῖσθαι
1238 1658 1305 1727 τῇ
1358 1654 1501 1710 κατὰ
1556 1656 1734 1730 σάρκα
1787 1658 1945 1730 ήμῶν

361 1738 509 1807 εδοξε
535 1740 765 1810 γενέσει.
809 1742 1026 1816 ’Δληθεί
1054 1744 1112 1798 δὲ
1146 1746 1290 1818 λόγῳ
1323 1749 1388 1803 σὺ
1417 1749 1608 1821 Πατὴρ
1648 1750 1826 1821 ήμῶν,
1860 1748 1947 1807 οἷα
1976 1750 2020 1805 Β

360 1833 548 1905 πατὴρ
595 1833 812 1889 πάντων
846 1839 1173 1909 πνευμάτων
1216 1838 1478 1912 ύπάρχων
1494 1880 1509 1905 ,
1544 1842 1640 1895 καὶ
1683 1843 1792 1896 τῶν
1823 1845 1945 1898 κατ’

358 1924 546 1979 είκὸνα
562 1942 771 1998 ’πεποιη
780 1927 958 1999 μένων
983 1929 1191 2000 ψυχῶν.
1218 1929 1311 1984 Διὸ
1334 1930 1600 2002 ῥύσασθαι
1625 1934 1773 2004 ἡμᾶς
1796 1935 1945 1988 ἀντι-

358 2015 643 2089 ϐολοῦμεν
684 2039 703 2071 ι
727 2020 847 2073 Ἀπ’
871 2020 1046 2093 ἀρχῆς
1070 2021 1131 2075 τὸ
1154 2021 1327 2093 ὄνομά
1350 2040 1443 2076 σου
1469 2026 1553 2094 ἐφ’
1581 2026 1728 2097 ἡμᾶς
1747 2025 1884 2080 ἐστι.
1918 2044 1938 2077 ι

437 2128 456 2160 ι
498 2111 564 2164 Τί
590 2111 902 2183 ἐπλάνησας
932 2115 1113 2186 ἡμᾶς,
1150 2114 1323 2187 Κύριε
1344 2155 1361 2181 ,
1391 2116 1500 2170 ἀπὸ
1532 2116 1632 2189 τῆς
1657 2117 1778 2171 ὀδοῦ
1814 2135 1941 2184 σονς

359 2204 702 2277 ἔσκλήρυνας
745 2206 845 2272 τὰς
884 2208 1111 2280 καρδίας
1151 2208 1344 2280 ήμῶν,
1384 2207 1481 2262 τοῦ
1545 2210 1621 2282 μὴ
1661 2211 1943 2280 φοϐεῖσθαί

360 2314 460 2364 σε;
508 2298 875 2371 Ἐπίστρεψονν
898 2299 987 2353 Bri
1019 2300 1147 2364 τοὺς
1176 2300 1397 2364 δούλους
1428 2318 1544 2366 σου,
1574 2301 1665 2355 διὰ
1703 2303 1802 2367 τὰς
1843 2322 1945 2374 φυ-

352 2387 458 2453 λὰς
481 2388 580 2461 τῆς
612 2390 977 2463 κληρονομίας
1008 2409 1122 2446 σου.
1166 2411 1185 2445 t
1233 2394 1292 2447 '0
1325 2394 1611 2466 προφήτης
1644 2396 1820 2451 πάντα
1850 2397 1943 2450 ἐπὶ

352 2479 608 2535 τδν’Θεδν
637 2483 902 2555 ἀναφέρει
922 2500 938 2515 ο
969 2484 1067 2556 οὐχ
1098 2484 1176 2549 ὡς
1201 2484 1294 2539 τοῦ
1323 2484 1461 2539 Θεοῦ
1491 2486 1669 2541 αἰτίου
1700 2488 1832 2560 ἡμῖν
1858 2505 1943 2558 γι-

350 2571 583 2643 νομένου
610 2571 704 2626 τοῦ
738 2575 1075 2647 ἁμαρτάνειν
1095 2614 1111 2639 .
1140 2575 1256 2630 ἀλλ’
1278 2576 1574 2641 ἐνδιδόντος
1600 2580 1694 2633 καὶ
1725 2596 1941 2651 συγχω-

357 2663 581 2736 ροῦντος
614 2665 801 2720 ἐκεῖνα
843 2666 1103 2740 πράττειν
1131 2667 1168 2723 ἃ
1201 2668 1266 2721 ἄν
1310 2686 1395 2732 τις
1444 2670 1666 2741 αἱρῆται
1685 2688 1697 2700 ·
1729 2670 1806 2734 ὠς
1841 2670 1942 2742 τὴν

357 2755 460 2825 μὲν
489 2757 671 2811 αἰτίαν
702 2757 846 2829 έχειν
874 2758 934 2825 εξ
960 2762 994 2831 ή
1005 2759 1142 2831 μῶν,
1176 2760 1277 2832 τὴν
1315 2759 1373 2813 δὲ
1416 2761 1695 2832 ἀναφορὰν
1728 2761 1820 2817 ἐπὶ
1848 2762 1941 2817 τὸν

351 2845 512 2900 Θεόν.
545 2867 565 2899 ι
611 2848 730 2903 Ἵνα
759 2850 954 2922 μικρὸν
987 2850 1485 2925 κληρονομήσωμεν
1517 2851 1612 2906 τοῦ
1652 2853 1814 2925 ὅρους
1845 2852 1939 2907 τοῦ

351 2938 514 3006 ἁγίου
557 2956 655 2994 σου
676 2957 690 2971 ·
739 2959 757 2992 ι
790 2942 924 2995 ὡσεὶ
968 2942 1442 3013 καταλειφθέντων
1472 2944 1676 3007 αὐτῶν,
1722 2944 1817 2999 καὶ
1863 2945 1939 3017 μὴ

2058 472 2245 543 pulum
2282 484 2451 542 tuum,
2485 484 2543 530 ut
2577 477 2788 534 faceres
2823 477 2922 534 tibi
2944 493 3140 534 tininen
3171 481 3374 552 gloriae.
3400 483 3629 542 Conver-

2057 577 2173 623 tere
2198 569 2266 624 de
2295 572 2456 635 ctelo,
2485 580 2540 625 et
2565 571 2690 628 vide
2729 571 2798 627 de
2826 574 2989 628 domo
3018 584 3204 629 sancta
3254 584 3364 632 tua.
3402 577 3503 635 Ubi
3547 592 3631 637 est

2056 658 2204 715 zelus
2251 670 2378 715 tuus
2413 670 2468 715 et
2496 660 2759 717 fortitudo
2806 664 2934 718 tua?
2968 661 3072 719 Ubi
3098 675 3184 720 est
3214 666 3499 724 multitudo
3529 672 3632 726 mi-

2054 751 2367 806 sericordize
2398 761 2522 814 tuae,
2557 762 2613 807 et
2647 754 3056 810 miserationem
3096 764 3333 821 tuarum,
3369 761 3627 829 quoniam

2055 842 2362 897 sustinuisti
2388 843 2523 899 nos?
2543 842 2622 898 Tu
2672 844 2819 899 enim
2842 860 2905 901 es
2927 845 3094 903 Pater
3126 857 3336 912 uoster,
3373 848 3628 918 quoniam

2055 936 2331 992 Abraham
2365 951 2470 991 non
2509 936 2661 992 novit
2691 951 2810 1005 nos,
2840 945 2893 993 et
2918 938 3086 994 Israel
3119 940 3531 1012 nos'ignoravit.
3559 941 3631 993 At

2055 1039 2134 1097 tu,
2162 1029 2410 1094 nomine,
2436 1028 2596 1085 Pater
2625 1039 2832 1094 noster,
2864 1031 3038 1087 libera
3082 1047 3204 1096 nos,
3234 1034 3301 1089 ab
3348 1033 3501 1088 initio
3532 1048 3629 1088 no-

2052 1137 2178 1178 men
2217 1131 2367 1177 tuum
2405 1138 2570 1192 super
2631 1137 2733 1179 nos
2786 1133 2891 1180 est.
2926 1142 2947 1176 ›
2980 1123 3100 1179 Jam
3139 1126 3285 1180 enim
3335 1139 3475 1195 serpe
3526 1142 3627 1181 nos

2052 1227 2345 1285 peccantes
2384 1214 2652 1282 tolerasti,
2699 1215 2944 1286 nihilque
2971 1216 3190 1283 mirum,
3220 1219 3435 1287 quando
3461 1218 3629 1274 semel

2024 1306 2234 1381 dicere
2260 1307 2518 1378 dignatus
2550 1320 2610 1362 es
2637 1323 2652 1360 :
2683 1324 2704 1359 ι
2731 1305 2967 1377 Populus
3017 1322 3171 1363 meus
3208 1308 3410 1377 proles,
3453 1320 3509 1366 et
3534 1326 3630 1381 po-

2050 1400 2211 1470 pulus
2237 1415 2390 1456 meus
2420 1399 2535 1455 lilii.
2564 1418 2585 1453 ι
2617 1398 2689 1456 Ut
2719 1408 2879 1470 pater
2900 1401 3083 1472 itaque
3142 1400 3281 1457 ﬁlios
3309 1402 3436 1457 olim
3465 1406 3632 1457 susti-

2055 1494 2243 1560 nuisti,
2290 1503 2343 1550 et
2372 1494 2486 1565 jam
2522 1495 2762 1552 sustines
2784 1510 2800 1550 :
2825 1511 2935 1552 non
2968 1496 3113 1552 enim
3162 1495 3436 1550 Abraham
3474 1505 3630 1566 pater

2053 1597 2238 1641 noster
2284 1596 2426 1651 erat.
2461 1588 2564 1644 etsi
2624 1598 2813 1644 nostro
2860 1588 3155 1644 secundum
3202 1601 3422 1643 carnem
3483 1588 3628 1644 ortui

2052 1677 2365 1732 ministrare
2392 1678 2543 1734 visus
2567 1678 2657 1734 sit.
2687 1678 2795 1735 Sed
2828 1694 3017 1734 revera
3054 1689 3107 1734 tu
3143 1680 3302 1735 Pater
3334 1692 3517 1735 noster
3544 1696 3626 1749 es,

2048 1776 2105 1822 ut
2128 1769 2223 1836 qui
2260 1771 2499 1824 omnium
2536 1771 2825 1839 Spirituum
2890 1779 2944 1825 et
2978 1771 3285 1825 animarum
3328 1771 3395 1824 ad
3430 1770 3504 1825 tui
3547 1771 3626 1825 si-

2049 1860 2409 1916 militudinem
2456 1862 2719 1917 factarum
2753 1870 2906 1932 pater
2941 1861 3038 1916 sis.
3067 1859 3246 1928 Quare
3271 1876 3523 1932 rogamus
3551 1871 3626 1927 te,

2047 1967 2151 2008 nos
2180 1967 2342 2009 eruas
2376 1971 2389 2007 :
2427 1952 2538 2008 «Ab
2572 1952 2726 2007 initio
2753 1966 2946 2007 nomen
2986 1962 3132 2007 tuum
3158 1966 3321 2018 super
3353 1967 3453 2008 nos
3485 1961 3623 2009 est.»

2115 2134 2280 2189 Vens.
2315 2135 2402 2202 i7,
2431 2134 2518 2191 18.
2554 2155 2573 2189 ι
2604 2136 2715 2192 Cur
2741 2149 2929 2192 errare
2960 2150 3058 2191 nos
3088 2134 3288 2203 fecisti,
3324 2132 3571 2202 Domine,
3595 2153 3625 2191 a

2046 2228 2128 2282 via
2167 2228 2302 2282 tua?
2337 2226 2604 2284 lndurasti
2647 2232 2814 2284 corda
2845 2237 3054 2293 nostra,
3083 2238 3276 2284 utnon
3311 2230 3629 2287 timeremus

2048 2328 2117 2374 te.
2154 2318 2484 2374 Convertere
2531 2329 2755 2390 propter
2783 2334 2972 2376 servos
3002 2329 3153 2385 tuos,
3183 2328 3239 2374 et
3269 2329 3488 2389 propter
3525 2322 3627 2376 tri-

2045 2409 2146 2464 bus
2174 2409 2522 2468 .bazreditatis
2575 2420 2698 2466 tuae.
2737 2431 2758 2464 ι
2805 2410 3000 2468 Omnia
3046 2412 3113 2468 ad
3154 2412 3321 2468 Deum
3363 2413 3626 2483 propheta

2044 2502 2210 2556 refert
2235 2520 2252 2558 :
2285 2517 2390 2558 non
2418 2503 2559 2573 quod
2585 2504 2727 2558 Deus
2755 2503 2912 2559 nobis
2942 2504 3202 2573 peccandi
3240 2517 3404 2560 causa
3441 2503 3624 2570 fuerit,

2044 2594 2140 2650 sed
2169 2595 2312 2665 quod
2344 2594 2654 2665 permiserit
2700 2603 2755 2649 et
2800 2596 3132 2651 concesserit
3162 2595 3251 2651 illa
3286 2612 3468 2667 agere,
3501 2611 3630 2668 quae

2042 2686 2219 2758 quivis
2245 2686 2506 2756 elegerit;
2544 2686 2618 2742 ita
2653 2695 2711 2742 ut
2742 2688 2952 2758 peccati
2982 2702 3150 2742 causa
3182 2703 3350 2756 penes
3388 2703 3486 2743 nos
3514 2690 3622 2744 sit:

2042 2778 2136 2833 sed
2170 2786 2350 2834 tamen
2384 2779 2452 2834 ad
2497 2779 2666 2834 Deum
2700 2780 2990 2836 referatur.
3022 2797 3042 2831 ι
3087 2779 3158 2835 Ut
3200 2781 3468 2835 modicum
3504 2797 3628 2851 pos-

2042 2870 2314 2925 sideamus
2340 2871 2539 2926 montis
2569 2872 2741 2926 sancti
2791 2871 2891 2927 tui.
2921 2891 2941 2925 ι
2976 2872 3142 2938 Quasi
3175 2872 3306 2943 ipsis
3330 2874 3626 2941 derelictis,

2045 2972 2145 3014 nec
2180 2974 2465 3029 resurgere
2492 2961 2801 3017 valentibus
2837 2961 2907 3017 ob
2954 2961 3188 3019 inﬂictas
3238 2962 3424 3035 plagas
3446 3004 3463 3032 ,
3505 2981 3626 3037 qua:

352 3030 794 3103 ἀνατελλομένων
826 3032 917 3087 διὰ
945 3032 1168 3105 πληγῶν
1190 3034 1301 3088 τῶν
1326 3032 1653 3089 κωλυουσῶν
1685 3036 1939 3107 ἁμαρτά-

2046 3051 2194 3123 ipsos
2222 3066 2253 3106 a
2285 3053 2558 3123 peccando
2583 3053 2868 3109 arcebant.

351 3140 490 3179 νειν.

431 3234 454 3269 ί
529 3215 863 3289 Ἐγενόμεθα
901 3218 979 3283 ὡς
1021 3217 1084 3272 τὸ
1132 3219 1227 3274 ἀπ’
1262 3220 1436 3291 ἀρχῆς
1481 3220 1571 3275 ὅτε
1616 3219 1718 3276 οὐκ
1761 3215 1936 3293 ἦρξας

350 3306 534 3379 ⁴ήμῶν,
578 3307 700 3362 οὐδὲ
727 3309 931 3382 ἐκλήθη
960 3308 1022 3363 τὸ
1047 3310 1218 3383 ὄνομά
1245 3328 1341 3364 σου
1379 3312 1462 3381 ἐφ’
1487 3313 1654 3384 ἡμᾶς.
1693 3329 1713 3363 ι
1752 3311 1841 3376 Ὡς
1871 3314 1936 3365 ὲκ

354 3396 647 3471 προσώπου
678 3399 775 3453 τοῦ
798 3400 928 3454 λαοῦ
957 3401 1130 3456 ταῦτά
1152 3418 1335 3473 φησιν.
1370 3402 1583 3475 Ὠσπερ
1602 3401 1712 3474 γὰρ
1741 3401 1938 3473 ἐσκλή-

359 3508 521 3561 ρυνας
548 3494 779 3547 πάντοτε
808 3492 905 3565 τὴν
931 3491 1157 3564 καρδίαν
1177 3493 1272 3546 τοῦ
1293 3492 1511 3564 Φαραὼ,
1537 3493 1679 3547 οὕτω
1703 3493 1797 3547 καὶ
1818 3492 1932 3557 νῦν,

353 3584 543 3653 φησὶν,
584 3584 733 3653 ήμᾶς
764 3581 1137 3654 ὲσκλήρυνας,
1172 3581 1422 3650 ἀναξίους
1457 3577 1596 3635 εἶναι
1622 3582 1814 3654 κρίνας
1840 3580 1935 3635 τοῦ

354 3673 520 3742 φόϐου
549 3690 675 3727 σουο
714 3672 852 3728 ἀλλά
882 3673 978 3728 καὶ
1014 3673 1325 3746 ὲπλάνησας
1364 3674 1511 3744 ἡμᾶς
1546 3673 1610 3726 σὺ
1655 3673 1836 3738 αὐτὸς,
1888 3665 1934 3725 ὧ

353 3765 548 3838 Κύριε,
578 3764 677 3819 τοῦ
709 3764 784 3837 μὴ
812 3765 1078 3838 γνωρίσαι
1110 3764 1210 3836 τὴν
1249 3765 1368 3818 ὁδόν
1397 3782 1511 3818 σου.
1545 3764 1693 3836 Πλὴν
1738 3765 1853 3820 ἀλλ’
1885 3769 1934 3817 εί

351 3860 450 3914 καὶ
472 3860 637 3930 ἡμεῖς
664 3853 917 3923 τοιοῦτοι,
948 3858 1012 3911 σὺ
1052 3858 1190 3927 ’γοῦν
1235 3856 1311 3921 ὡς
1340 3856 1493 3922 Θεὸς,
1527 3856 1615 3910 διὰ
1652 3859 1779 3919 τοὺς
1814 3856 1935 3910 δού-

348 3949 478 4014 λους
507 3966 605 4003 σου
641 3949 810 4020 (εἰκὸς
848 3949 962 4022 γὰρ
988 3945 1126 4003 εἶναι
1159 3965 1312 4012 τινας
1352 3949 1411 4001 ὲν
1435 3948 1512 4020 τῷ
1543 3949 1737 4021 πλήθει
1760 3948 1937 4003 τοιού-

349 4042 563 4109 τους),
604 4040 953 4112 ὲπίστρεψον.
1000 4040 1110 4094 Καὶ
1160 4038 1347 4111 ἐπειδὴ
1390 4039 1590 4111 κλῆρός
1629 4057 1722 4095 σου
1764 4058 1934 4114 κατη-

353 4129 629 4203 ξιώθημεν
666 4129 1052 4203 ὀνομάζεσθαι,
1086 4130 1402 4202 ἱκετεύομεν
1421 4151 1441 4183 ι
1464 4130 1817 4201 Ἐπιστρέψαι
1847 4132 1937 4186 διὰ

350 4225 480 4289 τοὺς
503 4223 725 4287 δούλους
750 4240 866 4288 σου,
894 4222 989 4276 καὶ
1013 4221 1102 4276 διὰ
1128 4222 1226 4286 τὰς
1247 4222 1422 4293 φυλὰς
1447 4222 1545 4293 τῆς
1571 4220 1936 4293 κληρονομίας

350 4332 468 4371 σου.
516 4334 540 4369 ι
584 4315 912 4386 Δυνηθῶμεν
941 4314 1037 4368 καὶ
1061 4315 1220 4386 ἡμεῖς
1245 4314 1296 4366 οἱ
1324 4312 1532 4377 ἀνάξιοι
1564 4315 1764 4385 μικρᾶς
1790 4329 1936 4377 τινος

2107 3209 2274 3265 Vens.
2313 3208 2401 3265 19.
2447 3226 2467 3261 ι
2502 3207 2656 3265 Facti
2712 3224 2900 3266 sumus
2944 3210 3093 3265 velut
3146 3211 3216 3265 ab
3266 3213 3441 3278 initio,
3497 3229 3622 3270 cum

2037 3316 2145 3357 non
2199 3300 2563 3357 dominareris
2617 3301 2831 3366 nostri,
2890 3316 3064 3371 neque
3118 3303 3463 3359 invocaretur
3520 3320 3623 3360 uo-

2037 3410 2162 3450 men
2190 3405 2336 3449 tuum
2370 3410 2535 3466 super
2567 3410 2687 3450 nos.
2721 3413 2741 3446 ι
2808 3394 2971 3461 Quasi
3025 3411 3091 3450 ex
3138 3411 3372 3466 persona
3439 3398 3616 3468 populi

2038 3486 2152 3540 haec
2177 3485 2390 3541 eﬂ‘atur.
2438 3488 2595 3542 Sicut
2639 3487 2808 3550 enim,
2850 3489 2948 3553 ait,
2993 3501 3089 3542 cor
3126 3486 3427 3545 Pharaonis
3474 3505 3621 3545 sctu-

2034 3593 2134 3649 per
2197 3578 2498 3643 indura'sti,
2562 3578 2637 3633 ita
2693 3591 2837 3632 nunc
2889 3591 3105 3647 quoque
3170 3594 3269 3634 nos
3331 3580 3621 3645 iudurasli,

2038 3671 2293 3741 indignos
2323 3669 2576 3739 judicans
2622 3670 2817 3726 timore
2866 3680 2995 3726 tuo:
3026 3671 3329 3741 quinetiam
3376 3685 3431 3729 tu
3482 3659 3619 3744 ipse,
3714 3716 3715 3719 η

2036 3763 2284 3826 Domine,
2321 3776 2510 3817 errare
2542 3777 2641 3818 nos
2683 3762 2886 3829 feciSti,
2920 3772 2979 3818 ut
3021 3765 3164 3818 viam
3209 3775 3357 3820 tuam
3405 3768 3626 3837 ignora-

2036 3871 2238 3911 remus.
2264 3856 2536 3912 Caeterum
2559 3856 2771 3911 etiamsi
2798 3871 2899 3911 nos
2928 3856 3066 3913 tales
3086 3858 3279 3923 simus,
3322 3868 3377 3911 tu
3412 3868 3617 3924 tamen,

2036 3955 2223 4017 utpote
2258 3948 2420 4013 Deus,
2454 3956 2678 4025 propter
2727 3961 2917 4003 servos
2965 3956 3088 4002 tuos
3126 3948 3274 4018 (nam
3319 3948 3627 4005 vcrisimie

2036 4050 2121 4095 est
2150 4042 2200 4094 in
2234 4040 2388 4095 turba
2437 4040 2696 4108 quosdam
2727 4038 3036 4107 huiusmodi
3091 4039 3233 4111 esse)
3263 4050 3611 4097 convertere.

2038 4133 2105 4186 Et
2131 4133 2257 4200 quia
2292 4132 2439 4204 digni
2477 4132 2645 4187 habiti
2679 4146 2868 4187 sumus
2891 4131 2983 4202 qui
3016 4132 3306 4188 haereditas
3335 4143 3424 4187 tua
3457 4148 3621 4188 voca-

2039 4240 2242 4288 remur,
2270 4226 2390 4279 ideo
2418 4240 2726 4294 precamur,
2765 4240 2787 4276 t
2815 4222 3150 4279 Convertere
3187 4235 3409 4294 promer
3432 4240 3625 4281 servos

2041 4327 2181 4385 tuos,
2207 4328 2262 4372 et
2316 4328 2536 4388 propter
2586 4319 2759 4372 tribus
2798 4316 3135 4374 haereditatis
3180 4327 3304 4373 tute.
3347 4337 3367 4371 ι
3417 4316 3483 4373 Ει
3520 4334 3621 4373 nos

347 4410 565 4475 ἐλπίδος
611 4411 797 4480 τυχεῖν
844 4411 903 4462 ὲν
946 4407 1027 4479 τῷ
1073 4406 1468 4479 ὲπηγγελμένῳ
1515 4405 1621 4459 ὑπὸ
1674 4404 1767 4458 σοῦ
1820 4405 1934 4477 ὄρει

2043 4427 2254 4482 quoque
2281 4411 2556 4466 valeamus
2580 4449 2597 4477 ,
2632 4410 2766 4466 licet
2807 4410 3056 4479 indigni,
3104 4412 3372 4465 modicam
3421 4410 3617 4465 saltem

346 4504 520 4574 ἁγίῳ·
558 4496 622 4557 οῦ
664 4501 942 4565 παντελῶς
968 4499 1064 4555 νῦν
1111 4498 1583 4570 ἐκπεπτώκαμεν*
1619 4498 1850 4570 ἐπείπερ
1885 4499 1935 4551 ei

348 4597 664 4652 ὑπεναντίοι
698 4594 855 4667 ήμῶν
894 4593 1281 4664 κατεπάτησαν
1312 4592 1374 4645 τὸ
1403 4591 1647 4663 ἁγίασμά
1677 4604 1801 4644 σου⁸
1837 4590 1935 4644 καὶ

348 4690 493 4744 τοῦτ’
534 4688 779 4762 ἔπραξαν
813 4688 899 4741 διὰ
929 4688 990 4741 τὸ
1022 4687 1082 4740 σὲ
1126 4686 1540 4757 ἀποστραφῆναι
1574 4685 1740 4756 ἡμᾶς.
1776 4683 1930 4737 Οὕτω

348 4776 482 4849 γοῦν
536 4779 990 4849 καταλειφθέντες
1040 4778 1237 4850 ἔρημοι
1292 4778 1391 4848 τῆς
1453 4776 1553 4846 σῆς
1602 4774 1927 4844 ἐπισκοπῆς,

347 4873 581 4927 τοιοῦτοι
608 4871 703 4924 νῦν
742 4873 930 4942 ἐσμεν,
964 4874 1138 4925 ὁποῖοι
1173 4868 1269 4923 καὶ
1308 4867 1435 4942 πρίν
1464 4884 1521 4921 σε
1557 4867 1712 4938 ἡμῶν
1751 4865 1930 4938 ἄρξαι.

356 4967 448 5031 Ὠς
488 4967 594 5039 γὰρ
629 4963 696 5038 ἦν
739 4982 868 5019 ποτε
917 4965 1138 5037 χρόνος,
1173 4964 1263 5017 ὅτε
1300 4962 1426 5015 οὒτε
1466 4961 1771 5033 προφήτας,
1809 4959 1933 5012 οὔτε

351 5059 557 5130 ἱερέας,
596 5056 721 5113 οῦτε
756 5057 1015 5129 βασιλεῖς,
1045 5055 1168 5109 οὔτε
1208 5074 1261 5109 τι
1288 5056 1397 5109 τῶν
1432 5054 1538 5109 σῶν
1583 5056 1935 5126 χαρισμάτων
1964 5132 1972 5141 ⁸

346 5150 595 5221 εἴχομενο
630 5151 723 5204 τὸν
762 5150 923 5203 αὑτὸν
952 5149 1152 5220 τρόπον
1183 5150 1276 5202 καὶ
1306 5148 1400 5201 νῦν
1429 5149 1509 5211 είς
1550 5147 1765 5218 ἐκείνην
1808 5163 1937 5199 κατ-

344 5242 587 5316 έστημεν
626 5244 724 5315 τὴν
763 5243 1018 5315 ἐρημίαν.
1064 5242 1248 5295 Ταῦτα
1287 5242 1463 5295 πάντα
1505 5239 1680 5293 ἔοικεν
1729 5239 1932 5308 ἀναφέ-

352 5335 543 5407 ρεσθαι
574 5337 667 5389 ἐπὶ
708 5334 802 5388 τὸν
828 5335 1020 5404 καιρὸν
1055 5333 1147 5386 τὸν
1188 5333 1323 5403 μετά
1363 5333 1462 5404 τὴν
1492 5331 1794 5402 παρουσίαν
1838 5329 1929 5383 τοῦ

347 5427 601 5498 Σωτῆρος
653 5427 842 5499 ἡμῶν
882 5427 939 5479 ἐν
977 5418 1023 5495 ᾧ
1056 5424 1333 5497 παντελῶς
1365 5422 1794 5495 κατελείφθησαν
1838 5422 1926 5476 διὰ

346 5518 417 5572 τὰ
456 5518 598 5572 κατά
627 5518 721 5570 τοῦ
749 5518 1001 5589 Σωτῆρος
1026 5515 1183 5589 ἡμῶν
1220 5515 1556 5587 τολμηθέντα
1582 5517 1782 5578 αὐτοῖς.
1814 5515 1928 5568 Νῦν

349 5608 461 5680 γὰρ
478 5609 556 5673 ὼς
580 5609 792 5680 ἀληθῶς
818 5608 1047 5664 τοιοῦτοι
1072 5607 1381 5678 γεγόνασιν,
1416 5607 1491 5671 ὡς
1520 5605 1579 5659 τὸ
1605 5607 1699 5660 ἀπ’
1730 5607 1923 5678 ἀρχῆς.

350 5700 437 5755 ὅτε
475 5702 576 5756 οῦκ
607 5698 773 5775 ἦρχεν
810 5701 988 5757 αὐτῶν
1026 5704 1053 5756 ὁ
1091 5701 1242 5768 Θεὸς,
1278 5699 1417 5755 ὥστε
1437 5699 1693 5756 δύνασθαι
1725 5699 1921 5769 λέγειν·

2043 4520 2194 4575 spem
2231 4503 2490 4572 consequi
2524 4504 2578 4558 in
2611 4512 2793 4559 monte
2822 4511 3010 4558 sancto
3047 4511 3158 4568 tuo,
3207 4516 3368 4571 quem
3398 4501 3627 4570 pollice-
3666 4504 3681 4509 ’

2028 4599 2117 4654 ‘ris
2145 4616 2158 4652 :
2187 4612 2253 4652 ex
2281 4612 2391 4666 quo
2415 4597 2525 4667 jam
2556 4611 2780 4666 prorsus
2805 4595 3144 4661 excidimus;
3170 4591 3295 4663 quia
3322 4591 3619 4648 adversarii

2038 4689 2214 4746 nostri
2244 4689 2703 4743 conculcaverunt
2733 4686 3103 4742 sanctuarium
3134 4695 3305 4750 tuum,
3331 4684 3491 4754 idque
3537 4684 3619 4740 fe-

2038 4792 2252 4848 cerunt,
2294 4781 2418 4850 quia
2467 4788 2748 4834 aversatus
2778 4794 2878 4835 nos
2909 4792 2989 4832 es.
3051 4775 3142 4830 Sic
3186 4775 3351 4846 igitur
3373 4775 3619 4832 derelicti

2039 4884 2094 4927 et
2120 4874 2432 4928 visitatione
2467 4882 2557 4927 tua
2588 4870 2825 4941 privati,
2862 4869 2995 4924 tales
3022 4867 3134 4936 jam
3171 4854 3359 4922 sumus
3380 4906 3396 4930 ,
3430 4867 3624 4937 quales

2040 4979 2259 5021 eramus
2291 4974 2579 5033 antequam
2612 4966 2913 5032 imperares
2947 4962 3122 5016 nobis.
3151 4959 3614 5026 Quemadmodum

2039 5058 2183 5112 enim
2208 5068 2421 5127 tempus
2443 5056 2569 5111 olim
2603 5056 2721 5120 fuit,
2744 5070 2866 5109 cum
2895 5066 3067 5123 neque
3092 5053 3409 5122 prophetas,
3438 5066 3618 5121 neque

2042 5151 2378 5214 sacerdotes,
2412 5163 2587 5218 neque
2612 5162 2788 5218 reges,
2821 5160 2998 5213 neque
3026 5145 3170 5199 aliud
3200 5145 3474 5215 quidpiam
3498 5163 3525 5200 a
3565 5157 3616 5199 te

2042 5256 2239 5296 munus
2281 5241 2626 5305 haberemus,
2682 5236 2760 5293 sié
2787 5245 2842 5292 et
2878 5252 3020 5291 nunc
3047 5237 3295 5292 eamdem
3339 5237 3392 5291 in
3419 5237 3613 5291 solitu-

2039 5334 2219 5387 dinem
2244 5342 2297 5386 et
2326 5333 2694 5386 conditionem
2724 5328 3035 5384 recidimus.
3065 5327 3190 5384 Haec
3217 5329 3397 5383 omnia
3422 5327 3613 5381 referri

2037 5424 2293 5479 videntur
2319 5424 2386 5476 ad
2419 5433 2648 5492 tempus,
2680 5423 2825 5492 quod
2860 5422 3151 5475 adventum
3187 5419 3488 5475 Salvatoris
3515 5433 3612 5472 no-

2034 5516 2134 5571 Slri
2162 5506 2510 5569 subsecutum
2538 5523 2621 5568 est
2647 5531 2663 5570 :
2699 5529 2808 5585 quo
2832 5529 3054 5584 prorsus
3080 5511 3322 5570 derclicti
3350 5518 3476 5564 sunt
3495 5551 3509 5575 ,
3541 5509 3618 5563 ob

2033 5605 2239 5661 scelera
2267 5616 2451 5661 contra
2493 5606 2741 5660 eumdem
2778 5604 3113 5661 Salvatorem
3145 5604 3213 5659 ab
3242 5605 3374 5673 ipsis
3414 5615 3600 5669 perpe-

2035 5708 2196 5756 trata.
2229 5699 2379 5757 Nunc
2419 5701 2561 5757 enim
2606 5715 2793 5757 revera
2833 5699 2968 5757 tales
2998 5708 3144 5765 sunt,
3173 5697 3361 5771 quales
3391 5702 3549 5753 erant
3575 5709 3613 5746 ιι
