4168 6398
584 249 688 306 507

1283 240 1555 299 EUSEBII
1594 239 2066 299 CESARIENS'S
2105 239 2254 296 OPP.
2297 237 2477 294 PARS
2515 235 3108 296 lH.—EXEGETICA.

3703 238 3826 293 6081

582 365 867 438 principio,
901 380 1022 420 cum
1048 363 1283 419 nondum
1312 363 1442 432 ipsis
1471 363 1608 420 Deus
1639 363 2006 418 dominaretur
2031 403 2046 428 ,
2079 373 2140 416 ut

2244 381 2262 416 ι
2307 362 2635 432 Ἐγενόμεθα
2659 363 2736 424 ὡς
2757 359 2820 412 τὸ
2843 357 2936 412 ἀπ’
2964 355 3158 426 ἀρχῆς,
3189 370 3276 407 πε
3299 369 3400 407 ουκ
3420 346 3592 424 ἡρξας
3625 351 3808 423 ἡμῶν,

579 460 763 515 dicere
797 457 1012 511 valeant
1045 474 1059 510 :
1093 473 1112 507 ι
1148 455 1298 510 Facti
1339 471 1523 511 sumus
1548 455 1691 508 velut
1717 455 1790 508 ab
1831 454 1984 508 initio
2016 468 2140 507 cum

581 567 687 606 non
717 548 1074 604 dominareris
1117 546 1322 611 nostri,
1354 562 1524 616 neque
1569 547 1906 601 invocaretur
1948 559 2141 600 nomen

576 651 731 698 tuum
761 654 925 708 super
954 653 1073 694 uos.
1109 656 1129 690 ι

1141 726 1366 784 CAPUT
1404 725 1584 781 LXIV.

647 821 810 875 Vens.
845 819 895 872 Ι.
933 837 952 870 ι
997 818 1052 872 Si
1095 818 1307 888 aperias
1340 816 1537 870 ctelum
1561 855 1578 880 ,
1614 825 1818 869 tremor
1845 816 2143 886 apprehen-

576 909 668 965 det
697 926 726 966 a
766 918 819 964 te
869 917 1116 972 montes,
1149 917 1201 961 et
1235 906 1548 975 liquescent.
1593 924 1612 956 ι
1667 906 1933 960 (ἔπιθι-οη]
1979 906 2143 976 probe

579 1002 828 1055 novimus
861 1009 913 1054 et
939 1012 1253 1068 persuasum
1285 997 1577 1059 habemus,
1605 997 1650 1051 si
1681 996 1914 1051 volueris
1940 997 2141 1051 malum

578 1091 831 1158 aperire,
871 1099 1056 1157 utpote
1119 1087 1257 1140 Deus
1307 1086 1680 1154 omnipotens,
1730 1097 2018 1140 tremorem
2067 1086 2141 1139 tui

579 1190 793 1235 montes
847 1180 1304 1250 apprehensurum
1340 1191 1492 1240 esse,
1523 1175 1773 1230 videlicet
1805 1175 2144 1231 adversarias

577 1281 895 1343 potestates,
947 1286 1064 1336 qum
1101 1278 1287 1324 contra
1329 1267 1690 1338 cognitionem
1733 1267 1807 1321 tui
1841 1267 2141 1336 eriguntur.

652 1365 807 1418 Vens.
845 1361 899 1425 2,
933 1361 986 1415 5.
1021 1380 1038 1411 ‹
1079 1359 1376 1413 Sicutcera
1423 1373 1454 1412 a
1501 1357 1640 1412 facie
1688 1358 1829 1427 ignis
1867 1357 2142 1426 liquescit,

577 1466 634 1511 et
661 1456 938 1510 comhuret
973 1451 1110 1522 ignis
1143 1459 1260 1504 tuos
1289 1449 1648 1514 adversarios,
1704 1458 1758 1504 et
1802 1448 2142 1504 manifestum

579 1548 683 1600 erit
717 1558 907 1598 nomen
959 1551 1108 1596 tuum
1155 1540 1529 1595 adversariis:
1566 1555 1596 1593 a
1643 1539 1779 1595 facio
1825 1549 1914 1594 tua
1961 1549 2145 1611 gentes

555 1635 954 1689 -turbabuntur.
985 1651 1002 1682 ι
1029 1633 1170 1688 Sane
1199 1650 1216 1682 ι
1247 1633 1409 1686 Deum
1429 1645 1585 1685 nemo
1608 1629 1740 1684 vidit
1762 1644 1994 1699 unquam
2011 1631 2092 1697 ²⁸;
2117 1648 2135 1683 ι

2245 454 2364 508 ούδέ
2390 453 2589 526 ἐκλήθη
2619 451 2680 506 τὸ
2703 449 2874 522 ὄνομά
2903 464 2995 503 σου
3017 446 3102 516 ἐφ’
3127 445 3291 517 ἡμᾶς.
3330 462 3361 496 ι-

2752 712 3144 770 ΚΕΦΑΛᾹΙΟΝ
3183 710 3303 765 EA’.

2323 829 2343 864 ι
2395 810 2517 866 Ἐὰν
2537 809 2754 880 ἀνοίξῃς
2783 808 2874 861 τὸν
2911 804 3164 878 οὐρανὸν,
3207 802 3408 874 τρόμος
3425 798 3658 872 -λὴψεται
3703 798 3817 853 ἀπὸ

2248 902 2342 958 σού
2376 903 2498 975 ὅρη,
2529 902 2622 956 καὶ
2665 901 3015 970 τακήσονται.
3057 915 3074 948 ι
3121 895 3280 965 Πλὴνσ
3309 893 3422 948 ἀλλ’
3459 890 3612 962 ἴσμεν
3655 891 3817 960 ἀκρι-

2246 993 2356 1057 ϐῶς
2397 993 2485 1045 καὶ
2526 987 2886 1061 πεπείσμεθα,
2923 988 3025 1053 ὅτι,
3066 985 3160 1039 ἐὰν
3201 983 3430 1055 θελήσῃς
3482 980 3688 1047 ἀνοῖξαι
3721 981 3816 1034 τὸν

2245 1083 2471 1154 οὐρανὸν
2496 1082 2627 1145 Θεὸς
2655 1081 2728 1134 ὢν
2771 1079 2864 1133 καὶ
2905 1079 3081 1133 πάντα
3125 1077 3453 1147 δυνάμενος,
3490 1074 3690 1144 τρόμος
3720 1073 3826 1142 λή-

2246 1175 2406 1245 ψεται
2432 1172 2538 1227 ἀπὸ
2561 1173 2654 1226 σοῦ
2682 1172 2803 1245 ὄρη,
2827 1171 2922 1234 τὰς
2939 1168 3318 1240 ἀντικειμένας
3339 1165 3534 1238 δηλαδὴ
3557 1163 3819 1236 δυνάμεις

2247 1265 2346 1330 τὰς
2378 1265 2741 1338 ἐπατρομένας
2771 1263 2911 1317 κατὰ
2941 1262 3041 1333 τῆς
3071 1258 3324 1330 γνώσεώς
3356 1275 3471 1312 σου.

2325 1373 2344 1409 ι
2404 1354 2492 1417 Ὠς
2522 1354 2690 1425 κηρὸς
2726 1353 2832 1406 άπὸ
2879 1349 3166 1423 προσώπου
3214 1351 3385 1422 πυρὸς
3429 1350 3676 1421 τήκεται,
3721 1349 3822 1403 καὶ

2249 1445 2579 1500 κατακαύσει
2609 1444 2720 1517 πῦρ
2738 1445 2865 1506 τοὺς
2890 1441 3258 1508 ὑπεναντίους,
3287 1440 3382 1495 καὶ
3408 1441 3637 1513 φανερὸν
3660 1441 3822 1494 ἔσται

2247 1538 2308 1592 τὸ
2336 1537 2506 1608 ὄνομά
2538 1554 2631 1590 σου
2667 1538 2780 1600 τοῖς
2817 1534 3172 1600 ὑπεναντίοις.
3219 1533 3351 1588 Ἀπὸ
3394 1533 3684 1605 προσώπου
3721 1549 3819 1585 σου

2249 1626 2376 1700 ἐθνη
2397 1627 2849 1700 ταραχθήσονται.
2883 1645 2902 1678 ι
2924 1628 3036 1680 Kal
3067 1627 3171 1698 μὴν
3197 1645 3216 1678 ι
3241 1625 3374 1679 Θεὸν
3402 1625 3573 1689 οὐδεὶς
3598 1623 3819 1696 ἑώρακε

579 1735 654 1790 et,
696 1744 714 1776 ι
750 1723 916 1779 Nemo
948 1725 1150 1779 videbit
1179 1724 1368 1778 faciem
1400 1737 1596 1788 meam,
1618 1731 1672 1776 et
1706 1723 1850 1777 vivet
1873 1723 1942 1776 ".
1982 1740 2002 1775 ι
2039 1721 2143 1776 Sed

2249 1721 2487 1784 πώποτε,
2529 1740 2547 1772 ι
2585 1723 2699 1786 ml,
2739 1737 2757 1772 t
2801 1722 2989 1786 Οὐδεὶς
3021 1718 3210 1790 ὄψεταί
3251 1736 3352 1790 μου
3396 1717 3457 1772 τὸ
3499 1717 3820 1789 πρόσωπονι

578 1815 663 1869 his
697 1815 910 1868 videtur
939 1816 1100 1869 Deum
1127 1815 1492 1879 subindicare,
1521 1814 1613 1884 qui
1645 1814 1700 1867 in
1729 1813 1948 1867 deserto
1974 1811 2144 1884 Moysi

577 1908 796 1962 oracula
837 1907 1008 1970 dedit,
1034 1915 1088 1960 et
1119 1907 1207 1975 qui
1237 1906 1305 1960 ab
1345 1906 1491 1960 omni
1535 1905 1730 1975 populo
1755 1905 1902 1962 visus
1938 1914 2019 1959 est
2051 1920 2147 1974 per

578 2000 806 2068 gloriam
857 1998 1109 2052 omnibus
1144 2006 1513 2066 apparentem,
1548 1997 1614 2051 de
1656 2011 1764 2066 qua
1798 1998 1998 2053 dictqu
2027 2005 2142 2052 est:

584 2109 604 2142 ι
636 2091 705 2146 Ει
731 2088 862 2145 vidit
887 2088 1067 2144 omnis
1099 2088 1330 2160 populus
1357 2087 1583 2161 gloriam
1612 2087 1823 2144 Domini
1854 2089 1923 2143 ³⁷.
1959 2107 1979 2141 ι

650 2262 811 2318 Vens.
840 2263 956 2317 4-6.
1000 2281 1021 2316 ι
1052 2263 1185 2318 Cum
1226 2263 1420 2320 feceris
1444 2264 1704 2335 gloriosa,
1731 2273 1936 2320 tremor
1962 2263 2035 2318 tui
2061 2263 2145 2318 iu-

577 2353 737 2408 vadet
765 2363 994 2410 montes.
1021 2354 1064 2408 Α
1093 2344 1290 2410 saeculo
1317 2371 1421 2411 non
1444 2356 1770 2420 audivimus,
1801 2371 1975 2426 neque
2000 2356 2140 2412 oculi

579 2444 748 2499 nostri
777 2444 1025 2500 viderunt
1049 2445 1236 2511 Deum,
1265 2455 1459 2516 praeter
1496 2454 1569 2510 te,
1596 2455 1650 2500 et
1684 2461 1844 2516 opera
1873 2456 1995 2512 tua,
2025 2463 2144 2518 quze

578 2536 747 2590 facies
773 2537 1211 2605 exspectantibus
1240 2537 1686 2593 misericordiam.
1713 2537 1971 2594 Occurret
1997 2529 2141 2593 enim

579 2627 646 2681 iis
693 2626 784 2695 qui
834 2625 1040 2681 faciunt
1077 2625 1365 2696 justitiam,
1391 2636 1446 2682 et
1471 2627 1677 2682 viarum
1726 2636 1937 2682 tuarum
1965 2643 2142 2684 recor-

579 2717 872 2773 dabuntur.
904 2719 1042 2773 Ecce
1093 2727 1146 2772 tu
1195 2719 1365 2773 iratus
1411 2733 1504 2783 es,
1541 2728 1596 2774 et
1639 2734 1740 2774 nos
1779 2719 2140 2789 peccavimus.

579 2807 784 2863 Idcirco
813 2809 1146 2875 erravimus,
1188 2819 1242 2864 et
1272 2809 1401 2864 facti
1454 2823 1638 2864 sumus
1683 2810 1839 2880 quasi
1884 2809 2142 2864 immundi

579 2913 766 2954 omnes
797 2915 932 2955 nos:
967 2909 1226 2970 tanquam
1263 2914 1474 2969 pannus
1517 2901 1756 2956 sedentis
1781 2901 1956 2956 omnis
1983 2900 2144 2970 justi-

581 2989 656 3041 tia
680 3000 886 3045 nostra.
921 3009 941 3042 ι
975 2991 1126 3058 Quod
1152 2991 1195 3046 si
1227 3007 1331 3060 qua
1363 2991 1501 3060 apud
1532 3007 1629 3045 nos
1675 2991 1900 3062 reperiri
1927 3001 2141 3061 putetur

2246 1816 2341 1870 καὶ
2367 1814 2587 1885 ζήσεται
2608 1830 2622 1845 ο
2665 1833 2683 1865 ι
2713 1813 2826 1866 ἀλλ’
2861 1812 3004 1866 ἐοικε
3030 1811 3118 1866 τὸν
3145 1809 3276 1864 Θεὸν
3302 1809 3390 1863 διὰ
3417 1808 3620 1862 τούτων
3647 1808 3822 1862 αἰνίτ-

2245 1906 2431 1962 τεσθαι
2453 1906 2543 1958 τὸν
2570 1905 2666 1959 καὶ
2692 1905 2788 1958 ἐπὶ
2805 1905 2901 1976 τῆς
2923 1905 3126 1976 ἐρήμου
3157 1901 3568 1974 χρηματίσαντα
3585 1899 3822 1969 Μωῦσῆ,

2243 1997 2324 2068 τῷ
2358 2014 2417 2050 τε
2457 1997 2618 2050 παντὶ
2653 1995 2765 2066 λαῷ
2805 1993 3101 2066 ἑωραμένῳ
3139 1992 3230 2046 διὰ
3272 1991 3370 2062 τῆς
3413 1987 3827 2061 ἐμφαινομένης

2243 2091 2356 2153 τοῖς
2402 2090 2535 2142 πᾶσι
2562 2087 2721 2160 δόξης
2754 2087 2881 2159 περὶ
2909 2080 2976 2156 ἧς
3004 2085 3245 2156 εἴρηταν
3280 2101 3301 2136 ι
3326 2081 3436 2136 Kal
3478 2080 3624 2153 ἐώρα
3657 2082 3767 2144 πᾶς
3791 2081 3826 2134 ὁ

2244 2181 2372 2245 λαὸς
2401 2181 2500 2252 τὴν
2530 2181 2684 2245 δόξαν
2728 2179 2952 2251 Κυρίου.
2986 2195 3005 2230 ι

2322 2291 2341 2324 ι
2377 2273 2545 2327 Ὅταν
2578 2274 2736 2344 ποιῇς
2765 2271 2834 2324 τὰ
2865 2268 3072 2332 ἔνδοξα,
3097 2267 3299 2339 τρόμος
3329 2265 3557 2337 λήψεται
3585 2263 3693 2318 ἀπὸ
3724 2262 3835 2316 σοῦ-

2242 2362 2366 2434 6ρη.
2409 2361 2542 2415 Ἀπὸ
2581 2361 2670 2415 τοῦ
2698 2362 2890 2424 αἰῶνος
2911 2360 3010 2431 οὐκ
3037 2357 3370 2428 ἠκούσαμεν,
3405 2357 3527 2410 οὐδὲ
3551 2353 3824 2425 ὀφθαλμοὶ

2241 2453 2400 2526 ἡμῶν
2422 2449 2558 2507 εἶδον
2584 2452 2714 2506 Θεὸν
2756 2452 2895 2524 πλήν
2923 2469 3036 2518 σου,
3073 2451 3168 2505 καὶ
3201 2449 3269 2504 τὰ
3299 2449 3435 2521 ἔργα
3477 2465 3590 2512 σου,
3627 2447 3663 2501 ἃ
3700 2463 3826 2499 ποι⁵

2244 2545 2397 2616 ήσεις
2430 2547 2541 2609 τοῖς
2571 2543 2930 2614 ὑπομένουσιν
2955 2543 3119 2596 ἔλεον.
3146 2541 3539 2611 Συναντήσεται
3571 2538 3679 2610 γὰρ
3705 2541 3823 2602 τοῖς

2243 2635 2454 2690 ποιοῦσι
2477 2635 2538 2689 τὸ
2561 2634 2787 2699 δίκαιον,
2821 2634 2915 2687 καὶ
2947 2633 3054 2687 τῶν
3093 2632 3227 2686 ὁδῶν
3271 2649 3363 2686 σου
3400 2631 3822 2702 μνησθήσονταοω

2256 2727 2385 2780 Ἰδοὺ
2421 2727 2484 2780 σὺ
2509 2725 2806 2799 ὠργίσθης,
2844 2725 2938 2778 καὶ
2969 2725 3128 2795 ἡμεῖς
3159 2723 3493 2794 ἡμάρτομεν.
3527 2719 3627 2773 Διὰ
3660 2719 3826 2774 τοῦτο

2243 2818 2625 2891 ἐπλανήθημεν
2655 2819 2748 2873 καὶ
2797 2817 3130 2890 ἐγενήθημεν
3170 2815 3245 2880 ὡς
3277 2813 3575 2886 ἀκάθαρτοι
3619 2813 3824 2876 πάντες

2244 2908 2429 2978 ἡμεῖς·
2461 2907 2537 2971 ὡς
2580 2907 2744 2977 ῥάκος
2784 2906 3207 2977 άποκαθημένης
3243 2905 3394 2957 πᾶσα
3436 2905 3471 2974 ἡ
3506 2901 3822 2971 δικαιοσύνη

2243 2996 2420 3068 ἡμῶν.
2473 3015 2492 3048 ι
2526 2997 2591 3050 El
2619 2997 2676 3050 δέ
2707 2996 2798 3050 καί
2824 3013 2910 3060 τις
2933 2999 2990 3049 ἐν
3029 2996 3160 3066 ἡμῖν
3187 2990 3444 3062 ἐνομίσθη
3471 2988 3823 3062 εὑρίσκεσθαι

575 3078 784 3149 iustitia
820 3081 1068 3151 actioque
1100 3082 1289 3151 proba,
1324 3096 1388 3137 ea
1435 3083 1684 3140 sordibus
1721 3084 1876 3154 plena
1901 3093 1956 3140 et
1984 3084 2139 3142 inde—

2242 3087 2552 3160 δικαιοσύνη
2585 3089 2679 3142 καὶ
2705 3087 2901 3160 πρᾶξις
2931 3085 3134 3151 δικαία,
3161 3083 3524 3158 ἐῤῥυπωμένη
3555 3083 3648 3137 καὶ
3679 3083 3823 3154 αὑτὴ

579 3187 704 3227 cora
741 3188 864 3228 esse
893 3173 1332 3244 deprehenditur.

605 3315 608 3318 .
658 3266 816 3320 Vens.
860 3266 1014 3320 7-12.
1049 3285 1069 3316 σ
1102 3266 1168 3320 Ει
1199 3267 1516 3324 defluximus
1555 3267 1708 3337 quasi
1751 3267 1876 3324 folia
1927 3277 2144 3340 propter

579 3359 893 3431 iniquitates
930 3368 1174 3414 nostras:
1202 3360 1283 3415 sic
1314 3371 1508 3417 ventus
1543 3360 1751 3416 auferet
1797 3375 1928 3424 nos,
1953 3373 2008 3417 et
2037 3377 2142 3417 non

579 3464 664 3509 est
699 3454 787 3521 qui
828 3449 1039 3508 invoeet
1085 3465 1278 3506 nomen
1325 3461 1510 3518 tuum,
1561 3467 1661 3508 nec
1693 3453 1783 3522 qui
1835 3454 2172 3509 recordatus.

579 3544 950 3613 apprehendat
980 3554 1071 3601 te:
1107 3542 1361 3614 quoniam
1401 3543 1642 3600 avertisti
1694 3545 1890 3600 faciem
1939 3553 2084 3599 tuam
2110 3560 2141 3600 a

581 3637 759 3701 nobis,
791 3647 846 3689 et
890 3637 1154 3691 tradidisti
1186 3653 1282 3692 nos
1312 3647 1536 3708 propter
1566 3636 1878 3708 iniquitates
1905 3646 2138 3695 nostras.

579 3725 650 3782 Et
670 3742 829 3792 nunc,
863 3727 1106 3793 Domine,
1138 3727 1299 3784 Pater
1337 3739 1521 3785 noster
1553 3739 1635 3795 tu,
1663 3746 1762 3787 nos
1784 3746 1916 3787 vero
1946 3732 2139 3796 lutum,

578 3834 714 3888 opus
761 3833 1013 3874 manuum
1049 3828 1261 3875 tuarum
1308 3835 1518 3886 omnes,
1567 3838 1635 3876 ue
1685 3823 1938 3877 irascaris
1988 3821 2142 3878 nobis

579 3911 756 3974 valde,
809 3924 983 3978 neque
1035 3911 1088 3964 in
1141 3919 1384 3980 tempore
1440 3913 1751 3968 memineris
1786 3913 2133 3983 iniquitatem

583 4009 912 4054 nostrarum.
944 4000 1008 4054 Et
1043 4017 1188 4056 nunc
1216 4002 1450 4064 intuere,
1487 4003 1732 4070 Domine,
1763 4005 2017 4071 quoniam
2043 4019 2143 4075 po-

582 4090 738 4160 pulos
767 4101 888 4144 tuus
929 4105 1118 4146 omnes
1150 4106 1267 4147 nos.
1299 4093 1502 4147 Civitas
1545 4094 1718 4148 sancti
1756 4094 1829 4148 tui
1875 4093 2016 4149 facta
2060 4103 2143 4151 est

584 4182 791 4236 deserta
822 4180 950 4234 Siou
985 4200 1000 4235 :
1037 4191 1096 4236 ut
1127 4182 1400 4237 desertum
1428 4183 1568 4237 facta
1596 4192 1682 4238 est
1706 4183 2028 4247 Jerusalem,
2086 4185 2139 4239 in

583 4273 1018 4328 maledicti‘onem
1055 4277 1266 4337 domus,
1302 4283 1547 4327 sanctqu
1581 4283 1850 4338 nostrum,
1890 4282 1944 4326 et
1971 4273 2138 4342 gloria

581 4365 666 4418 cui
696 4365 1087 4419 benedixerunt
1116 4375 1296 4435 patres
1325 4364 1518 4428 nostri,
1545 4366 1668 4433 igne
1693 4363 1993 4429 combusta,
2023 4379 2140 4418 om-

493 4481 504 4487 -
582 4457 779 4524 niaqne
810 4456 1041 4525 gloriosa
1067 4465 1252 4510 nostra
1281 4455 1654 4510 conciderunt.
1684 4456 1860 4525 Atque
1884 4455 1938 4510 in
1971 4455 2138 4510 omni-

580 4546 682 4602 bus
719 4547 836 4601 i5tis
865 4547 1193 4615 sustinuisti,
1229 4546 1476 4612 Domine,
1507 4555 1564 4601 et
1613 4547 1847 4613 tacuisti,
1876 4556 1932 4602 et
1964 4546 2143 4603 humi-

582 4637 729 4692 liasti
761 4653 859 4692 nos
890 4638 1067 4692 valde.
1101 4655 1121 4689 ι

1139 4726 1369 4783 CAPUT
1403 4727 1567 4782 LXV.

651 4817 812 4873 Vens.
855 4819 965 4874 1-3.
1006 4837 1025 4871 ι
1057 4821 1292 4891 Apparui
1324 4836 1428 4875 non
1462 4820 1775 4891 rogantibus
1798 4835 1880 4875 me
1908 4837 1922 4874 :
1951 4821 2139 4877 inven-

579 4916 666 4965 tus
691 4925 809 4963 sum
837 4910 997 4965 abiis
1025 4911 1119 4980 qui
1164 4927 1249 4966 me
1299 4929 1404 4966 non
1437 4911 1770 4982 quierehant.
1808 4911 1925 4966 Dixi
1959 4927 1973 4964 :
2002 4913 2140 4968 Ecce

579 5003 792 5064 adsum,
825 5003 970 5070 genti
1020 5017 1143 5070 qua:
1196 5018 1302 5057 non
1361 5003 1638 5057 invocavit
1684 5017 1880 5058 nomen
1935 5017 2134 5058 meum.

582 5089 823 5156 Expandi
857 5106 1048 5145 manus
1088 5105 1236 5146 meas
1262 5100 1372 5146 tota
1407 5091 1491 5146 die
1517 5093 1582 5144 ad
1612 5092 1862 5160 populum
1893 5106 1998 5146 non
2036 5090 2137 5145 ob-

580 5187 992 5248 temperantem,
1020 5187 1071 5234 et
1118 5181 1605 5247 contradicentem,
1642 5181 1744 5246 iis,
1779 5180 1869 5250 qui
1898 5180 2140 5234 ambula-

581 5270 711 5324 bant
737 5268 790 5322 in
816 5269 899 5324 via
933 5286 1036 5324 non
1065 5271 1223 5338 bona,
1255 5273 1347 5327 sed
1372 5282 1493 5342 post
1512 5281 1732 5343 peccata
1758 5287 1876 5326 sua.
1906 5271 2140 5341 Papulas

582 5357 692 5420 hic,
719 5357 810 5425 qui
837 5360 1128 5414 exacerbat
1160 5375 1267 5426 tne,
1314 5361 1369 5414 in
1399 5371 1692 5430 conspectu
1728 5376 1846 5416 meo
1876 5375 2088 5429 semper
2119 5377 2135 5414 :

584 5447 685 5517 ipsi
717 5447 994 5504 immolant
1025 5450 1081 5504 in
1116 5449 1313 5516 hortis,
1342 5460 1398 5507 et
1425 5451 1642 5507 adolent
1673 5451 1951 5508 incensum
1977 5467 2142 5522 super

661 5624 884 5683 1"hloau.
917 5642 956 5694 ι,
994 5627 1080 5685 18.

2243 3179 2337 3235 καὶ
2358 3181 2550 3251 ἄτιμος
2578 3180 2917 3252 ἐλήλεγκται.

2316 3287 2337 3322 ι
2367 3270 2478 3325 Kal
2500 3269 2838 3342 ἐξερρύημεν
2857 3269 2932 3333 ὡς
2959 3268 3133 3339 φύλλα
3155 3268 3244 3322 διὰ
3261 3267 3362 3332 τὰς
3386 3267 3614 3339 ἀνομίας
3628 3267 3816 3338 ,ἡμῶν

2239 3360 2414 3424 οὕτως
2451 3361 2651 3432 ἄνεμος
2682 3361 2818 3414 οἴσει
2849 3363 3025 3431 ἡμᾶς’
3063 3361 3156 3414 καὶ
3177 3348 3451 3414 οὐκέστιν
3477 3360 3506 3411 ὁ
3531 3356 3824 3412 ἐπικαλούο

2243 3468 2405 3523 μενος
2433 3452 2495 3505 τὸ
2515 3451 2686 3522 ὄνομά
2706 3468 2820 3518 σου,
2842 3452 2937 3506 καὶ
2956 3455 2986 3506 ὁ
3014 3451 3270 3524 μνησθεὶς
3292 3451 3670 3507 ἀντιλαϐέσθαι
3697 3467 3819 3505 σου·

2238 3545 2320 3598 ὅτι
2350 3542 2696 3614 ἀπέστρεψας
2717 3543 2777 3597 τὸ
2802 3544 3086 3615 πρόσωπόν
3110 3560 3203 3597 σου
3230 3544 3323 3614 ἀφ’
3347 3542 3524 3617 ἡμῶν,
3558 3542 3652 3597 καὶ
3680 3559 3825 3614 παρ-

2239 3635 2446 3701 έδωκας
2493 3637 2638 3706 ἡμᾶς
2685 3633 2772 3687 διὰ
2825 3635 2925 3698 τὰς
2973 3633 3244 3708 ἁμαρτίας
3301 3634 3479 3706 ἡμῶν.
3536 3633 3657 3687 Καὶ.
3697 3632 3818 3697 νῦν,

2239 3729 2411 3799 Κύριε
2434 3767 2450 3792 ,
2477 3727 2665 3799 Πατὴρ
2704 3725 2860 3799 ἡμῶν
2899 3726 2986 3793 σὺ,
3017 3729 3180 3799 ἡμεῖς
3209 3726 3267 3781 δὲ
3308 3726 3497 3798 πηλὸς,
3537 3724 3674 3799 ἔργα
3704 3724 3819 3777 τῶν

2238 3821 2437 3892 χειρῶν
2470 3837 2562 3874 σου
2599 3821 2820 3885 πάντες,
2861 3821 2935 3892 μὴ
2968 3820 3186 3893 ὀργίζου
3217 3820 3350 3892 ἡμῖν
3385 3819 3611 3892 σφόδρα,
3650 3817 3725 3889 μὴ
3758 3819 3814 3872 ἐν

2239 3910 2416 3983 καιρῷ
2449 3909 2695 3982 μνησθῇς
2727 3909 3010 3981 ἁμαρτιῶν
3039 3909 3216 3980 ἡμῶν.
3243 3908 3355 3962 Kal
3378 3908 3473 3962 νῦν
3505 3907 3820 3977 ἐπίσλεψον,

2239 4001 2320 4056 ὅτι
2341 4001 2470 4065 λαός
2497 4018 2587 4054 σου
2614 4000 2812 4065 πάντες
2846 4001 3027 4072 ἡμεῖς.
3063 3999 3224 4063 mat;
3251 3997 3346 4052 τοῦ
3380 3997 3533 4067 ἁγίου
3565 4015 3660 4051 σου
3696 4001 3820 4066 ἐγε-

2238 4095 2372 4166 νήθη
2399 4080 2614 4166 ἕρημος
2645 4093 2803 4159 Σιὼν,
2845 4095 2920 4158 ὡς
2943 4093 3144 4165 ἔρημος
3170 4092 3401 4164 ἐγενήθη
3440 4091 3816 4166 Ἰερουσαλὴμ,

2238 4187 2317 4249 εἰς
2356 4185 2598 4257 κατάραν
2625 4187 2653 4238 ὁ
2683 4182 2860 4249 οἶκος,
2909 4185 2969 4238 τὸ
2996 4185 3150 4254 ἆγιον
3189 4184 3366 4255 ἡμῶν,
3401 4184 3493 4238 καὶ
3525 4185 3558 4254 ή
3586 4183 3711 4248 δόξα
3746 4184 3817 4255 ἢν

2239 4276 2546 4347 ηύλόγησαν
2589 4277 2638 4330 οἱ
2681 4277 2913 4347 πατέρες
2957 4275 3142 4347 ἡμῶν,
3165 4276 3394 4348 ἐγενήθη
3427 4275 3816 4347 πυρίκαυστος,

2241 4367 2336 4418 καὶ
2386 4366 2565 4420 πάντα
2602 4365 2785 4430 ἔνδοξα
2824 4366 2980 4436 ἡμῶν
3043 4366 3323 4421 συνέπεσε.
3381 4367 3491 4420 Kal
3535 4366 3628 4418 ἐπὶ
3677 4367 3818 4419 πᾶσι

2239 4456 2450 4520 τούτοις
2487 4457 2737 4526 άνέσχου,
2787 4456 2980 4527 Κύριε,
3030 4459 3123 4512 καὶ
3153 4457 3488 4530 ἐσιώπησας,
3541 4458 3638 4512 καὶ
3686 4459 3820 4512 ἐτα-

2243 4546 2512 4609 πείνωσας
2551 4546 2699 4616 ἡμᾶς
2727 4543 2952 4616 σφόδρα.
2989 4562 3008 4596 ι

2734 4723 3128 4776 ΚΕΦΑΛΔΙΟΝ
3176 4723 3295 4777 ΞΕ’.

2322 4828 2340 4863 ι
2394 4811 2672 4884 Ἐμφανὴς
2703 4813 2965 4886 ἐγενήθην
2994 4817 3105 4878 τοῖς
3127 4814 3225 4884 ἐμὲ
3254 4813 3328 4886 μὴ
3359 4811 3694 4886 ἐπερωτῶσι,
3717 4813 3812 4866 εὑ-

2247 4900 2410 4973 ρέθην
2454 4907 2566 4967 τοῖς
2604 4904 2706 4975 ἐμὲ
2741 4904 2816 4976 μὴ
2856 4903 3126 4974 ζητοῦσιν.
3171 4901 3345 4958 Εἶπαο
3404 4903 3534 4958 Ἰδού
3582 4905 3815 4976 εἰμι

2245 4991 2407 5056 ἔθνει,
2438 4994 2487 5046 οἳ
2513 4994 2611 5047 οὐκ
2643 4994 2904 5047 ἐκάλεσάν
2934 5012 3033 5066 μου
3056 4995 3115 5049 τὸ
3138 4995 3325 5067 ὄνομα.
3351 4995 3686 5061 Ἐξεπέτασα
3709 4996 3812 5060 τὰς

2244 5083 2432 5156 χεῖράς
2467 5101 2567 5154 μου
2604 5085 2732 5157 ὅλην
2758 5087 2856 5156 τὴν
2889 5086 3099 5158 ἡμέραν
3140 5087 3278 5158 πρὸς
3303 5087 3427 5140 λαὸν
3457 5087 3808 5148 ἀπειθοῦντα,

2241 5178 2336 5230 καὶ
2380 5177 2750 5246 ἀντιλέγοντα,
2791 5177 2919 5241 τοὺς
2953 5178 3348 5250 πορευομένους
3391 5179 3495 5250 6δῷ
3539 5180 3600 5232 οὐ
3642 5179 3809 5251 καλῇ,

2241 5267 2355 5320 ἀλλ’
2382 5267 2556 5322 ὀπίσω
2600 5267 2706 5321 τῶν
2753 5268 3034 5339 ἁμαρτιῶν
3085 5268 3280 5324 αὐτῶν.
3321 5270 3378 5323 '0
3418 5270 3543 5334 λαὸς
3583 5264 3737 5332 οὗτος
3780 5273 3810 5325 ὁ

2242 5360 2558 5431 παροξύνων
2597 5378 2662 5431 με
2693 5361 2931 5414 ἐναντίον
2959 5361 3092 5431 ἐμοῦ
3125 5360 3213 5414 διά
3236 5362 3434 5426 παντός
3457 5379 3472 5395 ·
3516 5363 3671 5418 αὐτοὶ
3715 5361 3810 5415 θυ-

2244 5449 2517 5515 σιάζουσιν
2567 5451 2624 5505 ἐν
2659 5452 2770 5514 τοῖς
2809 5451 3038 5521 κήποις,
3087 5451 3180 5507 καὶ
3229 5450 3494 5522 θυμιῶσιν
3544 5452 3636 5504 ἐπὶ
3687 5454 3810 5515 ταῖς

1192 5628 1238 5661 ⁸⁸
1267 5627 1437 5686 Exod.
1469 5644 1663 5698 χχχιιι,
1697 5628 1789 5688 20.
1866 5631 1908 5662 ’⁷
1941 5628 2096 5688 Num.
2127 5643 2234 5696 xvt,
2275 5629 2356 5685 i9.
