4130 6400
379 258 481 317 599

1330 263 1829 323 COMMENTARIA
1866 265 1935 321 IN
1966 264 2222 325 ISAIAM.
2259 299 2331 312 -—-
2365 269 2523 326 CAP.
2558 267 2726 328 LXV.

3541 278 3651 335 510

378 380 615 444 πλίνθοις
638 382 752 445 τοῖς
777 381 1093 455 δαιμονίοις,
1120 384 1158 440 ἃ
1182 385 1281 440 οὑκ
1305 386 1474 443 ἐστιν.
1513 406 1532 440 ι
1569 387 1640 443 Εἴ
1681 407 1767 455 τις
1816 389 1925 444 θέλε

2030 435 2034 449 .
2065 389 2267 446 lateres
2299 390 2602 458 daemoniis,
2626 406 2746 462 quae
2774 405 2878 447 non
2913 399 3064 449 sunt.
3089 411 3110 448 ι
3133 391 3190 450 Si
3218 392 3360 465 quis,
3385 393 3634 451 veritatis

376 473 660 546 φιλαλήθει
691 474 941 548 λογισμῷ
961 476 1062 549 τὴν
1091 478 1390 553 ἐμὴννόρᾷν
1417 480 1847 554 φιλανθρωπίαν,
1876 483 1960 537 εῦ-

377 582 459 635 ροι
505 565 572 620 ἂν
602 567 870 636 φθάνοντά
905 586 971 640 με
1003 573 1124 634 ταῖς
1172 572 1512 643 εὐεργεσίαις
1555 575 1648 628 καὶ
1681 577 1806 640 τοὺς
1855 593 1958 647 μα-

373 659 512 731 κράν
541 659 862 730 ἀφεστῶτας
889 662 988 732 τῆς
1011 663 1152 734 ἐμῆς
1197 663 1471 733 γνώσεως.
1519 667 1728 722 Λύτίκα
1755 667 1820 740 δὴ
1861 662 1956 724 οῦν

371 753 483 815 τοῖς
526 751 682 814 ἐκτὸς
724 751 1080 824 μηδεπώποτε
1109 755 1418 827 ἐρωτήσασί
1462 774 1528 828 με
1560 757 1779 830 ἐμφανῆ
1821 776 1953 812 κατ-

370 839 578 912 έστησα
629 844 866 914 ἐμαυτὸν
915 845 982 897 δι’
1027 844 1468 916 ὑπερϐάλλουσαν
1508 848 1950 921 φιλανθρωπίαν·

372 935 514 989 ὥστε
549 936 648 1008 ήδη
704 938 830 1002 τοὺς
871 938 1177 1009 ἀλλογενεϊς
1211 943 1306 995 καὶ
1333 941 1667 1011 ἀλλοφύλους.
1688 943 1786 1014 τὴν
1813 943 1951 1016 ἐμὴν

368 1027 570 1097 γνῶσιν
600 1028 966 1100 ἀνειληφέναι,
1001 1033 1202 1105 καίπερ
1226 1034 1393 1106 μηδὲν
1417 1036 1497 1098 είς
1528 1034 1685 1088 τοῦτο
1710 1035 1953 1106 συμϐαλ-

368 1118 645 1192 λομένους.
701 1123 862 1176 Ἀλλά
916 1125 1011 1178 καὶ
1054 1129 1169 1190 τοῖς
1201 1127 1277 1198 μὴ
1330 1125 1602 1198 ζητήσασι
1653 1127 1751 1200 τὴν
1810 1127 1950 1200 ἐμὴν

368 1213 530 1284 χάριν
562 1213 764 1286 ταύτης
792 1215 1097 1287 μετέδωκα,
1135 1218 1347 1287 φθάσας
1373 1235 1432 1272 τε
1472 1218 1570 1283 τὰς
1604 1220 1806 1291 ἐτέρων
1839 1237 1948 1278 πα-

368 1305 694 1376 ρακλήσειςο
728 1307 857 1376 πρὶν
888 1309 982 1362 καὶ
1028 1308 1323 1374 εῦξασθαι,
1364 1311 1494 1382 πρὶν
1545 1310 1638 1364 καὶ
1676 1309 1948 1365 ἱκετεῦσαι

365 1395 583 1462 αὐτοὺς,
607 1393 760 1451 εἷπον
779 1414 796 1428 ’
843 1399 974 1452 Ἰδοὺ
1005 1399 1258 1471 πάρειμι.

441 1504 460 1538 t
502 1487 591 1540 'Ev
620 1489 733 1551 τοῖς
765 1490 1012 1560 μνήμασι
1044 1492 1135 1544 καὶ
1168 1493 1227 1545 ἐν
1246 1493 1358 1555 τοῖς
1392 1493 1678 1565 σπηλαίοις
1702 1493 1942 1564 κοιμῶν-

359 1593 450 1632 ται
480 1577 569 1632 διὰ
593 1579 818 1633 ἐνύπνια
855 1582 907 1634 οἱ
935 1580 1184 1647 ἔσθοντες
1217 1583 1387 1656 κρέας
1425 1585 1597 1651 ῦειον,
1626 1588 1720 1640 καὶ
1761 1586 1943 1656 ζωμὸν

361 1671 584 1737 θυσιῶν,
620 1673 1014 1745 μεμολυμμένα
1058 1676 1234 1729 πάντα
1280 1675 1348 1731 τὰ
1415 1677 1591 1751 σκεύη,
1632 1679 1831 1733 αὑτῶν.
1874 1682 1938 1734 Oi

358 1762 627 1832 λέγοντες,
657 1757 854 1836 Πόρρω
886 1766 982 1819 ἀπ’
1011 1766 1170 1837 ἐμοῦ,
1201 1767 1280 1840 μὴ
1308 1769 1533 1841 ἐγγίσης
1566 1788 1677 1841 μοι,
1711 1772 1792 1824 ὅτι
1832 1788 1935 1825 κα-

357 1855 523 1929 θαρός
549 1852 686 1928 ἒίμι.
703 1850 870 1920 Οὗτος
890 1859 1095 1924 καπνὸς
1119 1859 1214 1914 τοῦ
1246 1859 1418 1932 θυμοῦ
1439 1879 1558 1933 μου.
1577 1861 1694 1933 Πῦρ
1720 1863 1934 1918 καίεται

355 1951 416 2004 ἐν
449 1949 597 2021 αὑτῷ
654 1951 834 2015 πάσας
871 1950 972 2015 τάς
1025 1952 1258 2025 ἡμέρας.
1309 1953 1439 2007 Ἰδοὺ
1490 1955 1796 2026 γέγραπται
1846 1958 1933 2009 ἐν·

352 2037 549 2094 ώπιόν⁶
571 2057 694 2111 μου·
731 2039 805 2094 Οὐ
857 2043 1120 2113 σιωπήσω
1157 2043 1262 2108 ἓως
1301 2043 1367 2098 ἂν
1404 2044 1668 2099 ἀποδώσω
1715 2047 1793 2110 είς
1843 2047 1932 2101 τὸν

352 2129 554 2184 κόλπον
586 2131 765 2186 αὑτῶν
789 2131 888 2197 τὰς
915 2133 1192 2206 ἁμαρτίας
1219 2135 1400 2190 αὐτῶν
1419 2136 1513 2190 καὶ
1541 2137 1649 2190 τῶν
1681 2137 1931 2209 πατέρων

351 2224 552 2289 αὑτῶν,
601 2222 749 2293 λέγει
782 2225 1010 2297 Κύριος.
1059 2227 1121 2280 Οἳ
1153 2227 1455 2299 ἐθυμίασαν
1481 2229 1573 2283 ἐπὶ
1603 2229 1711 2282 τῶν
1761 2232 1931 2303 ὀρέων

351 2315 449 2369 καὶ
482 2316 573 2369 ἐπὶ
598 2315 706 2369 τῶν
736 2317 940 2388 βουνῶν
975 2318 1256 2374 ώνείδισάν
1286 2338 1375 2392 με,
1409 2319 1672 2374 ἀποδώσω
1701 2321 1768 2376 τά
1792 2323 1929 2396 ἔργα

347 2407 529 2462 αὐτῶν
568 2409 650 2472 είς
693 2409 785 2463 τὸν
823 2410 1022 2464 κόλπον
1054 2411 1254 2466 αὑτῶν.
1286 2412 1474 2477 Οῦτως
1516 2413 1662 2483 λέγει
1701 2415 1923 2486 Κύριος⁸

352 2499 453 2554 ’ον
480 2500 681 2572 τρόπον
715 2501 1068 2575 εὑρεθήσεται
1110 2504 1139 2556 ό
1178 2502 1290 2577 ρὼξ
1344 2507 1401 2559 ἐν
1448 2505 1525 2577 τῷ
1580 2505 1784 2578 βότρυῖ,
1831 2508 1926 2562 καὶ

345 2589 532 2660 ἐροῦσι
552 2609 565 2621 ·
593 2594 684 2663 Μὴ
711 2593 925 2668 λυμήνῃ
943 2595 1126 2660 αὑτὸν,
1143 2597 1224 2649 ὅτι
1250 2595 1467 2666 εὐλογία
1489 2599 1637 2652 ἐστὶν
1667 2601 1725 2652 ἐν
1753 2600 1920 2672 αὐτῷ’

343 2683 518 2748 οὕτως
547 2687 759 2756 ποιήσω
783 2686 966 2740 ἕνεκεν
993 2687 1086 2741 τοῦ
1124 2687 1465 2753 δουλεύοντάς
1493 2708 1602 2761 μοι.
1646 2710 1664 2742 ι
1705 2691 1844 2744 Ἀλλ’
1874 2692 1929 2745 εί

343 2775 448 2831 πού
483 2793 563 2840 τις
611 2777 762 2841 ἐντὸς
806 2778 985 2832 αὐτῶν
1028 2779 1301 2851 εὑρεθείη,
1347 2782 1423 2846 ὡς
1470 2783 1526 2835 ἐν
1563 2781 1750 2854 βότρυῖ
1784 2780 1922 2856 ξηρᾷ

342 2867 502 2940 ὑγιὴς
550 2870 641 2922 καὶ
682 2871 996 2941 ἐρρωμένος
1036 2869 1167 2941 ρὼξ,
1193 2873 1252 2925 οὑ
1279 2873 1615 2927 διαπεσεῖται
1640 2877 1770 2947 παρ’
1798 2878 1919 2948 ἐμοὶ

341 2959 421 3030 τῷ
453 2963 636 3032 κριτῇ,
667 2961 788 3014 οὑδέ
817 2951 1197 3017 συναπολείται
1239 2968 1352 3029 τοῖς
1387 2965 1796 3038 ἀπολλυμένοις,
1829 2967 1915 3022 διὰ

2063 482 2243 538 studio
2265 491 2471 548 motus,
2502 498 2679 538 meam
2709 499 2836 556 erga
2861 485 3109 541 homines
3137 485 3480 541 clementiam
3515 501 3645 557 per-

2060 573 2295 642 pendere
2335 574 2486 643 velit,
2515 577 2561 630 is
2589 575 2830 632 inveniet
2859 593 2944 633 me
2977 593 3189 650 semper
3224 580 3313 635 vel
3334 596 3452 650 eos,
3477 581 3576 652 qui
3605 596 3637 636 a

2057 663 2364 733 cognitione
2393 681 2513 720 mea
2543 667 2731 736 procul
2760 671 2950 725 remoti
2979 681 3161 736 erant,
3186 671 3462 727 beneﬂciis
3491 687 3636 740 pra:-

2057 756 2291 810 venisse.
2345 755 2411 812 Et
2458 772 2588 814 vero
2619 763 2914 828 extraneis,
2969 763 3062 830 qui
3098 779 3184 819 me
3237 779 3510 834 nunquam
3552 765 3636 818 in-

2058 852 2472 914 terrogaveram
2510 889 2526 914 ,
2583 848 2652 902 ob
2707 849 2812 904 vim
2875 851 3104 908 allectus
3163 853 3291 919 mei,
3347 853 3634 909 manifeste

2053 937 2300 1004 apparni,
2339 938 2410 992 ita
2437 947 2495 992 ut
2528 939 2644 1009 jam
2689 942 3009 1014 alienigenae
3061 954 3116 999 et
3148 945 3420 1017 peregrini
3456 949 3634 1012 cogni-

2054 1028 2253 1082 tionem
2290 1030 2392 1084 mei
2445 1032 2681 1086 assecuti
2726 1033 2875 1102 sint;
2915 1037 3014 1090 etsi
3046 1036 3120 1090 illi
3152 1035 3352 1090 nullam
3407 1052 3631 1107 operam

2051 1135 2113 1174 ea
2144 1121 2196 1174 in
2232 1136 2289 1175 re
2316 1121 2584 1178 dederint.
2616 1124 2727 1180 lmo
2755 1126 2917 1180 etiam
2957 1128 3045 1192 iis,
3071 1129 3160 1197 qui
3194 1129 3422 1198 gratiam
3451 1145 3629 1186 meam

2051 1226 2159 1266 non
2217 1215 2556 1280 quaerebant,
2593 1231 2785 1285 preces
2820 1233 3013 1272 eorum
3067 1229 3396 1287 praevertens
3452 1221 3624 1291 ipsam

2051 1300 2249 1355 tradidi
2285 1319 2298 1356 :
2336 1303 2652 1374 priusquam
2687 1317 2962 1377 rogarent,
3003 1308 3322 1379 priusquam
3353 1311 3625 1383 supplica-

2048 1401 2192 1455 rent,
2221 1393 2355 1458 dixi,
2380 1394 2520 1450 Ecce
2554 1397 2766 1450 adsum.

2121 1484 2279 1538 Vens.
2312 1485 2429 1541 4-8.
2451 1505 2470 1538 r
2497 1488 2552 1541 In
2589 1490 2853 1560 sepulcris
2874 1500 2932 1547 et
2962 1493 3019 1548 in
3050 1494 3324 1565 speluncis
3346 1485 3654 1552 dormiunt'

2047 1584 2265 1642 propter
2289 1578 2526 1643 somnia,
2567 1580 2656 1648 qui
2707 1583 2999 1638 comedunt
3035 1599 3253 1642 carnem
3301 1587 3533 1654 suillam,
3567 1597 3624 1644 et

2040 1666 2129 1735 jus
2173 1667 2494 1735 hosriarum,
2533 1671 2760 1739 profana
2802 1688 2928 1728 vasa
2956 1675 3139 1730 omnia
3185 1692 3391 1733 eorum.
3421 1679 3624 1746 Quidi-

2043 1769 2190 1824 cunt,
2227 1761 2410 1831 Longe
2445 1777 2473 1816 a
2507 1777 2611 1826 me,
2641 1777 2709 1817 ne
2735 1765 3139 1835 appropinques
3174 1769 3334 1836 mihi,
3362 1771 3618 1840 quoniam

2039 1853 2268 1906 mundus
2292 1869 2432 1907 sum.
2460 1853 2565 1909 Iste
2596 1865 2679 1910 est
2707 1855 2884 1912 fumus
2920 1858 3119 1914 furoris
3146 1861 3272 1916 mei.
3301 1859 3444 1932 lgnis
3466 1865 3621 1917 ardet

2037 1939 2089 1994 in
2123 1955 2187 1996 eo
2214 1944 2431 1998 cunctis
2449 1943 2659 1999 diebus.
2689 1945 2828 2001 Ecce
2845 1948 3103 2018 scriptum
3134 1961 3214 2005 est
3248 1952 3300 2005 in
3325 1965 3616 2022 conspectu

2035 2048 2197 2088 meo:
2236 2033 2349 2090 Non
2393 2038 2581 2093 tacebo
2645 2039 2818 2094 donec
2850 2041 3071 2096 reddam
3126 2042 3179 2097 in
3205 2044 3379 2098 sinum
3425 2061 3614 2100 eorum

2033 2135 2255 2194 peccata
2290 2127 2528 2197 ipsorum
2561 2138 2616 2184 et
2660 2139 2873 2200 patrum
2902 2147 3148 2198 suorum,
3178 2135 3307 2189 dicit
3333 2136 3612 2194 Dominus.

2032 2214 2132 2282 Qui
2161 2217 2516 2273 adoleverunt
2541 2219 2822 2275 incensum
2873 2237 3033 2292 supra
3083 2235 3295 2280 montes
3353 2238 3408 2282 et
3450 2244 3613 2300 supra

2031 2307 2196 2362 colles
2213 2308 2842 2378 exprobraveruntmihi,
2864 2315 3155 2369 retribuam
3175 2332 3334 2386 opera
3354 2334 3540 2374 eorum
3556 2322 3612 2378 in

2028 2398 2203 2454 sirmm
2217 2415 2424 2455 eorum.
2442 2401 2534 2456 Sic
2545 2403 2676 2458 dicit
2689 2403 2947 2461 Dominus
2961 2424 2974 2460 :
2989 2405 3447 2472 Quemadmodum
3463 2411 3616 2468 inve-

2029 2490 2206 2544 nietur
2223 2491 2408 2546 acinus
2423 2491 2474 2547 in
2505 2495 2682 2559 botro,
2700 2496 2945 2551 etdicent
2964 2515 2977 2551 :
2999 2497 3076 2551 Ne
3086 2499 3279 2564 perdas
3294 2499 3462 2566 illum,
3484 2504 3610 2571 quia

2025 2582 2332 2639 benedictio
2358 2593 2441 2639 est
2469 2586 2522 2639 in
2546 2585 2637 2640 illo
2674 2604 2688 2652 ;
2720 2588 2797 2642 sic
2820 2587 3012 2643 faciam
3039 2602 3256 2660 propter
3279 2594 3606 2649 servientem

2025 2671 2180 2726 mihi.
2214 2691 2234 2724 ι
2273 2673 2379 2728 Sed
2422 2674 2466 2729 si
2501 2675 2621 2744 quis
2682 2676 2824 2730 inter
2869 2692 2964 2733 eos
3005 2680 3329 2748 reperiatur,
3368 2683 3508 2737 sicut
3553 2684 3606 2738 in

2023 2766 2182 2821 botro
2208 2767 2380 2830 arida,
2402 2781 2568 2822 sanus
2596 2767 2920 2838 vividusque
2936 2771 3148 2835 acinus,
3174 2787 3276 2826 non
3295 2774 3451 2828 cadet
3466 2773 3608 2843 apud

2023 2872 2108 2911 me
2139 2857 2398 2928 iudicem,
2450 2874 2630 2929 neque
2665 2877 2787 2916 cum
2831 2864 3188 2932 pereuntibus
3223 2865 3442 2934 peribit,
3478 2866 3607 2934 quia

2024 2949 2424 3006 benedictionis
2459 2953 2740 3022 particeps
2763 2963 2866 3009 est.
2893 2952 3070 3009 Tanto
3094 2964 3272 3010 autem
3315 2957 3606 3026 pretiosior

342 3047 405 3104 τὸ
440 3050 683 3122 μετέχειν
703 3051 866 3104 αὑτὸν
891 3052 1155 3122 εὐλογίας.
1196 3051 1350 3107 Οὕτω
1373 3054 1430 3108 δέ
1461 3055 1612 3110 ἐσται
1635 3059 1664 3110 ό
1694 3057 1806 3128 ρὼξ
1830 3053 1919 3113 οὗ·

2030 3045 2168 3114 apud
2203 3059 2290 3101 me
2317 3044 2423 3100 erit
2457 3045 2547 3101 bic
2587 3048 2798 3111 acinus,
2844 3057 3049 3118 quanto
3098 3049 3298 3104 rarior.
3337 3051 3418 3104 Ad
3459 3049 3604 3105 hunc

339 3155 434 3203 τος
465 3140 643 3210 τίμιος
683 3141 811 3212 παρ’
844 3141 993 3213 ἐμοὶ,
1023 3144 1132 3214 ὅσῳ
1171 3145 1264 3198 καὶ
1300 3144 1542 3209 σπάνιος.
1580 3148 1739 3201 Κατά
1763 3149 1921 3203 τοῦτο

341 3229 401 3284 δέ
432 3230 492 3284 τὸ
521 3232 869 3304 παράδειγμα
890 3234 981 3287 καὶ
1012 3235 1102 3287 ἐπὶ
1120 3233 1216 3287 τοῦ
1246 3235 1446 3299 παντὸς
1474 3235 1660 3302 ἔθνους
1689 3240 1919 3311 ποιήσω,

343 3324 500 3396 εἴπερ
547 3342 630 3388 τις
678 3325 925 3397 εὑρεθείη
963 3326 1055 3379 καὶ
1100 3327 1157 3379 ἐν
1193 3326 1402 3391 τούτοις
1443 3329 1713 3400 σωτηρίας
1748 3318 1919 3396 ἄξιος.

420 3435 438 3466 ι
470 3415 673 3469 Τούτου
700 3416 885 3471 ἕνεκεν
919 3419 976 3471 οὑ
1005 3418 1080 3489 μὴ
1110 3417 1361 3472 ἀπολέσω
1382 3419 1612 3487 πάντας,
1633 3422 1726 3475 καὶ
1747 3421 1921 3491 ἐξάξω

338 3505 401 3559 τὸ
429 3503 487 3583 ἐξ
531 3507 725 3561 Ἰακὼϐ
759 3508 981 3580 σπέρμα
1014 3511 1108 3563 καὶ
1127 3509 1184 3577 ἐξ
1232 3510 1426 3563 Ἰούδα·
1465 3511 1560 3565 καλ⁸
1583 3511 1921 3585 κληρονομή-

339 3615 424 3650 σει
458 3597 516 3651 τδ
563 3599 686 3671 ὅρος
729 3600 790 3653 τὸ
825 3599 978 3670 ἀγιόν
1011 3617 1145 3672 μουο
1177 3603 1270 3655 καὶ
1323 3602 1822 3676 κληρονομήσουσιν
1869 3608 1918 3661 οἱ

337 3689 586 3743 ἐκλεκτοί
631 3709 733 3761 μου
782 3691 876 3744 καὶ
914 3693 964 3744 οἱ
997 3690 1178 3746 δοῦλοί
1215 3711 1340 3764 μου,
1368 3694 1463 3747 καὶ
1499 3696 1918 3766 κατοικήσουσιν

337 3782 474 3836 ἐκεῖ.
517 3803 534 3836 ›
574 3784 646 3837 To
683 3784 888 3855 ἀγαθὸν
937 3788 1032 3840 καὶ
1080 3786 1305 3840 σπάνιον
1357 3789 1610 3859 σπέρμα,
1647 3788 1846 3861 δηλαδὴ
1889 3792 1918 3844 ό

335 3874 694 3941 ἀποστολικὸς
737 3878 894 3950 χορὸς
946 3876 1042 3932 τοῦ
1095 3877 1333 3951 πλήθους
1379 3879 1487 3934 τῶν
1531 3881 1917 3952 ἀπολλυμένων

335 3967 670 4038 ἀφορισθείς.
703 3970 871 4025 Πάλιν
905 3971 1180 4026 κάνταῦθα
1231 3972 1522 4037 ἐκλεκτοὺς
1556 3973 1650 4027 καὶ
1699 3973 1916 4039 δούλους

333 4057 500 4113 αὑτοῦ
537 4061 662 4125 τοὺς
703 4063 1032 4128 ἀποστόλους
1067 4064 1343 4135 σημαίνει,
1394 4065 1589 4130 οἵτινες
1627 4065 1703 4130 ὡς
1741 4066 1916 4138 ρῶγες

333 4148 622 4224 εὕρηνταιο
666 4153 759 4218 οὓς
783 4155 877 4208 καὶ
902 4155 1262 4228 ἐκλεξάμενος
1287 4158 1678 4229 περιφυλάττει
1711 4160 1774 4212 ἐκ
1807 4159 1916 4214 τῶν

330 4243 557 4314 ἑτέρων,
595 4246 688 4298 καὶ
724 4247 946 4319 σπέρμα
970 4249 1122 4316 ἆγιον
1153 4250 1246 4303 καὶ
1278 4249 1530 4304 ἐκλεκτὸν
1555 4250 1856 4322 ὠνόμασεν.

407 4351 426 4384 r
459 4334 566 4387 Kal.
596 4334 810 4389 ἔσονται
839 4339 896 4390 ἐν
917 4337 994 4408 τῷ
1020 4338 1209 4410 δρυμῷ
1231 4339 1488 4406 ἐπαύλεις
1512 4342 1797 4413 ποιμνίων,
1819 4344 1912 4397 καὶ

2023 3136 2182 3207 plane
2197 3137 2414 3203 modum
2444 3148 2500 3192 et
2526 3137 2756 3193 formam
2786 3154 2906 3194 cum
2935 3150 3093 3207 gente
3122 3149 3235 3196 tota
3266 3157 3382 3197 rem
3418 3157 3598 3212 agam,

2022 3228 2071 3283 si
2104 3229 2226 3299 quis
2249 3244 2418 3299 penes
2444 3229 2568 3285 illos
2589 3231 2891 3300 reperiatur
2916 3231 3092 3288 salute
3113 3231 3322 3302 dignus.

2091 3407 2255 3464 Vens.
2283 3409 2335 3464 9.
2363 3427 2382 3460 ι
2410 3406 2535 3464 Ideo
2567 3423 2671 3462 non
2713 3408 2936 3478 perdam
2971 3425 3180 3475 omnes,
3207 3417 3263 3464 et
3284 3409 3508 3463 educam
3529 3407 3599 3464 de

2019 3499 2185 3556 Jacob
2207 3516 2412 3564 semen,
2434 3510 2488 3554 et
2513 3501 2578 3556 de
2597 3499 2732 3556 Juda
2756 3519 2770 3556 :
2791 3511 2845 3557 et
2881 3503 3179 3572 possidebit
3203 3510 3438 3556 montem
3463 3515 3597 3554 san-

2020 3603 2165 3647 ctum
2189 3608 2365 3647 meum
2391 3609 2405 3646 :
2434 3602 2488 3647 et
2509 3593 2905 3648 haereditabunt
2923 3594 3079 3650 electi
3102 3594 3207 3649 tnei
3227 3602 3282 3648 et
3303 3593 3444 3647 servi
3467 3592 3596 3656 mei,

2018 3693 2071 3737 et
2099 3682 2420 3738 habitabunt
2451 3683 2546 3738 ibi.
2577 3701 2596 3735 ι
2617 3682 2821 3738 Bonum
2848 3695 2902 3738 et
2936 3697 3115 3738 rarum
3151 3697 3359 3745 semen,
3399 3681 3594 3736 videli-

2019 3785 2104 3830 cet
2145 3775 2475 3846 apostolicus
2506 3776 2741 3842 chorus,
2789 3790 2818 3830 a
2864 3776 3212 3846 pereuntium
3253 3774 3596 3830 multitudine

2019 3877 2415 3939 sequestratus.
2432 3867 2529 3922 llic
2552 3883 2766 3923 rursum
2793 3869 2996 3924 electos
3019 3877 3072 3924 et
3091 3881 3278 3924 servos
3303 3882 3432 3922 suos
3455 3881 3586 3937 apo-

2018 3960 2186 4017 stolos
2207 3970 2390 4028 vocat,
2424 3961 2516 4030 qui
2542 3960 2690 4037 velut
2712 3960 2854 4016 acini
2880 3961 3080 4029 reperti
3110 3968 3262 4024 sunt,
3293 3974 3431 4028 quos
3458 3957 3589 4013 item

2017 4055 2086 4109 ab
2107 4069 2166 4109 se
2187 4053 2389 4109 electos
2406 4069 2473 4108 ex
2501 4053 2624 4108 aliis
2646 4053 2903 4122 servavit,
2936 4060 2994 4108 et
3030 4067 3218 4108 semen
3255 4061 3502 4107 sanctum
3535 4059 3592 4106 et

2015 4130 2247 4204 electum
2289 4147 2522 4203 vocavit.

2085 4327 2253 4384 Vens.
2291 4327 2372 4382 l0.
2407 4345 2428 4380 ‹
2471 4328 2539 4382 Ει
2580 4336 2738 4399 erunt
2772 4327 2824 4382 in
2853 4325 2992 4382 saltu
3037 4325 3206 4381 caulae
3245 4337 3494 4394 gregum,
3531 4327 3587 4375 et
3685 4401 3690 4405 ι

329 4424 551 4497 φάραγξ
594 4425 773 4500 Ἀχὼρ
800 4429 879 4492 είς
898 4429 1202 4483 ἀνάπαυσιν
1229 4429 1520 4501 βουκολίων
1541 4432 1618 4503 τῷ
1635 4432 1749 4504 λαῷ
1781 4451 1903 4504 μου,

2030 4422 2174 4477 vallis
2206 4421 2388 4476 Achor
2426 4423 2477 4474 in
2521 4420 2763 4490 requiem
2803 4429 3175 4474 armentorum
3215 4416 3414 4486 populo
3443 4427 3587 4478 meo,

328 4517 379 4571 οἳ
438 4517 710 4590 ἐζήτησάν
746 4538 832 4592 με.
859 4540 878 4572 ι
922 4519 1139 4592 Δρυμὸν
1187 4522 1243 4576 δέ
1291 4523 1480 4578 εἴωθεν
1529 4527 1562 4596 ή
1609 4525 1800 4599 Γραφὴ
1846 4527 1908 4580 τὸ

327 4609 539 4681 πλῆθος
564 4613 670 4665 τῶν
697 4612 1010 4684 ἀλλοφύλων
1031 4615 1217 4668 καλεῖν
1245 4616 1339 4668 καὶ
1378 4616 1680 4686 ἀλλογενῶν
1702 4618 1871 4674 ἐθνῶν
1889 4636 1903 4650 ⁸

327 4704 386 4757 ἐν
412 4699 494 4768 οἷς
528 4704 783 4770 ἐπαύλεις
822 4706 1088 4776 ποιμνίων
1114 4705 1330 4761 ἔσεσθαι
1359 4707 1640 4775 θεσπίζει,
1683 4709 1780 4775 τάς
1814 4713 1908 4766 ἐκ-

325 4793 556 4866 κλησίας
581 4797 688 4850 τῶν
716 4796 811 4850 τοῦ
859 4797 993 4851 Θεοῦ
1024 4799 1309 4870 προόάτων
1343 4801 1730 4872 αἰνιττόμενος.
1764 4803 1908 4867 Λαὸς

324 4887 382 4941 δέ
403 4891 431 4942 ὁ
463 4887 769 4961 ἐκζητήσας
789 4891 950 4944 αὑτὸν
976 4892 1004 4944 ό
1035 4891 1145 4964 ρὼξ
1172 4887 1240 4964 ἦν
1270 4893 1366 4946 καὶ
1397 4893 1459 4945 τὸ
1473 4893 1729 4966 ἀνωτέρω
1754 4897 1907 4968 είρηοο

331 4978 489 5049 μένον
527 4980 747 5052 σπέρμα
787 4982 837 5034 οἱ
888 4980 1135 5037 ἐκλεκτοὶ
1174 4983 1384 5037 δοῦλοιο
1428 4983 1495 5036 δι’
1525 4977 1600 5038 ὧν
1652 4985 1906 5056 βουκόλια

329 5067 466 5138 βοῶν
509 5071 604 5123 καὶ
655 5072 880 5142 ποίμνια
921 5074 1291 5146 συστήσασθαι
1324 5076 1423 5128 οὑκ
1454 5076 1510 5129 ἐν
1553 5074 1632 5146 τῷ
1672 5075 1907 5148 Ἰσιραὴλ,

327 5161 447 5213 οὐδὲ
468 5163 525 5214 ἐν
556 5165 620 5234 τῇ
663 5165 930 5220 Ἰουδαίων
955 5166 1129 5239 χώρᾳ,
1156 5166 1292 5221 ἀλλὰ
1323 5169 1380 5221 ἐν
1408 5168 1486 5238 τῷ
1515 5168 1704 5242 δρυμῷ
1731 5171 1824 5224 καὶ
1845 5168 1906 5224 ἐν

326 5254 393 5323 τῇ
424 5251 676 5328 λεχθείσῃ
712 5257 954 5328 φάραγγι
999 5258 1176 5332 Ἀχὼρ
1200 5259 1551 5332 προφητεύει.

287 5360 290 5380 ι
403 5363 422 5395 ι
469 5344 657 5416 Ὑμεῖς
704 5346 760 5399 δέ
797 5348 846 5400 οἱ
880 5350 1334 5416 ἐγκαταλιπόντες
1371 5370 1460 5424 με,
1492 5353 1587 5407 καὶ
1619 5352 1906 5408 ἐπιλανθα-

326 5437 539 5508 νόμενοι
572 5441 633 5491 τὸ
668 5439 792 5511 ὅρος
824 5440 883 5493 τὸ
921 5440 1074 5509 ἅγιόν
1109 5461 1238 5513 μου,
1287 5444 1380 5497 καὶ
1417 5445 1794 5516 ἐτοιμάζοντες
1827 5446 1904 5518 τῷ

325 5531 586 5604 δαιμονίῳ
640 5532 959 5604 τράπεζαν,
1013 5535 1108 5587 καὶ
1162 5535 1489 5607 πληροῦντες
1531 5542 1596 5610 τῇ
1637 5538 1775 5611 τύχῃ
1814 5541 1904 5593 κέ-

326 5640 533 5695 ρασμα.
575 5623 716 5694 Ἐγὼ
744 5623 1053 5697 παραδώσω
1083 5627 1226 5699 ὑμᾶς
1258 5633 1337 5694 είς
1363 5631 1668 5704 μάχαιρανο
1705 5633 1905 5696 πάντες

323 5716 382 5770 ἐν
413 5720 594 5789 σφαγῇ
618 5717 868 5772 πεσεῖσθε
891 5735 904 5749 ·
941 5719 1024 5772 ὅτι
1058 5720 1291 5776 ἐκάλεσα
1321 5723 1485 5794 ὑμᾶς,
1531 5727 1624 5780 καὶ
1644 5727 1739 5798 οὐχ
1773 5726 1905 5797 ὑπη-

2016 4517 2108 4587 qui
2134 4516 2461 4587 quasierunt
2486 4529 2591 4568 me.
2624 4533 2642 4566 ι
2664 4513 2816 4568 Solet
2846 4513 3128 4581 Scriptura
3165 4509 3588 4577 alienigenarum

2017 4619 2072 4663 et
2100 4617 2482 4664 extranearum
2507 4607 2744 4679 gentium
2774 4605 3176 4662 multitudinem
3200 4601 3398 4657 saltum
3423 4612 3588 4653 voca-

2017 4717 2095 4767 re,
2133 4702 2184 4756 in
2216 4701 2413 4771 quibus
2453 4700 2638 4755 caulas
2671 4714 2894 4770 gregum
2944 4698 3060 4751 fore
3107 4695 3458 4756 vaticinatur,
3493 4689 3588 4744 Dei

2003 4795 2187 4855 ovium
2228 4793 2486 4850 ecclesias
2535 4793 2904 4847 subindicans.
2947 4789 3183 4856 Pupulus
3215 4801 3344 4841 vero
3373 4785 3464 4855 qui
3494 4799 3589 4838 cx-

2007 4889 2227 4963 quisivit
2251 4903 2396 4950 eum,
2426 4886 2615 4941 acinus
2634 4893 2774 4950 erat,
2815 4893 2871 4938 et
2896 4897 3080 4938 semen
3113 4881 3360 4951 superius
3383 4891 3592 4933 memo-

2011 4992 2186 5038 ratum
2211 5019 2226 5044 ,
2262 4980 2420 5034 electi
2473 4978 2589 5048 ejus
2629 4977 2858 5032 famuli:
2893 4991 3124 5046 quorum
3175 4992 3338 5047 opera
3400 4975 3589 5032 caulas

2007 5075 2169 5129 boum
2208 5079 2261 5125 et
2301 5071 2461 5125 ovilia
2497 5085 2603 5123 non
2631 5069 2684 5123 in
2723 5068 2942 5133 lsraele,
2974 5069 3218 5140 nequein
3252 5067 3457 5133 Iudaea,
3491 5069 3587 5123 sed

2011 5166 2064 5221 in
2091 5165 2228 5221 saltu
2273 5173 2328 5218 et
2374 5164 2424 5216 in
2472 5172 2769 5216 memorata
2807 5160 2946 5216 valle
2988 5161 3170 5216 Achor
3207 5162 3586 5217 constituenda

2009 5274 2132 5315 esse
2161 5257 2509 5326 praanuntiat.

2081 5351 2246 5407 Vens.
2284 5349 2373 5416 ll,
2409 5349 2498 5402 12.
2528 5367 2547 5400 ε
2580 5345 2687 5403 Vos
2713 5357 2920 5414 autem,
2948 5348 3040 5418 qui
3071 5347 3438 5419 dereliquistis
3477 5361 3582 5412 me,

2009 5456 2063 5499 et
2089 5443 2240 5499 obliti
2268 5442 2400 5497 estis
2415 5441 2612 5496 montis
2635 5442 2804 5496 sancti
2831 5442 2957 5505 mei,
2982 5441 3071 5511 qui
3097 5442 3301 5511 paratis
3322 5440 3588 5495 daemonio

2012 5553 2275 5603 mensam,
2312 5549 2365 5592 et
2394 5537 2483 5606 qui
2519 5537 2756 5608 impletis
2790 5538 3016 5593 fortuna:
3048 5537 3301 5592 libamen.
3324 5537 3436 5609 Ego
3477 5546 3585 5590 tra-

2014 5634 2136 5687 dam
2179 5646 2276 5686 vos
2324 5631 2376 5685 in
2414 5629 2650 5701 gladium
2696 5649 2709 5685 :
2751 5645 2941 5686 omnes
2984 5630 3035 5683 in
3085 5629 3230 5685 czmle
3273 5631 3579 5684 corruetis:

2014 5724 2268 5795 quoniam
2292 5724 2476 5780 vocavi
2503 5739 2618 5792 vos,
2646 5733 2825 5782 etnon
2859 5723 3185 5791 audivistis;
3217 5724 3426 5777 locutus
3441 5736 3582 5788 sum,
