4130 6400
543 263 680 321 ’511

1261 263 1532 321 EUSEBII
1570 234 2048 323 CESAntENsts
2085 265 2234 322 OPP.
2275 261 2455 318 PARS
2495 261 2582 318 ill.
2621 291 2691 302 -
2725 258 3134 318 EXEGETICA.

3740 235 3870 314 διε

586 395 639 439 et
671 382 1096 454 Eoiiteinpsistis,
1115 393 1166 437 et
1189 383 1395 439 fecistis
1425 385 1618 440 malum
1639 385 1995 457 inconspectu
2019 403 2158 452 meo,

2264 384 2360 438 κού
2369 399 2495 437 σατε
2509 383 2642 454 (42)·
2660 382 2896 453 ἐλάλησα
2911 381 3004 435 καὶ
3025 377 3432 452 παρηκούσατε,
3449 377 3708 450 καὶέποιή
3717 396 3826 432 σατ

585 489 640 534 et
665 495 786 548 qua:
829 479 1076 532 nolebam
1109 475 1372 546 elegistis.
1413 497 1431 528 ι
1469 479 1734 544 Quoniam
1779 495 1877 550 ego
1915 481 2030 550 ipse
2067 481 2157 547 qui

583 587 679 626 vos
717 571 1002 641 praesentia
1045 583 1161 623 mea
1208 569 1399 638 dignos
1445 569 1645 636 habui,
1699 586 1795 626 vos
1829 570 2038 638 priores
2067 586 2160 639 per

585 665 965 732 inemetipsum
1009 661 1220 726 vocavi,
1273 678 1370 718 vos
1412 674 1593 717 autem
1642 679 1748 717 non
1789 663 2106 719 obedivistis
2143 679 2156 715 :

583 773 746 825 quam
780 757 910 809 item
936 754 1377 812 criminationem
1417 757 1567 824 prius
1597 753 1890 809 ell'erebam
1929 753 2011 809 bis
2043 771 2163 807 ver-

527 894 534 918 ,
583 851 686 915 bis,
721 870 738 900 ι
783 849 918 916 Quia
951 849 1096 914 veni,
1125 859 1182 904 et
1221 865 1330 903 non
1352 859 1470 904 erat
1501 849 1693 914 homo;
1719 849 1931 917 vocavi,
1971 858 2026 902 et
2057 864 2159 902 nou

541 957 547 998 ξ
581 951 700 996 erat
731 944 821 1014 qui
867 942 1103 997 audiret.
1135 961 1154 993 ι
1187 941 1424 997 Rursum
1457 941 1509 996 in
1542 941 1797 1012 populum
1835 941 1972 996 tales
1995 955 2160 994 accu-

495 1021 538 1053 θ’
579 1033 822 1088 sationes
868 1034 1123 1098 instituit,
1159 1032 1360 1086 docens
1396 1046 1492 1094 se,
1533 1040 1716 1101 utpote
1746 1029 1940 1092 Deum,
1972 1029 2064 1098 qui
2096 1029 2162 1082 ad

573 1124 802 1192 iustitia:
828 1124 1081 1179 trutinam
1108 1124 1289 1179 omnia
1337 1121 1524 1188 faciat,
1563 1135 1838 1192 nunquam
1887 1120 2164 1190 neglectu-

583 1231 703 1273 rum
736 1232 832 1272 eos
868 1231 1013 1282 esse,
1051 1218 1144 1287 qui
1177 1216 1280 1270 sibi
1312 1215 1506 1286 quovis
1535 1214 1590 1269 in
1635 1213 1755 1269 loco
1804 1213 2066 1278 serviant,
2097 1228 2162 1268 ex

579 1327 912 1383 quacunque
954 1321 1114 1383 gente
1163 1310 1388 1366 fuerint.
1429 1308 1631 1365 Omnes
1666 1309 1900 1379 quippe,
1933 1309 2025 1378 qui
2061 1307 2162 1362 sibi

582 1405 796 1458 servire
835 1411 1169 1474 proponunt,
1203 1401 1379 1457 salute
1409 1402 1593 1456 donat.
1628 1400 1778 1470 Ipsos
1806 1401 1973 1472 igitur
2011 1399 2164 1454 exci-

582 1497 723 1566 piet,
755 1512 820 1552 ac
854 1497 922 1552 iis
960 1496 1237 1552 cmlestem
1281 1496 1459 1552 cibum
1494 1494 1886 1566 suppeditabit,
1924 1493 2166 1552 salutare

549 1653 552 1658 λ
581 1603 780 1656 nempe
813 1587 1072 1652 Verbum,
1111 1585 1252 1657 quod
1277 1585 1374 1652 ait,
1405 1604 1425 1636 ‹
1468 1585 1581 1653 Ego
1609 1601 1728 1641 sum
1762 1585 1940 1656 panis,
1972 1585 2062 1654 qui
2097 1585 2165 1640 de

583 1680 724 1736 male
754 1681 1008 1735 descendi
1035 1680 1101 1733 ’³.
1135 1700 1153 1732 ι
1191 1679 1257 1734 Ει
1309 1679 1366 1733 lii
1423 1679 1638 1748 quidem
1694 1687 1997 1732 memorato
2027 1693 2165 1746 pane

583 1773 895 1828 nutrientur
924 1781 978 1828 et
1003 1772 1428 1836 saturabuntur;
1463 1786 1560 1826 vos
1595 1779 1799 1834 autem,
1849 1769 2046 1840 inquit,
2074 1771 2165 1839 qui

582 1867 816 1937 gratiam
843 1881 1015 1920 meam
1047 1881 1153 1920 non
1182 1865 1523 1934 suscepistis,
1563 1862 1907 1918 rationabilis
1933 1861 2040 1917 cibi
2068 1876 2165 1932 pe-

583 1959 741 2013 nuria
767 1959 1022 2014 esurietis
1048 1975 1064 2013 :
1095 1958 1334 2027 itemque
1362 1957 1452 2028 qui
1482 1957 1611 2011 mihi
1654 1954 1898 2012 serviunt
1939 1955 2165 2010 immor-

583 2050 710 2105 talis
769 2051 894 2106 vitze
947 2061 1074 2120 potu
1124 2050 1504 2120 replebuntur,
1556 2048 1624 2104 de
1665 2062 1774 2120 quo
1819 2047 2024 2103 dictum
2055 2055 2161 2112 est,

586 2161 607 2195 ι
649 2142 970 2213 Quicunque
1007 2143 1209 2198 biberit
1244 2158 1312 2198 ex
1351 2158 1492 2212 aqua
1535 2156 1698 2212 quam
1741 2155 1841 2207 ego
1883 2141 2021 2196 dabo
2070 2141 2118 2195 ei
2145 2180 2160 2204 ,

581 2233 678 2291 ﬁet
713 2236 766 2290 iu
792 2251 857 2292 co
883 2235 1002 2290 fons
1029 2251 1182 2306 aqua:
1209 2236 1459 2293 salientis
1485 2235 1540 2290 in
1567 2233 1731 2288 vitam
1759 2233 2103 2289 aeternam”.
2139 2255 2158 2285 ι

565 2393 572 2408 ’
650 2416 816 2471 Vens.
852 2417 1036 2474 55—15.
1062 2438 1079 2467 ο
1112 2417 1406 2489 Propterea
1425 2418 1542 2472 haec
1566 2417 1698 2472 dicit
1725 2416 2007 2482 Dominus,
2028 2416 2166 2470 Ecce

578 2507 671 2578 qui
701 2509 945 2564 serviunt
971 2509 1107 2564 mihi
1153 2511 1476 2576 comedent;
1505 2524 1604 2564 vos
1648 2518 1828 2564 autem
1857 2510 2112 2566 esurietis
2147 2524 2160 2560 :

578 2619 705 2658 ecce
721 2605 814 2674 qui
831 2605 1075 2660 serviunt
1095 2606 1227 2660 mihi
1245 2604 1456 2670 bibent,
1471 2617 1568 2660 vos
1585 2614 1764 2660 autem
1786 2603 1987 2658 sitietis
2007 2620 2021 2658 :
2037 2616 2165 2658 ecce

577 2698 670 2767 qui
713 2696 964 2752 serviunt
994 2697 1126 2752 mihi
1165 2697 1513 2762 lmtabuntur,
1536 2711 1633 2750 vos
1649 2706 1830 2752 autem
1865 2695 2164 2751 confunde-

579 2790 714 2844 niini
748 2805 763 2842 :
803 2805 932 2846 ecce
954 2790 1046 2860 qui
1077 2789 1320 2846 serviunt
1343 2789 1476 2844 mihi
1501 2789 1852 2844 exsultabunt
1875 2789 1930 2844 in
1959 2788 2161 2854 latitia,

579 2895 677 2934 vos
699 2887 882 2934 autem
905 2880 1213 2935 clamabitis
1239 2890 1462 2951 propter
1493 2878 1734 2934 dolorem
1765 2881 1948 2936 cordis
1974 2879 2160 2948 vestri,

577 2981 678 3026 eta
702 2973 1030 3028 contritione
1055 2972 1282 3043 spiritus
1303 2971 1474 3028 vestri
1505 2971 1799 3030 ululabilis.
1824 2973 2162 3045 Relinquetis

581 3064 726 3118 enim
764 3079 959 3118 nomen
993 3073 1234 3120 vestrum
1264 3065 1316 3119 in
1361 3065 1709 3120 saturitatem
1754 3065 1944 3122 electis
1982 3067 2156 3135 meis;
2189 3095 2230 3154 ο

577 3168 676 3207 vos
707 3163 890 3208 autem
945 3154 1238 3210 interﬁciet
1285 3154 1596 3212 Dominus:
1644 3151 2012 3212 servientibus
2059 3171 2158 3211 au-

579 3253 690 3298 tem
733 3244 865 3298 mihi
901 3245 1186 3300 vocabitur
1222 3261 1418 3302 nomen
1463 3262 1681 3302 novum.
1724 3267 1744 3301 ι
1785 3248 1940 3315 Quod
1980 3248 2024 3303 si
2057 3264 2158 3304 eu-

577 3333 724 3388 riose
766 3343 987 3404 agentes
1016 3335 1262 3391 ediscere
1292 3336 1526 3406 cupiatis
1565 3338 1787 3407 quinam
1823 3338 1954 3392 mihi
1987 3337 2161 3394 servi-

578 3426 686 3480 turi
715 3427 844 3490 siut,
875 3435 930 3482 et
955 3429 1096 3497 quod
1121 3429 1227 3484 illis
1247 3431 1323 3485 sit
1351 3444 1568 3495 nomen,
1601 3431 1797 3486 scitote
1825 3433 1992 3487 Deum
2027 3447 2162 3487 non—

577 3519 705 3572 dum
733 3521 974 3590 ipsorum
1001 3535 1198 3576 nomen
1226 3521 1406 3591 palam
1447 3519 1643 3578 efferre
1674 3522 1836 3590 velle,
1869 3525 1964 3578 sed
1993 3523 2044 3578 id
2077 3539 2161 3580 so-

576 3609 854 3668 lummodo
903 3613 1238 3682 signiﬁcare,
1285 3613 1428 3683 quod
1482 3629 1662 3683 neque
1711 3615 1881 3670 Israel
1929 3617 2158 3671 vocandi

575 3703 707 3764 sint,
787 3718 963 3773 neque
1031 3703 1244 3770 Jacob,
1301 3720 1475 3772 neque
1535 3703 1748 3772 Judtei,
1797 3721 1972 3778 neque
2056 3709 2162 3763 alio

575 3788 828 3858 quopiam
865 3791 1204 3859 gliominibus
1269 3804 1396 3848 noto
1443 3795 1724 3850 vocabulo.
1758 3796 1964 3852 Novum
2013 3799 2160 3852 enim

577 3881 846 3948 quoddam
869 3897 932 3936 ac
955 3884 1392 3940 recentissimum
1415 3901 1608 3941 nomen
1642 3888 1984 3958 imponetur;
2015 3889 2164 3945 illud-

575 3982 684 4036 que
710 3967 968 4034 insolens,
1001 3985 1066 4024 ac
1105 3987 1379 4042 nunquam
1421 3973 1558 4027 alias
1589 3974 1858 4038 auditum,
1891 3977 2036 4045 quod
2067 3977 2162 4030 be-

577 4055 860 4112 nedicatur
897 4059 947 4113 in
985 4071 1151 4127 terra,
1174 4073 1449 4119 accrescet
1475 4065 1623 4132 item,
1647 4077 1702 4121 et
1723 4066 2163 4138 multiplicabitur

577 4161 686 4216 prae
711 4149 859 4204 omni
900 4153 1168 4220 corporali
1217 4143 1787 4212 benedictioneﬁNam
1822 4159 1866 4214 si
1915 4177 2020 4229 qua
2058 4161 2161 4215 alia

577 4239 838 4308 augendae
865 4243 1196 4299 multitudini
1221 4253 1344 4314 apta
1369 4247 1462 4301 Dei
1491 4248 1798 4304 benedictio
1827 4252 2007 4316 fuerit,
2025 4253 2164 4307 hanc

577 4329 707 4384 item
749 4345 1110 4405 consequetur
1152 4352 1346 4391 nomen
1378 4338 1550 4394 servis
1589 4341 1722 4396 meis
1758 4342 2160 4410 imponendum.

651 4425 818 4481 Vens.
849 4427 937 4492 16,
987 4427 1073 4484 17.
1114 4447 1131 4480 ι
1163 4428 1488 4486 Benedicent
1532 4434 1675 4488 enim
1729 4433 1840 4488 Deo
1886 4449 2017 4490 vero
2057 4445 2156 4490 :et
2187 4437 2231 4492 D

573 4521 666 4588 qui
717 4517 906 4587 jurant
957 4520 1012 4574 in
1064 4530 1229 4588 terra,
1277 4521 1540 4588 jurabunt
1587 4539 1684 4592 per
1720 4524 1888 4580 Deum
1943 4541 2153 4583 verum.

571 4608 972 4664 ()bliviscentur
1021 4612 1164 4667 enim
1225 4615 1589 4670 tribulationis
1656 4615 1874 4684 primm,
1940 4628 1995 4670 et
2047 4633 2154 4672 non

571 4701 826 4766 ascendet
857 4701 910 4756 in
945 4719 1043 4758 cor
1075 4721 1286 4760 eorum.
1317 4707 1430 4760 Erit
1469 4707 1612 4760 enim
1646 4707 1841 4762 caelum
1873 4724 2066 4762 novum
2101 4719 2156 4765 et

573 4803 716 4848 terra
751 4809 913 4862 nova,
941 4812 1042 4852 nec
1076 4799 1509 4854 recordabuntur
1541 4802 1803 4870 priorum,
1837 4817 1936 4856 nec
1973 4803 2154 4858 veniet

572 4889 625 4944 in
657 4903 751 4942 cor
789 4905 996 4944 eorum.
1023 4909 1044 4942 ι
1096 4889 1232 4945 Nam
1261 4892 1394 4946 alias
1421 4907 1544 4946 cum
1593 4901 1718 4947 tunc
1747 4893 1943 4949 malum
1981 4895 2156 4964 suspi-

569 4988 794 5045 cerent,
847 4997 960 5036 rem
1011 4995 1250 5038 creatam
1302 4979 1552 5040 colebant
1605 5001 1715 5054 pne
1762 4985 2052 5054 Creatore,
2101 4998 2159 5044 et

572 5079 776 5126 terram
815 5073 1070 5128 similiter
1093 5075 1257 5130 veluti
1289 5075 1455 5131 Deum
1485 5079 1908 5143 venerabantur,
1941 5094 2154 5134 necnon

570 5173 789 5219 exortes
827 5179 894 5220 ex
936 5165 1022 5220 illa
1055 5165 1266 5222 fructus
1315 5186 1328 5221 :
1381 5183 1525 5223 nunc
1555 5183 1684 5223 Vero
1716 5169 1915 5224 omium
1959 5185 2152 5226 novum

571 5265 622 5308 et
658 5264 854 5310 terram
889 5273 1081 5312 novam
1115 5259 1380 5326 videntes,
1417 5277 1584 5331 Opera
1617 5275 1871 5316 manuum
1901 5262 1995 5318 Dei
2026 5277 2149 5319 esse

571 5345 832 5412 latentur,
862 5363 968 5403 non
997 5360 1178 5406 autem
1207 5351 1338 5408 deos
1358 5367 1480 5408 esse
1509 5361 1700 5423 putant

681 5549 726 5580 "
755 5549 913 5606 Joan.
951 5569 1028 5619 γι,
1061 5554 1150 5609 ιι.
1228 5555 1272 5588 ’⁵
1294 5555 1452 5613 Joan.
1483 5572 1560 5620 xv,
1593 5557 1681 5615 t4.

551 5717 554 5720 ν
665 5645 754 5714 4"2)
797 5645 893 5702 llic
915 5657 967 5701 et
999 5651 1048 5704 in
1077 5651 1427 5720 sequentibus
1457 5651 1588 5706 locis
1628 5667 1813 5707 vocem
1850 5655 2146 5708 ὑπακούειν

577 5733 682 5770 non
713 5721 850 5772 male
903 5732 1084 5777 vertas
1119 5723 1430 5777 resncuderc
1477 5720 1610 5777 Nam
1647 5723 1748 5778 hoc
1783 5740 1880 5782 usu
1911 5725 2146 5796 plerum-

2261 475 2321 528 τὸ
2372 476 2604 547 πονηρὸν
2635 477 2874 531 ἐναντίον
2905 474 3065 546 ἐμοῦ,
3103 473 3198 528 καὶ
3230 473 3266 528 ἃ
3294 473 3392 527 οὐκ
3435 471 3733 544 ἐϐουλόμην
3759 471 3848 540 ἐξ·

2261 566 2534 632 ελέξασθε.
2567 587 2584 618 ι
2605 568 2820 640 Ἐπειδὴ
2837 567 2998 631 αὑτὸς
3019 566 3129 636 ἐγὼ
3156 567 3255 637 τῆς
3287 563 3523 635 ἐμαυτοῦ
3547 567 3850 636 παρουσίας

2261 659 2610 726 καταξιώσας
2643 662 2789 723 ὑμᾶς
2827 660 3023 724 αὑτοὺς
3045 658 3294 731 πρώτους
3324 659 3468 728 ὑμᾶς
3507 657 3572 711 δι’
3607 657 3850 728 timum”

2263 752 2528 823 κέκληκα·
2567 753 2724 823 ὑμεῖς
2757 752 2813 806 δὲ
2838 753 2936 823 οὑχ
2959 750 3306 811 ὑπηκούσατε
3327 766 3340 780 ⁸
3370 751 3451 802 ὅτι
3477 749 3570 802 καὶ
3601 750 3706 820 πρὸ
3729 751 3830 802 τού

2262 863 2356 898 του
2386 846 2634 919 ᾐτιώμην
2668 847 2862 915 λέγων·
2897 867 2914 898 ι
2940 845 3084 898 Διότι
3113 841 3296 915 ἦλθον,
3328 843 3422 897 καὶ
3445 844 3543 896 οὑκ
3555 839 3623 914 ἦν
3645 841 3850 913 άνθρω

2265 957 2390 1004 πος’
2425 939 2681 1005 ἐκάλεσα,
2713 937 2809 992 καὶ
2830 939 2928 991 οὑκ
2951 933 3018 1010 ἦν
3050 939 3078 991 6
3106 937 3417 992 ὑπακούων.
3459 957 3478 988 ι
3517 937 3682 990 Πάλιν
3713 937 3860 1006 πρὸς

2263 1028 2355 1082 τὸν
2395 1029 2523 1083 λαὸν
2566 1027 2662 1093 τὰς
2699 1027 3070 1099 προκειμένας
3103 1029 3338 1080 ποιεῖται
3375 1025 3731 1098 κατηγορίας,
3767 1025 3840 1077 δι-

2263 1121 2500 1184 δάσκων,
2555 1121 2630 1184 ὡς
2673 1119 3020 1192 δικαιοσύνης
3065 1117 3215 1190 ζυγῴ
3244 1118 3422 1174 πάντα
3452 1117 3727 1188 πράττων,
3771 1116 3860 1180 ὡς

2265 1207 2418 1273 Θεὸς,
2437 1209 2686 1280 οὐδαμῶς
2717 1207 2816 1280 μὲν
2839 1207 3148 1280 παρόψεται
3173 1209 3300 1270 τοὺς
3321 1207 3444 1261 ὅποι
3468 1207 3665 1277 δήποτε
3695 1206 3858 1277 αὐτῷ

2264 1301 2640 1364 δουλεύοντας,
2684 1299 2744 1366 ἐξ
2781 1301 2895 1355 οἴου
2929 1301 2973 1355 δ’
3003 1299 3071 1354 ἂν
3104 1300 3291 1364 ἔθνους
3323 1295 3452 1354 εἷεν.
3487 1301 3700 1362 Πάντας
3737 1299 3858 1373 γὰρ

2267 1394 2453 1458 ἁπλῶς
2480 1392 2734 1458 διασώζει
2756 1395 2884 1458 τοὺς
2924 1391 3194 1448 δουλεύειν
3233 1394 3380 1464 αὑτῷ
3410 1393 3856 1467 προῃρημένους.

2267 1485 2638 1558 Παραδέξεται
2668 1481 2784 1550 οὖν,
2821 1487 2917 1541 καὶ
2960 1486 3172 1552 τούτοις
3203 1487 3429 1559 παρέξει
3475 1487 3571 1560 τὴν
3613 1489 3856 1559 sumpti--

2266 1598 2377 1635 νιον
2409 1580 2638 1652 τροφὴν,
2673 1580 2766 1634 τὸν
2790 1580 2966 1649 Λόγον
2998 1580 3095 1634 τὸν
3133 1582 3403 1652 σωτήριον
3432 1581 3523 1634 τὸν
3557 1582 3818 1654 εἰρηκότα
3837 1601 3854 1612 ·

2273 1697 2291 1730 ι
2335 1677 2476 1747 Ἐγώ
2517 1680 2632 1748 εἰμι
2676 1677 2704 1728 6
2747 1676 2912 1748 ἄρτος
2956 1679 2984 1730 6
3028 1678 3092 1730 ἐκ
3130 1677 3223 1730 τοῦ
3252 1677 3482 1748 οὑρανοῦ
3511 1677 3778 1741 καταϐάς.
3827 1699 3852 1730 ι

2267 1758 2426 1846 ρ’ὑτοι
2473 1767 2570 1838 μὲν
2617 1761 2709 1820 οὖν
2754 1765 2830 1838 τῷ
2877 1767 3118 1837 λεχθέντι
3153 1769 3301 1840 ἄρτῳ
3345 1769 3710 1840 τραφήσονται
3753 1769 3858 1820 καὶ

2266 1859 2759 1932 ὲμπλησθήσονται’
2780 1861 2937 1931 ὑμεῖς
2955 1859 3032 1923 δὲ,
3053 1860 3205 1930 φησὶ,
3223 1861 3272 1912 οῖ
3297 1859 3371 1930 μὴ
3387 1859 3484 1932 τὴν
3501 1859 3638 1930 ἐμὴν
3656 1859 3856 1913 emas-

2267 1952 2492 2024 ξάμενοι
2519 1954 2700 2026 χάριν,
2730 1953 2909 2025 ἐνδείᾳ
2941 1953 3167 2024 λογικῆς
3189 1953 3395 2024 τροφῆς
3417 1952 3678 2023 λιμώξετε
3697 1968 3713 1982 ·
3753 1953 3858 2006 καὶ

2265 2046 2432 2100 πάλιν
2456 2049 2504 2100 οἱ
2539 2046 2638 2117 μὲν
2673 2046 2798 2118 ἐμοὶ
2826 2044 3168 2108 δουλεύοντες
3201 2045 3364 2098 πότου
3397 2045 3540 2115 ζωῆς
3573 2044 3852 2098 ἀθανάτου

2266 2139 2704 2211 πλησθήσονται,
2746 2139 2874 2210 περὶ⁵
2917 2131 2977 2192 οὑ
3014 2138 3298 2192 λέλεκται·
3339 2157 3358 2190 ι
3399 2139 3494 2201 Ὃς
3526 2137 3590 2192 ἂν
3640 2137 3740 2208 πίῃ
3783 2138 3858 2191 ἐκ

2263 2234 2358 2288 τοῦ
2391 2233 2602 2298 ὕδατος,
2633 2223 2694 2286 οὑ
2742 2231 2852 2302 ἐγὼ
2884 2231 3040 2286 δώσω
3071 2231 3239 2303 αὑτῷ,
3268 2227 3555 2304 γενήσεται
3591 2234 3648 2286 ἐν
3695 2232 3858 2302 αὑτῷ

2263 2326 2414 2398 πηγὴ
2446 2325 2635 2389 ὓδατος
2665 2323 2956 2395 ἁλλομένου
2979 2326 3058 2386 είς
3090 2323 3232 2396 ζωὴν
3253 2323 3492 2378 αἰώνιον.
3513 2343 3534 2375 ι

2339 2437 2357 2468 ι
2413 2416 2512 2471 Διά
2556 2417 2714 2472 τοῦτο
2751 2417 2878 2471 τάδε
2925 2416 3072 2486 λέγει
3105 2415 3339 2488 Κύριος·
3382 2416 3512 2470 Ἰδοὺ
3542 2418 3588 2469 οἱ
3621 2415 3850 2470 δουλεύ-

2261 2510 2411 2575 οντές
2447 2528 2540 2582 μοι
2582 2510 2877 2580 φάγονται,
2911 2511 3067 2580 ὑμεῖς
3090 2509 3146 2564 δὲ
3175 2510 3481 2565 πεινάσετε·
3521 2509 3628 2566 ίδοὺ
3650 2511 3699 2563 οἱ
3724 2511 3854 2564 δου-

2261 2601 2508 2666 λεύοντες
2536 2621 2624 2674 μοι
2658 2603 2893 2666 πίονται,
2929 2603 3086 2674 ὑμεῖς
3123 2603 3181 2656 δὲ
3202 2603 3488 2674 διψήσετε·
3519 2603 3627 2656 ἰδοὺ
3653 2603 3854 2656 0160a—

2261 2691 2508 2757 λεύοντές
2532 2711 2619 2764 μοι
2639 2694 3297 2766 εὑφρανθήσονται,ὑμεῖς
3323 2695 3377 2748 δὲ
3396 2694 3846 2768 αῖσχυνθήσεσθε·

2265 2783 2375 2836 ἰδοὺ
2413 2785 2461 2836 οἱ
2489 2782 2830 2848 δουλεύοντες
2865 2803 2954 2857 μοι
2983 2785 3398 2854 ἀγαλλιάσονται
3433 2789 3489 2840 ἐν
3513 2787 3848 2860 εὐφροσύνῃ,

2263 2877 2421 2946 ὑμεῖς
2452 2876 2508 2930 δὲ
2533 2876 2863 2950 κεκράξεσθε
2886 2878 2974 2933 διά
2999 2893 3092 2932 τον
3120 2879 3282 2933 πόνον
3295 2880 3395 2950 τῆς
3413 2881 3640 2952 καρδίας
3665 2881 3846 2952 ὑμῶν,

2262 2968 2354 3021 καὶ
2386 2967 2494 3022 ἀπὸ
2537 2969 2830 3042 συντριϐῆς
2865 2970 3172 3041 πνεύματος
3202 2959 3354 3042 ὑμῶν
3392 2970 3688 3038 ὀλολύξετε.
3723 2974 3848 3027 Κα-

2262 3057 2546 3130 ταλείψετε
2579 3059 2691 3132 γὰρ
2736 3060 2796 3113 τὸ
2838 3059 3009 3132 ὄνομα
3055 3060 3210 3133 ὑμῶν
3241 3063 3332 3124 ¹εἰς
3387 3060 3704 3133 πλησμονὴν
3733 3064 3852 3127 τοῖς

2263 3150 2541 3215 ἐκλεκτοῖς
2581 3168 2682 3222 μου
2701 3169 2714 3181 ·
2753 3151 2897 3223 ὑμᾶς
2925 3153 2982 3206 δὲ
3024 3152 3204 3206 ἀνελεῖ
3230 3149 3434 3224 Κύριος
3452 3169 3464 3180 ·
3497 3154 3608 3215 τοῖς
3638 3151 3696 3203 δὲ
3725 3150 3854 3205 δου-

2259 3242 2476 3296 λεύουσί
2500 3261 2589 3314 μοι
2603 3242 2934 3317 κληθήσεται
2951 3245 3122 3317 ὄνομα
3135 3245 3339 3298 καινόν.
3355 3263 3373 3296 ι
3398 3245 3459 3296 Ei
3483 3244 3536 3297 δέ
3557 3245 3852 3314 περιεργὸ-

2261 3353 2416 3407 τερον
2441 3335 2676 3389 ἐθέλοιτε
2701 3337 2894 3408 μαθεῖν
2910 3339 3055 3401 τίνες
3075 3333 3184 3391 εἷεν
3196 3339 3244 3392 oi
3261 3337 3540 3409 μέλλοντες
3551 3335 3850 3402 δουλεύειν,

2262 3429 2362 3506 καὶ⁴
2401 3429 2454 3481 τί
2489 3430 2674 3494 αὑτοῖς
2711 3430 2916 3502 ὄνομα,
2958 3429 3256 3499 γινώσκετε
3279 3471 3294 3494 ,
3332 3431 3414 3484 ὅτι
3449 3428 3601 3483 οὑπω
3631 3430 3732 3500 μὲν
3767 3433 3854 3496 εἰς

2263 3521 2495 3593 φανερὸν
2519 3519 2756 3594 τοῦνομα
2777 3522 2953 3576 αὑτῶν
2974 3523 3002 3576 6
3035 3523 3166 3584 Θεὸς
3189 3522 3438 3593 βούλεται
3460 3523 3686 3592 ἀγαγεῖν
3711 3541 3724 3553 ·
3761 3542 3856 3577 το-

2267 3613 2456 3668 σοῦτον
2485 3614 2542 3668 δὲ
2566 3615 2725 3686 μόνον
2759 3615 3034 3687 σημαίνει,
3067 3615 3142 3678 ὡς
3169 3613 3289 3668 οὑτε
3327 3613 3538 3686 Ἰσραὴλ
3555 3613 3856 3686 κληθήσον-

2264 3725 2388 3772 ται,
2429 3705 2554 3760 οὑτε
2592 3705 2806 3772 Ἰακὼϐ,
2859 3706 2984 3761 οὔτε
3026 3707 3287 3770 Ἰουδαῖοι,
3338 3707 3461 3760 οὑτε
3488 3706 3622 3770 ὅλως
3649 3723 3704 3758 τι
3733 3705 3858 3760 τῶν

2264 3799 2573 3873 ἀνθρώποις
2601 3799 3076 3872 συνεγνωσμένων.
3108 3801 3310 3854 Καινὸν
3337 3801 3446 3873 γάρ
3463 3819 3513 3854 τι
3529 3801 3622 3854 καὶ
3642 3799 3857 3856 νεώτα-

2261 3909 2353 3945 τον
2387 3892 2570 3957 αὐτοῖς
2597 3893 2976 3964 ἐπιτεθήσεται
3021 3891 3212 3965 ὄνομα,
3247 3891 3416 3958 ξένον,
3465 3893 3559 3947 καὶ
3587 3892 3854 3964 μηδεπώ-

2264 4003 2392 4040 ποτε
2423 3986 2706 4051 ἀκουσθέν,
2735 3987 2764 4040 ὃ
2783 3986 3205 4058 εὐλογηθήσεται
3241 3987 3334 4039 ἐπὶ
3363 3986 3461 4058 τῆς
3492 3987 3594 4058 γῆς
3620 3985 3854 4050 αὐξανό-

2267 4093 2447 4145 μενον,
2477 4077 2572 4129 καὶ
2593 4076 2995 4148 πληθυνόμενον
3023 4077 3162 4148 ὑπὲρ
3196 4077 3376 4130 πᾶσαν
3414 4076 3729 4148 σωματικὴν
3755 4079 3854 4131 εὑ-

2263 4167 2469 4237 λογίαν.
2499 4169 2562 4222 Εἰ
2585 4169 2694 4242 γάρ
2721 4187 2804 4233 τις
2825 4169 2918 4222 καὶ
2935 4168 3072 4238 ἄλλη
3101 4168 3336 4241 πλήθους
3357 4169 3612 4240 ποιητικὴ
3641 4171 3854 4240 τυγχά-

2264 4276 2342 4312 νει
2383 4259 2448 4312 ὲκ
2477 4259 2610 4314 Θεοῦ
2663 4261 2904 4329 εὐλογία,
2953 4259 3158 4332 ταύτης
3195 4260 3441 4327 τεύξεται
3475 4261 3534 4314 τὸ
3569 4261 3739 4333 ὄνομα
3791 4262 3856 4315 τὸ

2265 4347 2718 4420 ἐπιτεθησόμενον
2744 4351 2856 4413 τοῖς
2877 4349 3186 4404 δουλεύουσί
3223 4367 3314 4422 μοι

2337 4452 2356 4485 ι
2407 4435 2771 4508 Εὑλογήσουσι
2804 4440 2912 4509 γὰρ
2943 4437 3034 4492 τὸν
3065 4439 3198 4494 Θεὸν
3225 4440 3318 4495 τὸν
3347 4439 3628 4512 ἀληθινόνο
3665 4443 3764 4494 καὶ
3795 4445 3852 4495 οἱ

2241 4528 2550 4600 ’ὀμνύοντες
2568 4529 2658 4581 ἐπὶ
2675 4529 2774 4600 τῆς
2794 4531 2898 4601 γῆς
2917 4531 3173 4603 δμοΰνται
3188 4532 3278 4586 τὸν
3301 4532 3431 4586 Θεὸν
3452 4533 3540 4586 τὸν
3565 4532 3848 4604 ἀληθινόν.

2273 4621 2650 4693 Ἐπιλήσονται
2682 4623 2790 4694 γὰρ
2826 4622 2922 4694 τὴν
2959 4623 3136 4694 θλίψιν
3181 4625 3279 4696 τὴν
3323 4622 3566 4698 πρώτην,
3601 4625 3695 4678 καὶ
3741 4626 3852 4678 οὐκ

2259 4712 2588 4785 ἀναϐήσεται
2636 4715 2817 4769 αὐτῶν
2870 4716 2964 4769 ἐπὶ
3015 4715 3111 4788 τὴν
3157 4717 3403 4786 καρδίαν.
3438 4718 3630 4770 Ἔσται
3675 4717 3788 4788 γὰρ
3821 4721 3854 4772 ὁ

2262 4803 2488 4874 οὐρανὸς
2519 4805 2703 4870 καινὸς
2736 4807 2886 4879 καὶὴ
2923 4807 2996 4879 γῆ
3021 4807 3202 4880 καινὴ,
3235 4809 3328 4862 καὶ
3357 4809 3418 4862 οὑ
3453 4811 3526 4881 μὴ
3564 4799 3852 4880 μνησθῶσι

2260 4895 2368 4948 τῶν
2413 4897 2714 4970 προτέρων,
2759 4899 2867 4953 οὐδ’
2899 4901 2960 4953 οὑ
3011 4901 3084 4973 μὴ
3132 4901 3333 4973 ἐπέλθῃ
3383 4902 3562 4955 αὑτῶν
3604 4903 3697 4954 ἐπὶ
3739 4903 3854 4975 τὴν

2258 4989 2505 5061 καρδίαν.
2547 5009 2564 5041 ι
2607 4991 2820 5055 Ἄλλως
2856 4991 2955 5063 μὲν
2990 4991 3099 5064 γὰρ
3128 4992 3248 5046 τότε
3290 4992 3524 5064 ὁρῶντες
3555 4992 3644 5045 τὸν
3673 4993 3850 5064 οὐρα-

2258 5080 2366 5144 νὸν,
2399 5080 2648 5135 ἐσέϐοντο
2672 5083 2738 5154 τῇ
2773 5083 2946 5137 κτίσει
2984 5083 3135 5155 παρά
3173 5085 3263 5138 τὸν
3291 5084 3570 5150 κτίσαντα,
3607 5085 3704 5138 καὶ
3743 5085 3852 5157 τὴν

2259 5171 2361 5241 γῆν
2385 5171 2586 5241 ὁμοίως
2620 5171 2949 5238 ἐθεοποίουν,
2977 5175 3218 5239 καὶτοὺς
3251 5177 3314 5230 ἐκ
3337 5175 3540 5248 ταύτης
3571 5177 3854 5248 βλαστῶν-

2260 5279 2358 5326 τας
2381 5263 2628 5332 καρπούς
2651 5279 2664 5294 ·
2713 5263 2808 5316 νῦν
2835 5251 2883 5317 δ’
2909 5265 2998 5318 ὅτε
3027 5266 3212 5320 καινὸν
3257 5265 3478 5336 ὅψοντες
3500 5268 3590 5320 τὸν
3612 5267 3850 5338 οὐρανὸν

2259 5355 2354 5408 καὶ
2406 5355 2501 5425 τὴν
2547 5355 2669 5425 γῆν,
2700 5355 2836 5426 ἔργα
2859 5357 3058 5428 χειρῶν
3111 5357 3247 5411 Θεοῦ
3291 5355 3427 5414 εῖναι
3463 5357 3848 5430 ὁμολογοῦσιν,

2261 5448 2441 5502 οὑκέτι
2469 5447 2524 5500 δὲ
2558 5447 2712 5512 θεοὺς
2739 5443 2878 5503 εἶναι
2910 5451 3240 5522 νομίζουσιν.

2255 5672 2359 5725 que
2389 5657 2502 5731 haec.
2543 5671 2644 5711 vox
2687 5658 2921 5731 occurrit
2950 5667 3060 5714 tum
3105 5661 3158 5716 in
3193 5659 3472 5731 Scriptura
3509 5673 3684 5728 Sacra,
3726 5671 3844 5718 tum

2255 5730 2398 5798 apud
2435 5728 2567 5784 alios
2603 5727 2918 5800 scriptorcs.
