4130 6400
258 358 363 415 513

1187 353 1693 410 COMMENTARIA
1731 355 1798 411 IN
1838 354 2096 414 ISAIAM.
2135 392 2205 401 —
2241 361 2394 416 CAP.
2437 357 2596 416 LXV.

3414 366 3518 422 5M
3564 420 3574 431 _

330 495 351 529 ε
397 476 535 530 Ἀλλ’
566 473 905 547 εὐφροσύνην
932 474 1027 529 καὶ
1055 475 1372 545 ἀγαλλίασιν
1408 476 1733 549 εὑρήσουσιν
1769 446 1823 533 ⁸ἐκ

2011 480 2174 536 \‘Eus.
2204 481 2396 538 18-20.
2438 500 2457 534 ι
2489 481 2591 537 Sed
2626 481 2864 537 laetitiam
2897 491 2952 539 et
2986 484 3401 542 exsultationem
3433 488 3517 541 in-

252 570 415 640 αὐτῇ.
449 569 568 623 Ὅτι
601 568 710 622 ἰδοὺ
755 568 870 638 ἐγὼ
909 567 1047 621 ποιῶ
1088 566 1400 641 ἀγαλλίαμα
1438 569 1794 642 Ἰερουσαλὴμ
1816 610 1832 636 ,

255 661 350 716 καὶ
373 660 464 715 τὸν
499 660 627 713 λαόν
662 676 763 731 μου
791 659 1131 731 εὐφροσύνην
1150 676 1163 689 ·
1192 660 1286 713 καὶ
1316 659 1718 732 ἀγαλλιάσομαι
1742 662 1835 715 ἐπὶ

266 752 642 824 Ἰερουσαλὴμ,
664 752 762 807 καὶ
776 753 1222 824 εὐφρανθήσομαι
1239 752 1334 807 ἐπὶ
1349 753 1427 823 τῷ
1444 753 1560 825 λαῷ
1584 772 1706 826 μου·
1741 755 1835 810 καὶ

260 843 444 898 οὐκέτι
469 844 543 914 μὴ
563 842 798 915 ἀκουσθῇ
830 844 887 896 ὲν
903 844 1039 915 αὐτῇ
1065 842 1215 915 φωνὴ
1243 843 1521 916 κλαυθμοῦ
1537 846 1659 899 οὐδὲ
1683 847 1833 919 φωνὴ

261 935 531 1007 κραυγῆς,
556 934 663 990 οὐδ’
683 935 745 989 οὐ
776 935 850 1009 μὴ
867 934 1089 1007 γένηται
1115 934 1196 989 ἔτι
1221 937 1342 991 ἐκεῖ
1362 936 1539 1009 ἄωρος
1568 939 1663 991 καὶ
1700 955 1835 1009 πρε-

254 1026 480 1097 σϐύτης,
509 1025 567 1090 ὃς
590 1027 689 1079 οὐκ
727 1025 994 1097 ἐμπλήσει
1018 1026 1107 1079 τὸν
1135 1026 1325 1099 χρόνον
1352 1027 1539 1082 αὑτοῦ.
1573 1047 1592 1081 ›
1627 1030 1835 1093 Πάντες

253 1120 363 1193 γὰρ
405 1121 501 1190 τῆς
541 1120 669 1191 παρ’
700 1120 824 1191 ἐμοὶ
872 1118 1224 1184 ἀναστάσεως
1252 1120 1506 1191 τυχόντες
1550 1122 1694 1176 κατά
1741 1122 1833 1176 τὸν

254 1213 444 1284 καιρὸν
474 1211 582 1265 τῶν
612 1209 954 1281 ἐπαγγελιῶν
982 1212 1063 1275 εἰς
1082 1210 1251 1283 ἄνδρα
1279 1211 1504 1277 τέλειον,
1524 1214 1603 1276 εἰς
1638 1212 1834 1285 μέτρον

253 1304 471 1375 ἡλικίας
515 1301 735 1374 ἥξουσι·
787 1303 882 1356 καὶ
941 1303 1147 1367 πάντες
1197 1302 1410 1357 ἔσονται
1470 1304 1694 1375 ἀκμαῖοι
1736 1304 1834 1368 τάς

252 1394 535 1467 ψυχάς,ὡς
567 1398 705 1467 μήτε
734 1395 912 1469 ἄωρον
939 1397 1132 1467 νήπιον
1167 1395 1262 1449 καὶ
1275 1395 1468 1466 ἀτελῆ,
1503 1397 1639 1467 μήτε
1667 1397 1835 1468 ὑπερ-

246 1487 525 1559 ϐεϐηκότα
569 1489 663 1541 καὶ⁵
708 1488 1059 1559 γεγηρακότα
1105 1489 1163 1540 ὲν
1211 1488 1393 1551 αὐτοῖς
1444 1488 1828 1558 εὑρίσκεσθαι·

251 1580 454 1644 πάντες
485 1580 542 1633 δὲ
574 1579 856 1651 ὁμήλικες.
891 1580 968 1643 ὡς
999 1578 1064 1634 ἂν
1100 1579 1189 1648 ὑφ’
1218 1578 1314 1633 ἕνα
1350 1578 1539 1650 καιρὸν
1571 1579 1671 1650 τῆς
1699 1581 1830 1633 ἀνα-

249 1672 495 1736 στάσεως
515 1670 846 1742 τευξόμενοι,
864 1672 958 1724 καί
991 1673 1121 1740 μιᾶς
1136 1671 1554 1740 παλιγγενεσίας
1581 1671 1833 1743 μεθέξον-

249 1778 361 1825 τες.

1937 572 2151 628 venient
2196 574 2249 626 iu
2297 587 2382 627 ea.
2414 572 2678 640 Quoniam
2710 590 2837 631 ecce
2877 590 2977 647 ego
3018 576 3161 632 facio
3195 579 3515 636 exsultatio-

1936 677 2058 717 nem
2084 662 2405 731 Jerusalem,
2433 676 2487 719 et
2517 665 2769 735 pepulum
2804 682 2982 721 meum
3019 667 3258 723 laetitiam
3288 687 3304 725 :
3339 680 3396 726 et
3426 687 3519 726 cx-

1934 757 2145 811 sultabo
2176 771 2336 826 super
2382 755 2704 823 Jerusalem,
2748 768 2804 813 et
2838 758 3065 814 laetabor
3107 777 3270 832 super
3319 764 3519 834 populo

1934 860 2093 900 meo:
2127 854 2179 900 et
2229 861 2334 900 non
2382 848 2525 900 ultra
2561 847 2809 902 audietur
2843 850 2897 902 in
2950 852 3066 919 ipsa
3103 867 3207 906 vox
3256 850 3435 918 ﬂetus,
3462 864 3519 910 et

1936 951 2037 991 vox
2084 936 2370 1002 clamoris,
2412 934 2584 1005 neque
2629 938 2769 992 ultra
2828 940 2933 994 erit
2980 940 3052 995 ibi
3088 942 3412 998 immaturus
3460 955 3517 1001 et

1935 1040 2123 1088 senex,
2168 1027 2256 1096 qui
2310 1042 2414 1081 non
2451 1027 2675 1096 impleat
2717 1038 2928 1098 tempus
2961 1046 3139 1087 suum.
3165 1050 3184 1085 ι
3241 1032 3517 1107 Quotquot

1934 1115 2076 1169 enim
2126 1117 2576 1171 resurrectionem
2625 1134 2654 1173 a
2707 1136 2794 1175 me
2853 1120 3038 1177 datam
3090 1138 3513 1195 consequentur,

1936 1213 2180 1274 tempore
2209 1206 2651 1275 promissionum,
2702 1210 2757 1263 in
2804 1209 2978 1265 virum
3013 1214 3315 1283 perfectum
3359 1228 3414 1272 et
3460 1218 3512 1271 in

1935 1310 2240 1350 mensuram
2272 1297 2445 1352 :etatis
2476 1298 2692 1353 venient
2720 1315 2734 1353 :
2775 1308 2938 1370 atque
2980 1296 3173 1359 omnes
3206 1306 3386 1361 anima
3422 1323 3515 1363 ve-

1933 1388 2040 1459 geti
2087 1398 2262 1454 erunt,
2294 1391 2366 1445 ita
2399 1399 2455 1445 ut
2490 1407 2665 1462 neque
2702 1392 3026 1448 immaturus
3058 1405 3112 1451 et
3151 1412 3255 1451 non
3294 1400 3513 1456 adultus

1928 1478 2163 1547 juvenis,
2214 1495 2387 1551 neque
2425 1490 2586 1536 aetate
2616 1493 2906 1553 provectus
2937 1493 3030 1538 aut
3059 1500 3222 1541 senex
3255 1488 3325 1543 ibi
3364 1480 3516 1559 repe-

1933 1560 2139 1635 riatur;
2187 1573 2282 1627 sed
2339 1574 2488 1642 paris
2540 1573 2718 1628 relatis
2762 1588 2977 1641 omnes,
3025 1585 3208 1646 utpote
3257 1579 3348 1650 qui
3404 1595 3513 1634 uno

1933 1662 2232 1731 eodemque
2267 1673 2507 1733 tempore
2545 1674 2867 1734 resurgant,
2912 1676 2966 1720 et
3008 1654 3514 1741 ejusdem,regene-

1933 1753 2165 1807 rationis
2198 1763 2481 1808 consortes
2510 1755 2642 1808 sint.

327 1872 347 1904 ι
392 1852 584 1905 Ἔσται
616 1851 724 1922 γὰρ
748 1853 776 1904 6
797 1850 916 1914 νέος
941 1849 1131 1903 ἑκατὸν
1153 1848 1311 1913 ἐτῶν,
1336 1851 1365 1903 6
1387 1848 1443 1902 δὲ
1475 1847 1823 1934 ἀποθνήσκων

2012 1865 2030 1896 ι
2064 1844 2180 1898 Erit
2225 1845 2370 1900 enim
2420 1845 2635 1914 juvenis
2670 1855 2885 1903 centum
2932 1864 3219 1917 annorum,
3251 1851 3342 1922 qui
3381 1868 3510 1910 vero
3552 1852 3555 1853 ⁷

248 1943 574 2016 ἁμαρτωλὸς
602 1942 799 1998 ἑκατὸν
823 1942 982 2008 ἐτῶν,
1018 1941 1111 1994 καὶ
1151 1940 1556 2012 ὲπικατάρατος
1586 1939 1761 1992 ἔσται.
1801 1958 1822 1990 ι

247 2037 324 2091 Τὸ
349 2037 463 2091 ἴσον
487 2036 583 2089 τοῦ
616 2036 808 2108 χρόνου
841 2035 943 2105 τῆς
968 2036 1033 2088 ὲκ
1060 2034 1270 2105 νεκρῶν
1297 2033 1644 2095 ἀναστάσεως
1682 2049 1826 2102 παρο

247 2130 498 2202 ἐστησεν.
538 2129 729 2182 Ἔσται
775 2122 869 2181 οὖν
907 2128 936 2179 6
971 2124 1294 2197 ἁμαρτωλὸς
1322 2123 1417 2177 καὶ
1444 2122 1607 2185 αὐτὸς
1636 2122 1827 2177 ἑκατὸν

248 2221 407 2282 ἐτῶν,
454 2221 548 2274 κα)⁵
581 2219 985 2290 ὲπικατάρατος
1034 2216 1188 2270 ἔσται
1220 2215 1480 2285 ἀκμαῖος,
1524 2214 1621 2268 καὶ
1650 2213 1726 2278 ὡς
1768 2216 1826 2267 ὲν

246 2310 418 2383 κακίᾳ
451 2310 676 2373 τέλειος,
708 2308 1070 2380 ἀποθνήσκων
1086 2308 1152 2377 τῇ
1183 2303 1377 2358 ἑαυτοῦ
1402 2302 1646 2376 ἁμαρτίᾳ
1672 2321 1685 2334 ·
1710 2305 1740 2358 ὅ
1765 2322 1825 2359 τε

246 2402 368 2465 νέος
396 2401 557 2456 πάλιν
582 2399 774 2454 ἑκατὸν
799 2399 955 2464 ἐτῶν,
978 2398 1073 2452 καὶ
1092 2396 1256 2460 αὐτὸς
1268 2395 1472 2460 τέλειος
1495 2398 1553 2451 ὲν
1579 2396 1825 2464 τελείοις,

242 2495 327 2557 εἰς
361 2493 636 2565 σωτηρίαν
672 2491 1250 2564 παραλαμὼνόμενος.

320 2607 341 2639 ε
370 2588 481 2642 Καὶ
507 2586 949 2658 οἰκοδομήσουσιν
972 2584 1169 2649 οἰκίας,
1204 2584 1300 2637 καὶ
1329 2584 1485 2639 αὐτοὶ
1512 2583 1828 2656 ἐνοικήσου-

242 2693 330 2731 σι·
370 2677 463 2731 καὶ
501 2673 1005 2744 καταφυτεύσουσιν
1039 2674 1391 2745 ἀμπελῶνας,
1429 2675 1524 2728 καὶ
1553 2673 1710 2727 αὐτοὶ
1733 2674 1829 2742 φά-

240 2784 427 2838 γονται
464 2767 536 2821 τὰ
588 2767 908 2838 γεννήματα
967 2766 1169 2821 αὐτῶν.
1219 2785 1239 2819 ι
1280 2767 1407 2831 Τοῖς
1454 2766 1563 2838 γάρ
1617 2765 1825 2819 ἑαυτῶν

236 2861 422 2933 ἔργοις
454 2859 550 2913 καὶ
572 2861 693 2922 ταῖς
718 2857 945 2921 οἰκείαις
968 2857 1233 2930 πράξεσιν
1264 2857 1581 2931 ποριοῦνται
1612 2860 1826 2924 ἑαυτοῖς

238 2952 338 3017 τὰς
376 2951 543 3022 μονὰς
574 2950 674 3014 τὰς
702 2948 855 3020 παρά
886 2949 964 3021 τῷ
1002 2948 1213 3021 Πατρίο
1238 2949 1374 3004 ἀλλά
1411 2950 1540 3015 τοὺς
1576 2950 1825 3021 καρποὺς

232 3042 349 3098 ⁴»ρῶν
378 3042 557 3096 πόνων
585 3041 763 3096 αὐτῶν
795 3042 1060 3110 φάγονται
1077 3056 1089 3067 ·
1126 3039 1315 3112 διόπερ
1343 3040 1379 3095 ἃ.
1406 3041 1825 3112 γεωργήσαντες

241 3135 569 3206 συνήγαγον,
604 3132 779 3187 ταῦτα
808 3134 1121 3205 εὑρήσουσι,
1168 3133 1265 3187 καὶ
1300 3130 1361 3197 ἐξ
1399 3132 1578 3187 αὐτῶν
1607 3134 1823 3206 τραφή-

240 3242 447 3281 σονται.

316 3336 337 3371 ι
377 3318 451 3372 Οὐ
502 3317 577 3388 μή
624 3315 1071 3387 οἰκοδομήσουσι,
1116 3318 1212 3371 καὶ
1252 3316 1401 3372 ἄλλοι
1448 3318 1819 3390 ὲνοικήσουσι,

238 3410 337 3467 καὶ
354 3410 414 3464 οὗ
449 3410 524 3481 μὴ
557 3407 904 3479 φυτεύσουσι,
930 3410 1024 3463 καὶ
1044 3410 1190 3465 ἄλλοι
1216 3410 1502 3480 φάγονται.
1531 3409 1689 3464 Κατὰ
1712 3396 1846 3480 γάρ⁴

234 3504 338 3568 τὰς
368 3502 582 3575 ἡμέρας
624 3500 719 3555 τοῦ
748 3499 904 3566 ξύλου
951 3502 1053 3573 τῆς
1080 3499 1229 3573 ζωῆς
1272 3502 1488 3557 ἔσονται
1517 3503 1575 3555 αἰ
1614 3500 1819 3574 ήμέραι

237 3595 335 3651 τοῦ
367 3594 497 3650 λαοῦ
541 3610 643 3667 μου
666 3611 680 3625 ·
717 3594 786 3649 τά
827 3592 935 3665 γὰρ
977 3592 1116 3665 ἔργα
1157 3593 1265 3648 τῶν
1298 3594 1476 3648 πόνων
1503 3593 1687 3648 αὐτῶν
1711 3610 1818 3646 πα-

236 3688 582 3744 λαιώσουσιν.
629 3706 648 3739 ι
695 3686 834 3740 Ἀλλ’
866 3686 948 3748 εἰς
988 3684 1215 3757 ἄπειρον
1255 3684 1433 3741 αἰῶνα
1470 3687 1528 3740 ἐν
1566 3683 1821 3754 ἀθανάτῳ

233 3781 443 3852 εὐζωϊᾳ
469 3778 710 3844 διάξουσι
732 3793 747 3810 ·
779 3776 859 3832 διὸ
883 3776 1132 3830 λέλεκται
1149 3793 1163 3807 ·
1208 3795 1227 3827 ι
1260 3777 1416 3830 Κατά
1436 3776 1544 3848 γάρ
1566 3776 1664 3839 τὰς
1684 3776 1820 3848 ἠμέν

239 3888 344 3945 ρας
376 3869 473 3924 τοῦ
509 3868 665 3935 ξύλου
695 3868 796 3939 τῆς
837 3865 1078 3937 ζωῆς.αἰ
1120 3866 1328 3938 ἡμέραι
1354 3864 1448 3918 τοῦ
1474 3864 1606 3919 λαοῦ
1635 3881 1755 3936 μου.
1792 3883 1811 3916 ι

237 3965 314 4018 Τὸ
346 3962 506 4030 ξύλον
535 3963 592 4016 δὲ
623 3962 837 4034 εἴρηται
878 3961 937 4014 ὲν
972 3958 1051 4031 τῷ
1092 3958 1404 4031 παραδείσῳ
1427 3956 1521 4011 τοῦ
1551 3955 1687 4010 Θεοῦ
1721 3973 1818 4010 πε-

238 4052 571 4125 φυτεῦσθαν
616 4051 893 4106 δείκνυται
946 4048 1257 4122 τοιγαροῦν,
1305 4049 1389 4101 ὅτι
1433 4047 1535 4101 οὐκ
1586 4046 1691 4113 ἔξω
1720 4046 1815 4101 τοῦ

233 4146 375 4200 Θεοῦ
400 4146 455 4199 αἰ
477 4143 801 4214 ἐπαγγελίαι
834 4142 1182 4214 τυγχάνουσι.
1214 4141 1293 4194 Δι’
1320 4134 1395 4196 ὧν
1432 4140 1690 4195 ἁπάντων
1725 4158 1818 4195 σα-

235 4239 356 4311 φῶς
391 4238 578 4310 ἕτερον
604 4236 731 4291 λαὸν
767 4236 977 4303 εἰσάγει
1015 4232 1193 4305 ἑαυτῷ
1229 4231 1385 4305 παρὰ
1415 4231 1510 4286 τοῦ
1548 4232 1815 4286 Ἰουδαίων

235 4333 446 4395 ἔθνους.
479 4323 640 4385 Οὗτοι
667 4331 779 4401 γὰρ
806 4320 1296 4399 παλαιωθήσονται,
1329 4324 1451 4379 οὐδὲ
1481 4324 1691 4397 ἑτέροις
1718 4342 1817 4381 κα-

233 4424 583 4495 ταλείψουσι,
622 4421 912 4495 μέλλοντες
953 4415 1109 4483 αὖθις
1157 4417 1512 4490 μεθίστασθαι
1539 4416 1633 4471 τοῦ
1674 4416 1812 4488 βίου,

1930 1934 2182 1997 moritur,
2217 1945 2468 2004 peccator
2505 1947 2722 1992 centum
2771 1954 3038 1996 annorum
3085 1952 3139 1997 et
3183 1943 3508 2001 maledictus

1929 2028 2052 2081 erit.
2080 2045 2099 2079 ι
2144 2024 2345 2082 IEtatis
2387 2037 2443 2084 et
2477 2031 2738 2100 temporis
2768 2031 2821 2086 in
2854 2035 3256 2091 resurrectione
3283 2039 3514 2108 aequali-

1931 2127 2098 2176 tatem
2150 2122 2265 2177 fore
2312 2122 2570 2180 declarat.
2613 2124 2732 2181 Erit
2783 2126 2950 2198 igitur
3004 2139 3264 2199 peccator
3299 2145 3354 2191 et
3398 2136 3515 2208 ipse

1929 2223 2144 2267 centum
2193 2229 2494 2281 annorum,
2540 2224 2595 2271 et
2637 2217 2953 2276 maledictus
2999 2222 3140 2288 erit,
3188 2235 3410 2298 vegetus
3455 2239 3511 2283 et

1929 2305 2086 2372 quasi
2118 2305 2172 2359 in
2204 2305 2406 2361 malitia
2443 2306 2715 2378 perfectus
2748 2311 2988 2367 moriens
3036 2315 3088 2369 in
3126 2327 3347 2386 peccato
3385 2335 3505 2376 suo.

1926 2394 2152 2453 Juvenis
2189 2398 2317 2453 item
2369 2410 2585 2455 centum
2635 2417 2929 2468 annorum,
2968 2414 3026 2460 et
3074 2406 3188 2476 ipse
3230 2408 3510 2478 perfectus

1928 2487 2072 2544 inter
2097 2488 2390 2558 perfectos,
2415 2502 2471 2547 et
2494 2491 2549 2548 in
2579 2493 2811 2549 salutem
2842 2507 3166 2554 assumetur.

1997 2581 2163 2639 Vsus.
2189 2582 2279 2639 ει.
2318 2602 2337 2636 t
2363 2584 2432 2639 Et
2463 2586 2812 2643 aedificabunt
2843 2590 3055 2656 domos,
3099 2602 3154 2647 et
3199 2593 3301 2665 ipsi
3348 2596 3505 2651 inba-
3540 2572 3545 2579 r

1925 2674 2177 2730 bitabunt
2212 2693 2225 2731 :
2259 2685 2313 2733 et
2355 2676 2676 2747 plantabunt
2722 2680 2932 2748 vineas,
2979 2691 3035 2737 et
3074 2683 3174 2753 ipsi
3223 2686 3518 2741 comedent

1927 2765 2133 2822 fructus
2160 2781 2368 2822 earum.
2393 2787 2413 2820 ι
2446 2766 2581 2822 Nam
2624 2769 2739 2825 suis
2779 2772 2876 2841 ipsi
2925 2774 3183 2841 operibus
3224 2785 3278 2852 et
3311 2777 3514 2845 gestis,

1927 2857 2233 2914 mansiones
2264 2858 2385 2914 illas
2406 2874 2526 2931 quae
2551 2862 2691 2931 apud
2722 2858 2938 2917 Patrem
2969 2874 3117 2929 sunt,
3162 2866 3265 2920 sibi
3304 2881 3507 2936 procu-

1926 2950 2125 3004 rabunt
2155 2967 2169 3004 :
2200 2949 2292 3005 sed
2325 2951 2490 3006 etiam
2537 2951 2752 3007 fructus
2780 2952 3027 3009 laborum
3075 2970 3293 3011 suorum
3324 2972 3507 3014 come»
3534 2952 3537 2957 ’

1926 3040 2057 3096 dent
2081 3058 2098 3095 ;
2124 3040 2380 3111 quoniam
2408 3055 2472 3096 ea
2500 3057 2618 3110 quae
2651 3053 2848 3098 terram
2883 3044 3127 3101 colentes
3150 3061 3304 3103 suam
3336 3050 3506 3104 colle-

1924 3139 2140 3203 gerunt,
2167 3145 2231 3186 ea
2263 3131 2559 3203 reperient.
2588 3131 2655 3189 iis
2686 3133 2921 3189 aleutur.

1992 3310 2157 3367 Vsus.
2182 3312 2275 3366 22.
2307 3330 2326 3364 ι
2354 3310 2705 3382 Nequaquam
2738 3311 3107 3379 :edillcabuut,
3129 3322 3185 3367 et
3217 3310 3308 3367 alii
3347 3313 3502 3368 inba—

1921 3407 2205 3474 bitabunt;
2239 3420 2580 3476 nequaquam
2612 3404 2956 3476 plantabunt,
2988 3414 3044 3461 et
3072 3404 3162 3460 alii
3197 3407 3499 3461 comedent.

1922 3499 2056 3554 Nam
2100 3499 2395 3555 secundum
2441 3497 2560 3565 dies
2604 3497 2734 3570 ligni
2786 3498 2911 3553 vita:
2951 3506 3115 3553 erunt
3161 3497 3278 3553 dies
3317 3500 3500 3567 populi

1921 3593 2071 3648 mei:
2102 3607 2267 3663 opera
2314 3592 2458 3648 enim
2502 3591 2748 3647 laborum
2798 3590 3039 3659 ipsorum
3085 3597 3494 3645 veterascent.»

1921 3683 2028 3739 Sed
2071 3699 2167 3754 per
2203 3683 2412 3738 inﬁnita
2449 3682 2646 3738 saecula
2692 3682 2746 3737 in
2788 3680 3079 3737 immortali
3126 3680 3214 3734 illa
3249 3688 3304 3735 et
3354 3680 3500 3737 felici

1920 3777 2030 3829 vita
2070 3776 2264 3846 degent
2294 3793 2311 3834 :
2339 3788 2510 3846 quare
2557 3775 2762 3830 dictum
2787 3760 2928 3840 est,
2984 3771 3159 3827 (Nam
3202 3768 3521 3829 secundum

1919 3867 2036 3923 dies
2081 3866 2209 3940 ligni
2264 3868 2390 3923 vitae
2442 3880 2602 3925 erunt
2645 3867 2764 3922 dies
2811 3865 2993 3938 pepuli
3050 3867 3218 3921 mei.»
3270 3864 3498 3938 Lignum

1919 3968 2098 4015 autem
2137 3959 2267 4014 illud
2315 3960 2367 4014 in
2401 3959 2652 4030 paradiso
2686 3958 2780 4013 Dei
2814 3958 3110 4028 plantatum
3148 3958 3316 4013 fuisse
3362 3958 3497 4012 dici-

1922 4060 2041 4116 tur;
2075 4051 2258 4120 itaque
2295 4067 2400 4106 non
2446 4059 2602 4107 extra
2630 4050 2937 4120 paradisum
2969 4049 3060 4105 Dei
3111 4049 3322 4120 impleri
3371 4064 3496 4118 pro-

1919 4142 2085 4197 missa
2116 4145 2439 4198 declaratur.
2467 4142 2673 4210 Quibus
2700 4144 2953 4199 omnibus
2992 4142 3158 4197 alium
3199 4143 3303 4198 sibi
3338 4159 3367 4197 a
3397 4130 3499 4199 ιιι-ξ

1918 4231 2075 4286 daico
2110 4230 2361 4301 populum
2408 4231 2654 4287 asciscit.
2683 4230 2765 4286 Illi
2794 4246 3028 4303 namque
3072 4226 3515 4298 inveterascent,‘

1918 4339 2019 4379 nec
2071 4324 2235 4392 aliis,
2278 4339 2346 4380 ex
2379 4324 2483 4380 hac
2525 4325 2639 4380 vita
2680 4324 3062 4393 transferendi,
3107 4323 3322 4381 labores
3369 4341 3497 4382 suos

1919 4414 2257 4486 relinquent;
2289 4416 2344 4470 lii
2393 4429 2524 4472 vero
2555 4414 2800 4471 laborum
2849 4431 3068 4471 suorum
3115 4426 3264 4486 gesta
3309 4431 3499 4471 secum

234 4521 366 4582 τοὺς
390 4516 598 4571 ἑαυτῶν
634 4515 830 4581 πόνους
850 4532 864 4545 ·
894 4513 1015 4568 ἀλλ’
1043 4506 1191 4568 οῦτοι
1218 4510 1290 4566 τὰ
1320 4510 1459 4584 ἔργα
1500 4510 1608 4565 τῶν
1637 4510 1814 4565 πόνων

1925 4514 2217 4572 assument,
2248 4505 2594 4577 propriisque
2624 4505 2893 4562 fructibus
2925 4506 3258 4577 gaudebunt.

234 4609 417 4666 αὐτῶν
456 4610 538 4672 εἰς
583 4608 812 4671 ἑαυτοὺς
854 4603 1239 4678 ἀναλήψονται,
1297 4602 1393 4656 καί⁵
1433 4604 1549 4667 τοῖς
1594 4600 1816 4665 οἰκείοις

236 4705 473 4779 καρποῖς
502 4702 952 4773 ὲντρυφήσουσιν.

315 4815 336 4849 ι
376 4797 440 4850 Ol
465 4792 710 4848 ἐκλεκτοί
738 4808 840 4864 μου
870 4791 931 4845 ού
978 4787 1333 4843 κοπιάσούσιν
1369 4787 1450 4850 εἰς
1491 4783 1666 4849 κενὸν,
1696 4782 1816 4837 οὐδὲ

234 4889 715 4960 τεκνοποιήσουσιν
739 4886 820 4947 εἰς
850 4882 1125 4953 κατάραν·
1154 4880 1237 4934 ὅτι
1261 4878 1483 4950 σπέρμα
1516 4876 1816 4947 εὐλογημέ-

236 4998 326 5034 νον
343 4981 449 5034 ὑπὸ
477 4979 615 5034 Θεοῦ
634 4981 770 5041 ἐστι,
802 4977 897 5032 καὶ
920 4973 991 5029 τὰ
1009 4973 1207 5042 ἔκγονα
1227 4970 1408 5025 αὐτῶν
1435 4970 1552 5041 μετ’
1578 4968 1776 5024 αὐτῶν.
1792 4987 1810 5019 ι

237 5074 302 5125 Εἰ
324 5072 434 5144 γὰρ
455 5072 549 5126 καί
563 5088 708 5135 τινες
723 5069 932 5124 ἔσονται
957 5067 1100 5123 κατὰ
1128 5066 1219 5119 τὸν
1242 5064 1437 5134 καιρὸν
1453 5061 1562 5116 τῶν
1578 5062 1817 5130 ἐπαγγε-

182 5135 201 5159 Χ
236 5135 368 5216 λιῶν
399 5135 556 5216 κόποι
590 5162 851 5233 σωτήριοι
883 5160 978 5216 καὶ
1024 5156 1222 5228 ἀγαθοὶ
1272 5155 1368 5210 καὶ
1400 5154 1572 5227 ἡδεῖς,
1598 5152 1816 5217 όποίους

237 5248 459 5313 πάντως
497 5266 603 5303 που
643 5250 740 5303 καὶ
780 5251 815 5320 ή
861 5246 1124 5318 ἀγγελικὴ
1171 5245 1326 5311 τάξις
1363 5244 1624 5314 ὑπομένει
1643 5258 1658 5273 ·
1699 5241 1814 5295 ἀλλ’

235 5344 340 5397 οὐκ
369 5341 637 5405 ἑπικενῶς
666 5341 820 5395 ἔσται
855 5340 925 5395 τά
954 5341 1053 5411 τῆς
1085 5338 1349 5411 ἐργασίας
1372 5337 1554 5401 αὐτοῖς
1574 5353 1587 5367 ·
1622 5334 1815 5408 μισθὸς

235 5434 348 5507 γὰρ
383 5435 569 5499 αὐτοῖς
619 5433 842 5499 ὲπάξιος
879 5430 1325 5502 τεθησαύρισται.
1372 5427 1727 5483 Τεκνοποιίαν
1757 5426 1815 5481 δὲ

234 5527 518 5597 νοήσωμεν
547 5522 657 5577 τῶν
697 5519 884 5592 ψυχῶν
914 5521 1041 5583 τοὺς
1081 5518 1375 5591 λογισμοὺς
1414 5517 1510 5572 καὶ
1556 5516 1656 5588 τῆς
1695 5514 1812 5568 δια-

234 5617 386 5680 νοίας
400 5616 528 5679 τοὺς
545 5615 813 5686 καρποὺς,
847 5611 939 5676 οὓς
962 5612 1202 5683 κατάρας
1237 5609 1453 5664 ἔσεσθαι
1475 5606 1808 5680 ἀλλοτρίους,

238 5709 490 5778 εὐλογίας
520 5708 578 5761 δὲ
611 5704 794 5772 ἀξίους
817 5705 1081 5769 θεσπίζει.
1116 5701 1301 5756 Ταῦτα
1329 5703 1423 5755 καὶ
1454 5702 1532 5764 εἰς
1545 5699 1636 5754 τὸν
1670 5715 1815 5769 παρ-

235 5803 367 5858 όντα
427 5801 541 5874 βίον
583 5796 1023 5871 ἐκλαμϐάνεσθαι
1076 5792 1252 5868 οἶμαι,
1297 5791 1390 5848 τοῦ
1441 5791 1600 5860 λόγου
1651 5789 1813 5845 πάλιν

1990 4777 2154 4833 Vsus.
2189 4775 2281 4831 25.
2331 4793 2351 4827 ι
2392 4772 2562 4829 Electi
2614 4773 2716 4827 mei
2768 4787 2873 4828 non
2928 4769 3250 4826 laborabunt
3292 4771 3343 4825 in
3395 4786 3492 4827 va-

1920 4884 2067 4936 num,
2100 4882 2272 4939 neque
2321 4865 2460 4921 filios
2507 4862 2843 4935 generabunt
2889 4862 2944 4917 in
2996 4860 3481 4917 maledictiouem:

1917 4960 2041 5031 quia
2071 4974 2255 5014 semen
2302 4956 2642 5013 benedictum
2672 4969 2702 5008 a
2750 4954 2859 5010 Deo
2896 4961 3009 5019 est,
3038 4961 3093 5008 et
3128 4961 3352 5022 nepotes
3398 4967 3488 5008 co-

1918 5066 2037 5105 rum
2080 5065 2201 5105 cum
2232 5050 2373 5103 eis.»
2417 5047 2641 5102 Etiamsi
2681 5045 2828 5101 enim
2874 5044 3300 5117 promissionum
3349 5053 3492 5099 tem-

1917 5157 2071 5214 pore,
2118 5142 2336 5211 quidam
2388 5139 2690 5204 salutares,
2740 5138 2866 5193 boni
2932 5150 3233 5207 suavesque
3279 5135 3490 5192 labores

1916 5241 2044 5299 sint,
2070 5248 2204 5304 quos
2249 5232 2525 5302 angelicas
2551 5230 2687 5285 ordo
2730 5228 2986 5293 sustinet,
3016 5228 3109 5284 sed
3144 5242 3250 5282 non
3285 5226 3492 5281 frustra

1916 5311 2109 5383 cedent
2146 5325 2248 5381 illis
2292 5337 2497 5394 opera:
2531 5335 2652 5375 nam
2688 5320 2951 5391 condigna
2991 5319 3125 5389 ipsis
3153 5320 3368 5373 merces
3406 5331 3488 5370 re-

1916 5414 2088 5491 posita
2135 5428 2238 5473 est.
2281 5415 2599 5470 Liberorum
2633 5426 2763 5468 vero
2802 5410 3233 5481 procreationem
3280 5407 3487 5463 intelli-

1919 5527 2106 5584 gamus
2131 5525 2250 5564 esse
2286 5507 2480 5562 animze
2509 5503 2884 5576 cogitationes,
2917 5503 3221 5571 mentisque
3249 5499 3485 5564 fructus,

1918 5621 2053 5677 quos
2104 5620 2133 5656 a
2187 5600 2563 5656 maledictione
2633 5595 2873 5659 alienos,
2926 5593 3304 5649 benedictione
3352 5603 3487 5644 vero

1920 5698 2113 5767 dignos
2163 5693 2277 5748 fore
2325 5690 2671 5745 vaticinatur.
2715 5684 2851 5738 Haec
2896 5698 2953 5739 πθ
2995 5682 3241 5752 prazsenti
3270 5693 3485 5750 quoque

1922 5789 2031 5842 vita
2078 5783 2248 5854 accipi
2289 5796 2448 5852 posse
2495 5778 2769 5840 existimo,
2818 5774 2890 5829 ita
2925 5784 2983 5829 ut
3026 5774 3110 5831 Itis
3158 5770 3486 5877 apostolitius
