4130 6400
591 377 694 434 515

1262 373 1534 433 EUSEBII
1573 371 2057 431 CAESARIENSIS
2094 371 2246 431 OPP.
2285 371 2467 430 PARS
2504 371 2594 429 Ill.
2634 403 2704 413 ——
2741 369 3160 427 EXEGETICA.

3744 373 3850 428 ξ’)ἱϐ

592 500 791 555 chorus
829 491 1215 553 subindicetur.
1255 509 1274 544 ι
1305 491 1429 547 ldeo
1471 491 1627 547 electi
1665 493 1770 548 mei
1815 507 1920 548 non
1949 491 2168 546 labora-

2278 488 2361 541 τὸν
2388 487 2550 559 χορὸν
2580 488 2670 541 τὸν
2704 483 3058 540 ἁποστολικὺν
3087 482 3473 554 αἰνιττομένου.
3503 500 3524 535 ‹
3559 483 3658 539 Διά
3689 485 3851 540 τοῦτο

592 591 724 645 bunt
752 591 806 644 in
837 603 1052 652 vanum,
1083 599 1258 654 neque
1301 582 1439 638 lilios
1487 586 1852 654 procreabunt
1899 586 1954 640 in
1993 583 2165 639 male-

591 682 945 737 dictionemn
994 676 1371 747 Apostolorum
1442 677 1642 746 quippe
1692 676 1926 742 labores,
1972 684 2032 730 ut
2077 673 2168 731 vel

592 773 724 842 ipsis
751 771 920 826 oculis
960 769 1188 838 patebit,
1220 783 1329 822 non
1378 768 1429 822 in
1463 785 1658 822 vanum
1710 769 1947 839 suscepti
1993 767 2167 834 luere,

591 863 732 934 quod
761 874 1018 934 arguetur
1043 877 1108 916 ex
1137 861 1371 917 Ecclesia
1402 863 1469 915 ab
1497 860 1630 930 ipsis
1656 876 1753 930 per
1779 870 1948 916 totum
1979 860 2166 915 orbem

591 955 843 1020 fundata;
879 964 933 1009 et
963 954 1056 1008 lilii
1089 970 1275 1009 eorum
1307 969 1405 1022 per
1438 952 1712 1008 lavacrum
1743 952 2171 1023 regenerationis

590 1048 645 1103 in
673 1047 888 1102 Christo
919 1047 1028 1101 nati
1055 1046 1394 1102 videbuntur.

666 1220 828 1277 Vens.
854 1221 946 1276 24.
985 1239 1004 1274 ι
1032 1221 1097 1276 Ει
1132 1220 1237 1276 erit
1271 1231 1559 1290 antequam
1612 1219 1882 1286 clament,
1920 1205 2029 1291 ego
2073 1236 2170 1275 ex-

593 1315 807 1368 audiam
843 1328 977 1368 eos:
1011 1313 1187 1369 adhuc
1228 1313 1331 1368 illis
1374 1313 1726 1385 loquentibus
1774 1313 1987 1381 dicam,
2033 1312 2170 1380 Quid

593 1406 750 1461 est?»
800 1404 861 1460 id
896 1420 1063 1476 porro
1107 1405 1162 1459 in
1207 1405 1430 1460 Actibus
1476 1404 1844 1474 apostolorum
1888 1404 2170 1474 impletum

594 1499 997 1567 deprehendas;
1034 1514 1157 1552 nam
1192 1497 1307 1552 Deo
1338 1499 1470 1568 ipsis
1516 1507 1752 1562 astante,
1803 1495 1969 1550 multa
2016 1495 2172 1564 signa

594 1599 648 1642 et
697 1588 938 1659 prodigia
986 1589 1305 1644 edebantur.
1353 1587 1625 1656 Apostolis
1673 1601 1804 1642 vero
1848 1586 1963 1640 haec
2009 1600 2172 1655 agen-

596 1681 766 1742 tibus,
799 1680 937 1734 'hinc
973 1679 1401 1751 alienigenarum
1434 1679 1680 1750 gentium
1717 1677 1999 1735 conversio
2041 1677 2173 1733 sub-

595 1771 952 1839 sequebatur.

2270 582 2319 633 οί
2369 577 2612 632 ἐκλεκτοί
2649 594 2748 649 μου
2781 578 2844 630 οὐ
2891 575 3245 630 κοπιάσουσιν
3290 575 3371 637 εἰς
3415 573 3566 627 κενδν
3610 576 3731 629 οὐδὲ
3760 593 3852 631 τε·

2271 670 2686 741 κνοποιήσουσιν
2708 669 2788 731 εἰς
2821 666 3087 737 κατάραν.
3127 683 3146 717 t
3190 665 3382 717 Ἔσται
3421 662 3530 734 γὰρ
3553 664 3851 737 ὀφθαλμοῖς

2272 759 2607 833 παραλαϐεῖν
2656 757 2766 812 τῶν
2819 757 3135 812 ἀποστόλων
3181 757 3310 819 τοὺς
3362 754 3583 820 κόπους,
3638 758 3738 811 οὑκ
3769 760 3852 824 εἰς

2271 855 2428 908 κενὸν
2467 851 2863 923 γεγενημένους
2903 850 3013 904 ἀπὸ
3053 849 3154 920 τῆς
3192 849 3283 901 ὑπ’
3311 847 3488 902 αὐτῶν
3517 849 3854 924 ἱδρυνθείσης

2273 947 2395 1002 καθ’
2423 947 2551 1019 ὅλης
2575 945 2676 1016 τῆς
2698 938 3022 1015 οἰκουμένης
3059 941 3386 1012 Ἐκκλησίας
3406 955 3421 972 ·
3452 943 3547 995 καὶ
3578 942 3646 996 τὰ
3685 945 3856 998 τέκνα

2273 1037 2453 1093 αὐτῶν
2476 1041 2533 1091 ἐν
2559 1036 2782 1110 Χριστῷ
2805 1034 3135 1107 γεννηθέντα
3156 1032 3242 1086 διὰ
3258 1032 3357 1104 τῆς
3383 1031 3478 1086 τοῦ
3492 1033 3716 1106 λουτροῦ
3749 1053 3860 1092 πα-

2272 1129 2628 1201 λιγγενεσίας.

2344 1242 2367 1275 ~r
2391 1223 2502 1276 Καὶ
2526 1220 2676 1274 ἔσται
2707 1219 2837 1292 πρὶν
2861 1218 2894 1290 ἢ
2927 1217 3189 1290 κεκράξαι
3227 1217 3446 1282 αὐτοὺς,
3478 1217 3588 1287 ἐγὼ
3615 1219 3860 1275 ὑπακούω

2275 1333 2439 1386 σομαι
2464 1314 2676 1370 αὐτῶν
2704 1313 2783 1366 ἐτι
2814 1311 3115 1366 λαλούντων
3142 1311 3320 1366 αὐτῶν
3353 1311 3483 1383 ἐρῶν
3519 1313 3583 1365 Τί
3611 1315 3792 1380 ἐστινς
3831 1333 3853 1368 ι

2278 1409 2347 1462 Ἀ
2375 1408 2439 1480 δὴ
2476 1408 2570 1461 καὶ
2602 1404 2906 1477 ἐπληροῦτο
2945 1404 3037 1457 ἐπὶ
3064 1403 3172 1456 τῶν
3202 1403 3462 1476 Πράξεων
3483 1405 3591 1458 τῶν
3621 1407 3858 1461 ἀποστόο

2273 1499 2404 1554 λωνο
2443 1497 2615 1553 πολλά
2655 1497 2763 1568 γὰρ
2805 1498 3007 1567 σημεῖα
3040 1496 3143 1549 καὶ
3185 1497 3388 1568 τέρατα
3417 1498 3716 1568 ἐνηργεῖτο,
3759 1497 3858 1554 τοῦ

2273 1590 2409 1645 Θεοῦ
2455 1591 2637 1654 αὐτοῖς
2680 1587 3048 1660 παρεστῶτος.
3083 1581 3184 1641 Ὧν
3217 1587 3441 1643 τοιαῦτα
3471 1589 3859 1660 ἐνεργούντων,

2274 1681 2583 1745 ἀκολούθως
2634 1682 2668 1752 ἡ
2718 1679 2826 1733 τῶν
2889 1677 3204 1749 ἀλλοφύλων
3258 1679 3426 1734 ἐθνῶν
3487 1680 3696 1750 ἐγίνετο
3738 1683 3862 1734 ἐπι-

2279 1773 2506 1844 στροφή.

662 1859 945 1920 Vens.25.
985 1881 1004 1915 ι
1034 1861 1184 1918 Tunc
1225 1863 1339 1934 .lupi
1384 1873 1440 1919 et
1475 1863 1598 1934 agni
1647 1871 1942 1935 pascentur
1985 1861 2168 1927 simul,

2355 1883 2375 1916 ι
2416 1863 2550 1918 Τότε
2589 1860 2743 1914 λύκοι
2791 1860 2888 1915 καὶ¹
2927 1859 3094 1931 ἄρνες
3126 1859 3553 1932 βοσκηθήσονται
3599 1861 3735 1932 ἅμα,
3762 1859 3864 1915 καὶ

593 1963 649 2007 et
681 1953 765 2009 leo
794 1964 850 2009 ut
894 1955 990 2010 bos
1034 1957 1279 2010 comedet
1322 1955 1524 2025 paleas,
1566 1971 1791 2026 serpens
1838 1965 2020 2010 autem
2063 1963 2176 2008 ter-

597 2061 712 2099 ram
745 2046 898 2116 quasi
931 2061 1149 2116 panem.
1201 2046 1318 2102 Non
1372 2050 1667 2114 nocebunt,
1699 2064 1874 2119 neque
1919 2049 2173 2104 devasta-

596 2135 730 2190 bunt
777 2139 830 2191 in
868 2148 1051 2192 monte
1098 2148 1286 2193 sancto
1324 2153 1466 2203 meo,
1501 2138 1634 2194 dicit
1667 2138 1949 2194 Dominus.
1974 2157 1993 2190 ι
2039 2137 2172 2193 Nam

594 2231 686 2299 qui
718 2228 868 2299 prius
891 2243 1122 2299 rapaces
1147 2239 1202 2285 et
1229 2229 1438 2284 feroces
1465 2239 1642 2294 erant,
1673 2230 1745 2284 ita
1774 2239 1833 2285 ut
1859 2230 2006 2300 lupis
2033 2245 2178 2284 cont-

595 2322 772 2390 parari
801 2331 1057 2391 possent,
1092 2322 1150 2376 in
1193 2329 1534 2376 mansuetum
1575 2337 1783 2378 morem
1825 2323 2172 2390 commutati,

597 2427 722 2468 cum
774 2413 928 2483 agnis
971 2423 1026 2468 et
1073 2413 1248 2468 bobus
1292 2414 1554 2485 gregatim
1599 2415 1920 2484 agebantur,
1961 2423 2020 2468 ut
2067 2429 2175 2469 uno

596 2504 899 2573 eodemque
943 2518 1010 2558 ex
1067 2503 1267 2559 divinis
1324 2503 1650 2560 lectionibus
1690 2513 1949 2574 excerpto
2007 2505 2177 2560 ratio-

598 2596 762 2654 nabil'i
801 2597 923 2653 cibo
965 2607 1268 2653 uterentur.
1309 2597 1411 2665 Qui
1453 2606 1631 2651 autem
1669 2596 1912 2652 moribus
1963 2595 2099 2651 nihil
2145 2611 2175 2652 a

597 2690 846 2744 leonibus
885 2690 1288 2758 discrepahant,
1326 2689 1440 2756 jam
1476 2703 1586 2743 non
1620 2688 1759 2742 ultra
1789 2687 2094 2742 carnivoris
2124 2695 2199 2742 et‘

596 2781 964 2850 sanguinariis
1037 2781 1166 2836 feris
1216 2781 1456 2844 similes,
1519 2781 1681 2835 boum
1738 2780 1908 2833 instar
1953 2788 2010 2834 et
2075 2779 2176 2850 ipsi

597 2873 792 2928 divina:
835 2871 1093 2928 doctrinae
1135 2872 1356 2926 herbam
1407 2871 1784 2926 oomedcha-nt.
1821 2870 1889 2925 Et
1930 2871 2022 2941 qui
2049 2871 2177 2927 olim

589 2971 906 3034 serpentem
960 2962 1258 3028 referebat,
1303 2971 1533 3030 atroque
1573 2976 1784 3017 veneno
1836 2961 2028 3032 plenus
2068 2962 2175 3028 vir,

595 3056 876 3125 repudiata
913 3053 1136 3118 malitia,
1171 3068 1362 3123 panem
1386 3054 1673 3109 comedet:
1705 3068 1804 3123 pro
1832 3062 1976 3107 terra
2004 3068 2170 3125 quam

598 3147 750 3215 prius
773 3146 990 3212 edebat,
1016 3143 1325 3200 rationabili
1351 3154 1404 3201 et
1436 3146 1672 3200 humano
1703 3154 1864 3200 utens
1890 3144 2175 3201 alimento.

596 3238 785 3308 Usque
816 3239 952 3293 adeo
993 3247 1171 3293 autem
1219 3237 1526 3308 huiusmodi
1585 3236 1714 3293 ferae
1758 3247 2178 3304 mansuescent,

599 3342 659 3388 ut
690 3331 966 3388 neminem
1010 3330 1208 3388 ltedant
1236 3331 1316 3387 vel
1358 3330 1705 3401 pessumdent
1741 3329 1796 3386 ln
1833 3343 2018 3388 monte
2065 3330 2181 3387 Dei.

1165 3490 1396 3548 CAPUT
1424 3488 1614 3547 LXVI.

672 3611 836 3665 Vens.
863 3609 979 3663 1-5.
1016 3605 1158 3663 «δίο
1207 3606 1335 3662 dicit
1384 3606 1668 3674 Dominus,
1703 3605 1911 3664 leum
1958 3609 2185 3665 thronus

2276 1955 2412 2008 λέων
2447 1954 2522 2017 ῶς
2553 1952 2678 2023 βοῦς
2715 1952 2948 2022 φάγεται
2970 1951 3168 2022 ἄχυρα,
3202 1951 3325 2020 ὄφις
3355 1951 3412 2004 δὲ
3443 1951 3548 2022 γῆν
3571 1951 3645 2014 ὼς
3673 1952 3864 2022 ἄρτον.

2277 2048 2392 2100 Οὐκ
2425 2045 2789 2117 ἀδικήσουσιν,
2835 2043 2957 2096 οὐδὲ
2986 2041 3350 2115 λυμανοῦνται
3395 2041 3488 2095 ἐπὶ
3531 2042 3610 2114 τῷ
3636 2043 3757 2114 δρει
3780 2041 3864 2114 τῷ

2276 2137 2418 2207 ἁγίῳ
2450 2153 2572 2207 μου,
2617 2133 2766 2204 λέγει
2799 2135 3022 2206 Κύριος.
3065 2154 3083 2185 ›
3119 2136 3181 2187 Οἱ
3229 2132 3337 2206 γὰρ
3391 2134 3653 2206 πρότερον
3681 2135 3855 2206 agm-

2277 2229 2455 2282 κτικοὶ
2481 2230 2574 2282 καὶ
2589 2225 2892 2299 θηριώδεις,
2908 2226 2986 2290 ὡς
3006 2225 3192 2290 λύκοις
3209 2225 3668 2296 παραϐάλλεσθαι,
3691 2242 3864 2297 μετα-

2279 2319 2595 2391 ϐαλλόμενοι
2644 2319 2737 2372 ἐπὶ
2785 2318 2846 2372 τὸ
2889 2318 3116 2391 ἥμερον,
3152 2319 3360 2389 ἀρνίοις
3393 2319 3487 2371 καὶ
3520 2319 3702 2388 βουσὶν
3740 2335 3868 2372 συνῆ

2276 2411 2620 2486 ηγελάζοντο,
2653 2409 2728 2473 ὡς
2752 2411 2881 2481 μιᾶς
2895 2410 3098 2481 καὶτῆς
3117 2410 3286 2481 αὐτῆς
3301 2410 3736 2482 μεταλαμϐάνειν
3762 2411 3870 2480 τῆς

2277 2503 2386 2558 ἀπὸ
2417 2502 2525 2556 τῶν
2575 2501 2734 2554 θείων
2777 2494 3224 2572 ἀναγνωσμάτων
3267 2501 3490 2572 λογικῆς
3532 2503 3758 2572 τροφῆς.
3796 2502 3867 2555 Οἱ

2277 2597 2334 2650 δὲ
2379 2598 2490 2660 τοῖς
2535 2593 2756 2667 τρόποις
2803 2593 3033 2647 λεόντων
3073 2594 3225 2647 οὐδὲν
3265 2594 3644 2664 διαφέροντες,
3677 2594 3870 2647 οὐκέτι

2281 2685 2670 2759 σαρκοφάγοις,
2706 2683 2826 2739 ούδέ
2862 2681 3171 2754 ὠμοϐόροις
3197 2682 3391 2754 θηρσὶν
3421 2683 3674 2745 ἐοικότες,
3707 2681 3853 2754 δίκη·

2281 2778 2420 2848 βοῶν
2450 2779 2544 2831 καὶ
2563 2777 2718 2831 αὐτοὶ
2741 2776 2840 2848 τὴν
2870 2774 2977 2829 ἀπὸ
3002 2775 3102 2845 τῆς
3130 2774 3316 2828 ἐνθέου
3343 2773 3686 2838 διδασκαλίας
3725 2774 3873 2830 πόαν

2280 2870 2487 2942 ῆσθιον.
2546 2867 2656 2922 Καὶ
2687 2869 2716 2920 ό
2755 2866 2922 2920 πάλαι
2943 2865 3014 2938 δὴ
3051 2865 3316 2937 πρότερον
3344 2865 3602 2936 όφιώδης,
3632 2865 3728 2918 καὶ
3781 2864 3872 2920 ἰοῦ

2284 2963 2480 3036 μεστὸς
2529 2963 2689 3034 ἀνὴρ,
2721 2959 3039 3023 ἀποπτύσας
3079 2959 3180 3030 τὴν
3223 2961 3285 3012 ἐν
3331 2957 3480 3029 αὐτῷ
3509 2957 3729 3021 κακίαν,
3769 2956 3874 3013 ﬁt:

2281 3055 2445 3129 ἄρτον
2467 3053 2719 3125 φάγεται,
2749 3052 2923 3124 τροφῇ
2946 3051 3140 3122 λογικῇ
3174 3049 3268 3104 καὶ
3305 3049 3623 3122 ἀνθρωπίνῃ
3648 3048 3876 3120 χρώμε-

2282 3165 2392 3211 νος,
2423 3146 2540 3200 ἀνθ’
2565 3141 2634 3220 ἦς
2658 3143 2813 3216 ῆσθιε
2857 3143 3122 3216 πρότερον
3157 3145 3283 3213 γῆς,
3322 3140 3480 3195 Οὕτω
3512 3141 3573 3194 δέ
3614 3142 3662 3194 oi
3699 3139 3874 3212 θῆρες

2284 3234 2430 3294 οὗτοι
2489 3236 3020 3310 ἐξημερωθήσονται,
3071 3234 3148 3298 ὡς
3199 3233 3404 3306 μηδένα
3456 3233 3682 3301 ἀδικεῖν,
3729 3234 3878 3307 μηδι

2283 3329 2634 3405 λυμαίνεσθαι
2660 3345 2814 3393 τινας
2833 3330 2892 3382 ἐν
2922 3327 3001 3400 τῷ
3031 3327 3148 3398 ὄρει
3186 3326 3280 3380 τοῦ
3302 3325 3460 3380 Θεοῦ.

2793 3485 3189 3542 ΚΕΦΑΛΑῘΟΝ
3247 3482 3386 3552 Ξςνε
3460 3519 3468 3527 -

2360 3621 2379 3654 ι
2414 3601 2599 3664 Οῦτως
2623 3598 2769 3670 λέγει
2795 3599 3020 3672 Κύριος·
3060 3600 3118 3654 Ὁ
3144 3599 3372 3672 οὐρανός
3399 3615 3501 3669 μου
3532 3597 3743 3671 θρόνος.
3769 3601 3881 3654 καὶ⁵

602 3717 777 3768 meus,
810 3710 866 3755 et
906 3709 1053 3754 terra
1097 3697 1393 3752 scabellum
1428 3701 1622 3767 pedum
1657 3713 1926 3756 meorum.
1958 3700 2175 3766 Qualem

2284 3695 2318 3765 ὴ
2351 3692 2424 3763 γῆ
2459 3691 2745 3748 ὑποπόδιον
2777 3691 2887 3745 τῶν
2917 3691 3096 3745 ποδῶν
3132 3708 3255 3762 μου.
3291 3691 3450 3744 Ποῖον
3480 3683 3627 3746 οἷκον
3658 3691 3878 3744 οίκοδο-

601 3795 821 3850 ιιοιηυηι
872 3789 1216 3846 aedilicabitis
1263 3788 1442 3843 mihi?
1486 3799 1542 3844 et
1587 3789 1710 3860 quis
1760 3790 1918 3846 locus
1965 3789 2175 3859 requica

2289 3785 2491 3858 μήσετέ
2525 3803 2612 3858 μοι
2636 3801 2652 3851 ;
2684 3785 2777 3838 καὶ
2803 3787 2955 3848 ποῖος
2975 3783 3140 3848 τόπος
3163 3783 3266 3854 τῆς
3295 3781 3694 3846 καταπαύσεώς
3725 3799 3838 3852 μου
3860 3801 3883 3849 ;

598 3884 766 3938 tionis
807 3883 974 3938 mea}?
1001 3881 1123 3936 Haec
1153 3879 1296 3935 enim
1326 3881 1508 3935 omnia
1545 3881 1672 3937 fecit
1719 3897 1914 3936 manus
1964 3897 2102 3948 mea,
2132 3891 2175 3937 et

2285 3877 2472 3930 Πάντα
2512 3876 2621 3946 γὰρ
2666 3872 2840 3927 ταῦτα
2888 3871 3144 3943 ἐποίησεν
3185 3873 3218 3944 ἡ
3263 3873 3384 3943 χείρ
3421 3889 3542 3943 μου,
3589 3870 3680 3925 καὶ
3720 3872 3884 3926 ἐστιν

601 3977 718 4030 iniec
761 3975 940 4028 omnia
970 3990 1087 4028 mea
1133 3983 1290 4039 sunt,
1339 3974 1471 4029 dicit
1516 3975 1792 4030 Dominus.
1835 3973 2005 4041 Quem
2052 3988 2175 4029 vero

2285 3969 2392 4040 ἐμὰ
2429 3968 2608 4023 πάντα
2647 3966 2844 4032 ταῦτα,
2879 3966 3026 4036 λέγει
3064 3964 3288 4038 Κύριος.
3322 3966 3429 4018 Καὶ
3467 3963 3559 4017 ἐπὶ
3590 3964 3711 4016 τίνα
3742 3964 3882 4018 ἐπι-

607 4068 918 4137 rcspiciam,
949 4067 1052 4122 nisi
1081 4069 1359 4130 humilem,
1396 4077 1450 4122 et
1485 4066 1748 4136 quietum,
1775 4075 1825 4120 et
1858 4075 2175 4120 trementem

2286 4059 2486 4130 ϐλέψω,
2518 4057 2633 4112 ἀλλ’
2657 4059 2690 4130 ἢ
2712 4057 2806 4112 ἐπὶ
2830 4057 2919 4111 τὸν
2944 4056 3200 4110 ταπεινὸν
3231 4055 3326 4108 καὶ
3355 4054 3598 4125 ἡσύχιον,
3622 4053 3720 4108 καὶ
3738 4055 3883 4124 τρέ-

603 4175 886 4215 sermones
914 4160 1100 4214 meos?
1132 4158 1354 4230 Iniquus
1399 4168 1602 4220 autem,
1637 4158 1729 4227 qui
1777 4155 2020 4211 immolat
2051 4154 2175 4208 mihi

2288 4171 2454 4225 μοντα
2487 4153 2615 4217 τοὺς
2646 4152 2838 4221 λόγους
2884 4167 3017 4223 μου;
3077 4151 3134 4204 '0
3163 4149 3222 4202 δὲ
3267 4148 3467 4220 ἄνομος
3507 4149 3537 4200 ό
3584 4145 3727 4200 θύων
3779 4164 3887 4218 μοι

605 4251 854 4314 vitulum,
894 4251 1048 4320 quasi
1095 4251 1307 4306 occidat
1353 4265 1583 4306 canem:
1616 4249 1708 4319 qui
1754 4263 1885 4302 vero
1913 4245 2073 4300 olfert
2107 4246 2175 4300 si-

2287 4246 2505 4317 μόσχον,
2533 4245 2609 4310 ῶς
2639 4246 2974 4300 ἀποκτεξνων
2998 4245 3137 4300 κύνα
3156 4261 3170 4277 ·
3195 4245 3224 4298 ό
3249 4245 3306 4298 δὲ
3330 4244 3618 4316 ἀναφέρων
3647 4243 3886 4314 σεμίδκ-

605 4343 813 4409 milam,
837 4343 990 4411 quasi
1018 4341 1233 4398 suillum
1265 4342 1580 4410 sanguinem
1608 4358 1623 4394 :
1657 4340 1748 4410 qui
1779 4341 1872 4393 dat
1903 4339 2175 4393 incensum

2282 4337 2386 4404 λιν,
2420 4337 2496 4401 ὡς
2529 4332 2663 4409 αἷμα
2684 4336 2855 4391 ὕειον·
2887 4340 2916 4391 ό
2943 4338 3119 4402 διδοὺς
3147 4335 3363 4393 λίϐανον
3389 4337 3470 4400 είς
3501 4335 3883 4407 μνημόσυνον,

605 4437 660 4490 in
694 4435 1029 4499 memoriam,
1073 4435 1226 4505 quasi
1261 4433 1634 4504 blasphemus.
1666 4431 1733 4485 Et
1766 4430 1869 4501 ipsi
1901 4430 2175 4501 elegerunt

2283 4430 2359 4491 ὡς
2387 4429 2725 4502 βλάσφημος.
2776 4430 2887 4484 Καὶ
2917 4429 3074 4483 αὐτοὶ
3107 4429 3418 4497 ἐξελέξαντο
3447 4429 3546 4492 τὰς
3573 4427 3727 4492 ὁδοὺς
3775 4430 3886 4484 αὐ-

604 4527 724 4582 vias
755 4541 900 4592 suas,
935 4535 990 4581 et
1017 4526 1449 4580 abominationes
1488 4525 1725 4594 ipsorum
1768 4524 1948 4577 anima
1992 4538 2175 4578 eorum

2286 4520 2414 4584 τῶν,
2446 4521 2540 4574 καὶ
2569 4521 2638 4575 τά
2671 4519 3014 4592 βδελύγματα
3052 4519 3231 4574 αὐτῶν
3265 4521 3300 4592 η
3337 4517 3484 4590 ψυχὴ
3525 4517 3704 4573 αὐτῶν
3740 4517 3886 4587 ἠθέ-

608 4618 795 4675 voluit.
818 4637 837 4670 ι
877 4617 992 4672 Non
1021 4617 1167 4672 enim
1205 4616 1342 4680 haec,
1383 4615 1582 4685 inquit,
1624 4615 1878 4670 voluntas
1915 4630 2058 4682 mea,
2091 4632 2175 4670 ne-

2283 4613 2434 4684 λησε.
2475 4631 2493 4664 ι
2545 4613 2621 4667 Οὐ
2658 4611 2766 4686 γὰρ
2809 4613 2922 4684 ἐμὰ
2957 4613 3153 4678 ταῦτα,
3205 4618 3360 4683 φησὶ,
3407 4611 3708 4682 θελήματα,
3741 4612 3886 4664 οὐδὲ

606 4727 712 4780 que
746 4726 877 4764 mea:
924 4701 1386 4776 lmjusmodi'vias,
1418 4709 1512 4763 sed
1556 4707 1624 4763 ad
1669 4706 1900 4762 lubitum
1933 4717 1988 4763 et
2017 4708 2175 4780 placi-

2283 4706 2408 4776 ἐμοὶ
2444 4703 2500 4758 αἱ
2531 4704 2642 4758 ὁδοὶ
2669 4697 2848 4770 αὗται,
2877 4705 3015 4760 ἀλλά
3037 4706 3137 4778 τῆς
3165 4704 3342 4760 αὐτῶν
3370 4703 3740 4775 προαιρέσεως
3774 4721 3886 4757 και

608 4813 721 4855 tum
749 4816 934 4856 eorum
963 4814 1060 4853 sun
1069 4807 1107 4854 ι.

2284 4795 2548 4868 ταθύμια.

684 4891 925 4946 VsnsJ.
967 4909 987 4942 ι
1019 4891 1085 4945 Et
1129 4905 1229 4960 ego
1273 4890 1503 4962 deligam
1551 4891 1834 4947 illusiones
1877 4907 2088 4958 eorum,
2134 4901 2190 4949 et

609 4999 830 5056 peccata
877 4985 1171 5039 retribuam
1217 4984 1296 5039 eis
1333 5003 1348 5038 :
1395 4985 1520 5054 quia
1560 4986 1748 5040 vocavi
1813 4999 1946 5052 eos,
1977 4995 2034 5040 et
2075 4998 2180 5038 non

606 5079 965 5134 exaudierunt
991 5091 1104 5145 me;
1137 5077 1349 5132 locutus
1378 5092 1521 5146 sum,
1548 5088 1603 5134 et
1630 5093 1737 5133 non
1768 5078 2097 5133 audierunt:
2129 5087 2186 5132 et

611 5173 855 5225 fecerunt
891 5169 1090 5222 malum
1122 5168 1174 5222 in
1197 5181 1489 5240 conspectu
1517 5186 1656 5234 meo,
1681 5179 1737 5224 et
1768 5185 1887 5240 qua:
1931 5169 2181 5224 nolebam

607 5264 948 5329 elegerunt.»
994 5259 1344 5326 Quandonam
1391 5270 1569 5316 autem
1618 5269 1900 5315 vocantem
1946 5274 2050 5312 non
2097 5257 2180 5313 in-

611 5353 969 5417 tellexerunt,
1016 5352 1116 5406 nisi
1163 5352 1379 5420 quando
1409 5367 1646 5422 prasens
1689 5350 1823 5422 ipsis
1869 5347 2178 5414 clamabat,

616 5466 633 5498 ι
660 5445 849 5500 Venite
871 5446 936 5498 ad
967 5459 1050 5498 me
1074 5459 1286 5520 omnes,
1308 5444 1399 5514 qui
1425 5443 1685 5500 laboratis
1708 5452 1762 5500 et
1788 5441 2000 5498 onerati
2023 5442 2178 5510 estis,

606 5549 661 5594 et
687 5552 790 5608 ego
821 5539 1057 5593 reliciam
1089 5553 1185 5594 vos
1207 5537 1285 5591 ὀῗ
1315 5555 1335 5589 ι

681 5630 847 5686 Vens.
871 5630 928 5687 5.
966 5647 987 5683 ι
1015 5629 1210 5686 Audite
1239 5629 1406 5686 verba
1451 5627 1685 5696 Domini,
1721 5627 1813 5700 qui
1851 5625 2084 5683 tremitis
2113 5625 2181 5682 ad

680 5812 740 5905 :°_
766 5813 952 5872 Matth.
981 5828 1056 5870 at.
1084 5811 1174 5868 ΞΒ.

2364 4908 2383 4941 ι
2420 4890 2530 4944 Καὶ
2581 4886 2691 4959 ἐγὼ
2728 4889 3017 4962 ἐκλέξομαι
3048 4889 3117 4944 τά
3150 4889 3512 4962 ἐμπαίγματα
3539 4886 3742 4954 αὐτῶν,
3779 4891 3888 4943 καὶ

2283 4978 2386 5042 τὰς
2425 4977 2701 5050 ἁμαρτίας
2743 4977 3110 5032 ἀνταποδώσω
3145 4980 3330 5042 αὐτοῖς
3375 4980 3458 5032 ὅτι
3496 4977 3728 5032 ἐκάλεσα
3778 4979 3889 5031 αὺ-

2284 5071 2430 5134 τοῦς,
2487 5071 2580 5124 καὶ
2625 5071 2724 5141 οὐχ
2762 5071 3078 5142 ὑπήκουσάν
3133 5089 3232 5142 μου
3256 5085 3271 5101 ’
3327 5071 3584 5141 ἐλάλησα,
3629 5070 3727 5123 καὶ
3771 5071 3888 5124 οὐκ

2286 5165 2544 5235 ῆκουσαν·
2593 5163 2686 5216 καὶ
2734 5164 2996 5235 ἐποίησαν
3042 5164 3108 5218 τὸ
3155 5164 3389 5238 πονηρὸν
3421 5164 3665 5218 ἐναντίον
3710 5164 3889 5233 ἐμοῦ,

2285 5257 2379 5310 καὶ
2399 5256 2434 5310 ὃ.
2465 5260 2566 5309 οὐκ
2593 5255 2890 5327 ἐϐουλόμην
2913 5256 3246 5324 ἐξελέξαντο,
3280 5277 3298 5310 ι
3331 5259 3468 5311 Πότε
3494 5257 3548 5310 δὲ
3577 5255 3890 5314 καλοῦντος

2288 5349 2486 5413 αὐτοὺς
2539 5348 2601 5402 οὑ
2636 5349 2900 5420 συνῆκαν,
2947 5349 2981 5421 ἢ
3017 5350 3106 5404 ὅτε
3156 5352 3341 5414 αὐτοῖς
3373 5349 3674 5421 συντρίϐων
3715 5349 3887 5403 ἐϐόα·

2295 5460 2314 5493 r
2349 5440 2513 5495 Δεῦτε
2547 5439 2684 5514 πρὸς
2719 5440 2808 5513 μέ,
2840 5441 3043 5507 πάντες
3073 5443 3122 5495 οἱ
3155 5442 3451 5506 κοπιῶντες
3484 5441 3579 5495 καὶ
3611 5457 3889 5512 πεφορτιο

2290 5535 2498 5606 σμένοι,
2530 5531 2685 5602 κάγὼ
2716 5533 3017 5589 ἀναπαύσω
3044 5535 3223 5604 ὑμᾶς;
3261 5551 3281 5587 ι

2364 5646 2384 5680 ι
2430 5625 2721 5682 Ἀκούσατε
2748 5627 2969 5701 ῥήματα
3001 5627 3205 5699 Κυρίου
3266 5627 3315 5681 οἱ
3335 5625 3630 5698 τρέμοντες
3662 5623 3761 5678 τὸν
3791 5623 3889 5680 λό-
