  <div class='ocr_page' id='page_1' title='image "/cluster/home/n/w/nwhite01/storage/ocr_20150623/24/hvd.32044073501108/266.png"; bbox 0 0 4130 6400; ppageno 0'>
   <div class='ocr_carea' id='block_1_1' title="bbox 279 356 394 413">
    <p class='ocr_par' dir='ltr' id='par_1_1' title="bbox 279 356 394 413">
     <span class='ocr_line' id='line_1_1' title="bbox 279 356 394 413; baseline -0.026 0"><span class='ocrx_word' id='word_1_1' title='bbox 279 356 394 413; x_wconf 65' lang='grc' dir='ltr'><strong>ΒΗ</strong></span> 
     </span>
    </p>
   </div>
   <div class='ocr_carea' id='block_1_2' title="bbox 1205 351 2640 432">
    <p class='ocr_par' dir='ltr' id='par_1_2' title="bbox 1205 351 2640 432">
     <span class='ocr_line' id='line_1_2' title="bbox 1205 351 2640 432; baseline 0.012 -17"><span class='ocrx_word' id='word_1_2' title='bbox 1205 361 1714 420; x_wconf 72' lang='grc' dir='ltr'>εοιιιιΕΝτΑιιιΑ</span> <span class='ocrx_word' id='word_1_3' title='bbox 1749 365 1818 420; x_wconf 83' lang='lat' dir='ltr'><strong>IN</strong></span> <span class='ocrx_word' id='word_1_4' title='bbox 1857 351 2223 424; x_wconf 70' lang='lat' dir='ltr'><strong>tSAt.m.&#39;-</strong></span> <span class='ocrx_word' id='word_1_5' title='bbox 2259 372 2411 431; x_wconf 76' lang='lat' dir='ltr'><strong>CAP.</strong></span> <span class='ocrx_word' id='word_1_6' title='bbox 2454 374 2640 432; x_wconf 74' lang='lat' dir='ltr'><strong>LXVI.</strong></span> 
     </span>
    </p>
   </div>
   <div class='ocr_carea' id='block_1_3' title="bbox 3435 382 3538 439">
    <p class='ocr_par' dir='ltr' id='par_1_3' title="bbox 3435 382 3538 439">
     <span class='ocr_line' id='line_1_3' title="bbox 3435 382 3538 439; baseline 0 0"><span class='ocrx_word' id='word_1_7' title='bbox 3435 382 3538 439; x_wconf 71' lang='lat'><strong>518</strong></span> 
     </span>
    </p>
   </div>
   <div class='ocr_carea' id='block_1_4' title="bbox 282 479 1841 567">
    <p class='ocr_par' dir='ltr' id='par_1_4' title="bbox 282 479 1838 562">
     <span class='ocr_line' id='line_1_4' title="bbox 282 479 1838 562; baseline 0.004 -26"><span class='ocrx_word' id='word_1_8' title='bbox 282 499 383 550; x_wconf 85' lang='grc' dir='ltr'><strong>γον</strong></span> <span class='ocrx_word' id='word_1_9' title='bbox 412 479 598 536; x_wconf 72' lang='grc' dir='ltr'>αὑτοῦ.</span> <span class='ocrx_word' id='word_1_10' title='bbox 623 482 850 548; x_wconf 71' lang='grc' dir='ltr'>Εἴπατε,</span> <span class='ocrx_word' id='word_1_11' title='bbox 875 482 1092 552; x_wconf 71' lang='grc' dir='ltr'>ἀδελφοὶ</span> <span class='ocrx_word' id='word_1_12' title='bbox 1115 483 1292 556; x_wconf 87' lang='grc' dir='ltr'>ήμῶν,</span> <span class='ocrx_word' id='word_1_13' title='bbox 1315 489 1427 550; x_wconf 86' lang='grc' dir='ltr'>τοῖς</span> <span class='ocrx_word' id='word_1_14' title='bbox 1454 487 1700 558; x_wconf 81' lang='grc' dir='ltr'><strong>μισοῦσιν</strong></span> <span class='ocrx_word' id='word_1_15' title='bbox 1725 491 1838 562; x_wconf 77' lang='grc' dir='ltr'><strong>ὑμᾶ</strong></span> 
     </span>
    </p>
   </div>
   <div class='ocr_carea' id='block_1_5' title="bbox 1938 479 3538 567">
    <p class='ocr_par' dir='ltr' id='par_1_5' title="bbox 1938 494 3538 567">
     <span class='ocr_line' id='line_1_5' title="bbox 1938 494 3538 567; baseline 0.006 -19"><span class='ocrx_word' id='word_1_16' title='bbox 1938 549 1942 558; x_wconf 85' lang='lat'><em>_</em></span> <span class='ocrx_word' id='word_1_17' title='bbox 1970 508 2278 549; x_wconf 84' lang='lat' dir='ltr'><strong>sermonem</strong></span> <span class='ocrx_word' id='word_1_18' title='bbox 2305 494 2443 564; x_wconf 89' lang='lat' dir='ltr'><strong>ejus.</strong></span> <span class='ocrx_word' id='word_1_19' title='bbox 2475 495 2668 562; x_wconf 89' lang='lat' dir='ltr'><strong>Dicite,</strong></span> <span class='ocrx_word' id='word_1_20' title='bbox 2693 495 2892 554; x_wconf 77' lang='lat' dir='ltr'><strong>fratres</strong></span> <span class='ocrx_word' id='word_1_21' title='bbox 2919 498 3115 567; x_wconf 89' lang='lat' dir='ltr'><strong>nostri,</strong></span> <span class='ocrx_word' id='word_1_22' title='bbox 3139 499 3443 557; x_wconf 89' lang='lat' dir='ltr'><strong>odientibns</strong></span> <span class='ocrx_word' id='word_1_23' title='bbox 3480 511 3538 557; x_wconf 86' lang='lat' dir='ltr'><strong>et</strong></span> 
     </span>
    </p>
   </div>
   <div class='ocr_carea' id='block_1_6' title="bbox 282 571 1856 655">
    <p class='ocr_par' dir='ltr' id='par_1_6' title="bbox 282 571 1856 655">
     <span class='ocr_line' id='line_1_6' title="bbox 282 571 1856 655; baseline 0.01 -33"><span class='ocrx_word' id='word_1_24' title='bbox 282 572 383 626; x_wconf 82' lang='grc' dir='ltr'>καὶ</span> <span class='ocrx_word' id='word_1_25' title='bbox 425 571 887 644; x_wconf 83' lang='grc' dir='ltr'>βδελυσσομένοις,</span> <span class='ocrx_word' id='word_1_26' title='bbox 923 575 1010 627; x_wconf 79' lang='grc' dir='ltr'>ἵνα</span> <span class='ocrx_word' id='word_1_27' title='bbox 1045 575 1106 629; x_wconf 81' lang='grc' dir='ltr'>τὸ</span> <span class='ocrx_word' id='word_1_28' title='bbox 1144 577 1313 649; x_wconf 75' lang='grc' dir='ltr'>ὄνομα</span> <span class='ocrx_word' id='word_1_29' title='bbox 1363 580 1571 650; x_wconf 81' lang='grc' dir='ltr'>Κυρίου</span> <span class='ocrx_word' id='word_1_30' title='bbox 1604 580 1856 655; x_wconf 79' lang='grc' dir='ltr'><strong>δοξασθῇ,</strong></span> 
     </span>
    </p>
   </div>
   <div class='ocr_carea' id='block_1_7' title="bbox 283 665 1858 746">
    <p class='ocr_par' dir='ltr' id='par_1_7' title="bbox 283 665 1858 746">
     <span class='ocr_line' id='line_1_7' title="bbox 283 665 1858 746; baseline 0.006 -26"><span class='ocrx_word' id='word_1_31' title='bbox 283 666 377 720; x_wconf 77' lang='grc' dir='ltr'>καὶ</span> <span class='ocrx_word' id='word_1_32' title='bbox 405 665 543 738; x_wconf 77' lang='grc' dir='ltr'>ὀφθῇ</span> <span class='ocrx_word' id='word_1_33' title='bbox 568 667 625 720; x_wconf 90' lang='grc' dir='ltr'><strong>ἐν</strong></span> <span class='ocrx_word' id='word_1_34' title='bbox 649 669 714 738; x_wconf 83' lang='grc' dir='ltr'>τῇ</span> <span class='ocrx_word' id='word_1_35' title='bbox 736 666 1041 742; x_wconf 75' lang='grc' dir='ltr'>εὐφροσύνῃ</span> <span class='ocrx_word' id='word_1_36' title='bbox 1068 670 1267 737; x_wconf 80' lang='grc' dir='ltr'>αὐτῶν,</span> <span class='ocrx_word' id='word_1_37' title='bbox 1302 672 1394 725; x_wconf 78' lang='grc' dir='ltr'>καὶ</span> <span class='ocrx_word' id='word_1_38' title='bbox 1422 673 1616 727; x_wconf 87' lang='grc' dir='ltr'>ἐκεῖνοι</span> <span class='ocrx_word' id='word_1_39' title='bbox 1637 676 1858 746; x_wconf 88' lang='grc' dir='ltr'>αίσχυν-</span> 
     </span>
    </p>
   </div>
   <div class='ocr_carea' id='block_1_8' title="bbox 283 753 1859 837">
    <p class='ocr_par' dir='ltr' id='par_1_8' title="bbox 283 753 1859 837">
     <span class='ocr_line' id='line_1_8' title="bbox 283 753 1859 837; baseline 0.008 -30"><span class='ocrx_word' id='word_1_40' title='bbox 283 753 562 825; x_wconf 82' lang='grc' dir='ltr'>θήσονται.</span> <span class='ocrx_word' id='word_1_41' title='bbox 612 774 632 808; x_wconf 73' lang='grc' dir='ltr'><strong>ι</strong></span> <span class='ocrx_word' id='word_1_42' title='bbox 669 756 1038 825; x_wconf 83' lang='grc' dir='ltr'>Εὐαγγελικὸν</span> <span class='ocrx_word' id='word_1_43' title='bbox 1068 759 1248 824; x_wconf 84' lang='grc' dir='ltr'>αὐτοῖς</span> <span class='ocrx_word' id='word_1_44' title='bbox 1281 761 1610 833; x_wconf 89' lang='grc' dir='ltr'>παραδίδωσι</span> <span class='ocrx_word' id='word_1_45' title='bbox 1646 767 1859 837; x_wconf 86' lang='grc' dir='ltr'>παράγ-</span> 
     </span>
    </p>
   </div>
   <div class='ocr_carea' id='block_1_9' title="bbox 281 848 1856 929">
    <p class='ocr_par' dir='ltr' id='par_1_9' title="bbox 281 848 1856 929">
     <span class='ocr_line' id='line_1_9' title="bbox 281 848 1856 929; baseline 0.007 -29"><span class='ocrx_word' id='word_1_46' title='bbox 281 848 463 919; x_wconf 75' lang='grc' dir='ltr'>γελμα</span> <span class='ocrx_word' id='word_1_47' title='bbox 492 849 644 902; x_wconf 79' lang='grc' dir='ltr'>οὐδὲν</span> <span class='ocrx_word' id='word_1_48' title='bbox 667 849 918 921; x_wconf 83' lang='grc' dir='ltr'><strong>διαφέρον</strong></span> <span class='ocrx_word' id='word_1_49' title='bbox 952 851 1068 917; x_wconf 90' lang='grc' dir='ltr'>τοῦ,</span> <span class='ocrx_word' id='word_1_50' title='bbox 1105 869 1126 905; x_wconf 86' lang='grc'><strong><em>‹</em></strong></span> <span class='ocrx_word' id='word_1_51' title='bbox 1181 853 1453 922; x_wconf 78' lang='grc' dir='ltr'>’Δγαπᾶτε</span> <span class='ocrx_word' id='word_1_52' title='bbox 1476 856 1602 920; x_wconf 82' lang='grc' dir='ltr'>τοὺς</span> <span class='ocrx_word' id='word_1_53' title='bbox 1629 857 1856 929; x_wconf 80' lang='grc' dir='ltr'>ἐχθροὺς</span> 
     </span>
    </p>
   </div>
   <div class='ocr_carea' id='block_1_10' title="bbox 280 937 1856 1020">
    <p class='ocr_par' dir='ltr' id='par_1_10' title="bbox 280 937 1856 1020">
     <span class='ocr_line' id='line_1_10' title="bbox 280 937 1856 1020; baseline 0.008 -30"><span class='ocrx_word' id='word_1_54' title='bbox 280 937 455 1008; x_wconf 79' lang='grc' dir='ltr'>ὑμῶν,</span> <span class='ocrx_word' id='word_1_55' title='bbox 490 938 672 1002; x_wconf 89' lang='grc' dir='ltr'>καλῶς</span> <span class='ocrx_word' id='word_1_56' title='bbox 697 942 901 994; x_wconf 80' lang='grc' dir='ltr'><strong>ποιεῖτε</strong></span> <span class='ocrx_word' id='word_1_57' title='bbox 931 943 1057 1005; x_wconf 83' lang='grc' dir='ltr'>τοὺς</span> <span class='ocrx_word' id='word_1_58' title='bbox 1103 943 1395 1014; x_wconf 81' lang='grc' dir='ltr'><strong>μισοῦντας</strong></span> <span class='ocrx_word' id='word_1_59' title='bbox 1427 946 1592 1017; x_wconf 77' lang='grc' dir='ltr'>ὑμᾶς,</span> <span class='ocrx_word' id='word_1_60' title='bbox 1625 949 1856 1020; x_wconf 88' lang='grc' dir='ltr'>προσεύ-</span> 
     </span>
    </p>
   </div>
   <div class='ocr_carea' id='block_1_11' title="bbox 282 1031 1850 1109">
    <p class='ocr_par' dir='ltr' id='par_1_11' title="bbox 282 1031 1850 1109">
     <span class='ocr_line' id='line_1_11' title="bbox 282 1031 1850 1109; baseline 0.008 -25"><span class='ocrx_word' id='word_1_61' title='bbox 282 1031 442 1101; x_wconf 87' lang='grc' dir='ltr'>χεσθε</span> <span class='ocrx_word' id='word_1_62' title='bbox 472 1033 612 1106; x_wconf 82' lang='grc' dir='ltr'>ὑπὲρ</span> <span class='ocrx_word' id='word_1_63' title='bbox 639 1033 746 1087; x_wconf 90' lang='grc' dir='ltr'><strong>τῶν</strong></span> <span class='ocrx_word' id='word_1_64' title='bbox 780 1034 1196 1107; x_wconf 74' lang='grc' dir='ltr'>ἐπηρεαζόντων</span> <span class='ocrx_word' id='word_1_65' title='bbox 1223 1039 1369 1109; x_wconf 79' lang='grc' dir='ltr'>ὑμᾶς</span> <span class='ocrx_word' id='word_1_66' title='bbox 1403 1041 1501 1093; x_wconf 74' lang='grc' dir='ltr'>καὶ</span> <span class='ocrx_word' id='word_1_67' title='bbox 1529 1041 1850 1108; x_wconf 80' lang='grc' dir='ltr'><strong>διωκόντων,</strong></span> 
     </span>
    </p>
   </div>
   <div class='ocr_carea' id='block_1_12' title="bbox 283 1123 1846 1204">
    <p class='ocr_par' dir='ltr' id='par_1_12' title="bbox 283 1123 1846 1204">
     <span class='ocr_line' id='line_1_12' title="bbox 283 1123 1846 1204; baseline 0.008 -28"><span class='ocrx_word' id='word_1_68' title='bbox 283 1124 370 1177; x_wconf 75' lang='grc' dir='ltr'>ἵνα</span> <span class='ocrx_word' id='word_1_69' title='bbox 394 1123 624 1195; x_wconf 80' lang='grc' dir='ltr'><strong>γένησθε</strong></span> <span class='ocrx_word' id='word_1_70' title='bbox 652 1127 759 1179; x_wconf 70' lang='lat' dir='ltr'><strong>uiol-</strong></span> <span class='ocrx_word' id='word_1_71' title='bbox 785 1127 877 1180; x_wconf 88' lang='grc' dir='ltr'><strong>τοῦ</strong></span> <span class='ocrx_word' id='word_1_72' title='bbox 903 1128 1116 1200; x_wconf 83' lang='grc' dir='ltr'>Πατρὺς</span> <span class='ocrx_word' id='word_1_73' title='bbox 1145 1129 1298 1202; x_wconf 81' lang='grc' dir='ltr'>ὑμῶν</span> <span class='ocrx_word' id='word_1_74' title='bbox 1318 1131 1409 1185; x_wconf 91' lang='grc' dir='ltr'><strong>τοῦ</strong></span> <span class='ocrx_word' id='word_1_75' title='bbox 1437 1134 1495 1186; x_wconf 86' lang='grc' dir='ltr'><strong>ἐν</strong></span> <span class='ocrx_word' id='word_1_76' title='bbox 1526 1135 1794 1204; x_wconf 76' lang='grc' dir='ltr'>οὐρανοῖς.</span> <span class='ocrx_word' id='word_1_77' title='bbox 1828 1155 1846 1188; x_wconf 72' lang='grc' dir='ltr'><strong>ι</strong></span> 
     </span>
    </p>
   </div>
   <div class='ocr_carea' id='block_1_13' title="bbox 281 1213 1848 1292">
    <p class='ocr_par' dir='ltr' id='par_1_13' title="bbox 281 1213 1848 1292">
     <span class='ocr_line' id='line_1_13' title="bbox 281 1213 1848 1292; baseline 0.008 -24"><span class='ocrx_word' id='word_1_78' title='bbox 281 1213 437 1268; x_wconf 77' lang='grc' dir='ltr'>Οὕτω</span> <span class='ocrx_word' id='word_1_79' title='bbox 466 1217 559 1268; x_wconf 79' lang='grc' dir='ltr'>καὶ</span> <span class='ocrx_word' id='word_1_80' title='bbox 593 1217 627 1288; x_wconf 86' lang='grc' dir='ltr'><strong>ή</strong></span> <span class='ocrx_word' id='word_1_81' title='bbox 658 1219 963 1289; x_wconf 79' lang='grc' dir='ltr'>προφητεία</span> <span class='ocrx_word' id='word_1_82' title='bbox 996 1219 1430 1292; x_wconf 80' lang='grc' dir='ltr'>παρακελεύεται</span> <span class='ocrx_word' id='word_1_83' title='bbox 1464 1225 1560 1278; x_wconf 77' lang='grc' dir='ltr'>καὶ</span> <span class='ocrx_word' id='word_1_84' title='bbox 1589 1225 1848 1280; x_wconf 82' lang='grc' dir='ltr'>διδάσκει.</span> 
     </span>
    </p>
   </div>
   <div class='ocr_carea' id='block_1_14' title="bbox 343 1307 1850 1388">
    <p class='ocr_par' dir='ltr' id='par_1_14' title="bbox 343 1307 1850 1388">
     <span class='ocr_line' id='line_1_14' title="bbox 343 1307 1850 1388; baseline 0.009 -30"><span class='ocrx_word' id='word_1_85' title='bbox 343 1325 373 1357; x_wconf 71' lang='grc'><strong>’1</strong></span> <span class='ocrx_word' id='word_1_86' title='bbox 413 1307 568 1378; x_wconf 78' lang='grc' dir='ltr'>Φωνὴ</span> <span class='ocrx_word' id='word_1_87' title='bbox 608 1309 854 1380; x_wconf 86' lang='grc' dir='ltr'>κραυγῆς</span> <span class='ocrx_word' id='word_1_88' title='bbox 887 1311 952 1363; x_wconf 90' lang='grc' dir='ltr'><strong>ἐκ</strong></span> <span class='ocrx_word' id='word_1_89' title='bbox 980 1310 1207 1375; x_wconf 79' lang='grc' dir='ltr'>πόλεως,</span> <span class='ocrx_word' id='word_1_90' title='bbox 1238 1314 1389 1386; x_wconf 79' lang='grc' dir='ltr'>φωνὴ</span> <span class='ocrx_word' id='word_1_91' title='bbox 1423 1315 1487 1368; x_wconf 88' lang='grc' dir='ltr'><strong>ἐκ</strong></span> <span class='ocrx_word' id='word_1_92' title='bbox 1515 1315 1665 1380; x_wconf 89' lang='grc' dir='ltr'>ναοῦ,</span> <span class='ocrx_word' id='word_1_93' title='bbox 1701 1317 1850 1388; x_wconf 80' lang='grc' dir='ltr'>φωνὴ</span> 
     </span>
    </p>
   </div>
   <div class='ocr_carea' id='block_1_15' title="bbox 277 1397 1853 1478">
    <p class='ocr_par' dir='ltr' id='par_1_15' title="bbox 277 1397 1853 1478">
     <span class='ocr_line' id='line_1_15' title="bbox 277 1397 1853 1478; baseline 0.008 -29"><span class='ocrx_word' id='word_1_94' title='bbox 277 1397 482 1468; x_wconf 77' lang='grc' dir='ltr'>Κυρίου</span> <span class='ocrx_word' id='word_1_95' title='bbox 528 1399 968 1465; x_wconf 85' lang='grc' dir='ltr'>ἀνταποδιδόντος</span> <span class='ocrx_word' id='word_1_96' title='bbox 999 1403 1354 1458; x_wconf 79' lang='grc' dir='ltr'>ἀνταπόδοσιν</span> <span class='ocrx_word' id='word_1_97' title='bbox 1386 1409 1498 1470; x_wconf 85' lang='grc' dir='ltr'>τοῖς</span> <span class='ocrx_word' id='word_1_98' title='bbox 1545 1407 1853 1478; x_wconf 80' lang='grc' dir='ltr'>ἀντικειμέ-</span> 
     </span>
    </p>
   </div>
   <div class='ocr_carea' id='block_1_16' title="bbox 275 1490 1851 1568">
    <p class='ocr_par' dir='ltr' id='par_1_16' title="bbox 275 1490 1851 1568">
     <span class='ocr_line' id='line_1_16' title="bbox 275 1490 1851 1568; baseline 0.008 -27"><span class='ocrx_word' id='word_1_99' title='bbox 275 1506 408 1553; x_wconf 87' lang='grc' dir='ltr'>νοις.</span> <span class='ocrx_word' id='word_1_100' title='bbox 449 1509 466 1541; x_wconf 79' lang='grc' dir='ltr'><strong>ι</strong></span> <span class='ocrx_word' id='word_1_101' title='bbox 499 1490 560 1543; x_wconf 85' lang='grc' dir='ltr'>Εἰ</span> <span class='ocrx_word' id='word_1_102' title='bbox 604 1491 712 1564; x_wconf 82' lang='grc' dir='ltr'>γὰρ</span> <span class='ocrx_word' id='word_1_103' title='bbox 743 1492 912 1547; x_wconf 89' lang='grc' dir='ltr'>ταῦτα</span> <span class='ocrx_word' id='word_1_104' title='bbox 945 1495 1255 1565; x_wconf 82' lang='grc' dir='ltr'>πράττοιτο,</span> <span class='ocrx_word' id='word_1_105' title='bbox 1301 1497 1452 1567; x_wconf 77' lang='grc' dir='ltr'>ὑμῶν</span> <span class='ocrx_word' id='word_1_106' title='bbox 1488 1499 1586 1568; x_wconf 84' lang='grc' dir='ltr'>μὲν</span> <span class='ocrx_word' id='word_1_107' title='bbox 1617 1499 1760 1553; x_wconf 80' lang='grc' dir='ltr'>κατὰ</span> <span class='ocrx_word' id='word_1_108' title='bbox 1790 1500 1851 1552; x_wconf 84' lang='grc' dir='ltr'>τὸ</span> 
     </span>
    </p>
   </div>
   <div class='ocr_carea' id='block_1_17' title="bbox 273 1581 1851 1658">
    <p class='ocr_par' dir='ltr' id='par_1_17' title="bbox 273 1581 1851 1658">
     <span class='ocr_line' id='line_1_17' title="bbox 273 1581 1851 1658; baseline 0.007 -23"><span class='ocrx_word' id='word_1_109' title='bbox 273 1581 424 1645; x_wconf 84' lang='grc' dir='ltr'>τέλος</span> <span class='ocrx_word' id='word_1_110' title='bbox 450 1582 556 1636; x_wconf 85' lang='grc' dir='ltr'><strong>τῶν</strong></span> <span class='ocrx_word' id='word_1_111' title='bbox 581 1583 824 1653; x_wconf 79' lang='grc' dir='ltr'>άμοιὸῶν</span> <span class='ocrx_word' id='word_1_112' title='bbox 848 1585 1151 1658; x_wconf 81' lang='grc' dir='ltr'>εὐφροσύνη</span> <span class='ocrx_word' id='word_1_113' title='bbox 1177 1587 1398 1658; x_wconf 72' lang='grc' dir='ltr'>ἔκδηλος</span> <span class='ocrx_word' id='word_1_114' title='bbox 1428 1589 1576 1644; x_wconf 79' lang='grc' dir='ltr'>ἔσται</span> <span class='ocrx_word' id='word_1_115' title='bbox 1607 1594 1720 1655; x_wconf 85' lang='grc' dir='ltr'>τοῖς</span> <span class='ocrx_word' id='word_1_116' title='bbox 1747 1594 1851 1646; x_wconf 80' lang='grc' dir='ltr'><strong>πᾶ-</strong></span> 
     </span>
    </p>
   </div>
   <div class='ocr_carea' id='block_1_18' title="bbox 275 1675 1848 1756">
    <p class='ocr_par' dir='ltr' id='par_1_18' title="bbox 275 1675 1848 1756">
     <span class='ocr_line' id='line_1_18' title="bbox 275 1675 1848 1756; baseline 0.006 -29"><span class='ocrx_word' id='word_1_117' title='bbox 275 1691 377 1727; x_wconf 86' lang='grc' dir='ltr'>σιν·</span> <span class='ocrx_word' id='word_1_118' title='bbox 415 1677 612 1728; x_wconf 88' lang='grc' dir='ltr'>ἐκεῖνοι</span> <span class='ocrx_word' id='word_1_119' title='bbox 642 1675 699 1728; x_wconf 83' lang='grc' dir='ltr'>δὲ</span> <span class='ocrx_word' id='word_1_120' title='bbox 746 1677 1296 1750; x_wconf 87' lang='grc' dir='ltr'>καταισχυνθήσονται</span> <span class='ocrx_word' id='word_1_121' title='bbox 1324 1680 1385 1734; x_wconf 82' lang='grc' dir='ltr'><strong>τὸ</strong></span> <span class='ocrx_word' id='word_1_122' title='bbox 1418 1682 1680 1756; x_wconf 81' lang='grc' dir='ltr'>ὑμέτερον</span> <span class='ocrx_word' id='word_1_123' title='bbox 1717 1682 1848 1737; x_wconf 86' lang='grc' dir='ltr'>θεα-</span> 
     </span>
    </p>
   </div>
   <div class='ocr_carea' id='block_1_19' title="bbox 275 1766 1846 1839">
    <p class='ocr_par' dir='ltr' id='par_1_19' title="bbox 275 1766 1846 1839">
     <span class='ocr_line' id='line_1_19' title="bbox 275 1766 1846 1839; baseline 0.005 -19"><span class='ocrx_word' id='word_1_124' title='bbox 275 1766 499 1838; x_wconf 81' lang='grc' dir='ltr'>σάμενοι</span> <span class='ocrx_word' id='word_1_125' title='bbox 542 1767 712 1833; x_wconf 83' lang='grc' dir='ltr'>τέλος,</span> <span class='ocrx_word' id='word_1_126' title='bbox 750 1769 845 1822; x_wconf 81' lang='grc' dir='ltr'>καὶ</span> <span class='ocrx_word' id='word_1_127' title='bbox 887 1766 986 1839; x_wconf 81' lang='grc' dir='ltr'><strong>τὴν</strong></span> <span class='ocrx_word' id='word_1_128' title='bbox 1034 1769 1240 1824; x_wconf 78' lang='grc' dir='ltr'>ἑαυτῶν</span> <span class='ocrx_word' id='word_1_129' title='bbox 1269 1769 1544 1827; x_wconf 81' lang='grc' dir='ltr'>ἀπώλειαν</span> <span class='ocrx_word' id='word_1_130' title='bbox 1583 1773 1724 1827; x_wconf 84' lang='grc' dir='ltr'>κατὰ</span> <span class='ocrx_word' id='word_1_131' title='bbox 1755 1775 1846 1828; x_wconf 85' lang='grc' dir='ltr'>τὸν</span> 
     </span>
    </p>
   </div>
   <div class='ocr_carea' id='block_1_20' title="bbox 1961 585 3535 663">
    <p class='ocr_par' dir='ltr' id='par_1_20' title="bbox 1961 585 3535 663">
     <span class='ocr_line' id='line_1_20' title="bbox 1961 585 3535 663; baseline 0.006 -23"><span class='ocrx_word' id='word_1_132' title='bbox 1961 585 2405 642; x_wconf 77' lang='lat' dir='ltr'><strong>abominantibus</strong></span> <span class='ocrx_word' id='word_1_133' title='bbox 2451 602 2564 653; x_wconf 87' lang='lat' dir='ltr'><strong>vos,</strong></span> <span class='ocrx_word' id='word_1_134' title='bbox 2607 598 2664 644; x_wconf 95' lang='lat' dir='ltr'><strong>ut</strong></span> <span class='ocrx_word' id='word_1_135' title='bbox 2693 605 2890 646; x_wconf 89' lang='lat' dir='ltr'><strong>nomen</strong></span> <span class='ocrx_word' id='word_1_136' title='bbox 2924 591 3136 646; x_wconf 89' lang='lat' dir='ltr'><strong>Domini</strong></span> <span class='ocrx_word' id='word_1_137' title='bbox 3179 592 3535 663; x_wconf 82' lang='lat' dir='ltr'><strong>gloriﬁeetur,</strong></span> 
     </span>
    </p>
   </div>
   <div class='ocr_carea' id='block_1_21' title="bbox 1957 677 3528 744">
    <p class='ocr_par' dir='ltr' id='par_1_21' title="bbox 1957 677 3528 744">
     <span class='ocr_line' id='line_1_21' title="bbox 1957 677 3528 744; baseline 0.005 -13"><span class='ocrx_word' id='word_1_138' title='bbox 1957 686 2012 731; x_wconf 91' lang='lat' dir='ltr'><strong>et</strong></span> <span class='ocrx_word' id='word_1_139' title='bbox 2054 677 2300 731; x_wconf 90' lang='lat' dir='ltr'><strong>videatur</strong></span> <span class='ocrx_word' id='word_1_140' title='bbox 2325 677 2379 731; x_wconf 91' lang='lat' dir='ltr'><strong>in</strong></span> <span class='ocrx_word' id='word_1_141' title='bbox 2415 678 2596 733; x_wconf 73' lang='lat' dir='ltr'><strong>laetitia</strong></span> <span class='ocrx_word' id='word_1_142' title='bbox 2623 694 2833 744; x_wconf 91' lang='lat' dir='ltr'><strong>eorum,</strong></span> <span class='ocrx_word' id='word_1_143' title='bbox 2863 690 2920 736; x_wconf 88' lang='lat' dir='ltr'><strong>et</strong></span> <span class='ocrx_word' id='word_1_144' title='bbox 2951 681 3025 736; x_wconf 86' lang='lat' dir='ltr'><strong>illi</strong></span> <span class='ocrx_word' id='word_1_145' title='bbox 3057 681 3478 738; x_wconf 82' lang='lat' dir='ltr'><strong>eonl‘undentur.</strong></span> <span class='ocrx_word' id='word_1_146' title='bbox 3507 705 3528 739; x_wconf 71' lang='grc' dir='ltr'><strong>ι</strong></span> 
     </span>
    </p>
   </div>
   <div class='ocr_carea' id='block_1_22' title="bbox 1957 766 3532 839">
    <p class='ocr_par' dir='ltr' id='par_1_22' title="bbox 1957 766 3532 839">
     <span class='ocr_line' id='line_1_22' title="bbox 1957 766 3532 839; baseline 0.005 -17"><span class='ocrx_word' id='word_1_147' title='bbox 1957 766 2331 838; x_wconf 80' lang='lat' dir='ltr'><strong>Evangelicum</strong></span> <span class='ocrx_word' id='word_1_148' title='bbox 2367 768 2498 837; x_wconf 86' lang='lat' dir='ltr'><strong>ipsis</strong></span> <span class='ocrx_word' id='word_1_149' title='bbox 2531 780 2854 839; x_wconf 66' lang='lat' dir='ltr'><strong>praeceptum</strong></span> <span class='ocrx_word' id='word_1_150' title='bbox 2903 773 3095 834; x_wconf 87' lang='lat' dir='ltr'><strong>tradit.</strong></span> <span class='ocrx_word' id='word_1_151' title='bbox 3141 774 3276 828; x_wconf 89' lang='lat' dir='ltr'><strong>nihil</strong></span> <span class='ocrx_word' id='word_1_152' title='bbox 3322 775 3532 829; x_wconf 88' lang='lat' dir='ltr'><strong>discre-</strong></span> 
     </span>
    </p>
   </div>
   <div class='ocr_carea' id='block_1_23' title="bbox 1955 858 3532 932">
    <p class='ocr_par' dir='ltr' id='par_1_23' title="bbox 1955 858 3532 932">
     <span class='ocr_line' id='line_1_23' title="bbox 1955 858 3532 932; baseline 0.007 -21"><span class='ocrx_word' id='word_1_153' title='bbox 1955 873 2090 927; x_wconf 86' lang='lat' dir='ltr'><strong>pans</strong></span> <span class='ocrx_word' id='word_1_154' title='bbox 2115 858 2182 913; x_wconf 92' lang='lat' dir='ltr'><strong>ab</strong></span> <span class='ocrx_word' id='word_1_155' title='bbox 2215 872 2302 924; x_wconf 87' lang='lat' dir='ltr'><strong>eo,</strong></span> <span class='ocrx_word' id='word_1_156' title='bbox 2340 876 2360 910; x_wconf 78' lang='grc' dir='ltr'><strong>ι</strong></span> <span class='ocrx_word' id='word_1_157' title='bbox 2393 858 2607 929; x_wconf 87' lang='lat' dir='ltr'><strong>Diligite</strong></span> <span class='ocrx_word' id='word_1_158' title='bbox 2645 861 2895 917; x_wconf 90' lang='lat' dir='ltr'><strong>inimicos</strong></span> <span class='ocrx_word' id='word_1_159' title='bbox 2933 875 3180 932; x_wconf 88' lang='lat' dir='ltr'><strong>vestros,</strong></span> <span class='ocrx_word' id='word_1_160' title='bbox 3226 865 3532 922; x_wconf 81' lang='lat' dir='ltr'><strong>benefacite</strong></span> 
     </span>
    </p>
   </div>
   <div class='ocr_carea' id='block_1_24' title="bbox 1954 943 3532 1028">
    <p class='ocr_par' dir='ltr' id='par_1_24' title="bbox 1954 943 3532 1028">
     <span class='ocr_line' id='line_1_24' title="bbox 1954 943 3532 1028; baseline 0.007 -25"><span class='ocrx_word' id='word_1_161' title='bbox 1954 951 2043 1015; x_wconf 92' lang='lat' dir='ltr'><strong>iis,</strong></span> <span class='ocrx_word' id='word_1_162' title='bbox 2075 951 2168 1021; x_wconf 88' lang='lat' dir='ltr'><strong>qui</strong></span> <span class='ocrx_word' id='word_1_163' title='bbox 2200 943 2430 1007; x_wconf 81' lang='lat' dir='ltr'><strong>oderunt</strong></span> <span class='ocrx_word' id='word_1_164' title='bbox 2459 967 2574 1016; x_wconf 88' lang='lat' dir='ltr'><strong>vos,</strong></span> <span class='ocrx_word' id='word_1_165' title='bbox 2603 963 2755 1008; x_wconf 88' lang='lat' dir='ltr'><strong>orate</strong></span> <span class='ocrx_word' id='word_1_166' title='bbox 2794 969 2892 1022; x_wconf 92' lang='lat' dir='ltr'><strong>pro</strong></span> <span class='ocrx_word' id='word_1_167' title='bbox 2936 953 3296 1025; x_wconf 81' lang='lat' dir='ltr'><strong>aﬂligentibus</strong></span> <span class='ocrx_word' id='word_1_168' title='bbox 3331 970 3385 1014; x_wconf 90' lang='lat' dir='ltr'><strong>et</strong></span> <span class='ocrx_word' id='word_1_169' title='bbox 3413 974 3532 1028; x_wconf 85' lang='lat' dir='ltr'><strong>per-</strong></span> 
     </span>
    </p>
   </div>
   <div class='ocr_carea' id='block_1_25' title="bbox 1954 1041 3532 1116">
    <p class='ocr_par' dir='ltr' id='par_1_25' title="bbox 1954 1041 3532 1116">
     <span class='ocr_line' id='line_1_25' title="bbox 1954 1041 3532 1116; baseline 0.004 -22"><span class='ocrx_word' id='word_1_170' title='bbox 1954 1041 2302 1110; x_wconf 85' lang='lat' dir='ltr'><strong>sequentibus</strong></span> <span class='ocrx_word' id='word_1_171' title='bbox 2338 1057 2468 1108; x_wconf 75' lang='lat' dir='ltr'><strong>vos;</strong></span> <span class='ocrx_word' id='word_1_172' title='bbox 2511 1055 2569 1095; x_wconf 85' lang='lat' dir='ltr'><strong>ut</strong></span> <span class='ocrx_word' id='word_1_173' title='bbox 2612 1043 2730 1097; x_wconf 81' lang='lat' dir='ltr'><strong>sitis</strong></span> <span class='ocrx_word' id='word_1_174' title='bbox 2768 1043 2859 1096; x_wconf 89' lang='lat' dir='ltr'><strong>lilii</strong></span> <span class='ocrx_word' id='word_1_175' title='bbox 2895 1042 3072 1098; x_wconf 85' lang='lat' dir='ltr'><strong>Patris</strong></span> <span class='ocrx_word' id='word_1_176' title='bbox 3107 1047 3296 1111; x_wconf 87' lang='lat' dir='ltr'><strong>vestri,</strong></span> <span class='ocrx_word' id='word_1_177' title='bbox 3327 1047 3418 1116; x_wconf 89' lang='lat' dir='ltr'><strong>qui</strong></span> <span class='ocrx_word' id='word_1_178' title='bbox 3447 1056 3532 1101; x_wconf 90' lang='lat' dir='ltr'><strong>est</strong></span> 
     </span>
    </p>
   </div>
   <div class='ocr_carea' id='block_1_26' title="bbox 1953 1134 3528 1209">
    <p class='ocr_par' dir='ltr' id='par_1_26' title="bbox 1953 1134 3528 1209">
     <span class='ocr_line' id='line_1_26' title="bbox 1953 1134 3528 1209; baseline 0.005 -21"><span class='ocrx_word' id='word_1_179' title='bbox 1953 1137 2007 1188; x_wconf 92' lang='lat' dir='ltr'><strong>in</strong></span> <span class='ocrx_word' id='word_1_180' title='bbox 2039 1134 2190 1190; x_wconf 81' lang='lat' dir='ltr'><strong>cmlis</strong></span> <span class='ocrx_word' id='word_1_181' title='bbox 2213 1135 2279 1188; x_wconf 80' lang='grc'><strong>³¹.</strong></span> <span class='ocrx_word' id='word_1_182' title='bbox 2308 1153 2327 1186; x_wconf 72' lang='grc' dir='ltr'><strong>ι</strong></span> <span class='ocrx_word' id='word_1_183' title='bbox 2369 1135 2567 1190; x_wconf 87' lang='lat' dir='ltr'><strong>Eadem</strong></span> <span class='ocrx_word' id='word_1_184' title='bbox 2599 1150 2823 1204; x_wconf 86' lang='lat' dir='ltr'><strong>prorsus</strong></span> <span class='ocrx_word' id='word_1_185' title='bbox 2854 1139 3098 1209; x_wconf 80' lang='lat' dir='ltr'><strong>praecipit</strong></span> <span class='ocrx_word' id='word_1_186' title='bbox 3124 1151 3177 1194; x_wconf 90' lang='lat' dir='ltr'><strong>et</strong></span> <span class='ocrx_word' id='word_1_187' title='bbox 3211 1139 3368 1195; x_wconf 90' lang='lat' dir='ltr'><strong>docet</strong></span> <span class='ocrx_word' id='word_1_188' title='bbox 3399 1156 3528 1208; x_wconf 85' lang='lat' dir='ltr'><strong>pro-</strong></span> 
     </span>
    </p>
   </div>
   <div class='ocr_carea' id='block_1_27' title="bbox 1951 1224 2157 1294">
    <p class='ocr_par' dir='ltr' id='par_1_27' title="bbox 1951 1224 2157 1294">
     <span class='ocr_line' id='line_1_27' title="bbox 1951 1224 2157 1294; baseline 0.015 -19"><span class='ocrx_word' id='word_1_189' title='bbox 1951 1224 2157 1294; x_wconf 70' lang='lat' dir='ltr'><strong>pheua.</strong></span> 
     </span>
    </p>
   </div>
   <div class='ocr_carea' id='block_1_28' title="bbox 2023 1313 3529 1383">
    <p class='ocr_par' dir='ltr' id='par_1_28' title="bbox 2023 1313 3529 1383">
     <span class='ocr_line' id='line_1_28' title="bbox 2023 1313 3529 1383; baseline 0.005 -17"><span class='ocrx_word' id='word_1_190' title='bbox 2023 1313 2186 1371; x_wconf 61' lang='lat' dir='ltr'><strong>Vens.</strong></span> <span class='ocrx_word' id='word_1_191' title='bbox 2213 1315 2264 1370; x_wconf 88' lang='lat'><strong>6.</strong></span> <span class='ocrx_word' id='word_1_192' title='bbox 2303 1335 2321 1368; x_wconf 85' lang='grc' dir='ltr'><strong>ι</strong></span> <span class='ocrx_word' id='word_1_193' title='bbox 2354 1314 2764 1372; x_wconf 63' lang='lat' dir='ltr'><strong>Vox‘clamoris</strong></span> <span class='ocrx_word' id='word_1_194' title='bbox 2803 1331 2869 1371; x_wconf 89' lang='lat' dir='ltr'><strong>ex</strong></span> <span class='ocrx_word' id='word_1_195' title='bbox 2913 1318 3151 1383; x_wconf 86' lang='lat' dir='ltr'><strong>civitate,</strong></span> <span class='ocrx_word' id='word_1_196' title='bbox 3193 1333 3296 1373; x_wconf 85' lang='lat' dir='ltr'><strong>vox</strong></span> <span class='ocrx_word' id='word_1_197' title='bbox 3329 1333 3360 1372; x_wconf 90' lang='lat' dir='ltr'><strong>e</strong></span> <span class='ocrx_word' id='word_1_198' title='bbox 3391 1328 3529 1374; x_wconf 87' lang='lat' dir='ltr'><strong>tem-</strong></span> 
     </span>
    </p>
   </div>
   <div class='ocr_carea' id='block_1_29' title="bbox 1952 1405 3530 1476">
    <p class='ocr_par' dir='ltr' id='par_1_29' title="bbox 1952 1405 3530 1476">
     <span class='ocr_line' id='line_1_29' title="bbox 1952 1405 3530 1476; baseline 0.002 -19"><span class='ocrx_word' id='word_1_199' title='bbox 1952 1405 2058 1476; x_wconf 84' lang='lat' dir='ltr'><strong>plo,</strong></span> <span class='ocrx_word' id='word_1_200' title='bbox 2086 1421 2185 1460; x_wconf 94' lang='lat' dir='ltr'><strong>vox</strong></span> <span class='ocrx_word' id='word_1_201' title='bbox 2219 1406 2428 1476; x_wconf 87' lang='lat' dir='ltr'><strong>Domini</strong></span> <span class='ocrx_word' id='word_1_202' title='bbox 2463 1407 2810 1462; x_wconf 91' lang='lat' dir='ltr'><strong>retribuentis</strong></span> <span class='ocrx_word' id='word_1_203' title='bbox 2839 1407 3247 1461; x_wconf 80' lang='lat' dir='ltr'><strong>retributionem</strong></span> <span class='ocrx_word' id='word_1_204' title='bbox 3279 1409 3530 1461; x_wconf 72' lang='lat' dir='ltr'><strong>adversa~</strong></span> 
     </span>
    </p>
   </div>
   <div class='ocr_carea' id='block_1_30' title="bbox 1956 1497 3527 1568">
    <p class='ocr_par' dir='ltr' id='par_1_30' title="bbox 1956 1497 3527 1568">
     <span class='ocr_line' id='line_1_30' title="bbox 1956 1497 3527 1568; baseline 0.001 -16"><span class='ocrx_word' id='word_1_205' title='bbox 1956 1498 2104 1560; x_wconf 63' lang='lat' dir='ltr'><strong>riis.»</strong></span> <span class='ocrx_word' id='word_1_206' title='bbox 2140 1497 2271 1551; x_wconf 85' lang='lat' dir='ltr'><strong>Nam</strong></span> <span class='ocrx_word' id='word_1_207' title='bbox 2297 1499 2341 1552; x_wconf 89' lang='lat' dir='ltr'><strong>si</strong></span> <span class='ocrx_word' id='word_1_208' title='bbox 2379 1499 2493 1552; x_wconf 73' lang='lat' dir='ltr'><strong>lucc</strong></span> <span class='ocrx_word' id='word_1_209' title='bbox 2523 1508 2772 1568; x_wconf 79' lang='lat' dir='ltr'><strong>agantur,</strong></span> <span class='ocrx_word' id='word_1_210' title='bbox 2804 1499 2982 1552; x_wconf 82' lang='lat' dir='ltr'><strong>laetitia</strong></span> <span class='ocrx_word' id='word_1_211' title='bbox 3013 1509 3211 1563; x_wconf 88' lang='lat' dir='ltr'><strong>vestra,</strong></span> <span class='ocrx_word' id='word_1_212' title='bbox 3237 1499 3527 1554; x_wconf 84' lang='lat' dir='ltr'><strong>accedente</strong></span> 
     </span>
    </p>
   </div>
   <div class='ocr_carea' id='block_1_31' title="bbox 1949 1587 3523 1656">
    <p class='ocr_par' dir='ltr' id='par_1_31' title="bbox 1949 1587 3523 1656">
     <span class='ocr_line' id='line_1_31' title="bbox 1949 1587 3523 1656; baseline 0.003 -16"><span class='ocrx_word' id='word_1_213' title='bbox 1949 1587 2292 1656; x_wconf 67' lang='lat' dir='ltr'><strong>praemiorum</strong></span> <span class='ocrx_word' id='word_1_214' title='bbox 2331 1596 2592 1656; x_wconf 80' lang='lat' dir='ltr'><strong>tempore,</strong></span> <span class='ocrx_word' id='word_1_215' title='bbox 2635 1588 2890 1642; x_wconf 87' lang='lat' dir='ltr'><strong>omnibus</strong></span> <span class='ocrx_word' id='word_1_216' title='bbox 2941 1589 3224 1642; x_wconf 80' lang='lat' dir='ltr'><strong>manifesta</strong></span> <span class='ocrx_word' id='word_1_217' title='bbox 3265 1589 3409 1644; x_wconf 89' lang='lat' dir='ltr'><strong>erit:</strong></span> <span class='ocrx_word' id='word_1_218' title='bbox 3449 1589 3523 1644; x_wconf 82' lang='lat' dir='ltr'><strong>illi</strong></span> 
     </span>
    </p>
   </div>
   <div class='ocr_carea' id='block_1_32' title="bbox 1949 1675 3635 1747">
    <p class='ocr_par' dir='ltr' id='par_1_32' title="bbox 1949 1675 3635 1747">
     <span class='ocr_line' id='line_1_32' title="bbox 1949 1675 3635 1747; baseline 0.005 -19"><span class='ocrx_word' id='word_1_219' title='bbox 1949 1690 2079 1729; x_wconf 87' lang='lat' dir='ltr'><strong>vero</strong></span> <span class='ocrx_word' id='word_1_220' title='bbox 2147 1675 2307 1729; x_wconf 81' lang='lat' dir='ltr'><strong>ﬁnem</strong></span> <span class='ocrx_word' id='word_1_221' title='bbox 2372 1686 2610 1730; x_wconf 86' lang='lat' dir='ltr'><strong>vestrum</strong></span> <span class='ocrx_word' id='word_1_222' title='bbox 2671 1678 2966 1747; x_wconf 84' lang='lat' dir='ltr'><strong>conspicati</strong></span> <span class='ocrx_word' id='word_1_223' title='bbox 3023 1677 3416 1734; x_wconf 82' lang='lat' dir='ltr'><strong>confundentur</strong></span> <span class='ocrx_word' id='word_1_224' title='bbox 3469 1689 3526 1736; x_wconf 88' lang='lat' dir='ltr'><strong>et</strong></span> <span class='ocrx_word' id='word_1_225' title='bbox 3629 1735 3635 1742; x_wconf 69' lang='lat'><strong>,</strong></span> 
     </span>
    </p>
   </div>
   <div class='ocr_carea' id='block_1_33' title="bbox 1948 1765 3528 1844">
    <p class='ocr_par' dir='ltr' id='par_1_33' title="bbox 1948 1765 3528 1844">
     <span class='ocr_line' id='line_1_33' title="bbox 1948 1765 3528 1844; baseline 0.005 -22"><span class='ocrx_word' id='word_1_226' title='bbox 1948 1781 2102 1822; x_wconf 91' lang='lat' dir='ltr'><strong>suam</strong></span> <span class='ocrx_word' id='word_1_227' title='bbox 2147 1765 2336 1836; x_wconf 86' lang='lat' dir='ltr'><strong>judicii</strong></span> <span class='ocrx_word' id='word_1_228' title='bbox 2391 1768 2558 1823; x_wconf 85' lang='lat' dir='ltr'><strong>divini</strong></span> <span class='ocrx_word' id='word_1_229' title='bbox 2619 1777 2862 1840; x_wconf 89' lang='lat' dir='ltr'><strong>tempore</strong></span> <span class='ocrx_word' id='word_1_230' title='bbox 2921 1772 3214 1840; x_wconf 89' lang='lat' dir='ltr'><strong>perniciem</strong></span> <span class='ocrx_word' id='word_1_231' title='bbox 3269 1773 3528 1844; x_wconf 87' lang='lat' dir='ltr'><strong>operibus</strong></span> 
     </span>
    </p>
   </div>
   <div class='ocr_carea' id='block_1_34' title="bbox 269 1851 1841 1938">
    <p class='ocr_par' dir='ltr' id='par_1_34' title="bbox 269 1858 1841 1938">
     <span class='ocr_line' id='line_1_34' title="bbox 269 1858 1841 1938; baseline 0.004 -26"><span class='ocrx_word' id='word_1_232' title='bbox 269 1859 370 1932; x_wconf 81' lang='grc' dir='ltr'>τῆς</span> <span class='ocrx_word' id='word_1_233' title='bbox 399 1858 792 1932; x_wconf 81' lang='grc' dir='ltr'>δικαιοκρισίας</span> <span class='ocrx_word' id='word_1_234' title='bbox 824 1861 1012 1932; x_wconf 86' lang='grc' dir='ltr'>καιρὸν</span> <span class='ocrx_word' id='word_1_235' title='bbox 1036 1861 1130 1916; x_wconf 85' lang='grc' dir='ltr'><strong>τοῦ</strong></span> <span class='ocrx_word' id='word_1_236' title='bbox 1160 1862 1296 1916; x_wconf 89' lang='grc' dir='ltr'>Θεοῦ</span> <span class='ocrx_word' id='word_1_237' title='bbox 1323 1863 1508 1935; x_wconf 72' lang='grc' dir='ltr'>ἔργοις</span> <span class='ocrx_word' id='word_1_238' title='bbox 1536 1865 1841 1938; x_wconf 84' lang='grc' dir='ltr'>μαθησόμε-</span> 
     </span>
    </p>
   </div>
   <div class='ocr_carea' id='block_1_35' title="bbox 1938 1851 3521 1938">
    <p class='ocr_par' dir='ltr' id='par_1_35' title="bbox 1951 1856 3521 1924">
     <span class='ocr_line' id='line_1_35' title="bbox 1951 1856 3521 1924; baseline 0.002 -11"><span class='ocrx_word' id='word_1_239' title='bbox 1951 1859 2208 1914; x_wconf 89' lang='lat' dir='ltr'><strong>ediscent.</strong></span> <span class='ocrx_word' id='word_1_240' title='bbox 2238 1877 2256 1910; x_wconf 83' lang='grc' dir='ltr'><strong>ι</strong></span> <span class='ocrx_word' id='word_1_241' title='bbox 2303 1856 2414 1912; x_wconf 83' lang='lat' dir='ltr'><strong>Vox</strong></span> <span class='ocrx_word' id='word_1_242' title='bbox 2465 1859 2719 1914; x_wconf 89' lang='lat' dir='ltr'><strong>clamoris</strong></span> <span class='ocrx_word' id='word_1_243' title='bbox 2777 1875 2843 1915; x_wconf 87' lang='lat' dir='ltr'><strong>ex</strong></span> <span class='ocrx_word' id='word_1_244' title='bbox 2878 1862 3115 1924; x_wconf 87' lang='lat' dir='ltr'><strong>civitate,</strong></span> <span class='ocrx_word' id='word_1_245' title='bbox 3175 1876 3276 1915; x_wconf 83' lang='lat' dir='ltr'><strong>vox</strong></span> <span class='ocrx_word' id='word_1_246' title='bbox 3317 1877 3348 1918; x_wconf 93' lang='lat' dir='ltr'><strong>e</strong></span> <span class='ocrx_word' id='word_1_247' title='bbox 3379 1871 3521 1916; x_wconf 85' lang='lat' dir='ltr'><strong>tem-</strong></span> 
     </span>
    </p>
   </div>
   <div class='ocr_carea' id='block_1_36' title="bbox 271 1948 1841 2030">
    <p class='ocr_par' dir='ltr' id='par_1_36' title="bbox 271 1955 1838 2030">
     <span class='ocr_line' id='line_1_36' title="bbox 271 1955 1838 2030; baseline 0.003 -22"><span class='ocrx_word' id='word_1_248' title='bbox 271 1971 371 2008; x_wconf 91' lang='grc' dir='ltr'>νοι.</span> <span class='ocrx_word' id='word_1_249' title='bbox 425 1971 445 2005; x_wconf 77' lang='grc' dir='ltr'><strong>ι</strong></span> <span class='ocrx_word' id='word_1_250' title='bbox 484 1955 639 2026; x_wconf 79' lang='grc' dir='ltr'>Φωνὴ</span> <span class='ocrx_word' id='word_1_251' title='bbox 673 1955 921 2026; x_wconf 85' lang='grc' dir='ltr'>κραυγῆς</span> <span class='ocrx_word' id='word_1_252' title='bbox 963 1957 1028 2009; x_wconf 86' lang='grc' dir='ltr'><strong>ἐκ</strong></span> <span class='ocrx_word' id='word_1_253' title='bbox 1059 1956 1287 2022; x_wconf 89' lang='grc' dir='ltr'>πόλεως,</span> <span class='ocrx_word' id='word_1_254' title='bbox 1339 1958 1491 2030; x_wconf 86' lang='grc' dir='ltr'>φωνὴ</span> <span class='ocrx_word' id='word_1_255' title='bbox 1538 1961 1602 2012; x_wconf 86' lang='grc' dir='ltr'><strong>ἐκ</strong></span> <span class='ocrx_word' id='word_1_256' title='bbox 1633 1958 1783 2025; x_wconf 91' lang='grc' dir='ltr'>ναοῦ,</span> <span class='ocrx_word' id='word_1_257' title='bbox 1819 1977 1838 2011; x_wconf 75' lang='grc' dir='ltr'><strong>ι</strong></span> 
     </span>
    </p>
   </div>
   <div class='ocr_carea' id='block_1_37' title="bbox 1938 1948 3580 2030">
    <p class='ocr_par' dir='ltr' id='par_1_37' title="bbox 1945 1948 3580 2020">
     <span class='ocr_line' id='line_1_37' title="bbox 1945 1948 3580 2020; baseline 0.005 -20"><span class='ocrx_word' id='word_1_258' title='bbox 1945 1950 2050 2020; x_wconf 77' lang='lat' dir='ltr'><strong>plo.</strong></span> <span class='ocrx_word' id='word_1_259' title='bbox 2080 1968 2098 2001; x_wconf 72' lang='grc' dir='ltr'><strong>ι</strong></span> <span class='ocrx_word' id='word_1_260' title='bbox 2142 1948 2311 2004; x_wconf 86' lang='lat' dir='ltr'><strong>Voces</strong></span> <span class='ocrx_word' id='word_1_261' title='bbox 2354 1949 2567 2019; x_wconf 90' lang='lat' dir='ltr'><strong>quidem</strong></span> <span class='ocrx_word' id='word_1_262' title='bbox 2601 1948 2719 2004; x_wconf 79' lang='lat' dir='ltr'><strong>alia:</strong></span> <span class='ocrx_word' id='word_1_263' title='bbox 2755 1951 2951 2006; x_wconf 82' lang='lat' dir='ltr'><strong>civium</strong></span> <span class='ocrx_word' id='word_1_264' title='bbox 2991 1954 3407 2007; x_wconf 80' lang='lat' dir='ltr'><strong>exclamantium</strong></span> <span class='ocrx_word' id='word_1_265' title='bbox 3453 1968 3522 2008; x_wconf 88' lang='lat' dir='ltr'><strong>ex</strong></span> <span class='ocrx_word' id='word_1_266' title='bbox 3563 1975 3580 1991; x_wconf 57' lang='grc' dir='ltr'><strong>κ</strong></span> 
     </span>
    </p>
   </div>
   <div class='ocr_carea' id='block_1_38' title="bbox 271 2040 1841 2120">
    <p class='ocr_par' dir='ltr' id='par_1_38' title="bbox 271 2043 1841 2120">
     <span class='ocr_line' id='line_1_38' title="bbox 271 2043 1841 2120; baseline 0.004 -22"><span class='ocrx_word' id='word_1_267' title='bbox 271 2047 329 2099; x_wconf 88' lang='grc' dir='ltr'><strong>αἰ</strong></span> <span class='ocrx_word' id='word_1_268' title='bbox 375 2047 472 2117; x_wconf 88' lang='grc' dir='ltr'><strong>μέν</strong></span> <span class='ocrx_word' id='word_1_269' title='bbox 502 2043 562 2111; x_wconf 78' lang='grc' dir='ltr'>ἐξ</span> <span class='ocrx_word' id='word_1_270' title='bbox 586 2046 754 2116; x_wconf 79' lang='grc' dir='ltr'>αὐτῆς</span> <span class='ocrx_word' id='word_1_271' title='bbox 781 2048 880 2116; x_wconf 82' lang='grc' dir='ltr'>τῆς</span> <span class='ocrx_word' id='word_1_272' title='bbox 907 2047 1115 2111; x_wconf 89' lang='grc' dir='ltr'>πόλεως</span> <span class='ocrx_word' id='word_1_273' title='bbox 1147 2047 1255 2102; x_wconf 89' lang='grc' dir='ltr'><strong>τῶν</strong></span> <span class='ocrx_word' id='word_1_274' title='bbox 1285 2049 1584 2120; x_wconf 73' lang='grc' dir='ltr'>οἰκητόρων</span> <span class='ocrx_word' id='word_1_275' title='bbox 1615 2049 1841 2104; x_wconf 76' lang='grc' dir='ltr'>ἐκϐοῶν-</span> 
     </span>
    </p>
   </div>
   <div class='ocr_carea' id='block_1_39' title="bbox 1938 2040 3519 2120">
    <p class='ocr_par' dir='ltr' id='par_1_39' title="bbox 1945 2040 3519 2111">
     <span class='ocr_line' id='line_1_39' title="bbox 1945 2040 3519 2111; baseline 0.003 -16"><span class='ocrx_word' id='word_1_276' title='bbox 1945 2041 2197 2106; x_wconf 85' lang='lat' dir='ltr'><strong>civitate,</strong></span> <span class='ocrx_word' id='word_1_277' title='bbox 2269 2040 2386 2096; x_wconf 77' lang='lat' dir='ltr'><strong>alia:</strong></span> <span class='ocrx_word' id='word_1_278' title='bbox 2458 2056 2523 2094; x_wconf 79' lang='lat' dir='ltr'><strong>ex</strong></span> <span class='ocrx_word' id='word_1_279' title='bbox 2587 2041 2785 2111; x_wconf 89' lang='lat' dir='ltr'><strong>templo</strong></span> <span class='ocrx_word' id='word_1_280' title='bbox 2862 2043 3107 2108; x_wconf 71' lang='lat' dir='ltr'><strong>emissas,</strong></span> <span class='ocrx_word' id='word_1_281' title='bbox 3179 2047 3519 2099; x_wconf 86' lang='lat' dir='ltr'><strong>sacerdotum</strong></span> 
     </span>
    </p>
   </div>
   <div class='ocr_carea' id='block_1_40' title="bbox 269 2136 1844 2214">
    <p class='ocr_par' dir='ltr' id='par_1_40' title="bbox 269 2136 1844 2214">
     <span class='ocr_line' id='line_1_40' title="bbox 269 2136 1844 2214; baseline 0.004 -22"><span class='ocrx_word' id='word_1_282' title='bbox 269 2155 400 2202; x_wconf 75' lang='grc' dir='ltr'>των,</span> <span class='ocrx_word' id='word_1_283' title='bbox 431 2139 487 2192; x_wconf 90' lang='grc' dir='ltr'><strong>αί</strong></span> <span class='ocrx_word' id='word_1_284' title='bbox 522 2138 580 2192; x_wconf 85' lang='grc' dir='ltr'>δὲ</span> <span class='ocrx_word' id='word_1_285' title='bbox 624 2138 684 2202; x_wconf 85' lang='grc' dir='ltr'>ἐξ</span> <span class='ocrx_word' id='word_1_286' title='bbox 721 2137 883 2192; x_wconf 81' lang='grc' dir='ltr'>αὐτοῦ</span> <span class='ocrx_word' id='word_1_287' title='bbox 910 2136 1005 2192; x_wconf 89' lang='grc' dir='ltr'><strong>τοῦ</strong></span> <span class='ocrx_word' id='word_1_288' title='bbox 1037 2140 1187 2207; x_wconf 90' lang='grc' dir='ltr'>ναοῦ,</span> <span class='ocrx_word' id='word_1_289' title='bbox 1228 2141 1336 2194; x_wconf 90' lang='grc' dir='ltr'><strong>τῶν</strong></span> <span class='ocrx_word' id='word_1_290' title='bbox 1379 2142 1571 2214; x_wconf 77' lang='grc' dir='ltr'>ἱερέων</span> <span class='ocrx_word' id='word_1_291' title='bbox 1599 2144 1694 2197; x_wconf 76' lang='grc' dir='ltr'>καὶ</span> <span class='ocrx_word' id='word_1_292' title='bbox 1737 2143 1844 2197; x_wconf 89' lang='grc' dir='ltr'><strong>τῶν</strong></span> 
     </span>
    </p>
   </div>
   <div class='ocr_carea' id='block_1_41' title="bbox 269 2230 1317 2302">
    <p class='ocr_par' dir='ltr' id='par_1_41' title="bbox 269 2230 1317 2302">
     <span class='ocr_line' id='line_1_41' title="bbox 269 2230 1317 2302; baseline 0.004 -18"><span class='ocrx_word' id='word_1_293' title='bbox 269 2230 471 2284; x_wconf 81' lang='grc' dir='ltr'>λοιπῶν</span> <span class='ocrx_word' id='word_1_294' title='bbox 499 2231 824 2302; x_wconf 82' lang='grc' dir='ltr'>λειτουργῶν</span> <span class='ocrx_word' id='word_1_295' title='bbox 851 2231 1317 2302; x_wconf 82' lang='grc' dir='ltr'>άποκλαιομὲνων.</span> 
     </span>
    </p>
   </div>
   <div class='ocr_carea' id='block_1_42' title="bbox 347 2321 1842 2394">
    <p class='ocr_par' dir='ltr' id='par_1_42' title="bbox 347 2321 1842 2394">
     <span class='ocr_line' id='line_1_42' title="bbox 347 2321 1842 2394; baseline 0.003 -19"><span class='ocrx_word' id='word_1_296' title='bbox 347 2341 366 2375; x_wconf 80' lang='grc' dir='ltr'><strong>ι</strong></span> <span class='ocrx_word' id='word_1_297' title='bbox 400 2323 536 2393; x_wconf 75' lang='grc' dir='ltr'>Πρὶν</span> <span class='ocrx_word' id='word_1_298' title='bbox 567 2321 666 2394; x_wconf 72' lang='grc' dir='ltr'>τὴν</span> <span class='ocrx_word' id='word_1_299' title='bbox 705 2322 1000 2376; x_wconf 78' lang='grc' dir='ltr'>ὠδίνουσαν</span> <span class='ocrx_word' id='word_1_300' title='bbox 1023 2325 1224 2390; x_wconf 85' lang='grc' dir='ltr'>τεκεῖν,</span> <span class='ocrx_word' id='word_1_301' title='bbox 1252 2324 1385 2394; x_wconf 77' lang='grc' dir='ltr'>πρὶν</span> <span class='ocrx_word' id='word_1_302' title='bbox 1414 2324 1587 2379; x_wconf 77' lang='grc' dir='ltr'>ἐλθεῖν</span> <span class='ocrx_word' id='word_1_303' title='bbox 1615 2325 1706 2380; x_wconf 78' lang='grc' dir='ltr'>τὸν</span> <span class='ocrx_word' id='word_1_304' title='bbox 1739 2325 1842 2379; x_wconf 88' lang='grc' dir='ltr'>πό-</span> 
     </span>
    </p>
   </div>
   <div class='ocr_carea' id='block_1_43' title="bbox 269 2414 1844 2490">
    <p class='ocr_par' dir='ltr' id='par_1_43' title="bbox 269 2414 1844 2490">
     <span class='ocr_line' id='line_1_43' title="bbox 269 2414 1844 2490; baseline 0.002 -22"><span class='ocrx_word' id='word_1_305' title='bbox 269 2432 360 2468; x_wconf 90' lang='grc' dir='ltr'><strong>νον</strong></span> <span class='ocrx_word' id='word_1_306' title='bbox 409 2415 519 2469; x_wconf 89' lang='grc' dir='ltr'><strong>τῶν</strong></span> <span class='ocrx_word' id='word_1_307' title='bbox 565 2414 790 2481; x_wconf 83' lang='grc' dir='ltr'>ὠδίνων,</span> <span class='ocrx_word' id='word_1_308' title='bbox 841 2416 1092 2487; x_wconf 82' lang='grc' dir='ltr'>ἐξέφυγε,</span> <span class='ocrx_word' id='word_1_309' title='bbox 1139 2417 1232 2470; x_wconf 73' lang='grc' dir='ltr'>καὶ</span> <span class='ocrx_word' id='word_1_310' title='bbox 1276 2417 1462 2472; x_wconf 79' lang='grc' dir='ltr'>ἔτεκεν</span> <span class='ocrx_word' id='word_1_311' title='bbox 1510 2417 1694 2490; x_wconf 80' lang='grc' dir='ltr'>ἄρσεν.</span> <span class='ocrx_word' id='word_1_312' title='bbox 1746 2419 1844 2483; x_wconf 84' lang='grc' dir='ltr'>Τίς</span> 
     </span>
    </p>
   </div>
   <div class='ocr_carea' id='block_1_44' title="bbox 268 2505 1842 2578">
    <p class='ocr_par' dir='ltr' id='par_1_44' title="bbox 268 2505 1842 2578">
     <span class='ocr_line' id='line_1_44' title="bbox 268 2505 1842 2578; baseline 0.001 -20"><span class='ocrx_word' id='word_1_313' title='bbox 268 2506 467 2576; x_wconf 72' lang='grc' dir='ltr'>ἦκουσε</span> <span class='ocrx_word' id='word_1_314' title='bbox 516 2505 758 2572; x_wconf 77' lang='grc' dir='ltr'>τοιοῦτος</span> <span class='ocrx_word' id='word_1_315' title='bbox 792 2507 888 2560; x_wconf 78' lang='grc' dir='ltr'>καὶ</span> <span class='ocrx_word' id='word_1_316' title='bbox 939 2507 1018 2572; x_wconf 84' lang='grc' dir='ltr'><strong>τίς</strong></span> <span class='ocrx_word' id='word_1_317' title='bbox 1053 2505 1296 2578; x_wconf 80' lang='grc' dir='ltr'>ἑώρακεν</span> <span class='ocrx_word' id='word_1_318' title='bbox 1342 2507 1547 2573; x_wconf 80' lang='grc' dir='ltr'>οὓτως;</span> <span class='ocrx_word' id='word_1_319' title='bbox 1589 2509 1652 2562; x_wconf 85' lang='grc' dir='ltr'>Εἰ</span> <span class='ocrx_word' id='word_1_320' title='bbox 1685 2507 1842 2562; x_wconf 79' lang='grc' dir='ltr'>ὥδινε</span> 
     </span>
    </p>
   </div>
   <div class='ocr_carea' id='block_1_45' title="bbox 268 2596 1840 2668">
    <p class='ocr_par' dir='ltr' id='par_1_45' title="bbox 268 2596 1840 2668">
     <span class='ocr_line' id='line_1_45' title="bbox 268 2596 1840 2668; baseline 0.004 -22"><span class='ocrx_word' id='word_1_321' title='bbox 268 2597 338 2666; x_wconf 85' lang='grc' dir='ltr'>γῆ</span> <span class='ocrx_word' id='word_1_322' title='bbox 371 2597 429 2647; x_wconf 90' lang='grc' dir='ltr'><strong>ἐν</strong></span> <span class='ocrx_word' id='word_1_323' title='bbox 470 2596 653 2667; x_wconf 79' lang='grc' dir='ltr'>ἡμέρᾳ</span> <span class='ocrx_word' id='word_1_324' title='bbox 688 2598 805 2667; x_wconf 84' lang='grc' dir='ltr'>μιᾷ,</span> <span class='ocrx_word' id='word_1_325' title='bbox 839 2597 872 2667; x_wconf 81' lang='grc' dir='ltr'>ἢ</span> <span class='ocrx_word' id='word_1_326' title='bbox 925 2596 1018 2650; x_wconf 72' lang='grc' dir='ltr'>καὶ</span> <span class='ocrx_word' id='word_1_327' title='bbox 1049 2597 1240 2668; x_wconf 87' lang='grc' dir='ltr'>ἐτέχθη</span> <span class='ocrx_word' id='word_1_328' title='bbox 1275 2596 1426 2662; x_wconf 77' lang='grc' dir='ltr'>ἔθνος</span> <span class='ocrx_word' id='word_1_329' title='bbox 1465 2599 1720 2666; x_wconf 78' lang='grc' dir='ltr'>εἰσάπαξ,</span> <span class='ocrx_word' id='word_1_330' title='bbox 1757 2599 1840 2652; x_wconf 85' lang='grc' dir='ltr'>ὄτι</span> 
     </span>
    </p>
   </div>
   <div class='ocr_carea' id='block_1_46' title="bbox 267 2685 1842 2760">
    <p class='ocr_par' dir='ltr' id='par_1_46' title="bbox 267 2685 1842 2760">
     <span class='ocr_line' id='line_1_46' title="bbox 267 2685 1842 2760; baseline 0.004 -21"><span class='ocrx_word' id='word_1_331' title='bbox 267 2685 421 2740; x_wconf 83' lang='grc' dir='ltr'>ῶδινε</span> <span class='ocrx_word' id='word_1_332' title='bbox 453 2688 547 2740; x_wconf 65' lang='grc' dir='ltr'><strong>καὶ⁷</strong></span> <span class='ocrx_word' id='word_1_333' title='bbox 577 2687 730 2740; x_wconf 76' lang='grc' dir='ltr'>ἔτεκε</span> <span class='ocrx_word' id='word_1_334' title='bbox 761 2687 904 2741; x_wconf 88' lang='grc' dir='ltr'>Σιὼν</span> <span class='ocrx_word' id='word_1_335' title='bbox 931 2688 999 2742; x_wconf 82' lang='grc' dir='ltr'><strong>τά</strong></span> <span class='ocrx_word' id='word_1_336' title='bbox 1027 2689 1216 2743; x_wconf 86' lang='grc' dir='ltr'>παιδία</span> <span class='ocrx_word' id='word_1_337' title='bbox 1247 2690 1416 2760; x_wconf 81' lang='grc' dir='ltr'>αὐτῆς</span> <span class='ocrx_word' id='word_1_338' title='bbox 1441 2706 1455 2754; x_wconf 89' lang='grc'><strong>;</strong></span> <span class='ocrx_word' id='word_1_339' title='bbox 1500 2709 1519 2742; x_wconf 75' lang='grc' dir='ltr'><strong>ι</strong></span> <span class='ocrx_word' id='word_1_340' title='bbox 1557 2691 1630 2744; x_wconf 87' lang='grc' dir='ltr'><strong>Τὸ</strong></span> <span class='ocrx_word' id='word_1_341' title='bbox 1659 2691 1842 2744; x_wconf 89' lang='grc' dir='ltr'>θεοσε-</span> 
     </span>
    </p>
   </div>
   <div class='ocr_carea' id='block_1_47' title="bbox 267 2780 1837 2854">
    <p class='ocr_par' dir='ltr' id='par_1_47' title="bbox 267 2780 1837 2854">
     <span class='ocr_line' id='line_1_47' title="bbox 267 2780 1837 2854; baseline 0.001 -21"><span class='ocrx_word' id='word_1_342' title='bbox 267 2782 360 2844; x_wconf 76' lang='grc' dir='ltr'><strong>ϐὲς</strong></span> <span class='ocrx_word' id='word_1_343' title='bbox 401 2780 721 2851; x_wconf 83' lang='grc' dir='ltr'>πολίτευμα,</span> <span class='ocrx_word' id='word_1_344' title='bbox 756 2781 907 2851; x_wconf 80' lang='grc' dir='ltr'>καὶή</span> <span class='ocrx_word' id='word_1_345' title='bbox 942 2782 1100 2853; x_wconf 70' lang='grc' dir='ltr'>καινὴ</span> <span class='ocrx_word' id='word_1_346' title='bbox 1132 2782 1224 2835; x_wconf 81' lang='grc' dir='ltr'><strong>καί</strong></span> <span class='ocrx_word' id='word_1_347' title='bbox 1251 2781 1346 2834; x_wconf 89' lang='grc' dir='ltr'><strong>νέα</strong></span> <span class='ocrx_word' id='word_1_348' title='bbox 1381 2780 1537 2846; x_wconf 85' lang='grc' dir='ltr'>Σιὼν,</span> <span class='ocrx_word' id='word_1_349' title='bbox 1576 2781 1774 2854; x_wconf 83' lang='grc' dir='ltr'>δηλαδὴ</span> <span class='ocrx_word' id='word_1_350' title='bbox 1803 2783 1837 2854; x_wconf 82' lang='grc' dir='ltr'><strong>ή</strong></span> 
     </span>
    </p>
   </div>
   <div class='ocr_carea' id='block_1_48' title="bbox 279 2868 1839 2943">
    <p class='ocr_par' dir='ltr' id='par_1_48' title="bbox 279 2868 1839 2943">
     <span class='ocr_line' id='line_1_48' title="bbox 279 2868 1839 2943; baseline -0.001 -18"><span class='ocrx_word' id='word_1_351' title='bbox 279 2870 570 2942; x_wconf 85' lang='grc' dir='ltr'>Ἐκκλησία</span> <span class='ocrx_word' id='word_1_352' title='bbox 611 2869 705 2924; x_wconf 89' lang='grc' dir='ltr'><strong>τοῦ</strong></span> <span class='ocrx_word' id='word_1_353' title='bbox 732 2868 908 2934; x_wconf 61' lang='grc' dir='ltr'>ςΘεοῦ,</span> <span class='ocrx_word' id='word_1_354' title='bbox 942 2872 975 2940; x_wconf 82' lang='grc' dir='ltr'>ἠ</span> <span class='ocrx_word' id='word_1_355' title='bbox 1013 2869 1080 2923; x_wconf 84' lang='grc' dir='ltr'>δι’</span> <span class='ocrx_word' id='word_1_356' title='bbox 1124 2870 1278 2942; x_wconf 85' lang='grc' dir='ltr'>ὑμῶν</span> <span class='ocrx_word' id='word_1_357' title='bbox 1311 2871 1708 2943; x_wconf 86' lang='grc' dir='ltr'>συστησομένη,</span> <span class='ocrx_word' id='word_1_358' title='bbox 1751 2888 1839 2924; x_wconf 87' lang='grc' dir='ltr'>το-</span> 
     </span>
    </p>
   </div>
   <div class='ocr_carea' id='block_1_49' title="bbox 270 2959 1836 3032">
    <p class='ocr_par' dir='ltr' id='par_1_49' title="bbox 270 2959 1836 3032">
     <span class='ocr_line' id='line_1_49' title="bbox 270 2959 1836 3032; baseline 0.001 -18"><span class='ocrx_word' id='word_1_359' title='bbox 270 2961 456 3014; x_wconf 86' lang='grc' dir='ltr'>σοῦτον</span> <span class='ocrx_word' id='word_1_360' title='bbox 488 2961 698 3032; x_wconf 83' lang='grc' dir='ltr'>ἀθρόως</span> <span class='ocrx_word' id='word_1_361' title='bbox 729 2962 978 3031; x_wconf 85' lang='grc' dir='ltr'>γεννήσει</span> <span class='ocrx_word' id='word_1_362' title='bbox 1009 2959 1214 3032; x_wconf 83' lang='grc' dir='ltr'>πλῆθος</span> <span class='ocrx_word' id='word_1_363' title='bbox 1242 2960 1411 3016; x_wconf 89' lang='grc' dir='ltr'>ἐθνῶν</span> <span class='ocrx_word' id='word_1_364' title='bbox 1449 2962 1542 3015; x_wconf 85' lang='grc' dir='ltr'><strong>καί</strong></span> <span class='ocrx_word' id='word_1_365' title='bbox 1567 2961 1730 3029; x_wconf 89' lang='grc' dir='ltr'>λαῶν,</span> <span class='ocrx_word' id='word_1_366' title='bbox 1760 2962 1836 3027; x_wconf 83' lang='grc' dir='ltr'>ὡς</span> 
     </span>
    </p>
   </div>
   <div class='ocr_carea' id='block_1_50' title="bbox 267 3047 1836 3126">
    <p class='ocr_par' dir='ltr' id='par_1_50' title="bbox 267 3047 1836 3126">
     <span class='ocr_line' id='line_1_50' title="bbox 267 3047 1836 3126; baseline 0.001 -20"><span class='ocrx_word' id='word_1_367' title='bbox 267 3053 604 3124; x_wconf 83' lang='grc' dir='ltr'>ἐκπλαγῆναι</span> <span class='ocrx_word' id='word_1_368' title='bbox 630 3054 718 3106; x_wconf 85' lang='grc' dir='ltr'>τὸν</span> <span class='ocrx_word' id='word_1_369' title='bbox 744 3053 1031 3106; x_wconf 84' lang='grc' dir='ltr'>ἀκούοντα.</span> <span class='ocrx_word' id='word_1_370' title='bbox 1059 3047 1162 3105; x_wconf 70' lang='grc' dir='ltr'>Οἷα</span> <span class='ocrx_word' id='word_1_371' title='bbox 1183 3053 1292 3126; x_wconf 87' lang='grc' dir='ltr'><strong>γάρ</strong></span> <span class='ocrx_word' id='word_1_372' title='bbox 1313 3071 1395 3116; x_wconf 83' lang='grc' dir='ltr'><strong>τις</strong></span> <span class='ocrx_word' id='word_1_373' title='bbox 1421 3054 1677 3125; x_wconf 82' lang='grc' dir='ltr'>ἐγκύμων</span> <span class='ocrx_word' id='word_1_374' title='bbox 1699 3053 1836 3126; x_wconf 79' lang='grc' dir='ltr'>γυνὴ</span> 
     </span>
    </p>
   </div>
   <div class='ocr_carea' id='block_1_51' title="bbox 266 3144 1904 3244">
    <p class='ocr_par' dir='ltr' id='par_1_51' title="bbox 266 3144 1904 3244">
     <span class='ocr_line' id='line_1_51' title="bbox 266 3144 1904 3244; baseline 0.001 -44"><span class='ocrx_word' id='word_1_375' title='bbox 266 3146 408 3200; x_wconf 75' lang='grc' dir='ltr'>κατὰ</span> <span class='ocrx_word' id='word_1_376' title='bbox 457 3145 690 3216; x_wconf 84' lang='grc' dir='ltr'>γαστρὸς</span> <span class='ocrx_word' id='word_1_377' title='bbox 739 3144 955 3216; x_wconf 75' lang='grc' dir='ltr'>ἔχουσα,</span> <span class='ocrx_word' id='word_1_378' title='bbox 995 3144 1264 3217; x_wconf 79' lang='grc' dir='ltr'>μηδεμιᾶς</span> <span class='ocrx_word' id='word_1_379' title='bbox 1305 3145 1490 3210; x_wconf 87' lang='grc' dir='ltr'>ὠδῖνος</span> <span class='ocrx_word' id='word_1_380' title='bbox 1539 3163 1834 3219; x_wconf 88' lang='grc' dir='ltr'>προσγενο-</span> <span class='ocrx_word' id='word_1_381' title='bbox 1861 3185 1904 3244; x_wconf 74' lang='lat' dir='ltr'>c</span> 
     </span>
    </p>
   </div>
   <div class='ocr_carea' id='block_1_52' title="bbox 267 3237 1831 3311">
    <p class='ocr_par' dir='ltr' id='par_1_52' title="bbox 267 3237 1831 3311">
     <span class='ocr_line' id='line_1_52' title="bbox 267 3237 1831 3311; baseline 0.001 -19"><span class='ocrx_word' id='word_1_382' title='bbox 267 3239 454 3310; x_wconf 86' lang='grc' dir='ltr'>μένης,</span> <span class='ocrx_word' id='word_1_383' title='bbox 504 3237 764 3306; x_wconf 89' lang='grc' dir='ltr'>αἰφνίδιον</span> <span class='ocrx_word' id='word_1_384' title='bbox 805 3239 1112 3309; x_wconf 85' lang='grc' dir='ltr'>γεννήσειε,</span> <span class='ocrx_word' id='word_1_385' title='bbox 1160 3237 1255 3292; x_wconf 79' lang='grc' dir='ltr'>καὶ</span> <span class='ocrx_word' id='word_1_386' title='bbox 1296 3237 1456 3292; x_wconf 91' lang='grc' dir='ltr'>τοῦτο</span> <span class='ocrx_word' id='word_1_387' title='bbox 1509 3239 1693 3311; x_wconf 78' lang='grc' dir='ltr'>ἄρσεν·</span> <span class='ocrx_word' id='word_1_388' title='bbox 1741 3240 1831 3294; x_wconf 83' lang='grc' dir='ltr'>τὸν</span> 
     </span>
    </p>
   </div>
   <div class='ocr_carea' id='block_1_53' title="bbox 262 3327 1833 3402">
    <p class='ocr_par' dir='ltr' id='par_1_53' title="bbox 262 3327 1833 3402">
     <span class='ocr_line' id='line_1_53' title="bbox 262 3327 1833 3402; baseline 0.001 -18"><span class='ocrx_word' id='word_1_389' title='bbox 262 3330 426 3384; x_wconf 79' lang='grc' dir='ltr'>αὑτὸν</span> <span class='ocrx_word' id='word_1_390' title='bbox 454 3329 653 3402; x_wconf 91' lang='grc' dir='ltr'>τρόπον</span> <span class='ocrx_word' id='word_1_391' title='bbox 686 3329 780 3382; x_wconf 79' lang='grc' dir='ltr'>καὶ</span> <span class='ocrx_word' id='word_1_392' title='bbox 806 3331 838 3401; x_wconf 77' lang='grc' dir='ltr'>ἡ</span> <span class='ocrx_word' id='word_1_393' title='bbox 873 3327 969 3383; x_wconf 85' lang='grc' dir='ltr'><strong>νέα</strong></span> <span class='ocrx_word' id='word_1_394' title='bbox 1007 3328 1144 3382; x_wconf 85' lang='grc' dir='ltr'>Σιὼν</span> <span class='ocrx_word' id='word_1_395' title='bbox 1188 3328 1317 3385; x_wconf 81' lang='grc' dir='ltr'>λαὸν</span> <span class='ocrx_word' id='word_1_396' title='bbox 1361 3329 1546 3384; x_wconf 78' lang='grc' dir='ltr'>καινὸν</span> <span class='ocrx_word' id='word_1_397' title='bbox 1579 3331 1673 3384; x_wconf 72' lang='grc' dir='ltr'>καὶ</span> <span class='ocrx_word' id='word_1_398' title='bbox 1713 3331 1833 3386; x_wconf 80' lang='grc' dir='ltr'>ὅλον</span> 
     </span>
    </p>
   </div>
   <div class='ocr_carea' id='block_1_54' title="bbox 263 3416 1830 3494">
    <p class='ocr_par' dir='ltr' id='par_1_54' title="bbox 263 3416 1830 3494">
     <span class='ocr_line' id='line_1_54' title="bbox 263 3416 1830 3494; baseline 0 -18"><span class='ocrx_word' id='word_1_399' title='bbox 263 3423 415 3487; x_wconf 76' lang='grc' dir='ltr'>ἔθνος</span> <span class='ocrx_word' id='word_1_400' title='bbox 441 3421 672 3489; x_wconf 77' lang='grc' dir='ltr'>εἰσάπαξ</span> <span class='ocrx_word' id='word_1_401' title='bbox 703 3421 912 3494; x_wconf 83' lang='grc' dir='ltr'>ἀθρόως</span> <span class='ocrx_word' id='word_1_402' title='bbox 939 3420 1182 3487; x_wconf 81' lang='grc' dir='ltr'>τέξεται⁶</span> <span class='ocrx_word' id='word_1_403' title='bbox 1215 3421 1291 3484; x_wconf 85' lang='grc' dir='ltr'>ὼς</span> <span class='ocrx_word' id='word_1_404' title='bbox 1318 3416 1456 3475; x_wconf 78' lang='grc' dir='ltr'>εἷναι</span> <span class='ocrx_word' id='word_1_405' title='bbox 1483 3419 1548 3474; x_wconf 79' lang='grc' dir='ltr'><strong>τδ</strong></span> <span class='ocrx_word' id='word_1_406' title='bbox 1586 3423 1694 3476; x_wconf 79' lang='grc' dir='ltr'><strong>πᾶν</strong></span> <span class='ocrx_word' id='word_1_407' title='bbox 1722 3440 1830 3476; x_wconf 89' lang='grc' dir='ltr'>πα-</span> 
     </span>
    </p>
   </div>
   <div class='ocr_carea' id='block_1_55' title="bbox 265 3506 1832 3586">
    <p class='ocr_par' dir='ltr' id='par_1_55' title="bbox 265 3506 1832 3586">
     <span class='ocr_line' id='line_1_55' title="bbox 265 3506 1832 3586; baseline -0.001 -18"><span class='ocrx_word' id='word_1_408' title='bbox 265 3514 636 3586; x_wconf 81' lang='grc' dir='ltr'>ραδοξότατον,</span> <span class='ocrx_word' id='word_1_409' title='bbox 667 3506 779 3567; x_wconf 71' lang='grc' dir='ltr'>οἷον</span> <span class='ocrx_word' id='word_1_410' title='bbox 806 3510 1149 3566; x_wconf 80' lang='grc' dir='ltr'>οὐδεπώποτε</span> <span class='ocrx_word' id='word_1_411' title='bbox 1179 3511 1445 3583; x_wconf 73' lang='grc' dir='ltr'>ἠκούσθη.</span> <span class='ocrx_word' id='word_1_412' title='bbox 1486 3513 1558 3566; x_wconf 84' lang='grc' dir='ltr'>Τὸ</span> <span class='ocrx_word' id='word_1_413' title='bbox 1593 3513 1692 3584; x_wconf 81' lang='grc' dir='ltr'>μὲν</span> <span class='ocrx_word' id='word_1_414' title='bbox 1724 3513 1832 3586; x_wconf 88' lang='grc' dir='ltr'><strong>γὰρ</strong></span> 
     </span>
    </p>
   </div>
   <div class='ocr_carea' id='block_1_56' title="bbox 267 3601 1832 3675">
    <p class='ocr_par' dir='ltr' id='par_1_56' title="bbox 267 3601 1832 3675">
     <span class='ocr_line' id='line_1_56' title="bbox 267 3601 1832 3675; baseline -0.001 -17"><span class='ocrx_word' id='word_1_415' title='bbox 267 3603 540 3658; x_wconf 80' lang='grc' dir='ltr'>Ἰουδαίων</span> <span class='ocrx_word' id='word_1_416' title='bbox 577 3603 748 3667; x_wconf 79' lang='grc' dir='ltr'>ἔθνος,</span> <span class='ocrx_word' id='word_1_417' title='bbox 790 3601 884 3656; x_wconf 82' lang='grc' dir='ltr'>καὶ</span> <span class='ocrx_word' id='word_1_418' title='bbox 917 3601 1079 3665; x_wconf 79' lang='grc' dir='ltr'>αὐτὸς</span> <span class='ocrx_word' id='word_1_419' title='bbox 1115 3603 1144 3655; x_wconf 88' lang='grc' dir='ltr'><strong>ό</strong></span> <span class='ocrx_word' id='word_1_420' title='bbox 1206 3602 1443 3674; x_wconf 80' lang='grc' dir='ltr'>Ἰσραὴλ,</span> <span class='ocrx_word' id='word_1_421' title='bbox 1491 3603 1591 3656; x_wconf 81' lang='grc' dir='ltr'>οὑκ</span> <span class='ocrx_word' id='word_1_422' title='bbox 1620 3603 1832 3675; x_wconf 83' lang='grc' dir='ltr'>ἀθρόως</span> 
     </span>
    </p>
   </div>
   <div class='ocr_carea' id='block_1_57' title="bbox 257 3688 1826 3770">
    <p class='ocr_par' dir='ltr' id='par_1_57' title="bbox 257 3688 1826 3770">
     <span class='ocr_line' id='line_1_57' title="bbox 257 3688 1826 3770; baseline -0.003 -18"><span class='ocrx_word' id='word_1_423' title='bbox 257 3697 508 3770; x_wconf 82' lang='grc' dir='ltr'>παρέστη</span> <span class='ocrx_word' id='word_1_424' title='bbox 527 3713 541 3726; x_wconf 86' lang='grc'><strong>·</strong></span> <span class='ocrx_word' id='word_1_425' title='bbox 573 3695 707 3749; x_wconf 81' lang='grc' dir='ltr'>ἀλλά</span> <span class='ocrx_word' id='word_1_426' title='bbox 744 3693 959 3765; x_wconf 83' lang='grc' dir='ltr'>πρῶτος</span> <span class='ocrx_word' id='word_1_427' title='bbox 993 3694 1090 3764; x_wconf 85' lang='grc' dir='ltr'>μὲν</span> <span class='ocrx_word' id='word_1_428' title='bbox 1122 3688 1192 3765; x_wconf 82' lang='grc' dir='ltr'>ἦν</span> <span class='ocrx_word' id='word_1_429' title='bbox 1217 3693 1398 3748; x_wconf 79' lang='grc' dir='ltr'>αὐτῶν</span> <span class='ocrx_word' id='word_1_430' title='bbox 1433 3697 1462 3748; x_wconf 88' lang='grc' dir='ltr'><strong>ό</strong></span> <span class='ocrx_word' id='word_1_431' title='bbox 1510 3695 1826 3766; x_wconf 83' lang='grc' dir='ltr'>προπάτωρ’</span> 
     </span>
    </p>
   </div>
   <div class='ocr_carea' id='block_1_58' title="bbox 258 3783 1830 3857">
    <p class='ocr_par' dir='ltr' id='par_1_58' title="bbox 258 3783 1830 3857">
     <span class='ocr_line' id='line_1_58' title="bbox 258 3783 1830 3857; baseline 0.001 -16"><span class='ocrx_word' id='word_1_432' title='bbox 258 3788 452 3842; x_wconf 79' lang='grc' dir='ltr'>τούτου</span> <span class='ocrx_word' id='word_1_433' title='bbox 484 3787 542 3841; x_wconf 81' lang='grc' dir='ltr'>δὲ</span> <span class='ocrx_word' id='word_1_434' title='bbox 584 3787 840 3856; x_wconf 88' lang='grc' dir='ltr'>γεγόνασι</span> <span class='ocrx_word' id='word_1_435' title='bbox 875 3787 1062 3850; x_wconf 85' lang='grc' dir='ltr'>παῖδες</span> <span class='ocrx_word' id='word_1_436' title='bbox 1097 3785 1181 3857; x_wconf 79' lang='grc' dir='ltr'><strong>ιβ”</strong></span> <span class='ocrx_word' id='word_1_437' title='bbox 1215 3783 1313 3840; x_wconf 79' lang='grc' dir='ltr'>εἰτ’</span> <span class='ocrx_word' id='word_1_438' title='bbox 1342 3786 1402 3854; x_wconf 84' lang='grc' dir='ltr'>ἐξ</span> <span class='ocrx_word' id='word_1_439' title='bbox 1438 3787 1556 3852; x_wconf 79' lang='grc' dir='ltr'>ἐνὸς</span> <span class='ocrx_word' id='word_1_440' title='bbox 1578 3787 1830 3842; x_wconf 73' lang='grc' dir='ltr'>έκάστου</span> 
     </span>
    </p>
   </div>
   <div class='ocr_carea' id='block_1_59' title="bbox 257 3872 1831 3950">
    <p class='ocr_par' dir='ltr' id='par_1_59' title="bbox 257 3872 1831 3950">
     <span class='ocr_line' id='line_1_59' title="bbox 257 3872 1831 3950; baseline -0.003 -16"><span class='ocrx_word' id='word_1_441' title='bbox 257 3881 366 3934; x_wconf 86' lang='grc' dir='ltr'>υἰοί</span> <span class='ocrx_word' id='word_1_442' title='bbox 405 3897 465 3934; x_wconf 82' lang='grc' dir='ltr'><strong>τε</strong></span> <span class='ocrx_word' id='word_1_443' title='bbox 499 3880 594 3934; x_wconf 72' lang='grc' dir='ltr'>καὶ</span> <span class='ocrx_word' id='word_1_444' title='bbox 623 3878 939 3950; x_wconf 64' lang='grc' dir='ltr'>θυγατέρες</span> <span class='ocrx_word' id='word_1_445' title='bbox 983 3872 1060 3934; x_wconf 82' lang='grc' dir='ltr'>ὧν</span> <span class='ocrx_word' id='word_1_446' title='bbox 1103 3877 1210 3932; x_wconf 89' lang='grc' dir='ltr'><strong>υἰοί</strong></span> <span class='ocrx_word' id='word_1_447' title='bbox 1251 3895 1312 3931; x_wconf 88' lang='grc' dir='ltr'><strong>τε</strong></span> <span class='ocrx_word' id='word_1_448' title='bbox 1355 3878 1450 3932; x_wconf 74' lang='grc' dir='ltr'>καὶ</span> <span class='ocrx_word' id='word_1_449' title='bbox 1495 3877 1706 3946; x_wconf 73' lang='grc' dir='ltr'>ἔκγονοι</span> <span class='ocrx_word' id='word_1_450' title='bbox 1736 3877 1831 3931; x_wconf 80' lang='grc' dir='ltr'>καὶ</span> 
     </span>
    </p>
   </div>
   <div class='ocr_carea' id='block_1_60' title="bbox 257 3967 1829 4042">
    <p class='ocr_par' dir='ltr' id='par_1_60' title="bbox 257 3967 1829 4042">
     <span class='ocr_line' id='line_1_60' title="bbox 257 3967 1829 4042; baseline -0.003 -15"><span class='ocrx_word' id='word_1_451' title='bbox 257 3973 516 4042; x_wconf 81' lang='grc' dir='ltr'>ἀπόγονοι</span> <span class='ocrx_word' id='word_1_452' title='bbox 547 3971 876 4042; x_wconf 71' lang='grc' dir='ltr'><strong>ὑπέστησαν⁹</strong></span> <span class='ocrx_word' id='word_1_453' title='bbox 912 3969 1053 4024; x_wconf 79' lang='grc' dir='ltr'>οὕτω</span> <span class='ocrx_word' id='word_1_454' title='bbox 1083 3987 1143 4023; x_wconf 90' lang='grc' dir='ltr'><strong>τε</strong></span> <span class='ocrx_word' id='word_1_455' title='bbox 1175 3969 1316 4024; x_wconf 85' lang='grc' dir='ltr'>κατὰ</span> <span class='ocrx_word' id='word_1_456' title='bbox 1343 3969 1444 4040; x_wconf 82' lang='grc' dir='ltr'><strong>τὴν</strong></span> <span class='ocrx_word' id='word_1_457' title='bbox 1486 3968 1592 4022; x_wconf 90' lang='grc' dir='ltr'><strong>τῶν</strong></span> <span class='ocrx_word' id='word_1_458' title='bbox 1629 3967 1829 4038; x_wconf 84' lang='grc' dir='ltr'>γονέων</span> 
     </span>
    </p>
   </div>
   <div class='ocr_carea' id='block_1_61' title="bbox 257 4057 1828 4134">
    <p class='ocr_par' dir='ltr' id='par_1_61' title="bbox 257 4057 1828 4134">
     <span class='ocr_line' id='line_1_61' title="bbox 257 4057 1828 4134; baseline -0.003 -18"><span class='ocrx_word' id='word_1_459' title='bbox 257 4063 508 4134; x_wconf 77' lang='grc' dir='ltr'>διαδοχὴν</span> <span class='ocrx_word' id='word_1_460' title='bbox 535 4063 592 4114; x_wconf 80' lang='grc' dir='ltr'><strong>ἐν</strong></span> <span class='ocrx_word' id='word_1_461' title='bbox 623 4061 826 4114; x_wconf 85' lang='grc' dir='ltr'>πλείοσι</span> <span class='ocrx_word' id='word_1_462' title='bbox 850 4060 1063 4132; x_wconf 86' lang='grc' dir='ltr'>χρόνοις</span> <span class='ocrx_word' id='word_1_463' title='bbox 1091 4059 1186 4112; x_wconf 84' lang='grc' dir='ltr'>καὶ</span> <span class='ocrx_word' id='word_1_464' title='bbox 1233 4059 1291 4112; x_wconf 82' lang='grc' dir='ltr'><strong>ἐν</strong></span> <span class='ocrx_word' id='word_1_465' title='bbox 1320 4057 1592 4130; x_wconf 79' lang='grc' dir='ltr'>διαφόροις</span> <span class='ocrx_word' id='word_1_466' title='bbox 1620 4061 1828 4128; x_wconf 86' lang='grc' dir='ltr'>γενεαῖς</span> 
     </span>
    </p>
   </div>
   <div class='ocr_carea' id='block_1_62' title="bbox 259 4151 1112 4225">
    <p class='ocr_par' dir='ltr' id='par_1_62' title="bbox 259 4151 1112 4225">
     <span class='ocr_line' id='line_1_62' title="bbox 259 4151 1112 4225; baseline -0.008 -14"><span class='ocrx_word' id='word_1_467' title='bbox 259 4155 492 4225; x_wconf 86' lang='grc' dir='ltr'>συνέστη</span> <span class='ocrx_word' id='word_1_468' title='bbox 514 4155 576 4207; x_wconf 81' lang='grc' dir='ltr'>τὸ</span> <span class='ocrx_word' id='word_1_469' title='bbox 607 4155 714 4208; x_wconf 80' lang='grc' dir='ltr'>πᾶν</span> <span class='ocrx_word' id='word_1_470' title='bbox 739 4152 917 4206; x_wconf 84' lang='grc' dir='ltr'>αὐτῶν</span> <span class='ocrx_word' id='word_1_471' title='bbox 943 4151 1112 4215; x_wconf 77' lang='grc' dir='ltr'>ἔθνος.</span> 
     </span>
    </p>
   </div>
   <div class='ocr_carea' id='block_1_63' title="bbox 335 4240 1830 4315">
    <p class='ocr_par' dir='ltr' id='par_1_63' title="bbox 335 4240 1830 4315">
     <span class='ocr_line' id='line_1_63' title="bbox 335 4240 1830 4315; baseline -0.005 -14"><span class='ocrx_word' id='word_1_472' title='bbox 335 4265 356 4301; x_wconf 80' lang='grc' dir='ltr'><strong>ι</strong></span> <span class='ocrx_word' id='word_1_473' title='bbox 405 4245 546 4315; x_wconf 85' lang='grc' dir='ltr'><strong>Ἐγὼ</strong></span> <span class='ocrx_word' id='word_1_474' title='bbox 573 4246 628 4300; x_wconf 87' lang='grc' dir='ltr'>δὲ</span> <span class='ocrx_word' id='word_1_475' title='bbox 661 4244 836 4299; x_wconf 77' lang='grc' dir='ltr'>έδωκα</span> <span class='ocrx_word' id='word_1_476' title='bbox 865 4244 964 4315; x_wconf 78' lang='grc' dir='ltr'>τὴν</span> <span class='ocrx_word' id='word_1_477' title='bbox 1001 4240 1324 4315; x_wconf 87' lang='grc' dir='ltr'>προσδοκίαν</span> <span class='ocrx_word' id='word_1_478' title='bbox 1351 4242 1575 4314; x_wconf 87' lang='grc' dir='ltr'>ταύτην,</span> <span class='ocrx_word' id='word_1_479' title='bbox 1609 4240 1703 4295; x_wconf 78' lang='grc' dir='ltr'>καὶ</span> <span class='ocrx_word' id='word_1_480' title='bbox 1730 4240 1830 4294; x_wconf 85' lang='grc' dir='ltr'><strong>ούκ</strong></span> 
     </span>
    </p>
   </div>
   <div class='ocr_carea' id='block_1_64' title="bbox 259 4331 1828 4413">
    <p class='ocr_par' dir='ltr' id='par_1_64' title="bbox 259 4331 1828 4413">
     <span class='ocr_line' id='line_1_64' title="bbox 259 4331 1828 4413; baseline -0.006 -18"><span class='ocrx_word' id='word_1_481' title='bbox 259 4339 533 4413; x_wconf 86' lang='grc' dir='ltr'>ἐμνήσθης</span> <span class='ocrx_word' id='word_1_482' title='bbox 565 4355 686 4410; x_wconf 90' lang='grc' dir='ltr'>μου,</span> <span class='ocrx_word' id='word_1_483' title='bbox 722 4334 842 4390; x_wconf 78' lang='grc' dir='ltr'>εἷπε</span> <span class='ocrx_word' id='word_1_484' title='bbox 872 4337 1094 4407; x_wconf 84' lang='grc' dir='ltr'>Κύριος.</span> <span class='ocrx_word' id='word_1_485' title='bbox 1129 4334 1242 4388; x_wconf 82' lang='grc' dir='ltr'>Οὐκ</span> <span class='ocrx_word' id='word_1_486' title='bbox 1273 4333 1380 4388; x_wconf 81' lang='grc' dir='ltr'>ἰδοῦ</span> <span class='ocrx_word' id='word_1_487' title='bbox 1414 4331 1524 4402; x_wconf 81' lang='grc' dir='ltr'>ἐγὼ</span> <span class='ocrx_word' id='word_1_488' title='bbox 1555 4333 1828 4403; x_wconf 88' lang='grc' dir='ltr'>γεννῶσαν</span> 
     </span>
    </p>
   </div>
   <div class='ocr_carea' id='block_1_65' title="bbox 257 4423 1824 4503">
    <p class='ocr_par' dir='ltr' id='par_1_65' title="bbox 257 4423 1824 4503">
     <span class='ocr_line' id='line_1_65' title="bbox 257 4423 1824 4503; baseline -0.004 -16"><span class='ocrx_word' id='word_1_489' title='bbox 257 4434 352 4487; x_wconf 72' lang='grc' dir='ltr'>καὶ</span> <span class='ocrx_word' id='word_1_490' title='bbox 382 4431 604 4503; x_wconf 88' lang='grc' dir='ltr'>στείραν</span> <span class='ocrx_word' id='word_1_491' title='bbox 636 4429 886 4500; x_wconf 85' lang='grc' dir='ltr'>ἐποίησα,</span> <span class='ocrx_word' id='word_1_492' title='bbox 919 4423 1069 4480; x_wconf 73' lang='grc' dir='ltr'>εἶπεν</span> <span class='ocrx_word' id='word_1_493' title='bbox 1092 4428 1122 4480; x_wconf 90' lang='grc' dir='ltr'><strong>ό</strong></span> <span class='ocrx_word' id='word_1_494' title='bbox 1156 4426 1288 4491; x_wconf 86' lang='grc' dir='ltr'>Θεός</span> <span class='ocrx_word' id='word_1_495' title='bbox 1321 4443 1449 4491; x_wconf 87' lang='grc' dir='ltr'>σου;</span> <span class='ocrx_word' id='word_1_496' title='bbox 1487 4445 1506 4478; x_wconf 74' lang='grc' dir='ltr'><strong>ι</strong></span> <span class='ocrx_word' id='word_1_497' title='bbox 1549 4426 1706 4480; x_wconf 79' lang='grc' dir='ltr'>Κατὰ</span> <span class='ocrx_word' id='word_1_498' title='bbox 1735 4425 1824 4481; x_wconf 85' lang='grc' dir='ltr'>τὸν</span> 
     </span>
    </p>
   </div>
   <div class='ocr_carea' id='block_1_66' title="bbox 1945 2119 3520 2204">
    <p class='ocr_par' dir='ltr' id='par_1_66' title="bbox 1945 2119 3520 2204">
     <span class='ocr_line' id='line_1_66' title="bbox 1945 2119 3520 2204; baseline 0.003 -18"><span class='ocrx_word' id='word_1_499' title='bbox 1945 2141 2377 2202; x_wconf 70' lang='lat' dir='ltr'><strong>czeterorumque</strong></span> <span class='ocrx_word' id='word_1_500' title='bbox 2467 2133 2839 2187; x_wconf 87' lang='lat' dir='ltr'><strong>ministrorum</strong></span> <span class='ocrx_word' id='word_1_501' title='bbox 2917 2133 3244 2204; x_wconf 78' lang='lat' dir='ltr'><strong>lugentium,</strong></span> <span class='ocrx_word' id='word_1_502' title='bbox 3324 2119 3520 2190; x_wconf 62' lang='lat' dir='ltr'><strong>futurae</strong></span> 
     </span>
    </p>
   </div>
   <div class='ocr_carea' id='block_1_67' title="bbox 1945 2233 2090 2278">
    <p class='ocr_par' dir='ltr' id='par_1_67' title="bbox 1945 2233 2090 2278">
     <span class='ocr_line' id='line_1_67' title="bbox 1945 2233 2090 2278; baseline -0.007 0"><span class='ocrx_word' id='word_1_503' title='bbox 1945 2233 2090 2278; x_wconf 77' lang='lat' dir='ltr'><strong>Slﬂil.</strong></span> 
     </span>
    </p>
   </div>
   <div class='ocr_carea' id='block_1_68' title="bbox 2015 2313 3518 2390">
    <p class='ocr_par' dir='ltr' id='par_1_68' title="bbox 2015 2313 3518 2390">
     <span class='ocr_line' id='line_1_68' title="bbox 2015 2313 3518 2390; baseline 0.005 -21"><span class='ocrx_word' id='word_1_504' title='bbox 2015 2317 2178 2370; x_wconf 73' lang='lat' dir='ltr'><strong>Vens.</strong></span> <span class='ocrx_word' id='word_1_505' title='bbox 2204 2315 2260 2381; x_wconf 90' lang='lat'><strong>7,</strong></span> <span class='ocrx_word' id='word_1_506' title='bbox 2287 2313 2341 2371; x_wconf 90' lang='lat'><strong>8.</strong></span> <span class='ocrx_word' id='word_1_507' title='bbox 2379 2333 2398 2366; x_wconf 77' lang='grc' dir='ltr'><strong>ι</strong></span> <span class='ocrx_word' id='word_1_508' title='bbox 2431 2315 2736 2386; x_wconf 84' lang='lat' dir='ltr'><strong>Antequam</strong></span> <span class='ocrx_word' id='word_1_509' title='bbox 2775 2319 3086 2388; x_wconf 87' lang='lat' dir='ltr'><strong>parturiens</strong></span> <span class='ocrx_word' id='word_1_510' title='bbox 3122 2319 3330 2390; x_wconf 86' lang='lat' dir='ltr'><strong>pariat,</strong></span> <span class='ocrx_word' id='word_1_511' title='bbox 3366 2329 3518 2376; x_wconf 81' lang='lat' dir='ltr'><strong>ante-</strong></span> 
     </span>
    </p>
   </div>
   <div class='ocr_carea' id='block_1_69' title="bbox 1942 2409 3516 2482">
    <p class='ocr_par' dir='ltr' id='par_1_69' title="bbox 1942 2409 3516 2482">
     <span class='ocr_line' id='line_1_69' title="bbox 1942 2409 3516 2482; baseline 0.003 -18"><span class='ocrx_word' id='word_1_512' title='bbox 1942 2425 2102 2478; x_wconf 86' lang='lat' dir='ltr'><strong>quam</strong></span> <span class='ocrx_word' id='word_1_513' title='bbox 2150 2409 2367 2464; x_wconf 84' lang='lat' dir='ltr'><strong>veniant</strong></span> <span class='ocrx_word' id='word_1_514' title='bbox 2413 2409 2627 2464; x_wconf 88' lang='lat' dir='ltr'><strong>dolores</strong></span> <span class='ocrx_word' id='word_1_515' title='bbox 2675 2422 2892 2480; x_wconf 89' lang='lat' dir='ltr'><strong>partus,</strong></span> <span class='ocrx_word' id='word_1_516' title='bbox 2937 2411 3162 2482; x_wconf 76' lang='lat' dir='ltr'><strong>eﬂ‘ugit,</strong></span> <span class='ocrx_word' id='word_1_517' title='bbox 3209 2423 3265 2467; x_wconf 91' lang='lat' dir='ltr'><strong>et</strong></span> <span class='ocrx_word' id='word_1_518' title='bbox 3308 2414 3516 2482; x_wconf 82' lang='lat' dir='ltr'><strong>peperit</strong></span> 
     </span>
    </p>
   </div>
   <div class='ocr_carea' id='block_1_70' title="bbox 1943 2497 3518 2574">
    <p class='ocr_par' dir='ltr' id='par_1_70' title="bbox 1943 2497 3518 2574">
     <span class='ocr_line' id='line_1_70' title="bbox 1943 2497 3518 2574; baseline 0.004 -20"><span class='ocrx_word' id='word_1_519' title='bbox 1943 2499 2260 2556; x_wconf 80' lang='lat' dir='ltr'><strong>masculum.</strong></span> <span class='ocrx_word' id='word_1_520' title='bbox 2289 2497 2423 2565; x_wconf 81' lang='lat' dir='ltr'><strong>Quis</strong></span> <span class='ocrx_word' id='word_1_521' title='bbox 2467 2499 2672 2554; x_wconf 86' lang='lat' dir='ltr'><strong>audivit</strong></span> <span class='ocrx_word' id='word_1_522' title='bbox 2712 2501 2854 2556; x_wconf 81' lang='lat' dir='ltr'><strong>tale?</strong></span> <span class='ocrx_word' id='word_1_523' title='bbox 2895 2511 2948 2557; x_wconf 92' lang='lat' dir='ltr'><strong>et</strong></span> <span class='ocrx_word' id='word_1_524' title='bbox 2977 2505 3102 2574; x_wconf 90' lang='lat' dir='ltr'><strong>quis</strong></span> <span class='ocrx_word' id='word_1_525' title='bbox 3135 2505 3266 2558; x_wconf 88' lang='lat' dir='ltr'><strong>vidit</strong></span> <span class='ocrx_word' id='word_1_526' title='bbox 3307 2505 3518 2561; x_wconf 80' lang='lat' dir='ltr'><strong>simile?</strong></span> 
     </span>
    </p>
   </div>
   <div class='ocr_carea' id='block_1_71' title="bbox 1939 2590 3516 2666">
    <p class='ocr_par' dir='ltr' id='par_1_71' title="bbox 1939 2590 3516 2666">
     <span class='ocr_line' id='line_1_71' title="bbox 1939 2590 3516 2666; baseline 0.004 -21"><span class='ocrx_word' id='word_1_527' title='bbox 1939 2590 2077 2646; x_wconf 85' lang='lat' dir='ltr'><strong>Num</strong></span> <span class='ocrx_word' id='word_1_528' title='bbox 2119 2594 2408 2663; x_wconf 72' lang='lat' dir='ltr'><strong>parturivi:</strong></span> <span class='ocrx_word' id='word_1_529' title='bbox 2454 2603 2599 2649; x_wconf 90' lang='lat' dir='ltr'><strong>terra</strong></span> <span class='ocrx_word' id='word_1_530' title='bbox 2643 2595 2730 2650; x_wconf 89' lang='lat' dir='ltr'><strong>die</strong></span> <span class='ocrx_word' id='word_1_531' title='bbox 2761 2610 2888 2659; x_wconf 88' lang='lat' dir='ltr'><strong>una,</strong></span> <span class='ocrx_word' id='word_1_532' title='bbox 2931 2611 3057 2648; x_wconf 91' lang='lat' dir='ltr'><strong>num</strong></span> <span class='ocrx_word' id='word_1_533' title='bbox 3103 2605 3226 2650; x_wconf 89' lang='lat' dir='ltr'><strong>nata</strong></span> <span class='ocrx_word' id='word_1_534' title='bbox 3268 2607 3350 2651; x_wconf 90' lang='lat' dir='ltr'><strong>est</strong></span> <span class='ocrx_word' id='word_1_535' title='bbox 3385 2611 3516 2666; x_wconf 87' lang='lat' dir='ltr'><strong>gens</strong></span> 
     </span>
    </p>
   </div>
   <div class='ocr_carea' id='block_1_72' title="bbox 1939 2683 3514 2758">
    <p class='ocr_par' dir='ltr' id='par_1_72' title="bbox 1939 2683 3514 2758">
     <span class='ocr_line' id='line_1_72' title="bbox 1939 2683 3514 2758; baseline 0.005 -20"><span class='ocrx_word' id='word_1_536' title='bbox 1939 2683 2128 2749; x_wconf 90' lang='lat' dir='ltr'><strong>simul,</strong></span> <span class='ocrx_word' id='word_1_537' title='bbox 2185 2685 2310 2754; x_wconf 89' lang='lat' dir='ltr'><strong>quia</strong></span> <span class='ocrx_word' id='word_1_538' title='bbox 2372 2686 2658 2754; x_wconf 88' lang='lat' dir='ltr'><strong>parturivit</strong></span> <span class='ocrx_word' id='word_1_539' title='bbox 2702 2699 2758 2741; x_wconf 90' lang='lat' dir='ltr'><strong>et</strong></span> <span class='ocrx_word' id='word_1_540' title='bbox 2812 2687 3022 2756; x_wconf 89' lang='lat' dir='ltr'><strong>peperit</strong></span> <span class='ocrx_word' id='word_1_541' title='bbox 3073 2687 3203 2742; x_wconf 89' lang='lat' dir='ltr'><strong>Sion</strong></span> <span class='ocrx_word' id='word_1_542' title='bbox 3258 2689 3514 2758; x_wconf 87' lang='lat' dir='ltr'><strong>parvulos</strong></span> 
     </span>
    </p>
   </div>
   <div class='ocr_carea' id='block_1_73' title="bbox 1939 2776 3512 2846">
    <p class='ocr_par' dir='ltr' id='par_1_73' title="bbox 1939 2776 3512 2846">
     <span class='ocr_line' id='line_1_73' title="bbox 1939 2776 3512 2846; baseline 0.003 -16"><span class='ocrx_word' id='word_1_543' title='bbox 1939 2776 2134 2830; x_wconf 72' lang='lat' dir='ltr'><strong>suos‘ii</strong></span> <span class='ocrx_word' id='word_1_544' title='bbox 2170 2776 2265 2830; x_wconf 90' lang='lat' dir='ltr'><strong>Pia</strong></span> <span class='ocrx_word' id='word_1_545' title='bbox 2300 2776 2510 2846; x_wconf 78' lang='lat' dir='ltr'><strong>religio,</strong></span> <span class='ocrx_word' id='word_1_546' title='bbox 2536 2790 2591 2830; x_wconf 85' lang='lat' dir='ltr'><strong>et</strong></span> <span class='ocrx_word' id='word_1_547' title='bbox 2619 2791 2758 2830; x_wconf 88' lang='lat' dir='ltr'><strong>nova</strong></span> <span class='ocrx_word' id='word_1_548' title='bbox 2786 2790 3082 2846; x_wconf 89' lang='lat' dir='ltr'><strong>recensque</strong></span> <span class='ocrx_word' id='word_1_549' title='bbox 3111 2776 3264 2841; x_wconf 88' lang='lat' dir='ltr'><strong>Sion,</strong></span> <span class='ocrx_word' id='word_1_550' title='bbox 3297 2779 3512 2834; x_wconf 81' lang='lat' dir='ltr'><strong>scilicet</strong></span> 
     </span>
    </p>
   </div>
   <div class='ocr_carea' id='block_1_74' title="bbox 1937 2865 3512 2938">
    <p class='ocr_par' dir='ltr' id='par_1_74' title="bbox 1937 2865 3512 2938">
     <span class='ocr_line' id='line_1_74' title="bbox 1937 2865 3512 2938; baseline 0.003 -18"><span class='ocrx_word' id='word_1_551' title='bbox 1937 2866 2177 2922; x_wconf 88' lang='lat' dir='ltr'><strong>Ecclesia</strong></span> <span class='ocrx_word' id='word_1_552' title='bbox 2224 2865 2347 2934; x_wconf 86' lang='lat' dir='ltr'><strong>Dei,</strong></span> <span class='ocrx_word' id='word_1_553' title='bbox 2393 2883 2490 2938; x_wconf 90' lang='lat' dir='ltr'><strong>per</strong></span> <span class='ocrx_word' id='word_1_554' title='bbox 2535 2882 2628 2922; x_wconf 92' lang='lat' dir='ltr'><strong>vos</strong></span> <span class='ocrx_word' id='word_1_555' title='bbox 2676 2868 3076 2935; x_wconf 86' lang='lat' dir='ltr'><strong>constituenda,</strong></span> <span class='ocrx_word' id='word_1_556' title='bbox 3124 2878 3328 2923; x_wconf 86' lang='lat' dir='ltr'><strong>tantam</strong></span> <span class='ocrx_word' id='word_1_557' title='bbox 3380 2885 3512 2924; x_wconf 88' lang='lat' dir='ltr'><strong>con-</strong></span> 
     </span>
    </p>
   </div>
   <div class='ocr_carea' id='block_1_75' title="bbox 1939 2959 3508 3031">
    <p class='ocr_par' dir='ltr' id='par_1_75' title="bbox 1939 2959 3508 3031">
     <span class='ocr_line' id='line_1_75' title="bbox 1939 2959 3508 3031; baseline 0 -17"><span class='ocrx_word' id='word_1_558' title='bbox 1939 2961 2116 3015; x_wconf 85' lang='lat' dir='ltr'><strong>iertim</strong></span> <span class='ocrx_word' id='word_1_559' title='bbox 2145 2963 2388 3030; x_wconf 88' lang='lat' dir='ltr'><strong>gentium</strong></span> <span class='ocrx_word' id='word_1_560' title='bbox 2419 2971 2473 3016; x_wconf 84' lang='lat' dir='ltr'><strong>et</strong></span> <span class='ocrx_word' id='word_1_561' title='bbox 2511 2959 2826 3031; x_wconf 89' lang='lat' dir='ltr'><strong>populorum</strong></span> <span class='ocrx_word' id='word_1_562' title='bbox 2870 2959 3272 3014; x_wconf 88' lang='lat' dir='ltr'><strong>multitudinem</strong></span> <span class='ocrx_word' id='word_1_563' title='bbox 3309 2961 3508 3031; x_wconf 87' lang='lat' dir='ltr'><strong>pariet,</strong></span> 
     </span>
    </p>
   </div>
   <div class='ocr_carea' id='block_1_76' title="bbox 1937 3053 3509 3126">
    <p class='ocr_par' dir='ltr' id='par_1_76' title="bbox 1937 3053 3509 3126">
     <span class='ocr_line' id='line_1_76' title="bbox 1937 3053 3509 3126; baseline 0.001 -16"><span class='ocrx_word' id='word_1_564' title='bbox 1937 3065 1997 3110; x_wconf 89' lang='lat' dir='ltr'><strong>nt</strong></span> <span class='ocrx_word' id='word_1_565' title='bbox 2027 3056 2118 3126; x_wconf 85' lang='lat' dir='ltr'><strong>qui</strong></span> <span class='ocrx_word' id='word_1_566' title='bbox 2150 3055 2382 3110; x_wconf 91' lang='lat' dir='ltr'><strong>audierit</strong></span> <span class='ocrx_word' id='word_1_567' title='bbox 2409 3053 2778 3126; x_wconf 82' lang='lat' dir='ltr'><strong>Obstupescat.</strong></span> <span class='ocrx_word' id='word_1_568' title='bbox 2809 3054 3023 3111; x_wconf 86' lang='lat' dir='ltr'><strong>Atenim</strong></span> <span class='ocrx_word' id='word_1_569' title='bbox 3052 3057 3509 3126; x_wconf 89' lang='lat' dir='ltr'><strong>quemadmodum</strong></span> 
     </span>
    </p>
   </div>
   <div class='ocr_carea' id='block_1_77' title="bbox 1937 3147 3503 3220">
    <p class='ocr_par' dir='ltr' id='par_1_77' title="bbox 1937 3147 3503 3220">
     <span class='ocr_line' id='line_1_77' title="bbox 1937 3147 3503 3220; baseline 0.001 -17"><span class='ocrx_word' id='word_1_570' title='bbox 1937 3148 1981 3203; x_wconf 92' lang='lat' dir='ltr'><strong>si</strong></span> <span class='ocrx_word' id='word_1_571' title='bbox 2021 3147 2215 3202; x_wconf 90' lang='lat' dir='ltr'><strong>mulier</strong></span> <span class='ocrx_word' id='word_1_572' title='bbox 2257 3149 2500 3216; x_wconf 73' lang='lat' dir='ltr'><strong>quaedam</strong></span> <span class='ocrx_word' id='word_1_573' title='bbox 2539 3156 2755 3202; x_wconf 87' lang='lat' dir='ltr'><strong>uterum</strong></span> <span class='ocrx_word' id='word_1_574' title='bbox 2808 3157 3029 3218; x_wconf 77' lang='lat' dir='ltr'><strong>gestans</strong></span> <span class='ocrx_word' id='word_1_575' title='bbox 3079 3162 3142 3203; x_wconf 90' lang='lat' dir='ltr'><strong>ac</strong></span> <span class='ocrx_word' id='word_1_576' title='bbox 3195 3163 3503 3220; x_wconf 70' lang='lat' dir='ltr'><strong>prmgnans,</strong></span> 
     </span>
    </p>
   </div>
   <div class='ocr_carea' id='block_1_78' title="bbox 1935 3237 3512 3310">
    <p class='ocr_par' dir='ltr' id='par_1_78' title="bbox 1935 3237 3512 3310">
     <span class='ocr_line' id='line_1_78' title="bbox 1935 3237 3512 3310; baseline 0.001 -15"><span class='ocrx_word' id='word_1_577' title='bbox 1935 3239 2054 3295; x_wconf 65' lang='lat' dir='ltr'><strong>sine</strong></span> <span class='ocrx_word' id='word_1_578' title='bbox 2084 3239 2192 3294; x_wconf 93' lang='lat' dir='ltr'><strong>ullo</strong></span> <span class='ocrx_word' id='word_1_579' title='bbox 2225 3238 2410 3294; x_wconf 90' lang='lat' dir='ltr'><strong>dolore</strong></span> <span class='ocrx_word' id='word_1_580' title='bbox 2465 3247 2689 3310; x_wconf 89' lang='lat' dir='ltr'><strong>repente</strong></span> <span class='ocrx_word' id='word_1_581' title='bbox 2741 3237 3038 3294; x_wconf 88' lang='lat' dir='ltr'><strong>masculum</strong></span> <span class='ocrx_word' id='word_1_582' title='bbox 3093 3240 3306 3308; x_wconf 87' lang='lat' dir='ltr'><strong>pariat;</strong></span> <span class='ocrx_word' id='word_1_583' title='bbox 3342 3242 3420 3296; x_wconf 82' lang='lat' dir='ltr'><strong>sic</strong></span> <span class='ocrx_word' id='word_1_584' title='bbox 3454 3251 3512 3296; x_wconf 85' lang='lat' dir='ltr'><strong>et</strong></span> 
     </span>
    </p>
   </div>
   <div class='ocr_carea' id='block_1_79' title="bbox 1935 3328 3510 3404">
    <p class='ocr_par' dir='ltr' id='par_1_79' title="bbox 1935 3328 3510 3404">
     <span class='ocr_line' id='line_1_79' title="bbox 1935 3328 3510 3404; baseline 0.003 -19"><span class='ocrx_word' id='word_1_585' title='bbox 1935 3344 2073 3385; x_wconf 82' lang='lat' dir='ltr'><strong>nova</strong></span> <span class='ocrx_word' id='word_1_586' title='bbox 2108 3328 2238 3385; x_wconf 90' lang='lat' dir='ltr'><strong>Sion</strong></span> <span class='ocrx_word' id='word_1_587' title='bbox 2272 3329 2528 3399; x_wconf 89' lang='lat' dir='ltr'><strong>populum</strong></span> <span class='ocrx_word' id='word_1_588' title='bbox 2576 3344 2775 3384; x_wconf 92' lang='lat' dir='ltr'><strong>novum</strong></span> <span class='ocrx_word' id='word_1_589' title='bbox 2796 3369 2812 3394; x_wconf 87' lang='lat'><strong>,</strong></span> <span class='ocrx_word' id='word_1_590' title='bbox 2857 3337 2913 3385; x_wconf 91' lang='lat' dir='ltr'><strong>et</strong></span> <span class='ocrx_word' id='word_1_591' title='bbox 2952 3331 3260 3387; x_wconf 88' lang='lat' dir='ltr'><strong>universam</strong></span> <span class='ocrx_word' id='word_1_592' title='bbox 3293 3345 3510 3404; x_wconf 78' lang='lat' dir='ltr'><strong>gentem</strong></span> 
     </span>
    </p>
   </div>
   <div class='ocr_carea' id='block_1_80' title="bbox 1933 3419 3506 3491">
    <p class='ocr_par' dir='ltr' id='par_1_80' title="bbox 1933 3419 3506 3491">
     <span class='ocr_line' id='line_1_80' title="bbox 1933 3419 3506 3491; baseline 0.001 -14"><span class='ocrx_word' id='word_1_593' title='bbox 1933 3421 2096 3477; x_wconf 89' lang='lat' dir='ltr'><strong>semel</strong></span> <span class='ocrx_word' id='word_1_594' title='bbox 2121 3430 2177 3477; x_wconf 89' lang='lat' dir='ltr'><strong>et</strong></span> <span class='ocrx_word' id='word_1_595' title='bbox 2204 3419 2488 3476; x_wconf 82' lang='lat' dir='ltr'><strong>confertim</strong></span> <span class='ocrx_word' id='word_1_596' title='bbox 2524 3421 2698 3491; x_wconf 85' lang='lat' dir='ltr'><strong>pariet</strong></span> <span class='ocrx_word' id='word_1_597' title='bbox 2717 3437 2741 3486; x_wconf 77' lang='lat'><strong>;,</strong></span> <span class='ocrx_word' id='word_1_598' title='bbox 2773 3420 2845 3475; x_wconf 88' lang='lat' dir='ltr'><strong>ita</strong></span> <span class='ocrx_word' id='word_1_599' title='bbox 2878 3430 2938 3475; x_wconf 87' lang='lat' dir='ltr'><strong>ut</strong></span> <span class='ocrx_word' id='word_1_600' title='bbox 2968 3423 3234 3490; x_wconf 88' lang='lat' dir='ltr'><strong>stupenda</strong></span> <span class='ocrx_word' id='word_1_601' title='bbox 3270 3439 3356 3478; x_wconf 89' lang='lat' dir='ltr'><strong>res</strong></span> <span class='ocrx_word' id='word_1_602' title='bbox 3391 3433 3506 3479; x_wconf 88' lang='lat' dir='ltr'><strong>tota</strong></span> 
     </span>
    </p>
   </div>
   <div class='ocr_carea' id='block_1_81' title="bbox 1933 3508 3510 3582">
    <p class='ocr_par' dir='ltr' id='par_1_81' title="bbox 1933 3508 3510 3582">
     <span class='ocr_line' id='line_1_81' title="bbox 1933 3508 3510 3582; baseline 0 -17"><span class='ocrx_word' id='word_1_603' title='bbox 1933 3510 2023 3574; x_wconf 90' lang='lat' dir='ltr'><strong>sit,</strong></span> <span class='ocrx_word' id='word_1_604' title='bbox 2063 3509 2238 3580; x_wconf 88' lang='lat' dir='ltr'><strong>qualis</strong></span> <span class='ocrx_word' id='word_1_605' title='bbox 2277 3510 2457 3564; x_wconf 86' lang='lat' dir='ltr'><strong>audita</strong></span> <span class='ocrx_word' id='word_1_606' title='bbox 2497 3524 2772 3579; x_wconf 85' lang='lat' dir='ltr'><strong>nunquam</strong></span> <span class='ocrx_word' id='word_1_607' title='bbox 2804 3509 2926 3564; x_wconf 80' lang='lat' dir='ltr'><strong>fuit.</strong></span> <span class='ocrx_word' id='word_1_608' title='bbox 2970 3508 3279 3565; x_wconf 68' lang='lat' dir='ltr'><strong>Iudaeorum</strong></span> <span class='ocrx_word' id='word_1_609' title='bbox 3310 3514 3510 3582; x_wconf 85' lang='lat' dir='ltr'><strong>quippe</strong></span> 
     </span>
    </p>
   </div>
   <div class='ocr_carea' id='block_1_82' title="bbox 1934 3599 3504 3670">
    <p class='ocr_par' dir='ltr' id='par_1_82' title="bbox 1934 3599 3504 3670">
     <span class='ocr_line' id='line_1_82' title="bbox 1934 3599 3504 3670; baseline 0.002 -14"><span class='ocrx_word' id='word_1_610' title='bbox 1934 3601 2080 3656; x_wconf 81' lang='lat' dir='ltr'><strong>natio</strong></span> <span class='ocrx_word' id='word_1_611' title='bbox 2103 3608 2160 3656; x_wconf 88' lang='lat' dir='ltr'><strong>et</strong></span> <span class='ocrx_word' id='word_1_612' title='bbox 2198 3601 2311 3669; x_wconf 87' lang='lat' dir='ltr'><strong>ipse</strong></span> <span class='ocrx_word' id='word_1_613' title='bbox 2347 3599 2511 3655; x_wconf 91' lang='lat' dir='ltr'><strong>Israel</strong></span> <span class='ocrx_word' id='word_1_614' title='bbox 2558 3614 2665 3655; x_wconf 91' lang='lat' dir='ltr'><strong>non</strong></span> <span class='ocrx_word' id='word_1_615' title='bbox 2713 3599 3001 3654; x_wconf 78' lang='lat' dir='ltr'><strong>confertim</strong></span> <span class='ocrx_word' id='word_1_616' title='bbox 3054 3601 3349 3670; x_wconf 89' lang='lat' dir='ltr'><strong>productus</strong></span> <span class='ocrx_word' id='word_1_617' title='bbox 3376 3613 3504 3660; x_wconf 87' lang='lat' dir='ltr'><strong>est:</strong></span> 
     </span>
    </p>
   </div>
   <div class='ocr_carea' id='block_1_83' title="bbox 1933 3691 3506 3763">
    <p class='ocr_par' dir='ltr' id='par_1_83' title="bbox 1933 3691 3506 3763">
     <span class='ocr_line' id='line_1_83' title="bbox 1933 3691 3506 3763; baseline 0.002 -16"><span class='ocrx_word' id='word_1_618' title='bbox 1933 3707 2056 3747; x_wconf 91' lang='lat' dir='ltr'><strong>nam</strong></span> <span class='ocrx_word' id='word_1_619' title='bbox 2104 3693 2253 3763; x_wconf 92' lang='lat' dir='ltr'><strong>prior</strong></span> <span class='ocrx_word' id='word_1_620' title='bbox 2289 3693 2505 3762; x_wconf 88' lang='lat' dir='ltr'><strong>quidem</strong></span> <span class='ocrx_word' id='word_1_621' title='bbox 2559 3691 2660 3746; x_wconf 80' lang='lat' dir='ltr'><strong>fuit</strong></span> <span class='ocrx_word' id='word_1_622' title='bbox 2707 3707 2896 3747; x_wconf 92' lang='lat' dir='ltr'><strong>eorum</strong></span> <span class='ocrx_word' id='word_1_623' title='bbox 2947 3694 3302 3762; x_wconf 80' lang='lat' dir='ltr'><strong>progenitor:</strong></span> <span class='ocrx_word' id='word_1_624' title='bbox 3344 3694 3506 3763; x_wconf 86' lang='lat' dir='ltr'><strong>hujus</strong></span> 
     </span>
    </p>
   </div>
   <div class='ocr_carea' id='block_1_84' title="bbox 1931 3780 3508 3854">
    <p class='ocr_par' dir='ltr' id='par_1_84' title="bbox 1931 3780 3508 3854">
     <span class='ocr_line' id='line_1_84' title="bbox 1931 3780 3508 3854; baseline 0.002 -17"><span class='ocrx_word' id='word_1_625' title='bbox 1931 3797 2060 3838; x_wconf 92' lang='lat' dir='ltr'><strong>vero</strong></span> <span class='ocrx_word' id='word_1_626' title='bbox 2090 3783 2374 3838; x_wconf 91' lang='lat' dir='ltr'><strong>duodecim</strong></span> <span class='ocrx_word' id='word_1_627' title='bbox 2417 3780 2575 3837; x_wconf 75' lang='lat' dir='ltr'><strong>{uere</strong></span> <span class='ocrx_word' id='word_1_628' title='bbox 2604 3782 2699 3837; x_wconf 83' lang='lat' dir='ltr'><strong>lilii</strong></span> <span class='ocrx_word' id='word_1_629' title='bbox 2738 3800 2754 3838; x_wconf 89' lang='lat'><strong>:</strong></span> <span class='ocrx_word' id='word_1_630' title='bbox 2801 3782 2926 3838; x_wconf 90' lang='lat' dir='ltr'><strong>hinc</strong></span> <span class='ocrx_word' id='word_1_631' title='bbox 2959 3797 3026 3838; x_wconf 81' lang='lat' dir='ltr'><strong>ex</strong></span> <span class='ocrx_word' id='word_1_632' title='bbox 3066 3783 3294 3854; x_wconf 70' lang='lat' dir='ltr'><strong>singulis</strong></span> <span class='ocrx_word' id='word_1_633' title='bbox 3325 3785 3417 3839; x_wconf 87' lang='lat' dir='ltr'><strong>lilii</strong></span> <span class='ocrx_word' id='word_1_634' title='bbox 3453 3794 3508 3840; x_wconf 83' lang='lat' dir='ltr'><strong>et</strong></span> 
     </span>
    </p>
   </div>
   <div class='ocr_carea' id='block_1_85' title="bbox 1931 3873 3504 3945">
    <p class='ocr_par' dir='ltr' id='par_1_85' title="bbox 1931 3873 3504 3945">
     <span class='ocr_line' id='line_1_85' title="bbox 1931 3873 3504 3945; baseline 0.002 -16"><span class='ocrx_word' id='word_1_635' title='bbox 1931 3873 2076 3942; x_wconf 64' lang='lat' dir='ltr'><strong>illia,</strong></span> <span class='ocrx_word' id='word_1_636' title='bbox 2101 3875 2298 3944; x_wconf 88' lang='lat' dir='ltr'><strong>quibus</strong></span> <span class='ocrx_word' id='word_1_637' title='bbox 2330 3873 2457 3928; x_wconf 88' lang='lat' dir='ltr'><strong>item</strong></span> <span class='ocrx_word' id='word_1_638' title='bbox 2491 3873 2586 3929; x_wconf 77' lang='lat' dir='ltr'><strong>filii</strong></span> <span class='ocrx_word' id='word_1_639' title='bbox 2625 3881 2680 3928; x_wconf 87' lang='lat' dir='ltr'><strong>et</strong></span> <span class='ocrx_word' id='word_1_640' title='bbox 2725 3882 2952 3944; x_wconf 90' lang='lat' dir='ltr'><strong>nepotes</strong></span> <span class='ocrx_word' id='word_1_641' title='bbox 2984 3883 3037 3929; x_wconf 86' lang='lat' dir='ltr'><strong>et</strong></span> <span class='ocrx_word' id='word_1_642' title='bbox 3069 3875 3362 3945; x_wconf 90' lang='lat' dir='ltr'><strong>abnepotes</strong></span> <span class='ocrx_word' id='word_1_643' title='bbox 3398 3879 3504 3932; x_wconf 90' lang='lat' dir='ltr'><strong>orti</strong></span> 
     </span>
    </p>
   </div>
   <div class='ocr_carea' id='block_1_86' title="bbox 1930 3966 3501 4037">
    <p class='ocr_par' dir='ltr' id='par_1_86' title="bbox 1930 3966 3501 4037">
     <span class='ocr_line' id='line_1_86' title="bbox 1930 3966 3501 4037; baseline 0.001 -16"><span class='ocrx_word' id='word_1_644' title='bbox 1930 3976 2075 4030; x_wconf 86' lang='lat' dir='ltr'><strong>surt,</strong></span> <span class='ocrx_word' id='word_1_645' title='bbox 2116 3976 2279 4037; x_wconf 90' lang='lat' dir='ltr'><strong>atque</strong></span> <span class='ocrx_word' id='word_1_646' title='bbox 2315 3966 2388 4020; x_wconf 88' lang='lat' dir='ltr'><strong>ita</strong></span> <span class='ocrx_word' id='word_1_647' title='bbox 2421 3981 2517 4037; x_wconf 91' lang='lat' dir='ltr'><strong>per</strong></span> <span class='ocrx_word' id='word_1_648' title='bbox 2545 3976 2827 4035; x_wconf 90' lang='lat' dir='ltr'><strong>parentum</strong></span> <span class='ocrx_word' id='word_1_649' title='bbox 2859 3966 3282 4032; x_wconf 88' lang='lat' dir='ltr'><strong>successionem,</strong></span> <span class='ocrx_word' id='word_1_650' title='bbox 3313 3967 3501 4023; x_wconf 85' lang='lat' dir='ltr'><strong>multis</strong></span> 
     </span>
    </p>
   </div>
   <div class='ocr_carea' id='block_1_87' title="bbox 1929 4055 3504 4127">
    <p class='ocr_par' dir='ltr' id='par_1_87' title="bbox 1929 4055 3504 4127">
     <span class='ocr_line' id='line_1_87' title="bbox 1929 4055 3504 4127; baseline 0.001 -15"><span class='ocrx_word' id='word_1_651' title='bbox 1929 4071 2190 4112; x_wconf 89' lang='lat' dir='ltr'><strong>annorum</strong></span> <span class='ocrx_word' id='word_1_652' title='bbox 2239 4057 2550 4122; x_wconf 88' lang='lat' dir='ltr'><strong>curriculis,</strong></span> <span class='ocrx_word' id='word_1_653' title='bbox 2593 4065 2648 4111; x_wconf 90' lang='lat' dir='ltr'><strong>et</strong></span> <span class='ocrx_word' id='word_1_654' title='bbox 2683 4057 2849 4111; x_wconf 90' lang='lat' dir='ltr'><strong>variis</strong></span> <span class='ocrx_word' id='word_1_655' title='bbox 2895 4055 3332 4127; x_wconf 87' lang='lat' dir='ltr'><strong>generationibus</strong></span> <span class='ocrx_word' id='word_1_656' title='bbox 3381 4059 3504 4114; x_wconf 91' lang='lat' dir='ltr'><strong>uni-</strong></span> 
     </span>
    </p>
   </div>
   <div class='ocr_carea' id='block_1_88' title="bbox 1928 4147 2845 4218">
    <p class='ocr_par' dir='ltr' id='par_1_88' title="bbox 1928 4147 2845 4218">
     <span class='ocr_line' id='line_1_88' title="bbox 1928 4147 2845 4218; baseline 0 -18"><span class='ocrx_word' id='word_1_657' title='bbox 1928 4161 2140 4202; x_wconf 86' lang='lat' dir='ltr'><strong>versum</strong></span> <span class='ocrx_word' id='word_1_658' title='bbox 2169 4163 2336 4218; x_wconf 90' lang='lat' dir='ltr'><strong>genus</strong></span> <span class='ocrx_word' id='word_1_659' title='bbox 2363 4162 2550 4204; x_wconf 88' lang='lat' dir='ltr'><strong>eorum</strong></span> <span class='ocrx_word' id='word_1_660' title='bbox 2581 4147 2845 4202; x_wconf 89' lang='lat' dir='ltr'><strong>constitit.</strong></span> 
     </span>
    </p>
   </div>
   <div class='ocr_carea' id='block_1_89' title="bbox 2000 4238 3498 4309">
    <p class='ocr_par' dir='ltr' id='par_1_89' title="bbox 2000 4238 3498 4309">
     <span class='ocr_line' id='line_1_89' title="bbox 2000 4238 3498 4309; baseline 0.001 -16"><span class='ocrx_word' id='word_1_661' title='bbox 2000 4238 2165 4294; x_wconf 80' lang='lat' dir='ltr'><strong>Vens.</strong></span> <span class='ocrx_word' id='word_1_662' title='bbox 2194 4239 2249 4295; x_wconf 91' lang='lat'><strong>9.</strong></span> <span class='ocrx_word' id='word_1_663' title='bbox 2294 4257 2312 4291; x_wconf 85' lang='grc' dir='ltr'><strong>ι</strong></span> <span class='ocrx_word' id='word_1_664' title='bbox 2343 4239 2457 4309; x_wconf 86' lang='lat' dir='ltr'><strong>Ego</strong></span> <span class='ocrx_word' id='word_1_665' title='bbox 2493 4251 2623 4293; x_wconf 85' lang='lat' dir='ltr'><strong>vero</strong></span> <span class='ocrx_word' id='word_1_666' title='bbox 2658 4238 2779 4292; x_wconf 92' lang='lat' dir='ltr'><strong>dedi</strong></span> <span class='ocrx_word' id='word_1_667' title='bbox 2829 4239 3288 4309; x_wconf 81' lang='lat' dir='ltr'><strong>exspectationem</strong></span> <span class='ocrx_word' id='word_1_668' title='bbox 3336 4239 3498 4306; x_wconf 89' lang='lat' dir='ltr'><strong>hanc,</strong></span> 
     </span>
    </p>
   </div>
   <div class='ocr_carea' id='block_1_90' title="bbox 1928 4329 3503 4396">
    <p class='ocr_par' dir='ltr' id='par_1_90' title="bbox 1928 4329 3503 4396">
     <span class='ocr_line' id='line_1_90' title="bbox 1928 4329 3503 4396; baseline -0.002 -5"><span class='ocrx_word' id='word_1_669' title='bbox 1928 4344 1982 4392; x_wconf 93' lang='lat' dir='ltr'><strong>et</strong></span> <span class='ocrx_word' id='word_1_670' title='bbox 2018 4349 2124 4389; x_wconf 92' lang='lat' dir='ltr'><strong>non</strong></span> <span class='ocrx_word' id='word_1_671' title='bbox 2162 4331 2478 4388; x_wconf 88' lang='lat' dir='ltr'><strong>recordatus</strong></span> <span class='ocrx_word' id='word_1_672' title='bbox 2518 4345 2577 4385; x_wconf 91' lang='lat' dir='ltr'><strong>es</strong></span> <span class='ocrx_word' id='word_1_673' title='bbox 2617 4331 2756 4396; x_wconf 92' lang='lat' dir='ltr'><strong>mei,</strong></span> <span class='ocrx_word' id='word_1_674' title='bbox 2800 4329 2941 4386; x_wconf 89' lang='lat' dir='ltr'><strong>dixit</strong></span> <span class='ocrx_word' id='word_1_675' title='bbox 2985 4331 3263 4387; x_wconf 88' lang='lat' dir='ltr'><strong>Dominus.</strong></span> <span class='ocrx_word' id='word_1_676' title='bbox 3314 4331 3503 4388; x_wconf 85' lang='lat' dir='ltr'><strong>Nonne</strong></span> 
     </span>
    </p>
   </div>
   <div class='ocr_carea' id='block_1_91' title="bbox 1927 4423 3496 4499">
    <p class='ocr_par' dir='ltr' id='par_1_91' title="bbox 1927 4423 3496 4499">
     <span class='ocr_line' id='line_1_91' title="bbox 1927 4423 3496 4499; baseline -0.004 -15"><span class='ocrx_word' id='word_1_677' title='bbox 1927 4443 2026 4499; x_wconf 83' lang='lat' dir='ltr'><strong>ego</strong></span> <span class='ocrx_word' id='word_1_678' title='bbox 2055 4427 2361 4497; x_wconf 88' lang='lat' dir='ltr'><strong>gignentem</strong></span> <span class='ocrx_word' id='word_1_679' title='bbox 2402 4432 2457 4477; x_wconf 91' lang='lat' dir='ltr'><strong>et</strong></span> <span class='ocrx_word' id='word_1_680' title='bbox 2489 4423 2729 4478; x_wconf 91' lang='lat' dir='ltr'><strong>sterilem</strong></span> <span class='ocrx_word' id='word_1_681' title='bbox 2759 4423 2896 4487; x_wconf 84' lang='lat' dir='ltr'><strong>l‘eci,</strong></span> <span class='ocrx_word' id='word_1_682' title='bbox 2927 4424 3060 4478; x_wconf 85' lang='lat' dir='ltr'><strong>dixit</strong></span> <span class='ocrx_word' id='word_1_683' title='bbox 3104 4425 3243 4479; x_wconf 90' lang='lat' dir='ltr'><strong>Deus</strong></span> <span class='ocrx_word' id='word_1_684' title='bbox 3291 4425 3453 4478; x_wconf 78' lang='lat' dir='ltr'><strong>tuus?</strong></span> <span class='ocrx_word' id='word_1_685' title='bbox 3475 4444 3496 4477; x_wconf 74' lang='grc' dir='ltr'><strong>ι</strong></span> 
     </span>
    </p>
   </div>
   <div class='ocr_carea' id='block_1_92' title="bbox 257 4513 1841 4595">
    <p class='ocr_par' dir='ltr' id='par_1_92' title="bbox 257 4517 1826 4595">
     <span class='ocr_line' id='line_1_92' title="bbox 257 4517 1826 4595; baseline -0.006 -18"><span class='ocrx_word' id='word_1_686' title='bbox 257 4523 416 4578; x_wconf 75' lang='grc' dir='ltr'>αὑτὸν</span> <span class='ocrx_word' id='word_1_687' title='bbox 439 4523 498 4576; x_wconf 80' lang='grc' dir='ltr'>δὲ</span> <span class='ocrx_word' id='word_1_688' title='bbox 524 4523 724 4595; x_wconf 87' lang='grc' dir='ltr'>τρόπον</span> <span class='ocrx_word' id='word_1_689' title='bbox 754 4520 902 4592; x_wconf 79' lang='grc' dir='ltr'>εὕροι</span> <span class='ocrx_word' id='word_1_690' title='bbox 937 4519 1002 4574; x_wconf 82' lang='grc' dir='ltr'>ἄν</span> <span class='ocrx_word' id='word_1_691' title='bbox 1027 4537 1112 4584; x_wconf 89' lang='grc' dir='ltr'><strong>τις</strong></span> <span class='ocrx_word' id='word_1_692' title='bbox 1143 4520 1234 4572; x_wconf 78' lang='grc' dir='ltr'>καὶ</span> <span class='ocrx_word' id='word_1_693' title='bbox 1260 4518 1328 4573; x_wconf 81' lang='grc' dir='ltr'>τὰ</span> <span class='ocrx_word' id='word_1_694' title='bbox 1349 4518 1511 4572; x_wconf 76' lang='grc' dir='ltr'>λοιπὰ</span> <span class='ocrx_word' id='word_1_695' title='bbox 1543 4517 1667 4589; x_wconf 74' lang='grc' dir='ltr'>ἔθνη</span> <span class='ocrx_word' id='word_1_696' title='bbox 1702 4519 1826 4589; x_wconf 84' lang='grc' dir='ltr'>χρό-</span> 
     </span>
    </p>
   </div>
   <div class='ocr_carea' id='block_1_93' title="bbox 1938 4513 3500 4595">
    <p class='ocr_par' dir='ltr' id='par_1_93' title="bbox 1938 4513 3500 4588">
     <span class='ocr_line' id='line_1_93' title="bbox 1938 4513 3500 4588; baseline -0.003 -13"><span class='ocrx_word' id='word_1_697' title='bbox 1938 4520 2126 4575; x_wconf 85' lang='lat' dir='ltr'><strong>Eodem</strong></span> <span class='ocrx_word' id='word_1_698' title='bbox 2163 4530 2386 4588; x_wconf 87' lang='lat' dir='ltr'><strong>prorsus</strong></span> <span class='ocrx_word' id='word_1_699' title='bbox 2427 4514 2584 4570; x_wconf 93' lang='lat' dir='ltr'><strong>modo</strong></span> <span class='ocrx_word' id='word_1_700' title='bbox 2613 4513 2747 4569; x_wconf 89' lang='lat' dir='ltr'><strong>alias</strong></span> <span class='ocrx_word' id='word_1_701' title='bbox 2779 4531 2994 4586; x_wconf 88' lang='lat' dir='ltr'><strong>quoque</strong></span> <span class='ocrx_word' id='word_1_702' title='bbox 3039 4527 3228 4584; x_wconf 88' lang='lat' dir='ltr'><strong>gentes</strong></span> <span class='ocrx_word' id='word_1_703' title='bbox 3274 4530 3500 4570; x_wconf 90' lang='lat' dir='ltr'><strong>numero</strong></span> 
     </span>
    </p>
   </div>
   <div class='ocr_carea' id='block_1_94' title="bbox 256 4611 1826 4685">
    <p class='ocr_par' dir='ltr' id='par_1_94' title="bbox 256 4611 1826 4685">
     <span class='ocr_line' id='line_1_94' title="bbox 256 4611 1826 4685; baseline -0.002 -16"><span class='ocrx_word' id='word_1_704' title='bbox 256 4633 369 4678; x_wconf 91' lang='grc' dir='ltr'>νοις</span> <span class='ocrx_word' id='word_1_705' title='bbox 399 4616 481 4678; x_wconf 87' lang='grc' dir='ltr'><strong>εἰς</strong></span> <span class='ocrx_word' id='word_1_706' title='bbox 527 4613 727 4685; x_wconf 73' lang='grc' dir='ltr'>πλῆθος</span> <span class='ocrx_word' id='word_1_707' title='bbox 763 4611 1148 4666; x_wconf 72' lang='grc' dir='ltr'>ἐπιδεδωκόταο</span> <span class='ocrx_word' id='word_1_708' title='bbox 1198 4612 1226 4664; x_wconf 81' lang='grc' dir='ltr'><strong>δ</strong></span> <span class='ocrx_word' id='word_1_709' title='bbox 1270 4612 1328 4666; x_wconf 84' lang='grc' dir='ltr'>δὲ</span> <span class='ocrx_word' id='word_1_710' title='bbox 1364 4612 1462 4683; x_wconf 83' lang='grc' dir='ltr'>τῆς</span> <span class='ocrx_word' id='word_1_711' title='bbox 1503 4611 1826 4682; x_wconf 83' lang='grc' dir='ltr'>Ἑκκλησίας</span> 
     </span>
    </p>
   </div>
   <div class='ocr_carea' id='block_1_95' title="bbox 256 4703 1828 4778">
    <p class='ocr_par' dir='ltr' id='par_1_95' title="bbox 256 4703 1828 4778">
     <span class='ocr_line' id='line_1_95' title="bbox 256 4703 1828 4778; baseline -0.002 -17"><span class='ocrx_word' id='word_1_712' title='bbox 256 4706 352 4761; x_wconf 91' lang='grc' dir='ltr'><strong>τοῦ</strong></span> <span class='ocrx_word' id='word_1_713' title='bbox 380 4705 513 4760; x_wconf 88' lang='grc' dir='ltr'>Θεοῦ</span> <span class='ocrx_word' id='word_1_714' title='bbox 545 4705 671 4769; x_wconf 77' lang='grc' dir='ltr'>λαὸς</span> <span class='ocrx_word' id='word_1_715' title='bbox 703 4704 912 4776; x_wconf 80' lang='grc' dir='ltr'>ἀθρόως</span> <span class='ocrx_word' id='word_1_716' title='bbox 935 4705 1024 4772; x_wconf 79' lang='grc' dir='ltr'><strong>ὑφ’</strong></span> <span class='ocrx_word' id='word_1_717' title='bbox 1054 4704 1149 4757; x_wconf 80' lang='grc' dir='ltr'><strong>ἐνα</strong></span> <span class='ocrx_word' id='word_1_718' title='bbox 1176 4705 1365 4776; x_wconf 85' lang='grc' dir='ltr'>καιρὸν</span> <span class='ocrx_word' id='word_1_719' title='bbox 1393 4705 1486 4757; x_wconf 75' lang='grc' dir='ltr'>καὶ</span> <span class='ocrx_word' id='word_1_720' title='bbox 1513 4703 1699 4778; x_wconf 86' lang='grc' dir='ltr'>ῶσπερ</span> <span class='ocrx_word' id='word_1_721' title='bbox 1723 4705 1828 4758; x_wconf 82' lang='grc' dir='ltr'><strong>ὑπὸ</strong></span> 
     </span>
    </p>
   </div>
   <div class='ocr_carea' id='block_1_96' title="bbox 262 4795 1899 4870">
    <p class='ocr_par' dir='ltr' id='par_1_96' title="bbox 262 4795 1899 4870">
     <span class='ocr_line' id='line_1_96' title="bbox 262 4795 1899 4870; baseline -0.002 -18"><span class='ocrx_word' id='word_1_722' title='bbox 262 4799 387 4870; x_wconf 84' lang='grc' dir='ltr'>μίαν</span> <span class='ocrx_word' id='word_1_723' title='bbox 428 4798 640 4870; x_wconf 77' lang='grc' dir='ltr'>ἡμέραν</span> <span class='ocrx_word' id='word_1_724' title='bbox 675 4797 912 4868; x_wconf 79' lang='grc' dir='ltr'>ἐπλήρου</span> <span class='ocrx_word' id='word_1_725' title='bbox 955 4795 1025 4849; x_wconf 81' lang='grc' dir='ltr'>τὰ</span> <span class='ocrx_word' id='word_1_726' title='bbox 1070 4795 1296 4849; x_wconf 80' lang='grc' dir='ltr'>πλεῖστα</span> <span class='ocrx_word' id='word_1_727' title='bbox 1341 4796 1481 4868; x_wconf 86' lang='grc' dir='ltr'>μέρη</span> <span class='ocrx_word' id='word_1_728' title='bbox 1509 4797 1610 4868; x_wconf 84' lang='grc' dir='ltr'>τῆς</span> <span class='ocrx_word' id='word_1_729' title='bbox 1644 4798 1826 4849; x_wconf 87' lang='grc' dir='ltr'>οἰκου-</span> <span class='ocrx_word' id='word_1_730' title='bbox 1868 4795 1899 4822; x_wconf 82' lang='grc'><strong>⁸</strong></span> 
     </span>
    </p>
   </div>
   <div class='ocr_carea' id='block_1_97' title="bbox 262 4887 1825 4961">
    <p class='ocr_par' dir='ltr' id='par_1_97' title="bbox 262 4887 1825 4961">
     <span class='ocr_line' id='line_1_97' title="bbox 262 4887 1825 4961; baseline -0.001 -17"><span class='ocrx_word' id='word_1_731' title='bbox 262 4891 455 4961; x_wconf 82' lang='grc' dir='ltr'>μένης·</span> <span class='ocrx_word' id='word_1_732' title='bbox 491 4890 520 4943; x_wconf 86' lang='grc' dir='ltr'><strong>ὃ</strong></span> <span class='ocrx_word' id='word_1_733' title='bbox 562 4889 626 4961; x_wconf 78' lang='grc' dir='ltr'>δὴ</span> <span class='ocrx_word' id='word_1_734' title='bbox 660 4887 865 4956; x_wconf 73' lang='grc' dir='ltr'>ξενίζον</span> <span class='ocrx_word' id='word_1_735' title='bbox 909 4889 1137 4960; x_wconf 82' lang='grc' dir='ltr'>πρᾶγμα</span> <span class='ocrx_word' id='word_1_736' title='bbox 1169 4889 1264 4942; x_wconf 73' lang='grc' dir='ltr'>καὶ</span> <span class='ocrx_word' id='word_1_737' title='bbox 1303 4887 1577 4960; x_wconf 88' lang='grc' dir='ltr'>θαύματος</span> <span class='ocrx_word' id='word_1_738' title='bbox 1624 4888 1825 4952; x_wconf 83' lang='grc' dir='ltr'>παντὸς</span> 
     </span>
    </p>
   </div>
   <div class='ocr_carea' id='block_1_98' title="bbox 258 4978 1824 5053">
    <p class='ocr_par' dir='ltr' id='par_1_98' title="bbox 258 4978 1824 5053">
     <span class='ocr_line' id='line_1_98' title="bbox 258 4978 1824 5053; baseline 0 -20"><span class='ocrx_word' id='word_1_739' title='bbox 258 4983 512 5034; x_wconf 76' lang='grc' dir='ltr'>ἐπέκεινα</span> <span class='ocrx_word' id='word_1_740' title='bbox 561 4982 803 5053; x_wconf 85' lang='grc' dir='ltr'>ὑπάρχον</span> <span class='ocrx_word' id='word_1_741' title='bbox 840 4979 965 5035; x_wconf 71' lang='grc' dir='ltr'>οὔτε</span> <span class='ocrx_word' id='word_1_742' title='bbox 1010 4981 1286 5053; x_wconf 84' lang='grc' dir='ltr'>ὀφθαλμὸς</span> <span class='ocrx_word' id='word_1_743' title='bbox 1327 4979 1539 5052; x_wconf 81' lang='grc' dir='ltr'>ἑώρακε</span> <span class='ocrx_word' id='word_1_744' title='bbox 1582 4978 1824 5046; x_wconf 76' lang='grc' dir='ltr'>πώποτε,</span> 
     </span>
    </p>
   </div>
   <div class='ocr_carea' id='block_1_99' title="bbox 257 5069 748 5143">
    <p class='ocr_par' dir='ltr' id='par_1_99' title="bbox 257 5069 748 5143">
     <span class='ocr_line' id='line_1_99' title="bbox 257 5069 748 5143; baseline 0 -18"><span class='ocrx_word' id='word_1_745' title='bbox 257 5071 378 5125; x_wconf 79' lang='grc' dir='ltr'>οὒτε</span> <span class='ocrx_word' id='word_1_746' title='bbox 411 5069 500 5135; x_wconf 73' lang='grc' dir='ltr'>οὖς</span> <span class='ocrx_word' id='word_1_747' title='bbox 529 5073 748 5143; x_wconf 61' lang='grc' dir='ltr'>ἢκουσε.</span> 
     </span>
    </p>
   </div>
   <div class='ocr_carea' id='block_1_100' title="bbox 333 5163 1825 5237">
    <p class='ocr_par' dir='ltr' id='par_1_100' title="bbox 333 5163 1825 5237">
     <span class='ocr_line' id='line_1_100' title="bbox 333 5163 1825 5237; baseline 0.003 -22"><span class='ocrx_word' id='word_1_748' title='bbox 333 5183 353 5214; x_wconf 75' lang='grc' dir='ltr'><strong>ι</strong></span> <span class='ocrx_word' id='word_1_749' title='bbox 386 5163 751 5235; x_wconf 76' lang='grc' dir='ltr'>Εὐφράνθητι,</span> <span class='ocrx_word' id='word_1_750' title='bbox 798 5165 1168 5236; x_wconf 79' lang='grc' dir='ltr'>Ἰερουσαλήμ,</span> <span class='ocrx_word' id='word_1_751' title='bbox 1204 5165 1298 5219; x_wconf 75' lang='grc' dir='ltr'><strong>καί</strong></span> <span class='ocrx_word' id='word_1_752' title='bbox 1327 5165 1736 5237; x_wconf 89' lang='grc' dir='ltr'>πανηγυρίσατε</span> <span class='ocrx_word' id='word_1_753' title='bbox 1767 5165 1825 5219; x_wconf 89' lang='grc' dir='ltr'><strong>ἐν</strong></span> 
     </span>
    </p>
   </div>
   <div class='ocr_carea' id='block_1_101' title="bbox 257 5254 1821 5327">
    <p class='ocr_par' dir='ltr' id='par_1_101' title="bbox 257 5254 1821 5327">
     <span class='ocr_line' id='line_1_101' title="bbox 257 5254 1821 5327; baseline -0.001 -19"><span class='ocrx_word' id='word_1_754' title='bbox 257 5255 418 5324; x_wconf 77' lang='grc' dir='ltr'>αὐτῇ,</span> <span class='ocrx_word' id='word_1_755' title='bbox 450 5254 650 5318; x_wconf 86' lang='grc' dir='ltr'>πάντες</span> <span class='ocrx_word' id='word_1_756' title='bbox 669 5256 716 5307; x_wconf 91' lang='grc' dir='ltr'>οἱ</span> <span class='ocrx_word' id='word_1_757' title='bbox 737 5255 1054 5323; x_wconf 79' lang='grc' dir='ltr'>ἀγαπῶντες</span> <span class='ocrx_word' id='word_1_758' title='bbox 1084 5258 1270 5327; x_wconf 79' lang='grc' dir='ltr'>αὐτήν.</span> <span class='ocrx_word' id='word_1_759' title='bbox 1303 5255 1519 5327; x_wconf 86' lang='grc' dir='ltr'>Χάρητε</span> <span class='ocrx_word' id='word_1_760' title='bbox 1541 5255 1658 5326; x_wconf 76' lang='grc' dir='ltr'>ἅμα</span> <span class='ocrx_word' id='word_1_761' title='bbox 1686 5256 1821 5327; x_wconf 77' lang='grc' dir='ltr'>αὐτῇ</span> 
     </span>
    </p>
   </div>
   <div class='ocr_carea' id='block_1_102' title="bbox 257 5345 1821 5420">
    <p class='ocr_par' dir='ltr' id='par_1_102' title="bbox 257 5345 1821 5420">
     <span class='ocr_line' id='line_1_102' title="bbox 257 5345 1821 5420; baseline 0.001 -21"><span class='ocrx_word' id='word_1_762' title='bbox 257 5347 403 5420; x_wconf 76' lang='grc' dir='ltr'>χαρᾷ</span> <span class='ocrx_word' id='word_1_763' title='bbox 431 5345 630 5408; x_wconf 78' lang='grc' dir='ltr'>πάντες</span> <span class='ocrx_word' id='word_1_764' title='bbox 670 5345 783 5398; x_wconf 87' lang='grc' dir='ltr'>ὅσοι</span> <span class='ocrx_word' id='word_1_765' title='bbox 813 5346 1054 5399; x_wconf 85' lang='grc' dir='ltr'>πενθεῖτε</span> <span class='ocrx_word' id='word_1_766' title='bbox 1089 5347 1174 5400; x_wconf 83' lang='grc' dir='ltr'><strong>ἐπ’</strong></span> <span class='ocrx_word' id='word_1_767' title='bbox 1202 5348 1359 5418; x_wconf 77' lang='grc' dir='ltr'>αὐτῇ,</span> <span class='ocrx_word' id='word_1_768' title='bbox 1396 5347 1482 5400; x_wconf 86' lang='grc' dir='ltr'><strong>ἴνα</strong></span> <span class='ocrx_word' id='word_1_769' title='bbox 1526 5347 1821 5419; x_wconf 82' lang='grc' dir='ltr'>θηλάσητε,</span> 
     </span>
    </p>
   </div>
   <div class='ocr_carea' id='block_1_103' title="bbox 257 5435 1818 5511">
    <p class='ocr_par' dir='ltr' id='par_1_103' title="bbox 257 5435 1818 5511">
     <span class='ocr_line' id='line_1_103' title="bbox 257 5435 1818 5511; baseline 0.001 -22"><span class='ocrx_word' id='word_1_770' title='bbox 257 5437 353 5492; x_wconf 72' lang='grc' dir='ltr'>καὶ</span> <span class='ocrx_word' id='word_1_771' title='bbox 397 5435 743 5508; x_wconf 83' lang='grc' dir='ltr'>ὲμπλησθῆτε</span> <span class='ocrx_word' id='word_1_772' title='bbox 787 5437 894 5492; x_wconf 81' lang='grc' dir='ltr'><strong>ἀπὸ</strong></span> <span class='ocrx_word' id='word_1_773' title='bbox 936 5437 1137 5508; x_wconf 87' lang='grc' dir='ltr'>μαστοῦ</span> <span class='ocrx_word' id='word_1_774' title='bbox 1188 5439 1583 5511; x_wconf 80' lang='grc' dir='ltr'>παρακλήσεως</span> <span class='ocrx_word' id='word_1_775' title='bbox 1629 5439 1818 5510; x_wconf 78' lang='grc' dir='ltr'>αὐτῆς,</span> 
     </span>
    </p>
   </div>
   <div class='ocr_carea' id='block_1_104' title="bbox 259 5527 1818 5602">
    <p class='ocr_par' dir='ltr' id='par_1_104' title="bbox 259 5527 1818 5602">
     <span class='ocr_line' id='line_1_104' title="bbox 259 5527 1818 5602; baseline 0 -18"><span class='ocrx_word' id='word_1_776' title='bbox 259 5530 345 5584; x_wconf 71' lang='grc' dir='ltr'><strong>ἴνα</strong></span> <span class='ocrx_word' id='word_1_777' title='bbox 378 5527 774 5598; x_wconf 83' lang='grc' dir='ltr'>ἐκθηλάσαντες</span> <span class='ocrx_word' id='word_1_778' title='bbox 816 5531 1129 5601; x_wconf 78' lang='grc' dir='ltr'>τρυφήσητε</span> <span class='ocrx_word' id='word_1_779' title='bbox 1164 5531 1271 5585; x_wconf 79' lang='grc' dir='ltr'><strong>ἀπὸ</strong></span> <span class='ocrx_word' id='word_1_780' title='bbox 1309 5531 1512 5584; x_wconf 88' lang='grc' dir='ltr'>εἰσόδου</span> <span class='ocrx_word' id='word_1_781' title='bbox 1537 5531 1694 5602; x_wconf 78' lang='grc' dir='ltr'>δόξης</span> <span class='ocrx_word' id='word_1_782' title='bbox 1719 5531 1818 5584; x_wconf 82' lang='grc' dir='ltr'>αύ-</span> 
     </span>
    </p>
   </div>
   <div class='ocr_carea' id='block_1_105' title="bbox 254 5617 1886 5708">
    <p class='ocr_par' dir='ltr' id='par_1_105' title="bbox 254 5617 1886 5708">
     <span class='ocr_line' id='line_1_105' title="bbox 254 5617 1886 5708; baseline 0 -34"><span class='ocrx_word' id='word_1_783' title='bbox 254 5621 375 5692; x_wconf 79' lang='grc' dir='ltr'>τῆς.</span> <span class='ocrx_word' id='word_1_784' title='bbox 415 5639 436 5673; x_wconf 75' lang='grc' dir='ltr'><strong>ι</strong></span> <span class='ocrx_word' id='word_1_785' title='bbox 469 5617 699 5690; x_wconf 81' lang='grc' dir='ltr'>Χαίρετε</span> <span class='ocrx_word' id='word_1_786' title='bbox 731 5623 826 5676; x_wconf 79' lang='grc' dir='ltr'><strong>καί</strong></span> <span class='ocrx_word' id='word_1_787' title='bbox 858 5621 1204 5693; x_wconf 79' lang='grc' dir='ltr'>ἀγαλλιᾶσθε,</span> <span class='ocrx_word' id='word_1_788' title='bbox 1236 5622 1310 5687; x_wconf 88' lang='grc' dir='ltr'>ὼς</span> <span class='ocrx_word' id='word_1_789' title='bbox 1346 5621 1626 5693; x_wconf 86' lang='grc' dir='ltr'>μέλλοντες</span> <span class='ocrx_word' id='word_1_790' title='bbox 1658 5621 1820 5694; x_wconf 86' lang='grc' dir='ltr'>ἐμπί-</span> <span class='ocrx_word' id='word_1_791' title='bbox 1879 5703 1886 5708; x_wconf 25' lang='grc'><strong><em>⁸</em></strong></span> 
     </span>
    </p>
   </div>
   <div class='ocr_carea' id='block_1_106' title="bbox 328 5803 796 5871">
    <p class='ocr_par' dir='ltr' id='par_1_106' title="bbox 328 5803 796 5871">
     <span class='ocr_line' id='line_1_106' title="bbox 328 5803 796 5871; baseline -0.009 -7"><span class='ocrx_word' id='word_1_792' title='bbox 328 5807 372 5840; x_wconf 75' lang='grc'><strong>³⁸</strong></span> <span class='ocrx_word' id='word_1_793' title='bbox 411 5805 599 5864; x_wconf 67' lang='grc' dir='ltr'>Μαιιίι.</span> <span class='ocrx_word' id='word_1_794' title='bbox 630 5821 684 5871; x_wconf 84' lang='lat' dir='ltr'><strong>v,</strong></span> <span class='ocrx_word' id='word_1_795' title='bbox 707 5803 796 5860; x_wconf 67' lang='grc'><strong>44.</strong></span> 
     </span>
    </p>
   </div>
   <div class='ocr_carea' id='block_1_107' title="bbox 1932 4605 3497 4676">
    <p class='ocr_par' dir='ltr' id='par_1_107' title="bbox 1932 4605 3497 4676">
     <span class='ocr_line' id='line_1_107' title="bbox 1932 4605 3497 4676; baseline -0.003 -11"><span class='ocrx_word' id='word_1_796' title='bbox 1932 4627 1995 4666; x_wconf 92' lang='lat' dir='ltr'><strong>ac</strong></span> <span class='ocrx_word' id='word_1_797' title='bbox 2034 4609 2378 4665; x_wconf 85' lang='lat' dir='ltr'><strong>multitudine</strong></span> <span class='ocrx_word' id='word_1_798' title='bbox 2406 4621 2529 4662; x_wconf 89' lang='lat' dir='ltr'><strong>cum</strong></span> <span class='ocrx_word' id='word_1_799' title='bbox 2574 4615 2813 4675; x_wconf 90' lang='lat' dir='ltr'><strong>tempore</strong></span> <span class='ocrx_word' id='word_1_800' title='bbox 2858 4616 3047 4660; x_wconf 91' lang='lat' dir='ltr'><strong>auctas</strong></span> <span class='ocrx_word' id='word_1_801' title='bbox 3087 4607 3360 4676; x_wconf 90' lang='lat' dir='ltr'><strong>reperias;</strong></span> <span class='ocrx_word' id='word_1_802' title='bbox 3401 4605 3497 4661; x_wconf 92' lang='lat' dir='ltr'><strong>Dei</strong></span> 
     </span>
    </p>
   </div>
   <div class='ocr_carea' id='block_1_108' title="bbox 1931 4697 3497 4769">
    <p class='ocr_par' dir='ltr' id='par_1_108' title="bbox 1931 4697 3497 4769">
     <span class='ocr_line' id='line_1_108' title="bbox 1931 4697 3497 4769; baseline -0.004 -13"><span class='ocrx_word' id='word_1_803' title='bbox 1931 4713 2111 4757; x_wconf 90' lang='lat' dir='ltr'><strong>autem</strong></span> <span class='ocrx_word' id='word_1_804' title='bbox 2162 4698 2418 4755; x_wconf 76' lang='lat' dir='ltr'><strong>Ecclesia:</strong></span> <span class='ocrx_word' id='word_1_805' title='bbox 2465 4698 2721 4769; x_wconf 90' lang='lat' dir='ltr'><strong>populus,</strong></span> <span class='ocrx_word' id='word_1_806' title='bbox 2769 4697 3052 4752; x_wconf 82' lang='lat' dir='ltr'><strong>confertim</strong></span> <span class='ocrx_word' id='word_1_807' title='bbox 3097 4712 3312 4766; x_wconf 83' lang='lat' dir='ltr'><strong>unoque</strong></span> <span class='ocrx_word' id='word_1_808' title='bbox 3357 4705 3497 4751; x_wconf 80' lang='lat' dir='ltr'><strong>tem-</strong></span> 
     </span>
    </p>
   </div>
   <div class='ocr_carea' id='block_1_109' title="bbox 1930 4788 3497 4869">
    <p class='ocr_par' dir='ltr' id='par_1_109' title="bbox 1930 4788 3497 4869">
     <span class='ocr_line' id='line_1_109' title="bbox 1930 4788 3497 4869; baseline -0.003 -19"><span class='ocrx_word' id='word_1_809' title='bbox 1930 4811 2089 4869; x_wconf 85' lang='lat' dir='ltr'><strong>pore,</strong></span> <span class='ocrx_word' id='word_1_810' title='bbox 2134 4805 2187 4850; x_wconf 93' lang='lat' dir='ltr'><strong>et</strong></span> <span class='ocrx_word' id='word_1_811' title='bbox 2241 4793 2392 4864; x_wconf 91' lang='lat' dir='ltr'><strong>quasi</strong></span> <span class='ocrx_word' id='word_1_812' title='bbox 2441 4809 2544 4846; x_wconf 92' lang='lat' dir='ltr'><strong>una</strong></span> <span class='ocrx_word' id='word_1_813' title='bbox 2599 4793 2722 4857; x_wconf 89' lang='lat' dir='ltr'><strong>die,</strong></span> <span class='ocrx_word' id='word_1_814' title='bbox 2760 4792 3048 4846; x_wconf 89' lang='lat' dir='ltr'><strong>maximam</strong></span> <span class='ocrx_word' id='word_1_815' title='bbox 3092 4788 3242 4845; x_wconf 87' lang='lat' dir='ltr'><strong>orbis</strong></span> <span class='ocrx_word' id='word_1_816' title='bbox 3287 4800 3497 4860; x_wconf 89' lang='lat' dir='ltr'><strong>partem</strong></span> 
     </span>
    </p>
   </div>
   <div class='ocr_carea' id='block_1_110' title="bbox 1930 4873 3498 4960">
    <p class='ocr_par' dir='ltr' id='par_1_110' title="bbox 1930 4873 3498 4960">
     <span class='ocr_line' id='line_1_110' title="bbox 1930 4873 3498 4960; baseline -0.004 -15"><span class='ocrx_word' id='word_1_817' title='bbox 1930 4887 2189 4960; x_wconf 90' lang='lat' dir='ltr'><strong>implevit.</strong></span> <span class='ocrx_word' id='word_1_818' title='bbox 2225 4886 2400 4953; x_wconf 83' lang='lat' dir='ltr'><strong>Quam</strong></span> <span class='ocrx_word' id='word_1_819' title='bbox 2441 4899 2555 4940; x_wconf 89' lang='lat' dir='ltr'><strong>rem</strong></span> <span class='ocrx_word' id='word_1_820' title='bbox 2600 4899 2732 4940; x_wconf 90' lang='lat' dir='ltr'><strong>sane</strong></span> <span class='ocrx_word' id='word_1_821' title='bbox 2773 4873 3089 4953; x_wconf 81' lang='lat' dir='ltr'><strong>stupendam</strong></span> <span class='ocrx_word' id='word_1_822' title='bbox 3149 4883 3498 4954; x_wconf 90' lang='lat' dir='ltr'><strong>omniumque</strong></span> 
     </span>
    </p>
   </div>
   <div class='ocr_carea' id='block_1_111' title="bbox 1929 4971 3497 5043">
    <p class='ocr_par' dir='ltr' id='par_1_111' title="bbox 1929 4971 3497 5043">
     <span class='ocr_line' id='line_1_111' title="bbox 1929 4971 3497 5043; baseline -0.003 -9"><span class='ocrx_word' id='word_1_823' title='bbox 1929 4978 2420 5042; x_wconf 86' lang='lat' dir='ltr'><strong>mirabilissimam,</strong></span> <span class='ocrx_word' id='word_1_824' title='bbox 2474 4990 2572 5030; x_wconf 89' lang='lat' dir='ltr'><strong>nec</strong></span> <span class='ocrx_word' id='word_1_825' title='bbox 2602 4973 2791 5030; x_wconf 89' lang='lat' dir='ltr'><strong>oculus</strong></span> <span class='ocrx_word' id='word_1_826' title='bbox 2831 4987 3069 5043; x_wconf 90' lang='lat' dir='ltr'><strong>unquam</strong></span> <span class='ocrx_word' id='word_1_827' title='bbox 3107 4971 3350 5038; x_wconf 86' lang='lat' dir='ltr'><strong>viderat,</strong></span> <span class='ocrx_word' id='word_1_828' title='bbox 3395 4988 3497 5029; x_wconf 92' lang='lat' dir='ltr'><strong>nec</strong></span> 
     </span>
    </p>
   </div>
   <div class='ocr_carea' id='block_1_112' title="bbox 1925 5070 2362 5126">
    <p class='ocr_par' dir='ltr' id='par_1_112' title="bbox 1925 5070 2362 5126">
     <span class='ocr_line' id='line_1_112' title="bbox 1925 5070 2362 5126; baseline -0.005 0"><span class='ocrx_word' id='word_1_829' title='bbox 1925 5072 2070 5126; x_wconf 88' lang='lat' dir='ltr'><strong>auris</strong></span> <span class='ocrx_word' id='word_1_830' title='bbox 2097 5070 2362 5126; x_wconf 87' lang='lat' dir='ltr'><strong>audierat.</strong></span> 
     </span>
    </p>
   </div>
   <div class='ocr_carea' id='block_1_113' title="bbox 1996 5154 3492 5226">
    <p class='ocr_par' dir='ltr' id='par_1_113' title="bbox 1996 5154 3492 5226">
     <span class='ocr_line' id='line_1_113' title="bbox 1996 5154 3492 5226; baseline -0.003 -11"><span class='ocrx_word' id='word_1_831' title='bbox 1996 5161 2160 5217; x_wconf 77' lang='lat' dir='ltr'><strong>Vens.</strong></span> <span class='ocrx_word' id='word_1_832' title='bbox 2186 5160 2276 5226; x_wconf 70' lang='lat'><strong>10,</strong></span> <span class='ocrx_word' id='word_1_833' title='bbox 2311 5159 2397 5217; x_wconf 80' lang='lat' dir='ltr'><strong>il.</strong></span> <span class='ocrx_word' id='word_1_834' title='bbox 2437 5178 2456 5212; x_wconf 75' lang='grc' dir='ltr'><strong>ι</strong></span> <span class='ocrx_word' id='word_1_835' title='bbox 2484 5157 2710 5226; x_wconf 70' lang='lat' dir='ltr'><strong>Laetare,</strong></span> <span class='ocrx_word' id='word_1_836' title='bbox 2737 5154 3055 5226; x_wconf 85' lang='lat' dir='ltr'><strong>Jerusalem,</strong></span> <span class='ocrx_word' id='word_1_837' title='bbox 3086 5164 3140 5210; x_wconf 90' lang='lat' dir='ltr'><strong>et</strong></span> <span class='ocrx_word' id='word_1_838' title='bbox 3169 5163 3492 5210; x_wconf 83' lang='lat' dir='ltr'><strong>conventum</strong></span> 
     </span>
    </p>
   </div>
   <div class='ocr_carea' id='block_1_114' title="bbox 1924 5244 3490 5316">
    <p class='ocr_par' dir='ltr' id='par_1_114' title="bbox 1924 5244 3490 5316">
     <span class='ocr_line' id='line_1_114' title="bbox 1924 5244 3490 5316; baseline -0.004 -11"><span class='ocrx_word' id='word_1_839' title='bbox 1924 5251 2083 5307; x_wconf 77' lang='lat' dir='ltr'><strong>facite</strong></span> <span class='ocrx_word' id='word_1_840' title='bbox 2123 5252 2176 5305; x_wconf 91' lang='lat' dir='ltr'><strong>in</strong></span> <span class='ocrx_word' id='word_1_841' title='bbox 2204 5265 2293 5316; x_wconf 89' lang='lat' dir='ltr'><strong>ea,</strong></span> <span class='ocrx_word' id='word_1_842' title='bbox 2337 5263 2527 5304; x_wconf 89' lang='lat' dir='ltr'><strong>omnes</strong></span> <span class='ocrx_word' id='word_1_843' title='bbox 2552 5247 2642 5316; x_wconf 92' lang='lat' dir='ltr'><strong>qui</strong></span> <span class='ocrx_word' id='word_1_844' title='bbox 2674 5245 2894 5316; x_wconf 87' lang='lat' dir='ltr'><strong>diligitis</strong></span> <span class='ocrx_word' id='word_1_845' title='bbox 2921 5259 3063 5300; x_wconf 90' lang='lat' dir='ltr'><strong>eam.</strong></span> <span class='ocrx_word' id='word_1_846' title='bbox 3101 5244 3342 5300; x_wconf 82' lang='lat' dir='ltr'><strong>Gaudete</strong></span> <span class='ocrx_word' id='word_1_847' title='bbox 3369 5258 3490 5299; x_wconf 91' lang='lat' dir='ltr'><strong>cum</strong></span> 
     </span>
    </p>
   </div>
   <div class='ocr_carea' id='block_1_115' title="bbox 1924 5336 3493 5414">
    <p class='ocr_par' dir='ltr' id='par_1_115' title="bbox 1924 5336 3493 5414">
     <span class='ocr_line' id='line_1_115' title="bbox 1924 5336 3493 5414; baseline -0.006 -16"><span class='ocrx_word' id='word_1_848' title='bbox 1924 5359 1986 5398; x_wconf 91' lang='lat' dir='ltr'><strong>ea</strong></span> <span class='ocrx_word' id='word_1_849' title='bbox 2015 5343 2210 5414; x_wconf 89' lang='lat' dir='ltr'><strong>gaudio</strong></span> <span class='ocrx_word' id='word_1_850' title='bbox 2237 5356 2426 5396; x_wconf 90' lang='lat' dir='ltr'><strong>omnes</strong></span> <span class='ocrx_word' id='word_1_851' title='bbox 2454 5347 2720 5410; x_wconf 88' lang='lat' dir='ltr'><strong>quotquot</strong></span> <span class='ocrx_word' id='word_1_852' title='bbox 2748 5336 2948 5407; x_wconf 79' lang='lat' dir='ltr'><strong>lugetis</strong></span> <span class='ocrx_word' id='word_1_853' title='bbox 2989 5351 3152 5402; x_wconf 86' lang='lat' dir='ltr'><strong>super</strong></span> <span class='ocrx_word' id='word_1_854' title='bbox 3186 5349 3273 5401; x_wconf 92' lang='lat' dir='ltr'><strong>ea,</strong></span> <span class='ocrx_word' id='word_1_855' title='bbox 3304 5345 3363 5390; x_wconf 92' lang='lat' dir='ltr'><strong>ut</strong></span> <span class='ocrx_word' id='word_1_856' title='bbox 3400 5351 3493 5402; x_wconf 86' lang='lat' dir='ltr'><strong>su-</strong></span> 
     </span>
    </p>
   </div>
   <div class='ocr_carea' id='block_1_116' title="bbox 1925 5426 3490 5506">
    <p class='ocr_par' dir='ltr' id='par_1_116' title="bbox 1925 5426 3490 5506">
     <span class='ocr_line' id='line_1_116' title="bbox 1925 5426 3490 5506; baseline -0.006 -18"><span class='ocrx_word' id='word_1_857' title='bbox 1925 5435 2086 5506; x_wconf 87' lang='lat' dir='ltr'><strong>gatis,</strong></span> <span class='ocrx_word' id='word_1_858' title='bbox 2116 5442 2170 5488; x_wconf 91' lang='lat' dir='ltr'><strong>et</strong></span> <span class='ocrx_word' id='word_1_859' title='bbox 2207 5431 2537 5502; x_wconf 89' lang='lat' dir='ltr'><strong>impleamini</strong></span> <span class='ocrx_word' id='word_1_860' title='bbox 2586 5430 2654 5484; x_wconf 86' lang='lat' dir='ltr'><strong>ab</strong></span> <span class='ocrx_word' id='word_1_861' title='bbox 2706 5428 2871 5483; x_wconf 92' lang='lat' dir='ltr'><strong>ubere</strong></span> <span class='ocrx_word' id='word_1_862' title='bbox 2917 5427 3299 5483; x_wconf 87' lang='lat' dir='ltr'><strong>consolationis</strong></span> <span class='ocrx_word' id='word_1_863' title='bbox 3338 5426 3490 5495; x_wconf 85' lang='lat' dir='ltr'><strong>ejus;</strong></span> 
     </span>
    </p>
   </div>
   <div class='ocr_carea' id='block_1_117' title="bbox 1925 5518 3493 5596">
    <p class='ocr_par' dir='ltr' id='par_1_117' title="bbox 1925 5518 3493 5596">
     <span class='ocr_line' id='line_1_117' title="bbox 1925 5518 3493 5596; baseline -0.004 -16"><span class='ocrx_word' id='word_1_864' title='bbox 1925 5537 1984 5581; x_wconf 88' lang='lat' dir='ltr'><strong>ut</strong></span> <span class='ocrx_word' id='word_1_865' title='bbox 2023 5537 2304 5596; x_wconf 91' lang='lat' dir='ltr'><strong>postquam</strong></span> <span class='ocrx_word' id='word_1_866' title='bbox 2343 5523 2621 5588; x_wconf 84' lang='lat' dir='ltr'><strong>snxeritis,</strong></span> <span class='ocrx_word' id='word_1_867' title='bbox 2651 5521 2990 5577; x_wconf 91' lang='lat' dir='ltr'><strong>delectemini</strong></span> <span class='ocrx_word' id='word_1_868' title='bbox 3023 5519 3091 5574; x_wconf 87' lang='lat' dir='ltr'><strong>ab</strong></span> <span class='ocrx_word' id='word_1_869' title='bbox 3125 5520 3345 5575; x_wconf 90' lang='lat' dir='ltr'><strong>introitu</strong></span> <span class='ocrx_word' id='word_1_870' title='bbox 3378 5518 3493 5587; x_wconf 87' lang='lat' dir='ltr'><strong>glo-</strong></span> 
     </span>
    </p>
   </div>
   <div class='ocr_carea' id='block_1_118' title="bbox 1925 5609 3490 5691">
    <p class='ocr_par' dir='ltr' id='par_1_118' title="bbox 1925 5609 3490 5691">
     <span class='ocr_line' id='line_1_118' title="bbox 1925 5609 3490 5691; baseline -0.007 -15"><span class='ocrx_word' id='word_1_871' title='bbox 1925 5619 2020 5676; x_wconf 70' lang='lat' dir='ltr'><strong>ria:</strong></span> <span class='ocrx_word' id='word_1_872' title='bbox 2047 5620 2180 5691; x_wconf 89' lang='lat' dir='ltr'><strong>ejus.</strong></span> <span class='ocrx_word' id='word_1_873' title='bbox 2208 5637 2226 5673; x_wconf 78' lang='grc' dir='ltr'><strong>ι</strong></span> <span class='ocrx_word' id='word_1_874' title='bbox 2265 5616 2509 5675; x_wconf 85' lang='lat' dir='ltr'><strong>Gaudete</strong></span> <span class='ocrx_word' id='word_1_875' title='bbox 2543 5624 2599 5672; x_wconf 92' lang='lat' dir='ltr'><strong>et</strong></span> <span class='ocrx_word' id='word_1_876' title='bbox 2634 5613 2918 5681; x_wconf 85' lang='lat' dir='ltr'><strong>exsultate,</strong></span> <span class='ocrx_word' id='word_1_877' title='bbox 2948 5621 3130 5684; x_wconf 88' lang='lat' dir='ltr'><strong>utpote</strong></span> <span class='ocrx_word' id='word_1_878' title='bbox 3155 5627 3222 5670; x_wconf 89' lang='lat' dir='ltr'><strong>eo</strong></span> <span class='ocrx_word' id='word_1_879' title='bbox 3248 5609 3490 5677; x_wconf 80' lang='lat' dir='ltr'><strong>fruituri,</strong></span> 
     </span>
    </p>
   </div>
  </div>
