  <div class='ocr_page' id='page_1' title='image "/cluster/home/n/w/nwhite01/storage/ocr_20150623/24/hvd.32044073501108/267.png"; bbox 0 0 4130 6400; ppageno 0'>
   <div class='ocr_carea' id='block_1_1' title="bbox 633 339 774 437">
    <p class='ocr_par' dir='ltr' id='par_1_1' title="bbox 633 339 774 437">
     <span class='ocr_line' id='line_1_1' title="bbox 633 339 774 437; baseline 0 -1"><span class='ocrx_word' id='word_1_1' title='bbox 633 381 737 437; x_wconf 68' lang='lat'><strong>519</strong></span> <span class='ocrx_word' id='word_1_2' title='bbox 769 339 774 387; x_wconf 41' lang='grc' dir='ltr'><em>τ</em></span> 
     </span>
    </p>
   </div>
   <div class='ocr_carea' id='block_1_2' title="bbox 1306 365 3180 432">
    <p class='ocr_par' dir='ltr' id='par_1_2' title="bbox 1306 365 3180 432">
     <span class='ocr_line' id='line_1_2' title="bbox 1306 365 3180 432; baseline -0.004 -2"><span class='ocrx_word' id='word_1_3' title='bbox 1306 376 1574 432; x_wconf 84' lang='lat' dir='ltr'><strong>EUSEBll</strong></span> <span class='ocrx_word' id='word_1_4' title='bbox 1610 375 2080 432; x_wconf 64' lang='lat' dir='ltr'><strong>CAESARIENSIS</strong></span> <span class='ocrx_word' id='word_1_5' title='bbox 2119 373 2267 430; x_wconf 84' lang='lat' dir='ltr'><strong>OPP.</strong></span> <span class='ocrx_word' id='word_1_6' title='bbox 2310 371 2486 427; x_wconf 75' lang='lat' dir='ltr'><strong>PARS</strong></span> <span class='ocrx_word' id='word_1_7' title='bbox 2527 371 2617 424; x_wconf 87' lang='lat' dir='ltr'><strong>Ill.</strong></span> <span class='ocrx_word' id='word_1_8' title='bbox 2657 399 2727 410; x_wconf 83' lang='lat'><strong>--</strong></span> <span class='ocrx_word' id='word_1_9' title='bbox 2767 365 3180 422; x_wconf 72' lang='lat' dir='ltr'><strong>EXEGETICA.</strong></span> 
     </span>
    </p>
   </div>
   <div class='ocr_carea' id='block_1_3' title="bbox 3797 364 3910 415">
    <p class='ocr_par' dir='ltr' id='par_1_3' title="bbox 3797 364 3910 415">
     <span class='ocr_line' id='line_1_3' title="bbox 3797 364 3910 415; baseline -0.018 -1"><span class='ocrx_word' id='word_1_10' title='bbox 3797 364 3910 415; x_wconf 66' lang='lat'><strong>520</strong></span> 
     </span>
    </p>
   </div>
   <div class='ocr_carea' id='block_1_4' title="bbox 632 480 2211 565">
    <p class='ocr_par' dir='ltr' id='par_1_4' title="bbox 632 493 2211 565">
     <span class='ocr_line' id='line_1_4' title="bbox 632 493 2211 565; baseline -0.003 -16"><span class='ocrx_word' id='word_1_11' title='bbox 632 496 723 565; x_wconf 86' lang='lat' dir='ltr'><strong>qui</strong></span> <span class='ocrx_word' id='word_1_12' title='bbox 763 495 944 550; x_wconf 92' lang='lat' dir='ltr'><strong>statim</strong></span> <span class='ocrx_word' id='word_1_13' title='bbox 976 508 1187 562; x_wconf 90' lang='lat' dir='ltr'><strong>unoque</strong></span> <span class='ocrx_word' id='word_1_14' title='bbox 1229 501 1474 562; x_wconf 86' lang='lat' dir='ltr'><strong>tempore</strong></span> <span class='ocrx_word' id='word_1_15' title='bbox 1504 493 1801 548; x_wconf 81' lang='lat' dir='ltr'><strong>masculum</strong></span> <span class='ocrx_word' id='word_1_16' title='bbox 1846 493 2100 564; x_wconf 89' lang='lat' dir='ltr'><strong>p0pulum</strong></span> <span class='ocrx_word' id='word_1_17' title='bbox 2141 493 2211 546; x_wconf 89' lang='lat' dir='ltr'><strong>ibi</strong></span> 
     </span>
    </p>
   </div>
   <div class='ocr_carea' id='block_1_5' title="bbox 2312 480 3908 565">
    <p class='ocr_par' dir='ltr' id='par_1_5' title="bbox 2319 480 3908 555">
     <span class='ocr_line' id='line_1_5' title="bbox 2319 480 3908 555; baseline -0.008 -11"><span class='ocrx_word' id='word_1_18' title='bbox 2319 491 2553 544; x_wconf 82' lang='grc' dir='ltr'>πλασθαι</span> <span class='ocrx_word' id='word_1_19' title='bbox 2583 485 2677 540; x_wconf 81' lang='grc' dir='ltr'>τοῦ</span> <span class='ocrx_word' id='word_1_20' title='bbox 2719 489 2775 539; x_wconf 87' lang='grc' dir='ltr'><strong>ἐν</strong></span> <span class='ocrx_word' id='word_1_21' title='bbox 2809 486 2943 555; x_wconf 76' lang='grc' dir='ltr'>αὐτῇ</span> <span class='ocrx_word' id='word_1_22' title='bbox 2982 484 3196 555; x_wconf 78' lang='grc' dir='ltr'>ἀθρόως</span> <span class='ocrx_word' id='word_1_23' title='bbox 3245 483 3602 553; x_wconf 74' lang='grc' dir='ltr'><strong>γεννήσαντος</strong></span> <span class='ocrx_word' id='word_1_24' title='bbox 3645 480 3779 534; x_wconf 76' lang='grc' dir='ltr'>λαὸν</span> <span class='ocrx_word' id='word_1_25' title='bbox 3825 481 3908 550; x_wconf 77' lang='grc' dir='ltr'>τῷ</span> 
     </span>
    </p>
   </div>
   <div class='ocr_carea' id='block_1_6' title="bbox 635 585 2202 658">
    <p class='ocr_par' dir='ltr' id='par_1_6' title="bbox 635 585 2202 658">
     <span class='ocr_line' id='line_1_6' title="bbox 635 585 2202 658; baseline -0.003 -17"><span class='ocrx_word' id='word_1_26' title='bbox 635 589 744 642; x_wconf 86' lang='lat' dir='ltr'><strong>Deo</strong></span> <span class='ocrx_word' id='word_1_27' title='bbox 769 589 982 658; x_wconf 93' lang='lat' dir='ltr'><strong>genuit,</strong></span> <span class='ocrx_word' id='word_1_28' title='bbox 1022 601 1085 640; x_wconf 87' lang='lat' dir='ltr'><strong>ac</strong></span> <span class='ocrx_word' id='word_1_29' title='bbox 1111 587 1312 654; x_wconf 83' lang='lat' dir='ltr'><strong>&#39;utpote</strong></span> <span class='ocrx_word' id='word_1_30' title='bbox 1346 586 1586 655; x_wconf 90' lang='lat' dir='ltr'><strong>replendi</strong></span> <span class='ocrx_word' id='word_1_31' title='bbox 1630 585 1791 650; x_wconf 85' lang='lat' dir='ltr'><strong>lacte,</strong></span> <span class='ocrx_word' id='word_1_32' title='bbox 1819 585 1886 639; x_wconf 90' lang='lat' dir='ltr'><strong>ad</strong></span> <span class='ocrx_word' id='word_1_33' title='bbox 1919 585 2202 639; x_wconf 81' lang='lat' dir='ltr'><strong>infantium</strong></span> 
     </span>
    </p>
   </div>
   <div class='ocr_carea' id='block_1_7' title="bbox 632 677 2200 749">
    <p class='ocr_par' dir='ltr' id='par_1_7' title="bbox 632 677 2200 749">
     <span class='ocr_line' id='line_1_7' title="bbox 632 677 2200 749; baseline -0.001 -16"><span class='ocrx_word' id='word_1_34' title='bbox 632 680 802 749; x_wconf 87' lang='lat' dir='ltr'><strong>ipsius</strong></span> <span class='ocrx_word' id='word_1_35' title='bbox 829 677 1142 731; x_wconf 87' lang='lat' dir='ltr'><strong>alimentum</strong></span> <span class='ocrx_word' id='word_1_36' title='bbox 1172 687 1379 746; x_wconf 84' lang='lat' dir='ltr'><strong>parato,</strong></span> <span class='ocrx_word' id='word_1_37' title='bbox 1408 677 1550 746; x_wconf 88' lang='lat' dir='ltr'><strong>quod</strong></span> <span class='ocrx_word' id='word_1_38' title='bbox 1595 691 1727 732; x_wconf 86' lang='lat' dir='ltr'><strong>sane</strong></span> <span class='ocrx_word' id='word_1_39' title='bbox 1752 677 1838 732; x_wconf 83' lang='lat' dir='ltr'><strong>lac</strong></span> <span class='ocrx_word' id='word_1_40' title='bbox 1865 677 2200 746; x_wconf 72' lang='lat' dir='ltr'><strong>rationabile,</strong></span> 
     </span>
    </p>
   </div>
   <div class='ocr_carea' id='block_1_8' title="bbox 631 766 2204 840">
    <p class='ocr_par' dir='ltr' id='par_1_8' title="bbox 631 766 2204 840">
     <span class='ocr_line' id='line_1_8' title="bbox 631 766 2204 840; baseline 0.001 -18"><span class='ocrx_word' id='word_1_41' title='bbox 631 779 864 838; x_wconf 87' lang='lat' dir='ltr'><strong>utroque</strong></span> <span class='ocrx_word' id='word_1_42' title='bbox 904 784 972 822; x_wconf 74' lang='lat' dir='ltr'><strong>ex</strong></span> <span class='ocrx_word' id='word_1_43' title='bbox 1023 769 1188 823; x_wconf 87' lang='lat' dir='ltr'><strong>ubere</strong></span> <span class='ocrx_word' id='word_1_44' title='bbox 1227 766 1556 836; x_wconf 75' lang='lat' dir='ltr'><strong>ell‘undetur,</strong></span> <span class='ocrx_word' id='word_1_45' title='bbox 1587 787 1652 825; x_wconf 77' lang='lat' dir='ltr'><strong>ex</strong></span> <span class='ocrx_word' id='word_1_46' title='bbox 1695 770 1876 826; x_wconf 81' lang='lat' dir='ltr'><strong>Veteri</strong></span> <span class='ocrx_word' id='word_1_47' title='bbox 1918 785 2111 840; x_wconf 87' lang='lat' dir='ltr'><strong>nempe</strong></span> <span class='ocrx_word' id='word_1_48' title='bbox 2151 781 2204 824; x_wconf 90' lang='lat' dir='ltr'><strong>et</strong></span> 
     </span>
    </p>
   </div>
   <div class='ocr_carea' id='block_1_9' title="bbox 634 860 2204 933">
    <p class='ocr_par' dir='ltr' id='par_1_9' title="bbox 634 860 2204 933">
     <span class='ocr_line' id='line_1_9' title="bbox 634 860 2204 933; baseline 0.001 -19"><span class='ocrx_word' id='word_1_49' title='bbox 634 861 782 915; x_wconf 83' lang='lat' dir='ltr'><strong>Novo</strong></span> <span class='ocrx_word' id='word_1_50' title='bbox 835 860 1205 916; x_wconf 84' lang='lat' dir='ltr'><strong>Testamento.</strong></span> <span class='ocrx_word' id='word_1_51' title='bbox 1257 861 1335 914; x_wconf 66' lang='lat' dir='ltr'><strong>Ei</strong></span> <span class='ocrx_word' id='word_1_52' title='bbox 1386 863 1649 918; x_wconf 90' lang='lat' dir='ltr'><strong>ambobus</strong></span> <span class='ocrx_word' id='word_1_53' title='bbox 1693 865 1840 919; x_wconf 89' lang='lat' dir='ltr'><strong>enim</strong></span> <span class='ocrx_word' id='word_1_54' title='bbox 1897 863 2204 933; x_wconf 71' lang='lat' dir='ltr'><strong>huiusmodi</strong></span> 
     </span>
    </p>
   </div>
   <div class='ocr_carea' id='block_1_10' title="bbox 631 950 2206 1019">
    <p class='ocr_par' dir='ltr' id='par_1_10' title="bbox 631 950 2206 1019">
     <span class='ocr_line' id='line_1_10' title="bbox 631 950 2206 1019; baseline 0.003 -16"><span class='ocrx_word' id='word_1_55' title='bbox 631 950 905 1013; x_wconf 87' lang='lat' dir='ltr'><strong>uberibus,</strong></span> <span class='ocrx_word' id='word_1_56' title='bbox 933 950 998 1004; x_wconf 91' lang='lat' dir='ltr'><strong>de</strong></span> <span class='ocrx_word' id='word_1_57' title='bbox 1023 951 1222 1019; x_wconf 89' lang='lat' dir='ltr'><strong>quibus</strong></span> <span class='ocrx_word' id='word_1_58' title='bbox 1251 951 1451 1006; x_wconf 91' lang='lat' dir='ltr'><strong>dicitur</strong></span> <span class='ocrx_word' id='word_1_59' title='bbox 1477 953 1531 1005; x_wconf 93' lang='lat' dir='ltr'><strong>in</strong></span> <span class='ocrx_word' id='word_1_60' title='bbox 1575 954 1798 1008; x_wconf 90' lang='lat' dir='ltr'><strong>Cantico</strong></span> <span class='ocrx_word' id='word_1_61' title='bbox 1830 954 1896 1016; x_wconf 80' lang='grc'><strong>³³,</strong></span> <span class='ocrx_word' id='word_1_62' title='bbox 1938 973 1955 1004; x_wconf 75' lang='grc' dir='ltr'><strong>ι</strong></span> <span class='ocrx_word' id='word_1_63' title='bbox 1987 953 2206 1008; x_wconf 82' lang='lat' dir='ltr'><strong>Meliora</strong></span> 
     </span>
    </p>
   </div>
   <div class='ocr_carea' id='block_1_11' title="bbox 623 1041 2260 1116">
    <p class='ocr_par' dir='ltr' id='par_1_11' title="bbox 623 1041 2260 1116">
     <span class='ocr_line' id='line_1_11' title="bbox 623 1041 2260 1116; baseline 0.004 -24"><span class='ocrx_word' id='word_1_64' title='bbox 623 1049 750 1094; x_wconf 87' lang='lat' dir='ltr'><strong>sunt</strong></span> <span class='ocrx_word' id='word_1_65' title='bbox 780 1043 944 1094; x_wconf 90' lang='lat' dir='ltr'><strong>ubera</strong></span> <span class='ocrx_word' id='word_1_66' title='bbox 974 1047 1064 1093; x_wconf 87' lang='lat' dir='ltr'><strong>tua</strong></span> <span class='ocrx_word' id='word_1_67' title='bbox 1103 1041 1247 1104; x_wconf 88' lang='lat' dir='ltr'><strong>vino,</strong></span> <span class='ocrx_word' id='word_1_68' title='bbox 1300 1057 1320 1090; x_wconf 75' lang='grc' dir='ltr'>ι</span> <span class='ocrx_word' id='word_1_69' title='bbox 1353 1042 1666 1098; x_wconf 82' lang='lat' dir='ltr'><strong>rationabili</strong></span> <span class='ocrx_word' id='word_1_70' title='bbox 1689 1050 1744 1098; x_wconf 89' lang='lat' dir='ltr'><strong>et</strong></span> <span class='ocrx_word' id='word_1_71' title='bbox 1767 1042 1886 1099; x_wconf 89' lang='lat' dir='ltr'><strong>sine</strong></span> <span class='ocrx_word' id='word_1_72' title='bbox 1911 1043 2037 1099; x_wconf 90' lang='lat' dir='ltr'><strong>dolo</strong></span> <span class='ocrx_word' id='word_1_73' title='bbox 2065 1043 2206 1099; x_wconf 89' lang='lat' dir='ltr'><strong>lacte</strong></span> <span class='ocrx_word' id='word_1_74' title='bbox 2247 1103 2260 1116; x_wconf 59' lang='grc'><em>,</em></span> 
     </span>
    </p>
   </div>
   <div class='ocr_carea' id='block_1_12' title="bbox 628 1131 2206 1205">
    <p class='ocr_par' dir='ltr' id='par_1_12' title="bbox 628 1131 2206 1205">
     <span class='ocr_line' id='line_1_12' title="bbox 628 1131 2206 1205; baseline 0.004 -21"><span class='ocrx_word' id='word_1_75' title='bbox 628 1131 882 1200; x_wconf 90' lang='lat' dir='ltr'><strong>puerulos</strong></span> <span class='ocrx_word' id='word_1_76' title='bbox 933 1132 1218 1202; x_wconf 85' lang='lat' dir='ltr'><strong>irrigabit,</strong></span> <span class='ocrx_word' id='word_1_77' title='bbox 1265 1132 1450 1203; x_wconf 87' lang='lat' dir='ltr'><strong>sicque</strong></span> <span class='ocrx_word' id='word_1_78' title='bbox 1503 1135 1776 1204; x_wconf 70' lang='lat' dir='ltr'><strong>permotos</strong></span> <span class='ocrx_word' id='word_1_79' title='bbox 1824 1135 2084 1205; x_wconf 80' lang='lat' dir='ltr'><strong>producet</strong></span> <span class='ocrx_word' id='word_1_80' title='bbox 2121 1137 2206 1191; x_wconf 84' lang='lat' dir='ltr'><strong>vi-</strong></span> 
     </span>
    </p>
   </div>
   <div class='ocr_carea' id='block_1_13' title="bbox 630 1238 744 1278">
    <p class='ocr_par' dir='ltr' id='par_1_13' title="bbox 630 1238 744 1278">
     <span class='ocr_line' id='line_1_13' title="bbox 630 1238 744 1278; baseline 0 0"><span class='ocrx_word' id='word_1_81' title='bbox 630 1238 744 1278; x_wconf 74' lang='grc'><strong>1⁸08.</strong></span> 
     </span>
    </p>
   </div>
   <div class='ocr_carea' id='block_1_14' title="bbox 700 1315 2208 1390">
    <p class='ocr_par' dir='ltr' id='par_1_14' title="bbox 700 1315 2208 1390">
     <span class='ocr_line' id='line_1_14' title="bbox 700 1315 2208 1390; baseline 0.004 -20"><span class='ocrx_word' id='word_1_82' title='bbox 700 1315 980 1372; x_wconf 71' lang='lat' dir='ltr'><strong>Vens.12.</strong></span> <span class='ocrx_word' id='word_1_83' title='bbox 1025 1315 1204 1382; x_wconf 67' lang='lat' dir='ltr'><strong>«Quia</strong></span> <span class='ocrx_word' id='word_1_84' title='bbox 1245 1315 1363 1370; x_wconf 67' lang='lat' dir='ltr'><strong>haec</strong></span> <span class='ocrx_word' id='word_1_85' title='bbox 1407 1316 1539 1370; x_wconf 85' lang='lat' dir='ltr'><strong>dicit</strong></span> <span class='ocrx_word' id='word_1_86' title='bbox 1587 1317 1881 1385; x_wconf 80' lang='lat' dir='ltr'><strong>Dominus,</strong></span> <span class='ocrx_word' id='word_1_87' title='bbox 1928 1320 2063 1375; x_wconf 81' lang='lat' dir='ltr'><strong>Ecce</strong></span> <span class='ocrx_word' id='word_1_88' title='bbox 2108 1336 2208 1390; x_wconf 83' lang='lat' dir='ltr'><strong>ego</strong></span> 
     </span>
    </p>
   </div>
   <div class='ocr_carea' id='block_1_15' title="bbox 629 1408 2212 1480">
    <p class='ocr_par' dir='ltr' id='par_1_15' title="bbox 629 1408 2212 1480">
     <span class='ocr_line' id='line_1_15' title="bbox 629 1408 2212 1480; baseline 0.001 -16"><span class='ocrx_word' id='word_1_89' title='bbox 629 1408 843 1464; x_wconf 90' lang='lat' dir='ltr'><strong>declino</strong></span> <span class='ocrx_word' id='word_1_90' title='bbox 876 1408 943 1461; x_wconf 88' lang='lat' dir='ltr'><strong>ad</strong></span> <span class='ocrx_word' id='word_1_91' title='bbox 973 1422 1066 1461; x_wconf 89' lang='lat' dir='ltr'><strong>eos</strong></span> <span class='ocrx_word' id='word_1_92' title='bbox 1094 1409 1246 1475; x_wconf 87' lang='lat' dir='ltr'><strong>quasi</strong></span> <span class='ocrx_word' id='word_1_93' title='bbox 1287 1409 1475 1464; x_wconf 82' lang='lat' dir='ltr'><strong>iluvios</strong></span> <span class='ocrx_word' id='word_1_94' title='bbox 1525 1411 1694 1478; x_wconf 89' lang='lat' dir='ltr'><strong>pacis,</strong></span> <span class='ocrx_word' id='word_1_95' title='bbox 1726 1421 1779 1464; x_wconf 91' lang='lat' dir='ltr'><strong>et</strong></span> <span class='ocrx_word' id='word_1_96' title='bbox 1813 1413 1964 1480; x_wconf 88' lang='lat' dir='ltr'><strong>quasi</strong></span> <span class='ocrx_word' id='word_1_97' title='bbox 2001 1425 2212 1466; x_wconf 80' lang='lat' dir='ltr'><strong>torren-</strong></span> 
     </span>
    </p>
   </div>
   <div class='ocr_carea' id='block_1_16' title="bbox 631 1500 2209 1570">
    <p class='ocr_par' dir='ltr' id='par_1_16' title="bbox 631 1500 2209 1570">
     <span class='ocr_line' id='line_1_16' title="bbox 631 1500 2209 1570; baseline 0.001 -14"><span class='ocrx_word' id='word_1_98' title='bbox 631 1511 732 1567; x_wconf 87' lang='lat' dir='ltr'><strong>tes,</strong></span> <span class='ocrx_word' id='word_1_99' title='bbox 765 1500 1032 1554; x_wconf 89' lang='lat' dir='ltr'><strong>inundans</strong></span> <span class='ocrx_word' id='word_1_100' title='bbox 1065 1500 1287 1568; x_wconf 83' lang='lat' dir='ltr'><strong>gloriam</strong></span> <span class='ocrx_word' id='word_1_101' title='bbox 1333 1503 1592 1570; x_wconf 87' lang='lat' dir='ltr'><strong>gentium.</strong></span> <span class='ocrx_word' id='word_1_102' title='bbox 1624 1501 1838 1556; x_wconf 80' lang='lat' dir='ltr'><strong>Parvuli</strong></span> <span class='ocrx_word' id='word_1_103' title='bbox 1888 1518 2074 1558; x_wconf 89' lang='lat' dir='ltr'><strong>eorum</strong></span> <span class='ocrx_word' id='word_1_104' title='bbox 2116 1505 2209 1558; x_wconf 88' lang='lat' dir='ltr'><strong>bu-</strong></span> 
     </span>
    </p>
   </div>
   <div class='ocr_carea' id='block_1_17' title="bbox 628 1595 2202 1665">
    <p class='ocr_par' dir='ltr' id='par_1_17' title="bbox 628 1595 2202 1665">
     <span class='ocr_line' id='line_1_17' title="bbox 628 1595 2202 1665; baseline 0.002 -19"><span class='ocrx_word' id='word_1_105' title='bbox 628 1595 792 1650; x_wconf 84' lang='lat' dir='ltr'><strong>meris</strong></span> <span class='ocrx_word' id='word_1_106' title='bbox 831 1596 1217 1665; x_wconf 87' lang='lat' dir='ltr'><strong>portabuntur,</strong></span> <span class='ocrx_word' id='word_1_107' title='bbox 1245 1601 1299 1646; x_wconf 91' lang='lat' dir='ltr'><strong>et</strong></span> <span class='ocrx_word' id='word_1_108' title='bbox 1327 1609 1490 1661; x_wconf 88' lang='lat' dir='ltr'><strong>super</strong></span> <span class='ocrx_word' id='word_1_109' title='bbox 1523 1610 1694 1662; x_wconf 84' lang='lat' dir='ltr'><strong>genua</strong></span> <span class='ocrx_word' id='word_1_110' title='bbox 1729 1595 2202 1654; x_wconf 63' lang='lat' dir='ltr'><strong>consolabuntur.»</strong></span> 
     </span>
    </p>
   </div>
   <div class='ocr_carea' id='block_1_18' title="bbox 628 1685 2208 1756">
    <p class='ocr_par' dir='ltr' id='par_1_18' title="bbox 628 1685 2208 1756">
     <span class='ocr_line' id='line_1_18' title="bbox 628 1685 2208 1756; baseline 0.002 -16"><span class='ocrx_word' id='word_1_111' title='bbox 628 1687 989 1742; x_wconf 85' lang='lat' dir='ltr'><strong>Consolatorii</strong></span> <span class='ocrx_word' id='word_1_112' title='bbox 1049 1689 1234 1755; x_wconf 83' lang='lat' dir='ltr'><strong>itaque</strong></span> <span class='ocrx_word' id='word_1_113' title='bbox 1283 1694 1338 1739; x_wconf 88' lang='lat' dir='ltr'><strong>et</strong></span> <span class='ocrx_word' id='word_1_114' title='bbox 1391 1686 1457 1740; x_wconf 88' lang='lat' dir='ltr'><strong>ad</strong></span> <span class='ocrx_word' id='word_1_115' title='bbox 1512 1685 1791 1741; x_wconf 91' lang='lat' dir='ltr'><strong>leuiendos</strong></span> <span class='ocrx_word' id='word_1_116' title='bbox 1851 1688 2208 1756; x_wconf 86' lang='lat' dir='ltr'><strong>simpliciores</strong></span> 
     </span>
    </p>
   </div>
   <div class='ocr_carea' id='block_1_19' title="bbox 629 1779 2209 1850">
    <p class='ocr_par' dir='ltr' id='par_1_19' title="bbox 629 1779 2209 1850">
     <span class='ocr_line' id='line_1_19' title="bbox 629 1779 2209 1850; baseline -0.001 -18"><span class='ocrx_word' id='word_1_117' title='bbox 629 1781 837 1834; x_wconf 89' lang='lat' dir='ltr'><strong>animos</strong></span> <span class='ocrx_word' id='word_1_118' title='bbox 884 1781 1192 1834; x_wconf 83' lang='lat' dir='ltr'><strong>concinnati</strong></span> <span class='ocrx_word' id='word_1_119' title='bbox 1229 1796 1526 1842; x_wconf 86' lang='lat' dir='ltr'><strong>sermones,</strong></span> <span class='ocrx_word' id='word_1_120' title='bbox 1555 1779 1636 1834; x_wconf 90' lang='lat' dir='ltr'><strong>lac</strong></span> <span class='ocrx_word' id='word_1_121' title='bbox 1666 1790 1967 1850; x_wconf 87' lang='lat' dir='ltr'><strong>opportune</strong></span> <span class='ocrx_word' id='word_1_122' title='bbox 2009 1797 2209 1835; x_wconf 86' lang='lat' dir='ltr'><strong>vocan-</strong></span> 
     </span>
    </p>
   </div>
   <div class='ocr_carea' id='block_1_20' title="bbox 2312 572 3907 652">
    <p class='ocr_par' dir='ltr' id='par_1_20' title="bbox 2312 572 3907 652">
     <span class='ocr_line' id='line_1_20' title="bbox 2312 572 3907 652; baseline -0.008 -17"><span class='ocrx_word' id='word_1_123' title='bbox 2312 581 2431 650; x_wconf 84' lang='grc' dir='ltr'><strong>Θεῷ</strong></span> <span class='ocrx_word' id='word_1_124' title='bbox 2446 581 2671 652; x_wconf 77' lang='grc' dir='ltr'>ἄρρενα,</span> <span class='ocrx_word' id='word_1_125' title='bbox 2695 577 2788 630; x_wconf 70' lang='grc' dir='ltr'><strong>καὶ</strong></span> <span class='ocrx_word' id='word_1_126' title='bbox 2809 575 3078 644; x_wconf 85' lang='grc' dir='ltr'>γάλακτος</span> <span class='ocrx_word' id='word_1_127' title='bbox 3104 574 3277 645; x_wconf 80' lang='grc' dir='ltr'>ἐκπλη</span> <span class='ocrx_word' id='word_1_128' title='bbox 3287 572 3503 645; x_wconf 78' lang='grc' dir='ltr'>ροῦσθαι</span> <span class='ocrx_word' id='word_1_129' title='bbox 3529 574 3606 636; x_wconf 78' lang='grc' dir='ltr'>εἰς</span> <span class='ocrx_word' id='word_1_130' title='bbox 3625 573 3907 642; x_wconf 73' lang='grc' dir='ltr'>ἐκτροφὴν</span> 
     </span>
    </p>
   </div>
   <div class='ocr_carea' id='block_1_21' title="bbox 2311 665 3904 743">
    <p class='ocr_par' dir='ltr' id='par_1_21' title="bbox 2311 665 3904 743">
     <span class='ocr_line' id='line_1_21' title="bbox 2311 665 3904 743; baseline -0.006 -16"><span class='ocrx_word' id='word_1_131' title='bbox 2311 674 2418 727; x_wconf 82' lang='grc' dir='ltr'>τῶν</span> <span class='ocrx_word' id='word_1_132' title='bbox 2445 673 2614 743; x_wconf 81' lang='grc' dir='ltr'>αὐτῆς</span> <span class='ocrx_word' id='word_1_133' title='bbox 2640 671 2867 742; x_wconf 81' lang='grc' dir='ltr'><strong>νηπίων.</strong></span> <span class='ocrx_word' id='word_1_134' title='bbox 2917 671 2982 722; x_wconf 90' lang='grc' dir='ltr'><strong>Ὃ</strong></span> <span class='ocrx_word' id='word_1_135' title='bbox 3015 668 3077 738; x_wconf 83' lang='grc' dir='ltr'><strong>δὴ</strong></span> <span class='ocrx_word' id='word_1_136' title='bbox 3112 667 3326 736; x_wconf 85' lang='grc' dir='ltr'>λογικὸν</span> <span class='ocrx_word' id='word_1_137' title='bbox 3355 665 3496 734; x_wconf 83' lang='grc' dir='ltr'><strong>γάλα</strong></span> <span class='ocrx_word' id='word_1_138' title='bbox 3529 665 3636 718; x_wconf 76' lang='grc' dir='ltr'>ἀπὸ</span> <span class='ocrx_word' id='word_1_139' title='bbox 3666 665 3776 718; x_wconf 84' lang='grc' dir='ltr'><strong>τῶν</strong></span> <span class='ocrx_word' id='word_1_140' title='bbox 3805 665 3904 717; x_wconf 69' lang='grc' dir='ltr'>δύο</span> 
     </span>
    </p>
   </div>
   <div class='ocr_carea' id='block_1_22' title="bbox 2312 757 3908 838">
    <p class='ocr_par' dir='ltr' id='par_1_22' title="bbox 2312 757 3908 838">
     <span class='ocr_line' id='line_1_22' title="bbox 2312 757 3908 838; baseline -0.005 -19"><span class='ocrx_word' id='word_1_141' title='bbox 2312 766 2490 838; x_wconf 85' lang='grc' dir='ltr'>θηλῶν</span> <span class='ocrx_word' id='word_1_142' title='bbox 2533 765 2700 834; x_wconf 80' lang='grc' dir='ltr'>αὐτῆς</span> <span class='ocrx_word' id='word_1_143' title='bbox 2729 762 2932 834; x_wconf 78' lang='grc' dir='ltr'>ῥεύσει,</span> <span class='ocrx_word' id='word_1_144' title='bbox 2981 761 3222 823; x_wconf 75' lang='grc' dir='ltr'>Παλαιᾶς</span> <span class='ocrx_word' id='word_1_145' title='bbox 3250 757 3448 829; x_wconf 80' lang='grc' dir='ltr'>δηλαδὴ</span> <span class='ocrx_word' id='word_1_146' title='bbox 3487 759 3580 812; x_wconf 76' lang='grc' dir='ltr'><strong>καὶ</strong></span> <span class='ocrx_word' id='word_1_147' title='bbox 3603 758 3746 820; x_wconf 85' lang='grc' dir='ltr'>Νέας</span> <span class='ocrx_word' id='word_1_148' title='bbox 3771 760 3908 811; x_wconf 80' lang='grc' dir='ltr'>Δια·-</span> 
     </span>
    </p>
   </div>
   <div class='ocr_carea' id='block_1_23' title="bbox 2314 851 3906 931">
    <p class='ocr_par' dir='ltr' id='par_1_23' title="bbox 2314 851 3906 931">
     <span class='ocr_line' id='line_1_23' title="bbox 2314 851 3906 931; baseline -0.007 -19"><span class='ocrx_word' id='word_1_149' title='bbox 2314 858 2506 931; x_wconf 81' lang='grc' dir='ltr'>θήκης.</span> <span class='ocrx_word' id='word_1_150' title='bbox 2548 857 2638 922; x_wconf 79' lang='grc' dir='ltr'><strong>Ἐξ</strong></span> <span class='ocrx_word' id='word_1_151' title='bbox 2675 855 3000 928; x_wconf 77' lang='grc' dir='ltr'><strong>ἀμφοτέρων</strong></span> <span class='ocrx_word' id='word_1_152' title='bbox 3035 853 3145 925; x_wconf 77' lang='grc' dir='ltr'>γὰρ</span> <span class='ocrx_word' id='word_1_153' title='bbox 3175 853 3380 906; x_wconf 78' lang='grc' dir='ltr'>τούτων</span> <span class='ocrx_word' id='word_1_154' title='bbox 3423 851 3530 906; x_wconf 85' lang='grc' dir='ltr'>τῶν</span> <span class='ocrx_word' id='word_1_155' title='bbox 3563 851 3764 921; x_wconf 80' lang='grc' dir='ltr'>ἑαυτῆς</span> <span class='ocrx_word' id='word_1_156' title='bbox 3801 868 3906 920; x_wconf 81' lang='grc' dir='ltr'>μα-</span> 
     </span>
    </p>
   </div>
   <div class='ocr_carea' id='block_1_24' title="bbox 2315 945 3909 1023">
    <p class='ocr_par' dir='ltr' id='par_1_24' title="bbox 2315 945 3909 1023">
     <span class='ocr_line' id='line_1_24' title="bbox 2315 945 3909 1023; baseline -0.006 -17"><span class='ocrx_word' id='word_1_157' title='bbox 2315 953 2443 1017; x_wconf 77' lang='grc' dir='ltr'>ζῶν,</span> <span class='ocrx_word' id='word_1_158' title='bbox 2475 953 2602 1023; x_wconf 75' lang='grc' dir='ltr'>περὶ</span> <span class='ocrx_word' id='word_1_159' title='bbox 2631 945 2704 1004; x_wconf 85' lang='grc' dir='ltr'>ὧν</span> <span class='ocrx_word' id='word_1_160' title='bbox 2737 952 2949 1021; x_wconf 70' lang='grc' dir='ltr'>εἴρηται</span> <span class='ocrx_word' id='word_1_161' title='bbox 2975 949 3069 1002; x_wconf 72' lang='grc' dir='ltr'>καὶ</span> <span class='ocrx_word' id='word_1_162' title='bbox 3108 950 3166 1000; x_wconf 84' lang='grc' dir='ltr'><strong>ἐν</strong></span> <span class='ocrx_word' id='word_1_163' title='bbox 3192 947 3270 1017; x_wconf 83' lang='grc' dir='ltr'><strong>τῷ</strong></span> <span class='ocrx_word' id='word_1_164' title='bbox 3301 947 3558 1018; x_wconf 83' lang='grc' dir='ltr'>’ᾼσματι,</span> <span class='ocrx_word' id='word_1_165' title='bbox 3581 946 3661 998; x_wconf 80' lang='grc' dir='ltr'>ὅτι</span> <span class='ocrx_word' id='word_1_166' title='bbox 3693 965 3711 996; x_wconf 85' lang='grc'><strong><em>‹</em></strong></span> <span class='ocrx_word' id='word_1_167' title='bbox 3736 947 3909 1011; x_wconf 74' lang='grc' dir='ltr'>Ἀγαο</span> 
     </span>
    </p>
   </div>
   <div class='ocr_carea' id='block_1_25' title="bbox 2317 1033 3909 1113">
    <p class='ocr_par' dir='ltr' id='par_1_25' title="bbox 2317 1033 3909 1113">
     <span class='ocr_line' id='line_1_25' title="bbox 2317 1033 3909 1113; baseline -0.006 -17"><span class='ocrx_word' id='word_1_168' title='bbox 2317 1043 2400 1096; x_wconf 73' lang='lat' dir='ltr'><strong>Boi.</strong></span> <span class='ocrx_word' id='word_1_169' title='bbox 2427 1044 2475 1096; x_wconf 86' lang='grc' dir='ltr'><strong>οί</strong></span> <span class='ocrx_word' id='word_1_170' title='bbox 2511 1042 2705 1113; x_wconf 85' lang='grc' dir='ltr'>μαστοί</span> <span class='ocrx_word' id='word_1_171' title='bbox 2733 1058 2825 1094; x_wconf 89' lang='grc' dir='ltr'><strong>σου</strong></span> <span class='ocrx_word' id='word_1_172' title='bbox 2859 1040 3000 1110; x_wconf 78' lang='grc' dir='ltr'>ὑπὲρ</span> <span class='ocrx_word' id='word_1_173' title='bbox 3036 1038 3199 1102; x_wconf 83' lang='grc' dir='ltr'>οἶνον,</span> <span class='ocrx_word' id='word_1_174' title='bbox 3236 1057 3254 1089; x_wconf 72' lang='grc' dir='ltr'>ι</span> <span class='ocrx_word' id='word_1_175' title='bbox 3291 1041 3404 1100; x_wconf 86' lang='grc' dir='ltr'>τοῖς</span> <span class='ocrx_word' id='word_1_176' title='bbox 3440 1035 3640 1105; x_wconf 78' lang='grc' dir='ltr'>ἑαυτῆς</span> <span class='ocrx_word' id='word_1_177' title='bbox 3683 1033 3909 1104; x_wconf 42' lang='lat' dir='ltr'><strong>variat;</strong></span> 
     </span>
    </p>
   </div>
   <div class='ocr_carea' id='block_1_26' title="bbox 2314 1127 3911 1206">
    <p class='ocr_par' dir='ltr' id='par_1_26' title="bbox 2314 1127 3911 1206">
     <span class='ocr_line' id='line_1_26' title="bbox 2314 1127 3911 1206; baseline -0.006 -18"><span class='ocrx_word' id='word_1_178' title='bbox 2314 1135 2624 1206; x_wconf 85' lang='grc' dir='ltr'>ἐπάρδουσα</span> <span class='ocrx_word' id='word_1_179' title='bbox 2666 1154 2682 1186; x_wconf 82' lang='grc' dir='ltr'>ι</span> <span class='ocrx_word' id='word_1_180' title='bbox 2719 1134 2780 1187; x_wconf 79' lang='grc' dir='ltr'><strong>τὸ</strong></span> <span class='ocrx_word' id='word_1_181' title='bbox 2818 1133 3034 1201; x_wconf 85' lang='grc' dir='ltr'>λογικὸν</span> <span class='ocrx_word' id='word_1_182' title='bbox 3073 1132 3169 1185; x_wconf 74' lang='grc' dir='ltr'>καὶ</span> <span class='ocrx_word' id='word_1_183' title='bbox 3212 1130 3397 1185; x_wconf 71' lang='grc' dir='ltr'>ἄδολον</span> <span class='ocrx_word' id='word_1_184' title='bbox 3442 1129 3602 1199; x_wconf 87' lang='grc' dir='ltr'>γάλα,</span> <span class='ocrx_word' id='word_1_185' title='bbox 3637 1147 3657 1180; x_wconf 73' lang='grc' dir='ltr'><strong>ι</strong></span> <span class='ocrx_word' id='word_1_186' title='bbox 3698 1127 3911 1199; x_wconf 81' lang='grc' dir='ltr'>ἄνδρας</span> 
     </span>
    </p>
   </div>
   <div class='ocr_carea' id='block_1_27' title="bbox 2317 1227 2868 1298">
    <p class='ocr_par' dir='ltr' id='par_1_27' title="bbox 2317 1227 2868 1298">
     <span class='ocr_line' id='line_1_27' title="bbox 2317 1227 2868 1298; baseline -0.002 -18"><span class='ocrx_word' id='word_1_187' title='bbox 2317 1227 2576 1298; x_wconf 80' lang='grc' dir='ltr'>προσάξει</span> <span class='ocrx_word' id='word_1_188' title='bbox 2610 1227 2868 1288; x_wconf 78' lang='grc' dir='ltr'>τελείους.</span> 
     </span>
    </p>
   </div>
   <div class='ocr_carea' id='block_1_28' title="bbox 2391 1313 3902 1387">
    <p class='ocr_par' dir='ltr' id='par_1_28' title="bbox 2391 1313 3902 1387">
     <span class='ocr_line' id='line_1_28' title="bbox 2391 1313 3902 1387; baseline -0.003 -18"><span class='ocrx_word' id='word_1_189' title='bbox 2391 1337 2410 1369; x_wconf 84' lang='grc'><em>‹</em></span> <span class='ocrx_word' id='word_1_190' title='bbox 2443 1320 2562 1371; x_wconf 77' lang='grc' dir='ltr'>Ὀτι</span> <span class='ocrx_word' id='word_1_191' title='bbox 2593 1317 2718 1371; x_wconf 84' lang='grc' dir='ltr'>τάδε</span> <span class='ocrx_word' id='word_1_192' title='bbox 2763 1316 2909 1385; x_wconf 83' lang='grc' dir='ltr'><strong>λέγει</strong></span> <span class='ocrx_word' id='word_1_193' title='bbox 2951 1316 3187 1387; x_wconf 82' lang='grc' dir='ltr'>Κύριος⁶</span> <span class='ocrx_word' id='word_1_194' title='bbox 3243 1315 3374 1369; x_wconf 74' lang='grc' dir='ltr'>Ἰδοὺ</span> <span class='ocrx_word' id='word_1_195' title='bbox 3412 1313 3522 1383; x_wconf 88' lang='grc' dir='ltr'><strong>ἐγὼ</strong></span> <span class='ocrx_word' id='word_1_196' title='bbox 3549 1313 3786 1367; x_wconf 84' lang='grc' dir='ltr'>ἐκκλίνω</span> <span class='ocrx_word' id='word_1_197' title='bbox 3813 1315 3902 1377; x_wconf 85' lang='grc' dir='ltr'>εἰς</span> 
     </span>
    </p>
   </div>
   <div class='ocr_carea' id='block_1_29' title="bbox 2315 1407 3907 1480">
    <p class='ocr_par' dir='ltr' id='par_1_29' title="bbox 2315 1407 3907 1480">
     <span class='ocr_line' id='line_1_29' title="bbox 2315 1407 3907 1480; baseline -0.003 -17"><span class='ocrx_word' id='word_1_198' title='bbox 2315 1411 2512 1473; x_wconf 80' lang='grc' dir='ltr'>αὐτοὺς</span> <span class='ocrx_word' id='word_1_199' title='bbox 2551 1410 2626 1473; x_wconf 87' lang='grc' dir='ltr'><strong>ὡς</strong></span> <span class='ocrx_word' id='word_1_200' title='bbox 2667 1411 2944 1479; x_wconf 77' lang='grc' dir='ltr'>ποταμοὺς</span> <span class='ocrx_word' id='word_1_201' title='bbox 2986 1410 3231 1480; x_wconf 72' lang='grc' dir='ltr'>εἰρήνης,</span> <span class='ocrx_word' id='word_1_202' title='bbox 3281 1410 3373 1461; x_wconf 71' lang='grc' dir='ltr'><strong>καὶ</strong></span> <span class='ocrx_word' id='word_1_203' title='bbox 3423 1407 3497 1470; x_wconf 84' lang='grc' dir='ltr'><strong>ὡς</strong></span> <span class='ocrx_word' id='word_1_204' title='bbox 3534 1408 3907 1478; x_wconf 72' lang='grc' dir='ltr'>χειμάρρους,</span> 
     </span>
    </p>
   </div>
   <div class='ocr_carea' id='block_1_30' title="bbox 2316 1499 3907 1569">
    <p class='ocr_par' dir='ltr' id='par_1_30' title="bbox 2316 1499 3907 1569">
     <span class='ocr_line' id='line_1_30' title="bbox 2316 1499 3907 1569; baseline -0.001 -15"><span class='ocrx_word' id='word_1_205' title='bbox 2316 1500 2623 1566; x_wconf 80' lang='grc' dir='ltr'><strong>ἐπικλύζων</strong></span> <span class='ocrx_word' id='word_1_206' title='bbox 2653 1501 2810 1566; x_wconf 77' lang='grc' dir='ltr'>δόξαν</span> <span class='ocrx_word' id='word_1_207' title='bbox 2849 1500 3039 1554; x_wconf 77' lang='grc' dir='ltr'>ἐθνῶν.</span> <span class='ocrx_word' id='word_1_208' title='bbox 3078 1500 3158 1552; x_wconf 85' lang='grc' dir='ltr'><strong>Τὰ</strong></span> <span class='ocrx_word' id='word_1_209' title='bbox 3185 1500 3371 1553; x_wconf 85' lang='grc' dir='ltr'>παιδία</span> <span class='ocrx_word' id='word_1_210' title='bbox 3410 1499 3586 1553; x_wconf 82' lang='grc' dir='ltr'>αὐτῶν</span> <span class='ocrx_word' id='word_1_211' title='bbox 3611 1499 3700 1552; x_wconf 79' lang='grc' dir='ltr'>ἐπ’</span> <span class='ocrx_word' id='word_1_212' title='bbox 3725 1499 3907 1569; x_wconf 76' lang='grc' dir='ltr'>ὤμων</span> 
     </span>
    </p>
   </div>
   <div class='ocr_carea' id='block_1_31' title="bbox 2315 1591 3909 1667">
    <p class='ocr_par' dir='ltr' id='par_1_31' title="bbox 2315 1591 3909 1667">
     <span class='ocr_line' id='line_1_31' title="bbox 2315 1591 3909 1667; baseline -0.003 -19"><span class='ocrx_word' id='word_1_213' title='bbox 2315 1596 2660 1667; x_wconf 80' lang='grc' dir='ltr'>ἀρθήσονται,</span> <span class='ocrx_word' id='word_1_214' title='bbox 2695 1594 2789 1648; x_wconf 70' lang='grc' dir='ltr'>καὶ</span> <span class='ocrx_word' id='word_1_215' title='bbox 2817 1593 2910 1646; x_wconf 74' lang='grc' dir='ltr'><strong>ἐπὶ</strong></span> <span class='ocrx_word' id='word_1_216' title='bbox 2934 1593 3174 1662; x_wconf 82' lang='grc' dir='ltr'><strong>γονάτων</strong></span> <span class='ocrx_word' id='word_1_217' title='bbox 3200 1591 3732 1663; x_wconf 72' lang='grc' dir='ltr'><strong>παρακληθήσονται.</strong></span> <span class='ocrx_word' id='word_1_218' title='bbox 3781 1610 3803 1643; x_wconf 74' lang='grc' dir='ltr'>ο</span> <span class='ocrx_word' id='word_1_219' title='bbox 3836 1594 3909 1644; x_wconf 84' lang='grc' dir='ltr'><strong>υἱ</strong></span> 
     </span>
    </p>
   </div>
   <div class='ocr_carea' id='block_1_32' title="bbox 2315 1682 3916 1772">
    <p class='ocr_par' dir='ltr' id='par_1_32' title="bbox 2315 1682 3916 1772">
     <span class='ocr_line' id='line_1_32' title="bbox 2315 1682 3916 1772; baseline -0.003 -34"><span class='ocrx_word' id='word_1_220' title='bbox 2315 1685 2444 1755; x_wconf 78' lang='grc' dir='ltr'>γοῦν</span> <span class='ocrx_word' id='word_1_221' title='bbox 2472 1687 2619 1754; x_wconf 81' lang='grc' dir='ltr'>λόγοι</span> <span class='ocrx_word' id='word_1_222' title='bbox 2649 1687 2696 1738; x_wconf 90' lang='grc' dir='ltr'>οἱ</span> <span class='ocrx_word' id='word_1_223' title='bbox 2741 1685 3141 1756; x_wconf 73' lang='grc' dir='ltr'>παρακλητικοὶ</span> <span class='ocrx_word' id='word_1_224' title='bbox 3182 1687 3275 1738; x_wconf 73' lang='grc' dir='ltr'>καὶ</span> <span class='ocrx_word' id='word_1_225' title='bbox 3310 1683 3757 1754; x_wconf 74' lang='grc' dir='ltr'>παραμυθητικοὶ</span> 
     </span>
    </p>
   </div>
   <div class='ocr_carea' id='block_1_33' title="bbox 2315 1761 3891 1849">
    <p class='ocr_par' dir='ltr' id='par_1_33' title="bbox 2315 1761 3891 1849">
     <span class='ocr_line' id='line_1_33' title="bbox 2315 1761 3891 1849; baseline -0.002 -20"><span class='ocrx_word' id='word_1_226' title='bbox 2315 1777 2676 1849; x_wconf 80' lang='grc' dir='ltr'><strong>ἀτελεστέρων</strong></span> <span class='ocrx_word' id='word_1_227' title='bbox 2701 1777 2886 1847; x_wconf 79' lang='grc' dir='ltr'>ψυχῶν</span> <span class='ocrx_word' id='word_1_228' title='bbox 2913 1776 3054 1844; x_wconf 82' lang='grc' dir='ltr'>γάλα</span> <span class='ocrx_word' id='word_1_229' title='bbox 3097 1775 3300 1847; x_wconf 80' lang='grc' dir='ltr'>κυρίως</span> <span class='ocrx_word' id='word_1_230' title='bbox 3328 1774 3744 1845; x_wconf 87' lang='grc' dir='ltr'>ὠνομάσθησαν,</span> <span class='ocrx_word' id='word_1_231' title='bbox 3777 1761 3891 1826; x_wconf 55' lang='grc' dir='ltr'><strong>στὶ</strong></span> 
     </span>
    </p>
   </div>
   <div class='ocr_carea' id='block_1_34' title="bbox 632 1859 2211 1942">
    <p class='ocr_par' dir='ltr' id='par_1_34' title="bbox 632 1870 2208 1940">
     <span class='ocr_line' id='line_1_34' title="bbox 632 1870 2208 1940; baseline -0.002 -13"><span class='ocrx_word' id='word_1_232' title='bbox 632 1885 719 1927; x_wconf 91' lang='lat' dir='ltr'><strong>tur</strong></span> <span class='ocrx_word' id='word_1_233' title='bbox 746 1888 761 1927; x_wconf 90' lang='lat'><strong>:</strong></span> <span class='ocrx_word' id='word_1_234' title='bbox 793 1889 916 1926; x_wconf 89' lang='lat' dir='ltr'><strong>nam</strong></span> <span class='ocrx_word' id='word_1_235' title='bbox 949 1872 1152 1926; x_wconf 86' lang='lat' dir='ltr'><strong>solidus</strong></span> <span class='ocrx_word' id='word_1_236' title='bbox 1188 1871 1341 1925; x_wconf 89' lang='lat' dir='ltr'><strong>cibus</strong></span> <span class='ocrx_word' id='word_1_237' title='bbox 1383 1870 1434 1923; x_wconf 91' lang='lat' dir='ltr'><strong>in</strong></span> <span class='ocrx_word' id='word_1_238' title='bbox 1474 1871 1720 1940; x_wconf 85' lang='lat' dir='ltr'><strong>mysticis</strong></span> <span class='ocrx_word' id='word_1_239' title='bbox 1750 1873 2102 1940; x_wconf 81' lang='lat' dir='ltr'><strong>dogmatibus</strong></span> <span class='ocrx_word' id='word_1_240' title='bbox 2133 1873 2208 1924; x_wconf 86' lang='lat' dir='ltr'><strong>in-</strong></span> 
     </span>
    </p>
   </div>
   <div class='ocr_carea' id='block_1_35' title="bbox 2312 1859 3904 1942">
    <p class='ocr_par' dir='ltr' id='par_1_35' title="bbox 2317 1866 3904 1942">
     <span class='ocr_line' id='line_1_35' title="bbox 2317 1866 3904 1942; baseline -0.003 -19"><span class='ocrx_word' id='word_1_241' title='bbox 2317 1872 2442 1942; x_wconf 78' lang='grc' dir='ltr'>ρεᾶς</span> <span class='ocrx_word' id='word_1_242' title='bbox 2470 1869 2677 1942; x_wconf 76' lang='grc' dir='ltr'>τροφῆς</span> <span class='ocrx_word' id='word_1_243' title='bbox 2703 1872 2760 1923; x_wconf 94' lang='grc' dir='ltr'><strong>ἐν</strong></span> <span class='ocrx_word' id='word_1_244' title='bbox 2792 1869 3022 1939; x_wconf 76' lang='grc' dir='ltr'>δόγμασι</span> <span class='ocrx_word' id='word_1_245' title='bbox 3055 1870 3336 1938; x_wconf 83' lang='grc' dir='ltr'><strong>μυστικοῖς</strong></span> <span class='ocrx_word' id='word_1_246' title='bbox 3359 1867 3676 1938; x_wconf 74' lang='grc' dir='ltr'>νοουμένης,</span> <span class='ocrx_word' id='word_1_247' title='bbox 3708 1866 3810 1919; x_wconf 70' lang='grc' dir='ltr'><strong>καὶ</strong></span> <span class='ocrx_word' id='word_1_248' title='bbox 3843 1867 3904 1918; x_wconf 84' lang='grc' dir='ltr'>ἐν</span> 
     </span>
    </p>
   </div>
   <div class='ocr_carea' id='block_1_36' title="bbox 631 1958 2210 2033">
    <p class='ocr_par' dir='ltr' id='par_1_36' title="bbox 631 1958 2210 2033">
     <span class='ocr_line' id='line_1_36' title="bbox 631 1958 2210 2033; baseline 0 -17"><span class='ocrx_word' id='word_1_249' title='bbox 631 1962 911 2033; x_wconf 83' lang='lat' dir='ltr'><strong>telligitur,</strong></span> <span class='ocrx_word' id='word_1_250' title='bbox 956 1973 1010 2015; x_wconf 90' lang='lat' dir='ltr'><strong>et</strong></span> <span class='ocrx_word' id='word_1_251' title='bbox 1061 1964 1113 2015; x_wconf 84' lang='lat' dir='ltr'><strong>in</strong></span> <span class='ocrx_word' id='word_1_252' title='bbox 1166 1958 1668 2030; x_wconf 85' lang='lat' dir='ltr'><strong>speculationibus,</strong></span> <span class='ocrx_word' id='word_1_253' title='bbox 1720 1974 1840 2029; x_wconf 66' lang='lat' dir='ltr'><strong>quae</strong></span> <span class='ocrx_word' id='word_1_254' title='bbox 1906 1961 1958 2014; x_wconf 91' lang='lat' dir='ltr'><strong>in</strong></span> <span class='ocrx_word' id='word_1_255' title='bbox 2015 1961 2210 2016; x_wconf 86' lang='lat' dir='ltr'><strong>divinis</strong></span> 
     </span>
    </p>
   </div>
   <div class='ocr_carea' id='block_1_37' title="bbox 630 2053 1882 2124">
    <p class='ocr_par' dir='ltr' id='par_1_37' title="bbox 630 2053 1882 2124">
     <span class='ocr_line' id='line_1_37' title="bbox 630 2053 1882 2124; baseline -0.006 -14"><span class='ocrx_word' id='word_1_256' title='bbox 630 2055 927 2124; x_wconf 89' lang='lat' dir='ltr'><strong>Scripturis</strong></span> <span class='ocrx_word' id='word_1_257' title='bbox 962 2053 1215 2123; x_wconf 75' lang='lat' dir='ltr'><strong>reposita:</strong></span> <span class='ocrx_word' id='word_1_258' title='bbox 1245 2060 1391 2106; x_wconf 93' lang='lat' dir='ltr'><strong>sunt.</strong></span> <span class='ocrx_word' id='word_1_259' title='bbox 1874 2115 1882 2124; x_wconf 88' lang='lat'><em>_</em></span> 
     </span>
    </p>
   </div>
   <div class='ocr_carea' id='block_1_38' title="bbox 704 2143 2202 2219">
    <p class='ocr_par' dir='ltr' id='par_1_38' title="bbox 704 2143 2202 2219">
     <span class='ocr_line' id='line_1_38' title="bbox 704 2143 2202 2219; baseline -0.003 -20"><span class='ocrx_word' id='word_1_260' title='bbox 704 2145 866 2202; x_wconf 75' lang='lat' dir='ltr'><strong>Vens.</strong></span> <span class='ocrx_word' id='word_1_261' title='bbox 895 2145 979 2219; x_wconf 79' lang='grc'>15.</span> <span class='ocrx_word' id='word_1_262' title='bbox 1019 2164 1037 2196; x_wconf 83' lang='grc'>‹</span> <span class='ocrx_word' id='word_1_263' title='bbox 1067 2143 1342 2209; x_wconf 90' lang='lat' dir='ltr'><strong>Quomodo</strong></span> <span class='ocrx_word' id='word_1_264' title='bbox 1371 2143 1417 2198; x_wconf 90' lang='lat' dir='ltr'><strong>si</strong></span> <span class='ocrx_word' id='word_1_265' title='bbox 1456 2160 1618 2213; x_wconf 88' lang='lat' dir='ltr'><strong>quem</strong></span> <span class='ocrx_word' id='word_1_266' title='bbox 1649 2152 1825 2197; x_wconf 87' lang='lat' dir='ltr'><strong>mater</strong></span> <span class='ocrx_word' id='word_1_267' title='bbox 1869 2143 2202 2208; x_wconf 73' lang='lat' dir='ltr'><strong>consoletur,</strong></span> 
     </span>
    </p>
   </div>
   <div class='ocr_carea' id='block_1_39' title="bbox 628 2235 2210 2308">
    <p class='ocr_par' dir='ltr' id='par_1_39' title="bbox 628 2235 2210 2308">
     <span class='ocr_line' id='line_1_39' title="bbox 628 2235 2210 2308; baseline -0.004 -14"><span class='ocrx_word' id='word_1_268' title='bbox 628 2239 705 2294; x_wconf 86' lang='lat' dir='ltr'><strong>ita</strong></span> <span class='ocrx_word' id='word_1_269' title='bbox 732 2249 786 2293; x_wconf 89' lang='lat' dir='ltr'><strong>et</strong></span> <span class='ocrx_word' id='word_1_270' title='bbox 816 2255 916 2308; x_wconf 87' lang='lat' dir='ltr'><strong>ego</strong></span> <span class='ocrx_word' id='word_1_271' title='bbox 945 2237 1265 2292; x_wconf 85' lang='lat' dir='ltr'><strong>consolabor</strong></span> <span class='ocrx_word' id='word_1_272' title='bbox 1295 2253 1415 2303; x_wconf 86' lang='lat' dir='ltr'><strong>vos,</strong></span> <span class='ocrx_word' id='word_1_273' title='bbox 1445 2247 1497 2291; x_wconf 91' lang='lat' dir='ltr'><strong>et</strong></span> <span class='ocrx_word' id='word_1_274' title='bbox 1520 2240 1570 2291; x_wconf 90' lang='lat' dir='ltr'><strong>in</strong></span> <span class='ocrx_word' id='word_1_275' title='bbox 1597 2237 1930 2291; x_wconf 84' lang='lat' dir='ltr'><strong>Hierusalem</strong></span> <span class='ocrx_word' id='word_1_276' title='bbox 1961 2235 2210 2290; x_wconf 77' lang='lat' dir='ltr'><strong>consola-</strong></span> 
     </span>
    </p>
   </div>
   <div class='ocr_carea' id='block_1_40' title="bbox 629 2329 2211 2400">
    <p class='ocr_par' dir='ltr' id='par_1_40' title="bbox 629 2329 2211 2400">
     <span class='ocr_line' id='line_1_40' title="bbox 629 2329 2211 2400; baseline -0.004 -13"><span class='ocrx_word' id='word_1_277' title='bbox 629 2331 842 2387; x_wconf 87' lang='lat' dir='ltr'><strong>bimini.</strong></span> <span class='ocrx_word' id='word_1_278' title='bbox 873 2349 892 2384; x_wconf 74' lang='grc' dir='ltr'><strong>ι</strong></span> <span class='ocrx_word' id='word_1_279' title='bbox 935 2329 1031 2384; x_wconf 87' lang='lat' dir='ltr'><strong>llic</strong></span> <span class='ocrx_word' id='word_1_280' title='bbox 1086 2346 1298 2383; x_wconf 84' lang='lat' dir='ltr'><strong>rursum</strong></span> <span class='ocrx_word' id='word_1_281' title='bbox 1344 2330 1570 2400; x_wconf 78' lang='lat' dir='ltr'><strong>gloriam</strong></span> <span class='ocrx_word' id='word_1_282' title='bbox 1623 2330 1888 2399; x_wconf 87' lang='lat' dir='ltr'><strong>gentium,</strong></span> <span class='ocrx_word' id='word_1_283' title='bbox 1940 2329 2211 2398; x_wconf 66' lang='lat' dir='ltr'><strong>praedictae</strong></span> 
     </span>
    </p>
   </div>
   <div class='ocr_carea' id='block_1_41' title="bbox 583 2419 2212 2490">
    <p class='ocr_par' dir='ltr' id='par_1_41' title="bbox 583 2419 2212 2490">
     <span class='ocr_line' id='line_1_41' title="bbox 583 2419 2212 2490; baseline -0.002 -17"><span class='ocrx_word' id='word_1_284' title='bbox 583 2445 587 2455; x_wconf 60' lang='grc' dir='ltr'><strong>ί</strong></span> <span class='ocrx_word' id='word_1_285' title='bbox 630 2436 784 2474; x_wconf 69' lang='lat' dir='ltr'><strong>nova:</strong></span> <span class='ocrx_word' id='word_1_286' title='bbox 825 2419 973 2474; x_wconf 92' lang='lat' dir='ltr'><strong>Sioni</strong></span> <span class='ocrx_word' id='word_1_287' title='bbox 1011 2419 1502 2490; x_wconf 70' lang='lat' dir='ltr'><strong>Hierosolyma:th</strong></span> <span class='ocrx_word' id='word_1_288' title='bbox 1541 2420 1838 2480; x_wconf 85' lang='lat' dir='ltr'><strong>ascribeus,</strong></span> <span class='ocrx_word' id='word_1_289' title='bbox 1871 2433 2056 2486; x_wconf 85' lang='lat' dir='ltr'><strong>pacem</strong></span> <span class='ocrx_word' id='word_1_290' title='bbox 2087 2433 2212 2487; x_wconf 86' lang='lat' dir='ltr'><strong>gen-</strong></span> 
     </span>
    </p>
   </div>
   <div class='ocr_carea' id='block_1_42' title="bbox 626 2508 2210 2580">
    <p class='ocr_par' dir='ltr' id='par_1_42' title="bbox 626 2508 2210 2580">
     <span class='ocr_line' id='line_1_42' title="bbox 626 2508 2210 2580; baseline -0.001 -14"><span class='ocrx_word' id='word_1_291' title='bbox 626 2513 774 2569; x_wconf 80' lang='lat' dir='ltr'><strong>tibus</strong></span> <span class='ocrx_word' id='word_1_292' title='bbox 809 2513 1151 2568; x_wconf 87' lang='lat' dir='ltr'><strong>tribuendam</strong></span> <span class='ocrx_word' id='word_1_293' title='bbox 1198 2511 1481 2567; x_wconf 87' lang='lat' dir='ltr'><strong>inundanti</strong></span> <span class='ocrx_word' id='word_1_294' title='bbox 1520 2511 1728 2566; x_wconf 82' lang='lat' dir='ltr'><strong>ﬂumini</strong></span> <span class='ocrx_word' id='word_1_295' title='bbox 1773 2521 2079 2580; x_wconf 87' lang='lat' dir='ltr'><strong>comparat.</strong></span> <span class='ocrx_word' id='word_1_296' title='bbox 2115 2508 2210 2565; x_wconf 87' lang='lat' dir='ltr'><strong>His</strong></span> 
     </span>
    </p>
   </div>
   <div class='ocr_carea' id='block_1_43' title="bbox 628 2603 2208 2674">
    <p class='ocr_par' dir='ltr' id='par_1_43' title="bbox 628 2603 2208 2674">
     <span class='ocr_line' id='line_1_43' title="bbox 628 2603 2208 2674; baseline -0.001 -17"><span class='ocrx_word' id='word_1_297' title='bbox 628 2615 810 2659; x_wconf 87' lang='lat' dir='ltr'><strong>autem</strong></span> <span class='ocrx_word' id='word_1_298' title='bbox 842 2604 1326 2674; x_wconf 82' lang='lat' dir='ltr'><strong>pollicitationibus</strong></span> <span class='ocrx_word' id='word_1_299' title='bbox 1359 2603 1615 2672; x_wconf 88' lang='lat' dir='ltr'><strong>superius</strong></span> <span class='ocrx_word' id='word_1_300' title='bbox 1660 2617 1877 2672; x_wconf 90' lang='lat' dir='ltr'><strong>quoque</strong></span> <span class='ocrx_word' id='word_1_301' title='bbox 1925 2613 2009 2656; x_wconf 90' lang='lat' dir='ltr'><strong>est</strong></span> <span class='ocrx_word' id='word_1_302' title='bbox 2057 2616 2208 2667; x_wconf 91' lang='lat' dir='ltr'><strong>usus,</strong></span> 
     </span>
    </p>
   </div>
   <div class='ocr_carea' id='block_1_44' title="bbox 628 2694 2205 2768">
    <p class='ocr_par' dir='ltr' id='par_1_44' title="bbox 628 2694 2205 2768">
     <span class='ocr_line' id='line_1_44' title="bbox 628 2694 2205 2768; baseline -0.004 -13"><span class='ocrx_word' id='word_1_303' title='bbox 628 2699 942 2768; x_wconf 71' lang='lat' dir='ltr'><strong>significans</strong></span> <span class='ocrx_word' id='word_1_304' title='bbox 969 2712 1083 2762; x_wconf 90' lang='lat' dir='ltr'><strong>eos,</strong></span> <span class='ocrx_word' id='word_1_305' title='bbox 1113 2698 1202 2766; x_wconf 89' lang='lat' dir='ltr'><strong>qui</strong></span> <span class='ocrx_word' id='word_1_306' title='bbox 1233 2697 1411 2751; x_wconf 86' lang='lat' dir='ltr'><strong>adhuc</strong></span> <span class='ocrx_word' id='word_1_307' title='bbox 1439 2697 1489 2750; x_wconf 91' lang='lat' dir='ltr'><strong>in</strong></span> <span class='ocrx_word' id='word_1_308' title='bbox 1519 2694 1762 2749; x_wconf 83' lang='lat' dir='ltr'><strong>Ecclesia</strong></span> <span class='ocrx_word' id='word_1_309' title='bbox 1794 2695 2032 2749; x_wconf 80' lang='lat' dir='ltr'><strong>infantes</strong></span> <span class='ocrx_word' id='word_1_310' title='bbox 2060 2703 2205 2760; x_wconf 88' lang='lat' dir='ltr'><strong>sunt,</strong></span> 
     </span>
    </p>
   </div>
   <div class='ocr_carea' id='block_1_45' title="bbox 629 2783 2209 2860">
    <p class='ocr_par' dir='ltr' id='par_1_45' title="bbox 629 2783 2209 2860">
     <span class='ocr_line' id='line_1_45' title="bbox 629 2783 2209 2860; baseline -0.004 -16"><span class='ocrx_word' id='word_1_311' title='bbox 629 2797 814 2860; x_wconf 89' lang='lat' dir='ltr'><strong>utpote</strong></span> <span class='ocrx_word' id='word_1_312' title='bbox 846 2791 937 2857; x_wconf 91' lang='lat' dir='ltr'><strong>qui</strong></span> <span class='ocrx_word' id='word_1_313' title='bbox 975 2788 1115 2840; x_wconf 83' lang='lat' dir='ltr'><strong>lacte</strong></span> <span class='ocrx_word' id='word_1_314' title='bbox 1163 2787 1493 2848; x_wconf 88' lang='lat' dir='ltr'><strong>nutriantur,</strong></span> <span class='ocrx_word' id='word_1_315' title='bbox 1534 2784 1840 2838; x_wconf 86' lang='lat' dir='ltr'><strong>nutricibus</strong></span> <span class='ocrx_word' id='word_1_316' title='bbox 1886 2783 2209 2853; x_wconf 84' lang='lat' dir='ltr'><strong>quibusdam</strong></span> 
     </span>
    </p>
   </div>
   <div class='ocr_carea' id='block_1_46' title="bbox 621 2874 2211 2952">
    <p class='ocr_par' dir='ltr' id='par_1_46' title="bbox 621 2874 2211 2952">
     <span class='ocr_line' id='line_1_46' title="bbox 621 2874 2211 2952; baseline -0.003 -21"><span class='ocrx_word' id='word_1_317' title='bbox 621 2881 920 2952; x_wconf 80' lang='lat' dir='ltr'><strong>.gestandos</strong></span> <span class='ocrx_word' id='word_1_318' title='bbox 969 2893 1120 2942; x_wconf 86' lang='lat' dir='ltr'><strong>esse;</strong></span> <span class='ocrx_word' id='word_1_319' title='bbox 1178 2878 1293 2931; x_wconf 85' lang='lat' dir='ltr'><strong>sive</strong></span> <span class='ocrx_word' id='word_1_320' title='bbox 1341 2891 1372 2930; x_wconf 87' lang='lat' dir='ltr'><strong>a</strong></span> <span class='ocrx_word' id='word_1_321' title='bbox 1421 2875 1652 2929; x_wconf 76' lang='lat' dir='ltr'><strong>sinceris</strong></span> <span class='ocrx_word' id='word_1_322' title='bbox 1706 2874 1966 2929; x_wconf 64' lang='lat' dir='ltr'><strong>Ecclesiae</strong></span> <span class='ocrx_word' id='word_1_323' title='bbox 2021 2875 2211 2929; x_wconf 85' lang='lat' dir='ltr'><strong>docto-</strong></span> 
     </span>
    </p>
   </div>
   <div class='ocr_carea' id='block_1_47' title="bbox 630 2965 2210 3039">
    <p class='ocr_par' dir='ltr' id='par_1_47' title="bbox 630 2965 2210 3039">
     <span class='ocr_line' id='line_1_47' title="bbox 630 2965 2210 3039; baseline -0.004 -13"><span class='ocrx_word' id='word_1_324' title='bbox 630 2975 781 3026; x_wconf 84' lang='lat' dir='ltr'><strong>ribus</strong></span> <span class='ocrx_word' id='word_1_325' title='bbox 810 2981 865 3024; x_wconf 90' lang='lat' dir='ltr'><strong>et</strong></span> <span class='ocrx_word' id='word_1_326' title='bbox 897 2970 1185 3039; x_wconf 68' lang='lat' dir='ltr'><strong>praefectis,</strong></span> <span class='ocrx_word' id='word_1_327' title='bbox 1234 2969 1472 3036; x_wconf 85' lang='lat' dir='ltr'><strong>itemque</strong></span> <span class='ocrx_word' id='word_1_328' title='bbox 1514 2982 1542 3019; x_wconf 91' lang='lat' dir='ltr'><strong>a</strong></span> <span class='ocrx_word' id='word_1_329' title='bbox 1579 2966 1776 3020; x_wconf 84' lang='lat' dir='ltr'><strong>divinis</strong></span> <span class='ocrx_word' id='word_1_330' title='bbox 1806 2977 1860 3019; x_wconf 85' lang='lat' dir='ltr'><strong>et</strong></span> <span class='ocrx_word' id='word_1_331' title='bbox 1894 2965 2210 3020; x_wconf 59' lang='lat' dir='ltr'><strong>caelestibus</strong></span> 
     </span>
    </p>
   </div>
   <div class='ocr_carea' id='block_1_48' title="bbox 623 3048 2211 3134">
    <p class='ocr_par' dir='ltr' id='par_1_48' title="bbox 623 3048 2211 3134">
     <span class='ocr_line' id='line_1_48' title="bbox 623 3048 2211 3134; baseline -0.006 -16"><span class='ocrx_word' id='word_1_332' title='bbox 623 3048 857 3134; x_wconf 75' lang='lat' dir='ltr'><strong>angelis.</strong></span> <span class='ocrx_word' id='word_1_333' title='bbox 883 3062 982 3128; x_wconf 87' lang='lat' dir='ltr'><strong>Qui</strong></span> <span class='ocrx_word' id='word_1_334' title='bbox 1017 3063 1180 3133; x_wconf 81' lang='lat' dir='ltr'><strong>igitur</strong></span> <span class='ocrx_word' id='word_1_335' title='bbox 1211 3060 1544 3114; x_wconf 87' lang='lat' dir='ltr'><strong>valentiores</strong></span> <span class='ocrx_word' id='word_1_336' title='bbox 1570 3068 1716 3121; x_wconf 90' lang='lat' dir='ltr'><strong>sunt,</strong></span> <span class='ocrx_word' id='word_1_337' title='bbox 1747 3057 2081 3112; x_wconf 81' lang='lat' dir='ltr'><strong>inﬁrmiores</strong></span> <span class='ocrx_word' id='word_1_338' title='bbox 2115 3058 2211 3112; x_wconf 84' lang='grc' dir='ltr'>Ιιιι-</span> 
     </span>
    </p>
   </div>
   <div class='ocr_carea' id='block_1_49' title="bbox 2314 1959 3875 2034">
    <p class='ocr_par' dir='ltr' id='par_1_49' title="bbox 2314 1959 3875 2034">
     <span class='ocr_line' id='line_1_49' title="bbox 2314 1959 3875 2034; baseline -0.003 -19"><span class='ocrx_word' id='word_1_339' title='bbox 2314 1962 2628 2034; x_wconf 82' lang='grc' dir='ltr'>θεωρήμασι</span> <span class='ocrx_word' id='word_1_340' title='bbox 2671 1963 2788 2024; x_wconf 86' lang='grc' dir='ltr'>τοῖς</span> <span class='ocrx_word' id='word_1_341' title='bbox 2824 1961 2883 2014; x_wconf 88' lang='grc' dir='ltr'><strong>ἐν</strong></span> <span class='ocrx_word' id='word_1_342' title='bbox 2927 1961 3047 2022; x_wconf 84' lang='grc' dir='ltr'>ταῖς</span> <span class='ocrx_word' id='word_1_343' title='bbox 3091 1959 3262 2023; x_wconf 79' lang='grc' dir='ltr'>θείαις</span> <span class='ocrx_word' id='word_1_344' title='bbox 3302 1959 3546 2028; x_wconf 80' lang='grc' dir='ltr'>Γραφαῖς</span> <span class='ocrx_word' id='word_1_345' title='bbox 3589 1959 3875 2028; x_wconf 80' lang='grc' dir='ltr'>ἀποκειμέ</span> 
     </span>
    </p>
   </div>
   <div class='ocr_carea' id='block_1_50' title="bbox 2311 2069 2443 2115">
    <p class='ocr_par' dir='ltr' id='par_1_50' title="bbox 2311 2069 2443 2115">
     <span class='ocr_line' id='line_1_50' title="bbox 2311 2069 2443 2115; baseline 0 -11"><span class='ocrx_word' id='word_1_346' title='bbox 2311 2069 2443 2115; x_wconf 84' lang='grc' dir='ltr'>νοις.</span> 
     </span>
    </p>
   </div>
   <div class='ocr_carea' id='block_1_51' title="bbox 2389 2140 3907 2214">
    <p class='ocr_par' dir='ltr' id='par_1_51' title="bbox 2389 2140 3907 2214">
     <span class='ocr_line' id='line_1_51' title="bbox 2389 2140 3907 2214; baseline -0.001 -19"><span class='ocrx_word' id='word_1_347' title='bbox 2389 2163 2406 2195; x_wconf 79' lang='grc' dir='ltr'><strong>ι</strong></span> <span class='ocrx_word' id='word_1_348' title='bbox 2461 2145 2547 2208; x_wconf 79' lang='grc' dir='ltr'>Ὠς</span> <span class='ocrx_word' id='word_1_349' title='bbox 2592 2145 2644 2197; x_wconf 79' lang='lat' dir='ltr'><strong>el’</strong></span> <span class='ocrx_word' id='word_1_350' title='bbox 2688 2161 2810 2198; x_wconf 90' lang='grc' dir='ltr'>τινα</span> <span class='ocrx_word' id='word_1_351' title='bbox 2865 2143 3046 2214; x_wconf 84' lang='grc' dir='ltr'>μήτηρ</span> <span class='ocrx_word' id='word_1_352' title='bbox 3093 2141 3488 2214; x_wconf 81' lang='grc' dir='ltr'>παρακαλέσει,</span> <span class='ocrx_word' id='word_1_353' title='bbox 3537 2140 3678 2194; x_wconf 75' lang='grc' dir='ltr'>οὕτω</span> <span class='ocrx_word' id='word_1_354' title='bbox 3734 2141 3907 2209; x_wconf 77' lang='grc' dir='ltr'><strong>κάγὼ</strong></span> 
     </span>
    </p>
   </div>
   <div class='ocr_carea' id='block_1_52' title="bbox 2311 2232 3909 2308">
    <p class='ocr_par' dir='ltr' id='par_1_52' title="bbox 2311 2232 3909 2308">
     <span class='ocr_line' id='line_1_52' title="bbox 2311 2232 3909 2308; baseline -0.001 -20"><span class='ocrx_word' id='word_1_355' title='bbox 2311 2236 2680 2308; x_wconf 85' lang='grc' dir='ltr'>παρακαλέσω</span> <span class='ocrx_word' id='word_1_356' title='bbox 2728 2236 2892 2306; x_wconf 82' lang='grc' dir='ltr'>ὑμᾶς,</span> <span class='ocrx_word' id='word_1_357' title='bbox 2929 2234 3020 2288; x_wconf 74' lang='grc' dir='ltr'><strong>καὶ</strong></span> <span class='ocrx_word' id='word_1_358' title='bbox 3051 2236 3108 2288; x_wconf 80' lang='grc' dir='ltr'><strong>ὲν</strong></span> <span class='ocrx_word' id='word_1_359' title='bbox 3153 2232 3509 2305; x_wconf 82' lang='grc' dir='ltr'>Ἰερουσαλὴμ</span> <span class='ocrx_word' id='word_1_360' title='bbox 3537 2233 3909 2304; x_wconf 51' lang='grc' dir='ltr'>παρακληθήι</span> 
     </span>
    </p>
   </div>
   <div class='ocr_carea' id='block_1_53' title="bbox 2313 2324 3908 2388">
    <p class='ocr_par' dir='ltr' id='par_1_53' title="bbox 2313 2324 3908 2388">
     <span class='ocr_line' id='line_1_53' title="bbox 2313 2324 3908 2388; baseline 0.001 -10"><span class='ocrx_word' id='word_1_361' title='bbox 2313 2325 2493 2378; x_wconf 87' lang='grc' dir='ltr'>σεσθε.</span> <span class='ocrx_word' id='word_1_362' title='bbox 2535 2346 2552 2378; x_wconf 77' lang='grc' dir='ltr'><strong>ι</strong></span> <span class='ocrx_word' id='word_1_363' title='bbox 2590 2326 2756 2379; x_wconf 88' lang='grc' dir='ltr'>Πάλιν</span> <span class='ocrx_word' id='word_1_364' title='bbox 2793 2324 3074 2380; x_wconf 76' lang='grc' dir='ltr'>κάνταῦθα</span> <span class='ocrx_word' id='word_1_365' title='bbox 3101 2325 3208 2378; x_wconf 84' lang='grc' dir='ltr'>τῶν</span> <span class='ocrx_word' id='word_1_366' title='bbox 3230 2324 3399 2379; x_wconf 81' lang='grc' dir='ltr'>ἐθνῶν</span> <span class='ocrx_word' id='word_1_367' title='bbox 3425 2325 3581 2388; x_wconf 83' lang='grc' dir='ltr'>δόξαν</span> <span class='ocrx_word' id='word_1_368' title='bbox 3611 2325 3908 2379; x_wconf 81' lang='grc' dir='ltr'>συνάπτων</span> 
     </span>
    </p>
   </div>
   <div class='ocr_carea' id='block_1_54' title="bbox 2309 2415 3904 2490">
    <p class='ocr_par' dir='ltr' id='par_1_54' title="bbox 2309 2415 3904 2490">
     <span class='ocr_line' id='line_1_54' title="bbox 2309 2415 3904 2490; baseline -0.001 -20"><span class='ocrx_word' id='word_1_369' title='bbox 2309 2421 2376 2489; x_wconf 80' lang='grc' dir='ltr'>τῇ</span> <span class='ocrx_word' id='word_1_370' title='bbox 2418 2417 2776 2490; x_wconf 84' lang='grc' dir='ltr'>προλεχθείσῃ</span> <span class='ocrx_word' id='word_1_371' title='bbox 2819 2418 2915 2488; x_wconf 79' lang='grc' dir='ltr'><strong>νέᾳ</strong></span> <span class='ocrx_word' id='word_1_372' title='bbox 2944 2416 3082 2470; x_wconf 86' lang='grc' dir='ltr'>Σιὼν</span> <span class='ocrx_word' id='word_1_373' title='bbox 3125 2417 3219 2471; x_wconf 72' lang='grc' dir='ltr'><strong>καὶ</strong></span> <span class='ocrx_word' id='word_1_374' title='bbox 3263 2419 3329 2488; x_wconf 82' lang='grc' dir='ltr'><strong>τῇ</strong></span> <span class='ocrx_word' id='word_1_375' title='bbox 3390 2415 3766 2487; x_wconf 74' lang='grc' dir='ltr'>Ἰερουσαλὴμ,</span> <span class='ocrx_word' id='word_1_376' title='bbox 3796 2417 3904 2486; x_wconf 77' lang='grc' dir='ltr'><strong>τὴν</strong></span> 
     </span>
    </p>
   </div>
   <div class='ocr_carea' id='block_1_55' title="bbox 2310 2507 3910 2582">
    <p class='ocr_par' dir='ltr' id='par_1_55' title="bbox 2310 2507 3910 2582">
     <span class='ocr_line' id='line_1_55' title="bbox 2310 2507 3910 2582; baseline -0.003 -18"><span class='ocrx_word' id='word_1_377' title='bbox 2310 2510 2678 2581; x_wconf 81' lang='grc' dir='ltr'>δοθησομένην</span> <span class='ocrx_word' id='word_1_378' title='bbox 2713 2514 2825 2574; x_wconf 86' lang='grc' dir='ltr'>τοῖς</span> <span class='ocrx_word' id='word_1_379' title='bbox 2869 2510 3077 2564; x_wconf 77' lang='grc' dir='ltr'>ἔθνεσιν</span> <span class='ocrx_word' id='word_1_380' title='bbox 3117 2511 3339 2582; x_wconf 86' lang='grc' dir='ltr'>εἰρήνην</span> <span class='ocrx_word' id='word_1_381' title='bbox 3372 2508 3600 2580; x_wconf 85' lang='grc' dir='ltr'>ποταμῷ</span> <span class='ocrx_word' id='word_1_382' title='bbox 3625 2507 3910 2561; x_wconf 79' lang='grc' dir='ltr'>κατακλύ-</span> 
     </span>
    </p>
   </div>
   <div class='ocr_carea' id='block_1_56' title="bbox 2312 2601 3906 2675">
    <p class='ocr_par' dir='ltr' id='par_1_56' title="bbox 2312 2601 3906 2675">
     <span class='ocr_line' id='line_1_56' title="bbox 2312 2601 3906 2675; baseline -0.001 -19"><span class='ocrx_word' id='word_1_383' title='bbox 2312 2603 2457 2667; x_wconf 77' lang='grc' dir='ltr'>ζοντι</span> <span class='ocrx_word' id='word_1_384' title='bbox 2500 2603 2854 2675; x_wconf 73' lang='grc' dir='ltr'>παραϐάλλει.</span> <span class='ocrx_word' id='word_1_385' title='bbox 2888 2605 2998 2656; x_wconf 79' lang='grc' dir='ltr'>Καὶ</span> <span class='ocrx_word' id='word_1_386' title='bbox 3028 2602 3285 2672; x_wconf 77' lang='grc' dir='ltr'>ἀνωτέρω</span> <span class='ocrx_word' id='word_1_387' title='bbox 3313 2601 3367 2654; x_wconf 82' lang='grc' dir='ltr'><strong>δέ</strong></span> <span class='ocrx_word' id='word_1_388' title='bbox 3411 2603 3532 2664; x_wconf 85' lang='grc' dir='ltr'>ταῖς</span> <span class='ocrx_word' id='word_1_389' title='bbox 3555 2601 3749 2670; x_wconf 73' lang='grc' dir='ltr'>αὑταῖς</span> <span class='ocrx_word' id='word_1_390' title='bbox 3776 2601 3906 2654; x_wconf 78' lang='grc' dir='ltr'>ἐκέ-</span> 
     </span>
    </p>
   </div>
   <div class='ocr_carea' id='block_1_57' title="bbox 2311 2691 3902 2767">
    <p class='ocr_par' dir='ltr' id='par_1_57' title="bbox 2311 2691 3902 2767">
     <span class='ocr_line' id='line_1_57' title="bbox 2311 2691 3902 2767; baseline -0.002 -20"><span class='ocrx_word' id='word_1_391' title='bbox 2311 2712 2480 2767; x_wconf 87' lang='grc' dir='ltr'>χρητο</span> <span class='ocrx_word' id='word_1_392' title='bbox 2511 2695 2885 2763; x_wconf 87' lang='grc' dir='ltr'>ἐπαγγελίαις,</span> <span class='ocrx_word' id='word_1_393' title='bbox 2931 2694 3210 2765; x_wconf 84' lang='grc' dir='ltr'>σημαίνων</span> <span class='ocrx_word' id='word_1_394' title='bbox 3249 2693 3324 2757; x_wconf 85' lang='grc' dir='ltr'>ὡς</span> <span class='ocrx_word' id='word_1_395' title='bbox 3372 2694 3498 2754; x_wconf 76' lang='grc' dir='ltr'>τοὺς</span> <span class='ocrx_word' id='word_1_396' title='bbox 3535 2691 3614 2744; x_wconf 81' lang='grc' dir='ltr'><strong>ἔτι</strong></span> <span class='ocrx_word' id='word_1_397' title='bbox 3660 2693 3902 2761; x_wconf 82' lang='grc' dir='ltr'>νηπίους</span> 
     </span>
    </p>
   </div>
   <div class='ocr_carea' id='block_1_58' title="bbox 2310 2783 3900 2858">
    <p class='ocr_par' dir='ltr' id='par_1_58' title="bbox 2310 2783 3900 2858">
     <span class='ocr_line' id='line_1_58' title="bbox 2310 2783 3900 2858; baseline -0.004 -18"><span class='ocrx_word' id='word_1_398' title='bbox 2310 2787 2407 2858; x_wconf 85' lang='grc' dir='ltr'><strong>τῆς</strong></span> <span class='ocrx_word' id='word_1_399' title='bbox 2441 2787 2784 2857; x_wconf 87' lang='grc' dir='ltr'>Ἐκκλησίας,</span> <span class='ocrx_word' id='word_1_400' title='bbox 2815 2787 2909 2840; x_wconf 81' lang='grc' dir='ltr'><strong>ἅτε</strong></span> <span class='ocrx_word' id='word_1_401' title='bbox 2942 2785 3006 2857; x_wconf 81' lang='grc' dir='ltr'><strong>δὴ</strong></span> <span class='ocrx_word' id='word_1_402' title='bbox 3031 2785 3263 2854; x_wconf 88' lang='grc' dir='ltr'>γάλακτι</span> <span class='ocrx_word' id='word_1_403' title='bbox 3300 2784 3686 2855; x_wconf 80' lang='grc' dir='ltr'>τρεφομένους,</span> <span class='ocrx_word' id='word_1_404' title='bbox 3742 2783 3900 2853; x_wconf 76' lang='grc' dir='ltr'>τιθηο</span> 
     </span>
    </p>
   </div>
   <div class='ocr_carea' id='block_1_59' title="bbox 2312 2860 3906 2948">
    <p class='ocr_par' dir='ltr' id='par_1_59' title="bbox 2312 2860 3906 2948">
     <span class='ocr_line' id='line_1_59' title="bbox 2312 2860 3906 2948; baseline -0.003 -17"><span class='ocrx_word' id='word_1_405' title='bbox 2312 2878 2392 2932; x_wconf 86' lang='grc' dir='ltr'>νοί</span> <span class='ocrx_word' id='word_1_406' title='bbox 2420 2896 2567 2942; x_wconf 91' lang='grc' dir='ltr'>τινες</span> <span class='ocrx_word' id='word_1_407' title='bbox 2606 2878 3097 2944; x_wconf 78' lang='grc' dir='ltr'>ὑποΰαστάξουσιν.</span> <span class='ocrx_word' id='word_1_408' title='bbox 3130 2878 3249 2948; x_wconf 70' lang='grc' dir='ltr'>ἦτοι</span> <span class='ocrx_word' id='word_1_409' title='bbox 3290 2860 3596 2930; x_wconf 83' lang='grc' dir='ltr'>διδάσκαλοί</span> <span class='ocrx_word' id='word_1_410' title='bbox 3625 2875 3722 2927; x_wconf 76' lang='grc' dir='ltr'>καὶ</span> <span class='ocrx_word' id='word_1_411' title='bbox 3765 2893 3906 2945; x_wconf 78' lang='grc' dir='ltr'>προ-</span> 
     </span>
    </p>
   </div>
   <div class='ocr_carea' id='block_1_60' title="bbox 2311 2967 3906 3045">
    <p class='ocr_par' dir='ltr' id='par_1_60' title="bbox 2311 2967 3906 3045">
     <span class='ocr_line' id='line_1_60' title="bbox 2311 2967 3906 3045; baseline -0.004 -19"><span class='ocrx_word' id='word_1_412' title='bbox 2311 2973 2544 3037; x_wconf 85' lang='grc' dir='ltr'>εστῶτες</span> <span class='ocrx_word' id='word_1_413' title='bbox 2570 2975 2778 3045; x_wconf 86' lang='grc' dir='ltr'>γνήσιοι</span> <span class='ocrx_word' id='word_1_414' title='bbox 2799 2973 2897 3044; x_wconf 83' lang='grc' dir='ltr'>τῆς</span> <span class='ocrx_word' id='word_1_415' title='bbox 2929 2971 3253 3042; x_wconf 87' lang='grc' dir='ltr'>Ἐκκλησίας</span> <span class='ocrx_word' id='word_1_416' title='bbox 3273 2969 3367 3023; x_wconf 76' lang='grc' dir='ltr'>τοῦ</span> <span class='ocrx_word' id='word_1_417' title='bbox 3391 2968 3648 3041; x_wconf 77' lang='grc' dir='ltr'>Χριστοῦ,</span> <span class='ocrx_word' id='word_1_418' title='bbox 3681 2969 3736 3020; x_wconf 78' lang='lat' dir='ltr'><strong>oi</strong></span> <span class='ocrx_word' id='word_1_419' title='bbox 3763 2967 3906 3022; x_wconf 78' lang='grc' dir='ltr'>θεῖοί</span> 
     </span>
    </p>
   </div>
   <div class='ocr_carea' id='block_1_61' title="bbox 2308 3057 3904 3137">
    <p class='ocr_par' dir='ltr' id='par_1_61' title="bbox 2308 3057 3904 3137">
     <span class='ocr_line' id='line_1_61' title="bbox 2308 3057 3904 3137; baseline -0.004 -19"><span class='ocrx_word' id='word_1_420' title='bbox 2308 3083 2368 3118; x_wconf 86' lang='grc' dir='ltr'><strong>τε</strong></span> <span class='ocrx_word' id='word_1_421' title='bbox 2414 3065 2510 3119; x_wconf 61' lang='grc' dir='ltr'><strong>καὶ¹</strong></span> <span class='ocrx_word' id='word_1_422' title='bbox 2559 3065 2798 3137; x_wconf 77' lang='grc' dir='ltr'>οὐράνιοι</span> <span class='ocrx_word' id='word_1_423' title='bbox 2848 3064 3090 3133; x_wconf 74' lang='grc' dir='ltr'>ἄγγελοι.</span> <span class='ocrx_word' id='word_1_424' title='bbox 3141 3064 3204 3116; x_wconf 78' lang='grc' dir='ltr'><strong>Οἱ</strong></span> <span class='ocrx_word' id='word_1_425' title='bbox 3258 3063 3354 3133; x_wconf 79' lang='grc' dir='ltr'>μὲν</span> <span class='ocrx_word' id='word_1_426' title='bbox 3405 3057 3498 3114; x_wconf 76' lang='grc' dir='ltr'><strong>οὖν</strong></span> <span class='ocrx_word' id='word_1_427' title='bbox 3529 3060 3904 3130; x_wconf 77' lang='grc' dir='ltr'>δυνατώτεροι</span> 
     </span>
    </p>
   </div>
   <div class='ocr_carea' id='block_1_62' title="bbox 622 3147 2211 3249">
    <p class='ocr_par' dir='ltr' id='par_1_62' title="bbox 622 3147 2206 3222">
     <span class='ocr_line' id='line_1_62' title="bbox 622 3147 2206 3222; baseline -0.006 -14"><span class='ocrx_word' id='word_1_428' title='bbox 622 3153 800 3208; x_wconf 66' lang='lat' dir='ltr'><strong>sueris</strong></span> <span class='ocrx_word' id='word_1_429' title='bbox 839 3152 1148 3222; x_wconf 87' lang='lat' dir='ltr'><strong>gestabunt,</strong></span> <span class='ocrx_word' id='word_1_430' title='bbox 1181 3161 1235 3204; x_wconf 91' lang='lat' dir='ltr'><strong>et</strong></span> <span class='ocrx_word' id='word_1_431' title='bbox 1265 3149 1329 3203; x_wconf 90' lang='lat' dir='ltr'><strong>ad</strong></span> <span class='ocrx_word' id='word_1_432' title='bbox 1360 3164 1538 3219; x_wconf 82' lang='lat' dir='ltr'><strong>genua</strong></span> <span class='ocrx_word' id='word_1_433' title='bbox 1571 3147 2034 3202; x_wconf 90' lang='lat' dir='ltr'><strong>consolabuntur:</strong></span> <span class='ocrx_word' id='word_1_434' title='bbox 2068 3160 2132 3200; x_wconf 88' lang='lat' dir='ltr'><strong>ac</strong></span> <span class='ocrx_word' id='word_1_435' title='bbox 2163 3147 2206 3199; x_wconf 83' lang='lat' dir='ltr'><strong>si</strong></span> 
     </span>
    </p>
   </div>
   <div class='ocr_carea' id='block_1_63' title="bbox 2312 3147 3907 3249">
    <p class='ocr_par' dir='ltr' id='par_1_63' title="bbox 2312 3150 3907 3229">
     <span class='ocr_line' id='line_1_63' title="bbox 2312 3150 3907 3229; baseline -0.003 -18"><span class='ocrx_word' id='word_1_436' title='bbox 2312 3159 2438 3221; x_wconf 82' lang='grc' dir='ltr'>τοὺς</span> <span class='ocrx_word' id='word_1_437' title='bbox 2484 3157 2905 3229; x_wconf 76' lang='grc' dir='ltr'>ἀσθενεστέρους</span> <span class='ocrx_word' id='word_1_438' title='bbox 2943 3157 3029 3209; x_wconf 86' lang='grc' dir='ltr'>ἐπ’</span> <span class='ocrx_word' id='word_1_439' title='bbox 3073 3155 3240 3225; x_wconf 73' lang='grc' dir='ltr'>ὤμων</span> <span class='ocrx_word' id='word_1_440' title='bbox 3270 3153 3618 3224; x_wconf 79' lang='grc' dir='ltr'>βαστάξουσ.,</span> <span class='ocrx_word' id='word_1_441' title='bbox 3656 3150 3758 3208; x_wconf 67' lang='grc' dir='ltr'>τε.ιί</span> <span class='ocrx_word' id='word_1_442' title='bbox 3803 3154 3907 3206; x_wconf 74' lang='grc' dir='ltr'>ἐπὶ</span> 
     </span>
    </p>
   </div>
   <div class='ocr_carea' id='block_1_64' title="bbox 633 3238 2210 3309">
    <p class='ocr_par' dir='ltr' id='par_1_64' title="bbox 633 3238 2210 3309">
     <span class='ocr_line' id='line_1_64' title="bbox 633 3238 2210 3309; baseline -0.004 -10"><span class='ocrx_word' id='word_1_443' title='bbox 633 3257 812 3299; x_wconf 88' lang='lat' dir='ltr'><strong>mater</strong></span> <span class='ocrx_word' id='word_1_444' title='bbox 839 3243 962 3298; x_wconf 78' lang='lat' dir='ltr'><strong>(iliis</strong></span> <span class='ocrx_word' id='word_1_445' title='bbox 992 3241 1323 3305; x_wconf 87' lang='lat' dir='ltr'><strong>blandiatur,</strong></span> <span class='ocrx_word' id='word_1_446' title='bbox 1351 3250 1404 3293; x_wconf 90' lang='lat' dir='ltr'><strong>et</strong></span> <span class='ocrx_word' id='word_1_447' title='bbox 1435 3254 1536 3309; x_wconf 88' lang='lat' dir='ltr'><strong>ego</strong></span> <span class='ocrx_word' id='word_1_448' title='bbox 1572 3239 1684 3309; x_wconf 89' lang='lat' dir='ltr'><strong>ipse</strong></span> <span class='ocrx_word' id='word_1_449' title='bbox 1713 3238 1992 3303; x_wconf 87' lang='lat' dir='ltr'><strong>Dominus,</strong></span> <span class='ocrx_word' id='word_1_450' title='bbox 2027 3247 2210 3306; x_wconf 76' lang='lat' dir='ltr'><strong>utpote</strong></span> 
     </span>
    </p>
   </div>
   <div class='ocr_carea' id='block_1_65' title="bbox 627 3330 2212 3398">
    <p class='ocr_par' dir='ltr' id='par_1_65' title="bbox 627 3330 2212 3398">
     <span class='ocr_line' id='line_1_65' title="bbox 627 3330 2212 3398; baseline -0.005 -4"><span class='ocrx_word' id='word_1_451' title='bbox 627 3353 822 3394; x_wconf 87' lang='lat' dir='ltr'><strong>eorum</strong></span> <span class='ocrx_word' id='word_1_452' title='bbox 864 3335 1105 3391; x_wconf 92' lang='lat' dir='ltr'><strong>omnium</strong></span> <span class='ocrx_word' id='word_1_453' title='bbox 1154 3331 1340 3398; x_wconf 87' lang='lat' dir='ltr'><strong>Pater,</strong></span> <span class='ocrx_word' id='word_1_454' title='bbox 1390 3330 1804 3387; x_wconf 85' lang='lat' dir='ltr'><strong>imbecilliorum</strong></span> <span class='ocrx_word' id='word_1_455' title='bbox 1841 3331 2212 3386; x_wconf 84' lang='lat' dir='ltr'><strong>consolatores</strong></span> 
     </span>
    </p>
   </div>
   <div class='ocr_carea' id='block_1_66' title="bbox 620 3428 977 3487">
    <p class='ocr_par' dir='ltr' id='par_1_66' title="bbox 620 3428 977 3487">
     <span class='ocr_line' id='line_1_66' title="bbox 620 3428 977 3487; baseline -0.017 0"><span class='ocrx_word' id='word_1_456' title='bbox 620 3428 977 3487; x_wconf 88' lang='lat' dir='ltr'><strong>consolabor.</strong></span> 
     </span>
    </p>
   </div>
   <div class='ocr_carea' id='block_1_67' title="bbox 729 3605 2213 3677">
    <p class='ocr_par' dir='ltr' id='par_1_67' title="bbox 729 3605 2213 3677">
     <span class='ocr_line' id='line_1_67' title="bbox 729 3605 2213 3677; baseline -0.003 -12"><span class='ocrx_word' id='word_1_457' title='bbox 729 3610 896 3666; x_wconf 67' lang='lat' dir='ltr'><strong>Vens.</strong></span> <span class='ocrx_word' id='word_1_458' title='bbox 936 3609 1022 3665; x_wconf 72' lang='grc'>14.</span> <span class='ocrx_word' id='word_1_459' title='bbox 1079 3623 1098 3659; x_wconf 77' lang='grc' dir='ltr'><strong>ι</strong></span> <span class='ocrx_word' id='word_1_460' title='bbox 1137 3607 1205 3661; x_wconf 87' lang='grc' dir='ltr'><strong>Ει</strong></span> <span class='ocrx_word' id='word_1_461' title='bbox 1251 3605 1526 3670; x_wconf 84' lang='lat' dir='ltr'><strong>videbitis,</strong></span> <span class='ocrx_word' id='word_1_462' title='bbox 1579 3615 1634 3661; x_wconf 91' lang='lat' dir='ltr'><strong>et</strong></span> <span class='ocrx_word' id='word_1_463' title='bbox 1683 3605 1937 3677; x_wconf 88' lang='lat' dir='ltr'><strong>gaudebit</strong></span> <span class='ocrx_word' id='word_1_464' title='bbox 1990 3620 2084 3661; x_wconf 89' lang='lat' dir='ltr'><strong>cor</strong></span> <span class='ocrx_word' id='word_1_465' title='bbox 2116 3621 2213 3662; x_wconf 89' lang='lat' dir='ltr'><strong>ve-</strong></span> 
     </span>
    </p>
   </div>
   <div class='ocr_carea' id='block_1_68' title="bbox 625 3697 2204 3771">
    <p class='ocr_par' dir='ltr' id='par_1_68' title="bbox 625 3697 2204 3771">
     <span class='ocr_line' id='line_1_68' title="bbox 625 3697 2204 3771; baseline -0.007 -10"><span class='ocrx_word' id='word_1_466' title='bbox 625 3717 830 3771; x_wconf 79' lang='lat' dir='ltr'><strong>strum,</strong></span> <span class='ocrx_word' id='word_1_467' title='bbox 863 3713 917 3758; x_wconf 87' lang='lat' dir='ltr'><strong>et</strong></span> <span class='ocrx_word' id='word_1_468' title='bbox 957 3716 1082 3758; x_wconf 90' lang='lat' dir='ltr'><strong>ossa</strong></span> <span class='ocrx_word' id='word_1_469' title='bbox 1129 3710 1310 3754; x_wconf 89' lang='lat' dir='ltr'><strong>vestra</strong></span> <span class='ocrx_word' id='word_1_470' title='bbox 1358 3698 1515 3769; x_wconf 90' lang='lat' dir='ltr'><strong>quasi</strong></span> <span class='ocrx_word' id='word_1_471' title='bbox 1546 3697 1712 3752; x_wconf 88' lang='lat' dir='ltr'><strong>herba</strong></span> <span class='ocrx_word' id='word_1_472' title='bbox 1747 3697 2148 3767; x_wconf 83' lang='lat' dir='ltr'><strong>germinabunt.</strong></span> <span class='ocrx_word' id='word_1_473' title='bbox 2184 3715 2204 3750; x_wconf 73' lang='grc' dir='ltr'><strong>ι</strong></span> 
     </span>
    </p>
   </div>
   <div class='ocr_carea' id='block_1_69' title="bbox 623 3792 2208 3872">
    <p class='ocr_par' dir='ltr' id='par_1_69' title="bbox 623 3792 2208 3872">
     <span class='ocr_line' id='line_1_69' title="bbox 623 3792 2208 3872; baseline -0.003 -21"><span class='ocrx_word' id='word_1_474' title='bbox 623 3802 736 3864; x_wconf 78' lang='lat' dir='ltr'><strong>.ilic</strong></span> <span class='ocrx_word' id='word_1_475' title='bbox 761 3799 1179 3872; x_wconf 90' lang='lat' dir='ltr'><strong>promissionum</strong></span> <span class='ocrx_word' id='word_1_476' title='bbox 1205 3795 1328 3850; x_wconf 82' lang='lat' dir='ltr'><strong>linis</strong></span> <span class='ocrx_word' id='word_1_477' title='bbox 1351 3796 1474 3858; x_wconf 86' lang='lat' dir='ltr'><strong>erit,</strong></span> <span class='ocrx_word' id='word_1_478' title='bbox 1502 3809 1712 3863; x_wconf 88' lang='lat' dir='ltr'><strong>nempe,</strong></span> <span class='ocrx_word' id='word_1_479' title='bbox 1734 3792 1998 3848; x_wconf 89' lang='lat' dir='ltr'><strong>Videbitis</strong></span> <span class='ocrx_word' id='word_1_480' title='bbox 2022 3795 2208 3848; x_wconf 86' lang='lat' dir='ltr'><strong>Deum.</strong></span> 
     </span>
    </p>
   </div>
   <div class='ocr_carea' id='block_1_70' title="bbox 629 3886 2213 3961">
    <p class='ocr_par' dir='ltr' id='par_1_70' title="bbox 629 3886 2213 3961">
     <span class='ocr_line' id='line_1_70' title="bbox 629 3886 2213 3961; baseline -0.004 -14"><span class='ocrx_word' id='word_1_481' title='bbox 629 3892 998 3961; x_wconf 79' lang='lat' dir='ltr'><strong>Quamobrem</strong></span> <span class='ocrx_word' id='word_1_482' title='bbox 1040 3888 1290 3942; x_wconf 87' lang='lat' dir='ltr'><strong>Salvator</strong></span> <span class='ocrx_word' id='word_1_483' title='bbox 1356 3887 1455 3941; x_wconf 89' lang='lat' dir='ltr'><strong>hos</strong></span> <span class='ocrx_word' id='word_1_484' title='bbox 1504 3886 1694 3941; x_wconf 90' lang='lat' dir='ltr'><strong>beatos</strong></span> <span class='ocrx_word' id='word_1_485' title='bbox 1743 3887 2071 3955; x_wconf 69' lang='lat' dir='ltr'><strong>praedicabat</strong></span> <span class='ocrx_word' id='word_1_486' title='bbox 2128 3887 2213 3941; x_wconf 83' lang='lat' dir='ltr'><strong>bis</strong></span> 
     </span>
    </p>
   </div>
   <div class='ocr_carea' id='block_1_71' title="bbox 635 3979 2208 4048">
    <p class='ocr_par' dir='ltr' id='par_1_71' title="bbox 635 3979 2208 4048">
     <span class='ocr_line' id='line_1_71' title="bbox 635 3979 2208 4048; baseline -0.003 -12"><span class='ocrx_word' id='word_1_487' title='bbox 635 3984 837 4048; x_wconf 82' lang='lat' dir='ltr'><strong>verbis,</strong></span> <span class='ocrx_word' id='word_1_488' title='bbox 878 4001 896 4033; x_wconf 75' lang='grc' dir='ltr'><strong>ι</strong></span> <span class='ocrx_word' id='word_1_489' title='bbox 936 3981 1087 4035; x_wconf 88' lang='lat' dir='ltr'><strong>Beati</strong></span> <span class='ocrx_word' id='word_1_490' title='bbox 1131 3981 1329 4034; x_wconf 91' lang='lat' dir='ltr'><strong>mundo</strong></span> <span class='ocrx_word' id='word_1_491' title='bbox 1362 3980 1545 4044; x_wconf 86' lang='lat' dir='ltr'><strong>corde,</strong></span> <span class='ocrx_word' id='word_1_492' title='bbox 1582 3980 1842 4048; x_wconf 88' lang='lat' dir='ltr'><strong>quoniam</strong></span> <span class='ocrx_word' id='word_1_493' title='bbox 1894 3979 1994 4048; x_wconf 88' lang='lat' dir='ltr'><strong>ipsi</strong></span> <span class='ocrx_word' id='word_1_494' title='bbox 2043 3979 2208 4032; x_wconf 88' lang='lat' dir='ltr'><strong>Deum</strong></span> 
     </span>
    </p>
   </div>
   <div class='ocr_carea' id='block_1_72' title="bbox 635 4057 2237 4141">
    <p class='ocr_par' dir='ltr' id='par_1_72' title="bbox 635 4057 2237 4141">
     <span class='ocr_line' id='line_1_72' title="bbox 635 4057 2237 4141; baseline -0.003 -13"><span class='ocrx_word' id='word_1_495' title='bbox 635 4075 894 4130; x_wconf 83' lang='lat' dir='ltr'><strong>videbunt</strong></span> <span class='ocrx_word' id='word_1_496' title='bbox 926 4074 994 4126; x_wconf 86' lang='grc'><strong>³³.</strong></span> <span class='ocrx_word' id='word_1_497' title='bbox 1032 4091 1052 4125; x_wconf 77' lang='grc' dir='ltr'><strong>ι</strong></span> <span class='ocrx_word' id='word_1_498' title='bbox 1088 4102 1159 4114; x_wconf 89' lang='grc'><strong>-</strong></span> <span class='ocrx_word' id='word_1_499' title='bbox 1186 4089 1214 4123; x_wconf 65' lang='lat'>4</span> <span class='ocrx_word' id='word_1_500' title='bbox 1248 4072 1316 4126; x_wconf 85' lang='lat' dir='ltr'><strong>Et</strong></span> <span class='ocrx_word' id='word_1_501' title='bbox 1369 4081 1729 4141; x_wconf 88' lang='lat' dir='ltr'><strong>cognoscetur</strong></span> <span class='ocrx_word' id='word_1_502' title='bbox 1767 4084 1960 4125; x_wconf 88' lang='lat' dir='ltr'><strong>manus</strong></span> <span class='ocrx_word' id='word_1_503' title='bbox 2000 4057 2237 4125; x_wconf 39' lang='lat' dir='ltr'><strong>Domini‘</strong></span> 
     </span>
    </p>
   </div>
   <div class='ocr_carea' id='block_1_73' title="bbox 637 4161 1959 4230">
    <p class='ocr_par' dir='ltr' id='par_1_73' title="bbox 637 4161 1959 4230">
     <span class='ocr_line' id='line_1_73' title="bbox 637 4161 1959 4230; baseline -0.007 -7"><span class='ocrx_word' id='word_1_504' title='bbox 637 4167 958 4223; x_wconf 88' lang='lat' dir='ltr'><strong>timentibus</strong></span> <span class='ocrx_word' id='word_1_505' title='bbox 999 4180 1146 4230; x_wconf 89' lang='lat' dir='ltr'><strong>eum,</strong></span> <span class='ocrx_word' id='word_1_506' title='bbox 1173 4172 1229 4218; x_wconf 91' lang='lat' dir='ltr'><strong>et</strong></span> <span class='ocrx_word' id='word_1_507' title='bbox 1266 4163 1560 4218; x_wconf 91' lang='lat' dir='ltr'><strong>minabitur</strong></span> <span class='ocrx_word' id='word_1_508' title='bbox 1589 4161 1904 4217; x_wconf 90' lang='lat' dir='ltr'><strong>incredulis.</strong></span> <span class='ocrx_word' id='word_1_509' title='bbox 1939 4179 1959 4214; x_wconf 78' lang='grc' dir='ltr'><strong>ι</strong></span> 
     </span>
    </p>
   </div>
   <div class='ocr_carea' id='block_1_74' title="bbox 710 4252 2215 4323">
    <p class='ocr_par' dir='ltr' id='par_1_74' title="bbox 710 4252 2215 4323">
     <span class='ocr_line' id='line_1_74' title="bbox 710 4252 2215 4323; baseline -0.007 -6"><span class='ocrx_word' id='word_1_510' title='bbox 710 4261 874 4317; x_wconf 66' lang='lat' dir='ltr'><strong>Vens.</strong></span> <span class='ocrx_word' id='word_1_511' title='bbox 918 4258 1011 4314; x_wconf 81' lang='grc'>15.</span> <span class='ocrx_word' id='word_1_512' title='bbox 1049 4274 1068 4308; x_wconf 74' lang='grc' dir='ltr'><strong>ι</strong></span> <span class='ocrx_word' id='word_1_513' title='bbox 1097 4258 1235 4312; x_wconf 90' lang='lat' dir='ltr'><strong>Ecce</strong></span> <span class='ocrx_word' id='word_1_514' title='bbox 1278 4255 1420 4312; x_wconf 90' lang='lat' dir='ltr'><strong>enim</strong></span> <span class='ocrx_word' id='word_1_515' title='bbox 1447 4253 1712 4310; x_wconf 89' lang='lat' dir='ltr'><strong>Dominus</strong></span> <span class='ocrx_word' id='word_1_516' title='bbox 1744 4255 1893 4323; x_wconf 88' lang='lat' dir='ltr'><strong>quasi</strong></span> <span class='ocrx_word' id='word_1_517' title='bbox 1935 4252 2075 4322; x_wconf 89' lang='lat' dir='ltr'><strong>ignis</strong></span> <span class='ocrx_word' id='word_1_518' title='bbox 2121 4267 2215 4307; x_wconf 83' lang='lat' dir='ltr'><strong>ve-</strong></span> 
     </span>
    </p>
   </div>
   <div class='ocr_carea' id='block_1_75' title="bbox 627 4345 2211 4422">
    <p class='ocr_par' dir='ltr' id='par_1_75' title="bbox 627 4345 2211 4422">
     <span class='ocr_line' id='line_1_75' title="bbox 627 4345 2211 4422; baseline -0.006 -14"><span class='ocrx_word' id='word_1_519' title='bbox 627 4354 772 4419; x_wconf 60' lang='lat' dir='ltr'><strong>stiet,</strong></span> <span class='ocrx_word' id='word_1_520' title='bbox 805 4361 860 4409; x_wconf 91' lang='lat' dir='ltr'><strong>et</strong></span> <span class='ocrx_word' id='word_1_521' title='bbox 891 4350 1046 4422; x_wconf 86' lang='lat' dir='ltr'><strong>quasi</strong></span> <span class='ocrx_word' id='word_1_522' title='bbox 1083 4357 1379 4418; x_wconf 86' lang='lat' dir='ltr'><strong>tempestas</strong></span> <span class='ocrx_word' id='word_1_523' title='bbox 1414 4362 1610 4402; x_wconf 90' lang='lat' dir='ltr'><strong>currus</strong></span> <span class='ocrx_word' id='word_1_524' title='bbox 1651 4345 1790 4414; x_wconf 90' lang='lat' dir='ltr'><strong>ejus,</strong></span> <span class='ocrx_word' id='word_1_525' title='bbox 1826 4354 1884 4400; x_wconf 91' lang='lat' dir='ltr'><strong>ut</strong></span> <span class='ocrx_word' id='word_1_526' title='bbox 1919 4346 2112 4400; x_wconf 88' lang='lat' dir='ltr'><strong>reddat</strong></span> <span class='ocrx_word' id='word_1_527' title='bbox 2158 4345 2211 4399; x_wconf 91' lang='lat' dir='ltr'><strong>in</strong></span> 
     </span>
    </p>
   </div>
   <div class='ocr_carea' id='block_1_76' title="bbox 628 4425 2211 4510">
    <p class='ocr_par' dir='ltr' id='par_1_76' title="bbox 628 4425 2211 4510">
     <span class='ocr_line' id='line_1_76' title="bbox 628 4425 2211 4510; baseline -0.008 -6"><span class='ocrx_word' id='word_1_528' title='bbox 628 4425 826 4504; x_wconf 62' lang='lat' dir='ltr'><strong>furore</strong></span> <span class='ocrx_word' id='word_1_529' title='bbox 855 4443 1136 4509; x_wconf 88' lang='lat' dir='ltr'><strong>ultionem,</strong></span> <span class='ocrx_word' id='word_1_530' title='bbox 1166 4451 1223 4497; x_wconf 91' lang='lat' dir='ltr'><strong>et</strong></span> <span class='ocrx_word' id='word_1_531' title='bbox 1248 4439 1676 4510; x_wconf 90' lang='lat' dir='ltr'><strong>increpationem</strong></span> <span class='ocrx_word' id='word_1_532' title='bbox 1707 4453 1860 4491; x_wconf 87' lang='lat' dir='ltr'><strong>suam</strong></span> <span class='ocrx_word' id='word_1_533' title='bbox 1906 4438 1961 4492; x_wconf 95' lang='lat' dir='ltr'><strong>in</strong></span> <span class='ocrx_word' id='word_1_534' title='bbox 1995 4435 2211 4492; x_wconf 83' lang='lat' dir='ltr'><strong>ﬂamma</strong></span> 
     </span>
    </p>
   </div>
   <div class='ocr_carea' id='block_1_77' title="bbox 2313 3243 3907 3321">
    <p class='ocr_par' dir='ltr' id='par_1_77' title="bbox 2313 3243 3907 3321">
     <span class='ocr_line' id='line_1_77' title="bbox 2313 3243 3907 3321; baseline -0.005 -18"><span class='ocrx_word' id='word_1_535' title='bbox 2313 3250 2555 3318; x_wconf 70' lang='grc' dir='ltr'>γονάτων</span> <span class='ocrx_word' id='word_1_536' title='bbox 2601 3248 3094 3321; x_wconf 81' lang='grc' dir='ltr'>παρακαλέσουσιν,</span> <span class='ocrx_word' id='word_1_537' title='bbox 3145 3246 3332 3316; x_wconf 79' lang='grc' dir='ltr'>ὥσπερ</span> <span class='ocrx_word' id='word_1_538' title='bbox 3379 3245 3431 3297; x_wconf 78' lang='grc' dir='ltr'><strong>εί</strong></span> <span class='ocrx_word' id='word_1_539' title='bbox 3471 3262 3554 3308; x_wconf 88' lang='grc' dir='ltr'><strong>τις</strong></span> <span class='ocrx_word' id='word_1_540' title='bbox 3595 3243 3792 3315; x_wconf 73' lang='grc' dir='ltr'>μήτηρ</span> <span class='ocrx_word' id='word_1_541' title='bbox 3832 3246 3907 3300; x_wconf 69' lang='grc' dir='ltr'>τὰ</span> 
     </span>
    </p>
   </div>
   <div class='ocr_carea' id='block_1_78' title="bbox 2313 3333 3906 3412">
    <p class='ocr_par' dir='ltr' id='par_1_78' title="bbox 2313 3333 3906 3412">
     <span class='ocr_line' id='line_1_78' title="bbox 2313 3333 3906 3412; baseline -0.005 -19"><span class='ocrx_word' id='word_1_542' title='bbox 2313 3341 2513 3410; x_wconf 78' lang='grc' dir='ltr'>ἑαυτῆς</span> <span class='ocrx_word' id='word_1_543' title='bbox 2557 3339 2912 3412; x_wconf 83' lang='grc' dir='ltr'>παρακαλέσῃ</span> <span class='ocrx_word' id='word_1_544' title='bbox 2962 3338 3148 3400; x_wconf 80' lang='grc' dir='ltr'>τέκνα,</span> <span class='ocrx_word' id='word_1_545' title='bbox 3201 3336 3357 3404; x_wconf 87' lang='grc' dir='ltr'>κάγὼ</span> <span class='ocrx_word' id='word_1_546' title='bbox 3390 3334 3550 3400; x_wconf 79' lang='grc' dir='ltr'>αὐτὸς</span> <span class='ocrx_word' id='word_1_547' title='bbox 3587 3336 3616 3388; x_wconf 82' lang='grc' dir='ltr'><strong>ὁ</strong></span> <span class='ocrx_word' id='word_1_548' title='bbox 3664 3333 3906 3405; x_wconf 82' lang='grc' dir='ltr'>Κύριος,</span> 
     </span>
    </p>
   </div>
   <div class='ocr_carea' id='block_1_79' title="bbox 2312 3425 3909 3504">
    <p class='ocr_par' dir='ltr' id='par_1_79' title="bbox 2312 3425 3909 3504">
     <span class='ocr_line' id='line_1_79' title="bbox 2312 3425 3909 3504; baseline -0.003 -17"><span class='ocrx_word' id='word_1_549' title='bbox 2312 3433 2407 3487; x_wconf 62' lang='lat' dir='ltr'><strong>ac:</strong></span> <span class='ocrx_word' id='word_1_550' title='bbox 2433 3433 2496 3504; x_wconf 84' lang='grc' dir='ltr'><strong>δὴ</strong></span> <span class='ocrx_word' id='word_1_551' title='bbox 2527 3433 2742 3486; x_wconf 88' lang='grc' dir='ltr'>πάντων</span> <span class='ocrx_word' id='word_1_552' title='bbox 2771 3431 2949 3485; x_wconf 83' lang='grc' dir='ltr'>αὐτῶν</span> <span class='ocrx_word' id='word_1_553' title='bbox 2978 3429 3236 3501; x_wconf 76' lang='grc' dir='ltr'>ὑπάρχων</span> <span class='ocrx_word' id='word_1_554' title='bbox 3265 3427 3477 3498; x_wconf 76' lang='grc' dir='ltr'>Πατὴρ,</span> <span class='ocrx_word' id='word_1_555' title='bbox 3528 3425 3909 3496; x_wconf 71' lang='grc' dir='ltr'>παρακαλέσει)</span> 
     </span>
    </p>
   </div>
   <div class='ocr_carea' id='block_1_80' title="bbox 2310 3523 3465 3595">
    <p class='ocr_par' dir='ltr' id='par_1_80' title="bbox 2310 3523 3465 3595">
     <span class='ocr_line' id='line_1_80' title="bbox 2310 3523 3465 3595; baseline -0.004 -16"><span class='ocrx_word' id='word_1_556' title='bbox 2310 3527 2435 3590; x_wconf 72' lang='grc' dir='ltr'>τοὺς</span> <span class='ocrx_word' id='word_1_557' title='bbox 2459 3525 2566 3578; x_wconf 79' lang='grc' dir='ltr'>τῶν</span> <span class='ocrx_word' id='word_1_558' title='bbox 2595 3525 2993 3595; x_wconf 84' lang='grc' dir='ltr'>ὑποδεεστέρων</span> <span class='ocrx_word' id='word_1_559' title='bbox 3023 3523 3465 3595; x_wconf 86' lang='grc' dir='ltr'>παρακλήτορας.</span> 
     </span>
    </p>
   </div>
   <div class='ocr_carea' id='block_1_81' title="bbox 2388 3615 3904 3688">
    <p class='ocr_par' dir='ltr' id='par_1_81' title="bbox 2388 3615 3904 3688">
     <span class='ocr_line' id='line_1_81' title="bbox 2388 3615 3904 3688; baseline -0.002 -18"><span class='ocrx_word' id='word_1_560' title='bbox 2388 3637 2406 3670; x_wconf 75' lang='grc' dir='ltr'><strong>ι</strong></span> <span class='ocrx_word' id='word_1_561' title='bbox 2440 3620 2548 3672; x_wconf 66' lang='grc' dir='ltr'>Καὶ</span> <span class='ocrx_word' id='word_1_562' title='bbox 2574 3617 2790 3688; x_wconf 67' lang='grc' dir='ltr'>ὄψεσθε,</span> <span class='ocrx_word' id='word_1_563' title='bbox 2830 3616 2930 3671; x_wconf 76' lang='grc' dir='ltr'><strong>καὶ</strong></span> <span class='ocrx_word' id='word_1_564' title='bbox 2960 3617 3261 3688; x_wconf 85' lang='grc' dir='ltr'>χαρήσεται</span> <span class='ocrx_word' id='word_1_565' title='bbox 3296 3618 3329 3685; x_wconf 88' lang='grc' dir='ltr'><strong>ή</strong></span> <span class='ocrx_word' id='word_1_566' title='bbox 3360 3617 3556 3688; x_wconf 77' lang='grc' dir='ltr'>καρδία</span> <span class='ocrx_word' id='word_1_567' title='bbox 3583 3617 3764 3688; x_wconf 81' lang='grc' dir='ltr'>ὑμῶν,</span> <span class='ocrx_word' id='word_1_568' title='bbox 3802 3615 3904 3668; x_wconf 73' lang='grc' dir='ltr'><strong>καὶ</strong></span> 
     </span>
    </p>
   </div>
   <div class='ocr_carea' id='block_1_82' title="bbox 2309 3706 3909 3780">
    <p class='ocr_par' dir='ltr' id='par_1_82' title="bbox 2309 3706 3909 3780">
     <span class='ocr_line' id='line_1_82' title="bbox 2309 3706 3909 3780; baseline -0.004 -16"><span class='ocrx_word' id='word_1_569' title='bbox 2309 3711 2444 3764; x_wconf 75' lang='grc' dir='ltr'>ὀστᾶ</span> <span class='ocrx_word' id='word_1_570' title='bbox 2490 3708 2641 3780; x_wconf 82' lang='grc' dir='ltr'>ὑμῶν</span> <span class='ocrx_word' id='word_1_571' title='bbox 2671 3708 2745 3771; x_wconf 84' lang='grc' dir='ltr'><strong>ὡς</strong></span> <span class='ocrx_word' id='word_1_572' title='bbox 2779 3707 2974 3778; x_wconf 86' lang='grc' dir='ltr'>βοτάνη</span> <span class='ocrx_word' id='word_1_573' title='bbox 3014 3707 3281 3761; x_wconf 83' lang='grc' dir='ltr'>ἀνατελεῖ.</span> <span class='ocrx_word' id='word_1_574' title='bbox 3333 3725 3351 3757; x_wconf 73' lang='grc' dir='ltr'>ι</span> <span class='ocrx_word' id='word_1_575' title='bbox 3402 3708 3510 3760; x_wconf 73' lang='grc' dir='ltr'>Καὶ</span> <span class='ocrx_word' id='word_1_576' title='bbox 3555 3707 3714 3761; x_wconf 81' lang='grc' dir='ltr'>τοῦτο</span> <span class='ocrx_word' id='word_1_577' title='bbox 3743 3706 3909 3768; x_wconf 77' lang='grc' dir='ltr'>τέλος</span> 
     </span>
    </p>
   </div>
   <div class='ocr_carea' id='block_1_83' title="bbox 2311 3797 3905 3868">
    <p class='ocr_par' dir='ltr' id='par_1_83' title="bbox 2311 3797 3905 3868">
     <span class='ocr_line' id='line_1_83' title="bbox 2311 3797 3905 3868; baseline -0.005 -12"><span class='ocrx_word' id='word_1_578' title='bbox 2311 3803 2463 3856; x_wconf 77' lang='grc' dir='ltr'>ἔσται</span> <span class='ocrx_word' id='word_1_579' title='bbox 2487 3801 2598 3855; x_wconf 82' lang='grc' dir='ltr'><strong>τῶν</strong></span> <span class='ocrx_word' id='word_1_580' title='bbox 2624 3799 2988 3868; x_wconf 73' lang='grc' dir='ltr'>ἐπαγγελιῶν,</span> <span class='ocrx_word' id='word_1_581' title='bbox 3019 3799 3101 3863; x_wconf 76' lang='grc' dir='ltr'><strong>τὸ,</strong></span> <span class='ocrx_word' id='word_1_582' title='bbox 3138 3797 3369 3868; x_wconf 78' lang='grc' dir='ltr'>Ὀψεσθε</span> <span class='ocrx_word' id='word_1_583' title='bbox 3392 3797 3483 3850; x_wconf 79' lang='grc' dir='ltr'>τὸν</span> <span class='ocrx_word' id='word_1_584' title='bbox 3511 3797 3663 3852; x_wconf 81' lang='grc' dir='ltr'>Θεόν.</span> <span class='ocrx_word' id='word_1_585' title='bbox 3693 3797 3791 3849; x_wconf 81' lang='grc' dir='ltr'>Διὸ</span> <span class='ocrx_word' id='word_1_586' title='bbox 3805 3797 3905 3849; x_wconf 77' lang='grc' dir='ltr'>καὶ</span> 
     </span>
    </p>
   </div>
   <div class='ocr_carea' id='block_1_84' title="bbox 2309 3888 3903 3966">
    <p class='ocr_par' dir='ltr' id='par_1_84' title="bbox 2309 3888 3903 3966">
     <span class='ocr_line' id='line_1_84' title="bbox 2309 3888 3903 3966; baseline -0.005 -17"><span class='ocrx_word' id='word_1_587' title='bbox 2309 3898 2338 3949; x_wconf 84' lang='grc' dir='ltr'>ὁ</span> <span class='ocrx_word' id='word_1_588' title='bbox 2363 3895 2552 3966; x_wconf 77' lang='grc' dir='ltr'>Σωτὴρ</span> <span class='ocrx_word' id='word_1_589' title='bbox 2566 3893 2789 3956; x_wconf 79' lang='grc' dir='ltr'>τούτους</span> <span class='ocrx_word' id='word_1_590' title='bbox 2804 3891 3106 3964; x_wconf 80' lang='grc' dir='ltr'>ἐμακάριζε</span> <span class='ocrx_word' id='word_1_591' title='bbox 3122 3891 3296 3959; x_wconf 85' lang='grc' dir='ltr'>λέγων</span> <span class='ocrx_word' id='word_1_592' title='bbox 3314 3908 3326 3921; x_wconf 74' lang='grc' dir='ltr'><strong>ο</strong></span> <span class='ocrx_word' id='word_1_593' title='bbox 3349 3909 3366 3941; x_wconf 73' lang='grc' dir='ltr'><strong>ι</strong></span> <span class='ocrx_word' id='word_1_594' title='bbox 3392 3890 3668 3962; x_wconf 87' lang='grc' dir='ltr'>Μακάριοι</span> <span class='ocrx_word' id='word_1_595' title='bbox 3683 3891 3736 3942; x_wconf 85' lang='grc' dir='ltr'>οί</span> <span class='ocrx_word' id='word_1_596' title='bbox 3761 3888 3903 3942; x_wconf 80' lang='grc' dir='ltr'>καθ-</span> 
     </span>
    </p>
   </div>
   <div class='ocr_carea' id='block_1_85' title="bbox 2309 3982 3903 4058">
    <p class='ocr_par' dir='ltr' id='par_1_85' title="bbox 2309 3982 3903 4058">
     <span class='ocr_line' id='line_1_85' title="bbox 2309 3982 3903 4058; baseline -0.003 -18"><span class='ocrx_word' id='word_1_597' title='bbox 2309 3988 2432 4058; x_wconf 75' lang='grc' dir='ltr'>αροὶ</span> <span class='ocrx_word' id='word_1_598' title='bbox 2465 3989 2530 4057; x_wconf 80' lang='grc' dir='ltr'>τῇ</span> <span class='ocrx_word' id='word_1_599' title='bbox 2557 3985 2774 4058; x_wconf 82' lang='grc' dir='ltr'>καρδίᾳ,</span> <span class='ocrx_word' id='word_1_600' title='bbox 2810 3986 2886 4039; x_wconf 83' lang='grc' dir='ltr'>ὅτι</span> <span class='ocrx_word' id='word_1_601' title='bbox 2920 3983 3070 4037; x_wconf 65' lang='grc' dir='ltr'>αὐτοὶ</span> <span class='ocrx_word' id='word_1_602' title='bbox 3096 3983 3186 4036; x_wconf 83' lang='grc' dir='ltr'><strong>τὸν</strong></span> <span class='ocrx_word' id='word_1_603' title='bbox 3216 3982 3348 4036; x_wconf 77' lang='grc' dir='ltr'>Θεὸν</span> <span class='ocrx_word' id='word_1_604' title='bbox 3377 3982 3758 4052; x_wconf 67' lang='grc' dir='ltr'>ὄψονται.»-‹</span> <span class='ocrx_word' id='word_1_605' title='bbox 3782 3984 3903 4036; x_wconf 74' lang='grc' dir='ltr'>Καὶ</span> 
     </span>
    </p>
   </div>
   <div class='ocr_carea' id='block_1_86' title="bbox 2309 4073 3894 4149">
    <p class='ocr_par' dir='ltr' id='par_1_86' title="bbox 2309 4073 3894 4149">
     <span class='ocr_line' id='line_1_86' title="bbox 2309 4073 3894 4149; baseline -0.003 -20"><span class='ocrx_word' id='word_1_606' title='bbox 2309 4076 2683 4148; x_wconf 87' lang='grc' dir='ltr'>γνωσθήσεται</span> <span class='ocrx_word' id='word_1_607' title='bbox 2709 4078 2743 4147; x_wconf 79' lang='grc' dir='ltr'>ἡ</span> <span class='ocrx_word' id='word_1_608' title='bbox 2777 4075 2895 4149; x_wconf 76' lang='grc' dir='ltr'>χεὶρ</span> <span class='ocrx_word' id='word_1_609' title='bbox 2923 4075 3124 4146; x_wconf 84' lang='grc' dir='ltr'>Κυρίου</span> <span class='ocrx_word' id='word_1_610' title='bbox 3156 4077 3269 4137; x_wconf 85' lang='grc' dir='ltr'>τοῖς</span> <span class='ocrx_word' id='word_1_611' title='bbox 3303 4073 3655 4145; x_wconf 72' lang='grc' dir='ltr'>φοϐουμένοις</span> <span class='ocrx_word' id='word_1_612' title='bbox 3695 4073 3894 4137; x_wconf 79' lang='grc' dir='ltr'>αὑτὸν,</span> 
     </span>
    </p>
   </div>
   <div class='ocr_carea' id='block_1_87' title="bbox 2310 4165 3296 4240">
    <p class='ocr_par' dir='ltr' id='par_1_87' title="bbox 2310 4165 3296 4240">
     <span class='ocr_line' id='line_1_87' title="bbox 2310 4165 3296 4240; baseline -0.006 -16"><span class='ocrx_word' id='word_1_613' title='bbox 2310 4171 2406 4224; x_wconf 74' lang='grc' dir='ltr'><strong>καὶ</strong></span> <span class='ocrx_word' id='word_1_614' title='bbox 2432 4169 2717 4240; x_wconf 87' lang='grc' dir='ltr'>ἀπειλήσει</span> <span class='ocrx_word' id='word_1_615' title='bbox 2757 4172 2870 4233; x_wconf 87' lang='grc' dir='ltr'>τοῖς</span> <span class='ocrx_word' id='word_1_616' title='bbox 2901 4165 3239 4222; x_wconf 80' lang='grc' dir='ltr'>ἀπειθοῦσιν.</span> <span class='ocrx_word' id='word_1_617' title='bbox 3277 4185 3296 4218; x_wconf 74' lang='grc' dir='ltr'>ι</span> 
     </span>
    </p>
   </div>
   <div class='ocr_carea' id='block_1_88' title="bbox 2387 4256 3901 4334">
    <p class='ocr_par' dir='ltr' id='par_1_88' title="bbox 2387 4256 3901 4334">
     <span class='ocr_line' id='line_1_88' title="bbox 2387 4256 3901 4334; baseline -0.003 -21"><span class='ocrx_word' id='word_1_618' title='bbox 2387 4280 2406 4313; x_wconf 75' lang='grc' dir='ltr'><strong>ι</strong></span> <span class='ocrx_word' id='word_1_619' title='bbox 2445 4261 2574 4315; x_wconf 79' lang='grc' dir='ltr'>Ἰδοὺ</span> <span class='ocrx_word' id='word_1_620' title='bbox 2611 4261 2718 4334; x_wconf 85' lang='grc' dir='ltr'>γὰρ</span> <span class='ocrx_word' id='word_1_621' title='bbox 2743 4259 2947 4334; x_wconf 85' lang='grc' dir='ltr'>Κύριος</span> <span class='ocrx_word' id='word_1_622' title='bbox 2977 4259 3053 4323; x_wconf 83' lang='grc' dir='ltr'><strong>ὡς</strong></span> <span class='ocrx_word' id='word_1_623' title='bbox 3081 4258 3191 4328; x_wconf 80' lang='grc' dir='ltr'>πῦρ</span> <span class='ocrx_word' id='word_1_624' title='bbox 3229 4257 3369 4330; x_wconf 82' lang='grc' dir='ltr'>ἥξει,</span> <span class='ocrx_word' id='word_1_625' title='bbox 3408 4257 3503 4312; x_wconf 70' lang='grc' dir='ltr'><strong>καὶ</strong></span> <span class='ocrx_word' id='word_1_626' title='bbox 3530 4256 3606 4322; x_wconf 81' lang='grc' dir='ltr'>ὡς</span> <span class='ocrx_word' id='word_1_627' title='bbox 3635 4257 3901 4325; x_wconf 74' lang='grc' dir='ltr'>καταιγὶς</span> 
     </span>
    </p>
   </div>
   <div class='ocr_carea' id='block_1_89' title="bbox 2309 4348 3896 4426">
    <p class='ocr_par' dir='ltr' id='par_1_89' title="bbox 2309 4348 3896 4426">
     <span class='ocr_line' id='line_1_89' title="bbox 2309 4348 3896 4426; baseline -0.005 -18"><span class='ocrx_word' id='word_1_628' title='bbox 2309 4353 2380 4408; x_wconf 82' lang='grc' dir='ltr'><strong>τὰ</strong></span> <span class='ocrx_word' id='word_1_629' title='bbox 2441 4353 2664 4426; x_wconf 75' lang='grc' dir='ltr'>ἅρματα</span> <span class='ocrx_word' id='word_1_630' title='bbox 2712 4351 2914 4415; x_wconf 78' lang='grc' dir='ltr'>αὐτοῦ,</span> <span class='ocrx_word' id='word_1_631' title='bbox 2963 4351 3252 4405; x_wconf 80' lang='grc' dir='ltr'>ἀποδοῦναι</span> <span class='ocrx_word' id='word_1_632' title='bbox 3298 4350 3356 4402; x_wconf 81' lang='grc' dir='ltr'><strong>ὲν</strong></span> <span class='ocrx_word' id='word_1_633' title='bbox 3409 4349 3563 4420; x_wconf 84' lang='grc' dir='ltr'>θυμῷ</span> <span class='ocrx_word' id='word_1_634' title='bbox 3607 4348 3896 4418; x_wconf 66' lang='grc' dir='ltr'>ἐκδίκησιν.</span> 
     </span>
    </p>
   </div>
   <div class='ocr_carea' id='block_1_90' title="bbox 2313 4439 3895 4512">
    <p class='ocr_par' dir='ltr' id='par_1_90' title="bbox 2313 4439 3895 4512">
     <span class='ocr_line' id='line_1_90' title="bbox 2313 4439 3895 4512; baseline -0.004 -14"><span class='ocrx_word' id='word_1_635' title='bbox 2313 4443 2499 4509; x_wconf 83' lang='grc' dir='ltr'>αὐτοῦ,</span> <span class='ocrx_word' id='word_1_636' title='bbox 2536 4444 2630 4497; x_wconf 71' lang='grc' dir='ltr'><strong>καὶ</strong></span> <span class='ocrx_word' id='word_1_637' title='bbox 2661 4441 3140 4512; x_wconf 78' lang='grc' dir='ltr'>άποσκορακισμδν</span> <span class='ocrx_word' id='word_1_638' title='bbox 3169 4439 3333 4494; x_wconf 79' lang='grc' dir='ltr'>αὐτοῦ</span> <span class='ocrx_word' id='word_1_639' title='bbox 3365 4442 3420 4493; x_wconf 88' lang='grc' dir='ltr'>ἐν</span> <span class='ocrx_word' id='word_1_640' title='bbox 3454 4439 3612 4508; x_wconf 75' lang='grc' dir='ltr'>φλογὶ</span> <span class='ocrx_word' id='word_1_641' title='bbox 3647 4440 3846 4509; x_wconf 79' lang='grc' dir='ltr'>πυρός.</span> <span class='ocrx_word' id='word_1_642' title='bbox 3873 4460 3895 4492; x_wconf 75' lang='grc' dir='ltr'><strong>ι</strong></span> 
     </span>
    </p>
   </div>
   <div class='ocr_carea' id='block_1_91' title="bbox 638 4530 2211 4611">
    <p class='ocr_par' dir='ltr' id='par_1_91' title="bbox 638 4532 2204 4611">
     <span class='ocr_line' id='line_1_91' title="bbox 638 4532 2204 4611; baseline -0.003 -17"><span class='ocrx_word' id='word_1_643' title='bbox 638 4541 802 4611; x_wconf 89' lang='lat' dir='ltr'><strong>ignis.</strong></span> <span class='ocrx_word' id='word_1_644' title='bbox 844 4558 863 4592; x_wconf 75' lang='grc' dir='ltr'><strong>ι</strong></span> <span class='ocrx_word' id='word_1_645' title='bbox 900 4537 1018 4594; x_wconf 82' lang='lat' dir='ltr'><strong>Jam</strong></span> <span class='ocrx_word' id='word_1_646' title='bbox 1061 4535 1374 4591; x_wconf 83' lang='lat' dir='ltr'><strong>memoratis</strong></span> <span class='ocrx_word' id='word_1_647' title='bbox 1427 4532 1737 4588; x_wconf 88' lang='lat' dir='ltr'><strong>hominibus</strong></span> <span class='ocrx_word' id='word_1_648' title='bbox 1783 4548 1902 4602; x_wconf 60' lang='lat' dir='ltr'><strong>quae</strong></span> <span class='ocrx_word' id='word_1_649' title='bbox 1957 4536 2204 4603; x_wconf 91' lang='lat' dir='ltr'><strong>superius</strong></span> 
     </span>
    </p>
   </div>
   <div class='ocr_carea' id='block_1_92' title="bbox 2312 4530 3890 4611">
    <p class='ocr_par' dir='ltr' id='par_1_92' title="bbox 2312 4530 3890 4607">
     <span class='ocr_line' id='line_1_92' title="bbox 2312 4530 3890 4607; baseline -0.004 -16"><span class='ocrx_word' id='word_1_650' title='bbox 2312 4539 2434 4602; x_wconf 86' lang='grc' dir='ltr'><strong>Τοῖς</strong></span> <span class='ocrx_word' id='word_1_651' title='bbox 2468 4535 2566 4607; x_wconf 84' lang='grc' dir='ltr'><strong>μέν</strong></span> <span class='ocrx_word' id='word_1_652' title='bbox 2601 4534 2914 4605; x_wconf 82' lang='grc' dir='ltr'>δηλωθεῖσιν</span> <span class='ocrx_word' id='word_1_653' title='bbox 2948 4533 3340 4602; x_wconf 80' lang='grc' dir='ltr'>ἐπαγγέλλεται</span> <span class='ocrx_word' id='word_1_654' title='bbox 3369 4531 3435 4584; x_wconf 88' lang='grc' dir='ltr'><strong>τά</strong></span> <span class='ocrx_word' id='word_1_655' title='bbox 3455 4530 3890 4603; x_wconf 65' lang='grc' dir='ltr'>προλελεγμένα</span> 
     </span>
    </p>
   </div>
   <div class='ocr_carea' id='block_1_93' title="bbox 637 4627 2208 4702">
    <p class='ocr_par' dir='ltr' id='par_1_93' title="bbox 637 4627 2208 4702">
     <span class='ocr_line' id='line_1_93' title="bbox 637 4627 2208 4702; baseline -0.005 -13"><span class='ocrx_word' id='word_1_656' title='bbox 637 4636 781 4688; x_wconf 89' lang='lat' dir='ltr'><strong>dicta</strong></span> <span class='ocrx_word' id='word_1_657' title='bbox 812 4642 940 4688; x_wconf 91' lang='lat' dir='ltr'><strong>sunt</strong></span> <span class='ocrx_word' id='word_1_658' title='bbox 966 4629 1294 4702; x_wconf 85' lang='lat' dir='ltr'><strong>pollicetur;</strong></span> <span class='ocrx_word' id='word_1_659' title='bbox 1331 4627 1397 4683; x_wconf 90' lang='lat' dir='ltr'><strong>iis</strong></span> <span class='ocrx_word' id='word_1_660' title='bbox 1425 4641 1575 4692; x_wconf 87' lang='lat' dir='ltr'><strong>vero,</strong></span> <span class='ocrx_word' id='word_1_661' title='bbox 1611 4627 1701 4697; x_wconf 91' lang='lat' dir='ltr'><strong>qui</strong></span> <span class='ocrx_word' id='word_1_662' title='bbox 1744 4627 2076 4681; x_wconf 85' lang='lat' dir='ltr'><strong>contrariam</strong></span> <span class='ocrx_word' id='word_1_663' title='bbox 2125 4629 2208 4682; x_wconf 90' lang='lat' dir='ltr'><strong>in-</strong></span> 
     </span>
    </p>
   </div>
   <div class='ocr_carea' id='block_1_94' title="bbox 639 4721 2263 4804">
    <p class='ocr_par' dir='ltr' id='par_1_94' title="bbox 639 4721 2263 4804">
     <span class='ocr_line' id='line_1_94' title="bbox 639 4721 2263 4804; baseline -0.005 -22"><span class='ocrx_word' id='word_1_664' title='bbox 639 4729 752 4784; x_wconf 83' lang='lat' dir='ltr'><strong>iere</strong></span> <span class='ocrx_word' id='word_1_665' title='bbox 782 4726 958 4789; x_wconf 88' lang='lat' dir='ltr'><strong>viam,</strong></span> <span class='ocrx_word' id='word_1_666' title='bbox 995 4723 1392 4779; x_wconf 89' lang='lat' dir='ltr'><strong>comminatur:</strong></span> <span class='ocrx_word' id='word_1_667' title='bbox 1438 4736 1504 4775; x_wconf 84' lang='lat' dir='ltr'><strong>ac</strong></span> <span class='ocrx_word' id='word_1_668' title='bbox 1552 4729 1947 4789; x_wconf 87' lang='lat' dir='ltr'><strong>consequenter</strong></span> <span class='ocrx_word' id='word_1_669' title='bbox 1980 4721 2263 4804; x_wconf 64' lang='lat' dir='ltr'><strong>commi-.</strong></span> 
     </span>
    </p>
   </div>
   <div class='ocr_carea' id='block_1_95' title="bbox 639 4811 2208 4882">
    <p class='ocr_par' dir='ltr' id='par_1_95' title="bbox 639 4811 2208 4882">
     <span class='ocr_line' id='line_1_95' title="bbox 639 4811 2208 4882; baseline -0.005 -9"><span class='ocrx_word' id='word_1_670' title='bbox 639 4817 878 4873; x_wconf 88' lang='lat' dir='ltr'><strong>nationis</strong></span> <span class='ocrx_word' id='word_1_671' title='bbox 904 4816 1170 4870; x_wconf 90' lang='lat' dir='ltr'><strong>rationem</strong></span> <span class='ocrx_word' id='word_1_672' title='bbox 1200 4815 1420 4877; x_wconf 89' lang='lat' dir='ltr'><strong>edocet,</strong></span> <span class='ocrx_word' id='word_1_673' title='bbox 1471 4816 1772 4867; x_wconf 89' lang='lat' dir='ltr'><strong>secundum</strong></span> <span class='ocrx_word' id='word_1_674' title='bbox 1809 4819 1865 4866; x_wconf 92' lang='lat' dir='ltr'><strong>et</strong></span> <span class='ocrx_word' id='word_1_675' title='bbox 1915 4811 2208 4882; x_wconf 88' lang='lat' dir='ltr'><strong>gloriosum</strong></span> 
     </span>
    </p>
   </div>
   <div class='ocr_carea' id='block_1_96' title="bbox 631 4903 2207 4973">
    <p class='ocr_par' dir='ltr' id='par_1_96' title="bbox 631 4903 2207 4973">
     <span class='ocr_line' id='line_1_96' title="bbox 631 4903 2207 4973; baseline -0.006 -7"><span class='ocrx_word' id='word_1_676' title='bbox 631 4907 948 4966; x_wconf 74' lang='lat' dir='ltr'><strong>‘Servatoris</strong></span> <span class='ocrx_word' id='word_1_677' title='bbox 970 4907 1260 4962; x_wconf 89' lang='lat' dir='ltr'><strong>adventum</strong></span> <span class='ocrx_word' id='word_1_678' title='bbox 1292 4904 1603 4969; x_wconf 86' lang='lat' dir='ltr'><strong>declarans,</strong></span> <span class='ocrx_word' id='word_1_679' title='bbox 1635 4903 1852 4973; x_wconf 91' lang='lat' dir='ltr'><strong>quando</strong></span> <span class='ocrx_word' id='word_1_680' title='bbox 1882 4904 2061 4958; x_wconf 87' lang='lat' dir='ltr'><strong>veniet</strong></span> <span class='ocrx_word' id='word_1_681' title='bbox 2085 4919 2207 4957; x_wconf 92' lang='lat' dir='ltr'><strong>cum</strong></span> 
     </span>
    </p>
   </div>
   <div class='ocr_carea' id='block_1_97' title="bbox 639 4995 2210 5071">
    <p class='ocr_par' dir='ltr' id='par_1_97' title="bbox 639 4995 2210 5071">
     <span class='ocr_line' id='line_1_97' title="bbox 639 4995 2210 5071; baseline -0.004 -15"><span class='ocrx_word' id='word_1_682' title='bbox 639 5002 813 5071; x_wconf 62' lang='lat' dir='ltr'><strong>gloria</strong></span> <span class='ocrx_word' id='word_1_683' title='bbox 843 4999 1042 5066; x_wconf 85' lang='lat' dir='ltr'><strong>Patris,</strong></span> <span class='ocrx_word' id='word_1_684' title='bbox 1070 5009 1126 5053; x_wconf 88' lang='lat' dir='ltr'><strong>et</strong></span> <span class='ocrx_word' id='word_1_685' title='bbox 1173 5013 1296 5053; x_wconf 89' lang='lat' dir='ltr'><strong>cum</strong></span> <span class='ocrx_word' id='word_1_686' title='bbox 1342 4996 1548 5068; x_wconf 83' lang='lat' dir='ltr'><strong>angelis</strong></span> <span class='ocrx_word' id='word_1_687' title='bbox 1581 4997 1714 5063; x_wconf 92' lang='lat' dir='ltr'><strong>suis,</strong></span> <span class='ocrx_word' id='word_1_688' title='bbox 1761 4995 2016 5064; x_wconf 83' lang='lat' dir='ltr'><strong>judicare</strong></span> <span class='ocrx_word' id='word_1_689' title='bbox 2061 4996 2210 5049; x_wconf 89' lang='lat' dir='ltr'><strong>vivos</strong></span> 
     </span>
    </p>
   </div>
   <div class='ocr_carea' id='block_1_98' title="bbox 637 5099 2195 5148">
    <p class='ocr_par' dir='ltr' id='par_1_98' title="bbox 637 5099 2195 5148">
     <span class='ocr_line' id='line_1_98' title="bbox 637 5099 2195 5148; baseline -0.006 0"><span class='ocrx_word' id='word_1_690' title='bbox 637 5104 697 5148; x_wconf 82' lang='lat' dir='ltr'><strong>et</strong></span> <span class='ocrx_word' id='word_1_691' title='bbox 728 5100 991 5145; x_wconf 85' lang='lat' dir='ltr'><strong>mortuos.</strong></span> <span class='ocrx_word' id='word_1_692' title='bbox 2193 5099 2195 5102; x_wconf 78' lang='lat'><em>‘</em></span> 
     </span>
    </p>
   </div>
   <div class='ocr_carea' id='block_1_99' title="bbox 716 5178 2216 5252">
    <p class='ocr_par' dir='ltr' id='par_1_99' title="bbox 716 5178 2216 5252">
     <span class='ocr_line' id='line_1_99' title="bbox 716 5178 2216 5252; baseline -0.001 -16"><span class='ocrx_word' id='word_1_693' title='bbox 716 5181 882 5236; x_wconf 75' lang='lat' dir='ltr'><strong>Vens.</strong></span> <span class='ocrx_word' id='word_1_694' title='bbox 927 5182 1014 5236; x_wconf 73' lang='lat'><strong>16.</strong></span> <span class='ocrx_word' id='word_1_695' title='bbox 1065 5199 1084 5232; x_wconf 76' lang='grc' dir='ltr'><strong>ι</strong></span> <span class='ocrx_word' id='word_1_696' title='bbox 1131 5178 1187 5235; x_wconf 87' lang='lat' dir='ltr'><strong>In</strong></span> <span class='ocrx_word' id='word_1_697' title='bbox 1232 5180 1355 5252; x_wconf 84' lang='lat' dir='ltr'><strong>igne</strong></span> <span class='ocrx_word' id='word_1_698' title='bbox 1391 5181 1537 5235; x_wconf 89' lang='lat' dir='ltr'><strong>enim</strong></span> <span class='ocrx_word' id='word_1_699' title='bbox 1606 5179 1820 5236; x_wconf 86' lang='lat' dir='ltr'><strong>Domini</strong></span> <span class='ocrx_word' id='word_1_700' title='bbox 1880 5179 2216 5252; x_wconf 72' lang='lat' dir='ltr'><strong>iudicabitur</strong></span> 
     </span>
    </p>
   </div>
   <div class='ocr_carea' id='block_1_100' title="bbox 634 5269 2213 5342">
    <p class='ocr_par' dir='ltr' id='par_1_100' title="bbox 634 5269 2213 5342">
     <span class='ocr_line' id='line_1_100' title="bbox 634 5269 2213 5342; baseline -0.004 -13"><span class='ocrx_word' id='word_1_701' title='bbox 634 5275 822 5329; x_wconf 77' lang='lat' dir='ltr'><strong>omnis</strong></span> <span class='ocrx_word' id='word_1_702' title='bbox 855 5284 1028 5339; x_wconf 84' lang='lat' dir='ltr'><strong>terra,</strong></span> <span class='ocrx_word' id='word_1_703' title='bbox 1063 5282 1118 5328; x_wconf 91' lang='lat' dir='ltr'><strong>et</strong></span> <span class='ocrx_word' id='word_1_704' title='bbox 1158 5273 1210 5327; x_wconf 90' lang='lat' dir='ltr'><strong>in</strong></span> <span class='ocrx_word' id='word_1_705' title='bbox 1247 5273 1425 5342; x_wconf 81' lang='lat' dir='ltr'><strong>gladio</strong></span> <span class='ocrx_word' id='word_1_706' title='bbox 1469 5270 1586 5341; x_wconf 84' lang='lat' dir='ltr'><strong>ejus</strong></span> <span class='ocrx_word' id='word_1_707' title='bbox 1627 5273 1805 5327; x_wconf 88' lang='lat' dir='ltr'><strong>omnis</strong></span> <span class='ocrx_word' id='word_1_708' title='bbox 1840 5285 2021 5326; x_wconf 88' lang='lat' dir='ltr'><strong>caro:</strong></span> <span class='ocrx_word' id='word_1_709' title='bbox 2063 5269 2213 5323; x_wconf 87' lang='lat' dir='ltr'><strong>multi</strong></span> 
     </span>
    </p>
   </div>
   <div class='ocr_carea' id='block_1_101' title="bbox 636 5359 2215 5432">
    <p class='ocr_par' dir='ltr' id='par_1_101' title="bbox 636 5359 2215 5432">
     <span class='ocr_line' id='line_1_101' title="bbox 636 5359 2215 5432; baseline -0.006 -9"><span class='ocrx_word' id='word_1_710' title='bbox 636 5367 915 5423; x_wconf 71' lang='lat' dir='ltr'><strong>vulnerati</strong></span> <span class='ocrx_word' id='word_1_711' title='bbox 939 5376 1100 5422; x_wconf 89' lang='lat' dir='ltr'><strong>erunt</strong></span> <span class='ocrx_word' id='word_1_712' title='bbox 1128 5381 1158 5420; x_wconf 87' lang='lat' dir='ltr'><strong>a</strong></span> <span class='ocrx_word' id='word_1_713' title='bbox 1187 5365 1434 5421; x_wconf 89' lang='lat' dir='ltr'><strong>Domino.</strong></span> <span class='ocrx_word' id='word_1_714' title='bbox 1475 5384 1494 5418; x_wconf 85' lang='grc'>›</span> <span class='ocrx_word' id='word_1_715' title='bbox 1536 5364 1800 5420; x_wconf 86' lang='lat' dir='ltr'><strong>Furorem</strong></span> <span class='ocrx_word' id='word_1_716' title='bbox 1830 5363 1948 5432; x_wconf 90' lang='lat' dir='ltr'><strong>ejus</strong></span> <span class='ocrx_word' id='word_1_717' title='bbox 1981 5374 2104 5415; x_wconf 88' lang='lat' dir='ltr'><strong>esse</strong></span> <span class='ocrx_word' id='word_1_718' title='bbox 2134 5359 2215 5414; x_wconf 88' lang='lat' dir='ltr'><strong>ul-</strong></span> 
     </span>
    </p>
   </div>
   <div class='ocr_carea' id='block_1_102' title="bbox 634 5453 2208 5531">
    <p class='ocr_par' dir='ltr' id='par_1_102' title="bbox 634 5453 2208 5531">
     <span class='ocr_line' id='line_1_102' title="bbox 634 5453 2208 5531; baseline -0.007 -15"><span class='ocrx_word' id='word_1_719' title='bbox 634 5462 813 5518; x_wconf 75' lang='lat' dir='ltr'><strong>trices</strong></span> <span class='ocrx_word' id='word_1_720' title='bbox 843 5467 1140 5530; x_wconf 88' lang='lat' dir='ltr'><strong>potestates</strong></span> <span class='ocrx_word' id='word_1_721' title='bbox 1174 5458 1402 5528; x_wconf 86' lang='lat' dir='ltr'><strong>intelligi</strong></span> <span class='ocrx_word' id='word_1_722' title='bbox 1450 5456 1638 5523; x_wconf 89' lang='lat' dir='ltr'><strong>solet;</strong></span> <span class='ocrx_word' id='word_1_723' title='bbox 1687 5464 1742 5510; x_wconf 86' lang='lat' dir='ltr'><strong>et</strong></span> <span class='ocrx_word' id='word_1_724' title='bbox 1785 5453 2208 5531; x_wconf 57' lang='lat' dir='ltr'><strong>increpationem</strong></span> 
     </span>
    </p>
   </div>
   <div class='ocr_carea' id='block_1_103' title="bbox 635 5542 2211 5624">
    <p class='ocr_par' dir='ltr' id='par_1_103' title="bbox 635 5542 2211 5624">
     <span class='ocr_line' id='line_1_103' title="bbox 635 5542 2211 5624; baseline -0.008 -14"><span class='ocrx_word' id='word_1_725' title='bbox 635 5568 801 5612; x_wconf 69' lang='lat' dir='ltr'><strong>suam</strong></span> <span class='ocrx_word' id='word_1_726' title='bbox 838 5554 892 5606; x_wconf 91' lang='lat' dir='ltr'><strong>in</strong></span> <span class='ocrx_word' id='word_1_727' title='bbox 917 5551 1138 5624; x_wconf 79' lang='lat' dir='ltr'><strong>ﬂamma</strong></span> <span class='ocrx_word' id='word_1_728' title='bbox 1169 5550 1308 5619; x_wconf 89' lang='lat' dir='ltr'><strong>ignis</strong></span> <span class='ocrx_word' id='word_1_729' title='bbox 1344 5559 1533 5604; x_wconf 86' lang='lat' dir='ltr'><strong>contra</strong></span> <span class='ocrx_word' id='word_1_730' title='bbox 1576 5547 1794 5603; x_wconf 89' lang='lat' dir='ltr'><strong>eosdem</strong></span> <span class='ocrx_word' id='word_1_731' title='bbox 1847 5546 2045 5601; x_wconf 90' lang='lat' dir='ltr'><strong>mittet.</strong></span> <span class='ocrx_word' id='word_1_732' title='bbox 2085 5542 2211 5598; x_wconf 86' lang='lat' dir='ltr'><strong>Gla-</strong></span> 
     </span>
    </p>
   </div>
   <div class='ocr_carea' id='block_1_104' title="bbox 643 5638 2208 5718">
    <p class='ocr_par' dir='ltr' id='par_1_104' title="bbox 643 5638 2208 5718">
     <span class='ocr_line' id='line_1_104' title="bbox 643 5638 2208 5718; baseline -0.011 -11"><span class='ocrx_word' id='word_1_733' title='bbox 643 5652 794 5707; x_wconf 78' lang='lat' dir='ltr'><strong>dium</strong></span> <span class='ocrx_word' id='word_1_734' title='bbox 816 5663 948 5704; x_wconf 86' lang='lat' dir='ltr'><strong>vero</strong></span> <span class='ocrx_word' id='word_1_735' title='bbox 977 5660 1240 5718; x_wconf 89' lang='lat' dir='ltr'><strong>corporeo</strong></span> <span class='ocrx_word' id='word_1_736' title='bbox 1287 5660 1438 5700; x_wconf 87' lang='lat' dir='ltr'><strong>more</strong></span> <span class='ocrx_word' id='word_1_737' title='bbox 1486 5643 1751 5710; x_wconf 86' lang='lat' dir='ltr'><strong>nominat,</strong></span> <span class='ocrx_word' id='word_1_738' title='bbox 1797 5653 1853 5698; x_wconf 86' lang='lat' dir='ltr'><strong>et</strong></span> <span class='ocrx_word' id='word_1_739' title='bbox 1896 5638 2208 5696; x_wconf 88' lang='lat' dir='ltr'><strong>vulneratos</strong></span> 
     </span>
    </p>
   </div>
   <div class='ocr_carea' id='block_1_105' title="bbox 719 5817 1616 5898">
    <p class='ocr_par' dir='ltr' id='par_1_105' title="bbox 719 5817 1616 5898">
     <span class='ocr_line' id='line_1_105' title="bbox 719 5817 1616 5898; baseline -0.014 -15"><span class='ocrx_word' id='word_1_740' title='bbox 719 5827 766 5858; x_wconf 77' lang='lat'><strong><em>”</em></strong></span> <span class='ocrx_word' id='word_1_741' title='bbox 807 5824 964 5881; x_wconf 86' lang='lat' dir='ltr'><strong>Cant.</strong></span> <span class='ocrx_word' id='word_1_742' title='bbox 998 5840 1032 5888; x_wconf 86' lang='lat' dir='ltr'><strong>t,</strong></span> <span class='ocrx_word' id='word_1_743' title='bbox 1068 5823 1116 5876; x_wconf 92' lang='grc'><strong>1.</strong></span> <span class='ocrx_word' id='word_1_744' title='bbox 1161 5821 1234 5898; x_wconf 3' lang='lat' dir='ltr'><strong>Ag”</strong></span> <span class='ocrx_word' id='word_1_745' title='bbox 1259 5819 1443 5876; x_wconf 81' lang='lat' dir='ltr'><strong>Matth.</strong></span> <span class='ocrx_word' id='word_1_746' title='bbox 1478 5834 1528 5886; x_wconf 89' lang='lat' dir='ltr'><strong>v,</strong></span> <span class='ocrx_word' id='word_1_747' title='bbox 1563 5817 1616 5871; x_wconf 91' lang='lat'><strong>8.</strong></span> 
     </span>
    </p>
   </div>
   <div class='ocr_carea' id='block_1_106' title="bbox 2314 4623 3898 4698">
    <p class='ocr_par' dir='ltr' id='par_1_106' title="bbox 2314 4623 3898 4698">
     <span class='ocr_line' id='line_1_106' title="bbox 2314 4623 3898 4698; baseline -0.006 -12"><span class='ocrx_word' id='word_1_748' title='bbox 2314 4632 2427 4693; x_wconf 74' lang='grc' dir='ltr'>τοῖς</span> <span class='ocrx_word' id='word_1_749' title='bbox 2454 4629 2510 4682; x_wconf 83' lang='grc' dir='ltr'>δὲ</span> <span class='ocrx_word' id='word_1_750' title='bbox 2545 4628 2643 4698; x_wconf 79' lang='grc' dir='ltr'><strong>τὴν</strong></span> <span class='ocrx_word' id='word_1_751' title='bbox 2677 4625 2922 4680; x_wconf 83' lang='grc' dir='ltr'>ἐναντίαν</span> <span class='ocrx_word' id='word_1_752' title='bbox 2962 4624 3387 4697; x_wconf 85' lang='grc' dir='ltr'>πεπορευμένοις</span> <span class='ocrx_word' id='word_1_753' title='bbox 3421 4624 3538 4677; x_wconf 80' lang='grc' dir='ltr'>ὁδὸν</span> <span class='ocrx_word' id='word_1_754' title='bbox 3591 4623 3898 4694; x_wconf 51' lang='lat' dir='ltr'><strong>ﬁrmanda-,9</strong></span> 
     </span>
    </p>
   </div>
   <div class='ocr_carea' id='block_1_107' title="bbox 2313 4714 3899 4791">
    <p class='ocr_par' dir='ltr' id='par_1_107' title="bbox 2313 4714 3899 4791">
     <span class='ocr_line' id='line_1_107' title="bbox 2313 4714 3899 4791; baseline -0.007 -13"><span class='ocrx_word' id='word_1_755' title='bbox 2313 4719 2574 4791; x_wconf 76' lang='grc' dir='ltr'>ἀπειλήν·</span> <span class='ocrx_word' id='word_1_756' title='bbox 2625 4719 2719 4771; x_wconf 77' lang='grc' dir='ltr'><strong>καὶ</strong></span> <span class='ocrx_word' id='word_1_757' title='bbox 2769 4716 3072 4780; x_wconf 80' lang='grc' dir='ltr'>ἀκολούθως</span> <span class='ocrx_word' id='word_1_758' title='bbox 3114 4716 3350 4770; x_wconf 87' lang='grc' dir='ltr'>διδάσκει</span> <span class='ocrx_word' id='word_1_759' title='bbox 3381 4714 3472 4767; x_wconf 80' lang='grc' dir='ltr'><strong>τὸν</strong></span> <span class='ocrx_word' id='word_1_760' title='bbox 3512 4716 3608 4786; x_wconf 86' lang='grc' dir='ltr'><strong>τῆς</strong></span> <span class='ocrx_word' id='word_1_761' title='bbox 3659 4716 3899 4786; x_wconf 79' lang='grc' dir='ltr'>ἀπειλῆς</span> 
     </span>
    </p>
   </div>
   <div class='ocr_carea' id='block_1_108' title="bbox 2314 4803 3898 4884">
    <p class='ocr_par' dir='ltr' id='par_1_108' title="bbox 2314 4803 3898 4884">
     <span class='ocr_line' id='line_1_108' title="bbox 2314 4803 3898 4884; baseline -0.003 -20"><span class='ocrx_word' id='word_1_762' title='bbox 2314 4811 2534 4884; x_wconf 86' lang='grc' dir='ltr'>τρόπον,</span> <span class='ocrx_word' id='word_1_763' title='bbox 2606 4809 2873 4880; x_wconf 85' lang='grc' dir='ltr'>παριστὰς</span> <span class='ocrx_word' id='word_1_764' title='bbox 2932 4809 3031 4882; x_wconf 78' lang='grc' dir='ltr'>τὴν</span> <span class='ocrx_word' id='word_1_765' title='bbox 3082 4807 3335 4877; x_wconf 86' lang='grc' dir='ltr'>δευτέραν</span> <span class='ocrx_word' id='word_1_766' title='bbox 3397 4806 3491 4858; x_wconf 76' lang='grc' dir='ltr'><strong>καὶ</strong></span> <span class='ocrx_word' id='word_1_767' title='bbox 3539 4803 3748 4868; x_wconf 77' lang='grc' dir='ltr'>ἔνδοξον</span> <span class='ocrx_word' id='word_1_768' title='bbox 3798 4807 3898 4859; x_wconf 73' lang='grc' dir='ltr'><strong>τοῦ</strong></span> 
     </span>
    </p>
   </div>
   <div class='ocr_carea' id='block_1_109' title="bbox 2315 4897 3898 4974">
    <p class='ocr_par' dir='ltr' id='par_1_109' title="bbox 2315 4897 3898 4974">
     <span class='ocr_line' id='line_1_109' title="bbox 2315 4897 3898 4974; baseline -0.003 -17"><span class='ocrx_word' id='word_1_769' title='bbox 2315 4904 2567 4974; x_wconf 76' lang='grc' dir='ltr'>Σωτῆρος</span> <span class='ocrx_word' id='word_1_770' title='bbox 2619 4902 2943 4972; x_wconf 84' lang='grc' dir='ltr'>παρουσίαν,</span> <span class='ocrx_word' id='word_1_771' title='bbox 2989 4901 3076 4954; x_wconf 84' lang='grc' dir='ltr'>ὅτε</span> <span class='ocrx_word' id='word_1_772' title='bbox 3105 4899 3222 4970; x_wconf 76' lang='grc' dir='ltr'>ἥξει</span> <span class='ocrx_word' id='word_1_773' title='bbox 3284 4898 3421 4970; x_wconf 86' lang='grc' dir='ltr'><strong>μετά</strong></span> <span class='ocrx_word' id='word_1_774' title='bbox 3458 4899 3556 4969; x_wconf 80' lang='grc' dir='ltr'>τῆς</span> <span class='ocrx_word' id='word_1_775' title='bbox 3586 4897 3748 4967; x_wconf 76' lang='grc' dir='ltr'>δόξης</span> <span class='ocrx_word' id='word_1_776' title='bbox 3799 4899 3898 4952; x_wconf 75' lang='grc' dir='ltr'>τοῦ</span> 
     </span>
    </p>
   </div>
   <div class='ocr_carea' id='block_1_110' title="bbox 2315 4987 3900 5067">
    <p class='ocr_par' dir='ltr' id='par_1_110' title="bbox 2315 4987 3900 5067">
     <span class='ocr_line' id='line_1_110' title="bbox 2315 4987 3900 5067; baseline -0.006 -18"><span class='ocrx_word' id='word_1_777' title='bbox 2315 4995 2531 5067; x_wconf 83' lang='grc' dir='ltr'>Πατρδς</span> <span class='ocrx_word' id='word_1_778' title='bbox 2556 4993 2649 5048; x_wconf 74' lang='grc' dir='ltr'>καὶ</span> <span class='ocrx_word' id='word_1_779' title='bbox 2683 4992 2820 5065; x_wconf 83' lang='grc' dir='ltr'><strong>μετά</strong></span> <span class='ocrx_word' id='word_1_780' title='bbox 2843 4992 2950 5047; x_wconf 83' lang='grc' dir='ltr'><strong>τῶν</strong></span> <span class='ocrx_word' id='word_1_781' title='bbox 2974 4991 3218 5062; x_wconf 87' lang='grc' dir='ltr'>ἀγγέλων</span> <span class='ocrx_word' id='word_1_782' title='bbox 3248 4989 3432 5053; x_wconf 78' lang='grc' dir='ltr'>αὑτοῦ,</span> <span class='ocrx_word' id='word_1_783' title='bbox 3464 4989 3645 5061; x_wconf 85' lang='grc' dir='ltr'>κρῖναι</span> <span class='ocrx_word' id='word_1_784' title='bbox 3680 4987 3900 5053; x_wconf 75' lang='grc' dir='ltr'>ζῶντας</span> 
     </span>
    </p>
   </div>
   <div class='ocr_carea' id='block_1_111' title="bbox 2312 5086 2680 5157">
    <p class='ocr_par' dir='ltr' id='par_1_111' title="bbox 2312 5086 2680 5157">
     <span class='ocr_line' id='line_1_111' title="bbox 2312 5086 2680 5157; baseline -0.014 -14"><span class='ocrx_word' id='word_1_785' title='bbox 2312 5088 2408 5143; x_wconf 71' lang='grc' dir='ltr'><strong>καὶ</strong></span> <span class='ocrx_word' id='word_1_786' title='bbox 2435 5086 2680 5157; x_wconf 84' lang='grc' dir='ltr'>νεκρούς.</span> 
     </span>
    </p>
   </div>
   <div class='ocr_carea' id='block_1_112' title="bbox 2389 5171 3896 5249">
    <p class='ocr_par' dir='ltr' id='par_1_112' title="bbox 2389 5171 3896 5249">
     <span class='ocr_line' id='line_1_112' title="bbox 2389 5171 3896 5249; baseline -0.007 -18"><span class='ocrx_word' id='word_1_787' title='bbox 2389 5198 2407 5231; x_wconf 85' lang='grc'><strong><em>‹</em></strong></span> <span class='ocrx_word' id='word_1_788' title='bbox 2462 5179 2550 5231; x_wconf 87' lang='grc' dir='ltr'>Ἐν</span> <span class='ocrx_word' id='word_1_789' title='bbox 2581 5177 2690 5248; x_wconf 80' lang='grc' dir='ltr'>γὰρ</span> <span class='ocrx_word' id='word_1_790' title='bbox 2718 5175 2796 5248; x_wconf 79' lang='grc' dir='ltr'><strong>τῷ</strong></span> <span class='ocrx_word' id='word_1_791' title='bbox 2820 5176 2951 5249; x_wconf 70' lang='grc' dir='ltr'>πυρὶ</span> <span class='ocrx_word' id='word_1_792' title='bbox 2977 5175 3180 5248; x_wconf 78' lang='grc' dir='ltr'>Κυρίου</span> <span class='ocrx_word' id='word_1_793' title='bbox 3205 5173 3524 5245; x_wconf 88' lang='grc' dir='ltr'>κριθήσεται</span> <span class='ocrx_word' id='word_1_794' title='bbox 3551 5173 3701 5224; x_wconf 81' lang='grc' dir='ltr'>πᾶσα</span> <span class='ocrx_word' id='word_1_795' title='bbox 3720 5171 3755 5240; x_wconf 81' lang='grc' dir='ltr'>ἡ</span> <span class='ocrx_word' id='word_1_796' title='bbox 3797 5172 3896 5239; x_wconf 73' lang='grc' dir='ltr'>γῆ,</span> 
     </span>
    </p>
   </div>
   <div class='ocr_carea' id='block_1_113' title="bbox 2311 5264 3896 5341">
    <p class='ocr_par' dir='ltr' id='par_1_113' title="bbox 2311 5264 3896 5341">
     <span class='ocr_line' id='line_1_113' title="bbox 2311 5264 3896 5341; baseline -0.006 -16"><span class='ocrx_word' id='word_1_797' title='bbox 2311 5271 2408 5325; x_wconf 76' lang='grc' dir='ltr'>καὶ</span> <span class='ocrx_word' id='word_1_798' title='bbox 2439 5272 2497 5323; x_wconf 85' lang='grc' dir='ltr'>ἐν</span> <span class='ocrx_word' id='word_1_799' title='bbox 2537 5273 2604 5340; x_wconf 85' lang='grc' dir='ltr'>τῇ</span> <span class='ocrx_word' id='word_1_800' title='bbox 2634 5269 2876 5341; x_wconf 73' lang='grc' dir='ltr'>ῥομφαίᾳ</span> <span class='ocrx_word' id='word_1_801' title='bbox 2911 5267 3075 5322; x_wconf 79' lang='grc' dir='ltr'>αὐτοῦ</span> <span class='ocrx_word' id='word_1_802' title='bbox 3105 5269 3254 5320; x_wconf 82' lang='grc' dir='ltr'>πᾶσα</span> <span class='ocrx_word' id='word_1_803' title='bbox 3286 5265 3451 5337; x_wconf 85' lang='grc' dir='ltr'>σάρξ·</span> <span class='ocrx_word' id='word_1_804' title='bbox 3501 5264 3682 5317; x_wconf 56' lang='grc' dir='ltr'><strong>πολλοὶ⁸</strong></span> <span class='ocrx_word' id='word_1_805' title='bbox 3723 5280 3896 5333; x_wconf 84' lang='grc' dir='ltr'>τραυ-</span> 
     </span>
    </p>
   </div>
   <div class='ocr_carea' id='block_1_114' title="bbox 2317 5353 3896 5436">
    <p class='ocr_par' dir='ltr' id='par_1_114' title="bbox 2317 5353 3896 5436">
     <span class='ocr_line' id='line_1_114' title="bbox 2317 5353 3896 5436; baseline -0.006 -20"><span class='ocrx_word' id='word_1_806' title='bbox 2317 5363 2507 5436; x_wconf 72' lang='grc' dir='ltr'>ματίαι</span> <span class='ocrx_word' id='word_1_807' title='bbox 2548 5361 2760 5415; x_wconf 73' lang='grc' dir='ltr'>ἔσονται</span> <span class='ocrx_word' id='word_1_808' title='bbox 2791 5360 2896 5413; x_wconf 85' lang='grc' dir='ltr'><strong>ὑπὸ</strong></span> <span class='ocrx_word' id='word_1_809' title='bbox 2942 5359 3169 5433; x_wconf 87' lang='grc' dir='ltr'>Κυρίου.</span> <span class='ocrx_word' id='word_1_810' title='bbox 3231 5377 3250 5410; x_wconf 73' lang='grc' dir='ltr'><strong>ι</strong></span> <span class='ocrx_word' id='word_1_811' title='bbox 3301 5356 3481 5428; x_wconf 82' lang='grc' dir='ltr'>Θυμὸς</span> <span class='ocrx_word' id='word_1_812' title='bbox 3520 5356 3576 5408; x_wconf 86' lang='grc' dir='ltr'>δὲ</span> <span class='ocrx_word' id='word_1_813' title='bbox 3619 5353 3791 5407; x_wconf 72' lang='grc' dir='ltr'>αὐτοῦ</span> <span class='ocrx_word' id='word_1_814' title='bbox 3838 5355 3896 5406; x_wconf 79' lang='grc' dir='ltr'>αἱ</span> 
     </span>
    </p>
   </div>
   <div class='ocr_carea' id='block_1_115' title="bbox 2315 5444 3896 5523">
    <p class='ocr_par' dir='ltr' id='par_1_115' title="bbox 2315 5444 3896 5523">
     <span class='ocr_line' id='line_1_115' title="bbox 2315 5444 3896 5523; baseline -0.005 -17"><span class='ocrx_word' id='word_1_815' title='bbox 2315 5453 2634 5509; x_wconf 77' lang='grc' dir='ltr'>κολαστικαὶ</span> <span class='ocrx_word' id='word_1_816' title='bbox 2665 5453 2759 5506; x_wconf 78' lang='grc' dir='ltr'><strong>καὶ</strong></span> <span class='ocrx_word' id='word_1_817' title='bbox 2793 5451 3157 5523; x_wconf 73' lang='grc' dir='ltr'>τιμωρητικαὶ</span> <span class='ocrx_word' id='word_1_818' title='bbox 3203 5447 3458 5520; x_wconf 85' lang='grc' dir='ltr'>δυνάμεις</span> <span class='ocrx_word' id='word_1_819' title='bbox 3483 5445 3704 5500; x_wconf 79' lang='grc' dir='ltr'>εἰώθασι</span> <span class='ocrx_word' id='word_1_820' title='bbox 3731 5444 3896 5516; x_wconf 62' lang='grc' dir='ltr'>νομί.</span> 
     </span>
    </p>
   </div>
   <div class='ocr_carea' id='block_1_116' title="bbox 2313 5536 3895 5614">
    <p class='ocr_par' dir='ltr' id='par_1_116' title="bbox 2313 5536 3895 5614">
     <span class='ocr_line' id='line_1_116' title="bbox 2313 5536 3895 5614; baseline -0.004 -16"><span class='ocrx_word' id='word_1_821' title='bbox 2313 5545 2520 5610; x_wconf 76' lang='grc' dir='ltr'>ζεσθαι,</span> <span class='ocrx_word' id='word_1_822' title='bbox 2556 5545 2648 5599; x_wconf 75' lang='grc' dir='ltr'><strong>καὶ</strong></span> <span class='ocrx_word' id='word_1_823' title='bbox 2683 5544 2774 5598; x_wconf 84' lang='grc' dir='ltr'><strong>τὸν</strong></span> <span class='ocrx_word' id='word_1_824' title='bbox 2806 5542 3284 5614; x_wconf 82' lang='grc' dir='ltr'>ἀποσκορακισμὸν</span> <span class='ocrx_word' id='word_1_825' title='bbox 3311 5539 3474 5594; x_wconf 79' lang='grc' dir='ltr'>αὑτοῦ</span> <span class='ocrx_word' id='word_1_826' title='bbox 3505 5542 3561 5592; x_wconf 91' lang='grc' dir='ltr'>ἐν</span> <span class='ocrx_word' id='word_1_827' title='bbox 3596 5539 3732 5608; x_wconf 78' lang='grc' dir='ltr'>πυρὶ</span> <span class='ocrx_word' id='word_1_828' title='bbox 3755 5536 3895 5606; x_wconf 53' lang='lat' dir='ltr'><strong>cpio-</strong></span> 
     </span>
    </p>
   </div>
   <div class='ocr_carea' id='block_1_117' title="bbox 2311 5630 3895 5707">
    <p class='ocr_par' dir='ltr' id='par_1_117' title="bbox 2311 5630 3895 5707">
     <span class='ocr_line' id='line_1_117' title="bbox 2311 5630 3895 5707; baseline -0.004 -15"><span class='ocrx_word' id='word_1_829' title='bbox 2311 5637 2407 5707; x_wconf 81' lang='grc' dir='ltr'><strong>γδς</strong></span> <span class='ocrx_word' id='word_1_830' title='bbox 2435 5637 2574 5693; x_wconf 83' lang='grc' dir='ltr'><strong>κατά</strong></span> <span class='ocrx_word' id='word_1_831' title='bbox 2606 5635 2712 5690; x_wconf 85' lang='grc' dir='ltr'>τῶν</span> <span class='ocrx_word' id='word_1_832' title='bbox 2739 5635 2921 5691; x_wconf 74' lang='grc' dir='ltr'>ἀὐτῶν</span> <span class='ocrx_word' id='word_1_833' title='bbox 2954 5635 3171 5707; x_wconf 76' lang='grc' dir='ltr'>ἀφήσει.</span> <span class='ocrx_word' id='word_1_834' title='bbox 3215 5632 3514 5705; x_wconf 73' lang='grc' dir='ltr'>Ῥομφαίαν</span> <span class='ocrx_word' id='word_1_835' title='bbox 3547 5631 3602 5684; x_wconf 77' lang='grc' dir='ltr'>δὲ</span> <span class='ocrx_word' id='word_1_836' title='bbox 3628 5630 3895 5702; x_wconf 66' lang='grc' dir='ltr'>ὀνομάζει</span> 
     </span>
    </p>
   </div>
  </div>
