4130 6400
306 380 404 439 5'3!

1200 380 1697 438 COMMENTARIA
1736 336 1805 439 ιὰ
1850 380 2105 439 ISAIAM.
2147 414 2215 425 -
2252 381 2406 440 CAP.
2444 381 2627 441 LXVI.
2720 424 2723 426 .

3444 389 3549 444 529.

307 493 781 567 σωματικώτερον,
808 495 902 550 καὶ
927 495 1270 568 τραυματίας
1307 496 1585 562 ὡσαύτως.
1621 497 1774 553 Ἐπεὶ
1796 497 1869 570 μή

1980 496 2255 552 similiter.
2292 496 2428 564 Quia
2478 496 2579 562 illi,
2630 502 2816 566 utpote
2858 494 3051 564 Judaei,
3094 513 3202 555 non
3248 499 3353 556 alio
3383 505 3547 558 modo

305 585 479 651 ἄλλως
519 581 589 658 ἦν
617 586 854 652 άκούειν,
892 586 1175 651 Ἰουδαίους
1202 587 1359 652 ὂντας
1391 588 1485 642 καὶ
1534 589 1609 661 μὴ
1640 589 1783 652 οἴους
1814 605 1877 641 τε

305 676 736 748 παρακολουθεῖν
775 680 841 749 τῇ
880 677 990 731 τῶν
1031 676 1202 747 λόγων
1233 677 1461 749 διανοίᾳ.
1524 678 1584 731 '0
1634 679 1731 750 μὲν
1782 673 1876 733 οὖν

316 766 641 829 Ἀπόστολος
676 768 767 820 τὸν
791 766 900 821 τῶν
939 769 1316 839 προκειμένων
1349 768 1473 823 νοῦν
1511 768 1765 841 διασαφεῖ
1786 769 1876 824 λέ-

304 873 448 925 γων·
481 877 500 909 ι
530 857 684 912 Κατὰ
707 858 765 912 δὲ
788 859 888 930 τὴν
920 858 1261 931 σκληρότητά
1277 877 1371 914 σου
1389 861 1482 914 καὶ
1507 862 1876 933 ἀμετανόητον

306 949 533 1020 καρδίαν
566 948 911 1022 θησαυρίζεις
939 951 1149 1022 σεαυτῷ
1197 950 1364 1024 ὀργὴν
1402 954 1463 1006 ὲν
1492 952 1674 1025 ἡμέρᾳ
1705 954 1875 1026 ὀργῆς

305 1036 400 1089 καὶ
430 1036 842 1107 ἀποκαλύψεως,
879 1040 974 1093 καὶ
1003 1040 1401 1114 δικαιοκρισίας
1445 1042 1604 1109 Θεοῦ,
1639 1044 1699 1110 ὃς
1740 1046 1876 1099 ano-

303 1123 463 1179 δώσει
495 1126 709 1200 ἑκάστῳ
746 1128 887 1183 κατὰ
918 1129 988 1183 τά
1012 1129 1149 1202 ἔργα
1178 1131 1367 1187 αὐτοῦ.
1405 1152 1425 1186 ι

380 1236 402 1270 ι
434 1219 495 1272 Οἱ
536 1220 878 1291 ἁγνιζόμενοι
915 1222 1009 1276 καὶ
1039 1222 1459 1296 καθαριζόμενοι
1498 1228 1579 1291 είς
1609 1229 1736 1292 τοὺς
1769 1229 1872 1300 κή-

304 1326 458 1393 πους,
493 1312 588 1364 καὶ
630 1312 688 1364 ὲν
724 1315 839 1376 τοῖς
872 1312 1166 1386 προθύροις
1205 1315 1457 1381 ἔσθοντες
1493 1318 1659 1391 κρέας
1706 1319 1871 1387 ῦειον,

303 1404 396 1459 καὶ
422 1404 488 1458 τά
515 1404 856 1476 βδελύγματα
890 1407 985 1461 καὶ
1013 1407 1106 1461 τὸν
1135 1407 1263 1479 μῦν,
1293 1409 1387 1462 ἐπὶ
1419 1410 1479 1463 τὸ
1507 1411 1638 1464 αὐτὸ
1666 1412 1875 1467 άναλω-

302 1496 581 1568 θήσονται.
623 1517 642 1549 ι
687 1499 773 1563 Ὧς
801 1499 997 1571 μηκέτι
1030 1500 1172 1554 κατὰ
1196 1500 1286 1555 τὸν
1311 1502 1560 1573 νόμον’ὃν
1588 1504 1872 1575 παρέδωκε

299 1589 540 1658 Μωῦσῆς
562 1589 1023 1663 καθαριζομένους
1054 1592 1233 1664 σποδῷ
1255 1592 1538 1665 δαμάλεως
1567 1597 1661 1650 καὶ
1688 1601 1874 1668 περιρ-

301 1682 613 1754 ῥαντηρίοις
638 1683 859 1758 ἡμερῶν
885 1684 1024 1739 ἑπτά
1048 1686 1143 1739 καὶ
1167 1688 1287 1749 ταῖς
1312 1685 1403 1741 διά
1446 1687 1646 1743 θυσιῶν
1670 1689 1874 1762 καθάρ-

302 1793 456 1830 σεσιν
475 1793 489 1808 ο
508 1776 629 1831 ἀντὶ
650 1777 713 1830 δὲ
738 1776 961 1842 τούτων,
989 1780 1046 1833 ὲν
1071 1780 1254 1844 αὐτοῖς
1273 1782 1779 1853 περινοστήσαντες,
1810 1782 1871 1836 τὸ

297 1866 367 1921 δι’
413 1867 604 1931 ὓδατος
651 1868 944 1939 καθάρσιον
986 1870 1257 1942 ἀπαρκεῖν
1303 1871 1486 1935 αὐτοῖς
1525 1872 1714 1945 ᾤοντο,
1759 1878 1872 1939 τοῖς
1906 1856 1947 1914 Β

297 1950 441 2016 ἰατά
468 1978 620 2026 τινας
650 1963 857 2034 κήπους
901 1961 1084 2016 ὕδασιν
1130 1962 1512 2027 ἀπολούεσθαι,
1543 1965 1637 2019 καὶ
1675 1966 1869 2037 μηκέτι

300 2052 529 2124 μηδενὸς
546 2052 752 2108 δεῖσθαι
783 2052 891 2108 τῶν
914 2045 1440 2127 νενομοθετημένων.
1480 2057 1551 2110 Ἦ
1577 2057 1672 2110 καὶ
1696 2057 1870 2122 άλλως

299 2143 440 2215 μετὰ
472 2145 675 2217 μιαράς
707 2145 804 2199 καὶ
832 2144 1175 2218 ἀκαθάρτους
1214 2147 1463 2218 πράξεις,
1484 2147 1781 2219 ἀθεμίτους
1809 2166 1870 2203 τε

297 2238 687 2309 αίσχρουργίας
731 2236 981 2309 ἐνόμιζον
1022 2238 1198 2308 ψιλοῖς
1246 2237 1402 2293 ὕδασι
1432 2238 1746 2313 κιθαρίζειν
1772 2242 1870 2306 τὰς

298 2330 509 2385 ἑαυτῶν
538 2329 734 2400 ψυχάς.

378 2527 399 2560 ι
428 2507 600 2578 Κάγὼ
631 2507 699 2563 τά
725 2508 861 2582 ἔργα
889 2511 1095 2577 αὐτῶν,
1127 2514 1222 2567 καὶ
1263 2513 1353 2567 τὸν
1386 2513 1640 2586 λογισμὸν
1669 2513 1866 2567 αὐτῶν.

302 2601 572 2672 Ἔρχομαι
597 2605 915 2672 συναγαγεῖν
937 2604 1112 2657 πάντα
1129 2603 1198 2657 τά
1217 2603 1345 2676 ἔθνη
1370 2605 1582 2669 καὶτὰς
1595 2604 1868 2673 γλώσσας.

296 2692 392 2745 καὶ
405 2691 595 2762 ἥξουσι
614 2694 706 2746 καὶ
726 2693 945 2763 ὄψονται
972 2696 1071 2767 τὴν
1087 2695 1241 2761 δόξαν
1272 2713 1393 2767 μου.
1407 2715 1425 2748 ι
1455 2696 1793 2769 Σαφέστερον
1813 2696 1869 2749 δὲ

294 2784 326 2837 ό
364 2783 554 2858 Σωτὴρ
586 2786 643 2839 ὲν
672 2788 784 2850 τοῖς
813 2786 1165 2857 Εύαγγελίοις
1202 2787 1440 2843 διδάσκει
1465 2787 1639 2842 ταῦτα
1662 2787 1864 2857 λέγων·

297 2892 323 2927 ε
354 2876 520 2930 Ὅταν
548 2877 605 2930 δὲ
632 2876 761 2950 ἔλθῃ
787 2879 817 2931 ό
843 2877 971 2941 Υίὸς
994 2877 1090 2931 τοῦ
1119 2878 1406 2951 ἀνθρώπου
1436 2879 1495 2932 ὲν
1524 2881 1590 2950 τῇ
1614 2878 1741 2951 δόξῃ
1774 2879 1867 2932 τοῦ

293 2970 511 3042 Πατρὸς
535 2970 722 3034 αὐτοῦ,
753 2972 845 3026 καὶ
879 2972 1079 3035 πάντες
1103 2972 1154 3025 oi
1197 2972 1343 3041 ἅγιοι
1370 2971 1592 3041 ἄγγελοι
1622 2971 1738 3044 μετ’
1768 2971 1867 3024 αύ-

294 3057 419 3111 τοῦ·
453 3059 547 3112 καὶ
571 3058 854 3124 συνάξουσι
877 3059 1053 3114 πάντα
1082 3060 1153 3114 τὰ
1184 3060 1311 3133 ἔθνη
1337 3060 1646 3133 ἔμπροσθεν
1677 3060 1865 3126 αὐτοῦ,

1980 587 2281 659 intelligere
2310 596 2585 658 poterant,
2618 597 2678 643 ut
2711 589 2802 657 qui
2845 603 2952 643 non
2983 589 3227 648 valerent
3253 593 3546 649 verborum

1978 691 2210 736 mentem
2257 681 2539 751 subsequi.
2577 681 2866 751 Apostolus
2894 690 3045 737 certe
3079 683 3209 738 dicti
3258 685 3404 755 quod
3434 694 3549 740 tra-

1976 781 2188 828 ctamus
2228 786 2450 828 sensum
2485 774 2661 842 aperit
2694 773 2777 828 his
2801 772 3003 838 verbis,
3038 791 3059 826 ι
3108 773 3418 832 Secundum
3451 791 3549 831 au-

1977 872 2084 918 tem
2136 850 2390 920 duritiem
2436 874 2583 919 tuam
2638 874 2694 921 et
2745 864 3092 934 imposnitens
3140 882 3237 922 cor
3282 867 3547 922 thesauri-

1977 971 2070 1012 zas
2097 957 2192 1011 tibi
2222 958 2359 1011 iram
2392 956 2445 1011 in
2473 956 2561 1012 die
2598 957 2693 1012 ira:
2718 967 2774 1011 et
2803 956 3175 1024 revelationis,
3203 968 3258 1013 et
3279 958 3411 1027 justi
3452 958 3544 1028 ju-

1976 1047 2101 1102 dicii
2149 1048 2266 1115 Dei,
2315 1049 2409 1119 qui
2461 1047 2653 1104 reddet
2704 1048 2999 1119 unicuique
3042 1048 3340 1105 secundum
3378 1065 3543 1122 opera

1974 1158 2068 1197 sua
2098 1141 2166 1199 “.
2198 1161 2220 1195 ι

2046 1235 2215 1291 Vsus.
2248 1236 2335 1291 17.
2367 1255 2387 1288 ι
2417 1236 2519 1303 Qui
2548 1236 2968 1294 sanctiﬁcantur
2989 1250 3045 1296 et
3081 1239 3441 1311 puriﬁcantur
3484 1238 3539 1293 in

1975 1327 2168 1393 hortis,
2192 1338 2247 1384 et
2268 1328 2321 1383 in
2342 1328 2618 1386 liminibus
2636 1332 2978 1389 comedentes
3000 1348 3219 1390 carnem
3241 1332 3540 1404 porcinam,

1972 1430 2026 1474 et
2057 1419 2489 1493 abominationes
2533 1431 2589 1477 et
2630 1438 2862 1490 murem,
2899 1425 3058 1479 simul
3083 1434 3493 1479 consumentur.
3515 1440 3539 1478 θ

1974 1512 2049 1565 Ita
2085 1520 2144 1567 ut
2182 1528 2288 1568 non
2325 1513 2556 1569 alterius
2586 1517 2882 1570 secundum
2913 1515 3107 1586 legem,
3133 1529 3296 1585 quam
3314 1514 3544 1589 tradidit

1975 1601 2219 1674 Moyses,
2244 1606 2428 1660 cinere
2465 1606 2646 1661 vitula:
2671 1614 2726 1661 et
2762 1608 3163 1675 aspersionibus
3203 1608 3409 1663 dierum
3455 1622 3544 1665 se-

1972 1702 2139 1761 ptem,
2172 1695 2634 1752 sacriliciorumve
2656 1697 3064 1766 purgationibus
3105 1698 3538 1754 mundarentur:

1973 1784 2067 1839 sed
2104 1785 2296 1840 horum
2330 1786 2472 1851 vice,
2509 1796 2797 1858 postquam
2846 1788 2899 1841 in
2946 1787 3031 1844 his
3060 1789 3263 1844 versati
3298 1787 3540 1856 fuerant,

1974 1875 2351 1944 purgationem
2404 1892 2500 1946 per
2540 1893 2739 1944 aquam
2787 1877 3037 1935 sufﬁcere
3085 1879 3190 1934 sibi
3238 1879 3539 1950 putabant.

1973 1967 2330 2036 quorumdam
2376 1969 2655 2024 hortorum
2682 1970 2837 2040 aquis
2873 1985 2931 2035 se
2956 1970 3102 2027 ablui
3142 1979 3197 2025 et
3222 1969 3541 2036 emaculari,

1973 2073 2073 2112 nec
2107 2058 2246 2112 ultra
2281 2073 2469 2113 eorum
2512 2075 2631 2129 quae
2661 2061 2716 2114 in
2767 2061 2886 2130 lege
2914 2062 3305 2132 praecipiuntur
3338 2060 3446 2117 ullo
3483 2074 3545 2117 se

1972 2162 2108 2216 opus
2138 2148 2361 2209 habere.
2386 2150 2791 2206 existimantes.
2820 2151 2953 2205 Nam
2995 2153 3131 2207 alias
3160 2162 3276 2221 post
3305 2152 3545 2208 admissa.

1975 2239 2149 2307 turpia
2195 2239 2435 2293 facinora
2462 2284 2476 2306 ,
2522 2249 2579 2294 et
2622 2251 2744 2311 post
2797 2242 3012 2297 illicitas
3052 2251 3345 2312 turpesque
3373 2245 3544 2297 actio-

1974 2344 2097 2394 nes,
2132 2329 2368 2400 simplici
2412 2346 2549 2403 aqua
2596 2333 2807 2389 animas
2853 2335 3099 2389 mundari
3140 2348 3269 2388 suas
3312 2334 3543 2389 arbitra-

1970 2419 2188 2474 bantur.

2044 2508 2206 2565 Vsns.
2238 2511 2324 2566 18.
2369 2530 2388 2563 ι
2426 2512 2493 2566 Ει
2519 2527 2618 2584 ego
2641 2528 2806 2584 opera
2833 2529 3042 2579 eorum,
3069 2522 3124 2570 et
3153 2513 3537 2582 cOgitationem

1972 2614 2156 2655 eorum
2195 2601 2397 2676 [novi].
2440 2604 2505 2658 Et
2533 2606 2690 2661 venio
2722 2615 2783 2660 ut
2814 2619 3140 2676 congregem
3178 2620 3368 2660 omnes
3409 2621 3540 2676 gen-

1974 2700 2057 2748 tes
2097 2703 2155 2748 ει
2198 2693 2451 2763 linguas:
2512 2703 2568 2749 et
2619 2694 2843 2749 venient
2895 2705 2950 2749 et
3002 2695 3266 2749 videbunt
3313 2695 3538 2764 gloriam

1970 2799 2167 2838 meam.
2210 2803 2229 2836 ι
2264 2783 2389 2841 Haec
2423 2786 2623 2842 clarius
2663 2787 2922 2842 Servatur
2952 2786 3006 2840 in
3046 2786 3352 2855 Evangeliis
3384 2788 3541 2842 docet

1968 2875 2057 2929 his
2099 2876 2313 2931 verbis:
2345 2896 2364 2927 ‹
2392 2876 2526 2931 Cum
2557 2877 2767 2932 venerit
2799 2875 2969 2931 Filius
3001 2878 3237 2933 hominis
3286 2880 3337 2933 in
3371 2876 3537 2949 gloria

1970 2965 2152 3023 Patris
2181 2969 2284 3033 sui,
2317 2976 2372 3023 et
2401 2983 2590 3024 omnes
2613 2968 2791 3024 sancti
2819 2968 2993 3039 angeli
3026 2984 3148 3022 cum
3174 2984 3277 3028 eo:
3314 2978 3369 3024 et
3411 2984 3542 3023 con-

1969 3060 2271 3129 gregabunt
2305 3074 2495 3115 omnes
2524 3068 2710 3130 gentes
2743 3059 2797 3114 in
2840 3069 3134 3130 conspectu
3173 3062 3326 3129 ejus,
3365 3069 3419 3115 et
3454 3074 3543 3114 se-

297 3149 389 3203 xal
417 3150 633 3222 ἀφοριεῖ
664 3152 880 3218 αὐτοὺς,
914 3153 973 3206 ὃν
1002 3153 1200 3225 τρόπον
1231 3152 1478 3226 ἀφορίζει
1502 3156 1531 3207 ό
1556 3151 1759 3225 ποιμὴν
1797 3152 1864 3207 τά

1970 3150 2216 3221 gregabit
2241 3165 2357 3217 eos,
2389 3151 2839 3221 quemadmodum
2888 3160 3139 3221 segregat
3174 3160 3360 3221 pastor
3401 3165 3533 3205 oves

296 3240 543 3312 πρόϐατα
571 3242 679 3295 άπὸ
701 3242 811 3295 τῶν
842 3244 1066 3314 ἐρίφων,
1107 3263 1125 3295 ι
1164 3244 1260 3298 καὶ
1289 3244 1357 3298 τά
1387 3243 1533 3315 ἑξῆς.
1566 3244 1678 3299 Kal.
1707 3243 1865 3297 τοῦτο

1968 3242 2037 3295 ab
2071 3241 2255 3305 haedis,
2294 3260 2314 3293 ι
2342 3249 2397 3299 et
2422 3250 2638 3295 caetera.
2669 3239 2737 3295 Et
2765 3240 2870 3295 hoc
2903 3239 3099 3294 iterum
3135 3240 3389 3311 gentibus
3419 3241 3530 3310 pol-

294 3332 353 3386 δὲ
379 3333 540 3387 πάλιν
563 3334 674 3397 τοῖς
698 3332 904 3391 ἔθνεσιν
929 3335 1342 3404 ἐπαγγέλλεται,
1376 3335 1439 3389 τὸ
1466 3335 1862 3408 καταξιωθῆναι

295 3421 591 3475 θεάσασθαι
622 3422 721 3494 τὴν
743 3422 901 3490 δόξαν
931 3425 1114 3479 αὑτοῦ.

371 3533 390 3565 t
425 3516 536 3569 Kal
561 3516 869 3586 καταλείψω
895 3517 981 3571 ἐπ’
1023 3518 1205 3573 αὐτῶν
1250 3522 1495 3592 σημεῖον,
1535 3517 1632 3574 καὶ
1666 3518 1866 3586 ἐξαπο-

294 3602 553 3673 στελῶ’ὲξ
582 3607 760 3662 αὐτῶν
794 3610 1167 3681 σεσωσμένους
1194 3614 1273 3676 είς
1303 3612 1374 3665 τά
1409 3612 1559 3684 ἔθνη,
1601 3613 1681 3676 είς
1717 3611 1864 3683 Θαρ-

295 3695 427 3757 σεῖς,
454 3694 550 3747 καὶ
580 3695 733 3760 Φοὺδ,
763 3696 856 3750 καὶ
885 3698 1043 3765 Λοὺδ,
1078 3700 1172 3753 καὶ
1203 3700 1406 3772 Μοσὸχ,
1442 3701 1537 3754 καὶ
1563 3702 1642 3764 εἰς
1672 3700 1861 3764 Θοδὲλ,

292 3786 388 3839 καὶ
408 3786 488 3849 είς
500 3784 854 3858 τὴνἙλλάδα,
883 3788 1077 3858 καῖεξς
1104 3789 1201 3854 τάς
1226 3792 1422 3863 νήσους
1444 3791 1544 3857 τὰς
1574 3792 1760 3865 πόρρω
1777 3810 1791 3822 ·
1814 3792 1865 3845 οἳ

292 3877 394 3931 οὐκ
418 3877 687 3949 ἀκηκόασί
719 3897 817 3950 μου
855 3880 916 3934 τὸ
941 3882 1132 3954 ὄνομα,
1163 3881 1285 3936 οὔτε
1315 3883 1593 3955 ἑωράκασι
1639 3901 1740 3955 μου
1767 3883 1867 3956 τὴν

292 3966 470 4033 δόξαν.
501 3971 611 4024 Kal
641 3971 999 4042 άναγγελοῦσι
1026 3974 1126 4045 τὴν
1152 3973 1309 4042 δόξαν
1343 3992 1444 4046 μου
1484 3976 1543 4029 ὲν
1570 3978 1684 4039 τοῖς
1720 3974 1866 4029 ἔθνε-

297 4075 371 4112 σι.
403 4078 423 4110 ι
466 4061 575 4114 Kal
605 4062 664 4114 ὲν
702 4065 812 4127 τοῖς
837 4063 1145 4135 ἔμπροσθεν
1175 4065 1414 4135 ἐλέγετο,
1459 4066 1543 4121 ὅτι
1596 4085 1616 4118 ι
1648 4060 1744 4131 Οἷς
1765 4066 1865 4122 οὐκ

294 4148 570 4221 ἀνηγγέλη
611 4151 738 4223 περὶ
779 4153 944 4207 αὐτοῦ
988 4153 1228 4223 ὅψονται,
1263 4155 1313 4208 οἳ
1352 4154 1454 4208 οὐκ
1511 4154 1799 4227 ἀκηκόασι.
1840 4174 1859 4206 ι

294 4243 408 4297 Kal
431 4242 610 4297 πάλινο
648 4246 969 4319 ἀἘμφανὴς
993 4247 1259 4319 ἐγενόμην
1286 4250 1398 4312 τοῖς
1425 4248 1528 4320 ἐμὲ
1555 4247 1631 4320 μὴ
1657 4249 1865 4322 ἐπερω-

291 4335 480 4403 τῶσιν,
510 4337 737 4411 εύρέθην
750 4341 861 4403 τοῖς
888 4338 989 4411 ἐμὲ
1021 4339 1095 4412 μὴ
1127 4338 1496 4412 ὲπιζητοῦσιψ
1541 4336 1690 4394 εἶπα-
1733 4341 1864 4395 Ἰδού

294 4429 431 4500 είμι,
460 4432 572 4493 τοῖς
606 4429 680 4502 μὴ
727 4430 1172 4503 ἐπικαλουμένοις
1210 4424 1272 4486 τό
1301 4432 1474 4504 ὄνομά
1519 4450 1642 4506 μου.
1679 4455 1698 4487 ι
1730 4435 1866 4489 Τού-

1968 3332 2191 3400 licetur,
2223 3331 2366 3402 quod
2401 3345 2596 3401 nempe
2628 3330 2869 3386 futurum
2914 3333 2987 3386 sit
3017 3340 3075 3385 ut
3111 3331 3337 3401 gloriam
3369 3331 3538 3402 ipsius

1970 3424 2152 3480 videre
2194 3424 2365 3493 digna:
2398 3423 2718 3477 habeantur.

2036 3515 2202 3572 Vens.
2243 3514 2332 3570 l9.
2366 3533 2386 3566 ι
2418 3512 2487 3567 Ει
2522 3513 2825 3583 relinquam
2856 3526 3021 3582 super
3061 3526 3156 3568 eos
3195 3513 3447 3583 signum:
3482 3520 3541 3568 et

1965 3608 2213 3663 emittam
2245 3621 2313 3661 ex
2362 3604 2469 3661 illis
2506 3619 2603 3660 eos
2628 3605 2718 3674 qui
2755 3603 2947 3659 salvati
3001 3604 3206 3659 fuerint
3230 3605 3297 3658 ad
3327 3613 3537 3675 gentes,

1967 3698 2022 3753 in
2055 3698 2298 3765 Tharsis,
2344 3706 2396 3753 et
2426 3695 2601 3762 Phud,
2639 3705 2695 3749 et
2735 3695 2878 3761 Lud,
2923 3705 2979 3751 et
3021 3696 3075 3750 in
3116 3695 3358 3759 Mosocb,
3393 3704 3448 3750 et
3481 3696 3537 3751 in

1969 3788 2192 3855 Thobel,
2224 3798 2278 3844 et
2308 3788 2361 3842 in
2401 3787 2688 3851 Graciam,
2716 3797 2770 3842 et
2798 3787 2852 3840 in
2886 3786 3091 3843 insulas
3126 3795 3398 3853 remotas;
3438 3787 3531 3855 qui

1969 3897 2073 3937 non
2107 3875 2393 3936 audierunt
2432 3895 2626 3935 nomen
2675 3895 2878 3943 meum,
2931 3893 3106 3948 neque
3143 3880 3395 3935 viderunt
3421 3879 3540 3951 glo-

1967 3976 2104 4030 riam
2131 3988 2325 4030 meam.
2357 3973 2424 4028 Et
2449 3970 2851 4027 annuntiabunt
2872 3970 3097 4041 gloriam
3121 3985 3299 4026 meam
3327 3971 3381 4025 in
3406 3986 3538 4042 gen-

1969 4066 2133 4121 tibus.
2177 4083 2196 4117 ι
2230 4063 2489 4135 Superius
2515 4078 2733 4134 quoque
2764 4063 3068 4130 dicebatur,
3106 4078 3126 4113 ι
3159 4060 3199 4116 li
3226 4062 3421 4131 quibus
3446 4077 3539 4116 an-

1918 4214 1923 4221 ,
1965 4157 2277 4213 nuntiatum
2320 4171 2427 4211 non
2462 4166 2547 4211 est
2589 4154 2657 4210 de
2704 4153 2816 4215 illo,
2844 4148 3146 4218 videbunt,
3188 4160 3244 4206 et
3285 4152 3379 4221 qui
3429 4166 3536 4208 non

1967 4247 2273 4310 audierunt,
2315 4246 2655 4318 intelligent:
2700 4263 2719 4298 ι
2754 4253 2810 4300 et
2841 4244 3064 4309 iterum,
3104 4261 3126 4295 ι
3165 4241 3404 4312 Apparui
3445 4242 3535 4307 iis,

1966 4337 2058 4409 qui
2103 4352 2189 4393 me
2225 4353 2330 4393 non
2368 4334 2816 4407 interrogabant;
2861 4334 3115 4388 inventus
3158 4345 3280 4386 sum
3302 4329 3397 4399 εει)
3421 4331 3536 4400 (iis.

1966 4431 2058 4500 qui
2094 4445 2180 4485 me
2206 4445 2310 4484 non
2340 4428 2696 4498 quaerebant:
2730 4425 2867 4489 dixi,
2916 4425 3054 4480 Ecce
3086 4422 3296 4487 adsum,
3343 4421 3412 4476 iis
3441 4422 3535 4490 qui

293 4536 404 4575 των
431 4520 631 4590 ἀδελφὰ
671 4523 925 4593 τυγχάνει
967 4524 1038 4579 τά
1078 4524 1469 4597 προειρημένα,
1513 4524 1578 4578 δι’
1620 4519 1694 4579 ὧν
1739 4528 1866 4591 τοὺς

1971 4538 2075 4578 non
2117 4522 2444 4577 invocabant
2495 4533 2688 4574 nomen
2738 4533 2938 4572 meum.
2972 4534 2993 4568 ι
3038 4514 3135 4570 llis
3169 4514 3366 4567 adlinia
3410 4524 3535 4567 sunt

296 4611 490 4666 ἑαυτοῦ
519 4614 845 4680 ἀποστόλους
878 4616 1268 4685 ἐπαγγέλλεται
1296 4616 1645 4670 ἀποστέλλειν
1679 4617 1773 4669 ἐπὶ
1798 4616 1866 4670 τά

293 4705 549 4779 ἀλλότρια
574 4706 669 4761 τοῦ
721 4707 935 4780 Ἰσραὴλ
960 4707 1088 4779 ἔθνη
1121 4707 1190 4762 τά
1227 4707 1564 4780 πορρωτάτω
1590 4708 1689 4779 τῆς
1735 4706 1863 4762 ’1ου-

291 4798 467 4862 δαίας.

368 4908 388 4942 ι
426 4892 533 4943 Kal
563 4889 750 4957 ἄξουσι
781 4892 905 4954 τοὺς
935 4888 1195 4958 ἀδελφοὺς
1225 4889 1377 4960 ὑμῶν
1408 4890 1475 4943 ὲκ
1502 4888 1720 4943 πάντων
1751 4887 1859 4942 τῶν

291 4980 482 5045 ἐθνῶν,
512 4981 683 5054 δῶρον
721 4981 928 5053 Κυρίῳ.
962 5000 982 5034 ι
1017 4979 1270 5046 Ἀξουσιν
1293 4980 1510 5045 αὐτοὺς,
1549 4979 1702 5043 τέλος
1732 4980 1864 5048 άγαο

293 5070 385 5125 θδν
427 5072 607 5136 αὐτοῖς
640 5070 796 5126 τοῦτο
839 5072 1359 5144 παραχωρήσαντες,
1403 5072 1491 5125 ὅτε
1537 5072 1632 5125 καὶ
1664 5069 1863 5140 ἀναλη-

293 5161 589 5233 φθήσονται
640 5163 838 5233 ὁμοίως
882 5163 959 5234 τῷ
1014 5162 1169 5234 Ἠλίᾳ
1209 5163 1295 5233 ἐφ’
1345 5163 1552 5235 ἅρματι
1589 5160 1865 5232 άγγελικῷ

291 5252 595 5324 ὀχούμενοι,
629 5253 803 5322 φωτὸς
848 5255 1163 5327 ἐπουρανίου
1198 5254 1730 5328 περιαστράπτοντος
1761 5254 1862 5307 αύ-

290 5344 436 5408 τούς.
470 5364 488 5396 ι
525 5344 660 5400 Μεθ’
691 5346 869 5400 ἵππων
895 5348 988 5400 καὶ
1010 5348 1269 5419 ἁρμάτων
1293 5348 1352 5400 ὲν
1370 5345 1679 5419 λαμπήναις
1714 5346 1866 5417 ἡμιό-

288 5453 415 5499 νων.
447 5437 585 5508 μετὰ
610 5437 863 5492 σκιαδίων
887 5440 967 5502 είς
985 5438 1084 5510 τὴν
1107 5439 1268 5508 άγίαν
1293 5438 1447 5493 πόλιν
1484 5437 1858 5512 Ἰερουσαλὴμ,

289 5523 410 5584 εἷπε
450 5528 672 5601 Κύριος.
714 5548 733 5581 ι
776 5530 1008 5601 Νοήσεις
1042 5529 1101 5583 δὲ
1132 5532 1257 5594 τοὺς
1287 5530 1487 5595 ἵππους
1522 5531 1616 5585 καί⁹
1657 5528 1728 5583 τά
1764 5529 1863 5602 ἆρα

291 5634 438 5689 ματα
465 5618 748 5689 άγγελικά,
788 5619 1085 5691 ἐπιστήσας
1117 5618 1212 5672 τοῦ
1248 5621 1516 5691 Ζαχαρίου
1541 5623 1606 5692 τῇ
1651 5635 1861 5693 προφη-

362 5801 407 5833 ³⁸
432 5799 587 5857 Rom.
624 5816 686 5865 ll,
715 5803 768 5856 5.

608 5899 879 5962 PATBOL.
913 5899 1027 5959 (ιιι.
1071 5899 1302 5962 XXIV.

1969 4614 2247 4684 praemissa
2282 4614 2470 4674 verba,
2503 4610 2656 4680 queis
2687 4607 2959 4678 apostolos
2989 4620 3116 4660 suos
3155 4603 3224 4657 ad
3251 4614 3539 4657 estraneas

1969 4704 2147 4760 lsraeli
2186 4712 2392 4775 gentes,
2425 4710 2478 4757 et
2506 4720 2535 4755 a
2567 4699 2750 4755 Iudaea
2791 4697 3205 4760 remotissimas,
3239 4694 3536 4749 missurum

1967 4811 2027 4852 se
2063 4796 2367 4865 pollicetur.

1951 4888 1958 4895 ’
2039 4888 2200 4943 Vens.
2230 4887 2319 4941 9.0.
2353 4905 2371 4936 ι
2406 4886 2472 4940 Et
2502 4884 2771 4937 adducent
2811 4880 3005 4935 fratres
3031 4886 3244 4932 vestros
3274 4890 3341 4931 ex
3367 4875 3538 4931 omni-

1965 4979 2065 5035 bus
2090 4979 2361 5051 gentibus,
2394 4977 2595 5030 donum
2640 4973 2888 5028 Domino.
2918 4990 2937 5023 ι
2969 4970 3254 5025 Adducent
3278 4983 3372 5023 eos
3393 4967 3538 5021 hunc

1963 5070 2095 5139 ipsis
2132 5073 2328 5124 bonum
2354 5068 2513 5122 ﬁnem
2544 5058 2917 5134 procurantes,
2941 5060 3157 5131 quando
3171 5066 3535 5117 assumcntnr,

1962 5160 2187 5232 perinde
2216 5168 2381 5230 atque
2414 5157 2598 5212 llelias
2634 5170 2799 5209 curru
2841 5152 3090 5224 angelico
3132 5150 3296 5213 vecti,
3324 5146 3535 5203 cmlesti

1965 5251 2167 5306 lumine
2197 5251 2327 5320 ipsis
2365 5246 2838 5315 circumfulgente.
2878 5262 2899 5297 ι
2945 5242 3081 5299 Cum
3129 5240 3283 5309 equis
3311 5248 3368 5292 et
3407 5250 3533 5291 eur-

1966 5343 2132 5406 ribus,
2167 5342 2220 5396 in
2270 5339 2535 5408 lampenis
2573 5339 2883 5401 mulorum,
2923 5349 3047 5391 cum
3101 5330 3437 5386 umbraculis
3478 5330 3533 5385 in

1965 5434 2237 5488 civitatem
2295 5439 2539 5484 sanctam
2588 5428 2930 5495 Jerusalem,
2990 5425 3129 5479 dixit
3182 5422 3461 5478 Dominus.
3507 5437 3530 5474 ι

1967 5526 2150 5594 Equos
2190 5534 2244 5579 et
2283 5523 2561 5593 angelicas
2599 5522 2797 5578 rhcdas
2832 5519 3119 5593 intelliges,
3171 5516 3216 5571 si
3256 5511 3537 5567 Zacharia-

1966 5615 2264 5688 prophetiae
2288 5615 2530 5669 animum
2567 5614 2829 5686 applices,
2858 5611 2947 5668 ubi
2985 5623 3156 5680 equos
3184 5606 3419 5671 veloces,
3440 5616 3537 5659 va-

3142 5882 3209 5942 17
