4168 6398
527 315 635 372 525

1205 319 1473 375 EUSEBH
1513 320 1989 376 C‘ESARIENSIS
2027 321 2176 376 OPP.
2217 321 2396 376 PARS
2433 320 2520 376 ΙΙΙ.
2561 353 2632 364 -
2668 321 3076 380 EXEGETICA.

3681 327 3786 383 524

528 444 638 498 rios
665 453 720 498 et
750 443 922 509 albos,
961 459 1024 498 ac
1061 459 1259 499 currus
1307 446 1520 516 aliquos
1551 446 1891 510 describens,
1931 462 2087 516 ange-

2201 447 2340 517 τείᾳ,
2383 447 2511 517 παρ’
2621 447 2819 508 ἵππους
2845 445 3057 516 ψαροὺς
3095 447 3187 499 καὶ
3220 447 3494 510 ποικίλους
3526 447 3620 501 καὶ
3661 447 3786 501 λευ-

526 535 659 589 licas
693 537 920 590 virtutes
956 536 1360 591 subitttliCaDat.
1411 537 1700 608 Lampenm
1729 548 1905 591 autem
1940 539 2109 592 mulo-

527 643 644 680 rntn
680 628 934 682 videntur
964 629 1278 698 signiﬁcare
1308 645 1543 699 corpora
1578 631 1946 700 resurgentia,
1989 631 2106 699 qui-

524 719 626 774 bus
677 729 843 774 vecta:
892 720 1086 774 anima:
1149 721 1200 773 in
1267 721 1542 775 caelestem
1615 721 1890 775 civitatem
1955 738 2108 776 assu-

527 822 768 865 mcntur.
801 812 843 864 E
887 827 945 866 re
977 821 1156 866 autem
1199 813 1398 866 dicitur
1444 813 1728 883 lampenzc,
1767 815 1882 869 sive
1932 815 2108 886 fulgo-

528 919 638 966 res,
665 905 733 958 ob
768 904 1064 975 fulgentem
1103 907 1230 976 ipsis
1262 906 1508 975 gloriam.

599 1084 764 1140 Vens.
793 1087 885 1140 9.1.
926 1105 943 1137 ι
985 1087 1054 1142 Ut
1093 1086 1326 1141 oﬂ‘erant
1357 1087 1450 1142 lilii
1497 1090 1664 1145 lsrael
1689 1091 1939 1147 victimas
1979 1109 2104 1149 suas

527 1179 657 1232 milii
698 1195 817 1232 cum
864 1179 1121 1247 psalmis:
1187 1178 1249 1234 et
1302 1197 1367 1234 ex
1417 1181 1497 1236 eis
1539 1198 1748 1238 sumam
1794 1187 2105 1242 sacerdotes

523 1281 578 1322 et
616 1269 857 1334 chitas,
914 1272 1049 1324 dixit
1085 1263 1362 1329 Dominus.
1401 1293 1420 1326 ι
1469 1273 1536 1329 Ut
1580 1276 1762 1345 itaque
1809 1282 2101 1333 secundum

513 1376 840 1431 corpoream
876 1362 1047 1431 legem
1102 1363 1156 1417 in
1207 1372 1425 1419 terrena
1480 1364 1782 1423 Jerusalem
1834 1369 1948 1423 haec
1979 1385 2103 1440 age-

524 1453 654 1506 bant
691 1455 782 1522 qui
829 1455 1031 1507 cultum
1087 1455 1511 1525 persolvebant;
1563 1458 1754 1514 eodem
1812 1461 1974 1515 modo
2016 1475 2102 1516 se-

520 1546 754 1598 cundum
790 1553 1067 1598 terrenum
1101 1547 1228 1601 illud
1257 1549 1586 1618 exemplum,
1617 1551 1705 1620 qui
1737 1551 1790 1605 in
1821 1552 2099 1608 caelestem

521 1633 915 1706 Jerosolymam
947 1641 1258 1701 ascenderit,
1293 1656 1416 1694 cum
1453 1644 1687 1712 propriis
1716 1642 1982 1700 fructibus
2010 1660 2100 1699 ve-

523 1728 692 1791 nient,
729 1742 862 1796 quos
890 1730 1088 1795 singuli
1121 1747 1188 1785 ex
1239 1731 1540 1796 fructileris
1576 1734 1862 1791 virtutibus
1911 1750 1968 1791 ut
2004 1744 2100 1792 do-

523 1835 648 1873 num
679 1828 735 1874 et
762 1837 957 1876 munus
1003 1823 1053 1877 in
1097 1825 1277 1878 anima
1319 1826 1576 1881 referent.

597 1928 760 1984 Vens.
789 1928 881 1986 22.
925 1949 942 1983 ι
981 1930 1135 1986 Sicut
1176 1934 1319 1988 enim
1353 1935 1550 1990 ctelum
1602 1950 1799 1991 novum
1849 1948 1902 1992 et
1948 1949 2093 1994 terra

519 2036 678 2086 nova,
714 2038 834 2091 quae
858 2037 957 2090 ego
986 2021 1149 2086 facio,
1185 2037 1502 2094 permanent
1533 2027 1583 2080 in
1617 2039 1910 2096 conspectu
1951 2045 2093 2095 meo,

519 2113 652 2167 dicit
689 2114 946 2168 Dominus
981 2132 995 2180 ;
1030 2113 1110 2168 sic
1137 2117 1303 2170 stabit
1331 2133 1515 2172 semen
1549 2129 1786 2173 vestrum
1813 2129 1868 2175 et
1897 2137 2092 2176 nomen

518 2215 781 2259 vestrum.
817 2225 836 2257 ›
867 2204 1002 2259 Nam
1032 2207 1077 2261 si
1112 2222 1314 2265 novum
1341 2210 1562 2276 coelum,
1594 2221 1648 2264 et
1676 2227 1812 2265 nova
1843 2222 2010 2277 terra,
2043 2223 2096 2266 et

516 2285 816 2351 Jerusalem
869 2312 1008 2353 nova
1057 2308 1179 2364 est;
1234 2311 1634 2371 consequenter
1674 2307 1987 2359 sacerdotes
2039 2316 2093 2360 et

517 2385 718 2440 Levita:
749 2387 871 2442 novi
918 2399 1098 2453 erunt,
1142 2405 1312 2460 quare
1339 2393 1586 2462 superius
1622 2393 1836 2448 dicebat
1866 2411 1882 2448 :
1918 2413 1937 2445 ι
1976 2394 2090 2450 Non

517 2479 948 2534 recordabuntur
974 2483 1239 2550 priorum,
1273 2493 1329 2537 et
1360 2499 1468 2536 non
1502 2487 1761 2540 ascendet
1805 2487 1856 2540 in
1885 2502 1981 2542 cor
2008 2501 2093 2542 eo-

516 2586 663 2627 rum.
696 2591 716 2625 ι
751 2572 933 2628 Prima
965 2573 1148 2642 itaque
1176 2589 1284 2627 non
1316 2577 1689 2644 permanentia
1728 2588 1921 2643 erant,
1965 2594 2094 2648 qua-

515 2673 738 2734 prOpter
765 2665 967 2719 dictum
993 2673 1096 2726 est,
1135 2679 1154 2712 ‹
1184 2663 1391 2718 C(Blum
1419 2675 1475 2718 et
1520 2675 1660 2719 terra
1690 2670 2028 2736 transibunt;
2065 2690 2084 2722 ι

514 2769 582 2809 ac
622 2769 870 2820 rursum,
924 2774 942 2808 ι
991 2754 1290 2809 Plicabitur
1335 2754 1530 2820 cmlum
1570 2766 1628 2810 ut
1668 2757 1827 2822 liber,
1878 2769 1933 2813 et
1967 2775 2090 2813 cor-

514 2848 767 2916 ruptione
804 2838 1187 2916 corrumpetur
1232 2857 1397 2904 terra.
1451 2865 1469 2898 ι
1504 2847 1693 2902 Futuri
1733 2865 1860 2904 vero
1901 2851 2086 2906 saeculi

515 2937 772 3006 primitiae
816 2937 1065 2992 Christus
1091 2954 1105 3003 ;
1135 2939 1329 2994 deinde
1355 2939 1448 3009 qui
1481 2939 1687 2996 Christi
1734 2951 1861 2996 sunt
1891 2943 1943 2997 in
1993 2945 2089 2999 ad-

515 3037 679 3084 ventu
723 3029 860 3098 ejus.
1195 3027 1197 3029 ’
1260 3040 1264 3044 ’

587 3119 871 3175 Vens-25.
911 3138 930 3172 ι
970 3120 1034 3175 Et
1059 3121 1164 3176 erit
1202 3121 1403 3178 mensis
1449 3137 1516 3178 ex
1553 3139 1760 3189 mense,
1801 3135 1856 3181 et
1891 3127 2083 3183 sabba-
2112 3146 2155 3204 α

514 3204 627 3266 tum
671 3228 734 3266 ex
774 3212 1021 3271 sabbato.
1057 3212 1250 3268 Veniet
1280 3217 1456 3270 omnis
1489 3231 1620 3272 caro
1651 3217 1719 3271 ad
1751 3218 2084 3273 adorandum

513 3305 566 3358 in
611 3315 905 3374 conspectu
951 3321 1071 3362 meo
1117 3309 1167 3360 in
1214 3308 1536 3380 Jerusalem,
1576 3310 1705 3363 dicit
1748 3307 2030 3363 Dominus.
2059 3329 2078 3362 ι

515 3395 810 3451 Sabbatum
879 3405 1059 3450 autem
1111 3395 1310 3450 Christi
1363 3396 1701 3461 intelligendi
1755 3412 1906 3450 more
1958 3411 2089 3450 con-

508 3496 769 3556 gruenter
808 3487 1062 3555 accipias.
1089 3503 1189 3555 pro
1224 3487 1669 3542 solemnitatibus
1728 3487 1780 3541 in
1825 3487 1962 3542 ccelo
1997 3503 2088 3543 ce-

511 3577 755 3641 lebratis,
805 3587 859 3632 et
905 3593 1003 3649 pro
1044 3579 1186 3633 veris
1233 3578 1343 3635 illic
1396 3580 1636 3634 sabbatis
1682 3579 1735 3634 in
1785 3580 2083 3645 mensibus,

509 3679 568 3723 ut
606 3670 681 3725 ibi
724 3686 820 3725 usu
854 3672 1104 3734 veniunt,
1145 3672 1507 3727 celebrandis.
1565 3671 1637 3726 De
1674 3672 1868 3742 quibus
1914 3673 2083 3741 proli-

509 3776 610 3838 ειυς
655 3770 708 3816 et
747 3763 1016 3832 explicatu
1051 3762 1281 3818 diﬂieilis
1319 3779 1500 3818 sermo
1525 3763 1892 3818 instituendus
1917 3772 2080 3828 esset,

508 3855 602 3923 qui
641 3853 803 3923 longo
841 3856 953 3910 otio
984 3866 1036 3910 et
1069 3841 1634 3926 proprioiargumento
1671 3871 1806 3927 Opus
1837 3857 2079 3911 haberet.

510 3944 745 3999 Carnem
785 3954 965 3999 autem
1004 3952 1228 3999 omnem
1277 3955 1437 4000 vocat
1493 3960 1682 4000 omnes
1731 3955 1955 4015 gentes;
2007 3945 2080 3999 ita

507 4034 650 4088 enim
699 4035 949 4102 superius
999 4036 1305 4100 dicebatur,
1351 4054 1370 4087 ι
1420 4033 1638 4090 Videbit
1690 4046 1868 4090 autem
1904 4037 2080 4091 omnis

507 4141 640 4181 caro
671 4125 922 4180 Salutare
954 4127 1046 4180 Dei
1074 4142 1088 4185 ;
1119 4135 1170 4180 et
1203 4125 1364 4193 alibi,
1406 4144 1424 4176 ι
1457 4124 1740 4180 Ellundam
1776 4128 1839 4181 de
1877 4125 2078 4196 Spiritu

507 4232 628 4272 meo
657 4230 819 4286 super
850 4231 1063 4271 omnem
1093 4231 1358 4282 carnem,
1386 4227 1442 4272 et
1468 4216 1874 4286 prophetabunt
1903 4219 1953 4271 in
1985 4216 2076 4271 Je-

505 4309 765 4364 rusalem.
831 4326 850 4360 ι
900 4306 1186 4362 leestem
1252 4309 1455 4366 indicat
1501 4307 1932 4380 Jerosolytuam,
1984 4311 2075 4366 ubi

507 4397 808 4454 Salvatoris
847 4398 1016 4452 nostri
1057 4389 1277 4467 regnum
1317 4400 1599 4453 consistet.

2211 539 2339 602 κοὺς
2369 539 2461 591 καὶ
2491 539 2713 610 ἅρματά
2749 555 2870 591 τινα
2899 538 3201 610 διαγράψας
3228 541 3256 590 ὁ
3282 538 3459 607 λόγος,
3488 541 3784 608 ἀγγελικὰς

2209 632 2450 701 ᾐνίττετο
2481 630 2756 700 δυνάμεις.
2798 633 3095 702 Λαμπῆναι
3139 631 3194 684 δὲ
3231 631 3470 701 ἡμιόνων
3499 631 3784 704 σημαίνειν

2209 723 2416 775 ἐοίκασι
2437 723 2506 774 τά
2531 723 2630 792 τῆς
2657 723 3006 786 ἀναστάσεως
3033 722 3282 793 σώματα,
3313 719 3392 786 οἷς
3419 724 3783 794 ὲποχούμεναι

2208 817 2262 867 αἱ
2295 815 2464 885 ψυχαὶ
2503 818 2581 878 εἰς
2622 815 2718 884 τὴν
2751 816 3071 886 ἐπουράνιον
3113 816 3578 887 ἁναληφθήσονται
3608 816 3779 870 πόλιν.

2207 904 2280 960 Εὖ
2311 909 2366 960 δὲ
2393 909 2606 979 εἴρηται
2631 907 2908 977 λαμπῆναι
2938 907 3024 961 διὰ
3051 910 3150 980 τὴν
3188 908 3574 979 ὲκλάμπουσαν
3599 910 3782 976 αὐτοῖς

2205 1001 2384 1065 δόξαν.

2279 1112 2295 1142 ι
2342 1093 2430 1155 Ὠς
2458 1090 2848 1160 ἀνενέγκαισαν
2875 1094 2922 1144 οἱ
2949 1093 3055 1145 υἱοὶ
3093 1091 3305 1163 Ἰσραὴλ
3335 1093 3434 1156 τὰς
3461 1092 3653 1157 θυσίας
3684 1093 3782 1148 αὺ-

2203 1185 2311 1237 τῶν
2365 1185 2488 1255 ἐμοὶ
2539 1183 2676 1255 μετὰ
2717 1183 2984 1255 ψαλμῶν·
3030 1186 3123 1237 καὶ
3169 1187 3266 1238 ἀπ’
3310 1186 3488 1238 αὐτῶν
3535 1185 3777 1256 λήψομαι

2183 1279 2371 1348 -ἱερεῖς
2399 1277 2494 1330 καί
2521 1277 2774 1342 Λευίτας,
2809 1271 2930 1329 εἷπε
2962 1276 3182 1347 Κύριος.
3225 1295 3243 1328 ι
3279 1278 3491 1348 Ὥσπερ
3517 1273 3610 1330 οὖν
3655 1279 3776 1331 τότε

2203 1372 2343 1422 κατὰ
2373 1369 2463 1422 τὸν
2494 1369 2802 1440 σωματικὸν
2840 1370 3002 1440 νόμον
3042 1370 3137 1422 ἐπί
3174 1371 3274 1440 τῆς
3307 1371 3547 1438 ἐπιγείου
3588 1372 3779 1444 Ἰερου-

2205 1461 2383 1530 σαλὴμ
2408 1459 2557 1514 ταῦτ’
2589 1461 2853 1532 ἔπραττον
2882 1465 2930 1514 oi
2962 1462 3060 1532 τὴν
3095 1463 3350 1534 λατρείαν
3379 1463 3772 1526 ἐπιτελοῦντεςσ

2200 1554 2290 1605 τὸν
2318 1553 2478 1606 αὐτὸν
2501 1552 2699 1624 τρόπον
2729 1553 2867 1605 κατὰ
2901 1553 2961 1605 τὸ
2987 1554 3078 1605 ἐπὶ
3112 1554 3218 1623 γῆς
3245 1555 3592 1625 παράδειγμα
3621 1557 3666 1608 oi
3695 1557 3778 1619 εἰς

2199 1646 2298 1717 τὴν
2329 1646 2577 1714 οὐράνιον
2625 1643 2981 1717 Ἵερουσαλὴυ.
3025 1646 3266 1709 ἀνιόντες
3305 1646 3493 1716 ἥξουσι
3542 1649 3659 1717 μετ’
3698 1647 3777 1699 ol-

2202 1737 2364 1790 κείων
2406 1737 2655 1809 καρπῶν,
2687 1730 2762 1790 ὧν
2810 1737 3038 1798 ἕκαστος
3079 1739 3136 1788 ἐν
3175 1736 3318 1807 ψυχῇ
3355 1736 3775 1808 μετακομίζεται

2131 1801 2173 1854 Β
2200 1828 2386 1901 δώρων
2415 1801 2514 1900 τῆς
2536 1829 2644 1882 τῶν
2669 1828 2879 1900 ἀρετῶν
2909 1830 2972 1881 ἐκ
2999 1801 3392 1901 καρποιρορίας.

2275 1938 2294 1968 ι
2336 1920 2432 1971 Ὃν
2458 1919 2657 1990 τρόπον
2687 1920 2795 1990 γὰρ
2817 1921 2844 1972 ὁ
2869 1917 3096 1987 οὐρανὸς
3132 1918 3315 1981 καινὸς
3345 1917 3438 1971 καὶ
3473 1919 3507 1988 ἡ
3547 1917 3617 1987 γῆ
3648 1933 3774 1970 και-

2196 2010 2285 2080 νὴ,
2321 2009 2358 2063 ἂ.
2384 2009 2494 2077 ἐγὼ
2526 2009 2690 2072 ποιῶ,
2735 2010 2885 2080 μένει
2908 2009 3135 2063 ἐνώπιον
3174 1999 3329 2081 ἐμοῦ,
3360 2009 3507 2077 λέγει
3527 2008 3727 2079 Κύριος
3754 2025 3773 2040 ο

2197 2101 2338 2154 οὕτω
2360 2103 2610 2172 στήσεται
2633 2101 2694 2154 τὸ
2729 2101 2948 2171 σπέρμα
2969 2102 3122 2172 ὑμῶν
3150 2102 3245 2153 καὶ
3273 2099 3334 2153 τὸ
3361 2100 3531 2169 ῦνομα
3561 2099 3766 2170 ὑμῶν.»

2198 2195 2259 2248 El
2284 2195 2392 2266 γὰρ
2413 2195 2639 2266 οὐρανὸς
2667 2194 2850 2256 καινός
2886 2196 3001 2246 ἐστι
3030 2195 3125 2248 καὶ
3157 2196 3190 2265 ἡ
3219 2195 3292 2264 γῆ
3320 2191 3499 2259 καινὴ,
3541 2193 3636 2246 καὶ
3677 2193 3776 2244 '15-

2200 2287 2479 2358 ρουσαλὴμ
2511 2286 2689 2358 καινὴ,
2741 2288 3030 2341 ἀκόλουθον
3061 2288 3128 2340 ἂν
3171 2285 3256 2356 εἴη
3311 2286 3404 2338 καὶ
3451 2286 3576 2347 τοὺς
3608 2285 3774 2354 ἱερεῖς

2195 2381 2290 2432 καὶ
2318 2381 2551 2443 Λευίτας
2583 2381 2800 2444 καινοὺς
2827 2379 3040 2432 ἔσεσθαι
3065 2396 3078 2408 °
3110 2378 3189 2432 διὸ
3217 2378 3310 2432 καὶ
3343 2380 3400 2430 ἐν
3425 2381 3534 2440 τοῖς
3565 2377 3772 2447 ἔμπρο-

2196 2471 2319 2526 σθεν
2353 2472 2504 2541 ἔλεγε
2529 2489 2542 2502 ·
2587 2491 2606 2523 ι
2653 2474 2727 2526 Οὐ
2767 2471 3046 2543 μνησθῶσι
3087 2470 3194 2524 τῶν
3219 2472 3519 2541 προτέρων,
3551 2470 3644 2522 καὶ
3670 2471 3773 2522 οὐκ

2193 2564 2521 2635 ἀναϐήσεται
2575 2564 2752 2619 αὐτῶν
2792 2565 2882 2618 ἐπὶ
2915 2566 3014 2636 τὴν
3049 2564 3293 2635 καρδίαν.
3330 2581 3348 2614 ι
3385 2563 3466 2614 Τὰ
3525 2563 3622 2633 μὲν
3677 2557 3770 2615 οῦν

2175 2656 2388 2727 ⁴πρῶτα.
2411 2657 2470 2709 οὐ
2503 2657 2730 2727 μένοντα
2754 2652 2822 2727 ἦν
2843 2672 2857 2685 ·
2895 2656 2975 2708 διὸ
3031 2656 3246 2723 ἐλέγετο
3268 2672 3281 2684 ·
3320 2673 3338 2705 t
3380 2654 3617 2724 Οὐρανὸς
3675 2653 3770 2710 καὶ

2192 2749 2226 2818 ἡ
2254 2749 2323 2817 γῆ
2348 2747 2772 2818 παρελεύσονται
2797 2763 2810 2776 °
2852 2766 2870 2798 ι
2907 2747 3001 2800 καὶ
3033 2746 3226 2800 πάλιν·
3259 2764 3278 2794 ς
3313 2744 3655 2815 Εἱλιγήσεται
3680 2744 3773 2796 οῦ-

2193 2838 2354 2911 ρανὸς
2377 2839 2453 2901 ὼς
2481 2837 2702 2908 βιϐλίον,
2738 2839 2832 2891 καὶ
2863 2838 3035 2910 φθορᾷ
3067 2837 3401 2908 φθαρήσεται
3425 2838 3459 2906 ἠ
3493 2837 3585 2906 γῆ.
3612 2856 3630 2886 ι
3659 2835 3767 2887 Τοῦ

2190 2931 2246 2983 δὲ
2281 2929 2563 3000 μέλλοντος
2589 2930 2784 2992 αἰῶνος
2814 2930 3032 3002 ἀπαρχὴ
3068 2927 3304 3000 Χριστός
3326 2943 3339 2957 ο
3373 2927 3562 2980 ἔπειτα
3590 2928 3640 2980 οἱ
3671 2925 3768 2980 τοῦ

2189 3021 2426 3092 Χριστοῦ
2455 3023 2512 3073 ἐν
2549 3025 2611 3092 τῇ
2640 3022 2910 3092 παρουσίᾳ
2939 3019 3124 3074 αὑτοῦ.

2266 3131 2284 3163 ι
2318 3113 2426 3164 Καὶ
2450 3111 2600 3165 ἔσται
2627 3112 2732 3182 μὴν
2769 3113 2831 3164 ἐκ
2861 3112 3048 3182 μηνὸς,
3082 3111 3176 3163 καὶ
3209 3109 3474 3164 σάϐϐατον
3526 3111 3590 3162 ἐκ
3636 3108 3767 3161 σαϐ-

2191 3203 2374 3257 ϐάτου.
2403 3202 2559 3266 Ἥξει
2603 3203 2753 3255 πᾶσα
2785 3202 2920 3273 σὰρξ
2973 3201 3065 3254 τοῦ
3123 3202 3498 3274 προσκυνῆσαι
3538 3199 3767 3254 ἐνώπιον

2189 3295 2323 3367 ἐμοῦ
2359 3297 2416 3349 ἐν
2454 3295 2819 3366 Ἰερουσαλὴμ,
2853 3290 2972 3346 εἷπε
2997 3293 3218 3365 Κύριος.
3254 3313 3273 3345 ι
3301 3294 3373 3346 Τὸ
3415 3293 3472 3345 δὲ
3499 3293 3768 3358 σάϐϐατον

2186 3385 2422 3458 Χριστοῦ
2451 3387 2740 3438 ἀκόλουθόν
2773 3387 2889 3438 ἐστι
2933 3385 3073 3438 κατὰ
3123 3385 3358 3438 διάνοιαν
3401 3384 3767 3454 ἐκλαμϐάνειν

2185 3477 2284 3540 τὰς
2317 3479 2374 3530 ἐν
2404 3476 2618 3548 οὐρανῷ
2653 3475 2844 3550 ἑορτὰς
2868 3476 2963 3530 καὶ
2995 3475 3064 3529 τὰ
3109 3477 3286 3529 ἐκεῖσε
3345 3475 3586 3529 σάϐϐατα
3632 3476 3768 3546 ἁλη-

2189 3568 2309 3622 θινὰ
2342 3571 2434 3622 ἐπὶ
2464 3569 2588 3631 τοὺς
2621 3570 2792 3640 μῆνας
2810 3569 2938 3632 τοὺς
2965 3570 3097 3622 ἐκεῖ.
3133 3567 3269 3638 Περὶ
3313 3561 3386 3620 ὧν
3422 3567 3587 3629 πολὺς
3616 3567 3644 3618 ὁ
3678 3566 3768 3620 λό-

2187 3676 2281 3728 γος
2313 3659 2407 3712 καὶ
2436 3659 2882 3731 δυσερμήνευτος,
2909 3659 3100 3729 σχολῆς
3121 3677 3182 3712 τε
3215 3661 3427 3730 μακρᾶς
3443 3659 3538 3711 καὶ
3559 3657 3766 3723 οἰκείας

2186 3751 2493 3814 ὑποθέσεως
2517 3751 2785 3822 δεόμενος.
2819 3751 3005 3822 Σάρκα
3029 3751 3084 3803 δὲ
3114 3752 3291 3804 πᾶσαν
3316 3750 3463 3818 λέγει
3491 3751 3666 3804 πάντα
3693 3751 3765 3804 τά

2184 3844 2307 3916 ἔθνη
2343 3842 2527 3896 τοῦτον
2581 3843 2862 3913 ὀνομάζων
2900 3843 2992 3896 τὸν
3035 3843 3266 3913 τρόπον’
3302 3842 3442 3894 οὕτω
3473 3842 3604 3910 γοῦν
3643 3841 3761 3894 ἐλέ-

2183 3952 2308 4003 γετο
2348 3935 2442 3989 καὶ
2485 3935 2573 3988 διὰ
2605 3935 2713 3988 τῶν
2762 3934 3068 4006 ἔμπροσθεν
3094 3951 3107 3964 ·
3166 3953 3185 3984 ι
3228 3934 3453 4003 Ὄψεται
3502 3933 3559 3985 δέ
3612 3935 3765 3987 πᾶσα

2184 4027 2320 4100 σὰρξ
2365 4029 2425 4080 τὸ
2460 4029 2732 4099 Σωτήριον
2762 4028 2853 4081 τοῦ
2881 4026 3014 4080 Θεοῦ
3034 4045 3046 4056 ο
3085 4047 3103 4078 ι
3136 4028 3229 4080 καὶ
3259 4026 3491 4097 ἀλλαχοῦ
3510 4043 3524 4056 ·
3567 4045 3587 4076 ι
3619 4027 3759 4103 ’Ἐκ-

2182 4119 2290 4190 χεῶ
2322 4121 2428 4172 ἀπὸ
2461 4120 2552 4173 τοῦ
2581 4119 2895 4190 Πνεῦματός
2937 4136 3034 4189 μου
3065 4121 3155 4172 ἐπὶ
3203 4121 3381 4177 πᾶσαν
3418 4120 3616 4190 σάρκα,
3666 4121 3760 4173 καὶ

2180 4211 2647 4284 προφητεύσουσιν
2691 4213 2747 4265 ἐν
2805 4211 3182 4282 Ἰερουσαλήμ.
3219 4232 3237 4264 ι
3273 4213 3386 4283 Τὴν
3437 4212 3760 4282 ἐπουράνιον

2181 4306 2433 4376 σημαίνει
2471 4305 2846 4377 Ἰερουσαλὴμ,
2872 4303 3002 4358 ἔνθα
3025 4307 3346 4375 συστήσεται
3372 4307 3404 4376 ἡ
3446 4304 3539 4357 τοῦ
3574 4303 3761 4373 Σωτῆ-

2181 4413 2271 4469 ρος
2292 4398 2446 4468 ἡμῶν
2474 4397 2740 4468 βασιλεία.

551 4492 742 4572 _Vsns.
779 4491 870 4545 ‘24.
913 4508 931 4541 ι
980 4488 1046 4544 Et
1078 4490 1305 4544 exibunt
1335 4499 1389 4544 et
1427 4490 1681 4544 videbunt
1716 4492 1953 4545 membra
1982 4493 2079 4546 lto-

2251 4509 2269 4541 ‹
2326 4491 2435 4544 Καὶ
2486 4489 2854 4557 ἐξελεύσονται
2917 4494 3010 4546 καὶ
3063 4493 3280 4557 ὄψονται
3331 4490 3400 4544 τὰ
3441 4489 3588 4544 κῶλα
3642 4489 3757 4542 τῶν

503 4585 729 4657 minum,
766 4584 856 4654 qui
892 4584 1232 4654 pracvaricati
1281 4595 1406 4638 sunt
1448 4584 1501 4637 in
1538 4597 1644 4636 me.
1675 4581 1885 4638 Vermis
1923 4585 2068 4638 enim

499 4691 687 4733 eorum
717 4691 822 4730 non
856 4675 1136 4742 morietur,
1167 4685 1220 4729 et
1248 4675 1387 4745 ignis
1413 4688 1597 4728 eorum
1626 4688 1732 4728 non
1761 4676 2072 4746 exstingue-

501 4778 612 4834 tur,
649 4778 705 4824 et
739 4778 900 4822 erunt
931 4768 982 4821 in
1009 4751 1357 4835 conspectum
1394 4767 1539 4821 omni
1569 4767 1743 4821 carni.
1778 4789 1796 4819 ι
1829 4766 2060 4833 Quinam

500 4859 553 4913 lti
585 4867 767 4914 essent
794 4858 952 4912 initio
981 4857 1279 4928 prophetia:
1301 4856 1438 4910 dixit
1471 4857 1556 4911 bis
1584 4857 1801 4912 verbis:
1842 4876 1861 4908 ι
1903 4855 2068 4914 Filios

499 4955 694 5023 genui,
741 4961 796 5007 et
843 4952 1121 5008 exaltari:
1159 4951 1259 5018 ipsi
1308 4961 1488 5005 autem
1533 4961 1855 5020 spreverunt
1901 4967 2005 5004 me.
2043 4971 2062 5002 ι

501 5043 595 5097 llis
622 5057 751 5111 ergo
789 5043 1098 5098 subindicat
1131 5041 1252 5096 illos
1290 5056 1357 5095 ex
1382 5039 1603 5106 Iudaeis,
1637 5041 1726 5112 qui
1763 5040 2060 5096 salutarem

497 5135 728 5202 gratiam
770 5134 1149 5202 repudiarunt.
1190 5133 1343 5187 llunc
1395 5134 1684 5202 impiorum
1736 5145 1858 5187 esse
1909 5134 2068 5188 linem

495 5226 683 5280 deﬁnit
716 5225 965 5280 Salvator
1000 5235 1184 5280 noster
1233 5227 1283 5281 in
1328 5226 1652 5297 Evangeliis,
1686 5240 1780 5280 eos
1818 5226 1908 5295 qui
1939 5241 1967 5278 a
1998 5225 2071 5280 si-

495 5319 682 5373 nistris
712 5319 830 5388 ejus
878 5319 1105 5374 stabunt
1152 5321 1232 5373 sic
1278 5319 1596 5388 alloquens:
1632 5338 1650 5370 (
1699 5318 1967 5373 Discedite
2011 5319 2062 5371 in

492 5411 671 5482 ignem
697 5423 986 5478 aeternum,
1006 5424 1250 5483 paratum
1277 5413 1493 5467 diabolo
1511 5413 1781 5482 etangelis
1805 5411 1922 5482 ejus
1940 5412 2002 5464 ³⁵.
2039 5430 2058 5462 ι

492 5503 961 5570 Quemadmodum
992 5503 1158 5573 igitur
1191 5504 1264 5557 ibi
1297 5515 1534 5558 aeternus
1566 5505 1766 5558 dicitur
1795 5503 1951 5574 ignis,
1983 5505 2063 5558 sic

491 5604 544 5650 ct
572 5596 672 5651 huc
701 5596 822 5652 loco
857 5615 876 5648 ι
901 5588 1360 5667 inexstinguibilis
1387 5596 1604 5662 dicitur,
1635 5597 1738 5651 una
1771 5595 2061 5663 eademque

557 5775 811 5833 "Matth.
844 5791 970 5841 xxv,
998 5775 1085 5832 ll.

2180 4581 2482 4654 ἀνθρώπων
2532 4581 2640 4635 τῶν
2703 4585 3162 4656 παραϐεϐηκότων
3218 4586 3274 4637 ἐν
3348 4581 3487 4652 ἐμοί.
3531 4582 3590 4634 ὐ
3644 4582 3756 4654 γὰρ

2181 4673 2393 4745 σκώληξ
2422 4674 2599 4727 αὐτῶν
2630 4675 2690 4727 οὐ
2716 4676 3045 4748 τελευτήσει,
3074 4676 3164 4728 καί⁸
3208 4675 3269 4727 τὸ
3319 4673 3428 4745 πῦρ
3468 4672 3646 4725 αὐτῶν
3689 4672 3753 4724 οὐ

2180 4765 2556 4836 σϐεσθήσεται,
2587 4767 2682 4820 καὶ
2730 4767 2942 4819 ἔσονται
2987 4768 3066 4830 είς
3105 4767 3295 4836 ὅρασιν
3322 4765 3470 4836 πάσῃ
3499 4763 3682 4833 σαρκί.
3728 4781 3747 4812 ι

2177 4851 2333 4915 Τίνες
2353 4852 2410 4904 δὲ
2435 4849 2574 4925 ἦσαν
2607 4848 2771 4918 οὗτοι,
2798 4856 2855 4906 ἐν
2879 4856 3018 4926 ἀρχῇ
3055 4852 3157 4924 τῆς
3191 4853 3522 4925 προφητείας
3563 4851 3752 4922 ἐδήλου

2174 4947 2347 5019 λέγων
2371 4966 2383 4979 ο
2420 4969 2438 5000 ι
2473 4949 2632 5012 Υίοὺς
2673 4951 2954 5020 ἐγέννησα,
2998 4951 3090 5002 καὶ
3133 4949 3353 5018 ὕψωσαο
3401 4946 3554 5000 αὐτοὶ
3584 4946 3641 4999 δέ
3682 4961 3753 5016 με

2169 5041 2458 5112 ἠθέτησαν.
2498 5062 2516 5092 ι
2559 5041 2804 5111 ᾘνίξατο
2830 5043 3003 5095 τοίνυν
3045 5043 3173 5104 τοὺς
3223 5042 3287 5094 ἐκ
3345 5038 3441 5091 τοῦ
3479 5038 3754 5093 Ἰουδαίων

2170 5133 2354 5197 ἔθνους
2385 5134 2481 5206 τὴν
2503 5135 2766 5205 σωτήριον
2791 5133 3365 5206 ἀθετήσανταςνχάριν.
3406 5131 3472 5184 Ὃ
3500 5131 3566 5202 δὴ
3596 5130 3754 5196 τέλος

2171 5224 2279 5277 τῶν
2305 5225 2516 5278 ἀσεϐῶν
2547 5225 2786 5297 ὁρίζεται
2817 5227 2910 5279 καὶ
2939 5227 2966 5278 ὁ
2994 5226 3185 5297 Σωτὴρ
3211 5225 3367 5296 ἡμῶν
3407 5227 3466 5278 ἐν
3497 5222 3750 5293 Εὐαγγε-

2171 5317 2304 5381 λίοις
2329 5317 2495 5370 εἰπὼν
2519 5321 2632 5381 τοῖς
2659 5319 2737 5380 είς
2765 5318 2832 5371 τὰ
2861 5318 3124 5390 ἀριστερὰ
3150 5316 3314 5370 αὐτοῦ
3353 5318 3707 5388 στησομένοις
3729 5331 3748 5348 ο

2177 5428 2195 5459 ι
2234 5408 2536 5480 Πορεύεσθε
2560 5411 2637 5473 εἰς
2671 5409 2732 5463 τὸ
2767 5410 2878 5483 πῦρ
2904 5411 2965 5463 τὸ
2986 5409 3222 5473 αἰώνιον,
3256 5409 3316 5462 τὸ
3343 5408 3749 5480 ἡτοιμασμένον

2169 5499 2246 5570 τῷ
2271 5500 2500 5572 διαϐόλῳ
2549 5503 2643 5555 καὶ
2679 5505 2791 5566 τοῖς
2837 5504 3087 5572 ἀγγέλοις
3125 5502 3307 5556 αὐτοῦ.
3353 5521 3372 5554 ι
3407 5501 3619 5571 Ὠσπερ
3651 5496 3748 5554 οὖν

2168 5596 2284 5647 ἐκεῖ
2305 5592 2530 5666 ⁴οιίιὶρνιον
2561 5595 2771 5667 εἴρηται
2811 5596 2940 5668 πῦρ,
2987 5596 3127 5650 οὕτω
3173 5595 3263 5649 καὶ
3316 5592 3549 5648 ἐνταῦθα
3581 5592 3752 5646 ἄσϐε-
