4168 6398
368 363 472 418 525'
495 373 500 378 '

1511 369 1938 430 FRAGMENTA
1976 372 2041 427 IN
2075 374 2448 433 DANIELEM.

3504 391 3640 447 526.

369 496 492 534 στον
517 481 646 551 μιᾶς
683 480 776 534 καὶ
817 481 916 552 τῆς
960 481 1125 553 αῢτῆς
1170 483 1356 548 οὐσίας
1412 484 1474 552 ἐξ
1526 487 1801 560 ἑκατέρων
1831 489 1939 543 τῶν

2041 495 2341 552 substantia
2367 513 2434 552 ex
2461 508 2687 570 utraque
2717 498 3018 570 Scriptura.
3059 522 3078 556 ι
3106 503 3173 558 Et
3209 515 3369 561 erunt
3396 506 3450 561 in
3475 523 3606 564 con-

365 572 598 646 Γραφῶν
621 573 1063 645 περιισταμένης.
1097 596 1116 627 ι
1139 577 1248 630 Καὶ
1266 577 1476 633 ἔσονται
1498 580 1578 643 είς
1591 581 1778 653 ὅρασιν
1792 583 1939 655 πάσῃ

365 665 549 736 σαρκί.
585 684 604 716 ι
637 664 774 736 Ποία
825 665 883 718 δὲ
932 668 1096 738 σαρκὶ
1127 666 1160 738 ἢ
1193 669 1410 732 πάντως
1440 687 1540 723 που
1569 674 1634 743 τῇ
1670 671 1939 743 κολασθη-

365 756 588 828 σομένῃ,
623 756 723 826 τῆς
761 756 819 810 δὲ
866 757 1186 828 ἐπουρανίου
1217 759 1345 824 θέας
1377 761 1936 837 καταξιωθησομένῃ;

363 847 498 918 Περὶ
523 843 591 919 ἧς
641 847 894 919 ἀνωτέρω
927 849 1175 918 ἐλέγετοο
1218 870 1238 901 ι
1273 851 1428 916 ’Ἥξει
1469 855 1617 906 πᾶσα
1651 854 1786 928 σὰρξ
1843 855 1938 909 τοῦ

361 942 733 1012 προσκυνῆσαι
762 941 993 995 ἐνώπιόν
1022 960 1152 1012 μου·
1184 962 1203 995 ι
1237 937 1306 1015 ἧς
1340 946 1435 998 καὶ
1469 947 1627 1017 ἡμεῖς
1651 945 1937 1019 ἀξιωθείη-

359 1050 464 1102 μεν
487 1035 674 1104 εὐχαῖς
695 1033 790 1089 καὶ
805 1034 1119 1105 πρεσϐείαις
1142 1035 1358 1090 πάντων
1383 1037 1491 1091 τῶν
1519 1038 1710 1106 ἁγίων.
1741 1040 1931 1111 Ἀμήν.

2041 599 2281 659 εφεοιυηι
2311 590 2460 645 omni
2486 592 2660 647 carni.
2697 613 2718 647 ι
2750 593 2846 649 Cui
2891 594 3064 659 carni,
3115 597 3219 654 nisi
3262 614 3485 670 prorsus
3512 601 3564 656 ei
3587 643 3604 664 ,

2041 697 2160 752 quae
2190 683 2458 753 supplicio
2487 686 2802 751 addicenda,
2829 702 2892 742 ac
2913 689 3127 744 cetein
3150 689 3609 761 contemplatione

2041 773 2287 826 donanda
2320 781 2422 839 est,
2461 773 2527 828 de
2567 789 2670 844 qua
2700 779 2949 846 superius
2996 777 3318 836 dicebatur:
3361 798 3381 831 ι
3411 779 3606 836 Veniet

2039 857 2219 912 omnis
2236 873 2363 913 caro
2387 860 2454 914 ad
2481 861 2816 918 adorandum
2844 864 2896 918 in
2918 878 3207 938 conspectu
3237 869 3392 924 meo?
3437 887 3457 921 ι
3492 871 3609 937 Qus.

2043 949 2171 1003 item
2222 966 2320 1007 nos
2347 951 2496 1022 digni
2533 953 2832 1008 habeamur
2865 957 3120 1025 precibus
3164 970 3220 1016 et
3255 959 3606 1018 intercessio-

2041 1044 2200 1098 nibus
2235 1046 2474 1110 onmium
2514 1058 2849 1104 sanctorum.
2879 1051 3078 1106 Amen.

367 1255 3595 1287 .______._____._________._____________________________

1140 1421 1868 1513 FRAGMENTA
1945 1425 2067 1514 ΙΝ
2148 1426 2814 1516 DANIELEM.

1351 1643 1502 1718 (ΜΑΙ,
1533 1645 1863 1700 Bibliotheca
1901 1660 2031 1698 nova
2064 1641 2306 1708 Patrum,
2337 1643 2425 1709 iV,
2454 1645 2556 1699 3H
2585 1647 2603 1717 )

419 1962 490 2034 β’.
515 1962 777 2018 Εὕσεϐίου
805 1963 1141 2036 Καισαρείας
1183 1962 1348 2036 ῥητοῦ
1383 1965 1766 2035 προκειμένου,
1804 1967 1924 2018 Φω-

2093 1965 2149 2020 2.
2183 1967 2315 2020 Du.
2360 1980 2445 2026 ill,
2503 1963 2593 2017 49.
2644 1963 2857 2018 Eusebii
2918 1962 3269 2019 Cesariensis
3318 1963 3465 2019 dicto
3512 1965 3601 2019 illo

342 2056 429 2124 νὴ
446 2057 668 2124 Κυρίου
681 2055 1106 2122 διακόπτοντος
1119 2059 1317 2125 φλόγα
1337 2058 1526 2124 πυρός
1537 2055 1670 2127 (42).
1689 2057 1926 2127 Διεκόπη

2029 2055 2350 2124 proposito:
2423 2052 2537 2107 Vox
2604 2052 2815 2107 Domini
2901 2055 3259 2108 intercidentis
3325 2055 3597 2123 ﬂammant

345 2149 456 2220 μὲν
482 2151 540 2203 ἐν
562 2153 628 2221 τῇ
658 2147 933 2202 Βαϐυλῶνι
960 2151 994 2219 ἡ
1031 2148 1160 2218 φλὸξ
1194 2147 1286 2202 τοῦ
1315 2146 1485 2220 πυρὸς
1505 2147 1824 2202 διακοπεῖσα
1849 2147 1926 2218 τῷ

2027 2145 2162 2214 ignis
2188 2145 2257 2199 ⁸⁸.
2293 2144 2552 2198 lntercisa
2580 2155 2663 2199 eSt
2698 2143 2970 2214 Babylone
2997 2144 3214 2200 ﬂamma
3247 2145 3406 2217 ignis,
3435 2146 3602 2200 inter-

345 2240 731 2310 προστάγματι
779 2239 874 2294 τοῦ
921 2239 1095 2294 Θεοῦ“
1152 2238 1369 2304 ἐδέξατο
1411 2241 1469 2294 ὲν
1521 2239 1655 2310 αὐτῇ
1702 2239 1925 2310 ἡδίστην

2026 2237 2136 2291 cisa
2182 2236 2388 2291 scilicet
2419 2236 2508 2290 Dei
2537 2236 2710 2306 jussu.
2742 2235 2796 2290 in
2831 2236 3284 2306 jucundissimam
3323 2253 3478 2294 versa
3509 2249 3596 2301 est

340 2331 623 2405 ἀναπνοὴν
651 2333 743 2386 καὶ
773 2331 1073 2403 ἀναψυχὴν,
1109 2331 1298 2402 ὥσπερ
1348 2332 1404 2383 ὲν
1438 2331 1565 2400 σκιᾷ
1600 2347 1706 2382 τινι
1736 2329 1917 2399 φυτῶν

2027 2330 2452 2395 recreationem;
2488 2344 2553 2384 ac
2594 2328 2756 2384 voluti
2792 2330 2844 2383 in
2879 2330 3067 2384 umbra
3103 2330 3354 2386 arborum
3386 2332 3596 2402 quieta-

341 2427 406 2479 ὲν
444 2427 689 2498 εἰρηνικῇ
742 2423 1072 2480 καταστάσει
1128 2421 1474 2494 παρεχομένη
1526 2424 1637 2484 τοῖς
1692 2420 1919 2474 παισίνο

2024 2437 2128 2490 que
2159 2423 2390 2477 statione
2430 2421 2849 2477 adolescentulis
2880 2422 3123 2478 exhibuit
3151 2424 3593 2481 oblectationem.

341 2518 567 2589 ἐγένετο
595 2517 722 2587 γὰρ,
759 2517 914 2588 φησι,
950 2515 1082 2568 ὡσεὶ
1119 2513 1335 2586 πνεῦμα
1365 2513 1556 2587 δρόσου
1589 2511 1918 2584 διασυρίςον.

2023 2515 2184 2570 Facta
2209 2521 2294 2572 est
2327 2514 2470 2570 enim
2505 2529 2602 2569 ceu
2633 2515 2857 2570 roscidae
2883 2530 3028 2570 aurae
3058 2516 3288 2572 sibilus-

373 2637 381 2670 μ
399 2607 471 2678 γ’.
489 2609 642 2663 Ὥσεί
660 2607 788 2674 Υἱὸς
803 2606 1137 2676 ἀνθρώπου.
1157 2605 1416 2660 Εὐσεϐίου
1433 2604 1768 2676 Καισαρείας
1785 2603 1918 2674 (45).

2087 2607 2144 2661 5.
2187 2608 2320 2664 DAN.
2359 2622 2467 2672 νη,
2509 2607 2595 2662 15.
2649 2606 2815 2673 Quasi
2858 2603 3033 2662 Filius
3082 2609 3330 2665 hominis.
3377 2609 3593 2668 Eusebii

335 2698 542 2768 Σαφῶς
581 2697 820 2778 ἠγοῦμαι
853 2695 1144 2768 δηλοῦσθαι
1185 2694 1284 2767 τὴν
1324 2693 1550 2748 καθόλου
1592 2692 1793 2764 κρίσιν,
1831 2692 1920 2745 ὅτε

2019 2697 2384 2754 Caesariensis.
2413 2699 2694 2754 Manifeste
2730 2699 2964 2754 nuntiari
3007 2701 3249 2756 arbitror
3279 2702 3586 2758 universale

335 2793 547 2854 πάντες
569 2793 617 2845 οί
640 2789 699 2854 ἐξ
725 2790 918 2852 αἰῶνος
945 2788 1221 2860 ἄνθρωποι
1252 2786 1697 2858 παραστήσονται
1722 2781 1800 2854 τῷ
1831 2782 1920 2854 βή-

2017 2789 2298 2858 iudicium,
2328 2807 2448 2846 cum
2477 2805 2665 2848 omnes
2690 2791 2758 2846 ab
2785 2792 2918 2846 orbe
2941 2792 3160 2848 condito
3195 2792 3441 2852 homines
3464 2805 3590 2849 ante

345 2901 478 2955 ματι
512 2882 604 2936 τοῦ
632 2881 867 2953 Χριστοῦ
888 2898 904 2911 ο
941 2880 1077 2951 μετὰ
1109 2880 1165 2933 δὲ
1195 2877 1296 2950 τὴν
1323 2878 1431 2932 τῶν
1457 2875 1918 2948 τετελευτηκότων

2017 2883 2215 2940 Christi
2259 2883 2493 2940 tribunal
2525 2884 2800 2940 sistentur.
2842 2883 3012 2940 Porro
3051 2895 3230 2941 autem
3271 2895 3395 2956 post
3443 2902 3588 2942 mor-

337 2975 668 3040 ἀναϐίωσιν,
723 2973 816 3027 καὶ
853 2973 991 3044 μετὰ
1037 2973 1134 3042 τὴν
1177 2970 1321 3025 κατὰ
1365 2970 1580 3024 πάντων
1625 2969 1841 3040 κρίσιν,
1889 2968 1918 3020 ὁ

2019 2983 2230 3027 tuorum
2279 2975 2749 3040 resurrectionem,
2784 2975 3094 3045 dictamque
3140 2975 3193 3030 in
3234 2991 3422 3032 omnes
3465 2993 3587 3034 sen-

337 3067 654 3141 ὲωραμὲνος
669 3065 746 3136 τῷ
758 3065 955 3136 Δανιὴλ
982 3064 1110 3128 Υἱὸς
1130 3062 1416 3134 ἀνθρώπου
1450 3062 1803 3131 ἐπιστήσεται
1826 3059 1918 3112 ἐπὶ

2018 3064 2260 3131 tentiam,
2291 3064 2397 3134 ille,
2438 3067 2528 3136 qui
2565 3067 2712 3123 visus
2746 3067 2951 3122 Danieli
2991 3069 3114 3135 fuit,
3154 3068 3324 3124 Filius
3359 3069 3593 3124 hominis

333 3157 602 3229 νεφελῶν,
634 3158 733 3228 τὴν
765 3156 906 3211 κατὰ
934 3156 1149 3210 πάντων
1172 3153 1280 3207 τῶν
1303 3153 1450 3208 λαῶν
1477 3153 1571 3208 καὶ
1611 3151 1792 3220 φυλῶν
1813 3150 1916 3204 ὑπὸ

2017 3155 2069 3209 in
2119 3157 2350 3216 nubibus
2391 3153 2612 3224 'aderit,
2665 3165 2723 3211 ut.
2773 3158 3169 3214 intlelicientem
3222 3171 3590 3230 aeternamque

333 3251 434 3305 τοῦ
470 3251 684 3322 Πατρδς
715 3250 981 3316 ἐξουσίαν,
1031 3247 1128 3319 τὴν
1157 3249 1248 3300 καὶ
1283 3245 1557 3318 βασιλείαν
1598 3245 1792 3316 ἀγήρω
1823 3243 1916 3296 καὶ

2017 3248 2257 3302 omnium
2290 3248 2607 3320 populorum
2660 3250 3007 3320 tribuumque
3051 3261 3368 3322 potestatem
3405 3269 3472 3308 ac
3498 3268 3587 3307 re-

337 3341 696 3412 ἀτελεύτητον
721 3339 1169 3411 παραληψόμενος
1187 3355 1200 3368 ·
1231 3338 1308 3402 ὡς
1339 3338 1435 3392 καὶ
1473 3336 1636 3400 αὐτὸς
1667 3339 1695 3389 ὁ
1721 3335 1912 3406 Σωτὴρ
1940 3329 1949 3378 l

2017 3355 2176 3408 gnum
2206 3355 2235 3392 a
2275 3339 2436 3396 Patre
2473 3341 2724 3410 accipiat.
2774 3341 2926 3397 Sicut
2971 3342 3087 3410 ipse
3123 3344 3378 3400 Servatur
3417 3347 3486 3400 de
3529 3360 3589 3398 se

337 3433 500 3504 ἡμῶν
528 3433 656 3505 περὶ
690 3431 881 3485 ἑαυτοῦ
923 3431 1158 3485 διδάσκει
1193 3431 1364 3500 λέγων
1384 3447 1398 3460 ·
1437 3432 1575 3484 Ὅτε
1602 3427 1670 3481 δὲ
1695 3428 1840 3494 ἔλθῃ
1878 3428 1911 3480 ό

2017 3440 2196 3485 noster
2226 3432 2348 3484 ait:
2398 3430 2531 3485 Cum
2577 3443 2752 3486 autem
2784 3437 2978 3489 venerit
3031 3435 3208 3491 Filius
3255 3438 3479 3491 hominis
3528 3438 3584 3489 in

336 3523 471 3589 Υἱὸς
501 3523 608 3576 τοῦ
627 3522 938 3590 ἀνθρώπου
957 3523 1028 3578 ἐν
1053 3522 1127 3590 τῇ
1151 3521 1301 3590 δόξῃ
1332 3521 1541 3586 αὑτοῦ,
1570 3522 1667 3576 καί
1689 3519 1910 3585 πάντες

334 3617 396 3668 oi
427 3613 667 3685 ἄγγελοι
710 3615 836 3683 μετ’
878 3613 1086 3675 αὑτοῦ,
1120 3614 1254 3667 τότε
1280 3615 1513 3670 καθίσει
1555 3613 1653 3666 ἐπὶ
1693 3613 1908 3680 θρόνου

334 3703 528 3772 δόξης
565 3703 769 3764 αὑτοῦ,
805 3704 900 3758 καὶ
933 3702 1385 3772 συναχθήσεται
1421 3705 1758 3772 ἔμπροσθεν
1802 3702 1907 3754 αὺ-

333 3793 446 3847 τοῦ
468 3793 665 3847 πάντα
693 3794 762 3846 τὰ
785 3793 949 3859 ἔθνη,
969 3793 1062 3846 καὶ
1093 3793 1160 3846 τὰ
1191 3791 1335 3863 ἑξῆς·
1356 3793 1567 3863 συνᾴδει
1588 3793 1718 3861 γοῦν
1738 3792 1911 3847 ταῦτα

336 3887 462 3948 ταῖς
494 3885 552 3935 ὲν
591 3885 776 3954 χερσὶν
831 3885 1158 3953 μαρτυρίαις
1187 3883 1285 3954 τῆς
1330 3882 1422 3936 τοῦ
1451 3882 1650 3952 Δανιὴλ
1693 3899 1909 3953 προφη-

334 3977 510 4040 τείας,
539 3976 660 4029 καθ’
693 3977 757 4047 ἢν
784 3976 1063 4031 wax-.m-
1100 3976 1212 4030 Καὶ
1242 3975 1372 4030 ιδοὺ
1400 3974 1552 4044 μετὰ
1592 3974 1710 4029 τῶν
1737 3992 1909 4044 νεφε-

334 4067 465 4122 λῶν
510 4069 613 4122 τοῦ
645 4067 902 4136 οὐρανοῦ
939 4068 1018 4134 ὠς
1061 4066 1195 4134 Υἱὸς
1237 4067 1552 4135 ἀνθρώπου
1586 4066 1910 4136 ἐρχόμενος

334 4155 420 4230 ἦν
437 4180 450 4192 ·
479 4161 594 4225 ναὶ,
631 4162 776 4226 Ἕως
800 4159 905 4214 τοῦ
934 4158 1200 4213 Πωαιοῦ
1226 4158 1356 4211 τῶν.
1368 4155 1603 4227 ἡμερῶν
1621 4158 1906 4226 ἔφθασεν.

336 4252 440 4306 καί
467 4253 846 4322 προσηνέχθη
871 4252 1048 4318 αὐτῷ,
1075 4253 1172 4306 καί
1194 4251 1371 4318 ἐδόθη
1395 4249 1554 4315 αὐτῷ
1575 4251 1613 4318 ή
1635 4248 1792 4318 ἁρχὴ
1813 4249 1911 4303 καὶ

336 4348 380 4414 ἡ
409 4345 544 4414 τιμὴ
570 4345 669 4399 καὶ
690 4347 727 4413 ἡ
744 4346 1051 4410 βασιλεία,
1078 4346 1171 4398 καὶ
1202 4345 1270 4398 τὰ
1305 4343 1450 4415 ἑξῆς.

410 4439 471 4491 δ’.
487 4436 655 4502 Αὐτῷ
673 4437 846 4506 ἐδόθη
863 4438 900 4504 ἠ
918 4435 1094 4506 ἀρχή.
1118 4436 1398 4490 Εὐσεϐίου.
1421 4435 1493 4489 Οὐ
1520 4435 1678 4506 μόνον
1699 4434 1796 4504 τὴν
1815 4433 1908 4486 τοῦ

339 4529 476 4584 Υίοῦ
511 4529 792 4601 ἀνθρώπου
823 4531 1095 4601 βασιλείαν
1114 4533 1142 4585 ὁ
1173 4530 1454 4602 προφήτης
1486 4527 1754 4591 θεσπίζει,
1777 4525 1911 4580 ἀλλὰ

337 4622 438 4676 καὶ
471 4621 710 4684 πλείονα,
737 4623 863 4689 περὶ
883 4615 958 4674 ὧν
989 4637 1140 4692 φησι.

2010 3521 2286 3590 majestate
2312 3539 2430 3586 sua,
2457 3533 2503 3576 et
2533 3540 2709 3579 omnes
2750 3528 2922 3596 angeli
2960 3544 3076 3601 cum
3107 3546 3188 3592 eo,
3235 3539 3356 3583 tunc
3389 3530 3588 3584 sedebit

2009 3614 2062 3666 in
2107 3613 2292 3668 throno
2327 3614 2508 3684 gloria:
2552 3632 2684 3681 suae,
2720 3626 2772 3670 et
2811 3620 3270 3688 congregabantur
3299 3639 3477 3678 coram
3525 3644 3586 3680 ea

2009 3719 2184 3786 omnes
2220 3713 2396 3774 gentes
2421 3705 2498 3771 ³⁷,
2533 3715 2588 3761 et
2637 3707 2865 3776 reliqua.
2916 3707 3042 3765 Haec
3085 3711 3247 3780 igitur
3283 3727 3587 3769 consonant

2013 3796 2354 3860 testimoniis,
2397 3811 2517 3866 quae
2561 3813 2704 3854 nunc
2753 3799 3016 3855 habemus
3061 3800 3113 3856 in
3164 3803 3432 3872 manibus,
3473 3805 3580 3862 Da-

2012 3887 2166 3942 nielis
2197 3888 2496 3958 prophetae,
2523 3890 2664 3958 apud
2691 3906 2852 3960 quem
2887 3893 3088 3947 dicitur
3114 3912 3128 3948 :
3164 3894 3232 3948 Et
3255 3913 3371 3950 erce
3397 3898 3602 3955 aderat

2009 3978 2183 4034 Filius
2219 3981 2443 4035 hominis
2473 3983 2526 4035 in
2551 3983 2775 4038 nubibus
2814 3984 2929 4038 caeli
2951 3984 3024 4043 ³⁸.
3065 3985 3194 4041 Item
3225 4005 3238 4040 :
3275 3987 3450 4042 Donec
3471 3991 3584 4042 An-

2010 4072 2183 4140 tiquus
2229 4074 2434 4128 dierum
2486 4077 2656 4141 venit;
2702 4077 3041 4147 oblatumque
3077 4094 3138 4131 ac
3180 4080 3366 4133 datum
3412 4089 3491 4134 est
3536 4083 3585 4135 ei

2009 4167 2279 4233 imperium
2305 4179 2351 4220 et
2382 4170 2550 4222 honor
2575 4179 2625 4223 et
2653 4186 2884 4239 regnum,
2909 4179 2965 4224 et
2994 4170 3216 4242 reliqua.

2079 4431 2134 4484 ι.
2177 4430 2308 4485 ΒΑΝ.
2339 4446 2436 4496 vn,
2468 4433 2552 4486 li.
2590 4432 2812 4487 Tradita
2835 4443 2912 4488 est
2938 4436 3306 4504 ipsipotestas.
3338 4437 3577 4493 Eusebii.

2011 4521 2161 4576 "and
2199 4523 2372 4578 solum
2417 4522 2538 4578 Filii
2583 4525 2821 4580 hominis
2865 4541 3088 4596 regnum
3137 4528 3394 4595 propheta
3441 4531 3580 4582 vati-

2009 4615 2242 4678 cinatur,
2273 4629 2460 4669 verum
2485 4627 2541 4668 et
2574 4615 2710 4670 alias
2746 4631 2834 4670 res
2859 4617 2923 4670 de
2953 4617 3150 4684 quibus
3182 4619 3342 4671 verba
3377 4618 3529 4672 facit.

414 4721 477 4769 ε’.
507 4715 617 4770 Καὶ
645 4679 1102 4783 amissaa.
1122 4712 1236 4780 τὴν
1261 4712 1604 4777 βασιλείαν.
1645 4712 1905 4767 Εὑσεϐίου
1938 4679 1949 4734 ¹

2081 4705 2133 4759 5.
2178 4706 2306 4760 ΒΑΝ.
2348 4721 2454 4771 vn,
2500 4704 2585 4761 18.
2620 4705 2689 4760 Et
2741 4679 3312 4776 regnum-suscipient.
3370 4708 3581 4763 Eusebii

337 4807 696 4876 Καισαρείας.
731 4804 1222 4876 Συμϐασιλεύοντες
1269 4803 1467 4874 δηλαδὴ
1501 4802 1595 4856 καὶ
1631 4803 1783 4856 αὐτοὶ
1833 4803 1908 4873 τῷ

335 4897 481 4968 Θεῷ.
532 4898 688 4962 Τίνες
724 4898 770 4951 δ’
801 4898 866 4952 ἂν
895 4894 1005 4952 εἷεν
1045 4892 1211 4958 οὗτοι,
1258 4896 1291 4967 ἢ
1329 4897 1378 4950 οί
1430 4895 1763 4968 κληρονόμοι
1811 4896 1905 4949 τοῦ

333 4989 499 5051 Θεοῦ,
524 4990 952 5062 συγκληρονόμοι
970 4989 1026 5043 δὲ
1047 4987 1283 5060 Χριστοῦ
1304 5005 1320 5052 ;
1339 4984 1420 5052 οἷς
1449 4989 1543 5041 καὶ
1557 4987 1905 5060 ἐπήγγελται,

331 5085 436 5156 τὴν
473 5081 744 5152 βασιλείαν
775 5082 882 5137 τῶν
911 5081 1187 5155 οὐρανῶν,
1233 5081 1504 5152 βασιλείαν
1544 5082 1910 5153 ἐπιστησομέ-

333 5193 433 5246 νην
461 5176 560 5246 τὴν
596 5174 732 5247 μετὰ,
771 5175 1041 5246 τέσσαρας
1077 5172 1371 5243 βασιλείας,
1414 5173 1512 5236 τὰς
1545 5171 1622 5244 τῷ
1649 5175 1902 5246 προφήτῃ

331 5265 684 5341 ἐωραμένας,
723 5267 850 5338 περὶ
885 5258 960 5320 ὧν
982 5266 1060 5329 ὡς
1084 5268 1144 5319 ὲν
1187 5265 1444 5338 βραχέσιν
1474 5265 1682 5339 ἀρτίως,
1705 5264 1905 5334 διειλή-

330 5373 534 5428 φαμεν.
562 5354 839 5410 Ἐντεῦθεν
869 5351 1020 5424 οἶμαι
1057 5353 1150 5408 τὸν
1180 5354 1476 5410 ἀπόστολον
1503 5353 1714 5408 Παῦλον
1731 5355 1903 5424 όρμᾶ-
1935 5421 1937 5423 ι

403 5497 449 5529 ⁸⁸
489 5495 632 5553 Psal.
673 5514 867 5561 xxvttt,
915 5498 969 5551 7.
1047 5499 1091 5530 ³⁷
1131 5496 1496 5562 Mattthxv,
1541 5497 1631 5562 5|,
1663 5497 1756 5551 32.

406 5618 519 5692 με)
542 5619 684 5687 Quin
716 5619 805 5674 hic
849 5618 1000 5673 locus
1041 5635 1106 5674 ex
1151 5616 1800 5692 Eusebii_rommentari_u
1848 5616 1899 5669 in

331 5688 596 5756 psalmum
627 5705 792 5744 xxvm
827 5699 1098 5751 sumatur.
1144 5689 1233 5744 vix
1279 5688 1632 5742 dubitandum
1686 5688 1899 5740 videre-

333 5769 448 5824 tur;
477 5770 717 5812 attamen
769 5760 814 5814 is
843 5774 1014 5828 neque
1061 5762 1114 5812 in
1142 5758 1493 5828 Corderiipd
1540 5756 1780 5828 Psalmns
1812 5773 1901 5828 cae

2010 4797 2379 4853 Cresariensis.
2421 4797 2624 4867 Nempe
2660 4797 2758 4867 ipsi
2806 4813 3018 4868 quoque
3065 4814 3184 4852 cum
3235 4798 3344 4852 Deo
3391 4814 3584 4870 regna-

2012 4891 2164 4947 bunt.
2202 4891 2433 4958 Quinam
2460 4905 2592 4945 vero
2634 4899 2760 4944 sunt
2793 4891 2869 4952 hi.
2915 4890 3014 4944 nisi
3049 4889 3292 4945 hzeredes
3337 4890 3454 4955 Dei,
3490 4907 3582 4945 co-

2013 4974 2252 5039 hmretles
2293 4993 2473 5038 autem
2507 4981 2743 5038 Christi?
2784 4982 2980 5051 quibus
3015 4982 3141 5036 item
3182 4983 3442 5037 caelorum
3486 4998 3576 5036 re-

2012 5091 2176 5144 gnum
2242 5075 2568 5144 promissum
2621 5089 2651 5128 a
2705 5072 2924 5130 Christo
2976 5082 3093 5138 est,
3146 5074 3289 5141 quod
3349 5089 3575 5144 regnum

2012 5181 2203 5237 nempe
2238 5176 2528 5238 consurget
2561 5177 2681 5238 post
2719 5167 2806 5221 illa
2840 5173 3072 5236 quatuor
3101 5182 3199 5236 per
3241 5166 3415 5220 visum
3455 5183 3580 5237 pro,

2009 5261 2188 5329 pheta:
2231 5261 2446 5324 oblata;
2489 5263 2556 5316 de
2587 5260 2785 5332 quibus
2829 5259 3065 5316 breviter
3113 5260 3272 5314 modo
3309 5259 3580 5314 disserui—

2012 5369 2152 5410 mus.
2180 5353 2318 5410 Hinc
2349 5354 2531 5410 divum
2573 5353 2871 5423 apostolum
2905 5351 3130 5410 Paulum
3167 5351 3374 5422 cepisse
3411 5367 3580 5406 occa-

2008 5615 2073 5669 τω
2108 5614 2352 5689 Psaimos
2379 5618 2770 5689 commentario
2803 5624 3048 5689 apparet.
3189 5682 3310 5689 _-_A_
3343 5684 3356 5689 _
3457 5646 3462 5654 ς

2079 5687 2194 5752 ((5)
2227 5687 2281 5740 In
2332 5688 2467 5741 hanc
2495 5682 2852 5742 Danielicam'
2873 5682 3130 5739 uisionem
3189 5682 3311 5738 Filii
3343 5682 3579 5752 hominis

2003 5751 2400 5812 commentatur
2425 5759 2563 5813 idem
2595 5757 2876 5824 Eusebius,
2904 5755 2999 5812 sed
3041 5756 3158 5811 aliis
3195 5754 3392 5816 verbis,
3431 5751 3572 5805 Hist.

335 5842 460 5886 tena
492 5829 744 5895 Patrum,
784 5825 954 5899 neque
985 5830 1038 5884 in
1071 5831 1288 5900 vulgato
1314 5844 1343 5882 a
1386 5825 1645 5882 Mam-ints
1688 5827 1898 5880 Eusebii
2002 5827 2152 5892 σαί,
2186 5841 2222 5887 t,
2249 5827 2303 5882 2.
