4170 6406
536 337 642 396 527

1212 325 1478 384 EUSEBII
1514 323 1988 383 CESARIENSIS
2025 321 2178 404 OPP.
2221 322 2401 381 PARS
2440 323 2528 380 111.
2569 358 2636 367 -
2667 325 3076 384 EXEGETICA.

3676 331 3782 388 528

535 456 739 507 sionem
791 450 1026 505 arbitror
1069 447 1136 502 de
1183 449 1421 503 secundo
1454 447 1656 503 Christi
1691 447 1923 502 adventu
1972 446 2112 502 scri-

2216 446 2339 499 σθαι
2367 447 2496 518 περὶ
2527 447 2627 518 τῆς
2670 447 2928 520 δευτέρας
2974 447 3212 518 ἀφίξεως
3243 445 3335 502 τοῦ
3369 447 3606 520 Χριστοῦ
3640 452 3784 521 γρά-

534 540 694 597 hendi
727 541 881 596 htec:
914 538 979 593 In
1005 538 1182 608 jussu,
1211 539 1264 592 in
1297 554 1416 592 voce
1442 538 1766 608 archangeli,
1803 548 1852 592 et
1883 539 1940 592 in
1980 538 2104 593 tuba

530 633 632 688 Dei
687 630 958 688 descendet
1011 632 1075 686 de
1105 629 1332 694 caelo",
1376 640 1432 686 et
1475 630 1701 700 reliqua.
1748 631 1917 686 Porro
1964 631 2103 685 idem

532 725 804 794 apostolus
846 733 1149 778 extremum
1195 739 1408 794 quoque
1451 722 1772 778 Antichristi
1809 723 2101 778 adventum

530 816 645 870 sive
689 815 1067 886 perditionem,
1119 823 1415 884 posteaque
1458 814 1750 884 gloriosam
1799 814 2104 870 Servatoris

531 909 700 964 nostri
761 909 1131 978 praesentiam,
1173 915 1541 963 consentanee
1579 907 1838 962 vaticinio
1881 908 2103 963 exhibet

531 1002 717 1057 dicens
754 1023 766 1057 :
802 999 967 1055 Nemo
1007 1017 1095 1055 vos
1144 997 1254 1052 ullo
1297 1001 1450 1053 modo
1495 999 1758 1068 decipiat;
1811 999 1914 1053 nisi
1966 1009 2104 1053 certe

527 1094 676 1161 prius
726 1094 952 1147 evenerit
997 1091 1297 1161 apostasia,
1340 1100 1388 1145 et
1434 1090 1698 1145 revelatus
1741 1089 1897 1159 fuerit
1946 1091 2100 1143 homo

525 1185 726 1254 peccati
764 1200 854 1238 seu
886 1183 1196 1252 perditionis
1236 1182 1403 1252 ﬁlius,
1445 1183 1536 1251 qui
1576 1181 1885 1235 adversatur
1919 1189 1968 1234 et
2005 1196 2099 1234 etc--

527 1274 731 1328 tollitur
777 1291 938 1343 supra
981 1289 1132 1328 omne
1176 1274 1317 1342 quod
1364 1272 1561 1324 dicitur
1613 1270 1787 1336 Deus,
1832 1280 1923 1324 aut
1961 1271 2100 1341 quod

526 1365 758 1418 colitur:
792 1365 867 1418 ita
900 1373 954 1417 ut
999 1364 1054 1418 in
1097 1363 1288 1431 templo
1335 1361 1436 1416 Dei
1473 1364 1687 1430 sedeat,
1737 1372 2004 1417 ostentans
2045 1379 2100 1416 se

525 1466 778 1524 tanquam
823 1456 890 1509 sit
942 1453 1106 1507 Deus.
1173 1452 1364 1507 Nonne
1425 1454 1736 1509 meministis
1787 1470 1869 1508 me
1927 1455 2099 1508 adhuc

523 1549 666 1613 apud
699 1563 786 1601 vos
828 1556 1118 1600 versantem
1144 1545 1254 1599 hazc
1299 1548 1469 1603 dicere
1488 1547 1578 1600 "‘i
1603 1555 1657 1602 et
1687 1547 1910 1617 reliqua.
1972 1545 2099 1601 Haec

525 1637 788 1692 miriﬁcus
833 1636 906 1690 ait
945 1637 1232 1704 Apostolus
1283 1637 1335 1692 in
1367 1653 1466 1693 sua
1507 1639 1572 1694 de
1605 1639 1712 1694 line
1754 1639 1971 1694 humani
2005 1654 2098 1709 ge-

524 1730 673 1784 neris
709 1729 986 1794 oratione;
1025 1728 1264 1785 Danielis
1291 1730 1572 1801 propheta:
1607 1731 1861 1786 vaticinio
1889 1731 1955 1785 de
1984 1730 2097 1784 An-

2213 554 2382 607 φοντα
2411 538 2588 592 τοιάδε
2605 555 2618 568 ·
2647 539 2777 592 Ὅτι
2809 541 2993 607 αὐτὸς
3022 544 3055 595 ὀ
3073 542 3287 608 Κύριος
3306 541 3375 594 ἐν
3398 542 3780 612 κελεύσματι,

2203 629 2275 683 ἐν
2292 629 2464 700 φωνῇ’
2481 629 2855 702 ἀρχαγγέλου
2888 632 2986 685 καὶ
3008 633 3077 685 ἐν
3106 631 3393 703 σάλπιγγι
3430 633 3578 687 Θεοῦ
3614 650 3786 689 scara-

2206 723 2450 789 ϐήσεται
2471 724 2570 778 ἀπ’
2604 724 2886 791 οὐρανοῦ,
2918 725 3012 777 καὶ
3041 724 3108 778 τὰ
3132 725 3278 796 ἑξῆς.
3309 724 3365 778 '0
3385 723 3433 777 δ’
3467 724 3631 789 αὐτὸς
3649 727 3784 780 ἀπό-

2206 813 2391 877 στολος
2421 815 2514 867 καὶ
2538 814 2637 886 τὴν
2669 814 2906 886 ὑστάτην
2937 814 3033 867 τοῦ
3079 814 3449 886 Ἀντιχρίστου
3482 815 3665 886 ἄφιξιν
3682 817 3780 888 τὴν

2202 907 2298 960 καὶ
2328 905 2622 973 ἀπώλειαν,
2657 907 2753 961 καὶ
2785 908 2877 961 ἐπὶ
2901 907 3073 980 ταύτῃ
3098 907 3199 979 τὴν
3216 909 3310 962 τοῦ
3343 909 3596 980 Σωτῆρος
3621 911 3654 978 ἠ
3664 910 3780 979 μῶν

2202 997 2410 1064 ἔνδοξον
2434 997 2734 1068 παρουσίαν
2759 997 3066 1062 ἀκολούθως
3079 1003 3146 1071 τῇ
3161 995 3466 1070 προφητείᾳ
3484 998 3780 1069 παρίστησι

2201 1090 2392 1161 λέγων’
2428 1090 2619 1158 Μῆτις
2647 1088 2802 1161 ὑμᾶς
2831 1091 3186 1161 ἐξαπατήσῃ
3217 1091 3366 1146 κατὰ
3391 1089 3627 1159 μηδένα
3655 1091 3782 1158 τρό-

2201 1197 2346 1237 πον·
2383 1182 2474 1236 ὅτι
2495 1182 2602 1237 ἐὰν
2619 1181 2706 1252 μὴ
2732 1183 2880 1252 ἔλθη
2918 1183 2957 1250 ἡ
2991 1183 3338 1238 ἀποστασία
3380 1184 3636 1253 πρῶτον,
3677 1182 3779 1238 καὶ

2200 1274 2603 1346 ἀποκαλυφθῇ
2640 1278 2672 1329 ό
2708 1273 3015 1344 ἄνθρωπος
3060 1274 3174 1344 τῆς
3214 1275 3520 1345 ἁμαρτίας,
3573 1278 3608 1330 ὁ
3650 1275 3780 1341 υίὸς

2199 1368 2313 1436 τῆς
2344 1368 2663 1434 ἀπωλείας,
2692 1370 2725 1423 d
2759 1368 3168 1437 ἀντικείμενος
3197 1367 3296 1421 καὶ
3316 1368 3779 1436 ὑπεραιρόμενος

2198 1459 2298 1511 ἐπὶ
2337 1461 2534 1516 πάντα
2560 1461 2856 1530 λεγόμενα
2887 1459 3035 1513 Θεὸν
3073 1459 3112 1528 ἢ
3145 1459 3442 1529 σέϐασμα,
3486 1457 3642 1512 ὥστε
3680 1459 3782 1512 αὐ·

2198 1553 2304 1607 τὸν
2322 1554 2408 1618 είς
2437 1553 2542 1605 τὸν
2576 1551 2730 1606 ναὸν
2759 1552 2862 1606 τοῦ
2878 1551 3026 1606 Θεοῦ
3049 1553 3311 1615 καθίσαι,
3340 1548 3781 1605 ἀποδεικνύντα

2198 1643 2414 1699 ἑαυτὸν
2434 1643 2522 1696 ὅτι
2545 1642 2677 1696 ἐστι
2703 1644 2843 1708 θεός
2861 1659 2876 1673 ·
2911 1643 2983 1696 οὐ
3003 1642 3412 1712 μνημονεύετε
3442 1641 3531 1694 ὅτι
3574 1641 3664 1694 ἔτι
3693 1637 3782 1694 ὢν

2197 1736 2346 1805 πρὸς
2372 1733 2529 1806 ὑμᾶς
2573 1734 2763 1789 ταῦτα
2803 1736 3019 1805 ἔλεγον
3066 1733 3210 1804 ὑμῖν
3235 1750 3253 1798 ;
3283 1733 3466 1788 καὶτὰ
3502 1733 3646 1805 ἑξῆς.
3675 1733 3782 1786 Το-

523 1819 796 1887 tichristo,
834 1829 890 1876 et
939 1822 1005 1876 de
1053 1820 1292 1892 glorioso
1334 1821 1643 1879 Servatoris
1685 1822 1856 1877 nostri
1901 1821 2130 1893 regno,l

2197 1825 2368 1880 σαῦτα
2385 1828 2414 1879 ὁ
2441 1825 2742 1896 θαυμάσιος
2765 1823 3085 1889 Ἀπόστολος
3103 1826 3159 1877 ὲν
3184 1826 3296 1887 τοῖς
3313 1823 3440 1896 περὶ
3471 1822 3779 1887 συντελείας

520 1911 684 1968 ﬁdem
715 1922 987 1968 astruens.

592 2188 647 2246 6.
689 2190 822 2244 DAN.
847 2203 926 2255 ut,
947 2188 1039 2243 26.
1074 2187 1343 2244 Delebitur
1372 2191 1572 2246 unctio.
1616 2189 1857 2246 Eusebii.
1885 2191 2091 2247 Vanam

514 2285 626 2356 jam
673 2293 728 2340 et
767 2294 962 2355 printer
995 2283 1165 2354 legem
1211 2282 1520 2339 unctionem
1572 2299 1915 2355 coarguens:
1953 2285 2094 2353 quod

519 2378 661 2434 idem
689 2377 756 2434 de
786 2376 1068 2435 sacrificiis
1093 2385 1148 2433 et
1177 2377 1243 2432 de
1273 2377 1480 2432 laedere
1511 2375 1715 2431 factum
1762 2376 1928 2431 dices.
1968 2375 2094 2431 llzec

518 2469 664 2525 enim
701 2479 851 2526 recte
897 2469 1244 2541 legitimeque
1278 2469 1676 2539 peragebantur
1709 2478 1838 2523 ante
1891 2467 2096 2522 Serva-

517 2563 652 2618 toris
692 2563 861 2618 nostri
905 2563 1236 2632 passionem,
1267 2561 1392 2631 quia
1437 2561 1607 2615 virtus
1637 2559 1813 2615 adhuc
1851 2559 2094 2615 caelestis

519 2656 637 2712 loca
670 2667 858 2713 sancta
901 2656 1201 2710 obsidebat.
1242 2652 1444 2708 Verum
1483 2653 1669 2708 eadem
1720 2667 1846 2708 mox
1884 2651 2094 2708 sublata

517 2748 760 2814 luerunt,
805 2757 1026 2818 propter
1077 2747 1204 2801 illud
1248 2745 1552 2816 perlectum
1607 2744 1825 2814 Deoque
1873 2745 2091 2815 dignum

519 2840 878 2902 sacriﬁcium,
934 2854 1040 2908 quo
1092 2840 1382 2909 semetipse
1425 2837 1621 2894 obtulit
1687 2851 1785 2907 pro
1851 2835 2088 2905 peccatis

517 2934 746 2989 nostris.
773 2934 867 2988 Est
895 2934 1041 2988 enim
1075 2932 1120 2987 is
1145 2932 1332 3002 Agnus
1366 2931 1484 2996 Dei,
1520 2931 1610 3001 qui
1642 2930 1781 2985 tollit
1811 2937 2092 2999 peccatum

519 3022 728 3088 mundi,
750 3021 920 3077 hostia
942 3021 1197 3076 nimirum
1218 3035 1323 3092 pro
1346 3021 1558 3076 cunctis
1583 3019 1911 3101 hominibus.
1933 3017 2093 3073 Novis

519 3113 816 3184 mysteriis,
865 3126 1003 3168 novo
1046 3111 1252 3168 ﬁndere
1297 3112 1464 3178 inito,
1502 3113 1782 3183 antiquum
1834 3108 2086 3166 exolevit.

2194 1917 2288 1970 τοῦ
2322 1917 2438 1988 βίου
2460 1915 2701 1987 διεξῆλθε
2719 1915 2918 1985 λόγοις,
2953 1915 3022 1969 τὰ
3053 1915 3142 1968 διὰ
3163 1913 3259 1968 τοῦ
3283 1915 3560 1987 προφήτου
3580 1915 3776 1985 Δανιὴλ

2193 2009 2323 2080 περὶ
2340 2006 2434 2062 τοῦ
2492 2008 2877 2079 Ἀντιχρίστου,
2930 2007 3154 2078 καὶτῆς
3200 2005 3297 2060 τοῦ
3330 2007 3582 2079 Σωτῆρος
3621 2006 3777 2078 ἡμῶν

2193 2099 2404 2165 ἐνδόξου
2439 2099 2716 2169 βασιλείας
2739 2098 3140 2170 τεθεσπισμὲνα
3168 2098 3548 2170 πιστούμενος.

2266 2199 2340 2258 ς’.
2405 2191 3010 2260 Ἐξολοθρευθήσεται
3057 2191 3304 2260 χρίσμα.
3362 2190 3647 2244 Εὐσεὸίου.
3699 2189 3778 2244 Τὸ

2193 2284 2414 2356 ἄκριτον
2457 2284 2550 2337 καὶ
2587 2282 2905 2354 παράνομον
2945 2281 3123 2335 αὐτῶν
3173 2280 3559 2335 διαϐάλλουσαο
3603 2279 3780 2343 οὓτως

2192 2375 2248 2428 δὲ
2271 2376 2365 2429 καὶ
2399 2376 2493 2428 ἐπὶ
2520 2378 2619 2446 τῆς
2653 2375 2846 2439 θυσίας
2867 2375 2964 2429 καὶ
2987 2376 3086 2446 τῆς
3114 2374 3349 2446 σπουδῆς
3371 2372 3778 2446 συμϐεϐηκέναι

2194 2467 2415 2538 φήσεις·
2452 2466 2627 2537 ὀρθῶς
2667 2467 2766 2538 μὲν
2808 2467 2903 2520 καὶ
2935 2466 3074 2520 κατὰ
3110 2466 3274 2538 νόμον
3302 2466 3408 2538 πρὸ
3449 2465 3543 2518 τοῦ
3571 2464 3779 2528 πάθους

2193 2560 2286 2614 τοῦ
2316 2560 2569 2630 Σωτῆρος
2593 2558 2752 2630 ήμῶν
2773 2559 3200 2631 ἐπιτελουμένης
3216 2559 3304 2613 διὰ
3320 2559 3417 2628 τὴν
3439 2560 3520 2623 είς
3547 2557 3626 2611 ἔτι
3652 2557 3775 2610 τότε

2193 2649 2261 2703 τὰ
2303 2650 2410 2703 τῶν
2452 2649 2621 2718 ἁγίων
2660 2649 2842 2704 τόπων
2871 2649 3156 2721 ἐφορῶσαν
3197 2649 3459 2720 δύναμιν·
3492 2664 3778 2720 περιαιρε-

2195 2739 2381 2809 θείσης
2403 2738 2459 2791 δὲ
2482 2737 2680 2791 αὐτίκα
2712 2738 2849 2809 μετὰ
2873 2737 2972 2810 τὴν
3000 2737 3168 2792 αὐτοῦ
3192 2736 3404 2790 τέλειαν
3431 2737 3527 2789 καὶ
3543 2737 3774 2807 θεοπρε-

2194 2832 2268 2902 πῆ
2303 2829 2510 2895 θυσίαν,
2535 2831 2602 2901 ἢν
2631 2828 3002 2902 προσήνεγκεν
3030 2829 3194 2893 αὐτὸς
3233 2826 3425 2883 ἑαυτὸν
3470 2827 3613 2899 ὑπὲρ
3665 2827 3775 2881 τῶν

2193 2921 2474 2994 ἁμαρτιῶν
2509 2920 2702 2992 ἡμῶν
2751 2921 2912 2986 αὑτός
2947 2938 3006 2974 τε
3037 2921 3112 2976 ὣν
3142 2922 3171 2974 ὁ
3221 2920 3416 2992 Ἀμνδς
3438 2918 3532 2973 τοῦ
3571 2919 3706 2974 Θεοῦ
3743 2921 3776 2974 ὀ

2193 3012 2364 3086 αῐρων
2395 3013 2493 3085 τὴν
2525 3013 2799 3084 ἁμαρτίαν
2819 3012 2914 3067 τοῦ
2941 3013 3144 3085 κόσμου
3163 3015 3244 3077 είς
3267 3011 3456 3066 θυσίαν
3487 3013 3652 3067 πᾶσιν
3675 3012 3773 3066 ἀν-

2195 3105 2458 3179 θρώποις·
2484 3105 2625 3161 κατὰ
2652 3106 2720 3161 τὰ
2744 3107 2905 3161 καινὰ
2941 3107 3216 3179 μυστήρια
3244 3106 3344 3178 τῆς
3375 3104 3569 3176 καινῆς
3585 3105 3774 3177 διαθή-

519 3205 692 3261 Simul
732 3219 797 3260 ac
843 3204 985 3260 enim
1031 3202 1312 3258 oraculum
1353 3202 1481 3258 illud
1523 3205 1853 3273 completum
1884 3211 1987 3269 est,
2021 3200 2130 3261 Ett

2197 3217 2294 3272 κης
2321 3199 2738 3272 παραδοθείσης,
2769 3199 2838 3254 τὰ
2877 3201 2975 3271 τῆς
3014 3199 3251 3262 παλαιᾶς
3285 3197 3604 3270 περιῄρετο·
3633 3197 3771 3269 ὁμοῦ

516 3296 787 3352 roborabit
820 3295 988 3365 {cadus
1032 3293 1215 3350 multis
1248 3293 1581 3348 hebdomada
1623 3309 1763 3360 una,
1809 3293 2091 3364 antiquum

520 3387 698 3444 fmdus
728 3387 908 3444 desiit.

2193 3290 2302 3362 γὰρ
2321 3291 2382 3344 τὸ
2410 3290 2747 3362 πληροῦσθαι
2783 3290 2846 3344 τὸ
2873 3291 3082 3360 φάσκον
3127 3289 3328 3359 λόγιον,
3359 3289 3471 3344 Kal
3505 3286 3776 3358 δυναμώ-

2193 3396 2292 3436 σει
2306 3381 2603 3452 διαθήκην
2633 3382 2886 3451 πολλοῖς
2903 3383 3156 3454 ἑϐδομὰς
3171 3385 3302 3454 μία,
3329 3382 3401 3437 τὰ
3417 3384 3515 3455 τῆς
3537 3380 3774 3446 παλαιᾶς

2191 3475 2454 3548 διαθήκης
2480 3475 2791 3548 περιῄρετο.

3437 3654 3746 3673 -“

596 3740 1126 3821 Catente‘Graecm,
1158 3755 1309 3821 cura
1326 3739 1389 3821 _J.
1425 3740 1497 3821 ᾼ.
1526 3737 1808 3821 Crameri
1839 3754 2009 3801 anno
2061 3738 2215 3801 18M!-
2253 3740 2494 3821 Oxonii
2546 3738 2756 3821 editae,
2817 3739 2941 3821 sub
2971 3739 3547 3821 Eusebiinomine
3597 3739 3770 3821 frag-

519 3825 728 3905 menta
763 3817 917 3905 satis
945 3816 1253 3905 amplam
1285 3817 1650 3905 Matthmum
1682 3825 1744 3878 et
1777 3817 2188 3905 indemnem
2225 3819 2568 3905 exhibent,
2598 3819 2755 3905 Ilaec
2788 3819 3176 3905 verbotenus
3226 3819 3538 3905 derivavit
3563 3816 3770 3905 colle:

519 3904 763 3977 ctorex
799 3893 1555 3977 EusebiiQuwstionibus
1597 3894 1971 3974 euangelicis
2027 3913 2221 3975 supra
2266 3897 2482 3960 editis.
2509 3896 2679 3977 AAlia
2716 3897 3197 3977 insuperqbene
3244 3898 3450 3977 multa
3493 3914 3640 3977 quos
3685 3899 3766 3960 ad

519 3972 781 4060 eosdem
809 3972 1236 4060 evangelistas
1272 3982 1334 4034 et
1367 3972 1770 4060 adOItiarcum'
1796 3972 2130 4060 spectant;
2162 3983 2400 4060 catenas
2446 3975 2708 4060 Nicetes,
2763 3972 3182 4060 PoSsinianm,
3225 3972 3640 4060 Qorderitinaa
3674 3977 3773 4060 in:

525 4057 711 4138 serta,
740 4051 1042 4129 leguntur
1073 4058 1204 4138 tum
1231 4068 1421 4138 supra
1454 4051 2012 4138 in_Supplemento
2041 4052 2467 4128 Quaestionum
2501 4053 2582 4114 ad
2607 4054 2988 4135 Stephanum
3012 4098 3029 4130 ,
3074 4060 3212 4117 tum
3245 4055 3314 4116 in
3347 4057 3646 4138 sequenti
3684 4054 3770 4116 ad

531 4128 758 4190 Lucam
793 4128 1266 4190 commentario.
1307 4128 1489 4190 EDIT.
1523 4130 1717 4190 Pun.

1291 4441 2051 4574 EUSEBIUS
2139 4445 2302 4570 IN
2376 4443 2964 4577 LUCAM.

940 4677 1166 4750 (Angela
1197 4676 1324 4748 MAI,
1353 4675 1680 4733 Bibliotheca
1709 4694 1839 4734 nova
1873 4678 2115 4747 Patrum,

2197 4697 2282 4737 im.
2320 4680 2408 4746 ιν,
2444 4699 2566 4755 pag.
2597 4685 2718 4741 159.
2756 4684 2941 4742 Romae
2971 4686 3130 4753 1847,
3165 4687 3217 4743 in
3240 4686 3341 4757 4⁸.)

2094 4843 2164 4856 ..-

1834 5017 2458 5112 MONITUM.

591 5212 757 5278 Quem
791 5212 845 5266 in
876 5211 1302 5284 subsequentibus
1331 5211 1542 5284 paginis
1573 5211 1768 5267 edituri
1794 5227 1977 5265 sumus
2035 5209 2249 5264 Eusebii
2297 5212 2752 5277 commentarium,
2799 5212 3090 5283 vel'potius
3138 5215 3255 5284 ejus
3296 5224 3472 5284 partes
3497 5215 3567 5268 ad
3609 5207 3808 5270 ,ζειαί

518 5305 887 5377 Eeangelium,
918 5323 984 5360 ex
1011 5317 1242 5377 quatuor
1284 5308 1604 5377 sumpsimus
1631 5307 1958 5361 bibliotheca
2001 5304 2271 5360 Vaticana:
2303 5305 2595 5364 codicibus.
2629 5307 2866 5364 'Primus
2897 5319 2996 5374 est,
3027 5327 3178 5381 quem
3215 5310 3552 5380 designumus
3587 5312 3770 5366 littera

518 5405 582 5470 Α,
612 5415 835 5471 magnus
866 5400 956 5453 ille
989 5411 1192 5455 catenis
1224 5400 1444 5456 Patrum
1478 5400 1787 5458 Grecorum
1817 5404 1873 5456 in
1905 5399 2105 5456 Lucam
2132 5402 2317 5466 codex,
2350 5413 2567 5457 auctare
2613 5402 2803 5458 Niceta
2835 5404 3117 5460 Serrorum
3155 5407 3416 5476 episcopo,
3462 5405 3617 5475 cujus
3666 5422 3764 5461 nos

520 5511 716 5552 calente
744 5505 944 5564 partem
974 5497 1282 5550 mediocrem
1305 5498 1423 5566 jam
1451 5497 1714 5552 edidimus
1749 5505 1892 5552 tomo
1925 5511 1982 5550 lx
2013 5495 2215 5564 Script.
2257 5505 2390 5563 vet.,
2421 5507 2633 5568 excepto
2663 5495 2911 5566 Eusebio,
2953 5516 3106 5570 quem
3136 5502 3418 5568 separatim
3472 5506 3601 5554 dare
3645 5517 3772 5553 con-

516 5593 887 5658 stitueramus;
911 5601 1120 5662 excepto
1148 5592 1270 5646 item
1303 5589 1524 5662 Cyrillo,
1553 5602 1604 5646 et
1629 5591 1750 5648 aliis
1782 5591 2004 5664 aliquot,
2041 5593 2105 5649 de
2133 5591 2319 5664 quibus
2347 5590 2477 5646 alibi
2502 5591 2658 5648 verba
2691 5591 2932 5662 fecimus.
2960 5593 3236 5650 Secundus
3264 5604 3339 5650 est
3378 5594 3542 5650 codex
3563 5596 3771 5667 priscas

587 5769 634 5806 ⁸³
661 5771 680 5826 ι
711 5767 903 5827 Thess.
936 5787 1004 5840 tv,
1040 5770 1126 5832 l6.
1216 5770 1258 5806 "
1298 5768 1341 5826 ll
1382 5768 1574 5829 Thess.
1602 5787 1665 5842 ιι,
1698 5771 1754 5829 5.

1254 5886 1257 5893 ς
1277 5878 1312 5895 κ
