4170 6406
432 315 539 373 529
1599 310 2102 370 COMMENTARIA
2138 309 2208 366 IN
2248 309 2502 366 LUCAM.
3571 314 3674 372 5'50

439 431 721 488 Palatinus
758 429 898 494 ναι..
932 448 966 485 a
992 429 1140 486 nobis
1173 430 1452 486 denotatus
1480 411 1656 486 littera
1687 431 1754 500 Β,
1782 432 1873 501 qui
1903 432 2104 501 pariter
2133 440 2377 485 catenam
2403 429 2556 484 liabet
2579 429 2649 482 ad
2680 427 2900 494 Lucam,
2932 429 2997 484 ab
3026 427 3123 483 illa
3149 427 3355 485 Niceti:
3383 427 3672 485 diversam.

435 529 642 583 Tertius
673 538 748 584 est
786 527 1010 583 Macarii
1038 526 1446 598 Chrysocephali
1477 528 1642 582 codex
1671 526 1718 580 E
1758 526 1879 586 Vat.
1915 530 2041 582 item
2073 527 2332 592 ineditus,
2361 527 2533 580 uarios
2571 525 2686 596 ejus
2728 526 2785 580 in
2815 525 3015 580 Lucam
3059 534 3320 582 tractatus
3373 527 3672 593 continens,

430 637 498 677 ex
535 620 808 685 Patribus,
869 637 998 692 quos
1047 623 1184 676 inter
1239 630 1317 677 est
1345 623 1500 677 etiam
1555 621 1840 691 Eusebius,
1875 625 1944 678 ad
1986 623 2216 678 litteram
2279 622 2686 692 nominatimque
2725 623 3145 677 Iconsarcinatos.
3195 621 3434 688 Quart-us
3457 623 3677 694 denique

433 718 600 772 codex
629 716 1014 773 Ottobonianus
1054 715 1175 773 Vat.
1210 735 1357 786 teque
1387 728 1633 773 catenam
1662 719 1731 774 ad
1766 719 1964 774 Lucam
2000 719 2294 784 continens,
2329 733 2480 786 quem
2505 717 2739 800 codicem
2768 728 3088 787 postremum
3131 735 3252 772 cum
3281 718 3674 787 inspiceremus,

428 823 622 884 prater
659 812 771 867 alia
800 829 921 867 cum
952 815 1224 878 prtedictis
1257 814 1524 870 codicibus
1552 816 1918 886 congruentia,
1948 831 2080 870 nova
2110 814 2283 868 adhuc
2335 811 2556 867 Eusebii
2605 814 2906 884 fragmenta
2940 815 3086 868 nacti
3128 830 3330 868 sumus.
3369 812 3525 867 Hunc
3558 814 3674 868 dis-

430 911 717 981 tinguimus
749 919 873 965 nota
903 909 967 964 L.
991 909 1120 965 Iam
1144 928 1264 966 vero
1297 920 1498 966 catena:
1527 909 1752 965 Patrum
1783 911 1838 964 in
1870 907 2094 978 Lucam,
2122 920 2316 978 praeter
2362 918 2597 964 nostram
2630 906 2870 964 Graecam
2901 925 3060 977 quam
3089 909 3345 976 diximus,
3398 909 3520 963 duae
3559 905 3669 961 Le-

431 1007 546 1059 tino
577 1013 783 1059 tantum
832 1021 1070 1060 sermone
1109 1007 1264 1061 editte
1305 1005 1602 1070 exstabant,
1659 1004 1764 1058 divi
1816 1003 2070 1058 nimirum
2123 1001 2335 1057 Thomas
2370 1001 2678 1072 Aquinatis,
2713 998 3111 1056 etBalthasaris
3143 999 3416 1067 Corderii;
3450 1017 3675 1072 quarum

426 1103 578 1171 prior
606 1104 803 1166 rarius,
849 1101 1018 1156 altera
1062 1101 1322 1171 copiosius
1367 1100 1652 1155 Eusebium
1699 1101 1838 1154 inter
1865 1108 2083 1154 caeteros
2114 1099 2304 1154 Patres
2335 1099 2589 1176 recitent.
2635 1094 3002 1150 Verumtamen
3043 1093 3262 1151 Gnaeus
3295 1095 3468 1176 adhuc
3499 1103 3674 1150 textus

425 1207 572 1253 totus
607 1197 846 1264 latebat;
877 1207 929 1252 et
958 1197 1125 1252 multa
1155 1197 1367 1266 insuper
1397 1215 1459 1252 ne
1486 1196 1675 1251 Latine
1703 1197 1910 1267 quidem
1945 1195 2155 1266 cognita
2181 1201 2354 1249 erant.
2382 1191 2555 1247 Porro
2573 1171 2644 1246 ’ἔτι
2679 1187 2866 1245 Greece
2915 1198 3122 1254 catena,
3170 1205 3332 1260 quam
3380 1171 3677 1257 nuperrime

425 1294 508 1346 uir
548 1292 618 1347 cl.
655 1290 714 1350 J.
752 1295 817 1347 A.
847 1291 1129 1347 Cramerus
1172 1291 1374 1347 Oxom‘i
1401 1293 1592 1361 edidit,
1633 1307 1893 1363 quamque
1933 1307 2027 1362 ego
2063 1290 2148 1345 his
2183 1288 2365 1344 diebus
2390 1303 2456 1343 ex
2479 1285 2672 1358 Anglia
2705 1285 2907 1355 accepi,
2952 1283 3155 1339 nullum
3192 1299 3407 1348 prorsus
3455 1279 3676 1335 Eusebii

420 1385 635 1440 verbum
663 1385 932 1442 recitatur.

439 1506 3634 1544 W

1109 1678 1912 1812 ΕΥΣΕΒΙΟΥ
1989 1663 2993 1808 ΚΑΙΣΑΡΕΙΑΣ

1015 1923 1185 2010 ΕΙΣ
1257 1924 1406 2008 ΤΟ
1479 1913 1781 2007 ΚΑΤΑ
1851 1913 2311 2005 ΛΟΥΚΑΝ
2385 1912 3112 2002 ΕΥΑΓΓΕΛΙΟΝ.

1225 2279 1775 2400 EUSEBII
1855 2268 2826 2394 CIESARIENSIS

845 2517 1694 2612 COMMENTABII
1771 2517 1896 2608 IN
1974 2514 2313 2606 LUCIE
2385 2507 3172 2605 EVANGELIUM

1213 2708 1554 2780 QUANTUM
1595 2705 1954 2766 SUPEREST
1991 2705 2059 2762 1N
2095 2699 2451 2762 CODICIBUS
2494 2697 2876 2757 VA'l‘lCANlS.

423 3022 528 3078 Ἐν
569 3022 697 3088 ταῖς
755 3021 1002 3092 ἡμέραις
1057 3018 1309 3092 ᾞριῖἐδσυ
1369 3018 1476 3073 τοῦ
1505 3002 1838 3084 ’βασίλέως
1892 3017 2059 3086 τῆςΑ

2346 3017 2391 3049 ⁸⁸
2436 3014 2503 3070 In
2543 2981 2724 3068 diebus
2771 3010 2998 3066 Herodis
3026 3009 3234 3065 Judtea:
3264 3010 3418 3080 regis.

1058 3089 1360 3155 Ἰουδαίας.

494 3163 561 3214 Ἥ
593 3160 700 3232 γὰρ
749 3159 843 3214 τοῦ
888 3158 1056 3213 Ἰούδα
1097 3159 1236 3230 φυλὴ
1276 3149 1482 3216 ἄνωθεν
1535 3156 1606 3233 ἦν
1646 3159 1867 3234 ἀρχικὴ,
1897 3160 1992 3212 καὶ

409 3256 600 3326 ἠγεῖτο
627 3254 844 3308 πάντων
886 3252 991 3316 ἕως
1021 3247 1160 3322 ἦσαν
1206 3252 1513 3325 αὐτόνομοι,
1545 3255 1687 3309 κατὰ
1721 3256 1819 3327 τὴν
1865 3271 1992 3327 προ-

411 3346 662 3418 φητείαν.
714 3342 895 3399 τΗσαν
949 3344 1007 3398 δὲ
1064 3343 1228 3416 μέχρι
1267 3343 1376 3398 τῶν
1430 3345 1738 3414 Αὐγούστου
1783 3347 1990 3418 χρόνων

410 3439 688 3512 ἐλεύθεροι
714 3439 808 3493 καὶ
827 3437 1133 3508 αὐτόνομοι,
1167 3435 1289 3490 καθ’
1321 3437 1400 3503 ὃν,
1437 3439 1674 3510 Χριστοῦ
1709 3441 1987 3509 φανέντος,

408 3534 474 3588 τὸ
499 3534 650 3597 ἔθνος
675 3532 819 3587 ἅπαν
839 3531 1155 3586 δεδούλωται
1173 3548 1188 3563 ’
1221 3533 1311 3587 ὅτε
1335 3532 1428 3586 καὶ
1458 3532 1673 3605 πρῶτος
1696 3533 1989 3602 ἀλλόφυλος

409 3626 593 3682 αὐτῶν
619 3626 866 3699 Ἡρώδης
893 3627 1160 3699 ἡγήσατο,
1185 3628 1279 3681 καὶ
1313 3626 1562 3697 βασιλεὺς
1611 3627 1936 3696 Αὔγουστος,
1959 3629 1988 3681 ὁ

411 3720 510 3774 καὶ
533 3719 635 3790 τὴν
656 3719 831 3791 ἀρχὴν
855 3720 1166 3792 ἐγχειρίσας
1198 3719 1348 3792 αύτῷ
1379 3720 1520 3790 μετὰ
1531 3720 1632 3792 τῆς
1663 3720 1985 3791 συγκλήτου,

409 3811 510 3882 τῆς
533 3811 857 3881 οἰκουμένης
890 3806 1004 3882 εἶχε
1032 3812 1101 3866 τὰ
1147 3812 1423 3884 σκῆπτρα.
1457 3807 1566 3865 Ἦν
1590 3813 1646 3866 δὲ
1685 3816 1714 3866 ὁ
1750 3812 1990 3885 Ἡρώδης

411 3900 471 3968 ἐξ
532 3901 885 3972 Ἀντιπάτρου
941 3900 1201 3970 γεγονὼς,
1251 3901 1312 3954 τὸ
1361 3902 1517 3970 γένος
1571 3903 1986 3968 Ἀσκαλωνίτου,

412 3993 716 4064 ἱεροδούλου
732 3993 1086 4058 Ἀπόλλωνος,
1113 3995 1208 4048 καὶ
1235 3995 1522 4066 Κυπρίνης
1549 3994 1662 4064 (44)
1691 3994 1752 4061 ἐξ
1789 3997 1987 4069 Ἀρρά-

410 4085 522 4138 6ων
547 4085 774 4156 μητρός.
810 4077 979 4149 Οὗτος
1023 4085 1152 4158 γὰρ,
1177 4086 1272 4139 τὸν
1306 4088 1370 4140 ὲκ
1394 4085 1644 4157 διαδοχῆς
1670 4087 1778 4142 τῶν
1799 4089 1986 4160 ἀρχιε-

412 4178 551 4250 ρέων
571 4177 800 4230 ὕστατον
831 4177 1176 4248 ἡγησάμενον
1191 4178 1453 4250 Ὑρκανὸν
1473 4178 1694 4243 ἀνελὼν,
1725 4180 1987 4235 Ἰουδαίων

409 4273 797 4346 ἀναγορεύεται
851 4270 1122 4342 βασιλεύς.
1175 4269 1376 4324 Τούτου
1426 4269 1520 4322 καὶ
1561 4267 1656 4323 νῦν
1701 4270 1729 4322 ὁ
1774 4271 1987 4333 Λουκᾶς

2169 3178 2390 3235 Scilicet
2420 3176 2572 3232 ludas
2598 3174 2774 3230 tribus
2801 3173 2929 3229 olim
2982 3173 3415 3243 principabalur,
3461 3171 3669 3242 totique

2097 3270 2240 3340 genti
2282 3267 2611 3338 imperabat,
2657 3267 2831 3322 donec
2885 3262 3054 3319 Judazi
3113 3264 3193 3319 sui
3240 3263 3380 3334 juris
3426 3261 3668 3326 fuerunt,

2096 3363 2394 3418 secundum
2425 3357 2766 3429 prophetiam
2786 3355 2856 3410 δι.
2885 3356 3125 3411 Fuerant
3152 3355 3370 3425 quidem
3417 3355 3471 3410 hi
3511 3355 3670 3411 liberi

2095 3454 2438 3525 propriisque
2485 3448 2695 3520 legibus
2721 3457 2938 3503 utentes
2973 3461 3144 3516 usque
3177 3445 3242 3499 ad
3272 3445 3501 3516 Augusti
3535 3455 3669 3499 mta-

2098 3558 2228 3610 tem,
2279 3559 2388 3615 quo
2457 3554 2720 3613 tempore,
2770 3550 3069 3610 apparente
3110 3538 3354 3603 Christo,
3410 3539 3666 3592 universa

2095 3654 2228 3710 gens
2255 3639 2306 3692 in
2337 3636 2614 3692 servitium
2649 3633 2869 3690 redacta
2893 3632 3008 3704 jam
3035 3640 3172 3696 erat,
3199 3639 3254 3686 et
3288 3629 3499 3701 primus
3529 3629 3667 3685 alie-
3781 3623 3788 3634 ’

2095 3731 2289 3800 nigena
2361 3726 2742 3783 dominabatur
2801 3725 3048 3782 Herodes
3097 3742 3114 3792 ;
3178 3724 3476 3792 imperator
3537 3737 3669 3777 vero

2095 3827 2393 3892 Augustus,
2425 3820 2514 3888 qui
2543 3829 2597 3874 et
2627 3819 2701 3873 illi
2739 3835 2806 3873 ex
2849 3827 3073 3875 senatus
3117 3814 3366 3872 consulto
3393 3814 3666 3884 principa-

2096 3923 2206 3967 tum
2263 3911 2547 3971 detulerat,
2604 3911 2844 3965 universi
2887 3909 3037 3965 orbis
3093 3917 3369 3978 sceptrum
3419 3907 3664 3962 tenebat.

2094 4005 2224 4059 Erat
2253 4012 2432 4058 autem
2470 4002 2708 4058 Herodes
2744 4000 3021 4072 Antipatri
3068 3995 3458 4054 Ascalonensis
3500 3995 3669 4060 Illius,

2094 4096 2360 4166 Apollinis
2387 4093 2692 4150 ministerio
2721 4092 2944 4157 addicti,
2977 4100 3154 4147 matre
3191 4089 3429 4163 Cyprius
3461 4087 3664 4143 Arabe.

2094 4188 2193 4243 Hic
2223 4188 2390 4252 enim,
2420 4185 2780 4242 sacerdotalis
2814 4183 3184 4239 successionis
3212 4193 3489 4253 postremo
3518 4181 3671 4252 prin-

2093 4281 2213 4350 cipe
2257 4277 2508 4349 Hyrcano
2554 4275 2754 4339 occiso,
2804 4269 3116 4327 Judzeorum
3174 4269 3522 4326 renuntiatus
3573 4283 3670 4322 rex

413 4365 710 4436 μέμνηται,
737 4364 826 4417 ἵνα
861 4363 1030 4434 δείξῃ,
1051 4363 1131 4416 ὅτι
1170 4359 1385 4432 ἀληθῶς
1435 4355 1599 4431 ἦλθεν
1649 4361 1678 4412 ὁ
1728 4361 1985 4433 Χριστὸς,
2018 4383 2059 4439 Β

2093 4373 2210 4427 l‘uit.
2248 4369 2418 4441 Hujus
2462 4383 2607 4424 nunc
2654 4367 2904 4421 meminit
2964 4365 3162 4429 Lucas,
3215 4371 3277 4418 ut
3325 4362 3670 4417 demonstret

409 4455 740 4509 ἐκλιπόντων
763 4455 872 4508 τῶν
911 4454 1062 4526 παρὰ
1099 4457 1210 4518 τοῖς
1249 4451 1522 4517 Ἰουδαίοις
1551 4453 1826 4524 ἀρχόντων
1852 4453 1991 4508 κατὰ

406 4545 508 4617 τὴν
542 4545 896 4616 προφητείαν.

407 4636 519 4692 Καὶ
570 4632 700 4690 εἶπε
749 4636 1049 4707 Ζαχαρίας
1092 4634 1243 4703 πρὸς
1281 4634 1390 4707 rdr
1429 4634 1707 4707 ἄγγελον
1735 4635 1898 4690 Κατὰ
1928 4634 1987 4688 τι

785 4775 788 4778 γ
928 4705 1231 4775 γνώσομαι
1257 4705 1470 4770 τοῦτο;

481 4797 636 4854 Ποῖον
661 4799 886 4869 σημεῖον
910 4795 1175 4860 δεικνύεις
1211 4815 1320 4867 μοι,
1340 4798 1493 4868 φησὶ,
1529 4798 1618 4851 ἵνα
1643 4796 1848 4851 πεισθῶ
1872 4799 1979 4860 τοῖς

407 4888 516 4943 ὑπὸ
573 4889 666 4942 σὀὖ
723 4889 1198 4962 προφητευθεῖσιν,
1263 4889 1339 4954 ὡς
1397 4891 1647 4961 μέλλουσι
1698 4889 1982 4959 γίνεσθαι.;

407 4979 600 5049 Σχεδὸν
627 4980 736 5052 γὰρ
772 4981 922 5052 παρὰ
947 4980 1108 5050 φύσιν
1141 4981 1259 5034 ἐστὶ
1287 4981 1347 5035 τὸ
1368 4981 1554 5052 λεχθέν
1573 4999 1588 5012 °
1624 4984 1673 5034 οἱ
1705 4981 1811 5055 γὰρ
1854 4999 1986 5054 προ-

406 5069 702 5140 ϐεϐηκότες
727 5072 789 5124 ού
813 5073 1203 5140 γονοποιοῦσιν.
1222 5073 1368 5126 Ἔδει
1389 5073 1444 5127 δὲ
1463 5074 1537 5144 μὴ
1563 5074 1696 5146 πρὸς
1725 5075 1786 5127 τὸ
1807 5073 1982 5146 γῆρας

405 5161 619 5233 ἀφορᾷν
649 5163 710 5216 τὸ
755 5163 948 5218 ἑαυτοῦ
993 5165 1087 5219 καὶ
1117 5165 1396 5234 γυναικὸς,
1430 5165 1567 5220 ἀλλὰ
1593 5167 1732 5239 πρὸς
1765 5168 1863 5239 τὴν
1889 5167 1985 5222 δύο

405 5269 571 5330 ναμιν
592 5253 687 5306 τοῦ
732 5255 1204 5329 ἐπαγγελλομένου
1257 5256 1414 5311 Θεοῦ.
1461 5257 1623 5312 Ἀλλὰ
1654 5259 1724 5314 τὰ
1775 5259 1989 5330 μεγάλα

405 5329 707 5410 δυσέφικτα
736 5347 848 5409 τοῖς
897 5345 1224 5417 ἀνθρώποις,
1277 5347 1372 5400 καὶ
1422 5329 1786 5417 συγγινώσκει
1822 5350 1984 5416 Θεόςο

405 5434 640 5508 καὶγὰρ
685 5437 794 5490 οὐδ’
822 5439 984 5504 αὐτὸς
1019 5440 1267 5513 Ἀϐραὰμ
1316 5442 1393 5506 ὼς
1436 5444 1602 5514 ἐχρῆν
1650 5443 1986 5515 ἐπίστευσεν,

401 5525 544 5582 ἀλλὰ
567 5528 637 5583 τὰ
661 5531 850 5603 πρῶτα
867 5534 958 5586 καὶ
981 5533 1207 5602 ἐγέλασε
1233 5537 1328 5590 καὶ
1348 5531 1518 5590 εἶπεν·
1539 5555 1556 5588 ι
1577 5537 1640 5590 El
1660 5537 1743 5609 τῷ
1766 5540 1989 5597 ἑκατον-

477 5650 525 5685 δο
552 5649 684 5705 Luc.
725 5668 769 5715 ι,
795 5652 856 5710 5.
929 5653 971 5684 δ’
999 5652 1133 5711 Gen.
1164 5673 1308 5726 χιιι,
1342 5657 1423 5713 10-.
1501 5658 1698 5717 "Luc.
1740 5677 1785 5729 ι,
1841 5663 1924 5721 l8.

485 5740 602 5811 (Η)
634 5742 770 5802 Cod.
803 5743 864 5812 Ε,
889 5747 1182 5819 Κυπρίδος.

2099 4479 2222 4519 vere
2282 4463 2494 4516 venisse
2555 4461 2872 4524 Christum,
2949 4455 3293 4514 cessantibus
3356 4453 3668 4508 ludteorum

2095 4555 2332 4625 propriis
2358 4553 2722 4624 principibus,
2757 4560 2917 4621 prout
2949 4549 3272 4620 prmdictum
3300 4545 3500 4620 fuerat.

2166 4647 2212 4679 “
2241 4645 2309 4701 Et
2346 4647 2483 4701 dixit
2518 4645 2706 4715 angelo
2741 4642 3059 4708 Zacharias,
3088 4640 3226 4695 unde
3255 4639 3353 4692 hoc
3387 4636 3594 4692 sciam!

2169 4807 2451 4876 Quodnam
2479 4806 2614 4861 mihi
2650 4804 2865 4874 signum
2895 4803 3159 4868 ostendis,
3193 4814 3302 4870 quo
3333 4798 3506 4854 fretus
3545 4811 3668 4853 cre-

2087 4901 2212 4956 dam
2263 4899 2530 4954 vaticinio
2583 4905 2702 4961 tuo,
2767 4905 3020 4966 tanquam
3077 4893 3182 4948 ﬁde
3227 4906 3334 4946 non
3389 4888 3668 4945 carituro?

2090 4990 2224 5045 Nam
2253 4992 2398 5060 quod
2432 4991 2517 5045 ais
2545 5029 2562 5056 ,
2597 4996 2798 5060 praeter
2827 4996 3076 5042 naturam
3125 4984 3522 5055 propemodum.
3549 4992 3664 5048 est;

2090 5097 2251 5140 senes
2275 5084 2420 5138 enim
2457 5082 2874 5153 haudquaquam
2920 5088 3239 5151 procreant.
3287 5078 3454 5149 Atqui
3501 5091 3668 5148 opor-

2094 5175 2240 5231 tebat
2268 5175 2590 5231 Zachariam
2627 5176 2770 5230 haud
2803 5176 2871 5230 de
2904 5189 3003 5230 suo
3031 5183 3098 5230 et.
3119 5173 3308 5228 uxoris
3357 5173 3531 5239 senio,
3569 5171 3666 5226 sed

2089 5268 2158 5324 de
2186 5268 2556 5338 promittentis
2605 5268 2700 5324 Dei
2742 5269 2983 5338 potentia
3032 5268 3293 5341 cogitare.
3341 5269 3663 5338 Quanquam

2090 5377 2179 5417 res
2213 5377 2436 5433 magnus
2465 5377 2608 5434 aegre
2635 5363 2735 5418 sibi
2754 5363 3007 5419 homines
3037 5362 3400 5434 persuadent:
3438 5361 3666 5429 ideoque

2093 5453 2236 5510 Deus
2263 5453 2600 5526 indulgentia
2632 5456 2822 5512 utitur.
2857 5454 2994 5512 Nam
3042 5471 3112 5514 ne
3157 5455 3500 5513 Abrahamus
3543 5452 3667 5524 qui-

2095 5547 2219 5605 dem
2253 5556 2418 5618 prout
2459 5563 2596 5621 opus
2623 5559 2742 5609 erat
2769 5551 3025 5623 credidit,
3077 5554 3183 5610 sed.
3219 5553 3380 5609 initio
3420 5551 3543 5608 risit
3576 5550 3665 5605 di-
