  <div class='ocr_page' id='page_1' title='image "/cluster/home/n/w/nwhite01/storage/ocr_20150623/24/hvd.32044073501108/273.png"; bbox 0 0 4130 6400; ppageno 0'>
   <div class='ocr_carea' id='block_1_1' title="bbox 565 291 663 351">
    <p class='ocr_par' dir='ltr' id='par_1_1' title="bbox 565 291 663 351">
     <span class='ocr_line' id='line_1_1' title="bbox 565 291 663 351; baseline 0.041 -5"><span class='ocrx_word' id='word_1_1' title='bbox 565 291 663 351; x_wconf 78' lang='grc'><strong>531</strong></span> 
     </span>
    </p>
   </div>
   <div class='ocr_carea' id='block_1_2' title="bbox 1273 293 3144 353">
    <p class='ocr_par' dir='ltr' id='par_1_2' title="bbox 1273 293 3144 353">
     <span class='ocr_line' id='line_1_2' title="bbox 1273 293 3144 353; baseline 0.001 -4"><span class='ocrx_word' id='word_1_2' title='bbox 1273 295 1543 351; x_wconf 82' lang='lat' dir='ltr'><strong>EUSEBII</strong></span> <span class='ocrx_word' id='word_1_3' title='bbox 1580 293 2053 353; x_wconf 70' lang='lat' dir='ltr'><strong>CASSARIENSIS</strong></span> <span class='ocrx_word' id='word_1_4' title='bbox 2089 296 2241 353; x_wconf 84' lang='lat' dir='ltr'><strong>OPP.</strong></span> <span class='ocrx_word' id='word_1_5' title='bbox 2279 297 2460 351; x_wconf 67' lang='lat' dir='ltr'><strong>PARS</strong></span> <span class='ocrx_word' id='word_1_6' title='bbox 2499 297 2589 353; x_wconf 87' lang='lat' dir='ltr'><strong>Ill.</strong></span> <span class='ocrx_word' id='word_1_7' title='bbox 2623 327 2692 338; x_wconf 91' lang='lat'><strong>-—</strong></span> <span class='ocrx_word' id='word_1_8' title='bbox 2729 295 3144 352; x_wconf 74' lang='lat' dir='ltr'><strong>EXEGETNIA.</strong></span> 
     </span>
    </p>
   </div>
   <div class='ocr_carea' id='block_1_3' title="bbox 3709 299 3836 352">
    <p class='ocr_par' dir='ltr' id='par_1_3' title="bbox 3709 299 3836 352">
     <span class='ocr_line' id='line_1_3' title="bbox 3709 299 3836 352; baseline 0.008 -1"><span class='ocrx_word' id='word_1_9' title='bbox 3709 299 3836 352; x_wconf 72' lang='lat'><strong>532</strong></span> 
     </span>
    </p>
   </div>
   <div class='ocr_carea' id='block_1_4' title="bbox 562 407 2128 483">
    <p class='ocr_par' dir='ltr' id='par_1_4' title="bbox 562 407 2128 464">
     <span class='ocr_line' id='line_1_4' title="bbox 562 407 2128 464; baseline -0.001 -1"><span class='ocrx_word' id='word_1_10' title='bbox 562 422 697 464; x_wconf 76' lang='lat' dir='ltr'><strong>cens</strong></span> <span class='ocrx_word' id='word_1_11' title='bbox 719 424 736 464; x_wconf 92' lang='lat'><strong>:</strong></span> <span class='ocrx_word' id='word_1_12' title='bbox 779 427 799 459; x_wconf 77' lang='grc' dir='ltr'><strong>ι</strong></span> <span class='ocrx_word' id='word_1_13' title='bbox 828 407 965 463; x_wconf 71' lang='lat' dir='ltr'><strong>Num</strong></span> <span class='ocrx_word' id='word_1_14' title='bbox 985 407 1298 464; x_wconf 77' lang='lat' dir='ltr'><strong>centenario</strong></span> <span class='ocrx_word' id='word_1_15' title='bbox 1312 409 1428 463; x_wconf 89' lang='lat' dir='ltr'><strong>viro</strong></span> <span class='ocrx_word' id='word_1_16' title='bbox 1448 409 1590 464; x_wconf 82' lang='lat' dir='ltr'><strong>ﬁlius</strong></span> <span class='ocrx_word' id='word_1_17' title='bbox 1604 419 1856 463; x_wconf 85' lang='lat' dir='ltr'><strong>nascetur</strong></span> <span class='ocrx_word' id='word_1_18' title='bbox 1873 407 1954 463; x_wconf 60' lang='lat'><strong>‘3?</strong></span> <span class='ocrx_word' id='word_1_19' title='bbox 1973 429 1995 463; x_wconf 71' lang='grc' dir='ltr'><strong>ι</strong></span> <span class='ocrx_word' id='word_1_20' title='bbox 2011 408 2128 462; x_wconf 86' lang='lat' dir='ltr'><strong>Tun</strong></span> 
     </span>
    </p>
   </div>
   <div class='ocr_carea' id='block_1_5' title="bbox 2227 407 3833 483">
    <p class='ocr_par' dir='ltr' id='par_1_5' title="bbox 2248 409 3833 483">
     <span class='ocr_line' id='line_1_5' title="bbox 2248 409 3833 483; baseline 0.001 -21"><span class='ocrx_word' id='word_1_21' title='bbox 2248 409 2428 462; x_wconf 81' lang='grc' dir='ltr'>ταὲτει</span> <span class='ocrx_word' id='word_1_22' title='bbox 2473 414 2761 480; x_wconf 86' lang='grc' dir='ltr'>γενήσεται</span> <span class='ocrx_word' id='word_1_23' title='bbox 2802 411 2954 475; x_wconf 75' lang='grc' dir='ltr'>υἱόςς</span> <span class='ocrx_word' id='word_1_24' title='bbox 3004 429 3022 460; x_wconf 73' lang='lat' dir='ltr'><strong>s</strong></span> <span class='ocrx_word' id='word_1_25' title='bbox 3055 409 3150 462; x_wconf 73' lang='grc' dir='ltr'>καὶ</span> <span class='ocrx_word' id='word_1_26' title='bbox 3184 412 3218 481; x_wconf 80' lang='grc' dir='ltr'>ἡ</span> <span class='ocrx_word' id='word_1_27' title='bbox 3252 411 3434 483; x_wconf 60' lang='grc' dir='ltr'><strong>Μῤῥά</strong></span> <span class='ocrx_word' id='word_1_28' title='bbox 3459 411 3515 464; x_wconf 75' lang='grc' dir='ltr'>δὲ</span> <span class='ocrx_word' id='word_1_29' title='bbox 3541 410 3833 481; x_wconf 78' lang='grc' dir='ltr'>γελάσασα</span> 
     </span>
    </p>
   </div>
   <div class='ocr_carea' id='block_1_6' title="bbox 564 500 2128 570">
    <p class='ocr_par' dir='ltr' id='par_1_6' title="bbox 564 500 2128 570">
     <span class='ocr_line' id='line_1_6' title="bbox 564 500 2128 570; baseline 0.001 -18"><span class='ocrx_word' id='word_1_30' title='bbox 564 517 698 558; x_wconf 82' lang='lat' dir='ltr'><strong>vero</strong></span> <span class='ocrx_word' id='word_1_31' title='bbox 749 511 806 556; x_wconf 86' lang='lat' dir='ltr'><strong>et</strong></span> <span class='ocrx_word' id='word_1_32' title='bbox 864 501 1002 557; x_wconf 86' lang='lat' dir='ltr'><strong>Sara</strong></span> <span class='ocrx_word' id='word_1_33' title='bbox 1057 510 1280 570; x_wconf 75' lang='lat' dir='ltr'><strong>propter</strong></span> <span class='ocrx_word' id='word_1_34' title='bbox 1331 500 1501 554; x_wconf 87' lang='lat' dir='ltr'><strong>risum</strong></span> <span class='ocrx_word' id='word_1_35' title='bbox 1557 501 1887 570; x_wconf 85' lang='lat' dir='ltr'><strong>reprehensa</strong></span> <span class='ocrx_word' id='word_1_36' title='bbox 1933 500 2035 555; x_wconf 77' lang='lat' dir='ltr'><strong>fuit</strong></span> <span class='ocrx_word' id='word_1_37' title='bbox 2064 501 2128 554; x_wconf 73' lang='lat'><strong>&quot;.</strong></span> 
     </span>
    </p>
   </div>
   <div class='ocr_carea' id='block_1_7' title="bbox 565 591 2133 662">
    <p class='ocr_par' dir='ltr' id='par_1_7' title="bbox 565 591 2133 662">
     <span class='ocr_line' id='line_1_7' title="bbox 565 591 2133 662; baseline -0.004 -11"><span class='ocrx_word' id='word_1_38' title='bbox 565 596 727 652; x_wconf 72' lang='lat' dir='ltr'><strong>Modo</strong></span> <span class='ocrx_word' id='word_1_39' title='bbox 759 605 938 651; x_wconf 88' lang='lat' dir='ltr'><strong>autem</strong></span> <span class='ocrx_word' id='word_1_40' title='bbox 967 594 1150 649; x_wconf 78' lang='lat' dir='ltr'><strong>verbis</strong></span> <span class='ocrx_word' id='word_1_41' title='bbox 1176 591 1432 660; x_wconf 75' lang='lat' dir='ltr'><strong>obiurgat</strong></span> <span class='ocrx_word' id='word_1_42' title='bbox 1459 591 1618 658; x_wconf 88' lang='lat' dir='ltr'><strong>Deus,</strong></span> <span class='ocrx_word' id='word_1_43' title='bbox 1649 593 1807 647; x_wconf 88' lang='lat' dir='ltr'><strong>modo</strong></span> <span class='ocrx_word' id='word_1_44' title='bbox 1837 592 1970 662; x_wconf 83' lang='lat' dir='ltr'><strong>ipsis</strong></span> <span class='ocrx_word' id='word_1_45' title='bbox 2001 601 2133 659; x_wconf 79' lang='lat' dir='ltr'><strong>ope-</strong></span> 
     </span>
    </p>
   </div>
   <div class='ocr_carea' id='block_1_8' title="bbox 563 684 2133 759">
    <p class='ocr_par' dir='ltr' id='par_1_8' title="bbox 563 684 2133 759">
     <span class='ocr_line' id='line_1_8' title="bbox 563 684 2133 759; baseline -0.003 -18"><span class='ocrx_word' id='word_1_46' title='bbox 563 689 718 745; x_wconf 87' lang='lat' dir='ltr'><strong>ribus</strong></span> <span class='ocrx_word' id='word_1_47' title='bbox 783 688 986 759; x_wconf 91' lang='lat' dir='ltr'><strong>arguit.</strong></span> <span class='ocrx_word' id='word_1_48' title='bbox 1064 685 1274 741; x_wconf 91' lang='lat' dir='ltr'><strong>Idcirco</strong></span> <span class='ocrx_word' id='word_1_49' title='bbox 1336 684 1660 740; x_wconf 79' lang='lat' dir='ltr'><strong>Zachariam</strong></span> <span class='ocrx_word' id='word_1_50' title='bbox 1724 701 1937 755; x_wconf 87' lang='lat' dir='ltr'><strong>quoque</strong></span> <span class='ocrx_word' id='word_1_51' title='bbox 1991 684 2133 738; x_wconf 74' lang='lat' dir='ltr'><strong>facto</strong></span> 
     </span>
    </p>
   </div>
   <div class='ocr_carea' id='block_1_9' title="bbox 559 777 2130 852">
    <p class='ocr_par' dir='ltr' id='par_1_9' title="bbox 559 777 2130 852">
     <span class='ocr_line' id='line_1_9' title="bbox 559 777 2130 852; baseline -0.004 -16"><span class='ocrx_word' id='word_1_52' title='bbox 559 782 686 852; x_wconf 79' lang='lat' dir='ltr'><strong>ipso</strong></span> <span class='ocrx_word' id='word_1_53' title='bbox 728 781 1022 851; x_wconf 89' lang='lat' dir='ltr'><strong>increpuit,</strong></span> <span class='ocrx_word' id='word_1_54' title='bbox 1067 779 1193 834; x_wconf 86' lang='lat' dir='ltr'><strong>dum</strong></span> <span class='ocrx_word' id='word_1_55' title='bbox 1232 780 1454 834; x_wconf 86' lang='lat' dir='ltr'><strong>surdum</strong></span> <span class='ocrx_word' id='word_1_56' title='bbox 1505 788 1824 847; x_wconf 87' lang='lat' dir='ltr'><strong>mutumque</strong></span> <span class='ocrx_word' id='word_1_57' title='bbox 1855 777 2130 831; x_wconf 84' lang='lat' dir='ltr'><strong>reddidit:</strong></span> 
     </span>
    </p>
   </div>
   <div class='ocr_carea' id='block_1_10' title="bbox 559 867 2134 942">
    <p class='ocr_par' dir='ltr' id='par_1_10' title="bbox 559 867 2134 942">
     <span class='ocr_line' id='line_1_10' title="bbox 559 867 2134 942; baseline -0.003 -15"><span class='ocrx_word' id='word_1_58' title='bbox 559 875 687 942; x_wconf 83' lang='lat' dir='ltr'><strong>quia</strong></span> <span class='ocrx_word' id='word_1_59' title='bbox 721 872 979 928; x_wconf 89' lang='lat' dir='ltr'><strong>nimirum</strong></span> <span class='ocrx_word' id='word_1_60' title='bbox 1009 873 1345 942; x_wconf 79' lang='lat' dir='ltr'><strong>oportuisset</strong></span> <span class='ocrx_word' id='word_1_61' title='bbox 1382 886 1507 927; x_wconf 92' lang='lat' dir='ltr'><strong>eum</strong></span> <span class='ocrx_word' id='word_1_62' title='bbox 1556 870 1835 941; x_wconf 81' lang='lat' dir='ltr'><strong>prioribus</strong></span> <span class='ocrx_word' id='word_1_63' title='bbox 1869 867 2134 935; x_wconf 83' lang='lat' dir='ltr'><strong>exemplis</strong></span> 
     </span>
    </p>
   </div>
   <div class='ocr_carea' id='block_1_11' title="bbox 552 961 2136 1035">
    <p class='ocr_par' dir='ltr' id='par_1_11' title="bbox 552 961 2136 1035">
     <span class='ocr_line' id='line_1_11' title="bbox 552 961 2136 1035; baseline -0.003 -17"><span class='ocrx_word' id='word_1_64' title='bbox 552 966 666 1035; x_wconf 82' lang='lat' dir='ltr'><strong>jam</strong></span> <span class='ocrx_word' id='word_1_65' title='bbox 710 975 886 1021; x_wconf 81' lang='lat' dir='ltr'><strong>semet</strong></span> <span class='ocrx_word' id='word_1_66' title='bbox 939 965 1266 1030; x_wconf 81' lang='lat' dir='ltr'><strong>erudivisse,</strong></span> <span class='ocrx_word' id='word_1_67' title='bbox 1316 973 1371 1020; x_wconf 86' lang='lat' dir='ltr'><strong>et</strong></span> <span class='ocrx_word' id='word_1_68' title='bbox 1407 979 1543 1034; x_wconf 83' lang='lat' dir='ltr'><strong>quas</strong></span> <span class='ocrx_word' id='word_1_69' title='bbox 1574 964 1718 1034; x_wconf 87' lang='lat' dir='ltr'><strong>passi</strong></span> <span class='ocrx_word' id='word_1_70' title='bbox 1755 961 1969 1016; x_wconf 82' lang='lat' dir='ltr'><strong>fuerant</strong></span> <span class='ocrx_word' id='word_1_71' title='bbox 2019 976 2136 1016; x_wconf 75' lang='lat' dir='ltr'><strong>uta-</strong></span> 
     </span>
    </p>
   </div>
   <div class='ocr_carea' id='block_1_12' title="bbox 555 1054 2135 1131">
    <p class='ocr_par' dir='ltr' id='par_1_12' title="bbox 555 1054 2135 1131">
     <span class='ocr_line' id='line_1_12' title="bbox 555 1054 2135 1131; baseline -0.003 -18"><span class='ocrx_word' id='word_1_72' title='bbox 555 1059 706 1131; x_wconf 75' lang='lat' dir='ltr'><strong>jores</strong></span> <span class='ocrx_word' id='word_1_73' title='bbox 737 1057 839 1124; x_wconf 69' lang='lat' dir='ltr'><strong>{sui</strong></span> <span class='ocrx_word' id='word_1_74' title='bbox 879 1057 1309 1128; x_wconf 73' lang='lat' dir='ltr'><strong>obiurgationes,</strong></span> <span class='ocrx_word' id='word_1_75' title='bbox 1365 1071 1462 1114; x_wconf 85' lang='lat' dir='ltr'><strong>eas</strong></span> <span class='ocrx_word' id='word_1_76' title='bbox 1508 1056 1579 1111; x_wconf 85' lang='lat' dir='ltr'><strong>ad</strong></span> <span class='ocrx_word' id='word_1_77' title='bbox 1625 1054 1970 1126; x_wconf 81' lang='lat' dir='ltr'><strong>disciplinam</strong></span> <span class='ocrx_word' id='word_1_78' title='bbox 2010 1069 2135 1123; x_wconf 83' lang='lat' dir='ltr'><strong>pro-</strong></span> 
     </span>
    </p>
   </div>
   <div class='ocr_carea' id='block_1_13' title="bbox 559 1152 1131 1224">
    <p class='ocr_par' dir='ltr' id='par_1_13' title="bbox 559 1152 1131 1224">
     <span class='ocr_line' id='line_1_13' title="bbox 559 1152 1131 1224; baseline -0.002 -17"><span class='ocrx_word' id='word_1_79' title='bbox 559 1153 737 1224; x_wconf 83' lang='lat' dir='ltr'><strong>priam</strong></span> <span class='ocrx_word' id='word_1_80' title='bbox 769 1152 1131 1208; x_wconf 81' lang='lat' dir='ltr'><strong>convertisse.</strong></span> 
     </span>
    </p>
   </div>
   <div class='ocr_carea' id='block_1_14' title="bbox 1052 1238 1638 1312">
    <p class='ocr_par' dir='ltr' id='par_1_14' title="bbox 1052 1238 1638 1312">
     <span class='ocr_line' id='line_1_14' title="bbox 1052 1238 1638 1312; baseline -0.012 -14"><span class='ocrx_word' id='word_1_81' title='bbox 1052 1243 1100 1274; x_wconf 75' lang='lat'>&quot;</span> <span class='ocrx_word' id='word_1_82' title='bbox 1124 1242 1237 1312; x_wconf 80' lang='lat' dir='ltr'><strong>Ego</strong></span> <span class='ocrx_word' id='word_1_83' title='bbox 1261 1258 1376 1296; x_wconf 87' lang='lat' dir='ltr'><strong>sum</strong></span> <span class='ocrx_word' id='word_1_84' title='bbox 1405 1238 1638 1295; x_wconf 73' lang='lat' dir='ltr'><strong>Gabriel.</strong></span> 
     </span>
    </p>
   </div>
   <div class='ocr_carea' id='block_1_15' title="bbox 517 1327 2165 1410">
    <p class='ocr_par' dir='ltr' id='par_1_15' title="bbox 517 1327 2165 1410">
     <span class='ocr_line' id='line_1_15' title="bbox 517 1327 2165 1410; baseline -0.005 -21"><span class='ocrx_word' id='word_1_85' title='bbox 517 1397 525 1410; x_wconf 36' lang='grc'><strong><em>⁸</em></strong></span> <span class='ocrx_word' id='word_1_86' title='bbox 627 1335 768 1402; x_wconf 85' lang='lat' dir='ltr'><strong>Quid</strong></span> <span class='ocrx_word' id='word_1_87' title='bbox 799 1349 930 1406; x_wconf 79' lang='lat' dir='ltr'><strong>ergo</strong></span> <span class='ocrx_word' id='word_1_88' title='bbox 959 1334 1184 1404; x_wconf 80' lang='lat' dir='ltr'><strong>angelus</strong></span> <span class='ocrx_word' id='word_1_89' title='bbox 1208 1335 1256 1391; x_wconf 92' lang='lat' dir='ltr'><strong>ei</strong></span> <span class='ocrx_word' id='word_1_90' title='bbox 1305 1331 1632 1404; x_wconf 80' lang='lat' dir='ltr'><strong>reSpundet?</strong></span> <span class='ocrx_word' id='word_1_91' title='bbox 1682 1329 1907 1400; x_wconf 82' lang='lat' dir='ltr'><strong>Angelo,</strong></span> <span class='ocrx_word' id='word_1_92' title='bbox 1934 1327 2132 1399; x_wconf 84' lang='lat' dir='ltr'><strong>inquit,</strong></span> <span class='ocrx_word' id='word_1_93' title='bbox 2163 1390 2165 1392; x_wconf 27' lang='grc' dir='ltr'><strong>η</strong></span> 
     </span>
    </p>
   </div>
   <div class='ocr_carea' id='block_1_16' title="bbox 557 1424 2132 1497">
    <p class='ocr_par' dir='ltr' id='par_1_16' title="bbox 557 1424 2132 1497">
     <span class='ocr_line' id='line_1_16' title="bbox 557 1424 2132 1497; baseline -0.005 -15"><span class='ocrx_word' id='word_1_94' title='bbox 557 1425 779 1494; x_wconf 82' lang='lat' dir='ltr'><strong>dilIldis,</strong></span> <span class='ocrx_word' id='word_1_95' title='bbox 810 1428 902 1497; x_wconf 90' lang='lat' dir='ltr'><strong>qui</strong></span> <span class='ocrx_word' id='word_1_96' title='bbox 939 1428 1052 1482; x_wconf 93' lang='lat' dir='ltr'><strong>Deo</strong></span> <span class='ocrx_word' id='word_1_97' title='bbox 1075 1427 1264 1482; x_wconf 83' lang='lat' dir='ltr'><strong>astat?</strong></span> <span class='ocrx_word' id='word_1_98' title='bbox 1296 1427 1507 1497; x_wconf 75' lang='lat' dir='ltr'><strong>ipsique</strong></span> <span class='ocrx_word' id='word_1_99' title='bbox 1534 1425 1770 1479; x_wconf 92' lang='lat' dir='ltr'><strong>mittenti</strong></span> <span class='ocrx_word' id='word_1_100' title='bbox 1799 1439 1905 1478; x_wconf 92' lang='lat' dir='ltr'><strong>non</strong></span> <span class='ocrx_word' id='word_1_101' title='bbox 1933 1424 2132 1487; x_wconf 85' lang='lat' dir='ltr'><strong>credis,</strong></span> 
     </span>
    </p>
   </div>
   <div class='ocr_carea' id='block_1_17' title="bbox 560 1515 2134 1589">
    <p class='ocr_par' dir='ltr' id='par_1_17' title="bbox 560 1515 2134 1589">
     <span class='ocr_line' id='line_1_17' title="bbox 560 1515 2134 1589; baseline -0.004 -14"><span class='ocrx_word' id='word_1_102' title='bbox 560 1523 654 1576; x_wconf 85' lang='lat' dir='ltr'><strong>sed</strong></span> <span class='ocrx_word' id='word_1_103' title='bbox 684 1521 761 1576; x_wconf 89' lang='lat' dir='ltr'><strong>rei</strong></span> <span class='ocrx_word' id='word_1_104' title='bbox 803 1535 1092 1576; x_wconf 82' lang='lat' dir='ltr'><strong>summam.</strong></span> <span class='ocrx_word' id='word_1_105' title='bbox 1112 1520 1478 1575; x_wconf 76' lang='lat' dir='ltr'><strong>diﬂicultatem</strong></span> <span class='ocrx_word' id='word_1_106' title='bbox 1511 1518 1766 1589; x_wconf 85' lang='lat' dir='ltr'><strong>spectas?</strong></span> <span class='ocrx_word' id='word_1_107' title='bbox 1793 1515 1878 1573; x_wconf 80' lang='grc' dir='ltr'>οι)</span> <span class='ocrx_word' id='word_1_108' title='bbox 1905 1517 2006 1573; x_wconf 87' lang='lat' dir='ltr'><strong>hoc</strong></span> <span class='ocrx_word' id='word_1_109' title='bbox 2034 1517 2134 1587; x_wconf 79' lang='lat' dir='ltr'><strong>igi-</strong></span> 
     </span>
    </p>
   </div>
   <div class='ocr_carea' id='block_1_18' title="bbox 565 1611 2131 1682">
    <p class='ocr_par' dir='ltr' id='par_1_18' title="bbox 565 1611 2131 1682">
     <span class='ocr_line' id='line_1_18' title="bbox 565 1611 2131 1682; baseline -0.003 -14"><span class='ocrx_word' id='word_1_110' title='bbox 565 1625 654 1669; x_wconf 86' lang='lat' dir='ltr'><strong>tur</strong></span> <span class='ocrx_word' id='word_1_111' title='bbox 696 1613 1037 1670; x_wconf 91' lang='lat' dir='ltr'><strong>incredulum</strong></span> <span class='ocrx_word' id='word_1_112' title='bbox 1098 1615 1324 1669; x_wconf 80' lang='lat' dir='ltr'><strong>verbum</strong></span> <span class='ocrx_word' id='word_1_113' title='bbox 1380 1627 1514 1669; x_wconf 88' lang='lat' dir='ltr'><strong>voce</strong></span> <span class='ocrx_word' id='word_1_114' title='bbox 1568 1611 1912 1682; x_wconf 87' lang='lat' dir='ltr'><strong>spoliaberis,</strong></span> <span class='ocrx_word' id='word_1_115' title='bbox 1956 1611 2131 1680; x_wconf 83' lang='lat' dir='ltr'><strong>quoad</strong></span> 
     </span>
    </p>
   </div>
   <div class='ocr_carea' id='block_1_19' title="bbox 561 1702 2129 1777">
    <p class='ocr_par' dir='ltr' id='par_1_19' title="bbox 561 1702 2129 1777">
     <span class='ocr_line' id='line_1_19' title="bbox 561 1702 2129 1777; baseline -0.003 -17"><span class='ocrx_word' id='word_1_116' title='bbox 561 1723 651 1764; x_wconf 88' lang='lat' dir='ltr'><strong>res</strong></span> <span class='ocrx_word' id='word_1_117' title='bbox 684 1708 800 1777; x_wconf 87' lang='lat' dir='ltr'><strong>ipsa</strong></span> <span class='ocrx_word' id='word_1_118' title='bbox 833 1707 1120 1762; x_wconf 81' lang='lat' dir='ltr'><strong>evenerit:</strong></span> <span class='ocrx_word' id='word_1_119' title='bbox 1155 1721 1347 1775; x_wconf 86' lang='lat' dir='ltr'><strong>nempe</strong></span> <span class='ocrx_word' id='word_1_120' title='bbox 1384 1716 1445 1760; x_wconf 91' lang='lat' dir='ltr'><strong>ut</strong></span> <span class='ocrx_word' id='word_1_121' title='bbox 1477 1715 1623 1760; x_wconf 87' lang='lat' dir='ltr'><strong>tuam</strong></span> <span class='ocrx_word' id='word_1_122' title='bbox 1652 1719 1848 1761; x_wconf 88' lang='lat' dir='ltr'><strong>noscas</strong></span> <span class='ocrx_word' id='word_1_123' title='bbox 1879 1702 2129 1760; x_wconf 80' lang='lat' dir='ltr'><strong>incredu-</strong></span> 
     </span>
    </p>
   </div>
   <div class='ocr_carea' id='block_1_20' title="bbox 558 1781 1544 1872">
    <p class='ocr_par' dir='ltr' id='par_1_20' title="bbox 558 1781 1544 1872">
     <span class='ocr_line' id='line_1_20' title="bbox 558 1781 1544 1872; baseline -0.001 -19"><span class='ocrx_word' id='word_1_124' title='bbox 558 1802 767 1856; x_wconf 91' lang='lat' dir='ltr'><strong>litatem</strong></span> <span class='ocrx_word' id='word_1_125' title='bbox 803 1800 1006 1872; x_wconf 88' lang='lat' dir='ltr'><strong>Deique</strong></span> <span class='ocrx_word' id='word_1_126' title='bbox 1030 1799 1190 1855; x_wconf 87' lang='lat' dir='ltr'><strong>simul</strong></span> <span class='ocrx_word' id='word_1_127' title='bbox 1226 1781 1544 1869; x_wconf 84' lang='lat' dir='ltr'><strong>potentiam.</strong></span> 
     </span>
    </p>
   </div>
   <div class='ocr_carea' id='block_1_21' title="bbox 555 1953 2128 2024">
    <p class='ocr_par' dir='ltr' id='par_1_21' title="bbox 555 1953 2128 2024">
     <span class='ocr_line' id='line_1_21' title="bbox 555 1953 2128 2024; baseline -0.003 -13"><span class='ocrx_word' id='word_1_128' title='bbox 555 1957 602 1988; x_wconf 80' lang='lat'>“</span> <span class='ocrx_word' id='word_1_129' title='bbox 626 1956 783 2012; x_wconf 86' lang='lat' dir='ltr'><strong>Dabit</strong></span> <span class='ocrx_word' id='word_1_130' title='bbox 811 1957 891 2010; x_wconf 83' lang='lat' dir='ltr'><strong>illi</strong></span> <span class='ocrx_word' id='word_1_131' title='bbox 922 1955 1177 2010; x_wconf 80' lang='lat' dir='ltr'><strong>Dominus</strong></span> <span class='ocrx_word' id='word_1_132' title='bbox 1202 1954 1341 2009; x_wconf 86' lang='lat' dir='ltr'><strong>Deus</strong></span> <span class='ocrx_word' id='word_1_133' title='bbox 1361 1956 1536 2010; x_wconf 82' lang='lat' dir='ltr'><strong>sedem</strong></span> <span class='ocrx_word' id='word_1_134' title='bbox 1559 1953 1778 2008; x_wconf 83' lang='lat' dir='ltr'><strong>Davidis</strong></span> <span class='ocrx_word' id='word_1_135' title='bbox 1805 1953 1972 2024; x_wconf 84' lang='lat' dir='ltr'><strong>patris</strong></span> <span class='ocrx_word' id='word_1_136' title='bbox 1994 1954 2128 2023; x_wconf 87' lang='lat' dir='ltr'><strong>ejus.</strong></span> 
     </span>
    </p>
   </div>
   <div class='ocr_carea' id='block_1_22' title="bbox 628 2110 2129 2178">
    <p class='ocr_par' dir='ltr' id='par_1_22' title="bbox 628 2110 2129 2178">
     <span class='ocr_line' id='line_1_22' title="bbox 628 2110 2129 2178; baseline -0.002 -12"><span class='ocrx_word' id='word_1_137' title='bbox 628 2112 906 2166; x_wconf 87' lang='lat' dir='ltr'><strong>Thronum</strong></span> <span class='ocrx_word' id='word_1_138' title='bbox 956 2110 1090 2165; x_wconf 91' lang='lat' dir='ltr'><strong>dicit</strong></span> <span class='ocrx_word' id='word_1_139' title='bbox 1121 2110 1307 2164; x_wconf 87' lang='lat' dir='ltr'><strong>Davidi</strong></span> <span class='ocrx_word' id='word_1_140' title='bbox 1356 2110 1682 2173; x_wconf 88' lang='lat' dir='ltr'><strong>nuntiatum,</strong></span> <span class='ocrx_word' id='word_1_141' title='bbox 1734 2123 1908 2178; x_wconf 87' lang='lat' dir='ltr'><strong>neque</strong></span> <span class='ocrx_word' id='word_1_142' title='bbox 1949 2119 2129 2163; x_wconf 86' lang='lat' dir='ltr'><strong>tamen</strong></span> 
     </span>
    </p>
   </div>
   <div class='ocr_carea' id='block_1_23' title="bbox 555 2201 2132 2271">
    <p class='ocr_par' dir='ltr' id='par_1_23' title="bbox 555 2201 2132 2271">
     <span class='ocr_line' id='line_1_23' title="bbox 555 2201 2132 2271; baseline -0.002 -13"><span class='ocrx_word' id='word_1_143' title='bbox 555 2206 760 2259; x_wconf 85' lang='lat' dir='ltr'><strong>datum.</strong></span> <span class='ocrx_word' id='word_1_144' title='bbox 787 2201 956 2259; x_wconf 88' lang='lat' dir='ltr'><strong>Semel</strong></span> <span class='ocrx_word' id='word_1_145' title='bbox 1001 2205 1136 2258; x_wconf 85' lang='lat' dir='ltr'><strong>enim</strong></span> <span class='ocrx_word' id='word_1_146' title='bbox 1156 2243 1173 2268; x_wconf 95' lang='lat'><strong>,</strong></span> <span class='ocrx_word' id='word_1_147' title='bbox 1205 2203 1302 2269; x_wconf 90' lang='lat' dir='ltr'><strong>ait,</strong></span> <span class='ocrx_word' id='word_1_148' title='bbox 1313 2203 1493 2271; x_wconf 60' lang='grc' dir='ltr'><strong>βαναυὶ</strong></span> <span class='ocrx_word' id='word_1_149' title='bbox 1515 2204 1569 2258; x_wconf 90' lang='lat' dir='ltr'><strong>in</strong></span> <span class='ocrx_word' id='word_1_150' title='bbox 1596 2213 1778 2257; x_wconf 83' lang='lat' dir='ltr'><strong>saneto</strong></span> <span class='ocrx_word' id='word_1_151' title='bbox 1803 2203 1997 2267; x_wconf 84' lang='lat' dir='ltr'><strong>meo,si</strong></span> <span class='ocrx_word' id='word_1_152' title='bbox 2026 2203 2132 2255; x_wconf 85' lang='lat' dir='ltr'><strong>Da-</strong></span> 
     </span>
    </p>
   </div>
   <div class='ocr_carea' id='block_1_24' title="bbox 553 2295 2126 2365">
    <p class='ocr_par' dir='ltr' id='par_1_24' title="bbox 553 2295 2126 2365">
     <span class='ocr_line' id='line_1_24' title="bbox 553 2295 2126 2365; baseline -0.004 -15"><span class='ocrx_word' id='word_1_153' title='bbox 553 2296 668 2350; x_wconf 76' lang='lat' dir='ltr'><strong>vidi</strong></span> <span class='ocrx_word' id='word_1_154' title='bbox 719 2296 949 2350; x_wconf 85' lang='lat' dir='ltr'><strong>mentiar</strong></span> <span class='ocrx_word' id='word_1_155' title='bbox 989 2309 1008 2346; x_wconf 91' lang='lat'><strong><em>:</em></strong></span> <span class='ocrx_word' id='word_1_156' title='bbox 1061 2311 1233 2349; x_wconf 79' lang='lat' dir='ltr'><strong>semen</strong></span> <span class='ocrx_word' id='word_1_157' title='bbox 1271 2295 1386 2365; x_wconf 89' lang='lat' dir='ltr'><strong>ejus</strong></span> <span class='ocrx_word' id='word_1_158' title='bbox 1438 2303 1612 2348; x_wconf 87' lang='lat' dir='ltr'><strong>manet</strong></span> <span class='ocrx_word' id='word_1_159' title='bbox 1649 2297 1703 2348; x_wconf 87' lang='lat' dir='ltr'><strong>in</strong></span> <span class='ocrx_word' id='word_1_160' title='bbox 1731 2303 2038 2348; x_wconf 72' lang='lat' dir='ltr'><strong>aeternum:</strong></span> <span class='ocrx_word' id='word_1_161' title='bbox 2078 2303 2126 2346; x_wconf 90' lang='lat' dir='ltr'><strong>et</strong></span> 
     </span>
    </p>
   </div>
   <div class='ocr_carea' id='block_1_25' title="bbox 553 2383 2126 2464">
    <p class='ocr_par' dir='ltr' id='par_1_25' title="bbox 553 2383 2126 2464">
     <span class='ocr_line' id='line_1_25' title="bbox 553 2383 2126 2464; baseline -0.001 -24"><span class='ocrx_word' id='word_1_162' title='bbox 553 2388 773 2442; x_wconf 78' lang='lat' dir='ltr'><strong>thronus</strong></span> <span class='ocrx_word' id='word_1_163' title='bbox 805 2388 919 2457; x_wconf 72' lang='lat' dir='ltr'><strong>ejus</strong></span> <span class='ocrx_word' id='word_1_164' title='bbox 952 2383 1087 2441; x_wconf 81' lang='lat' dir='ltr'><strong>sicut</strong></span> <span class='ocrx_word' id='word_1_165' title='bbox 1117 2385 1197 2440; x_wconf 82' lang='lat' dir='ltr'><strong>sol</strong></span> <span class='ocrx_word' id='word_1_166' title='bbox 1224 2388 1279 2441; x_wconf 87' lang='lat' dir='ltr'><strong>in</strong></span> <span class='ocrx_word' id='word_1_167' title='bbox 1312 2395 1592 2464; x_wconf 72' lang='lat' dir='ltr'><strong>conspectu</strong></span> <span class='ocrx_word' id='word_1_168' title='bbox 1631 2403 1766 2440; x_wconf 76' lang='lat' dir='ltr'><strong>utea.</strong></span> <span class='ocrx_word' id='word_1_169' title='bbox 1796 2386 1864 2440; x_wconf 89' lang='lat' dir='ltr'><strong>Et</strong></span> <span class='ocrx_word' id='word_1_170' title='bbox 1891 2402 2081 2441; x_wconf 88' lang='lat' dir='ltr'><strong>rursus</strong></span> <span class='ocrx_word' id='word_1_171' title='bbox 2111 2404 2126 2438; x_wconf 91' lang='lat'><strong>:</strong></span> 
     </span>
    </p>
   </div>
   <div class='ocr_carea' id='block_1_26' title="bbox 550 2477 2127 2550">
    <p class='ocr_par' dir='ltr' id='par_1_26' title="bbox 550 2477 2127 2550">
     <span class='ocr_line' id='line_1_26' title="bbox 550 2477 2127 2550; baseline -0.001 -16"><span class='ocrx_word' id='word_1_172' title='bbox 550 2481 744 2536; x_wconf 63' lang='grc' dir='ltr'>Δαναοὶ</span> <span class='ocrx_word' id='word_1_173' title='bbox 775 2479 969 2536; x_wconf 81' lang='lat' dir='ltr'><strong>Davidi</strong></span> <span class='ocrx_word' id='word_1_174' title='bbox 1000 2493 1146 2535; x_wconf 74' lang='lat' dir='ltr'><strong>servo</strong></span> <span class='ocrx_word' id='word_1_175' title='bbox 1193 2496 1326 2544; x_wconf 91' lang='lat' dir='ltr'><strong>meo,</strong></span> <span class='ocrx_word' id='word_1_176' title='bbox 1353 2477 1525 2550; x_wconf 77' lang='lat' dir='ltr'><strong>Usque</strong></span> <span class='ocrx_word' id='word_1_177' title='bbox 1552 2481 1608 2533; x_wconf 85' lang='lat' dir='ltr'><strong>in</strong></span> <span class='ocrx_word' id='word_1_178' title='bbox 1637 2491 1890 2534; x_wconf 65' lang='lat' dir='ltr'><strong>aeternam</strong></span> <span class='ocrx_word' id='word_1_179' title='bbox 1919 2495 2127 2548; x_wconf 62' lang='lat' dir='ltr'><strong>prama-</strong></span> 
     </span>
    </p>
   </div>
   <div class='ocr_carea' id='block_1_27' title="bbox 552 2573 2126 2643">
    <p class='ocr_par' dir='ltr' id='par_1_27' title="bbox 552 2573 2126 2643">
     <span class='ocr_line' id='line_1_27' title="bbox 552 2573 2126 2643; baseline -0.002 -16"><span class='ocrx_word' id='word_1_180' title='bbox 552 2576 681 2629; x_wconf 82' lang='lat' dir='ltr'><strong>rabo</strong></span> <span class='ocrx_word' id='word_1_181' title='bbox 727 2591 904 2628; x_wconf 81' lang='lat' dir='ltr'><strong>semen</strong></span> <span class='ocrx_word' id='word_1_182' title='bbox 937 2584 1107 2638; x_wconf 82' lang='lat' dir='ltr'><strong>tuum,</strong></span> <span class='ocrx_word' id='word_1_183' title='bbox 1139 2583 1186 2627; x_wconf 91' lang='lat' dir='ltr'><strong>et</strong></span> <span class='ocrx_word' id='word_1_184' title='bbox 1220 2573 1496 2641; x_wconf 72' lang='lat' dir='ltr'><strong>wdiﬁcabo</strong></span> <span class='ocrx_word' id='word_1_185' title='bbox 1552 2573 1608 2627; x_wconf 87' lang='lat' dir='ltr'><strong>in</strong></span> <span class='ocrx_word' id='word_1_186' title='bbox 1647 2574 2036 2643; x_wconf 80' lang='lat' dir='ltr'><strong>generationem</strong></span> <span class='ocrx_word' id='word_1_187' title='bbox 2076 2581 2126 2626; x_wconf 92' lang='lat' dir='ltr'><strong>et</strong></span> 
     </span>
    </p>
   </div>
   <div class='ocr_carea' id='block_1_28' title="bbox 553 2664 2127 2737">
    <p class='ocr_par' dir='ltr' id='par_1_28' title="bbox 553 2664 2127 2737">
     <span class='ocr_line' id='line_1_28' title="bbox 553 2664 2127 2737; baseline -0.003 -14"><span class='ocrx_word' id='word_1_188' title='bbox 553 2670 946 2737; x_wconf 81' lang='lat' dir='ltr'><strong>generationem</strong></span> <span class='ocrx_word' id='word_1_189' title='bbox 984 2668 1236 2721; x_wconf 80' lang='lat' dir='ltr'><strong>thronum</strong></span> <span class='ocrx_word' id='word_1_190' title='bbox 1266 2675 1419 2721; x_wconf 81' lang='lat' dir='ltr'><strong>tuum</strong></span> <span class='ocrx_word' id='word_1_191' title='bbox 1441 2664 1508 2720; x_wconf 71' lang='grc'><strong>⁸⁷.</strong></span> <span class='ocrx_word' id='word_1_192' title='bbox 1536 2666 1712 2735; x_wconf 82' lang='lat' dir='ltr'><strong>Atque</strong></span> <span class='ocrx_word' id='word_1_193' title='bbox 1739 2665 1854 2720; x_wconf 67' lang='lat' dir='ltr'><strong>haec</strong></span> <span class='ocrx_word' id='word_1_194' title='bbox 1883 2665 2024 2720; x_wconf 79' lang='lat' dir='ltr'><strong>haud</strong></span> <span class='ocrx_word' id='word_1_195' title='bbox 2060 2664 2127 2719; x_wconf 90' lang='lat' dir='ltr'><strong>de</strong></span> 
     </span>
    </p>
   </div>
   <div class='ocr_carea' id='block_1_29' title="bbox 550 2758 2126 2830">
    <p class='ocr_par' dir='ltr' id='par_1_29' title="bbox 550 2758 2126 2830">
     <span class='ocr_line' id='line_1_29' title="bbox 550 2758 2126 2830; baseline -0.002 -14"><span class='ocrx_word' id='word_1_196' title='bbox 550 2776 751 2816; x_wconf 88' lang='lat' dir='ltr'><strong>carnea</strong></span> <span class='ocrx_word' id='word_1_197' title='bbox 797 2761 968 2830; x_wconf 82' lang='lat' dir='ltr'><strong>stirpe</strong></span> <span class='ocrx_word' id='word_1_198' title='bbox 1013 2760 1170 2826; x_wconf 89' lang='lat' dir='ltr'><strong>dicit,</strong></span> <span class='ocrx_word' id='word_1_199' title='bbox 1213 2773 1390 2830; x_wconf 85' lang='lat' dir='ltr'><strong>neque</strong></span> <span class='ocrx_word' id='word_1_200' title='bbox 1432 2759 1500 2814; x_wconf 90' lang='lat' dir='ltr'><strong>de</strong></span> <span class='ocrx_word' id='word_1_201' title='bbox 1546 2758 1746 2814; x_wconf 90' lang='lat' dir='ltr'><strong>visibili</strong></span> <span class='ocrx_word' id='word_1_202' title='bbox 1778 2759 1997 2826; x_wconf 89' lang='lat' dir='ltr'><strong>throno,</strong></span> <span class='ocrx_word' id='word_1_203' title='bbox 2032 2759 2126 2813; x_wconf 89' lang='lat' dir='ltr'><strong>sed</strong></span> 
     </span>
    </p>
   </div>
   <div class='ocr_carea' id='block_1_30' title="bbox 553 2850 2123 2924">
    <p class='ocr_par' dir='ltr' id='par_1_30' title="bbox 553 2850 2123 2924">
     <span class='ocr_line' id='line_1_30' title="bbox 553 2850 2123 2924; baseline 0 -17"><span class='ocrx_word' id='word_1_204' title='bbox 553 2854 622 2909; x_wconf 88' lang='lat' dir='ltr'><strong>de</strong></span> <span class='ocrx_word' id='word_1_205' title='bbox 657 2853 748 2908; x_wconf 87' lang='lat' dir='ltr'><strong>illo</strong></span> <span class='ocrx_word' id='word_1_206' title='bbox 776 2868 938 2923; x_wconf 84' lang='lat' dir='ltr'><strong>quem</strong></span> <span class='ocrx_word' id='word_1_207' title='bbox 975 2853 1202 2924; x_wconf 76' lang='lat' dir='ltr'><strong>angelus</strong></span> <span class='ocrx_word' id='word_1_208' title='bbox 1230 2862 1502 2909; x_wconf 84' lang='lat' dir='ltr'><strong>memorat</strong></span> <span class='ocrx_word' id='word_1_209' title='bbox 1532 2866 1655 2907; x_wconf 93' lang='lat' dir='ltr'><strong>cum</strong></span> <span class='ocrx_word' id='word_1_210' title='bbox 1681 2850 1848 2906; x_wconf 83' lang='lat' dir='ltr'><strong>Maria</strong></span> <span class='ocrx_word' id='word_1_211' title='bbox 1876 2851 2123 2923; x_wconf 89' lang='lat' dir='ltr'><strong>loquens,</strong></span> 
     </span>
    </p>
   </div>
   <div class='ocr_carea' id='block_1_31' title="bbox 556 2943 2127 3014">
    <p class='ocr_par' dir='ltr' id='par_1_31' title="bbox 556 2943 2127 3014">
     <span class='ocr_line' id='line_1_31' title="bbox 556 2943 2127 3014; baseline 0.002 -16"><span class='ocrx_word' id='word_1_212' title='bbox 556 2945 650 3014; x_wconf 84' lang='lat' dir='ltr'><strong>qui</strong></span> <span class='ocrx_word' id='word_1_213' title='bbox 679 2943 817 2999; x_wconf 84' lang='lat' dir='ltr'><strong>nihil</strong></span> <span class='ocrx_word' id='word_1_214' title='bbox 852 2943 1146 3014; x_wconf 78' lang='lat' dir='ltr'><strong>temporale</strong></span> <span class='ocrx_word' id='word_1_215' title='bbox 1179 2944 1363 3010; x_wconf 83' lang='lat' dir='ltr'><strong>habet,</strong></span> <span class='ocrx_word' id='word_1_216' title='bbox 1397 2945 1491 3014; x_wconf 89' lang='lat' dir='ltr'><strong>qui</strong></span> <span class='ocrx_word' id='word_1_217' title='bbox 1527 2944 1666 3001; x_wconf 88' lang='lat' dir='ltr'><strong>lucis</strong></span> <span class='ocrx_word' id='word_1_218' title='bbox 1700 2945 1876 3000; x_wconf 83' lang='lat' dir='ltr'><strong>instar</strong></span> <span class='ocrx_word' id='word_1_219' title='bbox 1909 2945 1962 3000; x_wconf 89' lang='lat' dir='ltr'><strong>in</strong></span> <span class='ocrx_word' id='word_1_220' title='bbox 1994 2946 2127 3001; x_wconf 86' lang='lat' dir='ltr'><strong>orbe</strong></span> 
     </span>
    </p>
   </div>
   <div class='ocr_carea' id='block_1_32' title="bbox 551 3035 2126 3108">
    <p class='ocr_par' dir='ltr' id='par_1_32' title="bbox 551 3035 2126 3108">
     <span class='ocr_line' id='line_1_32' title="bbox 551 3035 2126 3108; baseline -0.001 -17"><span class='ocrx_word' id='word_1_221' title='bbox 551 3038 816 3093; x_wconf 84' lang='lat' dir='ltr'><strong>universo</strong></span> <span class='ocrx_word' id='word_1_222' title='bbox 839 3036 1128 3108; x_wconf 89' lang='lat' dir='ltr'><strong>splendet,</strong></span> <span class='ocrx_word' id='word_1_223' title='bbox 1160 3037 1361 3107; x_wconf 89' lang='lat' dir='ltr'><strong>quique</strong></span> <span class='ocrx_word' id='word_1_224' title='bbox 1403 3037 1616 3093; x_wconf 86' lang='lat' dir='ltr'><strong>animas</strong></span> <span class='ocrx_word' id='word_1_225' title='bbox 1657 3035 1978 3107; x_wconf 86' lang='lat' dir='ltr'><strong>spiritaliter</strong></span> <span class='ocrx_word' id='word_1_226' title='bbox 2003 3036 2126 3092; x_wconf 78' lang='lat' dir='ltr'><strong>illu-</strong></span> 
     </span>
    </p>
   </div>
   <div class='ocr_carea' id='block_1_33' title="bbox 2239 498 3834 571">
    <p class='ocr_par' dir='ltr' id='par_1_33' title="bbox 2239 498 3834 571">
     <span class='ocr_line' id='line_1_33' title="bbox 2239 498 3834 571; baseline 0 -19"><span class='ocrx_word' id='word_1_227' title='bbox 2239 499 2494 570; x_wconf 76' lang='grc' dir='ltr'><strong>ἐμέμφθη</strong></span> <span class='ocrx_word' id='word_1_228' title='bbox 2543 501 2689 554; x_wconf 88' lang='grc' dir='ltr'>τότε.</span> <span class='ocrx_word' id='word_1_229' title='bbox 2743 501 2880 553; x_wconf 83' lang='grc' dir='ltr'>Ποτὲ</span> <span class='ocrx_word' id='word_1_230' title='bbox 2932 501 3028 570; x_wconf 80' lang='grc' dir='ltr'><strong>μὲν</strong></span> <span class='ocrx_word' id='word_1_231' title='bbox 3079 498 3188 570; x_wconf 78' lang='grc' dir='ltr'>γὰρ</span> <span class='ocrx_word' id='word_1_232' title='bbox 3240 500 3382 571; x_wconf 83' lang='grc' dir='ltr'>λόγῳ</span> <span class='ocrx_word' id='word_1_233' title='bbox 3417 500 3561 571; x_wconf 83' lang='grc' dir='ltr'><strong>μόνῳ</strong></span> <span class='ocrx_word' id='word_1_234' title='bbox 3603 503 3631 553; x_wconf 85' lang='grc' dir='ltr'><strong>ό</strong></span> <span class='ocrx_word' id='word_1_235' title='bbox 3681 500 3834 562; x_wconf 77' lang='grc' dir='ltr'>Θεὸς</span> 
     </span>
    </p>
   </div>
   <div class='ocr_carea' id='block_1_34' title="bbox 2241 586 3831 660">
    <p class='ocr_par' dir='ltr' id='par_1_34' title="bbox 2241 586 3831 660">
     <span class='ocr_line' id='line_1_34' title="bbox 2241 586 3831 660; baseline 0 -18"><span class='ocrx_word' id='word_1_236' title='bbox 2241 589 2536 660; x_wconf 74' lang='grc' dir='ltr'>μέμφεται,</span> <span class='ocrx_word' id='word_1_237' title='bbox 2569 590 2697 644; x_wconf 84' lang='grc' dir='ltr'>ποτὲ</span> <span class='ocrx_word' id='word_1_238' title='bbox 2748 591 2804 643; x_wconf 84' lang='grc' dir='ltr'>δὲ</span> <span class='ocrx_word' id='word_1_239' title='bbox 2845 591 2934 643; x_wconf 66' lang='grc' dir='ltr'><strong>καὶ</strong></span> <span class='ocrx_word' id='word_1_240' title='bbox 2986 589 3129 660; x_wconf 76' lang='grc' dir='ltr'><strong>ἔργῳ</strong></span> <span class='ocrx_word' id='word_1_241' title='bbox 3181 591 3423 660; x_wconf 80' lang='grc' dir='ltr'>ἐπιτιμᾷ.</span> <span class='ocrx_word' id='word_1_242' title='bbox 3472 589 3672 642; x_wconf 77' lang='grc' dir='ltr'><strong>Τούτου</strong></span> <span class='ocrx_word' id='word_1_243' title='bbox 3717 586 3831 642; x_wconf 73' lang='grc' dir='ltr'><strong>οὖν</strong></span> 
     </span>
    </p>
   </div>
   <div class='ocr_carea' id='block_1_35' title="bbox 2236 681 3833 754">
    <p class='ocr_par' dir='ltr' id='par_1_35' title="bbox 2236 681 3833 754">
     <span class='ocr_line' id='line_1_35' title="bbox 2236 681 3833 754; baseline 0 -20"><span class='ocrx_word' id='word_1_244' title='bbox 2236 681 2396 754; x_wconf 80' lang='grc' dir='ltr'>χάριν</span> <span class='ocrx_word' id='word_1_245' title='bbox 2431 683 2524 737; x_wconf 74' lang='grc' dir='ltr'>καὶ</span> <span class='ocrx_word' id='word_1_246' title='bbox 2548 682 2624 754; x_wconf 81' lang='grc' dir='ltr'>τῷ</span> <span class='ocrx_word' id='word_1_247' title='bbox 2657 682 2900 754; x_wconf 76' lang='grc' dir='ltr'>Ζαχαρία</span> <span class='ocrx_word' id='word_1_248' title='bbox 2930 683 2995 736; x_wconf 82' lang='grc' dir='ltr'>δι’</span> <span class='ocrx_word' id='word_1_249' title='bbox 3025 681 3186 754; x_wconf 75' lang='grc' dir='ltr'>ἔργου</span> <span class='ocrx_word' id='word_1_250' title='bbox 3211 685 3552 753; x_wconf 65' lang='grc' dir='ltr'>ἐπετίμησε,</span> <span class='ocrx_word' id='word_1_251' title='bbox 3589 683 3683 736; x_wconf 78' lang='grc' dir='ltr'><strong>καὶ</strong></span> <span class='ocrx_word' id='word_1_252' title='bbox 3730 684 3833 745; x_wconf 76' lang='grc' dir='ltr'>εἰς</span> 
     </span>
    </p>
   </div>
   <div class='ocr_carea' id='block_1_36' title="bbox 2236 756 3829 845">
    <p class='ocr_par' dir='ltr' id='par_1_36' title="bbox 2236 756 3829 845">
     <span class='ocr_line' id='line_1_36' title="bbox 2236 756 3829 845; baseline 0 -18"><span class='ocrx_word' id='word_1_253' title='bbox 2236 774 2528 845; x_wconf 77' lang='grc' dir='ltr'><strong>κωφότητα</strong></span> <span class='ocrx_word' id='word_1_254' title='bbox 2562 774 2654 828; x_wconf 73' lang='grc' dir='ltr'><strong>καὶ</strong></span> <span class='ocrx_word' id='word_1_255' title='bbox 2698 774 2939 843; x_wconf 75' lang='grc' dir='ltr'><strong>ἀφωνίαν</strong></span> <span class='ocrx_word' id='word_1_256' title='bbox 2985 774 3146 826; x_wconf 82' lang='grc' dir='ltr'>αὑτὸν</span> <span class='ocrx_word' id='word_1_257' title='bbox 3193 773 3584 845; x_wconf 73' lang='grc' dir='ltr'>περιέστησενο</span> <span class='ocrx_word' id='word_1_258' title='bbox 3638 756 3829 844; x_wconf 74' lang='grc' dir='ltr'>ἐχρῆν</span> 
     </span>
    </p>
   </div>
   <div class='ocr_carea' id='block_1_37' title="bbox 2234 865 3826 938">
    <p class='ocr_par' dir='ltr' id='par_1_37' title="bbox 2234 865 3826 938">
     <span class='ocr_line' id='line_1_37' title="bbox 2234 865 3826 938; baseline -0.001 -19"><span class='ocrx_word' id='word_1_259' title='bbox 2234 866 2344 937; x_wconf 77' lang='grc' dir='ltr'><strong>γὰρ</strong></span> <span class='ocrx_word' id='word_1_260' title='bbox 2405 868 2564 920; x_wconf 77' lang='grc' dir='ltr'>αὑτὸν</span> <span class='ocrx_word' id='word_1_261' title='bbox 2612 866 2700 920; x_wconf 79' lang='grc' dir='ltr'>διὰ</span> <span class='ocrx_word' id='word_1_262' title='bbox 2757 866 2864 920; x_wconf 87' lang='grc' dir='ltr'><strong>τῶν</strong></span> <span class='ocrx_word' id='word_1_263' title='bbox 2934 866 3214 938; x_wconf 79' lang='grc' dir='ltr'><strong>προτέρων</strong></span> <span class='ocrx_word' id='word_1_264' title='bbox 3281 865 3644 928; x_wconf 79' lang='grc' dir='ltr'>παιδεύεσθαι,</span> <span class='ocrx_word' id='word_1_265' title='bbox 3715 865 3826 918; x_wconf 72' lang='grc' dir='ltr'><strong>καὶ</strong></span> 
     </span>
    </p>
   </div>
   <div class='ocr_carea' id='block_1_38' title="bbox 2233 957 3821 1032">
    <p class='ocr_par' dir='ltr' id='par_1_38' title="bbox 2233 957 3821 1032">
     <span class='ocr_line' id='line_1_38' title="bbox 2233 957 3821 1032; baseline -0.001 -22"><span class='ocrx_word' id='word_1_266' title='bbox 2233 959 2330 1030; x_wconf 80' lang='grc' dir='ltr'><strong>τὴν</strong></span> <span class='ocrx_word' id='word_1_267' title='bbox 2373 961 2510 1030; x_wconf 74' lang='grc' dir='ltr'>πρδς</span> <span class='ocrx_word' id='word_1_268' title='bbox 2564 962 2689 1024; x_wconf 73' lang='grc' dir='ltr'>τοὺς</span> <span class='ocrx_word' id='word_1_269' title='bbox 2750 960 2992 1032; x_wconf 80' lang='grc' dir='ltr'><strong>πατέρας</strong></span> <span class='ocrx_word' id='word_1_270' title='bbox 3050 959 3256 1031; x_wconf 71' lang='grc' dir='ltr'>μέμψιν</span> <span class='ocrx_word' id='word_1_271' title='bbox 3320 958 3599 1012; x_wconf 77' lang='grc' dir='ltr'>παίδευσιν</span> <span class='ocrx_word' id='word_1_272' title='bbox 3668 957 3821 1010; x_wconf 84' lang='grc' dir='ltr'>ίδίαν</span> 
     </span>
    </p>
   </div>
   <div class='ocr_carea' id='block_1_39' title="bbox 2236 1035 3292 1124">
    <p class='ocr_par' dir='ltr' id='par_1_39' title="bbox 2236 1035 3292 1124">
     <span class='ocr_line' id='line_1_39' title="bbox 2236 1035 3292 1124; baseline 0.008 -21"><span class='ocrx_word' id='word_1_273' title='bbox 2236 1052 2586 1124; x_wconf 77' lang='grc' dir='ltr'>ποιήσασθαι.</span> <span class='ocrx_word' id='word_1_274' title='bbox 3279 1035 3292 1045; x_wconf 32' lang='grc' dir='ltr'><strong>θ</strong></span> 
     </span>
    </p>
   </div>
   <div class='ocr_carea' id='block_1_40' title="bbox 2735 1231 3332 1303">
    <p class='ocr_par' dir='ltr' id='par_1_40' title="bbox 2735 1231 3332 1303">
     <span class='ocr_line' id='line_1_40' title="bbox 2735 1231 3332 1303; baseline 0.003 -17"><span class='ocrx_word' id='word_1_275' title='bbox 2735 1234 2880 1303; x_wconf 73' lang='grc' dir='ltr'><strong>Ἐγώ</strong></span> <span class='ocrx_word' id='word_1_276' title='bbox 2909 1236 3024 1299; x_wconf 76' lang='grc' dir='ltr'>ειμι</span> <span class='ocrx_word' id='word_1_277' title='bbox 3052 1235 3102 1286; x_wconf 86' lang='grc' dir='ltr'><em>Γ</em></span> <span class='ocrx_word' id='word_1_278' title='bbox 3103 1231 3332 1301; x_wconf 74' lang='grc' dir='ltr'><strong>ιιϐριήλ.</strong></span> 
     </span>
    </p>
   </div>
   <div class='ocr_carea' id='block_1_41' title="bbox 2305 1314 3816 1394">
    <p class='ocr_par' dir='ltr' id='par_1_41' title="bbox 2305 1314 3816 1394">
     <span class='ocr_line' id='line_1_41' title="bbox 2305 1314 3816 1394; baseline 0.015 -22"><span class='ocrx_word' id='word_1_279' title='bbox 2305 1320 2370 1372; x_wconf 87' lang='grc' dir='ltr'><strong>Τί</strong></span> <span class='ocrx_word' id='word_1_280' title='bbox 2395 1314 2488 1373; x_wconf 75' lang='grc' dir='ltr'>οὖν</span> <span class='ocrx_word' id='word_1_281' title='bbox 2517 1335 2647 1388; x_wconf 70' lang='grc' dir='ltr'>φησι</span> <span class='ocrx_word' id='word_1_282' title='bbox 2670 1320 2803 1391; x_wconf 74' lang='grc' dir='ltr'>πρὸς</span> <span class='ocrx_word' id='word_1_283' title='bbox 2841 1322 3000 1374; x_wconf 73' lang='grc' dir='ltr'>αὑτὸν</span> <span class='ocrx_word' id='word_1_284' title='bbox 3028 1323 3056 1374; x_wconf 86' lang='grc' dir='ltr'><strong>ό</strong></span> <span class='ocrx_word' id='word_1_285' title='bbox 3097 1321 3361 1390; x_wconf 74' lang='grc' dir='ltr'>ἄγγελοςς</span> <span class='ocrx_word' id='word_1_286' title='bbox 3403 1321 3659 1391; x_wconf 68' lang='grc' dir='ltr'>Ἀγγέλῳν</span> <span class='ocrx_word' id='word_1_287' title='bbox 3703 1339 3816 1394; x_wconf 78' lang='grc' dir='ltr'><strong>φη-</strong></span> 
     </span>
    </p>
   </div>
   <div class='ocr_carea' id='block_1_42' title="bbox 2236 1410 3814 1482">
    <p class='ocr_par' dir='ltr' id='par_1_42' title="bbox 2236 1410 3814 1482">
     <span class='ocr_line' id='line_1_42' title="bbox 2236 1410 3814 1482; baseline 0.001 -20"><span class='ocrx_word' id='word_1_288' title='bbox 2236 1410 2341 1473; x_wconf 76' lang='grc' dir='ltr'>σὶν,</span> <span class='ocrx_word' id='word_1_289' title='bbox 2374 1411 2642 1472; x_wconf 77' lang='grc' dir='ltr'><strong>ἀπιστεῖς,</strong></span> <span class='ocrx_word' id='word_1_290' title='bbox 2681 1410 2740 1472; x_wconf 83' lang='grc' dir='ltr'>ὃς</span> <span class='ocrx_word' id='word_1_291' title='bbox 2764 1411 3073 1481; x_wconf 82' lang='grc' dir='ltr'><strong>παρέστηκε</strong></span> <span class='ocrx_word' id='word_1_292' title='bbox 3103 1411 3257 1482; x_wconf 84' lang='grc' dir='ltr'><strong>Θεῴ;</strong></span> <span class='ocrx_word' id='word_1_293' title='bbox 3293 1411 3386 1464; x_wconf 73' lang='grc' dir='ltr'>καὶ</span> <span class='ocrx_word' id='word_1_294' title='bbox 3425 1412 3482 1464; x_wconf 74' lang='grc' dir='ltr'>οὗ</span> <span class='ocrx_word' id='word_1_295' title='bbox 3532 1411 3814 1474; x_wconf 75' lang='grc' dir='ltr'><strong>πιστεύεις</strong></span> 
     </span>
    </p>
   </div>
   <div class='ocr_carea' id='block_1_43' title="bbox 2232 1501 3811 1576">
    <p class='ocr_par' dir='ltr' id='par_1_43' title="bbox 2232 1501 3811 1576">
     <span class='ocr_line' id='line_1_43' title="bbox 2232 1501 3811 1576; baseline 0.002 -21"><span class='ocrx_word' id='word_1_296' title='bbox 2232 1501 2310 1573; x_wconf 78' lang='grc' dir='ltr'>τῷ</span> <span class='ocrx_word' id='word_1_297' title='bbox 2341 1502 2740 1565; x_wconf 79' lang='grc' dir='ltr'>ἀποστείλαντι,</span> <span class='ocrx_word' id='word_1_298' title='bbox 2771 1503 2905 1556; x_wconf 84' lang='grc' dir='ltr'><strong>ἀλλά</strong></span> <span class='ocrx_word' id='word_1_299' title='bbox 2927 1505 3062 1574; x_wconf 83' lang='grc' dir='ltr'>πρὸς</span> <span class='ocrx_word' id='word_1_300' title='bbox 3081 1503 3178 1574; x_wconf 79' lang='grc' dir='ltr'>τὴν</span> <span class='ocrx_word' id='word_1_301' title='bbox 3202 1503 3292 1556; x_wconf 81' lang='grc' dir='ltr'>τοῦ</span> <span class='ocrx_word' id='word_1_302' title='bbox 3324 1503 3645 1576; x_wconf 84' lang='grc' dir='ltr'>πράγματος</span> <span class='ocrx_word' id='word_1_303' title='bbox 3680 1505 3811 1558; x_wconf 82' lang='grc' dir='ltr'>ἀδυ-</span> 
     </span>
    </p>
   </div>
   <div class='ocr_carea' id='block_1_44' title="bbox 2233 1595 3811 1668">
    <p class='ocr_par' dir='ltr' id='par_1_44' title="bbox 2233 1595 3811 1668">
     <span class='ocr_line' id='line_1_44' title="bbox 2233 1595 3811 1668; baseline -0.001 -18"><span class='ocrx_word' id='word_1_304' title='bbox 2233 1596 2434 1667; x_wconf 79' lang='grc' dir='ltr'>ναμίαν</span> <span class='ocrx_word' id='word_1_305' title='bbox 2494 1595 2745 1666; x_wconf 84' lang='grc' dir='ltr'>βλέπεις;</span> <span class='ocrx_word' id='word_1_306' title='bbox 2791 1596 2999 1649; x_wconf 78' lang='grc' dir='ltr'>Οὐκοῦν</span> <span class='ocrx_word' id='word_1_307' title='bbox 3051 1596 3139 1650; x_wconf 81' lang='grc' dir='ltr'>διὰ</span> <span class='ocrx_word' id='word_1_308' title='bbox 3181 1596 3278 1668; x_wconf 81' lang='grc' dir='ltr'>τὴν</span> <span class='ocrx_word' id='word_1_309' title='bbox 3321 1597 3546 1651; x_wconf 80' lang='grc' dir='ltr'>ἄπιστον</span> <span class='ocrx_word' id='word_1_310' title='bbox 3601 1598 3811 1668; x_wconf 79' lang='grc' dir='ltr'>ταύτην</span> 
     </span>
    </p>
   </div>
   <div class='ocr_carea' id='block_1_45' title="bbox 2237 1686 3809 1762">
    <p class='ocr_par' dir='ltr' id='par_1_45' title="bbox 2237 1686 3809 1762">
     <span class='ocr_line' id='line_1_45' title="bbox 2237 1686 3809 1762; baseline 0.001 -21"><span class='ocrx_word' id='word_1_311' title='bbox 2237 1689 2420 1760; x_wconf 68' lang='grc' dir='ltr'>φωνὴν</span> <span class='ocrx_word' id='word_1_312' title='bbox 2463 1686 2808 1762; x_wconf 79' lang='grc' dir='ltr'><strong>ἀφαιρεθήσῃ</strong></span> <span class='ocrx_word' id='word_1_313' title='bbox 2857 1688 2958 1758; x_wconf 77' lang='grc' dir='ltr'>τῆς</span> <span class='ocrx_word' id='word_1_314' title='bbox 2988 1689 3172 1759; x_wconf 79' lang='grc' dir='ltr'>φωνῆς</span> <span class='ocrx_word' id='word_1_315' title='bbox 3204 1690 3308 1754; x_wconf 76' lang='grc' dir='ltr'><strong>ἕως</strong></span> <span class='ocrx_word' id='word_1_316' title='bbox 3343 1689 3436 1743; x_wconf 81' lang='grc' dir='ltr'>τοῦ</span> <span class='ocrx_word' id='word_1_317' title='bbox 3481 1690 3809 1762; x_wconf 81' lang='grc' dir='ltr'>πράγματος</span> 
     </span>
    </p>
   </div>
   <div class='ocr_carea' id='block_1_46' title="bbox 2161 1770 3807 1851">
    <p class='ocr_par' dir='ltr' id='par_1_46' title="bbox 2161 1770 3807 1851">
     <span class='ocr_line' id='line_1_46' title="bbox 2161 1770 3807 1851; baseline 0 -19"><span class='ocrx_word' id='word_1_318' title='bbox 2161 1770 2205 1824; x_wconf 81' lang='grc' dir='ltr'><strong>Β</strong></span> <span class='ocrx_word' id='word_1_319' title='bbox 2235 1780 2633 1851; x_wconf 81' lang='grc' dir='ltr'><strong>πληρωθέντος,</strong></span> <span class='ocrx_word' id='word_1_320' title='bbox 2663 1780 2823 1848; x_wconf 78' lang='grc' dir='ltr'>γνοὺς</span> <span class='ocrx_word' id='word_1_321' title='bbox 2855 1781 2949 1833; x_wconf 78' lang='grc' dir='ltr'><strong>καὶ</strong></span> <span class='ocrx_word' id='word_1_322' title='bbox 2992 1779 3050 1832; x_wconf 84' lang='grc' dir='ltr'>τὸ</span> <span class='ocrx_word' id='word_1_323' title='bbox 3080 1780 3170 1834; x_wconf 83' lang='grc' dir='ltr'><strong>σὸν</strong></span> <span class='ocrx_word' id='word_1_324' title='bbox 3199 1782 3425 1835; x_wconf 79' lang='grc' dir='ltr'>ἄπιστον</span> <span class='ocrx_word' id='word_1_325' title='bbox 3471 1782 3564 1834; x_wconf 75' lang='grc' dir='ltr'>καὶ</span> <span class='ocrx_word' id='word_1_326' title='bbox 3606 1781 3666 1833; x_wconf 88' lang='grc' dir='ltr'>τὸ</span> <span class='ocrx_word' id='word_1_327' title='bbox 3708 1779 3807 1834; x_wconf 78' lang='grc' dir='ltr'>τοῦ</span> 
     </span>
    </p>
   </div>
   <div class='ocr_carea' id='block_1_47' title="bbox 2234 1869 2639 1924">
    <p class='ocr_par' dir='ltr' id='par_1_47' title="bbox 2234 1869 2639 1924">
     <span class='ocr_line' id='line_1_47' title="bbox 2234 1869 2639 1924; baseline 0.005 -2"><span class='ocrx_word' id='word_1_328' title='bbox 2234 1869 2368 1922; x_wconf 78' lang='grc' dir='ltr'>Θεοῦ</span> <span class='ocrx_word' id='word_1_329' title='bbox 2398 1869 2639 1924; x_wconf 83' lang='grc' dir='ltr'>δυνατόν.</span> 
     </span>
    </p>
   </div>
   <div class='ocr_carea' id='block_1_48' title="bbox 2234 1960 3811 2030">
    <p class='ocr_par' dir='ltr' id='par_1_48' title="bbox 2234 1960 3811 2030">
     <span class='ocr_line' id='line_1_48' title="bbox 2234 1960 3811 2030; baseline -0.001 -14"><span class='ocrx_word' id='word_1_330' title='bbox 2234 1962 2416 2016; x_wconf 86' lang='grc' dir='ltr'>Δώσει</span> <span class='ocrx_word' id='word_1_331' title='bbox 2443 1960 2602 2027; x_wconf 81' lang='grc' dir='ltr'>αὐτῷ</span> <span class='ocrx_word' id='word_1_332' title='bbox 2631 1961 2845 2030; x_wconf 80' lang='grc' dir='ltr'>Κύριος</span> <span class='ocrx_word' id='word_1_333' title='bbox 2873 1964 2905 2014; x_wconf 83' lang='grc' dir='ltr'><strong>ό</strong></span> <span class='ocrx_word' id='word_1_334' title='bbox 2930 1962 3073 2026; x_wconf 86' lang='grc' dir='ltr'><strong>Θεὸς</strong></span> <span class='ocrx_word' id='word_1_335' title='bbox 3104 1964 3317 2029; x_wconf 78' lang='grc' dir='ltr'>θρόνον</span> <span class='ocrx_word' id='word_1_336' title='bbox 3340 1961 3522 2016; x_wconf 82' lang='grc' dir='ltr'>Δαυτδ</span> <span class='ocrx_word' id='word_1_337' title='bbox 3551 1962 3653 2015; x_wconf 85' lang='grc' dir='ltr'>τοῦ</span> <span class='ocrx_word' id='word_1_338' title='bbox 3690 1980 3811 2015; x_wconf 74' lang='grc' dir='ltr'>πα-</span> 
     </span>
    </p>
   </div>
   <div class='ocr_carea' id='block_1_49' title="bbox 2826 2031 3211 2120">
    <p class='ocr_par' dir='ltr' id='par_1_49' title="bbox 2826 2031 3211 2120">
     <span class='ocr_line' id='line_1_49' title="bbox 2826 2031 3211 2120; baseline 0 -36"><span class='ocrx_word' id='word_1_339' title='bbox 2826 2032 2964 2100; x_wconf 78' lang='grc' dir='ltr'>τρὸς</span> <span class='ocrx_word' id='word_1_340' title='bbox 2998 2031 3211 2120; x_wconf 45' lang='lat' dir='ltr'><strong>autcf“</strong></span> 
     </span>
    </p>
   </div>
   <div class='ocr_carea' id='block_1_50' title="bbox 2300 2121 3808 2196">
    <p class='ocr_par' dir='ltr' id='par_1_50' title="bbox 2300 2121 3808 2196">
     <span class='ocr_line' id='line_1_50' title="bbox 2300 2121 3808 2196; baseline -0.003 -18"><span class='ocrx_word' id='word_1_341' title='bbox 2300 2124 2501 2196; x_wconf 86' lang='grc' dir='ltr'>Θρόνον</span> <span class='ocrx_word' id='word_1_342' title='bbox 2530 2124 2676 2192; x_wconf 89' lang='grc' dir='ltr'>λέγει</span> <span class='ocrx_word' id='word_1_343' title='bbox 2709 2123 2799 2175; x_wconf 77' lang='grc' dir='ltr'>τὸν</span> <span class='ocrx_word' id='word_1_344' title='bbox 2845 2123 3246 2190; x_wconf 78' lang='grc' dir='ltr'>ἐπαγγελθέντα</span> <span class='ocrx_word' id='word_1_345' title='bbox 3273 2121 3351 2193; x_wconf 82' lang='grc' dir='ltr'>τῷ</span> <span class='ocrx_word' id='word_1_346' title='bbox 3378 2122 3559 2186; x_wconf 84' lang='grc' dir='ltr'>Δαυῒδ,</span> <span class='ocrx_word' id='word_1_347' title='bbox 3593 2124 3656 2175; x_wconf 75' lang='grc' dir='ltr'><strong>οὐ</strong></span> <span class='ocrx_word' id='word_1_348' title='bbox 3693 2123 3808 2192; x_wconf 73' lang='grc' dir='ltr'><strong>μὴν</strong></span> 
     </span>
    </p>
   </div>
   <div class='ocr_carea' id='block_1_51' title="bbox 2232 2212 3814 2287">
    <p class='ocr_par' dir='ltr' id='par_1_51' title="bbox 2232 2212 3814 2287">
     <span class='ocr_line' id='line_1_51' title="bbox 2232 2212 3814 2287; baseline -0.003 -17"><span class='ocrx_word' id='word_1_349' title='bbox 2232 2218 2324 2270; x_wconf 76' lang='grc' dir='ltr'><strong>καὶ</strong></span> <span class='ocrx_word' id='word_1_350' title='bbox 2355 2217 2575 2269; x_wconf 82' lang='grc' dir='ltr'>δοθέντα</span> <span class='ocrx_word' id='word_1_351' title='bbox 2594 2232 2608 2245; x_wconf 76' lang='grc' dir='ltr'><strong>ο</strong></span> <span class='ocrx_word' id='word_1_352' title='bbox 2633 2214 2821 2279; x_wconf 78' lang='grc' dir='ltr'>Ἅπαξ</span> <span class='ocrx_word' id='word_1_353' title='bbox 2845 2215 2975 2283; x_wconf 68' lang='grc' dir='ltr'>γὰρ,</span> <span class='ocrx_word' id='word_1_354' title='bbox 3005 2214 3159 2287; x_wconf 72' lang='grc' dir='ltr'>φησὶ,</span> <span class='ocrx_word' id='word_1_355' title='bbox 3191 2212 3396 2282; x_wconf 79' lang='grc' dir='ltr'>ὤμοσα</span> <span class='ocrx_word' id='word_1_356' title='bbox 3422 2215 3491 2266; x_wconf 81' lang='grc' dir='ltr'><strong>ὲν</strong></span> <span class='ocrx_word' id='word_1_357' title='bbox 3533 2212 3612 2278; x_wconf 79' lang='grc' dir='ltr'>τῷ</span> <span class='ocrx_word' id='word_1_358' title='bbox 3658 2215 3814 2284; x_wconf 64' lang='grc' dir='ltr'>ἁγίῳ</span> 
     </span>
    </p>
   </div>
   <div class='ocr_carea' id='block_1_52' title="bbox 2224 2303 3812 2379">
    <p class='ocr_par' dir='ltr' id='par_1_52' title="bbox 2224 2303 3812 2379">
     <span class='ocr_line' id='line_1_52' title="bbox 2224 2303 3812 2379; baseline -0.004 -17"><span class='ocrx_word' id='word_1_359' title='bbox 2224 2327 2365 2379; x_wconf 86' lang='grc' dir='ltr'>μου,</span> <span class='ocrx_word' id='word_1_360' title='bbox 2395 2310 2448 2361; x_wconf 83' lang='grc' dir='ltr'>εὶ</span> <span class='ocrx_word' id='word_1_361' title='bbox 2469 2306 2546 2372; x_wconf 85' lang='grc' dir='ltr'>τῷ</span> <span class='ocrx_word' id='word_1_362' title='bbox 2566 2305 2746 2360; x_wconf 82' lang='grc' dir='ltr'>Δαυϊδ</span> <span class='ocrx_word' id='word_1_363' title='bbox 2769 2306 3071 2374; x_wconf 67' lang='grc' dir='ltr'>ψεύσομαι</span> <span class='ocrx_word' id='word_1_364' title='bbox 3089 2322 3102 2334; x_wconf 83' lang='grc'>·</span> <span class='ocrx_word' id='word_1_365' title='bbox 3146 2304 3212 2357; x_wconf 83' lang='grc' dir='ltr'>τὸ</span> <span class='ocrx_word' id='word_1_366' title='bbox 3244 2303 3480 2373; x_wconf 83' lang='grc' dir='ltr'>σπέρμα</span> <span class='ocrx_word' id='word_1_367' title='bbox 3500 2303 3684 2358; x_wconf 82' lang='grc' dir='ltr'>αὑτοῦ</span> <span class='ocrx_word' id='word_1_368' title='bbox 3715 2307 3812 2368; x_wconf 77' lang='grc' dir='ltr'>εἰς</span> 
     </span>
    </p>
   </div>
   <div class='ocr_carea' id='block_1_53' title="bbox 2229 2395 3813 2467">
    <p class='ocr_par' dir='ltr' id='par_1_53' title="bbox 2229 2395 3813 2467">
     <span class='ocr_line' id='line_1_53' title="bbox 2229 2395 3813 2467; baseline -0.003 -14"><span class='ocrx_word' id='word_1_369' title='bbox 2229 2399 2337 2453; x_wconf 76' lang='grc' dir='ltr'><strong>τὸν</strong></span> <span class='ocrx_word' id='word_1_370' title='bbox 2365 2398 2549 2452; x_wconf 81' lang='grc' dir='ltr'>αἰῶνα</span> <span class='ocrx_word' id='word_1_371' title='bbox 2570 2398 2759 2467; x_wconf 77' lang='grc' dir='ltr'>μένει,</span> <span class='ocrx_word' id='word_1_372' title='bbox 2792 2397 2892 2450; x_wconf 78' lang='grc' dir='ltr'>καὶ</span> <span class='ocrx_word' id='word_1_373' title='bbox 2937 2399 2968 2450; x_wconf 88' lang='grc' dir='ltr'><strong>ό</strong></span> <span class='ocrx_word' id='word_1_374' title='bbox 3003 2398 3214 2464; x_wconf 81' lang='grc' dir='ltr'>θρόνος</span> <span class='ocrx_word' id='word_1_375' title='bbox 3251 2396 3435 2450; x_wconf 84' lang='grc' dir='ltr'>αὑτοῦ</span> <span class='ocrx_word' id='word_1_376' title='bbox 3465 2397 3544 2458; x_wconf 82' lang='grc' dir='ltr'><strong>ὠς</strong></span> <span class='ocrx_word' id='word_1_377' title='bbox 3570 2399 3602 2449; x_wconf 89' lang='grc' dir='ltr'><strong>ό</strong></span> <span class='ocrx_word' id='word_1_378' title='bbox 3629 2395 3813 2462; x_wconf 69' lang='grc' dir='ltr'>ἣλιος</span> 
     </span>
    </p>
   </div>
   <div class='ocr_carea' id='block_1_54' title="bbox 2227 2486 3812 2561">
    <p class='ocr_par' dir='ltr' id='par_1_54' title="bbox 2227 2486 3812 2561">
     <span class='ocr_line' id='line_1_54' title="bbox 2227 2486 3812 2561; baseline -0.003 -17"><span class='ocrx_word' id='word_1_379' title='bbox 2227 2492 2504 2544; x_wconf 71' lang='grc' dir='ltr'>ἐναντίον</span> <span class='ocrx_word' id='word_1_380' title='bbox 2529 2508 2647 2561; x_wconf 78' lang='grc' dir='ltr'><strong>μου</strong></span> <span class='ocrx_word' id='word_1_381' title='bbox 2668 2507 2683 2520; x_wconf 74' lang='grc' dir='ltr'><strong>ο</strong></span> <span class='ocrx_word' id='word_1_382' title='bbox 2714 2490 2808 2543; x_wconf 78' lang='grc' dir='ltr'><strong>καὶ</strong></span> <span class='ocrx_word' id='word_1_383' title='bbox 2839 2488 3002 2542; x_wconf 82' lang='grc' dir='ltr'>πάλιν</span> <span class='ocrx_word' id='word_1_384' title='bbox 3019 2503 3035 2518; x_wconf 85' lang='grc'>⁶</span> <span class='ocrx_word' id='word_1_385' title='bbox 3057 2489 3285 2557; x_wconf 83' lang='grc' dir='ltr'>Ὤμοσα</span> <span class='ocrx_word' id='word_1_386' title='bbox 3304 2487 3484 2541; x_wconf 86' lang='grc' dir='ltr'>Δαυῒδ</span> <span class='ocrx_word' id='word_1_387' title='bbox 3505 2486 3581 2552; x_wconf 84' lang='grc' dir='ltr'>τῷ</span> <span class='ocrx_word' id='word_1_388' title='bbox 3603 2487 3812 2551; x_wconf 76' lang='grc' dir='ltr'>δούλῳ</span> 
     </span>
    </p>
   </div>
   <div class='ocr_carea' id='block_1_55' title="bbox 2223 2575 3806 2650">
    <p class='ocr_par' dir='ltr' id='par_1_55' title="bbox 2223 2575 3806 2650">
     <span class='ocr_line' id='line_1_55' title="bbox 2223 2575 3806 2650; baseline -0.003 -15"><span class='ocrx_word' id='word_1_389' title='bbox 2223 2599 2343 2650; x_wconf 81' lang='grc' dir='ltr'><strong>μου</strong></span> <span class='ocrx_word' id='word_1_390' title='bbox 2365 2599 2378 2611; x_wconf 74' lang='grc' dir='ltr'><strong>ο</strong></span> <span class='ocrx_word' id='word_1_391' title='bbox 2412 2579 2560 2646; x_wconf 82' lang='grc' dir='ltr'>Ἕως</span> <span class='ocrx_word' id='word_1_392' title='bbox 2589 2578 2692 2633; x_wconf 85' lang='grc' dir='ltr'>τοῦ</span> <span class='ocrx_word' id='word_1_393' title='bbox 2720 2577 2935 2644; x_wconf 73' lang='grc' dir='ltr'>αἰῶνος</span> <span class='ocrx_word' id='word_1_394' title='bbox 2959 2575 3254 2646; x_wconf 80' lang='grc' dir='ltr'>ἑτοιμάσω</span> <span class='ocrx_word' id='word_1_395' title='bbox 3295 2577 3361 2630; x_wconf 87' lang='grc' dir='ltr'>τὸ</span> <span class='ocrx_word' id='word_1_396' title='bbox 3404 2577 3636 2646; x_wconf 78' lang='grc' dir='ltr'>σπέρμα</span> <span class='ocrx_word' id='word_1_397' title='bbox 3661 2594 3806 2639; x_wconf 79' lang='grc' dir='ltr'>σου,</span> 
     </span>
    </p>
   </div>
   <div class='ocr_carea' id='block_1_56' title="bbox 2227 2668 3816 2741">
    <p class='ocr_par' dir='ltr' id='par_1_56' title="bbox 2227 2668 3816 2741">
     <span class='ocr_line' id='line_1_56' title="bbox 2227 2668 3816 2741; baseline -0.003 -15"><span class='ocrx_word' id='word_1_398' title='bbox 2227 2672 2327 2726; x_wconf 73' lang='grc' dir='ltr'>καὶ</span> <span class='ocrx_word' id='word_1_399' title='bbox 2356 2671 2728 2741; x_wconf 78' lang='grc' dir='ltr'>οἰκοδομήσω</span> <span class='ocrx_word' id='word_1_400' title='bbox 2753 2674 2840 2738; x_wconf 77' lang='grc' dir='ltr'>εὶς</span> <span class='ocrx_word' id='word_1_401' title='bbox 2861 2669 3077 2741; x_wconf 79' lang='grc' dir='ltr'>γενεὰν</span> <span class='ocrx_word' id='word_1_402' title='bbox 3102 2670 3197 2722; x_wconf 73' lang='grc' dir='ltr'>καὶ</span> <span class='ocrx_word' id='word_1_403' title='bbox 3223 2669 3434 2738; x_wconf 69' lang='grc' dir='ltr'>γενεὰν</span> <span class='ocrx_word' id='word_1_404' title='bbox 3457 2668 3565 2722; x_wconf 78' lang='grc' dir='ltr'><strong>τὸν</strong></span> <span class='ocrx_word' id='word_1_405' title='bbox 3586 2671 3816 2737; x_wconf 61' lang='grc' dir='ltr'>θρόνον</span> 
     </span>
    </p>
   </div>
   <div class='ocr_carea' id='block_1_57' title="bbox 2227 2761 3810 2834">
    <p class='ocr_par' dir='ltr' id='par_1_57' title="bbox 2227 2761 3810 2834">
     <span class='ocr_line' id='line_1_57' title="bbox 2227 2761 3810 2834; baseline -0.003 -16"><span class='ocrx_word' id='word_1_406' title='bbox 2227 2780 2362 2818; x_wconf 89' lang='grc' dir='ltr'>σου.</span> <span class='ocrx_word' id='word_1_407' title='bbox 2393 2765 2574 2817; x_wconf 81' lang='grc' dir='ltr'>Ταῦτα</span> <span class='ocrx_word' id='word_1_408' title='bbox 2593 2764 2652 2817; x_wconf 81' lang='grc' dir='ltr'><strong>δὲ</strong></span> <span class='ocrx_word' id='word_1_409' title='bbox 2681 2765 2741 2817; x_wconf 74' lang='grc' dir='ltr'><strong>οὐ</strong></span> <span class='ocrx_word' id='word_1_410' title='bbox 2790 2764 2918 2834; x_wconf 79' lang='grc' dir='ltr'>περὶ</span> <span class='ocrx_word' id='word_1_411' title='bbox 2965 2761 3226 2834; x_wconf 85' lang='grc' dir='ltr'>σαρκικοῦ</span> <span class='ocrx_word' id='word_1_412' title='bbox 3285 2761 3591 2832; x_wconf 82' lang='grc' dir='ltr'>σπέρματός</span> <span class='ocrx_word' id='word_1_413' title='bbox 3645 2778 3810 2830; x_wconf 80' lang='grc' dir='ltr'>φησι,</span> 
     </span>
    </p>
   </div>
   <div class='ocr_carea' id='block_1_58' title="bbox 2225 2847 3814 2930">
    <p class='ocr_par' dir='ltr' id='par_1_58' title="bbox 2225 2847 3814 2930">
     <span class='ocr_line' id='line_1_58' title="bbox 2225 2847 3814 2930; baseline -0.003 -18"><span class='ocrx_word' id='word_1_414' title='bbox 2225 2858 2346 2912; x_wconf 72' lang='grc' dir='ltr'>οὐδὲ</span> <span class='ocrx_word' id='word_1_415' title='bbox 2374 2859 2500 2930; x_wconf 71' lang='grc' dir='ltr'>περὶ</span> <span class='ocrx_word' id='word_1_416' title='bbox 2536 2857 2795 2929; x_wconf 80' lang='grc' dir='ltr'>αἰσθητοῦ</span> <span class='ocrx_word' id='word_1_417' title='bbox 2819 2856 3032 2927; x_wconf 83' lang='grc' dir='ltr'>θρόνου,</span> <span class='ocrx_word' id='word_1_418' title='bbox 3065 2855 3198 2909; x_wconf 84' lang='grc' dir='ltr'>ἀλλὰ</span> <span class='ocrx_word' id='word_1_419' title='bbox 3225 2856 3354 2927; x_wconf 75' lang='grc' dir='ltr'>περὶ</span> <span class='ocrx_word' id='word_1_420' title='bbox 3379 2847 3441 2908; x_wconf 78' lang='grc' dir='ltr'>οὗ</span> <span class='ocrx_word' id='word_1_421' title='bbox 3480 2871 3612 2925; x_wconf 83' lang='grc' dir='ltr'>φησι</span> <span class='ocrx_word' id='word_1_422' title='bbox 3649 2856 3743 2908; x_wconf 81' lang='grc' dir='ltr'><strong>καὶ</strong></span> <span class='ocrx_word' id='word_1_423' title='bbox 3779 2857 3814 2907; x_wconf 85' lang='grc' dir='ltr'><strong>ὀ</strong></span> 
     </span>
    </p>
   </div>
   <div class='ocr_carea' id='block_1_59' title="bbox 2226 2946 3812 3022">
    <p class='ocr_par' dir='ltr' id='par_1_59' title="bbox 2226 2946 3812 3022">
     <span class='ocr_line' id='line_1_59' title="bbox 2226 2946 3812 3022; baseline -0.005 -18"><span class='ocrx_word' id='word_1_424' title='bbox 2226 2949 2455 3020; x_wconf 75' lang='grc' dir='ltr'>ἄγγελος</span> <span class='ocrx_word' id='word_1_425' title='bbox 2498 2951 2634 3022; x_wconf 78' lang='grc' dir='ltr'>πρὸς</span> <span class='ocrx_word' id='word_1_426' title='bbox 2690 2949 2790 3018; x_wconf 79' lang='grc' dir='ltr'><strong>τὴν</strong></span> <span class='ocrx_word' id='word_1_427' title='bbox 2837 2949 3132 3020; x_wconf 85' lang='grc' dir='ltr'>Παρθένον,</span> <span class='ocrx_word' id='word_1_428' title='bbox 3163 2947 3253 3000; x_wconf 80' lang='grc' dir='ltr'><strong>τὸν</strong></span> <span class='ocrx_word' id='word_1_429' title='bbox 3297 2947 3461 3019; x_wconf 85' lang='grc' dir='ltr'>μηδὲν</span> <span class='ocrx_word' id='word_1_430' title='bbox 3518 2946 3812 3017; x_wconf 78' lang='grc' dir='ltr'>ἐπίκαιρον</span> 
     </span>
    </p>
   </div>
   <div class='ocr_carea' id='block_1_60' title="bbox 2226 3038 3813 3113">
    <p class='ocr_par' dir='ltr' id='par_1_60' title="bbox 2226 3038 3813 3113">
     <span class='ocr_line' id='line_1_60' title="bbox 2226 3038 3813 3113; baseline -0.004 -18"><span class='ocrx_word' id='word_1_431' title='bbox 2226 3042 2436 3113; x_wconf 79' lang='grc' dir='ltr'>ἔχοντα,</span> <span class='ocrx_word' id='word_1_432' title='bbox 2471 3041 2562 3093; x_wconf 84' lang='grc' dir='ltr'><strong>τὸν</strong></span> <span class='ocrx_word' id='word_1_433' title='bbox 2591 3041 2711 3093; x_wconf 86' lang='grc' dir='ltr'>καθ’</span> <span class='ocrx_word' id='word_1_434' title='bbox 2743 3041 2872 3112; x_wconf 85' lang='grc' dir='ltr'>ὅλης</span> <span class='ocrx_word' id='word_1_435' title='bbox 2921 3041 3020 3110; x_wconf 82' lang='grc' dir='ltr'>τῆς</span> <span class='ocrx_word' id='word_1_436' title='bbox 3071 3039 3394 3111; x_wconf 78' lang='grc' dir='ltr'>οἰκουμένης</span> <span class='ocrx_word' id='word_1_437' title='bbox 3446 3039 3621 3109; x_wconf 80' lang='grc' dir='ltr'>φωτὸς</span> <span class='ocrx_word' id='word_1_438' title='bbox 3645 3038 3813 3108; x_wconf 79' lang='grc' dir='ltr'>δίκην</span> 
     </span>
    </p>
   </div>
   <div class='ocr_carea' id='block_1_61' title="bbox 551 3123 2128 3206">
    <p class='ocr_par' dir='ltr' id='par_1_61' title="bbox 551 3126 2128 3200">
     <span class='ocr_line' id='line_1_61' title="bbox 551 3126 2128 3200; baseline -0.003 -14"><span class='ocrx_word' id='word_1_439' title='bbox 551 3139 697 3186; x_wconf 83' lang='lat' dir='ltr'><strong>strat</strong></span> <span class='ocrx_word' id='word_1_440' title='bbox 743 3129 930 3185; x_wconf 90' lang='lat' dir='ltr'><strong>divino</strong></span> <span class='ocrx_word' id='word_1_441' title='bbox 980 3129 1314 3200; x_wconf 88' lang='lat' dir='ltr'><strong>magisterio.</strong></span> <span class='ocrx_word' id='word_1_442' title='bbox 1353 3127 1528 3184; x_wconf 86' lang='lat' dir='ltr'><strong>Porro</strong></span> <span class='ocrx_word' id='word_1_443' title='bbox 1562 3126 1750 3186; x_wconf 77' lang='lat' dir='ltr'><strong>Jacobi</strong></span> <span class='ocrx_word' id='word_1_444' title='bbox 1799 3132 2018 3185; x_wconf 90' lang='lat' dir='ltr'><strong>domum</strong></span> <span class='ocrx_word' id='word_1_445' title='bbox 2062 3142 2128 3183; x_wconf 90' lang='lat' dir='ltr'><strong>ne</strong></span> 
     </span>
    </p>
   </div>
   <div class='ocr_carea' id='block_1_62' title="bbox 2227 3123 3814 3206">
    <p class='ocr_par' dir='ltr' id='par_1_62' title="bbox 2230 3129 3814 3206">
     <span class='ocr_line' id='line_1_62' title="bbox 2230 3129 3814 3206; baseline -0.004 -17"><span class='ocrx_word' id='word_1_446' title='bbox 2230 3134 2601 3206; x_wconf 80' lang='grc' dir='ltr'>ὲκλάμποντα,</span> <span class='ocrx_word' id='word_1_447' title='bbox 2659 3133 2752 3187; x_wconf 77' lang='grc' dir='ltr'>καὶ</span> <span class='ocrx_word' id='word_1_448' title='bbox 2801 3132 2982 3203; x_wconf 76' lang='grc' dir='ltr'>ψυχὰς</span> <span class='ocrx_word' id='word_1_449' title='bbox 3029 3131 3228 3203; x_wconf 89' lang='grc' dir='ltr'>νοερῶς</span> <span class='ocrx_word' id='word_1_450' title='bbox 3277 3129 3684 3199; x_wconf 78' lang='grc' dir='ltr'>καταυγὰζοντα</span> <span class='ocrx_word' id='word_1_451' title='bbox 3714 3130 3814 3183; x_wconf 68' lang='grc' dir='ltr'><strong>διὰ</strong></span> 
     </span>
    </p>
   </div>
   <div class='ocr_carea' id='block_1_63' title="bbox 554 3219 2125 3294">
    <p class='ocr_par' dir='ltr' id='par_1_63' title="bbox 554 3219 2125 3294">
     <span class='ocr_line' id='line_1_63' title="bbox 554 3219 2125 3294; baseline -0.002 -15"><span class='ocrx_word' id='word_1_452' title='bbox 554 3223 822 3294; x_wconf 76' lang='lat' dir='ltr'><strong>intelligas</strong></span> <span class='ocrx_word' id='word_1_453' title='bbox 866 3219 1150 3278; x_wconf 62' lang='lat' dir='ltr'><strong>Iudaicum</strong></span> <span class='ocrx_word' id='word_1_454' title='bbox 1193 3221 1570 3278; x_wconf 90' lang='lat' dir='ltr'><strong>tantummodo</strong></span> <span class='ocrx_word' id='word_1_455' title='bbox 1605 3222 1879 3294; x_wconf 89' lang='lat' dir='ltr'><strong>populum,</strong></span> <span class='ocrx_word' id='word_1_456' title='bbox 1915 3222 2007 3278; x_wconf 90' lang='lat' dir='ltr'><strong>sed</strong></span> <span class='ocrx_word' id='word_1_457' title='bbox 2033 3237 2125 3277; x_wconf 89' lang='lat' dir='ltr'><strong>eos</strong></span> 
     </span>
    </p>
   </div>
   <div class='ocr_carea' id='block_1_64' title="bbox 551 3314 2124 3387">
    <p class='ocr_par' dir='ltr' id='par_1_64' title="bbox 551 3314 2124 3387">
     <span class='ocr_line' id='line_1_64' title="bbox 551 3314 2124 3387; baseline -0.001 -17"><span class='ocrx_word' id='word_1_458' title='bbox 551 3331 746 3372; x_wconf 66' lang='lat' dir='ltr'><strong>amnes</strong></span> <span class='ocrx_word' id='word_1_459' title='bbox 773 3316 861 3386; x_wconf 85' lang='lat' dir='ltr'><strong>qui</strong></span> <span class='ocrx_word' id='word_1_460' title='bbox 893 3314 1206 3372; x_wconf 87' lang='lat' dir='ltr'><strong>Servatoris</strong></span> <span class='ocrx_word' id='word_1_461' title='bbox 1242 3315 1530 3372; x_wconf 79' lang='lat' dir='ltr'><strong>vocatione</strong></span> <span class='ocrx_word' id='word_1_462' title='bbox 1569 3331 1635 3371; x_wconf 90' lang='lat' dir='ltr'><strong>ex</strong></span> <span class='ocrx_word' id='word_1_463' title='bbox 1672 3316 1943 3372; x_wconf 84' lang='lat' dir='ltr'><strong>universis</strong></span> <span class='ocrx_word' id='word_1_464' title='bbox 1991 3330 2124 3387; x_wconf 82' lang='lat' dir='ltr'><strong>gen-</strong></span> 
     </span>
    </p>
   </div>
   <div class='ocr_carea' id='block_1_65' title="bbox 555 3408 2126 3481">
    <p class='ocr_par' dir='ltr' id='par_1_65' title="bbox 555 3408 2126 3481">
     <span class='ocr_line' id='line_1_65' title="bbox 555 3408 2126 3481; baseline 0.003 -21"><span class='ocrx_word' id='word_1_465' title='bbox 555 3411 702 3464; x_wconf 86' lang='lat' dir='ltr'><strong>tibus</strong></span> <span class='ocrx_word' id='word_1_466' title='bbox 733 3409 931 3464; x_wconf 67' lang='lat' dir='ltr'><strong>divin-ae</strong></span> <span class='ocrx_word' id='word_1_467' title='bbox 958 3409 1270 3479; x_wconf 88' lang='lat' dir='ltr'><strong>adoptionis</strong></span> <span class='ocrx_word' id='word_1_468' title='bbox 1297 3410 1656 3481; x_wconf 61' lang='lat' dir='ltr'><strong>praerogativa</strong></span> <span class='ocrx_word' id='word_1_469' title='bbox 1688 3409 1981 3466; x_wconf 89' lang='lat' dir='ltr'><strong>donantur.</strong></span> <span class='ocrx_word' id='word_1_470' title='bbox 2003 3408 2126 3464; x_wconf 81' lang='lat' dir='ltr'><strong>Jam</strong></span> 
     </span>
    </p>
   </div>
   <div class='ocr_carea' id='block_1_66' title="bbox 551 3500 2124 3576">
    <p class='ocr_par' dir='ltr' id='par_1_66' title="bbox 551 3500 2124 3576">
     <span class='ocr_line' id='line_1_66' title="bbox 551 3500 2124 3576; baseline 0.002 -20"><span class='ocrx_word' id='word_1_471' title='bbox 551 3501 648 3556; x_wconf 88' lang='lat' dir='ltr'><strong>Dei</strong></span> <span class='ocrx_word' id='word_1_472' title='bbox 679 3501 908 3572; x_wconf 85' lang='lat' dir='ltr'><strong>populus</strong></span> <span class='ocrx_word' id='word_1_473' title='bbox 933 3501 1092 3556; x_wconf 90' lang='lat' dir='ltr'><strong>modo</strong></span> <span class='ocrx_word' id='word_1_474' title='bbox 1117 3501 1290 3556; x_wconf 73' lang='lat' dir='ltr'><strong>Iacob</strong></span> <span class='ocrx_word' id='word_1_475' title='bbox 1319 3500 1521 3557; x_wconf 89' lang='lat' dir='ltr'><strong>dicitur</strong></span> <span class='ocrx_word' id='word_1_476' title='bbox 1545 3502 1711 3576; x_wconf 83' lang='lat' dir='ltr'><strong>modo</strong></span> <span class='ocrx_word' id='word_1_477' title='bbox 1741 3502 1906 3560; x_wconf 88' lang='lat' dir='ltr'><strong>Israel</strong></span> <span class='ocrx_word' id='word_1_478' title='bbox 1931 3522 1946 3559; x_wconf 90' lang='lat'><strong>:</strong></span> <span class='ocrx_word' id='word_1_479' title='bbox 1981 3505 2124 3559; x_wconf 88' lang='lat' dir='ltr'><strong>idem</strong></span> 
     </span>
    </p>
   </div>
   <div class='ocr_carea' id='block_1_67' title="bbox 549 3591 2125 3666">
    <p class='ocr_par' dir='ltr' id='par_1_67' title="bbox 549 3591 2125 3666">
     <span class='ocr_line' id='line_1_67' title="bbox 549 3591 2125 3666; baseline 0.002 -19"><span class='ocrx_word' id='word_1_480' title='bbox 549 3593 754 3664; x_wconf 78' lang='lat' dir='ltr'><strong>quippe</strong></span> <span class='ocrx_word' id='word_1_481' title='bbox 784 3594 868 3649; x_wconf 87' lang='lat' dir='ltr'><strong>vir</strong></span> <span class='ocrx_word' id='word_1_482' title='bbox 891 3591 996 3649; x_wconf 75' lang='lat' dir='ltr'><strong>fuit</strong></span> <span class='ocrx_word' id='word_1_483' title='bbox 1037 3593 1204 3650; x_wconf 90' lang='lat' dir='ltr'><strong>Israel</strong></span> <span class='ocrx_word' id='word_1_484' title='bbox 1235 3604 1293 3650; x_wconf 90' lang='lat' dir='ltr'><strong>et</strong></span> <span class='ocrx_word' id='word_1_485' title='bbox 1334 3592 1525 3653; x_wconf 82' lang='lat' dir='ltr'><strong>Iacob.</strong></span> <span class='ocrx_word' id='word_1_486' title='bbox 1567 3595 1634 3650; x_wconf 91' lang='lat' dir='ltr'><strong>Et</strong></span> <span class='ocrx_word' id='word_1_487' title='bbox 1658 3606 1852 3651; x_wconf 89' lang='lat' dir='ltr'><strong>natura</strong></span> <span class='ocrx_word' id='word_1_488' title='bbox 1883 3596 2125 3666; x_wconf 86' lang='lat' dir='ltr'><strong>quidem,</strong></span> 
     </span>
    </p>
   </div>
   <div class='ocr_carea' id='block_1_68' title="bbox 547 3681 2123 3754">
    <p class='ocr_par' dir='ltr' id='par_1_68' title="bbox 547 3681 2123 3754">
     <span class='ocr_line' id='line_1_68' title="bbox 547 3681 2123 3754; baseline 0.004 -18"><span class='ocrx_word' id='word_1_489' title='bbox 547 3681 720 3738; x_wconf 69' lang='lat' dir='ltr'><strong>Iacob</strong></span> <span class='ocrx_word' id='word_1_490' title='bbox 766 3695 886 3738; x_wconf 84' lang='lat' dir='ltr'><strong>erat</strong></span> <span class='ocrx_word' id='word_1_491' title='bbox 919 3682 1130 3753; x_wconf 80' lang='lat' dir='ltr'><strong>priscas</strong></span> <span class='ocrx_word' id='word_1_492' title='bbox 1171 3683 1263 3738; x_wconf 91' lang='lat' dir='ltr'><strong>ille</strong></span> <span class='ocrx_word' id='word_1_493' title='bbox 1313 3682 1563 3754; x_wconf 87' lang='lat' dir='ltr'><strong>populus,</strong></span> <span class='ocrx_word' id='word_1_494' title='bbox 1607 3684 1732 3754; x_wconf 88' lang='lat' dir='ltr'><strong>quia</strong></span> <span class='ocrx_word' id='word_1_495' title='bbox 1773 3685 2030 3740; x_wconf 87' lang='lat' dir='ltr'><strong>nimirum</strong></span> <span class='ocrx_word' id='word_1_496' title='bbox 2059 3703 2123 3742; x_wconf 79' lang='lat' dir='ltr'><strong>ex</strong></span> 
     </span>
    </p>
   </div>
   <div class='ocr_carea' id='block_1_69' title="bbox 548 3773 2128 3848">
    <p class='ocr_par' dir='ltr' id='par_1_69' title="bbox 548 3773 2128 3848">
     <span class='ocr_line' id='line_1_69' title="bbox 548 3773 2128 3848; baseline 0.001 -18"><span class='ocrx_word' id='word_1_497' title='bbox 548 3773 740 3831; x_wconf 72' lang='lat' dir='ltr'><strong>Jacobi</strong></span> <span class='ocrx_word' id='word_1_498' title='bbox 775 3774 1042 3845; x_wconf 83' lang='lat' dir='ltr'><strong>sanguine</strong></span> <span class='ocrx_word' id='word_1_499' title='bbox 1065 3775 1339 3848; x_wconf 79' lang='lat' dir='ltr'><strong>originem</strong></span> <span class='ocrx_word' id='word_1_500' title='bbox 1380 3775 1660 3841; x_wconf 80' lang='lat' dir='ltr'><strong>ducebat;</strong></span> <span class='ocrx_word' id='word_1_501' title='bbox 1707 3777 1998 3846; x_wconf 88' lang='lat' dir='ltr'><strong>adoptione</strong></span> <span class='ocrx_word' id='word_1_502' title='bbox 2030 3793 2128 3833; x_wconf 72' lang='lat' dir='ltr'><strong>auo</strong></span> 
     </span>
    </p>
   </div>
   <div class='ocr_carea' id='block_1_70' title="bbox 554 3863 2125 3940">
    <p class='ocr_par' dir='ltr' id='par_1_70' title="bbox 554 3863 2125 3940">
     <span class='ocr_line' id='line_1_70' title="bbox 554 3863 2125 3940; baseline 0.004 -21"><span class='ocrx_word' id='word_1_503' title='bbox 554 3874 684 3929; x_wconf 72' lang='lat' dir='ltr'><strong>rem,</strong></span> <span class='ocrx_word' id='word_1_504' title='bbox 714 3863 885 3921; x_wconf 73' lang='lat' dir='ltr'><strong>Iacob</strong></span> <span class='ocrx_word' id='word_1_505' title='bbox 922 3875 1010 3921; x_wconf 88' lang='lat' dir='ltr'><strong>est</strong></span> <span class='ocrx_word' id='word_1_506' title='bbox 1057 3881 1236 3922; x_wconf 86' lang='lat' dir='ltr'><strong>novus</strong></span> <span class='ocrx_word' id='word_1_507' title='bbox 1272 3867 1501 3940; x_wconf 87' lang='lat' dir='ltr'><strong>populus</strong></span> <span class='ocrx_word' id='word_1_508' title='bbox 1544 3878 1766 3939; x_wconf 89' lang='lat' dir='ltr'><strong>propter</strong></span> <span class='ocrx_word' id='word_1_509' title='bbox 1794 3869 2009 3924; x_wconf 88' lang='lat' dir='ltr'><strong>virtutis</strong></span> <span class='ocrx_word' id='word_1_510' title='bbox 2035 3885 2125 3926; x_wconf 65' lang='lat' dir='ltr'><strong>coo</strong></span> 
     </span>
    </p>
   </div>
   <div class='ocr_carea' id='block_1_71' title="bbox 553 3955 2122 4030">
    <p class='ocr_par' dir='ltr' id='par_1_71' title="bbox 553 3955 2122 4030">
     <span class='ocr_line' id='line_1_71' title="bbox 553 3955 2122 4030; baseline 0.004 -23"><span class='ocrx_word' id='word_1_511' title='bbox 553 3955 903 4026; x_wconf 77' lang='lat' dir='ltr'><strong>gnationem:</strong></span> <span class='ocrx_word' id='word_1_512' title='bbox 933 3957 1202 4012; x_wconf 83' lang='lat' dir='ltr'><strong>successit</strong></span> <span class='ocrx_word' id='word_1_513' title='bbox 1231 3958 1377 4012; x_wconf 85' lang='lat' dir='ltr'><strong>enim</strong></span> <span class='ocrx_word' id='word_1_514' title='bbox 1405 3958 1580 4014; x_wconf 82' lang='lat' dir='ltr'><strong>veteri</strong></span> <span class='ocrx_word' id='word_1_515' title='bbox 1613 3973 1804 4014; x_wconf 87' lang='lat' dir='ltr'><strong>novus.</strong></span> <span class='ocrx_word' id='word_1_516' title='bbox 1840 3960 2029 4030; x_wconf 87' lang='lat' dir='ltr'><strong>Itaque</strong></span> <span class='ocrx_word' id='word_1_517' title='bbox 2068 3961 2122 4015; x_wconf 87' lang='lat' dir='ltr'><strong>in</strong></span> 
     </span>
    </p>
   </div>
   <div class='ocr_carea' id='block_1_72' title="bbox 553 4048 2123 4118">
    <p class='ocr_par' dir='ltr' id='par_1_72' title="bbox 553 4048 2123 4118">
     <span class='ocr_line' id='line_1_72' title="bbox 553 4048 2123 4118; baseline 0.003 -18"><span class='ocrx_word' id='word_1_518' title='bbox 553 4054 832 4114; x_wconf 79' lang='lat' dir='ltr'><strong>posterum</strong></span> <span class='ocrx_word' id='word_1_519' title='bbox 861 4059 1026 4115; x_wconf 77' lang='lat' dir='ltr'><strong>super</strong></span> <span class='ocrx_word' id='word_1_520' title='bbox 1057 4048 1162 4101; x_wconf 86' lang='lat' dir='ltr'><strong>hoc</strong></span> <span class='ocrx_word' id='word_1_521' title='bbox 1188 4048 1388 4118; x_wconf 82' lang='lat' dir='ltr'><strong>popqu</strong></span> <span class='ocrx_word' id='word_1_522' title='bbox 1414 4049 1786 4104; x_wconf 90' lang='lat' dir='ltr'><strong>dominabitur</strong></span> <span class='ocrx_word' id='word_1_523' title='bbox 1820 4049 1912 4107; x_wconf 85' lang='lat' dir='ltr'><strong>ille</strong></span> <span class='ocrx_word' id='word_1_524' title='bbox 1941 4067 2035 4107; x_wconf 90' lang='lat' dir='ltr'><strong>rex</strong></span> <span class='ocrx_word' id='word_1_525' title='bbox 2069 4053 2123 4106; x_wconf 89' lang='lat' dir='ltr'><strong>in</strong></span> 
     </span>
    </p>
   </div>
   <div class='ocr_carea' id='block_1_73' title="bbox 551 4132 2122 4212">
    <p class='ocr_par' dir='ltr' id='par_1_73' title="bbox 551 4132 2122 4212">
     <span class='ocr_line' id='line_1_73' title="bbox 551 4132 2122 4212; baseline 0.004 -22"><span class='ocrx_word' id='word_1_526' title='bbox 551 4132 776 4200; x_wconf 73' lang='lat' dir='ltr'><strong>mula,</strong></span> <span class='ocrx_word' id='word_1_527' title='bbox 810 4135 864 4190; x_wconf 89' lang='lat' dir='ltr'><strong>id</strong></span> <span class='ocrx_word' id='word_1_528' title='bbox 914 4144 998 4192; x_wconf 85' lang='lat' dir='ltr'><strong>est</strong></span> <span class='ocrx_word' id='word_1_529' title='bbox 1054 4147 1337 4205; x_wconf 63' lang='lat' dir='ltr'><strong>pet-petum</strong></span> <span class='ocrx_word' id='word_1_530' title='bbox 1385 4138 1487 4205; x_wconf 87' lang='lat' dir='ltr'><strong>Qui</strong></span> <span class='ocrx_word' id='word_1_531' title='bbox 1531 4140 1750 4209; x_wconf 89' lang='lat' dir='ltr'><strong>quidem</strong></span> <span class='ocrx_word' id='word_1_532' title='bbox 1787 4142 2017 4212; x_wconf 84' lang='lat' dir='ltr'><strong>pupulus</strong></span> <span class='ocrx_word' id='word_1_533' title='bbox 2056 4157 2122 4197; x_wconf 86' lang='lat' dir='ltr'><strong>ex</strong></span> 
     </span>
    </p>
   </div>
   <div class='ocr_carea' id='block_1_74' title="bbox 2225 3221 3813 3296">
    <p class='ocr_par' dir='ltr' id='par_1_74' title="bbox 2225 3221 3813 3296">
     <span class='ocr_line' id='line_1_74' title="bbox 2225 3221 3813 3296; baseline -0.004 -17"><span class='ocrx_word' id='word_1_534' title='bbox 2225 3226 2327 3296; x_wconf 85' lang='grc' dir='ltr'><strong>τῆς</strong></span> <span class='ocrx_word' id='word_1_535' title='bbox 2348 3225 2529 3281; x_wconf 75' lang='grc' dir='ltr'>ἐνθέου</span> <span class='ocrx_word' id='word_1_536' title='bbox 2556 3224 2921 3289; x_wconf 82' lang='grc' dir='ltr'>διδασκαλίας.</span> <span class='ocrx_word' id='word_1_537' title='bbox 2950 3221 3109 3279; x_wconf 79' lang='grc' dir='ltr'>Οἷκον</span> <span class='ocrx_word' id='word_1_538' title='bbox 3133 3225 3190 3278; x_wconf 78' lang='grc' dir='ltr'>δὲ</span> <span class='ocrx_word' id='word_1_539' title='bbox 3207 3221 3421 3287; x_wconf 85' lang='grc' dir='ltr'>Ἰακὼϐ,</span> <span class='ocrx_word' id='word_1_540' title='bbox 3453 3222 3526 3293; x_wconf 82' lang='grc' dir='ltr'>μὴ</span> <span class='ocrx_word' id='word_1_541' title='bbox 3547 3222 3635 3274; x_wconf 78' lang='grc' dir='ltr'><strong>τὸν</strong></span> <span class='ocrx_word' id='word_1_542' title='bbox 3671 3223 3813 3274; x_wconf 84' lang='grc' dir='ltr'>Ἰου-</span> 
     </span>
    </p>
   </div>
   <div class='ocr_carea' id='block_1_75' title="bbox 2226 3310 3811 3386">
    <p class='ocr_par' dir='ltr' id='par_1_75' title="bbox 2226 3310 3811 3386">
     <span class='ocr_line' id='line_1_75' title="bbox 2226 3310 3811 3386; baseline -0.003 -18"><span class='ocrx_word' id='word_1_543' title='bbox 2226 3313 2390 3368; x_wconf 85' lang='grc' dir='ltr'>δαίων</span> <span class='ocrx_word' id='word_1_544' title='bbox 2411 3314 2536 3368; x_wconf 82' lang='grc' dir='ltr'>λαὸν</span> <span class='ocrx_word' id='word_1_545' title='bbox 2560 3313 2746 3385; x_wconf 81' lang='grc' dir='ltr'>νόμιζε</span> <span class='ocrx_word' id='word_1_546' title='bbox 2807 3313 2986 3386; x_wconf 82' lang='grc' dir='ltr'>μόνον,</span> <span class='ocrx_word' id='word_1_547' title='bbox 3037 3313 3173 3367; x_wconf 86' lang='grc' dir='ltr'>ἀλλὰ</span> <span class='ocrx_word' id='word_1_548' title='bbox 3203 3313 3410 3376; x_wconf 74' lang='grc' dir='ltr'>πάντας</span> <span class='ocrx_word' id='word_1_549' title='bbox 3442 3313 3565 3374; x_wconf 79' lang='grc' dir='ltr'>τοὺς</span> <span class='ocrx_word' id='word_1_550' title='bbox 3595 3310 3685 3363; x_wconf 84' lang='grc' dir='ltr'><strong>διὰ</strong></span> <span class='ocrx_word' id='word_1_551' title='bbox 3703 3311 3811 3380; x_wconf 75' lang='grc' dir='ltr'>τῆς</span> 
     </span>
    </p>
   </div>
   <div class='ocr_carea' id='block_1_76' title="bbox 2227 3402 3812 3478">
    <p class='ocr_par' dir='ltr' id='par_1_76' title="bbox 2227 3402 3812 3478">
     <span class='ocr_line' id='line_1_76' title="bbox 2227 3402 3812 3478; baseline -0.005 -18"><span class='ocrx_word' id='word_1_552' title='bbox 2227 3407 2472 3478; x_wconf 82' lang='grc' dir='ltr'>κλήσεως</span> <span class='ocrx_word' id='word_1_553' title='bbox 2494 3405 2587 3460; x_wconf 80' lang='grc' dir='ltr'>τοῦ</span> <span class='ocrx_word' id='word_1_554' title='bbox 2612 3405 2863 3477; x_wconf 83' lang='grc' dir='ltr'>Σωτῆρος</span> <span class='ocrx_word' id='word_1_555' title='bbox 2900 3405 2960 3470; x_wconf 80' lang='grc' dir='ltr'>ἐξ</span> <span class='ocrx_word' id='word_1_556' title='bbox 2991 3405 3370 3460; x_wconf 82' lang='grc' dir='ltr'>ἁπάντωντῶν</span> <span class='ocrx_word' id='word_1_557' title='bbox 3398 3403 3566 3458; x_wconf 77' lang='grc' dir='ltr'>ἐθνῶν</span> <span class='ocrx_word' id='word_1_558' title='bbox 3595 3405 3674 3466; x_wconf 79' lang='grc' dir='ltr'>εἰς</span> <span class='ocrx_word' id='word_1_559' title='bbox 3705 3402 3812 3473; x_wconf 76' lang='grc' dir='ltr'><strong>τὴν</strong></span> 
     </span>
    </p>
   </div>
   <div class='ocr_carea' id='block_1_77' title="bbox 2226 3496 3809 3572">
    <p class='ocr_par' dir='ltr' id='par_1_77' title="bbox 2226 3496 3809 3572">
     <span class='ocr_line' id='line_1_77' title="bbox 2226 3496 3809 3572; baseline -0.004 -16"><span class='ocrx_word' id='word_1_560' title='bbox 2226 3503 2334 3556; x_wconf 88' lang='grc' dir='ltr'><strong>τῶν</strong></span> <span class='ocrx_word' id='word_1_561' title='bbox 2381 3503 2554 3572; x_wconf 84' lang='grc' dir='ltr'>ἁγίων</span> <span class='ocrx_word' id='word_1_562' title='bbox 2603 3500 2874 3555; x_wconf 81' lang='grc' dir='ltr'>υἱοθεσίαν</span> <span class='ocrx_word' id='word_1_563' title='bbox 2923 3500 3382 3572; x_wconf 82' lang='grc' dir='ltr'>είσποιουμὲνους,</span> <span class='ocrx_word' id='word_1_564' title='bbox 3431 3500 3487 3552; x_wconf 85' lang='lat' dir='ltr'><strong>&#39;t)</strong></span> <span class='ocrx_word' id='word_1_565' title='bbox 3531 3496 3655 3560; x_wconf 80' lang='grc' dir='ltr'>λαὸς</span> <span class='ocrx_word' id='word_1_566' title='bbox 3707 3496 3809 3549; x_wconf 74' lang='grc' dir='ltr'>τοῦ</span> 
     </span>
    </p>
   </div>
   <div class='ocr_carea' id='block_1_78' title="bbox 2227 3587 3809 3666">
    <p class='ocr_par' dir='ltr' id='par_1_78' title="bbox 2227 3587 3809 3666">
     <span class='ocr_line' id='line_1_78' title="bbox 2227 3587 3809 3666; baseline -0.005 -18"><span class='ocrx_word' id='word_1_567' title='bbox 2227 3593 2361 3649; x_wconf 83' lang='grc' dir='ltr'>Θεοῦ</span> <span class='ocrx_word' id='word_1_568' title='bbox 2393 3595 2520 3648; x_wconf 72' lang='grc' dir='ltr'>ποτὲ</span> <span class='ocrx_word' id='word_1_569' title='bbox 2555 3595 2654 3666; x_wconf 81' lang='grc' dir='ltr'>μὲν</span> <span class='ocrx_word' id='word_1_570' title='bbox 2701 3592 2890 3648; x_wconf 89' lang='grc' dir='ltr'>Ἰακὼϐ</span> <span class='ocrx_word' id='word_1_571' title='bbox 2922 3592 3184 3657; x_wconf 83' lang='grc' dir='ltr'>καλεῖται,</span> <span class='ocrx_word' id='word_1_572' title='bbox 3217 3592 3347 3646; x_wconf 85' lang='grc' dir='ltr'>ποτὲ</span> <span class='ocrx_word' id='word_1_573' title='bbox 3383 3591 3438 3643; x_wconf 80' lang='grc' dir='ltr'>δὲ</span> <span class='ocrx_word' id='word_1_574' title='bbox 3476 3587 3718 3661; x_wconf 78' lang='grc' dir='ltr'>Ἰσραήλ·</span> <span class='ocrx_word' id='word_1_575' title='bbox 3773 3589 3809 3641; x_wconf 84' lang='grc' dir='ltr'>ὁ</span> 
     </span>
    </p>
   </div>
   <div class='ocr_carea' id='block_1_79' title="bbox 2231 3682 3806 3760">
    <p class='ocr_par' dir='ltr' id='par_1_79' title="bbox 2231 3682 3806 3760">
     <span class='ocr_line' id='line_1_79' title="bbox 2231 3682 3806 3760; baseline -0.006 -17"><span class='ocrx_word' id='word_1_576' title='bbox 2231 3689 2394 3753; x_wconf 76' lang='grc' dir='ltr'>αὐτὸς</span> <span class='ocrx_word' id='word_1_577' title='bbox 2411 3688 2521 3760; x_wconf 81' lang='grc' dir='ltr'><strong>γὰρ</strong></span> <span class='ocrx_word' id='word_1_578' title='bbox 2555 3683 2624 3759; x_wconf 77' lang='grc' dir='ltr'>ἦν</span> <span class='ocrx_word' id='word_1_579' title='bbox 2676 3688 2771 3741; x_wconf 76' lang='grc' dir='ltr'>καὶ</span> <span class='ocrx_word' id='word_1_580' title='bbox 2812 3685 3028 3758; x_wconf 80' lang='grc' dir='ltr'>Ἰσραὴλ</span> <span class='ocrx_word' id='word_1_581' title='bbox 3077 3684 3170 3739; x_wconf 82' lang='grc' dir='ltr'><strong>καὶ</strong></span> <span class='ocrx_word' id='word_1_582' title='bbox 3227 3683 3456 3739; x_wconf 86' lang='grc' dir='ltr'>Ἰακώϐ·</span> <span class='ocrx_word' id='word_1_583' title='bbox 3501 3683 3594 3736; x_wconf 76' lang='grc' dir='ltr'><strong>καὶ</strong></span> <span class='ocrx_word' id='word_1_584' title='bbox 3640 3682 3806 3750; x_wconf 78' lang='grc' dir='ltr'>φύσει</span> 
     </span>
    </p>
   </div>
   <div class='ocr_carea' id='block_1_80' title="bbox 2230 3773 3808 3853">
    <p class='ocr_par' dir='ltr' id='par_1_80' title="bbox 2230 3773 3808 3853">
     <span class='ocr_line' id='line_1_80' title="bbox 2230 3773 3808 3853; baseline -0.006 -18"><span class='ocrx_word' id='word_1_585' title='bbox 2230 3782 2329 3853; x_wconf 81' lang='grc' dir='ltr'>μὲν</span> <span class='ocrx_word' id='word_1_586' title='bbox 2365 3779 2561 3834; x_wconf 87' lang='grc' dir='ltr'>Ἰακὼϐ</span> <span class='ocrx_word' id='word_1_587' title='bbox 2590 3774 2658 3850; x_wconf 82' lang='grc' dir='ltr'>ἦν</span> <span class='ocrx_word' id='word_1_588' title='bbox 2686 3780 2716 3832; x_wconf 84' lang='grc' dir='ltr'>ὁ</span> <span class='ocrx_word' id='word_1_589' title='bbox 2756 3778 2981 3842; x_wconf 83' lang='grc' dir='ltr'>παλαιὸς</span> <span class='ocrx_word' id='word_1_590' title='bbox 3003 3777 3152 3840; x_wconf 80' lang='grc' dir='ltr'>λαὸς,</span> <span class='ocrx_word' id='word_1_591' title='bbox 3201 3776 3276 3840; x_wconf 87' lang='grc' dir='ltr'><strong>ὼς</strong></span> <span class='ocrx_word' id='word_1_592' title='bbox 3321 3775 3381 3840; x_wconf 78' lang='grc' dir='ltr'>ἐξ</span> <span class='ocrx_word' id='word_1_593' title='bbox 3425 3773 3616 3828; x_wconf 84' lang='grc' dir='ltr'>Ἰακὼϐ</span> <span class='ocrx_word' id='word_1_594' title='bbox 3659 3774 3808 3826; x_wconf 71' lang='grc' dir='ltr'>κατὰ</span> 
     </span>
    </p>
   </div>
   <div class='ocr_carea' id='block_1_81' title="bbox 2225 3866 3807 3946">
    <p class='ocr_par' dir='ltr' id='par_1_81' title="bbox 2225 3866 3807 3946">
     <span class='ocr_line' id='line_1_81' title="bbox 2225 3866 3807 3946; baseline -0.006 -17"><span class='ocrx_word' id='word_1_595' title='bbox 2225 3874 2322 3946; x_wconf 81' lang='grc' dir='ltr'><strong>τὴν</strong></span> <span class='ocrx_word' id='word_1_596' title='bbox 2337 3874 2394 3941; x_wconf 77' lang='grc' dir='ltr'><strong>ἐξ</strong></span> <span class='ocrx_word' id='word_1_597' title='bbox 2420 3874 2650 3942; x_wconf 83' lang='grc' dir='ltr'>αἵματος</span> <span class='ocrx_word' id='word_1_598' title='bbox 2683 3872 3001 3940; x_wconf 84' lang='grc' dir='ltr'>συγγένειαν</span> <span class='ocrx_word' id='word_1_599' title='bbox 3022 3888 3035 3900; x_wconf 77' lang='grc'><strong>’</strong></span> <span class='ocrx_word' id='word_1_600' title='bbox 3064 3869 3210 3923; x_wconf 85' lang='grc' dir='ltr'>θέσει</span> <span class='ocrx_word' id='word_1_601' title='bbox 3229 3869 3308 3932; x_wconf 81' lang='grc' dir='ltr'>δὲ,</span> <span class='ocrx_word' id='word_1_602' title='bbox 3337 3870 3365 3920; x_wconf 86' lang='grc' dir='ltr'>ὁ</span> <span class='ocrx_word' id='word_1_603' title='bbox 3381 3868 3496 3932; x_wconf 82' lang='grc' dir='ltr'>νέος</span> <span class='ocrx_word' id='word_1_604' title='bbox 3521 3866 3644 3932; x_wconf 82' lang='grc' dir='ltr'>λαὸς</span> <span class='ocrx_word' id='word_1_605' title='bbox 3657 3868 3807 3920; x_wconf 62' lang='grc' dir='ltr'>κατὰ</span> 
     </span>
    </p>
   </div>
   <div class='ocr_carea' id='block_1_82' title="bbox 2225 3959 3808 4039">
    <p class='ocr_par' dir='ltr' id='par_1_82' title="bbox 2225 3959 3808 4039">
     <span class='ocr_line' id='line_1_82' title="bbox 2225 3959 3808 4039; baseline -0.007 -19"><span class='ocrx_word' id='word_1_606' title='bbox 2225 3967 2324 4039; x_wconf 75' lang='grc' dir='ltr'>τὴν</span> <span class='ocrx_word' id='word_1_607' title='bbox 2365 3965 2424 4030; x_wconf 78' lang='grc' dir='ltr'><strong>ἐξ</strong></span> <span class='ocrx_word' id='word_1_608' title='bbox 2455 3964 2654 4036; x_wconf 81' lang='grc' dir='ltr'>ἀρετῆς</span> <span class='ocrx_word' id='word_1_609' title='bbox 2687 3963 3001 4033; x_wconf 88' lang='grc' dir='ltr'>συγγένειαν</span> <span class='ocrx_word' id='word_1_610' title='bbox 3023 3979 3036 3993; x_wconf 75' lang='grc' dir='ltr'><strong>ο</strong></span> <span class='ocrx_word' id='word_1_611' title='bbox 3095 3959 3418 4033; x_wconf 79' lang='grc' dir='ltr'>ἀντεισήχθη</span> <span class='ocrx_word' id='word_1_612' title='bbox 3465 3959 3572 4030; x_wconf 75' lang='grc' dir='ltr'>γὰρ</span> <span class='ocrx_word' id='word_1_613' title='bbox 3607 3960 3636 4010; x_wconf 87' lang='grc' dir='ltr'>ὁ</span> <span class='ocrx_word' id='word_1_614' title='bbox 3681 3959 3808 4022; x_wconf 76' lang='grc' dir='ltr'>νέος</span> 
     </span>
    </p>
   </div>
   <div class='ocr_carea' id='block_1_83' title="bbox 2225 4047 3802 4117">
    <p class='ocr_par' dir='ltr' id='par_1_83' title="bbox 2225 4047 3802 4117">
     <span class='ocr_line' id='line_1_83' title="bbox 2225 4047 3802 4117; baseline -0.009 -5"><span class='ocrx_word' id='word_1_615' title='bbox 2225 4058 2318 4112; x_wconf 82' lang='grc' dir='ltr'>τοῦ</span> <span class='ocrx_word' id='word_1_616' title='bbox 2351 4055 2603 4112; x_wconf 86' lang='grc' dir='ltr'>παλαιοῦ.</span> <span class='ocrx_word' id='word_1_617' title='bbox 2632 4057 2829 4109; x_wconf 85' lang='grc' dir='ltr'>Λοιπὸν</span> <span class='ocrx_word' id='word_1_618' title='bbox 2861 4049 2954 4108; x_wconf 79' lang='grc' dir='ltr'><strong>οὖν</strong></span> <span class='ocrx_word' id='word_1_619' title='bbox 2991 4054 3084 4106; x_wconf 71' lang='grc' dir='ltr'><strong>ἐπὶ</strong></span> <span class='ocrx_word' id='word_1_620' title='bbox 3121 4052 3308 4106; x_wconf 81' lang='grc' dir='ltr'>τοῦτον</span> <span class='ocrx_word' id='word_1_621' title='bbox 3345 4051 3437 4103; x_wconf 84' lang='grc' dir='ltr'><strong>τὸν</strong></span> <span class='ocrx_word' id='word_1_622' title='bbox 3460 4049 3586 4102; x_wconf 84' lang='grc' dir='ltr'>λαὸν</span> <span class='ocrx_word' id='word_1_623' title='bbox 3645 4047 3802 4117; x_wconf 86' lang='grc' dir='ltr'>βασι-</span> 
     </span>
    </p>
   </div>
   <div class='ocr_carea' id='block_1_84' title="bbox 2226 4139 3800 4217">
    <p class='ocr_par' dir='ltr' id='par_1_84' title="bbox 2226 4139 3800 4217">
     <span class='ocr_line' id='line_1_84' title="bbox 2226 4139 3800 4217; baseline -0.008 -14"><span class='ocrx_word' id='word_1_624' title='bbox 2226 4149 2404 4203; x_wconf 83' lang='grc' dir='ltr'>λεύσει</span> <span class='ocrx_word' id='word_1_625' title='bbox 2427 4151 2506 4212; x_wconf 83' lang='grc' dir='ltr'><strong>είς</strong></span> <span class='ocrx_word' id='word_1_626' title='bbox 2523 4149 2614 4202; x_wconf 84' lang='grc' dir='ltr'><strong>τὸν</strong></span> <span class='ocrx_word' id='word_1_627' title='bbox 2639 4147 2828 4211; x_wconf 74' lang='grc' dir='ltr'>αἰῶνα,</span> <span class='ocrx_word' id='word_1_628' title='bbox 2857 4147 3026 4217; x_wconf 68' lang='grc' dir='ltr'>’ἤγουν</span> <span class='ocrx_word' id='word_1_629' title='bbox 3047 4145 3154 4209; x_wconf 74' lang='grc' dir='ltr'>ἀεὶ,</span> <span class='ocrx_word' id='word_1_630' title='bbox 3184 4144 3246 4198; x_wconf 79' lang='grc' dir='ltr'><strong>έκ</strong></span> <span class='ocrx_word' id='word_1_631' title='bbox 3275 4160 3334 4197; x_wconf 88' lang='grc' dir='ltr'><strong>τε</strong></span> <span class='ocrx_word' id='word_1_632' title='bbox 3357 4141 3466 4195; x_wconf 88' lang='grc' dir='ltr'><strong>τῶν</strong></span> <span class='ocrx_word' id='word_1_633' title='bbox 3500 4139 3672 4212; x_wconf 75' lang='grc' dir='ltr'>ἔργων</span> <span class='ocrx_word' id='word_1_634' title='bbox 3700 4139 3800 4191; x_wconf 80' lang='grc' dir='ltr'><strong>καὶ</strong></span> 
     </span>
    </p>
   </div>
   <div class='ocr_carea' id='block_1_85' title="bbox 549 4226 2128 4310">
    <p class='ocr_par' dir='ltr' id='par_1_85' title="bbox 549 4226 2127 4303">
     <span class='ocr_line' id='line_1_85' title="bbox 549 4226 2127 4303; baseline 0.007 -24"><span class='ocrx_word' id='word_1_635' title='bbox 549 4226 811 4296; x_wconf 72' lang='lat' dir='ltr'><strong>operibus</strong></span> <span class='ocrx_word' id='word_1_636' title='bbox 869 4228 1326 4300; x_wconf 84' lang='lat' dir='ltr'><strong>sermonibusque</strong></span> <span class='ocrx_word' id='word_1_637' title='bbox 1386 4231 1664 4287; x_wconf 86' lang='lat' dir='ltr'><strong>Christum</strong></span> <span class='ocrx_word' id='word_1_638' title='bbox 1722 4243 2004 4303; x_wconf 79' lang='lat' dir='ltr'><strong>agnoscet,</strong></span> <span class='ocrx_word' id='word_1_639' title='bbox 2071 4245 2127 4290; x_wconf 90' lang='lat' dir='ltr'><strong>et</strong></span> 
     </span>
    </p>
   </div>
   <div class='ocr_carea' id='block_1_86' title="bbox 2227 4226 3808 4310">
    <p class='ocr_par' dir='ltr' id='par_1_86' title="bbox 2227 4235 3808 4310">
     <span class='ocr_line' id='line_1_86' title="bbox 2227 4235 3808 4310; baseline -0.008 -14"><span class='ocrx_word' id='word_1_640' title='bbox 2227 4243 2334 4297; x_wconf 88' lang='grc' dir='ltr'><strong>τῶν</strong></span> <span class='ocrx_word' id='word_1_641' title='bbox 2356 4242 2527 4310; x_wconf 85' lang='grc' dir='ltr'>λόγων</span> <span class='ocrx_word' id='word_1_642' title='bbox 2552 4241 2842 4310; x_wconf 78' lang='grc' dir='ltr'>ἐπιγνόντα</span> <span class='ocrx_word' id='word_1_643' title='bbox 2872 4240 3051 4299; x_wconf 79' lang='grc' dir='ltr'>αὑτὸν,</span> <span class='ocrx_word' id='word_1_644' title='bbox 3091 4239 3188 4291; x_wconf 63' lang='grc' dir='ltr'><strong>καὶ⁹</strong></span> <span class='ocrx_word' id='word_1_645' title='bbox 3234 4235 3496 4297; x_wconf 81' lang='grc' dir='ltr'>ἑκουσίως</span> <span class='ocrx_word' id='word_1_646' title='bbox 3539 4235 3808 4286; x_wconf 84' lang='grc' dir='ltr'>ὑποτετα-</span> 
     </span>
    </p>
   </div>
   <div class='ocr_carea' id='block_1_87' title="bbox 552 4315 2128 4401">
    <p class='ocr_par' dir='ltr' id='par_1_87' title="bbox 552 4315 2126 4392">
     <span class='ocr_line' id='line_1_87' title="bbox 552 4315 2126 4392; baseline 0.008 -22"><span class='ocrx_word' id='word_1_647' title='bbox 552 4315 682 4372; x_wconf 82' lang='lat' dir='ltr'><strong>huic</strong></span> <span class='ocrx_word' id='word_1_648' title='bbox 711 4327 913 4388; x_wconf 87' lang='lat' dir='ltr'><strong>sponte</strong></span> <span class='ocrx_word' id='word_1_649' title='bbox 954 4330 1160 4390; x_wconf 80' lang='lat' dir='ltr'><strong>rnorem</strong></span> <span class='ocrx_word' id='word_1_650' title='bbox 1199 4333 1374 4392; x_wconf 90' lang='lat' dir='ltr'><strong>geret.</strong></span> <span class='ocrx_word' id='word_1_651' title='bbox 1424 4321 1678 4378; x_wconf 81' lang='lat' dir='ltr'><strong>Profecto</strong></span> <span class='ocrx_word' id='word_1_652' title='bbox 1733 4325 1982 4381; x_wconf 86' lang='lat' dir='ltr'><strong>Christus</strong></span> <span class='ocrx_word' id='word_1_653' title='bbox 2030 4343 2126 4382; x_wconf 87' lang='lat' dir='ltr'><strong>rex</strong></span> 
     </span>
    </p>
   </div>
   <div class='ocr_carea' id='block_1_88' title="bbox 2227 4315 3805 4401">
    <p class='ocr_par' dir='ltr' id='par_1_88' title="bbox 2228 4322 3805 4401">
     <span class='ocr_line' id='line_1_88' title="bbox 2228 4322 3805 4401; baseline -0.007 -17"><span class='ocrx_word' id='word_1_654' title='bbox 2228 4331 2430 4401; x_wconf 87' lang='grc' dir='ltr'>γμένον</span> <span class='ocrx_word' id='word_1_655' title='bbox 2455 4329 2603 4400; x_wconf 83' lang='grc' dir='ltr'>αὐτῷ</span> <span class='ocrx_word' id='word_1_656' title='bbox 2620 4346 2633 4359; x_wconf 88' lang='grc'><strong>·</strong></span> <span class='ocrx_word' id='word_1_657' title='bbox 2663 4329 2692 4381; x_wconf 86' lang='grc' dir='ltr'><strong>ὁ</strong></span> <span class='ocrx_word' id='word_1_658' title='bbox 2719 4328 2828 4401; x_wconf 84' lang='grc' dir='ltr'>γὰρ</span> <span class='ocrx_word' id='word_1_659' title='bbox 2858 4328 3088 4399; x_wconf 85' lang='grc' dir='ltr'>Χριστὸς</span> <span class='ocrx_word' id='word_1_660' title='bbox 3111 4323 3179 4399; x_wconf 81' lang='grc' dir='ltr'>ἦν</span> <span class='ocrx_word' id='word_1_661' title='bbox 3215 4325 3311 4398; x_wconf 83' lang='grc' dir='ltr'>μὲν</span> <span class='ocrx_word' id='word_1_662' title='bbox 3328 4323 3577 4395; x_wconf 82' lang='grc' dir='ltr'>βασιλεὺς</span> <span class='ocrx_word' id='word_1_663' title='bbox 3601 4323 3692 4374; x_wconf 70' lang='grc' dir='ltr'><strong>καὶ</strong></span> <span class='ocrx_word' id='word_1_664' title='bbox 3724 4322 3805 4385; x_wconf 84' lang='grc' dir='ltr'><strong>ὼς</strong></span> 
     </span>
    </p>
   </div>
   <div class='ocr_carea' id='block_1_89' title="bbox 547 4410 2128 4521">
    <p class='ocr_par' dir='ltr' id='par_1_89' title="bbox 547 4410 2124 4484">
     <span class='ocr_line' id='line_1_89' title="bbox 547 4410 2124 4484; baseline 0.004 -18"><span class='ocrx_word' id='word_1_665' title='bbox 547 4410 653 4466; x_wconf 67' lang='lat' dir='ltr'><strong>fuit</strong></span> <span class='ocrx_word' id='word_1_666' title='bbox 698 4421 970 4480; x_wconf 86' lang='lat' dir='ltr'><strong>quatenus</strong></span> <span class='ocrx_word' id='word_1_667' title='bbox 1022 4413 1164 4468; x_wconf 86' lang='lat' dir='ltr'><strong>Deus</strong></span> <span class='ocrx_word' id='word_1_668' title='bbox 1188 4428 1205 4478; x_wconf 86' lang='lat'><strong>;</strong></span> <span class='ocrx_word' id='word_1_669' title='bbox 1233 4414 1310 4468; x_wconf 81' lang='lat' dir='ltr'><strong>ait</strong></span> <span class='ocrx_word' id='word_1_670' title='bbox 1343 4413 1526 4468; x_wconf 87' lang='lat' dir='ltr'><strong>enim:</strong></span> <span class='ocrx_word' id='word_1_671' title='bbox 1555 4413 1788 4484; x_wconf 70' lang='lat' dir='ltr'><strong>Regnum</strong></span> <span class='ocrx_word' id='word_1_672' title='bbox 1824 4435 1993 4472; x_wconf 83' lang='lat' dir='ltr'><strong>meum</strong></span> <span class='ocrx_word' id='word_1_673' title='bbox 2021 4436 2124 4472; x_wconf 87' lang='lat' dir='ltr'><strong>non</strong></span> 
     </span>
    </p>
   </div>
   <div class='ocr_carea' id='block_1_90' title="bbox 2227 4410 3804 4521">
    <p class='ocr_par' dir='ltr' id='par_1_90' title="bbox 2227 4414 3804 4491">
     <span class='ocr_line' id='line_1_90' title="bbox 2227 4414 3804 4491; baseline -0.006 -14"><span class='ocrx_word' id='word_1_674' title='bbox 2227 4423 2391 4486; x_wconf 49' lang='lat'><strong>856;&quot;</strong></span> <span class='ocrx_word' id='word_1_675' title='bbox 2438 4421 2800 4487; x_wconf 71' lang='grc' dir='ltr'>Ἠβασιλεία</span> <span class='ocrx_word' id='word_1_676' title='bbox 2835 4420 2964 4490; x_wconf 80' lang='grc' dir='ltr'>γὰρ,</span> <span class='ocrx_word' id='word_1_677' title='bbox 2994 4419 3126 4491; x_wconf 67' lang='grc' dir='ltr'>φησὶ</span> <span class='ocrx_word' id='word_1_678' title='bbox 3139 4436 3177 4482; x_wconf 73' lang='grc' dir='ltr'>ι,</span> <span class='ocrx_word' id='word_1_679' title='bbox 3202 4419 3239 4487; x_wconf 77' lang='grc' dir='ltr'><strong>ή</strong></span> <span class='ocrx_word' id='word_1_680' title='bbox 3259 4417 3372 4486; x_wconf 81' lang='grc' dir='ltr'><strong>ἐμὴ</strong></span> <span class='ocrx_word' id='word_1_681' title='bbox 3404 4418 3514 4470; x_wconf 82' lang='grc' dir='ltr'>οὐκ</span> <span class='ocrx_word' id='word_1_682' title='bbox 3537 4414 3705 4468; x_wconf 76' lang='grc' dir='ltr'>ἔστιν</span> <span class='ocrx_word' id='word_1_683' title='bbox 3732 4414 3804 4468; x_wconf 74' lang='grc' dir='ltr'>ἐκ</span> 
     </span>
    </p>
   </div>
   <div class='ocr_carea' id='block_1_91' title="bbox 545 4501 2128 4586">
    <p class='ocr_par' dir='ltr' id='par_1_91' title="bbox 545 4501 2124 4579">
     <span class='ocr_line' id='line_1_91' title="bbox 545 4501 2124 4579; baseline 0.005 -21"><span class='ocrx_word' id='word_1_684' title='bbox 545 4511 629 4558; x_wconf 79' lang='lat' dir='ltr'><strong>est</strong></span> <span class='ocrx_word' id='word_1_685' title='bbox 652 4504 717 4558; x_wconf 77' lang='lat' dir='ltr'><strong>de</strong></span> <span class='ocrx_word' id='word_1_686' title='bbox 745 4501 845 4557; x_wconf 83' lang='lat' dir='ltr'><strong>hoc</strong></span> <span class='ocrx_word' id='word_1_687' title='bbox 875 4505 1072 4557; x_wconf 85' lang='lat' dir='ltr'><strong>mundo</strong></span> <span class='ocrx_word' id='word_1_688' title='bbox 1100 4503 1168 4558; x_wconf 73' lang='grc'><strong>⁸⁸.</strong></span> <span class='ocrx_word' id='word_1_689' title='bbox 1201 4503 1316 4558; x_wconf 92' lang='lat' dir='ltr'><strong>lmo</strong></span> <span class='ocrx_word' id='word_1_690' title='bbox 1349 4519 1444 4559; x_wconf 86' lang='lat' dir='ltr'><strong>rex</strong></span> <span class='ocrx_word' id='word_1_691' title='bbox 1476 4520 1690 4575; x_wconf 80' lang='lat' dir='ltr'><strong>quoque</strong></span> <span class='ocrx_word' id='word_1_692' title='bbox 1715 4507 1818 4561; x_wconf 84' lang='lat' dir='ltr'><strong>fuit</strong></span> <span class='ocrx_word' id='word_1_693' title='bbox 1856 4520 2124 4579; x_wconf 87' lang='lat' dir='ltr'><strong>quatenus</strong></span> 
     </span>
    </p>
   </div>
   <div class='ocr_carea' id='block_1_92' title="bbox 2227 4501 3802 4586">
    <p class='ocr_par' dir='ltr' id='par_1_92' title="bbox 2227 4503 3802 4586">
     <span class='ocr_line' id='line_1_92' title="bbox 2227 4503 3802 4586; baseline -0.008 -15"><span class='ocrx_word' id='word_1_694' title='bbox 2227 4515 2334 4570; x_wconf 86' lang='grc' dir='ltr'>τοῦ</span> <span class='ocrx_word' id='word_1_695' title='bbox 2353 4519 2584 4586; x_wconf 82' lang='grc' dir='ltr'>κόσμου</span> <span class='ocrx_word' id='word_1_696' title='bbox 2599 4515 2814 4568; x_wconf 85' lang='grc' dir='ltr'>τούτου</span> <span class='ocrx_word' id='word_1_697' title='bbox 2841 4532 2854 4544; x_wconf 93' lang='grc'><strong>·</strong></span> <span class='ocrx_word' id='word_1_698' title='bbox 2878 4510 2947 4586; x_wconf 82' lang='grc' dir='ltr'>ἦν</span> <span class='ocrx_word' id='word_1_699' title='bbox 2985 4513 3040 4566; x_wconf 78' lang='grc' dir='ltr'><strong>δὲ</strong></span> <span class='ocrx_word' id='word_1_700' title='bbox 3087 4512 3181 4566; x_wconf 64' lang='grc' dir='ltr'><strong>καὶ⁹</strong></span> <span class='ocrx_word' id='word_1_701' title='bbox 3219 4511 3294 4574; x_wconf 87' lang='grc' dir='ltr'><strong>ὼς</strong></span> <span class='ocrx_word' id='word_1_702' title='bbox 3333 4509 3649 4580; x_wconf 76' lang='grc' dir='ltr'>ἄνθρωπος·</span> <span class='ocrx_word' id='word_1_703' title='bbox 3685 4503 3802 4575; x_wconf 77' lang='grc' dir='ltr'>εἶχε</span> 
     </span>
    </p>
   </div>
   <div class='ocr_carea' id='block_1_93' title="bbox 547 4594 2128 4681">
    <p class='ocr_par' dir='ltr' id='par_1_93' title="bbox 547 4594 2124 4671">
     <span class='ocr_line' id='line_1_93' title="bbox 547 4594 2124 4671; baseline 0.003 -20"><span class='ocrx_word' id='word_1_704' title='bbox 547 4595 718 4652; x_wconf 90' lang='lat' dir='ltr'><strong>homo</strong></span> <span class='ocrx_word' id='word_1_705' title='bbox 744 4613 757 4650; x_wconf 93' lang='lat'><strong>:</strong></span> <span class='ocrx_word' id='word_1_706' title='bbox 785 4611 897 4665; x_wconf 62' lang='lat' dir='ltr'><strong>prie</strong></span> <span class='ocrx_word' id='word_1_707' title='bbox 919 4611 978 4651; x_wconf 88' lang='lat' dir='ltr'><strong>se</strong></span> <span class='ocrx_word' id='word_1_708' title='bbox 1015 4595 1164 4650; x_wconf 89' lang='lat' dir='ltr'><strong>enim</strong></span> <span class='ocrx_word' id='word_1_709' title='bbox 1193 4594 1318 4650; x_wconf 88' lang='lat' dir='ltr'><strong>tulit</strong></span> <span class='ocrx_word' id='word_1_710' title='bbox 1348 4596 1553 4666; x_wconf 88' lang='lat' dir='ltr'><strong>regalia</strong></span> <span class='ocrx_word' id='word_1_711' title='bbox 1584 4612 1771 4667; x_wconf 88' lang='lat' dir='ltr'><strong>opera,</strong></span> <span class='ocrx_word' id='word_1_712' title='bbox 1807 4615 2003 4671; x_wconf 88' lang='lat' dir='ltr'><strong>nempe</strong></span> <span class='ocrx_word' id='word_1_713' title='bbox 2045 4602 2124 4656; x_wconf 91' lang='lat' dir='ltr'><strong>le-</strong></span> 
     </span>
    </p>
   </div>
   <div class='ocr_carea' id='block_1_94' title="bbox 2227 4594 3806 4681">
    <p class='ocr_par' dir='ltr' id='par_1_94' title="bbox 2227 4599 3806 4681">
     <span class='ocr_line' id='line_1_94' title="bbox 2227 4599 3806 4681; baseline -0.008 -18"><span class='ocrx_word' id='word_1_714' title='bbox 2227 4608 2336 4681; x_wconf 78' lang='grc' dir='ltr'>γὰρ</span> <span class='ocrx_word' id='word_1_715' title='bbox 2362 4608 2498 4680; x_wconf 83' lang='grc' dir='ltr'>ἔργα</span> <span class='ocrx_word' id='word_1_716' title='bbox 2534 4607 2793 4678; x_wconf 77' lang='grc' dir='ltr'>βασιλέως</span> <span class='ocrx_word' id='word_1_717' title='bbox 2823 4607 2884 4660; x_wconf 82' lang='grc' dir='ltr'>τὸ</span> <span class='ocrx_word' id='word_1_718' title='bbox 2909 4603 3215 4677; x_wconf 83' lang='grc' dir='ltr'>νομοθετεῖν</span> <span class='ocrx_word' id='word_1_719' title='bbox 3258 4605 3370 4666; x_wconf 84' lang='grc' dir='ltr'>τοῖς</span> <span class='ocrx_word' id='word_1_720' title='bbox 3407 4599 3667 4672; x_wconf 85' lang='grc' dir='ltr'>ὑπηκόοις</span> <span class='ocrx_word' id='word_1_721' title='bbox 3708 4599 3806 4650; x_wconf 59' lang='grc' dir='ltr'><strong>αὖ.</strong></span> 
     </span>
    </p>
   </div>
   <div class='ocr_carea' id='block_1_95' title="bbox 548 4685 2128 4772">
    <p class='ocr_par' dir='ltr' id='par_1_95' title="bbox 548 4685 2127 4760">
     <span class='ocr_line' id='line_1_95' title="bbox 548 4685 2127 4760; baseline 0.004 -21"><span class='ocrx_word' id='word_1_722' title='bbox 548 4685 891 4753; x_wconf 76' lang='lat' dir='ltr'><strong>gislationem</strong></span> <span class='ocrx_word' id='word_1_723' title='bbox 932 4702 1070 4757; x_wconf 84' lang='lat' dir='ltr'><strong>erga</strong></span> <span class='ocrx_word' id='word_1_724' title='bbox 1126 4685 1376 4741; x_wconf 88' lang='lat' dir='ltr'><strong>homines</strong></span> <span class='ocrx_word' id='word_1_725' title='bbox 1409 4685 1514 4741; x_wconf 88' lang='lat' dir='ltr'><strong>sibi</strong></span> <span class='ocrx_word' id='word_1_726' title='bbox 1556 4688 1825 4756; x_wconf 87' lang='lat' dir='ltr'><strong>subditos,</strong></span> <span class='ocrx_word' id='word_1_727' title='bbox 1858 4693 2127 4760; x_wconf 80' lang='lat' dir='ltr'><strong>guberna-</strong></span> 
     </span>
    </p>
   </div>
   <div class='ocr_carea' id='block_1_96' title="bbox 2227 4685 3804 4772">
    <p class='ocr_par' dir='ltr' id='par_1_96' title="bbox 2227 4691 3804 4772">
     <span class='ocr_line' id='line_1_96' title="bbox 2227 4691 3804 4772; baseline -0.008 -17"><span class='ocrx_word' id='word_1_728' title='bbox 2227 4701 2341 4768; x_wconf 83' lang='grc' dir='ltr'>τοῦ,</span> <span class='ocrx_word' id='word_1_729' title='bbox 2361 4701 2420 4754; x_wconf 88' lang='grc' dir='ltr'><strong>τὸ</strong></span> <span class='ocrx_word' id='word_1_730' title='bbox 2459 4699 2762 4772; x_wconf 76' lang='grc' dir='ltr'>ῥυθμίζειν,</span> <span class='ocrx_word' id='word_1_731' title='bbox 2791 4701 2853 4753; x_wconf 86' lang='grc' dir='ltr'><strong>τὸ</strong></span> <span class='ocrx_word' id='word_1_732' title='bbox 2879 4697 3182 4770; x_wconf 81' lang='grc' dir='ltr'>περιέπειν,</span> <span class='ocrx_word' id='word_1_733' title='bbox 3215 4695 3282 4748; x_wconf 64' lang='grc' dir='ltr'>ρτὸ</span> <span class='ocrx_word' id='word_1_734' title='bbox 3298 4691 3804 4765; x_wconf 77' lang='grc' dir='ltr'>ὑπεραποθνήσκειν</span> 
     </span>
    </p>
   </div>
   <div class='ocr_carea' id='block_1_97' title="bbox 551 4779 2128 4866">
    <p class='ocr_par' dir='ltr' id='par_1_97' title="bbox 551 4779 2128 4854">
     <span class='ocr_line' id='line_1_97' title="bbox 551 4779 2128 4854; baseline 0.005 -23"><span class='ocrx_word' id='word_1_735' title='bbox 551 4779 750 4832; x_wconf 81' lang='lat' dir='ltr'><strong>tionem</strong></span> <span class='ocrx_word' id='word_1_736' title='bbox 777 4780 1093 4835; x_wconf 83' lang='lat' dir='ltr'><strong>earumdem</strong></span> <span class='ocrx_word' id='word_1_737' title='bbox 1115 4788 1170 4835; x_wconf 91' lang='lat' dir='ltr'><strong>et</strong></span> <span class='ocrx_word' id='word_1_738' title='bbox 1200 4794 1387 4834; x_wconf 88' lang='lat' dir='ltr'><strong>curam</strong></span> <span class='ocrx_word' id='word_1_739' title='bbox 1407 4818 1426 4845; x_wconf 93' lang='lat'><strong>,</strong></span> <span class='ocrx_word' id='word_1_740' title='bbox 1461 4779 1716 4851; x_wconf 88' lang='lat' dir='ltr'><strong>necisque</strong></span> <span class='ocrx_word' id='word_1_741' title='bbox 1747 4797 1846 4854; x_wconf 88' lang='lat' dir='ltr'><strong>pro</strong></span> <span class='ocrx_word' id='word_1_742' title='bbox 1872 4783 1942 4838; x_wconf 89' lang='lat' dir='ltr'><strong>iis</strong></span> <span class='ocrx_word' id='word_1_743' title='bbox 1967 4783 2128 4840; x_wconf 78' lang='lat' dir='ltr'><strong>obitae</strong></span> 
     </span>
    </p>
   </div>
   <div class='ocr_carea' id='block_1_98' title="bbox 2227 4779 3805 4866">
    <p class='ocr_par' dir='ltr' id='par_1_98' title="bbox 2228 4783 3805 4866">
     <span class='ocr_line' id='line_1_98' title="bbox 2228 4783 3805 4866; baseline -0.007 -18"><span class='ocrx_word' id='word_1_744' title='bbox 2228 4795 2442 4850; x_wconf 73' lang='grc' dir='ltr'>αὐτῶνο</span> <span class='ocrx_word' id='word_1_745' title='bbox 2478 4795 2521 4849; x_wconf 76' lang='grc' dir='ltr'>ἃ,</span> <span class='ocrx_word' id='word_1_746' title='bbox 2542 4793 2777 4866; x_wconf 78' lang='grc' dir='ltr'>μάλιστα</span> <span class='ocrx_word' id='word_1_747' title='bbox 2799 4789 3263 4864; x_wconf 82' lang='grc' dir='ltr'>χαρακτηρίζουσι</span> <span class='ocrx_word' id='word_1_748' title='bbox 3308 4788 3398 4841; x_wconf 84' lang='grc' dir='ltr'><strong>τὸν</strong></span> <span class='ocrx_word' id='word_1_749' title='bbox 3442 4784 3612 4857; x_wconf 82' lang='grc' dir='ltr'>ἀληθῆ</span> <span class='ocrx_word' id='word_1_750' title='bbox 3648 4783 3805 4854; x_wconf 81' lang='grc' dir='ltr'>βασι-</span> 
     </span>
    </p>
   </div>
   <div class='ocr_carea' id='block_1_99' title="bbox 545 4869 2345 4946">
    <p class='ocr_par' dir='ltr' id='par_1_99' title="bbox 545 4869 2345 4946">
     <span class='ocr_line' id='line_1_99' title="bbox 545 4869 2345 4946; baseline 0.002 -24"><span class='ocrx_word' id='word_1_751' title='bbox 545 4869 844 4938; x_wconf 75' lang='lat' dir='ltr'><strong>tacriturn;</strong></span> <span class='ocrx_word' id='word_1_752' title='bbox 877 4875 969 4943; x_wconf 92' lang='lat' dir='ltr'><strong>qui</strong></span> <span class='ocrx_word' id='word_1_753' title='bbox 1009 4887 1203 4943; x_wconf 87' lang='lat' dir='ltr'><strong>reapse</strong></span> <span class='ocrx_word' id='word_1_754' title='bbox 1257 4874 1404 4944; x_wconf 87' lang='lat' dir='ltr'><strong>regis</strong></span> <span class='ocrx_word' id='word_1_755' title='bbox 1455 4873 1808 4930; x_wconf 88' lang='lat' dir='ltr'><strong>characteres</strong></span> <span class='ocrx_word' id='word_1_756' title='bbox 1867 4878 2131 4946; x_wconf 66' lang='lat' dir='ltr'><strong>praecipui.</strong></span> <span class='ocrx_word' id='word_1_757' title='bbox 2227 4888 2345 4942; x_wconf 71' lang='grc' dir='ltr'><strong>λέα,</strong></span> 
     </span>
    </p>
   </div>
   <div class='ocr_carea' id='block_1_100' title="bbox 545 4971 693 5017">
    <p class='ocr_par' dir='ltr' id='par_1_100' title="bbox 545 4971 693 5017">
     <span class='ocr_line' id='line_1_100' title="bbox 545 4971 693 5017; baseline 0.014 -2"><span class='ocrx_word' id='word_1_758' title='bbox 545 4971 693 5017; x_wconf 78' lang='lat' dir='ltr'><strong>sunt.</strong></span> 
     </span>
    </p>
   </div>
   <div class='ocr_carea' id='block_1_101' title="bbox 795 5055 2128 5142">
    <p class='ocr_par' dir='ltr' id='par_1_101' title="bbox 795 5055 1880 5128">
     <span class='ocr_line' id='line_1_101' title="bbox 795 5055 1880 5128; baseline 0.003 -16"><span class='ocrx_word' id='word_1_759' title='bbox 795 5057 844 5089; x_wconf 69' lang='grc' dir='ltr'>δ’</span> <span class='ocrx_word' id='word_1_760' title='bbox 873 5055 1105 5126; x_wconf 78' lang='lat' dir='ltr'><strong>Spiritus</strong></span> <span class='ocrx_word' id='word_1_761' title='bbox 1127 5069 1340 5114; x_wconf 80' lang='lat' dir='ltr'><strong>sanctus</strong></span> <span class='ocrx_word' id='word_1_762' title='bbox 1371 5061 1697 5128; x_wconf 79' lang='lat' dir='ltr'><strong>superveniet</strong></span> <span class='ocrx_word' id='word_1_763' title='bbox 1719 5062 1778 5114; x_wconf 84' lang='lat' dir='ltr'><strong>in</strong></span> <span class='ocrx_word' id='word_1_764' title='bbox 1807 5071 1880 5115; x_wconf 83' lang='lat' dir='ltr'><strong>te.</strong></span> 
     </span>
    </p>
   </div>
   <div class='ocr_carea' id='block_1_102' title="bbox 2227 5055 3561 5142">
    <p class='ocr_par' dir='ltr' id='par_1_102' title="bbox 2453 5062 3561 5142">
     <span class='ocr_line' id='line_1_102' title="bbox 2453 5062 3561 5142; baseline -0.013 -15"><span class='ocrx_word' id='word_1_765' title='bbox 2453 5072 2692 5142; x_wconf 79' lang='grc' dir='ltr'><strong>Πνεῦμα</strong></span> <span class='ocrx_word' id='word_1_766' title='bbox 2721 5069 2894 5140; x_wconf 74' lang='grc' dir='ltr'>ἄτιον</span> <span class='ocrx_word' id='word_1_767' title='bbox 2923 5067 3313 5123; x_wconf 71' lang='grc' dir='ltr'>ἐπελεύσεται</span> <span class='ocrx_word' id='word_1_768' title='bbox 3338 5065 3436 5117; x_wconf 75' lang='grc' dir='ltr'><strong>ἐπὶ</strong></span> <span class='ocrx_word' id='word_1_769' title='bbox 3470 5062 3561 5116; x_wconf 85' lang='grc' dir='ltr'>σέ.</span> 
     </span>
    </p>
   </div>
   <div class='ocr_carea' id='block_1_103' title="bbox 622 5144 2128 5235">
    <p class='ocr_par' dir='ltr' id='par_1_103' title="bbox 622 5144 2124 5224">
     <span class='ocr_line' id='line_1_103' title="bbox 622 5144 2124 5224; baseline 0.006 -22"><span class='ocrx_word' id='word_1_770' title='bbox 622 5144 766 5202; x_wconf 82' lang='lat' dir='ltr'><strong>Deus</strong></span> <span class='ocrx_word' id='word_1_771' title='bbox 789 5159 894 5212; x_wconf 88' lang='lat' dir='ltr'><strong>est,</strong></span> <span class='ocrx_word' id='word_1_772' title='bbox 923 5148 1116 5220; x_wconf 88' lang='lat' dir='ltr'><strong>inquit,</strong></span> <span class='ocrx_word' id='word_1_773' title='bbox 1153 5153 1246 5222; x_wconf 90' lang='lat' dir='ltr'><strong>qui</strong></span> <span class='ocrx_word' id='word_1_774' title='bbox 1299 5163 1587 5223; x_wconf 80' lang='lat' dir='ltr'><strong>Operatur,</strong></span> <span class='ocrx_word' id='word_1_775' title='bbox 1618 5168 1686 5208; x_wconf 92' lang='lat' dir='ltr'><strong>ne</strong></span> <span class='ocrx_word' id='word_1_776' title='bbox 1714 5154 1960 5224; x_wconf 84' lang='lat' dir='ltr'><strong>ambigas</strong></span> <span class='ocrx_word' id='word_1_777' title='bbox 1988 5171 2004 5220; x_wconf 87' lang='lat'><strong>;</strong></span> <span class='ocrx_word' id='word_1_778' title='bbox 2036 5155 2124 5211; x_wconf 70' lang='lat' dir='ltr'><strong>ille</strong></span> 
     </span>
    </p>
   </div>
   <div class='ocr_carea' id='block_1_104' title="bbox 2227 5144 3808 5235">
    <p class='ocr_par' dir='ltr' id='par_1_104' title="bbox 2301 5149 3808 5235">
     <span class='ocr_line' id='line_1_104' title="bbox 2301 5149 3808 5235; baseline -0.009 -17"><span class='ocrx_word' id='word_1_779' title='bbox 2301 5165 2453 5229; x_wconf 83' lang='grc' dir='ltr'>Θεὸς,</span> <span class='ocrx_word' id='word_1_780' title='bbox 2480 5165 2665 5235; x_wconf 69' lang='grc' dir='ltr'>φησὶν,</span> <span class='ocrx_word' id='word_1_781' title='bbox 2686 5165 2714 5216; x_wconf 86' lang='grc' dir='ltr'><strong>ὁ</strong></span> <span class='ocrx_word' id='word_1_782' title='bbox 2743 5162 3002 5233; x_wconf 75' lang='grc' dir='ltr'>ἐνεργῶν,</span> <span class='ocrx_word' id='word_1_783' title='bbox 3029 5161 3103 5232; x_wconf 83' lang='grc' dir='ltr'>μὴ</span> <span class='ocrx_word' id='word_1_784' title='bbox 3143 5156 3445 5230; x_wconf 80' lang='grc' dir='ltr'>ἀμφίϐαλλε</span> <span class='ocrx_word' id='word_1_785' title='bbox 3464 5170 3478 5184; x_wconf 79' lang='grc'><em>’</em></span> <span class='ocrx_word' id='word_1_786' title='bbox 3514 5156 3543 5206; x_wconf 87' lang='grc' dir='ltr'><strong>ό</strong></span> <span class='ocrx_word' id='word_1_787' title='bbox 3583 5151 3676 5205; x_wconf 62' lang='grc' dir='ltr'><strong>καλ⁵</strong></span> <span class='ocrx_word' id='word_1_788' title='bbox 3702 5149 3808 5222; x_wconf 81' lang='grc' dir='ltr'><strong>τὴν</strong></span> 
     </span>
    </p>
   </div>
   <div class='ocr_carea' id='block_1_105' title="bbox 547 5237 2128 5329">
    <p class='ocr_par' dir='ltr' id='par_1_105' title="bbox 547 5237 2123 5316">
     <span class='ocr_line' id='line_1_105' title="bbox 547 5237 2123 5316; baseline 0.007 -25"><span class='ocrx_word' id='word_1_789' title='bbox 547 5237 786 5300; x_wconf 79' lang='lat' dir='ltr'><strong>scilicet,</strong></span> <span class='ocrx_word' id='word_1_790' title='bbox 821 5242 912 5310; x_wconf 91' lang='lat' dir='ltr'><strong>qui</strong></span> <span class='ocrx_word' id='word_1_791' title='bbox 944 5245 1104 5298; x_wconf 91' lang='lat' dir='ltr'><strong>etiam</strong></span> <span class='ocrx_word' id='word_1_792' title='bbox 1137 5246 1366 5300; x_wconf 83' lang='lat' dir='ltr'><strong>senilem</strong></span> <span class='ocrx_word' id='word_1_793' title='bbox 1414 5256 1830 5316; x_wconf 86' lang='lat' dir='ltr'><strong>emortuamque</strong></span> <span class='ocrx_word' id='word_1_794' title='bbox 1872 5258 2123 5303; x_wconf 84' lang='lat' dir='ltr'><strong>naturam</strong></span> 
     </span>
    </p>
   </div>
   <div class='ocr_carea' id='block_1_106' title="bbox 2227 5237 3807 5329">
    <p class='ocr_par' dir='ltr' id='par_1_106' title="bbox 2233 5243 3807 5329">
     <span class='ocr_line' id='line_1_106' title="bbox 2233 5243 3807 5329; baseline -0.01 -18"><span class='ocrx_word' id='word_1_795' title='bbox 2233 5258 2392 5329; x_wconf 77' lang='grc' dir='ltr'>φύσιν</span> <span class='ocrx_word' id='word_1_796' title='bbox 2432 5259 2804 5328; x_wconf 59' lang='grc' dir='ltr'>γεηρακυῖαν</span> <span class='ocrx_word' id='word_1_797' title='bbox 2834 5255 2929 5309; x_wconf 67' lang='grc' dir='ltr'><strong>καὶ</strong></span> <span class='ocrx_word' id='word_1_798' title='bbox 2968 5252 3297 5308; x_wconf 80' lang='grc' dir='ltr'>ἀσθενοῦσαν</span> <span class='ocrx_word' id='word_1_799' title='bbox 3323 5245 3677 5320; x_wconf 73' lang='grc' dir='ltr'>ὲπιρῤωννὺς,</span> <span class='ocrx_word' id='word_1_800' title='bbox 3707 5243 3807 5296; x_wconf 77' lang='grc' dir='ltr'><strong>καὶ</strong></span> 
     </span>
    </p>
   </div>
   <div class='ocr_carea' id='block_1_107' title="bbox 543 5332 2128 5419">
    <p class='ocr_par' dir='ltr' id='par_1_107' title="bbox 543 5332 1519 5395">
     <span class='ocr_line' id='line_1_107' title="bbox 543 5332 1519 5395; baseline 0.007 -8"><span class='ocrx_word' id='word_1_801' title='bbox 543 5332 886 5395; x_wconf 75' lang='lat' dir='ltr'><strong>corroborat,</strong></span> <span class='ocrx_word' id='word_1_802' title='bbox 917 5333 1030 5389; x_wconf 87' lang='lat' dir='ltr'><strong>imo</strong></span> <span class='ocrx_word' id='word_1_803' title='bbox 1050 5337 1095 5390; x_wconf 88' lang='lat' dir='ltr'><strong>si</strong></span> <span class='ocrx_word' id='word_1_804' title='bbox 1119 5337 1246 5392; x_wconf 87' lang='lat' dir='ltr'><strong>velit</strong></span> <span class='ocrx_word' id='word_1_805' title='bbox 1277 5339 1519 5394; x_wconf 85' lang='lat' dir='ltr'><strong>innovat.</strong></span> 
     </span>
    </p>
   </div>
   <div class='ocr_carea' id='block_1_108' title="bbox 2227 5332 3185 5419">
    <p class='ocr_par' dir='ltr' id='par_1_108' title="bbox 2227 5345 3185 5419">
     <span class='ocr_line' id='line_1_108' title="bbox 2227 5345 3185 5419; baseline -0.005 -17"><span class='ocrx_word' id='word_1_806' title='bbox 2227 5349 2391 5419; x_wconf 65' lang='grc' dir='ltr'><strong>⁴ιιςύσιν</strong></span> <span class='ocrx_word' id='word_1_807' title='bbox 2419 5347 2772 5419; x_wconf 87' lang='grc' dir='ltr'>καινοτομῶν,</span> <span class='ocrx_word' id='word_1_808' title='bbox 2795 5348 2883 5400; x_wconf 83' lang='grc' dir='ltr'><strong>ὅτε</strong></span> <span class='ocrx_word' id='word_1_809' title='bbox 2923 5345 3185 5416; x_wconf 83' lang='grc' dir='ltr'>βούλεται.</span> 
     </span>
    </p>
   </div>
   <div class='ocr_carea' id='block_1_109' title="bbox 716 5423 2128 5509">
    <p class='ocr_par' dir='ltr' id='par_1_109' title="bbox 716 5423 1962 5502">
     <span class='ocr_line' id='line_1_109' title="bbox 716 5423 1962 5502; baseline 0.011 -27"><span class='ocrx_word' id='word_1_810' title='bbox 716 5424 764 5454; x_wconf 77' lang='grc' dir='ltr'><strong>⁵ο</strong></span> <span class='ocrx_word' id='word_1_811' title='bbox 794 5423 937 5478; x_wconf 69' lang='lat' dir='ltr'><strong>Dixit</strong></span> <span class='ocrx_word' id='word_1_812' title='bbox 967 5424 1139 5481; x_wconf 76' lang='lat' dir='ltr'><strong>Maria</strong></span> <span class='ocrx_word' id='word_1_813' title='bbox 1157 5442 1177 5479; x_wconf 90' lang='lat'><strong><em>:</em></strong></span> <span class='ocrx_word' id='word_1_814' title='bbox 1203 5426 1340 5484; x_wconf 74' lang='lat' dir='ltr'><strong>Ecce</strong></span> <span class='ocrx_word' id='word_1_815' title='bbox 1374 5431 1569 5485; x_wconf 85' lang='lat' dir='ltr'><strong>ancilla</strong></span> <span class='ocrx_word' id='word_1_816' title='bbox 1595 5432 1829 5502; x_wconf 83' lang='lat' dir='ltr'><strong>Domini,</strong></span> <span class='ocrx_word' id='word_1_817' title='bbox 1855 5445 1962 5491; x_wconf 85' lang='lat' dir='ltr'><strong>etc.</strong></span> 
     </span>
    </p>
   </div>
   <div class='ocr_carea' id='block_1_110' title="bbox 2227 5423 3764 5509">
    <p class='ocr_par' dir='ltr' id='par_1_110' title="bbox 2320 5432 3764 5509">
     <span class='ocr_line' id='line_1_110' title="bbox 2320 5432 3764 5509; baseline -0.012 -14"><span class='ocrx_word' id='word_1_818' title='bbox 2320 5437 2469 5495; x_wconf 67' lang='grc' dir='ltr'>Εῑπε</span> <span class='ocrx_word' id='word_1_819' title='bbox 2499 5439 2732 5509; x_wconf 78' lang='grc' dir='ltr'>Μαριάμ</span> <span class='ocrx_word' id='word_1_820' title='bbox 2752 5455 2766 5470; x_wconf 83' lang='lat'><strong><em>°</em></strong></span> <span class='ocrx_word' id='word_1_821' title='bbox 2803 5439 2948 5494; x_wconf 85' lang='grc' dir='ltr'>Ἰδοὺ</span> <span class='ocrx_word' id='word_1_822' title='bbox 2985 5439 3023 5505; x_wconf 80' lang='grc' dir='ltr'><strong><em>ὴ</em></strong></span> <span class='ocrx_word' id='word_1_823' title='bbox 3045 5439 3235 5504; x_wconf 72' lang='grc' dir='ltr'>δούλη</span> <span class='ocrx_word' id='word_1_824' title='bbox 3276 5432 3521 5501; x_wconf 82' lang='grc' dir='ltr'>Κυρίου,</span> <span class='ocrx_word' id='word_1_825' title='bbox 3551 5448 3606 5484; x_wconf 87' lang='grc' dir='ltr'><strong>κ.</strong></span> <span class='ocrx_word' id='word_1_826' title='bbox 3630 5445 3682 5480; x_wconf 90' lang='grc' dir='ltr'>τ.</span> <span class='ocrx_word' id='word_1_827' title='bbox 3715 5445 3764 5478; x_wconf 74' lang='grc' dir='ltr'><strong>ι..</strong></span> 
     </span>
    </p>
   </div>
   <div class='ocr_carea' id='block_1_111' title="bbox 619 5516 2128 5608">
    <p class='ocr_par' dir='ltr' id='par_1_111' title="bbox 619 5516 2119 5600">
     <span class='ocr_line' id='line_1_111' title="bbox 619 5516 2119 5600; baseline 0.011 -32"><span class='ocrx_word' id='word_1_828' title='bbox 619 5516 835 5573; x_wconf 77' lang='lat' dir='ltr'><strong>Ancilla</strong></span> <span class='ocrx_word' id='word_1_829' title='bbox 875 5519 1091 5575; x_wconf 88' lang='lat' dir='ltr'><strong>Domini</strong></span> <span class='ocrx_word' id='word_1_830' title='bbox 1123 5535 1282 5587; x_wconf 85' lang='lat' dir='ltr'><strong>sum;</strong></span> <span class='ocrx_word' id='word_1_831' title='bbox 1317 5521 1496 5578; x_wconf 82' lang='lat' dir='ltr'><strong>tabula</strong></span> <span class='ocrx_word' id='word_1_832' title='bbox 1522 5524 1750 5594; x_wconf 87' lang='lat' dir='ltr'><strong>pictoria</strong></span> <span class='ocrx_word' id='word_1_833' title='bbox 1777 5543 1932 5595; x_wconf 87' lang='lat' dir='ltr'><strong>sum;</strong></span> <span class='ocrx_word' id='word_1_834' title='bbox 1960 5527 2119 5600; x_wconf 83' lang='lat' dir='ltr'><strong>quid-</strong></span> 
     </span>
    </p>
   </div>
   <div class='ocr_carea' id='block_1_112' title="bbox 2227 5516 3805 5608">
    <p class='ocr_par' dir='ltr' id='par_1_112' title="bbox 2298 5518 3805 5604">
     <span class='ocr_line' id='line_1_112' title="bbox 2298 5518 3805 5604; baseline -0.002 -18"><span class='ocrx_word' id='word_1_835' title='bbox 2298 5533 2468 5604; x_wconf 82' lang='grc' dir='ltr'>Δούλη</span> <span class='ocrx_word' id='word_1_836' title='bbox 2513 5532 2628 5604; x_wconf 70' lang='grc' dir='ltr'>εἰμὶ</span> <span class='ocrx_word' id='word_1_837' title='bbox 2663 5531 2897 5604; x_wconf 80' lang='grc' dir='ltr'>Κυρίου·</span> <span class='ocrx_word' id='word_1_838' title='bbox 2968 5529 3132 5594; x_wconf 84' lang='grc' dir='ltr'>πίναξ</span> <span class='ocrx_word' id='word_1_839' title='bbox 3181 5529 3296 5599; x_wconf 73' lang='grc' dir='ltr'>εἰμὶ</span> <span class='ocrx_word' id='word_1_840' title='bbox 3346 5523 3727 5598; x_wconf 68' lang='grc' dir='ltr'>γραφόμενος·</span> <span class='ocrx_word' id='word_1_841' title='bbox 3773 5518 3805 5572; x_wconf 78' lang='grc' dir='ltr'><strong>ὅ</strong></span> 
     </span>
    </p>
   </div>
   <div class='ocr_carea' id='block_1_113' title="bbox 621 5651 3776 5731">
    <p class='ocr_par' dir='ltr' id='par_1_113' title="bbox 621 5651 3776 5731">
     <span class='ocr_line' id='line_1_113' title="bbox 621 5651 3776 5731; baseline -0.008 2"><span class='ocrx_word' id='word_1_842' title='bbox 621 5652 1102 5731; x_wconf 52' lang='grc' dir='ltr'><strong>⁸³ϐ⁰1ἳτ¹νὲἔκ¹⁷ο</strong></span> <span class='ocrx_word' id='word_1_843' title='bbox 1177 5652 1224 5684; x_wconf 62' lang='grc'><strong>⁸⁸</strong></span> <span class='ocrx_word' id='word_1_844' title='bbox 1243 5654 1719 5731; x_wconf 45' lang='grc' dir='ltr'><strong>,(Ξεη-,δτηιμίρο-</strong></span> <span class='ocrx_word' id='word_1_845' title='bbox 1774 5659 1821 5692; x_wconf 77' lang='grc'><strong>⁸⁸</strong></span> <span class='ocrx_word' id='word_1_846' title='bbox 1884 5661 2010 5718; x_wconf 85' lang='lat' dir='ltr'><strong>Luc.</strong></span> <span class='ocrx_word' id='word_1_847' title='bbox 2062 5678 2101 5730; x_wconf 87' lang='lat' dir='ltr'><strong>I,</strong></span> <span class='ocrx_word' id='word_1_848' title='bbox 2141 5663 2226 5720; x_wconf 79' lang='grc'><strong>19.</strong></span> <span class='ocrx_word' id='word_1_849' title='bbox 2307 5664 2350 5698; x_wconf 76' lang='lat'>“</span> <span class='ocrx_word' id='word_1_850' title='bbox 2375 5663 2506 5722; x_wconf 89' lang='lat' dir='ltr'><strong>ibid.</strong></span> <span class='ocrx_word' id='word_1_851' title='bbox 2535 5663 2626 5718; x_wconf 68' lang='grc'><strong>52.</strong></span> <span class='ocrx_word' id='word_1_852' title='bbox 2703 5665 2744 5695; x_wconf 69' lang='grc'><strong>⁸⁷</strong></span> <span class='ocrx_word' id='word_1_853' title='bbox 2782 5662 2922 5720; x_wconf 84' lang='lat' dir='ltr'><strong>Psal.</strong></span> <span class='ocrx_word' id='word_1_854' title='bbox 2970 5677 3198 5731; x_wconf 74' lang='lat' dir='ltr'><strong>Lxsxvt,</strong></span> <span class='ocrx_word' id='word_1_855' title='bbox 3230 5661 3300 5718; x_wconf 76' lang='lat'><strong>36</strong></span> <span class='ocrx_word' id='word_1_856' title='bbox 3338 5673 3454 5729; x_wconf 82' lang='lat' dir='ltr'><strong>seq.</strong></span> <span class='ocrx_word' id='word_1_857' title='bbox 3538 5655 3582 5688; x_wconf 70' lang='lat'>“</span> <span class='ocrx_word' id='word_1_858' title='bbox 3611 5651 3776 5710; x_wconf 86' lang='lat' dir='ltr'><strong>Joan.</strong></span> 
     </span>
    </p>
   </div>
   <div class='ocr_carea' id='block_1_114' title="bbox 574 5723 1746 5795">
    <p class='ocr_par' dir='ltr' id='par_1_114' title="bbox 574 5723 1746 5795">
     <span class='ocr_line' id='line_1_114' title="bbox 574 5723 1746 5795; baseline 0.003 -16"><span class='ocrx_word' id='word_1_859' title='bbox 574 5738 730 5791; x_wconf 76' lang='lat' dir='ltr'><strong>mn,</strong></span> <span class='ocrx_word' id='word_1_860' title='bbox 759 5725 846 5779; x_wconf 72' lang='lat'><strong>36.</strong></span> <span class='ocrx_word' id='word_1_861' title='bbox 926 5727 968 5757; x_wconf 70' lang='grc' dir='ltr'>⁸ο</span> <span class='ocrx_word' id='word_1_862' title='bbox 995 5723 1125 5782; x_wconf 87' lang='lat' dir='ltr'><strong>Luc.</strong></span> <span class='ocrx_word' id='word_1_863' title='bbox 1166 5741 1205 5795; x_wconf 73' lang='grc' dir='ltr'><strong>ι,</strong></span> <span class='ocrx_word' id='word_1_864' title='bbox 1235 5725 1326 5782; x_wconf 72' lang='grc'><strong>55.</strong></span> <span class='ocrx_word' id='word_1_865' title='bbox 1402 5727 1446 5758; x_wconf 73' lang='grc' dir='ltr'><strong>δ’</strong></span> <span class='ocrx_word' id='word_1_866' title='bbox 1501 5725 1629 5781; x_wconf 76' lang='lat' dir='ltr'><strong>ibid.</strong></span> <span class='ocrx_word' id='word_1_867' title='bbox 1655 5727 1746 5783; x_wconf 73' lang='lat'><strong>58.</strong></span> 
     </span>
    </p>
   </div>
  </div>
