4130 6400
405 233 510 290 555

1562 225 2057 282 COMMENTAIUA
2102 227 2168 280 IN
2209 226 2468 281 LUCAM.

3556 224 3663 281 53b

408 351 655 424 βούλεται
692 353 722 405 ὁ
758 352 1026 421 γραφεὺς,
1069 349 1360 422 γραφέτωο
1399 347 1622 400 ποιείτω
1664 346 1692 400 ὃ
1730 330 1904 399 ἐθέλει
1953 344 1977 397 ὀ

2085 344 2214 413 quid
2240 344 2353 397 vult
2382 344 2560 413 pictor
2585 341 2635 395 ir.
2673 356 2750 396 ea
2768 341 3023 413 depingat
3046 360 3063 395 :
3095 342 3241 411 quod
3268 342 3385 397 vult
3409 343 3654 398 omnium

404 444 499 499 τοῦ
527 442 728 506 παντὸς
754 442 976 514 Κύριος.

742 531 872 599 Φῶς
906 534 996 599 εὶς
1020 529 1407 597 ἀποκάλυψιν
1441 527 1649 583 ἐθνῶν.

478 626 618 697 Ὅρα
664 624 781 688 πῶς
809 624 909 695 ἤδη
956 622 1103 691 λέγει
1148 623 1240 675 καὶ
1286 623 1386 692 τὴν
1424 620 1981 693 μέλλουσανέσεσθαι

406 714 512 769 τῶν
558 716 726 769 ἐθνῶν
766 714 1070 786 σωτηρίαν⁸
1125 712 1225 786 τὴν
1263 711 1371 786 γὰρ
1422 708 1623 767 τούτου
1657 714 1979 786 παρουσίαν,

406 810 558 880 φησὶ,
591 808 659 862 τὰ
687 807 814 877 ἔθνη
842 807 1135 881 προσδοκᾷ.

411 899 649 971 Πνεῦμα
691 900 911 968 Κυρίου
947 898 1051 952 ἐπ’
1105 898 1233 968 ἐμὲ,
1280 894 1353 954 οὗ
1400 897 1609 952 ἕνεκεν
1636 897 1841 967 ἔχρισέ
1879 913 1983 966 με.

487 1054 547 1108 '0
577 1055 674 1126 μὲν
703 1054 912 1127 Σωτὴρ,
936 1054 1042 1107 τῶν
1065 1053 1427 1127 μακαρισμῶν
1457 1054 1853 1127 ἀπαρχόμενος,
1870 1058 1979 1120 τοῖς

404 1150 639 1217 πτωχοῖς
664 1147 755 1199 τὸν
780 1146 1028 1219 οὐράνιον
1060 1145 1443 1218 εὐηγγελίζετο
1490 1147 1716 1201 πλοῦτον
1756 1149 1849 1201 καὶ
1882 1147 1979 1220 τὴν

402 1238 509 1293 τῶν
558 1237 799 1309 οὐρανῶν
855 1237 1129 1309 βασιλείαν
1152 1256 1167 1269 ο
1219 1238 1438 1304 Ἡσαΐας
1511 1239 1568 1292 δὲ
1613 1242 1641 1293 ὁ
1698 1242 1982 1312 προφήτης

403 1330 606 1385 τούτων
635 1330 920 1401 προλαϐὼν
942 1330 1369 1402 ἐμνημόνευσεν,
1409 1330 1469 1396 ἐξ
1493 1330 1657 1395 αὐτοῦ
1689 1332 1980 1403 προσώπου

404 1421 498 1477 τοῦ
532 1422 785 1494 Σωτῆρος
810 1421 870 1475 τὸ
910 1421 1102 1493 μέλλον
1139 1414 1240 1475 ὧδε
1298 1420 1705 1494 προθεσπίζωνο
1738 1424 1983 1494 Πνεῦμα

401 1513 625 1581 Κυρίου
657 1512 754 1583 ἐπ’,
784 1511 908 1580 ἐμὲ,
938 1506 1012 1565 οὗ
1055 1511 1286 1565 εἵνεκεν
1306 1512 1514 1582 ἕχρισέ
1542 1530 1639 1583 με,
1675 1517 1983 1585 εὐαγγελί-

402 1606 628 1658 σασθαι
664 1601 921 1670 πτωχοῖς
966 1600 1312 1657 ἀπέσταλκέ
1355 1620 1457 1674 με.
1516 1605 1809 1678 Ἀντικρυς
1850 1605 1978 1676 γοῦν

2084 451 2264 490 rerum
2297 435 2560 490 Dominus
2593 435 2774 489 faciat.

2324 527 2366 558 ⁸¹
2404 526 2619 593 ,ιιιηιρη
2652 528 2721 581 ad
2755 527 3123 582 reuelationem
3154 525 3408 597 gentium.

2150 619 2328 674 Cerne
2356 620 2629 687 quomodo
2647 618 2757 687 jam
2786 619 2919 673 dicit
2958 618 3200 673 futuram
3227 618 3468 688 gentium
3508 617 3662 672 salu--

2083 721 2211 766 tem.
2243 709 2486 779 Namque
2519 710 2682 781 hujus
2730 710 2935 781 (pueri)
2972 711 3271 766 adventum
3322 720 3513 781 gentes
3563 726 3662 766 ex-

2081 812 2348 873 spectant.

2222 897 2269 928 ”
2304 894 2539 965 Spiritus
2563 894 2781 950 Domini
2806 912 2962 1019 rutp-er
2994 913 3107 963 me;
3142 905 3353 966 propter
3375 896 3529 966 quod.

2729 982 2857 1019 unas:
2908 983 3009 1019 me.

2729 982 2881 1020 unxit
2908 983 3009 1021 me.

2154 1060 2417 1114 Servator
2453 1057 2823 1114 beatitudines
2849 1056 3158 1113 edisserere
3195 1057 3480 1125 incipiens,
3521 1072 3657 1128 paup

2081 1152 2298 1222 paribus
2331 1165 2596 1220 supernas
2627 1149 2843 1203 nuntiat
2892 1149 3114 1204 divitias
3156 1149 3529 1220 cmlorumque
3574 1167 3657 1205 re-

2083 1259 2270 1315 gnum.
2301 1242 2366 1297 Et
2391 1242 2609 1312 quidem
2642 1241 2813 1297 lsaias
2844 1244 3106 1312 propheta
3158 1242 3277 1298 haec
3309 1243 3363 1296 in
3409 1253 3657 1298 anteces-

2082 1351 2201 1390 sum
2236 1344 2787 1401 commemoraverat,
2818 1335 2946 1390 dum
2975 1335 3028 1389 in
3064 1334 3380 1391 Servatoris
3420 1351 3653 1405 persona

2084 1444 2203 1500 qua}
2233 1437 2496 1484 eventura
2526 1436 2685 1484 erant
2713 1427 2864 1482 hisce
2887 1427 3068 1481 verbis
3094 1426 3352 1495 praedixit
3377 1446 3390 1482 :
3425 1425 3658 1496 Spiritus

2086 1521 2301 1575 Domini
2335 1536 2492 1588 super
2513 1536 2628 1586 me;
2663 1529 2942 1589 propterea
2973 1520 3124 1573 unxit
3152 1536 3257 1580 me,
3282 1520 3354 1572 ad
3393 1520 3658 1590 evangeli-

2084 1613 2312 1666 aandum
2363 1612 2680 1682 pauperibus
2728 1611 2870 1664 misit
2920 1627 3002 1664 me
3038 1610 3106 1663 ⁸³.
3165 1609 3459 1681 Perspicue
3487 1611 3658 1681 igitur

404 1697 644 1767 ὲσήμανε
675 1696 910 1765 πτωχοῖς
949 1693 1346 1767 εὐαγγελισμδν
1391 1697 1642 1766 ἀγαθῶνο
1675 1697 1755 1751 διὸ
1779 1697 1894 1770 ἅμα
1918 1718 1977 1752 τε

2081 1704 2486 1774 signiﬁcaverat
2517 1703 2845 1773 pauperibus
2882 1702 3163 1757 felicitatis
3205 1701 3522 1757 adventum.
3552 1703 3656 1755 At-

403 1789 671 1857 ὲπέφανεν
703 1786 1008 1859 ἀνθρώποις
1038 1789 1066 1840 ὁ
1109 1785 1188 1857 τῷ
1232 1788 1372 1858 ἁγίῳ
1404 1789 1679 1860 Πνεύματι
1733 1790 1874 1844 κατὰ
1920 1792 1981 1846 τὸ

402 1881 742 1954 ἀνθρώπινον
769 1881 1153 1953 κεχρισμένος’
1183 1883 1276 1936 καὶ
1300 1882 1548 1937 ἐντεῦθεν
1573 1886 1851 1959 ἀπήρχετο
1882 1888 1980 1959 τῆς

399 1973 765 2038 διδασκαλίας,
801 1972 1074 2044 βασιλείαν
1100 1974 1349 2046 οὐράνιον
1374 1974 1441 2028 δι’
1461 1976 1622 2030 αὑτὸν
1668 1979 1981 2050 πτωχεύου-

405 2084 489 2121 σιν
514 2056 1016 2136 εὐαγγελιζόμενοξ.

407 2158 475 2211 Ol
502 2130 691 2229 17.106}
729 2130 986 2212 ἀκοῦσαι
1033 2159 1243 2220 αὐτοῦ,
1279 2159 1377 2229 καὶ
1423 2159 1659 2229 ἰαθῆναι
1701 2130 1819 2214 εἰπό
1864 2159 1985 2215 τῶν

966 2229 1168 2281 νόσων
1199 2228 1415 2283 αὐτῶν.

475 2321 622 2391 Ὅρα
658 2320 788 2388 γοῦν
817 2321 910 2372 ἐπὶ
942 2320 1035 2374 τοῦ
1085 2321 1373 2392 παρόντος,
1404 2320 1607 2375 ἄνωθεν
1641 2322 1983 2395 ἀρξαμένους

401 2430 501 2476 τας
531 2411 627 2465 τοῦ
652 2413 902 2483 Σωτῆρος
922 2412 1150 2466 διελθεῖν
1182 2412 1386 2483 φωνὰς,
1409 2414 1506 2467 καὶ
1526 2416 1655 2484 παρ’
1678 2416 1842 2468 αὑτοῦ
1883 2417 1981 2478 τὰς

399 2503 749 2568 διδασκαλίας
780 2504 969 2576 ὥσπερ
998 2504 1147 2570 τινὰς
1179 2506 1395 2577 νόμους,
1424 2505 1490 2558 δι’
1514 2500 1589 2561 ὧν
1621 2507 1687 2561 ἄν
1712 2526 1796 2572 τις
1828 2507 1982 2578 τύχοι

399 2594 500 2665 τῆς
528 2595 779 2667 οὐρανίου
810 2595 1104 2662 βασιλείας,
1131 2597 1532 2669 παραδέξασθαι
1553 2616 1566 2629 ο
1600 2599 1695 2653 καὶ⁴
1716 2599 1791 2671 μὴ
1821 2600 1980 2671 μέχρι

397 2686 494 2740 τοῦ
526 2686 717 2758 μαθεῖν
768 2688 980 2760 στῆναι,
1006 2689 1141 2743 ἀλλὰ
1167 2691 1264 2743 καὶ
1295 2689 1363 2744 δι’
1396 2690 1573 2764 ἔργων
1611 2693 1876 2765 χωρῆσαι,
1903 2692 1979 2756 ὡς

400 2779 468 2833 ἄν
503 2780 576 2851 μὴ
610 2779 891 2834 ἐκπέσοιεν
911 2780 1019 2834 τῶν
1035 2779 1468 2852 ὲπαγγελμάτων
1489 2798 1502 2812 ·
1528 2783 1610 2836 ὅτι
1637 2785 1738 2836 οὐκ
1759 2784 1815 2837 ὲν
1837 2782 1981 2853 λόγῳ

397 2873 431 2941 ἡ
468 2870 714 2941 βασιλεία
737 2872 830 2926 τοῦ
861 2873 1018 2939 Θεοῦ,
1051 2873 1243 2928 ἀλλ’ὲν
1271 2874 1518 2946 δυνάμει.

397 2962 688 3033 Μακάριοι
714 2968 769 3018 οἱ
796 2965 1463 3091 πτωκὲὲὶιῗτὲο
1502 2968 1676 3022 ἐστὶν
1720 2968 1759 3035 ἠ
1794 2968 1976 3034 ,βασι-

478 3128 625 3198 nam
654 3128 756 3199 τῆς
779 3127 886 3181 τῶν
913 3129 1158 3200 οὐρανῶν
1188 3128 1463 3200 βασιλείας
1502 3130 1562 3182 ὲν
1591 3128 1804 3193 πολλοῖς
1839 3130 1979 3198 ἀγα-

403 3219 513 3273 θῶν
540 3220 820 3291 τάγμασιν
852 3219 1261 3291 ἐπινοουμένης,
1286 3218 1428 3274 κατὰ
1443 3219 1526 3285 τὸ,
1551 3220 1780 3274 Πολλαὶ
1800 3220 1981 3288 μοναὶ

396 3312 563 3380 παρὰ
578 3300 658 3379 τῷ
681 3313 884 3381 Πατρὶ.
909 3313 970 3367 τὸ
990 3312 1225 3385 πρῶτον,
1253 3313 1328 3377 ὼς
1354 3312 1421 3367 ἂν
1451 3313 1593 3366 εἷποι
1614 3330 1716 3377 τις,
1741 3311 1974 3384 ἀξίωμα,

398 3406 494 3458 καὶ
510 3404 539 3455 ὁ
563 3404 777 3477 πρῶτος
799 3406 1057 3461 ἀνιόντων
1085 3404 1183 3476 βαθ
1192 3406 1291 3477 μὸς
1305 3407 1334 3458 ὁ
1352 3405 1463 3459 τῶν
1477 3404 1565 3459 διὰ
1581 3404 1713 3459 Θεὸν
1734 3423 1977 3476 πτωχευ-

393 3493 564 3549 όντων
594 3497 869 3567 τυγχάνει.
912 3492 1037 3551 Εἶεν
1074 3497 1119 3552 δ’
1151 3497 1218 3552 ἂν
1247 3490 1393 3552 οὗτοι
1425 3500 1474 3552 οἱ
1508 3498 1723 3553 πάντων
1753 3498 1862 3569 τῶν
1882 3497 1977 3552 τοῦ

397 3589 663 3661 παρόντος
689 3589 805 3660 βίου
832 3590 1029 3661 τιμίων
1058 3588 1621 3662 κατολιγωρήσαντες,
1655 3590 1702 3641 οἱ
1734 3588 1979 3660 πτωχεύ-

397 3697 548 3745 οντες
583 3683 653 3752 τῇ
696 3683 1150 3754 μετριοφροσύνῃ,
1182 3682 1350 3735 οἱκαὶ
1378 3684 1458 3744 είς
1479 3680 1647 3752 ἄκρον
1685 3681 1976 3744 ἐλάσαντες

399 3771 783 3844 ἀκτημοσύνης
814 3773 901 3828 διὰ
929 3773 1027 3845 τὴν
1048 3773 1191 3828 κατὰ
1211 3773 1344 3827 Θεὸν
1365 3773 1707 3843 φιλοσοφίαν,
1737 3770 1831 3825 τοῦ
1874 3787 1978 3823 σω-

396 3864 584 3934 τηρίου
625 3865 976 3938 μακαρισμοῦ
1016 3864 1319 3931 τεύξονται.
1355 3864 1644 3928 Τοιούτους
1685 3864 1742 3917 δὲ
1781 3863 1975 3926 αὐτοὺς

396 3957 524 4018 τοὺς
551 3955 797 4025 πρώτους
817 3957 965 4029 αὑτῷ
1002 3958 1411 4031 μαθητεύοντας
1457 3956 1857 4029 ἀπειργάσατο·
1894 3955 1976 4008 διὸ

398 4044 494 4098 καὶ
522 4046 602 4110 εἰς
621 4047 796 4101 αὐτῶν
831 4049 1120 4120 πρόσωπον
1140 4048 1282 4104 κατὰ
1300 4047 1527 4120 θάτερον
1542 4047 1654 4119 (45)
1671 4046 1779 4101 τῶν
1811 4046 1978 4114 εὐαγ-

396 4135 663 4202 γελιστῶν
707 4137 1009 4209 ἠρμόττετο
1033 4138 1208 4208 λέγων
1234 4155 1248 4169 ο
1305 4137 1600 4207 Μακάριοι
1636 4140 1691 4191 οἱ
1730 4135 1972 4206 πτωχοὶ,

394 4228 485 4282 ὅτι
523 4229 775 4299 ὑμετέρα
807 4230 977 4285 ἐστὶν
1005 4231 1044 4299 ἡ
1069 4230 1361 4297 ,βασιλεία
1386 4230 1494 4285 τοῦ
1529 4230 1676 4285 Θεοῦ
1695 4247 1709 4261 ·
1762 4229 1823 4283 τὸ
1865 4228 1975 4302 γὰρ

395 4319 646 4390 ὑμετέρα
673 4320 959 4385 δεικτικῶς
987 4322 1123 4393 πρὸς
1150 4321 1426 4394 παρόντας
1451 4320 1686 4390 ἐλέγετο.
1740 4320 1836 4384 Et:
1876 4320 1975 4372 αύ-

2080 1811 2184 1867 que
2211 1795 2416 1852 idcirco
2453 1797 2596 1850 inter
2620 1795 2867 1851 homines
2900 1793 3065 1849 simul
3102 1795 3149 1848 is
3193 1793 3465 1862 apparuit,
3499 1793 3656 1861 cuius

2081 1905 2110 1945 a
2150 1899 2339 1945 sancto
2408 1888 2616 1958 Spiritu
2662 1897 2827 1943 uncta
2880 1886 3055 1942 fuerat
3103 1886 3436 1941 humanitas.
3480 1885 3658 1949 Atque

2084 1981 2213 2036 hinc
2237 1980 2367 2036 fecit
2392 1980 2691 2049 magisterii
2742 1978 2979 2043 initium,
3021 1976 3284 2032 cmlorum
3330 1975 3539 2031 scilicet
3571 1990 3657 2030 re-

2081 2088 2243 2140 gnum
2277 2085 2374 2143 per
2400 2085 2459 2125 se
2495 2071 2609 2139 ipse
2634 2067 2971 2141 pauperibus
3001 2066 3281 2122 nuntians.

2081 2160 2130 2192 “
2172 2159 2275 2225 Qui
2321 2168 2571 2216 uenerant
2627 2167 2684 2211 ut
2737 2150 2981 2211 audirent
3015 2174 3156 2223 eum,
3190 2168 3238 2211 et
3276 2167 3594 2213 sanarentur
3620 2176 3657 2212 α

2617 2227 2955 2298 languoribus
2982 2229 3111 2280 suis.

2155 2319 2351 2391 Specta
2379 2330 2524 2377 nunc
2549 2320 2737 2390 igitur,
2765 2318 3020 2388 primitus
3048 2318 3374 2389 incipientes
3400 2320 3656 2375 Servato-

2082 2416 2159 2468 ris
2193 2415 2356 2469 verba
2383 2412 2724 2474 auscultare,
2755 2420 2920 2480 atque
2947 2410 3015 2464 ab
3042 2424 3108 2465 eo
3143 2413 3442 2481 doctrinas,
3474 2413 3654 2484 legum

2081 2502 2276 2566 instar,
2311 2502 2510 2571 quibus
2539 2498 2762 2554 cmleste
2790 2515 3015 2570 regnum
3072 2513 3437 2572 assequamur
3476 2504 3654 2559 homi-

2081 2608 2200 2659 nes,
2234 2592 2509 2661 excipere.
2535 2590 2719 2661 Neque
2741 2605 2837 2647 eos
2884 2591 3145 2648 discendo
3194 2608 3313 2649 esse
3343 2603 3650 2665 contentos,

2081 2682 2175 2736 sed
2207 2681 2276 2736 ad
2304 2696 2468 2751 opera
2499 2683 2666 2738 etiam
2699 2681 3021 2752 procedere,
3065 2698 3134 2737 ne
3182 2686 3464 2754 promissis
3514 2670 3655 2757 prae;

2080 2773 2203 2830 miis
2238 2776 2492 2831 excidant
2538 2796 2552 2832 :
2610 2778 2737 2847 quia
2769 2792 2877 2833 non
2917 2774 2972 2852 in
3018 2792 3270 2833 sermone
3301 2792 3527 2850 regnum
3556 2780 3651 2835 Dei

2078 2876 2183 2931 est,
2224 2868 2317 2923 sed
2356 2869 2408 2923 iu
2442 2870 2665 2925 virtute.

2080 2960 2126 2992 ”
2153 2958 2302 3016 Beati
2322 2977 2601 3032 pauperes,
2631 2965 2882 3033 quoniam
2914 2974 3142 3023 vestrum
3166 2974 3244 3022 est
3275 2981 3490 3038 regnum
3534 2965 3647 3021 Dei.

2150 3111 2324 3179 Quum
2351 3111 2612 3170 caelorum
2640 3129 2865 3185 regnum
2898 3116 2950 3170 in
2979 3117 3162 3175 multis
3196 3120 3468 3175 bonorum
3500 3122 3651 3175 ordi-

2087 3204 2248 3259 nibus
2279 3205 2613 3261 considerari
2649 3208 2842 3277 possit,
2884 3208 3040 3277 juxta
3081 3211 3233 3276 illud,
3283 3213 3463 3267 ntulta:
3497 3229 3649 3267 man-

2078 3295 2246 3348 siones
2274 3305 2395 3349 sunt
2421 3298 2560 3365 apud
2593 3294 2810 3352 Patrem
2832 3298 2900 3364 ",
2921 3301 3116 3371 prima,
3151 3312 3210 3356 ut
3237 3302 3312 3357 ita
3342 3304 3538 3368 dicam,
3571 3304 3652 3357 di-

2078 3386 2277 3456 gnitas,
2311 3392 2365 3440 et
2390 3386 2598 3456 primus
2628 3390 3036 3446 ascendentium
3073 3394 3293 3461 gradus,
3324 3393 3415 3449 ille
3440 3405 3522 3449 est
3554 3396 3651 3451 lio-

2079 3476 2283 3530 minum
2336 3480 2714 3547 paupertatem
2777 3490 3001 3549 propter
3053 3482 3227 3537 Deum
3297 3484 3647 3539 sectantium.

2079 3567 2218 3624 S'unt
2248 3580 2430 3641 autem
2457 3571 2512 3626 bi
2547 3571 2639 3640 qui
2682 3572 2866 3627 omnia
2896 3572 3018 3628 vitae
3046 3574 3204 3642 hujus
3227 3576 3509 3629 commoda
3556 3591 3650 3630 ne-

2076 3661 2304 3732 gligunt,
2336 3662 2429 3733 qui
2464 3664 2731 3720 modestia
2772 3679 2873 3718 sua
2909 3679 3175 3735 pauperes
3206 3673 3356 3729 sunt,
3393 3665 3483 3736 qui
3508 3682 3651 3720 sum-

2079 3765 2220 3804 mam
2255 3765 2433 3806 rerum
2466 3752 2707 3806 omnium
2739 3763 3040 3824 egestatem
3078 3755 3419 3824 philosophia
3442 3770 3541 3809 sua
3562 3770 3648 3811 se-

2076 3842 2311 3900 cundum
2363 3841 2535 3896 Deum
2573 3842 2915 3913 proﬁtentes,
2966 3844 3359 3900 beatitudinem
3385 3861 3415 3899 a
3445 3844 3649 3901 Serva-

2080 3943 2196 3990 tore
2242 3936 2576 4006 propositam
2626 3946 3052 4008 consequentur.
3085 3937 3248 3995 Tales
3280 3941 3484 4011 primos
3517 3956 3647 3998 suos

2076 4029 2251 4083 voluit
2275 4017 2398 4086 esse
2432 4029 2754 4102 discipulos.
2787 4028 2969 4097 Quare
3012 4041 3067 4087 et
3105 4046 3293 4087 eorum
3336 4048 3648 4103 personam,

2075 4120 2375 4175 secundum
2406 4120 2636 4176 alterum
2670 4121 3089 4193 evangelistam,
3113 4138 3299 4179 coram
3319 4123 3493 4179 veluti
3520 4124 3651 4180 allo-

2075 4221 2234 4266 cutus
2264 4219 2368 4277 est,
2399 4211 2583 4267 dicens
2618 4231 2633 4267 :
2660 4211 2812 4267 Beati
2837 4230 3114 4284 pauperes,
3150 4216 3275 4286 quia
3316 4226 3545 4271 vestrum
3574 4227 3650 4271 est

2078 4322 2291 4377 regnum
2335 4305 2456 4362 Dei.
2510 4305 2650 4362 Nam
2684 4307 3005 4362 vocabulum
3050 4320 3277 4363 vestrum
3304 4310 3648 4364 demonstra-

394 4384 518 4477 τοὺς
548 4384 605 4466 δὲ
632 4414 727 4467 καὶ
759 4415 885 4477 τοὺς
928 4384 1459 4486 ὀφθαλμοὺς-ἐπῆρε,
1494 4384 1589 4467 καὶ
1624 4413 1729 4487 πρὸ
1761 4412 1853 4467 τοῦ
1882 4412 1972 4467 λό-

2079 4399 2184 4453 tive
2236 4398 2306 4453 ad
2347 4384 2644 4470 praesentes
2696 4399 2967 4470 dirigitur.
3020 4401 3105 4455 Ad
3152 4399 3274 4456 illos
3315 4408 3495 4454 autem
3522 4410 3650 4454 ante

396 4521 493 4573 γου
537 4503 616 4575 τῷ
664 4504 833 4577 ἱλαρῷ
866 4505 1138 4577 βλέμματι
1169 4506 1304 4578 πρὸς
1336 4505 1434 4578 τὴν
1479 4507 1741 4578 ἀκρόασιν
1776 4505 1972 4568 αὐτοὺς

393 4596 773 4668 ἐφελκόμενος·
804 4601 851 4651 οἱ
896 4598 954 4652 δὲ
984 4598 1279 4671 προθύμως
1308 4603 1450 4669 σφᾶς
1474 4600 1671 4662 αὐτοὺς
1701 4598 1973 4669 ὑπηκόους

392 4691 507 4754 τοῖς
547 4689 859 4763 λεγομένοις
910 4694 1190 4762 παρεῖχον.
1232 4690 1457 4760 Πρῶτος
1495 4691 1593 4762 μὲν
1637 4685 1730 4744 οὖν
1766 4686 1974 4759 saepe;

389 4781 499 4835 τῶν
550 4783 832 4857 σωτηρίων
881 4781 1246 4856 μακαρισμῶν
1298 4774 1453 4845 οὗτος
1497 4778 1585 4854 ἦν,
1632 4783 1660 4835 ὁ
1705 4779 1971 4852 συμϐασι-

389 4872 564 4927 λεύειν
592 4873 739 4946 αὐτῷ
762 4873 1033 4945 παριστὰς
1079 4876 1204 4939 τοὺς
1241 4873 1341 4946 τὴν
1376 4873 1443 4927 δι’
1478 4873 1639 4927 αὐτὸν
1677 4872 1968 4942 πτωχείαν,

390 4964 487 5017 καὶ
517 4966 608 5019 τὸν
637 4967 823 5037 ἄκρως
852 4967 1138 5039 ἁκτήμονα
1172 4965 1461 5037 φιλόσοφόν
1502 4982 1562 5018 τε
1609 4965 1703 5020 καὶ
1749 4963 1983 5036 θεοφιλῆ,

394 5057 507 5128 βίον
535 5059 1011 5131 ἀναδεδεγμένους,
1042 5061 1212 5132 ἦγουν
1236 5062 1363 5123 τοὺς
1400 5059 1841 5129 ταπεινόφρονας.

455 5235 709 5309 Δεύτεροι
740 5232 832 5292 οὖν
861 5240 955 5292 καὶ
986 5238 1157 5310 τρίτοι
1194 5237 1390 5309 ἐφεξῆς
1417 5237 1805 5306 καταλέγονται
1833 5239 1963 5306 παρ’

2075 4491 2262 4557 verba,
2286 4491 2473 4547 oculos
2511 4507 2729 4564 quoque
2755 4508 2883 4547 suos
2930 4492 3241 4557 intendens,
3273 4491 3435 4546 hilari
3465 4506 3651 4561 respe-

2073 4593 2163 4639 ctu
2193 4586 2340 4655 ipsos
2365 4585 2431 4640 ad
2457 4586 2789 4641 audiendum
2817 4599 3166 4654 permovens,
3199 4586 3291 4655 qui
3333 4583 3567 4639 libenter
3591 4600 3651 4638 se

2077 4678 2356 4733 auditores
2384 4678 2760 4748 praebuerunt.
2792 4675 3010 4731 Primus
3042 4677 3224 4747 itaque
3255 4678 3646 4732 beatitudinum
3674 4671 3677 4743 ᾎ

2075 4782 2107 4821 a
2147 4767 2443 4823 Servatore
2471 4768 2873 4839 pr0positarum
2903 4767 3105 4837 gradus
3132 4768 3219 4822 hic
3245 4776 3383 4832 erat,
3412 4767 3505 4838 qui
3530 4783 3651 4822 con-

2075 4868 2398 4929 reguatores
2433 4861 2483 4914 ei
2520 4858 2757 4913 faciebat
2801 4857 2926 4912 illos
2955 4858 3045 4927 qui
3079 4851 3300 4928 propter
3329 4842 3503 4927 ipsum
3525 4846 3678 4926 age-3

2075 4967 2198 5006 nam
2231 4966 2454 5022 prorsus
2506 4963 2563 5005 et
2614 4950 3049 5023 philosophicam
3082 4952 3497 5022 religiosamque
3528 4953 3649 5007 vita:

2075 5046 2340 5099 rationem
2387 5043 2624 5115 amplexi
2673 5044 2928 5112 fuissent,
2970 5045 3025 5101 id
3078 5056 3164 5102 est
3208 5046 3396 5101 humili
3469 5056 3651 5101 mente

2072 5136 2352 5207 praeditos.

2143 5226 2392 5282 Secunda
2428 5242 2550 5283 mox
2581 5238 2638 5284 et
2658 5231 2816 5285 tertia
2859 5240 3178 5299 recensetur
3206 5246 3237 5287 a
3269 5229 3487 5288 Christo
3517 5231 3648 5285 bea-

461 5348 503 5380 ⁸¹
533 5364 656 5419 cap.
679 5365 739 5417 ιι,
774 5350 862 5406 σε.
939 5352 984 5383 ⁸¹
1003 5367 1120 5422 cap.
1153 5368 1226 5414 tv.
1262 5353 1349 5408 l8.
1425 5352 1473 5385 ³³
1502 5351 1603 5405 lsa.
1637 5366 1746 5415 ut,
1788 5351 1836 5403 Ι.
1906 5347 1968 5423 ⁸³,

2079 5372 2101 5401 ›.
2125 5346 2300 5410 ιει,18.
2374 5344 2422 5378 ⁸³
2447 5361 2568 5417 cap.
2595 5362 2673 5411 vl,
2706 5345 2797 5402 20.
2874 5345 3101 5403 “Joan.
3145 5362 3256 5412 xiv,
3296 5346 3348 5404 2.

459 5440 571 5512 (45)
603 5441 753 5497 Alter
782 5442 873 5498 hic
921 5444 1279 5513 evangelista,
1306 5444 1482 5500 Lucas
1524 5445 1639 5513 ipse
1667 5452 1772 5505 est,
1804 5441 1946 5513 apud
2052 5440 2176 5493 hius
2209 5439 2539 5513 videturrhic
2574 5441 2932 5497 commentari
2973 5440 3156 5513 potius
3195 5439 3261 5494 ad
3295 5438 3645 5513 Mattbqgum;

386 5506 768 5580 quem’tlieitur
797 5506 1314 5584 ὑμετέραξιεεεινιιιιι
1352 5506 1587 5584 regnum.
1622 5513 1673 5567 in
1709 5506 1945 5584 secunda
2053 5523 2362 5584 quanquam
2396 5509 2617 5566 Nicetas
2664 5520 2868 5565 catena:
2909 5506 3201 5584 iu'Lucam
3251 5521 3440 5565 auctor
3478 5506 3655 5564 Euse-

387 5595 657 5652 persona;
721 5580 849 5638 cum
900 5580 1043 5653 apud
1097 5580 1427 5638 Μιιιιιιιιιυιιι⁷
1455 5601 1509 5650 v,
1553 5586 1611 5646 3.
1652 5583 1862 5653 dicatur
1894 5582 1945 5635 iu
2056 5580 2201 5637 bium
2228 5581 2292 5636 ad
2335 5592 2719 5652 argumentum
2749 5594 2907 5637 suum
2942 5580 3239 5638 transtulit.

390 5655 545 5709 tertia
594 5653 793 5720 αὐτῶν,
831 5651 1062 5726 ipsorum
1103 5670 1335 5725 regnum.
1386 5654 1751 5723 Quamobrem
1781 5651 1959 5727 Euse-
