4170 6406
463 256 567 313 535

1136 252 1400 308 EUSEBH
1443 251 1914 306 CxESARIENSIS
1955 252 2103 308 OPP.
2146 253 2323 310 PARS
2363 254 2450 312 lil.
2492 286 2561 296 —
2600 254 3007 311 EXEGETICA.

3599 254 3699 308 536

464 371 656 432 titudo,
700 377 755 421 et
792 377 1004 435 quarta,
1055 355 1278 434 aliaeque
1331 364 1608 435 deinceps.
1670 364 1854 420 Licere
1891 364 2034 420 enim

2151 365 2284 436 ιιύτῷ
2314 368 2668 437 μακαρισμοὶ,
2687 367 2780 420 καὶ
2800 365 3048 436 τέταρτοι
3074 364 3167 418 καὶ
3193 363 3389 434 ἐφεξῆς
3417 363 3551 434 (46).
3583 365 3703 433 Ἐξ-

463 462 690 516 docebat
711 457 1006 514 secundum
1040 457 1258 527 aliquod
1297 473 1361 512 ex
1398 459 1666 526 prmdictis
1713 459 1836 512 vita:
1874 474 2035 524 gene—

464 554 611 606 ribus
644 551 909 620 promissa
959 549 1097 602 bona
1147 551 1437 617 censequi;
1492 551 1562 603 ita
1619 560 1677 604 ut
1724 562 1944 615 possent
1980 551 2033 604 in

464 643 554 696 Dei
589 657 775 711 regno,
804 641 847 696 si
877 642 1054 694 minus
1081 655 1202 693 eum
1249 639 1466 694 Christo
1498 657 1723 711 regnare
1771 657 1924 710 aeque
1971 658 2036 695 ac

463 749 724 803 pauperes
753 733 968 801 spiritu,
1005 741 1060 786 at
1096 744 1242 787 certe
1273 733 1534 796 recreari,
1578 748 1642 787 eo
1671 733 1813 802 quod
1843 735 2034 789 morti-

465 827 576 878 t'era
604 839 697 878 sua
732 833 947 893 peccata
979 822 1316 888 deﬂeverint,
1352 839 1416 879 ac
1453 825 1778 894 pmnitentia:
1813 835 1868 880 et
1903 841 2036 881 con-

465 915 684 970 fessioni
737 927 1006 983 castmque
1036 918 1162 970 vitae
1205 928 1378 971 semet
1429 917 1750 973 addixerint.
1788 919 1890 973 Vel
1915 935 2038 989 pro-

466 1008 628 1062 missa
658 1019 800 1062 terra
829 1009 1012 1077 potiri,
1057 1020 1111 1063 et
1149 1010 1482 1064 habitatores
1511 1009 1765 1079 civesque
1793 1025 2038 1080 superna:

467 1098 560 1153 Dei
589 1099 822 1153 civitatis
865 1101 998 1167 ficri,
1033 1101 1158 1169 quia
1191 1100 1345 1154 miles
1385 1115 1445 1154 se
1491 1100 1863 1170 patientesque
1897 1117 2036 1171 prreo

465 1185 700 1238 buerint.
739 1183 828 1241 Vel
853 1188 975 1255 quia
1002 1187 1326 1240 esuriverint
1359 1188 1411 1242 in
1458 1190 1706 1257 praesenti
1747 1192 1854 1244 vita
1879 1189 2038 1258 justi-

469 1275 596 1330 tiam
627 1286 788 1346 atque
813 1277 1103 1342 sitiverint,
1137 1292 1306 1347 eaque
1333 1279 1520 1333 satiari
1553 1280 1604 1334 in
1628 1280 1810 1336 futuro
1841 1281 2039 1337 smcuio

467 1369 811 1435 optaverint;
864 1369 936 1423 ita
971 1369 1288 1424 defaecatam
1331 1384 1396 1424 ac
1428 1368 1836 1427 substantialem
1866 1375 2037 1428 virtu-

467 1467 576 1512 tem
605 1460 906 1524 obtineaut,
935 1471 987 1515 et
1011 1461 1409 1531 hypostaticam
1445 1464 1619 1532 ipsam
1645 1465 1740 1519 Dei
1771 1466 2036 1534 justitiam

469 1553 770 1620 aspiciant.
817 1554 1093 1623 ipsamque
1137 1555 1232 1610 Dei
1277 1557 1630 1625 sapientiam,
1669 1569 1924 1613 aeternam
1960 1560 2040 1612 vi-

469 1653 602 1712 tam,
644 1656 698 1699 et
723 1646 1024 1699 animarqu
1085 1647 1286 1702 lumen.
1337 1648 1466 1716 Quae
1523 1651 1706 1704 omnia
1744 1653 2037 1706 secundum

466 1739 825 1793 inhaerentem
861 1737 1116 1792 virtutem
1151 1738 1203 1792 in
1245 1740 1518 1810 unigenito
1573 1741 1662 1795 Dei
1714 1739 1891 1797 Verbo
1923 1760 2042 1798 esse

468 1827 858 1894 intelliguntur.
919 1826 1071 1892 Quod
1137 1829 1180 1881 si
1233 1827 1430 1899 alioqui
1517 1830 1758 1884 nonnulli
1826 1832 2040 1899 benigni

468 1919 669 1974 fuerint
689 1929 744 1975 et
764 1920 1201 1989 eleemosynarii,
1233 1922 1770 1993 misericordiamque
1808 1941 1871 1980 ac
1911 1926 2044 1981 libe-

469 2011 740 2066 ralitatem
793 2027 919 2082 erga
971 2013 1244 2081 proximos
1299 2012 1813 2080 demonstraverint,
1873 2021 2040 2070 bene-

467 2104 712 2158 ﬁciorum
747 2119 966 2158 suorum
1016 2104 1188 2158 vicem
1237 2105 1609 2172 experientur,
1667 2106 2042 2161 misericordia

467 2195 863 2265 clementiaque
891 2196 982 2250 Dei
1016 2194 1265 2249 fruendo.
1315 2195 1465 2250 Alius
1509 2207 1593 2250 est
1638 2199 1916 2252 beatorum
1959 2214 2045 2252 sc-

468 2283 705 2337 cundum
728 2283 1140 2354 promissionem
1169 2282 1324 2345 ordo,
1351 2283 1439 2351 qui
1467 2284 1650 2347 corde,
1689 2285 1738 2338 id
1762 2293 1844 2338 est
1867 2293 2045 2337 mente

469 2375 590 2444 puri
651 2385 815 2439 sunt;
873 2374 1110 2443 itemque
1161 2374 1300 2430 alius
1361 2373 1734 2444 pacificorutu.
1802 2374 2041 2440 Quorum

472 2466 685 2536 priores
717 2466 931 2534 quidem
964 2466 1219 2534 puritatis
1247 2480 1357 2518 suae
1381 2466 1686 2518 mercedem
1721 2465 2048 2534 percipient,

472 2557 566 2611 Dei
605 2557 890 2619 visionem,
931 2555 1054 2624 quia
1083 2555 1322 2622 purgatis
1349 2569 1472 2608 eum
1502 2554 1695 2607 anima:
1725 2554 1898 2608 oculis
1920 2564 2045 2608 sunt

468 2649 671 2716 visuri;
701 2647 854 2703 alteri
885 2661 1010 2701 vero
1036 2647 1126 2700 lilii
1149 2647 1239 2700 Dei
1272 2647 1420 2714 fient,
1450 2656 1736 2716 propterea
1769 2647 1910 2715 quod
1949 2661 2046 2714 par

472 2757 610 2812 opus
642 2741 893 2803 fecerint,
927 2750 1089 2809 atque
1122 2737 1217 2792 Dei
1251 2739 1441 2802 Filius,
1479 2740 1571 2807 qui
1622 2739 1803 2792 omnia
1863 2754 1958 2808 per
1987 2753 2045 2791 se

472 2832 646 2900 ipsum
683 2831 988 2901 paeiiicavit
1022 2829 1134 2884 sive
1169 2846 1286 2898 qua:
1326 2829 1379 2884 in
1407 2828 1558 2882 cadis
1597 2837 1742 2891 sunt,
1784 2829 1899 2882 sive
1928 2841 2047 2896 quas

475 2924 528 2980 iu
571 2932 738 2976 terra.
774 2919 1156 2974 Verumtamen
1208 2919 1264 2974 hi
1305 2935 1492 2974 omnes
1531 2933 1627 2988 pro
1671 2934 1888 2973 suorum
1919 2935 2048 2988 ope-

2137 457 2272 507 εῖναι
2299 454 2406 527 γὰρ
2427 455 2670 508 ἐδίδασκε
2695 454 2816 508 καθ’
2841 455 2935 507 ἕνα
2958 454 3076 507 τινὰ
3109 453 3306 520 τρόπον
3335 454 3443 506 τῶν
3465 472 3704 508 κατωνο-

2139 547 2429 618 μασμένων
2461 546 2590 616 βίων
2619 546 3016 614 καταξιωθῆναι
3041 545 3147 599 τῶν
3165 545 3584 617 ἐπηγγελμένων
3616 564 3706 615 φι-

2135 639 2468 711 λοτιμεῖσθαι
2485 658 2498 672 ο
2524 639 2649 693 ὥστ’
2670 637 2804 694 εἶναι
2836 639 3077 704 δυνατὸν,
3103 641 3161 693 ἐν
3186 642 3250 709 τῇ
3274 638 3367 691 τοῦ
3394 639 3528 692 Θεοῦ
3554 639 3706 709 βασι-

2135 731 2254 803 λείᾳ
2305 731 2642 802 γενομένους,
2686 733 2734 784 εἰ
2771 732 2865 784 καὶ
2911 731 2986 801 μὴ
3023 729 3446 800 συμϐασιλεῦσαι
3488 729 3706 801 Χριστῷ

2137 823 2278 879 κατὰ
2326 825 2450 891 τοὺς
2489 825 2736 894 πτωχοὺς
2767 823 2843 894 τῷ
2874 821 3163 892 πνεύματι,
3207 821 3340 874 ἀλλά
3367 821 3498 890 γοῦν
3533 839 3708 894 παρα-

2138 913 2399 984 κληθῆναι
2441 913 2526 982 ἐφ’
2573 907 2655 976 οἷς
2706 911 2774 965 τά
2825 911 2958 982 πρὸς
3013 912 3238 964 θάνατον
3295 912 3709 982 ἁμαρτήσαντες

2138 1004 2462 1075 ἐπένθησαν,
2497 1003 2751 1075 μετανοίᾳ
2803 1003 2893 1056 καὶ
2922 1001 3302 1073 ἐξομολογήσει
3333 1001 3444 1073 (47)
3483 1001 3578 1054 καὶ
3609 1001 3708 1073 βίῳ

2141 1099 2374 1172 σώφρονι
2404 1099 2625 1161 ἐαυτούς
2641 1096 3022 1160 ἐπιδεδωκότες
3045 1113 3058 1126 ·
3101 1095 3132 1166 ἢ
3163 1096 3263 1165 τῆς
3294 1093 3709 1165 ἐπηγγελμένης

2140 1192 2244 1262 γῆς
2285 1194 2489 1262 τυχεῖν,
2529 1188 2816 1260 οἰκήτοράς
2847 1205 2906 1241 τε
2960 1187 3052 1242 καὶ
3093 1187 3315 1250 πολίτας
3348 1187 3447 1256 τῆς
3473 1187 3582 1240 ἀνω
3615 1185 3710 1239 τοῦ

2139 1282 2272 1338 Θεοῦ
2305 1283 2510 1346 πόλεως
2537 1281 2808 1350 γενέσθαι,
2839 1279 3046 1352 πράους
3079 1280 3170 1332 καὶ
3194 1278 3547 1346 ἀνεξικάκως
3572 1280 3711 1332 ἁπο-

2138 1374 2474 1446 δειχθέντας·
2523 1374 2556 1445 ἢ
2593 1374 2950 1444 πεινήσαντας
2995 1371 3060 1423 ἐν
3091 1369 3168 1440 τῷ
3202 1370 3427 1440 παρόντι
3467 1369 3588 1439 βίῳ,
3618 1369 3713 1422 xu!

2138 1469 2470 1538 διψήσαντας
2505 1467 2605 1537 τῆς
2632 1463 2974 1534 δικαιοσύνης
2996 1465 3176 1532 τυχεῖν
3210 1462 3403 1530 αὐτῆς,
3432 1463 3525 1515 καὶ
3556 1477 3716 1531 κορε-

2142 1562 2332 1632 σθῆναι
2379 1561 2520 1614 κατά
2559 1559 2651 1612 τὸν
2699 1558 3102 1629 ἐπηγγελμένον
3141 1555 3333 1617 αἰῶνα,
3375 1553 3511 1606 ἐπάν
3544 1553 3714 1622 αὐτῆς

2142 1656 2386 1726 καθαρᾶς
2431 1654 2529 1724 τῆς
2573 1651 2861 1715 οὐσιώδους
2899 1650 3101 1722 ἀρετῆς
3140 1647 3516 1711 ἀπολαύωσιν,
3546 1645 3716 1715 αὐτῆν

2143 1747 2505 1817 ὑποστατικὴν
2537 1744 2771 1813 δρῶντες
2801 1744 2899 1814 τὴν
2934 1741 3028 1795 τοῦ
3067 1739 3202 1793 Θεοῦ
3229 1737 3590 1807 δικαιοσύνην,
3617 1738 3715 1790 καὶ

2142 1839 2310 1910 αὐτὴν
2337 1839 2435 1908 τὴν
2469 1836 2657 1904 σοφίαν
2698 1833 2791 1887 τοῦ
2832 1831 2989 1896 Θεοῦ,
3030 1831 3124 1884 καὶ
3152 1831 3248 1902 τὴν
3287 1829 3430 1900 ζωὴν
3457 1829 3555 1898 τὴν
3585 1826 3720 1880 αἰώ-

2141 1947 2272 1993 νιον,
2303 1929 2396 1981 καλ⁸
2415 1928 2474 1980 τὸ
2499 1924 2684 1996 ψυχῶν
2717 1923 3039 1994 φωτιστικόν
3059 1939 3072 1952 ·
3124 1921 3160 1976 ἃ
3188 1921 3252 1993 δὴ
3287 1921 3461 1975 πάντα
3488 1920 3720 1972 ἐπινοεῖ-

2140 2038 2229 2073 ται
2269 2018 2408 2074 κατά
2447 2017 2547 2080 τὰς
2595 2014 3006 2086 ἐνυπαρχούσας
3035 2012 3290 2082 δυνάμεις
3331 2010 3411 2081 τῷ
3445 2013 3722 2082 μονογενεῖ

2141 2110 2235 2163 τοῦ
2273 2110 2407 2163 Θεοῦ
2437 2109 2613 2179 Λόγῳ.
2648 2108 2711 2160 Εἰ
2741 2106 2798 2158 δέ
2835 2104 3010 2166 ἄλλως
3046 2102 3190 2164 τινὲς
3226 2101 3592 2172 φιλάνθρωποι
3625 2103 3718 2153 καὶ

2143 2203 2433 2274 ἐλεήμονες
2479 2201 2766 2268 γεγόνασι,
2820 2199 2882 2252 τὸ
2931 2196 3213 2267 συμπαθὲς
3265 2195 3358 2249 καὶ
3407 2191 3720 2246 κοινωνικὸν

2145 2296 2280 2366 πρὸς
2303 2295 2429 2357 τοὺς
2450 2291 2618 2355 πέλας
2642 2289 3092 2360 ἐπιδεικνύμενοι,
3118 2286 3312 2340 ταύτὸν
3341 2285 3616 2338 πείσονται
3637 2277 3718 2346 οἷς

2144 2386 2395 2457 ἔδρασαν,
2425 2385 2546 2436 κατ’
2581 2381 2728 2434 ἔλεον
2761 2379 2896 2432 Θεοῦ
2925 2381 3019 2433 καὶ
3048 2374 3450 2448 φιλανθρωπίαν
3480 2372 3699 2444 ἐλεηθέν

2146 2495 2256 2540 τες.
2288 2475 2450 2528 Ἀλλο
2479 2473 2537 2527 δέ
2569 2473 2753 2543 τάγμα
2785 2471 2980 2540 γένοιτ’
3012 2470 3078 2524 ἂν
3109 2469 3216 2523 τῶν
3247 2466 3386 2522 κατά
3417 2466 3516 2537 τὴν
3549 2467 3719 2532 ἐπαγ-

2144 2566 2331 2634 γελίαν
2378 2565 2684 2636 μακαρίων,
2726 2563 2787 2615 τὸ
2812 2561 2920 2615 τῶν
2945 2563 3043 2632 τὴν
3073 2561 3299 2632 καρδίαν
3334 2558 3578 2612 τουτέστι
3621 2557 3721 2626 τὴν

2144 2656 2378 2708 διάνοιαν
2415 2651 2838 2728 κεκαθαρμένων
2857 2668 2870 2681 ·
2905 2652 3000 2704 καὶ
3027 2651 3153 2705 ἀλλο
3179 2650 3340 2703 πάλιν
3365 2648 3474 2701 τῶν
3508 2648 3715 2719 είρηνου

2147 2746 2314 2800 ποιῶν
2341 2763 2354 2776 ο
2391 2739 2466 2799 ὧν
2487 2747 2536 2798 οἱ
2564 2745 2660 2816 μὲν
2689 2745 2942 2816 πρότεροι
2967 2743 3134 2814 γέρας
3155 2741 3411 2813 λήψονται
3435 2741 3532 2811 τῆς
3558 2739 3726 2793 καθα-

2151 2841 2390 2911 ρότητος,
2424 2837 2522 2909 τὴν
2550 2837 2643 2890 τοῦ
2675 2836 2810 2890 Θεοῦ
2829 2836 2976 2901 θέαν,
3008 2835 3102 2888 ἅτε
3128 2834 3184 2887 δὲ
3211 2833 3509 2904 ὀφθαλμοῖς
3545 2831 3722 2900 ψυχῆς

2150 2926 2580 2998 κεκαθαρμένοις
2629 2926 2788 3011 αὐτὸν
2832 2925 3112 2996 ὀψόμενον
3157 2925 3207 2976 οἱ
3236 2924 3293 2977 δὲ
3344 2923 3583 2994 δεύτεροι
3618 2920 3727 2972 υἱοὶ

475 3029 594 3068 rum
660 3012 976 3067 diversitate
1028 3011 1256 3064 diversis
1321 3011 1374 3064 in
1449 3012 1716 3080 promisso
1783 3011 2044 3064 caelorum

2153 3017 2288 3072 Θεοῦ
2319 3019 2657 3090 γενήσονται,
2687 3010 2849 3079 ὡςᾶν
2878 3015 3037 3086 ἔργον
3057 3015 3242 3085 ὅμοιον
3267 3010 3720 3084 κατωρθωκότες⁸

475 3118 643 3173 regno
689 3102 969 3172 potientur
1020 3101 1337 3158 honoribus.
1399 3100 1534 3156 Nam
1589 3103 1885 3172 reguabunt
1923 3118 2048 3156 cum

477 3195 570 3248 Dei
597 3193 733 3248 Filio
751 3193 910 3263 primi
950 3192 1040 3262 qui
1076 3192 1336 3246 nominati
1369 3203 1496 3247 sunt
1536 3209 1800 3262 pauperes
1832 3193 2046 3261 spiritu.

474 3285 606 3340 Post
639 3285 757 3340 illos
783 3293 960 3339 autem
1008 3283 1250 3350 secundi,
1298 3282 1464 3338 fortes
1509 3283 1599 3337 Dei
1662 3295 1955 3353 martyres,
1983 3283 2051 3336 de

476 3378 674 3448 quibus
713 3386 896 3447 postea
933 3373 1100 3429 dicit:
1154 3373 1303 3428 Beati
1350 3377 1440 3445 qui
1491 3375 1901 3443 persecutionem
1951 3391 2050 3442 pa-

480 3467 685 3518 tiuntur
727 3471 938 3532 propter
972 3461 1261 3531 justitiam.
1288 3462 1382 3516 llis
1434 3463 1577 3518 enim
1618 3462 1797 3517 verbis
1836 3478 1930 3517 eos
1959 3463 2050 3532 qui

479 3569 576 3624 pro
604 3569 770 3624 regno
800 3552 1127 3606 deeertaturi
1174 3563 1351 3616 erant,
1386 3560 1642 3622 tauquam
1695 3550 1906 3606 nobiles
1959 3551 2050 3605 Dei

481 3645 682 3700 milites
726 3645 940 3699 dicebat
962 3645 1185 3709 beatos;
1237 3642 1546 3697 necessario
1597 3641 1683 3696 his
1713 3657 1950 3712 quoque,
1997 3654 2054 3695 ut

477 3735 909 3792 beatificatornm
939 3745 1100 3790 antea
1141 3747 1434 3804 pauperum
1467 3732 1750 3798 fratribus,
1787 3733 2054 3788 mercedis

479 3824 603 3882 loco
629 3825 888 3881 ctelorum
916 3840 1136 3894 regnum
1164 3825 1505 3895 promittens.
1531 3823 1696 3878 Multo
1733 3835 1911 3880 autem
1931 3840 2052 3879 cum

477 3913 672 3969 ordine
719 3922 775 3966 et
825 3922 1190 3967 consentanee
1265 3912 1362 3972 his.
1403 3913 1776 3968 communicat
1829 3929 2054 3982 regnum

481 4018 636 4058 suum
674 4011 793 4072 post
830 4017 1094 4071 pauperes
1143 4002 1357 4072 spiritu.
1388 4002 1613 4073 Oportet
1640 4003 1786 4058 enim
1824 4005 2054 4075 primum

479 4093 666 4148 vivere
699 4093 810 4147 Deo
842 4101 1025 4161 gratos
1055 4099 1168 4145 toto
1194 4092 1315 4145 vitae
1359 4101 1621 4163 tempore,
1657 4108 1948 4163 pauperem
1991 4112 2056 4150 ac

487 4191 922 4262 phil050phicum
958 4203 1162 4244 morem
1202 4198 1445 4245 tenentes
1478 4208 1492 4244 :
1519 4190 1716 4246 deinde
1741 4193 1821 4247 sic
1843 4193 1908 4246 ad
1933 4208 2057 4264 gra-

487 4295 601 4339 tum
631 4283 743 4338 Deo
771 4283 933 4336 finem
964 4283 1298 4353 pertingere.
1319 4279 1505 4352 Itaque
1545 4283 1752 4353 priores
1795 4283 1867 4337 illi
1913 4299 2060 4340 suni-

2150 3105 2260 3164 οἷον
2287 3111 2381 3163 καὶ
2417 3111 2445 3162 ὁ
2479 3108 2573 3161 τοῦ
2595 3107 2726 3162 Θεοῦ
2758 3109 2884 3172 Υἱὸς
2907 3106 3324 3179 εἰρηνοποιήσας
3359 3103 3426 3157 τά
3449 3103 3625 3156 πάντα
3656 3099 3726 3153 δι’

2153 3199 2370 3267 ἐαυτοῦ,
2393 3199 2464 3252 τά
2502 3217 2560 3252 τε
2611 3200 2668 3252 ἐν
2711 3198 2922 3270 οὐρανῷ
2955 3199 3048 3252 καί
3072 3195 3142 3250 τὰ
3175 3196 3268 3248 ἐπὶ
3303 3195 3402 3266 τῆς
3421 3194 3541 3264 γῆς.
3589 3190 3729 3244 Ἀλλ’

2152 3283 2297 3342 οῦτοι
2324 3291 2420 3361 μὲν
2453 3291 2546 3343 ἐπὶ
2579 3289 2854 3361 διαφόροις
2891 3288 3277 3360 κατορθώμασι
3312 3287 3580 3356 διαφόρων
3608 3283 3732 3336 τεύ-

2157 3376 2333 3440 ξονται
2357 3377 2528 3447 τιμῶν
2560 3379 2617 3430 ἐν
2635 3379 2701 3448 τῇ
2732 3376 3154 3448 κατηγγελμένῃ
3181 3377 3290 3430 τῶν
3315 3376 3555 3446 οὐρανῶν
3587 3374 3736 3444 βασι-

2154 3469 2295 3540 λείᾳ.
2332 3471 2398 3522 Oi.’
2425 3487 2488 3537 γε
2520 3469 2624 3540 μὴν
2652 3469 2800 3539 αὐτῷ
2833 3468 3354 3540 συμϐασιλεύσοντες
3383 3466 3460 3537 τῷ
3496 3467 3608 3538 Υἰῷ
3636 3466 3731 3520 τοῦ

2156 3560 2290 3613 Θεοῦ
2326 3561 2532 3632 πρῶτοι
2585 3559 2682 3630 μὲν
2730 3555 2871 3629 ἦσαν
2925 3560 2973 3611 οἱ
3023 3557 3349 3628 δηλωθέντες
3395 3557 3599 3628 πτωχοὶ
3651 3556 3732 3626 τῷ

2157 3653 2459 3723 πνεύματι·
2504 3650 2744 3722 δεύτεροι
2782 3651 2838 3704 δὲ
2872 3649 2986 3720 μετ’
3015 3650 3255 3712 ἐκείνους
3290 3649 3339 3700 οἱ
3367 3650 3600 3715 γενναῖοι
3638 3644 3732 3701 τοῦ

2155 3744 2289 3798 Θεοῦ
2323 3745 2617 3815 μάρτυρες,
2649 3742 2778 3813 περὶ
2809 3735 2883 3795 ὧν
2925 3741 3052 3812 ἑξῆς
3081 3739 3324 3794 ἐδίδασκε
3363 3738 3533 3806 λέγων
3553 3755 3565 3768 ·
3595 3740 3736 3790 Ma—

2161 3836 2348 3906 κάριοι
2385 3839 2440 3890 οἱ
2474 3834 2853 3907 δεδιωγμένοι
2905 3833 3112 3888 ἕνεκεν
3163 3831 3586 3897 δικαιοσύνης·
3645 3827 3735 3881 διὰ

2159 3925 2363 3980 τούτων
2418 3926 2527 3997 γὰρ
2571 3925 2696 3988 τούς
2731 3924 3022 3995 μέλλοντας
3087 3919 3587 3993 ὐπεραγωνίζεσθαι
3633 3917 3738 3987 τῆς

2162 4017 2434 4087 βασιλείας
2460 4017 2535 4080 ὼς
2565 4017 2801 4086 εὐγενεῖς
2831 4015 2966 4070 Θεοῦ
3006 4012 3340 4088 στρατιώτας
3367 4009 3698 4083 ἐμακάριζεν
3716 4025 3733 4040 °

2159 4109 2471 4177 ἀναγκαίως
2510 4110 2603 4160 καὶ
2641 4109 2824 4170 αὐτοῖς
2855 4107 2931 4171 ὼς
2963 4107 3209 4175 ἀδελφοῖς
3232 4103 3339 4157 τῶν
3372 4116 3736 4173 προμεμακα-

2162 4195 2432 4273 ρισμένων
2459 4199 2690 4271 πτωχῶν
2715 4200 2944 4272 βραδεῖα
2970 4197 3076 4252 τῶν
3103 4196 3350 4251 ἐπάθλων
3382 4193 3479 4265 τὴν
3506 4192 3613 4244 τῶν
3643 4192 3738 4244 οὐ-

2163 4288 2340 4360 ρανῶν
2375 4287 2647 4359 βασιλείαν
2673 4287 3113 4358 ὑπισχνούμενος.
3151 4284 3312 4348 Τάξει
3363 4283 3420 4336 δέ
3451 4281 3614 4352 πολλῇ
3642 4281 3740 4333 καὶ

482 4391 627 4432 mam
667 4375 790 4430 vitae
833 4384 1203 4445 paupertatem
1237 4384 1533 4440 sectantes,
1577 4383 1689 4429 toto
1734 4375 1912 4432 aetatis
1953 4391 2046 4430 sua

2167 4379 2456 4451 ἀκολουθίᾳ
2474 4379 2684 4444 τούτοις
2719 4379 2990 4450 μετεδίδου
3011 4381 3107 4450 τῆς
3137 4377 3301 4432 αὐτοῦ
3337 4375 3609 4446 βασιλείας
3633 4391 3735 4444 με·

485 4479 731 4540 tempore
754 4485 856 4540 pro
887 4469 1103 4524 virtutis
1152 4468 1390 4538 praemiis
1421 4468 1792 4522 decertarunt.
1822 4467 2057 4523 Secundi

484 4579 634 4628 vero,
683 4571 905 4632 propter
958 4560 1322 4615 testimonium
1385 4561 1451 4615 de
1505 4560 1746 4627 Christo,
1797 4561 2056 4631 exagitati

485 4655 724 4718 fuerunt,
751 4653 1069 4724 Oppugnati,
1111 4652 1237 4708 odio
1285 4651 1477 4714 habiti,
1510 4650 1662 4706 falsis
1701 4652 2058 4707 accusationi-

486 4750 584 4803 bus
608 4747 943 4802 calutnniose
971 4745 1219 4816 appetiti,
1264 4742 1466 4796 nullam
1508 4742 1671 4796 aliam
1715 4743 1783 4796 ob
1837 4758 2055 4797 causam

485 4855 646 4905 quam
679 4837 748 4892 ob
781 4835 980 4892 Christi
1016 4834 1437 4892 confessionem.
1485 4834 1590 4889 Sed
1636 4835 1779 4888 enim
1815 4835 2056 4889 esurien-

485 4941 568 4984 tes
589 4931 804 5000 quidem
841 4931 1127 4996 etﬂeutes,
1160 4939 1216 4985 et
1255 4928 1457 4984 Christi
1504 4943 1668 4982 causa
1713 4929 2060 4984 contumeliis

484 5020 712 5077 affectos
750 5024 889 5092 apud
926 5021 1122 5076 Lucam
1167 5037 1382 5093 quoque
1412 5018 1712 5074 videbimus
1736 5017 1874 5091 (48);
1903 5021 2060 5074 mites

559 5254 672 5326 (46)
701 5252 810 5308 Hoc
836 5270 1050 5325 quoque
1076 5255 1217 5326 apud
1261 5254 1595 5320 Matthmum,
1624 5255 1715 5322 qui
1751 5262 1874 5309 octo
1908 5253 2062 5323 ponit

487 5324 868 5390 beatitudines,
903 5341 1025 5378 cum
1074 5324 1248 5379 Lucas
1291 5336 1524 5394 quatuor
1577 5335 1780 5379 tantum
1839 5327 2063 5380 scribat.

487 5396 546 5450 In
581 5394 832 5449 Mattha-o
872 5396 1053 5464 itaque
1079 5397 1281 5450 versari
1321 5395 1533 5449 videtur
1564 5395 1846 5449 Eusebius.

519 5537 531 5548 ο
561 5467 674 5536 (Π)
700 5466 1082 5520 Animadverte
1127 5466 1506 5536 pwiiitetitiatn
1556 5481 1659 5519 non
1695 5467 1812 5521 sine
1841 5464 2059 5521 confes-

487 5551 658 5591 alone.

561 5606 673 5679 (48)
711 5605 870 5662 Vides
903 5621 1090 5679 rursus
1125 5604 1415 5679 Eusebium
1445 5606 1495 5679 in
1539 5606 1846 5662 Matthmum
1877 5606 2053 5679 potius

489 5675 842 5735 commentari
873 5692 1034 5749 quam
1071 5678 1122 5733 in
1155 5675 1376 5747 Lucam,
1429 5675 1492 5730 ad
1523 5693 1679 5748 quem
1731 5688 1906 5733 tamen
1959 5675 2050 5732 Ni-

2163 4470 2234 4524 τά
2263 4471 2388 4534 τούς
2423 4471 2670 4541 πτωχοὺς
2691 4470 2769 4541 τῷ
2797 4470 3091 4541 πνεύματιο
3141 4469 3327 4540 βιῶναι
3363 4468 3472 4539 γὰρ
3499 4467 3580 4519 δεῖ
3610 4467 3742 4536 πρό-

2163 4579 2319 4632 τερον
2344 4560 2602 4630 θεοφιλῶς
2626 4561 2718 4615 τὸν
2749 4562 2923 4615 πάντα
2955 4562 3144 4634 χρόνον
3176 4563 3274 4630 τῆς
3301 4560 3446 4630 ζωῆς
3482 4561 3538 4612 ἐν
3571 4558 3742 4627 ἀκτή-

2167 4672 2288 4726 μονι
2318 4656 2412 4708 καὶ
2439 4655 2710 4725 φιλοσόφῳ
2745 4656 2931 4726 τρόπῳ
2962 4653 3389 4716 διατελέσαντας,
3441 4645 3540 4703 εἷθ’
3570 4648 3743 4712 οὕτως

2165 4745 2258 4796 ἐπὶ
2293 4743 2354 4797 τὸ
2392 4744 2634 4814 θεοφιλὲς
2666 4745 2817 4808 τέλος
2841 4745 3034 4798 ἐλθεῖν.
3065 4746 3128 4797 Οἱ
3159 4744 3255 4815 μὲν
3283 4738 3376 4796 οῦν
3407 4742 3612 4812 πρῶτοι
3642 4739 3742 4809 τὴν

2166 4835 2340 4907 ἄκραν
2382 4836 2664 4908 ἀκτήμονα
2714 4839 3045 4908 μετήρχοντο
3082 4833 3304 4905 ἀγωγὴν
3343 4833 3437 4886 τοῦ
3487 4832 3624 4902 βίου,
3651 4830 3742 4883 διὰ

2167 4929 2348 4999 πάσης
2383 4929 2564 4982 αὐτῶν
2619 4929 2720 5000 τῆς
2755 4929 2898 5000 ζωῆς
2945 4932 3056 4992 τοῖς
3085 4927 3185 4997 τῆς
3213 4927 3414 4998 ἀρετῆς
3444 4923 3625 4987 ἄθλοις
3656 4925 3746 4974 ἐν’

2166 5021 2552 5092 αγωνιζόμενοι
2573 5039 2586 5052 ο
2617 5023 2666 5075 οἱ
2685 5023 2742 5075 δὲ
2767 5021 3007 5093 δεύτεροι
3031 5020 3129 5092 τῆς
3150 5021 3229 5082 εἰς
3253 5017 3412 5072 αὐτὸν
3437 5016 3744 5087 μαρτυρίας

2173 5268 2321 5310 cetas
2347 5255 2562 5310 Eusebii
2594 5256 2695 5310 has
2725 5255 3106 5310 meditationes
3129 5256 3313 5310 traxit.
3364 5251 3476 5307 Nisi
3514 5251 3749 5307 fortasse

2167 5325 2438 5381 Eusebius
2483 5325 2784 5395 generatim
2824 5327 2889 5380 ad
2935 5325 3440 5395 tetracvaugelium,
3470 5322 3623 5395 quasi
3653 5335 3748 5388 per

2167 5393 2535 5462 harmoniam,
2579 5407 2981 5451 commentatus
3038 5397 3155 5448 fuit.
3209 5398 3316 5449 Aut
3356 5393 3456 5447 nisi
3516 5393 3750 5458 denique

2165 5478 2456 5523 sumuntur
2494 5467 2608 5521 lucc
2638 5475 2692 5522 et
2721 5465 2821 5520 alia
2857 5481 2923 5521 ex
2975 5465 3322 5528 Theophauia
3359 5462 3596 5517 fortasse
3639 5468 3750 5529 pte-

2161 5539 2347 5602 niore;
2395 5537 2648 5606 iucujus
2688 5547 2836 5592 certe
2879 5548 3072 5606 quarto
3129 5536 3267 5589 libro
3318 5533 3594 5606 m_oderx
3641 5534 3748 5584 hoc

2151 5609 2307 5666 tnodo
2329 5622 2394 5664 ex
2426 5605 2530 5665 aiio
2558 5602 3047 5679 evangelista'facit
3068 5613 3314 5675 excerpta
3350 5602 3634 5659 Eusebius.
