4170 6406
325 320 433 375 537
1469 314 1906 375 COMMENTAR]

2006 312 2072 369 IN
2112 312 2199 371 LU
2209 313 2373 370 (IAM.
3460 304 3571 360 558

320 437 511 491 ἕνεκεν
532 434 821 507 ἠλαύνοντο
848 437 1239 510 πολεμούμενοι
1271 440 1363 494 καὶ
1386 439 1720 511 μισούμενοι,
1741 453 1901 491 συκο-

2006 445 2203 501 autem,
2237 444 2295 491 et
2331 433 2728 499 misericordes,
2760 442 2815 486 et
2838 429 3000 487 corde
3024 443 3214 501 puros,
3239 435 3294 483 et
3314 424 3568 496 paciﬁcos

320 525 682 599 φαντούμενοί
720 546 777 582 τε
811 529 1028 600 ψευδέσι
1068 530 1338 596 διαϐολαῖς
1362 532 1429 585 δι’
1456 530 1606 585 οὐδὲν
1639 530 1822 603 ἕτερον
1853 528 1888 599 ἢ

2006 525 2279 580 Μοιιιιιευε
2304 524 2458 578 nobis
2477 523 2543 577 ad
2565 520 3013 578 considerandum
3045 518 3369 589 suppeditat.

319 623 411 678 διὰ
441 624 540 696 τήν
566 627 645 688 εἰς
669 625 898 697 Χριστὸν
929 626 1239 697 ὁμολογίαν.
1286 628 1445 683 Ἀλλά
1487 628 1596 700 γὰρ
1616 628 1742 691 τοὺς
1772 624 1872 698 μὲν
1921 620 2222 686 πεινῶντας
2277 620 2371 675 καὶ
2424 618 2708 681 κλαίοντας
2745 616 2839 671 καὶ
2869 615 2959 670 διὰ
2989 613 3219 687 Χριστὸν
3244 611 3566 684 ὀνειδιζομέ-

320 736 452 784 νους
494 721 586 774 καὶ
618 720 769 791 παρὰ
795 721 873 792 τῷ
900 724 1086 795 Λουκᾷ
1123 723 1365 795 ὀψόμεθα
1383 740 1397 756 ο
1443 724 1571 789 τοὺς
1601 723 1658 777 δέ
1700 723 1896 795 πραεῖς
1940 719 2036 773 καὶ
2078 719 2207 781 τοὺς
2266 717 2565 787 ἐλεήμονας
2590 714 2684 768 καὶ
2710 713 2834 777 τοὺς
2853 710 3125 783 καθαροὺς
3154 712 3221 782 τῇ
3245 708 3441 783 καρδίᾳ
3470 710 3569 764 καὶ

320 812 454 876 τοὺς
483 812 852 884 εἰρηνοποιοὺς
880 815 909 866 ὁ
941 815 1218 880 Ματθαῑος
1253 818 1386 888 ἡμῖν
1416 820 1498 882 εἰς
1518 816 1764 882 ἐξέτασιν
1794 810 2174 886 παρατίθεται.

396 907 510 960 Καὶ
557 904 711 959 ταῦτ’
749 904 932 978 ἔλεγεν
969 907 1205 975 ὁπλίζων
1242 912 1338 965 καὶ
1361 911 1742 985 περιφράττων
1772 911 1899 973 τοὺς

328 997 581 1070 μαθητὰς
623 999 704 1063 είς
747 999 840 1053 τὸν
885 999 1027 1054 κατὰ
1079 1001 1189 1056 τῶν
1245 1004 1501 1060 ἐναντίων
1538 1005 1792 1076 πόλεμον,
1839 1003 1899 1058 δν

325 1087 551 1154 ἔμελλον
573 1088 1012 1145 ἐπαναντλείσθαι
1025 1091 1385 1163 κηρύττοντες
1403 1096 1566 1150 παντί
1589 1094 1667 1167 τῷ
1686 1094 1897 1166 κόσμῳ,

325 1180 425 1233 καὶ
456 1181 852 1252 μαρτυρόμενοι
876 1182 973 1255 τὴν
999 1183 1116 1248 ἐνὸς
1146 1183 1241 1238 τοῦ
1266 1186 1360 1238 ἐπί
1385 1186 1602 1240 πάντων
1630 1184 1764 1239 Θεοῦ
1807 1183 1902 1255 βα-

329 1270 553 1327 σιλείαν.
586 1272 893 1337 Μέλλοντας
927 1273 1035 1346 γὰρ
1067 1276 1263 1341 αὐτοὺς
1302 1275 1390 1331 διὰ
1416 1277 1478 1331 τὸ
1502 1278 1621 1332 νέον
1643 1277 1900 1349 κήρυγμα

325 1362 468 1433 πρὸς
488 1363 741 1419 ἁπάντων
772 1363 1089 1420 ἐλαύνεσθαι
1112 1367 1206 1421 καὶ
1230 1367 1601 1439 πολεμεῖσθαι,
1627 1385 1903 1440 προησφα-

324 1450 506 1518 λίζετο
538 1455 633 1508 καὶ
666 1455 1009 1526 προέφραττε
1037 1459 1397 1531 μακαρισμῶν
1420 1477 1477 1514 τε
1506 1458 1660 1531 ἠξίου
1680 1476 1693 1491 ’
1723 1461 1805 1515 ὅτι
1836 1461 1900 1534 δὴ

322 1544 566 1617 ἄληπτον
613 1544 725 1616 βίον
768 1547 1215 1621 προϐαλλόμενοι,
1257 1550 1334 1616 ὡς
1379 1551 1515 1623 μηδέ
1549 1554 1662 1616 τοῖς
1690 1550 1900 1625 ἐχθροῖς

323 1637 628 1708 προφάσεις
651 1639 770 1692 κατ’
797 1638 975 1692 αὐτῶν
1009 1639 1347 1712 θηρωμένοις
1376 1642 1631 1715 ἀφορμὰς
1652 1642 1900 1716 διαϐολῆς

326 1728 617 1800 παρέχειν⁵
644 1728 794 1799 ὅμως
836 1728 925 1783 διὰ
958 1729 1124 1803 μόνην
1161 1732 1262 1804 τὴν
1295 1734 1374 1797 εἰς
1400 1732 1559 1787 αὐτὸν
1588 1733 1898 1805 ὁμολογίαν,

326 1820 425 1872 καὶ
444 1819 554 1873 τῶν
574 1820 739 1874 αὑτοῦ
769 1822 1244 1896 παραγγελμάτων
1264 1823 1470 1889 ἕνεκεν,
1495 1824 1780 1880 διώκεσθαι
1809 1826 1903 1880 καὶ

327 1914 680 1986 πολεμεῖσθαι
711 1916 975 1986 μέλλοιεν,
995 1917 1435 1989 δυσφημούμενοι
1456 1920 1548 1973 καὶ
1575 1920 1755 1983 πάσας
1778 1921 1908 1973 ὐπο-

331 2005 586 2076 μένοντες
614 2006 879 2079 λοιδορίας
910 2008 1004 2061 καὶ
1034 2007 1219 2079 ὕϐρεις
1252 2010 1344 2064 καὶ
1366 2010 1720 2082 ὀνειδισμοὺς,
1754 2010 1813 2064 ού
1836 2011 1902 2064 δι’

326 2091 535 2156 οἰκείας
575 2092 969 2165 πλημμελείας,
1009 2094 1099 2149 διὰ
1124 2096 1181 2149 δὲ
1207 2097 1296 2151 τὸν
1324 2098 1575 2171 ἐνάρετον
1615 2099 1711 2153 καὶ
1736 2099 1902 2172 ἀκρον

2068 903 2187 959 Jam
2218 919 2347 960 vero
2382 903 2497 959 haec
2519 903 2698 958 aiebat
2730 914 2949 956 armans
2985 908 3147 969 atque
3189 898 3571 954 communiens

1998 998 2064 1053 ad
2097 998 2294 1053 bellum
2324 1012 2447 1053 cum
2481 994 2728 1051 hostibus
2759 991 3073 1063 discipulos.
3108 991 3250 1062 quod
3285 1000 3442 1046 erant
3484 999 3571 1044 to-

1996 1090 2221 1146 leraturi
2257 1090 2383 1145 dum
2421 1089 2520 1144 toti
2550 1087 2748 1142 mundo
2777 1099 2942 1140 unum
2979 1081 3305 1138 universalis
3342 1082 3435 1136 Dei
3480 1096 3570 1137 re-

1998 1197 2162 1254 gnum
2192 1181 2572 1253 praedicarent.
2601 1176 2805 1248 Nempe
2827 1190 2937 1240 eos,
2979 1175 3072 1246 qui
3107 1176 3178 1231 ob
3203 1189 3399 1230 novam
3425 1190 3568 1245 prie-

1999 1275 2323 1333 dicationem
2372 1275 2441 1330 ab
2486 1271 2741 1329 omnibus
2769 1267 3081 1340 exagitandi
3130 1276 3290 1323 erant
3321 1278 3378 1321 et
3404 1281 3573 1336 oppu-

1998 1366 2220 1439 gnandi,
2267 1375 2395 1421 ante
2435 1362 2712 1420 muniebat
2736 1369 2897 1432 atque
2935 1360 3209 1425 armabat,
3243 1368 3299 1414 et
3333 1358 3568 1415 beatitu-

1999 1459 2126 1515 dine
2158 1458 2347 1528 dignos
2381 1454 2694 1510 deﬁniebat.
2744 1453 2880 1520 Quia
2914 1452 3175 1508 nimirum
3219 1452 3569 1521 irrepreben-

2000 1551 2208 1608 sibilem
2239 1549 2374 1605 adeo
2418 1549 2582 1604 vitam
2618 1561 2730 1617 prae
2759 1561 2819 1603 se
2843 1545 3114 1611 ferentes,
3141 1553 3202 1600 ut
3242 1558 3309 1598 ne
3334 1541 3574 1598 inimicis

2000 1644 2214 1714 quidem
2256 1656 2443 1698 ansam
2491 1639 2897 1711 quaerentibus,
2951 1637 3236 1693 calumniae
3287 1634 3569 1690 materiam

2000 1738 2332 1808 praeberent;
2361 1732 2736 1799 nihilominus,
2763 1739 2987 1802 propter
3018 1730 3186 1785 solam
3209 1727 3415 1784 Christi
3439 1741 3571 1782 con-

2003 1828 2285 1885 fessionem
2314 1826 2539 1898 ejusque
2573 1824 2955 1880 mandatorum
2996 1836 3182 1887 causa,
3238 1819 3571 1891 persecutio—

2002 1936 2129 1976 num
2153 1920 2347 1976 bellum
2376 1917 2686 1990 perpessuri
2710 1924 2889 1982 erant,
2918 1913 3217 1979 maledicti,
3241 1922 3403 1981 atque
3423 1909 3570 1966 onmi

2003 2026 2201 2082 genere
2250 2010 2642 2073 conviciorum,
2696 2007 3042 2078 iniuriarum,
3095 2003 3577 2062 contumeliarum-
3660 2001 3662 2003 ’

2004 2119 2109 2173 que
2129 2102 2326 2170 obruti,
2357 2101 2503 2157 haud
2523 2103 2592 2156 ob
2618 2112 2773 2156 suum
2805 2097 3010 2154 crimen
3041 2095 3276 2167 aliquod.
3320 2094 3412 2150 sed
3449 2108 3574 2163 pro-

326 2183 388 2235 ἐν
414 2183 729 2258 δικαιοσύνῃ
773 2184 887 2256 βίον
924 2186 1102 2241 αὐτῶν
1124 2203 1140 2219 δ
1181 2188 1211 2241 ὃ
1248 2188 1312 2260 δὴ
1345 2190 1439 2243 καὶ
1472 2190 1602 2243 αὐτὸ
1632 2191 1773 2244 κατὰ
1812 2190 1906 2263 τήν

2011 2205 2125 2265 pter
2157 2210 2306 2248 suam
2341 2203 2546 2250 exactre
2567 2191 2790 2248 virtutis
2836 2205 2899 2245 ac
2925 2188 3151 2260 justitize
3179 2188 3371 2243 vitam.
3418 2186 3573 2253 Quod

328 2273 483 2329 θείαν
522 2275 861 2347 προμήθειαν
896 2277 1187 2349 εἰρημένον
1229 2279 1413 2344 τέλους
1451 2281 1742 2352 ἐτύγχανεν
1772 2281 1905 2353 ἀλη-

328 2364 461 2430 θοῦς
489 2369 549 2421 ἐν
577 2367 657 2439 τῷ
689 2368 825 2440 μετὰ
852 2370 1027 2425 ταῦτα
1046 2371 1243 2443 χρόνῳ.
1280 2371 1426 2443 Πλὴν
1447 2373 1582 2427 ἀλλά
1612 2373 1904 2447 θεραπεύει

324 2458 652 2531 τὸλυπηρδν
691 2461 785 2515 τοῦ
819 2461 1000 2532 λόγου,
1036 2463 1308 2535 ἰσοτίμους
1351 2465 1551 2532 αὐτοὺς
1592 2467 1903 2536 ἀποφαίνων

326 2554 445 2615 τοῖς
478 2551 642 2607 πάλαι
682 2552 777 2607 τοῦ
808 2554 941 2609 Θεοῦ
972 2556 1299 2627 προφήταις.
1332 2557 1424 2611 Διὸ
1447 2557 1541 2613 καὶ
1572 2559 1784 2631 χαίρειν
1811 2561 1905 2614 καὶ

328 2643 593 2716 ἀγαλλιᾷν
607 2646 664 2699 ἐν
680 2647 813 2700 πᾶσι
833 2650 944 2711 τοῖς
960 2647 1170 2703 ἐπιοῦσι
1200 2650 1449 2722 παρῄνει,
1470 2651 1547 2715 ὡς
1572 2651 1636 2705 ἂν
1660 2650 1728 2704 τὰ
1743 2652 1902 2722 ὃμοια

328 2738 446 2802 τοῖς
483 2738 789 2809 προφήταις
826 2740 1200 2812 πεισομένους,
1225 2744 1320 2796 καὶ
1352 2741 1552 2816 δηλαδὴ
1575 2744 1776 2815 ὁμοίως
1807 2746 1903 2800 αύ-

325 2829 443 2890 τοίς
466 2826 565 2898 τῆς
594 2827 745 2899 παρά
763 2828 840 2899 τῷ
867 2828 984 2901 Θεῷ
1006 2831 1170 2902 τιμῆς
1191 2830 1679 2905 ἀξιωθησομένους.
1716 2834 1905 2888 Ἔνθεν

328 2919 559 2983 εἰκότως
594 2920 804 2985 Παῦλος
847 2920 1056 2986 τούτοις
1105 2921 1416 2995 ἐπιθαρρῶν
1466 2925 1649 2993 ἔλεγεν
1672 2943 1685 2956 ·
1719 2924 1905 2994 Εἴπερ

328 3012 793 3082 συμπάσχομεν,
822 3014 922 3067 ἵνα
946 3014 1044 3067 καὶ
1069 3000 1607 3087 ὰυνδοξασθῶμεν·
1637 3018 1752 3083 καὶ,
1783 3021 1905 3075 Οὐκ

328 3101 475 3167 ἄξια
490 3102 561 3155 τὰ
578 3102 897 3173 παθήματα
925 3102 1030 3157 τοῦ
1061 3104 1176 3158 νῦν
1203 3107 1409 3176 καιροῦ
1439 3108 1588 3177 πρὸς
1620 3109 1732 3177 τὴν
1748 3109 1906 3178 μέλ-

327 3193 571 3245 λουσαν
603 3190 791 3256 δόξαν
815 3190 1266 3260 ἐκκαλυφθῆναι
1286 3196 1372 3262 εὶς
1393 3196 1571 3268 ἡμᾶς.
1596 3199 1705 3252 Kal.
1731 3202 1793 3254 ού
1818 3201 1906 3255 λό-

327 3298 453 3352 γοις
483 3281 583 3353 μὲν
620 3281 792 3340 ταῦτα
825 3281 1029 3352 ἔλεγεν,
1063 3281 1244 3354 ἔργοις
1280 3284 1336 3338 δὲ
1371 3287 1661 3361 ἀφυστέρει
1685 3289 1791 3344 τῶν
1818 3290 1907 3343 λε-

326 3372 631 3446 λεγμένων,
660 3372 792 3428 ἀλλά
828 3374 921 3427 καὶ
956 3374 1147 3440 αὐταῖς
1174 3377 1405 3448 πράξεσι
1434 3379 1561 3443 τοὺς
1580 3380 1719 3451 ὑπὲρ
1749 3383 1904 3434 εὐσε-

329 3464 486 3529 ϐείας
516 3465 708 3530 ἄθλους
752 3465 1105 3533 ἐνεδείκνυτο,
1151 3468 1244 3534 οὓς
1272 3470 1366 3525 καὶ
1398 3471 1785 3546 κατηριθμεῖτο
1820 3474 1907 3528 λέ-

329 3573 482 3627 των·
511 3555 611 3611 Διύ
631 3555 858 3611 εὐδοκῶ
883 3558 953 3612 έν
975 3559 1334 3627 ἀσθενείαις,
1372 3561 1444 3615 ἐν
1470 3539 1696 3630 sese,
1721 3565 1814 3618 καί
1840 3566 1906 3621 τὰ
1933 3539 1975 3596 (³

332 3649 481 3721 ἑξῆς.
514 3649 624 3702 Καὶ
654 3648 827 3705 ταῦτα
854 3650 952 3722 μὲν
975 3650 1055 3705 ἔτι
1084 3652 1152 3706 τὰ
1181 3652 1290 3706 τῶν
1315 3652 1491 3708 ἄθλων
1522 3656 1783 3727 προοίμια
1800 3674 1813 3687 ·
1849 3658 1909 3710 τὸ

329 3740 392 3794 δὲ
436 3740 803 3812 συμπέρασμα
841 3742 937 3797 τοῦ
981 3745 1181 3808 παντὸς
1233 3745 1443 3814 ἀγῶνος
1490 3746 1637 3817 αὐτῷ
1675 3747 1766 3800 ἐπὶ
1810 3752 1910 3820 τῆς

342 3830 630 3901 Ῥωμαίων
654 3831 950 3889 ἐτελειοὸτο
979 3835 1206 3900 πόλεως,
1228 3836 1358 3891 ἔνθα
1393 3837 1674 3909 μαρτυρίῳ
1697 3838 1795 3909 τὴν
1819 3855 1911 3891 κε-

331 3923 510 3995 φαλὴν
541 3922 830 3996 ἀπετμήθη
859 3924 992 3997 (49).
1022 3926 1080 3979 '0
1107 3927 1309 4000 Πέτρος
1332 3930 1389 3983 δὲ
1414 3930 1701 4003 ἁρπαγμὸν
1716 3931 1805 3986 τὸν
1823 3933 1910 3991 διὰ

334 4016 572 4089 σταυροῦ
606 4016 832 4072 θάνατον
853 4020 1095 4089 ἐποιεῖτο,
1111 4021 1198 4075 διὰ
1222 4021 1321 4087 τάς
1344 4008 1649 4096 σωῖῖηᾷουξ
1659 4012 1875 4090 ἐλπίδας
1891 4045 1905 4059 ο

345 4108 601 4173 Ἰάκωϐός
633 4125 692 4162 τε
716 4109 917 4179 ὁμοίως
949 4110 1093 4181 ξίφει
1116 4112 1216 4186 τὴν
1247 4112 1486 4186 κεφαλὴν
1522 4115 1580 4168 ἐν
1616 4116 1908 4189 Ἰεροσολύ-

336 4218 462 4273 μοις
486 4200 848 4274 ἀποτέμνεται
864 4219 880 4233 ’
916 4202 1009 4256 καὶ
1039 4203 1289 4274 Ἰωάννης
1310 4206 1471 4276 νῆσον
1495 4207 1663 4261 οίκεῖν
1689 4208 1910 4280 Πάτμον

332 4293 710 4365 κατεκρίνετο·
758 4294 850 4348 καὶ
884 4294 1041 4360 ἄλλος
1072 4295 1245 4361 ἄλλως
1270 4297 1331 4350 τὸ
1358 4297 1597 4370 καθαρὸν
1620 4302 1712 4355 καὶ
1736 4302 1909 4356 ἀπλα-

334 4403 463 4442 στον
491 4390 589 4459 τῆς
607 4386 715 4441 τῶν
739 4388 903 4442 αὐτοῦ
930 4388 1102 4459 λόγων
1130 4390 1378 4462 ὑπακοῆς
1398 4392 1778 4465 ἐνδειξάμενοι,
1798 4395 1912 4450 διά-

333 4495 502 4551 φορον
518 4477 816 4549 ὑπέμειναν
842 4479 935 4533 τοῦ
961 4479 1076 4551 βίου
1104 4480 1377 4553 τελευτήν.
1403 4484 1513 4537 Καὶ
1537 4483 1690 4538 ταῦτ’
1716 4487 1777 4539 ού
1807 4503 1912 4541 πα-

336 4574 411 4645 ρὰ
428 4569 654 4643 γνώμην
680 4571 936 4643 ἔπασχον,
962 4574 1141 4645 πάσης
1169 4574 1226 4627 δέ
1261 4574 1451 4647 ἡδονῆς
1483 4576 1615 4648 ήδίω
1638 4577 1910 4649 τιθέμενοι

333 4662 436 4736 τὴν
452 4662 563 4718 τῶν
586 4663 869 4735 σωτηρίων
890 4664 1228 4734 ἐπαγγελιῶν
1260 4666 1449 4721 ἐλπίδα
1467 4685 1481 4701 ·
1510 4668 1632 4722 ἐπεὶ
1656 4668 1786 4739 γοῦν
1820 4688 1912 4724 πο-

332 4772 397 4810 τε
422 4754 776 4819 συλλαϐόντες
794 4755 989 4820 αὐτοὺς
1013 4758 1062 4809 οἰ
1088 4756 1181 4811 τοῦ
1225 4757 1487 4813 Ἰουδαίων
1512 4758 1696 4824 ἔθνους
1718 4761 1909 4833 ἄρχον-

2002 2300 2134 2341 sane
2160 2286 2456 2341 secundum
2470 2285 2705 2340 divinam
2725 2282 3117 2353 praescientiam
3138 2280 3364 2342 dictum,
3383 2292 3570 2333 verum

2003 2377 2206 2433 exitum
2225 2386 2441 2432 nactum
2456 2385 2539 2431 est
2555 2383 2815 2446 sequente
2845 2383 3105 2443 tempore.
3126 2370 3230 2427 Sed
3251 2380 3428 2424 tamen
3459 2383 3573 2424 ser-

2005 2468 2182 2521 monis
2213 2466 2487 2521 tristitiam
2518 2474 2803 2535 temperat,
2833 2463 2958 2518 dum
2989 2475 3150 2531 pares
3180 2459 3301 2515 illos
3332 2458 3575 2528 antiquis

2008 2557 2098 2613 Dei
2125 2556 2405 2628 prolibetis
2437 2554 2692 2611 aﬂirmat.
2731 2554 2856 2610 Ideo
2880 2565 2937 2610 et
2967 2552 3201 2623 gaudere
3227 2559 3278 2606 et
3301 2547 3575 2604 exsultare

2008 2648 2060 2703 in
2091 2646 2243 2703 omni
2269 2662 2327 2702 re
2354 2645 2538 2700 futura
2565 2646 2834 2708 hortatur,
2875 2659 2974 2701 ceu
3003 2643 3093 2714 qui
3116 2641 3266 2712 paria
3296 2640 3584 2713 prophetis

2005 2739 2115 2795 sint
2135 2737 2438 2805 esperturi,
2477 2736 2531 2792 id
2568 2744 2653 2792 est
2687 2750 2839 2806 aeque
2863 2751 2927 2791 ac
2961 2734 3036 2790 illi
3070 2748 3101 2788 a
3134 2735 3242 2789 Deo
3279 2732 3577 2789 honoribus

2005 2830 2260 2901 augendi.
2317 2828 2475 2886 Unde
2527 2829 2723 2886 merito
2768 2828 2967 2884 Paulus
3022 2828 3105 2884 his
3174 2826 3337 2882 dictis
3403 2824 3577 2882 fretus

2007 2923 2214 2977 aiebat:
2243 2919 2525 2993 Siquidem
2545 2922 2913 2991 compatintur,
2946 2927 3001 2973 ut
3025 2927 3074 2973 et
3097 2916 3573 2988 conglori/icemur.

2012 3013 2080 3068 Et
2106 3032 2119 3069 :
2154 3011 2281 3068 Non
2309 3024 2429 3068 sunt
2459 3014 2733 3084 condignae
2752 3014 3019 3081 passiones
3051 3010 3208 3081 hujus
3231 3009 3476 3076 temporis
3502 3007 3574 3061 ad

2007 3105 2242 3175 futuram
2270 3106 2495 3176 gloriam
2523 3121 2643 3177 quia
2684 3104 2998 3160 revelabitur
3025 3104 3081 3158 in
3111 3103 3256 3157 nobis
3279 3103 3349 3157 ⁸⁷.
3382 3100 3577 3170 Neque

2007 3210 2138 3250 vero
2171 3195 2283 3250 haec
2311 3196 2482 3250 verbo
2515 3194 2716 3260 aiebat,
2748 3208 2912 3265 Opere
2935 3202 3115 3248 autem
3153 3208 3185 3246 a
3225 3192 3383 3248 dictis
3404 3192 3578 3246 dista-

2008 3287 2119 3355 bat,
2152 3287 2247 3343 sed
2276 3286 2413 3356 ipsis
2444 3286 2655 3343 actibus
2695 3286 2906 3342 labores
2942 3300 3043 3357 pro
3088 3284 3350 3355 religione
3376 3297 3578 3354 expro-

2008 3378 2211 3442 mebat,
2241 3390 2377 3445 quos
2402 3376 2563 3430 etiam
2608 3375 2964 3432 enumerabat
3013 3375 3199 3429 dicens
3226 3391 3240 3427 :
3266 3370 3396 3427 Ideo
3447 3372 3578 3426 mihi

2007 3466 2186 3533 placeo
2239 3466 2296 3521 iu
2324 3465 2743 3536 infirmitatibus,
2789 3468 2843 3520 in
2893 3464 3220 3521 contumeliis
3247 3465 3342 3529 ‘7‘,
3364 3471 3419 3518 et
3451 3462 3578 3518 reli-
3665 3536 3671 3543 Ι

2008 3573 2134 3628 qua.
2162 3557 2230 3613 Et
2249 3557 2364 3613 haec
2391 3558 2607 3628 quidem
2633 3566 2788 3613 erant
2812 3555 3058 3612 laborum
3099 3555 3278 3611 initia.
3319 3555 3425 3611 Sed
3453 3557 3578 3609 uni-

2010 3648 2150 3703 versi
2223 3647 2413 3717 agonis
2460 3647 2858 3703 consummatio
2903 3646 2957 3700 in
3018 3645 3262 3700 Romana
3310 3644 3444 3699 urbe
3497 3643 3577 3699 illi

2007 3738 2253 3811 contigit,
2295 3738 2385 3793 ubi
2412 3738 2463 3794 ei
2503 3738 2728 3809 martyri
2756 3747 2921 3808 caput
2957 3745 3044 3793 est
3086 3744 3443 3807 amputatum.
3476 3737 3579 3791 Pe-

2008 3841 2124 3887 trus
2154 3841 2334 3886 autem
2383 3846 2608 3903 regnum
2659 3830 2839 3900 rapuit
2868 3844 2964 3900 per
2988 3831 3168 3886 crucis
3217 3844 3402 3885 necem
3453 3845 3577 3885 cum

2009 3939 2105 3994 spe
2126 3924 2374 3981 salutari.
2425 3923 2661 3979 Jacobus
2713 3924 2920 3993 pariter
2969 3922 3149 3992 gladio
3190 3920 3578 3994 Hierosolymis

2008 4019 2189 4088 capite
2219 4019 2458 4072 minutus
2480 4015 2613 4084 luit;
2636 4025 2688 4072 et
2709 4016 2944 4072 Joannes
2972 4015 3040 4071 ad
3073 4015 3260 4071 insulae
3289 4013 3461 4071 Patmi
3496 4014 3579 4070 in-

2008 4110 2243 4166 colatum
2273 4110 2563 4165 damnatus
2595 4127 2610 4164 :
2643 4110 2843 4179 aliique
2864 4108 3023 4165 aliter
3049 4108 3175 4163 dum
3201 4121 3390 4176 puram
3416 4115 3582 4177 atque

2009 4203 2276 4259 sinceram
2339 4203 2598 4259 doctrinm
2636 4201 2842 4257 Christi
2887 4201 3248 4258 obedientiam
3297 4200 3577 4265 exhibent,

2010 4294 2180 4349 variis
2240 4295 2413 4350 modis
2452 4295 2751 4351 violentum
2805 4294 2929 4349 vita:
2982 4294 3187 4349 exitum
3244 4292 3387 4347 nacti
3428 4303 3577 4346 sunt.

2010 4385 2186 4457 Atque
2219 4378 2332 4442 hinc
2356 4387 2499 4442 haud
2528 4387 2680 4442 inviti
2714 4395 2842 4441 sunt
2873 4385 3039 4457 passi,
3081 4386 3175 4440 sed
3201 4384 3440 4453 qualibet
3481 4397 3580 4436 vo-

2009 4479 2211 4549 luptate
2238 4478 2532 4535 dulciorem
2565 4480 2953 4535 dominicarnm
2973 4477 3389 4547 promissionum
3426 4489 3577 4543 spem

2012 4574 2335 4631 habuerunt.
2368 4570 2501 4627 Cum
2533 4587 2627 4628 eos
2654 4572 2817 4642 igitur
2843 4569 3080 4626 Judaicae
3103 4568 3278 4640 gentis
3310 4567 3581 4636 principes

2010 4666 2297 4721 verberum
2350 4666 2690 4734 castigationi
2751 4664 3096 4727 addixerunt,
3153 4671 3213 4716 ut
3265 4658 3488 4715 historia
3510 4658 3580 4712 de

2011 4759 2117 4816 illis
2140 4768 2347 4824 narrat,
2373 4759 2481 4813 lwti
2501 4761 2678 4830 utique
2712 4758 2777 4811 de
2798 4756 3020 4810 concilio
3054 4759 3406 4815 excesserunt,
3438 4749 3577 4818 quod

333 4861 428 4909 τες
482 4845 763 4916 μαστίγων
815 4845 1019 4909 αἰκίαις
1073 4846 1362 4912 ὑπέϐαλον,
1405 4849 1535 4922 ὼςή
1566 4852 1694 4923 περὶ
1728 4853 1905 4907 αὐτῶν

2011 4853 2159 4923 digni
2190 4850 2358 4905 habiti
2381 4860 2547 4905 essent
2578 4866 2671 4918 pro
2718 4850 2925 4903 nomine
2968 4846 3163 4903 Christi
3210 4842 3579 4900 contumeliam

337 4937 548 5009 ἰστορία
595 4940 882 5010 μαρτυρεῖ,
915 4937 991 5002 ὡς
1015 4938 1122 5010 ἄρα
1154 4941 1462 5010 προῄεσαν
1492 4942 1559 4998 ἐκ
1601 4943 1708 4998 τοῦ
1745 4961 1908 5001 συν-

331 5026 535 5097 εδρίου
584 5031 915 5098 χαίροντες,
973 5028 1063 5083 ὅτι
1104 5030 1558 5101 κατηξιώθησαν
1604 5033 1753 5105 ὑπὲρ
1800 5037 1906 5091 τοῦ

2012 4945 2121 5014 pati
2145 4943 2260 4997 “".
2288 4942 2451 5012 quue
2478 4950 2706 5011 egerunt
2737 4949 3009 5010 praecepto
3036 4938 3154 5005 ejus
3190 4936 3577 5005 obsequentes,

2016 5038 2106 5109 qui
2135 5035 2307 5092 laetari
2325 5035 2582 5090 docuerat
2605 5034 2650 5089 si
2675 5032 2889 5102 quando
2917 5038 3136 5101 propter
3171 5044 3295 5086 eum
3327 5038 3580 5099 pateren-

438 5126 486 5161 "
512 5125 671 5182 Rom.
702 5141 821 5189 vm,
855 5127 942 5191 i7,
974 5125 1058 5181 l8.
1149 5130 1218 5161 ’τ’
1249 5125 1288 5182 Il
1324 5128 1451 5184 Cor.
1492 5144 1588 5195 stt,
1633 5129 1725 5185 i0.
1819 5133 2043 5193 ""Act.
2079 5131 2247 5197 v,41.

404 5213 518 5290 (ιο)
549 5216 934 5290 Apostolorum
959 5217 1107 5274 Petri
1146 5235 1211 5275 ac
1242 5219 1392 5275 Pauli
1416 5221 1694 5290 mortibus
1740 5234 1797 5280 et
1824 5242 1907 5282 se-

336 5285 546 5368 pulcris
578 5285 764 5368 Koma;
803 5289 1143 5368 exstantibus
1192 5285 1423 5368 insigne
1450 5293 1758 5368 mirumque
1813 5297 1905 5351 dat

332 5357 703 5436 testimonium
707 5357 987 5436 Eusebius
1008 5358 1060 5411 in
1081 5357 1429 5429 Theopltnnia
1448 5361 1584 5436 libr_o
1603 5357 1681 5426 tv,
1702 5380 1826 5436 cap.
1851 5368 1906 5436 7,

336 5424 423 5477 his
448 5425 626 5480 verbis
654 5445 668 5480 :
694 5423 1106 5500 Promissionem
1134 5423 1282 5483 suam
1323 5447 1380 5485 re
1425 5423 1754 5500 conﬁrmavit
1772 5423 1909 5491 ἐει-ί

331 5503 504 5577 valor,
530 5510 723 5577 nempe
764 5497 903 5577 (tunc
936 5498 1113 5577 ipsum
1134 5500 1436 5577 §imonem,
1477 5497 1781 5577 cognomine
1805 5504 1907 5561 Ce-

330 5564 510 5646 pham,
562 5564 813 5646 oppidulo
846 5564 1083 5646 Galiltear
1106 5564 1866 5646 Δςιῳίιιιινιοιιηιο’λοιέὶιιιιιιιιηι
1886 5617 1903 5638 .

331 5631 529 5711 inultas
562 5631 831 5716 hominum
859 5639 1067 5716 animas
1099 5631 1520 5716 illuminalurum
1551 5641 1643 5696 Dei
1664 5631 1901 5716 notitia}

331 5706 613 5786 ipsumque.
640 5706 841 5786 pariter
869 5706 924 5786 in
954 5708 1189 5786 uniuerso
1213 5711 1335 5763 orbe
1359 5712 1630 5779 cognitum
1656 5713 1725 5786 iri
1743 5706 1903 5786 usque

334 5772 406 5825 ad
446 5769 749 5831 Occidentis
805 5779 1056 5849 regiones.
1099 5778 1231 5850 Ejus
1266 5788 1402 5836 certe
1423 5769 1701 5839 'ntemoria
1742 5769 1901 5848 usque

2005 5228 2074 5281 ad
2104 5225 2411 5279 hodiernum
2454 5231 2652 5291 tempus
2700 5221 2842 5288 apud
2902 5217 3446 5291 Romanosgcelebrior
3479 5225 3579 5279 est,

2005 5313 2161 5369 quam
2189 5294 2281 5348 illa
2327 5289 2803 5369 heroum—veterum
2831 5307 2851 5345 :
2879 5291 3017 5369 _nd_eo
3056 5300 3117 5369 _ut
3155 5289 3344 5369 dignus
3377 5303 3581 5369 quoque

2006 5360 2339 5422 existimatus
2390 5365 2549 5431 fuerit
2586 5362 2829 5431 sepulcro
2864 5361 3065 5431 insigni
3107 5368 3229 5413 ante
3270 5360 3582 5431 ipsant__illo-

2006 5454 2123 5491 rum
2148 5434 2325 5489 urbem
2359 5426 2563 5504 (nempe
2598 5426 2744 5504 trans
2790 5426 3031 5504 Tiberim
3062 5431 3121 5504 in
3165 5431 3412 5504 regione“
3434 5426 3581 5504 l’ati-

2008 5504 2163 5575 cana)
2188 5510 2256 5557 ad
2290 5499 2428 5572 quod
2450 5502 2761 5575 populorum
2801 5517 2867 5555 ex
2891 5501 3032 5575 omni
3078 5499 3577 5575 _llontana_ditione,

2009 5566 2258 5645 tanquam
2282 5566 2351 5645 ῥά
2372 5566 2576 5645 asylum
2604 5571 2951 5645 templumque
2992 5569 3113 5630 Dei.
3142 5570 3369 5645 accurrit
3398 5566 3582 5620 niulti-

2014 5639 2162 5699 tudo.
2188 5672 2260 5684 -—
2278 5640 2408 5696 Pari
2431 5639 2584 5697 {nodo
2617 5641 2772 5697 Pauli
2804 5639 2947 5696 mors
2969 5641 3277 5710 martyrica,
3297 5639 3581 5710 datumque

2012 5718 2059 5770 ei
2086 5713 2398 5781 sepulcrum,
2426 5728 2735 5783 magnopere
2765 5729 2928 5783 usque
2956 5711 3026 5767 ad
3063 5708 3199 5765 hunc
3230 5710 3367 5763 diem
3395 5708 3449 5761 in
3473 5708 3583 5761 lio-

2014 5802 2172 5841 manu
2197 5784 2320 5839 urbe
2343 5786 2689 5839 honorantur.

3637 3888 3781 3965 ίίαι
3822 3851 4086 4010 {is

3912 3995 3939 4033 Ι

3611 4001 4126 4203 Ἆοῖξιεδί
