4170 6406
553 331 664 394 539
1233 325 1503 382 EUSI‘IBH
1539 325 2022 384 CESARIENSIS
2062 327 2212 384 OPP.
2257 329 2434 384 PARS
2473 327 2561 384 ΠΙ.
2601 360 2669 369 -
2711 327 3122 385 FREGETICA.
3702 329 3806 384 540

557 457 672 502 tnr.
699 445 820 500 Pari
855 452 1032 498 autem
1055 457 1176 498 eum
1221 445 1501 516 prophetis
1525 446 1729 500 honore
1773 448 1872 500 frui
1905 447 2134 500 aliirma-

2246 451 2527 519 ὀνόματος
2557 450 2662 504 τοῦ
2689 450 2948 520 Χριστοῦ
2968 448 3174 518 dupe;
3191 446 3294 516 θὴν
3307 461 3370 502 αϊ
3551 448 3659 502 Καὶ
3671 451 3814 504 τοῦτ’

559 547 712 592 verat
751 539 936 592 dicens
971 537 1108 605 apud
1158 535 1464 592 Matlhzenm
1511 559 1522 592 :
1565 536 1652 593 Sic
1689 540 1824 592 enim
1876 539 2128 608 persecuti

2246 539 2518 612 ἔπραττον,
2567 542 2730 595 αὐτοῦ
2781 541 3144 613 παράγγελμα
3204 539 3556 610 πληροῦντες,
3625 543 3816 614 ἐπειδὴ

557 641 677 683 sunt
702 646 788 682 eos
809 631 900 696 qui
929 645 1016 683 vos
1051 640 1428 696 pra'cesserunt
1459 630 1506 662 ⁵⁸
1537 647 1550 683 :
1591 639 1845 698 tanquam
1879 631 2127 684 videlicet

2246 633 2448 704 χαίρειν
2476 631 2752 686 ἐδίδασκεν
2788 633 2928 703 ὑπὲρ
2961 631 3126 684 αὑτοῦ
3156 631 3481 702 πάσχοντας.
3523 633 3818 704 Ἰσοτίμους

557 731 610 774 et
631 720 726 788 ipsi
755 729 938 773 essent
981 719 1277 788 pmphetm,
1323 722 1564 774 minores
1611 720 1828 789 quidem
1863 729 2130 790 tempore,

503 857 518 870 ..
559 814 652 866 sed
687 810 1042 865 similitudine
1095 812 1363 880 passionis
1413 813 1699 880 exmquati.
1745 811 1879 865 Nam
1927 823 1982 866 et
2015 811 2134 867 illo-

558 921 678 960 rum
717 905 854 960 alius
889 905 1102 972 quidem
1152 906 1328 975 gladio
1379 905 1478 958 fuit
1518 905 1853 966 interfectus,
1891 905 2030 960 alius
2057 905 2133 960 la-
2171 955 2176 960 .

559 998 796 1068 pidibus,
831 997 966 1050 alius
1019 997 1265 1050 leonibus
1303 995 1566 1064 objectns,
1627 995 1766 1050 alius
1817 997 1869 1050 in
1922 1009 2132 1066 putrem

559 1090 733 1144 lacum
765 1091 1052 1152 demissus,
1083 1087 1220 1142 alius
1264 1103 1412 1142 serra
1445 1088 1626 1142 medio
1669 1103 1901 1158 corpore
1931 1099 2134 1155 sectus,

559 1184 648 1237 alii
697 1184 850 1253 ignea
900 1181 1120 1236 fornace
1154 1182 1418 1237 conclusi.
1463 1180 1590 1235 Ideo
1631 1181 1750 1236 forti
1793 1182 1973 1236 animo
2017 1198 2136 1237 esse

561 1275 818 1330 Servator
849 1277 900 1328 in
943 1274 1280 1329 Cruciatunm
1319 1271 1667 1342 perpessione
1703 1271 1928 1340 jnbebat
1976 1271 2136 1325 lanti-

561 1366 724 1419 liares
767 1379 914 1430 suos,
961 1364 1252 1418 idemidem
1293 1362 1736 1416 admonefaciens
1793 1371 1994 1431 quanta
2041 1363 2133 1416 Dei

561 1460 836 1528 prophetae
887 1457 1278 1527 pertulissent,
1335 1467 1393 1509 ut
1451 1454 1668 1530 illorum
1723 1454 2138 1522 comparatione

562 1565 742 1620 parem
767 1549 970 1604 eisdem
1003 1549 1102 1618 ipsi
1137 1562 1352 1616 quoque
1403 1561 1552 1616 spem
1593 1547 1962 1615 conciperent.
2007 1543 2137 1597 Cum

559 1645 721 1705 enim,
749 1641 938 1710 inquit,
965 1642 1104 1694 vobis
1127 1641 1446 1694 calumniam
1471 1640 1690 1706 facient,
1719 1639 1981 1708 gaudete;
2017 1653 2139 1690 nam

561 1745 608 1785 et
632 1733 898 1800 propheta!
919 1715 1056 1788 idem
1082 1735 1429 1797 pertulerunt.

2232 724 2277 776 δ’
2305 725 2500 786 αὐτοὺς
2525 725 2634 788 τοῖς
2662 725 2966 795 προφήταις
2997 724 3281 792 ἀπέφαινε,
3305 709 3476 792 λέγων
3499 725 3638 777 κατὰ
3665 726 3820 778 Ματ-

2237 813 2384 868 θαῖον
2418 815 2527 886 (5-!)
2551 832 2562 844 ·
2605 815 2767 868 Οὕτω
2795 819 2906 886 γὰρ
2937 815 3192 880 ἐδίωξαν
3206 815 3344 881 τοὺς
3371 815 3482 884 πρὸ
3513 815 3708 886 ὑμῶν·
3741 817 3818 882 ὠς

2237 907 2556 961 καὶτούτων
2588 907 2686 978 μὲν
2719 907 2886 960 ὄντων
2908 909 3223 980 προφητῶν,
3254 908 3584 980 λειπομένων
3614 907 3670 960 δέ
3691 909 3818 978 χρό-

2235 1016 2330 1068 νῳ,
2369 998 2732 1068 ἐξισουμὲνων
2774 1016 2838 1067 γε
2885 999 2989 1070 μὴν
3037 999 3264 1062 ἐκείνοις
3305 999 3391 1053 διὰ
3433 999 3527 1070 τὴν
3554 1001 3818 1069 ὁμοιοπά-

2237 1088 2406 1141 θειαν.
2445 1089 2598 1141 Ἐπεὶ
2621 1089 2886 1142 κάκείνων
2913 1091 2942 1141 6
2974 1089 3073 1159 μέν
3106 1107 3190 1154 τις
3222 1091 3474 1161 ἀνῃρεῖτο
3503 1089 3663 1158 ξίφει,
3703 1092 3731 1143 6
3759 1091 3817 1144 δὲ

2237 1179 2424 1244 λίθοις,
2453 1182 2482 1232 6
2513 1179 2568 1233 δέ
2604 1179 2784 1232 λέουσι
2814 1181 3204 1252 παρεϐάλλετο,
3243 1181 3271 1234 6
3295 1181 3352 1233 δέ
3381 1183 3437 1233 ἐν
3469 1181 3654 1254 λάκκῳ
3695 1183 3822 1254 βορ-

2239 1271 2400 1342 ϐόρου
2453 1271 2734 1324 ἐϐάλλετο·
2791 1272 2884 1326 καὶ
2932 1271 3088 1336 ἄλλος
3132 1273 3310 1343 πρίονι
3358 1273 3418 1326 τὸ
3487 1273 3646 1344 σῶμα
3687 1291 3820 1328 κατ-

2239 1363 2497 1433 ετέμνετο
2515 1381 2527 1392 ·
2547 1364 2597 1415 οἱ
2624 1361 2668 1415 δ’
2695 1364 2751 1416 ἐν
2781 1364 2950 1434 πυρὸς
2989 1363 3202 1433 καμίνῳ
3233 1363 3616 1417 συνεκλείοντο.
3639 1365 3728 1416 Διὸ
3755 1364 3822 1436 δὴ

2241 1455 2463 1526 θαρρεῖν
2487 1457 2516 1507 6
2538 1453 2727 1526 Σωτὴρ
2753 1456 2810 1507 ἐν
2844 1458 2908 1525 τῇ
2941 1453 3048 1507 τῶν
3081 1454 3268 1507 δεινῶν
3293 1456 3537 1526 ὑπομονῇ
3565 1459 3676 1520 τοῖς
3700 1457 3822 1510 κατ’

2240 1545 2405 1599 αὐτοῦ
2428 1544 2826 1614 παρεκελεύετο
2847 1545 3163 1616 γνωρίμοις,
3195 1544 3336 1598 κατὰ
3367 1547 3553 1616 καιρὸν
3581 1547 3826 1616 ὑπομνῆ-

2243 1653 2342 1700 σας
2373 1631 2446 1690 ὧν
2477 1640 2526 1690 οἱ
2559 1637 2654 1691 τοῦ
2691 1636 2824 1690 Θεοῦ
2861 1637 3137 1708 προφῆται
3171 1635 3508 1690 πεπόνθασι·
3555 1639 3702 1701 ὅπως
3734 1637 3827 1690 διὰ

2239 1727 2344 1797 τῆς
2367 1728 2590 1781 ἐκείνων
2617 1727 2970 1796 παραθέσεως
2991 1727 3083 1779 καὶ
3101 1726 3254 1780 αὐτοὶ
3274 1727 3372 1790 τὰς
3394 1725 3562 1789 αὑτὰς
3582 1727 3828 1798 ὑπογρά-

559 1824 712 1892 ψοιεν
745 1824 928 1888 αὐτοῖς
973 1825 1229 1887 ἐλπίδας·
1299 1826 1475 1878 Ὅταν
1516 1824 1644 1896 γὰρ,
1693 1837 1847 1895 φησι,
1905 1820 2455 1892 συκοφαντήσωσιν
2501 1819 2677 1892 ὑμᾶς,
2717 1819 2968 1889 χάρητε·
2994 1819 3198 1888 ἐπειδὴ
3234 1819 3332 1872 καὶ
3357 1824 3411 1873 οἱ
3438 1819 3732 1888 προφῆται
3757 1819 3826 1871 τὸ

559 1917 636 1966 αὑ
645 1915 710 1968 τὸ
731 1915 1110 1983 ὑπέστησαν.

561 2011 608 2044 ⁵⁸
645 2011 712 2064 Et
745 2013 910 2065 omnis
945 2013 1168 2080 populus
1211 2013 1449 2078 audiens,
1509 2023 1555 2068 et
1589 2011 2138 2080 publiranijustiﬁca-

2246 2007 2352 2063 Kal
2394 2001 2518 2080 πᾶς·
2547 2006 2578 2057 ὁ
2598 2001 2748 2080 {adq
2766 2002 3056 2080 ἀκούσας,
3075 2001 3181 2080 ,καὶ
3211 2004 3262 2054 οι
3283 1999 3532 2080 τε.ξῶι·αι
3558 1999 3796 2080 ἐδικᾳίω
3813 2030 3828 2040 -

633 2095 814 2135 rerum
854 2083 1040 2140 Deum.
1071 2084 1325 2148 implicati
1372 2087 1624 2146 baptismo
1659 2084 1903 2136 Joannis.
1952 2083 2142 2134 Phari-

634 2155 728 2206 ,τιυὶ
762 2164 934 2204 autent
967 2164 1013 2205 et
1045 2153 1172 2221 legis
1216 2154 1366 2216 periti
1398 2154 1670 2206 consilium
1705 2151 1802 2206 Dei
1837 2159 2140 2220 spreverunt

634 2223 686 2274 in
719 2226 1043 2292 semetipsos,
1072 2239 1173 2276 non
1205 2225 1455 2292 baptizati
1491 2224 1553 2275 ab
1583 2239 1662 2277 eo.

637 2381 744 2437 llos
780 2382 968 2436 ambos
1001 2381 1258 2436 innuebat
1293 2381 1457 2436 etiam
1491 2397 1614 2436 cum
1653 2383 1858 2436 diceret
1893 2383 1946 2434 in
1986 2397 2142 2448 para-

559 2476 706 2544 bola,
762 2475 900 2540 Quid
944 2475 1085 2529 vobis
1138 2477 1379 2532 videtur?
1435 2473 1606 2528 Homo
1657 2473 1874 2546 quidam
1924 2474 2141 2528 habebat

562 2571 694 2624 duo:
722 2568 886 2638 ﬁlios,
922 2581 967 2622 et
996 2572 1240 2622 accedens
1268 2569 1337 2620 ad
1368 2571 1589 2636 primum
1620 2567 1756 2619 dixit
1787 2579 1806 2617 :
1831 2563 1962 2628 Fili,
1994 2569 2140 2629 unde,

565 2679 784 2728 aperare
816 2663 970 2716 hodie
1017 2663 1070 2716 in
1101 2661 1246 2715 uinea
1289 2677 1424 2713 mea.
1469 2657 1570 2713 Ille
1601 2669 1771 2711 autem
1803 2659 2139 2726 respondens,

565 2757 638 2808 ait
665 2769 682 2807 :
713 2752 875 2810 Nolo.
906 2751 1098 2808 Postea
1137 2771 1253 2808 vero
1278 2753 1578 2820 pwnitentia
1609 2762 1779 2804 motus
1805 2751 1954 2804 abiit.
1993 2752 2144 2805 Acce-

566 2849 696 2900 dens
733 2858 906 2899 autem
962 2847 1030 2898 ad
1065 2847 1310 2904 alterum,
1345 2845 1480 2896 dixit
1521 2845 1782 2896 similiter.
1832 2845 1895 2895 At
1939 2842 2026 2895 ille
2063 2858 2145 2894 re-

565 2937 822 3003 spondens
849 2939 922 2988 ait
952 2953 968 2989 :
1003 2935 1082 2988 En
1119 2951 1210 3004 ego
1242 2933 1376 3004 (52),
1415 2935 1657 2999 domine;
1699 2951 1788 2988 nec
1813 2945 1988 2988 tamen
2027 2935 2138 2988 iuit.

571 3027 702 3091 Quis
723 3041 787 3078 ex
812 3026 1013 3078 duobus
1053 3025 1170 3093 fecit
1204 3025 1518 3079 voluntatem
1579 3026 1790 3092 patris?
1825 3024 2016 3078 Dicunt
2051 3026 2098 3079 ei
2124 3041 2142 3078 :

569 3117 781 3170 Primus
807 3117 872 3169 ‘°.
902 3115 1012 3170 lloc
1037 3117 1154 3170 loco
1181 3115 1316 3169 duos
1345 3116 1620 3170 hominum
1649 3115 1866 3170 ordines
1892 3129 2144 3170 sermone

571 3223 668 3260 suo
701 3207 1126 3274 repraesentavit,
1161 3221 1388 3274 quorum
1420 3222 1560 3262 unus
1608 3203 1940 3261 lsraeliticus
1971 3221 2144 3276 pepu-

571 3295 674 3360 lns,
718 3297 858 3350 alter
886 3296 1061 3366 gentis
1097 3296 1432 3366 alienigenae,
1465 3296 1876 3365 publicanorum
1923 3297 2142 3351 nomine

573 3388 893 3455 indigitatus
934 3405 948 3442 :
991 3396 1280 3456 utrumque
1316 3397 1495 3441 autem
1547 3387 1706 3441 unius
1750 3387 1922 3458 patris
1973 3388 2143 3442 lilium

578 3479 886 3549 appellavit,
915 3480 1040 3549 quia
1075 3493 1140 3532 ex
1175 3493 1285 3533 uno
1321 3479 1428 3541 Deo
1462 3493 1675 3542 omnes,
1698 3477 1864 3532 Judaei
1901 3479 2058 3532 simul
2095 3489 2149 3532 et

574 3569 796 3625 ethnici.
847 3568 912 3622 Et
956 3569 1164 3639 priores
1221 3568 1435 3638 quidem
1495 3571 1708 3623 vocavit
1758 3569 2024 3633 ethnicos,
2059 3583 2148 3624 se-

574 3659 754 3712 cundo
809 3657 930 3714 loco
985 3659 1373 3724 circumcisos;
1431 3673 1665 3728 namque
1724 3669 1850 3714 ante
1899 3657 2148 3714 lsraelem

580 3761 768 3820 gentes
797 3759 986 3817 erant;
1018 3750 1377 3820 gentibusque
1407 3751 1664 3818 primum,
1693 3753 1912 3806 nomine
1939 3751 2152 3805 Israeli-

581 3843 937 3898 ticonondum
966 3844 1282 3907 exsistentc,
1313 3843 1526 3898 oracula
1558 3843 1648 3896 Dei
1682 3852 1736 3897 et
1767 3845 2154 3898 manifestatio-

584 3947 679 3984 nes
712 3942 1032 3985 evenerunt.
1069 3931 1202 3985 Nam
1252 3943 1306 3985 et
1337 3932 1605 3996 Enochus,
1653 3949 1962 4003 quanquam
2007 3945 2152 3989 esset

582 4024 798 4093 gentilis
825 4039 878 4079 et
899 4024 1332 4089 incircumcisus.
1369 4028 1651 4095 prmmium
1678 4043 1788 4081 suae
1813 4031 1953 4097 apud
1985 4031 2150 4085 Deum

581 4117 768 4182 gratiae
837 4118 1018 4171 retulit
1083 4117 1490 4172 translationem
1551 4131 1620 4172 ex
1689 4119 2018 4175 hominibus.
2087 4121 2154 4176 Et

581 4206 696 4262 Noe
743 4209 868 4277 quia
919 4207 1097 4276 justus
1135 4210 1190 4262 in
1231 4223 1330 4263 sua
1392 4209 1741 4279 generatione
1782 4221 1918 4274 erat,
1960 4213 2155 4269 divinis

582 4299 830 4368 alloquiis
897 4301 1089 4371 dignus
1175 4299 1306 4366 fuit,
1382 4316 1690 4370 quanquam
1758 4301 1872 4372 ipse
1941 4319 2156 4376 quoque

585 4393 1018 4448 incircumcisus.
1047 4393 1444 4447 Melchisedech
1473 4393 1673 4463 populo
1698 4393 2028 4450 circumciso
2051 4413 2150 4450 an-

585 4487 805 4556 tiquior,
861 4486 1112 4542 sacerdos
1173 4485 1268 4540 Dei
1318 4485 1565 4539 altissimi
1629 4488 1855 4541 exstitit.
1909 4489 2154 4542 Abraha-

585 4593 706 4634 mus
755 4594 887 4632 vero
939 4585 994 4632 et
1025 4575 1240 4632 lsaacns
1308 4588 1469 4646 atque
1533 4575 1798 4644 Jacobns,
1877 4589 2001 4633 ante
2063 4595 2158 4646 pn-

2314 2091 2436 2129 σαν
2461 2073 2566 2127 τὸν
2589 2073 2758 2135 Θεὸν,
2782 2071 3228 2136 βαπτισθέντες
3259 2071 3322 2123 τὸ
3344 2070 3660 2138 βάπτισμα
3703 2072 3832 2124 Ἰω-

2313 2146 2522 2199 άννου.
2552 2147 2613 2198 Οἱ
2635 2141 2703 2196 δὲ
2729 2143 3034 2210 Φαρισαῖοι
3057 2142 3154 2195 καὶ
3176 2145 3232 2194 οἱ
3259 2141 3488 2208 νομικοὶ
3520 2139 3636 2206 τὴν
3659 2141 3824 2204 ⁴βου--

2311 2215 2434 2281 ,ἰὴν
2458 2214 2564 2268 τοῦ
2598 2213 2746 2266 Θεοῦ
2769 2212 3073 2280 ἠθέτησαν·
3091 2215 3176 2278 εἰς
3197 2210 3469 2276 ἑαυτοὺς,
3490 2211 3575 2279 μὴ
3593 2211 3832 2274 ,ϐαπτι-

2313 2283 2566 2348 σθέντες
2588 2283 2689 2337 ὑπ’
2706 2283 2914 2336 αὐτοῦ.

2325 2375 2648 2448 Ἐκατὲρους
2680 2375 2736 2427 δὲ
2771 2374 2995 2437 τούτους
3027 2373 3322 2426 αἰνίττεται
3348 2373 3440 2426 καὶ
3470 2373 3596 2426 ὅταν
3623 2375 3681 2426 ἐν
3717 2388 3830 2426 παο

2247 2469 2444 2542 ραϐολῇ
2489 2469 2646 2538 λέγῃ·
2697 2468 2759 2520 Τί
2803 2466 2946 2534 ὑμῖν
2977 2465 3176 2527 δοκεῗ;
3225 2465 3557 2532 Ἄνθρωπός
3587 2482 3676 2530 τις
3703 2461 3832 2532 εἶχε

2243 2561 2425 2615 τέκνα
2445 2559 2572 2612 δύο·
2591 2557 2690 2612 καὶ
2715 2555 3066 2624 προσελθὼν
3085 2554 3164 2620 τῷ
3183 2553 3387 2622 πρώτῳ
3407 2550 3554 2608 εἷπε·
3587 2553 3836 2618 Τέκνον,

2245 2655 2456 2723 ὕπαγε,
2483 2650 2752 2720 σήμερον
2781 2647 3023 2719 ἐργάζου
3047 2649 3114 2700 ἐν
3143 2646 3222 2712 τῷ
3253 2645 3560 2715 ἀμπελῶνί
3587 2663 3726 2713 μου.
3773 2646 3828 2697 Ὁ

2215 2789 2218 2792 .
2243 2747 2312 2801 δὲ
2343 2743 2683 2814 ἀποκριθεὶς
2711 2739 2900 2807 εἶπεν,
2931 2743 3012 2795 Οὐ
3038 2742 3218 2795 θέλω·
3263 2739 3522 2808 ὕστερον
3546 2738 3615 2790 δὲ
3636 2755 3832 2808 μετα-

2239 2838 2524 2910 μεληθεὶς
2584 2835 2841 2904 ἀπῆλθε.
2915 2834 3024 2888 Kal.
3091 2831 3442 2900 προσελθὼν
3507 2828 3588 2894 τῷ
3649 2829 3834 2900 ἑτέρῳ

2245 2934 2456 3004 ὁμοίως
2483 2927 2652 2986 εἶπεν
2674 2946 2687 2960 ·
2745 2933 2778 2983 ὀ
2827 2927 2895 2982 δὲ
2925 2925 3262 2994 ἀποκριθεὶς
3287 2921 3474 2988 εἶπεν,
3523 2919 3680 2990 Ἐγὼ,
3727 2923 3832 2975 κύ-

2237 3043 2331 3094 ριε
2351 3045 2363 3057 ·
2406 3027 2503 3080 καὶ
2533 3028 2643 3080 οὐκ
2672 3024 2923 3093 ἀπῆλθε.
2968 3023 3062 3088 Τίς
3087 3023 3157 3075 ἐκ
3193 3019 3310 3075 τῶν
3345 3019 3452 3073 δύο
3483 3017 3736 3084 ἐποίησε
3759 3023 3828 3071 τό

2245 3119 2474 3188 θέλημα
2524 3119 2630 3172 τοῦ
2659 3118 2915 3186 πατρός;
2959 3115 3248 3185 λέγουσιν
3272 3113 3452 3178 αὐτῷ,
3493 3113 3546 3164 ’0
3575 3110 3828 3179 πρῶτος.

2260 3211 2524 3265 Ἐνταῦθα
2552 3211 2658 3282 γὰρ
2697 3211 2789 3264 δύο
2821 3210 3078 3280 τάγματα
3113 3207 3190 3278 τῷ
3222 3205 3363 3276 λόγῳ
3402 3201 3832 3275 παραστησάμε-

2248 3322 2356 3368 νος,
2391 3305 2449 3358 ἓν
2482 3304 2580 3376 μὲν
2623 3302 2683 3355 τὸ
2717 3299 3126 3373 Ἰσραηλιτικὸν,
3156 3299 3340 3370 ἕτερον
3368 3297 3424 3351 δὲ
3456 3296 3516 3349 τὸ
3539 3295 3648 3348 τῶν
3679 3293 3833 3347 ἀλλο-

2253 3395 2434 3464 φύλων
2465 3394 2637 3448 ἐθνῶν
2660 3395 2746 3448 διὰ
2764 3393 2872 3447 τῶν
2890 3391 3135 3446 τελωνῶν
3167 3390 3514 3462 δηλούμενον,
3548 3389 3716 3459 ἄμφω
3739 3385 3834 3440 δύο

2251 3489 2414 3542 τέκνα
2445 3487 2563 3550 ἐνὸς
2593 3485 2800 3556 πατρὸς
2827 3482 3128 3554 ὠνόμαζεν,
3155 3483 3277 3535 ἐπεὶ
3309 3479 3366 3546 ἐξ
3394 3481 3509 3543 ἐνὸς
3536 3478 3670 3532 Θεοῦ
3697 3479 3836 3532 πάιν-

2250 3596 2362 3642 τες,
2407 3578 2646 3631 Ἰουδαῖοί
2688 3595 2746 3630 τε
2797 3577 2892 3631 καὶ
2937 3575 3216 3645 Ἕλληνες.
3267 3576 3380 3627 Καὶ
3439 3571 3685 3644 πρώτους
3735 3570 3835 3641 μὲν

2255 3670 2480 3724 ἐκάλεσε
2505 3669 2632 3733 τοὺς
2658 3668 2716 3735 ἐξ
2753 3667 2943 3734 ἐθνῶν,
2976 3666 3260 3738 δευτέρους
3285 3663 3342 3718 δὲ
3373 3664 3500 3727 τοὺς
3531 3665 3596 3716 ἐκ
3618 3678 3836 3734 περιτο-

2257 3765 2398 3834 μῆς·
2451 3760 2636 3832 ἐπειδὴ
2667 3761 2773 3832 πρὸ
2811 3759 2905 3813 τοῦ
2950 3757 3162 3829 Ἰσραὴλ
3201 3757 3410 3828 ὑπῆρχε
3448 3755 3518 3808 τὰ
3548 3753 3698 3825 ἔθνη,
3741 3755 3836 3808 καὶ

2255 3857 2366 3917 τοῖς
2409 3852 2584 3906 ἔθνεσι
2633 3851 2889 3924 πρώτοις,
2939 3851 3104 3922 μήπω
3139 3849 3270 3920 μηδέ
3301 3848 3561 3918 ὀνόματος
3587 3845 3740 3908 ὄντος
3777 3846 3836 3895 ἐν

2254 3945 2562 4016 ἀνθρώποις
2608 3941 3021 4016 Ἰσραηλιτικοῦ,
3055 3943 3104 3994 oi
3131 3939 3366 4012 χρησμοὶ
3397 3938 3717 4010 παρείχοντο
3739 3933 3836 3988 τοῦ

2255 4037 2389 4090 Θεοῦ
2416 4037 2509 4089 καὶ¹
2535 4037 2590 4088 αἱ
2625 4034 2951 4106 θεοφάνειαι.
2985 4034 3052 4086 Ὄ
3077 4047 3137 4084 τε
3167 4032 3275 4102 γὰρ
3319 4031 3487 4100 Ἑνὼχ
3533 4027 3744 4090 ἐθνικὸς
3767 4023 3836 4098 ἦν

2255 4129 2624 4200 ἀπερίτμητος
2645 4126 2740 4191 ὢν,
2764 4129 2823 4190 ὃς
2849 4125 3074 4179 ἔπαθλον
3096 4123 3282 4195 εἴληφε
3303 4123 3403 4193 τῆς
3427 4113 3834 4192 εὐαρεστήσεως

2254 4221 2354 4293 τὴν
2387 4220 2444 4287 ἐξ
2473 4219 2776 4292 ἀνθρώπων
2816 4218 3129 4290 μετάθεσιν·
3168 4219 3262 4271 καὶ
3285 4215 3408 4269 Νῶε
3436 4214 3640 4278 δίκαιος
3673 4215 3731 4266 ἐν
3769 4214 3856 4284 τῇ.

2255 4315 2419 4383 γενεᾷ
2459 4311 2620 4365 αὐτοῦ
2675 4310 2932 4380 γεγονὼς,
2997 4309 3257 4382 χρησμῶν
3313 4307 3447 4361 Θεοῦ
3501 4303 3838 4376 κατηξιώθη,

2257 4406 2628 4478 ἀπερίτμητος
2659 4403 2733 4457 ὢν
2771 4405 2864 4458 καὶ
2891 4404 3051 4467 αὑτός
3071 4419 3086 4434 ·
3121 4401 3212 4456 καὶ
3239 4398 3571 4470 Μελχισεδὲκ
3605 4397 3852 4450 παλαιά-ν

2255 4515 2412 4571 τερος
2453 4495 2690 4566 γεγονὼς
2733 4495 2826 4550 τοῦ
2881 4497 2946 4549 ἐκ
2988 4495 3289 4566 περιτομῆς
3329 4491 3482 4554 λαοῦ,
3525 4490 3703 4562 ἱερεὺς
3739 4487 3836 4542 τοῦ

2257 4587 2391 4642 Θεοῦ
2419 4586 2514 4640 τοῦ
2542 4585 2764 4656 ὑψίστου
2791 4585 3165 4657 κεχρημάτικε
3186 4601 3200 4613 ·
3237 4585 3330 4636 καὶ
3373 4580 3618 4654 Ἀϐραὰμ
3655 4580 3712 4632 δὲ
3747 4579 3840 4632 καὶ

583 4673 766 4740 pulum
793 4669 1170 4734 lsraeliticum,
1201 4669 1292 4723 Dei
1319 4667 1557 4724 oraculis
1585 4679 1711 4723 sunt
1739 4669 2006 4725 honorati.
2041 4670 2145 4726 Uti-

2270 4679 2453 4732 Ἰσαὰκ
2502 4679 2596 4732 καὶ
2635 4677 2826 4732 Ἰακὼϐ
2869 4678 2974 4748 πρὸ
3010 4677 3102 4730 τοῦ
3147 4676 3362 4748 Ἰσραὴλ
3405 4673 3666 4746 χρησμῶν
3699 4669 3837 4724 Θεοῦ

582 4778 691 4832 que
739 4763 900 4817 etiam
935 4761 1126 4825 Jobus,
1155 4763 1417 4817 ldunucus
1459 4763 1526 4818 de
1576 4763 1702 4818 [iliis
1745 4763 1905 4828 Esau,
1957 4763 2145 4831 pietate

2257 4769 2701 4843 κατηξιώθησαν·
2754 4771 3010 4842 ἄντικρυς
3041 4769 3099 4822 δὲ
3137 4769 3228 4822 καὶ¹
3259 4770 3288 4821 6
3329 4765 3480 4829 Ἰὼϐ,
3543 4763 3840 4835 Ἰδουμαῖος

585 4869 711 4923 erga
761 4851 926 4908 Deum
967 4855 1200 4908 maxima
1252 4853 1530 4908 inclaruit.
1589 4853 1692 4908 Sed
1743 4853 1885 4908 enim
1923 4853 2145 4922 reliquus

2255 4861 2330 4916 ὢν
2357 4861 2466 4915 τῶν
2505 4861 2636 4914 υἱῶν
2687 4859 2880 4924 Ἠσαῦ,
2935 4858 3239 4922 θεοσεϐείας
3277 4854 3725 4928 ἀνδραγαθήμασι
3758 4853 3840 4906 δι-

586 4945 922 4999 ethnicorum
966 4945 1137 5010 ordo,
1187 4959 1307 4998 cum
1357 4946 1693 5000 naturalibus
1735 4945 1940 5014 legibus
1977 4944 2145 5012 jussu:

2257 4955 2486 5026 έλαμψε.
2523 4955 2595 5008 Τδ
2621 4955 2718 5025 μὲν
2747 4953 2932 5006 λοιπὸν
2959 4954 3143 5024 τάγμα
3164 4951 3269 5005 τῶν
3293 4951 3459 5004 ἐθνῶν
3487 4947 3850 5018 κελευόμενον.

585 5045 733 5092 esset
765 5037 818 5091 in
847 5041 1001 5092 vinea
1035 5039 1272 5106 operari,
1323 5038 1374 5092 id
1407 5048 1490 5092 est
1524 5039 1664 5106 piam
1715 5053 1842 5108 erga
1875 5037 2042 5091 Deum
2073 5039 2145 5091 vi.

2261 5050 2506 5117 φυσικοῖς
2538 5047 2724 5116 νόμοις
2756 5044 3079 5117 ἐργάξεσθαι
3110 5046 3188 5107 είς
3219 5044 3309 5096 τὸν
3338 5038 3842 5113 ἀμπελῶνα,τοῦτο

589 5137 697 5184 tam
726 5129 946 5199 degere,
979 5132 1158 5185 renuit
1185 5131 1490 5199 restititque
1505 5130 1758 5184 mandato
1787 5129 1981 5198 patrio,
2008 5130 2145 5183 omni

2264 5138 2307 5191 δ’
2340 5135 2406 5210 ἦν
2443 5139 2503 5191 τὸ
2543 5139 2641 5207 τῆς
2669 5135 2976 5199 θεοσεϐείας
3014 5137 3073 5188 τὸ
3107 5134 3423 5204 πολίτευμα,
3457 5132 3710 5185 ἀνένευσε
3745 5127 3840 5183 καὶ

591 5231 834 5292 tempore
883 5223 1025 5278 idola
1063 5224 1268 5280 colens.
1309 5224 1692 5279 Verumtamen
1741 5224 1808 5278 ad
1851 5231 2145 5278 extremum

2263 5229 2482 5282 ἀντεῖπε
2531 5225 2609 5298 τῷ
2637 5227 3014 5298 προστάγματι
3064 5225 3142 5298 τῷ
3199 5223 3467 5296 πατρικῷ,
3519 5223 3697 5276 πάντα
3746 5219 3839 5274 τὸν

613 5369 662 5407 ιι
687 5366 878 5423 Matth,
909 5381 965 5428 v,
1003 5364 1092 5418 12.
1166 5361 1211 5394 ⁵³
1241 5375 1358 5430 cap.
1401 5371 1502 5420 vn,
1545 5354 1636 5420 29,
1677 5351 1768 5407 30.
1844 5349 1890 5383 ⁸⁸
1913 5347 2100 5412 Matth.
2133 5369 2246 5417 ιιι,
2269 5353 2366 5410 28.

655 5477 925 5551 (50)_liaee
952 5487 1006 5551 et
1025 5479 1389 5551 praecedentia
1425 5482 1626 5551 parum
1673 5469 1990 5539 conspirant
2029 5483 2151 5522 cum

587 5545 946 5622 Theophania,
984 5548 1076 5602 lib.
1113 5562 1186 5608 tv.
1224 5545 1301 5622 lli
1330 5557 1388 5599 et
1423 5545 1506 5598 l7.
1737 5621 1740 5622 ν
1779 5613 1796 5622 _
1852 5611 1866 5622 _
1927 5619 1937 5622 _
2028 5611 2060 5622 ί,

659 5611 772 5692 (51)
797 5623 870 5676 lta
906 5620 1136 5692 Graace“;
1183 5627 1237 5672 et
1259 5617 1343 5692 sic
1367 5632 1482 5692 ego,
1508 5629 1617 5692 pro
1649 5621 1744 5692 eo,_‘
1779 5611 1950 5692 habet
1991 5611 2154 5692 etiam

587 5682 814 5750 latinus
869 5693 1040 5748 codex
1092 5682 1552 5756 Cantabrigiensia
1602 5684 1750 5756 apud
1788 5682 2152 5736 Sabaterinm.

587 5767 658 5822 At
693 5765 958 5835 vulgatus,
997 5760 1282 5834 pluresque
1312 5754 1548 5823 codices,
1583 5770 1672 5821 eo;
1713 5754 1823 5809 sive
1849 5757 1970 5819 quia
2009 5770 2038 5820 ς
2063 5767 2156 5808 cx-

2259 5470 2471 5532 ciderit,
2503 5483 2778 5540 suvequla
2824 5482 3040 5522 sensum
3101 5465 3202 5520 lect
3256 5475 3430 5536 potius
3471 5481 3632 5534 quam
3668 5471 3834 5516 verba

2259 5541 2569 5608 exprimere
2593 5539 2812 5607 placuit.

2331 5601 2442 5682 (52)
2483 5601 2748 5665 Provocat
2783 5607 3308 5682 hicadjtlatthaaum
3352 5605 3634 5673 Eusebius,
3669 5601 3830 5674 quasi

2264 5677 2451 5740 revera
2484 5691 2856 5738 conuincmans
2879 5679 2932 5734 in
2969 5677 3187 5735 Lucam.
