4130 6400
675 335 783 395 545
1351 329 1620 388 EUSEBll
1657 330 2132 386 CESARIENSIS
2169 329 2321 386 ()PP.
2362 328 2544 384 PARS
2581 329 2668 385 lli.
2701 362 2769 373 —
2806 330 3217 388 EXEGETICA.
3821 334 3922 390 5H

678 463 795 510 tum
829 443 1226 522 (destruendo)
1251 442 1397 499 fecit.
1426 443 1603 514 Atque
1641 444 1753 500 haec
1787 445 2068 499 hactenus.
2093 442 2244 498 Nunc
2270 448 2309 507 Α

2289 448 2320 506 Α
2348 442 2540 495 ἑαυτοῦ
2563 441 2875 506 δυσσεϐείας
2905 442 3196 514 πάρεργον*
3225 443 3533 514 ἐποιήσατο.
3589 445 3703 499 Καὶ
3750 444 3920 501 ταῦτα

676 543 943 610 reliquum
985 552 1285 592 sermonem
1317 549 1728 608 perseQItamur.

2349 535 2448 606 μὲν
2475 535 2666 606 ταύτῃ.
2706 536 2826 588 Ἐπί¹
2851 536 2908 589 δὲ
2936 535 2996 588 τὸ
3021 535 3146 606 ἑξῆς
3176 535 3271 589 τοῦ
3293 535 3451 606 λόγου
3474 539 3777 608 προΐωμεν.

789 633 834 665 ⁸⁸
862 623 1167 684 Convocatis
1202 641 1372 703 autem
1405 625 1678 679 duodecim
1705 623 1977 692 discipulis
2003 627 2135 688 suis,
2343 630 2420 703 Eu

2343 626 2878 703 Eurumlsa'dysrgc
2893 627 2978 703 es
2997 627 3140 694 τοὺς
3160 627 3387 703 ὃώᾷεκα
3410 630 3680 703 μαθητέμ-
3703 631 3913 703 αὑτοῦ,

887 701 1028 753 dedit
1057 699 1166 752 illis
1203 699 1449 752 virtutem
1482 706 1528 750 et
1567 705 1895 763 potestatem,
1923 705 2030 749 etc.
2400 698 2518 750 56w.

2400 698 2623 751 ἔδωκεν
2648 697 2851 763 αὐτοῖς
2881 696 3140 768 δύναμιν
3172 699 3271 753 καὶ
3297 696 3604 764 ἑξοὺσίαπ,
3625 696 3694 755 ’κ.
3729 719 3780 755 τ.
3811 702 3864 754 λ.

752 799 855 853 Per
885 796 1000 850 haec
1034 791 1283 861 supernis
1311 787 1520 840 viribus
1567 786 1865 854 discipulos
1897 803 2025 842 suos
2061 788 2242 842 Domi-
2331 788 2336 794 ’

2331 788 2336 794 ’
2408 790 2507 844 Διὰ
2535 789 2710 844 ταῦτα
2743 789 2945 853 ἐνθέοις
2975 789 3235 860 δυνάμεσι
3267 789 3391 854 τοὺς
3443 790 3634 845 ἑαυτοῦ
3666 790 3915 863 μαθητὰς

672 905 773 946 nus
802 887 1075 948 armabat,
1105 892 1168 937 ut
1208 879 1473 935 diabolica
1501 878 1551 931 in
1585 877 1772 946 primis
1803 878 2016 946 agmina
2059 888 2114 933 et
2143 881 2241 933 bo-

2338 883 2367 935 ὁ
2399 881 2602 956 Κύριος
2648 881 2902 946 ὥπλιζεν,
2935 882 3011 945 ὡς
3053 882 3120 936 ἂν
3175 885 3234 938 ὲν
3263 882 3499 954 πρώτοις
3524 884 3592 938 τὰ
3624 883 3915 955 δαιμονικά

674 982 882 1038 minam
938 975 1284 1036 inimicitias,
1337 981 1390 1025 et
1440 970 1783 1024 adversarius
1822 970 1970 1024 acies
2013 985 2234 1040 supera-

2340 973 2498 1046 στίφη
2527 975 2619 1026 καὶ
2644 973 2742 1038 τὰς
2772 972 2971 1044 ἐχθρὰς
2993 974 3100 1028 τῶν
3122 974 3422 1047 ἀνθρώπων
3463 977 3556 1031 καὶ
3614 977 3917 1048 πολεμικὰς

671 1083 832 1136 rent;
877 1071 1074 1125 deinde
1107 1082 1137 1120 a
1183 1065 1390 1119 morbis
1438 1073 1494 1117 et
1530 1062 1860 1116 omnimodis
1889 1060 2236 1129 passionibus

2337 1067 2667 1137 παρατάξεις
2695 1067 3005 1138 καθαιροῖεν
3028 1085 3043 1098 ο
3079 1067 3269 1121 ἔπειτα
3296 1068 3466 1122 νόσων
3501 1070 3594 1122 καὶ
3643 1069 3916 1122 παντοίων

665 1164 973 1220 laborantes
1031 1168 1322 1222 sanarent;
1388 1157 1584 1212 indicia
1646 1156 1898 1212 videlicet
1952 1157 2228 1225 praedicanti

2335 1158 2522 1212 παθῶν
2557 1159 2907 1232 θεραπεύοιεν
2935 1161 3063 1224 τοὺς
3122 1161 3659 1233 καταπονουμένουςο
3713 1161 3915 1232 γνωρί-

664 1258 819 1328 regni
862 1254 1074 1310 cunctis
1103 1251 1414 1308 hominibus
1447 1250 1717 1320 praebens.
1748 1249 2047 1319 Oportebat
2090 1250 2233 1304 enim

2335 1267 2514 1320 σματα
2545 1250 2607 1322 δὴ
2637 1251 2738 1321 τῆς
2758 1251 3162 1326 κηρυττομένης
3195 1253 3469 1324 βασιλείας
3499 1255 3759 1327 παρέχων
3782 1257 3914 1327 ὁρᾷν

659 1365 756 1406 eos
797 1349 889 1420 qui
936 1348 1357 1415 inexspectatam
1411 1343 1714 1398 doctrinam
1758 1343 2098 1406 nuntiabant,
2144 1357 2233 1412 pe-

2334 1340 2534 1394 ἆπασιν
2562 1342 2887 1414 ἀνθρώποις.
2925 1345 3121 1416 Ἐχρῆν
3155 1345 3282 1418 γὰρ,
3311 1347 3611 1419 παράδοξον
3646 1349 3913 1420 κήρυγμα

659 1442 999 1512 regrinorum
1057 1450 1428 1506 novorumque
1478 1435 1744 1490 bonorum
1793 1436 1949 1505 signa
1999 1435 2229 1492 alumnis

2330 1434 2794 1503 καταγγέλλοντας
2824 1475 2839 1500 ,
2872 1435 3060 1506 (ξένων
3107 1439 3201 1492 καὶ
3248 1439 3382 1493 νέων
3428 1441 3645 1509 ἀγαθῶν
3701 1440 3913 1513 ἐναργῆ

657 1535 770 1588 suis
811 1531 1092 1587 exhibere.
1130 1529 1272 1584 Vere
1300 1529 1465 1598 igitur
1501 1536 1659 1581 erant
1697 1527 1847 1597 regni
1882 1528 1971 1581 Dei
2006 1527 2230 1583 demon-

2322 1529 2532 1596 ¹σημεῖα
2579 1528 2839 1599 παρέχειν
2885 1531 2997 1592 τοῖς
3026 1529 3502 1603 μαθητευομένοις.
3532 1529 3722 1589 Ἦσαν
3746 1535 3794 1588 δ’
3819 1530 3914 1588 οὖν

655 1626 972 1690 strationes,
1003 1623 1323 1694 prodigiosae
1352 1623 1602 1684 virtutes,
1635 1629 1690 1676 et
1732 1621 2022 1684 miracula,
2065 1631 2226 1691 atque

2327 1616 2542 1688 άληθῶς
2562 1619 2696 1698 Θεοῦ
2737 1619 3010 1690 βασιλείας
3037 1622 3306 1694 δείγματα
3336 1626 3393 1678 αἱ
3427 1626 3715 1698 τεράστιαι
3753 1628 3913 1681 δυνά-

655 1717 964 1772 animarum
991 1725 1044 1770 et
1073 1729 1360 1781 corporum
1389 1714 1698 1768 curationes
1725 1727 1755 1766 a
1779 1711 2072 1768 Servatore
2099 1728 2225 1782 per-

2329 1726 2470 1780 μεις,
2502 1712 2572 1766 τά
2591 1729 2652 1765 τε
2679 1713 2929 1784 θαύματα
2955 1715 3048 1768 καὶ
3093 1718 3350 1788 σωτήριοι
3381 1716 3566 1789 ψυχῶν
3588 1721 3686 1774 καὶ
3718 1723 3910 1792 σωμά-

654 1818 810 1862 οοῑιε.
859 1805 992 1860 Nam
1024 1805 1252 1876 quilibet
1299 1819 1478 1860 sermo
1517 1803 1774 1874 operibus
1817 1820 2039 1872 cassus,
2086 1822 2222 1859 nun-
2255 1800 2285 1854 Ε

2276 1801 2430 1856 ὶτων
2468 1804 2780 1876 θεραπεῖαι·
2812 1808 2895 1860 ὅτι
2923 1807 3064 1871 ἄπας
3102 1808 3256 1878 λόγος
3275 1849 3290 1873 ,
3338 1810 3513 1882 ἔργων
3552 1813 3787 1884 ἔρημος,
3814 1814 3907 1867 οὖ-

649 1913 812 1967 qnam
875 1898 1076 1968 poterit
1126 1897 1336 1950 ﬁrmam
1405 1898 1813 1968 persuasionem
1875 1897 2219 1952 audientibus

2322 1894 2439 1946 ποτ’
2457 1894 2522 1948 ἂν
2551 1895 2740 1968 ίσχύσῃ
2761 1901 2965 1968 πεῖσμα
2983 1899 3195 1968 βέϐαιον
3228 1903 3521 1974 ἐμποιῆσαι
3545 1908 3657 1969 τοῖς
3688 1908 3908 1976 ἀκροω-

651 1991 946 2044 insinuare.
997 1989 1286 2058 Propterea
1326 1992 1559 2060 patratis
1601 1990 1854 2060 operibus
1903 1990 2060 2045 ﬁdem
2109 1990 2220 2045 evi-

2322 1985 2519 2056 μένοις.
2556 1990 2647 2043 Διὸ
2677 1993 2797 2054 ταῖς
2850 1990 2917 2044 δι’
2953 1991 3129 2063 ἔργων
3172 1993 3615 2066 ὲπιτελουμέναις
3664 1999 3903 2070 πράξεσι

646 2081 863 2136 dentem
900 2081 1266 2152 praedicationi
1315 2082 1702 2136 conciliabant.
1756 2081 1813 2136 Si
1863 2095 1994 2148 ergo
2039 2081 2218 2134 verbis

2319 2080 2499 2134 πίστιν
2527 2083 2730 2154 ἐναργῆ
2766 2086 3024 2156 παρεῖχον
3053 2084 3130 2156 τῷ
3172 2085 3511 2157 κηρύγματι.
3542 2091 3606 2142 El
3644 2091 3783 2159 γοῦν
3808 2093 3903 2162 ψι-

647 2173 1022 2228 tantummodo
1047 2187 1110 2227 ac
1135 2173 1358 2228 vocibus
1387 2182 1588 2228 temere
1623 2173 1836 2228 emissis
1867 2173 1958 2227 Dei
1990 2187 2214 2242 regnum

2315 2169 2426 2234 λοῖς
2451 2175 2736 2243 ῥηματίοις
2761 2177 2854 2228 καὶ
2889 2179 3095 2246 φωναῖς
3117 2177 3240 2248 εἰκῆ
3275 2182 3720 2254 προφερομέναις
3767 2185 3901 2240 θεοῦ

643 2265 857 2319 cunctis
901 2263 1278 2328 intimassent,
1320 2273 1376 2319 et
1428 2265 1724 2333 patriorum
1774 2265 1998 2320 deorum
2050 2265 2217 2319 aboli-

2316 2261 2588 2330 βασιλείαν
2631 2266 2710 2328 είς
2756 2267 2964 2331 πάντας
2997 2268 3189 2334 ἐϐόων,
3219 2272 3515 2326 κατάλυσίν
3545 2292 3606 2327 τε
3639 2275 3756 2329 τῶν
3799 2296 3900 2331 πα-

641 2356 887 2421 tionem,
940 2356 1062 2426 quis
1124 2356 1203 2410 eis
1261 2366 1495 2410 mentem
1569 2356 1932 2412 advertisset?
1996 2357 2212 2411 cuinam

2311 2353 2479 2424 τριῶν
2513 2355 2670 2422 θεῶν,
2703 2358 2789 2422 τίς
2817 2358 2882 2412 ἂν
2909 2360 3089 2423 αὐτοῖς
3132 2362 3373 2434 παρέσχε
3403 2364 3494 2417 τὸν
3518 2365 3676 2432 νοῦνς
3707 2368 3832 2421 τίνα
3855 2369 3900 2421 δ’

640 2448 811 2502 Deum
841 2460 964 2502 esse
991 2446 1388 2517 persuasissent
1434 2447 1742 2501 nuntiatum
1778 2464 1807 2502 a
1844 2461 1902 2501 se
1928 2447 2134 2512 Jesum,
2166 2450 2212 2501 si

2310 2443 2374 2498 ἂν
2407 2445 2631 2502 ἔπεισαν
2674 2449 2806 2502 Θεὸν
2838 2447 2976 2505 εἶναι
3015 2453 3108 2506 τὸν
3162 2455 3367 2524 Ἰησοῦν
3411 2459 3894 2527 καταγγέλλοντες,

639 2540 844 2596 nullam
878 2554 975 2595 suo
1008 2540 1317 2595 testimonio
1375 2539 1534 2595 fidem
1585 2540 1888 2595 fecissent?
1925 2541 2050 2597 Ideo
2095 2557 2211 2596 ser-

2312 2538 2579 2610 μηδεμίαν
2628 2542 2685 2595 δὲ
2737 2542 2919 2598 πίστιν
2945 2548 3011 2616 τῇ
3049 2547 3324 2618 μαρτυρίᾳ
3356 2550 3762 2620 προσάγοντες;
3806 2557 3895 2608 Διὸ

637 2645 850 2686 monem
884 2645 1100 2686 omnem
1134 2631 1331 2686 divinis
1359 2646 1742 2702 praoccupans
1778 2634 2036 2688 Servator
2072 2636 2211 2687 acti-

2309 2634 2483 2687 πάντα
2513 2633 2672 2703 λόγον
2703 2634 2914 2699 θεῖκαῖς
2967 2637 3367 2708 προλαμϐάνων
3411 2640 3675 2711 πράξεσιν
3708 2646 3740 2696 ὁ
3784 2647 3895 2698 Σω-

633 2725 759 2788 bus,
801 2724 978 2793 primo
1036 2723 1253 2792 quidem
1310 2738 1376 2778 ex
1423 2724 1607 2793 inepto
1653 2725 1776 2779 vita:
1814 2740 2050 2793 genere,
2092 2726 2208 2781 elo-

2306 2723 2429 2793 τὴρ,
2461 2724 2655 2793 πρῶτα
2697 2725 2797 2795 μὲν
2842 2727 3294 2798 άνεπιτηδεύτους
3325 2731 3415 2783 τὸν
3465 2733 3686 2804 τρόπον,
3721 2736 3895 2806 λόγων

631 2814 977 2884 quentiaeque
1012 2822 1066 2868 et
1104 2813 1346 2869 mortalis
1395 2815 1674 2884 sapientiae
1741 2828 1990 2885 expertes
2042 2819 2206 2872 disci-

2303 2833 2363 2867 τε
2395 2816 2488 2868 καὶ
2509 2818 2696 2886 σοφίας
2725 2818 2926 2888 θνητῆς
2969 2820 3229 2892 ἀπείρους
3258 2823 3385 2886 τοὺς
3415 2825 3579 2878 αὐτοῦ
3637 2829 3895 2900 μαθητὰς

631 2903 786 2972 pulos
823 2918 952 2959 suos
997 2904 1064 2958 ad
1093 2907 1256 2958 totius
1307 2906 1933 2962 mttndi'correctionem
1984 2907 2203 2980 delegit.

2304 2907 2396 2961 ἐπὶ
2423 2909 2756 2980 κατορθώσει
2781 2909 2894 2981 τῆς.
2923 2911 3050 2983 ὅλης
3087 2915 3410 2985 οἰκουμένης
3443 2921 3889 2991 προεχειρίζετοο

615 2981 838 3050 Deinde
885 2995 1188 3065 piscatores
1238 2995 1542 3051 animarum
1602 2997 1961 3054 humanarum
2021 3017 2080 3056 se
2111 3018 2204 3058 eos

2302 3001 2534 3054 κᾶπειτα
2557 3002 2806 3067 ἁλιευτὰς
2833 2981 3019 3075 ψυχῶν
3057 2981 3414 3077 ἀνθρωπίνων
3441 2981 3566 3081 ποιή
3577 2981 3694 3064 σειν
3743 2981 3889 3083 *προ-

629 3084 950 3141 ell‘eeturum
994 3101 1362 3157 praemonens,
1397 3099 1585 3143 auctor
1632 3091 1745 3157 ipse
1796 3091 1871 3144 rei
1913 3095 2201 3162 propositae
2226 3143 2260 3174 ρ

2257 3144 2268 3162 ,
2301 3092 2478 3160 φήσας
2509 3093 2723 3158 αὐτοὺς,
2756 3095 2984 3166 ποιητὴς
3022 3097 3182 3160 αὐτὸς
3227 3100 3434 3168 ἐγίνετο
3478 3103 3577 3173 τῆς
3643 3105 3888 3174 ἐπαγγε-

626 3175 839 3231 exstitit
869 3193 885 3244 ;
931 3179 1072 3233 unde
1098 3193 1192 3234 eos
1237 3179 1562 3233 mirabiliqu
1609 3182 1972 3251 prodigiorum
2007 3200 2195 3252 opera-
2226 3175 2257 3199 ‘

2264 3177 2417 3243 ’λίας
2445 3198 2458 3211 °
2516 3183 2637 3236 ὅθεν
2681 3185 2997 3255 παραδόξων
3048 3187 3340 3260 θαυμάτων
3394 3195 3633 3262 ἐργάτας
3684 3199 3895 3262 αὐτοὺς

629 3279 776 3323 tores
811 3269 1062 3332 reddidit,
1097 3269 1196 3324 bos
1243 3270 1350 3324 illis
1385 3270 1572 3326 hamos
1605 3273 1890 3328 animabus
1933 3275 2198 3332 salutares

2297 3273 2678 3349 ἀπειργάζετο,
2716 3275 2985 3350 ἄγκιστρα
3005 3280 3179 3334 ταῦτα
3211 3282 3396 3354 ψυχῶν
3425 3290 3667 3358 σωτήρια
3707 3309 3891 3363 παρα-

625 3359 1015 3430 suppeditans,
1070 3371 1129 3414 ut
1172 3361 1237 3415 iis
1279 3372 1565 3431 captarent
1616 3373 1779 3434 atque
1811 3383 1876 3420 ex
1932 3367 2196 3436 profundo

2295 3363 2466 3428 διδοὺς
2492 3365 2688 3429 αὐτοῖς,
2719 3367 2794 3431 ὡς
2815 3368 2880 3422 ἂν
2911 3370 2978 3422 δι’
3016 3372 3194 3426 αὐτῶν
3221 3378 3568 3447 σαγηνεύοιεν
3600 3384 3697 3434 καὶ
3732 3385 3892 3439 ἀνέλ-

624 3451 881 3521 nequitize
927 3453 1125 3524 abysso
1173 3456 1402 3509 mortale
1433 3471 1601 3524 genus
1634 3459 2008 3524 extraherent,
2041 3463 2196 3517 malis

2297 3473 2442 3510 κοιεν
2486 3457 2550 3510 ἐκ
2590 3457 2685 3512 τοῦ
2735 3460 2832 3531 τῆς
2896 3462 3089 3528 κακίας
3126 3465 3284 3535 βυθοῦ
3335 3470 3396 3522 τὸ
3453 3470 3647 3544 θνητὸν
3698 3478 3886 3544 γένος,

623 3544 823 3612 fugatis
863 3545 1181 3616 Spiritibus,
1219 3549 1464 3603 morbum
1513 3551 1811 3617 quemlibet
1854 3553 2195 3624 languorem-

2297 3548 2578 3620 πνεύματα
2609 3553 2818 3623 πονηρά
2840 3555 3248 3623 φυγαδεύοντες,
3279 3561 3372 3614 καὶ
3398 3565 3574 3618 πᾶσαν
3599 3565 3765 3620 νόσον
3793 3570 3890 3623 καὶ

621 3650 726 3705 que
778 3647 1034 3694 sanantes
1099 3648 1230 3693 nutu
1275 3638 1430 3709 eius;
1477 3646 1711 3699 nondum
1767 3645 1910 3700 enim
1962 3645 2194 3716 Spiritus

2297 3641 2568 3712 μαλακίαν
2605 3642 2820 3715 ἰώμενοι
2842 3647 2936 3700 ἐπὶ
2957 3648 3056 3719 τῆς
3085 3653 3352 3725 ἐπιταγῆς
3375 3655 3474 3726 τῆς
3497 3657 3665 3711 αὑτοῦ
3681 3676 3696 3688 ·
3729 3660 3888 3714 οὔπω

618 3729 774 3781 datus
821 3728 994 3784 fuerat
1023 3731 1092 3784 ".

2293 3734 2401 3805 γὰρ
2427 3731 2494 3806 ἦν
2533 3737 2757 3809 Πνεῦμα
2783 3739 3084 3812 δεδομένον.

617 3820 663 3854 ⁸³
689 3816 840 3874 Nihil
869 3821 1099 3876 tuleritis
1126 3823 1179 3878 in
1207 3826 1316 3892 via,
1359 3842 1520 3896 neque
1543 3827 1778 3894 buculos,
1810 3846 1970 3901 neque
1989 3847 2189 3899 peram.

2291 3826 2496 3894 Μηδὲν
2520 3828 2713 3897 αἴρετε
2743 3835 2831 3899 εἰς
2859 3833 2974 3903 τὴν
3004 3836 3191 3971 ἕδόν,
3219 3837 3373 3907 μήτε
3411 3840 3698 3909 ῥάϐδους,
3725 3847 3888 3914 μήτε

2956 3921 2997 3957 ,π
3037 3923 3178 3971 ραν.

686 3975 994 4033 Secundum
1021 3980 1332 4038 Mattbasum
1354 3987 1587 4055 quidem
1619 3987 1685 4053 “,
1721 3989 1837 4043 auri
1877 3999 1933 4044 et
1979 3991 2188 4060 argenti

2956 3924 2997 3957 π
3081 3924 3178 3961 αν.

2357 3989 2514 4045 Κατὰ
2548 3992 2644 4064 μὲν
2673 3989 2766 4048 οὖν
2810 3995 2902 4050 τὸν
2951 3924 3232 4055 Μάξθακν
3260 4003 3462 4075 χρυσοῦ
3489 4005 3582 4059 καὶ
3626 4006 3899 4080 ἀργύρου-

613 4067 847 4138 ωτὶείιυθ
901 4086 1154 4140 possessu
1199 4075 1266 4130 iis
1314 4077 1636 4145 interdixit,
1692 4080 1858 4135 futuri
1906 4085 2186 4152 pra'scius.

2290 4084 2384 4137 καὶ
2413 4084 2616 4155 χαλκοῦ
2648 4087 2746 4160 τὴν
2767 4089 2961 4160 κτῆσιν
2996 4092 3176 4156 αὐτοῖς
3201 4067 3530 4169 ἀπηγόρευε,
3565 4067 3887 4170 προγνώσει

611 4160 1097 4220 Animadvertebat
1121 4167 1266 4222 enim
1303 4169 1420 4225 fore
1450 4179 1506 4225 ut
1532 4173 1627 4241 qui
1666 4174 1871 4231 morbis
1909 4176 1978 4232 ab
2005 4178 2085 4232 eis
2124 4178 2188 4233 li-

2287 4177 2380 4231 τοῦ
2411 4178 2695 4249 μέλλοντος
2717 4197 2731 4211 ·
2776 4181 3021 4254 συνεώρα
3065 4184 3173 4258 γὰρ
3191 4226 3204 4251 ,
3232 4160 3314 4252 ὡς
3330 4160 3443 4260 άρα
3470 4190 3519 4242 οἱ
3553 4160 3655 4254 τάς
3683 4160 3899 4258 νόσους·

613 4252 958 4323 berarentur,
986 4265 1040 4311 et
1081 4257 1473 4319 insanabilibus
1499 4265 1654 4320 malis
1683 4267 1947 4324 immunes
1973 4269 2186 4337 ﬁerent,

2288 4271 2379 4324 ὑπ’
2410 4271 2588 4325 αὐτῶν
2618 4272 3154 4347 θεραπευθησόμενοι
3181 4281 3274 4333 καὶ
3305 4281 3415 4335 τῶν
3439 4283 3676 4338 ἀνιάτων
3698 4287 3891 4340 ἀπαλ-

609 4355 806 4398 cuncta
867 4360 964 4402 sua
1011 4352 1335 4418 patrimonia
1383 4355 1448 4410 iis
1497 4359 1688 4413 cedere
1735 4360 1956 4417 vellent.
2006 4365 2186 4431 Quare

2285 4363 2646 4435 λαγησόμενοι
2689 4365 2896 4432 παθῶν,
2923 4367 3241 4440 ἐθελήσουσι
3283 4373 3378 4426 καὶ
3435 4373 3653 4428 πάντων
3688 4377 3887 4441 αὐτοῖς

609 4436 661 4490 id
706 4452 1090 4508 praeoccupans
1133 4447 1486 4515 praecipiebat
1531 4466 1598 4506 ne
1630 4453 1859 4522 gratiam
1910 4471 2184 4523 caupoua-
2211 4484 2240 4542 Ι

2258 4498 2262 4528 ,
2287 4457 2394 4509 τῶν
2427 4458 2778 4530 ὑπαρχόντων
2806 4436 3103 4532 ἐκχωρεῖν-ο
3133 4463 3214 4516 διὸ
3261 4463 3434 4518 ταῦτα
3463 4465 3764 4538 προλαϐὼν
3808 4436 3889 4523 6:;

608 4538 818 4597 rentur,
860 4547 1037 4602 neque
1081 4536 1220 4592 dona
1265 4540 1356 4594 Dei
1391 4543 1601 4598 venalia
1654 4545 1938 4602 baberent.
1978 4547 2176 4604 Verum
2211 4536 2239 4542 _

2284 4549 2581 4616 εστέλλετο,
2609 4551 2684 4623 μὴ
2708 4553 3037 4625 καπηλεύειν
3058 4555 3158 4627 τὴν
3185 4556 3344 4627 χάριν
3378 4536 3515 4629 μηδὲ
3534 4560 3883 4632 πιπράσκειν

604 4625 901 4700 secundum
928 4626 1166 4698 reliquos
1179 4633 1544 4701 evangelistas
1562 4637 1845 4709 ipsumque
1867 4639 2178 4698 Mattbaeutn

2281 4642 2351 4696 τά
2373 4645 2437 4697 ἐκ
2477 4643 2610 4697 Θεοῦ
2667 4645 2948 4718 παραινῶν
3000 4625 3452 4720 sapa-“zadae
3485 4651 3608 4714 τοὺς
3644 4625 3888 4718 λοιποὺς

602 4731 709 4769 non
744 4717 928 4774 sinens
951 4733 1046 4776 eos
1063 4722 1293 4794 virgam,
1327 4742 1503 4797 neque
1533 4746 1739 4800 peram,
1773 4749 1947 4803 neque
1967 4737 2180 4792 calcea-

2283 4737 2490 4790 καὶτὸν
2525 4737 2687 4792 αὑτὸν
2715 4717 2993 4794 Ματθαίον
3021 4717 3096 4813 μη
3137 4741 3446 4814 ἐπιτρέπων
3491 4744 3676 4806 αὐτοῖς
3733 4747 3885 4817 μήτε

603 4815 806 4872 menta,
843 4823 1017 4879 neque
1049 4813 1184 4869 duas
1223 4816 1434 4874 tunicas
1457 4857 1475 4885 ,
1505 4821 1599 4875 sed
1632 4837 1806 4891 neque
1851 4840 2043 4893 panem
2085 4841 2178 4896 pe-

2284 4830 2497 4902 ῥάϐδον,
2523 4833 2659 4902 μήτε
2692 4832 2892 4903 πήραν,
2930 4835 3067 4905 μήτε
3103 4813 3447 4906 ὑποδήματα,
3477 4837 3613 4907 μήτε
3643 4813 3748 4889 δύο
3794 4813 3882 4909 χι-

598 4898 926 5001 cuaiamque
957 4914 1204 4975 portare,
1233 4925 1355 4964 cum
1390 4925 1615 4982 peregre
1643 4926 1827 4970 essent
1858 4917 2172 4987 profecturi,

2279 4898 2474 4987 τῶνας,
2509 4898 2646 4977 άλλά
2683 4898 2808 4996 μήτ’
2838 4898 3023 4998 ἄρτον,
3065 4928 3204 4999 μήτε
3230 4898 3492 5001 ἀργύριον
3536 4898 3879 4997 ἐπάγεσθαι,

599 4985 728 5042 hinc
763 4992 1012 5060 capiebat
1047 4999 1481 5060 experimentum
1529 5003 1742 5060 illorum
1794 4985 1914 5063 fidei
1962 5019 2017 5064 et
2059 5011 2175 5064 ala-

2281 4985 2578 5086 μέλλοντας
2615 4985 2702 5070 ιπλ
2735 4985 3043 5090 stamina};
3065 4985 3078 4998 ’
3104 4985 3437 5086 ἑτέλλὲςξθοὶι,
3481 4985 3713 5091 semini
3776 4985 3883 5093 τῆξ

600 5080 834 5147 critatis,
865 5085 910 5138 si
943 5087 1160 5154 quidem
1190 5089 1330 5159 jussi
1377 5097 1778 5163 pauperrimam
1811 5098 1977 5153 vitam
2013 5101 2173 5170 dege-

2272 5108 2449 5162 αὐτῶν
2479 5109 2718 5176 πίστεώς
2740 5129 2800 5164 τε
2824 5112 2919 5166 καὶ
2943 5113 3251 5187 προθυμίας
3281 5115 3603 5184 ἐλάμϐανεν,
3625 5117 3698 5178 εί,
3718 5131 3881 5187 7:119-

599 5186 681 5238 re,
714 5189 889 5245 neque
930 5180 1099 5247 ipsius
1129 5185 1431 5253 quotidiani
1460 5187 1700 5243 alimenti
1741 5205 1925 5245 curam
1956 5207 2167 5262 gerere,

2270 5202 2625 5270 αγγελθέντες
2675 5205 2767 5259 τὸν
2815 5180 2998 5278 ἄκρως
3031 5180 3314 5279 ἀκτήμονα
3343 5180 3456 5278 βίον
3483 5207 3759 5277 μετιέναι,

599 5281 778 5339 neque
816 5275 1112 5331 secundam
1167 5281 1402 5353 tunicam
1457 5283 1698 5351 habere,
1750 5300 1925 5356 neque
1973 5286 2168 5342 calceis

2275 5293 2412 5363 μηδὲ
2441 5295 2543 5365 τῆς
2573 5297 2852 5369 ὲφημέροι)
2885 5275 3093 5372 τροφῆς
3127 5275 3385 5372 πρόνοιαν
3422 5275 3719 5363 ποιεῖσθαι,
3768 5319 3883 5371 μηκ-

595 5361 698 5427 uti,
733 5373 1059 5422 cumtamen
1092 5371 1401 5428 universum
1438 5377 1624 5432 orbem
1667 5392 1960 5449 peragrare
2006 5378 2166 5434 debe-

2274 5361 2935 5460 6E-Geétepov'értétvecﬂat'
2961 5361 3184 5462 χιτῶνα,
3214 5391 3348 5464 μηδὲ
3375 5390 3690 5462 ὑποδήμασι
3708 5361 3883 5461 fimi-

597 5462 739 5520 rent,
793 5456 1144 5516 nihilominus
1185 5461 1336 5530 jussa
1369 5466 1512 5523 baud
1542 5469 1928 5526 detrectarent.
1967 5469 2071 5526 Sed
2111 5480 2167 5525 et

2277 5476 2423 5544 σθαι,
2461 5481 2748 5552 μέλλοντες
2773 5485 2873 5557 τὴν
2901 5485 3194 5557 σύμπασαν
3231 5487 3636 5557 ἐκπερινοστεῖν
3680 5485 3882 5538 οἰκου-

597 5549 740 5612 3tnui
783 5550 1027 5619 pecunia:
1081 5567 1289 5621 amore,
1345 5561 1742 5630 mundanisque
1793 5563 1940 5618 curis
1975 5577 2164 5618 carere

2274 5549 2472 5642 μένην,
2495 5574 2568 5644 μὴ
2598 5549 2847 5647 φεύγοιεν
2880 5579 2947 5633 τὰ
2970 5549 3401 5654 παραγγέλματα
3419 5597 3432 5611 ο
3458 5577 3593 5648 ἀλλὰ
3622 5579 3722 5632 καὶ
3742 5581 3882 5650 ἁφ-

667 5751 715 5789 ”
743 5769 860 5828 cap.
891 5771 965 5824 ιχ,
996 5758 1045 5812 Ι.
1106 5759 1166 5832 ,⁸⁷
1195 5757 1350 5818 Joan.
1383 5777 1478 5832 vn,
1507 5762 1593 5820 59.
1673 5765 1715 5798 ⁵⁸
1748 5782 1866 5838 cap.
1902 5784 1977 5834 tx,
2012 5770 2063 5826 5.
2147 5773 2189 5807 η
2216 5772 2297 5830 Ma

956 5797 965 5824 ,
996 5758 1045 5812 Ι.
1106 5759 1166 5832 ,⁸⁷
1195 5757 1350 5818 Joan.
1383 5777 1478 5832 vn,
1507 5762 1593 5820 59.
1673 5765 1715 5798 ⁵⁸
1748 5782 1866 5838 cap.
1902 5784 1977 5834 tx,
2012 5770 2063 5826 5.
2147 5773 2189 5807 η
2216 5772 2401 5830 Matth.
2452 5791 2506 5842 ι,
2536 5775 2587 5843 9,
