4130 6400
282 307 387 380 ιιιδ

1442 318 1938 378 COMMENTARIA
1975 324 2046 378 IN
2083 323 2334 380 LUCAM.

3398 323 3502 380 διο

277 437 651 511 λοχρημάτους
673 431 992 506 ἀφρόντιδάς
1011 449 1071 486 τε
1098 432 1189 486 τοῦ
1212 431 1324 503 βίον
1361 433 1470 487 δεῖν
1492 435 1686 500 αὐτοὺς
1711 432 1846 492 εἶναι

1951 452 2043 493 eos
2078 436 2267 492 voluit.
2301 437 2474 494 Porro
2517 444 2695 492 autem
2731 435 3176 502 contestabatur,
3232 437 3346 494 haec
3398 441 3505 497 illis

281 529 617 602 βουλόμενος.
649 525 834 580 Ταῦτα
864 523 1278 596 διεμαρτύρατο,
1309 525 1384 589 ὡς
1399 525 1465 579 ἂν
1492 526 1599 581 τῶν
1623 529 1687 581 ἐκ
1709 529 1842 583 Θεοῦ

277 622 522 692 δομάτων
547 618 717 691 ταύτῃ
743 636 818 690 πη
849 617 1032 680 αὐτοῖς
1053 616 1444 688 δοθησομένων,
1479 620 1527 671 εί
1559 622 1653 674 καὶ
1693 622 1845 676 αὐτοὶ

279 713 409 783 παρ’
443 711 648 764 ὲαυτῶν
679 710 769 763 τὸν
800 708 1129 780 κατάλληλον
1183 709 1295 778 βίον
1350 711 1570 777 ἐπάξιον
1607 714 1706 785 τῆς
1739 715 1846 769 τῶν

279 802 438 857 θείων
468 804 817 874 χαρισμάτων
855 803 1100 872 κτήσεως
1145 804 1614 873 παρασκευάζοιεν
1639 824 1654 838 ·
1675 826 1845 880 προσ-

279 896 434 968 ήκειν
495 895 602 966 γάρ
633 893 864 965 ἀμοιϐήν
887 910 1007 947 τινα
1035 893 1361 965 ποιήσασθαι
1386 896 1481 950 καὶ
1526 897 1849 954 ἀντικαταλ-

278 985 562 1052 λάξασθαι,
586 985 1002 1055 ὑποδεχομένους
1039 986 1135 1056 μὲν
1169 985 1320 1057 παρά
1341 986 1435 1040 τοῦ
1459 987 1592 1042 Θεοῦ
1620 991 1720 1054 τὰς
1745 1008 1850 1044 σωο

280 1079 501 1150 τηρίους
522 1078 615 1131 καὶ
637 1076 987 1148 εὐεργετικάς
1009 1075 1312 1148 ἀνθρώπων
1337 1077 1612 1149 δυνάμεις,
1653 1083 1849 1136 ἀντιδι-

281 1169 459 1234 δόντες
490 1169 546 1223 δὲ
577 1167 724 1239 αὐτῷ
748 1169 995 1240 ὑπακοὴν
1022 1167 1129 1223 τῶν
1151 1169 1317 1223 αὐτοῦ
1347 1172 1845 1244 παραγγελμάτων.

287 1262 591 1334 προθυμίαν
617 1277 678 1314 τε
702 1261 796 1314 καὶ
825 1260 1143 1332 προαίρεσιν
1187 1241 1473 1331 ἐλευθέραν
1495 1262 1597 1332 τῆς
1626 1241 1762 1335 πρὸς
1781 1241 1850 1319 τά

287 1350 510 1422 βιωτικά
560 1349 923 1420 συμπαθείας.
970 1349 1129 1403 Ἀλλά
1175 1352 1270 1405 καὶ
1331 1350 1558 1406 πλοῦτον
1604 1354 1850 1426 οὐράνιον

281 1445 401 1506 ταῖς
425 1441 602 1496 αὐτῶν
638 1441 836 1512 ψυχαῖς
874 1441 1317 1512 ὑποδεχομένους,
1353 1443 1452 1514 τῆς
1491 1461 1550 1497 τε
1588 1446 1682 1499 τοῦ
1717 1447 1849 1501 Θεοῦ

285 1535 560 1604 βασιλείας
586 1533 897 1608 άῤῥαϐῶσιν
945 1534 1390 1607 ἐφοδιαζομένους
1410 1575 1426 1600 ,
1449 1535 1556 1590 τῶν
1607 1538 1702 1592 ἐπὶ
1746 1539 1853 1609 γῆς

281 1631 638 1699 καταφρονεῖν
655 1630 848 1699 χρῆναι
879 1627 988 1681 δεῖν
1009 1624 1143 1697 ᾤετο
1158 1644 1173 1659 ·
1202 1628 1297 1681 καὶ
1317 1628 1452 1699 μήτε
1471 1630 1693 1700 χρυσὸν,
1717 1633 1850 1703 μήτε

282 1720 562 1789 χρήματα,
596 1719 730 1790 μήτε
757 1735 811 1770 τι
838 1717 946 1771 τῶν
985 1721 1118 1790 παρ’
1150 1718 1457 1790 ἀνθρώποις
1505 1721 1698 1792 τιμίων
1751 1724 1851 1776 ὲπ..

1946 544 1974 583 a
2019 528 2126 585 Deo
2172 531 2354 584 datum
2389 529 2452 583 iri
2483 529 2642 593 dona,
2672 527 2718 582 si
2750 527 2988 583 vicissim
3025 529 3124 598 ipsi
3156 529 3369 600 dignam
3421 534 3504 588 di-

1946 620 2085 674 vinis
2107 619 2525 674 charismatibus
2553 620 2714 672 vitam
2745 629 2925 674 essent
2956 619 3212 688 ingressi.
3240 619 3506 691 Oportero
3587 663 3591 667 Α

1944 708 2086 762 enim
2119 716 2362 761 mutuam
2389 708 2676 776 quamdam
2704 723 2824 762 esse
2854 708 3285 775 retributionem,
3314 727 3508 782 nempe

1946 813 1976 852 a
2016 798 2125 852 Deo
2156 798 2402 866 accipere
2430 797 2721 854 salutarem
2755 809 2919 869 atque
2942 801 3241 856 beneﬁcam
3273 804 3506 859 homini-

1944 886 2047 942 bus
2097 896 2419 956 potestatem
2448 927 2464 952 ,
2521 888 2870 958 vicissimque
2943 891 3086 960 ipsos
3140 893 3504 950 obedientiam

1949 976 2218 1030 mandatis
2247 975 2364 1045 ejus
2391 977 2672 1041 exhibere,
2705 967 3184 1048 promptitudinem
3217 993 3273 1038 et
3306 998 3508 1054 propo-

1946 1067 2110 1122 situm
2143 1068 2289 1121 omni
2338 1067 2522 1122 mundi
2569 1067 2761 1122 alfectu
2805 1069 3054 1126 liberum.
3085 1071 3190 1127 Sed
3236 1082 3294 1129 et
3343 1076 3509 1132 coale-

1945 1159 2121 1214 stibus
2166 1160 2364 1228 opibus
2419 1160 2599 1215 animo
2649 1160 2914 1228 imbutos,
2967 1173 3024 1219 et
3083 1166 3234 1234 regni
3285 1167 3378 1222 Dei
3419 1185 3509 1222 ar-

1946 1251 2064 1307 rhis
2107 1252 2425 1319 instructos,
2459 1261 2711 1322 oportere
2734 1262 2951 1311 terrena
2991 1255 3272 1328 despicere
3298 1260 3509 1328 judica-

1949 1346 2080 1401 bat:
2133 1362 2307 1418 neque
2358 1363 2570 1412 aurum,
2628 1363 2805 1418 neque
2863 1349 3083 1406 divitias
3141 1367 3314 1421 neque
3362 1354 3509 1408 aliud

1950 1438 2166 1508 quidvis
2195 1439 2333 1509 apud
2367 1439 2615 1494 homines
2660 1440 2960 1509 pretiosum
3005 1443 3158 1512 pensi
3199 1445 3505 1502 habendum

1949 1542 2060 1597 prae
2084 1529 2284 1584 collato
2318 1528 2448 1599 ipsis
2468 1530 2731 1585 caelorum
2767 1531 3043 1588 thesauro.
3079 1534 3184 1588 Sed
3215 1546 3270 1590 et
3311 1537 3510 1594 milites

1952 1620 2169 1674 eosdem
2205 1621 2356 1690 regni
2393 1621 2492 1676 Dei
2520 1621 2901 1688 conscribens,
2943 1624 3222 1692 expeditos
3261 1639 3383 1682 esse
3413 1643 3510 1682 cu-

1955 1713 2110 1768 rabat
2163 1714 2230 1767 ad
2283 1715 2725 1770 committendum
2772 1730 2896 1770 cum
2946 1717 3194 1772 hostibus
3236 1721 3507 1788 prndium.

281 1810 431 1877 ἀξιον
462 1810 714 1882 ἡγεῖσθαι
757 1809 852 1863 τοῦ
883 1809 1319 1881 παρασχεθέντος
1367 1812 1550 1876 αὐτοῖς
1599 1814 1848 1885 οὐρανίου

1951 1801 2245 1871 Propterea
2269 1803 2387 1858 sine
2407 1804 2870 1872 patrimonio-esse
2886 1805 3098 1862 volebat
3122 1808 3320 1866 milites
3340 1826 3504 1867 suos:

278 1902 529 1957 πλούτου.
576 1902 735 1956 Ἀλλά
763 1903 856 1956 καὶ
878 1900 1213 1973 στρατιώτας
1246 1904 1442 1968 αὐτοὺς
1465 1905 1564 1976 τῆς
1587 1906 1681 1959 τοῦ
1707 1907 1842 1961 Θεοῦ

280 1994 553 2065 βασιλείας
580 1995 875 2056 ἀποτελῶν,
904 1993 1170 2058 εὐζώνους
1198 1995 1606 2066 παρεσκεύαζεν
1632 1999 1724 2052 ἐπὶ
1754 1999 1845 2054 τὸν

1949 1892 2143 1946 etenim
2181 1893 2345 1947 Nemo
2380 1893 2619 1948 militans
2658 1894 2890 1963 implicat
2929 1912 2983 1950 se
3037 1899 3218 1952 mundi
3253 1901 3508 1971 negotiis,

1951 1993 2006 2036 ut
2037 1984 2106 2048 ei,
2139 2001 2171 2037 a
2198 1999 2299 2054 quo
2333 1987 2656 2054 conscriptus
2684 1987 2811 2056 fuit,
2844 1987 3046 2056 placeat
3075 1990 3144 2047 "°.

283 2089 422 2159 πρὸς
469 2090 594 2152 τοὺς
643 2087 1047 2158 ἀντικειμένους
1080 2088 1332 2159 πόλεμον.
1383 2089 1482 2142 Διά
1542 2089 1711 2144 ταῦτα
1779 2094 2086 2166 ἀκτήμονας
2130 2093 2264 2152 εἶναι
2318 2099 2550 2172 παρῄνει
2590 2101 2716 2164 τοὺς
2765 2103 2925 2156 αὐτοῦ
2967 2105 3336 2175 στρατιάνταςο
3391 2110 3512 2165 ἐπεὶ

283 2180 509 2249 Μηδεὶς
532 2180 1005 2248 στρατευόμενος
1035 2177 1390 2266 ἐμπτῖέκεται
1411 2180 1543 2247 ταῖς
1570 2183 1674 2236 τοῦ
1687 2184 1831 2248 ,βίου
1856 2190 2296 2257 πραγματείαις,
2325 2190 2423 2244 ἵνα
2443 2189 2522 2256 τῷ
2551 2192 3100 2262 στρατολογήσαντι
3118 2195 3331 2267 ἀρέσῃ.

357 2271 465 2326 Kal
489 2273 575 2337 είς
601 2269 682 2338 ἢν
709 2269 786 2324 ἂν
803 2271 1000 2326 οὶκίαν
1031 2256 1370 2338 εῑσέξὶθητε,
1397 2271 1523 2326 ἐκεῖ
1548 2273 1780 2343 μένετε.

367 2363 426 2417 '0
460 2363 643 2434 μέντοι
671 2360 893 2432 Κύριος,
925 2361 1108 2433 ἐπειδὴ
1151 2363 1446 2434 χρημάτων
1510 2365 1603 2418 καὶ
1651 2368 1850 2438 χρυσοῦ

279 2454 376 2509 καὶ
406 2453 644 2525 ἀργύρου
680 2453 774 2506 καὶ
803 2453 1026 2524 χιτῶνος
1055 2454 1326 2527 δευτέρου,
1361 2456 1542 2529 πάσης
1569 2476 1629 2512 τε
1674 2461 1851 2534 ὑπάρ-

280 2546 416 2614 ξεως
451 2547 550 2617 τὴν
585 2545 774 2616 κτῆσιν
808 2548 922 2609 τοῖς
960 2545 1226 2617 μαθηταῖς
1276 2547 1669 2620 ἀπηγόρευσεν,
1725 2553 1854 2623 ἐξῆς

279 2639 586 2702 ἀκολούθως
613 2638 754 2692 κατὰ
779 2637 873 2691 τὸν
900 2639 1191 2705 Ματθαῖον,
1224 2640 1371 2703 ὅπως
1388 2640 1456 2694 τά
1481 2642 1616 2713 πρὸς
1647 2645 1852 2716 τροφὴν

279 2734 462 2795 αὐτοῖς
497 2730 902 2802 πορισθήσεται,
927 2730 1238 2799 ἀναγκαίως
1264 2731 1543 2802 διεσάφει·
1565 2733 1645 2787 διὸ
1679 2735 1852 2806 ἐπῆγε

277 2823 450 2891 λέγων
472 2839 486 2853 ·
522 2821 715 2887 Ἄξιος
757 2824 790 2875 ὁ
829 2821 1079 2891 ἐργάτης
1107 2819 1215 2890 τῆς
1244 2822 1470 2892 τροφῆς
1506 2825 1713 2880 αὐτοῦ.
1741 2827 1852 2881 Καὶ

278 2915 421 2968 τοῦτ’
449 2913 599 2984 έλεγε
635 2914 840 2985 τροφῆς
896 2915 1063 2985 μόνης
1090 2915 1400 2986 ἐπιτρέπων
1443 2920 1716 2971 κοινωνεῖν
1741 2921 1853 2983 τοῖς

282 3007 552 3061 ἐθέλουσιν
594 3007 774 3068 αὐτοῖς
825 3005 1188 3077 μεταδιδόναιο
1243 3007 1496 3064 τοσοῦτον
1557 3011 1600 3064 δ’
1646 3010 1853 3080 ἀποφέ-

285 3099 470 3172 ρεσθαι
532 3097 841 3168 συνεχώρει,
870 3098 991 3151 ὅσον
1040 3096 1310 3169 αὔταρκες
1359 3095 1428 3171 ἦν
1481 3100 1656 3172 ἀνδρὶ,
1712 3100 1853 3173 πρὸς

286 3193 558 3264 ἐφήμερον
580 3189 838 3261 ἐργασίαν
861 3189 1048 3243 ἑαυτὸν
1084 3190 1481 3262 μεμισθωκότι,
1513 3193 1718 3265 τροφῆς
1759 3210 1854 3265 με-

285 3284 558 3337 ταλαϐεῖν.
596 3281 750 3335 Οὕτω
783 3280 912 3350 γοῦν
944 3282 1039 3335 xal.
1074 3285 1186 3346 τοῖς
1210 3283 1267 3336 δε
1299 3282 1497 3350 ἐξεῖναι
1525 3285 1586 3338 οὐ
1628 3285 1853 3356 μισθοὺς

286 3374 396 3426 τῶν
419 3372 745 3445 εὐεργεσιῶν
773 3372 1213 3444 εἰσπράττεσθαι,
1242 3375 1475 3443 Δωρεάν
1498 3376 1628 3446 γὰρ,
1667 3380 1851 3449 φησὶν,

285 3467 549 3530 ἐλάϐετε,
584 3465 808 3534 δωρεὰν
835 3464 999 3519 δότε’
1031 3465 1150 3520 ἀντὶ
1182 3467 1239 3520 δὲ
1263 3467 1365 3538 τῆς
1417 3468 1547 3539 περὶ
1587 3467 1647 3521 τὺ
1683 3471 1855 3541 κήρυ-

1951 2281 1996 2312 "
2018 2281 2082 2335 Et
2112 2283 2166 2336 in
2193 2299 2550 2352 quamcunque
2575 2285 2791 2338 domum
2818 2285 3154 2352 intraveritis,
3186 2288 3259 2341 ibi
3285 2300 3511 2345 manete.

2023 2376 2279 2431 Dominus
2308 2376 2521 2445 quidem
2545 2387 2829 2446 postquam
2857 2379 3164 2434 divitiarum
3197 2390 3248 2436 et
3275 2384 3391 2437 auri
3423 2393 3512 2437 at-

1952 2479 2059 2534 que
2089 2476 2323 2535 argenti,
2353 2465 2694 2535 duplicisque
2728 2469 2942 2535 tunicae,
2985 2479 3040 2524 et
3073 2470 3359 2538 cujuslibet
3383 2475 3513 2528 sub-

1952 2558 2164 2612 stantiae
2195 2559 2591 2628 possessionem
2641 2558 2918 2630 discipulis
2961 2571 3243 2628 vetuerat;
3295 2565 3511 2630 deinde,

1953 2660 2013 2704 ut
2041 2651 2287 2718 sequitur
2329 2649 2470 2720 apud
2499 2648 2806 2705 Matthmum
2833 2652 2903 2716 τ’,
2945 2656 3212 2721 quomodo
3255 2655 3510 2711 alimenta

1954 2740 2192 2796 habituri
2233 2739 2362 2804 sint,
2392 2740 2702 2795 necessario
2728 2740 3137 2796 demonstravit.
3177 2743 3298 2798 Ideo
3330 2745 3510 2800 dicere

1952 2833 2231 2903 perrexit:
2287 2831 2485 2902 Dignus
2505 2841 2581 2886 est
2609 2833 2879 2902 operarius
2917 2833 3164 2888 alimento
3206 2851 3317 2888 suo.
3347 2833 3513 2905 quue

1953 2927 2153 2988 aiebat,
2188 2924 2375 2981 volens
2411 2926 2724 2982 alimoniam
2766 2929 3144 2981 tantummodo
3187 2927 3515 2996 participare

1953 3015 2020 3070 ab
2051 3015 2116 3071 iis
2143 3015 2232 3085 qui
2263 3016 2440 3070 daturi
2469 3025 2664 3070 erant:
2705 3025 3020 3084 tantumque
3044 3031 3256 3071 sumere
3291 3018 3516 3086 permit-

1955 3105 2138 3168 tebat,
2175 3112 2438 3172 quantum
2468 3105 2789 3160 uutrimenti
2829 3104 3035 3160 homini
3064 3105 3133 3160 ob
3165 3105 3342 3161 diurni
3378 3122 3514 3178 ope-

1955 3195 2032 3250 ris
2065 3196 2368 3252 mercedem
2405 3198 2539 3253 satis
2565 3206 2648 3252 est
2674 3198 2944 3267 accipere.
2979 3197 3070 3254 Sic
3094 3213 3222 3270 ergo
3266 3201 3351 3255 his
3376 3217 3516 3272 quo-

1954 3299 2059 3354 que
2115 3283 2281 3341 licere
2328 3285 2472 3340 haud
2531 3301 2664 3342 sane
2713 3288 2963 3344 beneﬁcii
3021 3293 3512 3347 remunerationem

1955 3377 2192 3448 exigere,
2219 3377 2397 3435 Gratis
2423 3378 2559 3432 enim
2585 3379 2873 3445 accepistis,
2916 3378 3113 3449 inquit,
3155 3383 3318 3452 gratis
3342 3383 3473 3436 date
3491 3401 3514 3448 ;

1957 3471 2051 3525 sed
2091 3484 2188 3539 pro
2229 3469 2472 3538 impensa
2503 3467 2903 3538 praedicationis
2934 3484 3118 3539 opera,
3155 3487 3362 3542 proque
3389 3489 3511 3529 cor-

284 3576 400 3631 γμα
430 3558 624 3630 σχολῆς
649 3574 706 3610 τε
724 3556 818 3610 κατ⁹
838 3558 1117 3630 ἐργασίας,
1144 3559 1263 3612 ἀντί
1294 3577 1352 3612 τε
1390 3559 1497 3614 τῶν
1528 3559 1705 3616 πόνων
1759 3560 1850 3614 τοῦ

1955 3560 2232 3631 poralibus
2259 3560 2558 3627 laboribus,
2588 3574 2721 3628 quos
2738 3561 2810 3615 ab
2832 3561 2898 3616 iis
2926 3561 3189 3615 exantlari
3216 3562 3267 3616 in
3303 3572 3509 3619 tantam

289 3651 558 3724 σώματος,
592 3649 686 3714 οὓς
715 3648 982 3721 τοσαύτην
1016 3650 1396 3722 στελλομένους
1448 3652 1673 3723 πορείαν
1706 3652 1852 3717 εἰκὸς

283 3741 352 3818 ἦν
401 3742 688 3814 ὑπομένειν
737 3742 951 3807 αὐτοὺς,
985 3741 1150 3814 μόνης
1176 3744 1381 3815 τροφῆς
1404 3745 1504 3814 τῆς
1549 3745 1852 3813 ἀναγκαίας

285 3837 482 3908 χρῆναι
519 3833 944 3906 μεταλαμϐάνειν
970 3851 984 3864 ·
1014 3835 1108 3887 καὶ
1134 3834 1332 3907 ταύτης
1370 3835 1444 3906 μὴ
1472 3838 1582 3900 τοῖς
1630 3837 1852 3908 τυχοῦσι

286 3930 582 3990 κοινωνεῖν,
611 3926 742 3997 μηδὲ
763 3923 912 3996 παρὰ
934 3925 1040 3978 τῶν
1063 3926 1321 3997 παρέχειν
1344 3926 1631 3980 ἐθελόντων
1655 3927 1855 3982 ἀϐασα-

286 4020 484 4082 νίστως
531 4016 844 4089 λαμϐάνειν,
893 4015 1086 4087 μόνους
1140 4017 1197 4070 δέ
1246 4018 1367 4082 τοὺς
1399 4016 1580 4082 ἀξίους
1599 4021 1665 4090 τῇ
1694 4017 1853 4090 λήψει

285 4113 486 4183 τιμᾷνο
512 4105 592 4174 οἷς
620 4109 712 4162 καὶ
759 4107 1017 4179 μεγίστην
1050 4107 1284 4180 ἀμοιϐὴν
1320 4109 1418 4180 τῆς
1464 4109 1668 4181 τροφῆς
1719 4127 1852 4180 προ-

285 4203 659 4275 λαμϐάνοντας
680 4200 1014 4267 ἀντιδιδόναι,
1040 4202 1260 4272 εἰρήνην
1285 4201 1466 4265 αὐτοῖς
1497 4203 1589 4255 καὶ
1620 4202 1717 4266 τὰς
1759 4200 1850 4256 τοῦ

281 4294 415 4349 Θεοῦ
448 4293 738 4363 διαλλαγὰς
766 4291 1300 4364 εὐαγγελιζομένους.
1327 4293 1512 4348 Ταῦτα
1543 4294 1588 4348 δ’
1626 4293 1851 4348 ἀκολού-

283 4388 392 4452 θως
417 4389 530 4451 τοῖς
553 4387 651 4457 τῆς
682 4384 846 4439 αὐτοῦ
876 4383 1152 4455 βασιλείας
1183 4383 1540 4457 στρατιώταις
1585 4385 1815 4458 παρῄνει
1834 4403 1849 4419 ο

281 4475 836 4550 προμαρτυρούμενος
870 4474 942 4547 μή
973 4476 1270 4548 χρημάτων
1304 4477 1571 4547 ἐφίεσθαι,
1607 4479 1741 4550 μηδέ
1773 4496 1854 4533 τι-

279 4587 369 4635 νος
418 4569 479 4622 τὸ
527 4568 785 4640 παράπαν
834 4569 1111 4638 κτήματος
1160 4570 1357 4642 μικροῦ
1395 4571 1428 4641 ἢ
1484 4569 1743 4640 μεγάλου,
1772 4573 1853 4636 είς

279 4662 450 4735 ἀκρον
480 4661 524 4714 δ’
568 4659 810 4714 ἐλαύνειν
857 4661 1265 4732 ἀκτημοσύνης·
1305 4662 1405 4732 τῆς
1455 4678 1515 4714 τε
1577 4662 1851 4735 ἐφημέρου

278 4755 486 4828 τροφῆς
513 4754 586 4826 μὴ
610 4756 722 4817 τοῖς
749 4753 934 4813 πᾶσιν,
959 4753 992 4824 ἢ
1021 4755 1132 4816 τοῖς
1155 4752 1324 4819 ἀξίοις
1354 4752 1533 4824 μόνοις
1558 4756 1848 4807 κοινωνεῖν·

280 4851 375 4902 καὶ
417 4847 550 4919 μηδὲ
589 4845 739 4916 παρά
762 4844 965 4900 τούτων
995 4847 1193 4915 προῖκα
1223 4843 1488 4898 ποιεῖσθαι
1542 4844 1640 4915 τὴν
1689 4845 1852 4916 μετά-

277 4939 472 5010 ληψιν,
522 4937 976 5010 προδανείσαντας
1029 4937 1087 4990 δὲ
1140 4937 1234 4991 καὶ
1278 4937 1848 5008 προευεργετήσαντας

280 5033 398 5093 ταῖς
422 5032 550 5101 παρ’
573 5030 778 5084 ἐαυτῶν
813 5030 1102 5100 εὐλογίαις.
1134 5061 1202 5070 -
1227 5026 1574 5100 Περιφράξας
1598 5029 1722 5092 τοὺς
1754 5045 1851 5098 μα·

281 5119 450 5190 θητάς
473 5122 501 5173 ὁ
529 5121 730 5192 Κύριος
765 5121 965 5186 ἐνθέοις
996 5122 1253 5193 δυνάμεσι
1274 5120 1370 5174 καὶ
1400 5121 1512 5183 τοῖς
1538 5119 1846 5190 φιλοσόφοις

1953 3652 2346 3722 expeditionem
2383 3651 2562 3706 missis
2590 3665 2723 3718 opus
2759 3660 2896 3716 erat,
2925 3651 3068 3706 aliud
3101 3653 3232 3708 nihil
3261 3664 3514 3724 Oportere

1955 3756 2115 3810 quam
2145 3742 2503 3797 necessariam
2536 3740 2842 3796 alimoniam
2873 3742 3147 3812 accipere:
3183 3752 3345 3815 atque
3371 3745 3512 3802 hanc

1958 3835 2132 3904 ipsam
2182 3848 2292 3889 non
2336 3833 2404 3888 ab
2449 3835 2699 3890 omnibus
2746 3832 3115 3889 indiderenter
3160 3850 3377 3891 sumere
3419 3837 3510 3906 qui

1955 3926 2083 3982 dare
2125 3926 2344 3992 vellent,
2373 3925 2468 3982 sed
2499 3941 2593 3981 eos
2627 3926 2998 3981 tantummodo
3027 3927 3127 3982 hac
3160 3929 3398 3984 muneris
3431 3943 3516 3984 ac-

1953 4017 2205 4087 ceptione
2261 4017 2533 4072 honorare
2580 4017 2671 4087 qui
2715 4017 2860 4085 digni
2908 4027 3114 4084 essent,
3154 4028 3211 4073 et
3261 4020 3353 4090 qui
3396 4035 3516 4075 ma-

1953 4110 2156 4164 ximam
2194 4108 2305 4178 jam
2338 4109 2561 4180 (pridem
2591 4109 2701 4165 dati
2740 4108 2847 4164 cibi
2896 4111 3384 4167 remunerationem
3421 4128 3515 4168 ac-

1953 4199 2228 4269 cepissent
2273 4199 2341 4254 ab
2382 4199 2450 4254 iis
2497 4198 2587 4268 qui
2629 4213 2814 4269 pacem
2843 4207 2898 4254 et
2944 4215 3066 4255 cum
3115 4201 3223 4256 Deo
3268 4204 3514 4259 reconci-

1953 4290 2228 4346 liationem
2259 4291 2654 4362 evangelizant.
2683 4288 2807 4346 Hazc
2863 4301 3223 4348 consentanea
3255 4293 3402 4363 regni
3429 4294 3515 4350 sui

1954 4383 2223 4439 militibus
2281 4384 2572 4451 monebat;
2613 4391 2840 4439 testatus
2877 4391 3072 4450 antea,
3109 4399 3215 4438 non
3261 4397 3514 4454 oportere

1953 4475 2147 4544 Opibus
2173 4473 2403 4541 inhiare,
2450 4487 2546 4529 nec
2577 4471 2864 4541 cujuslibet
2889 4475 3112 4530 omnino
3143 4476 3260 4532 sive
3301 4491 3514 4546 magna:

1956 4564 2071 4620 sive
2104 4566 2282 4621 tenuis
2319 4566 2398 4620 rei
2435 4566 2760 4636 possessioni
2790 4581 2805 4632 ;
2839 4566 2932 4620 sed
2962 4574 3327 4636 paupertatem
3359 4582 3513 4621 sum-

1955 4673 2097 4713 mam
2127 4660 2345 4716 sectari.
2372 4657 2513 4725 Quin
2552 4659 2707 4722 adeo,
2734 4667 2793 4711 ut
2835 4657 3103 4722 diximus,
3145 4672 3212 4712 ne
3246 4659 3516 4727 quotidia-

1955 4766 2083 4806 num
2114 4750 2330 4821 quidem
2374 4751 2576 4806 victum
2605 4749 2673 4804 ab
2698 4749 2947 4805 omnibus
2985 4749 3377 4814 indiﬂ‘erenter,
3417 4751 3513 4805 sed

1954 4855 1985 4896 a
2027 4842 2205 4912 dignis
2246 4850 2452 4898 tantum
2504 4841 2876 4912 participare;
2917 4854 3094 4910 neque
3142 4841 3286 4895 hunc
3335 4841 3511 4910 ipsum

1953 4934 2218 5005 gratuito.
2250 4934 2344 4990 sed
2377 4948 2543 5004 opera
2576 4934 2629 4989 in
2657 4942 2995 4988 antecessum
3027 4931 3286 4999 praestita,
3324 4941 3382 4986 et
3419 4933 3514 4986 im-

1953 5027 2168 5096 pertitis
2205 5027 2319 5083 suis
2344 5042 2471 5097 erga
2515 5025 2636 5081 illos
2667 5023 3150 5080 benedictionibus.
3175 5050 3243 5062 —
3274 5019 3367 5077 Sic
3415 5023 3515 5076 ita-

1955 5136 2060 5191 que
2089 5136 2320 5191 superna
2370 5121 2609 5190 potentia
2640 5130 2695 5177 et
2742 5116 3075 5189 sapientibus
3121 5116 3512 5171 adhortationi-

280 5215 684 5286 παραινέσεσιν,
719 5215 980 5282 εὐζώνους
1013 5217 1209 5280 αὐτοὺς
1240 5211 1327 5270 οἶα
1380 5214 1515 5270 Θεοῦ
1573 5214 1848 5284 βασιλείας

1954 5215 2056 5270 bus
2093 5214 2457 5270 communitos
2499 5212 2808 5284 discipulos,
2855 5209 3238 5280 expeditosque
3274 5206 3386 5276 jam
3418 5207 3512 5262 Dei

284 5309 617 5377 στρατιώτας
657 5308 1105 5379 ἀπεργασάμενος
1151 5308 1443 5380 ἐξέπεμψε,
1501 5307 1849 5371 διδασκάλους

1954 5303 2106 5374 regni
2148 5302 2345 5356 milites
2372 5302 2717 5368 constitutos,
2773 5299 2920 5355 misit
2973 5313 3067 5353 eos
3115 5298 3402 5366 magistros
3447 5311 3514 5350 ae

201 5459 206 5466 ,
249 5397 374 5453 ’καὶ
399 5400 612 5470 ἰατροὺς
635 5402 746 5463 τοῖς
783 5399 1072 5463 Ἰουδαίοις,
1104 5399 1308 5470 μυρίων
1338 5400 1517 5464 αὐτοῖς
1555 5398 1842 5468 ἐσομένους

1951 5395 2186 5450 medicos
2228 5395 2297 5450 ad
2338 5393 2572 5458 Judaeos,
2611 5403 2668 5448 ut
2711 5393 2797 5449 bis
2841 5389 3311 5446 innumerabilium
3343 5389 3514 5443 bono-

279 5489 501 5558 ἀγαθῶν
537 5491 822 5565 προξένους
850 5493 944 5545 καὶ
970 5491 1234 5561 κήρυκας.
1267 5493 1327 5545 Ol
1368 5491 1434 5545 ,δὲ
1474 5492 1613 5545 κατά
1671 5489 1844 5543 ταῦτα

1953 5502 2071 5541 rum
2106 5486 2279 5541 nuntii
2333 5494 2512 5541 essent
2541 5495 2702 5556 atque
2731 5485 2967 5539 datores.
3017 5480 3079 5536 lli
3115 5495 3241 5536 vero
3279 5479 3354 5534 ita
3387 5492 3513 5548 ege-

279 5582 515 5648 ἐποίουν,
547 5584 640 5636 καὶ
672 5581 944 5655 πανταχοῦ
979 5581 1289 5653 περιῄεσαν,
1317 5581 1390 5647 ὡς
1417 5583 1515 5654 μὲν
1538 5581 1845 5637 διδάσκαλοι

1951 5588 2112 5646 runt,
2159 5588 2215 5635 ct
2260 5593 2665 5650 quaquerersus
2717 5576 3085 5632 discurrentes
3118 5589 3215 5630 ceu
3268 5568 3511 5643 magistri

354 5766 399 5797 ⁷⁸
430 5763 469 5820 ll
498 5765 636 5822 Tim.
668 5782 724 5836 ιι,
757 5768 841 5823 lO.
914 5767 956 5800 ⁷⁸
983 5779 1103 5836 cap.
1148 5781 1222 5834 Ix,
1249 5763 1300 5820 ι.
1372 5766 1414 5797 ⁷³
1444 5764 1627 5821 Matth.
1657 5779 1708 5832 ι,
1742 5762 1823 5820 l0.
