4170 6406
575 343 678 403 547

1234 333 1504 391 ΕΠΞΕΒΙΙ
1543 329 2018 388 CESARIENSIS
2051 329 2201 386 OPP.
2244 331 2423 386 PARS
2461 330 2548 386 lll.
2588 358 2656 368 —
2691 327 3101 386 EKEGETICA.

3705 329 3811 383 ειε

571 451 1036 524 evangeiizu-hant,
1063 461 1169 502 ceu
1220 445 1410 500 medici
1449 445 1734 506 sanabant,
1765 453 1819 497 et
1860 459 2129 500 sermones

2237 443 2725 514 εὐαγγελιζόμενοι.
2751 442 2824 506 ὡς
2849 441 2906 494 δὲ
2937 441 3109 511 ἰατροὶ
3131 437 3544 512 θεραπεύοντες.
3565 439 3659 492 καί⁵
3685 445 3810 506 τοὺς

573 561 699 602 suos
743 543 994 613 operibus
1027 539 1407 606 miraculisque
1437 535 1853 591 confirmabant.

711 677 756 710 ⁷³
789 676 1000 730 Audiuit
1039 685 1210 726 autem
1257 671 1489 724 Herodes
1529 673 1786 726 lett-archo
1817 673 1992 726 omnia

1079 759 1196 812 qua:
1217 742 1410 810 ﬁebant
1452 743 1514 794 ab
1542 759 1622 797 eo.
2069 743 2072 746 λ

647 881 756 938 Sub
794 879 1102 936 Servatoris
1135 877 1420 932 adventum
1463 875 1574 945 jam
1603 877 1924 933 dissolutum
1959 879 2137 934 fuerat

571 970 770 1028 Iudaeis
817 971 1016 1023 avitum
1065 983 1310 1037 regnum,
1343 965 1674 1020 dissolutum
1706 967 1872 1021 etiam
1916 969 2136 1038 proprio

567 1063 688 1131 jure
728 1061 940 1115 vivendi
998 1058 1357 1128 privilegium,
1402 1065 1456 1110 et
1497 1056 1744 1123 libertas,
1787 1071 1849 1111 ac
1893 1058 2136 1128 regulare

573 1153 952 1207 sacerdotium.
1003 1149 1068 1203 Et
1115 1147 1338 1218 legitimi
1387 1146 1606 1216 quidem
1673 1147 1944 1217 principes
2003 1148 2131 1201 nulli

571 1255 746 1306 erant,
794 1243 886 1296 sed
925 1241 1168 1296 Herodes
1199 1240 1422 1310 ejusque
1469 1239 1620 1294 liberi
1667 1239 1934 1309 Agrippas
1971 1247 2134 1309 atque

569 1335 886 1398 Archelaus,
911 1347 1106 1402 genere
1134 1332 1400 1392 extranei,
1425 1346 1454 1384 ι
1483 1330 1740 1384 Romanis
1767 1331 2054 1400 imperium
2077 1332 2131 1384 in

567 1425 783 1484 Iudaeos
813 1433 1174 1495 acceperant;
1217 1439 1446 1493 quorum
1493 1424 1638 1493 regio
1685 1423 1738 1477 in
1784 1423 2130 1478 tetrarchiam

569 1520 744 1576 fuerat
787 1519 993 1584 divisa,
1039 1527 1259 1586 totaque
1299 1530 1432 1585 gens
1474 1513 1738 1569 Romanis
1769 1524 1887 1569 erat
1933 1516 2132 1584 stipen-

571 1611 760 1670 diaria.
795 1608 1154 1678 quaestoribus
1187 1621 1406 1660 censum
1441 1621 1539 1674 per
1573 1605 1780 1676 singula
1805 1606 1984 1674 capita
2019 1615 2125 1660 sta-

570 1709 683 1754 tuto
719 1709 962 1767 tempore
994 1697 1334 1766 exigentibus
1355 1697 1585 1751 militari
1615 1711 1799 1750 manu.
1835 1696 2126 1766 Propterea

2239 537 2429 606 λόγους
2453 536 2538 588 διὰ
2563 535 2670 588 τῶν
2701 533 2876 606 ἔργων
2903 532 3000 586 καὶ
3032 531 3140 586 τῶν
3171 530 3414 602 σημείων
3439 529 3808 600 πιστούμενοι.

2243 669 2496 722 Ἤκουσε
2524 665 2591 718 δὲ
2612 665 2862 735 Ἡρώδης
2896 669 2929 719 ὁ
2956 663 3277 735 τετράρχης
3303 665 3375 716 τὰ
3402 663 3682 732 γινόμενα
3705 663 3808 716 ὑπ’

2513 757 2517 760 ·
2671 734 2688 764 ⁷·
2803 735 2987 788 αὺτοῦ
3022 734 3235 787 πάντα.

2314 873 2437 926 Ἐπὶ
2481 871 2582 941 τῆς
2637 869 2938 940 παρουσίας
2987 867 3080 920 τοῦ
3132 867 3416 937 Σωτῆρος,
3465 865 3652 919 λέλυτο
3707 865 3806 936 μὲν

2247 963 2516 1025 Ἰουδαίοις
2539 962 2639 1033 ἤδη
2663 960 2846 1014 λοιπὸν
2871 960 2939 1012 τὰ
2959 960 3054 1029 τῆς
3079 959 3144 1014 ἐκ
3177 957 3455 1028 προγόνων
3489 957 3765 1027 βασιλείας
3785 971 3802 990 ⁸

2235 1055 2422 1110 λέλυτο
2470 1053 2526 1108 δὲ
2579 1053 2650 1106 τὰ
2701 1053 2798 1120 τῆς
2826 1050 3146 1121 αὐτονομίας
3176 1051 3269 1104 καὶ
3293 1048 3619 1120 ἐλευθερίας,
3648 1052 3718 1106 τά
3743 1067 3804 1104 τε

2232 1145 2329 1214 τῆς
2356 1143 2614 1214 ὲνθέσμου
2643 1142 2958 1214 ἱερωσύνης.
2983 1139 3094 1194 Καὶ
3112 1141 3158 1192 οἱ
3197 1140 3292 1209 μὲν
3319 1136 3460 1192 κατά
3483 1137 3676 1208 νόμους
3703 1139 3804 1210 ἄρ·-

2233 1250 2416 1304 χοντες
2437 1233 2617 1286 ούκέτι
2647 1227 2785 1302 ¹ἦσαν
2809 1233 2988 1294 αὐτοῖς
3006 1247 3022 1264 ·
3070 1229 3316 1301 Ἡρώδης
3347 1229 3404 1282 δὲ
3443 1229 3536 1282 καὶ
3587 1231 3636 1282 οἱ
3675 1230 3803 1282 τού-

2231 1347 2324 1383 του
2357 1329 2540 1392 παῖδες
2584 1328 2886 1400 Ἀγρίππας
2907 1329 3000 1382 καὶ
3039 1325 3352 1398 Ἀρχέλαος,
3378 1324 3440 1378 τὸ
3463 1324 3622 1392 γένος
3641 1321 3803 1376 ἀλλό-

2231 1421 2404 1490 φυλοι,
2431 1421 2580 1493 παρὰ
2617 1421 2900 1493 Ῥωμαίων
2933 1422 3030 1492 τὴν
3072 1419 3190 1474 κατ’
3236 1417 3414 1472 αὐτῶν
3455 1413 3594 1488 ἦσαν
3629 1414 3803 1486 ἀρχὴν

2229 1513 2726 1584 ἐγκεχειρισμένοι“
2759 1511 2980 1583 διῄρητο
3005 1527 3062 1564 τε
3092 1512 3172 1574 είς
3209 1508 3532 1580 τετραρχίαν
3569 1509 3602 1578 ἡ
3643 1505 3802 1577 χώρα

2227 1605 2431 1662 αὐτῶν·
2461 1605 2522 1658 τό
2555 1623 2614 1658 τε
2661 1608 2767 1660 πᾶν
2797 1605 2947 1668 ἔθνος
2983 1604 3253 1674 ύπόφορον
3283 1601 3626 1673 καθειστήκει
3662 1603 3800 1656 Ῥω-

2233 1699 2431 1768 μαίοις,
2462 1697 2552 1750 τὸν
2587 1698 2782 1768 κῆνσον
2816 1696 2957 1751 κατὰ
3003 1695 3244 1766 κεφαλὴν
3293 1694 3600 1766 ἐπιτρόπων
3657 1694 3800 1748 κατά

568 1807 688 1844 cum
727 1790 818 1844 Dei
873 1803 1094 1858 regnum
1142 1787 1346 1842 Iudaeis
1397 1788 1572 1858 primo
1617 1787 1912 1858 praedicare
1960 1787 2122 1856 jussit

2223 1791 2447 1861 καιροὺς
2475 1788 2952 1859 εἰσπραττομένων
2983 1789 3082 1841 σὺν
3109 1787 3253 1860 χειρὶ
3275 1790 3658 1859 στρατιωτικῇ.
3679 1786 3796 1850 Διὸ,

567 1881 852 1950 discipulos
889 1895 1036 1945 suos,
1067 1891 1336 1947 pereuntes
1387 1895 1501 1934 oves
1545 1882 1734 1933 damus
1775 1879 1990 1933 Israelis
2029 1878 2127 1934 ιυ-

569 1975 711 2026 όεευδ
736 1972 1014 2042 appellavit
1047 1972 1113 2022 ⁷⁸.

2229 1879 2329 1946 τῆς
2355 1878 2448 1932 τοῦ
2475 1877 2609 1931 Θεοῦ
2635 1877 2904 1946 βασιλείας
2943 1877 3002 1930 τὸ
3038 1879 3300 1948 κήρυγμα
3339 1877 3574 1948 πρώτοις
3613 1877 3800 1940 αὐτοῖς

2232 1971 2582 2040 ἐπαγγέλλειν
2605 1971 2633 2024 ὁ
2667 1971 2858 2042 Σωτὴρ
2891 1973 2999 2033 τοῖς
3031 1969 3195 2024 αὐτοῦ
3226 1970 3498 2041 μαθηταῖς
3551 1988 3797 2040 παρακε-

563 2069 908 2138 λευσάμενος,
947 2065 1312 2120 ’ἀπολωλότα
1349 2068 1612 2133 πρόϐατα
1663 2064 1833 2118 οἴκου
1876 2065 2123 2132 Ἰσραὴλ
2157 2067 2355 2129 αὐτοὺς
2391 2068 2659 2138 ὠνόμασε.

562 2205 608 2238 ⁷³
637 2204 776 2259 Sam
808 2205 896 2276 qui
947 2201 1434 2276 ntejerubuerittet
1467 2217 1608 2276 meos
1649 2216 1944 2267 sermones,
1985 2201 2124 2254 hunc

967 2271 1142 2324 Filius
1169 2271 1402 2324 hominis
1443 2271 1726 2325 erubescet.

633 2387 726 2442 His
761 2384 1054 2454 peroratis,
1093 2380 1233 2452 quod
1291 2395 1483 2450 nempe
1527 2379 1820 2449 discipulos
1851 2387 2126 2448 Oporteret

561 2480 857 2535 imitatores
879 2475 1050 2544 ipsius
1087 2473 1226 2536 ﬁeri,
1253 2487 1426 2541 neque
1453 2482 1678 2526 mortem
1716 2470 1996 2539 defugere,
2031 2487 2125 2526 ne-

561 2585 666 2642 que
709 2569 903 2622 anima
943 2565 1171 2636 propriae
1195 2565 1425 2635 vitaeque
1456 2577 1678 2632 parcere
1721 2574 1942 2632 propter
1971 2579 2121 2632 spem

561 2663 613 2715 in
637 2662 850 2715 Christo
883 2657 1517 2720 collocatam,commode
1547 2657 1851 2718 continuat,
1875 2659 2122 2710 secunda:

561 2767 670 2808 sua:
701 2750 892 2804 divinae
921 2747 1175 2818 mysteria
1211 2749 1431 2803 tradens
1463 2745 1932 2802 manifestation’is.
1961 2745 2122 2801 Valde

559 2853 736 2896 autem
781 2841 971 2896 idonee
1005 2855 1066 2894 ac
1115 2839 1423 2894 necessario
1471 2840 1586 2893 hac
1640 2839 1815 2892 aiebat
1869 2839 1996 2900 illis,
2028 2839 2118 2907 qui

557 2935 828 2986 cruciatus
863 2933 980 3001 ejus
1023 2946 1186 2986 causa
1231 2929 1460 2986 subituri
1505 2939 1694 2994 erant,
1734 2939 1787 2984 et
1841 2945 2013 2997 usque
2051 2929 2117 2983 ad

559 3033 782 3076 mortem
832 3021 1192 3083 decertaturi,
1235 3021 1454 3092 prtemia
1499 3021 1708 3075 scilicet
1751 3023 1885 3075 tanti
1931 3022 2118 3090 agonis

559 3113 733 3168 futura
761 3129 1082 3184 proponens.
1113 3114 1258 3184 Opus
1295 3115 1442 3169 enim
1483 3124 1624 3178 erat,
1651 3115 1830 3184 utqui
1867 3128 1989 3168 eum
2029 3128 2116 3168 se-

2234 2207 2356 2276 Ὃςί
2375 2205 2484 2276 γὰρ
2515 2205 2892 2276 ἐπαισχυνθῇ
2923 2223 2998 2276 με
3018 2275 3023 2276 ί
3041 2205 3138 2259 καὶ
3167 2205 3305 2271 τοὺς
3329 2205 3507 2274 ἐμοὺς
3546 2207 3794 2276 ,λόγουςι

2261 2275 2478 2330 τοῦτον
2506 2281 2538 2330 ὁ
2565 2275 2824 2343 mgna
2843 2275 3155 2344 ἀνθρώπου
3185 2275 3753 2345 ἐπαισχυνθήσεται.

2290 2386 2623 2458 Διαλαλήσας
2652 2387 2720 2441 τὰ
2747 2389 3006 2459 εἰρημένα
3058 2389 3184 2462 περὶ
3215 2387 3308 2442 τοῦ
3336 2389 3446 2442 δεῖν
3481 2390 3574 2444 καὶ
3596 2391 3796 2456 αὐτοὺς

2233 2483 2470 2552 μιμητὰς
2501 2481 2663 2535 αὑτοῦ
2697 2482 2965 2550 γενέσθαι,
3007 2484 3098 2534 καὶ
3127 2482 3200 2552 μὴ
3230 2481 3449 2552 φεύγειν
3491 2483 3580 2535 τὸν
3633 2481 3797 2536 θάνα-

2226 2589 2336 2634 τον,
2362 2572 2596 2640 ἀφειδεῖν
2623 2572 2678 2626 δὲ
2710 2573 2803 2626 καὶ
2837 2575 2936 2641 της
2966 2572 3172 2625 ἑαυτῶν
3194 2573 3370 2644 ψυχῆς
3395 2590 3453 2626 τε
3505 2573 3596 2626 καὶ
3647 2575 3795 2641 ζωῆς

2226 2662 2409 2714 ἕνεκεν
2438 2664 2533 2734 τῆς
2563 2664 2640 2726 είς
2673 2663 2834 2716 αὐτὴν
2864 2663 3092 2726 ἐλπίδος,
3131 2665 3483 2720 ἐπισυνάπτει
3523 2665 3794 2738 εὐκαίρως

2223 2756 2292 2808 τὰ
2322 2758 2446 2826 περὶ
2472 2757 2572 2826 τῆς
2595 2756 2852 2827 δευτέρας
2892 2755 3055 2810 αὑτοῦ
3093 2757 3406 2828 θεοφανείας
3427 2757 3536 2828 (55)
3567 2758 3796 2830 παραδι-

2224 2847 2346 2911 δοὺς
2391 2850 2566 2912 αὐτοῖς
2625 2851 2914 2921 μυστήρια.
2971 2851 3184 2922 Σφόδρα
3229 2849 3286 2904 δὲ
3343 2850 3648 2915 ἀκολούθως
3697 2853 3794 2904 καὶ

2223 2939 2532 3007 ἀναγκαίως
2572 2939 2740 2994 ταῦτα
2767 2940 2916 3010 ἔλεγε
2947 2943 3058 3004 τοῖς
3103 2941 3385 3011 μέλλουσιν
3443 2943 3580 3014 ὑπὲρ
3625 2943 3792 2996 αὐτοῦ

2219 3029 2305 3083 διὰ
2367 3031 2610 3102 βασάνων
2660 3037 2855 3103 χωρεῖν
2879 3073 2893 3096 ,
2937 3033 3030 3086 καὶ
3087 3033 3246 3104 μέχρι
3301 3033 3527 3088 θανάτου
3594 3036 3793 3104 ἀγωνί-

2221 3120 2427 3186 ζεσθαι,
2457 3123 2539 3186 τίς
2589 3123 2740 3176 ἔσται
2785 3126 2814 3178 ό
2862 3124 3071 3196 καρπὸς
3102 3123 3194 3176 τοῦ
3255 3125 3510 3178 τοσούτου
3579 3127 3792 3194 ἀγῶνος

556 3218 872 3278 quaerentur,
911 3206 1132 3276 ejusque
1157 3207 1384 3276 vestigia
1421 3215 1818 3275 premerent,et
1851 3207 2116 3274 prapriam

2221 3213 2485 3284 παριστὰς
2505 3214 2704 3278 αὐτοῖς.
2741 3215 2887 3268 Ἔδει
2926 3215 3032 3287 γὰρ
3074 3215 3199 3278 τοὺς
3237 3215 3525 3286 μέλλοντας
3557 3216 3788 3270 ἕπεσθαι

555 3299 780 3368 quisque
830 3311 1047 3351 crucem
1103 3303 1406 3358 sumerent,
1447 3305 1606 3364 prout
1651 3295 1770 3365 ejus
1813 3295 2115 3362 exeinplum

553 3393 812 3455 docebat;
853 3398 1102 3444 accurate
1133 3403 1346 3458 quoque
1397 3397 1685 3442 noscerent
1738 3390 1982 3457 quisnam
2028 3389 2119 3440 de-

555 3497 700 3536 mum
735 3480 781 3534 is
817 3488 959 3534 esset
987 3479 1142 3548 cujus
1177 3493 1334 3533 causa
1369 3487 1447 3532 tot
1489 3486 1746 3546 tantaque
1778 3487 1957 3532 essent
1992 3492 2115 3544 pas—

553 3573 687 3626 suri.
715 3569 1054 3640 Tempestive
1101 3580 1276 3623 autem
1325 3569 1519 3623 Filium
1567 3569 1805 3623 hominis
1848 3569 1952 3622 hoc
1997 3568 2115 3621 loco

551 3663 783 3733 amellat
825 3679 945 3717 eum
969 3663 1055 3732 qui
1083 3671 1324 3724 venerat.
1359 3673 1418 3715 ut
1445 3661 1680 3716 Danielis
1713 3661 2024 3714 vaticinium
2060 3661 2112 3713 in

554 3767 782 3810 mentem
834 3765 1141 3820 revocaret,
1182 3754 1323 3824 quod
1366 3763 1451 3808 est
1485 3753 1788 3822 hujusmodi
1828 3769 1840 3804 :
1879 3751 1948 3806 Et
2000 3768 2114 3804 ecce

550 3843 721 3897 Filius
746 3843 968 3896 hominis
990 3843 1288 3896 adveniebat
1313 3843 1369 3896 in
1391 3843 1631 3906 nubibus,
1657 3853 1705 3896 et
1735 3859 1894 3912 usque
1915 3843 1982 3894 ad
2003 3842 2113 3894 An-

549 3936 752 4002 tiquum
784 3933 984 3984 dierum
1009 3933 1256 3996 pervenit.
1281 3931 1348 3984 Et
1372 3933 1469 4000 ipsi
1494 3933 1678 3986 datum
1718 3943 1794 3986 est
1835 3933 2110 4002 imperium

549 4033 598 4076 et
619 4025 802 4086 honor,
826 4031 872 4073 et
905 4037 1118 4090 regnum
1140 4021 1206 4074 ".
1253 4021 1360 4075 Sed
1398 4036 1523 4074 cum
1562 4021 1752 4076 Petrus
1789 4022 1962 4090 ipsum
1989 4036 2110 4076 esse

548 4114 820 4168 Christum
852 4113 1132 4168 confessus
1182 4121 1293 4177 est,
1325 4123 1380 4167 et
1415 4113 1506 4166 Dci
1545 4113 1652 4167 vivi
1695 4111 1889 4167 Filium
1912 4153 1928 4179 ,
1951 4129 2014 4168 ex
2044 4129 2108 4168 eo

553 4217 792 4274 tempore
817 4207 979 4273 erepit
1019 4205 1124 4258 illis
1149 4205 1475 4273 significare,
1513 4205 1680 4258 multa
1711 4221 1770 4260 se
1804 4205 1912 4276 pati
1948 4221 2108 4275 Opor-

550 4305 660 4350 Iere
681 4303 734 4348 et
753 4295 947 4350 occidi.
981 4293 1114 4348 Cum
1150 4305 1327 4348 autem
1363 4295 1500 4348 idem
1529 4295 1718 4349 mortis
1740 4305 2106 4364 contemptum

548 4388 852 4454 imperaret,
877 4393 931 4441 et
961 4400 1020 4439 se
1073 4383 1238 4438 multa
1271 4384 1379 4454 pati
1428 4385 1649 4451 debere,
1683 4395 1808 4441 tunc
1845 4401 1976 4440 sane
2013 4401 2106 4455 op-

2220 3301 2367 3372 αὐτῷ
2395 3304 2485 3354 καὶ
2515 3303 2687 3355 ὀπίσω
2711 3302 2874 3356 αὐτοῦ
2904 3304 3154 3368 ἀπιέναι,
3185 3303 3277 3356 τόν
3299 3321 3358 3356 τε
3397 3305 3525 3356 ἴδιον
3555 3307 3789 3377 σταυρδν

2217 3394 2610 3464 ἀναλαμϐάνειν
2641 3394 2780 3447 κατὰ
2800 3397 2896 3466 τὴν
2936 3394 3097 3448 αὑτοῦ
3129 3395 3376 3466 μίμησιν,
3405 3395 3605 3463 γνῶναι
3627 3399 3790 3468 ἀκρι-

2217 3485 2326 3548 6ὦς
2344 3487 2395 3538 τί
2427 3486 2554 3538 ποτε
2579 3488 2724 3540 ἐστιν
2749 3481 2901 3549 οὗτος
2933 3486 3072 3558 ὑπὲρ
3104 3481 3164 3539 οὗ
3187 3487 3253 3540 τὰ
3280 3485 3516 3540 τοσαῦτα
3557 3487 3786 3558 μέλλου-

2217 3594 2267 3630 σι
2292 3578 2534 3647 πάσχειν.
2569 3579 2852 3650 Εὑκαίρως
2874 3579 2929 3631 δὲ
2959 3579 3085 3632 Υίδν
3141 3578 3429 3649 ἀνθρώπου
3480 3583 3538 3632 ἐν
3573 3580 3786 3643 τούτοις

2213 3669 2301 3721 τὸν
2328 3669 2616 3740 ἐρχόμενον
2656 3670 2955 3740 ὠνόμασεν,
3013 3670 3090 3733 είς
3144 3669 3445 3739 ὑπόμνησιν
3497 3672 3594 3742 τῆς
3631 3672 3786 3742 παρὰ

2211 3761 2304 3814 τοῦ
2339 3762 2534 3832 Δανιὴλ
2562 3763 2910 3833 προφητείας,
2941 3761 3062 3831 ἥτις
3093 3759 3242 3829 ἔλεγε
3267 3778 3280 3790 ·
3319 3763 3430 3816 Καὶ
3467 3761 3592 3815 ἰδοὺ
3651 3765 3784 3828 Υἱὸς

2211 3852 2522 3921 ἀνθρώπου
2563 3853 2883 3922 ἐρχόμενος
2935 3848 3012 3921 ἦν
3045 3851 3144 3904 ἐπὶ
3197 3849 3313 3904 τῶν
3339 3851 3640 3920 ’νεφελῶν
3679 3853 3785 3906 καὶ

2208 3947 2317 4012 ἕως
2369 3946 2472 4000 τοῦ
2499 3945 2761 4000 Halano?)
2791 3945 2908 3998 τῶν
2940 3943 3172 4014 ἡμερῶν
3195 3945 3441 4014 ἔφθασε.
3475 3944 3584 3999 Kal
3619 3943 3784 4010 αὐτῷ

2209 4039 2380 4106 ἐδόθη
2419 4041 2456 4106 ὴ
2500 4037 2653 4107 ἀρχὴ
2687 4037 2784 4090 καὶ
2819 4038 2857 4104 ὴ
2890 4035 3024 4106 τιμὴ
3063 4035 3160 4089 καί
3193 4038 3231 4103 ἡ
3286 4035 3592 4100 βασιλεία.
3635 4033 3782 4086 Ἀλλ’

2208 4133 2297 4186 ὅτε
2327 4131 2424 4201 μὲν
2455 4133 2482 4185 ὁ
2535 4131 2738 4202 Πέτρος
2794 4129 3022 4200 Χριστὸν
3071 4129 3230 4184 αὐτὸν
3269 4125 3405 4182 εἶναι
3435 4129 3778 4201 ὡμολόγησε,

2208 4223 2302 4275 καὶ
2340 4222 2467 4276 Υἱδν
2511 4221 2603 4274 τοῦ
2652 4219 2784 4274 Θεοῦ
2832 4219 2924 4272 τοῦ
2980 4219 3198 4286 ζῶντος,
3252 4221 3359 4274 ἀπὸ
3409 4221 3529 4274 τότε
3574 4219 3779 4290 ἤρξατο

2204 4313 2475 4368 δεικνύναι
2501 4314 2712 4378 αὐτοῖς,
2748 4315 2828 4367 ὅτι
2860 4313 2941 4366 δεῖ
2984 4313 3144 4366 αὐτὸν
3204 4313 3372 4366 πολλά
3427 4311 3618 4365 παθεῖν
3679 4314 3777 4366 καὶ

2206 4403 2634 4474 ἀποκτανθῆναι·
2668 4403 2756 4454 ὅτε
2798 4401 2851 4455 δὲ
2886 4403 3046 4464 αὐτὸς
3105 4401 3583 4472 καταφρονητικῶς
3629 4399 3777 4472 ἔχειν

545 4492 776 4549 portune
797 4477 862 4533 de
893 4479 1130 4533 secundo
1161 4487 1214 4532 et
1261 4477 1493 4546 glorioso
1530 4477 1763 4532 adventu
1807 4492 1904 4532 suo
1939 4479 2101 4531 verba

2217 4493 2297 4546 τοῦ
2331 4493 2558 4548 θανάτου
2587 4493 2998 4564 παρεκελεύετο,
3031 4493 3233 4556 ἐδίδαξε
3269 4493 3347 4554 δὲ,
3377 4495 3456 4546 δτι
3483 4493 3562 4545 δεῖ
3609 4493 3774 4545 αὑτὸν

547 4573 763 4634 Ιεοξι,ιιι
786 4583 1112 4642 c03noscere
1142 4577 1378 4638 possent,
1400 4569 1519 4638 quis
1549 4570 1759 4624 demum
1786 4571 1838 4625 is‘
1861 4579 2005 4626 esset
2029 4581 2104 4626 tot

547 4673 801 4734 tantaque
827 4680 854 4716 a
886 4659 1082 4717 Judaeis
1121 4677 1402 4730 passurus,
1441 4661 1627 4732 quisve
1658 4661 1762 4716 illis
1794 4663 2102 4718 certaminis

545 4771 641 4824 pro
671 4771 736 4810 eo
763 4754 1062 4810 sustinendi
1088 4751 1297 4807 fructus
1321 4753 1564 4809 foret.—-
1583 4753 1677 4808 llis
1705 4753 1775 4808 ad
1815 4753 2101 4823 discipulos

543 4847 720 4912 dictis,
755 4861 1056 4917 magnoque
1097 4853 1150 4898 et
1177 4860 1374 4900 arcano
1415 4847 1668 4916 mysterio
1714 4847 1962 4900 secundae
1992 4861 2102 4900 suae

542 4939 989 4995 manifestationis
1017 4939 1145 5009 ipsis
1166 4939 1455 5008 patefacto,
1494 4953 1561 4994 ne
1596 4941 1838 4994 oratione
1867 4947 2100 4994 tantum-

541 5031 699 5086 modo
731 5029 967 5100 solisque
1007 5030 1185 5084 verbis
1230 5031 1502 5086 videretur
1531 5030 1875 5099 persuadere,
1907 5044 2095 5084 neces-

541 5125 684 5174 sario
711 5121 776 5174 ad
814 5135 974 5190 opera
998 5123 1307 5191 venit,ipsis
1330 5137 1516 5178 eorum
1546 5123 1716 5177 oculis
1744 5121 1908 5178 divini
1951 5122 2097 5192 regni

539 5213 622 5266 sui
670 5211 932 5282 ohjiciens
967 5214 1271 5283 imaginem.
1321 5215 1658 5286 Quapropter
1709 5231 1829 5270 cum
1879 5214 2100 5268 dixisset

541 5287 758 5356 [οι-εἰη
808 5301 924 5370 ipse
957 5301 1101 5358 illum
1147 5305 1510 5370 erubesceret,
1551 5306 1641 5375 qui
1677 5321 1736 5360 se
1775 5305 2097 5368 erubuisset,

538 5405 647 5464 quo
677 5399 916 5462 tempore
937 5409 1058 5449 cum
1087 5393 1262 5451 Patris
1289 5397 1372 5451 sui
1405 5397 1574 5467 gloria
1605 5397 1874 5463 adveniet,
1904 5395 2097 5450 deinde

2208 4585 2375 4640 πολλὰ
2407 4585 2615 4650 παθεῖν,
2644 4587 2764 4638 τότε
2790 4585 2928 4639 κατά
2950 4585 3137 4655 καιρὸν
3159 4585 3283 4648 τοὺς
3309 4586 3434 4655 περὶ
3461 4585 3556 4655 τῆς
3587 4583 3774 4638 δευτέ-

2209 4696 2302 4751 ρας
2330 4678 2490 4732 αὐτοῦ
2527 4680 2617 4732 καὶ
2661 4677 2870 4743 ἐνδόξου
2901 4679 3197 4750 παρουσίας
3235 4677 3420 4744 λόγους
3449 4677 3732 4750 παρεδίδου
3753 4691 3774 4708 ⁸

2203 4771 2277 4834 ὡς
2301 4771 2365 4824 ἂν
2399 4771 2592 4824 εἰδέναι
2625 4770 2816 4842 ἔχοιεν,
2851 4771 2936 4834 τίς
2964 4787 3092 4824 ποτε
3129 4766 3197 4840 ἦν
3222 4771 3249 4822 ὁ
3287 4769 3492 4840 μέλλων
3534 4769 3775 4822 τοσαῦτα

2207 4864 2432 4934 πάσχειν
2464 4864 2567 4917 ὑπὸ
2613 4863 2897 4926 Ἰουδαίων,
2917 4864 3008 4917 καὶ
3038 4863 3120 4924 τίς
3158 4861 3311 4915 ἔσται
3342 4861 3524 4925 αὐτοῖς
3552 4863 3582 4914 ὁ
3631 4881 3774 4934 καρ-

2205 4955 2302 5018 πὸς
2334 4955 2425 5008 τοῦ
2461 4955 2597 5026 ὑπὲρ
2626 4953 2789 5008 αὐτοῦ
2816 4953 3045 5022 ἀγῶνος.
3077 4985 3145 4994 -
3177 4955 3286 5008 Καὶ
3331 4953 3393 5024 δὴ
3435 4951 3608 5007 ταῦτα
3659 4959 3776 5018 τοῖς

2207 5046 2470 5117 μαθηταῖς
2502 5045 2816 5116 διαλεχθεὶς,
2847 5047 2938 5099 καὶ
2969 5044 3028 5097 τὸ
3061 5044 3204 5116 μέγα
3230 5043 3322 5098 καὶ
3355 5044 3614 5097 λανθάνον
3669 5063 3776 5116 μυ.

2204 5139 2421 5210 στὴριον
2453 5137 2550 5208 τῆς
2575 5136 2830 5206 δευτέρας
2863 5135 3028 5190 αὐτοῦ
3059 5135 3376 5205 θεοφανείας
3410 5133 3638 5200 ἐξειπὼν
3671 5139 3776 5189 αὑ⁴

2201 5229 2332 5292 τοῖς,
2365 5228 2451 5280 ἵνα
2487 5227 2560 5298 μὴ
2585 5225 2763 5296 λόγοις
2793 5227 2953 5297 μόνον
2985 5227 3077 5280 xui.
3126 5225 3310 5298 ψιλαῖς
3359 5227 3590 5298 φράσεσι
3635 5225 3772 5298 δοκῇ

2202 5313 2565 5383 ἐμπιστεύειν,
2583 5315 2888 5384 ἀναγκαίως
2915 5316 3007 5369 ἐπὶ
3043 5315 3112 5369 τὰ
3141 5315 3278 5388 ἔργα
3312 5315 3530 5389 ἐχώρει,
3585 5316 3774 5379 αὐτοῖς

2201 5403 2494 5475 ὀφθαλμοῖς
2521 5405 2732 5468 δεικνὺς
2765 5407 2946 5470 αὐτοῖς
2975 5407 3074 5477 τὴν
3103 5408 3284 5462 εἰκόνα
3315 5409 3412 5479 τῆς
3439 5408 3624 5478 θεῖκῆς
3672 5407 3774 5461 af:-
3819 5389 3830 5402 ’

607 5547 655 5580 ’³
681 5563 801 5620 cap.
836 5564 912 5614 Ix,
945 5549 998 5608 7.
1073 5552 1118 5584 ⁷⁸
1149 5551 1336 5608 Matth.
1365 5571 1418 5621 x,
1465 5555 1518 5611 6.
1593 5553 1638 5588 "‘
1669 5571 1788 5628 cap.
1821 5573 1897 5621 lx,
1925 5557 2015 5612 26.
2091 5559 2138 5592 ⁷⁸
2180 5555 2314 5614 Dan.
2335 5575 2428 5626 vn,
2463 5561 2548 5616 13.

602 5662 719 5746 (55)
761 5665 1372 5746 Secunda_'_fhe0phania
1401 5671 1452 5725 in
1476 5674 1656 5729 mundi
1702 5675 1824 5746 line.
1857 5673 1978 5730 ldeo
2004 5675 2088 5730 illa

539 5737 720 5808 prior,
754 5752 856 5808 qua
907 5752 965 5796 se
1010 5737 1237 5795 Verbum
1284 5741 1338 5796 in
1387 5755 1552 5800 carne
1597 5743 1979 5816 manilcstavit,
2015 5751 2088 5802 di-

2199 5677 2339 5756 citur
2355 5679 2618 5756 interdum
2646 5679 2698 5756 in
2707 5681 2996 5756 codicibus
3025 5683 3243 5752 nostris,
3264 5682 3619 5742 distinctionis
3635 5699 3767 5756 gra-

2199 5751 2290 5816 tia,
2315 5749 2622 5820 evangelica
2657 5749 3030 5822 'l‘hrnphania.
