4130 6400
301 326 407 385 δίθ

1455 322 1952 381 COMMENTARIA
1985 325 2055 381 IN
2094 325 2355 384 LUCAM.

3449 310 3554 373 550

302 450 399 506 τοῦ
434 444 723 520 βασιλείας.
761 441 959 514 Διόπερ
1004 440 1193 505 εἰπὼν,
1238 442 1321 496 δτι
1373 443 1866 516 ἐπαισχυνθήσεται

1982 446 2145 514 pergit
2171 445 2352 501 dicere
2391 463 2407 502 :
2454 445 2586 501 Vere
2623 454 2800 501 autem
2836 444 2955 501 dico
2983 442 3147 538 vobis,
3174 450 3297 498 sunt
3337 440 3554 511 quidam

302 541 395 596 τὸν
421 534 847 606 ὲπαισχυνθὲντα
878 532 1058 596 αὑτὸν,
1090 534 1219 586 ὃταν
1241 532 1369 604 ἔλθῃ
1400 535 1458 588 ὲν
1494 537 1559 606 τῇ
1578 534 1728 607 ’δόξῃ
1780 534 1874 589 τοῦ

1983 538 2047 590 de
2070 537 2154 590 hic
2192 539 2512 602 astantibus,
2539 549 2644 591 etc.

303 630 537 703 Πατρός,
575 598 701 699 ἑξῆς
733 626 1088 680 ὲπισυνάπτει
1122 598 1375 695 φᾶσκωνῖ
1412 598 1575 698 Λέγω
1617 598 1880 697 δέηύμῖν
1910 629 2323 699 ἀληθῶς,,εὶσί
2341 598 2508 696 etrac—
2522 628 2640 683 τῶν
2658 624 2775 684 ὦδε
2790 598 3085 693 ἑστώτων,
3117 643 3171 682 κ.
3204 643 3255 679 τ.
3289 626 3342 680 λ.

377 759 741 830 Παραιαόὼν
789 758 895 812 τὸν
957 757 1181 826 Πέτρον
1231 759 1329 812 καὶ
1377 757 1655 827 Ἰωάννην
1706 760 1808 814 καί

934 827 1223 882 Ἰάκωϐον.

971 844 1223 881 ακωσον.

374 969 484 1023 Καὶ
513 970 570 1021 ὲν
604 967 700 1038 μὲν
736 967 800 1035 τῇ
833 961 1253 1033 μεταμορφώσει
1284 964 1432 1034 τρεῖς
1468 962 1618 1034 μόνοι
1667 963 1763 1035 τὴν
1792 964 1881 1017 δυ-

304 1061 463 1132 νάμει
488 1057 741 1128 ὀφθεῖσαν
776 1056 959 1117 αὐτοῖς
1000 1052 1275 1124 βασιλείαν
1299 1054 1408 1108 τῶν
1459 1054 1703 1126 οὐρανῶν
1760 1056 1882 1111 θεά-

306 1151 499 1207 σασθαι
528 1147 867 1219 ἠξιώθησαν·
908 1148 965 1199 ὲν
997 1146 1054 1200 δὲ
1109 1149 1177 1217 τῇ
1208 1146 1487 1217 συντελείᾳ
1531 1145 1627 1199 τοῦ
1661 1146 1875 1211 αίῶνος,

305 1243 519 1299 ἐπειδὰν
569 1240 708 1311 μετὰ
762 1238 865 1309 τῆς
918 1236 1080 1315 δόξης
1135 1237 1233 1308 τῆς
1271 1238 1548 1310 πατρικῆς
1605 1240 1634 1292 ό
1676 1237 1879 1312 Κύριος

303 1336 588 1405 ἀφίκηται,
618 1330 805 1386 οὐκέτι
836 1328 1079 1400 Μωῡσῆς
1110 1330 1269 1402 μόνον
1302 1332 1398 1385 καὶ
1433 1330 1627 1396 Ἢλίας
1648 1331 1877 1404 δορυφο-

304 1426 557 1497 ρήσουσιν
617 1418 779 1474 αὐτὸν
798 1457 814 1482 ,
862 1418 985 1472 οὐδὲ
1042 1422 1193 1491 τρεῖς
1246 1419 1395 1492 μόνοι
1454 1419 1562 1475 τῶν
1624 1420 1879 1492 μαθητῶν

301 1513 449 1585 αὐτῷ
505 1512 838 1577 συνέσονται,
880 1510 1015 1564 ἀλλά
1058 1511 1259 1574 πάντες
1296 1500 1574 1582 προφῆται
1626 1513 1722 1566 καὶ
1775 1530 1880 1566 πα-

299 1605 555 1680 τριάρχαι
598 1603 691 1658 καὶ
726 1603 922 1657 δίκαιοι
942 1620 956 1634 ·
988 1603 1084 1657 καὶ⁵
1110 1602 1210 1656 οὐκ
1238 1604 1319 1667 είς
1349 1602 1474 1675 ὅρος
1507 1602 1728 1675 ὑψηλὸν,
1763 1604 1877 1658 ἀλλ’

298 1700 381 1764 είς
398 1697 491 1751 τὸν
527 1696 755 1769 οὐρανὸν
786 1694 972 1761 ἀνάξει
998 1695 1125 1757 τοὺς
1151 1692 1335 1760 ἀξίους
1369 1690 1469 1764 τῆς
1497 1693 1662 1749 αὐτοῦ
1689 1694 1876 1766 θεότη-

2045 765 2091 797 '7
2119 764 2411 833 Assumptis
2441 760 2602 818 Petro
2635 775 2681 817 et
2704 762 2911 818 Joanne
2941 770 3097 834 atque
3132 761 3353 830 Iacobo,
3374 771 3481 819 etc.

2045 969 2113 1024 Et
2142 970 2194 1023 in
2237 965 2711 1038 transliguratione
2751 966 2968 1035 quidem
3020 975 3132 1021 tres
3183 962 3556 1020 tantummodo

1977 1062 2282 1133 prodigiose
2310 1060 2443 1130 ipsis
2465 1068 2744 1113 ostensum
2775 1059 2923 1128 digni
2965 1057 3184 1112 fuerunt
3214 1071 3438 1111 cernere
3464 1070 3555 1110 re-

1982 1169 2144 1224 gnum
2171 1152 2450 1209 cmlorum.
2490 1151 2546 1205 ln
2575 1150 2754 1205 saeculi
2781 1165 2913 1207 vero
2939 1150 3403 1206 consummatione
3431 1165 3554 1204 cum

1984 1259 2090 1299 non
2124 1244 2242 1298 sine
2266 1251 2489 1313 paterna
2518 1242 2801 1312 majestate
2816 1240 3084 1295 Dominus
3119 1242 3385 1304 adveniet,
3414 1240 3556 1295 haud

1978 1337 2088 1408 jam
2121 1335 2332 1406 Moyses
2360 1334 2730 1390 tantummodo
2757 1343 2921 1403 atque
2951 1333 3094 1389 Elias
3121 1333 3294 1402 ipsum
3330 1332 3560 1386 comita-

1986 1431 2214 1494 buntur,
2245 1441 2419 1497 neque
2475 1437 2585 1481 tres
2631 1434 2839 1481 tantum
2876 1425 3122 1494 discipuli
3164 1425 3427 1491 aderunt,
3459 1424 3557 1478 sed

1986 1523 2257 1592 propheta:
2279 1535 2489 1587 omnes,
2514 1518 2855 1591 patriarchas,
2882 1518 3124 1589 justique
3155 1517 3437 1583 homines;
3463 1529 3558 1571 ne-

1982 1628 2089 1684 que
2116 1612 2168 1667 in
2197 1610 2469 1667 excelsum
2514 1624 2778 1680 montem,
2816 1611 2912 1667 sed
2948 1611 3000 1666 in
3027 1609 3223 1664 caelum
3270 1624 3439 1678 usque
3472 1608 3557 1664 di-

1982 1719 2116 1775 gnos
2146 1719 2243 1758 sua
2288 1704 2492 1759 deitate
2520 1704 2797 1773 perducet.
2836 1701 2987 1757 Tunc
3008 1702 3182 1757 deitas
3211 1701 3328 1770 ejus
3369 1699 3557 1771 splen-

299 1807 410 1853 τος.
442 1788 578 1841 Τότε
615 1786 671 1840 δὲ
694 1785 899 1857 λάμψει
928 1786 963 1855 ἡ
1004 1783 1192 1856 θεότης
1218 1783 1382 1837 αὐτοῦ
1409 1785 1507 1855 οὐχ
1543 1784 1620 1850 ὡς
1647 1786 1676 1837 ό
1705 1785 1874 1857 ἥλιος,

1985 1794 2165 1849 descet
2196 1808 2302 1848 non
2342 1804 2402 1849 ut
2447 1793 2552 1859 sol,
2580 1794 2672 1848 sed
2704 1807 2865 1862 supra
2902 1808 3066 1863 quam
3108 1791 3364 1863 quaelibet
3392 1806 3559 1847 exco-

293 1881 416 1935 ἀλλ’
446 1880 588 1952 ὑπὲρ
616 1879 725 1933 πᾶν
756 1877 1137 1949 ὲπινοούμενον
1167 1875 1224 1930 ἐν
1272 1893 1332 1930 τε
1367 1876 1643 1946 αἰσθητοῖς
1675 1879 1769 1932 καὶ
1817 1881 1874 1932 ἐν

298 1975 510 2046 νοητοῖς
536 1970 790 2043 γεννητὸν
807 1968 940 2039 φῶς·
969 1968 1198 2041 ἐπείπερ
1228 1968 1377 2021 ἐστὶν
1403 1968 1564 2033 αὐτὸς
1584 1969 1646 2023 τὸ
1675 1969 1791 2039 φῶς
1813 1970 1876 2023 τὸ

301 2065 534 2136 φωτίζον
565 2064 743 2117 πάντα
762 2062 1044 2134 ἄνθρωπον
1070 2062 1365 2134 ὲρχόμενον
1396 2062 1477 2126 είς
1495 2062 1587 2116 τὸν
1632 2063 1835 2135 κόσμον
1857 2080 1872 2094 ·

288 2157 390 2211 -ὂτε
416 2158 508 2211 καὶ
540 2155 701 2222 δείξει
729 2154 895 2208 αὐτοῦ
928 2155 988 2208 τὸ
1013 2154 1330 2226 πρόσωπονο
1358 2155 1419 2208 οὐ
1444 2154 1553 2227 γὰρ
1576 2156 1653 2219 ὼς
1711 2155 1876 2209 πάλαι

288 2248 379 2318 at?)
402 2250 625 2302 Μωῡσεῖ
644 2260 773 2300 ποτε
805 2246 1008 2314 ἔλεγεν,
1037 2248 1120 2300 ὅτι
1150 2247 1224 2301 Τὰ
1245 2247 1437 2301 ὀπίσω
1453 2265 1573 2317 μου
1595 2248 1732 2317 ὄψει
1753 2288 1769 2313 ,
1810 2248 1878 2303 τὸ

289 2336 372 2391 es
402 2338 729 2406 πρόσωπόν
763 2352 882 2406 μου
913 2338 1024 2390 οὐκ
1060 2335 1392 2405 ὀφθήσεταί
1422 2350 1523 2390 σοι
1539 2375 1555 2399 ,
1590 2336 1734 2393 οὕτω
1781 2339 1878 2392 καὶ

290 2430 424 2483 ’τότε
453 2430 697 2499 ποιήσει’
729 2428 845 2482 ἀλλ’
876 2426 1048 2492 οὕτως
1080 2427 1270 2481 ἑαυτὸν
1300 2428 1527 2500 παρέξει
1552 2431 1666 2493 τοῖς
1682 2429 1876 2497 ἁγίοις,

292 2522 381 2585 τὼς
425 2520 690 2574 δύνασθαι
739 2520 947 2583 πάντας
990 2519 1197 2588 λέγειν’
1238 2519 1428 2590 Ἡμεῖς
1467 2519 1555 2585 δὲ,
1586 2521 1879 2575 ἀνακεκα-

296 2611 584 2680 λυμμένῳ
612 2610 909 2680 προσώπῳ
940 2610 1057 2679 τὴν
1081 2609 1270 2676 δόξαν
1304 2611 1524 2680 Κυρίου
1565 2626 1882 2681 κατοπτρι-

296 2702 550 2774 ζόμενοι,
582 2702 697 2770 τὴν
741 2701 937 2770 αὐτὴν
971 2701 1173 2756 εἰκόνα
1204 2704 1735 2773 μεταμορφούμεθα
1760 2703 1878 2758 ἀπὸ

299 2793 489 2861 δόξης
515 2796 602 2860 εἰς
622 2793 833 2858 δόξαν.
870 2793 980 2847 Καὶ
1008 2793 1130 2847 τότε
1165 2793 1224 2846 οὐ
1255 2792 1450 2863 νεφέλη
1506 2791 1723 2864 βοήσει,
1756 2793 1878 2846 οὐδὲ

303 2884 392 2940 se
418 2885 691 2957 νεφέληςό
715 2886 903 2958 Πατὴρ
938 2886 1274 2960 μαρτυρήσει
1302 2884 1379 2957 τῷ
1407 2883 1543 2955 Υἱῷ,
1572 2885 1687 2938 ἀλλ’
1716 2885 1880 2951 αὐτὸς

302 2978 370 3032 δι’
393 2976 587 3032 ἑαυτοῦ
612 2978 736 3048 δίχα
762 2978 963 3042 παντὸς
985 2978 1438 3049 ὲπισκιάσματος,
1469 2978 1563 3031 καὶ
1590 2976 1712 3048 δίχα
1740 2996 1876 3031 παν-

288 3070 395 3135 τὸς
418 3069 717 3143 ἑρμηνέως,
767 3069 917 3142 αὐτῷ
956 3069 1034 3142 τῷ
1074 3070 1220 3143 ἔργῳ
1246 3069 1337 3124 τὸν
1396 3069 1653 3140 μονογενῆ
1712 3069 1879 3124 αὑτοῦ

1981 1884 2139 1953 gitari
2175 1892 2353 1953 potest
2386 1882 2471 1937 vel
2517 1882 2790 1938 sensibilis
2842 1883 2925 1938 vel
2958 1879 3335 1936 intellectualis
3373 1886 3558 1934 creata

1980 1976 2072 2030 lux
2102 1994 2116 2029 :
2141 1975 2577 2045 quandoquidem
2610 1975 2725 2043 ipse
2755 1974 2854 2040 lux.
2879 1982 2961 2028 est
3003 1987 3123 2043 qum
3149 1972 3417 2026 illuminat
3440 1987 3560 2025 om-

1982 2082 2103 2121 nem
2156 2066 2428 2120 hominem
2460 2063 2763 2119 venientem
2808 2063 2862 2116 in
2903 2064 3045 2117 hunc
3090 2063 3367 2116 mundum.
3405 2059 3559 2117 Tunc

1982 2160 2144 2212 etiam
2193 2158 2385 2213 faciem
2433 2173 2588 2212 suam
2640 2156 2918 2210 revelabit.
2951 2154 3065 2208 Non
3105 2156 3291 2219 enim,
3324 2164 3382 2208 ut
3430 2155 3557 2209 olim

1982 2255 2149 2327 Moysi
2197 2256 2398 2311 dictum
2439 2255 2561 2320 fuit,
2609 2254 2917 2308 Posteriora
2963 2268 3077 2305 mea
3124 2251 3337 2318 videbis,
3387 2250 3560 2305 vultus

1982 2358 2158 2401 tamen
2187 2365 2219 2401 a
2242 2357 2290 2399 te
2316 2363 2420 2419 non
2449 2329 2824 2416 spectabitnr"
2851 2361 2866 2411 ;
2897 2359 3000 2397 non
3028 2345 3130 2409 sic,
3167 2343 3409 2411 inquam,
3431 2351 3559 2396 tunc

1982 2453 2199 2510 quoque
2224 2453 2284 2492 se
2306 2447 2453 2508 geret
2479 2454 2495 2502 ;
2526 2438 2619 2492 sed
2655 2438 2725 2492 ita
2757 2445 2929 2491 semet
2955 2435 3161 2490 sanctis
3189 2435 3488 2498 exhibebit,
3504 2445 3562 2488 ut

1983 2546 2172 2586 omnes
2217 2531 2400 2585 dicere
2440 2540 2688 2599 queant:
2733 2528 2848 2583 Nos
2893 2528 3117 2583 revelata
3154 2529 3289 2598 [acie
3331 2529 3558 2596 gloriam

1984 2620 2200 2676 Domini
2239 2623 2588 2692 speculantes,
2628 2622 2685 2675 iu
2723 2621 2956 2675 eamdem
2991 2621 3268 2692 imaginem
3292 2621 3558 2689 transfor-

1983 2728 2191 2766 mamur
2214 2713 2278 2767 de
2299 2713 2469 2784 gloria
2497 2713 2550 2766 in
2575 2711 2797 2783 gloriam
2818 2711 2888 2765 ⁷⁸.
2923 2710 3075 2765 Tunc
3107 2727 3237 2767 vero
3282 2712 3423 2765 haud
3458 2726 3557 2764 nu-

1984 2802 2079 2859 bes
2124 2804 2412 2872 clamabit,
2446 2818 2620 2873 neque
2667 2803 2733 2857 de
2779 2802 2918 2858 nube
2971 2801 3132 2858 Pater
3182 2802 3561 2858 testilicabitur

1984 2895 2141 2959 Filio,
2166 2896 2259 2950 sed
2289 2895 2402 2964 ipse
2441 2909 2537 2964 per
2572 2908 2655 2959 se,
2686 2894 2892 2962 absque
2943 2894 3051 2948 ullo
3092 2894 3432 2964 Operiniento
3478 2892 3560 2947 vel

1984 2984 2305 3056 interprete,
2343 3000 2530 3056 reapse
2574 2985 2911 3056 unigenitum
2960 2984 3154 3039 Filium
3204 3001 3358 3040 suum
3394 2999 3558 3054 supra

1984 3093 2173 3132 omnes
2201 3089 2418 3133 sanctos
2460 3076 2820 3143 glorilicahit,
2860 3092 3232 3133 consessorem
3276 3092 3430 3132 suum
3476 3092 3560 3133 re.-

306 3161 435 3216 Υίδν
467 3161 560 3216 ἐπὶ
592 3161 810 3217 πάντων
847 3164 954 3216 τῶν
983 3164 1154 3232 ἁγίων
1182 3162 1346 3217 αὑτοῦ
1372 3161 1620 3230 δοξάσει,
1651 3162 1878 3235 σύνθρο-

1984 3169 2181 3239 gnique
2209 3169 2531 3239 participem
2558 3184 2680 3224 esse
2720 3170 3122 3234 demonstrans,
3157 3176 3212 3222 et
3244 3182 3404 3236 supra
3443 3182 3560 3221 om-

304 3271 398 3309 νον
445 3254 606 3309 αὐτὸν
667 3254 844 3327 ἑαυτῷ
900 3257 994 3310 καὶ
1040 3255 1376 3328 συμϐασιλέα
1417 3255 1724 3323 ἀποδείξας,
1791 3257 1883 3310 καὶ

306 3348 562 3419 ὑπεράνω
590 3349 770 3422 πάσης
796 3350 969 3422 ἀρχῆς
997 3350 1345 3421 καταστήσας
1371 3348 1532 3402 αὐτόν
1556 3364 1569 3378 ·
1597 3346 1720 3401 οὔτε
1753 3347 1883 3401 οὑκ-

304 3439 386 3493 έτι
446 3438 633 3513 ὥσπερ
674 3441 793 3495 τότε
841 3445 890 3496 oi
943 3445 1092 3515 τρεῖς
1153 3440 1391 3513 μαθηταὶ
1448 3439 1599 3511 μόνοι
1649 3437 1742 3493 ἐπὶ
1785 3437 1881 3493 τοῦ

301 3530 464 3603 ὅρους
511 3532 842 3598 ἀκούσαντες
878 3534 979 3605 τῆς
1012 3535 1192 3605 φωνῆς
1220 3533 1312 3586 ἐπὶ
1348 3532 1636 3604 πρόσωπον
1667 3530 1880 3595 ἔπεσον,

304 3626 399 3679 καὶ
428 3626 793 3699 ἐφοϐήθησαν,
835 3626 972 3680 ἀλλά
1004 3626 1098 3680 καὶ
1124 3628 1232 3680 πᾶν
1255 3624 1382 3694 γόνυ
1414 3622 1621 3694 κάμψει
1646 3625 1881 3692 ἐπουρα-

305 3717 432 3772 νίων
468 3719 563 3773 καὶ
595 3719 850 3788 ἐπιγείων
883 3719 977 3773 καὶ
1007 3717 1396 3790 καταχθονίων.

331 3809 504 3878 Φωνὴ
536 3809 771 3880 ἐγένετο
796 3811 863 3865 ἐκ
890 3811 1000 3880 τῆς
1035 3810 1294 3881 νεφέλης
1320 3809 1606 3880 λέγουσα,
1636 3826 1689 3862 κ.
1722 3826 1772 3862 τ.
1798 3807 1847 3862 λ.

376 3901 530 3972 Φωνὴ
556 3903 794 3974 πατρικὴ
816 3903 905 3957 διὰ
929 3904 1177 3975 νεφέλης,
1208 3902 1379 3967 οὕτως
1426 3900 1535 3973 γὰρ
1564 3902 1811 3971 φαίνεται
1852 3902 1881 3955 ὁ

306 3990 458 4057 Θεὸς,
500 3992 795 4065 ἐμαρτύρει
823 3994 1043 4067 Χριστῷ
1075 3994 1172 4066 τὴν
1212 3994 1463 4064 υίότηταο
1500 3993 1604 4046 ἔδει
1650 3992 1759 4066 γάρ
1804 3994 1879 4065 μὴ

309 4085 459 4156 παρὰ
483 4084 690 4157 Πέτρου
719 4086 880 4157 μόνου
908 4086 1242 4158 γνωσθῆναι,
1267 4087 1347 4139 ὃτι
1369 4084 1530 4150 αὐτὸς
1569 4086 1654 4157 εἴη
1690 4088 1719 4138 ὁ
1748 4086 1881 4157 Χρι-

310 4176 480 4241 στδςό
510 4178 637 4243 Υἱὸς
667 4179 761 4232 τοῦ
800 4179 934 4233 Θεοῦ
960 4180 1055 4234 τοῦ
1090 4179 1321 4246 ζῶντος·
1357 4178 1479 4251 μηδ’
1525 4178 1688 4233 αὑτὸν
1721 4178 1879 4249 μόνον

304 4271 384 4344 τῷ
406 4273 595 4347 Πέτρῳ
631 4274 1111 4347 μεμαρτυρηκέναι
1133 4274 1208 4337 ὡς
1230 4270 1380 4345 παρὰ
1405 4270 1498 4325 τοῦ
1542 4270 1757 4343 Πατρὸς
1784 4269 1877 4323 τοῦ

308 4367 367 4420 ιν
395 4369 508 4431 τοῖς
534 4368 785 4441 οὐρανοῖς
810 4366 909 4440 τὴν
936 4368 1064 4438 περὶ
1092 4365 1256 4421 αὑτοῦ
1283 4364 1484 4434 γνῶσιν
1504 4361 1740 4432 εἰληφὼς
1768 4359 1872 4433 εἴη·

309 4456 443 4513 ἀλλά
465 4460 558 4514 καὶ
605 4461 773 4533 αὐτὴν
804 4462 904 4532 τὴν
932 4460 1201 4531 πατρικὴν
1257 4456 1438 4528 φωνην
1482 4453 1877 4527 ἐπισφραγίσα-

310 4550 434 4606 σθαι
463 4551 560 4624 τὴν
602 4552 858 4625 ἀληθειαν
894 4552 988 4607 τοῦ
1039 4551 1228 4621 λόγου,
1288 4534 1665 4623 μαρτυροῦσαν
1714 4544 1877 4600 αὐτὸν

309 4639 446 4699 εἶναι
480 4646 608 4699 Υίὸν
632 4644 726 4699 τοῦ
759 4645 916 4715 Θεοῦ,
948 4645 1057 4699 δεῖν
1089 4662 1149 4699 τε
1203 4642 1419 4699 ἀκούειν
1439 4639 1604 4694 αὐτοῦ
1636 4652 1879 4710 παρακε-

306 4737 626 4812 λευομένην.

320 4830 461 4885 Ἐὰν
480 4831 599 4901 μὲν
630 4826 676 4905 ᾖ
688 4833 839 4905 ,ἐκεῖ
861 4833 890 4886 ὁ
919 4832 1050 4905 υἱὸς
1094 4831 1355 4905 εὶρήνης,
1391 4827 1878 4905 ἑίταναπαύσεται

672 4903 768 4957 ἐπ’
799 4904 988 4958 αὐτὸν
1014 4899 1054 4971 ἡ
1079 4899 1289 4972 εἰρήνη
1317 4899 1504 4970 ὑμῶν.

387 4993 552 5068 Ὁρᾷς
597 4996 744 5060 ὅπως
776 4994 1157 5068 προεξετπειν
1211 4994 1307 5047 καὶ
1368 4992 1442 5064 μὴ
1480 4991 1644 5044 πᾶσιν
1687 4986 1879 5056 ἀνέδην

309 5087 533 5154 ἑαυτοὺς
558 5089 823 5156 ἐκδιδόναι
860 5090 1110 5163 παρῄνει,
1147 5086 1282 5142 ἀλλὰ
1304 5086 1398 5140 καὶ
1423 5083 1669 5157 πρώτους
1693 5081 1795 5150 τῆς
1820 5079 1880 5145 ἐξ

310 5176 490 5233 αὐτῶν
529 5178 845 5250 εὐεργεσίας
874 5178 1235 5251 ἀπάρχεσθαι,
1271 5176 1366 5231 καὶ
1406 5174 1653 5244 πρώτους
1678 5170 1877 5225 διδόναι

307 5270 419 5325 τῶν
464 5270 647 5333 αὐτοῖς
676 5270 1067 5343 ὑπαρχόντων;
1107 5271 1313 5344 Εἰρήνη
1339 5268 1394 5323 δὲ
1433 5263 1501 5339 ἦν
1540 5264 1699 5335 αὕτη,
1741 5260 1877 5333 πρέ-

311 5380 486 5417 πουσα
522 5362 657 5419 Θεοῦ
705 5363 1058 5437 στρατιώταις
1096 5362 1270 5435 φωνὴ,
1313 5362 1599 5433 νικητήρια
1640 5357 1762 5411 κατ’
1788 5355 1878 5425 ἑχ-

313 5441 456 5530 θρῶν
486 5457 794 5531 ἀραμένοις.
843 5457 1032 5525 Δίωξιν
1066 5456 1195 5526 γοῦν
1232 5456 1459 5528 ἐχθρῶν,
1489 5454 1583 5508 καὶ
1621 5447 1879 5520 καθαίρε-

312 5566 396 5604 σιν
425 5549 717 5622 πολεμίων,
741 5548 874 5605 Θεοῦ
897 5567 958 5603 τε
984 5546 1200 5620 φιλικάς
1220 5546 1509 5616 διαλλαγὰς
1525 5545 1587 5600 τὸ
1608 5543 1706 5616 τῆς
1729 5539 1879 5612 εἰρή-

1985 3275 2107 3314 nem
2156 3261 2515 3330 principatum
2566 3259 2924 3315 constituens.
2955 3258 3107 3315 Tunc
3155 3259 3295 3313 haud
3338 3257 3473 3326 jam,
3504 3268 3560 3309 ut

1987 3359 2098 3406 tres
2136 3350 2264 3404 olim
2294 3351 2394 3405 soli
2427 3349 2672 3419 discipuli
2704 3349 2884 3403 audita
2932 3350 2985 3403 in
3021 3358 3202 3403 monte
3228 3363 3362 3402 voce
3389 3347 3441 3401 in
3479 3345 3562 3400 fa-

1984 3443 2121 3497 ciem
2150 3444 2495 3513 prociderunt
2526 3457 2590 3497 ac
2635 3443 3051 3509 pertimuerunt,
3087 3441 3180 3495 sed
3214 3454 3373 3495 omne
3418 3453 3558 3508 genu

1983 3532 2226 3590 ﬂectetur
2245 3534 2562 3599 cmlestium,
2588 3532 2921 3589 terrestrium
2949 3541 3004 3587 et
3035 3530 3367 3586 infernorum
3384 3530 3450 3584 ⁸ο.

2227 3807 2271 3842 ³⁸
2304 3808 2419 3864 Vox
2439 3809 2503 3863 de
2529 3809 2661 3863 nube
2682 3808 2826 3880 facta
2849 3816 2947 3872 est,
2977 3808 3177 3873 dicens,
3201 3815 3309 3863 etc.

2050 3902 2169 3957 Vox
2193 3912 2414 3972 paterna
2444 3914 2507 3953 ex
2536 3900 2699 3966 nube,
2735 3914 2857 3953 nam
2888 3899 2968 3953 sic
3016 3897 3158 3954 Deus
3207 3905 3449 3967 apparet,
3478 3896 3561 3952 di-

1980 3996 2237 4066 gnitatem
2269 3992 2388 4047 Filii
2431 3990 2651 4047 Christo
2679 3989 3055 4044 attestabatur.
3083 3985 3379 4058 Oportebat
3412 3989 3557 4043 enim

1983 4086 2123 4143 haud
2153 4101 2183 4141 a
2209 4086 2322 4140 solo
2350 4084 2511 4139 Petro
2539 4084 2817 4154 cognosci,
2858 4096 2981 4136 eum
3009 4095 3129 4135 esse
3160 4080 3431 4136 Christum
3466 4083 3558 4137 Dei

1982 4177 2087 4233 vivi
2117 4176 2334 4232 Filium.
2355 4175 2541 4247 Neque
2572 4176 2743 4245 ipsum
2778 4172 3053 4230 Christum
3085 4172 3454 4227 tantummodo
3480 4182 3561 4226 te-

1979 4269 2110 4324 stari
2141 4268 2301 4324 Petro
2321 4277 2597 4338 acceptam
2628 4282 2658 4320 a
2688 4264 2849 4322 Patre
2871 4264 3081 4320 cmlesti
3111 4257 3178 4320 de
3201 4279 3258 4318 se
3276 4265 3556 4328 uetitiam;

1979 4361 2074 4417 sed
2112 4363 2305 4431 ipsam,
2344 4360 2582 4429 inquam,
2608 4367 2891 4427 paternam
2934 4370 3119 4410 vocem
3159 4355 3444 4409 veritatem
3477 4354 3559 4407 di-

1980 4451 2051 4507 cti
2096 4452 2253 4521 quasi
2313 4449 2488 4520 sigillo
2534 4447 2893 4514 confirmare,
2930 4446 3181 4501 testando
3221 4445 3395 4514 ipsum
3435 4458 3560 4498 esse

1980 4544 2254 4598 Christum
2273 4542 2367 4598 Dei
2393 4542 2584 4598 Filium
2610 4558 2627 4608 ;
2651 4539 2809 4613 eique
2833 4553 2954 4595 esse
2985 4536 3398 4593 auscultandum
3421 4552 3559 4606 pra:-

1980 4647 2180 4705 cnpere.

1981 4812 2029 4847 ⁸²
2056 4811 2115 4868 Si
2141 4810 2351 4883 quidem
2380 4809 2452 4865 ibi
2490 4808 2644 4933 [sirit
2685 4810 2831 4876 [ilius
2862 4806 3028 4929 paleis,
3078 4803 3358 4875 requiescet
3398 4818 3556 4871 super

2576 4896 2661 4933 um
2695 4895 2799 4933 na:
2837 4894 2918 4932 ves
2944 4893 3027 4933 ra.

2576 4896 2661 4933 um
2693 4895 2799 4947 pax
2837 4893 3027 4933 vestra.

2052 4974 2244 5031 Viden‘
2270 4976 2539 5045 quomodo
2562 4981 2690 5027 ante
2706 4968 3059 5041 perpendere,
3097 4981 3274 5036 neque
3303 4965 3556 5021 omnibus

1981 5069 2195 5125 incaute
2227 5082 2285 5123 se
2306 5066 2645 5123 committere
2674 5063 2943 5123 hortatur,
2976 5059 3071 5113 sed
3102 5069 3156 5114 et
3178 5057 3322 5127 ipsos
3345 5057 3555 5125 priores

1979 5161 2190 5217 initium
2234 5158 2480 5215 beneﬁcii
2512 5156 2717 5219 facere,
2743 5164 2797 5209 et
2824 5152 3033 5222 priores
3067 5151 3132 5205 de
3178 5148 3400 5220 proprio
3429 5148 3554 5202 aliis

1984 5254 2224 5309 tribuere
2251 5252 2277 5305 Ἰ
2306 5251 2382 5306 De
2412 5263 2546 5321 pace
2579 5255 2759 5301 autem
2782 5246 2871 5300 hic
2922 5244 3116 5313 agitur,
3155 5256 3274 5312 qum
3306 5240 3400 5296 Dei
3450 5241 3553 5295 mi-

1985 5346 2134 5402 litum
2173 5359 2277 5399 vos
2309 5342 2522 5412 propria
2545 5347 2649 5405 est,
2678 5339 2769 5409 qui
2803 5336 3087 5392 victoriam
3109 5335 3171 5389 de
3197 5334 3440 5390 hostibus
3466 5347 3553 5385 re-

1982 5440 2238 5497 tulerunt.
2268 5437 2405 5508 Ergo
2445 5432 2781 5491 inimicorum
2812 5428 3244 5504 persecutionem
3269 5468 3284 5492 ,
3312 5425 3551 5482 hostium

1982 5531 2229 5604 exitium,
2257 5528 2571 5586 benevolam
2604 5542 2725 5584 cum
2756 5526 2865 5581 Deo
2894 5521 3412 5583 reconciliationem,
3451 5518 3551 5574 sub

390 5750 433 5784 ³⁷
457 5766 578 5825 cap.
607 5752 788 5820 tx,98.
865 5754 909 5787 ⁷⁸
944 5753 1111 5809 Exod.
1151 5766 1340 5820 sunt,
1376 5750 1472 5807 23.
1547 5750 1588 5783 τ’
1622 5747 1663 5805 ll
1694 5746 1817 5805 Cor.
1853 5745 2031 5817 nuis.
2106 5742 2152 5835 ξ’
2184 5741 2409 5819 Philipp.
2437 5756 2495 5811 ιι,
2530 5740 2615 5796 l0.
2693 5739 2734 5772 εί
2762 5751 2881 5809 cap.
2917 5716 3111 5807 11,51.
3199 5731 3251 5801 ,η
3272 5744 3389 5801 cap.
3419 5722 3532 5796 x,6.
