4130 6400
610 292 715 351 55!

1289 292 1558 350 EUSEBII
1595 292 2072 350 CESAR‘ENSIS
2108 293 2260 349 OPP.
2302 291 2481 348 PARS
2522 291 2609 346 111.
2651 323 2717 331 —
2757 291 3172 349 EXEGETICA.

3797 297 3922 352 553

582 412 763 479 ,pacis
789 413 1013 469 nomine
1049 413 1226 488 dignis
1277 414 1609 484 assignabat.
1655 414 1844 486 Itaque
1885 417 2010 471 data
2043 417 2192 487 prius

2302 431 2389 486 νης
2425 414 2592 502 ὄνομα
2625 416 2738 478 τοῖς
2769 414 2940 482 ἀξίοις
2982 414 3285 486 προύξένει.
3329 417 3545 490 Ταύτην
3593 419 3924 488 τοιγαροῦν

615 510 716 564 hac
747 524 886 579 pace
907 509 1116 564 illorum
1148 509 1456 574 animabus,
1494 510 1586 580 qui
1618 526 1677 568 se
1710 511 1948 581 hospitio
1974 526 2196 581 recepe—

613 603 743 664 rint,
769 614 896 656 tunc
926 604 1137 657 demum
1167 602 1418 657 alimenta
1441 604 1510 658 ab
1542 604 1610 660 iis
1639 604 1886 675 accipere
1916 604 2193 660 suadebat.

613 694 976 761 Quamobrem
1007 695 1318 750 necessario
1337 696 1706 765 przemonebat
1726 739 1742 764 ,
1773 712 1840 751 ne
1861 696 1915 752 in
1944 697 2092 751 omni
2117 697 2197 750 in-

614 785 927 842 diﬂbrenter
963 786 1125 840 domo
1180 787 1616 857 hospitarentur,
1653 803 1786 844 neve
1823 805 2198 860 quemcunque

614 878 886 934 hominem
917 880 1136 950 dignum
1163 881 1477 950 judicarent
1510 882 1665 952 cujus
1709 882 1946 952 hospitio
1978 892 2197 938 uteren—

616 983 733 1039 tur;
762 975 856 1028 sed
893 974 1247 1043 exquirerent
1285 989 1413 1028 num
1448 974 1570 1044 quis
1606 975 1658 1028 in
1694 974 1909 1028 civitate
1932 982 2078 1029 esset
2115 975 2197 1030 vel

614 1066 668 1120 in
698 1082 852 1134 agro,
891 1066 1049 1121 bonis
1093 1066 1306 1122 actibus
1357 1076 1658 1136 sanctaque
1691 1067 1800 1120 vita
1853 1067 2193 1138 conspicuus,

614 1159 704 1226 qui
737 1159 917 1227 regios
947 1159 1147 1214 milites
1177 1167 1361 1229 posset
1385 1159 1601 1214 virtutis
1645 1159 1819 1214 xeniis
1842 1159 2112 1227 excipere.
2138 1159 2196 1213 Si

615 1250 831 1320 quando
866 1260 1044 1305 autem
1077 1250 1387 1320 hujusmodi
1415 1250 1630 1320 ialiquis
1656 1251 2042 1320 (inveniretur,
2074 1262 2199 1306 tunc

615 1339 774 1407 hujus
813 1349 1014 1395 tectum
1048 1341 1366 1406 subeuntes,
1395 1341 1606 1396 militiae
1647 1355 1758 1396 sua:
1804 1356 1958 1396 arma
1989 1342 2041 1396 in
2085 1343 2198 1412 pri-

615 1431 720 1504 mis
772 1440 1140 1500 exponerent;
1174 1443 1301 1486 sunt
1331 1439 1508 1485 autem
1558 1430 1673 1485 haec
1713 1431 1862 1502 pacis
1900 1431 2140 1502 symbola
2181 1448 2194 1485 :

615 1521 850 1588 ideoque
885 1532 939 1574 et
985 1521 1250 1588 hospitem
1282 1529 1338 1575 et
1369 1522 1678 1576 universam
1710 1523 1930 1576 domum
1963 1522 2078 1590 ejus
2105 1537 2199 1592 pa-

615 1613 770 1667 cilica
793 1611 1118 1668 salutatione
1148 1613 1558 1679 impertirentur
1593 1630 1609 1670 :
1640 1614 1833 1668 deinde
1868 1613 1975 1667 illic
2015 1630 2199 1670 mane-

617 1714 759 1770 rent,
810 1719 984 1774 neque
1008 1704 1386 1770 abscederent,
1437 1705 1523 1759 vel
1575 1707 1642 1761 tle
1689 1707 1848 1760 domo
1896 1707 1946 1761 in
1983 1708 2194 1762 domum

616 1798 781 1852 irent.
819 1789 1082 1853 Sic'enim
1117 1797 1373 1868 exquisiti
1416 1799 1686 1854 examinis
1727 1799 1984 1854 indicium
2020 1801 2202 1855 dedis-

615 1900 740 1946 sent
768 1913 780 1946 :
817 1906 940 1945 nam
969 1895 1322 1946 temerarium
1346 1899 1400 1946 et
1425 1892 1797 1958 subitaneum,
1834 1907 1940 1947 non
1971 1902 2054 1948 est
2087 1904 2199 1949 Sta—

616 1982 724 2036 hile
749 1997 926 2050 neque
955 1986 1256 2038 constantis
1285 1983 1472 2038 moris.
1517 1984 1642 2036 Idm
1673 1983 1944 2049 monebat,
1981 1999 2048 2037 ne
2088 1985 2201 2038 vel-

615 2072 730 2128 lent
751 2083 907 2128 antea
933 2075 1357 2139 comtnorari,et
1391 2075 1586 2128 deinde
1639 2075 1888 2129 notitiam
1921 2077 2202 2144 exquirere

619 2179 726 2233 quo
761 2163 900 2217 facto
927 2164 994 2219 ad
1039 2164 1200 2217 alium
1236 2163 1531 2218 transirent
1563 2178 1685 2218 cum
1721 2164 1950 2232 hospitis
1979 2165 2198 2234 injuria.

620 2258 752 2312 ltem
809 2259 851 2313 si
897 2268 953 2314 et
1011 2260 1100 2312 hic
1151 2259 1420 2326 posterior
1481 2259 1735 2329 indignus
1775 2255 2005 2326 hospitio
2048 2275 2194 2312 com-

619 2350 891 2420 pcriretur
909 2365 1096 2404 rursus
1120 2349 1266 2402 illinc
1287 2349 1451 2402 etiam
1467 2350 1824 2412 discederent,
1844 2349 2200 2402 voluntariam

622 2442 961 2496 inimicitiam
1011 2444 1427 2503 contrahentes,
1483 2452 1767 2510 postquam
1825 2456 2011 2510 pacem
2052 2457 2200 2493 suam

621 2535 688 2588 ad
713 2535 966 2604 indignos
998 2535 1375 2604 projecissent.
1407 2533 1513 2587 Sed
1543 2533 1685 2588 enim
1713 2543 1924 2602 oportet
1951 2533 2098 2602 prius
2125 2533 2204 2585 di-

615 2628 848 2696 ligenter
879 2628 1174 2697 inquirere.
1209 2637 1388 2682 utrum
1436 2625 1629 2694 aliquis
1661 2625 1852 2695 dignus
1884 2625 1986 2689 sit;
2013 2624 2203 2678 deinde

619 2721 687 2772 ad
717 2735 839 2772 eum
897 2720 1220 2774 accedentes
1250 2758 1265 2783 ,
1301 2718 1452 2787 pacis
1501 2718 1704 2772 bonum
1753 2716 2153 2771 communicare
2185 2733 2201 2782 ;

620 2827 850 2881 eamque
903 2813 1121 2866 abunde
1151 2827 1257 2865 non
1305 2811 1353 2864 ei
1404 2811 1776 2864 tantummodo
1813 2809 1902 2876 qui
1941 2809 2200 2878 optimum

624 2901 989 2956 testimonium
1025 2901 1206 2963 habet,
1246 2900 1340 2953 sed
1397 2899 1493 2952 toti
1541 2882 1757 2968 quoque
1810 2908 2029 2968 propter
2082 2913 2203 2952 eum

623 2992 826 3046 domui.
853 2991 1006 3058 Quod
1042 2993 1084 3043 si
1113 2992 1276 3060 digno
1305 2990 1484 3058 aliquo
1521 2990 1826 3059 excipiente
1863 2990 2010 3061 regni
2061 2989 2202 3044 utili-

2296 509 2753 582 προδανείσαντας
2790 508 2888 580 τὴν
2919 511 3143 582 εἰρήνην
3169 513 3288 573 ταῖς
3323 511 3429 565 τῶν
3467 511 3924 582 ὑποδεξαμένων

2295 602 2491 665 αὐτοὺς
2522 601 2740 670 ψυχαῖς,
2781 601 2881 671 τῆς
2928 603 3059 673 παρ’
3089 603 3266 656 αὐτῶν
3292 606 3498 674 τροφῆς
3532 604 3922 675 μεταλαμϐά-

2295 709 2439 746 νειν·
2493 692 2572 745 διὸ
2612 691 2925 760 ἀναγκαίως
2967 693 3405 763 προδιεστέλλετο
3457 694 3530 766 μὴ
3577 696 3661 758 εἰς
3720 696 3920 749 πάντα

2297 783 2664 857 παραϐάλλειν
2705 777 2874 850 οἷκον,
2911 785 3043 856 μηδέ
3087 784 3263 839 πάντα
3294 786 3460 857 ἄνδρα
3485 787 3586 857 τῆς
3615 787 3920 856 {atrior};

2296 877 2478 930 αὐτῶν
2510 877 2662 942 ἄξιον
2697 871 2833 930 εἶναι
2862 876 3099 947 κρίνειν·
3147 879 3461 948 προερωτᾷν
3489 877 3545 930 δὲ
3596 878 3652 930 εἴ
3685 896 3790 941 τις
3821 877 3915 949 εἵη

2296 969 2403 1023 τῶν
2469 968 2609 1024 κατά
2657 970 2758 1040 τὴν
2815 969 2968 1023 πόλιν
3006 969 3039 1041 ἢ
3090 969 3186 1040 τὴν
3213 968 3394 1040 χώραν
3420 969 3655 1038 ἀγαθαῖς
3688 970 3918 1041 πράξε-

2300 1080 2352 1116 σι
2394 1063 2486 1116 καὶ
2514 1061 2614 1134 βίῳ
2656 1061 2838 1134 σεμνῷ
2871 1062 3382 1134 μεμαρτυρημένος,
3415 1061 3487 1126 ὡς
3518 1063 3646 1126 τοὺς
3678 1062 3916 1132 βασιλι-

2297 1157 2426 1222 κοὺς
2470 1155 2804 1228 στρατιώτας
2848 1154 3106 1209 δύνασθαι
3142 1153 3334 1218 ξενίοις
3381 1154 3585 1226 ἀρετῆς
3626 1155 3915 1219 ὑποδέξα-

2301 1249 2443 1303 σθαι.
2505 1247 2753 1303 Ἐπειδὰν
2794 1247 2852 1300 δέ
2902 1265 2986 1312 τις
3026 1246 3272 1318 εὑρεθείη
3314 1246 3568 1312 τοιοῦτος,
3623 1248 3918 1312 εἰσιόντας

2300 1342 2404 1396 ὑπὸ
2434 1342 2533 1410 τὴν
2560 1339 2750 1394 τούτου
2773 1338 2991 1411 στέγην,
3021 1339 3479 1411 προαποτίθεσθαι
3503 1339 3573 1393 τά
3588 1341 3786 1393 οἰκεῖα
3815 1342 3916 1410 τῆς

2301 1435 2591 1507 στρατείας
2615 1433 2757 1488 ὅπλα
2781 1450 2795 1463 ·
2831 1432 3000 1486 ταῦτα
3023 1433 3069 1486 δ’
3100 1427 3168 1502 ἧν
3196 1431 3265 1486 τὰ
3305 1433 3403 1503 τῆς
3427 1434 3658 1505 εἰρήνης
3691 1433 3918 1504 σύμϐο-

2298 1525 2365 1578 λα
2385 1543 2397 1555 ·
2430 1525 2509 1578 διὸ
2536 1525 2631 1578 καὶ
2657 1523 2817 1578 αὐτὸν
2849 1522 2938 1575 τὸν
2968 1522 3251 1593 ὑποδοχέα,
3285 1525 3379 1576 καὶ
3405 1523 3583 1577 πάντα
3618 1522 3714 1575 τόν
3757 1520 3915 1575 οἶκον

2299 1616 2463 1670 αὐτοῦ
2515 1615 2804 1688 εἰρηνικῶν
2849 1605 3154 1686 ἀσπασμῶν
3195 1614 3525 1684 ξκαταξιοῦν·
3579 1609 3685 1668 εἰτ’
3732 1614 3916 1668 αὑτοῦ

2304 1709 2501 1780 μένειν,
2546 1709 2639 1761 καὶ
2685 1707 2759 1779 μὴ
2810 1706 3186 1778 μεθίστασθαι,
3245 1707 3366 1778 μηδ’
3397 1708 3576 1771 οἴκους
3635 1707 3698 1771 ἐξ
3734 1709 3914 1760 οἴκων

2301 1799 2568 1870 ἀμείϐειν.
2612 1799 2783 1853 Τοῦτο
2817 1799 2925 1870 γάρ
2968 1795 3108 1852 εἶναι
3155 1800 3376 1870 σημεῖον
3423 1797 3916 1870 ἀπηκριϐωμένης

2301 1893 2629 1960 ἐξετάσεωςο
2667 1892 2728 1946 τὸ
2755 1893 2860 1964 γάρ
2903 1891 3125 1963 εὐχερὲς
3161 1893 3254 1946 καὶ
3280 1892 3534 1962 ἄκριτον,
3567 1895 3632 1948 οὑ
3670 1893 3917 1964 στερρὼ

2301 1984 2420 2037 οὐδέ
2443 1984 2660 2054 βεϐαίου
2683 1983 2904 2056 τρόπου.
2935 1984 3024 2037 Διὸ
3051 1983 3282 2054 παρῄνει
3311 1983 3384 2054 μὴ
3409 1983 3626 2055 πρῶτον
3662 1985 3918 2054 κατα.μέ⁴

2301 2077 2656 2143 νειν,·ἔπειτα
2683 2078 2892 2148 ἐρωτᾷν
2922 2077 3017 2130 καὶ
3042 2076 3424 2140 πυνθάνεσθαι,
3452 2073 3548 2130 εἴτ’
3571 2078 3915 2148 ἐνυϐρίσαν-

2302 2184 2401 2230 τας
2430 2166 2507 2236 τῷ
2539 2165 2674 2237 ξένῳ
2706 2165 3052 2236 μεταϐαίνειν
3090 2167 3174 2236 ἐφ’
3223 2166 3434 2238 ἓτερον.
3463 2166 3582 2220 Κᾶν
3617 2161 3794 2230 οὗτος
3824 2168 3916 2221 ἀν-

2307 2257 2455 2323 άξιος
2485 2257 2583 2326 τῆς
2613 2256 2883 2326 ὑποδοχῆς
2919 2256 3136 2328 εὑρεθῇ,
3157 2243 3318 2310 πάλιν
3339 2257 3552 2310 ἐνθένδε
3570 2259 3914 2328 μετανίστα-

2306 2348 2447 2412 σθαι,
2484 2345 2680 2417 ἔχθραν
2723 2346 2969 2400 ἑκούσιον
3009 2348 3443 2418 ἐπισπωμένους,
3495 2349 3637 2419 μετὰ
3679 2351 3786 2402 καὶ
3818 2351 3911 2403 τοῦ

2303 2437 2400 2509 τὴν
2425 2437 2602 2491 αὐτῶν
2631 2438 2856 2509 εἰρήνην
2895 2440 2977 2501 εἰς
3013 2438 3263 2505 ἀναξίους
3299 2440 3531 2511 ῥίπτειν.
3577 2441 3728 2494 Ἀλλ’
3752 2443 3913 2513 ἀκρι-

2305 2529 2414 2593 ϐῶς
2439 2530 2702 2601 πρότερον
2729 2527 2820 2582 τὸν
2865 2529 3012 2594 ἄξιον
3059 2529 3528 2601 πολυπραγμονεῖν
3547 2549 3561 2561 ·
3602 2532 3790 2586 ἔπειθ’
3822 2533 3911 2586 οὖ-

2302 2639 2380 2674 τω
2414 2619 2802 2693 παρελθόντας,
2847 2621 2953 2674 τῶν
2991 2622 3092 2692 τῆς
3141 2623 3364 2694 εἰρήνης
3411 2622 3633 2692 ἀγαθῶν
3694 2624 3911 2695 μεταδι-

2303 2714 2470 2779 δόναι,
2506 2714 2602 2766 καὶ
2636 2716 2895 2786 παρέχειν
2929 2713 3174 2782 ἀφθόνως
3200 2713 3278 2784 τῷ
3312 2731 3636 2787 μεμαρτυρη
3648 2716 3808 2785 μένῳ
3849 2717 3908 2768 οὐ

2307 2806 2486 2876 μόνον,
2513 2805 2648 2860 ἀλλὰ
2673 2807 2766 2859 καὶ
2790 2806 2953 2859 παντὶ
2975 2804 3052 2875 τῷ
3079 2806 3212 2876 οίκῳ
3243 2805 3309 2858 δι’
3339 2807 3519 2859 αὐτόν.
3554 2807 3619 2859 Εἰ
3650 2807 3730 2870 δ’,
3753 2809 3910 2878 εὕρεο

2305 2896 2486 2960 θέντος
2527 2896 2679 2961 ἀξίου
2721 2897 2863 2960 τινὸς
2897 2898 2991 2950 καὶ
3038 2896 3434 2968 ὑποδεξαμένου
3471 2897 3562 2951 τὸν
3599 2900 3708 2970 τῆς
3749 2899 3910 2970 βασι-

2303 2988 2453 3053 λείας
2474 2988 2830 3061 στρατιώτην,
2871 2989 3111 3061 συμϐαίη
3140 2989 3268 3043 ποτὲ
3301 2984 3387 3042 οἷα
3415 2988 3679 3055 πολλάκις
3711 2992 3774 3044 ἐν
3815 2993 3907 3044 ἀν-

624 3094 734 3138 tem
757 3126 772 3150 ,
801 3083 942 3138 forte
972 3085 1237 3148 evenerit,
1261 3083 1402 3151 quod
1448 3097 1589 3151 saepe
1625 3083 1674 3135 in
1710 3083 1940 3152 religiosi
1972 3081 2201 3136 hominis

2305 3080 2427 3151 δρὸς
2458 3079 2591 3152 οἴκῳ
2630 3081 2918 3146 θεοσεϐοῦς
2959 3081 3117 3134 εἴωθε
3155 3080 3422 3151 γίνεσθαι,
3454 3081 3649 3148 γονέας
3683 3083 3720 3154 ἦ
3753 3082 3905 3136 ἀδελ.

623 3179 784 3231 domo
813 3176 928 3230 ﬁeri
955 3176 1109 3238 solet,
1129 3187 1382 3243 parentes
1408 3182 1499 3227 aut
1529 3174 1726 3227 fratres
1752 3182 1846 3226 aut
1875 3173 2012 3227 alios
2039 3187 2200 3241 gene-

624 3284 686 3324 re
709 3270 1039 3339 propinquos
1067 3269 1339 3322 adversari
1377 3283 1440 3321 ac
1483 3265 1676 3342 bellum
1709 3267 1858 3320 ciere
1903 3281 2008 3318 non
2042 3265 2201 3320 modo

623 3371 812 3418 contra
848 3361 1119 3431 repulsum
1145 3360 1426 3422 advenam,
1451 3374 1641 3411 verum
1687 3359 1846 3413 etiam
1888 3368 2074 3412 contra
2104 3359 2201 3412 ho—

625 3452 789 3520 spitio
817 3452 1201 3516 honorantem,
1230 3451 1541 3504 necessario
1585 3450 1773 3502 borum
1805 3463 2017 3517 quoque
2049 3464 2200 3503 men-

625 3547 826 3600 tionem
851 3541 1110 3600 Servator
1137 3559 1240 3597 non
1266 3541 1518 3612 neglexit,
1537 3540 1629 3594 sed
1658 3540 1929 3609 praedictis
1955 3541 2196 3594 addidit:

625 3637 766 3706 quod
796 3635 840 3691 si
867 3635 1028 3706 digna
1060 3634 1250 3689 domus
1282 3635 1465 3694 fuerit.
1498 3632 1677 3686 veniat
1701 3646 1802 3700 pax
1833 3641 2010 3686 vestra
2042 3646 2202 3701 super
2253 3639 2256 3644 '

626 3728 811 3790 illam;
848 3729 892 3782 si
926 3727 1103 3780 minus
1125 3723 1286 3795 digna
1321 3723 1499 3789 fuerit,
1535 3738 1638 3792 pax
1671 3731 1848 3777 vestra
1875 3723 1943 3778 ad
1984 3737 2078 3777 vos
2115 3737 2200 3776 re-

626 3827 891 3872 vertatur.
925 3817 1034 3871 Vos
1083 3815 1298 3884 quidem
1333 3830 1435 3870 non
1486 3829 1608 3868 eum
1655 3813 1830 3868 solum
1878 3814 1968 3883 qui
2001 3812 2200 3868 bonum

632 3907 1000 3963 testimonium
1025 3906 1292 3972 habuerit,
1329 3906 1529 3976 quique
1557 3913 1737 3961 vestro
1758 3920 1977 3960 accessu
2012 3905 2204 3976 dignus

636 3999 818 4065 fuerit,
850 3999 998 4068 pacis
1035 3996 1502 4052 benedictionibus
1530 3997 1901 4066 imperlimiui,
1921 3997 2014 4051 sed
2038 4005 2092 4051 et
2108 3997 2203 4050 toti

632 4091 812 4146 domui
839 4090 977 4160 ejus,
1011 4090 1064 4144 id
1106 4098 1190 4144 est
1220 4089 1576 4143 familiaribus
1623 4098 1784 4155 atque
1815 4089 2078 4159 cognatis,
2105 4102 2200 4158 pa-

630 4184 845 4237 cillcam
889 4181 1115 4236 salutem
1157 4182 1338 4247 dicite,
1385 4191 1730 4249 vestrumque
1765 4179 1993 4234 ollicium
2033 4181 2204 4233 abun-

633 4276 824 4328 danter
850 4283 1013 4342 atque
1044 4273 1258 4342 copiose
1282 4273 1347 4328 ad
1379 4281 1649 4343 parentes,
1679 4269 1896 4335 fratres,
1917 4281 2204 4340 cognatos-

630 4380 758 4434 que,
788 4375 842 4420 et
873 4375 1040 4419 totam
1081 4364 1306 4432 hospitis
1337 4364 1554 4418 domum
1587 4361 1864 4418 eﬂ'undite.
1896 4362 1953 4417 Si
1985 4375 2111 4431 ergo
2152 4373 2206 4416 et

2302 3174 2437 3242 φούς
2476 3173 2508 3244 ἢ
2544 3174 2764 3245 ἐτέρους
2802 3173 2882 3246 τῷ
2908 3174 3056 3243 γένει
3093 3175 3464 3246 προσήκοντας
3515 3175 3903 3228 ἐναντιοῦσθαι

2301 3264 2394 3317 καὶ
2423 3264 2697 3335 πολεμεῖν,
2729 3266 2788 3318 οὐ
2831 3267 2989 3337 μόνον
3030 3268 3119 3320 τὸν
3162 3266 3540 3338 ἐπεξωσμένον
3583 3267 3729 3336 (56),
3767 3267 3904 3321 ἀλλὰ

2302 3356 2394 3408 καὶ
2417 3356 2476 3408 τὸ
2495 3360 2560 3428 τῇ
2585 3357 2818 3428 ὑποδοχῇ
2852 3359 3202 3428 τετιμηκότα,
3231 3359 3539 3428 ἀναγκαίως
3563 3358 3661 3411 καὶ
3692 3358 3902 3412 τούτων

2301 3447 2329 3499 ὁ
2357 3449 2548 3520 Σωτὴρ
2575 3449 2635 3502 οὑ
2680 3449 2927 3521 παρῆλθε
2955 3450 3056 3522 τὴν
3099 3452 3338 3522 μνήμην,
3366 3451 3478 3504 ἀλλ’
3512 3450 3770 3519 ἐπιλέγει
3790 3454 3902 3514 rei;

2303 3541 2798 3610 προτεταγμένοις⁶
2843 3541 2943 3595 κᾶν
2990 3542 3088 3613 μὲν
3200 3545 3232 3614 ή
3272 3543 3416 3596 οἰκία
3442 3542 3587 3608 ἀξία,
3627 3543 3896 3614 ὲλθέτωή

2303 3636 2492 3706 εἰρήνη
2526 3635 2680 3706 ὑμῶν
2709 3636 2795 3689 ἐπ’
2827 3636 3026 3708 αὑτήν·
3059 3636 3152 3690 ἐὰν
3181 3637 3238 3690 δὲ
3279 3639 3352 3709 μὴ
3451 3635 3600 3703 ἀξία,
3631 3639 3666 3708 ή
3703 3639 3899 3708 εἰρήνη

2305 3726 2458 3796 ὑμῶν
2486 3729 2568 3796 ἐφ’
2595 3727 2740 3797 ὑμᾶς
2772 3728 3174 3800 ἐπιστρεψάτω.
3214 3729 3403 3800 Ὑμεῖς
3437 3727 3533 3798 μὲν
3558 3729 3691 3800 γάρ,
3735 3729 3891 3800 φησί.

2303 3818 2396 3872 τοῦ
2436 3821 2930 3892 μεμαρτυρημένου
2965 3821 3144 3892 χάριν,
3180 3819 3273 3873 τοῦ
3310 3820 3402 3874 καὶ
3447 3818 3546 3889 τῆς
3581 3819 3899 3882 ἐπιϐάσεως

2305 3911 2402 3981 τῆς
2436 3911 2704 3983 ὑμετέρας
2729 3911 2904 3977 ἀξίου,
2934 3913 3007 3984 μὴ
3041 3914 3200 3984 μόνον
3221 3912 3382 3966 αὑτὸν
3410 3915 3527 3975 ταῖς
3542 3911 3647 3981 τῆς
3674 3913 3898 3985 εἰρήνης

2305 4000 2596 4069 εὐλογίαις,
2636 4002 2772 4056 ἀλλά
2795 4006 2890 4057 καὶ
2915 4003 3091 4057 πάντα
3114 4003 3205 4056 τὸν
3233 3999 3400 4068 οἷκον,
3424 4002 3626 4074 δηλαδὴ
3649 4002 3784 4065 τοὺς
3807 4003 3899 4056 αὐο

2305 4094 2397 4147 τοῦ
2429 4094 2662 4158 οἰκείους
2693 4094 2788 4148 καὶ
2815 4097 3113 4164 συγγενεῖς,
3145 4096 3366 4166 εἰρήνης
3398 4094 3710 4162 ἀσπασμοῖς
3739 4093 3898 4162 εὐαγ-

2306 4183 2605 4253 γελίζεσθε,
2634 4186 2728 4239 καὶ
2769 4185 2836 4239 τὰ
2865 4187 2992 4256 παρ’
3022 4185 3177 4257 ὑμῶν
3215 4185 3461 4255 ἀφθόνως
3492 4183 3587 4237 καὶ
3625 4183 3896 4248 πλουσίως

2305 4277 2594 4333 ἀπλοὺσθω
2616 4279 2694 4341 εἰς
2722 4277 2913 4347 γονέας
2937 4279 3028 4331 καὶ
3049 4277 3309 4348 ἀδελφοὺς
3335 4277 3429 4330 καὶ
3457 4278 3747 4344 συγγενεῖς
3767 4276 3895 4329 πάν-

2307 4388 2374 4424 τα
2400 4387 2460 4424 τε
2493 4371 2583 4423 τὸν
2617 4367 2763 4424 οἰκον
2788 4370 2881 4424 τοῦ
2911 4371 3358 4440 ὑποδεδεγμένου.
3403 4371 3465 4422 Εἰ
3494 4370 3592 4441 μὲν
3618 4365 3713 4422 οὖν
3739 4370 3895 4440 εὑρε-

629 4455 686 4512 hi
715 4465 894 4511 vestra
914 4454 1290 4511 benedictione
1310 4455 1455 4525 digni
1487 4453 1748 4523 comperti
1779 4453 2001 4519 fuerint,
2027 4454 2201 4509 veniat

2306 4460 2444 4514 θεῖεν
2466 4461 2558 4513 καὶ
2582 4455 2728 4514 οὑτοι
2751 4459 2852 4530 τῆς
2877 4461 3146 4533 ὑμετέρας
3167 4459 3416 4528 εὐλογίας
3443 4458 3602 4523 ἄξιοι,
3629 4457 3840 4512 ἐλθέτω
3859 4460 3890 4528 ἡ

631 4561 734 4616 pax
769 4555 947 4601 vestra
975 4561 1136 4617 super
1156 4559 1366 4611 omnes,
1391 4559 1492 4600 ceu
1521 4543 1658 4600 ﬁlios
1681 4543 1849 4614 pacis.
1885 4543 1980 4598 Sin
2010 4553 2200 4598 contra

632 4641 816 4694 hostes
840 4652 1134 4702 osoresque
1161 4647 1352 4692 vestrae
1383 4637 1530 4708 pacis
1559 4635 1660 4691 visi
1692 4635 1911 4703 fuerint,
1947 4651 2010 4690 ac
2033 4635 2202 4690 nulla-

635 4741 789 4785 tenus
811 4745 872 4785 ea
901 4731 1068 4801 digni,
1107 4731 1371 4798 tollentes,
1405 4728 1604 4800 inquit,
1621 4730 1759 4784 bona
1782 4737 1962 4783 vestra
1981 4729 2046 4782 ab
2065 4727 2204 4782 indi-

634 4823 752 4894 gnis
783 4825 1037 4887 recedite,
1073 4837 1284 4893 paxque
1309 4831 1490 4878 vestra
1517 4821 1584 4876 ad
1613 4835 1711 4876 vos
1738 4830 2044 4875 revertatur
2065 4861 2080 4884 ,
2111 4835 2204 4874 ve-

633 4925 745 4968 stra
769 4915 974 4970 scilicet
1007 4915 1378 4970 benedictione
1408 4915 1476 4971 ad
1521 4930 1618 4972 vos
1650 4914 1909 4970 redeunte
1937 4914 2059 4983 quia
2086 4927 2206 4983 par-

637 5016 719 5062 tes
751 5017 959 5062 vestras
982 5007 1324 5078 implevistis.

668 5242 676 5247 ,
711 5187 755 5220 ⁸³
783 5186 851 5240 Et
887 5189 944 5243 in
987 5189 1654 5271 quamcunquecivitatem
1701 5189 2056 5256 intraveritis,
2091 5199 2138 5243 et

1113 5269 1429 5330 susceperint
1476 5276 1589 5324 vos,
1620 5269 1724 5314 etc.

708 5349 803 5404 llis
837 5351 1018 5404 verbis
1061 5365 1249 5406 rursus
1294 5351 1444 5421 ipsos
1484 5351 1639 5422 jubet
1675 5352 1970 5422 praedicare
2001 5351 2093 5405 Dei
2126 5364 2210 5405 re-

637 5456 820 5513 gnum,
855 5441 1018 5510 idque
1056 5439 1167 5509 jam
1197 5443 1557 5513 propinquum
1587 5442 1841 5498 nuntiare
1868 5462 1880 5497 :
1907 5456 2080 5512 neque
2118 5455 2214 5494 va-

636 5547 762 5587 nam
782 5549 957 5602 neque
979 5534 1097 5588 sine
1117 5534 1575 5592 demonstratione
1594 5534 1898 5594 orationem
1924 5533 2208 5600 habentes,

707 5645 753 5678 ⁸³
772 5661 892 5717 cap.
928 5663 982 5712 χ,
1013 5648 1066 5705 8.

717 5741 832 5815 (3617
861 5739 1008 5817 Cod.
1031 5738 1394 5812 ἐπεξωμένον.

2307 4555 2495 4625 εἰρήνη
2524 4553 2678 4624 ὑμῶν
2711 4553 2805 4607 ἐπὶ
2850 4554 3055 4617 πάντας
3078 4554 3151 4617 ὡς
3180 4553 3272 4606 ἐπὶ
3290 4554 3439 4615 υἱοὺς
3466 4551 3689 4622 εἰρήνης
3710 4567 3724 4579 ·
3775 4554 3824 4603 εἰ
3849 4551 3889 4602 δ’

2309 4645 2491 4717 ἐχθροί
2525 4645 2620 4699 καὶ
2667 4645 2915 4716 πολέμιοι
2947 4648 3047 4717 τῆς
3088 4645 3359 4716 ὑμετέρας
3395 4643 3605 4712 ὀφθεῖεν
3645 4644 3890 4714 εἰρήνης,

2309 4736 2402 4789 καὶ
2427 4735 2676 4808 οὐδαμῶς
2705 4735 2874 4804 αὐτῆς
2911 4733 3070 4800 ἀξιοι,
3107 4736 3359 4807 ἄραντες,
3390 4734 3544 4805 φησὶ,
3563 4732 3886 4805 τάὑμὲτερα

2309 4825 2509 4894 ἀγαθὰ,
2541 4826 2648 4879 τῶν
2689 4827 2920 4893 ἀναξίων
2946 4827 3300 4898 ὑποχωρεῖτε,
3331 4825 3424 4878 καὶ
3451 4828 3482 4895 ή
3516 4825 3707 4896 εἰρήνη
3738 4824 3889 4895 ὑμῶν

2309 4921 2391 4988 ἐφ’
2427 4920 2570 4990 ὑμᾶς
2595 4917 2995 4991 ἐπιστρεψάτω,
3024 4919 3122 4990 τῆς
3153 4917 3212 4982 ἐξ
3242 4917 3394 4988 ὑμῶν
3431 4916 3677 4983 εὐλογίας
3710 4917 3800 4984 ἐφ’
3835 4919 3891 4969 ὐ-

2312 5014 2417 5082 μᾱὶς
2443 5014 2602 5067 πάλιν
2643 5012 3091 5085 μεταϐαινούσης,
3131 5013 3212 5066 ὅτι
3245 5012 3306 5084 δὴ
3337 5011 3406 5065 τὰ
3438 5012 3565 5082 παρ’
3598 5010 3758 5080 ὑμῶν
3802 5029 3893 5065 πε-

2310 5105 2414 5176 πλη
2425 5105 2634 5176 ρώκατε
2642 5147 2656 5161 .

2306 5199 2416 5252 Καὶ
2444 5201 2530 5263 εἰς
2556 5197 2636 5266 ἢν
2658 5199 2708 5254 δ’
2742 5200 2818 5254 ἂν
2859 5202 3042 5290 πέλεν
3069 5196 3426 5318 εἰσέρχὶησθε
3468 5195 3563 5248 καὶ
3599 5192 3890 5263 δέχωνται

2889 5288 3066 5318 nitar.
3102 5287 3156 5318 κ.
3183 5286 3234 5318 τ.
3307 5307 3321 5318 .

2889 5286 3066 5339 ῡμας,
3102 5287 3156 5323 κ.
3183 5286 3234 5322 τ.
3271 5286 3321 5322 Α.

2393 5361 2479 5413 Ἐν
2501 5362 2710 5428 τούτοις
2731 5381 2794 5434 γε
2823 5364 2984 5418 πάλιν
3015 5361 3304 5435 κηρύττειν
3327 5357 3421 5412 τοῦ
3447 5356 3580 5411 Θεοῦ
3609 5356 3710 5428 τὴν
3739 5355 3888 5426 ea»

2305 5447 2473 5516 λείαν,
2503 5455 2597 5509 καὶ
2623 5456 2909 5525 ὴγγικέναι
2932 5455 3107 5525 λέγειν
3133 5453 3302 5526 αὐτὴν
3329 5449 3726 5523 παρεκελεύετο
3743 5467 3758 5481 ο
3790 5451 3886 5503 οὐκ

2308 5541 2474 5612 ἀργὸν
2506 5544 2612 5598 οὐδ’
2640 5547 3026 5601 ἀναπόδεικτον
3071 5545 3420 5616 ποιουμένους
3463 5541 3551 5596 τὸν
3595 5538 3773 5608 λόγον,
3822 5539 3886 5594 τὰ
