4130 6400
293 333 399 394 555

1461 339 1961 396 COMMENTARIA
1992 340 2056 393 IN
2093 315 2372 395 LUCAM.

3460 340 3567 396 5M

287 458 646 530 γνωρίσματα
677 458 736 512 δὲ
772 458 1110 528 παρέχοντας
1135 459 1226 512 τοῦ
1259 459 1632 530 κηρύγματος,
1671 461 1759 513 διὰ
1784 463 1874 514 τοῦ

1986 441 2084 514 sed
2132 461 2897 529 pmdieatioms'argumenta
2931 459 3272 522 exhibentes.
3312 462 3573 533 curandis.

290 548 613 620 θεραπεύειν
639 549 762 611 τοὺς
785 553 913 618 παρ’
935 551 1116 613 αὐτοῖς
1137 549 1400 615 ἀσθενεῖς,
1428 553 1522 604 καὶ
1543 551 1692 605 οὐδὲν
1715 554 1876 606 πλέον

298 640 386 710 τῆς
434 639 709 711 ἐφημέρου
756 645 961 714 τροφῆς
1004 641 1410 713 ἀποφέρεσθαι·
1461 643 1489 695 ὂ
1527 643 1590 714 δὴ
1639 647 1877 716 παρίστη

291 731 492 801 λέγων·
536 731 773 786 Ἑσθίετε
812 735 880 788 τὰ
927 733 1338 804 παρατιθέμενα
1380 735 1528 802 ὑμῖν,
1582 736 1673 789 καὶ
1718 737 1878 808 θερα-

289 822 486 877 πεύετε
529 826 656 889 τοτις
691 828 749 880 ἐν
782 827 964 889 αὐτοῖς
1005 826 1270 889 ἀσθενεῖς.
1317 826 1534 897 Ἐπειδὴ
1569 828 1613 880 δ’
1653 830 1877 883 ἀντέπι-

290 931 446 978 πτεν,
489 917 538 968 εί
583 913 675 970 οὖν
704 917 777 988 μὴ
818 917 1064 988 εὑρεθείη
1103 934 1185 981 τις
1231 917 1378 982 ἄξιος
1422 917 1520 988 τῆς
1549 917 1879 990 δηλωθείσης

293 1005 578 1077 ὑποδοχῆς,
624 1009 676 1060 τί
713 1009 817 1079 χρὴ
858 1007 1116 1079 πράττειν
1164 1008 1398 1071 αύτούς;
1436 1008 1740 1074 ἀκολούθως
1784 1014 1878 1066 καὶ

295 1113 364 1149 πε
374 1099 426 1169 pi.
448 1097 652 1152 τούτων
676 1100 977 1152 ἐπάκουσον
1013 1095 1101 1152 οἷα
1130 1099 1371 1153 διδάσκει
1396 1098 1566 1168 λέγων
1589 1099 1713 1172 ἑξῆς
1735 1119 1748 1132 ·
1775 1107 1879 1168 Εἰς

291 1187 374 1255 ἣν
420 1188 472 1241 δ’
505 1188 582 1243 ἂν
634 1192 816 1244 πόλιν
862 1190 1244 1260 εἰσέρχησθε,
1307 1190 1405 1244 καί
1458 1191 1545 1260 μὴ
1591 1191 1878 1260 δέχωνται

291 1280 464 1348 ὑμᾶς,
502 1299 554 1334 κ.
584 1298 634 1334 τ.
661 1282 710 1334 λ.

293 1373 469 1428 Ὅταν
511 1377 544 1427 ὁ
581 1376 826 1443 ἰσχυρὸς
868 1377 1360 1444 καθωπλισμένος
1420 1376 1710 1445 φυλάσσῃ
1766 1377 1878 1445 τὴν

716 1446 933 1500 ἑαυτοῦ
953 1446 1174 1514 αὐλὴν,
1209 1466 1260 1502 κ.
1289 1465 1338 1500 τ.
1369 1448 1416 1501 λ.

373 1535 614 1608 ’ἰσχυρὸν
646 1538 743 1608 μὲν
768 1538 860 1591 τὸν
891 1539 1292 1610 κατισχύσαντα
1323 1539 1416 1593 τοῦ
1447 1541 1636 1608 γένους
1656 1540 1761 1593 τῶν
1784 1541 1878 1593 ἁν-

291 1624 522 1698 θρὼπων
549 1627 789 1681 διάϐολον
812 1629 957 1697 λέγει
977 1647 989 1659 ·
1017 1630 1186 1701 αὐλὴν
1205 1632 1262 1684 δὲ
1294 1631 1458 1684 αὐτοῦ
1490 1631 1579 1684 τὸν
1602 1633 1878 1700 περίγειον

289 1717 398 1771 τῶν
430 1718 638 1788 θνητῶν
667 1720 829 1774 τόπον
859 1723 971 1791 (57)
991 1740 1004 1752 ·
1035 1723 1344 1796 ὑπάρχοντα
1376 1723 1432 1777 δὲ
1458 1724 1612 1778 πάντ’
1638 1727 1816 1776 ἐκεῖνα
1842 1724 1877 1778 ἃ

1981 553 2070 620 qui
2097 552 2236 620 apud
2263 551 2384 605 illos
2412 550 2594 606 forent
2625 551 2879 614 intirmis.
2905 566 3078 620 neque
3101 562 3384 621 propterea
3409 554 3568 622 quid-

1981 639 2140 714 quam
2175 645 2311 696 ultra
2357 646 2667 712 quotidiana
2707 645 2966 698 alimenta
3000 646 3350 714 accipientes.
3393 645 3566 712 Quam

1981 752 2092 790 rem
2122 737 2194 788 ita
2239 736 2408 789 edixit
2443 754 2456 791 :
2497 735 2821 791 hianducate
2847 752 2967 804 qua:
3006 749 3347 806 apponuntur
3391 740 3565 792 vobis.

1979 840 2247 884 etcurate
2295 829 2572 892 inﬁrmos,
2607 831 2696 898 qui
2734 833 2877 898 apud
2915 845 3008 883 eos
3064 841 3210 884 sunt.
3259 831 3396 898 Quia
3441 849 3571 886 vero

1980 920 2106 974 illud
2141 921 2414 984 obstabat,
2449 935 2641 988 nempe
2663 920 2708 973 si
2737 935 2866 985 ergo
2900 936 3059 974 nemo
3099 922 3294 990 dignus
3325 937 3421 976 vos
3472 925 3569 978 ho-

1980 1013 2142 1079 Spitio
2185 1012 2478 1079 recipiendi
2521 1012 2703 1073 fuerit,
2736 1013 2866 1080 quiti
2917 1013 3060 1067 factu
3103 1029 3238 1082 opus
3267 1015 3568 1067 crit?con«

1978 1113 2273 1172 sequenter
2317 1103 2440 1156 audi
2497 1105 2623 1170 quid
2675 1104 2776 1157 hac
2823 1119 2992 1172 super
3029 1120 3087 1158 re
3129 1106 3180 1158 in
3219 1104 3570 1176 sequentibus

1979 1195 2156 1250 dicat:
2183 1195 2241 1249 Si
2270 1212 2426 1263 quam
2464 1212 2582 1248 vero
2604 1196 2658 1248 in
2685 1198 2863 1249 urbem
2889 1198 3233 1263 intraveritis,
3260 1199 3570 1268 minimeque

1980 1306 2068 1341 ros
2095 1290 2411 1356 exceperint,
2439 1302 2542 1342 etc.

2015 1384 2061 1413 ⁸⁵
2084 1379 2214 1436 Cum
2241 1383 2393 1449 [ortis
2437 1391 2676 1435 armatus
2717 1383 2947 1434 custodit
2981 1383 3176 1435 atrium
3217 1399 3394 1450 suum,
3420 1393 3529 1441 etc.

2050 1536 2268 1590 Fortem
2294 1531 2516 1605 quidem
2547 1537 2671 1590 dicit
2707 1538 2976 1592 diabolum
3005 1580 3019 1603 ,
3052 1541 3140 1610 qui
3191 1542 3450 1596 adversus
3479 1542 3573 1595 ho-

1979 1631 2183 1684 minum
2226 1646 2392 1699 genus
2436 1631 2810 1698 prtevaluerat.
2851 1623 3061 1685 Atrium
3117 1631 3354 1700 ejusdem
3385 1638 3570 1704 appel—

1981 1724 2051 1776 lat
2103 1733 2375 1776 terrenum
2410 1739 2437 1774 a
2481 1722 2798 1777 mortalibus
2835 1723 3134 1776 habitatum
3159 1725 3568 1794 spatium:pos-

288 1811 351 1881 δὴ
395 1811 666 1878 ἐπιδείξας
711 1813 786 1884 τῷ
835 1813 1047 1887 Σωτῆρί
1103 1833 1232 1868 ποτε
1280 1815 1503 1884 ἔλεγεν·
1556 1814 1742 1869 Ταῦτά
1785 1831 1874 1868 σοι

1987 1815 2257 1868 sessiones
2284 1829 2412 1867 vero
2439 1815 2557 1883 ejus
2601 1813 2687 1867 illa
2742 1815 2923 1868 omnia
2965 1831 3087 1884 qua:
3131 1816 3255 1870 olim
3293 1816 3566 1872 Servatori

289 1901 487 1956 πάντα
515 1902 706 1968 δώσω,
735 1905 843 1959 ἐὰν
867 1904 1072 1960 πεσὼν
1096 1907 1535 1975 προσκυνήσῃς
1554 1925 1677 1976 μοι,
1708 1908 1793 1959 ὅτε
1818 1909 1875 1960 ὲν

288 1992 366 2063 τῷ
413 1994 602 2065 ὑψηλῷ
632 1995 747 2068 ὄρει
794 1996 992 2062 ἔδειξεν
1025 1999 1175 2069 αὐτῷ
1219 2000 1318 2062 τὰς
1355 1998 1630 2068 βασιλείας
1660 1998 1754 2051 τοῦ
1781 1999 1874 2052 κό-

296 2101 435 2156 σμου
466 2087 561 2139 καὶ
599 2085 696 2157 τὴν
738 2086 893 2151 δόξαν
927 2087 1114 2142 αὑτοῦ.
1159 2089 1321 2142 Ἀλλὰ
1369 2089 1536 2144 πάλαι
1567 2089 1666 2158 μὲν
1701 2089 1876 2143 ταῦτα

294 2178 459 2231 αὑτοῦ
488 2177 558 2230 τὰ
586 2179 897 2248 ὑπάρχοντα
925 2181 982 2232 ὲν
1004 2181 1192 2252 εἰρήνῃ
1218 2175 1308 2250 ἦν,
1331 2179 1553 2250 μηδενὸς
1579 2180 1740 2233 αὑτοῦ
1773 2180 1877 2248 ἀφ-

298 2253 620 2340 αιρουμένου
645 2286 658 2298 ·
700 2271 788 2323 ὅτε
833 2287 898 2337 γε
941 2269 1046 2341 μὴν
1073 2272 1102 2323 ὁ
1135 2271 1479 2342 Eulog/napo;
1527 2271 1689 2324 αὐτοῦ
1718 2271 1876 2324 ἐπελ-

297 2359 405 2412 θὼν
435 2360 839 2424 καταπαλαίσας
872 2378 933 2414 τε
971 2361 1130 2414 αὑτὸν
1155 2361 1372 2430 δεσμοῖς
1411 2360 1720 2431 περιέϐαλε,
1754 2362 1874 2414 τότε

296 2452 390 2504 καὶ
414 2452 512 2521 τὴν
545 2451 844 2504 πανοπλίαν
887 2450 1052 2504 αὑτοῦ
1083 2449 1352 2519 ἀφείλετο,
1394 2452 1477 2518 ἐφ’
1574 2451 1872 2514 ἐπεποίθει,

297 2544 394 2596 καὶ
415 2543 484 2596 τὰ
528 2543 701 2596 σκῦλα
731 2541 894 2596 αὑτοῦ
929 2542 1178 2614 ἀρπάσας
1201 2541 1438 2594 διέδωκε.
1478 2540 1786 2596 Ιῐανοπλίαν
1819 2542 1875 2595 δὲ

293 2635 457 2689 αὐτοῦ
490 2636 589 2707 τὴν
635 2635 742 2688 τῶν
788 2635 1057 2706 δαιμόνων
1098 2633 1355 2687 πολύθεον
1387 2634 1596 2706 πλάνην
1635 2635 1872 2704 ᾐνίξατο.

296 2726 473 2780 Ὅπλα
501 2726 609 2798 γὰρ
645 2726 890 2780 διαϐόλου
923 2727 973 2778 οἱ
1019 2723 1292 2796 πανταχοῦ
1329 2726 1430 2795 γῆς
1459 2724 1732 2796 ἱδρυμένοι
1763 2725 1877 2779 δαί-

296 2835 454 2889 μονες
499 2818 888 2887 συνεργοῦντες
925 2817 1091 2870 αὑτοῦ
1135 2820 1201 2888 τῇ
1247 2817 1388 2870 κατὰ
1428 2817 1535 2870 τῶν
1575 2817 1875 2888 ἀνθρώπων

290 2909 594 2981 τυραννίδι·
642 2907 812 2961 σκῦλα
852 2908 909 2960 δὲ
942 2903 1082 2978 ἦσαν
1127 2907 1292 2960 αὐτοῦ
1332 2909 1386 2960 αἱ
1421 2908 1530 2960 τῶν
1573 2907 1874 2980 ἀνθρώπων

287 3001 458 3072 ψυχαὶ
524 3000 630 3054 ὑπὸ
690 3003 790 3071 τῆς
824 3000 1138 3070 διαϐολικῆς
1199 3000 1499 3064 πανοπλίας
1541 3000 1874 3072 αἰχμάλωτοι

289 3093 623 3164 ἀπηγμέναι.
645 3091 804 3144 Ἀλλὰ
847 3093 937 3145 τὸν
969 3092 1066 3163 μὲν
1099 3093 1270 3145 δεινὸν
1311 3096 1516 3146 ἐκεῖνον
1555 3093 1814 3166 τύραννον
1846 3093 1876 3146 ὁ

1983 1907 2274 1960 ostendens
2301 1907 2483 1958 aiebat
2510 1923 2522 1957 :
2555 1905 2684 1960 Iltvc
2717 1908 2894 1960 omnia
2923 1907 3016 1959 tibi
3040 1909 3196 1972 dabo,
3220 1910 3265 1962 si
3293 1911 3567 1978 procidcns

1983 1999 2286 2052 udorareris
2311 2015 2389 2050 me
2405 1997 2474 2063 ⁸⁵,
2503 2012 2694 2067 nempe
2723 2013 2846 2051 cum
2887 1999 2936 2051 in
2967 1999 3182 2052 excelso
3213 2012 3395 2054 monte
3432 2017 3535 2054 cun
3555 2030 3570 2036 -

1983 2099 2068 2143 cta
2101 2089 2173 2142 illi
2221 2090 2404 2142 mundi
2441 2105 2604 2159 regna
2658 2088 2991 2160 gloriamque
3027 2090 3265 2159 ejusdem
3310 2092 3560 2146 ostende—

1983 2182 2092 2234 bat.
2135 2178 2238 2234 Sed
2279 2181 2403 2232 olim
2439 2182 2656 2249 quidem
2692 2183 2775 2234 lue
2808 2182 3182 2248 possessiones
3210 2182 3325 2251 ejus
3359 2184 3410 2236 iu
3439 2199 3571 2253 pace

1982 2279 2158 2336 erant,
2195 2271 2476 2326 auferente
2509 2273 2741 2328 nemine.
2776 2273 2882 2327 Sed
2919 2289 3040 2326 cum
3075 2273 3268 2329 fortior
3289 2291 3354 2330 eo
3379 2291 3568 2345 super-

1984 2363 2227 2428 veniens,
2264 2380 2498 2434 eumque
2541 2380 2860 2437 Oppugnans
2885 2367 3114 2423 vinculis
3155 2368 3414 2437 alligavit,
3442 2380 3570 2424 tunc

1983 2464 2036 2509 et
2056 2455 2294 2524 ejusdem
2320 2468 2650 2512 armaturam
2675 2460 2896 2514 abstulit
2917 2460 2998 2516 cui
3021 2459 3346 2524 conﬁdebat,
3364 2471 3419 2514 et
3445 2479 3570 2530 spo-

1982 2546 2053 2601 lia
2087 2549 2295 2616 direpta
2324 2548 2624 2603 distribuit.
2661 2549 2830 2606 Porro
2854 2566 3143 2610 armaturae
3191 2554 3567 2613 ιιηπτῗιτεο-εζτειη

1982 2639 2140 2693 bolici
2170 2639 2513 2710 polytheismi
2551 2657 2797 2696 errorem
2834 2645 3031 2698 innuit.
3076 2647 3239 2700 Arma
3275 2650 3420 2703 enim
3453 2651 3568 2703 dia-

1981 2732 2089 2786 boli
2123 2741 2250 2786 sunt
2283 2731 2555 2787 daemones
2587 2735 2784 2804 ubique
2824 2745 3090 2792 terrarum
3136 2741 3439 2798 constituti.
3472 2759 3568 2794 au-

1984 2823 2202 2880 xitiares
2249 2823 2364 2894 ejus
2409 2827 2675 2882 adversus
2725 2829 2975 2883 homines
3026 2833 3348 2899 tyrannidis.
3385 2835 3565 2902 Spolia

1981 2916 2197 2986 quidem
2239 2925 2397 2971 erant
2437 2918 2702 2986 ejusdem,
2736 2920 3012 2975 hominum
3063 2923 3253 2976 animae
3283 2924 3569 2981 diabolicis

1984 3009 2149 3063 armis
2174 3008 2225 3063 in
2265 3011 2632 3079 captivitatem
2660 3013 2903 3067 abducta:
2926 3032 2940 3077 ;
2963 3015 3056 3069 sed
3084 3017 3227 3070 cnim
3259 3019 3405 3071 illum
3433 3036 3569 3087 quo-

1983 3114 2087 3168 que
2139 3100 2450 3155 horribilem
2505 3110 2794 3173 tyranuum
2845 3105 3099 3160 Christus
3144 3109 3373 3164 vinculis
3426 3110 3566 3164 irre-

289 3183 523 3258 Χριστὸς
553 3184 771 3254 δεσμοῖς
798 3182 1129 3255 περιϐαλὼν,
1155 3185 1334 3236 πᾶσαν
1367 3183 1531 3237 αὑτοῦ
1559 3184 1872 3238 διεσκέδασε.

1982 3193 2139 3255 tiens,
2166 3193 2476 3247 universam
2513 3197 2628 3261 ejus
2659 3205 2994 3250 armaturam
3029 3199 3332 3268 diSsipavit,
3369 3201 3567 3256 dmino-

287 3280 386 3351 τὴν
435 3278 754 3342 πανοπλίαν,
789 3279 914 3341 τοὺς
957 3268 1226 3347 δαίμονας
1249 3276 1446 3348 δηλαδὴ
1479 3279 1575 3331 καὶ⁵
1605 3279 1672 3331 τὰ
1711 3279 1874 3333 πνεύο

293 3389 438 3444 ματα
467 3371 534 3424 τὰ
570 3370 873 3442 ἀκάθαρτα.
908 3369 1006 3433 τὰς
1035 3369 1291 3440 δυνάμεις
1319 3387 1377 3422 τε
1411 3370 1508 3433 τὰς
1559 3371 1870 3442 ἀντικειμέ-

288 3478 421 3526 νας·
467 3463 536 3517 τὰ
569 3462 624 3514 δὲ
669 3461 840 3514 σκῦλα
875 3460 1060 3523 αὐτοῦ,
1095 3461 1162 3513 τὰ
1201 3460 1368 3513 πάλαι
1407 3460 1782 3532 δεδουλωμένα
1803 3464 1875 3532 τῇ·

286 3551 560 3624 τυραννίδι
601 3550 791 3614 αὑτοῦ,
846 3551 971 3622 ἔθνη
1016 3551 1156 3621 φημὶ
1199 3551 1374 3604 πάντα
1418 3553 1873 3622 μεταστησάμενοι

286 3643 386 3715 τῆς
431 3643 665 3706 παλαιᾶς
708 3643 971 3707 δουλείας,
1008 3642 1322 3696 διαδέδωκεν
1371 3642 1589 3703 οἰκείοις
1643 3643 1874 3713 ἡγεμόσι

289 3737 385 3791 καὶ
413 3738 639 3808 ἄρχουσι
669 3739 779 3799 τοῖς
817 3737 907 3788 ὑπ’
934 3737 1094 3789 αὑτὸν
1124 3733 1480 3807 στρατιώταις
1508 3735 1604 3806 τῆς
1639 3734 1749 3786 τῶν
1783 3735 1873 3788 ού-

290 3829 468 3900 ρανῶν
501 3828 794 3898 βασιλείας,
821 3828 1139 3891 ἀποστόλοις
1176 3827 1375 3899 δηλαδὴ
1409 3829 1502 3881 καὶ
1530 3830 1642 3891 τοῖς
1668 3826 1873 3880 τούτων

287 3920 566 3990 διαδόχοις.
599 3921 732 3991 Περὶ
758 3913 832 3973 ὧν
857 3919 1066 3972 σκύλων
1092 3917 1420 3989 θαυμαστῶς
1445 3923 1876 3991 προανεφωνεῖτο

291 4013 350 4066 ὲν
399 4014 703 4086 προτητεία
749 4012 1062 4083 φασκούσῃ·
1108 4012 1160 4063 '0
1208 4011 1508 4077 βασιλεὺς
1536 4010 1656 4065 τῶν
1691 4011 1873 4065 δυνάο

286 4120 448 4174 μεων
497 4103 604 4157 τοῦ
666 4103 1020 4173 Ἀγαπητοῦ,
1073 4102 1147 4171 τῇ
1200 4104 1505 4171 ὡραιότητι
1563 4103 1669 4157 τοῦ
1705 4104 1874 4157 οἴκου

290 4193 593 4248 διελέσθαι
630 4194 851 4247 σκῦλα.
917 4194 1204 4264 Τεκμήρια
1242 4191 1298 4245 δὲ
1331 4191 1502 4246 ταῦτα
1535 4192 1739 4262 ἐναργῆ
1776 4193 1873 4263 τῆς

287 4285 385 4340 τοῦ
452 4286 586 4339 Θεοῦ
638 4285 914 4356 βασιλείας
959 4283 1328 4355 καθαιρούσης
1386 4285 1479 4337 καὶ
1516 4283 1875 4355 ταπεινούσης

291 4379 471 4432 πᾶσαν
503 4377 674 4449 ἀρχὴν
713 4379 809 4431 καὶ
853 4375 1100 4441 ἐξουσίαν
1137 4375 1231 4429 καὶ
1272 4375 1518 4445 δύναμιν,
1550 4376 1644 4428 καὶ
1696 4376 1875 4427 πᾶσαν

289 4469 388 4542 τὴν
421 4469 682 4522 πολύθεον
717 4469 812 4522 καὶ
850 4467 1165 4539 δαιμονικὴν
1199 4467 1510 4538 τυραννίδα,
1554 4466 1662 4519 τῶν
1704 4466 1746 4518 δ’
1783 4465 1875 4518 ἐπὶ

1977 3297 2072 3338 nes
2124 3284 2374 3339 videlicet
2430 3295 2485 3339 et
2532 3287 2770 3355 impuros
2818 3289 3074 3357 spiritus,
3121 3302 3175 3344 et
3225 3293 3569 3348 adversaria:

1976 3384 2292 3443 potestates.
2317 3378 2496 3447 Spolia
2523 3393 2653 3432 vero
2683 3379 2834 3447 ejus",
2867 3390 3056 3450 gentes
3111 3383 3328 3451 inquam
3381 3395 3567 3454 tyran-

1977 3467 2101 3522 uide
2121 3468 2288 3538 ipsius
2314 3471 2582 3536 quondam
2615 3485 2924 3540 oppressas,
2957 3483 3138 3527 vetere
3173 3477 3431 3530 servitute
3446 3492 3566 3529 om-

1977 3573 2073 3614 nes
2096 3571 2333 3629 ereptas,
2353 3561 2578 3616 ducibus
2603 3565 2714 3618 suis
2749 3564 3256 3629 tradidit,\'idelicet
3289 3576 3418 3620 tmtu
3451 3567 3566 3635 ejus

1978 3667 2075 3720 pro
2098 3654 2361 3720 malorum
2401 3669 2569 3722 regno
2597 3657 2973 3718 militantibus,
3017 3656 3068 3710 id
3100 3670 3184 3710 est
3215 3659 3479 3726 apostolis
3509 3667 3568 3712 et

1977 3742 2168 3798 horum
2205 3746 2630 3800 successoribus.
2666 3748 2739 3801 De
2783 3749 2981 3816 quibus
3019 3749 3208 3816 spoliis
3251 3750 3386 3803 mire
3436 3765 3564 3818 pro-

1975 3834 2266 3890 clamatqu
2309 3837 2486 3891 fuerat
2531 3839 2583 3890 in
2613 3841 2894 3910 pmphetia
2943 3841 3158 3896 dicente
3201 3841 3358 3896 :Rea:
3399 3845 3563 3898 virtu-

1980 3934 2091 3979 tum
2121 3927 2336 3991 Dilecti,
2383 3929 2571 3998 speciei
2605 3931 2789 3985 domus
2833 3933 3063 3986 dividere
3096 3937 3262 4002 spolia
3287 3935 3353 3988 ⁸⁸.
3398 3935 3562 4006 Signa

1976 4034 2106 4071 vero
2145 4019 2258 4072 lucc
2287 4029 2415 4072 sunt
2445 4019 2727 4074 manifesta
2769 4023 2937 4076 divini
2988 4025 3136 4093 regni
3173 4029 3564 4093 prosternentis

1977 4123 2040 4162 ac
2071 4108 2397 4163 destruentis
2437 4110 2730 4178 quemlibet
2781 4113 3176 4182 principatum,
3237 4125 3562 4183 potestatem

1979 4213 2043 4252 ac
2071 4199 2203 4260 vim,
2235 4211 2289 4254 et
2326 4201 2647 4254 diabolicam
2681 4218 2895 4257 onmem
2938 4204 3284 4275 polytheismi
3319 4208 3564 4278 tyranni-

1978 4289 2096 4343 tletu
2119 4292 2294 4360 :quod
2327 4307 2550 4361 regnum
2584 4292 2696 4362 jam
2734 4294 2786 4347 in
2814 4297 2946 4350 orbe
2977 4296 3121 4350 inter
3147 4296 3395 4351 homines
3429 4309 3576 4366 prae-t

1977 4381 2157 4435 valere
2187 4383 2500 4452 incipiebat.
2529 4386 2736 4441 Idcirco
2767 4389 2845 4441 ait
2860 4388 3122 4442 Servatur
3149 4405 3160 4440 :
3201 4390 3352 4453 Quod
3380 4391 3425 4442 si
3468 4406 3566 4459 ego.

1978 4470 2030 4523 in
2060 4469 2262 4539 Spiritu
2291 4474 2387 4528 Dei
2411 4476 2569 4544 ejicio
2617 4477 2898 4543 dwmonia,
2930 4481 3104 4548 utique
3133 4480 3357 4548 pervenit
3388 4481 3441 4533 in
3473 4496 3560 4535 ιύε

289 4562 394 4632 γῆς
421 4561 720 4632 ἀνθρώπων
746 4562 1061 4631 ἐπικρατεῖν
1090 4560 1414 4630 ἀρχομένης.
1460 4559 1550 4611 Διό
1580 4574 1712 4629 φησι
1772 4559 1880 4610 Σω-
1908 4554 1952 4608 Ι)
1983 4577 2195 4630 regnum
2225 4563 2323 4618 Dei
2357 4567 2424 4619 ⁸⁷.

287 4659 426 4729 τήρ·
457 4659 528 4710 Ei
555 4655 605 4708 δ’
627 4654 742 4725 ἐγὼ
781 4656 849 4710 ἐν
882 4656 1178 4724 Πνεύματι
1230 4654 1378 4709 Θεοῦ
1428 4652 1705 4706 ἐκϐάλλω
1764 4651 1835 4704 τὰ
1886 4653 2180 4724 δαιμόνια,
2236 4658 2351 4727 ἄρα
2394 4661 2658 4730 ἔφθασεν
2695 4663 2787 4731 ἐφ’
2833 4661 2985 4731 ὑμᾶς
3030 4664 3069 4728 ἡ
3115 4661 3405 4724 ,ϐασιλειά
3453 4660 3562 4713 τοῦ

290 4750 461 4808 Θεοῦ.

288 4847 476 4899 Ὅταν
504 4843 572 4897 δὲ
598 4843 1022 4913 προσφέρωσιν
1045 4841 1201 4964 1';qu
1242 4840 1338 4894 ἐπὶ
1369 4839 1476 4907 τὰς
1493 4841 1868 4909 συναγωγὰς,

973 4931 1028 4964 κ.
1051 4931 1102 4964 τ.
1170 4951 1183 4964 υ

973 4931 1028 4967 κ.
1051 4931 1102 4967 τ.
1136 4931 1183 4964 Α.

360 5005 516 5060 Οὕτω
543 5006 677 5077 δῆτα
728 5008 1073 5079 φρονήματος
1107 5004 1302 5066 αὐτοὺς
1341 5002 1576 5074 ἐπλήρου
1610 5004 1704 5056 καὶ
1735 5001 1868 5072 θάρ-

292 5113 415 5160 σους
442 5097 528 5150 διὰ
549 5098 641 5151 τοῦ
679 5099 920 5169 μεθέξειν
939 5099 1133 5161 αὐτοὺς
1167 5097 1309 5150 θείου
1345 5096 1659 5164 Πνεύματος
1697 5096 1871 5162 ἐπαγ-

289 5188 604 5256 γέλλεσθαι·
635 5191 702 5242 δι’
744 5191 903 5242 αὑτοῦ
941 5190 1046 5261 γὰρ
1091 5190 1182 5243 καὶ
1225 5186 1589 5259 δυναμοῦσθαι
1621 5187 1766 5250 είκὺς
1799 5182 1867 5257 ἦν

289 5278 502 5341 αὐτούς.
536 5280 644 5332 Καὶ
673 5278 789 5342 πῶς
822 5280 928 5352 γὰρ
954 5281 1052 5333 οὐκ
1078 5278 1296 5350 ἔμελλον
1323 5278 1747 5348 παραστήματος
1775 5277 1867 5329 καὶ

2085 4841 2130 4871 ⁸⁸
2158 4841 2290 4896 Cum
2313 4851 2488 4895 autem
2519 4844 2767 4896 inducent
2797 4859 2883 4896 vos
2923 4843 2974 4894 in
3007 4855 3321 4909 synagogas,
3345 4851 3448 4892 etc.

2049 5000 2141 5055 Sic
2169 5015 2299 5072 ergo
2347 5000 2470 5054 illos
2510 5002 2650 5055 bono
2690 5003 2874 5061 animo
2921 5016 3040 5055 esse
3084 4998 3309 5066 juhehat
3358 5007 3411 5050 et
3446 4995 3555 5048 ala-

1976 5093 2172 5146 critate
2205 5092 2466 5162 replebat,
2493 5092 2620 5146 dum
2651 5094 2814 5146 divini
2854 5092 3144 5162 participes
3174 5089 3409 5159 Spiritus
3437 5103 3557 5142 esse

1975 5184 2297 5242 aﬂirmahat.
2323 5184 2518 5252 Quidni
2566 5186 2708 5238 enim
2737 5184 2929 5238 ﬁducia
2975 5199 3090 5248 eos,
3120 5180 3464 5242 conﬁdentia,
3502 5190 3558 5232 et

1974 5277 2252 5332 alacritate
2278 5278 2464 5346 plenos
2486 5293 2606 5332 esse
2629 5276 2948 5344 oportebat?
2978 5275 3174 5343 Quidni
3201 5274 3456 5326 audacter
3485 5271 3552 5321 ad

290 5367 525 5442 θάρσους
555 5373 646 5423 καὶ
681 5371 985 5442 προθυμίας
1029 5369 1446 5442 ἐμπίμπλασθαι
1476 5368 1718 5439 ἁγαθῆςς
1752 5368 1868 5431 πῶς

1979 5369 2212 5436 iudiCum
2251 5385 2546 5440 regumque
2600 5370 2886 5424 tribunalia
2942 5370 3039 5435 ire,
3094 5384 3212 5420 cum
3249 5362 3550 5434 prannoniti

286 5461 342 5514 δὲ
384 5465 459 5535 μὴ
484 5463 796 5534 θαρσαλέως
828 5469 1025 5536 χωρεῖν
1060 5465 1144 5533 ἐφ’
1168 5463 1467 5535 ἡγεμονικὰ
1491 5463 1584 5516 καὶ
1616 5461 1867 5532 βασιλικὰ

359 5579 406 5613 ⁸⁵
437 5580 568 5637 CAP.
595 5599 666 5645 xi,
701 5583 790 5636 2t.
864 5583 910 5615 "
942 5581 1134 5636 Matth.
1177 5597 1251 5644 ιν,
1276 5584 1327 5637 9.

1399 5581 1448 5614 ⁸⁸
1469 5579 1608 5636 l’sal.
1643 5593 1812 5643 ιιιίι,
1847 5576 1932 5632 t5.

1974 5462 2204 5518 fuissent
2237 5478 2340 5516 non
2373 5463 2569 5517 debere
2604 5479 2695 5518 eos
2738 5464 2998 5527 meditato
3044 5461 3220 5514 studio
3249 5457 3387 5527 apud
3437 5472 3553 5508 ma-

2008 5577 2050 5608 ⁸⁷
2086 5575 2274 5632 Matth.
2302 5591 2398 5642 xu,
2429 5575 2518 5634 28.
2611 5578 2656 5608 ⁸³
2683 5577 2811 5633 Car.
2865 5591 2968 5642 xu,
3013 5576 3096 5629 ll.

357 5724 468 5797 (5'7)
509 5723 584 5776 De
622 5721 1004 5797 t'orti__armato,
1038 5718 1195 5772 idest
1248 5719 1479 5785 diabolo,
1518 5719 1608 5788 qui
1647 5733 1672 5770 a
1708 5714 1927 5774 Christo
1986 5711 2082 5767 fuit
2142 5711 2456 5780 debellatus,
2517 5714 2751 5768 breviter
2796 5714 2991 5770 dicitur
3035 5715 3197 5769 etiam
3255 5712 3307 5764 in
3379 5708 3549 5762 Theti"

283 5791 498 5868 pltaniu,
526 5794 620 5847 lib.
642 5808 724 5858 ιιι,
753 5791 841 5844 57.

569 5885 840 5947 Parnm“
888 5881 1006 5944 Gn.
1053 5881 1106 5940 Χ
1122 5879 1285 5939 XIV.

3190 5868 3266 5930 18
