4130 6400
416 5995 496 6039 ,λι

504 6043 544 6071 ΧΑ

557 319 665 375 555

1245 313 1514 372 EUSEBII
1551 292 2030 370 CA'ZSARIENSIS
2066 305 2217 364 OPP.
2259 302 2441 361 PARS
2477 303 2566 360 lli.
2608 331 2677 344 —-
2715 297 3134 357 EXEGETICA.

3712 293 3829 350 556

558 438 822 507 gistratus
847 441 1019 491 semet
1045 432 1354 499 defendere,
1395 431 1489 488 sed
1524 430 1685 486 aliam
1724 431 2012 501 quamdam
2047 407 2140 482 ad-

2246 426 2582 496 δικαστήρια,
2614 426 2664 476 οἱ
2695 418 3207 494 προμεμαθηκότες,
3243 417 3324 470 ὅτι
3362 416 3438 487 μὴ
3462 415 3615 469 αὐτοὶ
3638 407 3747 468 εἷεν
3775 415 3830 469 οι

560 533 676 586 fore
725 530 1016 584 haerentem
1056 525 1185 596 ipsis
1235 524 1470 579 divinam
1515 523 1794 588 virtutem,
1862 520 2015 590 cujus
2046 519 2134 574 in-

560 623 761 677 stinctu
782 618 1058 690 indicibus
1082 616 1322 685 ipsisque
1354 613 1623 682 intrepide
1651 614 1870 684 regibus
1912 625 2136 680 respon-

560 714 673 769 suri
713 710 940 768 essent?
987 709 1110 764 Hice
1159 707 1358 762 dicenti
1404 707 1661 776 magistro
1712 713 2137 760 consentaneum

558 816 676 861 erat
703 801 1001 873 discipulos
1034 799 1194 855 facile
1234 799 1480 864 credere,
1519 813 1583 852 ac
1623 796 1929 852 nullatenus
1977 793 2136 850 dubi-

561 910 709 960 tare;
760 895 958 966 quippe
988 893 1079 963 qui
1116 907 1430 948 sermonum
1477 891 1669 945 borum
1716 888 1925 958 pondus
1957 886 2010 941 in
2048 902 2140 941 su-

558 989 861 1058 perioribus
894 986 1054 1041 dictis
1076 983 1515 1054 exploraverant,
1559 979 1755 1050 quibus
1788 980 1944 1033 tidem
1973 994 2138 1048 opera

559 1084 821 1136 fecerant.
858 1078 957 1143 Qui
996 1091 1128 1144 ergo
1167 1074 1413 1129 inﬁrmos
1437 1073 1604 1128 divini
1640 1071 1790 1126 verbi
1823 1071 2025 1125 virtute
2053 1085 2140 1124 ro-

560 1173 902 1233 boraverant,
934 1167 1292 1236 morbumque
1318 1166 1458 1234 apud
1507 1165 1752 1220 homines
1783 1161 2140 1216 insanabilem

561 1269 763 1336 lepram
798 1272 852 1318 et
884 1261 1018 1316 alias
1043 1273 1332 1324 corporum
1360 1257 1637 1327 passiones
1682 1268 1918 1326 purgare
1946 1263 2141 1323 potue-

561 1368 704 1420 rant,
741 1363 796 1410 et
824 1354 1019 1409 noxios
1051 1351 1366 1408 hominibus
1417 1349 1690 1404 daemones
1735 1346 1936 1416 pellere
1998 1344 2140 1400 haud

561 1449 683 1503 ullis
714 1447 943 1502 curiosis
966 1443 1276 1516 praestigiis,
1309 1441 1402 1497 sed
1429 1440 1543 1496 sola
1570 1455 1597 1492 a
1629 1439 1850 1494 Christo
1879 1435 2141 1490 attributa

561 1540 740 1594 divina
789 1537 1001 1607 gratia;
1045 1550 1144 1591 cur
1173 1542 1489 1589 vererentur
1536 1529 1887 1586 inferioribus
1927 1527 2010 1581 his
2038 1526 2140 1580 tri-

561 1617 1137 1699 lmnalihus'intrepidi
1173 1635 1376 1690 astare,
1409 1633 1463 1679 et
1492 1639 1615 1678 cum
1649 1619 2054 1691 magistratibus
2079 1632 2142 1672 ac

564 1723 783 1794 regibus
815 1717 1152 1789 disceptare?
1201 1717 1310 1770 Cur
1339 1714 1570 1784 denique
1621 1713 1815 1768 fiducia
1843 1726 1948 1766 non
1981 1723 2143 1780 auge-

2243 517 2525 590 μέλλοντες
2565 513 3041 586 πεφροντισμένως
3075 513 3188 572 τοῖς
3233 509 3491 580 ἄρχουσιν
3541 507 3830 575 ἀπολογεῖ-

2243 612 2387 673 σθαι,
2414 609 2545 681 άλλη
2575 608 2631 662 δέ
2653 625 2735 670 τις
2765 608 2823 659 ὲν
2853 606 3032 667 αὐτοῖς
3061 601 3240 665 ἔνθεος
3267 600 3518 671 δύναμις,
3551 599 3616 652 δι’
3636 596 3705 670 ἦς
3732 597 3832 652 καὶ

2241 702 2502 773 ἡγεμόσιν
2538 699 2760 771 ἔμελλον
2788 696 3224 766 ἀκαταπλήκτως
3269 691 3476 762 ὁμιλεῖν
3520 691 3613 744 καὶ
3640 691 3829 753 αὐτοῖς

2245 791 2556 862 βασιλεῦσι;
2597 791 2706 843 Καὶ
2741 788 2911 840 ταῦτα
2932 786 2987 838 δὲ
3015 785 3226 853 λέγοντι
3255 779 3333 852 τῷ
3357 780 3664 851 διδασκάλῳ
3691 780 3826 833 6.16-

2240 883 2428 936 λουθον
2453 878 2520 952 ἦν
2547 882 2671 944 τοὺς
2697 878 2941 951 μαθητὰς
2971 877 3308 940 ἀδιστάκτως
3351 873 3650 935 πιστεύειν,
3684 873 3832 927 κατὰ

2246 976 2452 1047 μηδένα
2497 992 2557 1027 τε
2603 973 2802 1044 τρόπον
2851 969 3168 1042 ἀμφιϐόλως
3222 967 3388 1038 ἔχειν,
3433 964 3833 1037 προειληφότας

2242 1068 2350 1122 τῶν
2389 1067 2561 1136 λόγων
2590 1065 2687 1136 τὴν
2729 1066 2923 1134 πεῖραν
2952 1061 3039 1114 διὰ
3072 1059 3180 1114 τῶν
3211 1057 3522 1130 ἔμπροσθεν
3555 1054 3831 1124 ἐπηγγελ-

2248 1161 2445 1232 μένων,
2489 1151 2563 1212 ὧν
2609 1157 2707 1228 τὴν
2736 1156 2918 1208 πίστιν
2952 1154 3132 1215 αὐτοῖς
3165 1150 3344 1222 ἔργοις
3374 1149 3828 1221 παρειλήφεισαν.

2244 1254 2306 1306 Οἱ
2337 1250 2468 1320 γοῦν
2490 1245 2846 1307 ἀσθενοῦντας
2884 1242 3042 1312 λόγου
3074 1242 3298 1312 δυνάμει
3326 1239 3470 1292 θείου
3511 1236 3829 1309 ρωννύντες,

2243 1344 2398 1397 νόσον
2447 1358 2506 1394 τε
2549 1339 2646 1410 τὴν
2691 1337 2906 1390 ἀνίατον
2955 1335 3012 1386 ὲν
3045 1332 3349 1402 ἀνθρώποις
3385 1332 3591 1401 λέπραν
3637 1328 3728 1383 καὶ
3759 1328 3832 1381 τὰ

2245 1433 2408 1488 λοιπὰ
2437 1432 2582 1503 πάθη
2609 1430 2717 1484 τῶν
2749 1428 3014 1498 σωμάτων
3039 1423 3429 1494 ἀποκαθαίρειν
3471 1417 3571 1475 οἶοί
3601 1437 3681 1486 τε,
3715 1418 3835 1473 δαί-

2249 1524 2415 1596 μονάς
2437 1539 2495 1575 τε
2530 1520 2894 1592 λυμαντικους
2921 1515 3228 1588 ἀνθρώπων
3257 1513 3499 1567 ἐλαύνειν
3535 1513 3596 1566 οὐ
3627 1510 3714 1565 διά
3745 1519 3833 1563 τι·

2245 1635 2336 1681 νος
2363 1615 2660 1687 περιέργου
2693 1612 3052 1684 μαγγανείας,
3081 1607 3172 1663 διὰ
3201 1607 3256 1660 δὲ
3288 1606 3456 1677 μόνης
3485 1605 3583 1675 τῆς
3617 1604 3707 1657 ὑπ’
3741 1602 3836 1656 αὑ-

2244 1707 2338 1760 τοῦ
2391 1703 2792 1778 χορηγηθείσης
2839 1702 3020 1764 αὐτοῖς
3064 1698 3248 1752 ἐνθέου
3297 1697 3539 1770 χάριτος,
3584 1695 3701 1759 πῶς
3728 1695 3834 1748 οὐκ

563 1786 771 1878 rentur,
803 1786 1027 1883 propter
1061 1810 1222 1864 dandi
1255 1809 1388 1875 ipsis
1418 1806 1651 1876 Spiritus
1681 1801 2138 1874 promissionem?

2246 1797 2463 1871 ἔμελλον
2486 1798 2580 1850 καὶ
2611 1797 2722 1858 τοῖς
2756 1793 3027 1864 δευτέροις
3050 1791 3162 1852 τοῖς
3195 1786 3438 1859 περὶτοῦ
3477 1786 3641 1858 μηδὲν
3677 1801 3834 1855 μερι-

564 1906 701 1976 μνᾷν
737 1903 1023 1974 μέλλοντας
1051 1897 1420 1969 δικαστηρίοις
1442 1896 1800 1968 παρεστάναι,
1825 1892 2054 1965 ἡγεμόσι
2078 1909 2138 1945 τε
2172 1891 2267 1944 καὶ
2296 1887 2600 1960 βασιλεῦσιν
2627 1885 2836 1958 ὁμιλεῖν
2865 1880 3172 1944 πιστεύειν;
3205 1878 3330 1942 Πῶς
3393 1877 3440 1930 δ’
3499 1876 3600 1930 ούκ
3666 1873 3840 1945 ἔμελ-⁸

561 1996 652 2050 λον
674 1994 990 2064 ἐπιθαρσεῖν
1023 1995 1088 2064 τῇ
1123 1988 1425 2062 ἐπαγγελίᾳ
1451 1988 1544 2043 τού
1579 1987 1938 2059 δοθησομένου
1976 1986 2159 2049 αὐτοῖς
2191 1983 2505 2054 Πνεύματος

563 2089 608 2121 ⁸⁸
647 2090 827 2144 Nolite
853 2089 1061 2142 solliciti
1103 2103 1210 2140 esse
1241 2087 1432 2168 quinta:
1466 2091 1648 2139 vestra:
1679 2084 1808 2153 quid
1860 2081 2140 2137 manduce-

1234 2165 1300 2208 (is
1317 2195 1332 2222 ,
1364 2165 1472 2210 etc.

640 2251 764 2307 llazc
799 2251 874 2306 ait
909 2248 1169 2304 Dominus
1189 2247 1499 2302 ’cohortans
1537 2259 1655 2307 nos,
1685 2258 1754 2298 ne
1781 2256 1918 2297 θεοῖν
1939 2258 2139 2311 corpo-

566 2345 752 2414 risque
780 2342 1222 2398 commoditatnm
1272 2337 1636 2393 necessariam
1669 2351 1854 2391 curam
1893 2349 2014 2389 esse
2045 2350 2142 2404 pu-

569 2444 781 2498 temus;
838 2446 1011 2502 neque
1035 2431 1085 2488 id
1126 2440 1328 2485 temere
1364 2428 1585 2483 faciens
1621 2428 1715 2484 sed
1751 2427 2002 2482 rationali
2049 2441 2140 2480 ar-

566 2535 821 2596 gumento
846 2523 1219 2594 magisterium
1264 2537 1422 2576 suum
1481 2522 1766 2575 rohorans.
1813 2517 2143 2573 Ilortabatnr

565 2620 708 2674 enim
743 2618 929 2673 dicens
961 2636 974 2672 :
1009 2613 1091 2670 Ne
1133 2615 1346 2669 solliciti
1378 2615 1494 2668 sitis
1541 2613 1668 2683 quid
1707 2611 2032 2666 manducetis
2066 2610 2144 2665 uel

566 2717 693 2785 quid
723 2713 913 2767 bibatis
953 2711 1032 2764 vel
1076 2726 1178 2780 quo
1211 2708 1530 2762 induamini.
1585 2705 1774 2762 Nonne
1814 2706 1993 2759 anima
2023 2704 2142 2773 plus

565 2819 642 2861 est
671 2823 826 2876 quam
857 2821 997 2866 esca,
1022 2812 1070 2856 et
1096 2813 1284 2868 Corpus
1319 2801 1438 2869 plus
1476 2815 1634 2868 quam
1662 2797 2022 2852 vestimentum
2053 2794 2146 2848 ’°?

568 2898 636 2953 Et
669 2900 770 2952 hoc
797 2897 1014 2965 quidem
1063 2894 1296 2964 primum
1345 2898 1722 2958 argumentum
1767 2896 1874 2952 est,
1924 2887 2146 2940 demon-

568 3001 751 3044 strans
777 3003 882 3043 non
911 2988 1107 3042 debere
1139 2997 1464 3052 quemquam
1503 2981 1568 3036 de
1589 2995 1647 3035 se
1675 2994 1796 3036 esse
1826 2979 2140 3034 sollicitum.

571 3081 702 3135 Nam
750 3080 793 3133 si
849 3078 1125 3141 alimento,
1178 3077 1322 3145 quod
1365 3074 1434 3130 de
1476 3082 1617 3128 terra
1668 3072 1924 3143 gignitur,
1972 3069 2144 3138 major

569 3173 868 3240 meliorque
896 3181 978 3223 est
1015 3178 1177 3236 atque
1203 3165 1494 3236 pretiosior
1524 3164 1756 3218 hominis
1787 3163 1988 3228 anima,
2028 3175 2146 3230 quae

569 3262 853 3319 rationalis
871 3269 962 3325 ,est
994 3270 1050 3315 et
1095 3257 1474 3314 intellectualis
1513 3256 1835 3321 substantia,
1873 3269 2146 3323 quamque

2243 2079 2339 2148 Μὴ
2370 2077 2688 2148 μεριμνᾶτε
2711 2074 2782 2144 τῇ
2815 2071 2990 2143 ψυχῇ
3012 2069 3177 2141 ὑμῶν
3213 2070 3270 2124 τί
3299 2065 3550 2139 φάγητε,
3582 2075 3633 2123 κ.
3678 2081 3734 2118 μτ.
3775 2062 3839 2118 λ.

2313 2255 2421 2307 Καὶ⁴
2452 2251 2626 2306 ταῦτα
2656 2250 2750 2304 τοῦ
2793 2249 2996 2322 Κυρίου
3041 2247 3192 2320 ἡμᾶς
3230 2242 3705 2316 ἐπιθαρσύνοντος,
3753 2241 3838 2312 μὴ

2243 2345 2442 2416 χρῆναι
2489 2342 2617 2414 περὶ
2659 2341 2866 2414 τροφῆς
2918 2340 3039 2411 μηδ’
3069 2339 3254 2392 ἕνεκεν
3292 2337 3401 2390 τῶν
3443 2335 3537 2388 τοῦ
3580 2333 3840 2405 σώματος

2242 2437 2443 2508 Χρειῶν
2486 2437 2779 2508 μεριμνᾷν,
2829 2433 2925 2486 καὶ
2945 2433 3045 2485 οὐκ
3077 2431 3374 2499 ἀλογίστως
3408 2427 3838 2500 προτρέποντος.

2245 2528 2342 2580 σὺν
2367 2525 2708 2598 παραστάσει
2736 2524 2792 2577 δὲ
2823 2522 3016 2594 λογικῇ
3045 2519 3542 2593 παραμυθουμένου
3567 2516 3667 2588 τὴν
3691 2515 3842 2569 aea-

2247 2614 2492 2669 σκαλίανο
2514 2611 2865 2685 παρῄνειγὰρ
2879 2611 3072 2679 λέγων’
3095 2609 3191 2676 Μὴ
3213 2607 3616 2678 μεριμνήσητε
3641 2606 3700 2659 τί
3729 2603 3844 2673 φάο

2248 2722 2390 2778 γητε
2423 2705 2462 2774 ἢ
2497 2706 2555 2758 τί
2585 2703 2937 2758 ὲνδύσεσθε.
2972 2701 3118 2771 οὐχὶ
3152 2701 3190 2768 ἡ
3221 2700 3392 2768 ψυχὴ
3435 2698 3659 2752 πλείων
3699 2695 3839 2750 ἐστὶ

2245 2795 2317 2864 τῆ
2323 2816 2355 2861 ς
2374 2813 2518 2865 apes:
2528 2795 2616 2864 ἧς,
2637 2795 2732 2848 καί
2749 2794 2816 2847 τὸ
2827 2794 2998 2863 σῶμα
3010 2791 3114 2847 τοῦ
3126 2791 3454 2861 ἐνδύματος
3460 2805 3478 2852 ;
3500 2791 3543 2842 K
3552 2791 3608 2842 α“ι
3620 2787 3840 2858 πρῶτος

2252 2887 2350 2957 μὲν
2400 2879 2554 2949 οὗτος
2600 2885 2978 2956 συλλογισμὸς,
3029 2884 3298 2952 συνάγων,
3333 2883 3415 2936 ὅτι
3461 2882 3534 2952 μὴ
3576 2881 3684 2934 δέοι
3709 2881 3840 2934 τινὰ

2247 2980 2376 3051 περὶ
2409 2977 2604 3032 ἑαυτοῦ
2641 2979 2929 3050 μεριμνᾷν.
2967 2977 3030 3029 El
3063 2977 3173 3046 γὰρ
3203 2978 3433 3045 τροφῆς,
3469 2973 3568 3044 τῆς
3597 2971 3705 3026 ἀπὸ
3730 2973 3841 3042 γῆς

2249 3069 2548 3140 φυομένης,
2578 3068 2777 3138 μείζων
2809 3069 2900 3122 καὶ⁸
2935 3068 3218 3138 κρείττων,
3253 3066 3347 3118 καὶ
3371 3065 3667 3136 τιμιωτέρα
3701 3080 3841 3131 τυγ-

2248 3163 2399 3232 χάνει
2441 3163 2474 3232 ἡ
2508 3159 2795 3232 ἀνθρώπου
2827 3160 2995 3231 ψυχὴ,
3037 3159 3228 3231 λογικὴ
3263 3155 3398 3212 οὖσα
3430 3158 3523 3212 καί⁵
3555 3157 3717 3229 νοερὰ
3742 3157 3842 3210 οὗ·

2251 3252 2363 3314 σία,
2390 3251 2592 3322 ταύτην
2631 3251 2686 3304 δὲ
2738 3251 2810 3323 μὴ
2843 3247 3009 3304 οὖσαν
3057 3252 3138 3314 είς
3181 3251 3243 3302 τὸ
3276 3246 3415 3304 εἶναι
3455 3251 3775 3321 παρήγαγεν
3810 3249 3844 3301 ὁ

568 3357 793 3412 minime
817 3354 1163 3408 exsistentem
1194 3351 1259 3405 ad
1308 3349 1673 3404 exsistcndum
1705 3348 1843 3402 Dens
1867 3346 2138 3415 perduxit,

2246 3343 2394 3408 Θεὸς,
2427 3344 2518 3397 καὶ
2539 3343 2742 3413 ταύτης
2774 3345 2910 3413 ἡμῖν
2943 3341 3106 3412 μηδὲν
3135 3342 3502 3412 μεριμνήσασι
3540 3339 3839 3411 μετέδωκε,

570 3449 832 3516 nobisque
863 3445 1084 3500 minime
1107 3445 1172 3497 de
1201 3457 1262 3496 ea
1295 3439 1658 3509 cogitantibus
1686 3437 1954 3502 attribuit,
2003 3450 2144 3507 quos

570 3543 835 3596 animatos
865 3534 1262 3603 rationalesqne
1293 3533 1442 3595 fecit,
1471 3543 1568 3585 cur
1592 3530 1658 3584 dc
1687 3543 1743 3584 re
1769 3529 2059 3594 deteriore,
2090 3529 2140 3582 id

570 3643 652 3687 est
684 3647 827 3688 esca.
866 3627 1079 3682 solliciti
1131 3625 1341 3681 simus?
1394 3623 1526 3677 Nam
1576 3621 1668 3690 qui
1713 3635 1826 3675 rem
1878 3620 2141 3690 potiorem

568 3719 740 3781 dedit,
771 3718 814 3770 is
841 3731 959 3785 qua:
1004 3714 1122 3769 usui
1157 3713 1283 3768 huic
1327 3721 1452 3767 sunt
1484 3712 1616 3763 dare
1647 3725 1751 3764 non
1801 3707 2140 3779 impedietur.

571 3811 639 3864 Et
671 3809 737 3863 de
787 3807 1033 3876 corporis
1064 3805 1377 3859 indumento
1409 3802 1548 3856 idem
1579 3815 1760 3855 sermo
1803 3799 1970 3854 valet.
2009 3797 2142 3853 Nam

574 3902 619 3954 si
654 3901 706 3953 in
732 3898 980 3954 confesso
1004 3907 1084 3951 est
1108 3896 1396 3950 animantis
1423 3909 1621 3964 corpus
1650 3890 2146 3960 incomparabiliter

573 3990 767 4044 melius
793 4003 933 4054 esse,
965 4003 1124 4057 quam
1153 3987 1380 4056 quodvis
1410 3985 1648 4040 exterius
1685 3984 1807 4039 huic
1839 3983 2144 4052 impositum

573 4079 993 4144 vestimentum;
1047 4088 1102 4133 et
1131 4078 1176 4134 si
1227 4087 1394 4132 totum
1445 4091 1640 4144 corpus
1683 4077 1806 4129 vitae
1846 4076 2147 4143 animatque

575 4172 846 4244 particeps
867 4170 1092 4225 Creator
1136 4167 1450 4231 conStituit;
1497 4182 1595 4222 cur
1645 4167 1716 4222 sit
1768 4166 2144 4236 ambigendum

576 4275 755 4318 utrum
785 4265 897 4333 ipse
926 4264 1093 4332 possit
1130 4263 1272 4331 quod
1295 4262 1538 4317 deterius
1584 4267 1672 4314 est
1695 4260 2058 4329 suppeditare,
2093 4259 2145 4313 id

572 4366 660 4412 est
704 4356 1101 4418 vestimentum,
1158 4370 1187 4408 a
1239 4368 1348 4423 quo
1396 4352 1633 4408 nobilius
1684 4349 2146 4419 circurntegitur?

572 4452 750 4521 Atque
772 4451 872 4504 hoc
894 4449 1126 4518 printum
1146 4445 1629 4500 demonstrativum
1648 4451 2018 4513 argumentum
2041 4450 2143 4495 est.

649 4543 852 4599 Deinde
871 4552 926 4596 et
951 4540 1123 4596 altero
1153 4537 1402 4608 exemplo
1429 4536 1599 4591 utitur
1627 4535 1816 4590 dicens
1844 4552 1858 4588 :
1888 4535 2146 4604 Respicite

572 4634 811 4692 t'olatilia
835 4633 976 4696 caeli,
1013 4632 1267 4701 quoniam
1307 4645 1411 4682 non
1443 4636 1643 4692 serunt,
1696 4637 1742 4682 et
1776 4625 1939 4681 Pater
1979 4639 2148 4682 vester

2244 3435 2522 3507 ἐμψύχους
2553 3439 2702 3506 ἡμᾶς
2744 3436 2838 3489 καὶ
2869 3434 3120 3503 λογικοὺς
3138 3433 3590 3506 ἀπεργασάμενος
3615 3431 3750 3501 (58),
3783 3433 3842 3484 τί

2245 3527 2350 3598 χρὴ
2374 3527 2675 3598 φροντίζειν
2707 3528 2835 3596 περὶ
2866 3525 2959 3579 τοῦ
2995 3526 3251 3598 χείρονος,
3285 3527 3421 3596 ὅπερ
3460 3525 3606 3579 ἐστὶν
3635 3527 3668 3595 ὴ
3705 3542 3839 3595 τρο-

2245 3624 2318 3692 φή
2341 3638 2355 3687 ;
2378 3623 2454 3702 ’Ὀ
2491 3619 2598 3691 γὰρ
2625 3619 2684 3672 τὸ
2715 3621 2957 3690 κρεῖττον
2981 3618 3225 3681 δεδωκὼς
3251 3619 3353 3671 ούκ
3391 3617 3709 3688 ἀδυνατήσει
3738 3618 3842 3670 καὶ

2245 3714 2306 3767 τδ
2333 3715 2588 3786 κρειῶδες
2621 3716 2785 3769 αὐτοῦ
2827 3720 3146 3787 παρασχεῖν.
3193 3715 3304 3770 Καὶ
3343 3716 3435 3769 ἐπὶ
3471 3715 3571 3784 τῆς
3601 3714 3696 3767 τοῦ
3730 3713 3844 3766 σὼ.

2249 3823 2417 3876 ματος
2440 3807 2730 3879 περιϐολῆς
2754 3811 2783 3861 ό
2813 3809 2972 3872 αὐτὸς
2999 3803 3174 3876 λόγος.
3198 3807 3260 3860 El
3291 3806 3399 3878 γὰρ
3419 3805 3841 3876 ἀνωμολόγηται

2245 3897 2306 3950 τὸ
2341 3897 2436 3950 τοῦ
2466 3896 2605 3962 ζὼου
2641 3898 2799 3969 σῶμα
2823 3899 3152 3971 άπαραθέτῳ
3185 3896 3466 3970 συγκρίσει
3489 3899 3732 3967 κρεῖττον
3755 3892 3843 3950 εἷο

2246 4006 2333 4042 ναι
2359 3990 2449 4043 τοῦ
2496 3989 2694 4054 ἔξωθεν
2729 3990 2877 4062 αὑτῷ
2922 3990 3304 4062 περικειμένου
3340 3981 3651 4060 ἐνδύματος,
3691 3988 3754 4041 τὸ
3788 3987 3841 4041 δ’

2245 4082 2364 4135 ὅλον
2409 4081 2567 4152 σῶμα
2614 4081 2759 4154 ζωῆς
2806 4083 3028 4154 μετέχον
3078 4083 3171 4135 καὶ
3209 4081 3387 4152 ψυχῆς
3416 4082 3445 4133 ό
3487 4080 3840 4152 Δημιουργὸς

2246 4171 2407 4237 αὐτὸς
2439 4175 2830 4247 συνεστήσατο·
2869 4173 2919 4228 τί
2962 4174 3067 4246 χρὴ
3109 4176 3348 4244 ἀγωνιᾷν
3386 4171 3460 4244 μὴ
3502 4172 3608 4244 ἄρα
3637 4172 3844 4225 ἀδυναι

2245 4267 2386 4337 τήσῃ
2413 4265 2472 4318 τὸ
2502 4268 2682 4337 χεῖρον
2716 4268 3039 4336 παρασχεῖν,
3078 4265 3236 4318 τοῦτο
3275 4265 3320 4317 δ’
3355 4261 3423 4337 ἦν
3457 4263 3518 4317 τὸ
3554 4263 3778 4334 ἔνδυμα,
3809 4266 3843 4318 ὁ

2245 4353 2308 4423 tu?)
2330 4359 2574 4428 κρεῖττον
2620 4356 3099 4427 ὑποστησάμενος;
3130 4351 3298 4420 Οὗτος
3338 4356 3436 4427 μὲν
3479 4351 3571 4410 οὖν
3616 4355 3844 4428 πρῶτος

2247 4447 2622 4511 άποδεικτικδς
2644 4447 3020 4519 συλλογισμός.

2318 4540 2428 4593 Καὶ
2453 4540 2688 4612 δευτέρῳ
2715 4539 2978 4612 κέχρηται
3011 4539 3415 4612 παραδείγματι
3445 4537 3617 4608 λέγων
3639 4549 3652 4568 δ
3706 4535 3846 4607 Ἐμ-

2243 4631 2518 4700 βλέψατε
2536 4634 2622 4698 είς
2650 4631 2721 4685 τὰ
2747 4631 2986 4684 πετεινὰ
3011 4631 3116 4684 τοῦ
3141 4629 3420 4699 οὐρανοῦ,
3446 4629 3536 4683 ὅτι
3560 4632 3632 4683 οὐ
3656 4631 3844 4683 aut-

574 4729 794 4783 caelestis
832 4725 997 4790 poscit
1048 4722 1163 4777 illa.
1213 4720 1403 4776 Nonne
1452 4735 1540 4773 vos
1593 4721 1758 4790 magis
1811 4719 1978 4786 pluris
2021 4721 2142 4773 estis

2246 4739 2440 4794 ρουσι,
2467 4725 2562 4778 καί
2587 4727 2620 4777 ὁ
2645 4725 2847 4794 Πατὴρ
2875 4724 3040 4794 ὑμῶν
3065 4728 3096 4778 ό
3114 4723 3391 4792 οἰιρὰνιος
3424 4722 3619 4792 τρέφει
3650 4722 3837 4777 αὑτά.

574 4821 682 4875 illis
713 4817 798 4870 "?
829 4814 962 4872 Nam
981 4815 1036 4869 ἐἰ
1062 4815 1168 4879 bis,
1213 4829 1444 4885 quorum
1494 4822 1646 4883 pater
1681 4827 1787 4867 non
1825 4821 1931 4874 est,
1955 4825 2147 4880 nempe

576 4909 907 4970 volucribus,
937 4904 1302 4962 sufﬁcientem
1332 4919 1510 4960 escam
1544 4905 1866 4974 praeparavit
1905 4903 2144 4957 omnium

576 5011 799 5056 curator
824 5009 879 5055 et
907 4998 1155 5067 provisor
1199 4990 1358 5060 Deus,
1401 5011 1521 5050 cum
1556 5010 1649 5050 vos
1682 4993 1749 5047 ad
1791 4993 1908 5062 ejus
1957 4992 2148 5063 imagi-

557 5082 702 5148 ‘nem
734 5091 853 5146 sitis
880 5090 1106 5154 conditi,
1159 5088 1436 5155 vestrique
1477 5093 1700 5156 prupter
1728 5084 2144 5139 intellectualem

580 5184 1004 5252 rationalemque
1057 5180 1414 5236 substantiam
1464 5187 1617 5244 pater
1643 5177 1733 5242 sit,
1775 5189 1875 5230 cur
1901 5176 2029 5230 vita:
2057 5188 2148 5232 ve-

577 5288 707 5332 strae
731 5289 916 5329 curam
963 5287 1070 5327 non
1122 5270 1305 5342 geret?
1352 5283 1557 5339 vosque
1601 5267 1734 5322 adeo
1778 5280 2000 5322 securos
2035 5281 2145 5321 non

578 5369 706 5433 alet,
751 5380 850 5422 ceu
894 5375 1049 5436 pater
1078 5362 1200 5416 filiis
1227 5369 1472 5431 prompte
1501 5357 1850 5430 suppeditans
1882 5372 2002 5426 qua:
2027 5357 2148 5412 usui

579 5470 726 5524 sunt,
763 5457 932 5528 magis
963 5470 1124 5526 quam
1153 5453 1274 5508 creti
1310 5449 1644 5513 volucribus,
1686 5449 1884 5517 quibus
1917 5450 2034 5504 sine
2065 5448 2147 5502 la-

579 5552 733 5615 bore,
792 5551 909 5606 sine
957 5547 1167 5603 satione
1198 5554 1358 5612 atque
1404 5542 1650 5596 aratione
1696 5555 1878 5595 escam
1925 5540 2150 5608 prmbet,

655 5645 705 5680 3'
733 5642 863 5698 Csr.
910 5654 1009 5704 xu,
1042 5637 1134 5692 22.
1209 5635 1255 5666 ’°
1304 5633 1486 5687 Matth.
1519 5646 1595 5695 Vt,
1626 5629 1718 5683 25.
1793 5632 1838 5663 ’ί
1871 5629 2002 5687 ibid.
2032 5631 2121 5686 26.

2246 4817 2368 4883 Οὐχ
2398 4813 2566 4880 ὑμεῖς
2590 4813 2832 4884 μᾶλλον
2861 4813 3172 4885 ’διαφέρετε
3203 4813 3400 4867 αὐτῶν
3417 4830 3436 4877 ~,'
3476 4813 3540 4866 Et
3571 4812 3678 4884 γὰρ
3709 4813 3843 4866 τού-

2251 4921 2384 4968 τοις,
2412 4897 2487 4958 ὧν
2514 4904 2590 4975 μὴ
2625 4905 2808 4976 πατὴρ
2829 4905 3102 4975 τυγχάνει,
3135 4902 3306 4957 ταῦτα
3326 4903 3372 4957 δ’
3395 4898 3463 4973 ἦν
3485 4900 3554 4955 τὰ
3586 4900 3838 4966 πετεινὰ,

2252 4991 2351 5066 τῆς
2386 4996 2688 5068 αὐτάρκους
2720 4998 2924 5068 τροφῆς
2969 4995 3302 5068 προύνόησεν
3352 4995 3380 5047 ὁ
3433 4993 3541 5047 τῶν
3574 4993 3843 5046 ἁπάντων

2253 5086 2507 5158 κηδεμὼν
2536 5091 2629 5141 καὶ
2661 5089 2964 5161 προνοητὴς
2993 5088 3144 5152 Θεὸς,
3179 5087 3332 5158 ὑμῶν
3351 5087 3459 5140 τῶν
3491 5087 3611 5140 κατ’
3645 5085 3843 5139 εἰκόνα

2253 5179 2353 5250 τὴν
2382 5179 2546 5233 αὑτοῦ
2588 5181 2987 5253 πεποιημένων,
3021 5179 3110 5234 διὰ
3145 5180 3244 5252 τὴν
3275 5182 3331 5232 ὲν
3360 5175 3486 5249 ὑμῖν
3515 5176 3706 5248 νοερὰν
3735 5179 3846 5230 καὶ

2251 5270 2471 5342 λογικὴν
2493 5272 2678 5325 οὐσίαν
2702 5273 2881 5344 πατὴρ
2904 5273 3206 5343 τυγχάνων,
3251 5272 3369 5336 πῶς
3389 5272 3446 5324 οὐ
3475 5273 3650 5324 πᾶσαν
3677 5270 3846 5341 ποιήο

2257 5380 2406 5418 σεται
2439 5365 2537 5436 τῆς
2571 5365 2713 5436 ζωῆς
2749 5365 3038 5435 φροντίδας
3081 5368 3176 5420 καὶ
3219 5365 3404 5436 θρέψει
3427 5382 3490 5433 γε
3523 5365 3666 5434 ὑμᾶς
3695 5365 3846 5434 ἁμε-

2260 5456 2484 5527 ρίμνως,
2515 5454 2602 5511 οἷα
2634 5458 2813 5531 πατὴρ
2836 5461 2966 5522 υἱοῖς
2996 5458 3054 5524 ἐξ
3083 5460 3298 5530 ἑτοίμου
3334 5458 3584 5530 παρέχων
3609 5457 3675 5510 τὰ
3697 5455 3849 5526 πρὸς

2256 5548 2356 5619 τὴν
2385 5551 2575 5640 χρείαν
2619 5549 2815 5622 μᾶλλον
2844 5552 2880 5623 ἢ
2901 5554 3012 5615 τοῖς
3046 5552 3309 5616 πετεινοῖς
3345 5551 3436 5606 τοῦ
3475 5547 3729 5624 ούρανοῦ,
3756 5542 3852 5613 οἷς

655 5738 770 5810 (58)
803 5734 1184 5793 Animadverte
1215 5728 1428 5786 Eusebii
1475 5726 1801 5784 sententiam
1835 5728 1902 5785 de
1931 5727 2157 5800 singulis
2195 5731 2377 5806 {.060
2410 5731 2612 5791 creatis
2639 5730 2914 5788 hominum
2948 5727 3254 5787 animabus,

552 6081 846 6280 κ..
