4130 6400
359 387 463 447 55"!

1515 389 2014 446 COMMENTARIA
2053 392 2119 448 IN
2162 394 2417 453 LUCAM.

3480 402 3583 457 538

350 511 661 577 ἁκοπιάτως
700 511 956 585 ἄσπαρτα
1008 513 1102 567 καὶ
1151 512 1387 586 ἀνήροτα
1442 512 1511 566 τὰ
1550 514 1685 586 πρὸς
1724 515 1914 587 τροφὴι

2030 515 2187 573 Patre
2227 519 2478 575 nimirum
2521 532 2703 578 vestro
2746 523 2912 578 vitam
2961 525 3064 579 illis
3113 524 3270 580 simul
3303 540 3588 595 escamque

349 605 649 677 πορίζεται,
682 605 776 658 τοῦ
810 604 1071 675 ὑμετέρου
1106 604 1319 676 Πατρδς
1349 602 1486 674 ὁμοῦ
1522 605 1615 657 καὶ
1648 603 1793 676 ζωὴν
1824 604 1923 657 αὐ-

351 697 465 761 τοῖς
494 695 588 750 καὶ
616 697 820 768 τροφὴν
847 694 1207 767 δωρουμένου.
1242 694 1453 766 Σφόδρα
1481 694 1524 747 δ’
1566 693 1808 766 ἀκριϐῶς
1830 696 1922 749 ἐπὶ

352 790 632 860 προτροπῇ
668 787 776 842 τῶν
820 787 980 841 αὐτοῦ
1016 786 1272 858 μαθητῶν
1306 787 1404 857 οὐχ
1459 785 1614 856 ἁπλῷ
1662 786 1919 858 παραδεί-

348 897 519 952 γματι
556 879 635 952 τῷ
664 880 774 934 τῶν
796 880 1001 948 ἀλόγων
1022 880 1289 951 ἐχρήσατο
1327 877 1499 944 ζὼωψ
1524 880 1622 933 οὐκ
1643 873 1734 933 οὖν
1758 881 1922 951 ἑρπε-

348 971 456 1025 τῶν
485 971 604 1025 οὐδὲ
629 971 840 1043 κτηνῶν
861 971 980 1024 οὐδὲ
1008 970 1111 1042 μὴν
1139 969 1334 1041 ἰχθύων
1357 970 1780 1042 ἐμνημόνευσεν,
1803 971 1919 1025 ἀλλ’

347 1064 456 1119 οιίδ⁴
495 1065 699 1136 ὀρνέων
730 1064 913 1129 ἁπλῶς
942 1062 1123 1131 εἶπεν,
1158 1065 1344 1135 ἐπειδὴ
1377 1067 1470 1120 καὶ
1496 1066 1699 1120 τούτων
1724 1067 1792 1121 τὰ
1823 1066 1922 1139 μὲν

350 1158 719 1230 σαρκοφαγεῖ,
746 1156 813 1210 τὰ
852 1156 909 1209 δὲ
940 1158 1043 1229 γῆν
1071 1159 1319 1219 σιτεῖται,
1348 1156 1419 1209 τὰ
1450 1157 1495 1210 δ’
1542 1156 1917 1229 ἀλληλοφαγεῖ.

348 1246 440 1300 Διδ
488 1245 596 1299 τῶν
637 1246 980 1319 νεκροϐόρων
1028 1248 1124 1300 καὶ
1171 1246 1519 1320 σαρκοϐόρων
1561 1248 1826 1319 ἀφορίσας
1853 1248 1923 1302 τὰ

348 1337 711 1410 σπερμοφὰγα
743 1336 853 1391 τῶν
896 1338 1180 1402 πετεινῶν,
1220 1340 1316 1392 καὶ¹
1344 1339 1519 1392 ταῦτα
1563 1338 1809 1410 δηλώσας
1835 1340 1922 1393 διὰ

345 1427 441 1483 τοῦ
474 1426 672 1497 φάναι’
712 1431 794 1482 Οὐ
827 1430 1189 1497 σπείρουσιν
1225 1429 1367 1483 οὐδὲ
1404 1427 1735 1497 θερίζουσιν
1779 1429 1923 1485 οὐδὲ

345 1518 721 1591 συνάγουσιν
764 1522 853 1586 εὶς
912 1520 1237 1587 ἀποθήκας,
1297 1520 1398 1574 καὶ
1434 1523 1468 1575 ὁ
1512 1521 1714 1590 Πατὴρ
1748 1520 1917 1591 ὑμῶν

348 1612 384 1666 ό
419 1609 698 1680 οὐράνιος
725 1611 1109 1680 τρέφειαύτά·
1139 1612 1344 1666 τούτων
1379 1629 1437 1666 τε
1461 1613 1638 1666 αὐτῶν
1675 1616 1919 1687 ἐμφήνας

344 1701 414 1755 τὰ
441 1700 754 1773 ὑψηλοπετῆ
787 1700 877 1755 διὰ
909 1701 1004 1756 τοῦ
1038 1707 1357 1774 προσειπεῖν
1396 1704 1534 1758 αὐτὰ
1563 1705 1791 1777 οὐρανοῦ
1824 1724 1921 1761 πε-

343 1793 515 1858 τεινὰ,
558 1795 685 1856 τοὺς
737 1792 902 1847 αὐτοῦ
952 1795 1199 1867 μαθητὰς
1243 1797 1334 1850 ἐπὶ
1379 1797 1476 1869 τὴν
1526 1798 1784 1869 ὁμοίωσιν
1817 1800 1919 1871 τῆς

2022 608 2327 678 largiente?
2352 608 2716 671 Solertissime
2748 625 2927 672 autem
2976 617 3028 671 in
3060 617 3160 671 hac
3187 616 3253 671 ad
3297 616 3590 686 discipulos

2020 714 2150 754 suos
2197 703 2592 769 adhortatione,
2626 705 2766 760 haud
2800 707 3039 777 generali
3082 706 3262 778 aliquo
3301 708 3588 765 irratioua~

2023 788 2150 845 lium
2184 792 2540 848 animantium
2594 796 2843 866 exemplo
2883 812 3015 853 usus
3059 807 3164 861 est,
3219 812 3394 867 neque
3449 798 3580 856 item

2021 881 2352 949 serpentium
2401 894 2496 938 aut
2544 884 2801 948 ferarum,
2855 902 3031 956 neque
3073 886 3443 958 iumentorum
3496 898 3590 945 aut

2022 972 2247 1042 piscium
2275 976 2539 1041 meminit,
2575 994 2750 1048 neque
2783 980 2959 1033 avium
2991 981 3589 1051 simpliciter,quando-

2023 1063 2238 1133 quidem
2296 1075 2352 1121 et
2408 1067 2601 1124 horum
2630 1070 2820 1141 aliqum
2854 1071 3157 1126 carnivorze
3203 1083 3348 1139 sunt,
3382 1071 3502 1127 alia:
3530 1075 3584 1128 in

2022 1163 2165 1210 terra
2213 1169 2527 1226 pascuntur,
2579 1160 2699 1215 alia:
2743 1162 3082 1218 se'iuvicem
3118 1172 3333 1218 vorant.
3382 1162 3505 1219 Ideo
3556 1180 3588 1220 a

2022 1247 2344 1304 cadaverum
2378 1250 2733 1321 carniumque
2760 1254 3063 1320 voracibus,
3091 1255 3391 1310 seminibus
3441 1258 3587 1325 pasci

2021 1337 2205 1394 solitas
2233 1353 2525 1395 secernens
2553 1343 2818 1407 volucres,
2848 1352 3009 1413 atque
3042 1349 3140 1397 luas
3176 1342 3262 1398 his
3292 1343 3468 1401 verbis
3493 1348 3589 1400 de-

2022 1430 2248 1499 signans
2298 1431 2440 1502 quod
2514 1448 2706 1502 nempe
2759 1450 2921 1503 neque
2968 1443 3147 1490 serunt
3207 1451 3363 1500 neque
3392 1444 3590 1490 metunt

2020 1536 2182 1591 neque
2217 1521 2271 1574 in
2314 1522 2502 1576 horrea
2546 1534 2884 1595 congregant,
2939 1534 2990 1579 et
3034 1536 3207 1581 tamen
3238 1525 3400 1581 Pater
3427 1538 3588 1581 vester

2020 1613 2238 1667 emlestis
2265 1614 2430 1680 pascit
2460 1613 2586 1678 illa;
2617 1617 2944 1685 easdemque
2977 1615 3086 1670 alte
3125 1616 3353 1671 volitare
3382 1617 3590 1688 signifi-

2021 1718 2172 1766 cans,
2202 1706 2327 1759 dum
2377 1704 2519 1761 sicut
2566 1705 2688 1761 cmli
2742 1706 2978 1761 volatilia
3034 1707 3328 1778 discipulos
3358 1724 3486 1765 suos
3519 1711 3586 1764 ad
3634 1708 3641 1713 ”

2020 1795 2198 1849 simile
2265 1795 2511 1851 alimenti
2559 1812 2728 1867 genus
2772 1800 3163 1868 capessendum
3236 1799 3586 1867 hortabatur;

343 1885 549 1939 τούτων
570 1885 777 1957 τροφῆς
799 1884 1092 1959 παρώρμα·
1115 1885 1251 1957 ὁμοῦ
1283 1887 1379 1941 καὶ
1402 1889 1493 1942 ἐπὶ
1518 1889 1616 1960 τὴν
1644 1890 1914 1957 ἀπόδειξιν

2019 1886 2177 1941 simul
2205 1886 2349 1958 ipsos
2376 1887 2445 1942 ad
2475 1889 2946 1961 contemplandam
2976 1892 3298 1947 universalis
3321 1898 3588 1949 curatoris

343 1979 446 2051 τῆς
485 1980 699 2034 πάντων
735 1980 929 2052 ἐφόρου
970 1981 1228 2051 προνοίας
1277 1981 1663 2052 παραπέμπων
1696 1983 1912 2048 αὐτοὺς,

343 2070 420 2134 ὼς
446 2068 513 2125 ἂν
537 2072 925 2143 τεκμαίρεσθαι
959 2071 1289 2140 δυναμένους
1321 2074 1386 2125 ὲκ
1413 2071 1505 2126 τοῦ
1546 2072 1916 2146 παραδείγμα-

343 2176 460 2226 τος,
491 2163 573 2216 ὅτι
599 2163 732 2216 πολῦ
765 2163 965 2235 μᾶλλον
993 2163 1172 2217 αὐτῶν
1203 2163 1237 2234 ἢ
1272 2162 1378 2216 τῶν
1407 2163 1668 2217 πετεινῶν
1692 2164 1785 2218 τοῦ
1820 2167 1913 2219 οὑ-

347 2251 511 2325 ρανοῦ
541 2256 641 2326 τῆς
667 2256 873 2327 τροφῆς
900 2258 1141 2327 φροντιεῖ
1161 2257 1191 2310 ό
1218 2257 1467 2329 οὐράνιος
1494 2257 1672 2312 αὐτῶν
1700 2258 1909 2329 Πατήρ.

346 2344 565 2417 Πατέρα
594 2345 649 2399 δὲ
682 2347 862 2400 καλῶν
898 2348 1164 2418 οὐράνιον,
1202 2347 1380 2418 δόγμα
1409 2348 1661 2419 μέγιστον
1697 2348 1914 2415 ἐξεπαί-

343 2435 518 2490 δευεν.
556 2439 745 2503 Ὄντος
778 2438 888 2511 γὰρ
914 2440 1128 2511 Πατρδς
1173 2441 1440 2512 σωμάτων
1476 2441 1571 2494 τοῦ
1606 2442 1704 2513 τὴν
1736 2442 1914 2513 σάρκα

345 2528 663 2599 σπείραντος
686 2529 918 2602 ἑκάστῳ,
941 2529 1095 2595 δντος
1117 2531 1173 2585 δὲ
1193 2530 1286 2585 καὶ
1311 2530 1521 2604 ῐιατρδς
1549 2532 1794 2601 οὐρανίου
1819 2532 1914 2588 τοῦ

342 2617 441 2690 τὴν
481 2617 702 2692 λογικὴν
738 2620 835 2674 καὶ
864 2620 1055 2692 νοερὰν
1084 2620 1312 2691 δύναμιν
1344 2621 1403 2673 ὲν
1436 2622 1566 2692 ἡμῖν
1608 2621 1915 2693 ὑποστησα-

344 2709 529 2780 μένου,
570 2709 624 2763 τί
659 2709 768 2784 χρὴ
817 2712 1120 2782 μεριμνᾷν;
1154 2711 1289 2782 Οὐχὶ
1326 2711 1571 2783 ἀκριϐῶς
1600 2713 1911 2776 πεπεῖσθαι,

338 2804 424 2858 ὅτι
457 2805 590 2859 πολὺ
632 2805 897 2877 πρότερον
925 2806 1081 2878 ἡμῶν
1110 2808 1138 2860 ὀ
1167 2805 1309 2860 κατὰ
1336 2806 1496 2875 φύσιν
1528 2808 1623 2862 καὶ
1651 2809 1915 2880 κρείττων

341 2893 526 2971 πατὴρ
557 2895 916 2966 προνοήσεται
948 2894 982 2966 ἢ
1029 2894 1139 2949 τῶν
1173 2895 1430 2949 πετεινῶν
1472 2894 1565 2949 τοῦ
1599 2896 1850 2967 οὐρανοῦ,
1877 2898 1914 2951 ἃ

347 2982 437 3037 διὰ
460 2982 559 3055 τὴν
582 2983 749 3037 αὐτοῦ
786 2984 1044 3055 πρόνοιαν
1079 2982 1238 3055 μέχρι
1272 2983 1367 3037 καὶ
1403 2983 1580 3037 αὐτῶν
1606 2986 1915 3057 ἐκτεινομέ-

341 3091 461 3146 νην,
501 3074 769 3147 τοσαύτης
807 3076 867 3141 ὲξ
905 3076 1125 3147 ἑτοίμου
1170 3077 1376 3147 τροφῆς
1420 3077 1661 3149 εὐπορεῖ,
1693 3077 1770 3142 ὡς
1818 3078 1912 3132 εὐ·

2021 1976 2413 2046 providentiam
2444 1978 2687 2041 mittens,
2716 1979 2958 2048 subjecto
2980 1982 3227 2051 exemplo
3253 1983 3395 2054 quod
3420 1983 3577 2040 tnultt

2022 2068 2193 2139 magis
2225 2068 2462 2138 ipsorum
2513 2089 2674 2143 quam
2708 2072 3000 2130 volatilium
3049 2075 3361 2132 alendorum
3397 2091 3585 2133 curam

2021 2170 2171 2230 geret
2194 2162 2427 2219 caelestis
2452 2162 2630 2219 Pater.
2669 2165 2803 2221 Dum
2850 2177 3029 2224 autem
3063 2169 3336 2225 cmlestem
3368 2167 3585 2225 Patrem

2022 2251 2275 2320 appellat,
2310 2256 2597 2309 maximum
2629 2274 2725 2313 nos
2760 2257 2951 2329 dogma
2980 2260 3157 2315 docet.
3195 2258 3330 2313 Nam
3363 2275 3484 2315 cum
3514 2261 3588 2316 sit

2021 2351 2264 2398 nostrum
2293 2342 2555 2418 cujusque
2587 2348 2746 2404 Pater
2775 2349 2819 2404 is
2857 2351 2949 2419 qui
2979 2366 3196 2406 carnem
3232 2361 3470 2407 nostram
3495 2366 3585 2406 se-

2021 2432 2132 2497 vit;
2164 2446 2286 2487 cum
2329 2437 2400 2489 sit
2444 2436 2573 2493 item
2625 2439 2862 2495 caelestis
2907 2439 3088 2504 Pater,
3124 2441 3214 2510 qui
3264 2440 3582 2499 rationalem

2023 2515 2543 2596 intellectualcmque
2578 2530 2685 2582 vim
2717 2529 2872 2585 nobis
2908 2529 3139 2597 indidit,
3171 2545 3270 2585 cur
3291 2532 3400 2600 jam
3431 2530 3583 2586 solli-

2019 2613 2112 2668 citi
2138 2614 2342 2670 simus?
2379 2615 2570 2673 Nonne
2602 2619 2828 2675 ﬁrmiter
2871 2622 3199 2677 credendum
3244 2632 3329 2678 est
3361 2633 3584 2680 natura-

2021 2704 2123 2762 lem
2160 2720 2400 2762 nostrum
2449 2709 2836 2780 melioremque
2883 2710 3119 2784 (animm)
3166 2722 3371 2783 patrem
3429 2713 3584 2768 nobis

2020 2797 2193 2869 magis
2214 2799 2607 2866 consulturum.
2636 2817 2797 2871 quam
2832 2802 2953 2857 cteli
2991 2802 3330 2867 volatilibus,
3364 2818 3483 2875 qua:
3513 2806 3582 2862 oh

2020 2888 2116 2945 Dei
2141 2891 2533 2962 providentiam
2565 2893 2630 2947 ad
2662 2892 2753 2947 illa
2782 2907 2951 2963 usque
2987 2902 3319 2964 protensam,
3359 2907 3503 2951 tanta
3529 2908 3585 2954 et

2019 2989 2130 3035 tam
2158 2980 2302 3036 facili
2331 2997 2456 3037 esca
2483 2982 2778 3049 abundant,
2809 2984 2880 3039 ita
2908 2994 2965 3039 ut
2998 2986 3107 3043 sint
3135 2987 3349 3058 pinguia
3394 3000 3446 3044 et
3475 2988 3583 3043 for-

2023 3074 2095 3125 tia
2124 3082 2179 3129 et
2198 3074 2399 3143 optima
2449 3074 2674 3142 praedita
2722 3074 3065 3131 valetudine?
3110 3076 3227 3132 Jam
3287 3082 3580 3134 secundum

341 3167 522 3237 τραφῆ
564 3166 658 3219 καὶ
708 3166 904 3237 ισχυρὰ
935 3155 1042 3220 ’καὶ
1073 3166 1361 3238 ὲρρωμένα
1401 3167 1720 3239 τυγχάνειν;
1754 3167 1912 3221 Κατὰ

2021 3163 2221 3219 Lucam
2265 3166 2451 3220 dicens
2492 3165 2773 3234 Dominus,
2820 3165 3160 3221 Considerate
3214 3185 3414 3231 corvos,
3467 3172 3582 3239 plus

341 3229 398 3309 et
565 3229 795 3312 Λουκᾶς
812 3229 984 3326 λέγων
1004 3258 1034 3310 ό
1064 3229 1294 3328 Κύριος·
1322 3229 1746 3325 Κατῶοήσατε
1771 3258 1913 3324 τοὺς

2016 3257 2215 3326 aliquid
2262 3257 2551 3329 signiticet.
2594 3257 2727 3313 Nam
2759 3229 2902 3331 quae
2949 3259 3244 3314 seminibus
3289 3229 3581 3329 pascuntur

343 3348 603 3417 κόρακας
628 3347 764 3419 (59),
794 3349 977 3403 πλεῖόν
994 3366 1047 3402 τι
1070 3350 1345 3420 ἐμφαίνει.
1372 3349 1499 3412 Τοῖς
1511 3351 1608 3420 μὲν
1620 3349 1728 3420 γὰρ
1742 3366 1912 3420 σπερ-

346 3437 594 3510 μολόγοις
637 3437 745 3492 τῶν
778 3438 996 3507 πτηνῶν
1040 3440 1356 3514 ὲτοιμοτέρα
1400 3441 1518 3495 ἐστὶ
1550 3442 1722 3512 τροφὴ
1742 3481 1757 3503 ,
1800 3443 1912 3505 τοῖς

339 3531 397 3586 δὲ
438 3530 821 3604 σαρκοϐόροις,
855 3530 1043 3603 ὥσπερ
1087 3533 1137 3586 οἱ
1171 3533 1438 3605 κόρακες,
1476 3532 1909 3605 δυσχερεστέραο

339 3620 457 3677 ἀλλ’
485 3621 636 3693 ὅμως
672 3621 793 3676 οὐδὲ
839 3620 909 3675 τὰ
951 3620 1176 3678 τοιαῦτα
1213 3622 1418 3694 τροφῆς
1458 3624 1656 3693 ἀπορεῖ
1690 3622 1778 3675 διὰ,
1814 3622 1913 3698 τὴν

340 3710 617 3782 πανταχοῦ
657 3710 1023 3785 ἐπιτεταμένην
1054 3712 1331 3782 Πρόνοιαν.
1368 3713 1479 3769 Καὶ
1517 3713 1684 3786 τρίτῳ
1727 3713 1913 3787 συλλοτ

338 3799 523 3873 τισμῷ
551 3802 632 3864 είς
658 3800 720 3854 τδ
757 3800 890 3856 αὐτὸ
937 3801 1136 3873 ἐχρῆτο
1164 3801 1339 3870 λέγων
1360 3818 1375 3832 θ
1421 3802 1515 3870 Τίς
1552 3801 1606 3855 δ’
1645 3803 1714 3868 ἐξ
1747 3800 1916 3872 ὑμῶν
1950 3826 1954 3831 ·

337 3889 636 3964 μεριμνῶν
680 3892 928 3947 δύναται
970 3892 1318 3961 προσθεῖναι
1370 3893 1470 3947 ἐπὶ
1514 3894 1631 3963 τὴν
1671 3896 1915 3963 ἠλικίαν

341 3985 530 4040 αὑτοῦ
576 3984 782 4054 πῆχυν
820 3985 959 4050 Era;
1003 3986 1072 4038 Ei
1112 3980 1225 4039 οὖν
1270 3986 1394 4040 οὔτ’
1447 3985 1774 4056 ἐλάχιστον
1814 3986 1915 4040 δύ-

341 4078 554 4144 νασθε,
573 4076 703 4145 περὶ
728 4074 849 4130 τῶν
874 4074 1103 4130 λοιπῶν
1123 4077 1182 4131 τί
1192 4077 1544 4147 μεριμνᾶτε;
1577 4079 1715 4134 Ἀλλ⁹
1740 4080 1789 4133 εί
1819 4097 1915 4152 μη-

340 4168 457 4233 δεὶς
487 4166 669 4239 οἰκεία
694 4167 935 4238 φροντίδι
974 4166 1194 4221 πώποτε
1234 4167 1554 4244 προσθήκην
1595 4170 1773 4242 ἑαυτῷ
1818 4169 1913 4224 τοῦ

344 4257 597 4330 σώματος
626 4258 949 4331 ἐπενόησεν,
978 4257 1092 4312 ἀλλ’
1116 4260 1235 4314 οὐδὲ
1262 4262 1329 4334 τῇ
1364 4259 1668 4333 προθεσμία
1696 4260 1787 4315 τοῦ
1815 4264 1914 4333 τῆς

343 4351 491 4422 ζωῆς
534 4352 749 4424 χρόνου,
787 4353 1127 4424 μεριμνήσας
1155 4370 1239 4418 τις
1264 4347 1376 4421 οἷός
1393 4352 1443 4407 τ’
1477 4352 1544 4407 ἂν
1570 4352 1655 4425 εῖη
1686 4352 1820 4424 πρὸς
1845 4356 1911 4426 τῇ

340 4442 564 4515 τελευτῇ
600 4440 695 4497 τοῦ
741 4442 858 4515 βίου
890 4444 1197 4515 γενόμενος,
1224 4444 1437 4516 ἡμέρας
1472 4446 1601 4514 μιᾶς
1637 4443 1914 4516 διάστημα

341 4532 379 4605 ἦ
433 4533 624 4606 καιρὸν
673 4533 1005 4607 βραχύτατον
1051 4533 1201 4607 ὥρας
1241 4533 1418 4606 ἑαυτῷ
1468 4534 1817 4605 περινοῆσαι⁶
1858 4519 1911 4588 τί

342 4625 449 4698 χρὴ
488 4624 758 4697 περιττῶς
794 4628 1082 4699 μεριμνᾷν,
1113 4627 1231 4681 δέον
1263 4625 1655 4700 ἐπιτρέψαντας
1681 4624 1759 4699 τῷ
1791 4624 1910 4705 Θεῷ

341 4719 445 4792 τὴν
471 4716 633 4772 αὐτοῦ
676 4717 869 4790 βουλὴν
897 4717 1239 4791 περιμένειν;
1272 4718 1631 4790 Βουληθέντος
1668 4717 1777 4790 γὰρ
1814 4716 1911 4771 αὐ-

341 4809 437 4866 τοῦ
484 4809 669 4878 αὔξειν
703 4810 873 4882 ἡμᾶς,
920 4808 1176 4881 αὔξομεν,
1224 4811 1388 4882 μηδὲν
1442 4810 1908 4883 μεριμνήσαντεςθ

342 4899 437 4956 καὶ
465 4897 818 4970 βουληθέντος
848 4901 994 4971 ἡμᾶς
1027 4898 1125 4971 ζῇν
1154 4900 1248 4954 καὶ
1279 4899 1602 4975 μακροϐίους
1632 4895 1788 4963 εἶναι,
1817 4900 1911 4972 ζη-

342 4988 551 5059 σόμεθα
579 4989 676 5043 καὶ
714 4988 993 5052 πολυετεῖς
1034 4987 1402 5060 γενησόμεθα,
1444 4987 1607 5059 μηδὲν
1639 4989 1909 5060 μεριμνήο

345 5097 564 5147 σαντες·
600 5080 676 5154 μὴ
722 5080 1044 5153 βουλομένου
1091 5080 1149 5134 δὲ
1189 5079 1354 5135 αὐτοῦ
1406 5082 1742 5153 παραμένειν
1786 5079 1909 5135 τινὰ

344 5170 454 5224 τῶν
481 5170 632 5245 βίων,
670 5171 875 5242 ματαία
900 5172 1049 5226 πᾶσα
1079 5171 1298 5245 φροντὶς
1322 5170 1628 5244 ἀνθρώπου.

421 5278 535 5352 (59)
566 5280 768 5352 Nempe
814 5281 946 5339 Luc.
990 5300 1089 5352 xu,
1116 5283 1209 5339 24.
1265 5283 1404 5339 Hinc
1455 5299 1643 5341 rursus
1668 5284 1913 5341 videmur

346 5350 674 5424 gogmkeere
702 5350 990 5424 Eusebium
1015 5350 1369 5411 commentari
1391 5356 1473 5411 vel
1503 5356 1803 5424 generatim
1837 5357 1904 5414 ad

349 5420 791 5495 [EvangeliaLvei
810 5434 959 5478 certe
980 5424 1059 5495 in
1090 5424 1455 5493 superioribus
1487 5420 1909 5481 commentatum

346 5488 529 5574 fuissa'
544 5490 613 5574 ad
645 5489 834 5574 Matth.
866 5506 941 5555 vt,
971 5493 1043 5574 εξ
1083 5488 1225 5574 seq"
1248 5503 1314 5574 ιιι
1356 5497 1520 5574 etiam
1550 5497 1714 5551 verba
1746 5510 1913 5574 evan-

346 5559 519 5685 ﬁ'elica
544 5561 706 5645 citata
729 5563 797 5617 τὰ
831 5562 1053 5645 πετεινὰ
1081 5559 1176 5618 τοῧ
1209 5565 1461 5637 οὐρανοῦ,
1492 5577 1624 5648 etc.,
1656 5567 1907 5625 suadent.

398 5641 567 5685 tectas
611 5641 776 5685 untur
819 5642 1052 5685 traxisse
1088 5635 1200 5685 haec
1231 5636 1299 5685 ad
1332 5647 1578 5685 catenam
1611 5651 1663 5685 m
1707 5635 1906 5685 Lucam

398 5632 567 5703 iectas
611 5632 776 5703 igitur
819 5634 1052 5703 traxisse
1088 5635 1200 5689 haec
1231 5632 1299 5688 ad
1332 5647 1578 5695 catenam
1611 5638 1663 5690 in
1707 5635 1906 5691 Lucam

347 5700 586 5772 videtur,
614 5700 682 5756 de
720 5716 824 5770 qua
863 5717 921 5757 re
949 5702 1062 5771 jam
1099 5705 1153 5758 in
1184 5704 1606 5772 prtecodentibus
1647 5705 1904 5761 diximus.

348 5770 603 5828 Attamen
667 5770 1067 5841 qualescunque
1142 5770 1222 5827 ha:
1292 5784 1488 5829 nostra:
1540 5776 1906 5829 dubitationes

349 5853 510 5909 sunt;
545 5842 653 5903 duo
675 5852 803 5900 sunt
837 5842 1034 5918 alioqui
1082 5843 1379 5908 cerliSSitua
1407 5860 1418 5893 :
1454 5846 1706 5914 primum,
1737 5855 1904 5899 male-

2014 3348 2279 3413 volucres,
2328 3348 2499 3420 magis
2531 3349 2746 3404 obviam
2771 3364 2955 3405 escam
3002 3350 3231 3414 habent;
3278 3353 3578 3406 caruivora:

2014 3448 2231 3506 autem,
2271 3440 2574 3509 cuiusmodi
2628 3440 2775 3496 corvi
2817 3449 2972 3505 sunt,
3020 3440 3398 3496 difﬁciliorem.
3471 3440 3577 3498 Sed

2014 3540 2191 3587 tamen
2221 3546 2289 3587 ne
2335 3533 2389 3585 bl
2420 3531 2634 3602 quidem
2686 3532 2942 3587 alimento
2986 3543 3196 3596 carent,
3250 3542 3465 3601 propter
3509 3535 3579 3588 ad

2011 3620 2195 3676 omnia
2244 3621 2603 3690 pertinentem
2650 3618 3069 3679 PrOVidentiam.
3133 3620 3316 3677 Tertio
3365 3639 3581 3693 quoque

2013 3722 2334 3781 argumento
2375 3712 2442 3765 ad
2491 3712 2630 3766 idem
2687 3727 2815 3768 usus
2844 3721 2927 3767 est
2959 3713 3188 3770 dicens:
3224 3711 3355 3780 Quis
3400 3723 3579 3769 ιωιεηι
3692 3719 3705 3741 ⁸

2012 3798 2237 3855 vestrum
2265 3803 2547 3874 cogitando
2571 3812 2739 3870 potest
2767 3802 2996 3872 adjicere
3024 3804 3095 3859 ad
3132 3815 3395 3858 staturam
3424 3823 3579 3861 suam

2012 3893 2241 3948 cubitum
2274 3894 2477 3950 unum?
2531 3894 2593 3948 Si
2642 3911 2766 3966 ergo
2816 3911 2978 3963 neque
3014 3896 3153 3965 quod
3199 3897 3471 3952 minimum
3499 3908 3579 3956 est

2010 3985 2247 4051 potestis,
2276 4000 2370 4038 cur
2396 3985 2462 4039 de
2485 3986 2686 4039 exteris
2721 3985 2940 4041 solliciti
2968 3989 3093 4041 estis
3111 3988 3137 4041 .9
3173 3986 3229 4042 Si
3263 4003 3418 4042 nemo
3450 4004 3576 4058 pro-

2014 4075 2130 4143 prio
2179 4075 2360 4131 studio
2392 4075 2818 4132 additamentum
2861 4078 3078 4146 corpori
3125 4094 3224 4133 suo
3269 4080 3450 4134 facere
3482 4095 3579 4149 po-

2015 4176 2150 4233 test;
2177 4167 2221 4223 si
2256 4182 2450 4239 neque,
2491 4177 2694 4224 statuto
2721 4168 2937 4225 vivendi
2984 4170 3181 4240 spatio,
3229 4176 3578 4241 quantumvis

2012 4260 2232 4329 cogitet,
2270 4270 2449 4329 potest
2487 4261 2772 4333 quisquam
2819 4261 2943 4317 vitae
2984 4262 3078 4318 lini
3126 4263 3438 4332 prosimus,
3496 4264 3582 4319 vel

2012 4351 2171 4405 unius
2204 4350 2310 4408 diei
2361 4352 2704 4408 intervallum
2749 4363 2846 4409 aut
2875 4351 3255 4409 brevissimum
3287 4354 3434 4409 hora
3465 4371 3580 4410 mo-

2013 4450 2252 4496 mentum
2279 4440 2383 4496 sibi
2404 4455 2741 4511 comparare,
2771 4456 2868 4496 cur
2893 4440 3095 4495 frustra
3120 4440 3576 4497 sollicitudinibus

2011 4533 2279 4601 angimur,
2310 4548 2434 4589 cum
2460 4548 2594 4605 opus
2609 4532 2682 4589 sit
2710 4531 2804 4588 Dei
2840 4533 3167 4588 voluntatem
3202 4543 3582 4605 exspectantes

2014 4624 2303 4694 perstare?
2349 4623 2487 4680 Nam
2535 4624 2583 4681 si
2632 4626 2679 4680 is
2713 4624 2943 4680 voluerit
2987 4639 3086 4680 nos
3134 4638 3351 4695 augere,
3394 4626 3580 4696 utique

2016 4716 2330 4788 augebimur
2356 4715 2491 4772 nihil
2529 4716 2832 4786 cogitantes
2863 4730 2879 4769 :
2906 4726 2963 4772 et
2998 4716 3044 4771 si
3076 4715 3307 4772 voluerit
3346 4731 3444 4771 nos
3487 4720 3580 4772 ditt

2014 4808 2222 4875 vivere,
2242 4824 2375 4866 sane
2397 4808 2680 4879 permultis
2704 4809 2860 4865 annis
2891 4809 3008 4865 sine
3030 4809 3136 4864 ulla
3160 4823 3288 4864 cura
3314 4805 3576 4867 fruemur.

2014 4897 2241 4955 Nolente
2263 4910 2444 4955 autem
2473 4914 2540 4956 eo
2560 4899 2614 4954 in
2643 4900 2755 4955 vita
2786 4899 3020 4971 aliquem
3042 4914 3411 4975 perseverare,
3441 4915 3579 4959 vana

2016 4991 2269 5063 quaelibet
2294 4991 2531 5048 hominis
2561 5005 2692 5053 cura
2717 5001 2819 5051 est.
3474 4990 3479 4995 ’

2014 5280 2147 5335 riam
2181 5288 2343 5335 totam
2385 5292 2505 5334 esse
2530 5279 2744 5336 Eusebii
2768 5323 2783 5346 ,
2819 5280 2974 5349 cujus
3020 5295 3218 5338 nomen
3258 5292 3577 5339 constanter

2010 5349 2271 5421 incitatis
2288 5348 2542 5405 omnibus
2564 5351 2808 5421 codicum
2835 5348 2968 5406 locis
2992 5350 3187 5421 legitur
3210 5370 3226 5407 :
3254 5359 3575 5416 secundum.

2009 5420 2259 5473 debuisse
2305 5433 2424 5481 nos,
2456 5427 2515 5472 ut
2557 5416 2809 5484 fecimus,
2858 5416 3309 5479 commentarium
3342 5424 3487 5479 hunc
3520 5424 3575 5484 in

2008 5486 2568 5562 Lucam_inscribere,
2616 5492 2741 5559 quia
2790 5502 2983 5545 cuncta
3039 5492 3152 5546 haec
3181 5494 3512 5562 deprehensa
3544 5509 3576 5552 α

2009 5559 2164 5615 nobis
2210 5557 2427 5613 fuerunt
2452 5558 2505 5612 in
2537 5557 2771 5628 quatuor
2813 5562 3047 5616 diversis
3080 5563 3146 5616 ad
3180 5557 3379 5618 Lucam
3425 5575 3578 5622 cate-

2009 5631 2260 5702 nis,__nou
2297 5643 2431 5702 vero
2472 5629 2525 5684 in
2551 5629 2781 5689 aliorum
2818 5632 3270 5702 evangelistarum
3319 5637 3579 5702 explana-

2016 5699 2269 5774 tiouibus.
2307 5697 2427 5774 ⁵ΙΙςκῑ
2457 5714 2588 5774 ergo
2626 5713 2859 5769 quatuor
2900 5697 3149 5774 codicum
3212 5697 3577 5765 testimonium

2012 5785 2111 5847 pro
2164 5768 2379 5823 Eusebii
2450 5768 2852 5829 Contmetttario
2900 5774 2954 5828 in
3005 5768 3203 5831 Lucam
3266 5781 3578 5851 perempto-

2013 5855 2147 5899 l'ttlttt
2176 5852 2414 5916 apparet.
