4170 6406
479 275 583 330 559

1187 265 1454 355 Eli-SE15“
1492 264 1977 320 CJDSXRIENSIS
2017 265 2166 320 OPP.
2213 265 2391 320 PARS
2431 263 2588 320 ll|.—
2629 263 3039 318 EXEGETICA.

3603 264 3706 322 550

549 387 722 452 Atque
757 381 869 436 haec
918 382 982 436 de
1032 381 1305 436 alimentis
1355 383 1688 444 disserebat;
1737 380 2044 450 pariterque

2217 383 2324 434 Καὶ
2371 380 2543 434 ταῦτα
2582 381 2679 452 μὲν
2735 381 2861 450 περὶ
2895 378 3100 450 τροφῆς
3145 379 3474 432 διεταττετο*
3523 379 3706 434 ὡσαύ-

477 479 544 534 de
603 475 933 530 indumentis
977 473 1447 528 monebat'dicens
1477 491 1490 526 :
1525 473 1862 526 Considerate
1899 473 2036 538 lilia,

477 567 735 636 quomodo
767 575 1024 628 crescunt,
1079 571 1133 618 et
1185 562 1409 632 reliqua.
1459 561 1664 616 Rursus
1695 560 1772 614 hit
1826 576 2039 630 quoque

477 655 901 725 argumentando
947 652 1239 716 concludit,
1284 651 1514 706 suadens
1555 663 1614 705 ut
1659 653 2038 708 indumentum

477 767 690 821 quoque
739 765 768 803 a
807 751 913 804 lico
945 748 1074 818 ipsis
1100 749 1287 802 datum
1336 747 1399 801 iri
1445 756 1782 816 exspectent.
1825 747 1960 802 Nam
1995 745 2040 804 si

475 845 594 914 quis
629 851 714 896 est
743 843 880 911 apud
915 842 1163 896 homines
1209 841 1458 910 pretiosa:
1491 839 1654 894 vestis
1685 849 1846 910 atque
1887 855 2044 894 orna-

477 936 642 990 tuenti
703 935 1004 998 studiosus;
1058 941 1322 1001 spectate,
1375 932 1573 1000 inquit,
1611 931 1880 1001 quomodo
1915 932 2040 986 uni-

475 1027 616 1082 versi
661 1036 854 1080 auctor
905 1026 1043 1080 Deus
1090 1039 1256 1096 usque
1297 1023 1362 1076 ad
1410 1033 1598 1078 enatos
1651 1023 1839 1080 tellure
1885 1023 2043 1080 ﬂores

479 1119 825 1188 multiplicent
863 1131 1014 1170 suam
1053 1115 1372 1184 sapientiam
1403 1115 1719 1178 extendens,
1771 1116 1914 1168 omni
1947 1131 2041 1174 co-

481 1211 650 1266 lorum
701 1221 860 1278 atque
895 1219 1182 1264 oruatuum
1229 1223 1425 1278 genere
1453 1208 1570 1262 illos
1618 1209 1797 1272 vestit,
1841 1219 2038 1263 lenam

481 1301 894 1362 transformaus,
932 1300 1314 1368 pulveremqne
1361 1299 1476 1368 ejus
1521 1300 1837 1366 inanimem,
1891 1315 2042 1354 eus-

480 1394 706 1460 demquc
785 1391 1016 1464 speciem
1103 1390 1426 1453 immutans,
1501 1389 1810 1443 melioribus
1872 1389 2043 1444 nullo

483 1483 730 1538 tincturis
763 1499 922 1550 quam
969 1481 1220 1534 videntur
1266 1497 1497 1550 purpura
1527 1491 1581 1534 et
1631 1497 1840 1544 aurum,
1869 1492 1922 1536 et
1958 1493 2028 1535 te-

483 1578 674 1632 nuibus
706 1577 928 1648 philyris
951 1577 1289 1644 ﬂoridisque,
1321 1589 1474 1628 suam
1508 1573 1898 1643 quodammodo
1930 1574 2041 1627 for-

483 1668 783 1724 mositatem
855 1667 906 1720 iu
972 1666 1052 1720 eis
1107 1665 1376 1720 collocans
1419 1683 1433 1718 :
1485 1675 1542 1718 ut
1584 1664 1781 1721 nullius
1828 1664 2040 1720 delicati

2140 492 2246 538 τως
2279 474 2334 526 δὲ
2384 473 2477 526 καὶ
2523 472 2650 542 περὶ
2689 471 2982 542 ἐνδύματος
3016 471 3246 542 παρῄνει
3284 471 3488 540 λέγων’
3521 477 3708 526 Κατα-

2139 567 2401 634 τ-ὀήσατε
2444 565 2514 619 τὰ
2561 565 2733 632 κρίνα
2777 563 2902 630 πῶς
2953 563 3221 628 αὐξάνει,
3255 582 3308 618 κ.
3342 581 3393 620 τ.
3437 564 3486 616 λ.
3543 563 3708 618 Πάλιν

2143 656 2420 732 κάνταῦθα
2445 654 2584 726 μετά
2615 652 2974 724 συλλογισμοῦ
3002 653 3242 722 συνάγει,
3271 653 3470 706 πείθων
3494 655 3710 724 προσδος

2141 751 2244 820 κᾷν
2293 749 2508 810 πάντως
2559 747 2761 816 ἔνδυμα
2814 745 2962 816 παρά
3015 745 3106 798 τοῦ
3155 745 3288 798 θεοῦ
3333 747 3515 810 αὐτοῖς
3559 747 3712 819 δοθή-

2144 841 2361 894 σεσθαι·
2403 841 2449 892 εξ
2489 839 2597 909 γάρ
2631 839 2714 901 τίς
2761 839 2875 890 ἐστι
2916 836 3194 908 φιλότιμος
3237 837 3365 910 παρ’
3409 837 3712 908 ἀνθρώποις

2141 932 2328 1002 ἐσθῆτι
2355 930 2634 984 πολυτελεῖ
2658 931 2752 983 καὶ
2778 929 3082 1001 φιλοκαλία,
3108 929 3392 994 θεάσασθε,
3422 931 3574 1000 φησὶ,
3599 933 3712 993 τοῖς

2142 1023 2457 1094 ὀφθαλμοῖς,
2487 1022 2561 1085 ὡς
2591 1024 2618 1076 ό
2645 1021 2739 1074 τοῦ
2779 1022 2975 1084 παντὸς
2999 1021 3226 1092 ποιητὴς
3249 1022 3400 1086 Θεὸς,
3434 1022 3592 1092 μέχρι
3619 1023 3714 1076 καὶ

2143 1115 2249 1168 τῶν
2285 1116 2388 1186 γῆς
2425 1115 2707 1185 φυομένων
2739 1114 2942 1166 ἀνθέων
2981 1113 3077 1184 τὴν
3125 1113 3502 1168 πολυποίκιλον
3547 1114 3714 1168 αὐτοῦ

2177 1208 2334 1276 οιρίαν
2365 1206 2608 1268 ἐκτείνας
2629 1244 2643 1266 ,
2677 1205 2948 1268 παντοίοις
2983 1203 3234 1275 χρώμασί
3267 1221 3324 1256 τε
3365 1203 3459 1256 καὶ
3505 1203 3714 1272 κοσμή-

2148 1318 2278 1366 μασι
2323 1299 2700 1368 κατεκόσμησε
2736 1299 2923 1360 ταῦτα,
2973 1295 3454 1366 μετασχηματίσας
3488 1295 3586 1366 μὲν
3617 1296 3716 1365 τὴν

2155 1390 2266 1460 γῆν,
2307 1390 2401 1441 καὶ
2437 1388 2534 1462 τίῆν
2563 1388 2710 1440 κόνιν
2747 1387 2914 1458 αὐτὴν
2941 1387 3039 1457 τὴν
3071 1385 3276 1455 ἄψυχον
3297 1425 3311 1448 ,
3339 1385 3400 1437 τό
3427 1402 3486 1438 τε
3513 1385 3718 1456 ταύτης

2148 1480 2465 1552 μεταϐαλὼν
2515 1476 2686 1543 εἶδος,
2737 1479 3051 1550 άλουργίδος
3088 1495 3147 1530 τε
3193 1479 3286 1531 καὶ
3330 1476 3532 1548 χρυσοῦ
3581 1477 3716 1530 πολι»

2144 1573 2414 1644 κρείττοσι
2457 1571 2760 1643 βάμμασιν,
2797 1575 2855 1626 ἐν
2886 1571 3044 1642 ὑμέσι
3089 1572 3302 1634 λεπτοῖς
3339 1571 3434 1623 καὶ
3465 1569 3716 1624 εὖανθέσι

2147 1665 2234 1718 τὸν
2265 1665 2322 1731 ἐξ
2349 1665 2512 1719 αὑτοῦ
2543 1665 2742 1736 κόσμον
2767 1667 2823 1717 ἐν
2847 1666 2983 1735 αὐτῇ
3027 1663 3392 1734 καταθέμενος
3410 1682 3422 1693 ·
3451 1664 3526 1727 ὡς
3561 1663 3722 1734 μηδε-

487 1761 658 1830 regis,
719 1773 890 1827 neque
941 1759 1109 1827 ipsius
1156 1755 1494 1822 Salomonis,
1535 1757 1625 1826 qui
1668 1757 1806 1826 apud
1841 1765 2048 1811 veteres

2155 1759 2236 1822 νὸς
2276 1759 2548 1830 τρυφηλοῦ
2586 1759 2866 1830 βασιλέως,
2905 1760 3026 1831 μηδ’
3065 1759 3228 1814 αὐτοῦ
3283 1757 3594 1830 Σολομῶνος
3623 1757 3720 1812 τοῦ

483 1849 764 1920 sapientia,
803 1850 992 1918 opibus
1024 1850 1333 1918 deliciisque
1366 1848 1666 1902 celebratus
1698 1858 1802 1914 est,
1842 1858 2046 1902 tantum

483 1941 898 2012 pulchritudinis
949 1940 1238 1994 artilicium
1270 1949 1599 2008 campertum
1645 1937 1833 2002 fuerit,
1862 1948 1921 1992 ut
1955 1939 2046 2008 uni

483 2050 550 2088 ex
593 2033 677 2088 his
717 2031 956 2102 pulchris
1005 2031 1228 2086 ﬂoribus
1276 2047 1375 2100 par
1419 2032 1788 2084 indumentum
1849 2029 2049 2084 habere

487 2127 742 2196 potuerit.
774 2125 910 2192 Quid
935 2139 1062 2192 ergo
1091 2123 1306 2186 mirum,
1345 2123 1390 2177 si
1427 2123 1516 2190 qui
1553 2123 1665 2192 agri
1703 2124 1883 2177 fenum
1913 2122 2046 2176 nulli

489 2219 564 2272 rei
599 2218 751 2277 utile,
795 2218 936 2282 quod
991 2217 1112 2287 igne
1178 2225 1556 2284 consumptum
1605 2215 1762 2285 perit,
1809 2215 2051 2284 itajcon-

489 2309 1062 2378 vestit,vohisquoque
1081 2307 1352 2362 sensibilia
1380 2307 1688 2362 indumenta
1719 2307 1770 2362 in
1791 2319 2051 2374 praesente

487 2401 594 2454 vita
671 2399 1008 2470 providentia
1069 2414 1166 2452 sua
1225 2397 1597 2468 comparabit?
1653 2427 1728 2438 —
1779 2399 1870 2454 Sic
1922 2413 2050 2470 ergo

485 2493 664 2546 omnia
705 2491 1008 2562 negligere,
1057 2491 1226 2544 solum
1256 2505 1386 2544 vero
1437 2507 1656 2558 regnum
1693 2491 1830 2560 (Dei)
1867 2492 2052 2560 exqui-

489 2599 609 2640 rcrc
657 2585 1018 2654 prtecipiehat.
1073 2581 1202 2636 Nam
1253 2597 1473 2652 regnum
1531 2591 1867 2651 nequaquam
1899 2599 2049 2652 qua:-

492 2675 753 2738 rentibus,
789 2690 885 2727 nec
908 2675 1124 2728 virtutis
1156 2689 1341 2727 curam
1376 2674 1705 2742 gerentibus,
1747 2673 1878 2726 nihil
1910 2689 2048 2742 prae-

492 2765 755 2818 dictorum
811 2763 1259 2830 suppeditabitur.
1324 2759 1465 2814 Solis
1506 2771 1682 2814 autem
1733 2762 1846 2816 huic
1897 2760 2054 2817 facile

491 2854 741 2916 aderunt;
770 2853 860 2921 qui
893 2867 1008 2919 qua:
1033 2861 1157 2904 sunt
1187 2850 1277 2904 Dei
1310 2861 1526 2912 curant,
1561 2861 1722 2918 atque
1761 2859 1820 2903 ut
1853 2849 1899 2904 ei
1935 2851 2051 2918 pla-

491 2953 649 3000 ceant
697 2953 980 3013 satagunt,
1048 2951 1102 2996 et
1147 2942 1426 2996 meliorum
1473 2956 1652 2994 rerum
1702 2941 1878 2994 Studio
1925 2943 2055 2996 dant

490 3051 726 3106 operam.
777 3035 908 3088 Nam
959 3035 1065 3089 Deo
1109 3043 1256 3105 grata
1289 3034 1626 3100 curantibus,
1675 3033 1912 3089 vicissim
1959 3050 2054 3088 cu-

493 3141 606 3182 ram
637 3126 904 3195 impendet
941 3125 1098 3180 Deus.

491 3221 538 3254 ﬂ
569 3215 664 3271 Ubi
710 3219 846 3271 utin;
884 3217 1154 3274 thesaurus
1183 3230 1347 3274 uester
1377 3227 1476 3284 est,
1513 3217 1585 3272 ibi
1615 3227 1662 3272 et
1697 3233 1792 3272 cor
1829 3227 2057 3272 vestrum

1212 3293 1328 3346 erit.

563 3377 762 3434 Natura
790 3381 988 3450 quippe
1036 3393 1403 3449 comparatum
1447 3389 1530 3436 est
1553 3421 1567 3445 ,
1599 3389 1660 3434 ut
1692 3379 1867 3434 omnis
1899 3378 2058 3434 homo

496 3489 631 3538 rem,
677 3473 760 3526 cui
806 3474 1022 3537 studet,
1076 3473 1256 3526 animo
1302 3471 1714 3541 complectatur,
1767 3480 1928 3540 atque
1985 3471 2056 3524 ibi

497 3577 728 3618 mentem
765 3565 979 3634 deligat,
1013 3565 1154 3620 unde
1189 3564 1469 3618 utilitatem
1502 3579 1561 3618 sc
1587 3579 1783 3632 capere
1825 3563 2060 3617 arbitra-

497 3668 604 3710 tur.
642 3660 816 3722 Quare
841 3655 1000 3710 Jcsus
1025 3655 1344 3710 sententiam
1385 3655 1557 3720 addit,
1605 3671 1672 3710 ne
1704 3654 1974 3714 struendis
2005 3655 2058 3708 in

498 3757 642 3802 terra
673 3749 866 3814 opibus
917 3749 1295 3802 inhaereamus.
1347 3747 1448 3814 Qui
1492 3748 1658 3810 enim,
1710 3747 1803 3809 ait,
1857 3747 1910 3799 iu
1959 3747 2059 3799 hac

498 3839 709 3892 mortali
743 3839 848 3890 vita
881 3837 1160 3892 facultates
1199 3837 1572 3906 bonorumque
1622 3837 1892 3892 cumulum
1929 3837 2058 3890 ade-

497 3938 616 3999 ptus
643 3937 746 3991 est,
775 3943 1036 3996 suamque
1071 3943 1220 3995 spem
1253 3929 1304 3981 in
1337 3927 1614 3996 praesentis
1663 3927 1782 3981 vitae
1833 3927 2060 3997 negotiis

497 4020 806 4082 collocavit,
861 4033 1081 4072 necesse
1109 4028 1190 4072 est
1221 4034 1342 4073 eum
1389 4031 1494 4072 tam
1547 4020 1801 4087 gravibus
1833 4019 2060 4073 vinculis

497 4110 870 4180 pratpeditum,
904 4117 1130 4161 cunctas
1171 4121 1299 4162 suas
1328 4107 1681 4176 cogitationes
1713 4117 2060 4175 mentemque

497 4217 734 4263 omnem,
763 4215 922 4269 quam
975 4197 1132 4252 Jesus
1179 4213 1272 4253 cor
1302 4197 1604 4266 appellavit,
1659 4199 1802 4251 hutni
1841 4199 2061 4264 depres-

499 4307 612 4346 sam
641 4293 854 4354 habere,
908 4299 1068 4359 atque
1099 4289 1294 4344 ibidem
1345 4299 1654 4344 concretam
1701 4290 2050 4343 volutantem-

2149 1849 2300 1922 παρὰ
2321 1853 2432 1910 τοῖς
2457 1850 2708 1914 παλαιοῖς
2749 1852 2838 1902 ἐπὶ
2871 1850 3032 1920 σοφίᾳ
3061 1851 3155 1902 καὶ
3182 1849 3394 1922 πλούτῳ
3427 1851 3520 1904 καὶ
3541 1853 3718 1920 τρυφῇ

2151 1942 2431 2014 βοηθέντνς
2457 1943 2724 2012 τοσαύτην
2753 1941 3042 2012 εὑρεθῆναι
3079 1941 3366 2010 φιλόκαλον
3395 1943 3617 2012 τέχνην,
3645 1941 3723 2002 ὡς

2111 2035 2231 2108 ⁸ἐνὶ
2277 2033 2384 2086 τιῖη·
2421 2033 2528 2086 ἀπὸ
2573 2035 2676 2104 γῆς
2717 2033 2932 2104 ὡραίων
2971 2032 3178 2086 ἀνθέων
3209 2034 3524 2104 ὁμοιότατον
3563 2033 3722 2104 περί·

2151 2125 2331 2196 ϐλημα
2365 2125 2690 2194 κτήσασθαι.
2736 2125 2804 2176 Τί
2846 2119 2938 2178 οὖν
2978 2123 3082 2195 χρὴ
3113 2123 3432 2196 θαυμάζειν,
3479 2126 3528 2178 εἰ
3567 2127 3596 2178 ὁ
3632 2125 3726 2180 τὸν

2151 2217 2337 2288 χόρτον
2368 2217 2457 2270 ὀὗ
2486 2218 2654 2288 ἀγροῦ
2689 2218 2777 2270 τὸν
2804 2220 2883 2282 εἰς
2914 2217 3063 2272 οὐδὲν
3089 2219 3376 2290 χρήσιμον,
3408 2213 3469 2273 οὗ
3497 2218 3646 2282 τέλος
3687 2221 3722 2289 ἡ

2151 2305 2236 2358 διὰ
2271 2306 2439 2378 πυρὸς
2477 2306 2672 2375 φθορὰ,
2705 2307 2889 2362 τοῦτον
2927 2308 3200 2378 ἀμφιέσας
3240 2309 3330 2362 τὸν
3360 2309 3582 2382 τρόπον,
3629 2310 3726 2364 καὶ

2153 2395 2281 2464 ὑμῖν
2316 2396 2496 2459 αὐτοῖς
2535 2396 2846 2466 ἐνδυμάτων
2891 2397 3161 2466 αἰσθητῶν
3201 2397 3294 2450 ἐπὶ
3331 2398 3422 2452 τοῦ
3461 2399 3724 2470 παρόντος

2154 2489 2267 2558 βίου
2309 2491 2634 2560 προνοήσει;
2679 2523 2744 2531 -
2789 2491 2974 2554 Οὕτως
3005 2487 3094 2544 οὖν
3136 2492 3388 2546 ἁπάντων
3418 2493 3722 2564 ὀλιγωρεῖν,

2155 2581 2321 2652 μόνης
2359 2582 2414 2634 δὲ
2451 2585 2548 2652 τῆς
2595 2582 2866 2652 βασιλείας
2903 2583 3309 2652 μετατοιεῖσθαι
3353 2585 3680 2655 προσέταττε
3703 2601 3716 2614 °

2157 2673 2229 2742 μὴ
2261 2673 2368 2744 γάρ
2398 2673 2616 2744 ζητοῦσι
2641 2674 2738 2743 τὴν
2769 2675 3014 2744 βασιλεία
3081 2677 3204 2747 μηδ’
3239 2677 3440 2748 άρετῆς
3469 2677 3726 2749 πρόνοιαν

2153 2764 2496 2832 ποιουμένοις
2538 2765 2689 2818 οὐδὲν
2725 2767 2834 2821 τῶν
2865 2769 3281 2840 έπηγηλμένων
3323 2769 3474 2824 ἔσται
3499 2786 3512 2799 ·
3547 2769 3726 2839 μόνοις

2152 2853 2208 2906 δὲ
2247 2855 2396 2908 ταῦτ’
2440 2855 2503 2920 ἐξ
2549 2857 2765 2928 ἑτοίμου
2807 2861 3140 2931 παρέσεσθαι
3168 2865 3278 2926 τοῖς
3319 2864 3620 2934 μεριμνῶσι
3657 2864 3728 2916 τὰ

2153 2944 2246 2997 τοῦ
2281 2945 2435 3012 Θεοῦ,
2459 2948 2606 3012 ὅπως
2645 2948 2709 3002 ἂν
2735 2951 2986 3022 ἀρέσαιεν
3013 2953 3183 3023 αὐτῷ,
3215 2954 3308 3006 καὶ
3335 2958 3446 3018 τοῖς
3481 2956 3608 3026 περὶ
3629 2953 3728 3026 τὴν

2157 3037 2382 3108 ζήτησιν
2424 3039 2532 3092 τῶν
2579 3043 2900 3112 κρειττόνων
2945 3045 3365 3117 ἡοχὸλημένοιςσ
3421 3049 3727 3120 μεριμνῶσι

2157 3125 2264 3197 γὰρ
2290 3127 2360 3180 τα
2389 3127 2468 3198 τῷ
2499 3127 2616 3200 Θεῷ
2643 3130 2791 3198 φίλα,
2824 3133 3305 3206 ἀντιμεριμνήσειν
3335 3137 3427 3189 τὸν
3465 3137 3620 3191 Θεόν.

2160 3215 2352 3270 Ὅπου
2389 3215 2500 3286 γὰρ
2527 3220 2558 3270 ὀ
2603 3221 2905 3299 θγισαιιρρς
2943 3222 3130 3299 guto-ﬂ“,
3164 3225 3288 3278 ἐκεῖ
3317 3227 3414 3280 καὶ
3453 3228 3492 3294 ἡ
3517 3227 3732 3286 καρδία

2750 3292 2916 3358 ὑμῶν
2937 3292 3129 3350 ἔσται,

2227 3377 2474 3442 Φυσικῶς
2506 3380 2614 3451 γάρ
2639 3383 2747 3444 πᾶς
2779 3383 3061 3454 ἄνθρωπος
3095 3387 3222 3456 περὶ
3245 3387 3273 3439 ὂ
3293 3387 3576 3453 σπουδάζει
3616 3389 3732 3442 διά-

2159 3484 2368 3534 κειται,
2409 3469 2571 3522 κάκεῖ
2601 3472 2778 3525 πάντα
2820 3473 2908 3526 τὸν
2946 3475 3067 3528 νοῦν
3113 3475 3225 3546 ἔχει
3266 3476 3393 3530 ἔνθα
3435 3479 3734 3550 κεκτῆσθαι

2157 3558 2254 3630 τὴν
2285 3559 2551 3629 ὠφέλειαν
2588 3563 2836 3634 νενόμικε
2863 3584 2875 3594 ·
2920 3566 3006 3620 διὰ
3035 3567 3191 3621 τοῦτο
3224 3571 3318 3624 καὶ
3351 3569 3440 3622 τὸν
3473 3570 3732 3642 λογισμὸν

2160 3653 2354 3721 ἐπάγει
2381 3653 2474 3707 τοῦ
2505 3655 2578 3726 μὴ
2603 3657 2710 3710 δεῖν
2741 3659 2831 3710 ἐπὶ
2858 3659 2959 3728 γῆς
2990 3659 3355 3732 θησαυρίζειν.
3385 3663 3446 3716 Εἰ
3480 3664 3577 3734 μὲν
3621 3665 3734 3736 γάρ
3809 3657 3814 3670 ’

2159 3761 2260 3806 τις,
2291 3745 2473 3812 φησιν,
2499 3749 2558 3800 ὲν
2584 3747 2661 3816 τῷ
2693 3748 2868 3820 θνητῷ
2905 3751 3005 3820 βίῳ
3039 3752 3136 3815 τὰς
3167 3755 3384 3824 κτήσεις
3424 3757 3727 3811 καῖ’πᾶσαν

2161 3832 2392 3906 ὓπαρξιν
2417 3836 2748 3906 συνείληχεν,
2777 3839 3087 3911 ἀναρτήσας
3123 3842 3285 3896 αὐτοῦ
3314 3844 3409 3914 τὴν
3439 3849 3616 3900 πᾶσαν
3643 3849 3734 3902 ἐλ-

2162 3925 2286 3978 πίδα
2325 3927 2417 3979 ἐπὶ
2460 3929 2528 3980 τὰ
2560 3931 2800 4001 παρόντα
2843 3929 2937 3982 τοῦ
2979 3931 3094 4008 βίον
3125 3935 3446 4006 πράγματα,
3475 3939 3532 4004 ἐξ
3562 3941 3734 4010 ἀνάγ-

2161 4035 2262 4087 κης
2309 4015 2398 4072 οἷα
2441 4019 2504 4092 δὴ
2547 4021 2764 4092 δεσμοῖς
2804 4023 3074 4090 τοσούτοις
3117 4027 3506 4100 πεπεδημένος,
3556 4033 3736 4086 πάντα

2158 4111 2249 4164 τὸν
2279 4113 2442 4166 αὑτοῦ
2473 4113 2730 4184 λογισμὸν
2762 4116 2855 4168 καὶ
2903 4119 3079 4170 πᾶσαν
3123 4119 3222 4190 τὴν
3262 4101 3495 4174 διάνοιαν
3517 4161 3530 4184 ,
3567 4125 3633 4195 ἢν
3668 4123 3738 4196 δὴ

2161 4205 2387 4274 καρδίαν
2415 4204 2686 4275 ὠνόμασε,
2736 4205 2886 4259 κάτω
2928 4225 3030 4260 που
3075 4210 3207 4280 πρὸς
3239 4213 3302 4282 τῇ
3349 4215 3418 4282 γῇ
3452 4213 3734 4285 κέκτηται,

2164 4297 2326 4348 κάκεῖ
2356 4295 2584 4368 φύρεται
2619 4297 2711 4349 καὶ
2754 4297 3098 4363 καλινδεῖται,
3143 4301 3268 4354 ἔνθα
3308 4305 3606 4374 κεκτῆσθαι
3641 4305 3740 4361 τὸν

499 4399 624 4454 que,
675 4384 760 4436 ubi
811 4383 1120 4436 thesaurum
1155 4397 1311 4435 suum
1359 4383 1634 4451 possidere
1662 4397 1719 4437 se
1755 4391 1924 4452 putat.
1961 4381 2051 4448 Qui

2164 4388 2327 4440 αὑτοῦ
2357 4387 2628 4460 θησαυρὸν
2658 4393 2937 4462 νενόμικεν
2959 4409 2970 4424 ’
3004 4395 3054 4446 εἰ
3085 4393 3142 4447 δὲ
3183 4399 3296 4458 τοῖς
3330 4397 3597 4470 οὐρανίοις
3629 4417 3736 4471 μα-

501 4489 629 4530 vero
655 4475 968 4529 cmlestihus
999 4475 1257 4528 doctrinis
1287 4475 1522 4527 nutritus
1569 4489 1894 4543 magnOpere
1925 4487 2062 4528 sata-

499 4569 596 4636 git,
633 4575 690 4620 ιιι
722 4577 840 4620 vota
890 4581 984 4618 sua
1019 4579 1231 4620 sursum
1265 4565 1458 4633 erigat,
1511 4579 1765 4635 spemque
1813 4565 1864 4617 in
1904 4563 2062 4620 coale-

499 4659 670 4712 stibus
701 4659 977 4726 promissis
1011 4666 1204 4727 ponat;
1257 4656 1456 4725 quique
1487 4655 1684 4710 Omissa
1717 4657 2062 4709 cumulanda-

503 4765 619 4804 rum
661 4752 714 4803 in
745 4761 888 4802 terra
923 4765 1080 4819 epam
1107 4749 1487 4811 sollicitudine,
1529 4763 1791 4802 summam
1825 4759 2062 4802 sectatur

501 4847 895 4908 paupertatem,
927 4848 1146 4907 totoque
1192 4838 1371 4890 animo
1403 4837 1468 4890 ad
1523 4837 1744 4890 meliora
1775 4851 2058 4900 converso,

503 4948 654 4984 suam
681 4947 789 4984 rem
821 4947 1036 4985 omnem
1062 4933 1112 4984 in
1139 4931 1279 4984 caelo
1311 4931 1504 4984 sistere
1533 4931 1732 4992 studet,
1756 4939 1917 4999 atque
1941 4929 2064 4983 illuc

503 5024 772 5076 fortunam
809 5023 1112 5076 universam
1145 5022 1498 5092 praemittere;
1533 5021 1724 5074 merito
1749 5021 1793 5074 is
1813 5019 2062 5089 equidem

502 5128 652 5182 spem
688 5114 958 5182 egregiam
1007 5114 1132 5168 inde
1183 5113 1441 5176 lucratur,
1484 5113 1606 5179 quia
1642 5119 1871 5164 mentem
1911 5126 2063 5164 suam

503 5215 666 5275 atque
691 5203 912 5259 consilia
947 5203 1258 5258 caelestibus
1287 5203 1452 5257 rebus
1497 5201 1754 5271 implicat.
1791 5199 1888 5256 Ubi
1920 5201 2061 5255 enim

507 5297 814 5350 thesaurum
847 5295 1026 5361 habet,
1075 5295 1149 5350 ibi
1191 5311 1346 5352 mens
1391 5295 1507 5365 ejus
1557 5295 1853 5350 consistet:
1891 5295 1964 5348 ita
2008 5304 2066 5349 ut

503 5403 728 5456 corpore
771 5397 973 5441 tantum
1023 5387 1228 5442 versari
1278 5388 1330 5442 in
1389 5387 1550 5442 terris
1599 5403 1720 5442 cum
1759 5385 2062 5442 hominibus

503 5480 770 5542 vldeatur.
801 5477 966 5533 animi
991 5487 1169 5532 autem
1199 5477 1250 5530 vi
1283 5478 1530 5532 cmlestes
1581 5478 1738 5532 sedes
1764 5479 1868 5549 iam
1899 5493 2061 5534 occu-

503 5587 656 5642 pare.
705 5571 844 5639 Ergo
887 5555 1323 5644 unumquemque
1379 5570 1646 5624 hominem
1698 5581 1905 5641 oportet
1938 5586 2061 5644 speo

574 5691 618 5722 ⁸³
649 5688 776 5743 Car.
811 5705 905 5756 xu,
939 5689 1026 5743 54.

2169 4484 2404 4555 ϐήμασιν
2433 4487 2716 4557 ἐντραφεὶς
2748 4489 2922 4541 πάντα
2951 4491 3196 4562 πράττοι,
3225 4492 3317 4546 τὸν
3345 4492 3508 4546 αὑτοῦ
3535 4491 3740 4544 σκοπὸν

2167 4575 2278 4629 ἄνω
2311 4579 2782 4648 προσαναρτήσας,
2821 4581 2915 4632 καὶ
2953 4580 3050 4650 τὴν
3089 4582 3279 4634 ἐλπίδα
3317 4581 3478 4652 ῥίψας
3509 4583 3598 4636 ἐπὶ
3637 4583 3738 4646 τὰς

2167 4667 2448 4738 οὐρανίους
2485 4669 2834 4738 ἐπαγγελίας,
2865 4671 2959 4724 τοῦ
2993 4671 3090 4740 μὲν
3126 4672 3376 4740 συνάγειν
3397 4675 3490 4726 ἐπὶ
3511 4673 3614 4744 γῆς
3647 4675 3742 4726 οὺ-
3775 4719 3780 4722 .

2167 4759 2356 4829 δεμίαν
2393 4761 2713 4833 ποιούμενος
2753 4764 3040 4834 φροντίδα,
3075 4765 3171 4837 τὴν
3218 4765 3394 4837 ἄκραν
3432 4765 3486 4818 δὲ
3537 4765 3742 4836 μετιὼν

2167 4849 2570 4922 ἀκτημοσύνην,
2599 4853 2690 4905 καὶ
2727 4851 2845 4917 ὅλος
2875 4855 3153 4924 γινόμενος
3183 4854 3317 4925 πρὸς
3349 4858 3460 4918 τοῖς
3497 4855 3744 4926 κρείττο-

2173 4956 2276 5004 σιν,
2313 4943 2370 4992 ὲν
2409 4943 2622 5014 οὐρανῷ
2649 4961 2707 4996 τε
2746 4945 2922 4998 πάντα
2961 4945 3228 5013 συνάγειν,
3265 4946 3426 5000 κάκεῖ
3454 4945 3543 4998 τὸν
3567 4947 3740 4999 αὐτοῦ

2171 5030 2394 5084 πλοῦτον
2444 5033 2829 5104 ταμιεύεσθαι,
2867 5037 2960 5089 καὶ
2994 5039 3173 5108 πᾶσαν
3203 5035 3298 5106 τὴν
3341 5035 3573 5107 ὕπαρξιν
3623 5039 3743 5090 ἐκεῖ

2172 5122 2512 5192 προπέμπειν
2543 5125 2854 5189 σπουδάζων
2874 5141 2887 5156 ’
2917 5125 3135 5188 εἰκότως
3161 5128 3190 5178 ὁ
3218 5125 3455 5186 τοιοῦτος
3487 5126 3647 5178 ὅνοιτ’
3671 5125 3742 5180 ἂν

2169 5211 2416 5268 ἐντεῦθεν
2444 5215 2542 5286 τῆς
2564 5215 2773 5286 ἀγαθῆς
2796 5217 3027 5282 ἐλπίδος,
3055 5217 3129 5290 τῷ
3151 5217 3249 5288 τὴν
3273 5218 3507 5272 διάνοιαν
3531 5217 3742 5272 καὶτὸν

2168 5303 2424 5374 λογισμὸν
2465 5307 2694 5360 οἰκειοῦν
2737 5309 2928 5362 ἑαυτοῦ
2967 5313 3078 5372 τοῖς
3121 5309 3426 5381 οὐρανίοις·
3463 5308 3590 5362 ἔνθα
3629 5309 3742 5380 γάρ

2170 5394 2280 5464 ἔχει
2305 5395 2392 5448 τὸν
2423 5395 2712 5469 θησαυρὸν,
2737 5401 2852 5452 ἐκεῖ
2882 5401 2976 5454 καὶ
3003 5401 3102 5471 τὴν
3124 5401 3362 5454 διάνοιαν
3388 5401 3496 5466 ἔξει
3515 5417 3528 5430 ·
3555 5399 3632 5464 ὡς
3655 5400 3742 5454 δο-

2169 5487 2282 5538 κεῖν
2319 5488 2526 5556 μέν’ὲπὶ
2552 5491 2655 5562 γῆς
2685 5493 3100 5565 παρεπιδημεῖν,
3129 5494 3221 5547 καὶ
3254 5494 3330 5566 τῷ
3355 5494 3564 5566 σώματι
3591 5491 3743 5564 μόνῳ

2173 5581 2406 5634 συνεῖναι
2455 5581 2783 5654 ἀνθρώποις,
2833 5589 2897 5658 τῇ
2945 5587 3002 5640 δὲ
3042 5586 3266 5658 δυνάμει
3312 5585 3410 5651 τὰς
3454 5587 3742 5658 οὐρανίους
