4170 6406
1566 394 2065 453 COMMENTARIA
2101 395 2171 453 IN
2207 396 2465 455 LUCAM.

3551 398 3654 453 56?.

408 498 514 593 ἤδη
544 498 826 573 διατριϐὰς
860 506 1131 575 μετιέναιο
1167 509 1307 564 ὥστε
1350 510 1464 567 ἄνω
1503 513 1722 585 βλέπειν
1754 517 1851 581 δεῖ,
1888 517 1971 571 καὶ

2082 527 2230 573 ctare
2261 534 2512 586 superna,
2567 533 2739 586 eoque
2767 531 2916 586 spem
2974 514 3242 585 dirigerc‘,
3278 513 3383 569 ubi
3440 514 3655 568 thesauo
3718 585 3724 593 υ

408 591 511 656 τὰς
564 593 781 662 ἐλπίδας
833 598 997 670 ἔχειν,
1034 602 1168 656 ὅπου
1226 604 1320 658 καὶ
1359 606 1451 661 τὸν
1496 607 1768 682 θησαυρὸν
1816 610 1978 665 αύτοῦ

411 688 763 759 συναγήοχεν.

407 777 528 867 Καὶ,
554 781 722 867 ,ὑμεῖς
753 781 940 864 ὅμοιοι
980 787 1313 867 ἀιςθρώἢποις
1331 792 1848 867 προσδεχομένοις
1877 794 1984 849 τὸν

457 853 665 917 κύριον
696 853 945 919 ἑαυτῶν,
982 853 1129 912 πότε
1149 853 1443 915 (inducet
1472 863 1543 916 ἐκ
1565 853 1684 918 τιῶ-
1711 853 1932 936 γάμων.

494 938 581 991 Ἐν
608 940 815 1011 ἑτέροις
853 944 951 1016 ἤδη
991 946 1199 1012 ἐδίδαξε
1240 950 1369 1022 περὶ
1404 951 1513 1006 τῶν
1548 953 1744 1024 γάμων
1778 953 1980 1009 εἰπών·

420 1028 701 1102 Ὡμοιώθη
732 1037 770 1103 ἡ
789 1037 1078 1100 ,Βασιλεία
1108 1038 1228 1095 τῶν
1256 1042 1529 1112 οὐρανῶν
1554 1044 1842 1113 ἀνθρώπῳ
1866 1046 1984 1111 βα-

406 1124 582 1185 σιλεῖ,
622 1126 691 1194 ὃς
725 1129 974 1198 ἐποίησε
1022 1133 1250 1203 γάμους
1282 1134 1363 1202 τῷ
1388 1134 1496 1201 υἱῷ
1531 1138 1737 1193 αὐτοῦ.
1776 1139 1863 1202 Ὡς
1892 1135 1985 1194 οὖν

406 1214 508 1288 ἤδη
559 1217 666 1272 τῶν
709 1220 902 1291 γάμων
940 1225 1318 1295 γεγενημένων
1342 1264 1358 1288 ,
1398 1227 1493 1280 καὶ
1535 1227 1631 1281 τοῦ
1683 1229 1983 1299 συμποσίου

405 1306 752 1373 τελεσθέντος
775 1351 789 1375 ,
841 1314 1118 1369 ἐπάνεισιν
1172 1316 1203 1368 6
1248 1315 1440 1389 κύριος
1488 1319 1581 1372 ἐπὶ
1633 1320 1760 1383 τοὺς
1818 1321 1984 1392 ἐγρη-

402 1399 635 1467 γορότας
688 1401 941 1468 δούλους,
996 1406 1078 1469 οἳ,
1136 1406 1354 1461 ἐπειδὰν
1412 1408 1677 1481 ἀφίκηται
1734 1410 1895 1475 αὐτὸς
1956 1412 1985 1464 6

404 1489 636 1558 νυμφίος
705 1492 802 1563 τὴν
879 1495 1191 1568 παράληψιν
1246 1498 1346 1569 τῆς
1412 1496 1628 1570 νύμφης
1693 1501 1986 1573 ποιησόμε-

403 1595 529 1643 νος,
572 1580 865 1650 κρούσαντι
905 1584 1054 1656 αύτῷ
1103 1586 1204 1656 τὴν
1252 1588 1350 1657 τῆς
1388 1587 1570 1659 ψυχῆς
1607 1589 1807 1663 θύραν,
1847 1592 1985 1645 ἐτοι-

406 1674 617 1743 μότατα
666 1677 1035 1732 ύπακούσουσι
1099 1681 1194 1734 καὶ
1252 1681 1521 1746 ἁνοίξουσι
1547 1723 1562 1747 ,
1634 1683 1725 1737 διὰ
1782 1684 1982 1749 παντὸς

402 1767 763 1840 ἐγρηγορότες
787 1810 801 1831 ,
858 1773 950 1825 καὶ
1018 1772 1115 1844 τὴν
1165 1773 1331 1829 αὐτοῦ
1395 1776 1696 1847 παρουσίαν
1761 1778 1979 1848 ἐκδεχό-

402 1876 572 1929 μενοι.
617 1862 886 1932 Ἑπιλέγει
918 1864 1048 1933 γοῦν
1068 1884 1080 1897 ·
1104 1867 1391 1937 Μακάριοι
1430 1872 1486 1923 ol
1511 1869 1720 1924 δοῦλοι
1740 1870 1979 1934 ἐκεῖνοι.

398 1949 510 2015 οὓς
546 1951 740 2006 ἐλθὼν
769 1953 1014 2024 εὑρήσει
1045 1959 1504 2029 γρηγοροῦντας.
1555 1963 1665 2015 Καὶ
1715 1964 1832 2028 πῶς
1868 1964 1974 2036 γὰρ

396 2042 461 2095 ού
493 2044 749 2114 μακάριοι
776 2048 823 2099 oi
853 2048 1122 2119 τοσαύτης
1158 2050 1444 2120 μέλλοντες
1470 2052 1868 2126 ἅξιωθήσεσθαι
1895 2074 1976 2109 τι-

401 2134 542 2205 μῆς;
591 2136 918 2208 Ἑπόμνυται
948 2139 1077 2208 γοῦν
1106 2142 1291 2208 αὐτοῖς
1317 2145 1543 2213 φάσκων
1562 2164 1576 2176 ·
1618 2146 1804 2217 Ἀμὴν
1823 2149 1977 2219 λέγω

397 2225 561 2293 ὑμῖν,
590 2226 679 2281 ὅτι
712 2229 1086 2299 περιζώσεται
1121 2235 1219 2287 καὶ
1252 2237 1569 2291 ἀνακλινεῖ
1592 2239 1816 2306 αὐτοὺς
1836 2280 1849 2302 ,
1878 2240 1977 2293 καὶ

395 2319 712 2386 παρελθὼν
748 2322 1097 2390 διακονήσει
1128 2327 1350 2393 αὐτοῖς.
1386 2330 1563 2384 Νυκτὶ
1594 2330 1650 2384 δὲ
1694 2333 1979 2402 παραϐάλ-

394 2413 505 2466 λων
534 2416 627 2467 τὸν
674 2414 1014 2488 ἀνθρώπινον
1050 2418 1182 2488 βίον,
1229 2417 1305 2483 ὡς
1353 2419 1569 2491 ἀληθῶς
1620 2423 1845 2488 σκότους
1883 2425 1978 2478 καὶ

393 2508 618 2577 ἀγνοίας
639 2509 858 2575 οἰκεῖον,
883 2511 1157 2582 διαφόροις
1185 2511 1470 2580 φυλακαῖς,
1502 2515 1779 2569 τουτέστιν
1807 2514 1978 2588 ὥραις

392 2603 490 2656 καὶ
510 2606 720 2674 καιροῖς
736 2603 835 2674 τῆς
860 2603 1072 2667 νυκτὸς,
1094 2605 1184 2657 τὸν
1204 2604 1298 2675 τῆς
1313 2605 1657 2678 ἀνθρωπίνης
1674 2606 1819 2679 ζωῆς
1840 2625 1979 2680 παρ-

393 2691 604 2757 εικάζει
641 2692 861 2765 χρόνον
898 2697 954 2747 ὲν
993 2688 1037 2763 ᾧ
1080 2696 1205 2759 τοὺς
1247 2695 1334 2749 διὰ
1379 2697 1578 2761 παντὸς
1610 2699 1976 2771 ἐγρηγορότας

320 2840 325 2845 _
388 2782 483 2838 διὰ
513 2782 573 2835 τὸ
606 2782 799 2854 ἄδηλον
826 2785 926 2855 τῆς
954 2786 1183 2839 ἑκάστου
1210 2786 1465 2858 τελευτῆς
1504 2790 1806 2860 μακαρίους
1841 2791 1977 2843 ἀπο-

393 2873 609 2942 φαίνει·
658 2874 968 2946 ταύτηςδὲ
1016 2878 1116 2947 τῆς
1157 2879 1473 2949 προτροπῆς
1527 2879 1611 2942 τίς
1666 2880 1733 2933 ἂν
1776 2882 1973 2950 γένοιτ’

390 2966 674 3038 ἁνωτέρα,
725 2966 759 3037 ἢ
813 2967 903 3020 τὸν
954 2968 1220 3038 δεσπότην
1273 2970 1609 3038 ἐπήγγελται
1656 2973 1819 3026 αὐτὸν
1862 2977 1975 3039 τοῖς

388 3057 598 3122 δούλοις
612 3057 968 3131 διακονήσειν,
985 3061 1110 3125 τοὺς
1125 3061 1181 3115 δὲ
1200 3061 1421 3126 δούλους
1443 3063 1893 3137 ἀνακλιθησεσθαι
1917 3069 1973 3119 ὲν

392 3150 459 3222 τῇ
492 3150 731 3223 βασιλείᾳ
757 3151 941 3218 αὑτοῦ,
968 3154 1215 3207 τουτέστι
1237 3154 1694 3210 διαναπαύσεσθαι
1720 3175 1733 3223 ;
1762 3156 1973 3230 Προϊὼν

2091 626 2205 664 rum
2236 624 2390 663 suum
2419 609 2528 678 jam
2566 608 2858 663 :tcervtvit.

2082 787 2130 818 "
2161 788 2225 842 Et
2261 804 2347 842 vos
2382 786 2574 840 similes
2605 786 2900 841 hominibus
2940 786 3354 856 exspectantibus
3385 785 3653 840 dominum

2353 873 2506 910 suum
2535 859 2745 927 quando
2781 867 3070 910 revertatur
3097 873 3130 909 a
3160 857 3372 924 nuptiis.

2154 947 2271 1002 Jam
2313 948 2438 1001 alibi
2474 946 2657 1001 docuit
2692 961 2814 999 cum
2848 949 2913 1000 de
2947 946 3150 1016 nuptiis
3187 946 3436 1000 diceret:
3474 943 3653 999 Simile

2084 1051 2158 1095 est
2191 1055 2406 1106 regnum
2444 1036 2692 1090 caelorum
2742 1036 2941 1089 homini
2988 1037 3127 1105 regi,
3159 1037 3247 1106 qui
3290 1036 3409 1104 fecit
3446 1036 3654 1101 nuptias
3693 1080 3695 1083 ,

2089 1127 2199 1200 ﬁlio
2236 1145 2331 1183 suo
2354 1131 2423 1182 θ’.
2458 1127 2738 1198 Tanquam
2772 1127 2934 1197 igitur
2980 1129 3214 1196 peractis
3259 1126 3480 1196 nuptiis,
3521 1138 3653 1180 con-

2085 1224 2335 1293 vivioque
2363 1220 2629 1285 absoluto,
2662 1220 2801 1274 redit
2838 1219 3087 1273 dominus
3122 1221 3185 1272 ad
3221 1228 3408 1273 servos
3439 1218 3651 1289 vigiles,

2084 1315 2176 1386 qui
2218 1328 2416 1382 sponso
2446 1313 2511 1369 ad
2546 1311 2861 1367 sumendam
2893 1310 2992 1364 sibi
3033 1324 3286 1380 sponsam
3317 1310 3651 1375 adventanti,

2084 1415 2137 1461 et
2174 1419 2318 1460 nunc
2359 1405 2471 1473 jam
2508 1404 2704 1458 anima:
2753 1402 2901 1457 iores
2934 1400 3198 1471 pulsanti,
3251 1402 3655 1471 promptissime

2085 1498 2560 1569 morigerabuntnr
2618 1507 2781 1565 atque
2817 1494 3100 1563 aperient,
3157 1505 3443 1562 propterea
3509 1496 3651 1563 quod

2084 1598 2344 1659 perpetuo
2376 1587 2585 1656 vigiles,
2619 1586 2910 1639 adventum
2940 1585 3058 1655 ejus
3087 1585 3379 1652 praestolati
3418 1584 3649 1639 fuerant.

2083 1685 2170 1736 Ait
2205 1681 2410 1749 igitur:
2448 1678 2601 1732 Beati
2648 1678 2783 1732 servi
2833 1678 2945 1742 illi,
2990 1692 3120 1743 quos
3160 1678 3366 1729 veniens
3401 1678 3654 1731 invenerit

2080 1774 2355 1844 vigilantes
2378 1773 2443 1826 ".
2476 1770 2672 1838 Quidni
2703 1784 2833 1823 vero
2870 1770 2922 1821 hi
2959 1767 3118 1830 heati,
3148 1769 3238 1835 qui
3276 1779 3474 1821 tantum
3515 1784 3654 1823 mer—

2018 1892 2057 1946 Β
2084 1869 2267 1922 cedem
2302 1866 2527 1920 relaturi
2565 1861 2765 1918 erant?
2791 1863 2959 1931 Igitur
2987 1877 3111 1916 cum
3150 1872 3490 1916 sacramento
3524 1875 3657 1916 con~

2083 1959 2298 2012 ﬁrmat:
2334 1959 2498 2011 Amen
2530 1959 2645 2010 dico
2682 1956 2841 2019 vobis,
2872 1955 3275 2024 prwcinclurum
3309 1969 3382 2015 se,
3426 1954 3654 2007 discum-

2080 2050 2316 2103 bentibus
2350 2048 2478 2114 illis,
2511 2057 2563 2100 et
2596 2055 2950 2100 transeuntem
2978 2045 3170 2098 eisdem
3202 2043 3646 2100 ministraturuut.

2079 2140 2234 2195 Nocti
2283 2152 2463 2195 autem
2506 2155 2827 2210 cootparans
2870 2142 3160 2195 lmmanam
3198 2144 3394 2207 vitam,
3441 2157 3538 2195 ceu
3574 2156 3657 2195 re-

2079 2248 2208 2302 apse
2239 2234 2473 2288 tenebris
2501 2245 2553 2287 et
2603 2234 2809 2289 inscitia
2856 2233 3267 2297 circumfusam,
3313 2233 3544 2288 diversis
3575 2234 3657 2285 vi-

2079 2325 2255 2396 giliis,
2299 2325 2351 2380 id
2386 2334 2469 2381 est
2514 2325 2666 2380 horis
2711 2325 3150 2395 temporibusque
3199 2326 3502 2389 nocturnis,
3551 2324 3655 2378 hn-

2081 2433 2252 2473 mame
2281 2418 2402 2473 vitae
2445 2417 2675 2487 spatium
2709 2416 2973 2473 assimilat
3003 2437 3014 2472 :
3050 2420 3103 2470 in
3156 2431 3263 2486 quo
3310 2416 3352 2469 si
3395 2415 3486 2485 qui
3533 2414 3657 2468 sine

2080 2511 2267 2583 requie
2308 2510 2565 2582 vigilant,
2628 2519 2851 2580 propter
2899 2507 3075 2563 obitus
3136 2508 3401 2561 incertum
3447 2522 3656 2567 casum,

2078 2604 2266 2658 beatos
2293 2618 2387 2658 eos
2419 2601 2672 2673 appellat.
2700 2599 2818 2656 Iam
2851 2600 2955 2656 hac
2998 2601 3378 2656 adhortatione
3407 2615 3652 2669 qnzenattt

2077 2695 2357 2751 sublimior
2402 2710 2521 2749 esse
2573 2694 2783 2765 potest,
2826 2710 2932 2763 qua
2970 2692 3224 2747 nimirum
3278 2694 3530 2745 dominus
3563 2690 3647 2747 di-

2077 2790 2218 2842 citur
2248 2785 2420 2841 servis
2458 2785 2572 2840 suis
2607 2783 3037 2851 ministraturus,
3073 2786 3124 2838 hi
3176 2796 3357 2838 autem
3411 2784 3461 2836 in
3513 2783 3656 2838 illius

2078 2893 2244 2948 regno
2284 2876 2615 2940 recubitnri,
2666 2876 2718 2930 id
2767 2884 2850 2932 est
2905 2875 3090 2945 requie
3144 2875 3405 2948 petituri?
3455 2874 3654 2930 Deinde

2078 2982 2265 3022 rursus
2317 2966 2642 3036 promissum
2690 2965 2830 3022 idem
2875 2966 3147 3033 ﬁrmavit,
3198 2984 3317 3021 cum
3376 2964 3658 3037 discipuli}

2076 3060 2256 3115 dixit:
2305 3055 2418 3128 Ego
2470 3070 2645 3112 autent
2677 3060 2731 3112 in
2787 3060 2957 3113 medio
3008 3059 3166 3114 vestri
3210 3077 3323 3113 smn
3376 3059 3513 3112 sicut
3563 3059 3654 3128 qui

2078 3153 2361 3206 ministrat.
2404 3149 2506 3205 Vos
2544 3152 2730 3221 quippe
2763 3156 2888 3206 estis
2927 3152 3017 3221 qui
3056 3151 3423 3218 permansislis
3453 3166 3655 3205 mecum

385 3242 436 3296 δ’
466 3239 620 3318 αὖθις
652 3245 752 3317 τὴν
793 3245 961 3317 αὐτὴν
990 3247 1444 3318 ὲπισφραγίζεται
1491 3250 1822 3319 ἐπαγγελίαν
1850 3253 1970 3315 τοῖς

2073 3243 2129 3296 in
2174 3244 2550 3297 tentationibus
2592 3245 2718 3297 meis
2756 3260 2775 3297 :
2811 3254 2858 3297 et
2903 3260 2993 3316 ego
3032 3244 3253 3314 dispono
3303 3243 3479 3309 vobis,
3518 3243 3656 3296 sicut

392 3336 666 3408 μαθηταῖς
687 3322 858 3405 λέγων
878 3354 892 3369 σ
941 3338 1081 3408 Ἐγὼ
1116 3338 1168 3392 δ’
1210 3340 1281 3393 ἐν
1302 3339 1471 3409 μέσῳ
1501 3341 1668 3412 ὑμῶν
1690 3344 1805 3413 εἰμι
1829 3342 1909 3409 ὡς
1938 3346 1971 3397 ό

388 3427 704 3483 διακονῶν.
741 3429 935 3499 Ὑμεῖς
954 3430 1021 3485 δέ
1049 3432 1190 3486 ἐστε
1230 3433 1285 3486 οἱ
1327 3432 1821 3504 διαμεμενηκότες
1840 3434 1970 3504 μετ’

386 3521 537 3590 ἐμοῦ
553 3521 623 3575 ἐν
638 3520 762 3588 τοῖς
772 3522 1124 3593 πειρασμοῖς
1133 3541 1273 3593 μου·
1293 3524 1451 3596 κάγὼ
1465 3524 1788 3596 διατίθεμαι
1807 3527 1967 3598 ὑμῖν,

387 3615 520 3668 καθ’
553 3612 593 3669 ἆ
635 3615 861 3671 διέθετό
897 3636 1000 3687 μοι
1026 3622 1058 3672 ό
1080 3616 1282 3686 Πατήρ
1301 3636 1440 3689 μου,
1485 3619 1814 3684 ,ϐασιλείαν
1834 3637 1846 3650 ·
1889 3621 1968 3673 ἵν’

386 3704 629 3771 ἐσθίητε
658 3706 755 3759 καί
794 3706 1006 3775 πίνητε
1038 3707 1135 3761 ἐπὶ
1170 3707 1279 3776 τῆς
1323 3707 1610 3777 τραπέζης
1629 3727 1750 3780 μου
1777 3710 1847 3764 ἐν
1892 3709 1967 3781 τῇ

380 3797 674 3865 βασιλείᾳ
697 3814 834 3870 μου.
869 3798 1135 3869 Τοιαύτης
1167 3798 1444 3867 τεύξονται
1476 3801 1875 3874 μακαριότητος
1917 3804 1966 3856 οἱ

385 3887 585 3953 δοῦλοι,
626 3889 718 3953 οὓς
750 3889 919 3943 ὲλεὼν
959 3891 987 3943 6
1032 3890 1233 3965 Κύριος
1262 3892 1481 3965 εὑρήσει
1522 3894 1963 3968 γρηγοροῦντας*

385 3981 531 4038 κατὰ
551 3981 661 4055 γὰρ
684 3982 775 4036 τὸν
804 3982 996 4055 θνητὸν
1030 3984 1214 4039 τοῦτον
1248 3984 1381 4056 βίον,
1418 3986 1511 4041 ἆτε
1552 3986 1741 4051 παῖδες
1771 3988 1850 4043 ἔτι
1875 3988 1965 4044 δν-

380 4091 478 4139 τες
506 4076 600 4129 καὶ
640 4076 842 4147 νήπιοι,
875 4077 968 4131 καὶ
998 4080 1162 4149 μήπω
1200 4078 1293 4132 τοῦ
1329 4078 1615 4151 νυμφῶνος
1652 4079 1963 4153 ἠξιωμένοι,

385 4166 473 4219 ἐπ’
503 4166 809 4238 ἀλλοδαπῆς
852 4168 897 4223 δ’
935 4169 1244 4235 οἰκοῦντες,
1274 4171 1367 4225 ἅτε
1398 4169 1535 4236 ξένοι
1569 4170 1678 4225 τῶν
1710 4172 1962 4239 ἐνταῦθα,

385 4258 480 4309 καὶ
513 4256 905 4329 παρεπίδημοι,
938 4259 1029 4312 καὶ
1063 4260 1166 4314 ὑπὸ
1209 4261 1576 4332 παιδαγωγοῖς
1621 4263 1716 4317 καὶ
1750 4265 1966 4336 ἐπιτρό-

385 4366 509 4414 ποις
549 4350 997 4423 ἀνατρεφόμεοδοι,
1024 4352 1123 4406 οὐκ
1156 4347 1301 4425 εἶχον
1339 4354 1568 4408 πάντοτε
1607 4352 1697 4408 τὸν
1734 4355 1963 4427 νυμφίον

388 4443 507 4513 μεθ’
545 4443 773 4499 ἑαυτῶν.
824 4445 916 4498 Διὸ
960 4445 1055 4498 καὶ
1097 4445 1412 4518 ὲνήστευον,
1451 4445 1632 4511 καθὼς
1679 4442 1831 4501 εἶπεν
1881 4448 1963 4501 ὃτι

383 4535 679 4606 ἀρθήσεται
727 4536 823 4589 ἀπ’
869 4536 1047 4590 αὐτῶν
1096 4538 1124 4591 6
1160 4536 1410 4609 νυμφίος,
1440 4539 1532 4591 καὶ
1575 4537 1697 4590 τότε
1735 4538 1962 4609 νηστεύο

385 4642 590 4680 σουσιν.
657 4626 797 4679 Ἀλλ’
858 4626 949 4681 ἐπὶ
998 4626 1143 4681 τέλει
1202 4628 1539 4699 αὐξήσαντας
1607 4629 1804 4694 αὐτοὺς
1869 4628 1964 4683 καὶ

378 4716 765 4783 τελειωθέντας
799 4718 1215 4791 παραλήψεσθαι
1248 4719 1643 4790 ἐπαγγέλλεται
1668 4765 1683 4789 ,
1738 4721 1831 4775 καὶ
1882 4721 1960 4787 εἰς

376 4811 469 4865 τὸν
501 4809 670 4865 αὐτοῦ
717 4812 1051 4879 πνεισάξειν
1085 4813 1379 4885 νυμφῶνα·
1417 4814 1507 4867 ὅτε
1538 4815 1631 4867 καὶ
1668 4811 1960 4878 ἀνακλίνας

2073 3336 2329 3405 disposuit
2373 3337 2500 3389 mihi
2538 3334 2691 3389 Patet
2734 3352 2904 3399 meus,
2939 3353 3188 3406 regnum;
3230 3346 3286 3391 ut
3329 3336 3654 3390 manducetis

2072 3439 2225 3497 atque
2272 3427 2458 3481 bibatis
2508 3427 2571 3480 de
2610 3443 2723 3480 mea
2761 3443 2937 3481 mensa
2980 3428 3036 3479 in
3079 3443 3236 3498 regno
3283 3444 3396 3480 meo
3418 3425 3488 3482 ⁸⁸.
3541 3423 3654 3479 Hac

2071 3520 2345 3589 potientur
2392 3519 2650 3573 beatitate
2678 3516 2844 3583 servi,
2891 3534 3027 3587 quos
3062 3516 3325 3572 Dominus
3372 3518 3652 3587 vigilantes

2071 3610 2357 3665 invenerit.
2390 3608 2632 3680 Namque
2670 3608 2724 3662 iu
2774 3608 2876 3664 hac
2908 3609 3122 3662 mortali
3174 3609 3313 3675 vita,
3362 3625 3459 3662 ceu
3499 3608 3649 3681 pueri

2069 3700 2244 3758 adhuc
2290 3713 2344 3759 et
2374 3701 2609 3757 infantes
2632 3709 2689 3756 et
2719 3701 2954 3754 nondum
2994 3700 3219 3770 nuptiali
3272 3702 3517 3756 conclavi
3569 3700 3652 3755 tli-

2069 3795 2187 3866 gni,
2229 3796 2323 3849 sed
2358 3794 2589 3848 alienam
2624 3792 2787 3847 veluti
2827 3792 3101 3862 regionem
3141 3792 3462 3859 incolentes,
3495 3792 3649 3863 quasi

2066 3886 2335 3958 peregrini
2368 3885 2586 3954 quidam
2614 3898 2668 3938 et
2691 3884 2933 3949 advenae,
2958 3892 3013 3938 et
3043 3883 3142 3938 sub
3178 3884 3444 3938 tntorilms
3470 3885 3652 3938 adhuc

2068 3990 2120 4035 et
2163 3979 2510 4033 curatoribus
2560 3977 2821 4043 enutriti,
2862 3991 3204 4046 nequaquam
3253 3978 3436 4048 Spousi
3487 3977 3645 4048 pleno

2067 4071 2341 4127 consortio
2387 4069 2693 4125 utebantur.
2740 4068 2919 4136 Quare
2964 4069 3302 4139 jejunabant,
3357 4081 3641 4140 prepterca

2067 4165 2209 4237 quod
2260 4164 2392 4235 ipsis
2428 4163 2631 4219 dictum
2685 4171 2861 4228 esset,
2910 4162 3024 4218 fore
3074 4173 3131 4216 ut
3178 4178 3412 4234 Sponsus
3464 4163 3532 4218 ab
3582 4164 3647 4217 iis

2065 4257 2391 4323 auferretur,
2430 4268 2486 4313 et
2523 4267 2634 4312 tum
2679 4254 2992 4327 jejunarent
3013 4256 3079 4311 ".
3127 4257 3511 4313 Verumtamen
3557 4256 3645 4310 ubi

2065 4349 2119 4407 in
2154 4351 2450 4420 perfectam
2491 4360 2707 4405 aetatem
2739 4352 3033 4418 creverint,
3079 4358 3419 4420 recepturum
3464 4366 3523 4405 se
3551 4366 3647 4404 eos

2062 4443 2329 4514 spondet,
2378 4451 2540 4514 atque
2591 4445 2643 4499 in
2692 4460 2851 4499 suum
2896 4445 3153 4500 conclave
3191 4446 3478 4499 ducturum
3528 4461 3542 4497 :
3583 4460 3647 4498 ac

2069 4544 2179 4590 tum
2214 4537 2280 4592 iis
2328 4536 2794 4592 discumbentibus
2832 4538 3262 4592 ministratorum
3308 4554 3324 4591 :
3374 4535 3465 4607 qui
3519 4552 3644 4605 per-

2067 4636 2226 4697 petua
2262 4629 2652 4684 consuetudine
2677 4629 2796 4700 ejus
2821 4626 2933 4697 jam
2964 4628 3142 4699 potiti,
3173 4627 3375 4683 diutius
3423 4643 3528 4681 non
3560 4626 3646 4697 je-

2061 4717 2362 4789 junabunt,
2393 4720 2489 4776 sed
2517 4718 2793 4776 laboribus
2818 4719 3068 4787 relaxati,
3097 4719 3409 4774 ctelestibus
3436 4717 3645 4773 deliciis

2064 4813 2429 4887 perfruentur.

377 4907 593 4971 αὖτοὺς,
626 4906 935 4979 διακονήσει
967 4909 1177 4973 αὐτοῖς·
1201 4910 1249 4962 οἱ
1281 4908 1357 4973 δὲ,
1392 4908 1638 4972 συνόντες
1671 4907 1818 4980 αὐτῷ
1842 4908 1949 4974 ἀεὶ,
1980 4905 2161 4960 οὐκέτι
2210 4904 2615 4977 νηστεύσουσιν,
2657 4903 2793 4958 ἀλλὰ
2840 4902 3269 4974 όιαπαυσάμενοι
3298 4900 3406 4957 τῶν
3468 4905 3650 4976 καμά-

373 5019 503 5066 των,
534 5001 638 5073 τῆς
670 5004 920 5072 οὐρανίου
951 5004 1162 5074 τρυφῆς
1194 5004 1605 5058 ἀπολαύσουσιν.

368 5101 437 5154 El
466 5100 598 5171 ᾔδει
637 5103 671 5155 ό
702 5100 1133 5169 οὶχοδεσπότης
1162 5102 1304 5170 ποίᾳ
1338 5100 1459 5172 ὥρᾳ
1486 5106 1519 5158 ὀ
1546 5102 1810 5172 κλέπτης
1848 5102 1944 5172 ἕρ-

1067 5190 1248 5239 χετιιι.

443 5263 541 5318 Atii
576 5261 836 5317 πλειόνων
869 5266 1056 5335 νήφειν
1087 5266 1182 5317 καὶ
1214 5265 1572 5337 ἐγρηγορέναι
1605 5267 1737 5337 ἡμῖν
1774 5279 1951 5336 παρα-

374 5354 686 5419 κελεύεται,
714 5355 776 5408 ού
810 5355 966 5427 μόνον
1003 5354 1091 5408 διὰ
1124 5357 1222 5427 τὴν
1255 5356 1457 5428 ἁθρόαν
1486 5359 1580 5412 καὶ
1612 5356 1951 5430 ἀπροσδόκη-

370 5458 463 5497 τον
508 5445 689 5515 ἆφιξιν
730 5447 832 5518 τῆς
877 5448 1092 5520 ἡμέρας
1139 5448 1375 5519 Κυρίου,
1423 5448 1560 5503 ἀλλὰ
1593 5450 1687 5503 καὶ
1726 5448 1815 5502 διὰ
1858 5448 1952 5502 τὸν

371 5535 612 5609 κλέπτην
644 5536 734 5591 τὸν
779 5540 893 5602 τοῖς
934 5539 1073 5593 κατὰ
1131 5539 1261 5593 Θεὸν
1308 5538 1579 5604 πλουσίοις
1620 5539 1716 5594 καὶ
1753 5540 1951 5593 οίκοδε-

374 5629 603 5694 σπόταις
648 5631 1022 5704 ἐφεδρεύοντα.
1072 5630 1240 5698 Οὗτος
1284 5633 1342 5687 δέ
1386 5636 1534 5690 ἐστιν
1575 5636 1603 5688 6
1636 5634 1824 5708 καιρὸς
1849 5634 1951 5707 τῆς

442 5765 491 5797 ⁸⁸
507 5764 657 5848 Eur.
682 5782 784 5835 xu,
816 5768 903 5824 ‘56.
976 5771 1023 5803 “
1062 5768 1251 5826 Matth.
1282 5786 1427 5840 uti,
1458 5772 1511 5826 εὶ.
1591 5773 1639 5807 ³⁸
1672 5772 1807 5830 Luc.
1833 5783 2027 5840 stt'57.
2101 5774 2148 5807 "
2188 5771 2319 5833 Luc.
2349 5790 2492 5844 mi,
2520 5756 2715 5840 27-50.
2780 5780 2824 5813 ’τ
2864 5778 3055 5839 Matth.
3105 5795 3157 5835 ts
3178 5820 3192 5848 ,
3222 5779 3310 5837 l5.

371 5850 473 5906 xu,
506 5835 596 5891 59.

2050 5100 2096 5132 ”
2120 5098 2180 5155 Si
2209 5100 2361 5154 sciret
2386 5095 2777 5170 paterfamilias
2806 5112 2909 5168 qua
2932 5096 3064 5149 .‘tora
3100 5095 3189 5165 fur
3216 5107 3462 5154 venturus
3488 5112 3643 5174 esset.

2127 5261 2309 5316 Multis
2348 5262 2414 5316 de
2445 5258 2625 5316 causis
2672 5258 2810 5331 frugi
2860 5258 3015 5315 nobis
3047 5260 3257 5331 agitare
3291 5261 3453 5316 vitam
3492 5263 3631 5332 vigi-

2053 5353 2276 5424 lareque
2322 5357 2562 5415 mandat,
2606 5367 2711 5408 non
2759 5351 2931 5407 solum
2962 5351 3032 5408 ob
3067 5354 3305 5409 subitum
3340 5353 3642 5426 inopinum-

2055 5461 2159 5517 que
2188 5446 2290 5500 diei
2323 5444 2529 5501 Domini
2558 5448 2868 5513 adventum,
2896 5445 2990 5501 sed
3017 5448 3180 5501 etiam
3214 5458 3434 5517 propter
3463 5448 3635 5502 furem

2058 5537 2358 5594 divinorum
2393 5536 2660 5593 bonorum
2705 5536 2965 5593 divitibus
2991 5553 3055 5594 ac
3096 5538 3259 5595 veluti
3310 5537 3635 5609 patribusfa~

2060 5634 2236 5690 milias
2286 5632 2653 5689 insidiantem.
2704 5631 2755 5689 ls
2819 5641 3000 5689 autem
3060 5642 3143 5691 est
3209 5633 3634 5705 uniuscujusque

3408 5775 3457 5810 "
3495 5774 3626 5835 CAP.
