4130 6400
545 324 650 384 563

1215 317 1485 378 EUSEBI!
1523 317 2001 375 CESARIENSIS
2035 317 2189 374 OPP.
2232 315 2412 370 PARS
2449 310 2532 368 Ill.
2573 341 2640 354 ο-
2683 301 3093 364 EXEGETICA.

546 453 744 513 obitus,
782 447 866 502 vel
908 445 1068 501 etiam
1118 443 1339 512 angelus
1386 443 1477 512 qui
1529 439 1791 510 cujusque
1839 441 2152 498 ntorienlisi

2256 438 2449 491 καστου
2479 431 2754 500 τελευτῆς,
2789 428 2823 498 ἢ
2856 426 2951 480 καὶ
2981 425 3011 477 ὁ
3040 423 3244 494 μέλλων
3285 420 3384 491 τὴν
3429 417 3655 472 ἑκάστου
3679 416 3789 486 ψυ-

548 543 784 596 animam
825 547 1150 607 excepturus
1180 544 1284 588 est.
1316 534 1373 588 Si
1410 549 1539 602 ergo
1582 534 1845 588 sciremus
1876 548 2110 603 quonam

2216 529 2316 598 χὴν
2355 521 2801 596 παραλαμϐάνειν
2832 516 3060 586 ἄγγελος
3093 511 3233 567 κατὰ
3268 508 3457 581 καιρὸν
3491 506 3584 559 τοῦ
3615 505 3787 559 θανά-

549 641 788 701 tcmpore
827 631 911 684 fur
939 628 1027 683 ille
1064 635 1322 682 venturus
1349 633 1517 689 esset,
1545 625 1758 679 unicam
1807 595 1952 677 illam
1977 637 2114 692 opus

2256 595 2306 671 .‘u
2352 595 2484 686 (eo).
2536 616 2600 668 Et
2636 612 2736 684 μὲν
2783 605 2877 664 οὖν
2897 608 3117 679 ᾔδειμεν
3173 603 3266 657 τὸν
3315 599 3504 671 καιρὸν
3547 597 3646 669 τῆς
3687 595 3788 650 τοῦ

550 726 689 777 foret
720 723 907 777 horam
937 721 1250 779 observare,
1280 730 1347 769 ne
1381 724 1593 770 nostras
1625 723 1933 784 pateremur
1973 713 2118 768 aedes

549 812 753 881 perfodi
781 827 794 863 :
830 822 971 862 nunc
992 807 1115 876 quia
1141 806 1256 860 haec
1297 805 1454 869 latet,
1486 814 1746 874 perpetuo
1772 811 2118 874 experrectos

549 918 672 958 esse
697 900 964 971 Oportebit
989 916 1002 952 :
1037 913 1209 967 neque
1235 898 1380 952 enim
1411 898 1660 952 novimus
1692 912 1797 966 qua
1821 895 1911 949 ille
1939 893 2119 964 vigilia

553 995 919 1050 incursionem
952 989 1136 1045 faciet.
1165 988 1344 1055 Quare
1377 1003 1600 1058 prorsus
1628 987 1956 1056 vigilandum
2003 996 2117 1050 est,

549 1083 808 1152 omnique
855 1079 1121 1142 custodia,
1167 1089 1223 1131 ut
1263 1078 1338 1131 ait
1375 1077 1793 1132 Proverbiorum
1837 1084 2028 1130 auctor
2050 1075 2119 1138 ",

551 1172 874 1230 servandum
899 1185 1024 1232 cor;
1052 1169 1407 1238 universaque
1435 1168 1551 1222 haec
1584 1167 1832 1222 mortalis
1863 1166 1986 1220 vita:
2015 1181 2122 1220 nox

553 1267 815 1322 insomnis
862 1261 1241 1332 transigenda,
1285 1277 1352 1315 ne
1399 1260 1540 1315 forte
1589 1258 1981 1330 direptionibus
2029 1272 2124 1328 pa-

559 1369 786 1424 teamus,
837 1369 975 1411 neve
1020 1354 1213 1407 anima:
1256 1361 1454 1407 nostrae
1495 1352 1780 1406 thesauros
1811 1349 1971 1404 eti‘odi
2005 1363 2127 1420 per-

559 1453 854 1506 mittamus.
885 1447 979 1504 Sic
1003 1447 1146 1502 enim
1175 1446 1423 1514 utrinque
1453 1453 1599 1501 recte
1623 1443 1973 1506 habebimus;
2009 1450 2125 1496 tum

2216 709 2448 762 κλέπτου
2491 704 2818 775 παρουσίας,
2859 701 2959 772 τὴν
2993 696 3140 769 ὥραν
3176 694 3343 765 ἐχρῆν
3372 691 3586 761 ἐκείνην
3619 687 3791 759 μόνην

2219 801 2518 870 ἐπιτηρεῖν,
2551 795 2686 866 πρὸς
2711 795 2774 848 τὸ
2805 792 2879 863 μὴ
2915 789 3128 859 ἀφιέναι
3161 785 3470 856 διορυγῆναι
3505 781 3660 853 ἡμῶν
3695 780 3792 832 τὸν

2220 889 2367 946 οἷκον
2388 908 2400 921 ·
2437 889 2560 943 ἐπεὶ
2599 888 2658 941 δὲ
2689 885 2880 957 ἄδηλός
2909 885 3056 936 ἐστιν
3095 870 3268 941 οὗτος,
3304 876 3483 946 δεήσει
3509 873 3594 926 ἀεὶ
3619 875 3790 943 ἐγρη-

2221 984 2470 1054 γορέναιο
2495 980 2558 1033 ού
2593 978 2702 1050 γὰρ
2726 977 2883 1047 ἴσμεν
2909 972 3070 1042 ὁποίᾳ
3094 970 3307 1040 φυλακῇ
3333 965 3665 1034 ἐπιθήσεται.
3697 963 3795 1016 At?)

2221 1073 2590 1145 γρηγορητέον
2628 1067 2721 1122 διὰ
2766 1065 2988 1130 παντὸς,
3029 1063 3123 1118 καὶ
3169 1061 3320 1130 πάσῃ
3365 1057 3576 1127 φυλακῇ
3623 1072 3798 1126 τηρη-

2221 1169 2340 1219 τέον
2368 1165 2464 1236 τὴν
2496 1161 2722 1234 καρδίαν
2762 1158 2905 1214 κατὰ
2934 1156 3026 1212 τὸν
3052 1151 3473 1228 παροιμιαστὴν,
3505 1149 3599 1203 καὶ
3624 1150 3799 1218 ἀγρυο

2226 1255 2452 1327 πνητέον
2472 1253 2560 1308 διὰ
2585 1252 2766 1322 πάσης
2790 1249 2892 1319 τῆς
2916 1247 3010 1302 τοῦ
3037 1246 3232 1316 θνητοῦ
3263 1243 3378 1315 βίου
3408 1238 3619 1302 νυκτὸς,
3649 1239 3801 1300 ὅπως

2226 1347 2411 1402 ἄσυλοι
2437 1345 2806 1417 διαμένωμεν,
2842 1342 2916 1413 μὴ
2947 1339 3141 1402 ὲῶντες
3168 1335 3480 1408 διορυγῆναι
3499 1330 3654 1402 ἡμῶν
3672 1329 3802 1391 τοὺς

2224 1439 2325 1511 τῆς
2354 1437 2531 1508 ψυχῆς
2565 1433 2871 1506 θησαυρούς
2899 1449 2912 1462 ·
2943 1429 3084 1484 οὕτω
3105 1429 3214 1500 γὰρ
3246 1427 3396 1480 ἔσται
3427 1425 3557 1494 ἡμῖν
3591 1417 3647 1474 εὖ
3677 1419 3802 1489 κατ’

555 1544 682 1612 quia
727 1540 969 1612 proprias
994 1553 1123 1609 opes
1158 1536 1277 1591 tuiti
1324 1511 1613 1600 fuerimus,
1641 1543 1755 1588 tum
1783 1533 1913 1602 quia
1949 1531 2128 1586 Domi-

2256 1530 2535 1602 ιμφότερα,
2587 1529 2671 1580 ὅτι
2732 1543 2792 1578 τε
2855 1522 2998 1578 σώαν
3059 1519 3399 1591 ὲφυλὰξαμεν
3451 1517 3549 1585 τὴν
3598 1511 3804 1566 ἑαυτῶν

561 1652 686 1689 num
743 1643 1019 1698 nostrum,
1063 1621 1437 1686 cum‘venerit
1481 1636 1537 1683 et
1587 1626 1885 1697 pulsaverit
1935 1625 2130 1679 animm

2256 1621 2483 1692 ιπαρξιν,
2526 1622 2620 1674 κα)⁸
2665 1620 2747 1672 ὅτι
2785 1618 2876 1670 τὸν
2914 1615 3116 1686 Κύριον
3165 1611 3319 1682 ήμῶν
3366 1608 3659 1662 ἐπιστάντα
3709 1605 3808 1658 καὶ

563 1735 763 1780 nostra;
792 1727 952 1788 fores,
980 1695 1226 1794 prompte
1250 1695 1603 1788 excipiemus,
1631 1717 1849 1788 copiosa
1880 1714 2126 1785 lampade

2256 1713 2539 1785 ιρούσαντα
2570 1711 2668 1780 τῆς
2695 1709 2872 1778 ψυχῆς
2898 1706 3053 1777 ήμῶν
3082 1702 3179 1774 τὴν
3215 1701 3402 1772 θύραν,
3441 1698 3666 1767 ἑτοίμως
3703 1695 3812 1748 ὐπ-

563 1819 838 1882 instrncti,
864 1817 1185 1885 lumbosque
1213 1813 1496 1868 succincti.
1993 1784 2006 1785 γ

2256 1801 2564 1874 δεξάμεθα,
2607 1800 2787 1870 πολλῷ
2840 1797 2916 1869 τῷ
2956 1798 3093 1868 φωτί⁵
3145 1790 3678 1866 παρεσκευασμένοι,
3709 1786 3814 1841 καὶ

2233 1896 2332 1956 τὰς
2357 1893 2562 1961 ὀσφύας
2591 1889 2911 1960 έζωσμένοι.
3801 1938 3804 1941 ,

2234 1981 2380 2040 Εἷπε
2413 1984 2465 2037 δ’
2496 1987 2527 2036 ό
2562 1985 2800 2050 Κύριος·
2859 1979 2949 2044 Τίς
2980 1979 3094 2050 ᾇρα
3123 1977 3293 2050 ἐστὶν
3335 1978 3367 2028 ό
3399 1973 3611 2038 πιστὸς
3662 1973 3817 2025 obto-

2295 2101 2298 2104 .
2644 2048 2654 2050 ἡ
2690 2053 2873 2120 νόμος
2905 2049 3006 2102 καὶ
3035 2048 3356 2116 φρόνιμοςς

2311 2144 2455 2216 Πρὸς
2486 2143 2585 2214 τὴν
2613 2139 2879 2210 ἐρώτησιν
2912 2137 3115 2207 Πέτρου
3156 2133 3506 2204 ἀποκρίνεται
3550 2130 3821 2184 διδάσκων

2241 2233 2508 2304 ἀορίστως
2541 2231 2675 2302 πρὸς
2703 2229 2881 2283 πάντα
2932 2225 3182 2298 εἰρῆσθαι
3225 2223 3295 2277 τὰ
3317 2222 3635 2292 λελεγμένα.
3676 2219 3823 2274 Ἀλλ’

2237 2328 2423 2380 ἐκεῖνα
2459 2325 2555 2396 μὲν
2588 2324 2800 2394 εἴρηται
2822 2319 2951 2392 περὶ
2991 2317 3086 2370 τοῦ
3117 2316 3208 2370 διὰ
3243 2315 3437 2378 παντὸς
3463 2311 3824 2385 ἐγρηγορέναι

2239 2419 2423 2473 ἕνεκεν
2454 2417 2553 2488 τῆς
2578 2415 2670 2469 τοῦ
2695 2413 2922 2469 κλέπτου
2962 2408 3206 2480 φυλακῆς
3232 2408 3324 2461 καὶ
3358 2407 3455 2477 τῆς
3490 2404 3650 2460 αύτοῦ
3678 2418 3827 2472 παρ-

2241 2511 2422 2575 ουσίας
2441 2528 2454 2541 ο
2483 2510 2534 2562 τί
2567 2509 2624 2562 δὲ
2649 2506 2752 2579 χρὴ
2779 2505 3036 2576 πράττειν
3069 2498 3492 2573 γρηγοροῦντας,
3525 2495 3618 2549 νῦν
3647 2497 3826 2562 ἀναγρ

2249 2602 2418 2665 καίως
2473 2597 2814 2671 προστίθησι,
2863 2591 3140 2666 παραινῶν
3190 2591 3265 2662 μὴ
3304 2589 3365 2640 τὸ
3405 2587 3610 2642 ἑαυτῶν
3661 2585 3828 2656 μόνον

2249 2693 2495 2751 σκοπεῖν,
2521 2687 2656 2742 ἀλλὰ
2688 2686 2780 2740 καὶ
2805 2687 2901 2755 τῆς
2946 2684 3146 2754 ἐτέρων
3198 2678 3468 2750 σωτηρίας
3497 2675 3826 2748 φροντίζειν.

2247 2783 2321 2838 Τὸ
2377 2783 2474 2852 μὲν
2521 2781 2630 2850 γὰρ
2661 2775 2965 2841 ἁνεζῶσθαι
2995 2774 3093 2836 τὰς
3143 2771 3366 2840 ὀσφύας,
3398 2769 3492 2822 καὶ
3514 2768 3605 2821 τὸν
3635 2766 3833 2836 λύχνον

578 2908 770 2954 mare,
821 2887 1096 2958 propriam
1142 2859 1427 2949 cujusque
1492 2877 1778 2931 utilitatem
1856 2873 2144 2943 significat.

2256 2873 2504 2946 Ξινῆφθαι,
2538 2866 2636 2942 τὴν
2669 2869 2832 2923 αὐτοῦ
2872 2883 3016 2930 τινος
3063 2865 3142 2928 είς
3178 2864 3368 2916 ἑαυτὸν
3406 2861 3668 2932 ὠφέλειαν
3704 2859 3834 2930 ἐδή-

579 2981 830 3039 δοίοηιὶκ
873 2951 1016 3034 enim
1046 2974 1336 3030 luminibus
1361 2977 1575 3040 oportet
1604 2981 1818 3037 semper
1850 2965 2142 3028 illustrari;

2256 2966 2340 3020 λου
2361 2984 2374 2997 ·
2418 2962 2670 3033 γνώσεώς
2703 2979 2760 3015 τε
2810 2960 2918 3032 γὰρ
2951 2959 3088 3028 φωτὶ
3129 2955 3218 3010 διὰ
3265 2955 3459 3017 παντὸς
3490 2951 3836 3020 καταυγάζεο

580 3085 695 3128 tum
723 3075 886 3129 etiam
915 3068 1170 3141 pudicitia
1194 3063 1448 3132 omnique
1471 3061 1670 3115 virtute
1706 3058 1916 3113 lumbos
1948 3054 2148 3112 mentis

2256 3059 2375 3113 σθαι
2407 3059 2722 3125 ἀναγκαῖον,
2760 3050 3080 3124 σωφροσύνῃ
3114 3065 3173 3101 τε
3206 3047 3300 3101 καὶ
3345 3047 3492 3117 πάσῃ
3536 3047 3704 3117 ἀρετῇ
3733 3043 3834 3096 τοῦ

585 3164 951 3238 praecingere;
1006 3162 1240 3228 itemque
1288 3163 1551 3226 perpetuo
1599 3151 1823 3222 vigilare
1873 3149 2152 3218 furemque

2257 3147 2517 3220 λογισμοῦ
2547 3148 2644 3219 τὴν
2667 3145 2836 3213 ὀσφὺν
2868 3139 3252 3214 περιεζῶσθαι,
3283 3137 3636 3210 ἐγρηγορέναι
3660 3153 3719 3188 τε
3739 3135 3836 3188 διὰ

583 3271 794 3320 cavere,
836 3271 904 3309 ne
941 3251 1081 3307 clam
1111 3246 1328 3304 effodiat
1361 3241 1556 3300 mentis
1588 3243 1862 3307 aerarium,
1902 3251 1958 3295 et
2001 3254 2152 3294 acer-

2256 3239 2454 3304 παντδς
2474 3239 2565 3292 καὶ
2595 3235 2684 3290 τὸν
2717 3235 2955 3303 κλέπτην
2977 3229 3374 3299 διαφυλάττειν,
3413 3227 3486 3300 μὴ
3533 3225 3708 3283 λαθὼν
3747 3226 3833 3278 δι-

588 3361 736 3404 ratas
779 3346 853 3402 ibi
899 3360 1031 3414 opes
1072 3340 1331 3411 diripiat:
1364 3346 1623 3409 praeterea
1671 3335 1960 3388 Dominum
2005 3330 2152 3386 omni

2256 3330 2471 3406 ορύξειε
2501 3332 2562 3385 τὸ
2587 3331 2687 3400 τῆς
2711 3329 2888 3398 ψυχῆς
2916 3330 3156 3398 ταμεῖον,
3195 3320 3549 3395 ἀποσυλήσειὲ
3574 3338 3632 3374 τε
3675 3320 3744 3373 τὰ
3775 3321 3841 3372 ἐν

586 3443 709 3496 vitze
759 3412 1000 3506 tempore
1048 3430 1374 3505 praestolari.
1429 3426 1537 3482 Sed
1588 3425 1836 3479 illatenus
1897 3434 2004 3475 non
2075 3427 2152 3474 est

2256 3423 2404 3494 αὐτῷ
2431 3421 2769 3492 συνηγμένα·
2802 3420 2879 3472 ἔτι
2911 3435 2975 3487 γε
3005 3419 3103 3489 μὲν
3149 3418 3242 3471 καὶ
3269 3417 3360 3469 τὸν
3404 3413 3593 3469 ἑαυτοῦ
3631 3412 3844 3484 Κύριον

587 3529 987 3590 subsistendum
1017 3545 1030 3580 :
1069 3541 1192 3580 nam
1222 3537 1320 3577 ceu
1371 3521 1565 3591 pignus
1600 3515 1892 3584 quoddam,
1937 3525 2152 3567 conser-

2260 3519 2438 3572 πάντα
2475 3512 2566 3568 τὸν
2605 3515 2704 3584 τῆς
2750 3511 2896 3582 ζωῆς
2938 3510 3126 3582 χρόνον
3176 3508 3509 3579 ἐκδέχεσθαι.
3552 3503 3708 3559 Ἀλλὰ
3759 3504 3843 3574 μὴ

611 2001 697 2054 Ait
733 1997 1024 2053 Dominus:
1057 1991 1445 2118 Ωιιὶωιιιιᾶιωει9
1464 1988 1634 2058 ﬁdelis
1681 1987 1887 2042 villicus
1925 1995 1974 2041 et
2008 2000 2134 2056 pru-

634 2160 797 2216 Pctro
831 2157 1040 2229 roganti
1072 2156 1154 2211 sic
1195 2152 1507 2223 respondet,
1539 2159 1600 2206 ut
1633 2150 1830 2205 doceat
1875 2161 1935 2202 se
1981 2146 2136 2201 inde-

570 2253 716 2308 finite
762 2251 1038 2305 universos
1070 2247 1358 2301 allocutum
1392 2241 1578 2298 fuisse.
1627 2239 2010 2296 Verumtamen
2041 2253 2134 2291 su-

570 2345 779 2414 periora
808 2340 894 2396 illa
923 2340 1065 2395 dicta
1097 2337 1334 2401 fuerunt,
1361 2344 1418 2388 ut
1446 2341 1760 2389 constanter
1785 2330 2134 2401 vigilaremus

570 2445 788 2504 propter
839 2429 1009 2485 furem
1057 2426 1354 2484 cavendum
1399 2434 1456 2479 et
1503 2433 1722 2493 propter
1772 2420 1985 2476 Domini
2032 2419 2132 2474 ad-

569 2533 808 2580 ventum.
837 2520 1007 2584 Nunc,
1034 2533 1153 2589 qua:
1186 2517 1300 2572 ﬁeri
1333 2516 1473 2570 inter
1512 2513 1838 2581 vigilandum
1867 2517 2138 2579 oporteat,

571 2613 878 2672 necessario
924 2611 1113 2676 addit;
1164 2623 1355 2676 nempe
1401 2607 1648 2660 hortatur
1692 2611 1751 2656 ut
1786 2616 1853 2655 ne
1898 2611 2140 2654 nostram

574 2705 968 2768 tantummodo,
997 2715 1184 2756 verum
1228 2698 1390 2754 etiam
1433 2695 1664 2750 alienam
1704 2707 1958 2749 curemus
1999 2689 2146 2744 salu-

572 2811 705 2856 tem.
735 2797 866 2853 Nam
898 2794 1110 2850 lumbos
1141 2790 1464 2861 praecingere
1499 2795 1554 2840 et
1597 2783 1894 2854 lampadem
1939 2778 2146 2836 inflam-

591 3641 778 3684 vorum
813 3636 1000 3678 curam
1049 3634 1078 3672 a
1128 3615 1355 3670 Domino
1401 3615 1590 3665 nosuo
1631 3607 1975 3675 accipientes,
2020 3616 2157 3672 pras-

591 3731 738 3776 stare
773 3715 930 3770 fidem
958 3717 1186 3780 oportet,
1211 3715 1265 3760 et
1301 3705 1382 3758 sic
1414 3700 1600 3757 ﬁdeles
1622 3714 1688 3753 ac
1717 3699 2009 3767 prudentes
2035 3709 2163 3750 eva-

2269 3609 2430 3680 μέχρι
2464 3603 2668 3659 τούτων
2701 3603 2920 3657 ἑστάναι
2941 3621 2954 3634 ·
2989 3600 3317 3673 παραθήκην
3347 3599 3392 3652 δ’
3432 3598 3618 3670 ῶσπερ
3648 3594 3844 3649 ὑποδεο

2262 3699 2528 3770 ξαμένους
2563 3694 2716 3768 παρὰ
2745 3690 2839 3747 τοῦ
2875 3692 3082 3747 ἑαυτῶν
3114 3691 3385 3744 Δεσπότου
3433 3688 3531 3760 τὴν
3575 3687 3682 3741 τῶν
3717 3703 3846 3740 suv-

589 3814 758 3876 dere;
803 3825 872 3862 ne
921 3787 1158 3873 unquam
1203 3798 1596 3867 intempestive,
1645 3794 1740 3848 sed
1782 3791 1975 3846 idoneo
2023 3798 2152 3842 tem-

2261 3789 2462 3844 δούλων
2491 3787 2646 3860 ήμῶν
2673 3782 3017 3856 κηδεμονίαν,
3045 3783 3332 3852 φυλάττειν
3360 3781 3457 3852 τήν
3477 3779 3654 3833 πίστιν
3673 3794 3846 3849 προσ-

593 3924 762 3979 pore,
811 3885 1091 3960 conservis
1143 3897 1342 3954 nostris
1410 3891 1721 3946 alimoniam
1775 3885 2160 3957 praebeamus:

597 4014 772 4069 neque
807 4001 945 4053 hanc
975 3994 1309 4061 negligenter
1331 3998 1423 4044 aut
1451 4001 1594 4050 sero,
1628 3995 1750 4037 cum
1786 3993 1872 4032 res
1899 3971 2162 4044 postulat;

603 4108 778 4163 neque
815 4104 1002 4145 rursus
1048 4084 1336 4155 immodice
1381 4081 1468 4136 ubi
1517 4092 1622 4131 non
1669 4080 1753 4127 est
1785 4083 1941 4138 opus.
1986 4063 2080 4119 sed
2113 4069 2168 4116 et

597 4152 706 4241 suci
727 4192 969 4250 tempore
993 4187 1049 4231 et
1083 4192 1185 4230 non
1216 4152 1333 4228 sine
1363 4165 1599 4224 modulo.
1628 4161 1686 4217 id
1719 4173 1849 4214 vero
1881 4152 2170 4222 dupliciter

599 4243 904 4333 faciendum
938 4277 1047 4333 est,
1095 4279 1288 4327 nempe
1330 4271 1386 4316 et
1427 4253 1678 4312 rationali
1717 4248 2012 4320 juvamine,
2042 4243 2170 4297 dum

600 4383 788 4424 eorum
832 4363 1044 4417 animas
1083 4355 1346 4414 doctrina:
1392 4348 1585 4421 pabulo
1613 4343 1866 4400 meliores
1907 4336 2169 4398 facimus;

599 4471 658 4516 et
714 4454 974 4512 materiali
1023 4451 1185 4507 etiam
1227 4460 1363 4514 ope,
1405 4456 1533 4509 erga
1599 4452 1693 4493 eos
1757 4433 1848 4502 qui
1910 4425 2170 4495 ejusmodi

601 4550 842 4610 subsidio
877 4551 1058 4617 egent.
1107 4545 1286 4608 Atque
1334 4536 1470 4598 baac,
1504 4533 1748 4598 inquam,
1776 4523 1956 4579 omnia
2003 4518 2174 4575 conti-

602 4655 794 4704 nenter
837 4616 1074 4697 curanda
1107 4639 1268 4697 sunt,
1311 4638 1373 4682 ut
1411 4623 1458 4679 si
1507 4621 1648 4676 forte
1693 4616 1952 4672 Dominus
1992 4619 2176 4666 noster

603 4742 783 4797 subito
827 4737 1126 4791 adventans
1171 4723 1476 4792 demigrare
1519 4727 1702 4771 secum
1736 4724 1836 4764 nos
1879 4707 2084 4778 jubeat,
2120 4702 2172 4756 in

606 4887 753 4977 recte
781 4919 958 4990 agenti
989 4915 1188 4969 tribuat
1219 4908 1397 4978 priore
1429 4900 1595 4957 multo
1629 4895 1908 4964 majorem.
1935 4887 2179 4956 Namque

606 5017 678 5069 ob
700 4979 912 5082 vigilias
938 5009 1128 5076 suique
1157 5003 1418 5057 adventus
1442 4987 1895 5060 exspectationem
1925 4979 2172 5050 spondet,

609 5107 719 5162 illis
746 5076 1228 5160 discumbentibus,
1253 5091 1588 5147 succinctum
1618 5095 1677 5136 se
1707 5076 2171 5132 ministraturnm:

609 5203 683 5256 ob
711 5196 918 5254 ﬁdelem
952 5207 1078 5246 vero
1107 5203 1171 5242 ac
1202 5183 1520 5257 prodeuntem
1555 5168 1933 5228 villicationem
1976 5172 2178 5229 tempe-

610 5254 921 5358 stivamque
967 5254 1218 5338 demensi—
1237 5269 1698 5331 distributionem,
1743 5259 1867 5331 quia
1900 5254 2013 5310 vult
2052 5254 2181 5307 bea-

617 5347 855 5440 tissimos
890 5377 1191 5438 declarare,
1221 5383 1324 5424 non
1356 5363 1515 5421 alicui
1547 5359 1684 5431 parti
1712 5355 1804 5409 sed
1840 5347 2186 5406 facultatibus

616 5466 883 5524 universis
911 5480 970 5521 se
1008 5461 1386 5532 praefecturum
1418 5451 1635 5508 felicem
1676 5445 1825 5499 illum
1849 5445 2187 5495 sacramento

614 5591 662 5623 "
703 5589 860 5643 Prov.
892 5600 964 5651 tv,
990 5583 1084 5638 25.
1159 5581 1175 5612 ¹
1216 5579 1343 5633 Car.
1374 5590 1474 5636 xu,
1504 5571 1594 5626 4‘2.

692 5684 804 5753 (60)
841 5679 1112 5753 Notabilis
1146 5673 1386 5729 doctrina
1429 5666 1674 5753 Epsebii,
1704 5657 2189 5753 antiquissi‘mirau:

835 5727 1428 5819 de'aii-ge'lorumicrga
1477 5727 1720 5793 beauties
1756 5727 1908 5789 cura.
1952 5727 2200 5784 Profecto

155 5961 1086 6286 .’\

2265 3885 2411 3955 ήκει,
2455 3879 2597 3934 οὕτω
2639 3895 2700 3931 τε
2741 3877 2966 3941 πιστοὺς
3015 3875 3393 3944 γενέσθαικαὶ
3449 3870 3736 3944 φρονίμους
3765 3869 3848 3933 ὡς

2270 3978 2480 4048 μήποτε
2513 3972 2778 4042 ἀκαίρως,
2801 3971 2887 4022 ἀεὶ
2907 3969 2964 4023 δὲ
2993 3969 3071 4040 τῷ
3124 3968 3452 4040 προσήκοντι
3509 3962 3704 4033 καιρῷ,
3731 3965 3850 4024 τοῖς

2269 4066 2555 4138 ἡμετέροις
2583 4061 2884 4124 συνδούλοις
2929 4061 2990 4114 τὸ
3023 4061 3327 4132 σιτηρέσιον
3382 4053 3672 4125 διανέμειν,
3708 4055 3850 4124 μήτε

2268 4154 2626 4228 παρορῶντας
2670 4152 2764 4206 καὶ
2813 4151 3286 4222 ὑπερτιθεμένους,
3319 4148 3408 4200 ὅτε
3455 4146 3555 4209 δεῖ,
3600 4144 3725 4216 μήτ’
3782 4143 3848 4196 οὐ

2271 4248 2542 4320 δεομένοις
2570 4245 2903 4316 παρέχοντας
2934 4241 3198 4312 ἀκαίρως,
3227 4237 3365 4292 ἀλλὰ
3411 4237 3503 4290 καὶ
3550 4233 3725 4306 καιρῷ
3764 4233 3851 4303 τῷ

2273 4341 2626 4410 προσήκοντι,
2664 4337 2758 4389 καὶ
2785 4334 2858 4406 μὴ
2885 4333 3137 4404 ἀμέτρως
3159 4330 3316 4384 τοῦτο
3345 4331 3547 4383 ποιεῖν’
3593 4326 3744 4380 τοῦτο
3786 4325 3853 4379 δὲ

2277 4430 2533 4502 πράττειν
2560 4426 2700 4479 κατὰ
2729 4424 2822 4478 δύο
2849 4422 3101 4495 τρόπους,
3131 4421 3219 4474 διά
3251 4436 3310 4472 τε
3351 4418 3449 4489 τῆς
3485 4414 3855 4486 λογικωτέρας

2278 4521 2544 4591 ὠφελείας
2571 4519 2666 4581 τὰς
2690 4514 2867 4587 ψυχὰς
2893 4513 3072 4568 αὐτῶν
3093 4510 3430 4584 βελτιοῦντας
3461 4511 3579 4573 ταῖς
3616 4508 3704 4562 διὰ
3739 4505 3856 4559 τῶν

2289 4611 2626 4684 μαθημάτων
2650 4609 2896 4680 τροφαῖς,
2922 4603 3009 4658 διά
3041 4621 3101 4657 τε
3125 4603 3224 4672 τῆς
3243 4602 3348 4655 τῶν
3379 4598 3648 4670 αἰσθητῶν
3685 4597 3861 4668 ὑπαρ-

2281 4681 2484 4772 ξόντων
2514 4697 2649 4768 πρὸς
2677 4697 2802 4759 τοὺς
2833 4692 3029 4754 ἐνδεεῖς
3069 4688 3414 4759 ἐπικουρίας
3448 4684 3619 4740 ταῦτα
3659 4683 3718 4736 δὲ
3763 4681 3861 4734 διὰ

2283 4791 2480 4852 παντὸς
2511 4788 2773 4857 ἐνεργεῖν,
2809 4784 2917 4846 ἵνα,
2948 4781 3148 4835 εἴποτε
3183 4778 3392 4849 ἀθρόως
3419 4772 3642 4836 ἐπιστὰς
3681 4772 3711 4824 ὁ
3742 4772 3864 4824 Κύ-

2289 4901 2401 4955 ριος
2427 4880 2580 4953 ήμῶν
2607 4879 2704 4950 τὴν
2730 4874 3042 4948 παράληψιν
3071 4871 3225 4942 ήμῶν
3244 4871 3464 4930 ποιοῖτο,
3488 4866 3665 4936 εὑρεῖν
3683 4862 3863 4915 ταῦτα

2283 4973 2616 5043 πράττοντας
2651 4969 2818 5038 ἡμᾶς,
2847 4963 3173 5032 ἐπαγγελίαν
3198 4976 3255 5012 τε
3282 4957 3358 5029 τῷ
3383 4957 3476 5012 καὶ
3505 4953 3676 5009 ταῦτα
3710 4969 3852 5006 κατ-

2282 5042 2526 5132 ορθοῦντι
2566 5057 2660 5111 τοῦ
2707 5056 2969 5129 προτέρου
3008 5049 3436 5106 πολλαπλασίονα
3466 5045 3696 5099 δίδωσιν.
3739 5042 3874 5098 Ἐπὶ

2290 5157 2387 5225 μὲν
2419 5154 2527 5223 γὰρ
2549 5150 2625 5221 τῷ
2661 5146 3042 5220 ἐγρηγορέναι,
3091 5145 3184 5197 καὶ
3209 5141 3305 5212 τὴν
3337 5137 3500 5194 αὑτοῦ
3537 5135 3627 5190 διὰ
3661 5138 3872 5202 παντὸς

2291 5245 2606 5316 περιμένειν
2666 5237 2989 5312 παρουσίαν,
3042 5233 3345 5289 ἀνακλίνειν
3395 5231 3735 5299 ἐπήγγελται
3772 5233 3875 5284 καὶ

2290 5337 2605 5406 διακονῆσαι
2641 5332 2801 5395 αὐτὸς
2825 5327 3266 5401 περιζωσάμενος
3290 5341 3304 5353 ·
3349 5323 3442 5376 ἐπὶ
3480 5320 3541 5378 δὲ
3588 5325 3654 5395 τῇ
3698 5325 3873 5394 πιστῇ

2294 5433 2387 5486 καὶ
2413 5431 2639 5500 ἔμφρονι
2663 5421 2942 5494 οἰκονομίᾳ
2963 5421 3053 5474 καὶ
3069 5422 3132 5490 τῇ
3168 5415 3306 5471 κατὰ
3336 5413 3528 5488 καιρὸν
3554 5414 3878 5486 διανεμήσει

2301 5650 2495 5719 ubique
2526 5643 2823 5719 cernimus;
2849 5636 3101 5719 Ecclesia:
3145 5631 3420 5714 hodierna
3461 5630 3740 5691 catholica
3784 5627 3862 5684 do

2308 5707 2540 5776 ctri'natn
2568 5713 2758 5788 priscis
2790 5709 3040 5768 Patribus
3068 5707 3329 5763 innixam.
