4170 6406
362 375 478 436 585

1525 366 1720 424 COMM
1729 362 2032 427 ENTARIA
2065 361 2134 418 ΙΝ
2173 359 2430 417 ιυιιΑιι.

3497 341 3604 402 566

359 495 464 565 τῆς
488 491 716 564 τροφῆς,
749 489 1180 563 τρισμακαρίους
1210 487 1424 560 ἀληθῶς
1450 486 1788 556 ἀποφαίνων,
1843 486 1944 540 οὐκ

2047 483 2351 538 contlrmat.
2405 478 2538 532 Hinc
2585 476 2748 531 etiam
2797 471 3044 527 eruditus
3090 467 3249 538 divus
3289 460 3601 532 Apostolus,

362 585 457 638 έπί
483 601 535 638 τι
570 584 753 656 μέρος,
777 583 889 638 ἀλλ’
923 583 1016 635 ἐπὶ
1041 581 1258 635 πάντων
1289 580 1398 633 τῶν
1449 579 1802 652 ὑπαρχόντων
1833 594 1935 630 κα-

359 677 656 747 ταστήσειν
687 675 780 728 τὸν
823 672 1260 747 μακαριζόμενον
1306 671 1443 743 μεσά
1484 670 1801 743 προσθήκης
1841 667 1936 723 τοῦ

359 767 510 838 ἀμὴν
567 766 922 820 ἐπιστώσατο.
956 765 1147 820 Ἔνθεν
1201 765 1296 820 καὶ
1341 766 1372 822 ὀ
1426 764 1568 837 ἱερὸς
1609 760 1936 824 Ἀπόστολος

358 858 731 929 ὠφελημένος,
771 861 896 922 τοὺς
926 858 1067 912 κατά
1097 858 1231 911 Θεὸν
1253 857 1487 920 τελείους
1520 855 1936 922 κληρονόμους

363 951 515 1006 Θεοῦ
541 951 638 1006 καί
670 951 1194 1021 ⁶ηδτ-κληρονόμιους
1221 948 1475 1018 Χριστοῦ
1493 947 1694 1009 ἐκάλει,
1713 945 1805 1000 καὶ
1821 943 1938 997 ἔλε-

2040 572 2310 644 perfcctos
2336 568 2633 625 secundum
2674 565 2864 628 Deum,
2895 560 3126 616 hwredes
3160 556 3277 620 Dei,
3311 553 3606 621 Christique

2037 663 2361 725 cohwredes,
2413 660 2644 715 vocabat
2668 661 2726 724 ί,
2771 655 3060 722 aiebatque
3100 667 3116 706 :
3150 648 3268 714 Sive
3308 648 3411 708 vita
3434 684 3450 710 ,
3498 645 3606 700 sive

2040 772 2209 820 more,
2255 755 2364 808 sive
2414 749 2728 820 prwsentia,
2772 746 2876 800 sive
2927 744 3142 813 futura,
3187 737 3372 793 omnia
3421 742 3606 789 nostra

2039 861 2162 902 esse
2196 845 2236 899 ³.
2295 842 2439 913 Opes
2487 852 2665 896 autem
2712 837 2857 893 illius
2905 831 3246 904 intelligenda
3281 835 3406 884 sunt
3457 821 3604 894 regni

2037 938 2199 1003 bona,
2230 947 2350 1006 qua:
2375 932 2568 988 oculus
2598 946 2704 984 non
2734 927 2890 982 vidit.

360 1061 478 1113 γεν·
506 1045 642 1098 Elte
679 1007 812 1111 (cuii,
844 1007 964 1096 εἴτε
1009 1007 1280 1107 θάνατος,
1322 1039 1428 1096 εἴτ’
1458 1007 1775 1101 ἐνεστῶτα,
1823 1035 1942 1088 εἴτε
1987 1029 2313 1102 μέλλοντα,
2385 1023 2565 1078 πάντα
2609 1020 2766 1093 ἡμῶν
2832 1013 2991 1080 εἶναι.
3038 1014 3377 1085 ’Υπάρχοντα
3418 1010 3463 1068 δ’
3511 1007 3606 1064 αῦ-

361 1135 459 1190 τοῦ
490 1149 560 1190 τα
596 1138 654 1190 ὲν
708 1138 775 1207 τῇ
821 1134 1068 1206 βασιλείᾳ
1108 1135 1326 1205 νοητέον
1372 1131 1571 1201 ἀγαθά,
1600 1131 1635 1185 ἃ
1659 1128 1932 1200 ὀφθαλμὸς
1958 1125 2058 1179 οὐκ
2086 1119 2244 1175 εἶδεν.

555 1233 688 1285 Ἐὰν
719 1231 771 1284 δ’
797 1231 938 1299 εἴπῃ
960 1234 993 1285 d
1019 1231 1238 1297 δοῦλος
1261 1229 1511 1295 ἐκεῖνος,
1547 1247 1600 1282 κ.
1625 1245 1675 1280 τ.
1711 1227 1760 1280 λ.

449 1323 513 1376 ’0
543 1322 638 1393 μὲν
668 1323 855 1385 πιστὸς
885 1322 981 1376 καὶ
1014 1323 1276 1394 φρόνιμος
1299 1320 1555 1374 τοιούτων
1578 1318 1853 1383 τεύξεται·
1907 1317 1936 1369 ὁ

364 1417 413 1471 δ’
459 1416 697 1478 ἐναντίος
728 1415 901 1486 τούτῳ
925 1413 1097 1484 ὀργῆς
1129 1414 1396 1467 Δεσπότου
1429 1411 1833 1484 πειραθήσεται,
1861 1409 1936 1462 δι-

366 1505 690 1578 χοτομηθεὶς
720 1506 812 1559 καὶ
834 1504 1270 1575 ἀποτεμνόμενος
1297 1504 1388 1556 τοῦ
1418 1501 1665 1573 σώματος
1679 1501 1786 1554 τῶν
1807 1501 1938 1568 ἀγα-

368 1596 478 1653 θῶν
509 1596 730 1662 δούλων,
764 1597 964 1667 κλῆρόν
1011 1613 1070 1649 τε
1115 1598 1209 1651 καὶ
1249 1595 1440 1668 μερίδα
1477 1595 1764 1667 λαμϐάνων
1797 1592 1936 1665 μετά

367 1683 481 1737 τῶν
513 1683 820 1754 ὑποκριτῶν
852 1684 884 1754 ἢ
913 1683 1022 1740 τῶν
1053 1683 1326 1740 ἀπίστωνο
1361 1677 1436 1738 ὧν
1489 1685 1551 1737 τὸ
1593 1684 1745 1747 τέλος
1771 1683 1936 1736 κλαυ-

2365 1213 2518 1279 Quod
2545 1210 2591 1264 si
2625 1205 2816 1261 dixerit
2851 1219 3024 1266 servus
3067 1200 3180 1265 ille,
3204 1209 3310 1260 etc.

2106 1307 2304 1364 Fidelis
2339 1303 2555 1374 quidem
2597 1307 2652 1355 et
2686 1295 2922 1369 prudens
2967 1293 3082 1348 haec
3126 1293 3263 1355 bona
3305 1304 3600 1360 conseque-

2037 1413 2164 1455 tur:
2207 1399 2332 1454 huic
2375 1391 2654 1450 dissimilis
2697 1390 2834 1446 iram
2870 1385 3082 1443 Domini
3131 1384 3472 1454 experietur;
3515 1383 3598 1436 di-

2035 1492 2249 1545 videtur
2289 1485 2516 1550 scilicet,
2567 1498 2629 1537 ac
2664 1478 3007 1550 separabitur
3037 1491 3065 1528 a
3102 1475 3364 1530 bonorum
3417 1487 3604 1528 servo-

2042 1598 2158 1637 rum
2188 1591 2433 1648 corpore,
2460 1584 2788 1647 _sortemque
2825 1586 2978 1625 suam
3022 1577 3077 1624 et
3105 1576 3311 1637 partem
3342 1580 3464 1620 cum
3502 1564 3606 1632 hy-

2041 1672 2263 1743 pocritis
2297 1670 2413 1725 sive
2453 1665 2760 1722 inﬁdelibus
2799 1661 3044 1731 recipiet,
3087 1673 3314 1729 quorum
3369 1655 3491 1711 linis
3522 1656 3603 1709 lu-

369 1773 507 1844 θμὺς
539 1772 632 1825 καὶ
658 1745 896 1842 θρυγμὸς
917 1771 1024 1825 τῶν
1055 1772 1299 1825 ὀδόντων.
1324 1773 1462 1826 Ὅσα
1492 1775 1599 1844 γάρ
1623 1745 1737 1836 τοῖς
1757 1771 1935 1825 ὀδοῦσι

2047 1773 2158 1819 ctus
2201 1772 2258 1817 et
2300 1760 2498 1816 stridor
2539 1757 2797 1811 dentium.
2857 1752 2990 1807 Nam
3047 1759 3306 1821 quantum
3360 1745 3608 1802 dentibus

369 1833 782 1934 κατήσθιεξκαί
929 1863 1328 1934 μεθυσκόμενος
1378 1833 1735 1936 ἐπλημμέλει,
1766 1863 1938 1918 ταῦτα

2047 1854 2314 1911 devoravit
2355 1862 2410 1907 et
2437 1851 2698 1912 ebrietate
2745 1845 3010 1914 peccavit,
3059 1842 3393 1904 tantumdem
3431 1838 3609 1908 plora-

367 1955 772 2008 ἁποκλαύσεται
794 1973 807 1985 ·
839 1955 995 2024 δίκην
1021 1956 1120 2026 τὴν
1151 1957 1531 2027 προσήκουσαν
1556 1955 1732 2020 διδοὺς
1760 1955 1859 2025 τῆς
1878 1972 1937 2008 τε

369 2048 512 2103 κατά
531 2047 646 2101 τῶν.
669 2047 966 2105 συνδούλων
991 2047 1353 2120 παρανομίας,
1376 2049 1470 2102 καὶ
1497 2047 1596 2116 τῆς
1641 2047 1939 2102 ἀκολάστου

369 2142 602 2211 τρυφῆς,
626 2139 1074 2211 καταφρονήσεως
1106 2157 1165 2192 τε
1193 2140 1291 2212 τῆς
1333 2142 1414 2204 είς
1453 2141 1543 2194 τὸν
1561 2140 1856 2212 Δεσπότην,
1883 2141 1941 2193 ὃν

371 2228 640 2300 ὡμολόγει,
673 2229 769 2299 μὲν
816 2229 890 2300 μὴ
917 2230 1153 2297 ἀγνοεῖν,
1191 2230 1284 2282 καὶ
1332 2229 1447 2300 ῇόει
1488 2230 1563 2294 ὡς
1604 2231 1710 2302 ἀρα
1740 2230 1942 2303 Κύριον

372 2320 508 2391 ἔχει,
535 2319 925 2374 ἀναϐάλλεσθαι
950 2320 1007 2373 δὲ
1040 2321 1199 2373 αὐτὸν
1233 2321 1334 2393 τὴν
1372 2321 1550 2391 κρίσιν
1590 2323 1670 2385 είς
1700 2324 1943 2393 μακροὺς

371 2414 597 2486 χρόνους
617 2413 1033 2486 ὑπολαμϐάνων,
1062 2415 1252 2468 ἑαυτὸν
1278 2417 1483 2486 ἠπάτα.

377 2505 503 2562 Τίνι
553 2503 817 2574 ὁμοιώσω
859 2503 987 2575 τὴνΔ
1013 2505 1343 2575 ,βασιλείαν
1391 2505 1497 2575 τοῦ
1544 2505 1726 2569 Θεοῦ;
1772 2506 1946 2575 ὁμοία

861 2573 994 2628 ἐστὶ
1020 2572 1190 2644 ζύμῃ,
1223 2592 1276 2628 κ.
1311 2592 1362 2628 τ.
1391 2573 1440 2629 λ.

443 2663 634 2736 Ζύμην
655 2665 753 2737 τὴν
779 2663 885 2718 ἀπὸ
914 2663 1008 2718 τοῦ
1038 2664 1238 2735 σπόρου
1274 2665 1810 2736 τελεσιουργηθεῖσαν
1831 2665 1946 2718 ’δύο

372 2775 540 2828 ναμιν
567 2759 596 2810 ὀ
620 2757 810 2828 Σωτὴρ
834 2757 1107 2826 ὀνομάζει,
1139 2758 1201 2810 τὸ
1230 2756 1454 2827 Πνεῦμα
1483 2757 1542 2810 τὸ
1574 2756 1728 2826 ἅγιον
1759 2756 1946 2810 τοῦτον

375 2847 721 2919 αἰνιξάμενος
748 2848 837 2901 τὸν
865 2849 1086 2919 τρόπον.
1130 2849 1190 2902 'O
1209 2849 1340 2918 γοῦν
1372 2847 1472 2918 τῆς
1515 2849 1764 2919 οὐρανίου
1795 2847 1947 2918 βασι-

373 2942 524 3004 λείας
548 2941 737 3008 Λόγος,
773 2939 909 3011 μετά
959 2941 1057 3011 τὴν
1103 2941 1326 3013 πρώτην
1377 2942 1436 2994 ὲν
1468 2941 1712 3012 οὐρανοῖς
1742 2941 1946 3013 σποράν

375 3032 654 3102 αὐξηθεὶς,
708 3033 801 3086 καὶ
863 3032 1074 3104 καρπὸν
1127 3033 1360 3097 ἀποδοὺς
1409 3033 1617 3103 ἐντελῆ,
1649 3034 1741 3086 τοῦ
1792 3033 1946 3101 ἀγίου

373 3121 692 3193 Πνεύματος
745 3122 844 3192 τὴν
881 3122 1235 3209 ὲπιχορηγίαν
1278 3127 1390 3186 τοῖς
1444 3123 1530 3176 διὰ
1574 3123 1680 3176 τῶν
1714 3122 1946 3194 πρώτων

375 3215 745 3285 ὠφελημένοις
797 3213 1046 3286 παρέχει,
1091 3215 1267 3286 ζύμης
1294 3215 1446 3285 δίκην
1487 3215 1714 3286 φύραμα
1746 3214 1947 3286 ζυμού-

377 3321 499 3376 σης.
533 3305 674 3376 Γυνὴ
706 3305 761 3358 δὲ
796 3305 1022 3376 ταύτην,
1053 3309 1086 3377 ἡ
1119 3307 1277 3376 σοφία
1302 3307 1394 3360 τοῦ
1423 3306 1577 3370 Θεοῦ,
1607 3309 1688 3370 είς
1717 3306 1944 3377 ἀλεύρου

379 3398 519 3453 βάτα
573 3396 697 3468 τρία
739 3396 1056 3467 ὲγκρύπτει.
1111 3399 1236 3462 Τοῖς
1264 3397 1394 3467 γοῦν
1440 3399 1822 3470 πορισαμένοις
1883 3400 1947 3452 ὲκ

378 3486 579 3557 πολλῆς
627 3486 941 3556 ἐπιμελείας
995 3487 1089 3540 καὶ
1131 3487 1231 3557 τῆς
1279 3486 1372 3539 τοῦ
1429 3488 1628 3559 σπόρου
1675 3487 1947 3557 γεωργίας

377 3578 610 3650 ἀλεύρου
641 3577 778 3632 σάτα
825 3577 971 3648 τρία,
1020 3577 1262 3648 δόγματα
1315 3577 1432 3636 θεῖα
1472 3578 1566 3630 καὶ
1602 3579 1800 3647 γνῶσιν
1849 3577 1946 3649 τὴν

382 3670 512 3741 περὶ
547 3669 759 3741 Πατρὸς
789 3669 881 3722 καὶ
912 3667 1038 3722 Υίοῦ
1065 3670 1159 3722 καὶ
1188 3668 1343 3736 ἁγίου
1381 3668 1714 3739 Πνεύματος,
1769 3669 1803 3740 ἡ
1849 3669 1944 3723 τοῦ

380 3761 516 3814 Θεοῦ
565 3761 726 3830 σοφία
764 3759 826 3813 τὸ
863 3761 1015 3828 ἆγιον
1070 3759 1296 3831 Πνεῦμα
1343 3763 1596 3830 χορηγεῖ·
1652 3761 1763 3830 ἡδ’
1811 3759 1948 3832 αὐτὴ

381 3853 504 3907 καθ’
553 3853 745 3924 ἑτέραν
773 3852 1010 3906 διάνοιαν
1039 3851 1216 3907 πάντα
1254 3851 1344 3905 τὸν
1380 3851 1472 3904 τοῦ
1505 3851 1637 3904 Θεοῦ
1667 3850 1947 3923 ἄνθρωπον

380 3947 447 4000 ἐκ
470 3946 714 4017 σώματος
739 3946 832 3998 καὶ
856 3943 1031 4016 ψυχῆς
1051 3945 1146 3998 καὶ
1177 3944 1483 4015 πνεύματος
1515 3944 1842 4010 συνεστῶτα,
1879 3947 1946 4016 τῇ

382 4039 640 4108 ἐπιχορηγ
653 4037 707 4108 ία
726 4038 824 4108 τῆς
841 4035 990 4100 θείας
1006 4035 1351 4108 ὲμπνεύσεως
1368 4036 1546 4107 ζυμοῖ,
1571 4035 1949 4106 ὲγκρύπτουσα

379 4129 482 4200 τὴν
505 4129 566 4193 ἐξ
591 4128 761 4198 αὐτῆς
799 4128 1063 4196 ὠφέλειαν
1093 4129 1172 4191 είς
1201 4127 1426 4199 ἀλεύρου
1461 4127 1596 4180 σάτα
1623 4127 1748 4199 τρία
1773 4127 1841 4181 τὰ
1866 4144 1951 4180 νε-

380 4219 643 4290 νοημένα,
669 4219 773 4284 ἕως
804 4212 864 4272 οὗ
893 4217 1115 4291 ζυμωθῇ
1140 4218 1278 4273 ὅλον.
1303 4218 1456 4273 Οῦτω
1493 4219 1620 4288 γοῦν
1652 4221 1716 4291 τῇ
1751 4221 1948 4292 μετοχῇ

381 4309 483 4380 τῆς
509 4309 759 4382 οὐρανίου
783 4307 960 4380 ζύμης
983 4309 1226 4380 ποιηθεὶς
1260 4310 1354 4362 καὶ
1385 4308 1674 4381 ζυμωθεὶς,
1705 4310 1950 4383 οὐράνιος

384 4401 484 4455 καὶ
510 4400 878 4471 πνευματικὸς
905 4400 1230 4472 χρηματίσει
1256 4399 1558 4471 ἄνθρωπος,
1588 4401 1684 4454 καὶ
1711 4401 1828 4454 νέον
1853 4399 1953 4470 φύ-

2037 1945 2146 2012 hit;
2177 1943 2350 2013 justas
2394 1942 2529 1996 dans
2587 1952 2773 2008 pinnas
2837 1929 3164 2004 iniquitatis
3193 1948 3303 1988 sua:
3347 1931 3608 1992 adversus

2037 2049 2356 2098 conservos,
2419 2028 2938 2098 iutemperantisque
3011 2026 3273 2088 luxuriat,
3322 2032 3377 2079 et
3429 2023 3602 2094 spreti

2039 2123 2274 2188 Domini,
2311 2136 2470 2192 quem
2514 2120 2613 2175 sibi
2667 2134 2772 2173 non
2823 2115 3151 2184 incognitum
3199 2112 3490 2168 fatebatur.
3530 2113 3599 2167 Et

2039 2229 2171 2269 sane
2228 2213 2391 2284 probe
2439 2219 2664 2267 noverat
2712 2224 2771 2264 se
2823 2207 3050 2262 Domino
3092 2221 3197 2259 non
3243 2219 3466 2269 carere,
3510 2208 3602 2272 sed

2039 2304 2163 2359 dum
2189 2303 2451 2374 judicium
2481 2302 2550 2354 ab
2581 2314 2647 2354 eo
2676 2295 2980 2353 diutissime
3013 2295 3239 2350 dilatum
3270 2294 3333 2349 iri
3366 2294 3607 2349 arbitra-

2043 2405 2152 2461 tur,
2182 2403 2356 2451 semet
2389 2394 2501 2464 ipse
2536 2390 2747 2446 fefellit.

2041 2489 2062 2519 ⁸
2091 2487 2188 2542 Cui
2215 2485 2389 2540 simile
2413 2484 2682 2539 wstimabo
2717 2495 2931 2550 regnum
2971 2477 3103 2531 Dei?
3143 2475 3330 2531 Simile
3375 2486 3449 2531 est
3499 2476 3610 2537 [er-

2664 2561 2860 2613 mento,
2886 2558 2992 2603 etc.

2112 2645 2385 2702 Fermenti
2440 2643 2660 2700 nomine
2734 2640 2965 2712 appellat
3021 2639 3278 2694 Servator
3333 2636 3618 2704 emicaceui

2045 2738 2268 2797 seminis
2325 2738 2467 2805 vim,
2519 2719 3082 2802 sanctum'Spiritum
3139 2733 3211 2792 ita
3277 2730 3618 2808 significans.

2045 2832 2209 2904 Igitur
2237 2828 2475 2888 cmleslis
2506 2827 2657 2900 regni
2688 2825 2918 2880 Verbum
2951 2833 3069 2894 post
3112 2824 3341 2893 primam
3377 2823 3431 2878 in
3458 2822 3613 2882 caelis

2046 2927 2312 2978 sationem
2360 2930 2601 2983 auctum,
2644 2917 2982 2995 fructumque
3022 2915 3314 2987 perfectum
3360 2917 3612 2983 reddens,

2049 3015 2220 3071 sancti
2257 3014 2490 3089 Spiritus
2523 3009 2981 3066 ministrationem
3019 3008 3084 3062 iis
3128 3008 3219 3078 qui
3250 3023 3278 3062 a
3312 3008 3503 3077 primis
3533 3007 3616 3061 in-

2048 3109 2396 3169 stitutoribus
2453 3105 2644 3160 imbuti
2695 3102 2913 3157 fuerunt
2961 3101 3195 3170 pnehet,
3244 3098 3494 3155 fermeuti
3532 3098 3618 3153 in-

2048 3213 2165 3256 star
2218 3215 2452 3256 massam
2529 3197 2927 3253 fermentantis.
2987 3194 3179 3249 Mulier
3251 3201 3465 3258 autem,
3519 3191 3615 3248 Dei

2048 3309 2238 3363 nempe
2270 3291 2558 3363 sapientia,
2601 3290 2654 3344 in
2706 3287 2897 3342 farinae
2930 3287 3062 3341 satis
3108 3285 3280 3340 tribus
3312 3283 3614 3338 abscondit.

2046 3386 2155 3442 lllis
2200 3388 2381 3455 itaque
2410 3384 2498 3453 qui
2533 3382 2700 3436 multa
2737 3395 2866 3434 cura
2913 3390 2969 3434 et
3000 3377 3224 3432 seminis
3253 3375 3462 3432 cultura
3497 3382 3614 3428 sata

2048 3477 2096 3530 t'a
2107 3479 2236 3532 rinze
2263 3479 2364 3531 tria
2391 3473 2710 3536 obtulerint,
2735 3472 2918 3526 divina
2944 3483 3140 3538 nempe
3157 3469 3400 3535 dogmata
3417 3465 3612 3529 Patris,

2046 3567 2168 3623 Filii
2198 3567 2478 3636 sanctique
2506 3563 2740 3634 Spiritus
2769 3561 3044 3626 notitiam,
3075 3558 3340 3630 sapientia
3375 3557 3464 3612 Dei
3501 3554 3618 3627 Spi-

2048 3660 2212 3714 rituui
2251 3669 2499 3716 sanctum
2547 3656 2855 3726 suppeditat
2892 3670 2908 3709 :
2952 3655 3268 3722 eademque,
3316 3650 3616 3707 secundum

2047 3751 2210 3806 alium
2255 3765 2505 3814 sensum,
2549 3747 2842 3818 quemlibet
2893 3746 2983 3801 Dei
3020 3745 3329 3811 hominem,
3365 3758 3615 3812 corpore,

2048 3843 2227 3898 anima
2266 3843 2566 3913 spirituque
2616 3847 2994 3902 constantem,
3037 3836 3216 3891 divina
3266 3833 3617 3904 inspiratione

2047 3938 2355 4000 l‘ermeutat,
2397 3933 2732 3989 abscondens
2775 3931 3059 3984 utilitatem
3102 3942 3253 3983 suam
3303 3927 3355 3982 in
3406 3924 3617 3980 intelle-

2052 4030 2322 4088 ctualihus
2360 4028 2547 4082 farina:
2579 4026 2713 4080 satis
2748 4023 2920 4078 tribus
2967 4023 3136 4076 donec
3177 4028 3346 4073 totum
3379 4016 3618 4072 fermen-

2052 4132 2213 4177 tetur.
2266 4119 2356 4175 Sic
2407 4132 2536 4187 ergo
2584 4115 2821 4171 cmlestis
2874 4112 3121 4167 fermenti
3174 4109 3618 4180 participatione,

2049 4208 2286 4264 caelestis
2332 4207 2423 4261 ﬁet
2464 4204 2829 4276 spiritahsque
2877 4202 3073 4266 homo,
3108 4214 3354 4269 novaque
3401 4213 3576 4253 massa
3602 4238 3619 4266 ,

2052 4315 2213 4370 parva
2245 4299 2407 4353 veluti
2452 4297 2594 4352 facta
2624 4296 2762 4350 crasi
2806 4310 2870 4350 ex
2911 4293 3102 4348 fariuis
3142 4292 3337 4355 tribus,
3367 4301 3423 4346 et
3458 4291 3620 4352 insita

2053 4392 2156 4447 illis
2193 4391 2565 4461 inspiratione.
2610 4387 2794 4443 Novus
2831 4387 3086 4441 nimirum
3139 4400 3236 4440 nos
3285 4382 3410 4437 facti
3459 4382 3621 4452 spiris

388 4509 560 4585 ραμα,
584 4493 661 4555 ὡς
687 4493 751 4546 ἂν
781 4494 982 4563 μικρᾶς
1021 4493 1269 4564 κράσεως
1307 4492 1622 4563 γενομένης.
1645 4492 1754 4546 τῶν
1785 4492 1946 4563 τριῶν

2054 4483 2176 4537 talis
2203 4483 2374 4552 panis,
2401 4482 2553 4552 juxta
2580 4478 2890 4550 Apostolum
2919 4478 3185 4532 dicentem
3210 4477 3252 4540 ⁸,
3285 4473 3430 4542 Unus
3465 4475 3616 4542 panis

384 4583 630 4654 ἀλεύρων
668 4582 1090 4653 ἀποδεδομένων,
1137 4583 1231 4636 καὶ
1273 4582 1371 4653 τῆς
1403 4584 1460 4636 ὲν
1496 4583 1680 4646 αὐτοῖς
1720 4582 1954 4653 ἐμπνεύη

387 4693 540 4739 σεως.
582 4676 688 4728 Καὶ
710 4675 774 4747 δὴ
800 4675 916 4740 νέος
951 4675 1112 4747 άρτος
1140 4675 1233 4728 καὶ
1262 4675 1624 4746 πνευματικὸς
1654 4675 1952 4746 γενόμενοι,

383 4767 527 4820 κατά
561 4767 650 4819 τὸν
681 4766 1016 4831 Ἀτοόστολον,
1061 4766 1121 4830 ὃς
1168 4783 1352 4838 φησιν,
1389 4765 1494 4832 Εἷς
1534 4766 1713 4834 ἄρτος
1751 4767 1848 4820 καὶ
1889 4766 1958 4820 ἓν

382 4854 556 4924 σῶμά
579 4855 766 4924 ἐσμεν
794 4858 849 4908 οι
877 4855 1115 4920 πολλοὶ,
1141 4856 1323 4910 είκόνα
1354 4857 1448 4910 καὶ
1471 4856 1724 4926 ὁμοίωσιν
1760 4855 1958 4928 ἀναλη-

381 4946 596 5018 ψόμεθα
617 4945 710 5000 τοῦ
740 4945 1132 5022 ζωοποιοῦεεῶν
1161 4948 1295 5001 ὅλων
1340 4948 1526 5018 ἄρτου,
1556 4947 1614 5010 ὃς
1650 4949 1714 5000 ὲκ
1745 4946 1838 5000 τοῦ
1868 4948 1957 5000 οὐ-

385 5037 551 5111 ρανοῦ
582 5037 972 5108 καταϐέϐηκεν,
1001 5037 1176 5109 ἑαυτῷ
1219 5039 1626 5110 παραπλησίους
1683 5039 1778 5091 καὶ
1807 5040 1955 5110 ἡμᾶς

387 5125 862 5198 ἀπεργασάμενος.
903 5122 976 5180 Εὖ
1015 5127 1074 5180 δὲ
1110 5129 1329 5195 γυναικί
1363 5128 1686 5199 ἀφωμοίωσε
1729 5127 1828 5198 τὴν
1871 5144 1957 5180 σο-

386 5217 514 5286 φίαν
541 5216 635 5270 τοῦ
670 5216 803 5270 Θεοῦ
839 5217 897 5270 ἐν
935 5217 1144 5282 τούτοις
1165 5233 1181 5250 ·
1220 5219 1454 5290 Χριστὸς
1506 5219 1564 5272 δέ
1607 5219 1752 5271 ἐστιν
1781 5220 1814 5290 ἡ
1861 5217 1956 5272 τοῦ

386 5305 520 5359 Θεοῦ
553 5304 781 5375 δύναμις
823 5306 917 5359 καὶ
953 5304 1088 5358 Θεοῦ
1131 5305 1291 5374 σοφία
1331 5303 1675 5375 καταλλήλως
1722 5303 1799 5374 τῷ
1856 5304 1958 5374 τῆς

388 5396 566 5466 ζύμης
590 5395 968 5467 ὑποδείγματι.
1000 5397 1209 5467 Ὠσπερ
1237 5395 1344 5468 γὰρ
1387 5397 1479 5448 ἐπὶ
1506 5397 1604 5466 τῆς
1642 5394 1957 5466 παραϐολῆς

387 5488 483 5543 τοῦ
524 5489 728 5560 σπόρου
765 5488 1038 5560 γεωργίου
1081 5488 1369 5557 πρόσωπον
1417 5487 1512 5542 καὶ
1554 5486 1799 5557 σπορέως
1857 5488 1960 5540 εἰσ-

383 5579 540 5651 ῆγεν,
568 5577 669 5632 οὐκ
687 5577 752 5632 ἂν
769 5577 1004 5648 εὐλόγως
1029 5580 1088 5648 ὲεν
1112 5578 1339 5643 ἐκείνοις
1362 5577 1828 5650 μνημονευθείσης
1860 5594 1958 5645 γυ-

2059 4590 2318 4643 unumque
2346 4589 2534 4634 corpus
2576 4585 2754 4623 sumus
2784 4567 2958 4632 multi,
2998 4567 3282 4636 imaginem
3314 4562 3621 4619 similitudi—

2059 4677 2290 4732 nemque
2322 4662 2703 4716 contrahemus
2735 4657 3058 4713 viviﬁcantis
3102 4657 3280 4711 omnia
3311 4654 3486 4725 panis,
3530 4651 3629 4722 qui

2056 4757 2122 4811 de
2148 4755 2286 4809 caelo
2313 4753 2610 4814 descendit,
2641 4765 2848 4820 nosque
2871 4749 2972 4805 sibi
3005 4747 3206 4802 similes
3230 4746 3426 4801 effecit.
3455 4745 3625 4799 Recte

2055 4861 2183 4902 vero
2231 4844 2440 4899 mulieri
2485 4843 2819 4912 comparavit
2853 4842 2954 4896 hoc
2988 4841 3106 4893 loco
3143 4837 3460 4904 sapientiam
3495 4835 3623 4902 Dei;

2055 4948 2138 4994 est
2161 4937 2304 4992 enim
2333 4935 2582 4991 Christus
2615 4942 2724 4986 tum
2755 4931 2848 4986 Dei
2879 4931 3072 4992 virtus,
3123 4938 3233 4984 tum
3276 4925 3370 4981 Dei
3406 4927 3623 5001 sapien-

2055 5029 2151 5093 tia,
2181 5027 2427 5082 iermenti
2470 5025 2716 5093 exemplo
2753 5031 3188 5092 repraesentatus.
3224 5017 3354 5073 Nam
3385 5018 3525 5078 sicut
3572 5014 3626 5080 in

2056 5117 2278 5175 seminis
2328 5115 2614 5187 parabola,
2661 5114 2911 5183 agricola:
2965 5124 3247 5180 personam
3316 5107 3624 5187 sator-isque

2057 5210 2288 5274 induxit,
2319 5223 2497 5278 neque
2527 5207 2670 5263 enim
2701 5205 2808 5260 illic
2837 5204 3121 5259 commode
3151 5198 3392 5269 muiieris
3422 5185 3632 5252 mentio

2058 5302 2198 5358 facta
2232 5299 2458 5364 fuisset,
2501 5299 2574 5351 ita
2606 5298 2706 5352 hoc
2747 5295 2864 5350 loco
2898 5293 2988 5349 ubi
3035 5294 3102 5349 de
3143 5292 3407 5347 fermento
3449 5302 3628 5344 sermo

2057 5404 2139 5449 est
2170 5393 2222 5448 in
2260 5393 2452 5446 farinae
2484 5397 2599 5444 sata
2635 5387 2738 5442 tria
2763 5385 3026 5456 conjecto,
3063 5384 3342 5456 aptissime
3367 5380 3625 5451 parabola
3693 5381 3698 5386 ’

2061 5486 2112 5541 in
2165 5484 2389 5539 muliere
2427 5482 2655 5551 pauiiica
2699 5496 2821 5537 eum
2857 5480 2948 5551 qui
2990 5479 3100 5536 illlc
3137 5478 3310 5534 dictus
3337 5482 3421 5532 est
3455 5486 3621 5530 εοιιιιτ

2062 5584 2218 5632 nator
2246 5573 2670 5644 repraesentavit.

494 5759 514 5791 ³
552 5753 709 5812 Rom.
752 5771 864 5820 vin,
889 5757 970 5811 Π.
1047 5757 1068 5790 ³
1104 5757 1122 5813 l
1154 5757 1276 5813 Cor.
1305 5773 1384 5824 tu,
1411 5755 1498 5812 τε.
1577 5755 1596 5790 ⁸
1637 5757 1764 5813 Cir.
1794 5770 1888 5822 ιιι,
1915 5754 1946 5809 4

2079 5754 2099 5787 ⁸
2139 5754 2263 5811 Car.
2295 5767 2412 5820 xui,
2439 5752 2528 5810 20.
2607 5751 2625 5782 ‘
2663 5749 2840 5808 lCor.
2873 5765 2924 5818 ι,
2961 5748 3041 5803 Π.
