4130 6400
595 327 696 385 5³37

1305 327 1580 390 EUSEBII
1619 334 2095 392 CAESARIENSIS
2133 340 2152 391 (

2258 345 2284 392 ’.
2321 337 2498 393 PARS
2537 337 2624 392 lii.
2665 367 2734 379 -
2775 337 3181 394 EXEGETICA.

3737 333 3850 390 508

593 447 798 513 ναικὸς,
853 449 992 503 οὕτω
1039 451 1317 504 κάνταῦθα
1363 453 1454 504 ἐπὶ
1500 451 1678 522 ζύμης
1722 455 2036 524 φυρομένης
2086 455 2166 517 εἰς
2211 455 2440 524 ἀλεύρου
2479 455 2614 507 σάτα
2649 453 2775 524 τρία
2843 455 3146 506 οἰκειότατα
3207 456 3239 524 ἡ
3295 451 3569 524 παραϐολὴ
3623 457 3852 518 γυναικὶΙ

593 545 1024 620 ἂρτοποιουμένῃ
1054 547 1143 601 τὸν
1173 551 1230 601 ἐν
1263 547 1490 611 ἐκείνοις
1522 548 1907 620 ὠνομασμένον
1941 551 2148 622 σπορέα
2172 551 2490 604 ἀπείκασεν.

661 638 772 708 Age
800 655 924 693 vero
961 643 1100 708 apud
1143 641 1454 698 Matthceum
1489 647 1554 708 ",
1601 653 1880 712 postquam
1904 647 2152 699 coelorum

2339 644 2495 698 Κατὰ
2536 644 2716 714 μέντοι
2748 657 2838 693 τον
2867 637 3141 692 Ματθαῖον
3179 635 3293 706 (6i)
3329 635 3714 708 κεκρυμμένην
3747 637 3848 703 ζό-

591 746 816 796 regnnm
877 731 926 784 in
993 731 1259 787 fermento
1292 746 1798 804 reprzesentaverat,
1848 753 1954 806 quo
1999 739 2168 791 sancti

591 821 826 889 Spiritus
854 825 1050 878 donum
1088 826 1366 880 denotavit
1396 868 1410 888 .
1457 838 1512 881 et
1551 829 1879 894 evangelica:
1911 829 2170 884 doctrina:

589 915 896 984 utilitatem,
935 917 986 970 in
1020 919 1304 986 subiuncta
1341 921 1450 975 illic
1483 921 1738 989 parabola
1773 921 1915 974 idem
1943 937 2166 993 regnum

589 1003 844 1059 thesauro
876 1006 1051 1061 simile
1083 1009 1242 1063 dixit.
1293 1009 1389 1063 Est
1440 1021 1619 1064 autem
1673 1027 1898 1082 magnus
1931 1013 2019 1066 hic
2049 1013 2169 1067 the-

587 1110 780 1150 sanrns
803 1097 1098 1151 secundum
1131 1099 1373 1154 ccelcstia
1409 1101 1570 1156 eliata
1599 1101 1619 1134 "
1653 1103 1830 1173 dignis
1859 1104 2166 1174 repositus,

584 1199 744 1254 quem
780 1188 968 1241 oculus
1017 1204 1122 1243 non
1171 1191 1323 1256 vidit,
1377 1193 1579 1262 quique
1627 1195 1826 1248 multos
1857 1195 2003 1249 latet.
2065 1195 2164 1263 Qui

589 1291 718 1332 vero
767 1279 912 1332 hunc
961 1283 1129 1344 novit,
1173 1293 1358 1349 utpote
1393 1283 1482 1353 qui
1527 1285 1618 1338 Dei
1663 1285 1950 1356 imaginem
2000 1288 2050 1340 in
2107 1302 2168 1342 se

587 1371 952 1435 conservavit,
985 1371 1181 1441 gaudio
1210 1373 1404 1441 elatus,
1424 1389 1520 1430 ceu
1553 1375 1642 1445 qui
1677 1391 1944 1430 summum
1967 1377 2164 1432 bonum

588 1459 873 1526 invenerit,
931 1463 1139 1533 reliqua
1195 1467 1376 1519 omnia
1413 1469 1781 1535 posthabenda
1811 1469 2045 1539 indicat,
2108 1478 2165 1524 ut

587 1549 729 1604 hunc
771 1551 1064 1620 possideat.
1103 1553 1272 1607 Porro
1303 1555 1558 1609 thesauro
1587 1557 1744 1610 simul
1773 1573 2010 1629 agroque
2053 1575 2167 1614 me-

587 1654 832 1709 morato,
896 1645 1166 1700 hominem
1229 1647 1565 1716 inventorem
1621 1643 1908 1718 apposuit,
1967 1661 2026 1705 ut
2073 1651 2162 1706 Dei

583 1733 881 1788 studiosam
939 1737 1172 1791 hominis
1231 1749 1460 1793 mentem
1515 1741 1804 1810 signiticet.
1855 1743 2021 1814 Igitur
2071 1761 2162 1798 su-

583 1828 882 1895 prascripta
931 1829 1184 1897 parabola
1218 1833 1316 1886 sub
1344 1833 1594 1886 absconsi
1647 1835 1888 1888 thesauri
1941 1835 2163 1892 nomine

581 1916 836 1972 caelestes
860 1929 1023 1988 atque
1047 1923 1276 1977 eximias
1303 1924 1524 1977 denotat
1557 1927 1981 1992 promissiones;
2025 1927 2162 1980 mul-

2275 753 2382 806 μην
2418 733 2514 806 τὴν
2560 731 2834 804 βασιλείαν
2885 729 2994 782 τῶν
3039 725 3281 797 οὐρανῶν
3315 725 3610 797 προειπὼν,
3656 727 3724 780 δι’
3773 723 3846 799 ἧς

2269 827 2457 898 ἐδήλου
2505 827 2601 896 τὴν
2636 821 2992 893 ἐπιχορηγίαν
3039 818 3131 871 τοῦ
3177 819 3334 886 ἁγίου
3381 818 3708 888 Πνεὺματος,
3743 820 3844 871 καὶ

2269 917 2364 988 τὴν
2405 917 2674 985 ὠφέλειαν
2699 914 2794 985 τὴν
2821 913 2927 966 ἀπὺ
2949 911 3043 964 τοῦ
3073 908 3424 978 εὑαγγελικοῦ
3444 909 3621 975 λόγου,
3637 909 3722 962 διὰ
3741 909 3844 977 τῆς

2270 1007 2400 1078 ἑξῆς
2427 1007 2744 1080 παραϐολῆς
2787 1005 2884 1076 τὴν
2917 1003 3084 1074 αὐτὴν
3115 1001 3386 1072 βασιλείαν
3421 1001 3658 1068 ἐοικέναι
3703 1001 3842 1069 φησὶ

2267 1099 2547 1170 θησαυρῷ.
2587 1098 2684 1168 Εἶη
2723 1097 2766 1149 6‘
2807 1096 2876 1150 ἂν
2907 1092 3176 1166 θησαυρὸς
3205 1093 3374 1164 μέγας
3406 1091 3434 1144 6
3459 1091 3596 1144 κατὰ
3621 1091 3718 1153 τὰς
3745 1093 3838 1142 οὑ-

2270 1191 2488 1262 ρανίους
2533 1187 2864 1258 ἐπαγγελίας
2889 1189 3004 1250 τοῖς
3057 1185 3226 1249 ἀξίοις
3259 1182 3696 1253 τεταμιευμένος,
3725 1182 3782 1234 ὃν
3807 1185 3840 1235 6

2265 1282 2541 1352 ὀφθαλμὸς
2573 1282 2676 1334 οὑκ
2703 1277 2862 1344 εἶδεν,
2893 1280 2953 1343 ὃς
2983 1280 3108 1340 τοὺς
3137 1276 3362 1338 πολλοὺς
3389 1273 3656 1328 λανθάνει.
3695 1274 3754 1326 '0
3779 1273 3838 1326 δὲ

2263 1373 2454 1426 τοῦτον
2483 1374 2701 1444 νοήσας,
2737 1372 2812 1434 ὡς
2835 1371 2898 1422 τὸ
2927 1371 3046 1424 κατ’
3077 1369 3260 1422 εἰκόνα
3289 1366 3384 1418 τοῦ
3409 1364 3546 1419 Θεοῦ
3571 1364 3756 1429 σώζων
3777 1366 3836 1416 ἐν

2267 1463 2466 1534 ἑαυτῷ,
2497 1465 2672 1534 χαρᾶς
2721 1461 2976 1532 ἔμπλεως
3005 1457 3266 1528 γεγονὼς,
3311 1457 3384 1520 ὼς
3425 1458 3490 1510 ἂν
3531 1457 3590 1510 τὺ
3633 1456 3836 1508 τέλειον

2265 1555 2374 1608 τῶν
2405 1553 2624 1624 ἀγαθῶν
2649 1550 2918 1624 εὑρηκὼς,
2943 1551 3016 1604 τὰ
3037 1550 3200 1603 λοιπὰ
3231 1549 3408 1602 πάντα
3439 1548 3662 1620 δεύτερα
3689 1546 3838 1600 τίθε-

2263 1663 2374 1710 ται,
2400 1645 2496 1700 καὶ
2527 1644 2716 1698 τοῦτον
2745 1643 3150 1714 ἀντιλαμϐάνει.
3179 1641 3540 1710 Καταλλήλως
3555 1639 3610 1693 δὲ
3643 1639 3842 1710 θησαν·

2267 1739 2358 1809 ρον
2387 1737 2482 1790 καὶ
2535 1737 2708 1806 ἀγρὸν
2759 1733 2951 1796 εἰπὼν,
3005 1733 3288 1804 ἄνθρωπον
3317 1731 3465 1802 αὑτῷ
3507 1731 3708 1802 συνῆψε
3747 1731 3838 1782 τὸν

2263 1831 2564 1901 εὑρηκότα·
2599 1829 2744 1882 οὑτω
2789 1827 3034 1899 δηλώσας
3077 1826 3168 1878 τὸν
3211 1828 3268 1879 ἐν
3319 1824 3588 1898 ἀνθρώπῳ
3613 1823 3835 1892 θεοφιλῆ

2261 1920 2406 1973 νοῦν.
2450 1921 2516 1972 Ἡ
2571 1920 2668 1990 μὲν
2715 1916 2808 1972 οὖν
2865 1918 3091 1990 ῥηθεῐσα
3129 1916 3269 1986 αὓτη
3299 1914 3582 1987 παραϐολὴ
3611 1913 3698 1966 διὰ
3741 1911 3838 1966 τοῦ

583 2024 650 2064 tae
677 2013 818 2066 enim
857 2015 1164 2070 mansiones
1211 2017 1348 2086 apud
1383 2017 1593 2072 Patrem
1623 2029 1782 2085 sunt;
1842 2019 2152 2088 divitiasque

2265 2011 2538 2083 θησαυροῦ
2561 2010 2654 2064 τοῦ
2685 2010 3068 2081 κεκρυμμένου
3097 2009 3196 2070 τὶς
3218 2006 3472 2078 οὐρανίας
3505 2003 3840 2072 ἐπαγγελίας

581 2099 696 2168 Dei,
728 2117 846 2172 qua:
872 2113 996 2159 sunt
1037 2107 1214 2161 onmis
1265 2107 1390 2162 boni
1435 2109 1757 2178 thesaurus,
1804 2111 2158 2169 demonstrat.

649 2375 779 2440 Qua:
813 2391 942 2432 vero
965 2378 1213 2446 sequitur
1243 2379 1265 2412 ³
1297 2381 1603 2450 margaritae
1630 2379 1907 2450 parabola,
1935 2394 1998 2436 ea
2029 2379 2158 2436 mihi

575 2465 886 2534 significare
911 2469 1121 2522 videtur
1157 2471 1530 2538 pretiosiorem
1578 2473 1954 2541 prmtlictarum
1993 2489 2155 2542 opum

573 2569 802 2624 partem.
863 2557 956 2612 Est
1007 2569 1182 2614 autem
1239 2563 1354 2616 inec
1384 2562 1642 2616 divinitas
1676 2561 1982 2632 Unigeniti,
2037 2579 2157 2634 qua:

572 2649 784 2703 ιζίιιιςιίε
840 2649 891 2703 in
930 2652 1186 2719 prtedicto
1237 2655 1492 2709 thesauro
1530 2656 1804 2709 contentis
1837 2655 2158 2726 exquisitior

569 2749 687 2802 est;
718 2754 878 2807 quam
907 2741 998 2808 qui
1031 2743 1400 2811 acquisiverit.
1427 2759 1657 2813 superna
1683 2745 1939 2798 beatitatc
1962 2747 2155 2814 dignus

570 2840 650 2881 ut.
700 2827 989 2900 Margarita
1019 2839 1197 2884 autem
1233 2831 1425 2886 merito
1456 2834 1766 2886 nominatur
1809 2834 2150 2890 incarnatum

574 2919 664 2973 Dei
697 2917 931 2974 Verbum
960 2939 972 2986 ;
1007 2922 1133 2990 quia
1161 2923 1276 2976 lucc
1310 2924 1625 2992 margarita,
1660 2923 1714 2978 in
1751 2940 1914 2978 carne
1951 2926 2078 2980 lit-et
2101 2937 2154 2982 et

571 3013 808 3066 ostracio
837 3023 996 3082 atque
1029 3014 1257 3066 humore
1289 3015 1465 3084 genita
1491 3057 1506 3080 ,
1558 3016 1851 3085 pretiosum
1883 3019 2010 3087 quid
2045 3027 2151 3086 est,

569 3111 625 3156 et
653 3118 762 3172 pra?
799 3105 1050 3158 omnibus
1081 3121 1145 3159 ex
1179 3105 1404 3159 lmu‘tore
1435 3107 1571 3159 natis
1619 3107 1936 3176 corporibus
1985 3109 2152 3164 hono-

571 3195 778 3248 rabilis.
832 3195 995 3250 Certe
1033 3197 1326 3266 margarita
1361 3198 1571 3250 videtur
1611 3197 1888 3252 humidum
1933 3215 2147 3270 corpus,

572 3283 935 3351 splendidum,
981 3285 1296 3340 cwlestibus
1338 3285 1534 3350 simile,
1571 3286 1689 3341 luce
1722 3303 1785 3341 ac
1811 3287 2004 3356 spiritu
2035 3289 2148 3357 ple-

2267 2105 2450 2175 ἐδήλου
2495 2103 2594 2166 τὰς
2627 2101 3084 2174 ὑπερθεϐηκυίας,
3115 2099 3305 2153 πολλαὶ
3331 2099 3438 2170 γὰρ
3489 2097 3644 2168 μοναὶ
3687 2094 3842 2167 παρὰ

2265 2197 2344 2268 τῷ
2375 2195 2565 2267 Πατρὶ,
2597 2195 2807 2248 καὶτὸν
2853 2197 2910 2247 ἐν
2953 2193 3072 2264 Θεῷ
3105 2192 3356 2254 πλοῦτον,
3395 2190 3666 2262 θησαυρὸν
3707 2188 3844 2241 ὅντα

2267 2289 2466 2353 παντὸς
2493 2287 2718 2356 ἀγαθοῦ.

2348 2381 2411 2434 Ἦ
2457 2380 2511 2433 δὲ
2549 2379 2685 2450 μετὰ
2717 2377 2922 2448 ταύτην
2953 2377 3040 2430 διὰ
3085 2376 3180 2430 τοῦ
3234 2373 3570 2446 μαργαρίτου
3609 2371 3844 2426 αἰνίττε-

2265 2473 2390 2526 σθαί
2421 2489 2508 2542 μοι
2541 2472 2688 2524 δοκεῖ
2721 2471 2782 2522 τὸ
2828 2471 3150 2539 τιμιώτερον
3200 2467 3292 2519 τοῦ
3327 2463 3652 2537 δηλωθέντος
3679 2461 3847 2514 πλοῦ-

2263 2582 2377 2617 του.
2435 2563 2534 2634 Είη
2578 2562 2622 2615 δ’
2659 2561 2722 2614 ἂν
2771 2559 3027 2630 ήθεότης
3076 2558 3214 2628 αὑτὴ
3270 2556 3360 2610 τοῦ
3403 2553 3758 2622 Μονογενοῦς,
3811 2553 3844 2622 ή

2265 2657 2480 2710 πάντων
2505 2655 2613 2708 τῶν
2643 2657 2698 2707 ὲν
2732 2651 2809 2723 τῷ
2837 2651 3152 2706 ἁποδοθέντι
3187 2648 3442 2720 θησαυρῷ
3481 2645 3846 2716 τεταμιευμέ-

2261 2767 2365 2802 νων
2396 2746 2717 2818 τιμιωτέρα,
2749 2747 2814 2817 ἣν
2853 2747 2881 2799 6
2921 2745 3262 2817 κτησάμενος
3302 2743 3400 2812 τῆς
3445 2739 3702 2794 ἀνωτάτω
3733 2755 3848 2807 μα-

2263 2841 2585 2912 καριότητος
2614 2838 2862 2908 ἠξίωται.
2913 2837 3275 2908 Μαργαρίτης
3323 2835 3379 2887 δὲ
3424 2831 3844 2902 ὠνόμασταιεί-

2263 2931 2433 2992 κότως
2461 2932 2488 2983 6
2523 2927 2826 2999 σαρκωθεὶς
2877 2929 3008 2990 Θεὸς
3048 2929 3246 2996 Λόγος
3279 2926 3398 2978 ἐπεὶ
3425 2925 3515 2977 καὶ
3547 2925 3574 2975 6
3622 2937 3846 2992 μαργα-

2263 3027 2416 3098 ρίτης
2445 3023 2701 3086 τοιοῦτος,
2741 3024 2796 3075 ἐν
2823 3023 2984 3094 σαρκὶ
3021 3021 3120 3091 μὲν
3153 3021 3245 3073 καὶ
3291 3021 3346 3071 ἐν
3379 3016 3586 3088 ὀστρέῳ
3633 3015 3726 3067 καὶ
3781 3015 3844 3066 ἐν

2262 3119 2449 3188 ὑγροῖς
2477 3115 2835 3186 γεννώμενος,
2870 3113 3050 3184 τίμιον
3073 3113 3129 3166 δέ
3173 3129 3224 3164 τι
3261 3111 3469 3182 χρῆμα,
3500 3109 3591 3160 καί
3617 3107 3842 3160 πάντων

2257 3209 2364 3262 τῶν
2393 3211 2451 3260 ἐν
2479 3209 2663 3276 ὑγροῖς
2697 3206 2962 3276 σωμάτων
2989 3203 3415 3274 τιμλφὲστερον
3441 3218 3454 3229 ·
3511 3197 3650 3250 ἔοικε
3705 3193 3842 3263 γοῦν

2258 3297 2396 3353 εἶναι
2425 3303 2488 3370 τῇ
2525 3299 2681 3368 φύσει
2714 3297 2869 3366 σῶμα
2894 3297 3078 3368 ὑγρὸν,
3103 3293 3342 3362 διαυγὲς,
3377 3289 3628 3351 θεοειδὲς,
3659 3287 3842 3356 φωτὸς

571 3393 723 3431 ιιιιιιι.
777 3377 868 3432 Sic
900 3379 1063 3432 etiam
1097 3379 1437 3432 incarnatum
1477 3379 1710 3432 V’erbum
1737 3379 1914 3433 lumen
1947 3381 2152 3435 intelle-

2259 3395 2354 3446 καὶ
2383 3391 2692 3462 πνεύματος
2717 3390 2905 3460 γέμον.
2960 3387 3059 3458 Εἴη
3097 3385 3142 3439 δ’
3175 3385 3238 3438 ἂν
3263 3385 3356 3438 καὶ
3389 3381 3689 3454 σαρκωθεὶς
3733 3379 3842 3431 Λό-

570 3469 749 3523 ctuale
782 3479 887 3534 est,
921 3470 986 3524 de
1021 3470 1236 3524 mortali
1275 3470 1602 3539 humidoque
1634 3487 1864 3542 corpore
1887 3475 2148 3530 emicans.

569 3559 687 3614 Jam
715 3575 835 3615 enm
875 3563 992 3616 aliae
1031 3562 1211 3618 multa:
1245 3565 1558 3618 exstiterint
1608 3565 1914 3634 margarita:
1953 3577 2152 3622 sancta:

569 3649 789 3720 Deoqne
843 3664 1030 3722 graue,
1073 3655 1354 3726 propheta:
1393 3655 1639 3710 videlicet
1683 3657 1922 3727 justique
1971 3659 2150 3714 homi-

577 3757 696 3808 nes,
727 3747 818 3812 qni
844 3755 897 3796 ct
923 3745 1022 3812 ipsi
1058 3760 1220 3799 carne
1250 3747 1534 3816 constipati
1591 3759 1749 3802 erant
1779 3759 2001 3820 propter
2029 3766 2152 3804 car-

569 3849 726 3886 neatn
767 3835 1044 3888 hominum
1102 3838 1291 3904 vitam,
1325 3854 1483 3892 nemo
1511 3839 1651 3894 alius
1679 3881 1694 3906 ,
1757 3853 1954 3912 praeter
2005 3843 2151 3898 hunc

568 3923 766 3988 solum,
809 3941 934 3978 vere
971 3928 1304 3998 unigenitus,
1343 3929 1814 3996 splendidissimus
1846 3949 1909 3986 ac
1950 3935 2151 4002 pretio-

569 4017 818 4071 sissimus
853 4017 1102 4074 inventus
1126 4029 1226 4074 est.
1265 4019 1417 4076 Adeo
1453 4029 1510 4074 ut
1555 4021 1723 4076 Isaias
1752 4039 1966 4094 quoque
1993 4027 2058 4080 de
2085 4039 2148 4082 eo

567 4109 896 4164 vaticinatus
932 4107 1096 4166 fuerit
1141 4111 1328 4166 dicens
1361 4127 1374 4166 :
1409 4111 1541 4165 Ecce
1589 4131 1724 4180 pom)
1759 4117 1814 4168 in
1854 4116 1986 4170 Sion
2020 4117 2151 4186 lapi-

567 4204 685 4255 dem
707 4203 1016 4271 pretiosum,
1047 4203 1288 4272 electum,
1323 4205 1651 4274 angularem,
1680 4208 2074 4276 honorabilem;
2100 4219 2148 4264 et

565 4294 658 4364 qui
703 4297 983 4350 crediderit
1041 4297 1096 4351 in
1151 4315 1306 4362 cum,
1380 4315 1484 4352 non
1540 4302 1888 4371 confundetur
1938 4301 1977 4355 ’.
2045 4301 2148 4368 Qui

568 4403 698 4458 ergo
747 4403 914 4456 regno
959 4389 1222 4444 caalorum
1257 4390 1454 4460 dignus
1501 4389 1714 4445 futurus
1742 4401 1855 4456 est,
1889 4393 2150 4460 praaclare

564 4495 914 4552 comparatur
948 4483 1235 4537 mercatori
1287 4483 1440 4550 viro,
1500 4485 1576 4540 rei
1609 4485 1765 4540 bona:
1805 4490 2050 4544 studioso
2092 4497 2146 4543 et

563 4575 759 4644 perito,
795 4587 849 4630 et
898 4575 1190 4630 multarum
1237 4577 1607 4632 doctrinarum
1658 4579 2014 4650 exploratori,
2051 4583 2143 4652 qui

565 4669 896 4722 circumiens
928 4669 1124 4722 multas
1159 4671 1359 4738 reperit
1413 4670 1758 4738 margaritas,
1803 4676 2142 4729 omnimodas

563 4773 759 4828 nempe
805 4739 1120 4814 sanctor-uin
1171 4759 1449 4813 hominum
1485 4759 1705 4814 classes.
1756 4761 1864 4815 Sed
1905 4765 2138 4832 pretiosa

568 4851 656 4906 illa
707 4869 920 4924 gemma
967 4857 1206 4920 inventa,
1256 4871 1416 4920 quam
1453 4855 1684 4910 Verbum
1735 4856 1948 4920 obtulit,
2001 4857 2140 4912 hanc

563 4959 686 4997 cum
713 4947 964 5000 omnibus
981 4949 1080 5001 sibi
1101 4959 1256 5000 antea
1287 4949 1577 5014 compertis
1601 4949 1969 5014 commutavit,
1998 4949 2138 5002 idem

564 5033 769 5091 faciens
801 5037 941 5106 quod
986 5039 1131 5106 prior
1171 5039 1256 5090 ille
1287 5037 1398 5105 (qui
1428 5053 1612 5106 agrum
1645 5038 1733 5092 ubi
1771 5037 1968 5092 latebat.
2020 5039 2135 5092 tlte-

563 5143 757 5184 saurns
789 5131 1018 5185 venditis
1045 5131 1253 5184 cunctis
1283 5131 1667 5202 compararit).
1697 5132 1870 5198 Atque
1899 5131 2011 5184 lucc
2038 5133 2142 5184 erit

563 5235 786 5276 summa:
811 5223 1085 5276 beatitatis
1112 5222 1360 5288 coroois,
1391 5235 1584 5290 nempe
1623 5223 1664 5276 si
1707 5223 1942 5290 pretiosa
1989 5237 2135 5274 mar-

561 5313 734 5380 garita
775 5312 1116 5378 ornabimur,
1169 5313 1220 5366 id
1270 5323 1351 5368 est
1395 5316 1598 5368 lumine
1633 5315 1936 5368 divinitatis
1973 5311 2132 5367 Verbi

561 5403 846 5472 unigeniti.
879 5402 1094 5456 Initium
1129 5403 1329 5474 quippe
1361 5405 1459 5460 fuit
1485 5421 1701 5470 semen;
1738 5405 1928 5458 deinde
1956 5404 2138 5458 fructi-

561 5492 773 5548 ﬁcantis
821 5493 1080 5548 frumenti
1132 5497 1489 5564 germinatio;
1546 5498 1760 5551 tertium
1819 5497 2076 5552 discretio
2107 5515 2138 5552 ιι

1261 5607 1278 5636 ⁷
1323 5607 1451 5660 ibid.
1485 5607 1574 5659 44.
1649 5609 1671 5638 ⁸
1717 5607 1843 5661 ibid.
1879 5608 1966 5662 45.

636 5695 761 5768 (61),
793 5695 890 5752 llic
920 5713 1138 5765 quoque
1185 5713 1212 5752 a
1257 5699 1400 5754 Luca
1431 5711 1688 5768 provocat
1727 5703 1791 5756 ad
1823 5702 2134 5760 Matthaautn

570 5765 837 5822 Eusebius
927 5769 1220 5838 quodcum
1279 5785 1374 5838 per
1429 5765 1486 5826 Se
1540 5789 1644 5826 non
1697 5773 1958 5844 dedecet,
2027 5785 2137 5830 tum

578 6085 834 6274 ι

629 5603 672 5634 ⁸·
701 5601 892 5659 Matth.
927 5619 1060 5670 xm,
1093 5605 1182 5658 55.

2047 5611 2066 5640 °
2109 5607 2236 5663 lsa.’

2255 3501 2349 3554 γος
2375 3483 2630 3548 τοιοῦτος,
2656 3481 2770 3550 φῶς
2803 3479 2986 3550 νοερὸν
3029 3479 3116 3532 διὰ
3151 3475 3343 3547 θνητοῦ
3391 3473 3485 3528 καὶ
3519 3471 3688 3544 ὑγροῦ
3723 3469 3838 3522 σώ-

2257 3594 2425 3648 ματος
2455 3573 2762 3645 ὲκλὰμῷαν.
2801 3571 3018 3625 Πολλῶν
3061 3587 3123 3638 γε
3163 3569 3268 3640 μὴν
3299 3567 3393 3622 xui.
3426 3563 3597 3621 ἄλλων
3619 3581 3842 3635 μαργαο

2256 3669 2416 3741 ριτῶν
2454 3668 2622 3722 ὄντων
2654 3666 2822 3734 ἁγίων
2857 3665 2951 3717 καὶ
2992 3661 3272 3731 θεοφιλῶν,
3310 3657 3601 3729 προφητῶν
3645 3673 3704 3709 τε
3739 3657 3842 3708 καὶ

2251 3759 2473 3813 δικαίων
2507 3757 2738 3830 ἀνδρῶν,
2775 3757 2868 3808 καὶ
2900 3753 3077 3808 αὑτῶν
3129 3753 3187 3805 ἐν
3238 3753 3402 3823 σαρκὶ
3445 3747 3838 3818 πεπιλημένων

2250 3851 2336 3906 διὰ
2359 3852 2450 3904 τὸν
2477 3850 2736 3922 ἕνσαρκον
2765 3847 2873 3901 τῶν
2896 3843 3195 3918 ἀνθρώπων
3237 3843 3368 3914 βίον,
3395 3841 3568 3904 οὐδεὶς
3591 3843 3772 3910 ἕτερος
3797 3841 3836 3910 ἦ

2255 3945 2418 4016 μόνος
2441 3941 2522 4007 εἷς
2548 3937 2703 4006 οὗτος
2742 3939 2958 4012 ἀληθῶς
2999 3937 3288 4010 μονογενὴς
3337 3935 3432 3989 καὶ
3481 3931 3838 4004 πολυτρεγγὴς

2251 4038 2341 4090 καὶ
2389 4034 2682 4105 πολύτιμος
2712 4032 2978 4104 εὓρηται·
3047 4029 3122 4092 ὡς
3178 4027 3271 4081 καὶ
3309 4026 3533 4080 Ἡσαΐαν
3575 4024 3836 4078 θεσπίσαι

2254 4125 2382 4197 περὶ
2413 4123 2574 4177 αὑτοῦ
2609 4125 2700 4177 καὶ
2723 4125 2895 4176 εἰπεῖν
2918 4137 2933 4154 ⁸
2979 4119 3124 4174 Ἰδοὺ
3152 4119 3351 4186 τίθημι
3375 4117 3445 4169 ἐν
3473 4113 3626 4170 Σιὼν
3649 4115 3836 4168 λίθον

2249 4214 2578 4282 πολυτελῆ,
2613 4211 2924 4275 ἐκλεκτὸν,
2956 4207 3396 4279 ἀκρογωνιαῖον,
3423 4207 3659 4277 ἔντιμον
3681 4221 3696 4235 ο
3727 4205 3838 4258 καὶ

2251 4307 2284 4358 o'
2319 4305 2618 4358 πιστεύων
2665 4305 2751 4368 εἰς
2793 4303 2980 4356 αὐτὸν
3005 4301 3076 4354 οὐ
3115 4297 3715 4366 καταισχυνθήσεται.
3763 4295 3834 4348 Ὀ

2248 4397 2312 4469 δὴ
2344 4393 2436 4450 οὖν
2483 4396 2690 4468 μέλλων
2714 4397 2811 4466 τῆς
2837 4393 3114 4466 βασιλείας
3145 4391 3253 4445 τῶν
3275 4390 3516 4458 οὐρανῶν
3536 4387 3834 4452 καταξιοῦ-

2252 4489 2374 4542 σθαι
2410 4487 2706 4560 προσφυῶς
2737 4485 3148 4561 παραϐέϐληται
3194 4483 3420 4556 ἐμπόρῳ
3473 4483 3624 4554 ἀνδρὶ
3671 4482 3830 4551 φιλο-

2247 4581 2396 4652 κάλῳ
2425 4581 2529 4633 τινὶ
2555 4579 2648 4633 καὶ
2683 4578 2970 4650 φιλομαθεῖ
3000 4579 3093 4632 καὶ
3120 4577 3376 4630 ποικίλων
3407 4577 3702 4646 δοκιμαστῇ
3737 4575 3834 4628 λό-

2249 4689 2380 4740 γων,
2426 4671 2483 4736 ὃς
2512 4671 2736 4743 περιιὼν
2767 4669 2996 4730 πολλοὺς
3055 4669 3154 4739 μὲν
3205 4668 3399 4740 ἀνεῦρε
3459 4667 3828 4739 μαργαρίτας,

2249 4765 2531 4828 παντοίους
2563 4766 2616 4816 ἐν
2642 4761 2948 4835 ἀνθρώποις
2989 4763 3172 4830 ἁγίους
3189 4775 3203 4788 ·
3231 4761 3385 4824 τέλος
3409 4760 3464 4813 δὲ
3485 4761 3573 4812 τὸν
3600 4759 3828 4812 πολύτι-

2252 4875 2350 4928 μον
2379 4857 2574 4928 εὑρὼν,
2607 4856 2664 4910 ὃν
2707 4857 2733 4908 6
2761 4856 2932 4924 Λόγος
2991 4855 3390 4925 παρεστήσατο,
3447 4853 3658 4906 πάντων
3709 4851 3828 4904 τῶν

2249 4950 2510 5021 πρότερον
2558 4947 2704 5018 αὑτῷ
2755 4945 3390 5018 πεπορισμένων’τοῦτον
3428 4943 3824 5016 ἀντικατηλλά-

2247 5039 2393 5106 ξατο,
2417 5041 2608 5091 ταυτὸν
2634 5037 2709 5108 τῷ
2743 5039 2990 5110 προτέρῳ
3021 5037 3228 5109 πράξας
3281 5039 3344 5108 (ὁ
3373 5039 3548 5092 πάντα
3580 5039 3676 5092 ὅσα
3703 5033 3820 5109 εἶχε

2249 5131 2524 5202 πωλήσας,
2583 5131 2676 5184 καὶ
2723 5131 2998 5202 ἀγοράσας
3047 5131 3138 5182 τὸν
3188 5131 3355 5201 ἀγρὸν
3409 5132 3652 5200 ἐκεῖνον).
3709 5129 3820 5182 Καὶ

2245 5223 2386 5278 τοῦτ’
2431 5223 2496 5278 ἂν
2525 5223 2610 5294 εἴη
2636 5223 2787 5286 τέλος
2827 5225 2925 5293 τῆς
2970 5223 3145 5294 ἄκρας
3181 5223 3599 5294 μακαριότητος,
3629 5223 3688 5275 τὸ
3721 5239 3820 5276 κα-

2243 5313 2648 5386 τακοσμηθῆναι
2677 5313 2753 5384 τῷ
2784 5314 3128 5384 πολυτιμήτω
3159 5316 3488 5386 μαργαρίτῃ,
3516 5313 3710 5384 δηλαδὴ
3737 5313 3818 5384 τῷ

2245 5405 2383 5474 φωτὶ
2417 5407 2515 5476 τῆς
2555 5405 2804 5474 θεότητος
2835 5403 2929 5457 τοῦ
2969 5405 3286 5475 μονογενοῦς
3313 5405 3511 5473 Λόγου·
3542 5405 3680 5475 ἀρχὴ
3713 5406 3816 5476 μὲν

2247 5499 2354 5571 γὰρ
2385 5495 2451 5570 ἦν
2477 5501 2505 5552 6
2541 5499 2739 5570 σπόρος
2763 5515 2775 5528 ·
2836 5491 2932 5550 εἶτ’
2973 5497 3208 5560 ἐπίδοσις
3247 5497 3346 5568 τῆς
3372 5497 3464 5552 τοῦ
3499 5499 3644 5552 σίτου
3672 5515 3782 5570 καρ

2259 5625 2452 5674 xxvtn,
2495 5610 2581 5664 16.

2253 5706 2558 5778 rectissime
2588 5705 2704 5760 ﬂeri
2733 5707 2904 5778 potuit
2931 5709 3000 5761 ab
3033 5721 3098 5764 eo
3130 5705 3219 5778 qui
3253 5705 3306 5762 in
3335 5703 3810 5776 tetraevangeiiutn

2249 5776 2476 5835 fortasse
2511 5777 2996 5832 cattttnentabatur.
