4130 6400
348 366 451 425 569
1012 400 1019 407 -
1478 361 1523 417 ε
1534 358 1979 418 ἓᾺΙΜΕΝΤΑΜΑ

1946 361 1984 415 Α
2025 358 2092 414 ΙΝ
2129 356 2384 417 LUCAM.
3474 354 3577 414 K70

350 485 650 558 ποςορίας·
683 486 778 540 καὶ
808 486 988 557 τρίτον
1021 486 1054 555 ἡ
1083 484 1193 538 ἀπὸ
1209 484 1316 538 τῶν
1340 482 1595 549 ζιζανίων
1614 481 1913 556 διάκρισις·
1950 490 1981 544 Α

1950 490 1989 544 Α
2021 482 2276 546 zizaniis;
2336 490 2588 549 quartum
2645 478 2867 533 seminis
2916 477 2970 532 in
3024 490 3270 546 magnam
3329 477 3576 533 arborem

344 582 605 651 τέταρτον
626 581 660 650 ἠ
690 580 782 632 ἐπὶ
814 580 954 646 μέγα
1001 577 1214 648 δένδρον
1237 576 1329 629 τοῦ
1366 576 1564 646 σπόρου
1596 577 1732 646 φυή·
1782 574 1921 644 πέμ-

2018 574 2457 638 incrementum;
2489 572 2732 641 quintum
2767 585 2865 639 per
2887 581 3132 624 sanctum
3176 569 3437 639 Spiritum
3471 570 3578 626 fer-

349 687 483 725 πτον
510 674 543 741 ὴ
570 670 658 723 διὰ
685 669 780 722 τοῦ
814 669 969 737 άγίου
1019 667 1334 737 Πνεύματος
1364 664 1638 737 ζύμωσις·
1691 665 1849 719 ἒκτον
1889 667 1920 718 ό

2018 662 2319 725 mentatio;
2354 671 2564 717 sextum
2597 662 2899 716 divinorum
2933 662 3318 730 promissorum
3363 664 3581 741 thesan.

350 761 625 833 θησαυρὸς
655 760 762 813 τῶν
795 759 1058 831 οὐρανίων
1091 756 1428 826 ἐπαγγελιῶν
1451 773 1465 787 ο
1516 755 1741 826 ἕϐδομον
1767 758 1799 825 ἠ
1825 756 1922 809 αὐ-

2022 771 2153 815 rus:
2219 755 2507 823 septimum
2566 754 2676 823 ipsa
2723 754 2816 808 Dei
2877 751 3041 807 Verbi
3102 755 3419 822 acquisitio,
3473 769 3582 822 quo

348 854 446 907 τοῦ
475 855 665 924 κτῆσις
702 852 796 905 τοῦ
817 852 951 905 Θεοῦ
980 852 1175 919 Λόγου,
1200 852 1258 902 ἐν
1356 850 1463 912 πᾶς
1495 850 1921 919 κατακοσμείται

2022 846 2389 915 unusquisque
2421 854 2737 911 exornatur,
2762 846 2854 915 qui
2891 860 3061 916 regno
3090 845 3353 900 caelorum
3387 848 3583 917 dignus

353 947 382 998 ό
412 946 513 1015 τῆς
539 944 810 1014 βασιλείας
839 942 946 995 τῶν
970 941 1211 1013 οὐρανῶν
1240 940 1407 1006 ἄξιος.
2020 946 2126 991 est.

425 1055 607 1111 Ταῦτα
625 1056 681 1109 δὲ
715 1054 820 1125 πρὸ
848 1051 952 1106 τῶν
985 1053 1159 1123 ἔργων
1186 1052 1508 1120 ἀνεφωνεῖτο
1525 1065 1538 1078 ·
1571 1048 1923 1120 προλέγοντος

2091 1026 2217 1082 llrec
2269 1034 2393 1080 ante
2439 1039 2602 1093 opera
2648 1024 2969 1093 loquebatur
3000 1021 3276 1087 Servatur,
3330 1024 3582 1078 nimirum

355 1151 423 1204 τὰ
457 1147 713 1219 μέλλοντα
743 1114 959 1198 έσεσθαι
1131 1114 1401 1212 Σωτῆρος,
1440 1140 1476 1195 ἃ
1523 1140 1586 1211 δὴ
1616 1114 1713 1193 ὶιαί
1737 1114 1923 1201 τέλους

2023 1135 2111 1174 res
2160 1117 2370 1173 futuras
2403 1118 2691 1177 nuntians,
2742 1131 2861 1181 qua:
2920 1130 3110 1184 reapse
3160 1117 3366 1169 exitum
3426 1114 3586 1179 paulo

355 1243 454 1295 ούκ
482 1242 560 1303 εἰς
593 1237 800 1309 μακρὸν
829 1235 1107 1306 ἐτύγχανε,
1131 1234 1271 1286 ὥστε
1312 1232 1428 1303 μετ’
1455 1232 1516 1284 οὐ
1548 1231 1712 1285 πολὺν
1737 1230 1921 1301 χρόνον

2022 1221 2137 1280 post
2169 1220 2339 1264 nactte
2358 1209 2597 1273 sunt,ita
2626 1216 2683 1261 ut
2714 1208 2854 1261 haud
2886 1207 3041 1277 longa
3082 1223 3228 1260 mora
3265 1207 3581 1276 interposita

355 1288 1107 1400 oggaglloggpiceattrthv’
1136 1288 1325 1391 ἕργῶν⁸
1361 1320 1427 1374 τὰ
1489 1288 1919 1389 ἀποτελέσματα.

2023 1313 2266 1372 spectare
2301 1302 2470 1356 oculis
2498 1314 2582 1355 res
2599 1309 2781 1369 gestas
2812 1299 3045 1353 licuerit.
3083 1298 3185 1353 Per
3214 1308 3384 1351 totum
3418 1298 3583 1369 igitur

356 1419 489 1473 Καθ’
522 1418 648 1489 ὅλης
676 1414 768 1471 οὗν
798 1416 857 1481 ἐξ
886 1416 1094 1470 ἐκείνου
1125 1416 1222 1483 τῆς
1266 1413 1374 1465 τῶν
1414 1411 1711 1482 ἀνθρώπων
1749 1413 1924 1463 οἰκου-

2022 1411 2084 1450 ex
2111 1410 2176 1449 eo
2203 1404 2442 1462 tempore
2489 1392 2781 1450 mundum,
2820 1392 2967 1457 regni
3014 1389 3105 1443 Dei
3154 1387 3396 1459 symbola
3445 1387 3594 1456 apud.

360 1514 527 1583 μένης
551 1513 614 1562 ἐκ
650 1510 748 1581 μὲν
783 1509 1031 1562 ἁπάντων
1069 1505 1176 1559 τῶν
1204 1504 1369 1558 ἐθνῶν
1396 1503 1464 1556 τὰ
1523 1504 1621 1573 τῆς
1662 1501 1755 1555 τοῦ
1787 1500 1923 1553 Θεοῦ

2023 1502 2212 1542 omnes
2248 1484 2474 1555 populos
2524 1485 2576 1537 in
2630 1482 2827 1536 Christi
2888 1480 3147 1535 Ecclesiis
3204 1482 3586 1544 cernebantur,

358 1571 629 1676 βασιλείας
649 1571 711 1655 σύ
720 1601 885 1672 μϐολα
906 1600 1013 1669 κϐἰ)
1032 1598 1116 1652 διὰ
1130 1597 1236 1651 τῶν
1252 1571 1757 1665 Ἑκκλησιῶναύτοῦ
1773 1592 1925 1646 ἐθεω-

2023 1578 2267 1651 plurimis
2291 1579 2398 1644 jam
2428 1576 2734 1631 hominibus
2759 1575 2825 1627 ad
2859 1573 3113 1627 salutaris
3156 1571 3426 1640 Evangelii
3464 1584 3590 1625 nor-

363 1666 523 1770 ρείτο,
550 1666 758 1769 μυρίων
792 1697 847 1748 ὲν
889 1666 1081 1754 αὑταῖς
1112 1689 1253 1744 κατὰ
1291 1688 1353 1741 τὸ
1384 1689 1649 1757 σωτήριον
1676 1684 1923 1753 Εὐαγγέ-

2024 1686 2164 1725 mam
2211 1671 2514 1724 viventibus
2543 1709 2558 1732 ,
2623 1678 2677 1724 et
2724 1670 3016 1738 prophetas
3064 1675 3274 1719 veteres
3338 1666 3586 1734 ipsosque

356 1790 471 1843 λιον
496 1789 772 1860 βιούντων,
814 1788 927 1849 τοῖς
962 1801 1021 1837 τε
1048 1783 1298 1844 παλαιοῖς
1325 1780 1628 1851 προφήταις
1655 1777 1749 1831 καὶ
1775 1774 1923 1846 αύτῷ
1957 1832 1987 1860 η

1957 1832 1976 1860 Ι
2023 1761 2415 1823 Abrahamutn,
2450 1761 2684 1814 lsaacum
2721 1757 3157 1826 atqneJacobutn
3201 1756 3444 1823 religiosa
3477 1756 3583 1824 pie-

1977 1835 1994 1860 ι
2302 1854 2310 1860 .
2412 1852 2445 1860 .-
2640 1852 2650 1860 .
2735 1851 2746 1860 .
2774 1852 2784 1860 .
2983 1852 2995 1860 .
3022 1850 3031 1860 ι
3086 1857 3095 1860 Α

1477 1832 1668 1924 ’ίακωϐ
1722 1832 1924 1937 ὁμοίως
1953 1832 1988 1885 Β

1955 1832 1995 1885 Β
2025 1863 2131 1907 tale
2157 1852 2532 1907 mmulanlibus
2560 1870 2573 1904 :
2607 1851 2873 1919 siquidem
2903 1859 2957 1903 et
2983 1850 3059 1911 hi,
3084 1857 3326 1916 tempore
3353 1862 3586 1915 pra-ver-

359 1938 628 2026 θεοσεϐεἴν
648 1938 1108 2040 έριλοτιμουμένων
1129 1983 1141 1994 ·
1172 1964 1297 2018 ἐπεὶ
1338 1938 1597 2024 κάκεῖνοι,
1626 1957 1922 2030 προλαϐόν-

2026 1953 2195 1999 tentes
2249 1942 2412 1996 Musis
2460 1942 2640 2008 leges,
2706 1944 2813 1993 vita
2878 1939 3190 2005 evangelica
3234 1953 3299 1991 ac
3351 1938 3591 1992 moribus

359 2081 450 2127 τες
479 2065 591 2125 τοῖς
629 2028 839 2133 χρόνοις
878 2028 1004 2121 τοίας
1035 2056 1309 2117 Μωῦσέως
1334 2054 1549 2124 νόμους,
1584 2028 1833 2121 τῷῗκατὰ
1863 2046 1924 2101 τὸ

2022 2036 2389 2090 inclaruerunt
2417 2052 2431 2100 ;
2472 2034 2596 2105 quia
2627 2035 2885 2086 traditum
2916 2032 3018 2085 sibi
3055 2047 3083 2083 a
3111 2030 3410 2099 mnjnrlbus
3437 2028 3589 2099 poly-

362 2117 691 2219 Εύαγγέλιδν
725 2117 833 2218 βίῳ⁷
844 2164 903 2200 τε
924 2117 1016 2200 καὶ
1046 2144 1230 2214 τρόπῳ
1256 2117 1571 2211 διέλοι-μψαν,
1604 2117 1702 2209 τῆς
1733 2139 1830 2210 μὲν
1861 2140 1925 2190 ὲκ

2026 2129 2237 2182 theismt
2274 2141 2513 2181 errorem
2544 2127 2880 2185 damnautes,
2914 2122 3236 2175 universalis
3283 2118 3374 2173 Dei
3405 2117 3592 2187 cogni-

363 2200 881 2311 ήκόύσης
910 2238 988 2298 εἰς
1015 2200 1214 2297 αὐτοὺς
1252 2200 1509 2286 πολυθέόυ
1797 2244 1927 2281 κατ-

2027 2220 2223 2274 tionem
2286 2220 2630 2287 adoptarunt.
2687 2218 3028 2285 Quapropter
3073 2213 3224 2267 tntilli
3274 2211 3476 2267 ethnici
3527 2226 3592 2265 ex

365 2305 684 2400 εγνωκότες,
718 2325 811 2382 τοῦ
909 2328 1003 2381 ἐπὶ
1029 2327 1244 2381 πάντων
1266 2324 1401 2378 Θεοῦ
1424 2323 1523 2393 τὴν
1548 2322 1749 2391 γνῶσιν
1781 2322 1926 2375 ἀνει-

2024 2314 2233 2367 oriente
2294 2323 2456 2379 atque
2517 2324 2708 2364 occasu
2756 2306 2971 2361 venturi
3034 2306 3309 2369 dicuntur,
3369 2305 3596 2374 parique

364 2399 612 2492 ληφότες.
656 2419 746 2472 Διὸ
776 2419 841 2489 δὴ
870 2417 976 2471 τῶν
1007 2416 1173 2471 ἐθνῶν
1213 2418 1261 2469 οἰ
1318 2414 1500 2468 πολλοὶ
1531 2413 1624 2467 ἀπ’
1658 2411 1926 2467 ἀνατολῶν

2026 2405 2235 2457 honore
2269 2402 2431 2456 futuri
2462 2410 2623 2469 atque
2648 2401 3006 2465 Abrahamus,
3033 2399 3119 2451 vir
3143 2399 3354 2463 beatus,
3380 2409 3596 2467 propter

366 2490 460 2568 καὶ
485 2510 700 2582 δυσμῶν
726 2510 875 2579 ἥξειν
905 2508 1167 2579 εἴρηνται,
1210 2507 1306 2560 καὶ
1335 2507 1563 2575 ἰσότιμοι
1608 2504 1926 2575 γενήσεσθαι

2026 2494 2200 2549 simile
2237 2493 2359 2547 vitae
2384 2508 2572 2562 genus.
2621 2490 2820 2545 Horum
2854 2506 2979 2543 vero
3027 2490 3229 2558 posteri
3272 2505 3336 2545 ac
3376 2504 3592 2545 sucres-

364 2607 478 2667 τοῖς
509 2578 653 2672 άμιρὶ
682 2578 773 2655 τὸν
819 2578 1068 2671 Ἁϐραάμ
1115 2597 1404 2671 μακαρίοις
1445 2596 1667 2669 ἀνδράσι
1710 2594 1797 2648 διὰ
1831 2594 1927 2666 τὴν

2026 2598 2197 2647 Sores,
2250 2582 2343 2635 lilii
2393 2583 2541 2650 regni
2597 2581 2665 2635 ob
2718 2595 2847 2634 suus
2896 2581 3274 2649 progenitores
3327 2578 3591 2633 nominati

370 2691 490 2761 ίσην
510 2671 739 2753 ἐκείνοις
764 2689 909 2759 ζωήν
935 2703 947 2717 ·
976 2689 1025 2739 οἰ
1056 2686 1101 2739 δ’
1131 2684 1311 2739 αὐτῶν
1340 2685 1557 2739 ἐκείνων
1591 2682 1843 2750 άπόγονοί
1868 2699 1927 2735 τε

2025 2686 2171 2729 sunt.
2212 2672 2457 2742 Namque
2484 2673 2669 2725 intima
2705 2673 2751 2725 vi
2789 2672 2921 2739 ipsis
2945 2685 3160 2739 quoque
3200 2671 3369 2725 inerat
3397 2711 3411 2734 ,
3444 2686 3597 2737 atque

365 2783 460 2835 καὶ
492 2781 742 2850 διάδοχοι,
771 2780 877 2832 υἰοὶ
925 2778 1024 2849 τῆς
1078 2775 1353 2847 βασιλείας
1375 2774 1462 2828 διά
1499 2775 1623 2838 τοὺς
1654 2774 1928 2846 προπάτο-

2028 2784 2092 2821 ac
2121 2765 2841 2835 progenitoribus,caelestis
2886 2766 3034 2834 regni
3080 2765 3444 2833 participatio.
3492 2763 3598 2818 Sed

367 2890 467 2943 ρας
494 2870 907 2941 ὠνομασμένον
941 2868 1166 2938 δυνάμει
1198 2866 1306 2937 γάρ
1337 2867 1430 2919 καὶ
1458 2867 1639 2928 αὐτοῖς
1673 2866 1929 2936 μετουσία

2028 2859 2171 2914 enim
2202 2859 2344 2927 quod
2373 2874 2402 2911 a
2434 2873 2491 2911 re
2533 2859 2796 2926 promissa
2829 2858 3151 2921 exciderint,
3194 2858 3419 2911 evidens
3457 2855 3598 2923 indi-

362 2957 432 3034 ἦν
456 2960 652 3033 ὁμοίως
677 2963 787 3024 τοῖς
817 2958 1155 3030 προπάτορσι
1189 2958 1288 3028 τῆς
1332 2957 1582 3029 οὐρανίου
1614 2955 1889 3026 βασιλείας
1910 2971 1926 2986 ο

2029 2951 2168 3005 cium
2194 2958 2275 3002 est
2301 2948 2447 3001 urbis
2476 2949 2717 3014 vastitas,
2759 2948 2937 3017 templi
2973 2948 3245 3011 ohsessio,
3275 2956 3329 3000 et
3364 2947 3596 3017 ipsorum

365 3052 512 3115 ὅπως
557 3051 851 3120 ἀπόϐλητοι
898 3050 1002 3103 τῶν
1045 3046 1381 3116 ἐπαγγελιῶν
1435 3046 1706 3115 γεγόνασι,
1735 3046 1931 3117 δεῖγμα

2031 3058 2125 3113 per
2156 3056 2343 3095 omnes
2377 3051 2561 3107 gentes
2591 3041 2889 3109 dispersio,
2941 3041 3173 3095 servitus
3212 3038 3350 3108 apud
3387 3038 3587 3100 hostes.

367 3142 593 3214 ιναργὲς
616 3142 716 3212 τῆς
743 3141 948 3204 πόλεως
971 3142 1002 3211 ή
1030 3136 1358 3212 ἐρημία,τοῦ
1387 3136 1529 3210 ἱεροῦ
1560 3138 1593 3208 ἠ
1628 3134 1926 3206 πολιορκία,
1956 3184 1996 3214 ί,

1965 3184 1996 3214 Γ,
2033 3133 2359 3202 insuperque
2393 3131 2617 3199 legitimi
2650 3131 2863 3185 illorum
2893 3132 3073 3203 cultus
3095 3131 3324 3185 cessatio
3348 3169 3363 3191 ,
3397 3130 3596 3184 Christi

368 3230 462 3284 καὶ
495 3228 722 3299 αύτῶνὴ
762 3232 841 3293 εἰς
884 3229 1058 3281 πάντα
1079 3226 1146 3280 τὰ
1177 3226 1302 3296 ἔθνη
1327 3223 1611 3296 διασπορὰ,
1643 3225 1737 3279 καὶ
1766 3226 1799 3295 η
1826 3224 1929 3277 ὑπὸ
1957 3221 1997 3241 ν

1969 3221 1997 3241 ⁸³
2035 3226 2318 3295 ignoratio,
2351 3232 2402 3279 et
2428 3225 2493 3279 ab
2526 3223 2836 3294 evangelica
2866 3224 3110 3278 doctrina
3146 3224 3422 3278 alienatio.
3478 3221 3600 3276 llaec

370 3323 478 3384 τοῖς
506 3319 716 3391 ἐχθροῖς
744 3318 972 3377 δουλεία,
1008 3318 1098 3370 καὶ
1120 3318 1210 3370 ἐπὶ
1232 3316 1436 3379 τούτοις
1473 3317 1506 3387 ἡ
1538 3315 1790 3387 στέρησις
1833 3315 1931 3385 τῆς

2040 3315 2239 3380 omnia,
2303 3316 2544 3384 inquam,
2598 3317 2748 3384 signa
2801 3317 3085 3384 perspicua
3135 3324 3262 3368 sunt
3310 3330 3495 3369 carum
3549 3315 3600 3367 in

369 3410 509 3465 κατὰ
536 3411 603 3464 τὰ
634 3408 837 3480 νόμιμα
865 3407 1040 3461 αὐτῶν
1072 3405 1383 3477 θρησκείας,
1415 3404 1507 3457 τοῦ
1550 3421 1607 3457 τε
1635 3401 1868 3475 Χριστοῦ
1902 3404 1935 3474 ἠ

2040 3404 2232 3472 quibus
2257 3414 2543 3458 versantur
2573 3405 2937 3469 tenebrarum,
2964 3414 3251 3474 propterea
3278 3404 3422 3473 quod
3457 3402 3600 3457 salu-

367 3502 630 3571 άγνωσία,
661 3500 754 3555 καὶ
781 3499 888 3553 τῶν
919 3496 1287 3566 εύαγγελικῶν
1318 3495 1652 3567 μαθημάτων
1692 3496 1727 3566 ὴ
1763 3491 1937 3548 ἁπαλ-

1201 3496 1287 3550 ιῶν
1318 3495 1652 3567 μαθημάτων
1692 3496 1727 3566 ὴ
1763 3491 1937 3548 άπαλ-
2042 3495 2142 3549 tari
2171 3494 2358 3548 lumini
2397 3496 2660 3550 adversati
2689 3504 2832 3549 sunt.

368 3592 675 3666 λοτρίωσις·
708 3592 876 3647 ταῦτα
908 3591 1017 3663 γάρ
1048 3590 1259 3643 ἅπαντα
1306 3590 1505 3659 σημεῖα
1536 3590 1751 3659 ἐμφανῆ
1795 3585 1880 3658 εἴη
1936 3584 2004 3640 ἂν
2045 3586 2138 3640 τοῦ
2182 3586 2519 3651 διαλαϐόντος
2564 3587 2760 3651 αὐτοὺς
2814 3585 3057 3653 σκότους,
3089 3604 3134 3656 ῳ
3164 3583 3606 3659 περιπεπτώκασι

368 3687 457 3741 διὰ
482 3686 579 3758 τὴν
599 3685 693 3739 τοῦ
722 3684 987 3756 σωτηρίου
1017 3684 1193 3753 φωτὸς
1215 3681 1551 3735 ἐναντίωσιν.

440 3805 517 3858 Δι’
545 3796 606 3857 οὗ
632 3803 775 3857 δοκεῖ
809 3819 897 3873 μοι
916 3800 1025 3871 (63)
1041 3800 1103 3853 τὸ
1125 3797 1409 3869 γνώρισμα
1428 3797 1526 3866 τῆς
1548 3796 1822 3867 βασιλείας
1834 3796 1934 3850 αύ-

2100 3792 2205 3848 Per
2239 3792 2343 3847 hoc
2378 3790 2593 3845 videtur
2623 3790 2755 3846 mihi
2804 3791 2954 3861 regni
2986 3790 3154 3861 ipsius
3188 3792 3460 3846 notionem
3487 3800 3601 3848 tra-

369 3898 471 3967 τῆς
525 3895 874 3964 ὑποφαίνειν,
928 3893 1010 3947 ὃτι
1064 3892 1128 3962 δὴ
1172 3890 1431 3960 βασιλέως
1488 3889 1935 3961 ὲντετυπωμὲνην

2030 3887 2179 3951 dere,
2208 3886 2332 3955 quia
2366 3883 2506 3953 regis
2536 3883 2855 3952 impressam
2875 3882 3186 3954 imaginem,
3210 3884 3415 3937 denarii
3444 3899 3605 3939 cusus

373 3985 557 4039 εἰκόνα
592 3982 685 4038 τοῦ
717 3982 969 4055 δηναρίου
1007 3981 1068 4035 τὸ
1108 3981 1369 4051 χάραγμα
1412 3980 1681 4051 σημαίνει.
1723 3978 1935 4050 Ἐπειδὴ

2031 3986 2188 4048 typus
2221 3978 2464 4030 exhibet.
2496 3974 2631 4043 Quia
2676 3974 2838 4051 igitur
2882 3985 3112 4029 cunctus
3144 3975 3194 4029 in
3235 3974 3442 4029 vineam
3477 3991 3603 4045 pro-

373 4079 550 4133 τοίνυν
589 4078 794 4140 πάντας
834 4077 959 4139 τοὺς
992 4074 1086 4127 ἐπὶ
1135 4074 1224 4127 τὸν
1260 4072 1558 4143 ἀμπελῶνα
1595 4073 1690 4127 καὶ
1732 4072 1792 4126 τὸ
1836 4071 1934 4142 τῆς

2031 4069 2198 4125 fectus
2243 4078 2298 4124 et
2348 4068 2648 4139 religiosam
2680 4069 2931 4137 pietatem
2963 4067 3237 4136 amplexos
3260 4108 3277 4130 ,
3314 4083 3525 4139 unaque
3552 4078 3607 4125 et

375 4169 682 4233 θεοσεϐείας
714 4168 1011 4237 πολίτευμα
1049 4160 1433 4236 παρελθόντας,
1466 4166 1593 4235 μιᾶς
1620 4181 1678 4217 τε
1711 4164 1805 4216 καὶ
1838 4162 1932 4234 τῆς

2036 4160 2223 4214 eadem
2291 4175 2456 4228 opera
2510 4158 2824 4228 perfunctos
2860 4197 2876 4223 ,
2957 4159 3143 4214 eodem
3207 4174 3373 4231 regno
3441 4161 3600 4230 potiri

373 4256 544 4327 αὐτῆς
603 4254 863 4326 ἐργασίας
911 4253 1251 4324 ἁψαμένους,
1288 4252 1386 4324 τῆς
1439 4251 1607 4322 αὐτῆς
1664 4251 1937 4323 βασιλείας

2035 4266 2246 4320 aequum
2271 4262 2412 4316 erat,
2435 4251 2553 4307 ideo
2580 4252 2789 4307 cunctis
2812 4253 2959 4321 regni
2995 4252 3320 4322 symbolum,
3352 4255 3607 4310 denarius

377 4345 663 4416 μετασχεῖν
683 4339 749 4413 ἦν
773 4342 996 4404 δίκαιον,
1023 4342 1209 4394 τούτου
1239 4342 1395 4412 χάριν
1425 4341 1649 4405 εἰκότως
1676 4344 1787 4403 τοῖς
1807 4343 1939 4395 πᾶσι

2039 4344 2305 4408 videlicet,
2328 4344 2452 4411 jure
2486 4343 2682 4411 datur;
2713 4358 2942 4412 quorum
2984 4344 3072 4396 alii
3126 4344 3345 4413 quidem
3380 4345 3447 4399 ab
3475 4347 3604 4401 ador

376 4436 472 4506 τῆς
505 4434 776 4504 βασιλείας
810 4432 872 4486 τὸ
905 4432 1168 4504 σύμϐολον
1199 4433 1258 4486 τὸ
1292 4431 1544 4504 δηνάριον
1577 4432 1898 4486 ἀποδίδωσιν
1922 4475 1938 4499 ,

2039 4436 2297 4492 lesceutia
2328 4436 2546 4488 fuerunt
2575 4435 2769 4501 vocati,
2804 4436 2896 4490 alii
2923 4436 3068 4490 circa
3101 4437 3334 4489 medium
3364 4437 3608 4492 humana:

375 4520 451 4580 ὧν
475 4528 523 4579 οἰ
559 4526 656 4596 μὲν
682 4527 740 4579 ἂν
771 4525 981 4595 νεότητι
1012 4523 1336 4595 ἐκλήθησαν,
1364 4527 1412 4577 οἰ
1430 4525 1486 4579 δὲ
1512 4525 1636 4597 περὶ
1662 4525 1752 4578 τὸν
1781 4525 1941 4596 μέσον

2043 4528 2165 4582 vita:
2195 4535 2430 4596 tempus,
2472 4526 2562 4579 alii
2596 4525 2649 4579 in
2698 4536 2914 4581 aetatem
2960 4526 3071 4594 jam
3123 4526 3330 4581 virilem
3386 4537 3441 4583 et
3490 4543 3610 4597 per-

375 4617 474 4688 τῆς
502 4613 787 4688 ἀνθρώπου
821 4614 965 4684 ζωῆς
994 4612 1205 4684 χρόνον,
1250 4614 1301 4667 οἱ
1334 4613 1391 4666 δὲ
1426 4611 1516 4666 τὸν
1549 4612 1716 4684 ἄνδρα
1738 4612 1936 4666 τέλειον
1972 4601 2006 4654 Π

1979 4601 2011 4654 ί)
2041 4616 2234 4671 lectam
2267 4614 2527 4684 provecti,
2558 4614 2646 4668 alii
2680 4614 2914 4684 denique
2947 4614 3058 4685 jam
3098 4631 3256 4671 senes
3306 4627 3359 4671 et
3404 4618 3456 4670 in
3489 4618 3610 4672 vita:

379 4708 480 4779 ἤδη
519 4710 611 4761 καὶ
650 4705 1063 4777 ὑπερϐεϐηκότα
1095 4704 1475 4774 ἀνειληφότες,
1506 4706 1554 4758 οἰ
1586 4704 1643 4757 δὲ
1679 4703 1820 4759 κατὰ
1848 4704 1939 4758 τὸν

2040 4721 2290 4763 occasum
2324 4705 2561 4759 decidui.
2603 4703 2854 4758 Fortasse
2888 4704 3082 4773 aliquis
3127 4706 3288 4760 aliter
3312 4706 3608 4776 explanatis

377 4796 688 4870 πρεσϐύτην
725 4796 888 4849 αὐτὸν
922 4794 1180 4866 γηραλέοι
1222 4794 1405 4847 λοιπὸν
1453 4793 1547 4847 καὶ
1577 4793 1703 4864 περὶ
1734 4792 1941 4864 δυσμὰς

2044 4800 2206 4862 dicet,
2262 4812 2563 4867 congruere
2588 4796 2859 4867 parabulm
2910 4798 3272 4866 signiﬁcatum
3308 4799 3502 4866 priscis
3541 4801 3609 4853 ab

378 4889 591 4961 ἔχοντες
618 4888 713 4942 τοῦ
736 4887 872 4959 βίου.
907 4888 1062 4941 Είποι
1087 4886 1130 4939 δ’
1160 4885 1224 4939 ἄν
1251 4902 1337 4949 τις
1369 4886 1463 4939 καὶ
1495 4884 1695 4956 ἑτέρως
1715 4882 1942 4955 ἐξηγού-

2044 4891 2361 4948 exordieute
2397 4894 2594 4946 mundo
2634 4906 2804 4961 usque
2829 4892 2895 4946 ad
2923 4892 3041 4960 ejus
3087 4893 3606 4947 consummationem

381 4998 539 5052 μενος
568 4979 926 5051 ἐφαρμόττειν
953 4978 1022 5033 τὰ
1048 4978 1134 5032 διά
1164 4979 1261 5049 τῆς
1293 4976 1602 5049 παραϐολῆς
1642 4973 1944 5047 δηλούμενα

2046 4984 2226 5039 divina
2262 4984 2540 5039 vocatione
2575 4984 2808 5053 dignatis
2838 4984 3186 5047 hominibus;
3233 4985 3305 5037 ita
3354 4996 3413 5038 ut
3451 5001 3609 5042 mane

376 5073 489 5134 τοῖς
529 5071 791 5124 ἀνέκαθεν
830 5073 894 5124 ὲκ
933 5069 1155 5142 πρώτης
1208 5067 1299 5122 τοῦ
1340 5067 1456 5137 βίον
1500 5066 1741 5130 στάσεως
1782 5066 1942 5141 μέχρι

2051 5074 2225 5129 vocati
2286 5075 2540 5129 dicantur
2595 5076 2662 5128 ad
2727 5074 3005 5141 religionis
3056 5088 3190 5143 opus
3227 5073 3301 5127 illi
3331 5075 3420 5144 qui
3455 5076 3611 5131 initio

383 5162 689 5226 συντελείας
705 5163 1144 5234 καταξιουμένοις
1158 5163 1254 5231 τῆς
1274 5160 1455 5215 ἐνθέου
1478 5160 1737 5233 κλήσεως·
1756 5160 1942 5232 ὥσπερ

2046 5166 2227 5219 mundi
2266 5164 2407 5233 jnste
2463 5164 2714 5218 vixerunt
2746 5183 2759 5218 :
2797 5165 3031 5218 secundo
3102 5163 3220 5218 loco
3287 5163 3472 5221 Enuch
3549 5182 3612 5219 ac

380 5248 500 5322 ἅμα
528 5251 669 5325 πρωῒ
691 5253 984 5323 κεκλῆσθαι
1011 5254 1185 5318 λέγειν
1216 5254 1307 5307 ἐπὶ
1328 5252 1423 5325 τὴν
1447 5252 1751 5316 θεοσεϐείας
1780 5253 1943 5325 ἐργα-

2042 5254 2198 5311 Noe:
2230 5260 2385 5311 tertia
2443 5255 2574 5309 hora
2622 5256 2964 5311 Abraltatnus
2995 5274 3009 5309 :
3044 5267 3197 5311 sexta
3257 5257 3384 5311 hora
3437 5257 3611 5311 Moses

383 5342 505 5396 σίαν
529 5344 653 5408 τοὺς
688 5344 824 5398 κατὰ
844 5346 941 5415 τὴν
966 5346 1138 5417 ἀρχὴν
1167 5344 1259 5398 τοῦ
1289 5345 1403 5416 βίου
1444 5344 1689 5417 πρώτους
1721 5344 1942 5399 δικαιω-

2041 5356 2095 5403 et
2147 5346 2312 5403 Jusue
2359 5366 2424 5402 ae
2473 5349 2684 5417 jutliees
2721 5363 2737 5401 :
2779 5365 2919 5404 nona
2950 5349 3103 5409 Abora
3162 5350 3407 5405 homines
3453 5360 3609 5406 atate

385 5431 603 5515 θέντας·
637 5434 918 5507 δευτέρους
943 5435 999 5488 δὲ
1018 5436 1143 5499 τοὺς
1172 5436 1315 5507 ἀμφὶ
1341 5437 1433 5489 τὸν
1467 5434 1635 5507 Ἑνὼχ
1668 5437 1763 5490 καί
1792 5436 1938 5489 Νῶε·

2039 5443 2419 5509 prophetarum
2454 5458 2468 5494 :
2512 5441 2743 5509 denique
2796 5443 3076 5495 undecima
3108 5442 3239 5495 hora
3267 5442 3345 5496 illi
3367 5434 3469 5512 qui
3486 5452 3608 5511 post

448 5640 566 5725 (ϐξ)
605 5641 1257 5725 gymbolajntelllguntnr
1287 5643 1584 5725 praesertim
1621 5650 1944 5725 eritceskgt
2041 5643 2075 5667 "

2041 5643 2075 5667 "
2114 5644 2225 5725 (65>
2263 5644 2503 5725 βεφιρηε
2542 5644 2907 5725 manentem
2928 5648 3196 5725 ,υειιιιερά
3229 5646 3525 5725 ἀνεφέρετο
3551 5647 3604 5702 in

381 5710 760 5855 εἶξιῗὲἲὶ
807 5714 946 5771 solet
987 5710 1322 5784 Nicephoru’s
1358 5714 1421 5787 in
1457 5728 1620 5786 opere
1672 5713 1777 5769 Pro
1829 5711 1932 5770 SS.
1982 5777 2010 5803 ι,
2042 5710 2226 5774 codice
2250 5719 2294 5771 Δ
2322 5710 2516 5773 dicitur
2539 5710 2753 5775 Eusebii
2781 5719 2945 5775 simul
2967 5710 3320 5791 et'Origcuis.
