4130 6400
572 311 673 368 571
1271 311 1539 368 EUSEBII
1577 311 2058 370 CIESARIENSIS
2093 315 2244 372 OPP.
2285 317 2465 374 PARS
2497 318 2586 375 Ill.
2621 349 2692 360 —
2730 317 3138 376 EXEGETICA.
3701 320 3810 376 572

571 426 742 481 divini
767 425 1076 480 Servatoris
1099 425 1591 480 manil‘estationem
1612 426 1955 484 exstiterunt.
1971 427 2121 500 Aiqlll

2245 432 2370 496 τοὺς
2409 433 2536 504 περὶ
2565 432 2664 504 τὴν
2691 433 2878 504 τρίτην
2911 434 3040 496 τοὺς
3078 433 3221 503 ἀμφὶ
3252 432 3342 486 τὸν
3379 431 3655 505 Ἀϐραάμ·
3681 436 3810 498 τοὺς

573 519 678 574 bos
707 533 897 574 omnes
924 518 1116 586 dig-nos
1136 532 1257 571 esse
1286 517 1498 570 habitos
1523 516 1666 571 dicet
1693 533 1798 571 una
1845 519 2121 590 eademque

2239 525 2295 578 δὲ
2329 527 2456 598 περὶ
2477 525 2572 597 τὴν
2597 525 2762 597 ἕκτην
2777 527 2902 589 τούς
2933 525 3076 595 ἀμφὶ⁸
3107 523 3196 577 τὸν
3222 524 3458 578 Μωύσέα
3479 526 3572 579 καὶ
3603 524 3808 596 Ἰησοῦν

572 609 846 672 mercede,
875 606 1100 662 denario
1143 606 1467 677 signiﬁcata,
1515 606 1609 676 qui
1664 607 1718 662 in
1772 609 1864 664 Dei
1909 625 2121 681 regnum

2240 615 2333 668 καὶ
2371 616 2596 687 κριτάς·
2641 617 2766 679 τοὺς
2808 615 2867 668 δὲ
2897 615 3025 686 περὶ
3054 615 3152 686 τὴν
3181 614 3404 686 ὲννάτην
3435 615 3558 678 τοὺς
3597 616 3655 669 έν
3692 618 3806 680 τοῖς

572 699 942 755 deferebatur.
2239 708 2450 778 χρόνοις
2480 707 2586 762 τῶν
2620 707 2912 780 προφητῶν
2933 725 2947 738 °
2976 710 3099 772 τοὺς
3127 707 3183 761 δὲ
3219 708 3348 779 περὶ
3374 707 3470 779 τὴν
3495 708 3806 780 ἑνδεκάτην,

570 793 698 855 τοὺς
727 792 863 862 μετά
899 793 999 862 τὴν
1035 793 1298 865 σοηήριον
1332 791 1647 861 θεοφάνειαν
1667 811 1680 823 ·
1717 793 1809 858 οῦς
1838 795 1902 866 δή
1935 796 2141 862 πάντας
2168 803 2667 875 καταξιωθήσεσθαι
2701 805 2815 869 ἑνὸς
2842 805 2936 858 καὶ
2966 803 3060 857 τοῦ
3099 804 3261 859 αὐτοῦ
3309 803 3498 876 μισθοῦ
3521 803 3614 858 τοῦ
3667 807 3804 861 κατά

571 887 632 940 τὸ
655 887 904 959 δηνάριον
934 887 1322 959 δεδηλωμένου,
1348 889 1483 960 ὅπερ
1511 890 1591 952 είς
1627 889 1724 960 τήν
1755 889 1846 943 τοῦ
1877 890 2012 944 Θεοῦ
2041 893 2314 964 βασιλείαν
2340 899 2648 970 ἀνεφέρετο.

2249 995 2330 1048 Οὐ
2353 994 2439 1064 μή
2462 1013 2538 1066 με
2559 995 2728 1063 ἴδητε
2763 995 2873 1061 ἕως
2903 994 2980 1049 ἂν
3005 995 3125 1066 ἥξῃ
3149 993 3250 1066 ὅτε
3271 993 3505 1060 εἴπητε·
3538 997 3805 1066 Εὐλογη-

813 1073 984 1127 dictus
1009 1075 1099 1143 qui
1138 1063 1274 1128 venit
1317 1073 1373 1126 in
1416 1075 1621 1126 nomine
1653 1073 1889 1131 Domini.
1945 1063 1957 1074 ’
2034 1063 2042 1064 ί
2080 1063 2111 1065 Η

2357 1063 2365 1064 ί
2412 1063 2597 1134 μένος
2622 1068 2654 1119 ό
2681 1066 3000 1135 ἐρχόμενος
3029 1065 3098 1117 ὲν
3125 1065 3365 1133 ὀνόματι
3391 1066 3627 1132 Κυρίου.

639 1161 843 1232 Nempe
881 1163 1043 1218 iidem
1089 1165 1366 1228 homines,
1408 1163 1730 1231 quibuscum
1790 1167 2121 1234 presentibu.

2311 1157 2474 1209 Αὐτοὶ
2501 1157 2610 1227 γὰρ
2644 1159 2837 1210 ἐκεῖνοι
2855 1199 2870 1223 ,
2910 1153 2991 1220 οἷς
3019 1157 3136 1210 τότε
3164 1155 3355 1227 παρὼν
3385 1156 3614 1226 παροῦσι
3645 1155 3806 1210 διελέ-

566 1269 806 1322 przesens
837 1253 950 1324 ipse
981 1253 1324 1323 loquebatur,
1356 1253 1540 1308 statim
1569 1268 1631 1308 ac
1658 1269 1781 1308 eum
1812 1256 1990 1312 divina
2015 1275 2121 1314 cun

2239 1265 2391 1318 γετο,
2415 1247 2677 1318 θεώμενοι
2703 1247 2863 1302 αὐτὸν
2891 1247 3028 1319 μετά
3052 1249 3150 1318 τῆς
3177 1248 3357 1301 ἐνθέου
3387 1245 3562 1317 δόξης,
3591 1247 3683 1300 καὶ
3707 1247 3808 1300 σὺν

566 1343 743 1411 gloria
801 1353 962 1411 atque
1020 1342 1336 1412 angelorum
1392 1343 1650 1397 comitatu
1709 1343 2012 1400 venientem
2070 1347 2121 1403 dt

2245 1338 2488 1408 ἀγγέλων
2526 1339 2820 1412 δορυφορίᾳ
2843 1339 3133 1411 ἐρχόμενον
3153 1337 3210 1404 ἐξ
3237 1337 3497 1409 οὐρανῶν,
3530 1336 3805 1408 ὁμολογεῖν

565 1434 706 1488 cutio
740 1435 995 1498 viderint,
1033 1443 1294 1504 cogentur
1356 1451 1477 1489 eum
1524 1435 1768 1488 conﬁteri
1798 1436 2121 1494 benediclutt

2244 1429 2745 1500 ἀναγκασθήσονται
2792 1429 2952 1483 αὐτὸν
2995 1423 3133 1481 εἷναι
3173 1428 3262 1481 τὸν
3307 1427 3667 1498 εὐλογημένον
3716 1427 3806 1480 τὸν

574 1003 618 1034 ⁸⁸
660 1001 783 1056 Νοη
818 1019 896 1056 me
929 1003 1192 1066 videbitis,
1220 1004 1384 1057 donec
1413 1005 1582 1056 veniat
1616 1019 1733 1074 cum
1754 1005 1958 1074 dicetis,
1981 1007 2148 1065 Bene-

565 1526 656 1591 qui
688 1526 829 1579 venit
860 1526 913 1579 in
937 1526 1155 1579 nomine
1191 1525 1397 1580 Domini
1430 1527 1604 1585 Patris
1631 1534 1733 1588 sui.

569 1619 611 1649 “
647 1620 821 1673 Homo
855 1618 1070 1688 quidam
1117 1616 1238 1686 fecit
1283 1632 1481 1737 atteram
1528 1623 1809 1692 magnam,
1855 1630 1904 1678 et
1938 1623 2136 1679 vocavit

1241 1702 1326 1737 mu
1377 1703 1458 1737 os.

1241 1702 1458 1742 multos.

636 1775 857 1830 Diversa
892 1787 975 1830 est
1005 1776 1119 1830 haec
1151 1774 1402 1844 parabola
1433 1778 1500 1830 ab
1538 1794 1601 1834 ea
1634 1796 1794 1850 quam
1846 1781 2132 1836 Matthaans

565 1868 752 1923 scribit
793 1869 856 1922 “.
892 1868 966 1922 lbi
1005 1867 1149 1921 enim
1205 1882 1320 1930 rex,
1373 1870 1678 1940 nuptimque
1725 1873 1815 1926 ﬁlii
1867 1873 2025 1943 regii,
2079 1883 2134 1927 et

565 1967 850 2013 vocatores
893 1958 1048 2013 multi
1092 1967 1236 2023 sunt,
1272 1967 1327 2011 et
1357 1962 1532 2014 vocati
1567 1979 1669 2016 non
1701 1964 1946 2028 iverunt,
2001 1965 2130 2032 quin

566 2049 676 2102 imo
703 2065 890 2104 servos
918 2050 1257 2104 contumeliis
1283 2049 1505 2106 aﬁectos
1531 2053 1867 2120 occiderunt,
1903 2061 1956 2108 et
1979 2069 2131 2108 exer-

564 2141 706 2197 citus
758 2153 1131 2197 commovetur
1185 2145 1238 2198 in
1287 2160 1569 2200 servorum
1628 2146 2030 2209 interfectores,
2080 2155 2136 2200 et

563 2233 783 2303 quidam
847 2235 916 2287 ob
978 2246 1177 2290 vestem
1246 2217 1521 2294 sordidam
1590 2237 1816 2306 nuptiali
1885 2237 2132 2292 convivio

563 2324 874 2393 expellitur.
909 2324 1007 2379 Hic
1046 2337 1226 2382 autem
1271 2345 1412 2385 unus
1445 2329 1604 2384 homo
1628 2329 1986 2384 introducitur
2017 2368 2032 2394 ,
2079 2338 2134 2382 et

561 2430 716 2470 cmna
747 2415 978 2480 privata,
1019 2427 1073 2472 et
1117 2435 1254 2474 unus
1281 2432 1504 2476 vocator
1540 2422 1794 2488 mittitur,
1849 2432 1904 2476 et
1959 2419 2132 2475 vocati

561 2507 925 2576 deprecantur
954 2512 1325 2565 tantummodo
1357 2513 1721 2576 vocationem.
1748 2513 2132 2583 occupationes

560 2612 688 2652 suas
719 2599 1133 2666 praetendentes.
1170 2603 1432 2673 Quodque
1477 2605 1612 2658 adeo
1652 2606 1978 2673 praecipuum
2017 2612 2122 2670 est,

559 2685 650 2740 illa
675 2686 725 2741 in
756 2688 951 2757 templo
974 2689 1114 2742 dicta
1149 2691 1251 2745 fuit
1274 2693 1415 2761 apud
1453 2693 1738 2762 pontiﬁces
1781 2693 2132 2761 senioresque

559 2777 764 2846 populi,
819 2779 934 2834 haec
981 2780 1032 2833 in
1076 2780 1298 2835 Galilaca
1338 2782 1483 2836 domi
1530 2784 1810 2851 cujusdam
1870 2783 2132 2851 principis

2243 1519 2535 1591 ἐρχόμενον
2560 1522 2617 1572 ὲν
2650 1518 2870 1589 ὀνόματι
2894 1518 3097 1590 Κυρίου
3130 1517 3222 1570 τοῦ
3254 1516 3446 1571 ἑαυτοῦ
3471 1517 3697 1588 Πατρός.

2246 1611 2576 1680 Ἄνθρωπός
2596 1628 2686 1676 τις
2699 1610 2948 1676 ἐποίησε
2961 1608 3208 1680 δεῖπνον
3231 1609 3404 1680 μέγα,
3427 1608 3524 1662 καὶ
3551 1606 3807 1662 ἐκάλεσε

2799 1681 3066 1745 πολλούς
3099 1679 3232 1749 (δι).

2319 1772 2596 1843 Ἀλλοτρία
2644 1773 2780 1844 αὐτη
2827 1774 2860 1842 ή
2907 1770 3188 1841 παραϐολὴ
3232 1769 3368 1840 πρὸς
3398 1767 3496 1840 τὴν
3532 1767 3683 1840 παρά
3725 1766 3806 1837 τῷ

2234 1861 2517 1932 Ματθαίῳ.
2571 1863 2719 1915 Ἐκεῖ
2756 1861 2853 1931 μὲν
2891 1859 2998 1932 γάρ
3034 1858 3306 1929 βασιλεὺς,
3359 1859 3454 1910 καὶ
3486 1857 3652 1928 γάμοι
3683 1855 3804 1909 υίοῦ

2235 1949 2517 2020 βασιλέως.
2540 1951 2632 2003 καὶ
2651 1951 2914 2021 κλήτορες
2943 1948 3148 2012 πολλοὶ,
3180 1947 3274 2000 καὶ
3298 1948 3347 2000 oi
3385 1946 3673 2018 κληθέντες
3701 1948 3805 2000 οὐκ

2232 2040 2491 2111 ἀπῆλθον,
2519 2040 2652 2094 ἀλλὰ
2675 2041 2766 2093 καὶ¹
2796 2041 2921 2102 τοὺς
2940 2039 3158 2106 δούλους
3183 2037 3410 2109 ὐσρισαν
3434 2037 3526 2091 καὶ
3553 2037 3806 2092 ἀπέκτει-

2231 2150 2349 2195 ναν,
2375 2135 2469 2186 καὶ
2497 2132 2808 2202 στράτευμα
2833 2131 3145 2202 κινούμενον
3164 2129 3304 2183 κατὰ
3318 2129 3427 2182 τῶν
3452 2130 3807 2201 ἀνῃρηκότων

2231 2224 2356 2285 τοὺς
2385 2221 2623 2284 δούλους,
2657 2221 2752 2273 καὶ
2777 2220 2806 2272 ό
2838 2219 2926 2273 διὰ
2951 2220 3051 2291 τὴν
3087 2216 3336 2290 ῥυπαρὰν
3383 2216 3582 2288 ἐσθῆτα
3609 2215 3806 2269 ὲκδαλ-

2231 2312 2454 2382 λόμενος
2475 2311 2567 2363 τοῦ
2599 2310 2798 2380 γάμου⁶
2823 2303 2926 2363 ὧδε
2944 2308 3002 2363 δὲ
3027 2308 3121 2364 ἀνθ
3131 2325 3308 2381 ρωπος
3328 2306 3602 2375 εἰσάγεται
3625 2305 3806 2375 ψιλὸς,

2231 2405 2325 2458 καὶ
2350 2405 2565 2457 δεῖπνον
2587 2402 2791 2466 ἁπλῶς,
2818 2403 2911 2456 καὶ
2934 2397 3013 2466 εἷς
3043 2401 3134 2454 ἐπὶ
3156 2400 3255 2472 τὴν
3286 2400 3477 2470 κλῆσιν
3527 2399 3808 2470 ἐκπέμπε-

2230 2512 2340 2562 ται,
2378 2495 2469 2548 καὶ
2512 2495 2561 2547 οἱ
2606 2493 2898 2563 κληθέντες
2942 2492 3330 2564 παραιτοῦνται
3361 2492 3518 2562 μόνον
3551 2491 3649 2563 τήν
3672 2490 3808 2562 κλῆ-

2234 2602 2339 2649 σιν,
2373 2585 2629 2655 ἀσχολίαν
2657 2584 3043 2656 σκηπτόμενοι.
3065 2584 3140 2637 Τδ
3163 2583 3219 2636 δὲ
3251 2584 3803 2656 κεφαλαιωδέστερον,

2230 2678 2313 2732 ὅτι
2335 2678 2518 2748 ἐκείνη
2549 2677 2645 2748 μὲν
2675 2678 2732 2730 ὲν
2760 2674 2840 2747 τῷ
2873 2675 3002 2748 ἱερῷ
3030 2675 3250 2729 λέλεκτο
3291 2675 3430 2746 πρὸς
3455 2677 3584 2740 τοὺς
3615 2678 3805 2747 ἀρχιε-

2234 2770 2346 2840 ρεῖς
2385 2768 2478 2820 καὶ
2510 2765 2910 2838 πρεσϐυτέρους
2947 2764 3041 2819 τοῦ
3069 2765 3221 2832 λαοῦ,
3273 2766 3410 2837 αὐτη
3461 2765 3506 2819 δ’
3555 2766 3647 2820 ἐπὶ
3695 2766 3805 2837 τῆς

560 2868 840 2925 Pharisaei.
889 2870 953 2924 Et
1003 2872 1219 2940 quidem
1269 2889 1410 2927 unus
1460 2874 1910 2928 discumbentium
1959 2874 2121 2938 audit,

2230 2858 2514 2922 Γαλιλαίας
2541 2860 2597 2912 ὲν
2616 2858 2760 2929 οἰκίᾳ
2777 2857 2921 2921 τινὸς
2947 2857 3204 2928 ἄρχοντος
3226 2857 3516 2929 Φαρισαίου
3531 2875 3544 2888 ·
3561 2857 3668 2911 τῶν
3690 2857 3804 2928 γὰρ

561 2961 757 3016 Beatus
790 2961 892 3014 eris
936 2963 1062 3030 quia
1109 2979 1211 3016 non
1253 2963 1443 3017 habent
1489 2965 1627 3034 quod
1669 2965 1762 3017 tibi
1807 2965 2121 3025 retribuam;

2233 2947 2703 3018 συνανακειμένων
2725 2964 2809 3010 τις
2835 2945 3071 3009 ἀκούσας
3099 2947 3179 3010 τδ,
3205 2946 3508 3016 Μακάριος
3543 2946 3676 3018 ἔσῃ,
3707 2946 3803 3000 ὅτι

565 3052 875 3105 retribuetur
911 3053 1049 3106 enim
1097 3055 1190 3106 tibi
1231 3055 1285 3107 in
1326 3054 1596 3124 justorum
1642 3057 2018 3109 resurrectione
2063 3055 2121 3109 ³³.

2233 3044 2344 3096 οὐκ
2377 3041 2629 3109 ἔχουσιν
2665 3040 3108 3095 ἀνταποδοῦναί
3141 3055 3241 3095 σοι
3269 3059 3282 3072 ·
3325 3041 3804 3110 ἀνταποδοθήσε-

561 3141 735 3198 Porro
803 3145 1126 3197 resurrectio
1192 3145 1331 3198 idem
1395 3160 1515 3198 esse
1582 3143 1897 3214 intelligitur
1968 3153 2121 3211 atque

2235 3149 2330 3185 ται
2358 3129 2471 3201 γάρ
2512 3145 2610 3185 σοι
2653 3132 2724 3184 ἐν
2761 3131 2837 3199 τῇ
2864 3129 3193 3185 ἀναστάσει
3239 3131 3358 3185 τῶν
3383 3131 3660 3188 δικαίων·
3694 3133 3800 3203 τῆς

560 3249 783 3303 regnum
819 3235 931 3288 Dei.
976 3233 1092 3289 .Iam
1125 3240 1261 3292 vero’
1301 3239 1347 3293 ei
1393 3240 1481 3306 qui
1531 3239 1767 3306 dixerat,
1801 3235 1995 3290 Beatus
2040 3237 2121 3305 qui

2233 3221 2579 3284 ἀναστάσεως
2609 3222 2700 3274 καὶ
2722 3221 2822 3290 τῆς
2848 3221 3118 3291 βασιλείας
3139 3221 3228 3276 τοῦ
3260 3222 3392 3276 Θεοῦ
3430 3225 3558 3294 μιᾶς
3582 3225 3673 3278 καὶ
3698 3226 3802 3296 τῆς

554 3339 745 3392 fauent
774 3331 1004 3380 comedet
1053 3327 1106 3380 in
1151 3343 1306 3397 regno
1340 3329 1435 3382 Dei
1461 3328 1547 3397 ¹¹⁵,ι
1577 3329 1826 3398 quisnam
1859 3336 2004 3382 esset
2041 3326 2121 3379 hic

2234 3315 2404 3385 αὐτῆς
2425 3314 2737 3385 νοουμένης.
2774 3315 2918 3386 Πρὸς
2935 3311 3028 3368 οὖν
3061 3315 3150 3368 τὸν
3186 3315 3460 3387 εἰρηκότα,
3495 3316 3802 3386 Μακάριος

557 3414 748 3470 beatus
785 3415 1080 3471 declaravit
1129 3416 1389 3472 Servator
1435 3435 1529 3488 per
1576 3416 1888 3488 parabolam
1922 3416 2121 3478 decus,

2232 3403 2400 3469 ὅστις
2432 3403 2687 3474 animum
2719 3404 2902 3488 ᾆρτον
2931 3405 3000 3459 ἐν
3037 3405 3111 3474 τῇ
3140 3406 3426 3474 βασιλείᾳ
3461 3408 3568 3462 τοῦ
3612 3408 3798 3472 Θεοῦ,

561 3506 733 3562 Homo
791 3511 1004 3580 quidam
1041 3526 1239 3564 cenam
1293 3525 1534 3581 magnam
1577 3487 1770 3579 ifecit;
1824 3523 2009 3563 rursus
2071 3520 2121 3562 se

2227 3493 2314 3557 τίς
2341 3493 2405 3546 ἂν
2442 3493 2648 3561 γένοιτο
2679 3487 2832 3556 οὗτος
2860 3495 2889 3546 ό
2931 3494 3195 3566 μακάριος
3230 3495 3317 3548 διά
3353 3495 3453 3564 τῆς
3485 3494 3800 3567 παραϐολῆς

559 3596 735 3666 ipsum
771 3602 858 3655 liis
883 3600 1061 3654 verbis
1083 3600 1356 3654 hominem
1400 3600 1700 3654 nominans.

2230 3588 2260 3639 ό
2287 3583 2478 3655 Σωτὴρ
2513 3584 2815 3656 παρίστησι
2842 3583 3037 3653 λέγων,
3065 3586 3395 3656 Ἄνθρωπός
3423 3604 3514 3653 τις
3547 3587 3800 3657 ἐποίησε

555 3689 804 3762 Quian-or
839 3691 1020 3762 μέγαο
1056 3691 1214 3746 πάλιν
1256 3691 1415 3756 αὐτὸς
1447 3692 1636 3746 ἑαυτὸν
1685 3693 1745 3746 ιν
1783 3691 1991 3753 τούτοις
2025 3687 2303 3758 ἄνθρωπον
2332 3677 2630 3749 ὀνομάζωνο

629 3789 702 3844 Ut
751 3799 930 3844 autem
982 3804 1176 3859 magna
1221 3804 1375 3843 ctena
1401 3804 1645 3858 quamam
1697 3789 1770 3843 sit
1820 3787 2114 3856 intelligas,

557 3873 777 3929 interim
821 3875 1035 3944 quidem
1073 3887 1257 3942 specta
1301 3877 1406 3931 hoc
1443 3878 1495 3930 in
1522 3879 1653 3932 orbe
1677 3877 1926 3932 universo
1964 3877 2125 3947 spiri-

557 3962 664 4016 tale
707 3965 1010 4017 convivium
1052 3980 1329 4019 sacrorum
1383 3967 1794 4036 divinorumque
1843 3968 2118 4032 ciborum,

557 4055 699 4123 quod
751 4055 961 4122 ubique
1019 4067 1282 4112 terrarum
1359 4073 1458 4127 per
1511 4058 1766 4112 divinitus
1833 4059 2122 4129 inspiratas

557 4145 867 4213 Scripturas
903 4149 1116 4202 cunctis
1159 4146 1368 4217 populis
1397 4150 1704 4204 exhibetur.
1753 4150 1892 4206 Hinc
1937 4160 2116 4204 autem

2304 3789 2460 3856 Μέγα
2491 3787 2547 3840 δὲ
2580 3785 2742 3839 αὐτοῦ
2771 3786 2984 3840 δεῖπνον
3015 3787 3247 3858 νοήσεις,
3277 3790 3414 3854 τέως
3451 3789 3550 3860 μὲν
3586 3789 3796 3845 ἀπιδὼν

2225 3883 2304 3944 είς
2333 3880 2393 3933 τὺ
2433 3878 2553 3932 καθ’
2583 3878 2710 3948 ὅλης
2742 3877 2845 3948 τῆς
2883 3880 3205 3950 οἰκουμένης
3241 3880 3456 3950 λογικὸν
3495 3883 3795 3954 συμπόσιον

2221 3972 2328 4027 τῶν
2368 3971 2526 4044 ἱερῶν
2573 3972 2667 4025 καὶ
2694 3969 2852 4024 θείων
2875 3971 3087 4042 τροφῶν
3118 3971 3226 4025 τῶν
3253 3973 3530 4044 πανταχοῦ
3568 3975 3670 4044 γῆς
3700 3976 3794 4031 διὰ

2221 4065 2327 4118 τῶν
2375 4061 2744 4116 θεοπνεύστων
2785 4061 3226 4133 ἀναγνωσμάτων
3273 4065 3407 4116 πᾶσι
3458 4067 3570 4128 τοῖς
3603 4064 3792 4120 ἔθνεσι

2223 4152 2667 4225 παραδεδομένων
2687 4169 2700 4183 ο
2731 4152 2979 4206 ἐντεῦθεν
3009 4153 3064 4206 δὲ
3105 4153 3310 4224 μετάὸα
3342 4157 3406 4225 τῇ
3454 4154 3657 4226 διανοίᾳ
3694 4158 3792 4212 ἐπὶ

558 4247 792 4291 mentem
825 4238 1057 4293 transfer
1086 4241 1150 4292 ad
1179 4249 1550 4308 exspectatum
1575 4241 1832 4296 cmlorum
1867 4255 2114 4310 regnum,

2226 4248 2325 4320 τὴν
2350 4243 2798 4318 προσδοκωμένην
2827 4243 2936 4296 τῶν
2973 4245 3215 4316 οὐρανῶν
3241 4245 3516 4316 βασιλείαν
3537 4265 3552 4280 ο
3583 4249 3673 4301 καὶ
3707 4251 3791 4314 είς

557 4339 720 4396 atque
749 4340 939 4397 reputa
963 4342 1176 4382 ctenam
1219 4329 1364 4384 illam
1415 4345 1543 4384 vere
1592 4347 1858 4402 magnam,
1917 4331 1968 4384 in
2012 4344 2116 4398 qua

551 4435 676 4477 cum
709 4420 936 4490 angelis,
970 4421 1277 4491 divinisque
1318 4423 1574 4477 caelorum
1612 4425 1902 4478 virtutibus
1947 4423 2117 4477 beatae

553 4514 750 4567 animm
781 4515 1144 4583 requiescent,
1176 4515 1596 4584 angelorumque
1617 4531 1753 4584 pane
1771 4517 2112 4570 nutrientur:

551 4617 659 4672 quo
675 4619 807 4659 sane
837 4617 1075 4673 tempore
1101 4607 1300 4660 dictum
1325 4607 1452 4660 illud
1483 4609 1709 4663 tirmiter
1736 4608 2118 4676 splendideque

549 4695 927 4766 complebitur,
966 4693 1162 4750 Panem
1190 4697 1495 4766 angelorum
1517 4698 1851 4752 manducavit
1872 4699 2023 4752 homo
2046 4699 2110 4756 ".

549 4783 732 4852 Neque
758 4785 900 4838 enim
933 4785 1208 4854 multiplex
1239 4786 1343 4839 erit
1382 4785 1471 4839 ille
1501 4787 1686 4852 cibus,
1721 4803 1892 4853 neque
1925 4787 2112 4842 condi-

549 4877 690 4930 turis
715 4886 806 4929 aut
835 4875 1076 4930 obsoniis
1102 4875 1282 4944 egebit
1307 4891 1321 4940 ;
1356 4875 1448 4928 sed
1491 4889 1594 4928 uno
1618 4890 1754 4943 pane
1788 4875 2109 4930 immortali-

545 4967 675 5021 tatis
726 4977 905 5021 satore
946 4968 1174 5036 vitaeque
1221 4976 1436 5021 aeterna:
1489 4967 1675 5021 dalore
1711 4969 2014 5022 nutrientur
2048 4968 2104 5034 ii,

545 5055 614 5110 de
661 5056 857 5125 quibus
897 5056 1156 5113 Servator
1206 5059 1462 5128 loquitur,
1507 5058 1705 5128 quique
1755 5059 1807 5113 in
1855 5061 2106 5130 praesenti

545 5146 654 5200 vita
685 5146 803 5202 aliis
833 5147 1081 5205 alimenta
1127 5150 1476 5220 praebuerint.
1512 5149 1675 5206 Panis
1723 5165 1852 5206 vero
1892 5167 2104 5206 rursum

545 5236 888 5308 intelligitur,
922 5241 1010 5310 qui
1044 5251 1096 5296 et
1131 5243 1340 5297 animas
1371 5251 1426 5296 et
1455 5243 1675 5313 angelos
1709 5252 1765 5298 et
1813 5244 2107 5300 rationales

538 5344 663 5399 quae
685 5329 738 5384 in
769 5331 905 5386 ctelo
945 5344 1071 5389 sunt
1110 5343 1316 5389 mentes
1350 5334 1460 5388 alit.
1500 5334 1554 5389 ld
1581 5335 1724 5405 quod
1768 5334 1884 5406 ipse
1918 5335 2100 5392 docuit

2222 4338 2427 4391 ἔννοιαν
2451 4335 2569 4389 ἐλθὲ
2601 4334 2690 4387 τοῦ
2721 4335 2840 4387 τότε
2870 4335 3102 4405 μεγάλου
3131 4336 3206 4399 ὼς
3227 4336 3440 4408 ἀληθῶς
3470 4338 3700 4403 δείπνου,
3728 4341 3790 4394 ὲν

2221 4423 2265 4496 ᾧ
2299 4426 2798 4484 συναναπαύσονται
2844 4426 3094 4497 ἀγγέλοις
3125 4429 3217 4482 καὶ
3251 4432 3371 4492 ταῖς
3416 4431 3534 4483 κατ’
3558 4431 3790 4503 οὐρανὸν

2224 4517 2401 4582 Θείαις
2433 4518 2725 4588 δυνάμεσιν
2753 4519 2808 4570 αἱ
2845 4517 2953 4570 τῶν
2977 4519 3261 4591 μακαρίων
3285 4521 3470 4593 ψυχαὶ,
3507 4524 3564 4575 ἐν
3593 4515 3790 4600 {mpu-

2223 4611 2480 4680 φήσονται
2517 4607 2594 4679 τῷ
2627 4608 2735 4662 τῶν
2772 4609 3014 4677 ἀγγέλων
3045 4612 3223 4684 ἄρτῳ·
3259 4611 3631 4685 πληρουμένου
3679 4632 3787 4668 κυ-

2223 4700 2354 4772 ρίως
2399 4700 2518 4753 τότε
2587 4701 2681 4754 καὶ
2743 4700 3058 4771 θεοπρεπῶς
3099 4703 3190 4756 τοῦ
3244 4705 3540 4773 φάσκοντος
3589 4706 3783 4775 λόγουο

2222 4792 2426 4859 Ἄρτον
2473 4789 2742 4860 ἀγγέλων
2787 4789 3009 4860 ἔφαγεν
3057 4793 3385 4862 ἅνθρωπος.
3426 4797 3500 4850 Οὐ
3536 4796 3645 4870 γὰρ
3679 4815 3784 4853 πο-

2216 4880 2427 4954 λυειδὴς
2479 4882 2630 4936 ἔσται
2677 4885 2709 4954 ἡ
2759 4885 2879 4937 τότε
2924 4883 3118 4956 τροφὴ,
3166 4884 3287 4939 οὐτε
3318 4887 3624 4959 ἡδύσματος
3657 4890 3784 4946 οὐτε

2212 4969 2356 5040 ὄψων
2387 4971 2634 5044 δεομένη,
2665 4972 2812 5044 ἄρτῳ
2842 4973 2898 5026 δὲ
2939 4974 3084 5044 μόνῳ
3108 4974 3480 5048 ἀθανατοποιῷ
3514 4980 3606 5032 καὶ
3635 4978 3786 5052 ζωῆς

2212 5062 2428 5116 αἰωνίου
2450 5063 2763 5135 παρεκτικῷ
2786 5067 3148 5136 τραφήσονται
3170 5069 3218 5119 oi
3240 5067 3377 5120 κατά
3397 5068 3487 5121 τὸν
3506 5069 3783 5124 ἐνεστῶτα

2214 5151 2325 5223 βίον
2352 5153 2664 5226 θρέψαντες,
2699 5155 2793 5220 οὒς
2819 5157 3100 5227 ὠνόμασεν
3123 5159 3150 5210 ό
3175 5159 3386 5231 Σωτήρ.
3435 5162 3492 5214 '0
3524 5162 3581 5215 δὶ
3611 5163 3778 5234 ἄρτος

2213 5244 2375 5298 πάλιν
2399 5246 2482 5317 εἴη
2521 5249 2550 5300 ό
2587 5246 2774 5317 ψυχῶν
2803 5249 2896 5302 καὶ
2936 5249 3178 5318 ἀγγέλων
3205 5252 3297 5304 καὶ
3325 5251 3433 5305 τῶν
3464 5253 3584 5306 κατ’
3610 5253 3780 5324 οὐρα-

2212 5336 2302 5391 νδν
2343 5336 2574 5406 λογικῶν
2606 5339 2867 5410 τρόφιμος
2897 5339 3051 5409 λόγος
3071 5357 3088 5372 ο
3122 5340 3281 5396 τοῦτο
3323 5341 3454 5411 γοῦν
3481 5343 3643 5410 αὐτὸς
3666 5343 3777 5398 ἐδί-

615 5489 661 5522 "
689 5489 823 5561 Cap.
859 5509 980 5558 xm,
1014 5493 1104 5549 55.
1181 5495 1220 5527 ¹¹
1259 5494 1388 5552 Luc.
1416 5511 1528 5563 xiv,
1564 5495 1649 5551 16.
1726 5496 1768 5528 “
1795 5495 2211 5566 Matth.xxu,2.
2289 5497 2334 5530 ¹³
2367 5498 2500 5555 Luc.
2529 5513 2639 5568 xtv,
2679 5499 2763 5555 Η.
2843 5499 2885 5531 ⁸⁸
2914 5499 3038 5555 ibid.
3065 5499 3150 5554 15.
3227 5499 3424 5556 "Psal.
3448 5485 3770 5570 Lxxnl,25.

583 5606 727 5695 ’(Gb)
755 5609 998 5695 Convivii
1044 5611 1184 5695 haec.
1209 5611 1462 5695 parabola
1511 5611 1769 5695 scribitur
1809 5613 2077 5695 e_tiatn_iu
2105 5614 2317 5675 Eusebii
2350 5615 2701 5690 Theophania,
2754 5617 2846 5676 lib.
2885 5633 2957 5686 Iv,
3015 5587 3103 5686 ίϐ,
3171 5619 3266 5678 sed
3294 5629 3489 5693 ⁸ιειῐιιειι
3535 5620 3610 5680 ibi
3668 5594 3772 5695 εὶ-

550 5681 729 5737 riacus
756 5689 1045 5737 contextus
1077 5681 1145 5737 ab
1169 5681 1270 5738 hoc
1294 5682 1479 5740 Graeco
1505 5691 1688 5741 nostro
1718 5683 1879 5740 nimis
1908 5683 2104 5742 diﬂ'ert.

704 6019 984 6282 ι

520 5865 610 5919 κη
