4130 6400
352 362 457 425 873

1497 351 1996 413 COMMENTANA
2034 350 2098 406 ΙΝ
2120 347 2376 407 LUCAM.

3460 332 3569 395 37d

351 504 506 572 δαξεν
529 503 695 559 είπών
714 521 728 536 ·
767 502 914 574 Ἐγώ
941 504 1057 573 ειμι
1079 504 1112 556 ὁ
1140 500 1317 571 ἄρτος
1331 499 1441 569 τῆς
1474 498 1651 569 ζωῆς·
1684 500 1778 553 τοῦ
1801 499 1899 569 γὰρ

2012 495 2214 561 dicens,
2248 493 2356 563 Ego
2388 507 2504 547 sum
2540 489 2692 558 panis
2708 489 2835 544 mitte
2865 488 2928 541 “.
2974 484 3104 540 Nam
3137 497 3232 555 per
3276 483 3371 538 Dei
3404 479 3567 539 Verbi

351 603 410 655 iv
447 600 589 672 ἀρχῇ
630 598 766 670 πρὸς
801 597 932 651 Θεὸν
974 595 1108 650 Θεοῦ
1151 595 1322 664 Λόγου
1370 593 1667 666 μεταλήψει
1699 596 1846 647 πᾶσα
1872 595 1906 665 ἡ

350 692 459 745 τῶν
485 691 655 760 ἀγίων
674 688 863 760 λογικὴ
890 687 1048 757 φύσις
1079 685 1436 751 ζωοποιεῖται.
1464 687 1533 738 ’Δ
1563 683 1629 757 δὴ
1655 684 1800 739 δοκεῖ
1821 702 1909 756 μοι

352 782 418 835 έκ
461 781 737 854 προτέρων
786 780 1122 851 μαθημάτων
1174 775 1598 849 πεπαιδευμένος
1624 778 1654 830 ό
1682 794 1911 831 συνανα-

354 871 601 943 κείμενος
641 871 719 942 τῷ
760 870 934 943 Ἰησοῦ
956 869 1232 943 εἰρηκέναι
1251 886 1265 900 ·
1294 868 1595 938 Μακάριος
1615 867 1783 933 ὅστις
1808 865 1913 937 φάν-

351 983 521 1036 γηται
557 966 735 1035 ἄρτον
755 966 825 1019 ἐν
860 964 936 1035 τῇ
949 963 1241 1032 βασιλείᾳ
1270 963 1376 1017 τοῦ
1414 961 1596 1017 Θεοῦί
1638 961 1771 1015 Οὐδὲ
1801 960 1910 1033 γάρ

351 1057 459 1111 τῶν
482 1056 746 1128 τυχόντων
769 1074 854 1121 τις
876 1051 945 1128 ἦν
973 1059 1002 1110 ὁ
1026 1056 1227 1125 ταύτην
1264 1054 1419 1124 ἀφεὶς
1441 1053 1541 1125 τὴν
1570 1052 1770 1125 φωνὴν,
1794 1049 1909 1105 ἀλλ’

350 1145 427 1211 ὡς
449 1141 597 1218 οἶμαι
632 1145 738 1200 τῶν
770 1147 975 1218 σφόδρα
1000 1146 1249 1218 μεγάλων
1289 1147 1382 1199 καὶ⁸
1415 1145 1565 1217 παρὰ
1592 1143 1671 1217 τῷ
1698 1143 1910 1216 Σωτῆρι

350 1239 511 1309 τιμῆς
535 1237 865 1309 ἠξιωμένων.
898 1238 989 1292 Διὸ
1015 1239 1113 1293 καὶ
1157 1236 1592 1292 συνανακλίνεται
1617 1234 1785 1307 αὐτῷ,
1814 1236 1910 1289 καὶ

348 1331 459 1394 τοῖς
496 1327 658 1383 αὐτοῦ
678 1330 855 1399 λόγοις
885 1329 1117 1393 συνετῶς
1146 1330 1450 1401 προσεῖχεν,
1473 1327 1549 1392 ὡς
1581 1328 1671 1381 καὶ⁵
1694 1326 1792 1398 τὴν
1815 1326 1910 1396 βα-

349 1420 551 1475 σιλείαν
573 1421 680 1475 τῶν
692 1420 933 1493 οὐρανῶν
957 1421 1030 1492 μὴ
1061 1421 1290 1488 ἀγνοεῖν,
1315 1417 1599 1490 γνωρίζειν
1618 1418 1675 1472 δὲ
1706 1418 1910 1471 καὶτὸν

346 1511 508 1582 ἀρτον
554 1512 655 1582 τῆς
698 1511 843 1582 ζωῆς
880 1511 971 1566 τὸν
1010 1510 1298 1583 θρεπτικὸν
1339 1511 1448 1564 τῶν
1493 1510 1594 1581 τῆς
1637 1509 1910 1580 βασιλείας

346 1603 545 1669 ἀξίων·
574 1606 839 1677 τοσαύτην
872 1621 931 1658 τε
978 1604 1129 1672 ἄγειν
1174 1602 1514 1675 παρρησίαν,
1568 1603 1642 1666 ὡς
1686 1602 1777 1655 ἐπὶ
1814 1599 1907 1654 τοῦ

346 1691 594 1765 Σωτῆρος
618 1695 886 1748 ἀνακινεῖν
905 1693 1166 1766 δόγματα,
1192 1693 1286 1746 καὶ
1318 1692 1384 1746 δι’
1419 1692 1577 1745 αὑτὸν
1603 1690 1700 1761 τὴν
1731 1692 1908 1744 πᾶσαν

346 1785 639 1876 είρηκέναι-
670 1785 977 1858 παραϐολὴν
1034 1785 1261 1856 Σωτῆρα
1302 1784 1618 1838 διδάσκοντα
1642 1822 1656 1844 ,
1707 1783 1790 1846 τίς
1839 1781 1905 1836 ἂν
1935 1821 1976 1876 Β

2010 588 2065 642 in
2097 585 2361 655 principio
2390 583 2529 655 apud
2556 584 2722 638 Deum
2751 579 3060 636 exsistentis
3085 577 3567 649 participationem

2008 678 2257 734 universa
2309 686 2619 730 sanctorum
2667 672 2941 729 rationalis
2990 681 3182 726 natura
3228 668 3561 723 viviﬁcatur.

2007 773 2188 837 Atque
2248 767 2362 822 haec
2417 780 2549 820 sane
2607 763 2819 819 videtur
2871 762 3001 817 mihi
3063 776 3096 816 ι
3131 759 3568 831 praecedentibus

2010 857 2272 913 doctrinis
2296 856 2520 910 edoctus
2563 853 2722 909 homo
2760 853 2869 918 ille,
2907 853 2999 922 qui
3031 867 3154 907 cum
3182 847 3308 905 Jcsu
3333 850 3568 907 discum-

2008 948 2191 1011 bebat,
2228 946 2429 1001 dixisse
2459 962 2473 999 :
2504 944 2701 999 Beatus
2717 943 2807 1015 qui
2849 958 3032 1012 panem
3063 941 3293 996 comedet
3326 941 3382 994 in
3410 955 3568 1011 regno

2008 1038 2140 1095 Dei!
2203 1037 2384 1106 Neque
2434 1037 2578 1091 enim
2633 1033 2918 1105 gregarius
2969 1032 3147 1102 quivis
3200 1031 3339 1087 hanc
3386 1030 3569 1085 emisit

2010 1144 2221 1192 vocem,
2251 1129 2343 1183 sed
2365 1138 2424 1181 ut
2451 1125 2686 1181 arbitror
2710 1122 3022 1193 principalis
3064 1121 3260 1190 aliquls
3302 1121 3445 1176 inter
3469 1134 3568 1176 eos

2011 1219 2100 1287 qui
2142 1233 2171 1272 a
2207 1216 2496 1272 Servatore
2547 1212 2794 1269 honorati
2840 1211 3078 1266 fuerant.
3129 1210 3308 1277 Quare
3352 1218 3565 1266 etcum

2010 1310 2100 1365 illo
2123 1308 2489 1371 recumbebat,
2514 1314 2568 1360 et
2586 1304 2705 1375 ejus
2725 1302 3063 1358 sermonibus
3079 1300 3369 1371 prudenter
3390 1299 3569 1353 admo-

2010 1401 2134 1455 dum
2169 1408 2400 1454 mentem
2456 1397 2800 1458 intendebat,
2829 1402 2888 1448 ut
2914 1392 3023 1459 jam
3068 1406 3167 1445 nec
3212 1405 3431 1462 regnum
3471 1389 3564 1444 Dei

2010 1492 2300 1561 ignoraret,
2353 1489 2463 1544 imo
2502 1497 2558 1544 et
2602 1487 2750 1542 illum
2800 1496 2984 1539 nosset
3038 1485 3158 1538 vita:
3208 1497 3423 1554 panem,
3472 1480 3565 1551 qui

2009 1599 2175 1652 regno
2204 1584 2393 1651 dignos
2420 1580 2626 1634 nutrit:
2656 1589 2912 1649 tantaque
2943 1576 3135 1630 ﬁducia
3156 1583 3297 1637 erat,
3326 1585 3385 1628 ut
3420 1572 3566 1643 apud

2009 1670 2181 1741 ipsum
2209 1669 2553 1725 Servatorem
2601 1668 2981 1738 dogmaticann
3009 1664 3358 1734 qua'stionem
3415 1678 3567 1718 cout-

2009 1763 2236 1817 ntoverit
2268 1779 2281 1815 :
2314 1777 2481 1832 quare
2501 1770 2554 1816 et
2576 1762 2694 1832 ejus
2732 1759 2899 1830 gratia
2936 1758 3101 1812 totum
3130 1756 3568 1820 Servatorjnsti-

344 1847 552 1946 γένοιτο
582 1847 793 1940 οὗτοςό
828 1847 1039 1949 άληθῶς
1077 1847 1359 1949 μακάριος,
1388 1874 1446 1940 ὃς
1476 1876 1714 1947 φάγηται
1742 1874 1899 1947 ἄρτον

2007 1855 2110 1910 ιυίι
2158 1854 2491 1924 parabolam,
2549 1853 2772 1915 docens.
2820 1852 3067 1922 quisnam
3123 1859 3267 1906 esset
3314 1847 3403 1904 hic
3438 1861 3567 1906 vere

344 1970 404 2022 ὲν
433 1972 498 2041 τῇ
534 1969 778 2042 βασιλείᾳ
805 1969 899 2023 τοῦ
924 1968 1079 2023 Θεοῦ.

417 2061 649 2125 Πολλοὺς
682 2063 777 2133 μὲν
796 2057 888 2115 οὖν
919 2059 1215 2131 κεκλῆσθαι
1241 2059 1388 2129 λέγει
1414 2060 1501 2114 διά
1531 2060 1629 2129 τῆς
1664 2057 1906 2130 παραδο-

342 2150 441 2225 λῆς
490 2152 583 2206 ἐπὶ
607 2154 668 2207 τὸ
697 2153 842 2223 μέγα
866 2153 1098 2215 δεῖπνον,
1135 2153 1228 2206 καὶ
1264 2153 1354 2205 τὸν
1384 2154 1442 2205 ἐν
1468 2151 1642 2221 τούτῳ
1672 2150 1904 2222 δεδωρη-

347 2246 506 2318 μὲνον
531 2246 711 2317 ἀρτον,
744 2245 818 2318 μὴ
854 2246 957 2316 μὴν
989 2245 1113 2309 τοὺς
1140 2245 1346 2308 πάντας
1381 2246 1479 2315 τῆς
1517 2244 1735 2314 χάριτος
1784 2244 1904 2296 ἑπι-

342 2337 627 2407 τυγχάνειν
649 2354 662 2367 ο
696 2336 1108 2407 ἀποστερεῖσθαι
1145 2335 1253 2406 γὰρ
1292 2333 1461 2404 αὐτῆς
1493 2334 1599 2387 τῶν
1631 2332 1901 2404 κεκλημέ-

342 2444 450 2481 νων
479 2428 603 2491 τοὺς
636 2429 762 2500 περὶ
793 2428 977 2499 ἕτερον
1022 2426 1457 2498 ὴσχολημένους·
1493 2427 1764 2497 περισπᾷν
1794 2424 1902 2495 γάρ

344 2522 434 2573 καὶ
466 2520 722 2589 ἀφέλκειν
764 2519 863 2590 τῆς
906 2520 1146 2591 κλήσεως
1187 2519 1283 2581 τὰς
1309 2517 1403 2571 τοῦ
1449 2517 1564 2588 βίου
1619 2516 1903 2587 φροντίδας

340 2611 612 2667 διδάσκει·
661 2613 862 2676 ταύτας
909 2611 955 2666 δ’
1008 2607 1145 2665 εἶναι
1187 2609 1568 2683 διαφόρους-ἢ
1618 2608 1727 2681 γὰρ
1775 2610 1903 2681 περὶ⁵

340 2705 593 2776 χρήματα
634 2703 730 2757 καὶ
758 2702 960 2774 ἀγροὺς
1002 2700 1387 2773 ἀσχολούμενοι
1433 2700 1606 2755 ταῦτα
1637 2702 1735 2771 τῆς
1765 2699 1900 2770 κλή-

340 2812 475 2859 σεως
503 2796 981 2866 προτετιμήκασιν,
1011 2793 1087 2857 ὼς
1123 2792 1562 2865 παραιτήσασθαι
1603 2792 1690 2846 διά
1730 2791 1898 2846 ταῦτα

336 2886 436 2956 τὴν
462 2884 670 2955 κλῆσιν,
706 2885 740 2956 ἢ
777 2885 906 2956 περὶ
930 2882 1029 2947 τὰς
1052 2882 1145 2937 τοῦ
1179 2882 1294 2954 βίου
1327 2880 1708 2954 πραγματείας
1734 2897 1900 2935 κατα-

337 2977 660 3049 τριϐόμενοι,
688 2977 722 3047 ἢ
757 2974 937 3046 δεσμῷ
959 2974 1139 3045 γάμου
1172 2974 1266 3027 καὶ
1287 2973 1491 3028 παίδων
1519 2971 1899 3044 ἐμπεπλεγμέ-

336 3084 437 3126 νοι.
471 3066 506 3137 ἡ
526 3082 665 3119 τισιν
695 3064 873 3129 ἀλλοις
894 3066 1155 3128 τοιούτοις
1180 3062 1579 3135 φροντίσμασιν
1607 3060 1897 3132 ὲνησχολη-

2004 1947 2214 2013 beatus,
2244 1947 2333 2016 qui
2360 1960 2551 2015 panem
2581 1946 2829 2000 comedet
2864 1944 2915 1998 in
2957 1959 3122 2013 regno
3148 1943 3264 1998 Dei.

2073 2037 2268 2093 Multos
2302 2052 2435 2106 ergo
2460 2038 2513 2091 in
2555 2037 2809 2107 parabola
2837 2037 2913 2092 ait
2946 2037 3011 2090 ad
3049 2052 3297 2106 magnam
3350 2049 3563 2091 ctenam

2001 2140 2245 2192 vocatos,
2272 2138 2433 2199 atque
2464 2130 2528 2183 ad
2563 2142 2755 2200 panem
2795 2129 2845 2183 in
2881 2128 2982 2182 bac
3014 2116 3315 2198 appositum
3346 2143 3361 2192 ;
3399 2136 3560 2183 cate-

2004 2221 2153 2289 roqui
2178 2220 2313 2274 haud
2341 2236 2529 2275 omnes
2560 2221 2730 2290 gratia
2771 2220 3004 2290 potitos;
3033 2221 3132 2275 Itac
3161 2220 3304 2274 enim
3327 2218 3567 2274 caruisse

2002 2319 2220 2364 vocatos
2277 2309 2414 2371 illos,
2448 2310 2536 2379 qui
2596 2310 2718 2366 aliis
2792 2312 3020 2380 negotiis
3066 2310 3284 2365 distenti
3326 2308 3563 2374 fuerunt,

2003 2402 2308 2457 multifariis
2328 2403 2566 2469 scilicet;
2603 2419 2725 2458 nam
2756 2404 2839 2457 vel
2890 2403 3112 2473 pecunia
3159 2402 3417 2473 agrisque
3467 2418 3563 2458 oc-

1999 2496 2197 2567 cupati,
2229 2495 2496 2551 vocati0ni
2528 2510 2659 2564 opes
2691 2494 3066 2563 praetulerunt,
3099 2495 3210 2549 imo
3236 2493 3371 2548 adeo
3398 2508 3563 2550 voca-

2003 2586 2201 2643 tionem
2254 2602 2366 2657 prze
2413 2588 2497 2643 bis
2540 2589 2816 2656 deprecati
2856 2599 3015 2654 sunt;
3070 2588 3154 2644 vel
3184 2589 3304 2643 vita:
3333 2589 3563 2659 negotiis

2002 2678 2192 2748 pressi,
2222 2678 2303 2731 vel
2344 2679 2656 2748 nuptiarum
2711 2679 2985 2749 prolisque
3025 2679 3252 2734 vinculis
3298 2679 3559 2749 impediti,

1999 2769 2081 2825 vel
2109 2770 2228 2824 aliis
2256 2770 2489 2839 denique
2520 2770 2569 2824 id
2601 2785 2771 2841 genus
2824 2771 2970 2826 curis
3019 2771 3236 2827 irrctiti.
3281 2773 3455 2841 Atque
3506 2771 3560 2827 in

2000 2859 2101 2914 bos
2130 2860 2233 2913 lata
2265 2861 2534 2915 sententia
2569 2861 2714 2917 hisce
2737 2860 2915 2916 verbis
2941 2872 3064 2917 est:
3100 2862 3227 2919 Dico
3250 2863 3425 2928 vobis,
3463 2879 3560 2920 ne-

1998 2953 2193 3006 minem
2224 2952 2433 3006 illorum
2472 2954 2736 3019 virormn,
2778 2953 2895 3023 qui,
2937 2969 3058 3008 cum
3087 2955 3264 3010 vocati
3306 2954 3561 3022 fuissent,

1998 3043 2121 3097 vita:
2145 3044 2524 3112 occupationes
2552 3055 2968 3109 excusaverunt,
2995 3059 3202 3101 cmnam
3253 3063 3426 3102 meam
3464 3063 3564 3120 gu-

341 3134 512 3229 μένοι.
560 3156 719 3211 Ἀλλά
750 3157 877 3228 περὶ
907 3155 1003 3227 μὲν
1026 3154 1228 3209 τούτων
1250 3155 1523 3224 ἀπόφασις
1552 3153 1894 3225 ἐξενήνεκται

1999 3144 2283 3191 staturum.
2320 3134 2489 3190 Porro
2520 3135 2654 3191 alios
2691 3153 2752 3192 ea
2779 3137 3035 3195 fruituros
3068 3142 3144 3194 ait
3190 3141 3349 3196 rebus
3376 3141 3565 3211 hujus-

336 3248 596 3317 λέγουσα·
629 3248 785 3317 Λέγω
838 3249 991 3318 ὑμῖν,
1029 3248 1108 3301 ὅτι
1155 3246 1326 3310 οὐδεὶς
1373 3246 1479 3299 τῶν
1517 3245 1722 3317 ἀνδρῶν
1759 3246 1896 3300 ὲκείη

339 3356 446 3393 νων
481 3339 589 3393 τῶν
629 3340 1012 3411 κεκλημένων,
1053 3340 1145 3393 καὶ
1182 3339 1269 3393 διά
1308 3339 1404 3402 τάς
1445 3339 1698 3409 βιωτικάς
1740 3341 1900 3410 ἀσχο-

334 3428 456 3495 λίας
506 3433 997 3504 παραιτησαμένων
1051 3432 1304 3503 γεύσεταί
1366 3449 1464 3503 μου
1516 3432 1609 3486 τοῦ
1648 3432 1894 3486 δείπνου·

336 3523 553 3595 ἑτέρους
590 3523 646 3577 δὲ
681 3524 795 3578 ἀντ’
824 3523 1001 3578 αὐτῶν
1043 3524 1439 3579 ἀπολαύσεσθαι
1489 3524 1583 3577 τοῦ
1628 3524 1896 3595 μακαρίου

329 3613 547 3668 δείπνου
576 3616 729 3684 φησὶ,
747 3615 873 3677 τοὺς
900 3613 974 3686 μὴ
1002 3614 1260 3679 τοιούτοις
1290 3615 1400 3667 τισὶ
1422 3614 1894 3686 προσδεδεμένους,

332 3705 579 3778 πτωχούς
600 3723 752 3770 τινας
788 3708 881 3760 καὶ
908 3708 1241 3778 ἀναπήρους.
1273 3707 1514 3760 Τοιοῦτοι
1536 3706 1592 3760 δὲ
1620 3702 1759 3777 ἦσαν
1792 3707 1896 3762 πά-

328 3800 419 3854 λαι
460 3799 962 3869 είδωλολατροῦντες
1000 3802 1047 3853 οί
1080 3800 1138 3866 ἐξ
1171 3798 1339 3853 ἐθνῶν
1369 3799 1473 3852 ύπδ
1504 3799 1771 3870 δαιμόνων
1799 3817 1897 3853 πο-

328 3889 511 3959 νηρῶν
545 3890 641 3953 τὰς
684 3888 859 3960 ψυχὰς
897 3889 1256 3960 λελωϐημένοι
1277 3905 1293 3920 ·
1339 3889 1431 3953 οὒς
1487 3888 1790 3952 ἀκολούθως
1826 3893 1892 3963 τῇ

333 3982 633 4054 ἐπαγγελία
674 3982 1100 4055 προσδεξάμενος
1150 3985 1178 4036 ό
1228 3982 1521 4053 ἑστιάτωρ,
1571 3984 1748 4036 πᾶσαν
1793 3983 1893 4052 τὴν

332 4076 487 4129 νόσον
514 4074 621 4127 τῶν
652 4073 835 4146 ψυχῶν
860 4073 1057 4138 αὐτῶν,
1089 4074 1183 4129 καὶ
1214 4074 1481 4146 μαλακίαν
1521 4075 1700 4129 πᾶσαν
1742 4074 1894 4128 ἰασά-

336 4182 515 4238 μενος,
562 4165 750 4220 ἔπειτα
797 4166 897 4236 τῆς
938 4166 1141 4230 οίκείας
1190 4167 1371 4229 αὐτοῖς
1419 4165 1714 4238 μεταδώσει
1761 4182 1893 4237 τρα-

333 4256 538 4327 πέζης·
572 4254 698 4309 ὥστ’
734 4257 907 4309 εἰπεῖν
950 4255 1177 4320 αύτούς·
1235 4256 1595 4325 Ἠτοίμασας
1635 4254 1891 4308 ἐνώπιόν

324 4366 445 4417 μου
475 4347 762 4418 τράπεζαν
783 4348 852 4412 ἐξ
885 4347 1163 4414 ἐναντίας
1187 4348 1305 4402 τῶν
1329 4349 1653 4403 θλιϐόντων
1667 4364 1769 4417 με·
1791 4348 1889 4400 καὶ

2003 3227 2146 3281 modi
2187 3228 2406 3283 minime
2434 3230 2719 3293 obnoxios,
2751 3246 2945 3302 nempe
2996 3234 3267 3288 tenuiores
3297 3234 3557 3303 quosdam

1998 3332 2052 3375 et
2084 3322 2337 3375 membris
2382 3322 2618 3376 mutilos.
2674 3323 2845 3377 Erant
2898 3332 3075 3379 autem
3114 3325 3165 3379 bi
3219 3324 3387 3380 dediti
3432 3325 3557 3382 olim

2000 3412 2155 3466 idolis
2199 3413 2418 3475 ethnici,
2469 3430 2695 3482 qttorum
2765 3415 2976 3469 animas
3027 3416 3241 3470 scelesti
3292 3415 3562 3472 daemones

1999 3519 2156 3557 tuane
2207 3504 2598 3560 mulctaverant
2644 3524 2657 3560 :
2697 3522 2831 3577 quos
2860 3509 3091 3563 convivii
3125 3519 3316 3564 auctor
3343 3524 3441 3579 pro
3463 3525 3560 3566 sua

1998 3596 2400 3651 denuntiatione
2463 3607 2757 3666 exceptos,
2826 3600 2970 3654 omni
3030 3602 3195 3657 animi
3252 3605 3441 3658 morbo
3495 3618 3561 3659 ac

1996 3685 2254 3757 languore
2278 3688 2568 3756 expedivit.
2603 3689 2801 3745 Deinde
2825 3705 2954 3746 vero
2986 3707 3184 3749 menste
3213 3708 3427 3765 quoque
3456 3696 3555 3750 ad-

1997 3778 2220 3844 hibebit,
2250 3779 2333 3833 .ita
2389 3788 2448 3834 ut
2490 3779 2564 3834 illi
2615 3781 2820 3837 dicturi
2847 3782 2989 3838 sint:
3028 3781 3243 3840 Parasti
3271 3803 3447 3841 coram
3477 3803 3560 3845 tlte

1994 3885 2225 3923 mensam
2281 3875 2528 3925 adversus
2560 3888 2646 3927 eos
2674 3875 2765 3942 qui
2797 3873 3047 3929 lribulant
3077 3892 3158 3931 me
3197 3877 3260 3931 ".
3300 3875 3436 3933 Tum
3462 3894 3558 3949 pa-

1995 3975 2117 4013 uent
2169 3960 2274 4014 illis
2321 3970 2483 4031 atque
2526 3962 2838 4018 alimoniam
2895 3964 3189 4033 spiritalem
3255 3968 3556 4038 praebebit:

1992 4061 2156 4122 atque
2188 4052 2310 4105 hinc
2361 4052 2531 4107 solido
2569 4052 2682 4122 jam
2717 4054 2840 4109 cibo
2866 4056 3136 4124 impertiet
3167 4073 3280 4127 eos,
3316 4070 3372 4115 et
3396 4060 3557 4117 intel-

1991 4141 2197 4196 lectuali
2238 4143 2568 4199 exltilarabit
2617 4146 2765 4200 vino.
2807 4148 2987 4213 Quare
3042 4150 3259 4206 dicent:
3309 4152 3377 4206 Et
3410 4152 3559 4210 cali:

1993 4247 2113 4293 tuus
2162 4240 2421 4293 inebrians
2459 4254 2614 4309 quam
2671 4240 2958 4305 prwclarus
2988 4243 3169 4298 est“!
3223 4245 3399 4316 Atque
3440 4247 3555 4304 hec

1992 4331 2172 4384 omnia
2204 4329 2344 4385 Deus
2373 4331 2701 4399 suppeditat,
2731 4331 2854 4384 dmn
2885 4334 3016 4402 ipsis
3044 4335 3347 4391 cmlestium
3384 4337 3556 4392 bono-

328 4441 492 4513 άρτον
520 4443 699 4505 αὐτοῖς
732 4442 952 4513 παρέξει
984 4442 1078 4495 καί¹
1113 4441 1332 4511 λογικὴν
1372 4440 1608 4511 τροφήν·
1640 4437 1887 4492 ἐντεῦθεν

1999 4437 2108 4475 rum
2137 4421 2328 4475 art-bas
2355 4421 2406 4474 in
2440 4422 2733 4488 lmjnsvitze
2751 4425 3074 4487 muneribus
3093 4425 3373 4497 elargitur.
3404 4426 3556 4484 Licet

328 4531 430 4604 ἥδη
465 4533 687 4603 στερεᾶς
732 4512 981 4603 βρῶσεως
1029 4532 1338 4603 μεταδιδοὺς
1384 4532 1585 4594 αὐτοῖς,
1630 4531 1723 4584 καὶ
1757 4530 1887 4601 οἴνῳ

1999 4526 2201 4583 quoque
2252 4512 2547 4566 secundum
2600 4513 2760 4567 aliam
2804 4514 3301 4584 interpretationem
3346 4518 3551 4584 dicere,

326 4621 384 4675 δὲ
411 4622 604 4685 αὐτοὺς
635 4621 891 4693 εὐφρανεῖ
910 4619 1108 4692 λογικῷ
1129 4639 1142 4652 ·
1173 4618 1301 4675 ὥστ’
1330 4620 1396 4675 ἂν
1426 4623 1595 4674 εἰπεῖν
1622 4637 1637 4652 ·
1678 4619 1787 4675 Καὶ
1822 4620 1888 4673 τὸ

325 4711 609 4784 ποτήριόν
624 4729 741 4768 σου
750 4716 1054 4783 μεθύσκον
1066 4730 1142 4783 με
1168 4712 1307 4767 ὡσεὶ
1332 4710 1679 4781 κράτιστον]
1705 4709 1887 4764 Ταῦτα

324 4804 378 4859 δὲ
411 4807 586 4860 πάντα
629 4806 885 4877 παρέχει,
936 4806 1063 4869 τοὺς
1101 4805 1421 4877 ἀρραϐῶνας
1470 4803 1578 4857 τῶν
1624 4804 1887 4875 οὐρανίων

325 4897 542 4966 ἀγαθῶν
564 4896 651 4950 διά
684 4897 791 4950 τῶν
821 4896 961 4952 κατά
996 4896 1086 4949 τὸν
1127 4896 1367 4968 παρόντα
1399 4895 1509 4967 βίον
1535 4896 1884 4967 χαρισμάτων

326 4989 503 5052 αὐτοῖς
542 4988 897 5060 δωρούμενος.
949 4988 1180 5043 Δυνατὸν
1216 4986 1271 5041 δὲ
1299 4988 1391 5041 καί⁵
1427 4985 1546 5040 καθ’
1572 4986 1762 5059 ἑτέραν
1794 4988 1887 5040 ὲκ-

326 5076 483 5148 δοχὴν
515 5082 707 5143 είπεῖν,
738 5080 819 5133 ὅτι
850 5082 897 5133 οί
930 5078 1136 5151 πρῶτοι
1168 5079 1266 5151 τῆς
1298 5078 1540 5149 κλήσεως
1566 5077 1879 5148 ἠξιωμένοι,

326 5158 467 5218 οὗτοι
507 5165 551 5217 δ’
583 5161 723 5235 ἦσαν
762 5167 811 5219 οί
849 5168 913 5220 ἐκ
958 5166 1059 5236 τῆς
1104 5167 1424 5238 περιτομῆς,
1478 5167 1745 5237 προφάσει
1783 5165 1882 5236 τῆς

326 5257 454 5328 περὶ
484 5257 544 5311 τὸ
585 5261 829 5329 κρεῖττον
856 5260 1109 5331 ἀσχολίας
1150 5262 1247 5333 τὴν
1278 5260 1469 5330 κλῆσιν
1509 5258 1769 5333 ὕϐρισαν·
1805 5258 1880 5324 ὡς

321 5345 431 5419 γὰρ
473 5347 684 5418 ἔχοντες
715 5349 917 5419 ἀγροὺς
953 5349 1023 5403 τά
1067 5353 1191 5423 παρ’
1223 5352 1403 5414 αὐτοῖς
1448 5348 1876 5421 ἀναγνώσματα,

323 5436 416 5492 καὶ
446 5439 523 5505 ὡς
561 5440 685 5511 βόας
732 5442 1004 5513 ἀροτῆρας
1049 5444 1370 5514 κεκτημένοι
1410 5444 1536 5507 τοὺς
1573 5444 1875 5514 προφήτας,

1996 4605 2197 4674 primos
2248 4604 2525 4661 vocatione
2573 4607 2856 4677 dignanter
2903 4610 3128 4664 donatos
3168 4608 3331 4665 fuisse
3368 4609 3461 4680 qui
3487 4611 3554 4667 de

1994 4695 2399 4751 circumcisione
2424 4707 2620 4762 erant;
2648 4711 2831 4751 verum
2869 4698 2922 4752 bi
2955 4698 3081 4753 dum
3120 4700 3433 4756 melioribus
3460 4718 3553 4759 oc-

1991 4795 2214 4853 cupatos
2237 4801 2294 4839 se
2323 4785 2593 4852 dictitant,
2631 4788 2964 4843 vocationem
2998 4791 3323 4846 contumelia
3356 4791 3547 4849 aﬂ'ece-

1990 4886 2152 4933 runt:
2186 4878 2550 4947 babentesque
2579 4880 2745 4935 veluti
2765 4897 2925 4950 agros
2951 4883 3092 4951 apud
3122 4898 3182 4938 se
3214 4882 3545 4953 Scripturas,

1989 4981 2232 5026 aratores
2283 4972 2446 5027 boves
2495 4974 2804 5043 prophetas,
2844 4973 3224 5044 sapientiaeque
3276 4978 3549 5044 convictu,

1990 5063 2172 5118 uxoris
2208 5063 2399 5130 instar,
2445 5074 2677 5129 utentes,
2717 5066 3082 5137 evangelicam
3116 5066 3346 5137 gratiam
3386 5068 3542 5127 ﬂocci

1987 5153 2251 5212 fecerunt.
2287 5157 2388 5225 Qui
2421 5173 2550 5212 vero
2582 5168 2703 5227 post
2735 5158 2853 5214 illos
2881 5173 2948 5214 ex
2986 5158 3308 5231 alienigenis
3332 5162 3545 5233 populis

1986 5254 2160 5308 Vocati
2197 5254 2433 5319 fuerunt,
2464 5264 2643 5310 mente
2675 5263 2830 5309 antea
2865 5254 3015 5310 surdi
3059 5256 3317 5327 caecique,
3343 5257 3538 5313 alacri-

1987 5353 2071 5400 ter
2132 5346 2503 5401 obaudierunt.
2566 5346 2745 5415 Quare
2792 5357 2847 5404 et
2907 5347 3290 5406 beatitudinem
3339 5346 3547 5407 conseJ

1983 5448 2233 5508 quenlur.

322 5529 413 5584 καὶ
447 5529 523 5595 ὡς
561 5530 629 5586 ἀν
663 5532 824 5602 σοφίᾳ
854 5534 959 5586 τινὶ
991 5526 1079 5586 οἷα
1109 5535 1323 5601 γυναικὶ
1357 5531 1725 5604 συμϐιοῦντες,
1769 5532 1864 5603 τὴν
1914 5529 2269 5602 εύαγγελικὴν
2303 5530 2650 5603 ἐξηυτέλισαν
2692 5534 2881 5608 χάριν·
2930 5536 2979 5590 οι
3023 5534 3078 5590 δὲ
3129 5536 3247 5608 μετ’
3302 5533 3544 5600 ἐκείνους

386 5720 432 5756 ’⁸⁸
465 5722 619 5821 Joan.
651 5738 725 5795 νε,
749 5726 837 5782 35.
917 5727 958 5760 "
987 5724 1123 5783 i’sal.
1152 5741 1285 5797 ιω,
1316 5728 1400 5783 5.;
1446 5728 1488 5762 ¹⁹
1512 5703 1638 5788 ibid.
