4170 6406
607 328 715 385 575

1288 326 1558 383 EUSEBII
1595 328 2077 385 CAESABIENSIS
2114 328 2264 384 OPP.
2308 328 2490 384 PARS
2527 328 2632 386 lli;
2655 354 2725 371 ο-
2764 325 3176 383 EXEGETICA.

3749 329 3850 384 576

520 481 529 497 ι,
606 440 676 496 έκ
708 438 819 493 τῶν
846 436 1159 506 ἀλλοφύλων
1184 436 1354 493 ἐθνῶν
1394 436 1704 508 κληθέντες,
1752 442 1802 493 oi
1853 440 1980 512 πρὶν
2003 440 2101 504 τὰς
2167 441 2404 505 διανοίας
2459 440 2630 510 κωφοὶ
2665 440 2759 493 καί⁵
2800 437 3011 504 τυφλοὶ,
3060 435 3354 509 προθυμως
3389 437 3734 509 ὑπήκουσαν
3770 438 3850 492 διὸ

610 534 706 589 καὶ
734 530 828 585 τοῦ
857 527 1206 601 μακαρισμοῦ
1234 528 1551 592 τεύξονται.

686 621 1029 676 Existimahit
1055 620 1286 675 fortasse
1314 621 1514 690 aliquis
1538 623 1781 678 eamdem
1809 638 1929 678 esse
1954 624 2174 692 parabo-

2356 624 2568 692 Δόξειεν
2602 623 2714 695 (65)
2736 624 2802 678 ἄν
2831 640 2916 688 τις
2957 621 3055 693 τὴν
3074 619 3243 692 αὐτὴν
3281 615 3419 673 εἶναι
3447 619 3756 693 παραϐολὴν
3782 624 3848 693 τῇ

608 716 718 770 iam
748 729 870 784 quae
914 714 1052 783 apud
1092 713 1423 779 Mattlmum,
1451 715 1503 768 in
1533 729 1641 784 qua
1687 730 1783 769 res
1810 715 1907 773 lilii
1936 717 2019 770 sui
2045 731 2179 785 nup-

514 810 523 819 '
611 805 718 860 tias
768 805 921 871 facit,
967 820 1265 875 servosque
1308 808 1537 863 dimittit
1591 811 1877 865 invitatum
1905 813 2178 870 convivas.

618 898 1000 953 Verumtamen
1039 900 1085 953 is
1104 901 1195 967 qui
1229 917 1332 955 nou
1357 902 1725 970 perfunctorie
1753 904 1935 958 studio
1970 903 2178 974 legerit,

610 992 982 1059 deprehendet
1010 995 1207 1047 mentis
1245 995 1547 1048 attentione
1577 995 1889 1064 parabolam
1942 996 2082 1051 hanc
2115 998 2181 1051 ab

610 1082 704 1138 illa
739 1098 961 1154 prorsus
995 1084 1230 1140 diﬂ‘erre.
1259 1085 1501 1156 Namque
1533 1088 1620 1141 illa
1654 1087 1889 1142 Matthxi
1919 1088 2179 1144 caelorum

611 1188 739 1231 ante
768 1179 947 1231 omnia
977 1194 1141 1247 regno
1170 1195 1231 1232 ea
1259 1194 1381 1247 quze
1408 1181 1666 1235 dicuntur
1706 1192 1983 1251 comparat
2027 1200 2042 1248 ;
2092 1183 2177 1236 hic

612 1271 747 1325 nihil
777 1270 1039 1338 ejusmodi
1068 1272 1145 1325 lit.
1179 1272 1291 1325 Illic
1313 1272 1547 1327 convivii
1601 1281 1795 1327 auelor
1829 1274 2030 1344 regiam
2064 1288 2182 1343 per-

611 1380 800 1418 sonam
841 1366 1011 1433 gerit;
1070 1364 1155 1417 hic
1189 1364 1434 1432 privatus
1477 1366 1639 1419 homo
1673 1366 2059 1420 introducitur.
2105 1366 2180 1420 lhi

612 1458 826 1525 nuptias
854 1457 951 1509 ﬁlii
982 1472 1071 1510 rex
1102 1458 1363 1519 celebrat,
1393 1458 1478 1511 hic
1508 1456 1737 1525 simplex
1775 1474 1930 1514 omna
1962 1470 2067 1514 est.
2100 1459 2179 1514 lbi

614 1549 765 1601 multi
797 1548 1064 1618 legatione
1098 1550 1415 1619 funguntur,
1449 1550 1539 1603 hic
1569 1566 1709 1604 unus
1755 1560 1979 1605 vocator
2013 1551 2181 1605 mitti-

608 1648 721 1695 tur.
752 1642 824 1693 Ibi
857 1642 1049 1708 partim
1084 1642 1339 1695 socordes
1369 1642 1556 1697 venire
1582 1642 1961 1712 neglexerunt,
1985 1642 2179 1711 partim

608 1734 776 1788 etiam
806 1749 987 1788 servos
1014 1734 1359 1788 contumeliis
1387 1734 2019 1790 all'ectosinteremerunt
2044 1751 2058 1798 ;
2095 1735 2182 1788 hic

611 1827 771 1880 unice
796 1825 1091 1879 obtendunt
1120 1828 1551 1894 occupationem,
1601 1836 1660 1880 ut
1708 1842 1768 1882 se
1814 1826 1989 1881 vocati
2020 1839 2181 1880 escu-

608 1924 755 1970 sent.
791 1915 997 1969 Rursus
1033 1915 1103 1969 ibi
1143 1928 1236 1968 rex
1264 1916 1560 1970 exercitum
1592 1927 1893 1971 commovet
1924 1917 2180 1971 adversus

608 2021 891 2061 servorum
924 2022 1141 2060 suorum
1194 2006 1595 2070 interfectores.
1647 2010 1735 2064 hic
1791 2010 1952 2064 homo
1985 2026 2177 2079 quam-

610 2099 692 2152 vis
723 2100 895 2153 iratus
922 2100 1300 2154 recusantibus
1329 2100 1595 2162 invitatis,
1646 2101 1779 2155 nihil
1807 2102 2067 2168 ejusmodi
2098 2101 2179 2155 fa-

606 2189 721 2244 cit:
755 2204 913 2245 servo
951 2201 1127 2244 tamen
1152 2205 1251 2244 suo
1282 2193 1520 2255 mandat,
1550 2203 1607 2246 ut
1633 2208 1895 2262 pauperes
1922 2204 1975 2248 et
2008 2211 2177 2248 mem-

610 2284 725 2337 bris
752 2284 965 2337 mutilos
1002 2293 1058 2337 et
1105 2298 1279 2338 caecos
1319 2294 1601 2341 cenvocet.
1649 2285 1720 2339 At
1750 2285 1838 2339 ille
1865 2286 1954 2354 qui
1988 2290 2053 2341 ad
2083 2288 2179 2343 lilii

608 2373 825 2441 nuptias
866 2375 1050 2428 invitat
1086 2392 1198 2441 rex,
1228 2376 1442 2431 faumlis
1476 2378 1721 2446 pluribus
1757 2379 1964 2433 utitur:
2004 2395 2178 2450 neque

611 2478 892 2531 pauperes,
923 2466 1177 2519 membris
1208 2468 1453 2532 mutilos,
1507 2483 1705 2529 cmros.
1762 2469 1987 2525 claudos
2023 2476 2089 2526 ad
2118 2487 2179 2527 se

608 2558 792 2626 cogit:
826 2556 968 2610 haud
1002 2557 1144 2610 enim
1171 2559 1331 2627 regiis
1362 2561 1565 2624 nuptiis
1600 2560 1735 2613 tales
1774 2561 2041 2619 interesse
2082 2565 2171 2618 in-

606 2648 811 2701 vitatos
851 2649 1050 2701 decidt.
1103 2648 1241 2701 Tum
1289 2665 1320 2703 e
1354 2663 1579 2705 numero
1615 2652 1965 2705 convivarum
1990 2669 2179 2722 quem-

606 2736 732 2790 dam
767 2738 983 2804 indigna
1013 2738 1214 2807 nuptiis
1242 2750 1393 2793 veste
1438 2738 1684 2791 indutum
1735 2754 1827 2792 rex
1871 2744 2040 2807 punit.
2080 2743 2179 2796 De-

606 2829 773 2895 nique
797 2830 1049 2896 quodest
1078 2832 1318 2884 omnium
1361 2830 1722 2901 potissimum,
1762 2831 1994 2887 Mattlnei
2020 2851 2176 2899 para—

602 2918 730 2974 bola
772 2919 911 2971 intra
966 2920 1222 2988 templum
1271 2922 1416 2975 dicta
1452 2921 1577 2988 fuit,
1615 2936 1799 2976 coram
1828 2925 2175 2992 pontiﬁcibus

600 3025 673 3064 'ac
704 3010 882 3076 populi
940 3011 1246 3065 senioribus
1298 3012 1662 3068 concionaute
1720 3014 1984 3070 Domino:
2021 3015 2175 3072 Luca:

599 3098 864 3166 parabola
893 3101 944 3153 in
976 3100 1193 3155 Galilaza
1223 3101 1365 3155 (lenti
1403 3102 1684 3167 cujusdam
1744 3105 2003 3173 principis
2035 3106 2175 3160 Pha-

606 3191 749 3245 risaei
797 3191 1062 3260 privatam
1118 3206 1332 3246 caenam
1378 3192 1623 3261 exhibet,
1662 3197 1990 3250 convivante
2033 3199 2172 3266 apud

2282 719 2435 791 παρὰ
2461 718 2540 788 τῷ
2572 716 2856 787 Ματθαίῳ,
2889 717 2947 769 ὲν
2981 710 3014 787 ᾖ
3046 712 3293 784 βασιλεύς
3316 713 3432 765 ἐστι
3458 712 3667 783 γάμους
3686 712 3851 766 ποιῶν

2279 808 2358 879 τῷ
2390 807 2490 879 υίῴ
2516 806 2703 874 αὑτοῦ,
2735 808 2831 861 καὶ⁵
2862 806 3079 868 δούλους
3111 802 3454 857 ἀποστέλλων
3487 802 3707 855 καλέσαι
3725 804 3851 867 τοὺς

2281 901 2671 972 κεκλημένους.
2738 900 2796 951 ’0
2850 897 2905 951 δὲ
2970 898 3044 969 μὴ
3101 896 3392 968 παρέργως
3441 894 3721 965 προσέχων
3785 896 3851 964 τῇ

2281 992 2585 1063 ἀναγνώσει
2620 991 2771 1063 εὖροι
2816 990 2882 1044 ἂν
2912 990 3210 1059 ἐπιστήσας
3237 987 3326 1040 τὸν
3360 987 3484 1041 νοῦν
3515 987 3854 1040 παντάπασιν

2281 1085 2721 1158 ἡλλοτριωμένην
2750 1082 2952 1152 ταύτην
2982 1081 3212 1151 ἐκείνης.
3249 1081 3311 1132 ’Π
3340 1080 3436 1151 μὲν
3465 1078 3573 1150 γὰρ
3602 1077 3750 1149 παρὰ
3775 1077 3854 1148 τῷ

2280 1178 2543 1246 Ματῦαίῳ
2581 1175 2793 1247 πρῶτον
2829 1173 3083 1226 ἁπάντων
3110 1175 3173 1243 τῇ
3205 1170 3447 1242 βασιλεία
3473 1170 3582 1222 τῶν
3609 1168 3853 1241 οὐρανῶν

2282 1267 2555 1339 παρέϐαλε
2581 1267 2649 1320 τὰ
2664 1265 2947 1336 λεγόμενα·
2983 1262 3139 1317 τοῦτο
3163 1264 3203 1315 δ’
3237 1262 3468 1315 ἐνταῦθα
3497 1261 3556 1314 οὐ
3584 1259 3852 1315 λέλεκται.

2281 1362 2455 1413 Κάκεῖ
2490 1359 2587 1428 μὲν
2620 1355 2898 1427 ἀφωμοίου
2933 1355 3025 1407 τὸν
3064 1354 3303 1426 κλήτορα
3345 1351 3573 1423 βασιλεῖ,
3621 1351 3857 1405 ἐνταῦθα

2279 1451 2336 1504 δὲ
2379 1451 2532 1521 ψιλὸν
2564 1450 2845 1520 ἄνθρωπον
2884 1447 3125 1515 εἰσάγει·
3173 1447 3331 1499 κάκεῖ
3381 1446 3477 1517 μὲν
3521 1443 3730 1515 γάμους
3777 1444 3857 1514 τῷ

2281 1542 2383 1613 υἱῷ
2416 1545 2444 1595 6
2478 1542 2729 1612 βασιλεὺς
2775 1540 2966 1601 ἐτέλει,
3012 1537 3242 1591 ἐνταῦθα
3278 1538 3333 1590 δὲ
3379 1535 3563 1599 ἁπλῶς
3601 1536 3813 1588 δεῖπνον
3836 1551 3852 1566 ·

2281 1637 2441 1689 κάκεῖ
2475 1634 2572 1705 μὲν
2606 1632 2789 1686 πολλοὶ
2819 1629 3256 1693 ἀποστέλλονται,
3294 1626 3525 1681 ἐνταῦθα
3558 1627 3614 1680 δὲ
3655 1621 3731 1690 εἷς
3760 1626 3859 1698 μό-

2280 1742 2365 1788 νος
2405 1725 2498 1777 ἐπὶ
2526 1723 2623 1794 τὴν
2650 1721 2843 1791 κλῆσιν
2867 1722 3244 1791 ἐκπέμπεται·
3281 1720 3439 1772 κάκεῖ
3456 1719 3504 1770 οἱ
3533 1719 3630 1788 μὲν
3652 1716 3859 1788 ἀμελή-

2283 1832 2470 1878 σαντες
2507 1813 2606 1867 οὐκ
2639 1814 2913 1884 ἀπήντων,
2954 1813 3003 1865 oi
3039 1811 3095 1864 δὲ
3134 1810 3309 1864 λοιποὶ
3345 1811 3435 1862 καὶ
3475 1810 3600 1872 τοὺς
3640 1807 3858 1870 δούλους

2283 1907 2507 1978 ὕϐρισαν
2533 1905 2626 1959 καὶ
2651 1905 2975 1959 ἀπέκτειναν
2994 1921 3006 1929 ·
3040 1902 3273 1957 ὲνταῦῡα
3299 1903 3355 1955 δὲ
3400 1902 3557 1973 μόνον
3586 1903 3857 1973 σκήπτον·

2282 2020 2369 2056 ται
2402 2000 2676 2071 ἀσχολίαν,
2707 1998 3130 2069 παραιτούμενοι
3166 1994 3266 2066 τὴν
3291 1994 3481 2064 κλῆσιν
3501 2012 3514 2023 ·
3548 1995 3665 2045 ἐκεῖ
3694 1993 3858 2046 πάλιν

2280 2096 2309 2146 6
2351 2094 2603 2163 βασιλεὺς
2648 2092 2965 2164 στράτευμα
3004 2091 3144 2142 κινεῖ
3191 2087 3331 2141 κατὰ
3364 2085 3471 2139 τῶν
3504 2085 3858 2158 ἀνῃρηκότων

2282 2185 2403 2246 τοὺς
2422 2180 2585 2235 αὑτοῦ
2612 2180 2852 2244 δούλουςο
2887 2177 3118 2232 ἐνταῦθα
3137 2177 3191 2230 δὲ
3224 2179 3252 2229 6
3281 2176 3562 2246 ἄνθρωπος
3584 2175 3861 2247 ὀργισοεξ

2279 2276 2373 2328 ἐπὶ
2397 2278 2462 2346 τῇ
2494 2274 2818 2346 παραιτήσει
2851 2271 2958 2324 τῶν
2980 2270 3353 2341 κεκλημένων,
3375 2270 3525 2323 οὐδὲν
3547 2270 3644 2340 μὲν
3678 2268 3855 2322 τοιοῦ-

2279 2384 2368 2421 τον
2406 2370 2571 2426 ποιεῖ,
2618 2365 2695 2436 τῷ
2726 2365 2770 2417 δ’
2797 2361 2989 2417 ἑαυτοῦ
3021 2361 3190 2431 δούλῳ
3242 2362 3567 2433 προστάττει
3608 2362 3859 2431 πτωχοὺς

2280 2460 2374 2513 καὶ
2417 2459 2728 2529 ἀναπήρους
2777 2456 2870 2509 καὶ
2912 2454 3141 2523 τυφλοὺς
3189 2454 3520 2522 εἰσαγαγεῖν.
3572 2454 3629 2507 ὐ
3667 2452 3723 2506 δὲ
3768 2453 3861 2506 ἐπὶ

2278 2552 2405 2613 τοὺς
2452 2548 2663 2620 γάμους
2707 2547 2801 2599 τοῦ
2845 2545 2958 2598 υἱοῦ
2997 2543 3278 2613 συγκαλῶν
3323 2542 3595 2615 βασιλεὺς,
3650 2543 3860 2607 δούλοις

2280 2644 2519 2698 πλείοσιν
2551 2641 2842 2713 ὑπερέταις
2872 2639 3150 2711 χρώμενος
3169 2678 3183 2701 ,
3227 2640 3287 2691 οὐ
3321 2639 3569 2709 πτωχοὺς
3603 2639 3697 2692 καὶ
3722 2639 3860 2691 ἀνα-

2281 2739 2509 2809 πήρους,
2539 2734 2651 2788 ἀλλ’
2675 2732 2795 2787 οὐδὲ
2819 2732 3051 2801 τυφλοὺς
3078 2730 3171 2784 καὶ
3187 2730 3392 2802 χωλοὺς
3422 2733 3649 2800 εἰσάγει·
3670 2731 3859 2803 ἐπειδὴ

2281 2830 2403 2901 μηδ’
2431 2829 2668 2900 ἔπρεπεν
2702 2825 2984 2896 ἐπικλήσει
3030 2824 3206 2894 γάμου
3255 2823 3531 2894 βασιλικοῦ
3583 2822 3860 2886 τοιούτους

2278 2925 2533 2993 παρεῖναι
2553 2938 2565 2949 ·
2622 2919 2926 2990 κληῧέντων
2959 2916 3015 2970 δὲ
3047 2915 3274 2981 πολλῶν,
3320 2918 3411 2971 τὸν
3444 2918 3641 2984 ἀνάξια
3674 2918 3858 2989 γάμου

2274 3012 2622 3082 ἐνδεδυμένον
2665 3013 2693 3064 6
2738 3009 2988 3081 βασιλεὺς
3028 3012 3367 3081 τιμωρεῖται.
3413 3010 3486 3063 Τὸ
3535 3010 3591 3063 δὲ
3634 3011 3859 3064 πάντων

2276 3105 2832 3176 κεφαλαιωδέστατον,
2856 3105 2937 3158 ὅτι
2975 3105 3008 3175 ἡ
3050 3102 3148 3174 μὲν
3181 3103 3333 3176 παρὰ
3353 3103 3428 3175 τῷ
3459 3103 3718 3175 Ματθαίῳ
3752 3122 3858 3157 πα-

2280 3198 2481 3271 ραϐολὴ
2507 3198 2652 3251 ἔνδον
2675 3200 2732 3250 ὲν
2759 3196 2837 3267 τῷ
2852 3195 2981 3267 ἱερῷ
3004 3195 3244 3259 λέλεκτο,
3272 3196 3405 3267 πρὸς
3423 3197 3547 3259 τοὺς
3565 3196 3861 3268 ἀρχιερέας

602 3294 727 3335 eum
762 3278 1071 3337 Servatore.
1108 3282 1246 3352 Ergo
1275 3283 1450 3339 Lucas
1478 3286 1561 3340 sic
1584 3285 1842 3355 pra-fatur
1874 3289 2172 3356 paraboim:

2281 3291 2373 3342 καὶ
2413 3287 2814 3360 πρεσϐυτέρους
2848 3285 2941 3340 τοῦ
2975 3285 3102 3339 λαοῦ
3141 3286 3518 3356 διαλεγομένου
3550 3285 3644 3338 τοῦ
3675 3286 3861 3357 Σωτῆ-

605 3385 796 3440 nempe
821 3368 1002 3425 Jesum
1026 3374 1080 3426 in
1109 3374 1251 3429 a-des
1271 3375 1549 3445 cujusdam
1580 3392 1611 3432 e
1639 3376 1933 3432 Pharisans
1961 3380 2174 3433 venisse

604 3471 667 3515 ut
720 3463 955 3517 Satibato
1001 3463 1179 3519 cibum
1218 3476 1502 3533 sumeret;
1554 3469 1652 3523 bos
1705 3480 1884 3524 autem
1934 3484 2170 3525 mentem

527 3623 531 3626 ν
605 3553 680 3608 illi
718 3554 1032 3611 intendisse.
1066 3556 1200 3612 Tum
1243 3571 1431 3614 narrat
1478 3562 1760 3632 hydrOpici
1815 3564 2051 3620 hominis
2077 3580 2176 3619 cu-

604 3647 898 3710 rationem,
927 3655 1091 3718 atque
1122 3651 1199 3705 uti
1248 3650 1408 3706 Jesus
1451 3654 1701 3709 docuerit
1745 3659 2036 3727 quominus
2065 3659 2168 3725 pri-

600 3754 724 3794 mos
758 3743 1038 3799 accubitus
1066 3744 1119 3798 in
1150 3746 1418 3801 cunviviis
1446 3747 1741 3812 ambirent,
1801 3762 1978 3819 neque
2030 3750 2174 3803 iuvi-

598 3838 902 3887 tarenteos
931 3849 959 3887 a
988 3836 1186 3904 quibus
1221 3836 1459 3892 vicissim
1513 3837 1776 3893 invitandi
1835 3839 2030 3904 iurent,
2080 3840 2173 3895 sed

599 3935 699 3975 eos
724 3927 903 3992 p0tius
930 3926 1019 3994 qui
1063 3930 1397 3982 remunerari
1427 3931 1738 3998 nequirent.
1766 3932 1954 3997 Addit,
1985 3947 2174 4001 quem-

598 4015 726 4068 dam
757 4030 788 4069 e
815 4016 1277 4073 discumbentibus
1307 4022 1421 4073 haec
1452 4021 1759 4075 audientem
1792 4024 2018 4089 dixisse,
2045 4024 2173 4078 Bea-

600 4117 687 4162 tus
714 4109 804 4176 qui
835 4125 1020 4175 panem
1047 4114 1275 4165 comedet
1308 4114 1362 4165 in
1393 4127 1549 4180 regno
1586 4112 1680 4166 Dei
1719 4114 1740 4166 !
1778 4112 1961 4169 Jesum
1989 4123 2169 4172 autem

600 4198 682 4253 sic
702 4214 886 4252 orsum
906 4198 1046 4268 loqui
1069 4219 1082 4253 :
1104 4199 1278 4254 Homo
1307 4204 1520 4272 quidam
1544 4205 1667 4271 fecit
1687 4221 1885 4259 casuum
1903 4222 2168 4275 magnam.

604 4291 780 4359 Atque
809 4289 882 4343 ita
908 4288 1083 4345 Lucas
1114 4304 1436 4360 praesentem
1484 4298 1798 4363 parabolam
1846 4301 2010 4354 tradit
2045 4316 2171 4354 nar-

600 4388 778 4435 ratam
810 4397 839 4436 a
869 4381 1160 4439 Servatore
1189 4385 1239 4438 ei
1262 4386 1350 4455 qui
1378 4387 1611 4451 dixerat,
1639 4387 1837 4442 Beatus
1866 4393 1955 4461 qui
1982 4408 2169 4461 panem

598 4476 836 4530 comedet
875 4478 932 4530 in
966 4492 1124 4544 regno
1159 4478 1273 4532 Dei.
1309 4479 1489 4545 Quare
1516 4483 1738 4538 omnino
1772 4482 2168 4539 fateturdiver—

600 4582 718 4620 sam
749 4568 886 4622 hanc
912 4583 1035 4623 csse
1062 4586 1090 4623 ιι
1125 4572 1407 4638 superiore
1453 4572 1786 4640 parabolam.
1835 4574 1941 4628 Sed
1988 4586 2166 4631 tamen

2284 3400 2377 3454 ρος
2398 3398 2412 3413 ⁸
2438 3384 2472 3453 ἡ
2507 3380 2563 3434 δὲ
2591 3381 2740 3452 παρὰ
2766 3379 2844 3450 τῷ
2872 3380 3056 3450 Λουκᾷ
3080 3379 3173 3432 ἐπὶ
3200 3377 3299 3448 τῆς
3329 3377 3615 3441 Γαλιλαίας
3634 3379 3862 3449 ένοίκίᾳ.

2280 3474 2421 3538 τινος
2444 3473 2699 3544 ἄρχοντος
2719 3471 3010 3543 Φαρισαίου
3029 3470 3181 3541 ψιλὸν
3198 3470 3410 3525 δεῖπνον
3438 3468 3858 3536 κατασκευάζει,

2281 3567 2611 3638 ἑστιωμένου
2648 3565 2781 3635 παρ’
2818 3562 2967 3635 αὐτῴ
2997 3562 3091 3617 τοῦ
3130 3564 3399 3635 Σωτῆρος.
3431 3563 3692 3635 Προλέγει
3725 3563 3859 3633 γοῦν

2282 3661 2380 3732 τῆς
2417 3659 2784 3732 προκειμένης
2823 3656 3141 3729 παραϐολῆς
3184 3657 3212 3710 6
3260 3657 3475 3719 Λουκᾶς
3516 3654 3716 3709 ταῦτα·
3778 3658 3859 3710 ὅτι

2279 3751 2525 3823 εἰσῆλθεν
2554 3753 2635 3813 είς
2664 3747 2809 3803 οἶκόν
2836 3766 2981 3812 τινος
2995 3746 3283 3818 Φαρισαίου
3311 3744 3622 3816 έστιαοῆναι
3648 3749 3704 3799 ὲν
3724 3747 3861 3800 Σαῦ-

2281 3845 2463 3915 ϐἀτῳ·
2503 3844 2553 3897 οἱ
2580 3843 2635 3896 δὲ
2669 3838 3078 3913 παρετηροῦντο
3109 3838 3291 3892 αὐτόν.
3328 3834 3465 3892 Εἶτα
3505 3836 3752 3902 διελθὼν,
3785 3838 3859 3903 ὡς

2281 3933 2584 4007 ὑδρωπικὸν
2600 3932 2949 4003 ἐθεράπευσε,
2966 3931 3060 3985 καὶ
3078 3930 3153 3993 ὡς
3184 3926 3389 3993 ἐδίδαξε
3417 3929 3491 4000 μὴ
3514 3927 3611 3991 τὰς
3640 3945 3859 3999 πρωτο-

2281 4024 2490 4087 κλισίας
2511 4024 2568 4077 ὲν
2584 4025 2693 4086 τοῖς
2707 4022 2941 4086 δείπνοις
2962 4018 3333 4092 μεταδιώκειν,
3363 4018 3496 4089 μηδὲ
3519 4015 3700 4070 καλεῖν
3730 4019 3857 4082 τοὺς

2279 4114 2745 4179 ἁντικαλέσοντας,
2765 4113 2899 4167 ἀλλὰ
2933 4113 3063 4176 τοὺς
3085 4110 3387 4166 ἀντιδοῦναι
3416 4111 3491 4182 μὴ
3507 4110 3856 4183 δυναμένους,

2288 4207 2561 4277 ἐπιφέρει,
2580 4208 2659 4260 ὅτι
2677 4194 2912 4267 ἀκούσας
2932 4221 3012 4267 τις
3042 4202 3157 4271 τῶν,
3184 4203 3649 4273 συνανακειμένων
3682 4203 3856 4257 ταῦτα

2278 4297 2419 4361 εἷπε,
2437 4298 2731 4366 Μακάριος
2744 4296 2910 4361 ὅστις
2924 4294 3073 4366 φάγε
3081 4312 3173 4349 ται
3191 4293 3371 4363 ἄρτον
3388 4295 3458 4348 ἐν
3472 4293 3547 4363 τῇ
3566 4294 3854 4360 βασαιείᾳ

2283 4389 2385 4443 τοῦ
2399 4388 2544 4443 Θεοῦ
2561 4389 2580 4439 .'
2609 4389 2665 4441 '0
2677 4387 2732 4440 δὲ
2761 4383 2909 4440 εἶπεν
2942 4385 3105 4456 αὐτῷ·
3142 4387 3470 4454 Ἄνθρωπός
3496 4404 3582 4452 τις
3604 4386 3855 4454 ἐποίησε

2284 4483 2529 4536 δεῖπνον
2552 4479 2723 4551 μέγα.
2777 4478 2930 4532 Οὕτω
2958 4478 3002 4532 δ’
3037 4481 3065 4532 6
3090 4479 3302 4541 Λουκᾶς
3362 4478 3462 4549 τὴν
3497 4479 3851 4550 προτεθεῖσαν

2279 4573 2588 4646 παραϐολὴν
2603 4570 2903 4641 ἀνέγραψεν
2928 4569 3177 4642 εἰρῆσθαι
3197 4570 3301 4623 ὑπὸ
3322 4568 3414 4623 τοῦ
3439 4570 3689 4642 Σωτῆρος
3708 4572 3846 4644 πρὸς

600 4658 728 4727 quia
782 4675 849 4714 ne
906 4660 1015 4729 ipsa
1047 4662 1260 4730 quidem
1301 4679 1329 4716 τι
1364 4666 1623 4719 caelorum
1673 4681 1837 4734 regno
1890 4668 2166 4738 abhorret,

2280 4665 2363 4718 τὸν
2392 4664 2669 4736 εἰρηκότα,
2692 4660 2992 4729 Μακάριος
3019 4660 3187 4726 ὅστις
3203 4660 3445 4730 φάγεται
3465 4660 3648 4730 ἄρτον
3676 4665 3747 4717 ἐν
3773 4661 3846 4731 τῇ

598 4751 673 4806 de
706 4765 815 4825 quo
840 4754 1016 4808 euntis
1044 4754 1199 4809 nobis
1239 4756 1521 4810 institutus
1549 4772 1729 4812 sermo
1755 4768 1859 4822 est,
1891 4760 2173 4817 videamus

602 4858 766 4911 porro
791 4845 920 4914 quid
961 4846 1270 4916 significent
1297 4850 1459 4902 etiam
1494 4863 1556 4902 ea
1596 4864 1713 4917 qua:
1748 4852 1798 4904 in
1830 4853 1931 4905 hac
1969 4868 2170 4922 propo-

602 4946 828 4991 nuntur.
868 4938 1017 4993 Unus
1042 4939 1471 4994 recumbentium
1503 4950 1557 4994 et
1588 4943 1998 4999 cunvivanlinm
2045 4960 2171 4999 cum

604 5026 896 5083 Servatore
948 5030 999 5083 in
1056 5030 1311 5087 Pharisaei
1389 5031 1593 5096 domo,
1660 5035 2000 5089 sermonibus
2054 5036 2172 5105 ejus

604 5129 924 5183 commotus,
961 5122 1172 5177 beatum
1196 5123 1469 5178 exclamat
1504 5124 1652 5179 illum
1705 5125 1819 5179 fore
1851 5127 1943 5194 qui
1974 5127 2039 5179 ad
2076 5144 2171 5198 pa-

672 5257 784 5330 (65)
824 5258 1043 5330 Triplex
1093 5270 1175 5317 est
1219 5263 1321 5319 loci
1377 5262 1537 5330 hujus
1598 5262 1908 5329 Eusebiani,
1955 5269 2178 5323 mutatis

601 5343 745 5402 serpe
790 5332 992 5397 verbis,
1024 5346 1363 5401 excerptum.
1395 5333 1634 5387 Primum
1664 5335 1713 5387 in
1747 5336 2177 5402 pra-cedentibus

603 5399 848 5476 dedimus
895 5415 963 5455 ex
1013 5399 1204 5476 catena
1232 5405 1489 5476 annnymi
1536 5399 1774 5457 auctoris
1803 5407 1854 5458 iu
1882 5409 2068 5476 codice
2111 5407 2173 5461 Β.

602 5469 846 5523 Alterum
880 5481 964 5524 est
1020 5472 1120 5527 hoc
1168 5469 1509 5540 excerptum,
1554 5492 1619 5528 ex
1661 5486 1849 5528 catena
1882 5475 2085 5530 Nlt'elﬂ!
2119 5480 2173 5531 in

602 5541 793 5594 codice
814 5542 879 5596 Α.
929 5540 1166 5595 Tertium
1194 5553 1277 5596 est
1310 5545 1361 5596 in
1392 5546 1578 5598 codice
1608 5545 1669 5607 E,
1710 5561 1774 5598 ex
1817 5556 2006 5599 catena
2043 5548 2172 5601 item

604 5608 825 5665 Μορδινῆ
867 5612 1313 5683 Chrysocephali,
1370 5617 1460 5679 qui
1510 5632 1631 5668 cmn
1679 5615 1860 5669 Niceta
1896 5620 2168 5683 roiigruit.

608 5690 965 5751 praeterquam
1001 5682 1173 5745 initio,
1210 5685 1350 5751 quod
1376 5684 1535 5751 itase
1569 5685 1728 5737 habet
1749 5699 1763 5737 :
1786 5685 2004 5749 Πολλοῖς
2020 5682 2170 5739 τισιν

605 5749 751 5818 ῐδοξε
779 5749 876 5823 τὴν
906 5750 1072 5824 αὐτὴν
1089 5749 1404 5825 παραϐολὴν
1427 5749 1563 5808 εἶναι
1585 5754 1788 5826 ταύτην
1805 5772 1861 5809 τε
1891 5755 1986 5828 τὴν
2020 5756 2172 5831 παρὰ

2274 4758 2560 4824 βασιλείᾳ
2577 4756 2680 4811 τοῦ
2713 4755 2880 4809 Θεοῡο
2909 4754 3047 4808 ὥστε
3076 4753 3133 4820 ἐξ
3164 4754 3396 4818 ἅπαντος
3424 4754 3705 4826 ὁμολογεῖν
3738 4755 3852 4810 ἐτέσ

2283 4869 2380 4924 ραν
2429 4847 2565 4904 εἶναι
2599 4849 2799 4918 ταύτην
2840 4847 2987 4919 παρὰ
3037 4849 3132 4920 τὴν
3173 4846 3414 4920 πρώτην.
3470 4848 3618 4901 Ἐπεὶ
3661 4848 3717 4901 δὲ
3744 4848 3843 4901 οὐκ

2276 4944 2531 5016 ἀλλοτρία
2580 4942 2834 5013 τυγχάνει
2866 4942 2975 4995 οὐδ’
3001 4942 3138 5013 αὕτη
3168 4945 3266 5011 τῆς
3304 4940 3581 5011 βασιλείας
3604 4940 3715 4992 τῶν
3759 4940 3851 4993 οὺ·-

2281 5037 2488 5109 ρανῶν,
2523 5037 2651 5107 περὶ
2674 5032 2741 5106 ἦς
2773 5038 2903 5105 ἡμῖν
2934 5036 2963 5088 ὁ
3002 5037 3107 5097 πᾶς
3145 5032 3399 5105 ἐνέστηκε
3430 5033 3613 5099 λόγος,
3653 5032 3849 5102 ἴδωμεν

2279 5128 2330 5181 τί
2365 5127 2609 5199 βούλεται
2641 5125 2821 5179 καὶτὰ
2842 5124 2929 5179 διὰ
2955 5122 3154 5195 ταύτην
3180 5124 3501 5196 δηλούμενα.
3533 5122 3654 5176 Τῶν
3686 5140 3845 5176 συνα-

2280 5266 2358 5339 τῷ
2383 5266 2584 5339 Λουκᾷ,
2621 5265 2713 5339 καὶ
2743 5265 2842 5336 τὴν
2874 5262 3425 5339 παρατῷΜατβαίῳ
3459 5263 3584 5339 περὶ
3621 5262 3713 5339 τοῦ
3750 5261 3846 5332 γά-

2285 5333 2384 5408 μου
2425 5333 2914 5408 διαλαμϐάνουσαν,
2960 5333 3063 5388 διὰ
3089 5333 3172 5408 *τὸ
3228 5333 3484 5408 καὶ-εκεῖ
3518 5333 3847 5408 παραίτησιν

2280 5403 2387 5463 τῶν
2425 5403 2776 5477 κεκλημένων
2817 5405 3188 5476 εὑρίσκεσθαι.
3231 5406 3290 5457 '0
3318 5405 3375 5458 δὲ
3405 5405 3478 5475 μὴ
3527 5403 3843 5477 παρέργως,

2278 5493 2384 5533 etc.
2422 5474 2785 5544 Compluribus
2811 5474 2976 5528 visum
3006 5486 3103 5540 est,
3130 5478 3362 5529 eamdem
3395 5474 3507 5529 esse
3538 5474 3844 5544 peruolant

2280 5558 2390 5600 tum
2446 5541 2561 5614 qme
2609 5546 2746 5612 apud
2777 5545 2974 5598 Lucam
3025 5555 3131 5598 tum
3185 5560 3303 5614 qua:
3339 5548 3479 5611 apud
3536 5541 3846 5614 Eunaeum

2286 5612 2534 5671 recitatur
2566 5618 2629 5669 de
2666 5618 2880 5683 nuptiis,
2901 5616 3024 5685 quia
3053 5624 3103 5668 et
3126 5616 3178 5685 in
3198 5612 3308 5666 ‘hac
3338 5616 3505 5668 altera
3538 5612 3834 5685 excusatio-

2291 5704 2404 5740 nem
2432 5679 3118 5751 tvocalorum’comperimus.
3166 5683 3530 5741 Numanum
3552 5682 3644 5754 qui
3690 5679 3837 5736 haud

2295 5759 2645 5828 perluuctoria
2674 5757 2874 5822 studio,
2898 5764 3002 5811 etc.
