4170 6406
340 300 444 356 577

1497 299 1998 360 COMMENTABIA
2036 301 2103 356 IN
2142 299 2402 358 LUCAM.

3463 305 3570 364 578

333 415 671 489 νιικειμένων
695 435 780 483 τις
810 418 887 489 τῷ
906 419 1120 492 Σωτῆρι
1145 421 1202 474 ὲν
1224 423 1292 492 τῇ
1321 417 1414 474 τοῦ
1437 421 1730 494 Φαρισαίου
1756 419 1896 491 οἰκία

2003 431 2127 472 nem
2149 415 2583 472 manducandum
2627 415 2677 470 in
2729 431 2897 488 regno
2938 415 3031 470 Dei
3075 415 3362 486 dignanter
3405 415 3570 472 fuerit

332 509 430 564 καὶ
472 511 935 582 συνεστιωμένων,
975 513 1040 566 ὲκ
1081 512 1190 566 τῶν
1234 513 1394 566 αὑτοῦ
1437 513 1613 582 λόγων
1643 507 1902 583 κινηθεὶς.

334 601 630 674 μακαρίζει
661 603 750 656 τὸν
783 604 1322 676 καταξιωθησόμενον
1351 609 1543 675 φαγεῖν
1563 606 1724 676 ἄρτον
1753 607 1810 658 ὲν
1837 607 1904 677 τῇ

334 693 586 767 βασιλεία
621 693 716 748 τοῦ
765 694 920 749 Θεοῦ.
957 692 1121 766 Οἶμαι
1160 696 1204 749 δ’
1246 696 1408 752 αὐτὸν
1441 695 1598 750 τοῦτο
1630 697 1904 768 εἰρηκέναι

331 782 422 838 διὰ
463 784 525 837 τὸ
569 785 838 854 φάναιτὺν
858 787 1087 860 Σωτῆρα
1117 786 1194 858 τῷ
1223 787 1509 858 κεκληκότι
1541 789 1904 844 αὑτόν·”οταν

333 880 496 949 ποιῇς
542 877 780 950 ἄριστον,
815 878 889 951 μὴ
917 879 1202 946 πλουσίους
1246 881 1420 948 κάλει,
1457 881 1593 936 ἀλλά
1635 884 1902 954 πτωχοὺς,

333 971 430 1024 καὶ
486 973 754 1043 μακάριος
803 971 921 1044 ἔσῃ.
963 973 1106 1046 Πρὸς
1156 973 1342 1028 τοῦτον
1391 970 1484 1028 οὖν
1536 991 1732 1046 φησιν’
1777 977 1906 1030 Ἀν-

335 1065 565 1134 θρωπός
602 1081 692 1132 τις
717 1063 966 1132 ἐποιήσε
984 1065 1230 1120 δεῖπνον
1245 1065 1420 1136 μέγα.
1453 1069 1548 1122 καὶ
1579 1068 1648 1122 τὰ
1672 1068 1816 1139 ἑξῆς.

469 1153 754 1224 Ἤρξαντο
783 1155 902 1210 ἀπὸ
925 1153 1070 1226 μιᾶς
1093 1158 1499 1226 παραιτεῖσθαι
1527 1157 1768 1224 πάντες.

422 1243 531 1298 Επὶ
568 1244 631 1298 τδ
658 1245 871 1315 λογικὸν
915 1245 1214 1317 συμπόσιον
1242 1248 1340 1302 οὐκ
1379 1248 1713 1319 ἀπήντησαν,
1747 1247 1904 1319 φιλή-

333 1337 472 1390 δονοι
507 1335 703 1406 μᾶλλον
745 1335 892 1399 ὄντες
939 1335 973 1407 ἢ
1015 1337 1270 1407 φιλόθεοι,
1306 1337 1527 1408 καὶτῆς
1567 1337 1697 1408 ὕλης
1729 1337 1760 1408 ἢ
1810 1336 1902 1390 τοῦ

332 1426 490 1480 Θεοῦο
523 1426 826 1499 φιληδονίας
857 1428 956 1498 μὲν
983 1426 1091 1501 γὰρ
1121 1429 1317 1500 δεῖγμα
1341 1432 1497 1502 γυνή·
1531 1430 1699 1503 ἀγρὸς
1721 1431 1778 1484 δὲ
1809 1431 1904 1484 καὶ

331 1513 499 1586 ζεύγη
529 1516 630 1586 τῆς
661 1515 1151 1588 φιλοχρημοσύνης.
1186 1519 1419 1583 Πολλοὺς
1454 1519 1554 1590 μὲν
1586 1515 1678 1574 οὖν
1705 1519 1904 1590 κεκλῆ-

333 1605 456 1660 σθαί
478 1623 609 1676 φησι
637 1608 730 1662 ἐπὶ
742 1607 803 1661 τὸ
829 1609 970 1680 μέγα
999 1609 1208 1664 δεῖπνον
1231 1611 1402 1666 καὶτὸ
1425 1611 1546 1665 καθ’
1570 1611 1698 1684 ὅλης
1717 1613 1814 1684 τῆς
1828 1615 1904 1668 οἰ-

332 1698 604 1769 κουμένης
619 1698 832 1768 λογικὸν
854 1702 1151 1772 συμπόσιον
1165 1703 1273 1756 τῶν
1295 1703 1340 1756 ίε
1349 1701 1454 1776 ρῶν
1473 1705 1564 1758 καὶ
1581 1703 1738 1758 θείων
1761 1704 1901 1776 Γρα-

2005 507 2290 562 admissus.
2353 505 2488 560 Puto
2543 514 2722 560 autem
2785 507 2884 560 hoc
2941 505 3144 558 dictum
3201 503 3388 570 fuisse,
3443 505 3569 574 quia

2006 603 2266 659 Servator
2294 602 2544 658 invitanti
2563 617 2622 658 se
2647 603 2858 656 dixerat
2883 620 2897 655 :
2926 601 3059 655 Cum
3107 599 3394 669 prandium
3427 600 3570 654 fece-

2005 696 2103 760 ris,
2131 695 2235 750 noli
2263 694 2458 749 divites
2485 708 2704 756 vocare,
2731 693 2826 748 sed
2847 707 3130 762 pauperes,
3163 701 3220 745 ut
3256 693 3446 748 beatus
3469 693 3569 747 sis.

2005 785 2142 842 Huic
2167 767 2297 858 ergo
2327 785 2655 854 respondens
2682 784 2759 838 ait
2795 797 2810 837 :
2865 781 3036 836 Homo
3061 785 3276 854 quidam
3301 783 3425 854 fecit
3459 799 3568 839 ca:-

2005 895 2125 932 nam
2159 893 2426 950 maguam,
2455 887 2512 932 et
2537 874 2762 944 reliqua.
2860 877 2866 895 ‘

2253 1143 2302 1175 "
2339 1142 2616 1212 Coeperunt
2645 1142 2804 1196 simul
2825 1159 3002 1199 omnes
3051 1161 3320 1200 excusare.

2073 1234 2154 1288 Ad
2203 1235 2472 1290 rationale
2499 1235 2806 1288 convivium
2842 1252 2944 1290 non
2973 1232 3264 1303 venerunt,
3299 1239 3424 1308 quia
3474 1255 3568 1293 vo-

2001 1328 2264 1398 luptatum
2313 1328 2490 1397 potius
2518 1337 2680 1396 atque
2705 1329 2944 1382 materia:
2970 1344 3129 1398 quam
3170 1330 3262 1384 Dei
3293 1339 3569 1386 amatores

2001 1432 2177 1476 erant.
2212 1420 2346 1476 Nam
2379 1421 2674 1489 voluptatis
2701 1430 3080 1488 argumentum
3111 1437 3284 1485 uxor;
3314 1438 3444 1492 ager
3470 1439 3570 1476 att-

2005 1523 2112 1566 tem
2141 1528 2202 1566 ac.
2230 1512 2418 1576 boves,
2451 1511 2713 1569 avaritize.
2744 1511 2940 1566 Multos
2983 1513 3164 1582 itaque
3193 1525 3410 1568 vocatos
3436 1515 3570 1570 dicit

2003 1605 2069 1658 ad
2127 1619 2376 1672 magnam
2435 1617 2670 1664 cmuatu.
2719 1613 2772 1657 et
2823 1603 3083 1658 rationale
3128 1620 3224 1672 per
3255 1607 3564 1662 universum

2001 1692 2184 1746 orbem
2203 1691 2508 1745 convivium
2533 1705 2813 1744 sacrarum
2842 1706 2906 1745 ac
2931 1691 3236 1746 divinarum
3265 1693 3569 1764 Scriptura-

332 1787 470 1856 φῶν,
505 1789 579 1860 μὴ
623 1789 728 1862 μὴν
753 1793 878 1856 τοὺς
905 1793 1110 1858 πάντας
1133 1793 1232 1865 τῆς
1258 1795 1475 1865 χάριτος
1501 1795 1896 1867 ἐπιτυγχάνειν·

2002 1799 2144 1847 rum,
2188 1799 2294 1837 non
2348 1793 2527 1836 tamen
2572 1795 2758 1836 omnes
2797 1783 2971 1850 gratia
3017 1785 3203 1854 potiri,
3233 1801 3338 1854 qua
3388 1787 3564 1840 vocati

330 1881 749 1954 ἀποστερεῖσθαι
775 1885 883 1956 γὰρ
913 1886 1081 1955 αὐτῆς
1111 1886 1216 1940 τῶν
1243 1887 1591 1959 κεκλημένων
1619 1889 1745 1950 τοὺς
1775 1887 1902 1960 περὶ

329 1969 495 2042 ἕτερα
521 1973 942 2046 ἠσχολημένους.
972 1977 1251 2048 Περισπᾷν
1276 1976 1382 2051 γὰρ
1414 1979 1507 2032 καὶ
1527 1977 1778 2046 ἀφέλκειν
1803 1977 1903 2046 τῆς

329 2059 574 2131 κλήσεως
604 2063 703 2128 τάς
749 2063 844 2118 τοῦ
888 2063 1003 2134 βίου
1049 2066 1332 2138 φροντίδας
1375 2066 1612 2120 διδάσκει
1634 2083 1647 2096 ·
1700 2064 1902 2129 ταύτας

327 2153 372 2206 δ’
394 2147 532 2208 εἶναι
551 2155 856 2226 διαφόρους·
879 2156 912 2227 ἢ
938 2155 1046 2230 γὰρ
1069 2159 1199 2230 περὶ
1216 2158 1284 2212 τὰ
1310 2160 1562 2230 κτήματα
1584 2159 1676 2212 καὶ
1701 2157 1902 2230 ἀγροὺς

327 2244 733 2316 ἀσχολούμενοι,
776 2245 948 2300 ταῦτα
979 2248 1076 2318 τῆς
1127 2248 1371 2320 κλήσεως
1415 2250 1900 2321 προτετιμήκασιν,

326 2335 404 2399 ὡς
432 2337 870 2408 παραιτήσασθαι
895 2337 1163 2409 τολμῆσαι
1190 2339 1277 2394 διά
1299 2339 1472 2394 ταῦτα
1501 2338 1598 2411 τὴν
1624 2341 1834 2410 κλῆσινο
1865 2341 1898 2413 ἢ

326 2428 458 2497 περὶ
503 2428 600 2491 τάς
631 2427 723 2482 τοῦ
765 2428 879 2499 βίου
924 2431 1305 2500 πραγματείας
1354 2431 1797 2504 κατατριϐόμενοι

323 2515 511 2587 δεσμῷ
552 2517 745 2588 γάμων
787 2517 882 2572 καὶ
930 2518 1134 2572 παίδων
1180 2519 1632 2590 ἐμπεπλεγμένοι*
1681 2521 1714 2593 ή
1761 2539 1900 2574 τισιν

323 2607 506 2671 ἀλλοις
551 2609 811 2673 τοιούτοις
858 2609 1249 2682 φροντίσμασιν
1277 2611 1654 2682 ὴσχολημένοι.
1717 2611 1900 2667 Ταῦτα

323 2699 434 2772 γὰρ
468 2701 561 2753 καὶ
589 2700 814 2755 τοιαῦτα
845 2701 1070 2769 ἐπάγειν
1104 2701 1198 2755 καὶ
1243 2702 1545 2773 περιέλκειν
1577 2701 1734 2756 εἴωθε
1775 2703 1900 2768 τοὺς

321 2790 410 2844 διά
456 2790 627 2844 ταῦτα
655 2791 754 2862 τὴν
796 2792 954 2862 χάριν
999 2792 1378 2862 παραιτεῖσθαι
1424 2792 1756 2864 τολμῶντας.
1808 2794 1899 2847 καὶ

319 2881 416 2934 τὸν
441 2879 700 2954 κλήτορα,
731 2882 822 2935 καὶ
848 2882 906 2936 τὸ
933 2883 1031 2954 τῆς
1063 2883 1254 2953 καινῆς
1287 2883 1548 2955 διαθήκης
1578 2884 1896 2954 συμπόσιον,

323 2972 418 3024 καί
441 2973 540 3043 τὴν
566 2967 788 3044 λογικὴν
815 2975 1038 3045 τροφήνο
1067 2967 1139 3026 ὧν
1165 2975 1418 3028 ἁπάντων
1447 2975 1743 3046 ἐστέρησαν
1773 2977 1900 3030 ἐαυ-

318 3063 469 3126 τους,
501 3063 642 3116 κατά
677 3062 776 3134 μὲν
807 3064 909 3146 τῂν
939 3063 1288 3118 ἀποδοθεῖσαν
1321 3066 1636 3138 ἑρμηνείαν,
1679 3069 1730 3119 οἱ
1761 3084 1894 3138 προ⁹

2003 1876 2284 1946 privantur
2335 1876 2460 1946 quia
2507 1874 2668 1928 rebus
2710 1872 2831 1926 aliis
2872 1889 3056 1928 curam
3099 1877 3435 1944 impendunt.
3475 1877 3569 1930 Et-

2009 1966 2153 2020 enim
2184 1967 2489 2020 distrahere
2523 1975 2687 2034 atque
2716 1974 2963 2042 avertere
2992 1981 3019 2018 a
3052 1969 3338 2024 vocatione
3367 1968 3568 2023 sollici-

2002 2057 2216 2112 tudines
2275 2057 2457 2111 mundi
2509 2058 2692 2120 docet,
2742 2072 2862 2126 qua:
2906 2058 3068 2112 varia:
3109 2069 3278 2114 sunt:
3331 2075 3456 2114 nam
3483 2060 3566 2114 vel

2004 2148 2440 2217 possessionibus
2491 2149 2746 2219 agriSque
2795 2148 3010 2210 intenti.
3057 2164 3150 2204 eas
3180 2165 3266 2204 res
3293 2153 3566 2208 vocationi

2001 2240 2350 2304 antet'crunt;
2387 2241 2458 2294 ita
2493 2250 2551 2296 ut
2595 2257 2862 2298 excusare
2909 2258 2967 2297 se
3018 2247 3194 2298 vocati
3231 2247 3436 2300 idcirco
3472 2261 3570 2299 au-

2003 2331 2186 2387 deant.
2219 2331 2312 2416 V‘el
2349 2335 2474 2388 vitae
2531 2338 2763 2402 negotiis
2793 2347 3117 2399 atteruntur,
3143 2338 3224 2390 vel
3257 2341 3566 2408 ttllpllnl'lllll

2001 2439 2063 2478 ac
2091 2424 2382 2479 liberorum
2417 2427 2646 2482 vinculis
2686 2429 3056 2498 implicantur,
3092 2431 3174 2484 vel
3226 2431 3350 2485 aliis
3390 2429 3570 2500 hujus-

2003 2514 2145 2568 modi
2177 2515 2326 2568 curis
2367 2515 2533 2570 dediti
2557 2527 2704 2572 sunt.
2733 2518 2854 2572 Haec
2873 2519 3012 2574 enim
3045 2529 3096 2573 et
3127 2520 3229 2572 alia
3262 2519 3568 2588 huiusmodi

2001 2605 2272 2660 abducere
2301 2621 2362 2661 ac
2389 2606 2694 2663 distrahere
2740 2611 2916 2666 solent
2963 2627 3055 2667 eos
3083 2613 3174 2681 qui
3216 2615 3442 2682 gratiam
3477 2629 3566 2668 re-

2007 2697 2258 2766 pudiare,
2284 2709 2704 2769 vocantemque,
2737 2707 2860 2758 nec'
2885 2719 2990 2756 non
3033 2704 3154 2757 novi
3187 2701 3404 2758 hederis
3437 2719 3566 2758 con-

1998 2787 2223 2853 vivium,
2279 2797 2332 2842 et
2375 2789 2798 2848 intellectualem
2852 2810 3062 2855 escam,
3114 2797 3331 2850 audent.
3360 2795 3568 2862 Quibus

1998 2879 2250 2934 oninibus
2283 2892 2452 2934 Semet
2483 2885 2832 2948 orhaverunt,
2860 2886 3154 2939 secundum
3187 2886 3324 2940 hanc
3348 2887 3564 2955 quidem

2001 2971 2528 3039 interpretationem,
2566 2975 2600 3028 ii
2635 2975 2724 3044 qui
2759 2977 2970 3030 caelesti
3001 2979 3272 3032 vocationi
3319 2977 3570 3048 jucundi-

2002 3072 2139 3116 tates
2191 3063 2349 3132 hujus
2391 3066 2575 3120 mundi
2615 3068 2988 3136 prtetulcrunt,
3023 3069 3239 3121 divitias
3281 3069 3562 3132 nimirum,

319 3155 648 3225 τιμήσαντες
678 3157 776 3228 τῆς
813 3131 1060 3226 οξρανίου
1097 3157 1335 3230 κλήσεως
1366 3155 1436 3211 τά
1479 3157 1606 3228 ήδέα
1631 3156 1724 3210 τοῦ
1751 3174 1887 3229 ποιρ⁸

1999 3154 2214 3221 negotia
2248 3163 2300 3208 et
2358 3157 2608 3225 nuptias;
2666 3175 2895 3226 quorum
2947 3173 3107 3212 c:msa
3158 3161 3386 3227 gratiam
3419 3173 3572 3214 recn-

318 3247 472 3310 ὄντος
531 3246 668 3318 βίου,
718 3247 946 3302 πλοῦτον
995 3249 1196 3320 δηλαδὴ
1241 3250 1334 3302 καὶ
1378 3239 1758 3320 πραγματείας
1803 3250 1895 3302 καὶ

318 3338 520 3408 γάμον,
572 3340 666 3392 καὶ
704 3339 792 3393 διὰ
838 3339 1008 3394 ταῦτα
1053 3341 1152 3412 τὴν
1193 3339 1351 3412 χάριν
1395 3341 1890 3410 παραιτησάμενον

318 3428 464 3482 κατά
487 3429 531 3480 δ’
565 3431 754 3502 ἑτέραν
793 3431 1018 3502 ἐκδοχὴν
1041 3433 1089 3485 oi
1119 3430 1322 3502 πρῶτοι
1343 3430 1444 3500 τῆς
1468 3431 1710 3501 κλήσεως
1737 3431 1896 3500 ἠξιω-

322 3521 496 3590 μένοι,
529 3514 674 3574 οὗτοι
699 3522 742 3574 δ’
772 3517 912 3594 ἦσαν
933 3524 980 3575 οἱ
1010 3522 1074 3576 ὲκ
1105 3521 1428 3593 περιτομῆς,
1453 3521 1501 3574 οἳ
1533 3521 1597 3592 δὴ
1628 3521 1894 3592 προφάσει

316 3613 422 3682 τῆς
446 3613 576 3684 περὶ
621 3613 683 3666 τὸ
715 3615 958 3683 κρεῖττον
1004 3613 1257 3684 ἀσχολίας
1289 3612 1386 3684 τὴν
1423 3611 1612 3683 κλῆσιν
1645 3612 1890 3682 ὕϐρισαν.

327 3700 418 3762 Ὧς
444 3701 551 3772 γὰρ
591 3700 804 3772 ἔχοντες
846 3704 1046 3774 ἀγροὺς
1092 3703 1161 3756 τὰ
1209 3705 1334 3774 παρ’
1379 3703 1557 3767 αὐτοῖς
1606 3702 1891 3774 ἀμφιλαφῆ

316 3790 739 3862 ἀναγνώσματα,
762 3795 856 3848 καὶ
878 3795 952 3858 ὡς
975 3793 1101 3863 βόας
1125 3794 1396 3865 ἀροτῆρας
1419 3793 1742 3865 κεκτημένοι
1769 3794 1894 3857 τοὺς

315 3885 448 3954 παρ’
481 3884 664 3946 αὐτοῖς
692 3885 992 3956 προφήτας,
1023 3884 1117 3938 καὶ
1153 3885 1228 3946 ὡς
1267 3883 1331 3938 ἂν
1364 3885 1525 3956 σοφίᾳ
1566 3885 1672 3938 τινὶ
1699 3878 1788 3937 οἷα
1827 3884 1890 3956 δὴ

315 3976 539 4044 γυναικὶ
588 3975 960 4046 συμϐιοῦν-τες,
1008 3977 1107 4048 τὴν
1144 3976 1504 4046 εὐαγγελικὴν
1552 3975 1892 4044 ὲξευτέλισαν

315 4067 492 4138 χάριν.
516 4097 588 4109 --
633 4069 850 4139 Ἐπειδὴ
880 4069 937 4122 δὲ
963 4064 1102 4140 ἦσαν
1131 4068 1272 4123 οὕτω
1298 4071 1488 4140 παχεῖς
1516 4071 1613 4141 τὴν
1643 4069 1887 4142 καρδίαν,

1996 3255 2205 3300 sarunt.
2253 3244 2561 3301 Secundum
2629 3249 2790 3302 aliam
2862 3264 2993 3302 vero
3038 3250 3569 3318 interpretationem,

1996 3339 2203 3406 priores
2238 3338 2312 3392 illi
2345 3338 2632 3408 dignanter
2651 3341 2846 3402 vocati,
2882 3340 2932 3393 id
2959 3347 3040 3394 est
3069 3339 3300 3408 populus
3323 3339 3570 3392 circum-

1995 3429 2160 3490 cisus,
2193 3429 2281 3496 qui
2333 3430 2578 3484 melioris
2632 3430 2862 3486 instituti
2917 3439 3175 3500 praetextu
3225 3431 3565 3484 vocationem.

1993 3529 2337 3588 Spreverunt.
2395 3519 2527 3574 Nam
2579 3521 2736 3590 quasi
2789 3535 2950 3592 agros
3012 3521 3274 3575 haberent
3316 3521 3568 3588 copiosas

1993 3623 2121 3666 sitas
2144 3611 2476 3680 Scripturas,
2499 3623 2554 3666 et
2586 3613 2747 3666 boum
2772 3613 3040 3666 arantiunt
3067 3613 3241 3666 instar
3270 3612 3560 3679 prophetas

1993 3717 2138 3762 suus,
2168 3711 2224 3758 et
2255 3718 2374 3756 cum
2403 3703 2676 3774 sapientia
2723 3719 2820 3758 sua
2855 3703 3021 3758 veluli
3071 3719 3240 3758 uxore
3270 3706 3563 3758 conviven-

1995 3805 2095 3858 tes,
2123 3795 2489 3863 evangelieam
2521 3795 2748 3864 gratiam
2778 3796 3134 3865 despueruot.
3163 3827 3233 3836 —
3257 3795 3393 3861 Quia
3433 3810 3562 3850 vero

1999 3895 2282 3955 tantopere
2328 3887 2447 3940 rudi
2491 3887 2652 3940 corde
2699 3897 2875 3950 erant,
2919 3888 3086 3940 nectit
3113 3887 3418 3956 parabolam
3451 3886 3563 3942 ido-

1996 3991 2154 4029 neam
2189 3978 2614 4032 demonstrando
2671 3977 2905 4032 futuram
2941 3979 3078 4046 apud
3125 3979 3270 4047 ipsos
3295 3981 3560 4048 gerenda-

1993 4084 2111 4123 rum
2139 4085 2318 4123 rerum
2343 4071 2631 4125 rationem.
2665 4069 2906 4136 Namque
2949 4071 3014 4124 ad
3051 4071 3137 4123 illa
3165 4072 3326 4124 verba
3374 4072 3560 4125 beatus

315 4159 589 4227 ὲξυφαίνει
623 4161 934 4234 παραϐολὴν
957 4161 1319 4232 ἀποχρώντως
1347 4163 1572 4234 ἔχουσαν
1599 4165 1680 4227 είς
1711 4163 1889 4235 παρά-

1997 4160 2092 4212 eris
2139 4171 2302 4228 atque
2336 4159 2401 4213 ad
2455 4162 2543 4214 illa
2576 4161 2894 4214 retribuetur
2927 4162 3024 4216 tibi
3078 4163 3132 4216 in
3176 4153 3560 4216 resurrectione

312 4249 476 4316 δειξιν
510 4252 610 4322 τῆς
639 4254 721 4306 ἐπ’
754 4255 935 4317 αὐτοῖς
960 4255 1222 4324 ἐσομένης
1243 4255 1551 4324 οἰκονομίας
1578 4270 1591 4284 ⁸
1624 4254 1760 4327 πρὸς
1780 4256 1889 4326 γὰρ

1997 4250 2265 4313 iustorum,
2308 4252 2601 4322 reSpiciens
2630 4255 2876 4319 conviva,
2916 4255 3138 4324 iheatmu
3173 4254 3409 4324 appellat
3432 4268 3556 4308 eum

312 4343 373 4397 τδ
399 4343 689 4414 μακάριος
709 4347 821 4413 ἔσῃ
852 4345 1193 4408 ἀποϐλέπων,
1241 4347 1335 4400 καὶ
1379 4347 1512 4416 πρὸς
1541 4347 1602 4398 τὺ
1633 4347 1888 4400 ἀνταπο-

1997 4343 2077 4410 ιιυί
2118 4343 2169 4396 in
2201 4359 2362 4414 regno
2389 4344 2582 4412 dignus
2613 4345 2881 4400 eritvcsci
2929 4361 3085 4414 pane.
3128 4345 3295 4399 Porro
3355 4346 3442 4400 hic
3481 4345 3558 4398 in.

311 4433 635 4502 δοθήσεται
659 4453 757 4491 σοι
797 4439 866 4490 ἐν
898 4437 971 4506 τῇ
1009 4436 1341 4492 ἀναστάσει
1387 4437 1504 4491 τῶν
1544 4437 1806 4500 δικαίων,
1856 4441 1886 4491 ὁ

1997 4433 2250 4502 lelligitur
2285 4434 2374 4501 qui
2407 4436 2616 4488 dandus
2639 4437 2738 4488 erit
2773 4437 3152 4490 remunerandi
3196 4451 3357 4489 causa
3404 4435 3558 4489 heni-

308 4528 600 4580 συνανακεί
607 4545 762 4599 μενος
788 4529 1077 4601 μακαρίζει
1099 4529 1189 4581 τὸν
1216 4527 1477 4599 μέλλοντα
1500 4528 1880 4594 καταξιοῦσθαι

1997 4525 2245 4594 guitatcm
2278 4527 2604 4598 pauperibus
2650 4530 2946 4582 exhibitam
2984 4531 3236 4599 ;quique
3275 4529 3329 4582 in
3379 4545 3554 4583 resur-

301 4617 405 4674 τοῦ
439 4621 497 4672 ὲν
522 4623 587 4691 τῇ
619 4620 861 4693 βασιλεία
908 4624 1094 4693 ἄρτου.
1143 4617 1311 4686 Οὗτος
1347 4620 1401 4674 δὲ
1444 4616 1511 4692 ἦν
1539 4622 1568 4674 ὁ
1601 4622 1716 4674 κατ’
1765 4621 1888 4673 ἀντ-

1997 4619 2225 4672 rectione
2255 4618 2526 4687 justorutu
2569 4619 2944 4674 retribuendus
2965 4629 3046 4674 est
3071 4621 3230 4674 beato
3257 4620 3332 4672 illi
3357 4637 3374 4673 :
3427 4635 3549 4672 nam

300 4708 565 4763 ἀπόδοσιν
598 4710 695 4780 τῆς
727 4711 806 4773 εἰς
833 4712 956 4774 τοὺς
985 4713 1230 4782 πτωχοὺς
1275 4709 1700 4780 φιλανθρωπίας,
1733 4710 1789 4761 ὲν
1817 4713 1881 4780 τῇ

1997 4711 2313 4764 resurrectio
2361 4710 2502 4765 idem
2545 4725 2666 4765 esse
2719 4709 3037 4779 intelligitur
3073 4725 3139 4764 ac
3182 4727 3405 4779 regnum
3433 4712 3548 4764 Dei.

301 4798 601 4853 ἀναστάσει
625 4799 734 4852 τῶν
759 4799 979 4854 δικαίων
1013 4801 1474 4872 ἀποδοθησόμενος
1520 4800 1598 4869 τῲ
1648 4817 1886 4870 μακαρι-

1997 4801 2193 4856 Dicenti
2224 4817 2372 4872 ergo,
2409 4803 2605 4856 Beatus
2643 4807 2734 4876 qui
2769 4805 3048 4859 manduca!
3075 4817 3262 4864 panem
3294 4805 3346 4855 in
3391 4818 3552 4872 regno

301 4890 543 4960 ζομένῳ,
567 4889 671 4960 τῆς
701 4891 1043 4956 ἀναστάσεως
1070 4893 1164 4946 καὶ
1191 4893 1290 4963 τῆς
1317 4889 1409 4944 τοῦ
1435 4890 1570 4943 Θεοῦ
1604 4889 1875 4959 βασιλείας

1997 4888 2103 4950 Dei,
2154 4895 2459 4961 paraholam
2509 4897 2733 4967 exponit
2763 4897 3022 4951 Servator
3057 4897 3262 4949 docens
3298 4893 3548 4962 quisnam

301 4982 440 5053 μιᾶς
483 4983 578 5034 καὶ
604 4981 702 5052 τῆς
734 4981 902 5052 αὐτῆς
933 4981 1242 5052 νοουμένης.
1276 4981 1419 5052 Πρὸς
1465 4977 1559 5033 οὖν
1590 4981 1681 5033 τὸν
1725 4983 1876 5052 εἰρη-

1997 4981 2052 5035 tit
2084 4982 2174 5036 ille
2201 4985 2412 5041 beatus.

299 5073 460 5137 κάτα,
485 5071 782 5141 Μακάριος
810 5073 972 5138 ὅστις
1007 5073 1250 5142 φάγεται
1281 5072 1465 5140 ἄρτον
1505 5071 1575 5125 ἐν
1611 5070 1686 5140 τῇ
1715 5072 2002 5140 βασιλείᾳ
2039 5075 2146 5130 τοῦ
2171 5079 2338 5143 Θεοῦ,
2389 5079 2474 5143 τίς
2502 5079 2568 5134 ἀν
2597 5081 2807 5150 γένοιτο
2857 5069 3012 5142 οὗτος
3047 5080 3077 5132 ὁ
3126 5078 3415 5151 μακάριος,
3457 5069 3548 5136 διὰ

294 5166 408 5236 τῆς
434 5163 746 5235 παραϐολῆς
771 5164 798 5216 ὁ
829 5163 1016 5236 Σωτὴρ
1050 5165 1394 5236 παρίστησιν.
1605 5237 1610 5242 .

383 5257 606 5328 Ἐπειδὴ
655 5258 834 5310 τοίνυν
877 5255 1179 5328 ἐκλήθησαν
1233 5257 1418 5311 πολλοὶ
1466 5259 1545 5320 είς
1582 5255 1873 5311 τὸ¹⁸πάντα

295 5351 494 5421 ἕτοιμα
525 5349 689 5421 φέρον
727 5348 936 5402 δεῖπνον
967 5349 1100 5419 (τῆς
1125 5349 1232 5420 γὰρ
1261 5348 1533 5418 βασιλείας
1556 5349 1720 5415 ἀξίως
1741 5353 1770 5403 ὁ
1797 5351 1876 5403 ol-

294 5443 632 5513 κοδεσπότης
660 5442 720 5495 τὸ
751 5441 989 5494 τοιοῦτον
1023 5443 1166 5495 ποιεῖ
1191 5442 1403 5495 δεῖπνον
1421 5442 1461 5512 ),
1491 5441 1874 5514 παρῃτήσαντο

292 5535 354 5589 δὲ
378 5535 480 5608 τὴν
507 5534 686 5606 χάριν,
717 5551 780 5588 πε
791 5535 842 5607 pi.
869 5535 966 5606 μὲν
987 5532 1190 5588 τούτων
1220 5533 1491 5604 ἀπόφασις
1527 5533 1874 5606 ἐξενήνεκται

2048 5257 2312 5326 Quoniam
2357 5257 2538 5328 itaque
2587 5257 2761 5310 vocati
2803 5267 2930 5313 sunt
2976 5259 3129 5312 multi
3176 5261 3243 5314 ad
3293 5270 3541 5330 paratam

1980 5365 2188 5405 umnam
2247 5351 2400 5416 (nam‘
2429 5366 2526 5417 pro
2551 5351 2814 5419 dignitate
2847 5351 2997 5420 regni
3033 5350 3545 5419 sui'paterl‘amilias

1977 5456 2188 5496 cmnam
2219 5441 2524 5510 hujusmodi
2557 5443 2734 5508 facit),
2763 5445 2856 5498 sed
2887 5445 3122 5514 gratiam
3159 5445 3542 5514 repudiarunt.

1979 5534 2046 5594 de
2070 5533 2156 5589 his
2183 5532 2290 5588 lata
2319 5534 2586 5590 sententia
2641 5534 2744 5590 fuit
2791 5535 3055 5592 dicendo:
3084 5533 3368 5592 Neminem
3398 5535 3568 5592 τίνοι.

369 5739 414 5770 ⁸⁸
445 5737 579 5794 Luc.
611 5752 719 5804 xtv,
754 5737 836 5794 t8.
