4170 6406
624 355 728 411 579

1313 351 1585 407 EUSEBII
1623 347 2096 407 CAESARIENSIS
2130 346 2283 404 OPP.
2324 345 2502 400 PARS
2541 344 2628 401 Ill.
2671 379 2738 387 —
2775 345 3184 403 EXEGETICA.

3750 344 3854 402 580

627 491 745 531 rum
777 475 991 530 illorum
1019 473 1108 544 qui
1137 472 1312 528 vocati
1345 472 1516 536 fuere,
1549 480 1605 525 et
1636 472 1705 526 ob
1727 486 1862 525 suas
1887 469 2178 525 mundanas

2288 470 2320 539 ή
2379 468 2594 539 φήσασα
2644 467 2724 520 ὅτι
2747 483 2759 496 ·
2807 466 2995 530 Οὐδεὶς
3045 467 3154 520 τῶν
3210 465 3418 539 ἀνδρῶν
3473 466 3691 520 ἐκείνων
3742 467 3850 521 τῶν

621 567 1008 638 occupationes
1062 578 1401 630 recusavere,
1453 578 1664 618 cmnam
1721 576 1894 616 meam
1943 569 2186 631 gustatu-

621 677 786 716 rum:
822 661 958 714 alios
989 667 1193 722 autem,
1233 658 1425 711 horum
1469 657 1604 719 loco,
1655 655 1776 708 vita:
1829 655 2066 723 negotiis
2092 653 2186 707 mi-

621 753 765 808 nime
790 752 1102 822 implicitos,
1127 751 1319 820 dignos
1354 747 1598 802 habitum
1631 747 1695 799 iri
1717 747 1794 800 ait
1815 747 1969 800 beata
1999 760 2181 810 creua,

620 858 811 911 nempe
843 857 1104 912 pauperes
1135 839 1394 908 quosdam
1425 847 1478 891 et
1511 851 1680 890 caecos
1715 845 1768 888 et
1809 835 2044 899 mutilos,
2092 836 2182 903 qui

619 933 888 988 vocationi
941 948 1044 985 non
1099 931 1411 984 restiterunt
1450 943 1466 991 ;
1511 926 1637 995 quia
1685 941 1858 994 neque
1904 929 2180 992 emebant,

620 1040 795 1097 neque
840 1017 1170 1084 vendebant,
1219 1035 1394 1085 neque
1441 1019 1642 1087 nuptiis
1688 1033 1910 1088 operam
1957 1018 2178 1083 dabant,

621 1130 794 1186 neque
851 1116 958 1171 alio
1006 1114 1246 1183 quolibet
1308 1111 1526 1180 negotio
1573 1110 2040 1173 distrahebantur,
2088 1111 2179 1164 sed

616 1216 870 1277 prompte
917 1205 1272 1275 expediteque
1343 1202 1575 1272 gratiam
1622 1200 1976 1254 admiserunt.
2035 1199 2181 1267 Quos

618 1298 899 1362 invitator,
932 1295 1107 1364 primo
1137 1293 1353 1362 quidem
1385 1290 1687 1343 incolumes
1717 1289 1901 1353 faciet,
1925 1290 2048 1358 quia
2101 1290 2180 1344 fa-

615 1392 717 1446 cile
747 1405 960 1445 omnem
982 1387 1225 1442 morbum
1241 1396 1401 1453 atque
1429 1384 1738 1452 languorem
1770 1392 1945 1437 sanat.
1981 1383 2182 1437 Deinde

613 1493 722 1538 etc.
765 1483 894 1548 Quae
937 1479 1118 1534 omnia
1171 1477 1271 1531 sibi
1324 1476 1722 1530 interdixerunt
1753 1482 2066 1528 recusantes
2104 1472 2178 1526 illi

613 1574 852 1629 Judaicze
889 1587 1172 1642 synagogm
1218 1569 1486 1639 principes
1535 1587 1550 1636 ;
1593 1582 1823 1637 quorum
1873 1567 1992 1621 loco
2032 1565 2181 1634 plebs

615 1668 886 1736 morigera
916 1665 1036 1732 fuit,
1065 1680 1184 1734 quae
1209 1664 1263 1716 iu
1305 1661 1500 1731 plateis
1525 1661 1697 1725 urbis,
1722 1673 1913 1726 nempe
1945 1658 1998 1711 in
2024 1655 2182 1730 legali

617 1760 825 1828 politia,
859 1758 1093 1810 vivebat.
1131 1786 1197 1795 —
1218 1755 1471 1810 Fortasse
1523 1763 1700 1807 autem
1728 1751 1814 1805 his
1842 1748 2176 1815 hominibus,

613 1851 860 1907 ethnicos
899 1849 1158 1904 denotare
1186 1847 1419 1912 volabat,
1443 1847 1532 1916 qui
1574 1846 1638 1898 ad
1668 1843 1782 1915 ejus
1813 1841 2177 1910 magisterium

611 1955 767 1999 erant
797 1941 1095 1997 accessuri.
1129 1939 1192 1994 Hi
1228 1950 1385 1994 antea
1419 1938 1717 1994 idololatrze
1741 1948 1920 2001 erant,
1950 1949 2178 2004 quorum

612 2035 824 2089 animas
845 2033 969 2088 mali
986 2033 1256 2087 daemones
1279 2031 1607 2084 vitl‘averant
1627 2045 1640 2094 ;
1658 2041 1794 2098 quos
1815 2034 2181 2080 consentanee

612 2127 915 2183 invitationi
934 2141 1043 2180 sum
1058 2124 1358 2194 suscipiens
1371 2121 1709 2184 convivator,
1725 2119 1951 2189 primum
1963 2117 2179 2187 quidem

623 2233 786 2275 sanos
801 2217 1203 2285 incolumesque
1220 2214 1699 2275 eﬂiciet,ccelorum
1711 2210 1895 2264 oculos
1909 2223 2180 2273 reserans,

609 2308 781 2366 omini
815 2307 1004 2363 morbo
1042 2306 1294 2376 omnique
1329 2304 1570 2374 languori
1607 2302 1904 2356 animarum
1944 2301 2178 2369 ipsorum

613 2402 860 2466 medens;
891 2399 1290 2456 deindeiisdem
1323 2396 1620 2466 spiritalem
1649 2408 1859 2449 caenam
1884 2391 2177 2447 exhibebit.

610 2491 777 2548 Primi
809 2493 992 2561 itaque
1035 2490 1210 2544 vocati
1249 2497 1376 2544 sunt
1424 2485 1756 2550 circumcisi,
1790 2485 1879 2554 qui
1923 2485 2181 2537 adversus

611 2585 841 2655 gratiam
882 2581 1256 2638 contmneliosi
1298 2580 1536 2634 fuerunt.
1586 2576 1818 2632 Secundi
1865 2576 2180 2646 alienigenae

609 2675 838 2741 ethnici,
867 2675 956 2744 qui
1005 2683 1161 2727 antea
1193 2686 1333 2726 caeca
1372 2679 1551 2724 mente
1592 2677 1770 2732 erant,
1801 2677 1855 2722 et
1903 2668 2100 2731 mutili,
2126 2674 2182 2720 et

609 2770 806 2831 claudi.
838 2785 903 2824 ac
939 2769 1093 2831 muti,
1122 2768 1211 2837 qui
1239 2767 1400 2820 etiam
1439 2765 1694 2818 alacriter
1715 2763 2174 2832 obtemperaruut.

607 2861 728 2918 Jam
772 2861 826 2916 in
871 2861 1060 2931 plateis
1104 2869 1403 2920 versantes,
1438 2856 1471 2910 ii
1499 2854 1752 2911 credendi
1801 2852 2044 2921 suntqui
2073 2852 2178 2906 lata

609 2952 930 3024 perditionis
962 2951 1044 3004 via
1084 2951 1355 3013 incedunt,
1396 2956 1450 3002 et
1484 2947 1602 3002 sine
1635 2945 1884 3000 doctrina
1919 2944 2180 3014 dogmati-

608 3047 778 3102 busve
804 3045 1011 3097 vivunt.
1045 3041 1180 3095 Tum
1213 3039 1440 3094 latentes
1470 3040 1520 3092 iu
1555 3038 1786 3108 angulis,
1819 3038 1854 3091 ii
1895 3037 1988 3106 qui
2033 3035 2180 3089 mali-

2284 559 2660 631 κεκλημένων,
2702 559 2795 613 καὶ
2831 559 2917 612 διὰ
2955 561 3052 623 τὰς
3103 560 3359 630 βιωτικὰς
3410 559 3662 631 ἀσχολίας
3710 579 3852 631 παρ-

2284 653 2688 723 αιτησαμένων,
2747 652 3166 722 γεύσεταίιιμου
3214 652 3306 705 τοῦ
3355 653 3602 706 δείπνουο
3634 653 3850 723 ἑτέρους

2282 742 2327 796 δ’
2368 744 2487 797 ἀντὶ
2531 744 2732 796 τούτων
2768 746 2894 807 τοὺς
2933 744 3007 814 μὴ
3039 743 3576 815 περιπεπλεγμένους
3609 745 3728 807 ταῖς
3755 743 3848 796 τοῦ

2284 834 2397 904 βίου
2439 836 2826 908 πραγματίαις,
2860 835 3356 907 καταξιωθήσεσθαί
3385 853 3515 906 φησι
3547 835 3637 889 τοῦ
3668 854 3846 905 μακα-

2285 929 2401 999 ρίου
2428 929 2663 993 δείπνου,
2700 928 2944 998 πτωχούς
2983 945 3132 991 τινας
3156 929 3249 981 καὶ
3271 929 3503 997 τυφλοὺς
3527 927 3620 980 καὶ
3645 929 3848 997 ἀναπή-

2287 1037 2431 1091 ρους,
2476 1022 2600 1085 τοὺς
2635 1020 2897 1092 μηδαμῶς
2933 1020 3445 1093 παραιτησαμένους
3491 1020 3590 1091 τῆν
3633 1019 3844 1090 κλῆσιν,

2280 1112 2448 1166 διὰ-τὸ
2476 1115 2612 1184 μήτε
2639 1114 2948 1185 ἀγοράζειν,
2989 1115 3120 1184 μήτε
3141 1114 3491 1184 πιπράσκειν,
3524 1113 3656 1184 μήτε
3686 1113 3847 1182 γάμῳ

2283 1205 2582 1275 σχολάζειν,
2616 1204 2741 1276 μήθ’
2770 1205 2858 1274 ὑφ’
2898 1205 3098 1276 ἐτέρων
3138 1203 3300 1257 τινῶν
3337 1203 3594 1256 τοιούτων
3632 1203 3845 1274 περιέλ-

2281 1297 2489 1362 κεσθαι,
2523 1297 2815 1368 προθύμως
2843 1297 2898 1350 δὲ
2935 1298 3027 1350 καὶ
3067 1296 3296 1367 ἑτοίμως
3327 1295 3716 1366 καταδέχεσθαι
3746 1297 3847 1366 τὴν

2280 1388 2458 1458 χάριν·
2489 1386 2581 1450 οὒς
2612 1388 2640 1438 ὁ
2675 1386 2906 1449 καλέσας
2933 1386 3147 1457 πρῶτον
3173 1386 3272 1456 μὲν
3297 1387 3466 1454 ὑγιεῖς
3493 1388 3844 1455 καταστήσει,

2279 1475 2390 1543 οἶός
2421 1497 2481 1532 τε
2509 1479 2583 1532 ὣν
2615 1479 2810 1551 ῥᾳδίως
2844 1481 3022 1531 πᾶσαν
3054 1480 3206 1532 νόσον
3236 1479 3330 1532 καὶ
3359 1481 3537 1532 πᾶσαν
3575 1479 3846 1548 μαλακίαν

2281 1572 2620 1643 θεραπεύειν·
2659 1571 2864 1637 ἔπειτα,
2904 1582 3009 1625 etc.
3048 1571 3127 1640 (ut
3153 1571 3253 1624 col.
3279 1571 3428 1636 573).
3460 1563 3556 1621 Ὦν
3593 1570 3847 1622 ἁπάντων

2281 1664 2577 1734 ἐστέρησαν
2606 1664 2830 1724 ἑαυτοὺς
2856 1663 2904 1713 οἱ
2933 1661 3418 1732 παραιτησάμενοι,
3443 1661 3539 1730 τῆς
3581 1659 3846 1713 Ἰουδαίων

2283 1753 2602 1824 συναγωγῆς
2629 1755 2678 1806 οἱ
2710 1754 2984 1824 ἄρχοντες·
3024 1753 3140 1821 μεθ’
3175 1753 3268 1817 οὓς
3302 1754 3335 1824 ἡ
3365 1751 3571 1823 πληθὺς
3603 1755 3844 1824 ὑπήκου-

2284 1864 2394 1910 σεν,
2433 1847 2509 1911 ὡς
2555 1846 2835 1908 πλατείαις
2869 1844 3073 1908 πόλεως
3108 1846 3174 1915 τῇ
3210 1844 3351 1897 κατὰ
3396 1844 3557 1914 νόμον
3603 1844 3846 1915 πολιτεία

2282 1937 2450 2002 ζῶσα.
2478 1969 2546 1977 -
2567 1937 2719 2007 Τάχα
2741 1937 2796 1989 δὲ
2819 1935 2907 1988 διά
2933 1935 3134 1988 τούτων
3162 1936 3286 1998 τοὺς
3308 1934 3366 1999 ἐξ
3393 1934 3559 1988 ἐθνῶν
3581 1936 3843 2006 ᾐνίττετο,

2279 2031 2356 2101 τῷ
2400 2029 2579 2082 ,αὐτοῦ
2635 2030 2777 2098 λόγῳ
2829 2027 3106 2098 προσιέναι
3157 2027 3465 2096 μέλλοντας.
3519 2026 3759 2082 Τοιοῦτοι
3790 2029 3844 2082 δὲ

2281 2123 2528 2194 ὑπῆρχον
2555 2124 2602 2174 oi
2622 2123 2751 2193 πρὶν
2779 2120 3158 2190 εἰδωλολάτραι
3181 2118 3284 2170 ὑπὸ
3306 2118 3572 2189 δαιμόνων
3599 2120 3846 2191 πονηρῶν

2280 2213 2378 2277 τὰς
2407 2211 2582 2282 ψυχὰς
2623 2211 3006 2282 λελωϐημένον
3055 2209 3149 2272 οὓς
3181 2209 3486 2272 ἀκολούθως
3511 2213 3574 2279 τῇ
3607 2211 3844 2278 ἐπαγγε-

2279 2306 2369 2377 λίᾳ
2399 2305 2793 2376 ὑποδεξάμενος
2819 2307 2848 2357 ὁ
2881 2302 3166 2372 ἑστιάτωρ,
3201 2300 3392 2372 πρῶτα
3426 2301 3522 2370 μὲν
3556 2300 3726 2364 σώους
3753 2304 3846 2355 καὶ

2282 2399 2450 2466 ὑγιεῖς
2493 2398 2950 2467 ἀποκαταστήσει,
2991 2396 3207 2460 ἀνοίξας
3253 2391 3468 2460 τυφλῶν
3512 2393 3844 2464 ὀφθαλμοὺς,

2281 2490 2461 2543 πᾶσάν
2482 2507 2540 2542 τε
2566 2489 2718 2544 νόσον
2739 2490 2832 2543 καὶ
2852 2490 3032 2542 πᾶσαν
3053 2491 3320 2560 μαλακίαν
3336 2490 3442 2545 τῶν
3460 2487 3646 2558 ψυχῶν
3668 2488 3847 2540 αὐτῶν

2284 2581 2591 2651 ἰασάμενοςο
2620 2580 2808 2633 ἔπειτα
2839 2579 2900 2631 τὸ
2929 2581 3294 2648 πνευματικὸν
3325 2581 3508 2642 αὐτοῖς
3537 2577 3846 2650 παραθήσει

2279 2671 2514 2726 δεῖπνον.
2543 2672 2757 2744 Πρῶτοι
2795 2673 2891 2742 μὲν
2923 2667 3015 2725 οὑν
3043 2671 3346 2743 ἐκλήθησαν
3365 2673 3411 2725 οί
3440 2673 3503 2724 ὲκ
3523 2671 3846 2742 περιτομῆς,

2278 2766 2327 2819 οἳ
2361 2767 2456 2821 καὶ
2485 2765 2583 2836 τὴν
2617 2766 2774 2836 χάριν
2803 2763 3159 2836 καθύϐρισανο
3198 2764 3438 2833 δεύτεροι
3463 2763 3520 2816 δὲ
3554 2763 3670 2832 μετ’
3704 2761 3848 2813 ὲκεί-

2278 2877 2401 2922 νους
2428 2861 2475 2912 οἱ
2497 2860 2560 2911 ὲκ
2579 2859 2686 2911 τῶν
2712 2858 3020 2926 ἀλλοφύλων
3043 2858 3232 2918 ἐθνῶν.
3259 2860 3306 2911 οἱ
3335 2857 3463 2928 πρὶν
3487 2853 3847 2919 τάς-διανοίας

2277 2952 2465 3020 τυφλοὶ
2506 2953 2599 3005 καὶ
2643 2951 2910 3022 ἀνάπηροι
2954 2952 3047 3004 καὶ
3083 2950 3244 3020 χωλοὶ
3276 2949 3371 3003 καὶ
3418 2949 3610 3017 κωφοὶ,
3657 2947 3707 3000 οἳ
3751 2947 3847 2998 καὶ

2282 3045 2572 3117 προθύμως
2619 3045 2951 3116 ὑπήκουσαν·
3008 3039 3114 3097 εἷεν
3152 3044 3194 3097 δ’
3231 3044 3296 3097 ἂν
3340 3045 3396 3096 ὲν
3426 3042 3704 3104 πλατείαις
3744 3039 3845 3110 μὲν

608 3140 736 3194 tiam
770 3135 1010 3206 quolibet
1037 3142 1293 3204 prmtextu
1323 3133 1516 3186 velant.
1557 3129 1993 3200 lteliquidemum
2018 3129 2176 3182 tertio

2279 3137 2324 3186 οἱ
2361 3135 2458 3204 τὴν
2486 3134 2791 3206 εὐρύχωρον
2816 3135 2916 3204 τῆς
2946 3134 3215 3197 ἀπωλείας
3246 3133 3360 3187 ὁδὸν
3396 3133 3719 3204 βαδίζοντες,
3749 3131 3846 3184 καὶ

607 3229 726 3286 loco
766 3230 832 3284 de
873 3228 975 3281 viis
1011 3228 1348 3296 saepibusque
1394 3223 1603 3286 vocati,
1649 3224 1842 3277 animae
1890 3222 1941 3275 iu
1993 3221 2176 3276 inferis

606 3324 858 3377 detentae.
923 3319 1088 3374 Multa
1155 3318 1300 3373 enim
1362 3325 1486 3371 sunt
1529 3316 1773 3372 illarum.
1821 3313 2012 3367 itinera
2058 3326 2180 3382 quae

608 3416 736 3471 hinc
797 3414 998 3468 abeunt
1051 3411 1247 3481 quibus
1297 3419 1418 3479 post
1491 3407 1734 3477 corporis
1790 3405 2178 3477 depositionem

608 3507 921 3576 praedicavit
968 3502 1246 3558 Servator.
1278 3501 1581 3556 Clementer
1629 3515 1757 3554 vero
1786 3499 1850 3553 iis
1880 3499 2044 3553 etiam
2083 3513 2179 3551 ne-

608 3595 916 3660 cessitatem
946 3593 1195 3663 imponit,
1221 3592 1309 3661 qui
1344 3590 1576 3645 nondum
1623 3604 1716 3644 sua
1757 3588 2031 3642 voluntate
2070 3602 2181 3641 mo-

606 3697 826 3742 ventur.
855 3683 1006 3740 Talis
1040 3695 1121 3739 cst
1144 3699 1296 3739 creua
1328 3699 1448 3752 quae
1485 3683 1570 3737 hic
1599 3682 1839 3736 invitatis
1865 3690 2047 3749 parata
2073 3691 2175 3734 est.

609 3778 770 3835 Tales
797 3779 958 3834 etiam
999 3778 1197 3841 vocati,
1227 3791 1458 3845 quorum
1509 3775 1598 3828 alii
1629 3785 1998 3836 contumaces,
2031 3774 2178 3828 ideo-

607 3887 713 3942 que
737 3871 943 3942 jejuni;
975 3871 1062 3924 alii
1096 3870 1368 3940 morigeri,
1401 3869 1629 3936 ideoque
1676 3865 1918 3921 admissi.
1945 3866 2021 3920 Tu
2049 3881 2177 3921 vero

609 3963 737 4018 mihi
765 3965 889 4017 hinc
916 3972 1147 4016 mentem
1180 3961 1557 4024 transfer,etc.
1590 3959 1737 4013 Beati
1767 3975 1893 4028 ergo
1914 3959 2002 4029 qui
2036 3975 2177 4014 nunc

609 4055 860 4111 csuriunt
906 4063 960 4108 et
990 4055 1180 4107 sitiunt
1219 4051 1506 4120 justitiam,
1537 4052 1660 4120 quia
1692 4061 1816 4106 tunc
1853 4053 2176 4106 saturabun-

612 4157 720 4212 tor,
751 4160 904 4201 creua
937 4143 1084 4214 regia
1129 4143 1430 4212 epulantes,
1457 4153 1511 4196 et
1545 4143 1671 4196 vita:
1717 4157 1906 4210 panem
1954 4144 2175 4212 partici-

609 4248 821 4304 pantes,
871 4237 1102 4305 novique
1146 4235 1332 4289 calicis
1400 4234 1660 4287 laetitiam.
1707 4234 1944 4300 Quarum
1996 4250 2174 4290 rerum

609 4331 850 4404 symbola
901 4338 1026 4382 ante
1084 4327 1389 4397 passionem
1431 4341 1695 4396 peragens
1724 4323 2017 4380 Servator:
2052 4324 2176 4380 Non

611 4423 804 4486 bibam,
833 4420 1024 4490 inquit,
1060 4418 1249 4472 amodo
1279 4433 1345 4472 ea:
1371 4418 1468 4472 hoc
1492 4419 1749 4487 genimine
1787 4417 1906 4471 vitis
1933 4431 2092 4488 usque
2121 4419 2176 4472 in

2283 3225 2521 3294 βιοῦντες
2546 3227 2670 3279 ἄνευ
2704 3225 2922 3296 διδαχῆς
2952 3226 3043 3278 καὶ
3074 3225 3356 3295 δογμάτων
3376 3241 3388 3254 ·
3432 3225 3489 3276 ὲν
3533 3223 3590 3276 δὲ
3623 3222 3844 3292 ῥύμαις,

2279 3319 2327 3370 οἱ
2379 3316 2751 3380 συστέλλοντες
2786 3317 2882 3388 τὴν
2931 3317 3127 3370 κακίαν
3167 3318 3256 3388 οἵᾳ
3294 3317 3491 3387 δήποτε
3543 3315 3842 3386 προφάσειο

2277 3410 2327 3461 οἱ
2352 3409 2407 3462 δὲ
2436 3410 2629 3471 λοιποὶ,
2676 3411 2722 3462 οἱ
2761 3409 2818 3475 ἐξ
2851 3410 3091 3480 ἐσχάτων
3125 3410 3232 3464 ἀπὸ
3271 3409 3378 3460 τῶν
3415 3407 3548 3461 ὁδῶν
3579 3409 3671 3460 καὶ
3702 3423 3843 3478 φρα-

2277 3501 2434 3573 γμῶν
2477 3501 2794 3573 καλούμενοι
2839 3503 3032 3573 τρίτοι,
3065 3502 3122 3556 αἱ
3168 3502 3224 3553 ὲν
3259 3500 3382 3572 ᾅδου
3420 3500 3608 3570 ψυχαίυ
3653 3499 3846 3553 πολλαὶ

2278 3594 2386 3667 γάρ
2425 3595 2532 3648 ὁδοὶ
2578 3597 2684 3648 τῶν
2720 3594 3040 3659 ἐξελθόντων
3080 3596 3170 3647 τὸν
3206 3595 3319 3666 βίον
3351 3595 3556 3648 τοῦτον·
3591 3588 3680 3656 αἷς
3711 3595 3846 3665 ὲκή-

2281 3687 2405 3757 ρυξε
2439 3686 2574 3756 μετὰ
2607 3687 2704 3757 τήν
2735 3687 2992 3740 ἀπόθεσιν
3020 3686 3114 3739 τοῦ
3152 3686 3400 3756 σώματος
3431 3689 3458 3740 ὁ
3499 3687 3719 3758 Σωτήρ·
3758 3703 3847 3754 φι-

2277 3779 2613 3852 λανθρώπως
2648 3779 2692 3832 δ’
2733 3779 2979 3850 ἀνάγκην
3011 3777 3274 3850 προσάγει
3303 3782 3416 3842 τοῖς
3447 3777 3627 3832 οὐκέτι
3655 3777 3839 3844 αὐτεξ-

2280 3873 2500 3936 ουσίοις.
2535 3872 2783 3927 Τοιοῦτον
2819 3874 2915 3943 μὲν
2945 3872 3007 3945 δὴ
3054 3873 3110 3926 τὸ
3147 3871 3380 3935 δεῖπνον,
3422 3872 3558 3942 ὅπερ
3611 3867 3847 3924 ἐνταῦθα

2276 3967 2387 4028 τοῖς
2415 3965 2727 4036 δαιτυμόσιν
2756 3966 3099 4036 ἡτοίμασται·
3129 3965 3222 4019 καί⁴
3251 3964 3480 4019 τοιοῦτοί
3504 3981 3647 4027 τινες
3666 3965 3715 4016 οἱ
3745 3980 3848 4017 κα-

2277 4056 2544 4126 λούμενοι,
2569 4059 2615 4110 οἱ
2645 4059 2741 4129 μὲν
2770 4057 3034 4121 ἀπειθεῖς,
3063 4059 3156 4110 καὶ
3183 4057 3271 4110 διὰ
3302 4057 3459 4110 τοῦτο
3484 4055 3846 4126 ἀπομένοντες

2277 4147 2528 4217 ἄγευστοι
2552 4165 2580 4192 ·.
2603 4151 2650 4201 οἱ
2685 4149 2742 4202 δὲ
2777 4149 3070 4213 εὐπειθεῖς,
3101 4151 3195 4205 καὶ
3225 4149 3312 4202 διὰ
3340 4149 3497 4203 τοῦτο
3527 4149 3848 4222 προλαμϐα-

2276 4241 2507 4312 νόμενοι.
2543 4242 2614 4294 Σὺ
2651 4242 2708 4294 δέ
2743 4258 2831 4312 μοι
2863 4240 3107 4296 ἐντεῦθεν
3137 4240 3345 4312 μετάόα
3386 4245 3453 4314 τῇ
3479 4241 3706 4314 διανοίᾳ,
3733 4249 3841 4296 etc.

2277 4331 2358 4402 (ut
2375 4331 2476 4388 col.
2495 4331 2642 4403 572).
2663 4333 2936 4408 Μακάριοι
2967 4331 3177 4401 γοῦνὋὶ
3205 4332 3298 4386 νῦν
3331 4334 3619 4397 πεινῶντες
3646 4333 3738 4389 καὶ
3763 4332 3844 4385 δι-

2275 4421 2483 4491 ψῶντες
2501 4424 2598 4494 τὴν
2619 4424 2979 4496 δικαιοσύνην,
2997 4427 3078 4480 ὅτι
3101 4427 3219 4480 τότε
3246 4425 3726 4498 χορτασθήσονται,
3749 4423 3844 4478 τοῦ

609 4516 746 4570 diem
777 4486 951 4578 illum,
981 4527 1084 4581 quo
1113 4510 1245 4564 illud
1281 4486 1542 4565 vobiscum
1571 4526 1756 4564 novum
1805 4511 1975 4564 bibam
2006 4486 2061 4565 in
2094 4528 2172 4565 re-

2279 4486 2488 4567 δείπνου
2517 4486 2608 4567 τοῦ
2642 4486 2928 4585 βασιλικοῦ,
2951 4486 3344 4588 ἐμφορούμενοι
3377 4518 3470 4571 κα)⁸
3499 4486 3847 4588 μεταλαμϐά-

609 4623 709 4679 gno
740 4603 919 4659 Patris
952 4604 1051 4657 mei
1077 4605 1144 4657 ὀ.
1171 4603 1332 4659 Plena
1363 4613 1444 4658 est
1473 4607 1732 4658 bonarum
1757 4619 1938 4658 rerum
1966 4619 2169 4671 mensa,

2279 4623 2455 4671 νοντες
2485 4607 2576 4661 τοῦ
2617 4609 2780 4680 ἄρτου
2813 4609 2910 4678 τῆς
2941 4609 3103 4680 ζωῆς,
3134 4610 3225 4664 καὶ
3252 4609 3352 4679 τῆς
3389 4609 3726 4681 εὐφροσύνης
3748 4607 3844 4663 τοῦ

609 4716 714 4770 qua
748 4709 1036 4755 vescentur
1074 4699 1108 4753 ii
1144 4699 1464 4767 quibuscum
1503 4696 1679 4752 [trdus
1723 4697 2006 4768 disposuit,
2053 4714 2173 4767 pro-

2279 4700 2462 4753 καινοῦ
2497 4701 2774 4773 ποτηρίου.
2808 4694 2908 4754 Ὧν
2934 4701 3003 4755 τά
3038 4701 3280 4773 σύμϐολα
3313 4701 3577 4756 ἐπιτελῶν
3607 4700 3713 4774 πρὸ
3749 4699 3841 4752 τοῦ

609 4801 792 4864 pterea
828 4793 969 4862 quod
999 4806 1180 4846 secum
1227 4791 1279 4845 in
1332 4788 1719 4849 tentationibus
1756 4789 2170 4859 permanserint,

2279 4792 2474 4858 πάθους
2507 4796 2534 4847 ὁ
2571 4794 2780 4866 Σωτὴρ,
2829 4796 2910 4848 Οὐ
2956 4793 3043 4864 μὴ
3094 4795 3228 4858 πίω,
3276 4793 3402 4866 ἔφη,
3450 4794 3553 4849 ἀπ’
3598 4793 3728 4862 ἄρτι
3774 4792 3845 4846 ἐκ

609 4893 670 4939 ιιι
712 4887 1036 4954 manducent
1077 4900 1139 4939 ac
1179 4884 1367 4939 bibant
1407 4883 1459 4937 iu
1495 4897 1679 4936 mensa
1726 4881 1862 4951 ejus,
1898 4897 2035 4952 pane
2061 4897 2172 4938 cm-

2279 4887 2488 4940 τούτσυ
2508 4885 2614 4940 τοῦ
2637 4886 3006 4956 γεννήματος
3020 4885 3129 4955 τῆς
3150 4886 3419 4957 ἀμπέλου
3438 4885 3548 4952 ἓως
3568 4884 3677 4954 τῆς
3702 4883 3845 4952 ἠμέο

608 4976 728 5033 lesti
780 4978 1079 5032 animarum
1113 4983 1422 5030 sanctarum
1468 4976 1732 5027 nutritore
1768 4975 1921 5043 pasti,
1964 4974 2172 5028 viuum-

2279 4999 2379 5048 ρας
2416 4982 2672 5047 ἐκείνης,
2709 4979 2854 5033 ὅταν
2901 4979 3045 5034 αὐτὸ
3078 4980 3229 5033 πίνω
3265 4979 3391 5048 μεθ’
3429 4978 3595 5048 ὑμῶν
3631 4979 3842 5032 καινὸν

608 5084 715 5140 que
744 5069 758 5133 ,l
784 5069 906 5123 novi
977 5068 1262 5139 geniminis
1329 5081 1470 5122 verte
1539 5067 1664 5121 vitis
1733 5067 2168 5137 participautes,

2279 5077 2340 5129 ἐν
2365 5074 2438 5142 τῇ
2471 5075 2758 5140 βασιλείᾳ
2781 5073 2888 5127 τοῦ
2923 5071 3151 5140 Πατρός
3183 5070 3347 5140 ἐμοῦ⁸
3383 5071 3596 5146 πλήρης
3623 5071 3843 5140 ἀγαθῶν

611 5177 772 5233 quam
805 5161 919 5231 ipse
945 5161 1184 5214 oumium
1227 5159 1364 5215 Deus
1400 5175 1462 5214 ac
1493 5170 1646 5228 pater
1672 5161 1940 5226 excolcus,
1972 5177 2167 5216 novum

2279 5168 2538 5238 τράπεζα,
2571 5164 2639 5238 ἧς
2668 5165 3067 5237 μεταλήψονται
3093 5158 3174 5226 οἷς
3197 5162 3294 5234 τὴν
3326 5151 3594 5235 διαθήκην
3618 5163 3839 5218 διέθετο.

607 5269 674 5308 ex
702 5254 815 5323 ipsa
846 5251 1078 5306 fructum
1114 5253 1294 5322 dignis
1330 5253 1655 5321 propinabit.

2279 5260 2362 5312 διὰ
2387 5259 2448 5311 τὸ
2489 5257 2852 5328 μεμενηκέναι
2889 5257 3004 5327 μετ’
3038 5253 3203 5309 αὐτοῦ
3236 5256 3294 5308 ὲν
3325 5258 3437 5318 τοῖς
3488 5256 3838 5328 πειρασμοῖς,

609 5347 677 5402 Iv’
707 5345 927 5401 ἔσθίωσι
957 5343 1054 5400 καὶ
1099 5346 1324 5400 πίνωσιν
1369 5345 1462 5398 ἐπὶ
1500 5346 1600 5414 τῆς
1644 5345 1917 5417 τραπέζης
1966 5349 2150 5415 αὐτοῦ,
2208 5353 2357 5424 ἄρτῳ
2406 5351 2503 5421 μὲν
2543 5350 2778 5420 οὐρανίῳ
2805 5349 2992 5419 ψυχῶν
3023 5350 3194 5420 ἁγίων
3251 5347 3526 5419 θρεπτικῷ
3570 5353 3844 5419 τραφησο-

612 5459 787 5515 μενοι,
823 5439 969 5493 οἴνου
1001 5438 1059 5492 δὲ
1101 5437 1196 5492 τοῦ
1243 5438 1428 5492 καινοῦ
1456 5439 1792 5508 γεννήματος
1821 5439 1917 5509 τῆς
1944 5440 2200 5514 ἀληθινῆς
2229 5441 2478 5522 ἀμπέλου
2520 5439 2972 5512 μεταληψόμενοι,
3012 5440 3078 5511 ἢν
3113 5439 3271 5504 αὐτὸς
3295 5441 3324 5492 ὁ
3357 5438 3465 5492 τῶν
3521 5437 3659 5493 ὂλων
3712 5436 3843 5500 Θεὸς

608 5536 705 5590 καὶ
728 5533 919 5606 Πατὴρ
940 5531 1198 5604 γεωργῶν
1228 5533 1287 5586 τὸ
1311 5533 1493 5586 καινὸν
1510 5533 1568 5598 ἐξ
1596 5535 1765 5603 αὐτῆς
1783 5535 2026 5607 γέννημα
2050 5541 2161 5603 τοῖς
2186 5540 2306 5592 τότε
2333 5535 2499 5602 ἀξίοις
2527 5536 2768 5610 παρέξει.

748 5628 791 5661 ²¹
820 5626 974 5693 Quod
1001 5626 1047 5678 si
1081 5626 1133 5678 in
1157 5636 1205 5678 te
1235 5628 1521 5694 peccaverit
1550 5626 1714 5694 frater
1747 5636 1890 5680 tuus.

2451 5629 2592 5683 Ἐὰν
2621 5629 2692 5682 δὲ
2721 5627 2949 5698 ἁμάρτῃ
2979 5631 3066 5694 είς
3092 5627 3166 5682 σὲ
3197 5631 3231 5682 ὀ
3257 5627 3518 5698 ἀδελφός
3547 5642 3682 5681 σου.

677 5720 780 5776 llic
806 5718 922 5775 vult
949 5733 1065 5785 eos,
1101 5717 1192 5788 qui
1243 5716 1456 5786 injuriis
1501 5717 1733 5772 lacessiti
1773 5719 2166 5795 fuerunt,‘erga

2359 5721 2620 5778 Ἐνταῦθα
2663 5723 2788 5786 τοὺς
2816 5722 2873 5775 ἐν
2919 5723 3168 5793 προκοπῇ
3203 5719 3528 5792 γενομένους
3560 5733 3842 5790 συγχωρη·

681 5818 730 5850 ⁸⁸
766 5816 958 5873 Matth.
986 5831 1139 5884 χιιι,
1178 5812 1267 5869 29.
1367 5815 1410 5844 ²¹
1439 5812 1570 5869 Luc.
1608 5829 1738 5882 χιιι,
1765 5814 1816 5870 5.
