4170 6406
331 338 431 396 58!

1510 338 2025 396 COMMENTARIA
2065 340 2129 394 IN
2168 341 2424 397 LUCAM.

3489 345 3596 402 582

333 456 518 521 τικοὺς
553 449 694 510 εἶναι
727 455 840 519 τοῖς
870 457 1124 510 πταίουσι
1157 455 1426 527 βούλεται,
1459 455 1780 528 θεραπεύων
1815 457 1913 510 δει-

2023 455 2316 512 oﬂ'ensores
2355 472 2485 512 suos
2513 457 2900 527 indulgentiam
2936 473 3258 528 expromere
3293 469 3596 531 :sanatque

340 551 429 623 rip)
456 549 612 606 νόσον
636 551 694 603 ἐν
719 549 905 612 αὐτοῖς
932 548 1191 612 πολλάκις
1232 548 1604 619 ἐμφυομένην,
1634 547 1914 602 ἐκκόπτων

327 643 430 716 τὴν
477 641 620 698 κατὰ
656 640 765 695 τῶν
793 640 1095 694 πταιόντων
1126 641 1424 711 ἀποτομήν.
1473 639 1914 710 Κατεπαίρεσθαι

329 733 464 806 γοῦν
495 731 790 803 είὼθαμεν,
825 731 900 794 ὡς
933 732 1069 802 μήτε
1111 730 1486 802 παρακλήσεις
1521 729 1628 782 τῶν
1667 732 1916 800 ἡμαρτη-

331 829 528 890 κότων,
556 827 694 897 μήτε
718 824 824 878 τῶν
849 825 988 896 ὑπὲρ
1009 825 1186 877 αὐτῶν
1205 825 1610 894 πρεσϐευόντων
1639 824 1914 894 ἱκετηρίας

340 919 756 993 παραδέχεσθαι·
798 917 934 989 μηδὲ
982 917 1086 988 μὴν
1137 914 1552 982 ὑπολογίζεσθαι
1588 915 1687 967 ὅσα
1717 913 1780 984 δὴ
1821 913 1915 966 καὶ

341 1013 487 1066 ιύτοὶ
532 1012 582 1065 οἱ
615 1009 892 1079 ἄνθρωποι
941 1007 1223 1070 πταίοντες
1261 1004 1588 1076 συγγνώμης
1629 1004 1726 1075 τῆς
1764 1003 1914 1074 παρὰ

337 1103 428 1158 τοῦ
461 1102 696 1175 μεγάλου
736 1099 923 1172 κριτοῦ
963 1097 1214 1169 δεόμεθα.
1256 1097 1492 1159 Εἰκότως
1522 1091 1614 1148 οῦν
1659 1094 1808 1165 παρὰ
1836 1092 1914 1164 τῷ

335 1195 596 1266 ⁸νιατθαίῳ
636 1193 732 1247 καὶ
757 1195 821 1264 τῇ
855 1190 1135 1262 παραϐολῇ
1169 1190 1456 1262 κέχρηται,
1484 1191 1541 1242 ἐν
1640 1187 1914 1257 ὀφειλέται

366 1289 663 1357 ἰσάγονται,
713 1287 743 1338 ό
796 1285 894 1355 μὲν
941 1283 1110 1354 μυρία
1153 1283 1389 1336 τάλαντα
1436 1281 1685 1349 ὀφείλων,
1734 1279 1769 1333 ἃ.
1821 1278 1916 1332 καὶ

347 1380 534 1453 εφείθη
563 1378 710 1448 αύτῴ
746 1377 1126 1448 προσπεσόντι·
1160 1377 1189 1429 ὁ
1231 1375 1287 1428 δὲ
1317 1374 1508 1428 ἑκατὸν
1537 1372 1785 1446 δηνάρια,
1829 1373 1914 1439 ἐφ’

343 1468 415 1539 οἷς
449 1473 784 1540 ἀπεπνίγετο
816 1469 966 1542 παρὰ
993 1469 1088 1522 τοῦ
1121 1467 1414 1537 ἀφεθέντος
1438 1465 1507 1518 τὰ
1542 1465 1711 1518 πολλὰ
1735 1467 1916 1517 ἐκεῖνα

342 1564 590 1619 εάλαντα.
617 1563 695 1616 Δι’
721 1559 790 1634 ἧς
817 1561 1079 1624 διδάσκει,
1113 1561 1193 1613 ὅτι
1243 1558 1316 1629 μὴ
1352 1558 1528 1621 ἄλλως
1551 1560 1732 1628 τυχεῖν
1761 1556 1913 1609 δυνα-

343 1654 424 1708 τόν
451 1655 568 1706 ἐστι
595 1652 697 1722 τῆς
725 1651 1016 1722 βασιλείας,
1048 1649 1149 1703 κᾶν
1176 1647 1344 1702 πολλά
1365 1665 1446 1711 τις
1472 1645 1811 1718 κατορθώσῃ,
1841 1645 1915 1717 μὴ

338 1747 426 1801 τὸν
462 1745 666 1815 ἀγαθὸν
689 1743 821 1798 Θεὸν
856 1743 1235 1816 μιμησάμενος
1264 1739 1404 1795 κατὰ
1428 1740 1487 1793 τὸ
1516 1739 1912 1811 ἀμνησικακον·

2021 547 2196 602 dirum
2249 547 2491 601 morbum
2539 563 2912 614 smpenumero
2966 549 3174 604 illorum
3210 551 3403 606 animis
3442 552 3594 609 inna-

2019 648 2281 702 scentetn,
2309 647 2472 706 atque
2496 639 2677 692 odium
2707 654 2812 708 quo
2828 640 2930 694 sibi
2963 640 3234 696 maleficos
3263 658 3598 714 prosequun-

2017 740 2106 784 tur
2137 741 2366 787 resecat.
2419 731 2626 803 Quippe
2671 736 2804 787 adeo
2861 734 3178 789 exacerltari
3235 734 3492 800 solemus,
3538 753 3596 795 ιιι

2016 839 2189 891 neque
2237 827 2579 893 peccantium
2633 828 3062 891 obtestationes,
3104 843 3278 896 neque
3325 828 3598 897 supplices

2018 915 2441 968 intercessornm
2493 932 2683 983 preces
2728 919 3094 980 admittamus,
3155 933 3330 986 neque
3385 929 3599 988 repute«

2018 1022 2139 1061 mus
2189 1019 2390 1070 quanta
2444 1017 2497 1061 et
2548 1024 2647 1063 nos
2697 1012 2946 1063 Innuanae
3003 1011 3336 1064 conditionis
3377 1022 3596 1079 peccata

2018 1100 2224 1168 ignosci
2267 1100 2424 1153 nobis
2461 1115 2490 1152 a
2525 1116 2719 1168 magno
2743 1101 2924 1164 judice
2955 1117 3229 1171 egeamus.
3264 1103 3403 1172 Apte
3437 1103 3600 1172 igitur

2017 1191 2154 1260 apud
2182 1191 2483 1244 Mattltaentn
2506 1194 2551 1224 "
2580 1194 2836 1260 parabole
2879 1191 3140 1247 Servatur
3193 1195 3382 1256 utitur,
3417 1195 3467 1248 in
3490 1209 3595 1262 qua

2018 1284 2296 1338 debitores
2321 1285 2746 1342 introducuntur
2776 1303 3006 1356 quorum
3043 1287 3181 1341 alter
3207 1288 3392 1342 decem
3425 1287 3596 1341 millia

2019 1376 2342 1430 talentorum
2388 1378 2636 1441 debebat,
2683 1394 2805 1446 qua:
2859 1378 2960 1448 ipsi
3013 1379 3239 1446 supplici
3294 1379 3596 1433 condonata
3689 1393 3697 1402 '

2019 1465 2201 1531 fuere;
2239 1469 2374 1520 alter
2405 1481 2582 1522 autem
2608 1479 2824 1522 centum
2873 1469 3144 1532 denarios,
3171 1485 3398 1537 quorum
3433 1485 3594 1526 causa

2018 1557 2387 1612 sull‘ocabatur
2431 1561 2496 1611 ab
2533 1574 2616 1622 eo,
2661 1560 2746 1612 cui
2782 1569 2964 1611 tantus
3001 1560 3089 1613 ille
3131 1560 3453 1615 talentorum
3495 1579 3597 1615 nu-

2023 1665 2206 1702 merus
2252 1650 2513 1705 remissus
2553 1649 2748 1704 fuerat.
2780 1655 2892 1718 Qua
2937 1651 3194 1719 parabole
3243 1652 3420 1715 docet,
3453 1654 3598 1708 haud

2025 1741 2195 1795 licere
2247 1757 2472 1811 regnum
2525 1742 2775 1810 adipisci,
2829 1757 3140 1811 quanquam
3189 1743 3389 1813 alioqui
3431 1745 3596 1800 multa

332 1838 638 1912 ἐπειδήπερ
670 1840 704 1910 ἡ
743 1837 1007 1908 βασιλεία,
1035 1835 1211 1908 κρίσει
1252 1835 1377 1898 τοὺς
1408 1831 1591 1897 ἀξίους
1620 1831 1913 1903 παραδεχο-

2025 1843 2167 1887 recte
2189 1832 2387 1901 aliquis
2421 1832 2628 1897 fecerit,
2667 1833 2768 1886 nisi
2809 1833 2902 1886 Dei
2934 1835 3229 1888 bonitatem
3273 1835 3594 1903 iujnriarum

334 1931 497 2004 μένη,
525 1933 653 1995 τοὺς
684 1930 759 2002 μὴ
803 1928 1246 2001 συγχωρητικοῦς
1289 1927 1381 1980 καὶ
1425 1925 1516 1977 τὸν
1564 1922 1764 1991 ἀγαθὸν
1808 1921 1917 1974 τῶν

329 2025 472 2078 ὅλων
516 2021 708 2096 κριτὴν
740 2021 882 2075 κατά
925 2020 1083 2074 τοῦτο
1112 2018 1479 2090 μιμουμένους
1521 2016 1580 2069 οὐ
1628 2013 1919 2086 παραδέχε-

217 2161 222 2164 .
331 2134 444 2172 ται.
475 2117 552 2170 Οὐ
582 2115 690 2186 γάρ
714 2113 779 2168 ἃν
813 2113 925 2185 ἔχει
951 2130 1036 2176 τις
1062 2113 1234 2165 εἰπεῖν
1263 2109 1500 2164 τοσαῦτά
1521 2125 1642 2162 τινα
1667 2105 1918 2176 πεπλημ-

339 2210 637 2283 μεληκὲναι
669 2210 750 2271 εἰς
775 2207 986 2270 ἑαυτὸν,
1011 2207 1111 2259 ὅσα
1137 2222 1243 2277 περ
1288 2203 1447 2266 αὐτὸς
1468 2203 1558 2255 τὸν
1584 2199 1761 2254 πάντα
1787 2198 1916 2269 χρό-

333 2320 425 2358 νον
444 2303 542 2373 τῆς
561 2301 727 2355 αὑτοῦ
749 2301 892 2373 ζωῆς
907 2299 1058 2372 παρά
1079 2299 1140 2352 τὸ
1164 2297 1407 2369 βούλημα
1427 2294 1520 2348 τοῦ
1543 2292 1677 2346 Θεοῦ
1707 2291 1916 2364 πράξας

339 2389 620 2465 tetram;
643 2392 780 2446 ἐστί·
810 2392 940 2445 ποτέ
968 2391 1064 2462 μὲν
1089 2390 1199 2461 γὰρ
1219 2388 1309 2442 διὰ
1328 2386 1420 2440 τοῦ
1443 2386 1602 2454 λόγου
1626 2384 1912 2454 πταίομεν,

335 2487 469 2541 ποτέ
501 2487 557 2540 δέ
593 2485 662 2539 δι’
695 2485 934 2556 αἰσχρῶν
967 2483 1062 2537 καὶ
1106 2480 1357 2553 πονηρῶν
1391 2475 1823 2549 ἐπιθυμημάτων
1856 2492 1914 2528 τε

333 2581 436 2634 καὶ
487 2579 754 2651 πράξεων.
803 2576 952 2648 Πλὴν
991 2577 1141 2646 ὅμως
1192 2573 1430 2627 τοσαῦτα
1462 2570 1766 2632 πταίοντες,
1814 2568 1915 2620 οὐκ

330 2669 780 2740 ἀπογινώσκομεν
805 2667 904 2731 τὰς
926 2665 1078 2736 παρά
1106 2665 1183 2736 τῷ
1213 2665 1331 2736 Θεῷ
1355 2663 1592 2725 ἐλπίδας,
1619 2661 1707 2715 διὰ
1731 2661 1792 2712 τὸ
1829 2677 1916 2728 φι-

328 2758 651 2830 λάνθρωπον
679 2759 774 2811 καὶ
799 2754 1118 2820 ἀνεξίκακον
1141 2755 1264 2824 ἐλεη
1274 2752 1492 2824 μονικόν
1513 2768 1571 2803 τε
1595 2751 1686 2803 καὶ
1714 2765 1915 2819 συγχω-

331 2849 560 2920 ρητικὺν
591 2847 687 2901 τοῦ
722 2845 878 2900 Θεοῦ.
925 2845 1134 2898 Οὐκοῦν
1171 2844 1361 2898 ἕπεται
1405 2841 1483 2911 τῷ
1513 2839 1675 2910 ἀὐτῷ
1709 2838 1910 2909 μέτρῳ,

331 2940 430 2994 καὶ
460 2940 608 3011 ἡμᾶς
651 2941 868 3011 μετρεῖν
901 2940 1014 3001 τοῖς
1046 2939 1124 2998 εἰς
1156 2936 1306 3007 ἡμᾶς
1350 2933 1743 3004 ἁμαρτάνουσι·
1779 2930 1912 3000 μηδὲ

333 3031 478 3086 κατά
521 3032 612 3084 τὸν
657 3030 862 3102 Πέτρον
895 3027 1359 3100 ἀκριϐολογεῖσθαι
1399 3028 1464 3096 τῇ
1513 3016 1910 3094 φιλανθρωπίᾳ,

331 3121 429 3176 καὶ
473 3119 667 3192 μέχρις
701 3118 925 3189 ἑϐδόμου
958 3115 1188 3188 ἀριθμοῦ
1225 3117 1334 3178 τοῖς
1365 3116 1444 3176 εἰς
1488 3114 1635 3183 ἡμᾶς
1659 3115 1911 3182 ἡμαρτη-

2021 1925 2299 1982 oblivione
2341 1927 2606 1981 imitetur.
2643 1925 2776 1979 Nam
2831 1942 3051 1995 regnum
3087 1928 3228 1996 quod
3269 1928 3482 1982 nonnisi
3515 1928 3597 1998 ju-

2021 2019 2162 2072 dicio
2207 2019 2462 2088 probatos
2514 2019 2728 2088 recipit,
2765 2019 2957 2072 alienis
3003 2034 3031 2071 ο
3081 2020 3370 2074 clementia
3420 2036 3597 2089 neque

2019 2109 2258 2164 omnium
2283 2109 2525 2177 judicent
2565 2111 2665 2165 bac
2697 2111 2896 2164 virtute
2929 2109 3267 2166 imitantibus
3312 2113 3594 2184 haudqua-

2018 2216 2176 2268 quam
2221 2212 2386 2271 patet.
2431 2201 2614 2272 Neque
2658 2203 2802 2256 enim
2846 2202 3156 2271 quempiam
3203 2213 3350 2257 tanta
3393 2204 3447 2258 itt
3490 2220 3591 2260 nos

2017 2307 2270 2362 peccasse
2298 2291 2710 2356 atlirmabimus,
2743 2305 2942 2362 quanta
2975 2305 3182 2347 nosmet
3205 2310 3300 2364 per
3326 2295 3595 2350 universa:

2018 2385 2140 2438 vitae
2186 2396 2397 2453 tempus
2441 2386 2704 2440 adversus
2741 2386 2830 2440 Dei
2863 2387 3194 2440 voluntatem
3225 2389 3584 2453 patravimus,

2018 2477 2247 2546 ideoque
2287 2477 2561 2531 debitores
2622 2479 2915 2533 evasimus.
2975 2478 3108 2532 Nam
3135 2479 3298 2533 modo
3347 2494 3596 2536 sermone

2014 2567 2358 2630 oﬂ'endimns,
2388 2569 2546 2622 modo
2589 2571 2833 2639 turpibus
2865 2571 3182 2638 vitiosisque
3211 2569 3594 2638 cupiditatibus

2013 2670 2176 2730 atque
2213 2661 2442 2715 actibus.
2481 2659 2845 2716 Nihilominus
2889 2662 2980 2731 qui
3033 2672 3180 2716 tanta
3207 2661 3590 2730 delinquimus,

2017 2753 2262 2806 lidnciam
2310 2751 2555 2821 placandi
2607 2753 2698 2806 Dei
2748 2769 2855 2806 non
2885 2753 3209 2817 omittimus,
3239 2768 3396 2822 quem
3431 2752 3594 2808 bene-

2013 2844 2191 2897 volum
2238 2843 2576 2904 hominibus,
2624 2846 2921 2912 patientem
2955 2858 3019 2898 ac
3066 2845 3470 2900 misericordem
3501 2861 3592 2900 ve-

2015 2936 2224 3002 nizeque
2279 2951 2506 3003 prauum
2554 2936 2776 2989 scimus.
2833 2935 3272 2990 Consentaneum
3307 2947 3390 2991 est
3429 2937 3593 3008 igitur

2015 3035 2072 3078 ut
2100 3032 2284 3080 eadem
2331 3042 2587 3081 tnensura
2640 3029 2726 3092 iis,
2753 3043 2983 3095 quorum
3025 3027 3244 3083 oﬂ‘ensze
3285 3030 3337 3082 in
3372 3045 3470 3084 nos
3501 3043 3595 3085 ex-

2014 3117 2290 3179 stiterunt,
2337 3116 2637 3187 largiamur
2667 3136 2680 3171 :
2708 3135 2904 3188 neque,
2937 3129 2993 3172 ut
3022 3121 3149 3172 olim
3187 3119 3379 3173 Petrus
3394 3121 3465 3186 ”,
3497 3121 3596 3174 mi-

331 3211 455 3265 κόσι
484 3212 816 3282 συγχωρεῖν·
857 3209 998 3263 κατά
1028 3208 1084 3261 δὲ
1117 3207 1207 3260 τὸν
1237 3203 1493 3277 συμπαθῆ
1528 3203 1622 3257 κοιλ⁴
1648 3202 1913 3273 ἐλεήμονα

2020 3216 2142 3259 nuta
2183 3208 2554 3262 benevolentia
2601 3210 2792 3273 simus,
2836 3226 3010 3279 neque
3042 3211 3358 3277 injuriarum
3400 3211 3594 3265 remis-

330 3301 565 3373 Σωτῆρα
595 3301 754 3373 μέχρι
780 3300 873 3354 τοῦ
907 3298 1370 3370 ἑϐδομηκοντάκις
1412 3295 1572 3350 ἑπτά·
1609 3296 1668 3348 ού
1700 3295 1916 3359 πάντως

333 3394 406 3448 τὰ
417 3393 654 3448 τοσαῦτα
669 3391 1195 3464 περιεργαζομένους
1213 3391 1429 3463 ἀμαρτή
1441 3407 1604 3460 ματα,
1622 3390 1714 3442 καὶ
1729 3387 1916 3458 ὥσπερ

335 3484 656 3560 ἀναγραφὴν
677 3485 855 3540 αὐτῶν
888 3484 1241 3555 ποιουμένους
1270 3481 1392 3536 καθ’
1417 3483 1656 3551 ἑκάστην
1681 3482 1913 3552 ἡμέραν,

335 3584 401 3632 ἐκ
429 3578 488 3631 δέ
526 3578 714 3631 τούτου
756 3577 816 3630 τὸ
855 3576 1235 3648 ἀπεριόριστον
1267 3573 1711 3644 διδασκομένους.
1743 3573 1916 3625 Πυθο-

336 3668 502 3740 μένου
525 3669 634 3741 γὰρ
657 3667 750 3722 τοῦ
777 3667 982 3739 Πέτρου
1009 3668 1100 3720 ἐπὶ
1123 3667 1308 3729 πόσοις
1330 3668 1442 3728 τοῖς
1462 3667 1540 3727 είς
1569 3665 1715 3735 ἡμᾶς
1739 3665 1917 3734 ἀμαρ-

336 3761 650 3830 τανομέοοις
696 3760 994 3830 συγχωρεῖν
1053 3758 1181 3819 δέοι,
1229 3756 1322 3809 καὶ
1361 3755 1593 3826 ἀριθμὸν
1637 3753 1916 3826 ὁρίσαντος

336 3854 427 3908 τὸν
470 3854 574 3918 ἕως
613 3853 862 3916 ἐπτάκις,
897 3854 925 3905 ό
958 3852 1149 3921 Σωτὴρ
1188 3849 1278 3902 τὸν
1320 3848 1424 3912 ἕως
1458 3846 1916 3918 ἑϐδομηκοντάκις

330 3948 476 4003 ἐτττά
504 3948 786 4018 εἰσήγαγε,
821 3944 939 3999 καθ’
965 3943 1024 3997 ὃν
1046 3944 1124 3997 δεῖ
1150 3942 1244 3996 καὶ
1269 3942 1419 4012 ἡμᾶς
1446 3940 1682 4009 ἀφιέναι,
1711 3939 1916 4002 εἰδότας

334 4039 430 4092 καὶ
458 4037 875 4108 πεπεισμένους,
901 4035 976 4098 ὡς
1009 4035 1158 4088 ἔσται
1189 4033 1380 4103 καιρὸς
1409 4032 1531 4086 καθ’
1561 4032 1618 4085 ὂν
1648 4029 1915 4101 συναρθή-

334 4148 490 4184 σεται
530 4131 664 4202 πρὸς
713 4130 858 4199 ἡμᾶς
891 4128 1047 4196 λόγος
1082 4127 1188 4179 ὑπὸ
1221 4125 1317 4179 τοῦ
1371 4127 1587 4178 πάντων
1618 4121 1824 4202 *κριτοῦ
1855 4138 1915 4174 τε

332 4223 432 4276 καὶ
461 4199 744 4292 βασιλέως,
774 4220 992 4273 ἐπειδάν
1021 4221 1069 4273 οἱ
1100 4219 1298 4282 πάντες
1324 4199 1691 4289 παραστῶμεν
1721 4213 1797 4283 τῷ
1827 4213 1919 4285 βή-

336 4331 468 4385 ματι
493 4313 679 4376 αὐτοῦ,
710 4314 796 4366 ὅτε
823 4306 868 4380 ᾧ
899 4313 1082 4384 μέτρῳ
1112 4311 1438 4385 μετροῦμεν,
1464 4306 1918 4379 ἀντιμετρηθήσε-

330 4423 425 4459 ται
452 4405 604 4476 ἡμῖν.
653 4405 711 4458 '0
760 4405 857 4476 μὲν
896 4404 1004 4476 γάρ
1041 4405 1214 4475 μέγας
1256 4403 1509 4474 βασιλεὺς
1536 4399 1783 4454 ἐντεῦθεν
1812 4400 1912 4472 ήδη

332 4499 504 4553 πᾶσιν
522 4500 656 4570 ήμῖν
679 4500 790 4561 τοῖς
811 4495 1228 4568 χρεωφειλέταις
1255 4493 1464 4548 πολλῶν
1485 4492 1757 4547 ταλάντων
1775 4490 1915 4544 κατά

2018 3299 2223 3354 sionem
2261 3303 2576 3370 septenario
2621 3301 3265 3369 numero'eoarctemus;
3317 3303 3426 3356 imo
3465 3317 3592 3356 vero

2017 3393 2324 3460 septuagies
2375 3395 2576 3461 septies
2625 3409 2746 3447 cum
2805 3395 3072 3448 clemente
3146 3394 3593 3463 misericordique

2019 3481 2310 3537 Servatore
2381 3499 2691 3552 parcarous.
2768 3486 2945 3551 Quare
3010 3485 3246 3538 olfeusas
3304 3502 3371 3539 ne
3403 3485 3592 3539 sedulo

2016 3575 2358 3639 ventilemns,
2395 3591 2568 3644 neque
2615 3578 2806 3630 barum
2849 3577 3008 3631 veluti
3055 3576 3505 3631 commentarium
3537 3578 3589 3631 in

2019 3666 2134 3720 dies
2159 3666 2528 3722 conliciamus.
2559 3667 2711 3721 Nunc
2735 3669 2878 3721 enim
2905 3667 3296 3736 indulgentiam
3337 3669 3456 3722 sine
3487 3669 3593 3724 line

2022 3756 2299 3812 docemur.
2344 3757 2557 3811 Etenim
2607 3759 2978 3828 interrogante
3025 3759 3187 3812 Petro
3220 3759 3434 3827 quoties
3462 3775 3593 3830 pec-

2017 3849 2272 3902 cantibus
2317 3851 2578 3904 adversus
2625 3865 2724 3903 nos
2756 3850 3033 3919 indulgere
3071 3860 3374 3920 Oporteret,
3404 3868 3592 3906 nurne-

2023 3955 2252 4008 rumque
2290 3941 2656 4011 septenarium
2695 3941 3008 4008 detiniente,
3042 3940 3303 3997 Servator
3325 3958 3492 4013 usque
3521 3943 3589 3997 ad

2018 4034 2336 4102 septuagies
2382 4034 2583 4102 septies
2630 4035 2884 4103 produxit
2933 4036 3104 4089 venite
3162 4035 3352 4088 danda
3381 4052 3409 4088 a
3439 4036 3592 4090 nobis

2020 4139 2337 4188 numerum;
2367 4124 2532 4192 probe
2581 4126 2836 4178 nimirum
2879 4128 3137 4191 consciis,
3167 4136 3378 4196 tempus
3423 4125 3592 4182 aﬂore

2017 4230 2124 4283 quo
2155 4216 2394 4271 rationes
2413 4219 2692 4271 uobiscum
2718 4228 2986 4286 ponentur
3003 4219 3070 4272 ab
3093 4219 3382 4273 universali
3411 4218 3592 4288 judice

2017 4323 2079 4361 ac
2108 4323 2252 4377 rege,
2282 4325 2401 4363 cum
2438 4325 2628 4364 mnnes
2676 4322 2802 4364 ante
2846 4310 2965 4379 ejus
3007 4311 3242 4364 tribunal
3295 4312 3592 4365 constitue.

2020 4416 2161 4458 ntnr,
2183 4411 2238 4454 et
2268 4417 2370 4470 qua
2421 4418 2675 4455 mensura
2717 4403 2888 4456 mensi
2936 4402 3219 4465 fuerimus,
3275 4408 3591 4459 remetietur

2020 4492 2192 4545 nobis.
2217 4491 2425 4546 Etenim
2457 4508 2600 4548 nunc
2641 4510 2868 4563 magnus
2895 4511 2987 4548 rex
3026 4494 3240 4548 cunctis
3266 4495 3419 4547 nobis
3454 4496 3590 4548 mul-

330 4590 396 4644 τδ
423 4590 632 4663 πρέπον
651 4588 814 4642 αὑτοῦ
841 4591 907 4659 τῇ
931 4587 1313 4659 φιλανθρωπίᾳ
1336 4586 1396 4638 τὸ
1414 4586 1519 4638 πᾶν
1540 4585 1708 4654 ἀνῆκε
1731 4583 1908 4652 χρέος,

2019 4593 2192 4636 torum
2225 4585 2550 4638 talentorum
2587 4586 2946 4652 debitoribus,
2975 4596 3130 4655 prout
3165 4601 3318 4639 suam
3344 4585 3587 4639 clemen-

329 4680 458 4746 δοὺς
504 4680 697 4751 ἄφεσιν
746 4679 1155 4750 ἁμαρτημάτων
1203 4678 1298 4730 καὶ
1349 4673 1632 4744 ἐξαλείψας
1679 4673 1737 4726 τὸ
1787 4671 1909 4725 καθ’

330 4772 494 4846 ήμῶν
518 4773 895 4845 χειρόγραφον·
938 4773 1099 4843 ἡμεῖς
1131 4770 1175 4822 δ’
1214 4771 1307 4822 ἐπὶ
1349 4768 1573 4840 βραχέσι
1605 4765 1910 4835 πταίσμασι

331 4867 459 4930 τοὺς
505 4865 822 4928 συνδούλους
865 4863 1259 4934 ἀποπνίγομεν,
1295 4863 1388 4915 καὶ
1431 4856 1910 4930 παρακαλούμενοι

329 4959 395 5012 οὔ
446 4956 837 5030 συγχωροῦμεν
867 4955 933 5008 τά
961 4957 1040 5020 είς
1087 4956 1234 5025 ἡμᾶς
1279 4951 1634 5022 ἐπταισμένα,
1687 4948 1760 5020 μὴ
1791 4949 1912 5000 ἐπι-

335 5048 660 5123 μετροῦντες
701 5049 769 5102 τά
801 5047 888 5100 ίσα
927 5043 1008 5109 οἷς
1041 5046 1190 5118 παρὰ
1232 5044 1364 5098 Θεοῦ
1398 5044 1774 5113 τετυχήκαμεν
1803 5042 1915 5102 τοῖς

339 5142 621 5215 ἡμετέροις
665 5141 924 5202 οἰκέταις.
957 5139 1206 5208 Εὑὶόγως
1249 5133 1340 5190 οῦν
1372 5135 1746 5204 ἀγανάκτησις
1789 5130 1912 5185 καθ’

334 5236 488 5308 ἡμῶν
513 5234 938 5306 ἐξενεχθήσεται·
982 5233 1075 5285 καὶ
1111 5234 1140 5285 ό
1177 5231 1274 5302 τὴν
1303 5231 1483 5283 πᾶσαν
1517 5229 1649 5299 ἡμῖν
1692 5223 1913 5296 ὀφειλὴν

333 5332 490 5400 ἀφεὶς
519 5330 796 5399 Δεσπότης
836 5326 1012 5380 οὐκέτ’
1056 5323 1254 5394 ἀφήσει
1301 5323 1450 5392 ἡμῖν·
1487 5319 1601 5373 ἀλλ’
1647 5311 1691 5385 ᾧ
1731 5315 1913 5388 μέτρῳ

331 5426 761 5495 μεμετρήκαμεν
790 5417 1107 5491 ἀσυμπαθεῖ
1130 5417 1226 5471 καὶ
1258 5413 1464 5468 ἀνελεεῖ
1499 5411 1594 5466 καὶ
1625 5408 1908 5480 ἀποτόμῳ,

326 5516 688 5587 ἐπιμετρήσει
730 5515 880 5584 ἡμῖν·
913 5510 1124 5565 καὶτὸν
1157 5507 1218 5572 ἐξ
1254 5503 1408 5578 ἡμῶν
1455 5507 1596 5559 κατά
1623 5502 1731 5557 τῶν
1772 5505 1909 5574 ήμε-

325 5607 505 5678 τέρων
534 5605 832 5659 συνδούλων
855 5604 980 5676 ὅρον
1009 5600 1132 5656 καθ’
1157 5597 1315 5672 ἡμῶν
1349 5597 1668 5669 ἐπαρτὴσει.
1717 5591 1908 5664 Ἔφεύο

401 5792 638 5850 "Matth
693 5793 969 5863 xvru,24.
1045 5791 1394 5860 "ibid.,2|.

2011 4676 2139 4729 tiaut
2186 4675 2429 4738 decebat,
2472 4676 2714 4728 debitum
2756 4677 2985 4741 remisit,
3028 4678 3161 4728 dans
3207 4675 3444 4744 peceatis
3500 4689 3590 4727 ve-

2014 4767 2201 4831 niam,
2247 4766 2540 4837 deletisque
2592 4768 2854 4836 Scriptum
2913 4777 3098 4821 contra
3155 4781 3250 4820 nos
3314 4766 3589 4834 chirogra-

2015 4858 2175 4930 phum
2210 4873 2224 4910 :
2252 4875 2349 4912 nos
2381 4871 2560 4913 autem
2596 4861 2740 4913 leves
2779 4863 2848 4914 ob
2875 4859 3064 4927 culpas
3097 4872 3387 4912 conservos
3416 4856 3588 4912 sntio-

2015 4965 2222 5013 camus,
2248 4961 2411 5018 atque
2446 4951 2714 5004 obsecrati
2761 4951 2984 5004 minime
3017 4950 3342 5004 remtttitnus
3371 4965 3490 5018 quae
3531 4950 3585 5005 in

2020 5057 2118 5096 nos
2139 5052 2360 5110 peccata
2396 5042 2627 5106 fuerint;
2665 5041 3022 5095 familiaribus
3062 5041 3262 5095 nostris
3308 5041 3448 5095 haud
3487 5057 3587 5110 pa-

2018 5137 2095 5188 ria
2141 5132 2403 5188 facientes
2435 5133 2522 5197 iis,
2569 5150 2690 5204 quae
2733 5149 2834 5188 nos
2858 5149 2886 5186 a
2922 5133 3037 5189 Deo
3068 5134 3346 5188 consecuti
3377 5149 3584 5192 sumus.

2016 5224 2212 5282 Merito
2252 5227 2434 5293 itaque
2477 5227 2632 5279 nobis
2660 5227 2930 5278 irascetur
2960 5226 3006 5279 is
3031 5227 3119 5292 qui
3151 5239 3312 5278 omne
3342 5225 3583 5280 debitum

2015 5317 2170 5371 nobis
2222 5299 2626 5371 condonaverat
2677 5316 2932 5371 Dominus
2978 5335 2990 5370 :
3034 5330 3207 5386 neque
3253 5316 3368 5386 jam
3430 5317 3588 5371 nobis

2014 5421 2230 5480 parcet;
2297 5412 2387 5466 sed
2429 5426 2534 5479 qua
2592 5427 2845 5466 mensura
2905 5411 3076 5466 mensi
3124 5411 3412 5475 fuerimus,
3451 5411 3585 5469 dum

2015 5502 2283 5571 videlicet,
2312 5503 2745 5559 immisericorde
2775 5513 2830 5558 et
2849 5519 3065 5574 aspera,
3092 5505 3278 5559 eadem
3317 5503 3472 5560 nobis
3499 5519 3585 5559 re-

2014 5595 2248 5674 tribuet;
2277 5593 2575 5678 'latatnque
2608 5611 2638 5651 a
2670 5595 2826 5652 nobis
2870 5599 3130 5678 adversus
3169 5609 3457 5653 conservos
3485 5609 3585 5650 no-
