4130 6400
265 396 373 463 885

1472 397 1983 465 COMMENTARIA
2015 406 2083 463 IN
2121 408 2257 466 LUC
2267 410 2356 466 AM
2364 450 2376 462 .

3427 418 3532 476 586

262 521 363 593 τῆς
392 512 704 586 συντελείας
729 519 791 575 οὐ
820 515 1091 596 πρότερον
1113 518 1331 579 ἔσεσθαι
1354 521 1448 577 τὸν
1471 521 1848 597 κατακλυσμὸν

1962 531 2134 583 retur.
2165 524 2373 592 Quibus
2399 525 2563 583 etiam
2590 531 2873 589 commode
2912 534 3125 591 dicetur
3153 539 3534 608 propheticum

262 614 365 686 τῆς
410 612 689 678 ἀπωλείας
717 612 828 670 τῶν
859 615 1072 671 ἀσεϐῶν
1105 631 1291 688 φησιν,
1324 610 1358 686 ἢ
1404 616 1735 688 συναχθῆναι
1769 618 1850 681 είς

262 706 366 780 τὴν
406 708 732 781 ἐπουράνιον
780 708 876 763 τοῦ
923 710 1059 763 Θεοῦ
1095 708 1348 773 κιϐωτὸν,
1391 710 1485 763 καὶ
1517 707 1850 781 διασωθῆναι

261 802 391 865 τοὺς
414 800 534 855 τότε
560 801 1024 875 εὑρεθησομένους
1042 803 1138 856 τοῦ
1163 801 1299 857 Θεοῦ
1334 802 1674 874 ἀνθρώπους,
1707 802 1849 858 κατά

262 890 327 946 τὺ
354 894 707 967 παράδειγμα
732 884 796 947 τὸ
823 895 918 949 ἐπὶ
962 894 1057 949 τοῦ
1090 894 1215 948 Νῶε
1236 912 1250 926 ·
1284 891 1366 960 οἷς
1393 896 1486 949 καὶ
1526 894 1847 970 λεχθήσεται

263 985 408 1039 κατά
450 985 641 1058 καιρόν
689 986 751 1041 τὸ
799 986 1138 1060 προφητικὸν
1185 980 1387 1042 ἐκεῖνο·
1431 976 1659 1055 Βάδιζε,
1696 991 1847 1056 λαός

257 1094 399 1146 μου,
429 1076 672 1133 εἴσελθε
705 1079 793 1144 εις
816 1079 883 1132 τὸ
903 1079 1147 1151 ταμεῖόν
1169 1091 1310 1145 σου,
1344 1079 1439 1135 καὶ
1461 1081 1532 1133 τὰ
1562 1078 1708 1152 ἑξῆς,
1733 1080 1846 1146 ἕως

262 1163 338 1225 οὗ
384 1162 670 1238 παρέλθοι
712 1169 753 1238 ἡ
794 1169 943 1242 ὀργὴ
990 1172 1245 1239 Κυρίου·
1279 1171 1471 1244 ὥσπερ
1506 1172 1602 1225 καὶ
1630 1171 1724 1225 ἐπὶ
1751 1170 1845 1227 τοῦ

261 1257 386 1312 Λὼτ
411 1260 683 1332 ἐποίησεν,
718 1262 805 1317 ἵνα
848 1264 922 1335 μὴ
961 1262 1011 1316 οἱ
1055 1262 1253 1317 δίκαιοι
1298 1263 1704 1318 συναπόλωνται
1734 1265 1850 1328 τοῖς

262 1351 544 1406 ἀσεϐέσιν*
577 1352 751 1420 οὕτως
782 1344 876 1409 καὶ
925 1355 1018 1409 ἐπὶ
1048 1356 1148 1427 τῆς
1192 1355 1503 1420 συντελείας
1532 1355 1624 1409 τοῦ
1651 1356 1850 1422 αἰῶνος

261 1442 321 1496 οὐ
354 1440 619 1517 πρότερον
649 1444 786 1517 αὕτη
822 1445 996 1511 ἔσται,
1025 1434 1059 1518 ἢ
1104 1446 1318 1511 πάντας
1365 1448 1493 1511 τοὺς
1522 1447 1614 1500 ἐπὶ
1641 1448 1744 1519 γῆς
1771 1447 1850 1502 δι-

261 1534 449 1600 καίους
487 1537 583 1591 καὶ
623 1536 898 1604 θεοσεϐεῖς
928 1539 1290 1611 ἀφορισθῆναι
1328 1538 1438 1594 τῶν
1472 1539 1708 1605 ἀσεϐῶν,
1754 1540 1849 1595 καὶ

1957 617 2087 672 illud
2118 633 2132 670 :
2169 614 2338 682 Vade,
2379 619 2569 689 popuie
2588 632 2755 688 meus,
2786 627 2928 679 intra
2946 626 2998 681 in
3023 629 3329 686 cubiculum
3362 641 3535 701 tuum,

1955 719 2011 767 et
2061 710 2300 780 reliqua;
2352 712 2518 766 donec
2552 721 2787 770 transeat
2842 718 3137 789 indignatio
3192 721 3406 778 Domini
3427 725 3523 781 “:

1955 818 2054 861 ceu
2106 801 2244 859 Loto
2297 806 2517 871 accidit,
2549 823 2617 863 ne
2670 808 2799 865 boni
2851 825 2972 867 cum
3032 812 3292 885 improbis
3347 828 3523 875 morte

1955 897 2297 953 irretiantur.
2338 897 2416 954 Ita
2458 899 2644 956 sreculi
2687 906 3088 961 consummatio
3113 923 3219 963 non
3253 919 3380 966 ante
3410 925 3538 967 eve-

1957 990 2087 1057 niet,
2120 1005 2282 1061 quam
2309 991 2439 1062 justi
2467 1000 2735 1064 quotquot
2761 994 2814 1048 in
2845 996 2978 1051 orbe
3006 1006 3170 1052 erunt
3198 1012 3262 1055 ac
3293 998 3535 1071 religiosi

1957 1080 2024 1136 ab
2044 1082 2305 1152 improbis
2335 1082 2745 1151 discernantur,
2774 1095 2939 1156 atque
2967 1087 3022 1142 in
3047 1090 3257 1145 ctelesti
3282 1089 3375 1146 Dei
3409 1107 3538 1148 arca

1956 1175 2371 1230 concludantur.
2393 1174 2547 1232 Tunc
2573 1177 2719 1232 enim
2745 1180 2964 1236 nemine
2981 1176 3094 1252 jam
3120 1182 3264 1239 inter
3287 1182 3538 1243 homines

1950 1264 2099 1336 justo
2149 1268 2468 1337 superstite,
2523 1269 2618 1325 sed
2682 1269 3001 1342 irreligiosis
3056 1270 3309 1332 omnibus
3369 1284 3535 1349 atque

1956 1358 2204 1415 scelestis
2248 1363 2348 1416 sub
2383 1360 2708 1418 Antichristi
2753 1365 2952 1420 vexillo
2991 1365 3332 1438 degentibus,
3362 1379 3528 1442 atque

1956 1451 2231 1520 apostasia
2274 1460 2387 1505 toto
2426 1452 2560 1508 orbe
2607 1452 2824 1521 diil'usa,
2853 1455 2935 1510 ira
2970 1457 3187 1513 demum
3226 1454 3319 1516 Dei
3347 1459 3537 1530 plenos

1955 1541 2255 1599 sceleribus
2287 1543 2533 1601 homines
2561 1545 2800 1602 invadet.

261 1631 591 1705 συναχθῆναι
629 1636 709 1699 εἰς
756 1633 855 1706 τὴν
904 1635 1225 1709 ἐπουράνιον
1256 1635 1351 1690 τοῦ
1405 1635 1542 1691 Θεοῦ
1605 1635 1875 1692 κιϐωτόνο
1946 1626 2089 1694 οὕτω
2137 1640 2246 1711 γὰρ
2306 1634 2503 1714 μηκέτι
2559 1642 2790 1714 μηδενὸς
2840 1645 3050 1700 δικαίου
3114 1647 3174 1702 ὲν
3232 1647 3542 1723 ἀνθρώποις

260 1724 668 1799 εὑρισκομένου,
703 1728 921 1784 πάντων
949 1729 1007 1782 δὲ
1032 1729 1208 1783 ἀθέων
1232 1728 1445 1783 ἀσεϐῶν
1474 1728 1584 1784 τῶν
1604 1728 1710 1784 ὑπὸ
1735 1729 1831 1785 τοῦ
1882 1730 2248 1805 Ἀντιχρίστου
2276 1734 2596 1804 γεγονότων,
2623 1735 2725 1807 τῆς
2764 1755 2824 1791 τε
2852 1735 3190 1806 ἀποστασίας
3229 1744 3349 1799 καθ’
3412 1745 3542 1818 ὅλης

259 1816 359 1890 τῆς
389 1820 715 1892 οἰκουμένης
758 1822 1131 1895 κραησάσης,
1177 1824 1211 1895 ή
1249 1822 1344 1877 τοῦ
1375 1822 1510 1878 Θεοῦ
1535 1818 1673 1897 ὀργὴ
1714 1825 1842 1890 τοὺς
1878 1825 2097 1892 ἀσεϐεῖς
2139 1827 2542 1898 μετελεύσεται.

376 1907 481 1966 Ἐν
517 1912 719 1984 ἐκείνῃ
757 1913 852 1986 τῇ
871 1913 1061 1986 ἡμέρᾳ
1091 1915 1159 1982 ὃς
1191 1911 1472 1986 ἃνᾼέσται
1500 1915 1600 1970 ἐπὶ
1629 1915 1736 1972 τοῦ

783 1933 792 1943 ’
871 1933 1061 1985 ημεριι
1091 1933 1159 1982 ος
1191 1933 1269 1969 αν
1299 1933 1329 1969 ε

783 1933 1068 2055 «ignarae,
1103 2003 1157 2040 κ.
1193 2003 1245 2039 τ.
1278 1984 1329 2039 λ.

331 2070 593 2147 Σημαίνει
625 2072 684 2130 δὲ
728 2077 818 2132 διὰ
847 2078 1051 2134 τούτων
1095 2077 1187 2132 τὸν
1229 2078 1372 2132 κατὰ
1422 2078 1532 2131 τῶν
1576 2078 1846 2133 θεοσεϐῶν

258 2164 753 2241 ἐπενεχθησόμενον
771 2170 1010 2242 διωγμόν
1031 2169 1136 2224 ὑπὸ
1158 2170 1254 2223 τοῦ
1276 2170 1392 2224 υἱοῦ
1416 2171 1517 2241 τῆς
1548 2170 1842 2236 ἀπωλείας.

267 2261 515 2335 Ἧμέραν
537 2262 594 2316 δὲ
622 2261 837 2334 ἐκείνην
867 2261 1122 2333 ὀνομάζει
1151 2262 1244 2316 τὸν
1275 2262 1463 2335 χρόνον
1498 2261 1591 2316 τὸν
1619 2262 1724 2337 πρὸ
1746 2263 1847 2334 τῆς

260 2354 592 2419 συντελείας,
628 2357 684 2409 ὲν
714 2347 760 2423 ᾧ
786 2371 980 2426 φησιν’
1022 2353 1087 2409 '0
1114 2356 1353 2425 φεύγων
1382 2355 1469 2425 μὴ
1501 2350 1849 2425 ἐπιστρεφέ-

258 2464 357 2512 τω,
408 2445 566 2518 μηδὲ
605 2446 870 2518 μιμητὴς
914 2445 1170 2516 γινέσθω
1210 2445 1325 2515 τῆς
1368 2448 1655 2517 γυναικὸς
1693 2447 1845 2516 Λὼτ,

257 2539 383 2610 ῆτις
413 2538 552 2610 μετά
581 2538 644 2592 τὸ
673 2541 864 2609 φυγεῖν
894 2540 988 2593 καὶ
1012 2537 1118 2604 ἔξω
1139 2538 1394 2608 γενέσθαι
1419 2540 1519 2612 τῆς
1536 2540 1847 2623 Σοδομιτῶν

259 2629 467 2703 χώρας,
500 2632 800 2703 στραφεῖσα
832 2632 913 2694 εἰς
939 2629 1006 2684 τά
1041 2629 1237 2696 ὀπίσω,
1269 2630 1650 2704 ἀπενεκρῶθη,
1676 2632 1843 2705 στήλη

261 2722 390 2788 ἁλὸς
438 2723 725 2795 γενομένη.
789 2714 1051 2793 Ἀφειδεῖν
1102 2723 1211 2797 γὰρ
1259 2722 1383 2777 τότε
1435 2724 1703 2797 προσήκει
1747 2724 1847 2796 οὐχ

237 2815 613 2889 ὑπαρχόντων
645 2812 825 2888 μόνον,
847 2813 985 2870 ἀλλὰ
1006 2816 1098 2870 καὶ
1129 2810 1230 2888 τῆς
1263 2815 1471 2870 ἑαυτῶν
1500 2817 1645 2888 ζωῆς
1672 2834 1730 2871 τε
1751 2817 1848 2872 καὶ

254 2908 434 2981 ψυχῆς
473 2906 598 2971 τοὺς
640 2907 699 2961 ὲν
740 2906 889 2979 μέσῳ
923 2908 1022 2979 τῆς
1061 2908 1398 2973 ἀποστασίας
1429 2907 1846 2980 καταληφθησο-

262 2999 478 3071 μένους,
512 2999 740 3071 μήποτε,
773 2998 1125 3071 βουληθέντες
1169 2992 1269 3072 τῆς
1310 2999 1520 3054 ἑαυτῶν
1560 3001 1846 3074 περιποιή-

260 3091 458 3151 σασθαι
490 3092 822 3164 προσκαίρου
855 3090 1020 3163 ζωῆς,
1055 3092 1151 3145 σὺν
1180 3089 1352 3165 ταύτῃ
1381 3092 1475 3146 καὶ
1503 3089 1602 3163 τὴν
1628 3090 1847 3145 αἰώνιον

259 3180 405 3254 ζωὴν
474 3180 817 3246 ἀπολέσειαν,
884 3182 950 3251 τῇ
1003 3180 1309 3253 ἀποστασία
1368 3180 1595 3244 ἑαυτοὺς
1663 3193 1846 3252 παρα-

257 3273 462 3339 δόντες.

262 3366 456 3435 Ταύτῃ
474 3363 551 3433 τῇ
563 3364 737 3419 νυκτὶ
757 3363 999 3418 ἔσονται
1014 3363 1122 3417 δύο
1141 3362 1240 3416 ἐπὶ
1256 3362 1473 3431 κλίνης
1482 3360 1645 3433 μιᾶς.
1658 3381 1707 3418 κη
1727 3380 1778 3416 τ.
1791 3363 1842 3416 λ.

327 3455 542 3526 Σφόδρα
568 3455 626 3509 δὲ
655 3453 983 3526 θαυμαστῶς
1018 3453 1110 3508 τὸν
1153 3454 1251 3526 τῆς
1288 3452 1624 3517 ἀποστασίας
1654 3453 1847 3526 καιρὸν

256 3548 353 3602 καὶ
379 3547 480 3620 τὴν
528 3547 786 3619 στέρησιν
827 3545 922 3599 τοῦ
965 3545 1154 3619 νοεροῦ
1196 3545 1411 3617 λογικοῦ
1456 3543 1635 3616 φωτός
1674 3544 1848 3599 νύκτα

254 3645 537 3718 ὠνόμασε’
572 3641 767 3707 νυκτὸς
792 3641 901 3715 γὰρ
928 3642 1023 3696 καὶ
1051 3640 1276 3706 σκότους
1309 3641 1508 3713 χείρων
1534 3642 1569 3713 ή
1593 3640 1714 3693 τότε
1739 3639 1847 3693 τῶν

258 3736 563 3810 ἀνθρώπων
593 3735 746 3789 ἔσται
774 3734 1108 3798 κατάστασις
1148 3732 1237 3787 διά
1265 3732 1365 3804 τὴν
1396 3732 1846 3803 ἐπικρατήσασαν

255 3828 437 3885 αὐτῶν
470 3825 654 3882 ἀνοιάν
681 3843 742 3879 τε
766 3826 860 3879 καὶ
903 3824 1131 3897 πλάνην.
1160 3824 1249 3877 Διό
1283 3838 1437 3895 φησιο
1470 3820 1633 3893 Λέγω
1668 3821 1844 3890 ὑμῖν*

257 3919 374 3973 Δύο
401 3918 649 3972 ἔσονται
677 3913 775 3970 ἐπὶ
804 3915 1019 3983 κλίνης
1043 3913 1141 3969 καὶ
1171 3913 1280 3968 δύο
1304 3911 1401 3967 ἐπὶ
1422 3911 1724 3983 μυλῶνος,
1758 3899 1847 3978 εἷς

257 4008 867 4081 παραλαμϐανόμενος
899 4007 980 4071 ὠς
1011 4005 1326 4074 ἀλλότριος·
1363 4002 1474 4072 τῆς
1508 4002 1713 4074 ὀργῆς,
1743 4000 1844 4056 καὶ

256 4098 357 4171 εἴς’
378 4101 716 4172 ἀφιέμενος,
747 4098 903 4154 ὥστε
928 4096 1022 4175 τῇ
1042 4144 1047 4151 .
1066 4096 1213 4169 ὀργῆ
1250 4096 1845 4167 παραδοθησόμενος,

258 4199 293 4252 ὁ
332 4195 709 4265 θησαυρίσας
733 4185 925 4258 ἑαυτῷ
953 4189 1140 4262 ὀργὴν
1177 4190 1247 4244 ἐν
1283 4189 1473 4259 ’ἡμέρᾳ
1511 4187 1723 4259 ὀργῆς-ο
1776 4187 1845 4242 δι’

256 4280 333 4343 ὧν
365 4287 658 4358 παρίστησι
686 4284 777 4339 τδν
808 4282 1088 4355 χωρισμὸν
1109 4280 1218 4335 τῶν
1245 4280 1414 4350 ἁγίων
1463 4281 1556 4334 καὶ
1581 4277 1845 4349 θεοφιλῶν

256 4378 448 4452 ψυχῶν
481 4377 572 4431 τὸν
600 4376 707 4431 ἀπὸ
730 4374 836 4429 τῶν
863 4373 1098 4429 ἀσεϐῶν.
1129 4371 1247 4426 Ἵνα
1276 4371 1389 4446 ,γὰρ
1421 4370 1495 4444 μὴ
1520 4368 1846 4443 ἀδιακρίτως

255 4470 558 4529 ἐπελθοῦσα
608 4471 643 4542 ή
697 4468 835 4541 ὀργὴ
873 4461 1117 4522 καὶτῶν
1164 4465 1388 4520 δικαίων
1436 4463 1842 4537 παραλήψεται,

256 4561 545 4637 προλαϐὼν
582 4562 611 4613 ὁ
649 4553 782 4625 Θεὸς
816 4558 1004 4632 ῶσπερ
1043 4558 1133 4611 τὸν
1180 4555 1304 4611 Λὼτ
1346 4554 1689 4628 προεξήγαγε
1742 4554 1844 4623 τῆς

257 4636 507 4728 Σοδόμων
544 4652 947 4726 καταστροφῆς.
1005 4650 1108 4704 Τὸν
1155 4648 1318 4703 αὑτὸν
1354 4648 1553 4721 τρόπον
1591 4646 1686 4701 καὶ
1735 4646 1841 4718 πρὸ
1872 4636 1918 4692 D

253 4750 354 4822 τῆς
382 4747 708 4811 συντελείας,
742 4747 871 4819 πρὶν
900 4742 1146 4798 ἐπελθεῖν
1175 4741 1271 4814 τὴν
1307 4739 1448 4794 κατά
1477 4738 1584 4793 τῶν
1626 4738 1838 4793 ἀσεϐῶν

253 4843 446 4917 ὀργὴν,
464 4842 553 4896 ἵνα
577 4841 651 4913 μὴ
676 4840 770 4894 σῦν
797 4838 874 4910 τῷ
898 4839 1087 4909 κόσμῳ
1110 4832 1515 4907 κατακριθῶσιν
1542 4834 1592 4886 οἱ
1614 4832 1835 4898 δίκαιοι,

253 4935 530 5008 χωρισμὸς
556 4935 707 4988 ἔσται
735 4933 843 4988 τῶν
867 4929 1131 5002 θεοφιλῶν
1155 4928 1361 5000 ψυχῶν,
1391 4926 1637 4997 ἀγγέλων
1666 4924 1838 4990 αὐτὰς

253 5026 787 5100 διαχωριζόντωνκαὶ
803 5021 1292 5098 παραληψομένων·
1313 5017 1454 5072 ὥστε
1478 5021 1535 5072 ὲν
1556 5019 1652 5089 μιᾷ
1674 5034 1839 5090 crpui-

257 5120 364 5190 μνῇ
392 5118 534 5171 δυοῖν
576 5117 986 5188 κατακειμένων
1021 5116 1117 5169 ἱνα
1163 5113 1262 5185 μὲν
1292 5106 1382 5166 τὸν
1416 5110 1508 5164 τοῦ
1527 5108 1662 5164 Θεοῦ
1688 5109 1837 5174 ἀξιον

255 5208 798 5281 παραλαμϐάνεσθαι,
834 5209 926 5263 τὸν
951 5209 1009 5262 δὲ
1045 5208 1233 5278 ἓτερον
1282 5202 1730 5268 καταλείπεσθαι,
1756 5202 1833 5265 ὡς

255 5302 405 5369 ἄξιον
446 5302 544 5373 τῆς
577 5302 696 5354 τότε
731 5300 1180 5373 καταληψομένης
1225 5300 1351 5363 τοὺς
1379 5297 1596 5359 ἀσεϐεῖς
1638 5294 1830 5367 ὀργῆς.

253 5396 365 5448 Καὶ
387 5393 606 5448 ἐπὶτῶν
631 5394 720 5463 ὑφ’
745 5392 825 5446 ἐνὶ
850 5392 1051 5463 μυλῶνι
1078 5390 1411 5462 ἀληθουσῶν,
1441 5391 1470 5443 ὁ
1493 5390 1655 5453 αὐτὸς
1676 5389 1834 5459 λόγος

252 5484 430 5541 ἔσται.
482 5484 811 5557 Ἀληθούσας
855 5484 914 5539 δὲ
958 5484 1206 5555 ὠνόμασε
1250 5483 1349 5547 τὰς
1389 5483 1480 5537 τὸν
1514 5476 1705 5553 εὐτελῆ
1738 5483 1833 5536 καὶ

2083 1916 2127 1949 ²¹
2159 1918 2469 1992 Quicunque
2499 1919 2593 1976 illa
2621 1920 2710 1978 die
2737 1923 2899 1994 fuerit
2922 1926 2977 1981 in
3005 1938 3162 1997 tecto,
3182 1942 3291 1987 etc.

2024 2060 2140 2129 iloc
2164 2073 2312 2130 dicto
2342 2075 2620 2148 signiﬁcat
2653 2083 3089 2151 persecutionem
3141 2102 3303 2159 quam
3351 2089 3544 2147 adver-

1957 2179 2052 2218 sus
2084 2164 2258 2221 bonos
2293 2168 2595 2225 Concitabit
2643 2174 2965 2243 perditionis
3018 2177 3182 2235 illius.
3238 2178 3353 2237 Diei
3406 2198 3538 2242 vero

1954 2254 2099 2313 illius
2125 2258 2346 2315 nomine
2382 2262 2621 2332 appellat
2666 2273 2901 2337 tempus,
2943 2269 3087 2339 quod
3116 2275 3539 2331 consummatio-

1955 2360 2079 2402 nem
2130 2340 2380 2419 proxime
2413 2354 2717 2422 praecedet;
2752 2372 2860 2427 quo
2912 2368 3178 2428 tempore,
3231 2364 3327 2424 ait.
3372 2380 3533 2421 nemo

1955 2440 2236 2511 respiciat,
2265 2458 2444 2514 neque
2472 2444 2594 2502 Loti
2625 2464 2851 2504 uxorem
2883 2450 3150 2520 imitetur,
3173 2471 3296 2526 quae
3327 2456 3381 2511 in
3405 2454 3534 2530 fuga

1954 2545 2239 2606 postquam
2286 2536 2693 2597 Sodomitarum
2746 2541 2882 2598 ﬁnes
2918 2558 3249 2615 excesserat,
3289 2564 3412 2605 cum
3449 2564 3538 2608 re-

1953 2627 2169 2697 spicere
2223 2629 2504 2698 voluisset,
2537 2633 2591 2688 in
2633 2645 2864 2691 mortem
2912 2634 3126 2707 incidit,
3182 2649 3364 2696 statua
3403 2642 3536 2701 salis

1955 2716 2170 2776 etfecta.
2221 2721 2487 2795 Prodigos
2519 2727 2666 2782 enim
2705 2737 2833 2785 nunc
2861 2721 2984 2787 esse
3022 2738 3241 2804 oportet
3293 2750 3402 2790 non
3453 2737 3536 2794 rei

1953 2808 2243 2871 familiaris
2279 2819 2679 2885 tantummodo,
2707 2834 2897 2877 verum
2930 2823 3092 2879 etiam
3124 2826 3249 2883 vitae
3269 2842 3383 2882 suae
3417 2828 3537 2884 ani-

1955 2919 2165 2975 maeque
2198 2904 2333 2980 (67),
2372 2922 2466 2964 eos
2496 2910 2588 2980 qui
2646 2910 2699 2965 in
2752 2914 3041 2983 apostasia:
3078 2925 3293 2973 aetatem
3343 2919 3535 2974 incur-

1954 3011 2110 3071 rent;
2139 3014 2207 3056 ue
2239 3000 2367 3056 dum
2417 3001 2659 3057 animam
2693 3019 2848 3060 suam
2894 3021 3223 3066 conservare
3257 3018 3536 3083 tempora-

1952 3088 2100 3162 lique
2133 3093 2254 3148 vitm
2285 3108 2513 3165 parcere
2557 3096 2795 3161 student,
2823 3099 2963 3155 hanc
2994 3099 3158 3156 simul
3189 3111 3242 3157 et
3269 3104 3531 3159 aeternam

1953 3182 2124 3238 vitam
2156 3184 2427 3253 amittant,
2460 3186 2586 3242 dum
2629 3203 2690 3245 se
2729 3191 3018 3261 apostasia}
3074 3193 3251 3251 victos
3296 3197 3529 3267 permit-

1876 3287 1919 3344 ο
1955 3283 2093 3330 lunt.

2113 3367 2158 3401 ³³
2187 3368 2292 3423 Illa
2321 3381 2470 3426 nocte
2495 3372 2599 3426 duo
2621 3383 2775 3428 erunt
2808 3375 2863 3430 in
2897 3376 3030 3432 lecto
3053 3396 3179 3443 uno.
3218 3388 3328 3437 etc:

2017 3458 2245 3516 miriﬁce
2273 3461 2560 3518 admodum
2592 3467 2879 3534 apostasia:
2916 3479 3126 3541 tempus
3156 3486 3217 3527 ac
3252 3470 3536 3538 rationalis

1949 3549 2235 3606 orbitatem
2281 3553 2502 3610 luminis
2544 3567 2759 3615 noctem
2814 3561 3123 3630 appellavit.
3166 3563 3337 3623 Nocte
3383 3570 3532 3627 enim

1950 3645 2302 3715 tenebrisque
2326 3647 2597 3704 deteriora
2628 3663 2791 3707 erunt
2820 3662 2947 3709 tunc
2987 3655 3270 3711 hominum
3308 3658 3528 3731 ingenia

1947 3746 2168 3806 propter
2192 3736 2417 3794 ollusam
2446 3740 2512 3797 iis
2539 3743 2831 3825 amentiam
2877 3755 3038 3817 atque
3057 3763 3320 3811 errorem.
3338 3752 3532 3820 'Quare

1947 3827 2023 3882 ait
2055 3844 2069 3883 :
2107 3827 2244 3885 Dico
2279 3832 2431 3887 vobis
2461 3848 2475 3885 :
2516 3834 2632 3889 Duo
2656 3847 2817 3893 erunt
2846 3838 2900 3892 in
2935 3839 3093 3906 lecto,
3124 3852 3177 3896 et
3212 3842 3318 3899 duo
3352 3844 3405 3899 in
3441 3845 3530 3916 pi-

1947 3917 2161 3987 strino;
2192 3936 2330 3976 unus
2370 3927 2752 3990 assumendus,
2780 3929 2905 4007 quia
2955 3929 3050 3985 irae
3082 3932 3410 4003 immerens;
3442 3936 3527 3993 al-

1951 4018 2034 4063 ter
2066 4005 2473 4082 r'elinquendus,
2507 4025 2694 4086 utpote
2732 4005 2917 4076 ultrici
2956 4020 3054 4077 irae
3097 4024 3404 4093 obnoxius,
3438 4030 3535 4100 qui

1946 4101 2051 4157 sibi
2081 4104 2331 4162 videlicet
2351 4107 2489 4164 iram
2519 4109 2910 4169 tbesaurizavit
2934 4114 2987 4169 in
3020 4115 3163 4172 diem
3186 4117 3301 4175 ira}.
3326 4118 3530 4187 Quam-

1948 4193 2136 4250 obrem
2174 4196 2321 4253 sistit
2355 4210 2671 4257 sanctarum
2712 4202 2933 4277 Deoque
2983 4208 3276 4265 chararum
3316 4213 3529 4269 anima-

1946 4300 2068 4342 rum
2113 4288 2183 4345 ab
2225 4289 2489 4363 improbis
2536 4295 2882 4354 divisionem.
2936 4300 3150 4357 Etenim
3210 4319 3280 4360 ne
3327 4316 3533 4364 temere

1946 4381 2338 4451 superveniens
2373 4384 2507 4441 ultio
2528 4387 2707 4460 justos
2743 4406 2962 4463 quoque
2991 4395 3241 4452 homines
3284 4399 3529 4469 corripe-

1948 4480 2054 4540 ret,
2080 4474 2230 4530 dedit
2264 4488 2477 4535 mature
2501 4495 2719 4550 operam
2751 4482 2894 4539 Deus
2924 4494 2983 4540 ut
3024 4485 3220 4543 Lotum
3259 4484 3528 4545 Sodomo-

1949 4576 2069 4616 rum
2092 4563 2259 4620 exitio
2288 4567 2635 4628 subduceret.
2699 4571 2961 4629 Similiter
3009 4576 3354 4648 impendente
3388 4594 3525 4636 con-

1948 4658 2351 4724 summatione,
2380 4663 2695 4734 priusquam
2751 4666 2951 4739 impios
2996 4670 3128 4726 ultio
3175 4673 3429 4741 invadat,
3458 4689 3530 4732 ne

1948 4765 2069 4805 cum
2102 4752 2304 4807 mundo
2333 4752 2466 4823 justi
2498 4757 2848 4825 damnentur,
2875 4760 3167 4817 discrimen
3194 4762 3287 4819 iiet
3312 4764 3523 4822 anima-

1947 4854 2064 4894 rum
2103 4840 2209 4897 Deo
2231 4843 2545 4912 cbararum,
2585 4850 2794 4919 angelis
2822 4865 2917 4907 eas
2960 4852 3328 4910 dividentibus
3352 4865 3518 4927 atque

1944 4936 2346 4994 assumentibus
2375 4954 2390 4992 :
2431 4940 2504 4995 ita
2535 4951 2595 4995 ut
2625 4957 2656 4996 e
2685 4942 2897 5000 duobus
2938 4944 2991 4999 in
3033 4949 3224 5002 eodem
3255 4947 3397 5005 lecto
3430 4951 3523 5021 ja-

1943 5029 2214 5099 centibus,
2241 5048 2381 5089 unus
2408 5035 2602 5106 dignus
2633 5046 2964 5105 assumatur,
2996 5039 3139 5096 alter
3166 5041 3516 5115 derelinqua—

1947 5131 2063 5186 tur,
2090 5133 2278 5194 utpote
2324 5126 2546 5184 ultionis
2592 5144 2714 5200 quae
2760 5140 2889 5189 tunc
2932 5134 3001 5190 de
3049 5134 3231 5207 impiis
3278 5147 3525 5194 sumetur

1944 5229 2181 5272 merens.
2213 5215 2472 5289 Idemque
2496 5222 2708 5278 accidet
2733 5224 2943 5281 duabus
2967 5240 3188 5299 quoque
3209 5227 3262 5282 in
3284 5229 3520 5300 pistrino

1942 5309 2414 5367 commolentibus.
2448 5313 2712 5370 Molentes
2753 5326 2932 5373 autem
2977 5320 3107 5374 dicit
3158 5320 3426 5389 feminas,
3462 5332 3522 5377 ut

1942 5400 2205 5469 signiticet
2233 5403 2374 5469 vilis,
2395 5407 2757 5476 pauperrima:
2776 5419 2942 5479 atque
2969 5410 3169 5468 intima
3188 5415 3520 5471 conditionis

1941 5484 2209 5543 homines.
2233 5487 2491 5549 iacentes
2513 5504 2698 5549 autem
2725 5496 2779 5551 in
2808 5496 2963 5554 lectis
2996 5500 3153 5567 dicit,
3186 5517 3287 5573 pro
3317 5504 3520 5561 libera-

330 5669 377 5703 ⁸⁸
409 5669 513 5725 lsa.
542 5685 693 5736 xx",
716 5668 810 5728 20.
888 5670 931 5700 "
964 5668 1097 5724 Luc.
1130 5683 1264 5735 xvn,
1302 5668 1393 5723 3|.
1470 5668 1515 5701 ³¹
1560 5668 1695 5726 Luc.
1720 5682 1856 5737 xvn,
1878 5670 1969 5728 54.

327 5807 580 5895 (ιδ-ιλρυρ
612 5823 772 5895 sensu
824 5810 1019 5895 animat
1069 5826 1286 5895 quqque
1327 5827 1439 5871 sua:
1484 5813 1741 5886 prodigus
1791 5814 1989 5886 aliquis
2050 5829 2172 5877 esse
2210 5820 2406 5891 possit,
2462 5822 2662 5881 videsis
2700 5823 2841 5895 apud
2875 5823 3166 5881 Eusebium
3214 5824 3266 5879 in
3315 5824 3517 5881 nostris

260 5872 605 5950 Tlt'eoplttinia
630 5878 971 5953 fragmentis,
1002 5872 1106 5938 col'.
1145 5872 1270 5937 671.

571 5976 843 6041 Panos.
892 5977 1010 6042 Gn.
1056 5977 1286 6040 XXIV.

3125 5977 3198 6039 19
