  <div class='ocr_page' id='page_1' title='image "/cluster/home/n/w/nwhite01/storage/ocr_20150623/24/hvd.32044073501108/301.png"; bbox 0 0 4130 6400; ppageno 0'>
   <div class='ocr_carea' id='block_1_1' title="bbox 717 325 833 390">
    <p class='ocr_par' dir='ltr' id='par_1_1' title="bbox 717 325 833 390">
     <span class='ocr_line' id='line_1_1' title="bbox 717 325 833 390; baseline -0.052 0"><span class='ocrx_word' id='word_1_1' title='bbox 717 325 833 390; x_wconf 73' lang='grc'><strong>1587</strong></span> 
     </span>
    </p>
   </div>
   <div class='ocr_carea' id='block_1_2' title="bbox 1397 326 3892 414">
    <p class='ocr_par' dir='ltr' id='par_1_2' title="bbox 1397 326 3892 414">
     <span class='ocr_line' id='line_1_2' title="bbox 1397 326 3892 414; baseline 0.01 -34"><span class='ocrx_word' id='word_1_2' title='bbox 1397 326 1660 382; x_wconf 82' lang='lat' dir='ltr'><strong>EUSEBII</strong></span> <span class='ocrx_word' id='word_1_3' title='bbox 1699 327 2168 388; x_wconf 69' lang='lat' dir='ltr'><strong>CIESARIENSIS</strong></span> <span class='ocrx_word' id='word_1_4' title='bbox 2204 333 2356 389; x_wconf 81' lang='lat' dir='ltr'><strong>OPP.</strong></span> <span class='ocrx_word' id='word_1_5' title='bbox 2389 335 2574 392; x_wconf 71' lang='lat' dir='ltr'><strong>‘PARS</strong></span> <span class='ocrx_word' id='word_1_6' title='bbox 2609 336 2702 390; x_wconf 77' lang='lat' dir='ltr'><strong>Hi.</strong></span> <span class='ocrx_word' id='word_1_7' title='bbox 2743 361 2813 377; x_wconf 85' lang='lat'><strong><em>—-</em></strong></span> <span class='ocrx_word' id='word_1_8' title='bbox 2850 331 3267 399; x_wconf 65' lang='lat' dir='ltr'><strong>EXEGETICA.</strong></span> <span class='ocrx_word' id='word_1_9' title='bbox 3820 359 3892 414; x_wconf 69' lang='lat' dir='ltr'><strong>Im</strong></span> 
     </span>
    </p>
   </div>
   <div class='ocr_carea' id='block_1_3' title="bbox 727 445 2298 546">
    <p class='ocr_par' dir='ltr' id='par_1_3' title="bbox 727 445 2298 521">
     <span class='ocr_line' id='line_1_3' title="bbox 727 445 2298 521; baseline 0.003 -18"><span class='ocrx_word' id='word_1_10' title='bbox 727 445 798 503; x_wconf 89' lang='lat' dir='ltr'><strong>lis</strong></span> <span class='ocrx_word' id='word_1_11' title='bbox 850 458 904 502; x_wconf 87' lang='lat' dir='ltr'><strong>et</strong></span> <span class='ocrx_word' id='word_1_12' title='bbox 949 449 1104 502; x_wconf 75' lang='lat' dir='ltr'><strong>lautzc</strong></span> <span class='ocrx_word' id='word_1_13' title='bbox 1151 446 1274 502; x_wconf 61' lang='lat' dir='ltr'><strong>vitat</strong></span> <span class='ocrx_word' id='word_1_14' title='bbox 1333 447 1676 504; x_wconf 73' lang='lat' dir='ltr'><strong>mortalibus.</strong></span> <span class='ocrx_word' id='word_1_15' title='bbox 1735 448 1886 506; x_wconf 82' lang='lat' dir='ltr'><strong>lianc</strong></span> <span class='ocrx_word' id='word_1_16' title='bbox 1927 452 2096 521; x_wconf 80' lang='lat' dir='ltr'><strong>ipsam</strong></span> <span class='ocrx_word' id='word_1_17' title='bbox 2153 454 2298 510; x_wconf 88' lang='lat' dir='ltr'><strong>locu-</strong></span> 
     </span>
    </p>
   </div>
   <div class='ocr_carea' id='block_1_4' title="bbox 2394 445 3890 546">
    <p class='ocr_par' dir='ltr' id='par_1_4' title="bbox 2405 456 3890 546">
     <span class='ocr_line' id='line_1_4' title="bbox 2405 456 3890 546; baseline 0.021 -38"><span class='ocrx_word' id='word_1_18' title='bbox 2405 456 2658 528; x_wconf 77' lang='grc' dir='ltr'><strong>πενιχρὸν</strong></span> <span class='ocrx_word' id='word_1_19' title='bbox 2685 457 2774 511; x_wconf 73' lang='grc' dir='ltr'><strong>καὶ</strong></span> <span class='ocrx_word' id='word_1_20' title='bbox 2801 457 3028 530; x_wconf 80' lang='grc' dir='ltr'>ἔσχατον</span> <span class='ocrx_word' id='word_1_21' title='bbox 3059 461 3116 514; x_wconf 81' lang='grc' dir='ltr'><strong>ὲν</strong></span> <span class='ocrx_word' id='word_1_22' title='bbox 3140 461 3446 533; x_wconf 77' lang='grc' dir='ltr'>ἀνθρώποις</span> <span class='ocrx_word' id='word_1_23' title='bbox 3467 465 3777 536; x_wconf 64' lang='grc' dir='ltr'>διαπλοῦπς</span> <span class='ocrx_word' id='word_1_24' title='bbox 3798 475 3890 546; x_wconf 64' lang='grc' dir='ltr'>βίαν·</span> 
     </span>
    </p>
   </div>
   <div class='ocr_carea' id='block_1_5' title="bbox 730 537 2300 612">
    <p class='ocr_par' dir='ltr' id='par_1_5' title="bbox 730 537 2300 612">
     <span class='ocr_line' id='line_1_5' title="bbox 730 537 2300 612; baseline 0.004 -20"><span class='ocrx_word' id='word_1_25' title='bbox 730 538 934 593; x_wconf 83' lang='lat' dir='ltr'><strong>tionem</strong></span> <span class='ocrx_word' id='word_1_26' title='bbox 965 539 1125 591; x_wconf 81' lang='lat' dir='ltr'><strong>habet</strong></span> <span class='ocrx_word' id='word_1_27' title='bbox 1159 537 1357 606; x_wconf 83' lang='lat' dir='ltr'><strong>Moysis</strong></span> <span class='ocrx_word' id='word_1_28' title='bbox 1386 537 1690 607; x_wconf 87' lang='lat' dir='ltr'><strong>Scriptura,</strong></span> <span class='ocrx_word' id='word_1_29' title='bbox 1721 539 1814 596; x_wconf 87' lang='lat' dir='ltr'><strong>ubi</strong></span> <span class='ocrx_word' id='word_1_30' title='bbox 1843 541 2043 597; x_wconf 87' lang='lat' dir='ltr'><strong>dicitur</strong></span> <span class='ocrx_word' id='word_1_31' title='bbox 2073 559 2300 612; x_wconf 88' lang='lat' dir='ltr'><strong>perven-</strong></span> 
     </span>
    </p>
   </div>
   <div class='ocr_carea' id='block_1_6' title="bbox 727 626 2296 704">
    <p class='ocr_par' dir='ltr' id='par_1_6' title="bbox 727 626 2296 704">
     <span class='ocr_line' id='line_1_6' title="bbox 727 626 2296 704; baseline 0.003 -21"><span class='ocrx_word' id='word_1_32' title='bbox 727 639 851 684; x_wconf 90' lang='lat' dir='ltr'><strong>tura</strong></span> <span class='ocrx_word' id='word_1_33' title='bbox 899 629 1135 682; x_wconf 76' lang='lat' dir='ltr'><strong>vindicta</strong></span> <span class='ocrx_word' id='word_1_34' title='bbox 1180 643 1208 679; x_wconf 89' lang='lat' dir='ltr'><strong>a</strong></span> <span class='ocrx_word' id='word_1_35' title='bbox 1255 626 1558 684; x_wconf 76' lang='lat' dir='ltr'><strong>Pharaonis</strong></span> <span class='ocrx_word' id='word_1_36' title='bbox 1601 631 1964 703; x_wconf 80' lang='lat' dir='ltr'><strong>primogenita</strong></span> <span class='ocrx_word' id='word_1_37' title='bbox 2015 649 2187 704; x_wconf 91' lang='lat' dir='ltr'><strong>usque</strong></span> <span class='ocrx_word' id='word_1_38' title='bbox 2231 635 2296 688; x_wconf 89' lang='lat' dir='ltr'><strong>ad</strong></span> 
     </span>
    </p>
   </div>
   <div class='ocr_carea' id='block_1_7' title="bbox 725 716 2296 792">
    <p class='ocr_par' dir='ltr' id='par_1_7' title="bbox 725 716 2296 792">
     <span class='ocr_line' id='line_1_7' title="bbox 725 716 2296 792; baseline 0.006 -19"><span class='ocrx_word' id='word_1_39' title='bbox 725 719 1016 774; x_wconf 82' lang='lat' dir='ltr'><strong>mo’lentem</strong></span> <span class='ocrx_word' id='word_1_40' title='bbox 1050 716 1464 788; x_wconf 85' lang='lat' dir='ltr'><strong>pinsenlemque</strong></span> <span class='ocrx_word' id='word_1_41' title='bbox 1497 721 1552 774; x_wconf 90' lang='lat' dir='ltr'><strong>in</strong></span> <span class='ocrx_word' id='word_1_42' title='bbox 1577 721 1840 792; x_wconf 76' lang='lat' dir='ltr'><strong>pistrino.</strong></span> <span class='ocrx_word' id='word_1_43' title='bbox 1883 724 2118 782; x_wconf 71' lang='lat' dir='ltr'><strong>Extremi</strong></span> <span class='ocrx_word' id='word_1_44' title='bbox 2145 726 2296 782; x_wconf 84' lang='lat' dir='ltr'><strong>enim</strong></span> 
     </span>
    </p>
   </div>
   <div class='ocr_carea' id='block_1_8' title="bbox 726 810 2300 883">
    <p class='ocr_par' dir='ltr' id='par_1_8' title="bbox 726 810 2300 883">
     <span class='ocr_line' id='line_1_8' title="bbox 726 810 2300 883; baseline 0.006 -18"><span class='ocrx_word' id='word_1_45' title='bbox 726 810 974 865; x_wconf 70' lang='lat' dir='ltr'><strong>humanae</strong></span> <span class='ocrx_word' id='word_1_46' title='bbox 1004 810 1334 864; x_wconf 78' lang='lat' dir='ltr'><strong>conditionis</strong></span> <span class='ocrx_word' id='word_1_47' title='bbox 1365 811 1603 880; x_wconf 75' lang='lat' dir='ltr'><strong>termini,</strong></span> <span class='ocrx_word' id='word_1_48' title='bbox 1630 815 1920 882; x_wconf 87' lang='lat' dir='ltr'><strong>opulentus</strong></span> <span class='ocrx_word' id='word_1_49' title='bbox 1945 817 2219 883; x_wconf 89' lang='lat' dir='ltr'><strong>videlicet,</strong></span> <span class='ocrx_word' id='word_1_50' title='bbox 2245 827 2300 874; x_wconf 87' lang='lat' dir='ltr'><strong>et</strong></span> 
     </span>
    </p>
   </div>
   <div class='ocr_carea' id='block_1_9' title="bbox 725 900 2300 980">
    <p class='ocr_par' dir='ltr' id='par_1_9' title="bbox 725 900 2300 980">
     <span class='ocr_line' id='line_1_9' title="bbox 725 900 2300 980; baseline 0.007 -24"><span class='ocrx_word' id='word_1_51' title='bbox 725 900 946 956; x_wconf 77' lang='lat' dir='ltr'><strong>humilis</strong></span> <span class='ocrx_word' id='word_1_52' title='bbox 975 911 1135 969; x_wconf 89' lang='lat' dir='ltr'><strong>atque</strong></span> <span class='ocrx_word' id='word_1_53' title='bbox 1161 901 1432 970; x_wconf 73' lang='lat' dir='ltr'><strong>abiectus,</strong></span> <span class='ocrx_word' id='word_1_54' title='bbox 1468 903 1553 959; x_wconf 93' lang='lat' dir='ltr'><strong>his</strong></span> <span class='ocrx_word' id='word_1_55' title='bbox 1583 907 1764 962; x_wconf 87' lang='lat' dir='ltr'><strong>verbis</strong></span> <span class='ocrx_word' id='word_1_56' title='bbox 1807 909 2167 980; x_wconf 76' lang='lat' dir='ltr'><strong>attinguntur.</strong></span> <span class='ocrx_word' id='word_1_57' title='bbox 2205 913 2300 967; x_wconf 85' lang='lat' dir='ltr'><strong>Sic</strong></span> 
     </span>
    </p>
   </div>
   <div class='ocr_carea' id='block_1_10' title="bbox 723 993 2300 1064">
    <p class='ocr_par' dir='ltr' id='par_1_10' title="bbox 723 993 2300 1064">
     <span class='ocr_line' id='line_1_10' title="bbox 723 993 2300 1064; baseline 0.006 -16"><span class='ocrx_word' id='word_1_58' title='bbox 723 1011 868 1048; x_wconf 84' lang='lat' dir='ltr'><strong>nunc</strong></span> <span class='ocrx_word' id='word_1_59' title='bbox 921 1008 1133 1064; x_wconf 86' lang='lat' dir='ltr'><strong>quoque</strong></span> <span class='ocrx_word' id='word_1_60' title='bbox 1191 994 1323 1048; x_wconf 91' lang='lat' dir='ltr'><strong>duos</strong></span> <span class='ocrx_word' id='word_1_61' title='bbox 1363 994 1418 1048; x_wconf 93' lang='lat' dir='ltr'><strong>in</strong></span> <span class='ocrx_word' id='word_1_62' title='bbox 1464 993 1606 1053; x_wconf 88' lang='lat' dir='ltr'><strong>lecto</strong></span> <span class='ocrx_word' id='word_1_63' title='bbox 1657 1013 1767 1052; x_wconf 88' lang='lat' dir='ltr'><strong>uno</strong></span> <span class='ocrx_word' id='word_1_64' title='bbox 1793 1003 2114 1056; x_wconf 82' lang='lat' dir='ltr'><strong>memoravit</strong></span> <span class='ocrx_word' id='word_1_65' title='bbox 2149 1002 2300 1058; x_wconf 88' lang='lat' dir='ltr'><strong>Scri-</strong></span> 
     </span>
    </p>
   </div>
   <div class='ocr_carea' id='block_1_11' title="bbox 722 1085 2297 1164">
    <p class='ocr_par' dir='ltr' id='par_1_11' title="bbox 722 1085 2297 1164">
     <span class='ocr_line' id='line_1_11' title="bbox 722 1085 2297 1164; baseline 0.006 -24"><span class='ocrx_word' id='word_1_66' title='bbox 722 1097 880 1156; x_wconf 89' lang='lat' dir='ltr'><strong>ptura</strong></span> <span class='ocrx_word' id='word_1_67' title='bbox 902 1126 918 1150; x_wconf 90' lang='lat'><strong>,</strong></span> <span class='ocrx_word' id='word_1_68' title='bbox 949 1093 1005 1140; x_wconf 90' lang='lat' dir='ltr'><strong>ut</strong></span> <span class='ocrx_word' id='word_1_69' title='bbox 1039 1085 1281 1141; x_wconf 81' lang='lat' dir='ltr'><strong>liberalis</strong></span> <span class='ocrx_word' id='word_1_70' title='bbox 1311 1087 1435 1141; x_wconf 67' lang='lat' dir='ltr'><strong>vitae</strong></span> <span class='ocrx_word' id='word_1_71' title='bbox 1457 1087 1704 1146; x_wconf 87' lang='lat' dir='ltr'><strong>homines</strong></span> <span class='ocrx_word' id='word_1_72' title='bbox 1729 1091 1990 1148; x_wconf 85' lang='lat' dir='ltr'><strong>innueret</strong></span> <span class='ocrx_word' id='word_1_73' title='bbox 2017 1111 2033 1161; x_wconf 89' lang='lat'><strong>;</strong></span> <span class='ocrx_word' id='word_1_74' title='bbox 2070 1111 2297 1164; x_wconf 90' lang='lat' dir='ltr'><strong>quorum</strong></span> 
     </span>
    </p>
   </div>
   <div class='ocr_carea' id='block_1_12' title="bbox 721 1178 2300 1257">
    <p class='ocr_par' dir='ltr' id='par_1_12' title="bbox 721 1178 2300 1257">
     <span class='ocr_line' id='line_1_12' title="bbox 721 1178 2300 1257; baseline 0.006 -25"><span class='ocrx_word' id='word_1_75' title='bbox 721 1193 865 1232; x_wconf 85' lang='lat' dir='ltr'><strong>unus</strong></span> <span class='ocrx_word' id='word_1_76' title='bbox 910 1185 1252 1241; x_wconf 88' lang='lat' dir='ltr'><strong>assumetur,</strong></span> <span class='ocrx_word' id='word_1_77' title='bbox 1301 1178 1390 1246; x_wconf 91' lang='lat' dir='ltr'><strong>qui</strong></span> <span class='ocrx_word' id='word_1_78' title='bbox 1417 1179 1534 1242; x_wconf 41' lang='lat' dir='ltr'><strong>‘Dei</strong></span> <span class='ocrx_word' id='word_1_79' title='bbox 1575 1181 1856 1238; x_wconf 87' lang='lat' dir='ltr'><strong>electione</strong></span> <span class='ocrx_word' id='word_1_80' title='bbox 1896 1185 2127 1257; x_wconf 77' lang='lat' dir='ltr'><strong>dignus;</strong></span> <span class='ocrx_word' id='word_1_81' title='bbox 2162 1187 2300 1242; x_wconf 80' lang='lat' dir='ltr'><strong>alter</strong></span> 
     </span>
    </p>
   </div>
   <div class='ocr_carea' id='block_1_13' title="bbox 725 1269 2296 1340">
    <p class='ocr_par' dir='ltr' id='par_1_13' title="bbox 725 1269 2296 1340">
     <span class='ocr_line' id='line_1_13' title="bbox 725 1269 2296 1340; baseline 0.006 -18"><span class='ocrx_word' id='word_1_82' title='bbox 725 1269 1080 1338; x_wconf 87' lang='lat' dir='ltr'><strong>relinquetur,</strong></span> <span class='ocrx_word' id='word_1_83' title='bbox 1105 1270 1195 1338; x_wconf 90' lang='lat' dir='ltr'><strong>qui</strong></span> <span class='ocrx_word' id='word_1_84' title='bbox 1231 1284 1405 1340; x_wconf 64' lang='lat' dir='ltr'><strong>poma:</strong></span> <span class='ocrx_word' id='word_1_85' title='bbox 1437 1280 1521 1326; x_wconf 86' lang='lat' dir='ltr'><strong>est</strong></span> <span class='ocrx_word' id='word_1_86' title='bbox 1548 1271 1744 1330; x_wconf 78' lang='lat' dir='ltr'><strong>amnis.</strong></span> <span class='ocrx_word' id='word_1_87' title='bbox 1789 1273 2058 1331; x_wconf 87' lang='lat' dir='ltr'><strong>Similiter</strong></span> <span class='ocrx_word' id='word_1_88' title='bbox 2092 1278 2296 1332; x_wconf 89' lang='lat' dir='ltr'><strong>molen-</strong></span> 
     </span>
    </p>
   </div>
   <div class='ocr_carea' id='block_1_14' title="bbox 725 1357 2294 1428">
    <p class='ocr_par' dir='ltr' id='par_1_14' title="bbox 725 1357 2294 1428">
     <span class='ocr_line' id='line_1_14' title="bbox 725 1357 2294 1428; baseline 0.01 -20"><span class='ocrx_word' id='word_1_89' title='bbox 725 1367 805 1410; x_wconf 91' lang='lat' dir='ltr'><strong>tes</strong></span> <span class='ocrx_word' id='word_1_90' title='bbox 835 1357 954 1411; x_wconf 70' lang='lat' dir='ltr'><strong>duae</strong></span> <span class='ocrx_word' id='word_1_91' title='bbox 1003 1358 1386 1424; x_wconf 74' lang='lat' dir='ltr'><strong>intelliguntur</strong></span> <span class='ocrx_word' id='word_1_92' title='bbox 1413 1375 1532 1428; x_wconf 78' lang='lat' dir='ltr'><strong>quae</strong></span> <span class='ocrx_word' id='word_1_93' title='bbox 1560 1361 1704 1415; x_wconf 88' lang='lat' dir='ltr'><strong>inter</strong></span> <span class='ocrx_word' id='word_1_94' title='bbox 1735 1365 1984 1420; x_wconf 87' lang='lat' dir='ltr'><strong>homines</strong></span> <span class='ocrx_word' id='word_1_95' title='bbox 2007 1368 2294 1423; x_wconf 84' lang='lat' dir='ltr'><strong>obscuram</strong></span> 
     </span>
    </p>
   </div>
   <div class='ocr_carea' id='block_1_15' title="bbox 720 1450 2298 1530">
    <p class='ocr_par' dir='ltr' id='par_1_15' title="bbox 720 1450 2298 1530">
     <span class='ocr_line' id='line_1_15' title="bbox 720 1450 2298 1530; baseline 0.011 -30"><span class='ocrx_word' id='word_1_96' title='bbox 720 1458 777 1500; x_wconf 91' lang='lat' dir='ltr'><strong>et</strong></span> <span class='ocrx_word' id='word_1_97' title='bbox 833 1463 1124 1517; x_wconf 86' lang='lat' dir='ltr'><strong>pauperem</strong></span> <span class='ocrx_word' id='word_1_98' title='bbox 1176 1450 1341 1503; x_wconf 87' lang='lat' dir='ltr'><strong>vitam</strong></span> <span class='ocrx_word' id='word_1_99' title='bbox 1397 1453 1606 1518; x_wconf 83' lang='lat' dir='ltr'><strong>agitant</strong></span> <span class='ocrx_word' id='word_1_100' title='bbox 1654 1469 1938 1524; x_wconf 85' lang='lat' dir='ltr'><strong>:quarum</strong></span> <span class='ocrx_word' id='word_1_101' title='bbox 1991 1458 2121 1514; x_wconf 88' lang='lat' dir='ltr'><strong>item</strong></span> <span class='ocrx_word' id='word_1_102' title='bbox 2177 1475 2298 1530; x_wconf 67' lang='lat' dir='ltr'><strong>qua:</strong></span> 
     </span>
    </p>
   </div>
   <div class='ocr_carea' id='block_1_16' title="bbox 717 1537 1934 1614">
    <p class='ocr_par' dir='ltr' id='par_1_16' title="bbox 717 1537 1934 1614">
     <span class='ocr_line' id='line_1_16' title="bbox 717 1537 1934 1614; baseline 0.008 -22"><span class='ocrx_word' id='word_1_103' title='bbox 717 1537 864 1608; x_wconf 88' lang='lat' dir='ltr'><strong>justa</strong></span> <span class='ocrx_word' id='word_1_104' title='bbox 891 1548 996 1606; x_wconf 85' lang='lat' dir='ltr'><strong>est,</strong></span> <span class='ocrx_word' id='word_1_105' title='bbox 1025 1537 1350 1608; x_wconf 61' lang='lat' dir='ltr'><strong>ast-sumetur,</strong></span> <span class='ocrx_word' id='word_1_106' title='bbox 1381 1542 1551 1598; x_wconf 89' lang='lat' dir='ltr'><strong>altera</strong></span> <span class='ocrx_word' id='word_1_107' title='bbox 1581 1545 1934 1614; x_wconf 85' lang='lat' dir='ltr'><strong>relinquetur.</strong></span> 
     </span>
    </p>
   </div>
   <div class='ocr_carea' id='block_1_17' title="bbox 2399 545 3894 634">
    <p class='ocr_par' dir='ltr' id='par_1_17' title="bbox 2399 545 3894 634">
     <span class='ocr_line' id='line_1_17' title="bbox 2399 545 3894 634; baseline 0.014 -38"><span class='ocrx_word' id='word_1_108' title='bbox 2399 545 2492 595; x_wconf 73' lang='grc' dir='ltr'>ἐπὶ</span> <span class='ocrx_word' id='word_1_109' title='bbox 2531 546 2716 616; x_wconf 79' lang='grc' dir='ltr'><strong>κλίνης</strong></span> <span class='ocrx_word' id='word_1_110' title='bbox 2740 547 2795 599; x_wconf 78' lang='grc' dir='ltr'>δὲ</span> <span class='ocrx_word' id='word_1_111' title='bbox 2811 549 2937 610; x_wconf 84' lang='grc' dir='ltr'>τοὺς</span> <span class='ocrx_word' id='word_1_112' title='bbox 2966 547 3056 600; x_wconf 79' lang='grc' dir='ltr'>τὸν</span> <span class='ocrx_word' id='word_1_113' title='bbox 3096 549 3378 622; x_wconf 81' lang='grc' dir='ltr'>ἐλεύθερον</span> <span class='ocrx_word' id='word_1_114' title='bbox 3405 555 3496 607; x_wconf 77' lang='grc' dir='ltr'><strong>καὶ</strong></span> <span class='ocrx_word' id='word_1_115' title='bbox 3520 557 3689 614; x_wconf 76' lang='grc' dir='ltr'>ἄνετον</span> <span class='ocrx_word' id='word_1_116' title='bbox 3706 561 3797 631; x_wconf 73' lang='grc' dir='ltr'>βίον</span> <span class='ocrx_word' id='word_1_117' title='bbox 3814 583 3894 634; x_wconf 81' lang='grc' dir='ltr'><strong>μετ-</strong></span> 
     </span>
    </p>
   </div>
   <div class='ocr_carea' id='block_1_18' title="bbox 2400 636 3892 730">
    <p class='ocr_par' dir='ltr' id='par_1_18' title="bbox 2400 636 3892 730">
     <span class='ocr_line' id='line_1_18' title="bbox 2400 636 3892 730; baseline 0.014 -43"><span class='ocrx_word' id='word_1_118' title='bbox 2400 636 2743 706; x_wconf 83' lang='grc' dir='ltr'>ερχομένους.</span> <span class='ocrx_word' id='word_1_119' title='bbox 2775 638 2942 692; x_wconf 87' lang='grc' dir='ltr'>Τοῦτο</span> <span class='ocrx_word' id='word_1_120' title='bbox 2963 639 3016 692; x_wconf 81' lang='grc' dir='ltr'>δὲ</span> <span class='ocrx_word' id='word_1_121' title='bbox 3042 645 3381 712; x_wconf 74' lang='grc' dir='ltr'><strong>παραστήσει</strong></span> <span class='ocrx_word' id='word_1_122' title='bbox 3405 647 3710 715; x_wconf 84' lang='grc' dir='ltr'>ήΜωῦσέως</span> <span class='ocrx_word' id='word_1_123' title='bbox 3761 661 3892 730; x_wconf 49' lang='lat' dir='ltr'><strong>vinei,</strong></span> 
     </span>
    </p>
   </div>
   <div class='ocr_carea' id='block_1_19' title="bbox 2400 721 3894 812">
    <p class='ocr_par' dir='ltr' id='par_1_19' title="bbox 2400 721 3894 812">
     <span class='ocr_line' id='line_1_19' title="bbox 2400 721 3894 812; baseline 0.011 -33"><span class='ocrx_word' id='word_1_124' title='bbox 2400 727 2456 779; x_wconf 82' lang='grc' dir='ltr'>ὲν</span> <span class='ocrx_word' id='word_1_125' title='bbox 2555 745 2716 799; x_wconf 84' lang='grc' dir='ltr'>φησιν</span> <span class='ocrx_word' id='word_1_126' title='bbox 2747 731 2775 781; x_wconf 85' lang='lat'><strong>6</strong></span> <span class='ocrx_word' id='word_1_127' title='bbox 2801 729 2960 798; x_wconf 82' lang='grc' dir='ltr'><strong>λόγος</strong></span> <span class='ocrx_word' id='word_1_128' title='bbox 2995 731 3144 801; x_wconf 80' lang='grc' dir='ltr'>ἥξειν</span> <span class='ocrx_word' id='word_1_129' title='bbox 3185 734 3282 804; x_wconf 71' lang='grc' dir='ltr'><strong>τὴν</strong></span> <span class='ocrx_word' id='word_1_130' title='bbox 3307 735 3473 806; x_wconf 74' lang='grc' dir='ltr'>ὀργὴν</span> <span class='ocrx_word' id='word_1_131' title='bbox 3502 737 3604 792; x_wconf 80' lang='grc' dir='ltr'>ἀπὸ</span> <span class='ocrx_word' id='word_1_132' title='bbox 3625 721 3894 812; x_wconf 55' lang='grc' dir='ltr'>πρωτοτόκου</span> 
     </span>
    </p>
   </div>
   <div class='ocr_carea' id='block_1_20' title="bbox 2399 821 3895 906">
    <p class='ocr_par' dir='ltr' id='par_1_20' title="bbox 2399 821 3895 906">
     <span class='ocr_line' id='line_1_20' title="bbox 2399 821 3895 906; baseline 0.009 -33"><span class='ocrx_word' id='word_1_133' title='bbox 2399 821 2618 892; x_wconf 81' lang='grc' dir='ltr'>Φαραὼ,</span> <span class='ocrx_word' id='word_1_134' title='bbox 2671 824 2765 876; x_wconf 75' lang='grc' dir='ltr'>καὶ</span> <span class='ocrx_word' id='word_1_135' title='bbox 2796 823 2900 886; x_wconf 75' lang='grc' dir='ltr'><strong>ἓως</strong></span> <span class='ocrx_word' id='word_1_136' title='bbox 2933 824 3030 894; x_wconf 79' lang='grc' dir='ltr'>τῆς</span> <span class='ocrx_word' id='word_1_137' title='bbox 3077 825 3385 898; x_wconf 82' lang='grc' dir='ltr'>ἀληθοῦσης</span> <span class='ocrx_word' id='word_1_138' title='bbox 3433 830 3526 882; x_wconf 78' lang='grc' dir='ltr'><strong>καὶ</strong></span> <span class='ocrx_word' id='word_1_139' title='bbox 3567 835 3828 906; x_wconf 80' lang='grc' dir='ltr'>πεσσούσης</span> <span class='ocrx_word' id='word_1_140' title='bbox 3857 843 3895 894; x_wconf 77' lang='grc' dir='ltr'><strong>ἐν</strong></span> 
     </span>
    </p>
   </div>
   <div class='ocr_carea' id='block_1_21' title="bbox 2399 912 3896 997">
    <p class='ocr_par' dir='ltr' id='par_1_21' title="bbox 2399 912 3896 997">
     <span class='ocr_line' id='line_1_21' title="bbox 2399 912 3896 997; baseline 0.009 -33"><span class='ocrx_word' id='word_1_141' title='bbox 2399 912 2477 982; x_wconf 80' lang='grc' dir='ltr'><strong>τῷ</strong></span> <span class='ocrx_word' id='word_1_142' title='bbox 2513 913 2732 984; x_wconf 82' lang='grc' dir='ltr'>μυλῶνι.</span> <span class='ocrx_word' id='word_1_143' title='bbox 2769 914 2850 966; x_wconf 88' lang='grc' dir='ltr'><strong>Τὰ</strong></span> <span class='ocrx_word' id='word_1_144' title='bbox 2878 913 2986 987; x_wconf 80' lang='grc' dir='ltr'><strong>γὰρ</strong></span> <span class='ocrx_word' id='word_1_145' title='bbox 3011 917 3155 988; x_wconf 77' lang='grc' dir='ltr'>ἄκρα</span> <span class='ocrx_word' id='word_1_146' title='bbox 3183 917 3290 971; x_wconf 83' lang='grc' dir='ltr'><strong>τῶν</strong></span> <span class='ocrx_word' id='word_1_147' title='bbox 3323 919 3442 972; x_wconf 83' lang='grc' dir='ltr'>κατ’</span> <span class='ocrx_word' id='word_1_148' title='bbox 3474 920 3767 993; x_wconf 75' lang='grc' dir='ltr'><strong>ἀνθρώπους</strong></span> <span class='ocrx_word' id='word_1_149' title='bbox 3788 927 3896 997; x_wconf 73' lang='grc' dir='ltr'>βίων,</span> 
     </span>
    </p>
   </div>
   <div class='ocr_carea' id='block_1_22' title="bbox 2399 1004 3898 1085">
    <p class='ocr_par' dir='ltr' id='par_1_22' title="bbox 2399 1004 3898 1085">
     <span class='ocr_line' id='line_1_22' title="bbox 2399 1004 3898 1085; baseline 0.013 -29"><span class='ocrx_word' id='word_1_150' title='bbox 2399 1004 2492 1057; x_wconf 84' lang='grc' dir='ltr'><strong>τοῦ</strong></span> <span class='ocrx_word' id='word_1_151' title='bbox 2535 1022 2594 1057; x_wconf 87' lang='grc' dir='ltr'><strong>τε</strong></span> <span class='ocrx_word' id='word_1_152' title='bbox 2639 1004 2849 1070; x_wconf 78' lang='grc' dir='ltr'><strong>ἐνδόξου</strong></span> <span class='ocrx_word' id='word_1_153' title='bbox 2894 1007 2986 1060; x_wconf 86' lang='grc' dir='ltr'><strong>τοῦ</strong></span> <span class='ocrx_word' id='word_1_154' title='bbox 3027 1009 3442 1082; x_wconf 78' lang='grc' dir='ltr'>ἀπερριμμένον</span> <span class='ocrx_word' id='word_1_155' title='bbox 3479 1013 3570 1066; x_wconf 68' lang='grc' dir='ltr'><strong>καὶ</strong></span> <span class='ocrx_word' id='word_1_156' title='bbox 3606 1016 3816 1085; x_wconf 76' lang='grc' dir='ltr'>ἐσχάτου,</span> <span class='ocrx_word' id='word_1_157' title='bbox 3838 1021 3898 1076; x_wconf 65' lang='grc' dir='ltr'>διὰ</span> 
     </span>
    </p>
   </div>
   <div class='ocr_carea' id='block_1_23' title="bbox 2399 1097 3897 1172">
    <p class='ocr_par' dir='ltr' id='par_1_23' title="bbox 2399 1097 3897 1172">
     <span class='ocr_line' id='line_1_23' title="bbox 2399 1097 3897 1172; baseline 0.01 -22"><span class='ocrx_word' id='word_1_158' title='bbox 2399 1097 2603 1150; x_wconf 77' lang='grc' dir='ltr'>τούτων</span> <span class='ocrx_word' id='word_1_159' title='bbox 2646 1099 2674 1150; x_wconf 97' lang='lat'><strong>6</strong></span> <span class='ocrx_word' id='word_1_160' title='bbox 2705 1097 2860 1166; x_wconf 82' lang='grc' dir='ltr'>λόγος</span> <span class='ocrx_word' id='word_1_161' title='bbox 2887 1102 3227 1172; x_wconf 72' lang='grc' dir='ltr'><strong>παρέστησεν</strong></span> <span class='ocrx_word' id='word_1_162' title='bbox 3251 1117 3264 1130; x_wconf 93' lang='grc'><strong>·</strong></span> <span class='ocrx_word' id='word_1_163' title='bbox 3297 1101 3470 1166; x_wconf 77' lang='grc' dir='ltr'>οὕτως</span> <span class='ocrx_word' id='word_1_164' title='bbox 3497 1100 3588 1158; x_wconf 78' lang='grc' dir='ltr'><strong>οὖν</strong></span> <span class='ocrx_word' id='word_1_165' title='bbox 3615 1108 3700 1159; x_wconf 77' lang='grc' dir='ltr'><strong>καὶ</strong></span> <span class='ocrx_word' id='word_1_166' title='bbox 3727 1111 3897 1165; x_wconf 78' lang='grc' dir='ltr'>ἐνταῦθα</span> 
     </span>
    </p>
   </div>
   <div class='ocr_carea' id='block_1_24' title="bbox 2399 1187 3898 1271">
    <p class='ocr_par' dir='ltr' id='par_1_24' title="bbox 2399 1187 3898 1271">
     <span class='ocr_line' id='line_1_24' title="bbox 2399 1187 3898 1271; baseline 0.009 -30"><span class='ocrx_word' id='word_1_167' title='bbox 2399 1188 2492 1241; x_wconf 80' lang='grc' dir='ltr'>δύο</span> <span class='ocrx_word' id='word_1_168' title='bbox 2534 1188 2627 1241; x_wconf 75' lang='grc' dir='ltr'><strong>ἐπὶ</strong></span> <span class='ocrx_word' id='word_1_169' title='bbox 2671 1187 2855 1260; x_wconf 84' lang='grc' dir='ltr'>κλίνης</span> <span class='ocrx_word' id='word_1_170' title='bbox 2899 1193 3026 1260; x_wconf 77' lang='grc' dir='ltr'>μιᾶς</span> <span class='ocrx_word' id='word_1_171' title='bbox 3073 1193 3355 1262; x_wconf 81' lang='grc' dir='ltr'>εἰσήγαγε,</span> <span class='ocrx_word' id='word_1_172' title='bbox 3395 1195 3520 1257; x_wconf 78' lang='grc' dir='ltr'>τοὺς</span> <span class='ocrx_word' id='word_1_173' title='bbox 3559 1196 3650 1266; x_wconf 80' lang='grc' dir='ltr'><strong>τὴν</strong></span> <span class='ocrx_word' id='word_1_174' title='bbox 3679 1197 3898 1271; x_wconf 66' lang='grc' dir='ltr'>ἐλευθέραν</span> 
     </span>
    </p>
   </div>
   <div class='ocr_carea' id='block_1_25' title="bbox 2400 1278 3897 1361">
    <p class='ocr_par' dir='ltr' id='par_1_25' title="bbox 2400 1278 3897 1361">
     <span class='ocr_line' id='line_1_25' title="bbox 2400 1278 3897 1361; baseline 0.009 -29"><span class='ocrx_word' id='word_1_175' title='bbox 2400 1278 2546 1350; x_wconf 78' lang='grc' dir='ltr'>ζωὴν</span> <span class='ocrx_word' id='word_1_176' title='bbox 2581 1280 2862 1350; x_wconf 81' lang='grc' dir='ltr'>μετιόντας</span> <span class='ocrx_word' id='word_1_177' title='bbox 2895 1282 3238 1353; x_wconf 80' lang='grc' dir='ltr'><strong>αἰνιξάμενος</strong></span> <span class='ocrx_word' id='word_1_178' title='bbox 3257 1300 3271 1313; x_wconf 88' lang='grc'><strong>·</strong></span> <span class='ocrx_word' id='word_1_179' title='bbox 3308 1285 3336 1335; x_wconf 81' lang='grc' dir='ltr'>ὁ</span> <span class='ocrx_word' id='word_1_180' title='bbox 3365 1279 3445 1348; x_wconf 72' lang='grc' dir='ltr'>εἷς</span> <span class='ocrx_word' id='word_1_181' title='bbox 3471 1286 3897 1361; x_wconf 70' lang='grc' dir='ltr'><strong>παραληφθήσεται,</strong></span> 
     </span>
    </p>
   </div>
   <div class='ocr_carea' id='block_1_26' title="bbox 2399 1371 3900 1452">
    <p class='ocr_par' dir='ltr' id='par_1_26' title="bbox 2399 1371 3900 1452">
     <span class='ocr_line' id='line_1_26' title="bbox 2399 1371 3900 1452; baseline 0.009 -29"><span class='ocrx_word' id='word_1_182' title='bbox 2399 1372 2427 1424; x_wconf 91' lang='lat'><strong>6</strong></span> <span class='ocrx_word' id='word_1_183' title='bbox 2453 1371 2600 1436; x_wconf 72' lang='grc' dir='ltr'>ἄξιος</span> <span class='ocrx_word' id='word_1_184' title='bbox 2625 1371 2726 1441; x_wconf 83' lang='grc' dir='ltr'>τῆς</span> <span class='ocrx_word' id='word_1_185' title='bbox 2751 1372 2858 1424; x_wconf 78' lang='grc' dir='ltr'><strong>ἀπὸ</strong></span> <span class='ocrx_word' id='word_1_186' title='bbox 2884 1373 2977 1425; x_wconf 88' lang='grc' dir='ltr'><strong>τοῦ</strong></span> <span class='ocrx_word' id='word_1_187' title='bbox 3021 1373 3154 1426; x_wconf 86' lang='grc' dir='ltr'>Θεοῦ</span> <span class='ocrx_word' id='word_1_188' title='bbox 3185 1375 3442 1445; x_wconf 72' lang='grc' dir='ltr'>ἐκλογῆς·</span> <span class='ocrx_word' id='word_1_189' title='bbox 3473 1377 3502 1429; x_wconf 90' lang='lat'><strong>6</strong></span> <span class='ocrx_word' id='word_1_190' title='bbox 3523 1377 3578 1430; x_wconf 79' lang='grc' dir='ltr'>δὲ</span> <span class='ocrx_word' id='word_1_191' title='bbox 3613 1379 3776 1451; x_wconf 72' lang='grc' dir='ltr'>ἕτερος</span> <span class='ocrx_word' id='word_1_192' title='bbox 3807 1384 3900 1452; x_wconf 73' lang='grc' dir='ltr'>ἀφι-</span> 
     </span>
    </p>
   </div>
   <div class='ocr_carea' id='block_1_27' title="bbox 2400 1462 3898 1537">
    <p class='ocr_par' dir='ltr' id='par_1_27' title="bbox 2400 1462 3898 1537">
     <span class='ocr_line' id='line_1_27' title="bbox 2400 1462 3898 1537; baseline 0.007 -21"><span class='ocrx_word' id='word_1_193' title='bbox 2400 1462 2641 1533; x_wconf 81' lang='grc' dir='ltr'>θήσεται,</span> <span class='ocrx_word' id='word_1_194' title='bbox 2671 1463 2911 1533; x_wconf 85' lang='grc' dir='ltr'>δηλονότι</span> <span class='ocrx_word' id='word_1_195' title='bbox 2949 1466 2977 1518; x_wconf 91' lang='lat'><strong>6</strong></span> <span class='ocrx_word' id='word_1_196' title='bbox 3011 1467 3107 1535; x_wconf 88' lang='grc' dir='ltr'><strong>τῆς</strong></span> <span class='ocrx_word' id='word_1_197' title='bbox 3136 1465 3302 1537; x_wconf 75' lang='grc' dir='ltr'>ὀργῆς</span> <span class='ocrx_word' id='word_1_198' title='bbox 3325 1469 3524 1532; x_wconf 78' lang='grc' dir='ltr'>οἰκεῖος</span> <span class='ocrx_word' id='word_1_199' title='bbox 3543 1485 3555 1499; x_wconf 89' lang='grc'>·</span> <span class='ocrx_word' id='word_1_200' title='bbox 3586 1469 3810 1536; x_wconf 78' lang='grc' dir='ltr'><strong>ὡσαύτως</strong></span> <span class='ocrx_word' id='word_1_201' title='bbox 3837 1474 3898 1527; x_wconf 67' lang='grc' dir='ltr'><strong>δύο</strong></span> 
     </span>
    </p>
   </div>
   <div class='ocr_carea' id='block_1_28' title="bbox 2398 1549 3898 1634">
    <p class='ocr_par' dir='ltr' id='par_1_28' title="bbox 2398 1549 3898 1634">
     <span class='ocr_line' id='line_1_28' title="bbox 2398 1549 3898 1634; baseline 0.008 -28"><span class='ocrx_word' id='word_1_202' title='bbox 2398 1554 2695 1626; x_wconf 78' lang='grc' dir='ltr'><strong>ἀλήθουσαι</strong></span> <span class='ocrx_word' id='word_1_203' title='bbox 2729 1549 2838 1608; x_wconf 77' lang='grc' dir='ltr'>εἷεν</span> <span class='ocrx_word' id='word_1_204' title='bbox 2871 1554 2936 1608; x_wconf 82' lang='grc' dir='ltr'><strong>ἂν</strong></span> <span class='ocrx_word' id='word_1_205' title='bbox 2980 1558 3036 1608; x_wconf 87' lang='grc' dir='ltr'><strong>αί</strong></span> <span class='ocrx_word' id='word_1_206' title='bbox 3081 1557 3140 1609; x_wconf 82' lang='grc' dir='ltr'><strong>ὲν</strong></span> <span class='ocrx_word' id='word_1_207' title='bbox 3168 1557 3474 1628; x_wconf 82' lang='grc' dir='ltr'>ἀνθρώποις</span> <span class='ocrx_word' id='word_1_208' title='bbox 3515 1559 3605 1612; x_wconf 82' lang='grc' dir='ltr'><strong>τὸν</strong></span> <span class='ocrx_word' id='word_1_209' title='bbox 3643 1561 3803 1634; x_wconf 78' lang='grc' dir='ltr'>ἄτιμον</span> <span class='ocrx_word' id='word_1_210' title='bbox 3835 1565 3898 1617; x_wconf 68' lang='grc' dir='ltr'><strong>καὶ</strong></span> 
     </span>
    </p>
   </div>
   <div class='ocr_carea' id='block_1_29' title="bbox 2399 1641 3896 1727">
    <p class='ocr_par' dir='ltr' id='par_1_29' title="bbox 2399 1641 3896 1727">
     <span class='ocr_line' id='line_1_29' title="bbox 2399 1641 3896 1727; baseline 0.008 -31"><span class='ocrx_word' id='word_1_211' title='bbox 2399 1645 2652 1715; x_wconf 84' lang='grc' dir='ltr'>πενιχρὸν</span> <span class='ocrx_word' id='word_1_212' title='bbox 2681 1645 2792 1716; x_wconf 77' lang='grc' dir='ltr'>βίον</span> <span class='ocrx_word' id='word_1_213' title='bbox 2819 1645 3100 1715; x_wconf 86' lang='grc' dir='ltr'>μετιοῦσαι</span> <span class='ocrx_word' id='word_1_214' title='bbox 3119 1663 3132 1677; x_wconf 90' lang='grc'><strong>·</strong></span> <span class='ocrx_word' id='word_1_215' title='bbox 3161 1641 3236 1700; x_wconf 87' lang='grc' dir='ltr'><strong>ὧν</strong></span> <span class='ocrx_word' id='word_1_216' title='bbox 3259 1648 3418 1702; x_wconf 85' lang='grc' dir='ltr'>πάλιν</span> <span class='ocrx_word' id='word_1_217' title='bbox 3445 1653 3478 1722; x_wconf 86' lang='grc' dir='ltr'><strong>ή</strong></span> <span class='ocrx_word' id='word_1_218' title='bbox 3507 1651 3750 1723; x_wconf 83' lang='grc' dir='ltr'><strong>κρείττων</strong></span> <span class='ocrx_word' id='word_1_219' title='bbox 3772 1672 3896 1727; x_wconf 76' lang='grc' dir='ltr'>παρα-</span> 
     </span>
    </p>
   </div>
   <div class='ocr_carea' id='block_1_30' title="bbox 2399 1735 3468 1812">
    <p class='ocr_par' dir='ltr' id='par_1_30' title="bbox 2399 1735 3468 1812">
     <span class='ocr_line' id='line_1_30' title="bbox 2399 1735 3468 1812; baseline 0.007 -23"><span class='ocrx_word' id='word_1_220' title='bbox 2399 1735 2755 1806; x_wconf 80' lang='grc' dir='ltr'><strong>ληφθήσεται,</strong></span> <span class='ocrx_word' id='word_1_221' title='bbox 2785 1738 2818 1808; x_wconf 88' lang='grc' dir='ltr'><strong>ή</strong></span> <span class='ocrx_word' id='word_1_222' title='bbox 2845 1738 2900 1790; x_wconf 87' lang='grc' dir='ltr'>δὲ</span> <span class='ocrx_word' id='word_1_223' title='bbox 2926 1737 3088 1808; x_wconf 80' lang='grc' dir='ltr'>ἑτέρα</span> <span class='ocrx_word' id='word_1_224' title='bbox 3113 1739 3468 1812; x_wconf 78' lang='grc' dir='ltr'>ἀφεθήσεται,</span> 
     </span>
    </p>
   </div>
   <div class='ocr_carea' id='block_1_31' title="bbox 721 1799 2298 1900">
    <p class='ocr_par' dir='ltr' id='par_1_31' title="bbox 721 1805 2260 1900">
     <span class='ocr_line' id='line_1_31' title="bbox 721 1805 2260 1900; baseline 0.008 -42"><span class='ocrx_word' id='word_1_225' title='bbox 721 1806 768 1840; x_wconf 81' lang='grc'><strong>⁸³</strong></span> <span class='ocrx_word' id='word_1_226' title='bbox 793 1806 989 1900; x_wconf 59' lang='grc' dir='ltr'>ρίσωιι</span> <span class='ocrx_word' id='word_1_227' title='bbox 1021 1807 1070 1860; x_wconf 87' lang='lat' dir='ltr'><strong>ei</strong></span> <span class='ocrx_word' id='word_1_228' title='bbox 1086 1823 1105 1860; x_wconf 92' lang='lat'><em>:</em></span> <span class='ocrx_word' id='word_1_229' title='bbox 1127 1805 1379 1900; x_wconf 62' lang='lat' dir='ltr'><strong>Ubirzqm,</strong></span> <span class='ocrx_word' id='word_1_230' title='bbox 1409 1807 1798 1900; x_wconf 52' lang='lat' dir='ltr'><strong>Dominei’LQui</strong></span> <span class='ocrx_word' id='word_1_231' title='bbox 1829 1814 2138 1900; x_wconf 51' lang='lat' dir='ltr'><strong>respondit”:</strong></span> <span class='ocrx_word' id='word_1_232' title='bbox 2159 1813 2260 1871; x_wconf 86' lang='lat' dir='ltr'><strong>Ubi</strong></span> 
     </span>
    </p>
   </div>
   <div class='ocr_carea' id='block_1_32' title="bbox 2394 1799 3896 1900">
    <p class='ocr_par' dir='ltr' id='par_1_32' title="bbox 2399 1799 3896 1900">
     <span class='ocr_line' id='line_1_32' title="bbox 2399 1799 3896 1900; baseline 0.005 -23"><span class='ocrx_word' id='word_1_233' title='bbox 2399 1799 2906 1900; x_wconf 50' lang='grc' dir='ltr'>ᾼέγοιβσιιῂαύέῷ·</span> <span class='ocrx_word' id='word_1_234' title='bbox 2945 1799 3089 1900; x_wconf 62' lang='grc' dir='ltr'><strong>Πόῇ</strong></span> <span class='ocrx_word' id='word_1_235' title='bbox 3125 1799 3298 1897; x_wconf 53' lang='lat' dir='ltr'><strong>nam;</strong></span> <span class='ocrx_word' id='word_1_236' title='bbox 3317 1846 3350 1900; x_wconf 10' lang='lat'><strong>;7</strong></span> <span class='ocrx_word' id='word_1_237' title='bbox 3374 1832 3438 1883; x_wconf 79' lang='grc' dir='ltr'>Ὀ</span> <span class='ocrx_word' id='word_1_238' title='bbox 3469 1831 3540 1885; x_wconf 80' lang='grc' dir='ltr'>δὲ</span> <span class='ocrx_word' id='word_1_239' title='bbox 3562 1829 3896 1900; x_wconf 69' lang='grc' dir='ltr'><strong>εἴπειοαὺτοῖς·</strong></span> 
     </span>
    </p>
   </div>
   <div class='ocr_carea' id='block_1_33' title="bbox 815 1877 2184 1953">
    <p class='ocr_par' dir='ltr' id='par_1_33' title="bbox 815 1877 2184 1953">
     <span class='ocr_line' id='line_1_33' title="bbox 815 1877 2184 1953; baseline 0.007 -23"><span class='ocrx_word' id='word_1_240' title='bbox 815 1877 974 1947; x_wconf 78' lang='lat' dir='ltr'><strong>fuerit</strong></span> <span class='ocrx_word' id='word_1_241' title='bbox 1007 1893 1224 1950; x_wconf 78' lang='lat' dir='ltr'><strong>corpus,</strong></span> <span class='ocrx_word' id='word_1_242' title='bbox 1263 1879 1392 1932; x_wconf 75' lang='lat' dir='ltr'><strong>illuc</strong></span> <span class='ocrx_word' id='word_1_243' title='bbox 1414 1880 1868 1950; x_wconf 72' lang='lat' dir='ltr'><strong>congregabantur</strong></span> <span class='ocrx_word' id='word_1_244' title='bbox 1897 1877 1945 1936; x_wconf 78' lang='lat' dir='ltr'><strong>et</strong></span> <span class='ocrx_word' id='word_1_245' title='bbox 1969 1885 2184 1953; x_wconf 60' lang='lat' dir='ltr'><strong>aquila.</strong></span> 
     </span>
    </p>
   </div>
   <div class='ocr_carea' id='block_1_34' title="bbox 793 1969 2295 2038">
    <p class='ocr_par' dir='ltr' id='par_1_34' title="bbox 793 1969 2295 2038">
     <span class='ocr_line' id='line_1_34' title="bbox 793 1969 2295 2038; baseline 0.006 -15"><span class='ocrx_word' id='word_1_246' title='bbox 793 1969 1204 2025; x_wconf 89' lang='lat' dir='ltr'><strong>Sciscitantibus</strong></span> <span class='ocrx_word' id='word_1_247' title='bbox 1248 1969 1522 2038; x_wconf 86' lang='lat' dir='ltr'><strong>discipulis</strong></span> <span class='ocrx_word' id='word_1_248' title='bbox 1563 1987 1580 2025; x_wconf 91' lang='lat'><strong>:</strong></span> <span class='ocrx_word' id='word_1_249' title='bbox 1619 1969 1864 2038; x_wconf 81' lang='lat' dir='ltr'><strong>Ubinam,</strong></span> <span class='ocrx_word' id='word_1_250' title='bbox 1896 1971 2160 2030; x_wconf 80' lang='lat' dir='ltr'><strong>Domine?</strong></span> <span class='ocrx_word' id='word_1_251' title='bbox 2197 1991 2295 2032; x_wconf 87' lang='lat' dir='ltr'><strong>vo-</strong></span> 
     </span>
    </p>
   </div>
   <div class='ocr_carea' id='block_1_35' title="bbox 719 2063 2284 2133">
    <p class='ocr_par' dir='ltr' id='par_1_35' title="bbox 719 2063 2284 2133">
     <span class='ocr_line' id='line_1_35' title="bbox 719 2063 2284 2133; baseline 0.003 -13"><span class='ocrx_word' id='word_1_252' title='bbox 719 2063 1066 2133; x_wconf 90' lang='lat' dir='ltr'><strong>lentibusque</strong></span> <span class='ocrx_word' id='word_1_253' title='bbox 1089 2077 1416 2133; x_wconf 79' lang='lat' dir='ltr'><strong>cognoscere</strong></span> <span class='ocrx_word' id='word_1_254' title='bbox 1442 2103 1458 2128; x_wconf 90' lang='lat'><strong>,</strong></span> <span class='ocrx_word' id='word_1_255' title='bbox 1497 2064 1713 2119; x_wconf 83' lang='lat' dir='ltr'><strong>ubinam</strong></span> <span class='ocrx_word' id='word_1_256' title='bbox 1753 2065 1891 2120; x_wconf 80' lang='lat' dir='ltr'><strong>alter</strong></span> <span class='ocrx_word' id='word_1_257' title='bbox 1935 2081 2002 2122; x_wconf 82' lang='lat' dir='ltr'><strong>ex</strong></span> <span class='ocrx_word' id='word_1_258' title='bbox 2041 2069 2144 2123; x_wconf 92' lang='lat' dir='ltr'><strong>illis</strong></span> <span class='ocrx_word' id='word_1_259' title='bbox 2180 2086 2284 2125; x_wconf 93' lang='lat' dir='ltr'><strong>non</strong></span> 
     </span>
    </p>
   </div>
   <div class='ocr_carea' id='block_1_36' title="bbox 723 2152 2290 2229">
    <p class='ocr_par' dir='ltr' id='par_1_36' title="bbox 723 2152 2290 2229">
     <span class='ocr_line' id='line_1_36' title="bbox 723 2152 2290 2229; baseline 0.004 -21"><span class='ocrx_word' id='word_1_260' title='bbox 723 2155 1020 2224; x_wconf 80' lang='lat' dir='ltr'><strong>assumptis</strong></span> <span class='ocrx_word' id='word_1_261' title='bbox 1054 2153 1424 2222; x_wconf 86' lang='lat' dir='ltr'><strong>relinquetur:</strong></span> <span class='ocrx_word' id='word_1_262' title='bbox 1463 2152 1605 2221; x_wconf 85' lang='lat' dir='ltr'><strong>Ubi,</strong></span> <span class='ocrx_word' id='word_1_263' title='bbox 1634 2155 1837 2224; x_wconf 91' lang='lat' dir='ltr'><strong>inquit,</strong></span> <span class='ocrx_word' id='word_1_264' title='bbox 1873 2156 2036 2225; x_wconf 81' lang='lat' dir='ltr'><strong>fuerit</strong></span> <span class='ocrx_word' id='word_1_265' title='bbox 2080 2176 2290 2229; x_wconf 78' lang='lat' dir='ltr'><strong>corpus,</strong></span> 
     </span>
    </p>
   </div>
   <div class='ocr_carea' id='block_1_37' title="bbox 721 2243 2297 2318">
    <p class='ocr_par' dir='ltr' id='par_1_37' title="bbox 721 2243 2297 2318">
     <span class='ocr_line' id='line_1_37' title="bbox 721 2243 2297 2318; baseline 0.005 -20"><span class='ocrx_word' id='word_1_266' title='bbox 721 2245 806 2299; x_wconf 81' lang='lat' dir='ltr'><strong>vel</strong></span> <span class='ocrx_word' id='word_1_267' title='bbox 846 2245 1101 2308; x_wconf 82' lang='lat' dir='ltr'><strong>cadaver,</strong></span> <span class='ocrx_word' id='word_1_268' title='bbox 1132 2253 1192 2298; x_wconf 92' lang='lat' dir='ltr'><strong>ut</strong></span> <span class='ocrx_word' id='word_1_269' title='bbox 1225 2244 1301 2298; x_wconf 86' lang='lat' dir='ltr'><strong>ait</strong></span> <span class='ocrx_word' id='word_1_270' title='bbox 1330 2243 1644 2314; x_wconf 75' lang='lat' dir='ltr'><strong>Matthzeus,</strong></span> <span class='ocrx_word' id='word_1_271' title='bbox 1669 2245 1798 2300; x_wconf 86' lang='lat' dir='ltr'><strong>illuc</strong></span> <span class='ocrx_word' id='word_1_272' title='bbox 1835 2252 2297 2318; x_wconf 72' lang='lat' dir='ltr'><strong>congregabantur</strong></span> 
     </span>
    </p>
   </div>
   <div class='ocr_carea' id='block_1_38' title="bbox 720 2337 2292 2409">
    <p class='ocr_par' dir='ltr' id='par_1_38' title="bbox 720 2337 2292 2409">
     <span class='ocr_line' id='line_1_38' title="bbox 720 2337 2292 2409; baseline 0.004 -17"><span class='ocrx_word' id='word_1_273' title='bbox 720 2348 770 2392; x_wconf 83' lang='lat' dir='ltr'><strong>ct</strong></span> <span class='ocrx_word' id='word_1_274' title='bbox 800 2337 992 2409; x_wconf 79' lang='lat' dir='ltr'><strong>aquin</strong></span> <span class='ocrx_word' id='word_1_275' title='bbox 1017 2337 1062 2367; x_wconf 74' lang='grc'>³⁸</span> <span class='ocrx_word' id='word_1_276' title='bbox 1095 2352 1114 2392; x_wconf 89' lang='lat'><strong><em>:</em></strong></span> <span class='ocrx_word' id='word_1_277' title='bbox 1161 2351 1228 2391; x_wconf 81' lang='lat' dir='ltr'><strong>ex</strong></span> <span class='ocrx_word' id='word_1_278' title='bbox 1265 2337 1456 2392; x_wconf 89' lang='lat' dir='ltr'><strong>avibus</strong></span> <span class='ocrx_word' id='word_1_279' title='bbox 1507 2338 1693 2392; x_wconf 89' lang='lat' dir='ltr'><strong>nescio</strong></span> <span class='ocrx_word' id='word_1_280' title='bbox 1723 2338 1922 2409; x_wconf 91' lang='lat' dir='ltr'><strong>quibus</strong></span> <span class='ocrx_word' id='word_1_281' title='bbox 1965 2342 2292 2399; x_wconf 82' lang='lat' dir='ltr'><strong>cadaverum</strong></span> 
     </span>
    </p>
   </div>
   <div class='ocr_carea' id='block_1_39' title="bbox 721 2427 2295 2505">
    <p class='ocr_par' dir='ltr' id='par_1_39' title="bbox 721 2427 2295 2505">
     <span class='ocr_line' id='line_1_39' title="bbox 721 2427 2295 2505; baseline 0.004 -21"><span class='ocrx_word' id='word_1_282' title='bbox 721 2427 1011 2485; x_wconf 75' lang='lat' dir='ltr'><strong>vor&#39;acibus</strong></span> <span class='ocrx_word' id='word_1_283' title='bbox 1057 2428 1536 2501; x_wconf 27' lang='lat' dir='ltr'><strong>principesqhujus</strong></span> <span class='ocrx_word' id='word_1_284' title='bbox 1585 2430 1770 2486; x_wconf 62' lang='lat' dir='ltr'><strong>saeculi</strong></span> <span class='ocrx_word' id='word_1_285' title='bbox 1817 2431 1980 2487; x_wconf 80' lang='lat' dir='ltr'><strong>ducta</strong></span> <span class='ocrx_word' id='word_1_286' title='bbox 2015 2447 2295 2505; x_wconf 87' lang='lat' dir='ltr'><strong>compara-</strong></span> 
     </span>
    </p>
   </div>
   <div class='ocr_carea' id='block_1_40' title="bbox 723 2522 2296 2596">
    <p class='ocr_par' dir='ltr' id='par_1_40' title="bbox 723 2522 2296 2596">
     <span class='ocr_line' id='line_1_40' title="bbox 723 2522 2296 2596; baseline 0.003 -20"><span class='ocrx_word' id='word_1_287' title='bbox 723 2523 870 2579; x_wconf 91' lang='lat' dir='ltr'><strong>tione</strong></span> <span class='ocrx_word' id='word_1_288' title='bbox 901 2523 1250 2594; x_wconf 82' lang='lat' dir='ltr'><strong>signiticans,</strong></span> <span class='ocrx_word' id='word_1_289' title='bbox 1281 2522 1372 2592; x_wconf 91' lang='lat' dir='ltr'><strong>qui</strong></span> <span class='ocrx_word' id='word_1_290' title='bbox 1404 2531 1624 2578; x_wconf 84' lang='lat' dir='ltr'><strong>sanctos</strong></span> <span class='ocrx_word' id='word_1_291' title='bbox 1657 2523 1749 2578; x_wconf 91' lang='lat' dir='ltr'><strong>Dei</strong></span> <span class='ocrx_word' id='word_1_292' title='bbox 1801 2533 1926 2580; x_wconf 89' lang='lat' dir='ltr'><strong>tunc</strong></span> <span class='ocrx_word' id='word_1_293' title='bbox 1957 2541 2296 2596; x_wconf 85' lang='lat' dir='ltr'><strong>persequen-</strong></span> 
     </span>
    </p>
   </div>
   <div class='ocr_carea' id='block_1_41' title="bbox 723 2615 2296 2690">
    <p class='ocr_par' dir='ltr' id='par_1_41' title="bbox 723 2615 2296 2690">
     <span class='ocr_line' id='line_1_41' title="bbox 723 2615 2296 2690; baseline 0.001 -16"><span class='ocrx_word' id='word_1_294' title='bbox 723 2629 854 2674; x_wconf 89' lang='lat' dir='ltr'><strong>tur:</strong></span> <span class='ocrx_word' id='word_1_295' title='bbox 894 2620 1088 2688; x_wconf 89' lang='lat' dir='ltr'><strong>quibus</strong></span> <span class='ocrx_word' id='word_1_296' title='bbox 1139 2633 1247 2672; x_wconf 92' lang='lat' dir='ltr'><strong>uno</strong></span> <span class='ocrx_word' id='word_1_297' title='bbox 1307 2618 1361 2672; x_wconf 93' lang='lat' dir='ltr'><strong>in</strong></span> <span class='ocrx_word' id='word_1_298' title='bbox 1423 2617 1543 2672; x_wconf 92' lang='lat' dir='ltr'><strong>loco</strong></span> <span class='ocrx_word' id='word_1_299' title='bbox 1593 2615 1818 2686; x_wconf 88' lang='lat' dir='ltr'><strong>coactis,</strong></span> <span class='ocrx_word' id='word_1_300' title='bbox 1870 2621 2061 2675; x_wconf 85' lang='lat' dir='ltr'><strong>eodem</strong></span> <span class='ocrx_word' id='word_1_301' title='bbox 2092 2623 2296 2690; x_wconf 88' lang='lat' dir='ltr'><strong>pariter</strong></span> 
     </span>
    </p>
   </div>
   <div class='ocr_carea' id='block_1_42' title="bbox 720 2705 2292 2778">
    <p class='ocr_par' dir='ltr' id='par_1_42' title="bbox 720 2705 2292 2778">
     <span class='ocr_line' id='line_1_42' title="bbox 720 2705 2292 2778; baseline 0.003 -14"><span class='ocrx_word' id='word_1_302' title='bbox 720 2709 1074 2778; x_wconf 88' lang='lat' dir='ltr'><strong>compelletur</strong></span> <span class='ocrx_word' id='word_1_303' title='bbox 1101 2709 1192 2764; x_wconf 90' lang='lat' dir='ltr'><strong>ille</strong></span> <span class='ocrx_word' id='word_1_304' title='bbox 1219 2709 1309 2778; x_wconf 89' lang='lat' dir='ltr'><strong>qui</strong></span> <span class='ocrx_word' id='word_1_305' title='bbox 1344 2708 1596 2778; x_wconf 75' lang='lat' dir='ltr'><strong>indignus</strong></span> <span class='ocrx_word' id='word_1_306' title='bbox 1623 2705 1835 2764; x_wconf 86' lang='lat' dir='ltr'><strong>delectu</strong></span> <span class='ocrx_word' id='word_1_307' title='bbox 1858 2719 1962 2765; x_wconf 89' lang='lat' dir='ltr'><strong>est.</strong></span> <span class='ocrx_word' id='word_1_308' title='bbox 1989 2707 2086 2766; x_wconf 87' lang='lat' dir='ltr'><strong>Est</strong></span> <span class='ocrx_word' id='word_1_309' title='bbox 2113 2722 2292 2768; x_wconf 88' lang='lat' dir='ltr'><strong>autem</strong></span> 
     </span>
    </p>
   </div>
   <div class='ocr_carea' id='block_1_43' title="bbox 715 2803 2289 2875">
    <p class='ocr_par' dir='ltr' id='par_1_43' title="bbox 715 2803 2289 2875">
     <span class='ocr_line' id='line_1_43' title="bbox 715 2803 2289 2875; baseline 0 -17"><span class='ocrx_word' id='word_1_310' title='bbox 715 2803 1014 2875; x_wconf 76' lang='lat' dir='ltr'><strong>iacentium</strong></span> <span class='ocrx_word' id='word_1_311' title='bbox 1068 2804 1118 2857; x_wconf 92' lang='lat' dir='ltr'><strong>in</strong></span> <span class='ocrx_word' id='word_1_312' title='bbox 1170 2803 1346 2868; x_wconf 88' lang='lat' dir='ltr'><strong>lecto,</strong></span> <span class='ocrx_word' id='word_1_313' title='bbox 1395 2803 1570 2868; x_wconf 86' lang='lat' dir='ltr'><strong>alter;</strong></span> <span class='ocrx_word' id='word_1_314' title='bbox 1614 2803 1701 2856; x_wconf 85' lang='lat' dir='ltr'><strong>vel</strong></span> <span class='ocrx_word' id='word_1_315' title='bbox 1738 2803 2051 2858; x_wconf 91' lang='lat' dir='ltr'><strong>molentium</strong></span> <span class='ocrx_word' id='word_1_316' title='bbox 2077 2845 2094 2872; x_wconf 92' lang='lat'><strong>,</strong></span> <span class='ocrx_word' id='word_1_317' title='bbox 2137 2821 2238 2859; x_wconf 90' lang='lat' dir='ltr'><strong>una</strong></span> <span class='ocrx_word' id='word_1_318' title='bbox 2276 2825 2289 2859; x_wconf 92' lang='lat'>:</span> 
     </span>
    </p>
   </div>
   <div class='ocr_carea' id='block_1_44' title="bbox 721 2890 2292 2966">
    <p class='ocr_par' dir='ltr' id='par_1_44' title="bbox 721 2890 2292 2966">
     <span class='ocr_line' id='line_1_44' title="bbox 721 2890 2292 2966; baseline 0 -18"><span class='ocrx_word' id='word_1_319' title='bbox 721 2895 812 2966; x_wconf 87' lang='lat' dir='ltr'><strong>qui</strong></span> <span class='ocrx_word' id='word_1_320' title='bbox 868 2894 1032 2949; x_wconf 90' lang='lat' dir='ltr'><strong>etiam</strong></span> <span class='ocrx_word' id='word_1_321' title='bbox 1079 2893 1362 2948; x_wconf 86' lang='lat' dir='ltr'><strong>tradentur</strong></span> <span class='ocrx_word' id='word_1_322' title='bbox 1409 2890 1757 2960; x_wconf 78' lang='lat' dir='ltr'><strong>congregatis</strong></span> <span class='ocrx_word' id='word_1_323' title='bbox 1808 2891 2097 2946; x_wconf 86' lang='lat' dir='ltr'><strong>adversum</strong></span> <span class='ocrx_word' id='word_1_324' title='bbox 2149 2892 2292 2962; x_wconf 91' lang='lat' dir='ltr'><strong>ipsos</strong></span> 
     </span>
    </p>
   </div>
   <div class='ocr_carea' id='block_1_45' title="bbox 719 2982 2294 3057">
    <p class='ocr_par' dir='ltr' id='par_1_45' title="bbox 719 2982 2294 3057">
     <span class='ocr_line' id='line_1_45' title="bbox 719 2982 2294 3057; baseline -0.001 -16"><span class='ocrx_word' id='word_1_325' title='bbox 719 2985 937 3057; x_wconf 78' lang='lat' dir='ltr'><strong>aquilis.</strong></span> <span class='ocrx_word' id='word_1_326' title='bbox 963 2983 1186 3054; x_wconf 83' lang='lat' dir='ltr'><strong>Aquilas</strong></span> <span class='ocrx_word' id='word_1_327' title='bbox 1211 2998 1363 3050; x_wconf 89' lang='lat' dir='ltr'><strong>vero,</strong></span> <span class='ocrx_word' id='word_1_328' title='bbox 1401 2982 1896 3054; x_wconf 82' lang='lat' dir='ltr'><strong>Hierosolymorum</strong></span> <span class='ocrx_word' id='word_1_329' title='bbox 1944 2999 2160 3056; x_wconf 89' lang='lat' dir='ltr'><strong>quoque</strong></span> <span class='ocrx_word' id='word_1_330' title='bbox 2193 2987 2294 3040; x_wconf 85' lang='lat' dir='ltr'><strong>ob-</strong></span> 
     </span>
    </p>
   </div>
   <div class='ocr_carea' id='block_1_46' title="bbox 719 3073 2289 3146">
    <p class='ocr_par' dir='ltr' id='par_1_46' title="bbox 719 3073 2289 3146">
     <span class='ocr_line' id='line_1_46' title="bbox 719 3073 2289 3146; baseline -0.002 -13"><span class='ocrx_word' id='word_1_331' title='bbox 719 3091 966 3134; x_wconf 85' lang='lat' dir='ltr'><strong>sessores</strong></span> <span class='ocrx_word' id='word_1_332' title='bbox 991 3075 1336 3146; x_wconf 84' lang='lat' dir='ltr'><strong>propheticus</strong></span> <span class='ocrx_word' id='word_1_333' title='bbox 1379 3089 1560 3129; x_wconf 89' lang='lat' dir='ltr'><strong>sermo</strong></span> <span class='ocrx_word' id='word_1_334' title='bbox 1607 3073 1934 3144; x_wconf 83' lang='lat' dir='ltr'><strong>appellavit;</strong></span> <span class='ocrx_word' id='word_1_335' title='bbox 1974 3075 2137 3131; x_wconf 82' lang='lat' dir='ltr'><strong>veluti</strong></span> <span class='ocrx_word' id='word_1_336' title='bbox 2169 3091 2289 3132; x_wconf 88' lang='lat' dir='ltr'><strong>cum</strong></span> 
     </span>
    </p>
   </div>
   <div class='ocr_carea' id='block_1_47' title="bbox 719 3164 2291 3236">
    <p class='ocr_par' dir='ltr' id='par_1_47' title="bbox 719 3164 2291 3236">
     <span class='ocr_line' id='line_1_47' title="bbox 719 3164 2291 3236; baseline -0.001 -14"><span class='ocrx_word' id='word_1_337' title='bbox 719 3167 1312 3222; x_wconf 66' lang='lat' dir='ltr'><strong>Nabuclrodonosornm</strong></span> <span class='ocrx_word' id='word_1_338' title='bbox 1376 3164 1509 3218; x_wconf 89' lang='lat' dir='ltr'><strong>dicit</strong></span> <span class='ocrx_word' id='word_1_339' title='bbox 1562 3165 1817 3232; x_wconf 84' lang='lat' dir='ltr'><strong>grandem</strong></span> <span class='ocrx_word' id='word_1_340' title='bbox 1877 3171 1924 3218; x_wconf 78' lang='lat' dir='ltr'><strong>et</strong></span> <span class='ocrx_word' id='word_1_341' title='bbox 1980 3179 2291 3236; x_wconf 87' lang='lat' dir='ltr'><strong>magnarum</strong></span> 
     </span>
    </p>
   </div>
   <div class='ocr_carea' id='block_1_48' title="bbox 719 3254 2294 3324">
    <p class='ocr_par' dir='ltr' id='par_1_48' title="bbox 719 3254 2294 3324">
     <span class='ocr_line' id='line_1_48' title="bbox 719 3254 2294 3324; baseline -0.001 -10"><span class='ocrx_word' id='word_1_342' title='bbox 719 3261 930 3314; x_wconf 83' lang='lat' dir='ltr'><strong>alarum</strong></span> <span class='ocrx_word' id='word_1_343' title='bbox 952 3258 1183 3324; x_wconf 82' lang='lat' dir='ltr'><strong>aquilam</strong></span> <span class='ocrx_word' id='word_1_344' title='bbox 1207 3256 1272 3310; x_wconf 80' lang='grc'><strong>³⁸.</strong></span> <span class='ocrx_word' id='word_1_345' title='bbox 1319 3254 1433 3310; x_wconf 85' lang='lat' dir='ltr'><strong>Nisi</strong></span> <span class='ocrx_word' id='word_1_346' title='bbox 1489 3255 1628 3310; x_wconf 81' lang='lat' dir='ltr'><strong>forte</strong></span> <span class='ocrx_word' id='word_1_347' title='bbox 1677 3255 1783 3310; x_wconf 87' lang='lat' dir='ltr'><strong>alio</strong></span> <span class='ocrx_word' id='word_1_348' title='bbox 1838 3271 1998 3311; x_wconf 85' lang='lat' dir='ltr'><strong>sensu</strong></span> <span class='ocrx_word' id='word_1_349' title='bbox 2053 3257 2294 3312; x_wconf 84' lang='lat' dir='ltr'><strong>vindices</strong></span> 
     </span>
    </p>
   </div>
   <div class='ocr_carea' id='block_1_49' title="bbox 703 3341 2295 3418">
    <p class='ocr_par' dir='ltr' id='par_1_49' title="bbox 703 3341 2295 3418">
     <span class='ocr_line' id='line_1_49' title="bbox 703 3341 2295 3418; baseline -0.001 -14"><span class='ocrx_word' id='word_1_350' title='bbox 703 3341 1053 3418; x_wconf 66' lang='lat' dir='ltr'><strong>&#39;nltricesque</strong></span> <span class='ocrx_word' id='word_1_351' title='bbox 1105 3355 1430 3417; x_wconf 82' lang='lat' dir='ltr'><strong>potestates,</strong></span> <span class='ocrx_word' id='word_1_352' title='bbox 1467 3361 1586 3416; x_wconf 74' lang='lat' dir='ltr'><strong>qute</strong></span> <span class='ocrx_word' id='word_1_353' title='bbox 1640 3347 1836 3416; x_wconf 89' lang='lat' dir='ltr'><strong>impios</strong></span> <span class='ocrx_word' id='word_1_354' title='bbox 1887 3347 2161 3414; x_wconf 77' lang='lat' dir='ltr'><strong>invadent,</strong></span> <span class='ocrx_word' id='word_1_355' title='bbox 2211 3347 2295 3403; x_wconf 89' lang='lat' dir='ltr'><strong>his</strong></span> 
     </span>
    </p>
   </div>
   <div class='ocr_carea' id='block_1_50' title="bbox 705 3435 2296 3506">
    <p class='ocr_par' dir='ltr' id='par_1_50' title="bbox 705 3435 2296 3506">
     <span class='ocr_line' id='line_1_50' title="bbox 705 3435 2296 3506; baseline -0.003 -9"><span class='ocrx_word' id='word_1_356' title='bbox 705 3435 898 3506; x_wconf 27' lang='lat' dir='ltr'><strong>iverbis</strong></span> <span class='ocrx_word' id='word_1_357' title='bbox 924 3441 1248 3494; x_wconf 85' lang='lat' dir='ltr'><strong>denotantnr</strong></span> <span class='ocrx_word' id='word_1_358' title='bbox 1277 3455 1292 3494; x_wconf 89' lang='lat'><strong>:</strong></span> <span class='ocrx_word' id='word_1_359' title='bbox 1325 3437 1522 3506; x_wconf 84' lang='lat' dir='ltr'><strong>quibus</strong></span> <span class='ocrx_word' id='word_1_360' title='bbox 1559 3451 1624 3490; x_wconf 93' lang='lat' dir='ltr'><strong>ne</strong></span> <span class='ocrx_word' id='word_1_361' title='bbox 1659 3435 1802 3493; x_wconf 87' lang='lat' dir='ltr'><strong>forte</strong></span> <span class='ocrx_word' id='word_1_362' title='bbox 1844 3439 2150 3504; x_wconf 89' lang='lat' dir='ltr'><strong>tradamur,</strong></span> <span class='ocrx_word' id='word_1_363' title='bbox 2181 3455 2296 3493; x_wconf 85' lang='lat' dir='ltr'><strong>mo-</strong></span> 
     </span>
    </p>
   </div>
   <div class='ocr_carea' id='block_1_51' title="bbox 705 3509 2185 3602">
    <p class='ocr_par' dir='ltr' id='par_1_51' title="bbox 705 3509 2185 3602">
     <span class='ocr_line' id='line_1_51' title="bbox 705 3509 2185 3602; baseline -0.003 -14"><span class='ocrx_word' id='word_1_364' title='bbox 705 3509 812 3602; x_wconf 39' lang='lat' dir='ltr'><strong>inet</strong></span> <span class='ocrx_word' id='word_1_365' title='bbox 838 3529 1030 3586; x_wconf 86' lang='lat' dir='ltr'><strong>deinde</strong></span> <span class='ocrx_word' id='word_1_366' title='bbox 1059 3528 1315 3584; x_wconf 76' lang='lat' dir='ltr'><strong>Se‘rvator</strong></span> <span class='ocrx_word' id='word_1_367' title='bbox 1347 3538 1404 3580; x_wconf 92' lang='lat' dir='ltr'><strong>ut</strong></span> <span class='ocrx_word' id='word_1_368' title='bbox 1433 3525 1690 3598; x_wconf 89' lang='lat' dir='ltr'><strong>precibus</strong></span> <span class='ocrx_word' id='word_1_369' title='bbox 1723 3541 1942 3597; x_wconf 90' lang='lat' dir='ltr'><strong>operam</strong></span> <span class='ocrx_word' id='word_1_370' title='bbox 1973 3527 2185 3584; x_wconf 90' lang='lat' dir='ltr'><strong>demus.</strong></span> 
     </span>
    </p>
   </div>
   <div class='ocr_carea' id='block_1_52' title="bbox 809 3709 2199 3784">
    <p class='ocr_par' dir='ltr' id='par_1_52' title="bbox 809 3709 2199 3784">
     <span class='ocr_line' id='line_1_52' title="bbox 809 3709 2199 3784; baseline -0.004 -14"><span class='ocrx_word' id='word_1_371' title='bbox 809 3715 854 3748; x_wconf 84' lang='grc'><strong>³⁸</strong></span> <span class='ocrx_word' id='word_1_372' title='bbox 881 3715 1056 3770; x_wconf 67' lang='lat' dir='ltr'><strong>ludes:</strong></span> <span class='ocrx_word' id='word_1_373' title='bbox 1085 3711 1296 3784; x_wconf 83' lang='lat' dir='ltr'><strong>quidam</strong></span> <span class='ocrx_word' id='word_1_374' title='bbox 1329 3718 1442 3764; x_wconf 71' lang='lat' dir='ltr'><strong>erat</strong></span> <span class='ocrx_word' id='word_1_375' title='bbox 1461 3750 1475 3774; x_wconf 90' lang='lat'><strong>,</strong></span> <span class='ocrx_word' id='word_1_376' title='bbox 1506 3709 1598 3779; x_wconf 85' lang='lat' dir='ltr'><strong>qui</strong></span> <span class='ocrx_word' id='word_1_377' title='bbox 1627 3709 1792 3762; x_wconf 85' lang='lat' dir='ltr'><strong>Deum</strong></span> <span class='ocrx_word' id='word_1_378' title='bbox 1822 3725 1923 3763; x_wconf 88' lang='lat' dir='ltr'><strong>non</strong></span> <span class='ocrx_word' id='word_1_379' title='bbox 1965 3710 2199 3765; x_wconf 75' lang='lat' dir='ltr'><strong>timebat.</strong></span> 
     </span>
    </p>
   </div>
   <div class='ocr_carea' id='block_1_53' title="bbox 790 3799 2293 3876">
    <p class='ocr_par' dir='ltr' id='par_1_53' title="bbox 790 3799 2293 3876">
     <span class='ocr_line' id='line_1_53' title="bbox 790 3799 2293 3876; baseline -0.003 -14"><span class='ocrx_word' id='word_1_380' title='bbox 790 3807 952 3861; x_wconf 74' lang='lat' dir='ltr'><strong>Addit</strong></span> <span class='ocrx_word' id='word_1_381' title='bbox 983 3806 1147 3860; x_wconf 88' lang='lat' dir='ltr'><strong>etiam</strong></span> <span class='ocrx_word' id='word_1_382' title='bbox 1179 3801 1486 3873; x_wconf 86' lang='lat' dir='ltr'><strong>parabolam</strong></span> <span class='ocrx_word' id='word_1_383' title='bbox 1518 3799 1788 3870; x_wconf 81' lang='lat' dir='ltr'><strong>dejudice</strong></span> <span class='ocrx_word' id='word_1_384' title='bbox 1827 3802 2146 3872; x_wconf 88' lang='lat' dir='ltr'><strong>iniquitatis,</strong></span> <span class='ocrx_word' id='word_1_385' title='bbox 2185 3819 2293 3876; x_wconf 91' lang='lat' dir='ltr'><strong>quo</strong></span> 
     </span>
    </p>
   </div>
   <div class='ocr_carea' id='block_1_54' title="bbox 705 3871 2293 3966">
    <p class='ocr_par' dir='ltr' id='par_1_54' title="bbox 705 3871 2293 3966">
     <span class='ocr_line' id='line_1_54' title="bbox 705 3871 2293 3966; baseline 0.001 -13"><span class='ocrx_word' id='word_1_386' title='bbox 705 3871 1008 3954; x_wconf 55' lang='lat' dir='ltr'><strong>&#39;conlirmet</strong></span> <span class='ocrx_word' id='word_1_387' title='bbox 1034 3898 1300 3951; x_wconf 87' lang='lat' dir='ltr'><strong>orandum</strong></span> <span class='ocrx_word' id='word_1_388' title='bbox 1349 3910 1564 3964; x_wconf 85' lang='lat' dir='ltr'><strong>semper</strong></span> <span class='ocrx_word' id='word_1_389' title='bbox 1616 3895 1870 3965; x_wconf 88' lang='lat' dir='ltr'><strong>nullaque</strong></span> <span class='ocrx_word' id='word_1_390' title='bbox 1912 3897 2125 3966; x_wconf 79' lang='lat' dir='ltr'><strong>ignavia</strong></span> <span class='ocrx_word' id='word_1_391' title='bbox 2174 3913 2293 3954; x_wconf 79' lang='lat' dir='ltr'><strong>ces-</strong></span> 
     </span>
    </p>
   </div>
   <div class='ocr_carea' id='block_1_55' title="bbox 719 3985 2289 4058">
    <p class='ocr_par' dir='ltr' id='par_1_55' title="bbox 719 3985 2289 4058">
     <span class='ocr_line' id='line_1_55' title="bbox 719 3985 2289 4058; baseline -0.001 -13"><span class='ocrx_word' id='word_1_392' title='bbox 719 3991 972 4045; x_wconf 88' lang='lat' dir='ltr'><strong>sandum.</strong></span> <span class='ocrx_word' id='word_1_393' title='bbox 1005 3987 1157 4055; x_wconf 86' lang='lat' dir='ltr'><strong>Quod</strong></span> <span class='ocrx_word' id='word_1_394' title='bbox 1201 3997 1378 4041; x_wconf 84' lang='lat' dir='ltr'><strong>autem</strong></span> <span class='ocrx_word' id='word_1_395' title='bbox 1419 3987 1497 4040; x_wconf 88' lang='lat' dir='ltr'><strong>ait</strong></span> <span class='ocrx_word' id='word_1_396' title='bbox 1527 3986 1566 4016; x_wconf 79' lang='grc'><strong>³⁷</strong></span> <span class='ocrx_word' id='word_1_397' title='bbox 1601 4005 1613 4040; x_wconf 96' lang='lat'>:</span> <span class='ocrx_word' id='word_1_398' title='bbox 1643 3985 1776 4040; x_wconf 78' lang='lat' dir='ltr'><strong>Num</strong></span> <span class='ocrx_word' id='word_1_399' title='bbox 1823 3985 1991 4042; x_wconf 84' lang='lat' dir='ltr'><strong>Filius</strong></span> <span class='ocrx_word' id='word_1_400' title='bbox 2037 3990 2289 4058; x_wconf 86' lang='lat' dir='ltr'><strong>hominis,</strong></span> 
     </span>
    </p>
   </div>
   <div class='ocr_carea' id='block_1_56' title="bbox 717 4079 2292 4146">
    <p class='ocr_par' dir='ltr' id='par_1_56' title="bbox 717 4079 2292 4146">
     <span class='ocr_line' id='line_1_56' title="bbox 717 4079 2292 4146; baseline -0.002 -7"><span class='ocrx_word' id='word_1_401' title='bbox 717 4097 845 4139; x_wconf 87' lang='lat' dir='ltr'><strong>cum</strong></span> <span class='ocrx_word' id='word_1_402' title='bbox 899 4081 1131 4146; x_wconf 86' lang='lat' dir='ltr'><strong>venerit,</strong></span> <span class='ocrx_word' id='word_1_403' title='bbox 1195 4079 1352 4134; x_wconf 73' lang='lat' dir='ltr'><strong>[idem</strong></span> <span class='ocrx_word' id='word_1_404' title='bbox 1399 4080 1452 4133; x_wconf 90' lang='lat' dir='ltr'><strong>in</strong></span> <span class='ocrx_word' id='word_1_405' title='bbox 1503 4080 1639 4135; x_wconf 86' lang='lat' dir='ltr'><strong>orbe</strong></span> <span class='ocrx_word' id='word_1_406' title='bbox 1691 4079 1976 4134; x_wconf 86' lang='lat' dir='ltr'><strong>inveniet?</strong></span> <span class='ocrx_word' id='word_1_407' title='bbox 2025 4081 2292 4136; x_wconf 83' lang='lat' dir='ltr'><strong>derectum</strong></span> 
     </span>
    </p>
   </div>
   <div class='ocr_carea' id='block_1_57' title="bbox 721 4171 2290 4242">
    <p class='ocr_par' dir='ltr' id='par_1_57' title="bbox 721 4171 2290 4242">
     <span class='ocr_line' id='line_1_57' title="bbox 721 4171 2290 4242; baseline -0.002 -13"><span class='ocrx_word' id='word_1_408' title='bbox 721 4173 848 4230; x_wconf 86' lang='lat' dir='ltr'><strong>fidei</strong></span> <span class='ocrx_word' id='word_1_409' title='bbox 891 4174 1131 4228; x_wconf 85' lang='lat' dir='ltr'><strong>futurum</strong></span> <span class='ocrx_word' id='word_1_410' title='bbox 1165 4173 1422 4235; x_wconf 86' lang='lat' dir='ltr'><strong>ostendit,</strong></span> <span class='ocrx_word' id='word_1_411' title='bbox 1453 4171 1524 4224; x_wconf 91' lang='lat' dir='ltr'><strong>ita</strong></span> <span class='ocrx_word' id='word_1_412' title='bbox 1561 4181 1619 4226; x_wconf 91' lang='lat' dir='ltr'><strong>ut</strong></span> <span class='ocrx_word' id='word_1_413' title='bbox 1651 4185 1810 4226; x_wconf 86' lang='lat' dir='ltr'><strong>nemo</strong></span> <span class='ocrx_word' id='word_1_414' title='bbox 1837 4171 2008 4226; x_wconf 79' lang='lat' dir='ltr'><strong>ﬁdelis</strong></span> <span class='ocrx_word' id='word_1_415' title='bbox 2039 4173 2290 4242; x_wconf 86' lang='lat' dir='ltr'><strong>supersit,</strong></span> 
     </span>
    </p>
   </div>
   <div class='ocr_carea' id='block_1_58' title="bbox 719 4261 2294 4332">
    <p class='ocr_par' dir='ltr' id='par_1_58' title="bbox 719 4261 2294 4332">
     <span class='ocr_line' id='line_1_58' title="bbox 719 4261 2294 4332; baseline 0 -14"><span class='ocrx_word' id='word_1_416' title='bbox 719 4273 816 4318; x_wconf 86' lang='lat' dir='ltr'><strong>aut</strong></span> <span class='ocrx_word' id='word_1_417' title='bbox 865 4263 957 4317; x_wconf 83' lang='lat' dir='ltr'><strong>vix</strong></span> <span class='ocrx_word' id='word_1_418' title='bbox 1004 4277 1162 4317; x_wconf 88' lang='lat' dir='ltr'><strong>rarus</strong></span> <span class='ocrx_word' id='word_1_419' title='bbox 1211 4262 1429 4332; x_wconf 89' lang='lat' dir='ltr'><strong>aliquis,</strong></span> <span class='ocrx_word' id='word_1_420' title='bbox 1485 4261 1633 4316; x_wconf 87' lang='lat' dir='ltr'><strong>circa</strong></span> <span class='ocrx_word' id='word_1_421' title='bbox 1688 4265 1938 4316; x_wconf 68' lang='lat' dir='ltr'><strong>secunda:</strong></span> <span class='ocrx_word' id='word_1_422' title='bbox 1973 4263 2087 4330; x_wconf 85' lang='lat' dir='ltr'><strong>ejus</strong></span> <span class='ocrx_word' id='word_1_423' title='bbox 2119 4265 2294 4318; x_wconf 73' lang='lat' dir='ltr'><strong>mani-</strong></span> 
     </span>
    </p>
   </div>
   <div class='ocr_carea' id='block_1_59' title="bbox 717 4353 2292 4424">
    <p class='ocr_par' dir='ltr' id='par_1_59' title="bbox 717 4353 2292 4424">
     <span class='ocr_line' id='line_1_59' title="bbox 717 4353 2292 4424; baseline 0.001 -16"><span class='ocrx_word' id='word_1_424' title='bbox 717 4353 1026 4410; x_wconf 77' lang='lat' dir='ltr'><strong>festationis</strong></span> <span class='ocrx_word' id='word_1_425' title='bbox 1071 4363 1307 4408; x_wconf 65' lang='lat' dir='ltr'><strong>aetatem.</strong></span> <span class='ocrx_word' id='word_1_426' title='bbox 1355 4353 1408 4407; x_wconf 89' lang='lat' dir='ltr'><strong>Id</strong></span> <span class='ocrx_word' id='word_1_427' title='bbox 1461 4369 1626 4423; x_wconf 88' lang='lat' dir='ltr'><strong>porro</strong></span> <span class='ocrx_word' id='word_1_428' title='bbox 1682 4355 1973 4424; x_wconf 84' lang='lat' dir='ltr'><strong>apostatici</strong></span> <span class='ocrx_word' id='word_1_429' title='bbox 2033 4356 2292 4423; x_wconf 87' lang='lat' dir='ltr'><strong>temporis</strong></span> 
     </span>
    </p>
   </div>
   <div class='ocr_carea' id='block_1_60' title="bbox 2433 1893 3888 1968">
    <p class='ocr_par' dir='ltr' id='par_1_60' title="bbox 2433 1893 3888 1968">
     <span class='ocr_line' id='line_1_60' title="bbox 2433 1893 3888 1968; baseline 0.008 -22"><span class='ocrx_word' id='word_1_430' title='bbox 2433 1893 2624 1948; x_wconf 77' lang='grc' dir='ltr'><em>’Ὅπου</em></span> <span class='ocrx_word' id='word_1_431' title='bbox 2647 1895 2712 1948; x_wconf 83' lang='grc' dir='ltr'><strong>τὸ</strong></span> <span class='ocrx_word' id='word_1_432' title='bbox 2735 1893 2924 1966; x_wconf 80' lang='grc' dir='ltr'>σῶμα,</span> <span class='ocrx_word' id='word_1_433' title='bbox 2939 1898 3061 1951; x_wconf 85' lang='grc' dir='ltr'>ἐκεῖ</span> <span class='ocrx_word' id='word_1_434' title='bbox 3081 1893 3574 1968; x_wconf 69' lang='grc' dir='ltr'>συναχθήσονται</span> <span class='ocrx_word' id='word_1_435' title='bbox 3591 1905 3680 1956; x_wconf 78' lang='grc' dir='ltr'>καὶ</span> <span class='ocrx_word' id='word_1_436' title='bbox 3699 1908 3746 1957; x_wconf 84' lang='grc' dir='ltr'><strong>οἱ</strong></span> <span class='ocrx_word' id='word_1_437' title='bbox 3758 1893 3888 1958; x_wconf 70' lang='grc' dir='ltr'>ἀετοί.</span> 
     </span>
    </p>
   </div>
   <div class='ocr_carea' id='block_1_61' title="bbox 2477 1986 3900 2062">
    <p class='ocr_par' dir='ltr' id='par_1_61' title="bbox 2477 1986 3900 2062">
     <span class='ocr_line' id='line_1_61' title="bbox 2477 1986 3900 2062; baseline 0.006 -24"><span class='ocrx_word' id='word_1_438' title='bbox 2477 1986 2896 2058; x_wconf 74' lang='grc' dir='ltr'>Ἐρωτησάντων</span> <span class='ocrx_word' id='word_1_439' title='bbox 2941 1990 3049 2042; x_wconf 86' lang='grc' dir='ltr'><strong>τῶν</strong></span> <span class='ocrx_word' id='word_1_440' title='bbox 3100 1989 3385 2060; x_wconf 83' lang='grc' dir='ltr'>μαθητῶν·</span> <span class='ocrx_word' id='word_1_441' title='bbox 3418 1995 3632 2062; x_wconf 81' lang='grc' dir='ltr'>Κύριε,</span> <span class='ocrx_word' id='word_1_442' title='bbox 3681 1993 3805 2056; x_wconf 75' lang='grc' dir='ltr'>ποῦ;</span> <span class='ocrx_word' id='word_1_443' title='bbox 3839 1997 3900 2046; x_wconf 68' lang='grc' dir='ltr'><strong>καὶ</strong></span> 
     </span>
    </p>
   </div>
   <div class='ocr_carea' id='block_1_62' title="bbox 2397 2077 3900 2157">
    <p class='ocr_par' dir='ltr' id='par_1_62' title="bbox 2397 2077 3900 2157">
     <span class='ocr_line' id='line_1_62' title="bbox 2397 2077 3900 2157; baseline 0.007 -28"><span class='ocrx_word' id='word_1_444' title='bbox 2397 2077 2761 2148; x_wconf 76' lang='grc' dir='ltr'><strong>βουληθέντων</strong></span> <span class='ocrx_word' id='word_1_445' title='bbox 2810 2079 2998 2149; x_wconf 82' lang='grc' dir='ltr'><strong>μαθεῖν</strong></span> <span class='ocrx_word' id='word_1_446' title='bbox 3044 2080 3149 2134; x_wconf 86' lang='grc' dir='ltr'><strong>ποῦ</strong></span> <span class='ocrx_word' id='word_1_447' title='bbox 3200 2082 3738 2157; x_wconf 83' lang='grc' dir='ltr'>καταλειφθήσεταιὸ</span> <span class='ocrx_word' id='word_1_448' title='bbox 3772 2089 3900 2156; x_wconf 80' lang='grc' dir='ltr'>ἕτερος</span> 
     </span>
    </p>
   </div>
   <div class='ocr_carea' id='block_1_63' title="bbox 2394 2166 3980 2245">
    <p class='ocr_par' dir='ltr' id='par_1_63' title="bbox 2394 2166 3980 2245">
     <span class='ocr_line' id='line_1_63' title="bbox 2394 2166 3980 2245; baseline 0.007 -26"><span class='ocrx_word' id='word_1_449' title='bbox 2394 2166 2499 2219; x_wconf 83' lang='grc' dir='ltr'><strong>τῶν</strong></span> <span class='ocrx_word' id='word_1_450' title='bbox 2533 2168 2654 2239; x_wconf 83' lang='grc' dir='ltr'><strong>(μὴ)</strong></span> <span class='ocrx_word' id='word_1_451' title='bbox 2695 2167 3186 2240; x_wconf 76' lang='grc' dir='ltr'>παραληφθέντων·</span> <span class='ocrx_word' id='word_1_452' title='bbox 3241 2171 3454 2238; x_wconf 82' lang='grc' dir='ltr'><strong>Ὅπου,</strong></span> <span class='ocrx_word' id='word_1_453' title='bbox 3489 2176 3642 2245; x_wconf 70' lang='grc' dir='ltr'>φησι,</span> <span class='ocrx_word' id='word_1_454' title='bbox 3677 2175 3736 2227; x_wconf 82' lang='grc' dir='ltr'>τὸ</span> <span class='ocrx_word' id='word_1_455' title='bbox 3767 2174 3899 2243; x_wconf 77' lang='grc' dir='ltr'>σῶμα,</span> 
     </span>
    </p>
   </div>
   <div class='ocr_carea' id='block_1_64' title="bbox 2394 2258 3980 2334">
    <p class='ocr_par' dir='ltr' id='par_1_64' title="bbox 2394 2258 3980 2334">
     <span class='ocr_line' id='line_1_64' title="bbox 2394 2258 3980 2334; baseline 0.003 -21"><span class='ocrx_word' id='word_1_456' title='bbox 2394 2259 2427 2330; x_wconf 82' lang='grc' dir='ltr'><strong>ἢ</strong></span> <span class='ocrx_word' id='word_1_457' title='bbox 2465 2258 2530 2311; x_wconf 84' lang='grc' dir='ltr'>τὸ</span> <span class='ocrx_word' id='word_1_458' title='bbox 2574 2258 2782 2328; x_wconf 79' lang='grc' dir='ltr'>πτῶμα</span> <span class='ocrx_word' id='word_1_459' title='bbox 2831 2261 2971 2314; x_wconf 80' lang='grc' dir='ltr'>κατὰ</span> <span class='ocrx_word' id='word_1_460' title='bbox 3002 2261 3300 2330; x_wconf 88' lang='grc' dir='ltr'>Ματθαῖον,</span> <span class='ocrx_word' id='word_1_461' title='bbox 3324 2263 3452 2318; x_wconf 83' lang='grc' dir='ltr'>ἐκεῖ</span> <span class='ocrx_word' id='word_1_462' title='bbox 3483 2266 3900 2334; x_wconf 74' lang='grc' dir='ltr'>συναχθήσονται</span> 
     </span>
    </p>
   </div>
   <div class='ocr_carea' id='block_1_65' title="bbox 2395 2337 3980 2430">
    <p class='ocr_par' dir='ltr' id='par_1_65' title="bbox 2395 2337 3980 2430">
     <span class='ocr_line' id='line_1_65' title="bbox 2395 2337 3980 2430; baseline 0.004 -26"><span class='ocrx_word' id='word_1_463' title='bbox 2395 2351 2492 2404; x_wconf 79' lang='grc' dir='ltr'>καὶ</span> <span class='ocrx_word' id='word_1_464' title='bbox 2524 2353 2578 2404; x_wconf 84' lang='grc' dir='ltr'><strong>οἱ</strong></span> <span class='ocrx_word' id='word_1_465' title='bbox 2607 2351 2768 2404; x_wconf 84' lang='grc' dir='ltr'>ἀετοί</span> <span class='ocrx_word' id='word_1_466' title='bbox 2783 2369 2796 2382; x_wconf 79' lang='grc'><em>’</em></span> <span class='ocrx_word' id='word_1_467' title='bbox 2821 2351 3010 2426; x_wconf 82' lang='grc' dir='ltr'>ὥσπερ</span> <span class='ocrx_word' id='word_1_468' title='bbox 3031 2355 3252 2420; x_wconf 72' lang='grc' dir='ltr'>οἰωνούς</span> <span class='ocrx_word' id='word_1_469' title='bbox 3275 2373 3426 2420; x_wconf 80' lang='grc' dir='ltr'>τινας</span> <span class='ocrx_word' id='word_1_470' title='bbox 3449 2359 3801 2430; x_wconf 80' lang='grc' dir='ltr'>νεκροϐὁρους,</span> <span class='ocrx_word' id='word_1_471' title='bbox 3817 2358 3899 2418; x_wconf 66' lang='grc' dir='ltr'><strong>τοὺς</strong></span> 
     </span>
    </p>
   </div>
   <div class='ocr_carea' id='block_1_66' title="bbox 2394 2443 3900 2520">
    <p class='ocr_par' dir='ltr' id='par_1_66' title="bbox 2394 2443 3900 2520">
     <span class='ocr_line' id='line_1_66' title="bbox 2394 2443 3900 2520; baseline 0.002 -23"><span class='ocrx_word' id='word_1_472' title='bbox 2394 2443 2658 2516; x_wconf 79' lang='grc' dir='ltr'>ἄρχοντας</span> <span class='ocrx_word' id='word_1_473' title='bbox 2693 2444 2788 2498; x_wconf 86' lang='grc' dir='ltr'><strong>τοῦ</strong></span> <span class='ocrx_word' id='word_1_474' title='bbox 2822 2445 3014 2510; x_wconf 83' lang='grc' dir='ltr'>αἰῶνος</span> <span class='ocrx_word' id='word_1_475' title='bbox 3044 2447 3236 2502; x_wconf 83' lang='grc' dir='ltr'>τοῦτου</span> <span class='ocrx_word' id='word_1_476' title='bbox 3277 2447 3643 2520; x_wconf 72' lang='grc' dir='ltr'>αἰνιξάμενος,</span> <span class='ocrx_word' id='word_1_477' title='bbox 3682 2453 3788 2514; x_wconf 81' lang='grc' dir='ltr'>τοὺς</span> <span class='ocrx_word' id='word_1_478' title='bbox 3821 2445 3900 2502; x_wconf 78' lang='grc' dir='ltr'>τότε</span> 
     </span>
    </p>
   </div>
   <div class='ocr_carea' id='block_1_67' title="bbox 2393 2533 3895 2606">
    <p class='ocr_par' dir='ltr' id='par_1_67' title="bbox 2393 2533 3895 2606">
     <span class='ocr_line' id='line_1_67' title="bbox 2393 2533 3895 2606; baseline 0.003 -19"><span class='ocrx_word' id='word_1_479' title='bbox 2393 2533 2679 2600; x_wconf 83' lang='grc' dir='ltr'>διώκοντας</span> <span class='ocrx_word' id='word_1_480' title='bbox 2711 2537 2838 2599; x_wconf 74' lang='grc' dir='ltr'>τοὺς</span> <span class='ocrx_word' id='word_1_481' title='bbox 2863 2538 3051 2606; x_wconf 86' lang='grc' dir='ltr'>ἁγίους</span> <span class='ocrx_word' id='word_1_482' title='bbox 3074 2539 3165 2592; x_wconf 87' lang='grc' dir='ltr'><strong>τοῦ</strong></span> <span class='ocrx_word' id='word_1_483' title='bbox 3182 2540 3315 2594; x_wconf 89' lang='grc' dir='ltr'>Θεοῦ</span> <span class='ocrx_word' id='word_1_484' title='bbox 3337 2559 3350 2572; x_wconf 87' lang='grc'><strong>·</strong></span> <span class='ocrx_word' id='word_1_485' title='bbox 3372 2538 3447 2596; x_wconf 82' lang='grc' dir='ltr'><strong>ὧν</strong></span> <span class='ocrx_word' id='word_1_486' title='bbox 3471 2543 3570 2595; x_wconf 73' lang='grc' dir='ltr'>ἐπὶ</span> <span class='ocrx_word' id='word_1_487' title='bbox 3597 2544 3655 2595; x_wconf 83' lang='grc' dir='ltr'><strong>τὸ</strong></span> <span class='ocrx_word' id='word_1_488' title='bbox 3681 2541 3792 2596; x_wconf 75' lang='grc' dir='ltr'>αὐτὸ</span> <span class='ocrx_word' id='word_1_489' title='bbox 3815 2559 3895 2594; x_wconf 58' lang='lat' dir='ltr'><strong>cur.</strong></span> 
     </span>
    </p>
   </div>
   <div class='ocr_carea' id='block_1_68' title="bbox 2395 2625 3898 2706">
    <p class='ocr_par' dir='ltr' id='par_1_68' title="bbox 2395 2625 3898 2706">
     <span class='ocr_line' id='line_1_68' title="bbox 2395 2625 3898 2706; baseline 0.003 -26"><span class='ocrx_word' id='word_1_490' title='bbox 2395 2625 2667 2696; x_wconf 81' lang='grc' dir='ltr'>ἀχθέντων</span> <span class='ocrx_word' id='word_1_491' title='bbox 2689 2669 2705 2693; x_wconf 97' lang='grc'>,</span> <span class='ocrx_word' id='word_1_492' title='bbox 2780 2629 2896 2681; x_wconf 81' lang='grc' dir='ltr'>ἐκεῖ</span> <span class='ocrx_word' id='word_1_493' title='bbox 2947 2629 3040 2682; x_wconf 71' lang='grc' dir='ltr'><strong>καὶ</strong></span> <span class='ocrx_word' id='word_1_494' title='bbox 3095 2634 3224 2702; x_wconf 88' lang='grc' dir='ltr'>παρ’</span> <span class='ocrx_word' id='word_1_495' title='bbox 3275 2634 3457 2698; x_wconf 80' lang='grc' dir='ltr'>αὐτοῖς</span> <span class='ocrx_word' id='word_1_496' title='bbox 3511 2633 3898 2706; x_wconf 82' lang='grc' dir='ltr'>συναχθήσεταιὸ</span> 
     </span>
    </p>
   </div>
   <div class='ocr_carea' id='block_1_69' title="bbox 2393 2715 3897 2790">
    <p class='ocr_par' dir='ltr' id='par_1_69' title="bbox 2393 2715 3897 2790">
     <span class='ocr_line' id='line_1_69' title="bbox 2393 2715 3897 2790; baseline -0.004 -8"><span class='ocrx_word' id='word_1_497' title='bbox 2393 2717 2610 2782; x_wconf 76' lang='grc' dir='ltr'>ἀνάξιος</span> <span class='ocrx_word' id='word_1_498' title='bbox 2641 2717 2739 2789; x_wconf 81' lang='grc' dir='ltr'><strong>τῆς</strong></span> <span class='ocrx_word' id='word_1_499' title='bbox 2765 2719 3158 2790; x_wconf 59' lang='grc' dir='ltr'>παραλήψεωςέ</span> <span class='ocrx_word' id='word_1_500' title='bbox 3187 2717 3294 2776; x_wconf 87' lang='grc' dir='ltr'>Ἦν</span> <span class='ocrx_word' id='word_1_501' title='bbox 3323 2723 3370 2776; x_wconf 86' lang='grc' dir='ltr'>δ’</span> <span class='ocrx_word' id='word_1_502' title='bbox 3401 2715 3561 2788; x_wconf 73' lang='grc' dir='ltr'>οὗτος</span> <span class='ocrx_word' id='word_1_503' title='bbox 3599 2724 3699 2776; x_wconf 87' lang='grc' dir='ltr'>τῶν</span> <span class='ocrx_word' id='word_1_504' title='bbox 3731 2725 3804 2777; x_wconf 77' lang='grc' dir='ltr'>ἐπὶ</span> <span class='ocrx_word' id='word_1_505' title='bbox 3828 2719 3897 2777; x_wconf 67' lang='lat'><strong>:6:-</strong></span> 
     </span>
    </p>
   </div>
   <div class='ocr_carea' id='block_1_70' title="bbox 2393 2809 3898 2888">
    <p class='ocr_par' dir='ltr' id='par_1_70' title="bbox 2393 2809 3898 2888">
     <span class='ocr_line' id='line_1_70' title="bbox 2393 2809 3898 2888; baseline 0.004 -26"><span class='ocrx_word' id='word_1_506' title='bbox 2393 2827 2491 2880; x_wconf 80' lang='grc' dir='ltr'>νης</span> <span class='ocrx_word' id='word_1_507' title='bbox 2517 2809 2880 2864; x_wconf 84' lang='grc' dir='ltr'>καθευδόντων</span> <span class='ocrx_word' id='word_1_508' title='bbox 2913 2813 2940 2863; x_wconf 89' lang='lat'><strong>6</strong></span> <span class='ocrx_word' id='word_1_509' title='bbox 2969 2812 3180 2883; x_wconf 73' lang='grc' dir='ltr'>ἕτερος·</span> <span class='ocrx_word' id='word_1_510' title='bbox 3219 2811 3251 2885; x_wconf 80' lang='grc' dir='ltr'><strong>ἢ</strong></span> <span class='ocrx_word' id='word_1_511' title='bbox 3292 2813 3398 2866; x_wconf 79' lang='grc' dir='ltr'>τῶν</span> <span class='ocrx_word' id='word_1_512' title='bbox 3428 2815 3783 2888; x_wconf 78' lang='grc' dir='ltr'>ἀλήθουσῶνή</span> <span class='ocrx_word' id='word_1_513' title='bbox 3812 2815 3898 2888; x_wconf 68' lang='grc' dir='ltr'>μίαν</span> 
     </span>
    </p>
   </div>
   <div class='ocr_carea' id='block_1_71' title="bbox 2393 2901 3899 2976">
    <p class='ocr_par' dir='ltr' id='par_1_71' title="bbox 2393 2901 3899 2976">
     <span class='ocr_line' id='line_1_71' title="bbox 2393 2901 3899 2976; baseline 0.003 -23"><span class='ocrx_word' id='word_1_514' title='bbox 2393 2901 2441 2953; x_wconf 86' lang='grc' dir='ltr'><strong>οἳ</strong></span> <span class='ocrx_word' id='word_1_515' title='bbox 2473 2903 2566 2955; x_wconf 70' lang='grc' dir='ltr'><strong>καὶ</strong></span> <span class='ocrx_word' id='word_1_516' title='bbox 2595 2901 3064 2972; x_wconf 81' lang='grc' dir='ltr'>παραδοθήσονται</span> <span class='ocrx_word' id='word_1_517' title='bbox 3089 2903 3202 2966; x_wconf 83' lang='grc' dir='ltr'>τοῖς</span> <span class='ocrx_word' id='word_1_518' title='bbox 3225 2903 3637 2976; x_wconf 78' lang='grc' dir='ltr'>ἐπισυναχθεῖσι</span> <span class='ocrx_word' id='word_1_519' title='bbox 3657 2909 3762 2962; x_wconf 83' lang='grc' dir='ltr'>κατ’</span> <span class='ocrx_word' id='word_1_520' title='bbox 3779 2905 3899 2960; x_wconf 73' lang='grc' dir='ltr'>αὐτῶν</span> 
     </span>
    </p>
   </div>
   <div class='ocr_carea' id='block_1_72' title="bbox 2395 2991 3898 3072">
    <p class='ocr_par' dir='ltr' id='par_1_72' title="bbox 2395 2991 3898 3072">
     <span class='ocr_line' id='line_1_72' title="bbox 2395 2991 3898 3072; baseline 0.004 -28"><span class='ocrx_word' id='word_1_521' title='bbox 2395 2991 2592 3056; x_wconf 81' lang='grc' dir='ltr'>ἀετοῖς.</span> <span class='ocrx_word' id='word_1_522' title='bbox 2637 2993 2854 3056; x_wconf 72' lang='grc' dir='ltr'>Ἀετοὺς</span> <span class='ocrx_word' id='word_1_523' title='bbox 2881 2993 2937 3046; x_wconf 82' lang='grc' dir='ltr'><strong>δὲ</strong></span> <span class='ocrx_word' id='word_1_524' title='bbox 2965 2995 3058 3046; x_wconf 71' lang='grc' dir='ltr'>καὶ</span> <span class='ocrx_word' id='word_1_525' title='bbox 3081 2996 3208 3058; x_wconf 81' lang='grc' dir='ltr'>τοὺς</span> <span class='ocrx_word' id='word_1_526' title='bbox 3237 2997 3338 3066; x_wconf 75' lang='grc' dir='ltr'><strong>τῆς</strong></span> <span class='ocrx_word' id='word_1_527' title='bbox 3377 2997 3726 3072; x_wconf 77' lang='grc' dir='ltr'>Ἰερουσαλήμ</span> <span class='ocrx_word' id='word_1_528' title='bbox 3750 2995 3898 3068; x_wconf 83' lang='grc' dir='ltr'>πολιορ·</span> 
     </span>
    </p>
   </div>
   <div class='ocr_carea' id='block_1_73' title="bbox 2395 3083 3898 3161">
    <p class='ocr_par' dir='ltr' id='par_1_73' title="bbox 2395 3083 3898 3161">
     <span class='ocr_line' id='line_1_73' title="bbox 2395 3083 3898 3161; baseline 0.003 -25"><span class='ocrx_word' id='word_1_529' title='bbox 2395 3083 2567 3154; x_wconf 81' lang='grc' dir='ltr'>κητὰς</span> <span class='ocrx_word' id='word_1_530' title='bbox 2593 3086 2622 3137; x_wconf 91' lang='lat'><strong>6</strong></span> <span class='ocrx_word' id='word_1_531' title='bbox 2647 3086 2982 3157; x_wconf 65' lang='grc' dir='ltr'>προφητικὸς</span> <span class='ocrx_word' id='word_1_532' title='bbox 3007 3086 3165 3153; x_wconf 79' lang='grc' dir='ltr'>λόγος</span> <span class='ocrx_word' id='word_1_533' title='bbox 3188 3088 3466 3160; x_wconf 81' lang='grc' dir='ltr'>ὠνόμασεν</span> <span class='ocrx_word' id='word_1_534' title='bbox 3481 3107 3496 3120; x_wconf 84' lang='grc'><strong>·</strong></span> <span class='ocrx_word' id='word_1_535' title='bbox 3525 3089 3600 3154; x_wconf 85' lang='grc' dir='ltr'><strong>ὡς</strong></span> <span class='ocrx_word' id='word_1_536' title='bbox 3618 3094 3700 3145; x_wconf 79' lang='grc' dir='ltr'><strong>ὅτε</strong></span> <span class='ocrx_word' id='word_1_537' title='bbox 3721 3092 3822 3161; x_wconf 66' lang='grc' dir='ltr'>περὶ</span> <span class='ocrx_word' id='word_1_538' title='bbox 3840 3087 3898 3140; x_wconf 73' lang='grc' dir='ltr'><strong>τοῦ</strong></span> 
     </span>
    </p>
   </div>
   <div class='ocr_carea' id='block_1_74' title="bbox 2396 3175 3897 3252">
    <p class='ocr_par' dir='ltr' id='par_1_74' title="bbox 2396 3175 3897 3252">
     <span class='ocr_line' id='line_1_74' title="bbox 2396 3175 3897 3252; baseline 0.007 -24"><span class='ocrx_word' id='word_1_539' title='bbox 2396 3175 2864 3247; x_wconf 77' lang='grc' dir='ltr'>Ναϐουχοδονόσορ</span> <span class='ocrx_word' id='word_1_540' title='bbox 2919 3177 3086 3248; x_wconf 81' lang='grc' dir='ltr'>λέγει·</span> <span class='ocrx_word' id='word_1_541' title='bbox 3134 3181 3196 3233; x_wconf 90' lang='lat'><strong>&#39;0</strong></span> <span class='ocrx_word' id='word_1_542' title='bbox 3235 3181 3408 3246; x_wconf 81' lang='grc' dir='ltr'>ἀετὸς</span> <span class='ocrx_word' id='word_1_543' title='bbox 3451 3185 3483 3236; x_wconf 82' lang='grc' dir='ltr'><strong><em>ό</em></strong></span> <span class='ocrx_word' id='word_1_544' title='bbox 3517 3179 3698 3252; x_wconf 74' lang='grc' dir='ltr'>μέγας</span> <span class='ocrx_word' id='word_1_545' title='bbox 3728 3185 3756 3237; x_wconf 86' lang='grc' dir='ltr'><em>ό</em></span> <span class='ocrx_word' id='word_1_546' title='bbox 3775 3199 3897 3252; x_wconf 77' lang='grc' dir='ltr'><strong>μετα·</strong></span> 
     </span>
    </p>
   </div>
   <div class='ocr_carea' id='block_1_75' title="bbox 2393 3263 3898 3342">
    <p class='ocr_par' dir='ltr' id='par_1_75' title="bbox 2393 3263 3898 3342">
     <span class='ocr_line' id='line_1_75' title="bbox 2393 3263 3898 3342; baseline 0.003 -25"><span class='ocrx_word' id='word_1_547' title='bbox 2393 3263 2794 3334; x_wconf 74' lang='grc' dir='ltr'><strong>λοπτέρυγος·</strong></span> <span class='ocrx_word' id='word_1_548' title='bbox 2827 3266 2902 3336; x_wconf 86' lang='grc' dir='ltr'><strong>μή</strong></span> <span class='ocrx_word' id='word_1_549' title='bbox 2951 3269 3067 3320; x_wconf 84' lang='grc' dir='ltr'>ποτ’</span> <span class='ocrx_word' id='word_1_550' title='bbox 3096 3265 3188 3322; x_wconf 80' lang='grc' dir='ltr'><strong>οὖν</strong></span> <span class='ocrx_word' id='word_1_551' title='bbox 3232 3271 3354 3324; x_wconf 89' lang='grc' dir='ltr'>καθ’</span> <span class='ocrx_word' id='word_1_552' title='bbox 3399 3272 3601 3342; x_wconf 76' lang='grc' dir='ltr'>ἑτέραν</span> <span class='ocrx_word' id='word_1_553' title='bbox 3645 3273 3842 3326; x_wconf 83' lang='grc' dir='ltr'>διάνοιαν</span> <span class='ocrx_word' id='word_1_554' title='bbox 3864 3270 3898 3323; x_wconf 79' lang='grc' dir='ltr'>αἱ</span> 
     </span>
    </p>
   </div>
   <div class='ocr_carea' id='block_1_76' title="bbox 2393 3353 3898 3429">
    <p class='ocr_par' dir='ltr' id='par_1_76' title="bbox 2393 3353 3898 3429">
     <span class='ocr_line' id='line_1_76' title="bbox 2393 3353 3898 3429; baseline 0.006 -25"><span class='ocrx_word' id='word_1_555' title='bbox 2393 3353 2761 3424; x_wconf 78' lang='grc' dir='ltr'>τιμωρητικαὶ</span> <span class='ocrx_word' id='word_1_556' title='bbox 2799 3355 2893 3406; x_wconf 73' lang='grc' dir='ltr'><strong>καὶ</strong></span> <span class='ocrx_word' id='word_1_557' title='bbox 2923 3355 3240 3411; x_wconf 73' lang='grc' dir='ltr'>κολαπικαὶ</span> <span class='ocrx_word' id='word_1_558' title='bbox 3269 3358 3551 3429; x_wconf 84' lang='grc' dir='ltr'>δυνάμεις,</span> <span class='ocrx_word' id='word_1_559' title='bbox 3585 3363 3638 3415; x_wconf 83' lang='grc' dir='ltr'>αἱ</span> <span class='ocrx_word' id='word_1_560' title='bbox 3682 3364 3786 3426; x_wconf 76' lang='grc' dir='ltr'>τοὺς</span> <span class='ocrx_word' id='word_1_561' title='bbox 3817 3363 3898 3414; x_wconf 67' lang='grc' dir='ltr'><strong>ὰπ-</strong></span> 
     </span>
    </p>
   </div>
   <div class='ocr_carea' id='block_1_77' title="bbox 2396 3439 3900 3522">
    <p class='ocr_par' dir='ltr' id='par_1_77' title="bbox 2396 3439 3900 3522">
     <span class='ocr_line' id='line_1_77' title="bbox 2396 3439 3900 3522; baseline 0.006 -30"><span class='ocrx_word' id='word_1_562' title='bbox 2396 3439 2510 3504; x_wconf 83' lang='grc' dir='ltr'><strong>6εῖς</strong></span> <span class='ocrx_word' id='word_1_563' title='bbox 2564 3441 3038 3514; x_wconf 83' lang='grc' dir='ltr'>μετελευσόμεναι,</span> <span class='ocrx_word' id='word_1_564' title='bbox 3085 3447 3172 3500; x_wconf 81' lang='grc' dir='ltr'><strong>διὰ</strong></span> <span class='ocrx_word' id='word_1_565' title='bbox 3221 3447 3330 3501; x_wconf 79' lang='grc' dir='ltr'>τῶν</span> <span class='ocrx_word' id='word_1_566' title='bbox 3384 3451 3622 3505; x_wconf 81' lang='grc' dir='ltr'>ἐνταῦθα</span> <span class='ocrx_word' id='word_1_567' title='bbox 3668 3449 3900 3522; x_wconf 73' lang='grc' dir='ltr'>λεγομένων</span> 
     </span>
    </p>
   </div>
   <div class='ocr_carea' id='block_1_78' title="bbox 2394 3531 3900 3616">
    <p class='ocr_par' dir='ltr' id='par_1_78' title="bbox 2394 3531 3900 3616">
     <span class='ocr_line' id='line_1_78' title="bbox 2394 3531 3900 3616; baseline 0.012 -31"><span class='ocrx_word' id='word_1_568' title='bbox 2394 3533 2568 3587; x_wconf 82' lang='grc' dir='ltr'>ἀετῶν</span> <span class='ocrx_word' id='word_1_569' title='bbox 2601 3531 2980 3606; x_wconf 71' lang='grc' dir='ltr'>ἐδηλώθησανδ</span> <span class='ocrx_word' id='word_1_570' title='bbox 3013 3533 3099 3603; x_wconf 80' lang='grc' dir='ltr'><strong>αἷς</strong></span> <span class='ocrx_word' id='word_1_571' title='bbox 3132 3539 3217 3593; x_wconf 82' lang='grc' dir='ltr'><strong>ἵνα</strong></span> <span class='ocrx_word' id='word_1_572' title='bbox 3239 3541 3318 3611; x_wconf 82' lang='grc' dir='ltr'><strong>μὴ</strong></span> <span class='ocrx_word' id='word_1_573' title='bbox 3353 3543 3756 3616; x_wconf 63' lang='grc' dir='ltr'>παραὼοῶμεν,</span> <span class='ocrx_word' id='word_1_574' title='bbox 3781 3540 3900 3611; x_wconf 66' lang='grc' dir='ltr'><strong>ἑξῆςδ</strong></span> 
     </span>
    </p>
   </div>
   <div class='ocr_carea' id='block_1_79' title="bbox 2394 3623 3420 3702">
    <p class='ocr_par' dir='ltr' id='par_1_79' title="bbox 2394 3623 3420 3702">
     <span class='ocr_line' id='line_1_79' title="bbox 2394 3623 3420 3702; baseline 0.009 -22"><span class='ocrx_word' id='word_1_575' title='bbox 2394 3623 2584 3699; x_wconf 75' lang='grc' dir='ltr'>Σωτὴρ</span> <span class='ocrx_word' id='word_1_576' title='bbox 2614 3631 2868 3698; x_wconf 85' lang='grc' dir='ltr'>παραινεῖ</span> <span class='ocrx_word' id='word_1_577' title='bbox 2892 3631 3074 3700; x_wconf 78' lang='grc' dir='ltr'>εὐχαῖς</span> <span class='ocrx_word' id='word_1_578' title='bbox 3108 3633 3420 3702; x_wconf 78' lang='grc' dir='ltr'>σχολάζειν.</span> 
     </span>
    </p>
   </div>
   <div class='ocr_carea' id='block_1_80' title="bbox 2534 3717 3806 3797">
    <p class='ocr_par' dir='ltr' id='par_1_80' title="bbox 2534 3717 3806 3797">
     <span class='ocr_line' id='line_1_80' title="bbox 2534 3717 3806 3797; baseline 0.004 -24"><span class='ocrx_word' id='word_1_579' title='bbox 2534 3720 2747 3789; x_wconf 70' lang='grc' dir='ltr'>Ιιζριτής</span> <span class='ocrx_word' id='word_1_580' title='bbox 2781 3738 2870 3787; x_wconf 85' lang='grc' dir='ltr'><strong>τις</strong></span> <span class='ocrx_word' id='word_1_581' title='bbox 2900 3717 2980 3791; x_wconf 75' lang='grc' dir='ltr'><strong>ἦν</strong></span> <span class='ocrx_word' id='word_1_582' title='bbox 3010 3724 3115 3776; x_wconf 82' lang='grc' dir='ltr'><em>τὸν</em></span> <span class='ocrx_word' id='word_1_583' title='bbox 3146 3723 3294 3779; x_wconf 79' lang='grc' dir='ltr'><strong>Θεὸν</strong></span> <span class='ocrx_word' id='word_1_584' title='bbox 3318 3725 3406 3795; x_wconf 81' lang='grc' dir='ltr'><strong>μὴ</strong></span> <span class='ocrx_word' id='word_1_585' title='bbox 3439 3729 3806 3797; x_wconf 66' lang='grc' dir='ltr'><strong>φοϐούμενος.</strong></span> 
     </span>
    </p>
   </div>
   <div class='ocr_carea' id='block_1_81' title="bbox 2477 3807 3900 3890">
    <p class='ocr_par' dir='ltr' id='par_1_81' title="bbox 2477 3807 3900 3890">
     <span class='ocr_line' id='line_1_81' title="bbox 2477 3807 3900 3890; baseline 0.001 -25"><span class='ocrx_word' id='word_1_586' title='bbox 2477 3807 2861 3866; x_wconf 83' lang='grc' dir='ltr'>Ἐπισυνάπτει</span> <span class='ocrx_word' id='word_1_587' title='bbox 2901 3813 3031 3882; x_wconf 88' lang='grc' dir='ltr'>γοῦν</span> <span class='ocrx_word' id='word_1_588' title='bbox 3076 3815 3170 3868; x_wconf 71' lang='grc' dir='ltr'><strong>καὶ</strong></span> <span class='ocrx_word' id='word_1_589' title='bbox 3219 3817 3536 3889; x_wconf 75' lang='grc' dir='ltr'>παραϐολὴν</span> <span class='ocrx_word' id='word_1_590' title='bbox 3569 3820 3667 3890; x_wconf 84' lang='grc' dir='ltr'>τὴν</span> <span class='ocrx_word' id='word_1_591' title='bbox 3708 3815 3814 3888; x_wconf 75' lang='grc' dir='ltr'>περὶ</span> <span class='ocrx_word' id='word_1_592' title='bbox 3843 3811 3900 3865; x_wconf 68' lang='grc' dir='ltr'><strong>τοῦ</strong></span> 
     </span>
    </p>
   </div>
   <div class='ocr_carea' id='block_1_82' title="bbox 2393 3903 3900 3983">
    <p class='ocr_par' dir='ltr' id='par_1_82' title="bbox 2393 3903 3900 3983">
     <span class='ocr_line' id='line_1_82' title="bbox 2393 3903 3900 3983; baseline 0.001 -26"><span class='ocrx_word' id='word_1_593' title='bbox 2393 3903 2580 3976; x_wconf 87' lang='grc' dir='ltr'>κριτοῦ</span> <span class='ocrx_word' id='word_1_594' title='bbox 2601 3906 2700 3976; x_wconf 81' lang='grc' dir='ltr'>τῆς</span> <span class='ocrx_word' id='word_1_595' title='bbox 2715 3905 2947 3972; x_wconf 84' lang='grc' dir='ltr'>ἀδικίας,</span> <span class='ocrx_word' id='word_1_596' title='bbox 2969 3905 3102 3978; x_wconf 80' lang='grc' dir='ltr'>πρὸς</span> <span class='ocrx_word' id='word_1_597' title='bbox 3123 3909 3183 3961; x_wconf 87' lang='grc' dir='ltr'><strong>τὸ</strong></span> <span class='ocrx_word' id='word_1_598' title='bbox 3198 3909 3310 3962; x_wconf 86' lang='grc' dir='ltr'>δεῖν</span> <span class='ocrx_word' id='word_1_599' title='bbox 3331 3909 3560 3964; x_wconf 84' lang='grc' dir='ltr'>πάντοτε</span> <span class='ocrx_word' id='word_1_600' title='bbox 3584 3904 3900 3983; x_wconf 73' lang='grc' dir='ltr'>προσεῦχεσθαι</span> 
     </span>
    </p>
   </div>
   <div class='ocr_carea' id='block_1_83' title="bbox 2393 3991 3901 4072">
    <p class='ocr_par' dir='ltr' id='par_1_83' title="bbox 2393 3991 3901 4072">
     <span class='ocr_line' id='line_1_83' title="bbox 2393 3991 3901 4072; baseline 0.003 -24"><span class='ocrx_word' id='word_1_601' title='bbox 2393 3996 2486 4049; x_wconf 72' lang='grc' dir='ltr'>καὶ</span> <span class='ocrx_word' id='word_1_602' title='bbox 2516 3995 2589 4067; x_wconf 82' lang='grc' dir='ltr'>μὴ</span> <span class='ocrx_word' id='word_1_603' title='bbox 2639 3999 2915 4050; x_wconf 79' lang='grc' dir='ltr'>ὲκκακεῖν.</span> <span class='ocrx_word' id='word_1_604' title='bbox 2963 3998 3035 4050; x_wconf 88' lang='grc' dir='ltr'><strong>Τὸ</strong></span> <span class='ocrx_word' id='word_1_605' title='bbox 3082 3999 3138 4051; x_wconf 82' lang='grc' dir='ltr'>δὲ</span> <span class='ocrx_word' id='word_1_606' title='bbox 3172 4002 3367 4054; x_wconf 85' lang='grc' dir='ltr'>εἰπεῖν·</span> <span class='ocrx_word' id='word_1_607' title='bbox 3395 3997 3544 4072; x_wconf 75' lang='grc' dir='ltr'><strong>Ἀρα</strong></span> <span class='ocrx_word' id='word_1_608' title='bbox 3584 3999 3742 4055; x_wconf 70' lang='grc' dir='ltr'>ἐλθὼν</span> <span class='ocrx_word' id='word_1_609' title='bbox 3769 3999 3791 4050; x_wconf 84' lang='lat'><strong>6</strong></span> <span class='ocrx_word' id='word_1_610' title='bbox 3821 3991 3901 4052; x_wconf 63' lang='lat' dir='ltr'><strong>Tir};</strong></span> 
     </span>
    </p>
   </div>
   <div class='ocr_carea' id='block_1_84' title="bbox 2391 4085 3900 4164">
    <p class='ocr_par' dir='ltr' id='par_1_84' title="bbox 2391 4085 3900 4164">
     <span class='ocr_line' id='line_1_84' title="bbox 2391 4085 3900 4164; baseline 0.004 -24"><span class='ocrx_word' id='word_1_611' title='bbox 2391 4086 2485 4140; x_wconf 83' lang='grc' dir='ltr'><strong>τοῦ</strong></span> <span class='ocrx_word' id='word_1_612' title='bbox 2513 4085 2799 4158; x_wconf 83' lang='grc' dir='ltr'>ἀνθρώπου</span> <span class='ocrx_word' id='word_1_613' title='bbox 2829 4089 3049 4160; x_wconf 79' lang='grc' dir='ltr'>εὑρήσει</span> <span class='ocrx_word' id='word_1_614' title='bbox 3077 4090 3174 4162; x_wconf 84' lang='grc' dir='ltr'>τὴν</span> <span class='ocrx_word' id='word_1_615' title='bbox 3195 4092 3384 4146; x_wconf 81' lang='grc' dir='ltr'>’πίστιν</span> <span class='ocrx_word' id='word_1_616' title='bbox 3406 4092 3500 4146; x_wconf 80' lang='grc' dir='ltr'>ἐπὶ</span> <span class='ocrx_word' id='word_1_617' title='bbox 3521 4093 3622 4164; x_wconf 89' lang='grc' dir='ltr'><strong>τῆς</strong></span> <span class='ocrx_word' id='word_1_618' title='bbox 3643 4094 3765 4164; x_wconf 75' lang='grc' dir='ltr'>γῆςς</span> <span class='ocrx_word' id='word_1_619' title='bbox 3787 4087 3900 4140; x_wconf 77' lang='grc' dir='ltr'>ἔκλει-</span> 
     </span>
    </p>
   </div>
   <div class='ocr_carea' id='block_1_85' title="bbox 2391 4177 3902 4254">
    <p class='ocr_par' dir='ltr' id='par_1_85' title="bbox 2391 4177 3902 4254">
     <span class='ocr_line' id='line_1_85' title="bbox 2391 4177 3902 4254; baseline 0.001 -24"><span class='ocrx_word' id='word_1_620' title='bbox 2391 4177 2483 4248; x_wconf 67' lang='grc' dir='ltr'>ψιν</span> <span class='ocrx_word' id='word_1_621' title='bbox 2511 4178 2659 4250; x_wconf 79' lang='grc' dir='ltr'>δηλοῖ</span> <span class='ocrx_word' id='word_1_622' title='bbox 2690 4180 2786 4250; x_wconf 80' lang='grc' dir='ltr'><strong>τῆς</strong></span> <span class='ocrx_word' id='word_1_623' title='bbox 2819 4179 3074 4246; x_wconf 84' lang='grc' dir='ltr'>πίστεως,</span> <span class='ocrx_word' id='word_1_624' title='bbox 3099 4181 3173 4246; x_wconf 86' lang='grc' dir='ltr'><strong>ὠς</strong></span> <span class='ocrx_word' id='word_1_625' title='bbox 3203 4181 3407 4253; x_wconf 83' lang='grc' dir='ltr'>μηδένα</span> <span class='ocrx_word' id='word_1_626' title='bbox 3448 4185 3639 4238; x_wconf 78' lang='grc' dir='ltr'>πιστὸν</span> <span class='ocrx_word' id='word_1_627' title='bbox 3686 4179 3902 4254; x_wconf 72' lang='grc' dir='ltr'>εὑρεθήσεο</span> 
     </span>
    </p>
   </div>
   <div class='ocr_carea' id='block_1_86' title="bbox 2395 4265 3902 4345">
    <p class='ocr_par' dir='ltr' id='par_1_86' title="bbox 2395 4265 3902 4345">
     <span class='ocr_line' id='line_1_86' title="bbox 2395 4265 3902 4345; baseline -0.003 -22"><span class='ocrx_word' id='word_1_628' title='bbox 2395 4269 2537 4334; x_wconf 87' lang='grc' dir='ltr'>σθαι,</span> <span class='ocrx_word' id='word_1_629' title='bbox 2633 4271 2814 4324; x_wconf 70' lang='grc' dir='ltr'>εἷ’που</span> <span class='ocrx_word' id='word_1_630' title='bbox 2850 4271 2960 4342; x_wconf 79' lang='grc' dir='ltr'>ἄρα</span> <span class='ocrx_word' id='word_1_631' title='bbox 2987 4272 3212 4327; x_wconf 82' lang='grc' dir='ltr'>σπάνιόν</span> <span class='ocrx_word' id='word_1_632' title='bbox 3241 4291 3360 4328; x_wconf 86' lang='grc' dir='ltr'>τινα</span> <span class='ocrx_word' id='word_1_633' title='bbox 3386 4275 3527 4329; x_wconf 83' lang='grc' dir='ltr'><strong>κατά</strong></span> <span class='ocrx_word' id='word_1_634' title='bbox 3552 4276 3644 4329; x_wconf 76' lang='grc' dir='ltr'>τὸν</span> <span class='ocrx_word' id='word_1_635' title='bbox 3669 4277 3757 4345; x_wconf 81' lang='grc' dir='ltr'><strong>τῆς</strong></span> <span class='ocrx_word' id='word_1_636' title='bbox 3777 4266 3902 4324; x_wconf 77' lang='grc' dir='ltr'>δευτέ-</span> 
     </span>
    </p>
   </div>
   <div class='ocr_carea' id='block_1_87' title="bbox 2398 4359 3902 4438">
    <p class='ocr_par' dir='ltr' id='par_1_87' title="bbox 2398 4359 3902 4438">
     <span class='ocr_line' id='line_1_87' title="bbox 2398 4359 3902 4438; baseline 0.003 -25"><span class='ocrx_word' id='word_1_637' title='bbox 2398 4378 2494 4434; x_wconf 84' lang='grc' dir='ltr'>ρας</span> <span class='ocrx_word' id='word_1_638' title='bbox 2527 4359 2690 4416; x_wconf 81' lang='grc' dir='ltr'>αὑτοῦ</span> <span class='ocrx_word' id='word_1_639' title='bbox 2727 4363 3042 4432; x_wconf 79' lang='grc' dir='ltr'>θεοφανείας</span> <span class='ocrx_word' id='word_1_640' title='bbox 3074 4363 3282 4437; x_wconf 69' lang='grc' dir='ltr'>χρόνον.</span> <span class='ocrx_word' id='word_1_641' title='bbox 3302 4367 3474 4437; x_wconf 81' lang='grc' dir='ltr'>Ὅπερ</span> <span class='ocrx_word' id='word_1_642' title='bbox 3509 4368 3648 4438; x_wconf 85' lang='grc' dir='ltr'>μέγα</span> <span class='ocrx_word' id='word_1_643' title='bbox 3681 4363 3902 4435; x_wconf 63' lang='grc' dir='ltr'>τεκμήριον</span> 
     </span>
    </p>
   </div>
   <div class='ocr_carea' id='block_1_88' title="bbox 717 4443 2298 4527">
    <p class='ocr_par' dir='ltr' id='par_1_88' title="bbox 717 4443 2290 4516">
     <span class='ocr_line' id='line_1_88' title="bbox 717 4443 2290 4516; baseline -0.002 -15"><span class='ocrx_word' id='word_1_644' title='bbox 717 4461 971 4516; x_wconf 81' lang='lat' dir='ltr'><strong>magnum</strong></span> <span class='ocrx_word' id='word_1_645' title='bbox 1001 4445 1211 4515; x_wconf 82' lang='lat' dir='ltr'><strong>signum</strong></span> <span class='ocrx_word' id='word_1_646' title='bbox 1240 4445 1343 4498; x_wconf 90' lang='lat' dir='ltr'><strong>erit</strong></span> <span class='ocrx_word' id='word_1_647' title='bbox 1363 4485 1379 4511; x_wconf 94' lang='lat'><strong>,</strong></span> <span class='ocrx_word' id='word_1_648' title='bbox 1407 4461 1528 4498; x_wconf 89' lang='lat' dir='ltr'><strong>cum</strong></span> <span class='ocrx_word' id='word_1_649' title='bbox 1560 4459 1686 4498; x_wconf 89' lang='lat' dir='ltr'><strong>raro</strong></span> <span class='ocrx_word' id='word_1_650' title='bbox 1714 4451 1967 4499; x_wconf 84' lang='lat' dir='ltr'><strong>occurret</strong></span> <span class='ocrx_word' id='word_1_651' title='bbox 2000 4443 2090 4514; x_wconf 92' lang='lat' dir='ltr'><strong>qui</strong></span> <span class='ocrx_word' id='word_1_652' title='bbox 2132 4443 2290 4500; x_wconf 84' lang='lat' dir='ltr'><strong>ﬁdem</strong></span> 
     </span>
    </p>
   </div>
   <div class='ocr_carea' id='block_1_89' title="bbox 2394 4443 3904 4527">
    <p class='ocr_par' dir='ltr' id='par_1_89' title="bbox 2394 4451 3904 4526">
     <span class='ocr_line' id='line_1_89' title="bbox 2394 4451 3904 4526; baseline 0 -18"><span class='ocrx_word' id='word_1_653' title='bbox 2394 4454 2648 4524; x_wconf 84' lang='grc' dir='ltr'>τυγχάνει</span> <span class='ocrx_word' id='word_1_654' title='bbox 2689 4453 2784 4506; x_wconf 86' lang='grc' dir='ltr'><strong>τοῦ</strong></span> <span class='ocrx_word' id='word_1_655' title='bbox 2828 4454 3018 4526; x_wconf 84' lang='grc' dir='ltr'>καιροῦ</span> <span class='ocrx_word' id='word_1_656' title='bbox 3049 4455 3150 4526; x_wconf 84' lang='grc' dir='ltr'>τῆς</span> <span class='ocrx_word' id='word_1_657' title='bbox 3191 4455 3546 4521; x_wconf 85' lang='grc' dir='ltr'>ἀποστασίας,</span> <span class='ocrx_word' id='word_1_658' title='bbox 3598 4461 3652 4511; x_wconf 79' lang='grc' dir='ltr'><strong>ἐν</strong></span> <span class='ocrx_word' id='word_1_659' title='bbox 3680 4451 3721 4525; x_wconf 84' lang='grc' dir='ltr'>ᾧ</span> <span class='ocrx_word' id='word_1_660' title='bbox 3747 4454 3904 4508; x_wconf 71' lang='grc' dir='ltr'>σπάνιος</span> 
     </span>
    </p>
   </div>
   <div class='ocr_carea' id='block_1_90' title="bbox 717 4534 2289 4604">
    <p class='ocr_par' dir='ltr' id='par_1_90' title="bbox 717 4534 2289 4604">
     <span class='ocr_line' id='line_1_90' title="bbox 717 4534 2289 4604; baseline -0.001 -12"><span class='ocrx_word' id='word_1_661' title='bbox 717 4540 954 4592; x_wconf 82' lang='lat' dir='ltr'><strong>retineat</strong></span> <span class='ocrx_word' id='word_1_662' title='bbox 981 4554 995 4592; x_wconf 92' lang='lat'><strong>:</strong></span> <span class='ocrx_word' id='word_1_663' title='bbox 1025 4536 1137 4592; x_wconf 89' lang='lat' dir='ltr'><strong>imo</strong></span> <span class='ocrx_word' id='word_1_664' title='bbox 1165 4550 1293 4592; x_wconf 86' lang='lat' dir='ltr'><strong>vero</strong></span> <span class='ocrx_word' id='word_1_665' title='bbox 1325 4551 1392 4590; x_wconf 88' lang='lat' dir='ltr'><strong>ne</strong></span> <span class='ocrx_word' id='word_1_666' title='bbox 1423 4550 1563 4590; x_wconf 89' lang='lat' dir='ltr'><strong>unus</strong></span> <span class='ocrx_word' id='word_1_667' title='bbox 1610 4535 1829 4604; x_wconf 86' lang='lat' dir='ltr'><strong>quidem</strong></span> <span class='ocrx_word' id='word_1_668' title='bbox 1885 4534 2117 4590; x_wconf 81' lang='lat' dir='ltr'><strong>fortasse</strong></span> <span class='ocrx_word' id='word_1_669' title='bbox 2163 4535 2289 4602; x_wconf 89' lang='lat' dir='ltr'><strong>erit,</strong></span> 
     </span>
    </p>
   </div>
   <div class='ocr_carea' id='block_1_91' title="bbox 715 4625 2286 4698">
    <p class='ocr_par' dir='ltr' id='par_1_91' title="bbox 715 4625 2286 4698">
     <span class='ocr_line' id='line_1_91' title="bbox 715 4625 2286 4698; baseline -0.001 -17"><span class='ocrx_word' id='word_1_670' title='bbox 715 4637 1003 4698; x_wconf 84' lang='lat' dir='ltr'><strong>propterea</strong></span> <span class='ocrx_word' id='word_1_671' title='bbox 1051 4627 1194 4696; x_wconf 90' lang='lat' dir='ltr'><strong>quod</strong></span> <span class='ocrx_word' id='word_1_672' title='bbox 1247 4627 1335 4680; x_wconf 89' lang='lat' dir='ltr'><strong>alii</strong></span> <span class='ocrx_word' id='word_1_673' title='bbox 1375 4627 1636 4696; x_wconf 85' lang='lat' dir='ltr'><strong>assumpti</strong></span> <span class='ocrx_word' id='word_1_674' title='bbox 1687 4625 1926 4690; x_wconf 81' lang='lat' dir='ltr'><strong>fuerint,</strong></span> <span class='ocrx_word' id='word_1_675' title='bbox 1963 4625 2054 4680; x_wconf 88' lang='lat' dir='ltr'><strong>alii</strong></span> <span class='ocrx_word' id='word_1_676' title='bbox 2089 4627 2286 4690; x_wconf 91' lang='lat' dir='ltr'><strong>relicti,</strong></span> 
     </span>
    </p>
   </div>
   <div class='ocr_carea' id='block_1_92' title="bbox 718 4717 2292 4791">
    <p class='ocr_par' dir='ltr' id='par_1_92' title="bbox 718 4717 2292 4791">
     <span class='ocr_line' id='line_1_92' title="bbox 718 4717 2292 4791; baseline -0.001 -17"><span class='ocrx_word' id='word_1_677' title='bbox 718 4721 912 4791; x_wconf 87' lang='lat' dir='ltr'><strong>aquilis</strong></span> <span class='ocrx_word' id='word_1_678' title='bbox 945 4735 1136 4790; x_wconf 87' lang='lat' dir='ltr'><strong>nempe</strong></span> <span class='ocrx_word' id='word_1_679' title='bbox 1170 4719 1439 4773; x_wconf 89' lang='lat' dir='ltr'><strong>tradendi.</strong></span> <span class='ocrx_word' id='word_1_680' title='bbox 1476 4717 1568 4773; x_wconf 91' lang='lat' dir='ltr'><strong>Sic</strong></span> <span class='ocrx_word' id='word_1_681' title='bbox 1595 4733 1725 4788; x_wconf 80' lang='lat' dir='ltr'><strong>ergo</strong></span> <span class='ocrx_word' id='word_1_682' title='bbox 1773 4717 1946 4774; x_wconf 88' lang='lat' dir='ltr'><strong>deleta</strong></span> <span class='ocrx_word' id='word_1_683' title='bbox 1999 4719 2146 4774; x_wconf 88' lang='lat' dir='ltr'><strong>inter</strong></span> <span class='ocrx_word' id='word_1_684' title='bbox 2194 4718 2292 4773; x_wconf 88' lang='lat' dir='ltr'><strong>ho-</strong></span> 
     </span>
    </p>
   </div>
   <div class='ocr_carea' id='block_1_93' title="bbox 717 4811 2291 4883">
    <p class='ocr_par' dir='ltr' id='par_1_93' title="bbox 717 4811 2291 4883">
     <span class='ocr_line' id='line_1_93' title="bbox 717 4811 2291 4883; baseline 0 -17"><span class='ocrx_word' id='word_1_685' title='bbox 717 4815 893 4869; x_wconf 87' lang='lat' dir='ltr'><strong>mines</strong></span> <span class='ocrx_word' id='word_1_686' title='bbox 928 4813 1053 4879; x_wconf 80' lang='lat' dir='ltr'><strong>ilde,</strong></span> <span class='ocrx_word' id='word_1_687' title='bbox 1083 4813 1198 4883; x_wconf 89' lang='lat' dir='ltr'><strong>ipse</strong></span> <span class='ocrx_word' id='word_1_688' title='bbox 1233 4813 1612 4882; x_wconf 85' lang='lat' dir='ltr'><strong>superveniet,</strong></span> <span class='ocrx_word' id='word_1_689' title='bbox 1669 4821 1885 4867; x_wconf 86' lang='lat' dir='ltr'><strong>sanctos</strong></span> <span class='ocrx_word' id='word_1_690' title='bbox 1915 4827 2042 4867; x_wconf 73' lang='lat' dir='ltr'><strong>suos</strong></span> <span class='ocrx_word' id='word_1_691' title='bbox 2095 4811 2185 4883; x_wconf 90' lang='lat' dir='ltr'><strong>qui</strong></span> <span class='ocrx_word' id='word_1_692' title='bbox 2223 4812 2291 4866; x_wconf 88' lang='lat' dir='ltr'><strong>ab</strong></span> 
     </span>
    </p>
   </div>
   <div class='ocr_carea' id='block_1_94' title="bbox 715 4903 2290 4975">
    <p class='ocr_par' dir='ltr' id='par_1_94' title="bbox 715 4903 2290 4975">
     <span class='ocr_line' id='line_1_94' title="bbox 715 4903 2290 4975; baseline -0.002 -15"><span class='ocrx_word' id='word_1_693' title='bbox 715 4905 900 4975; x_wconf 85' lang='lat' dir='ltr'><strong>impiis</strong></span> <span class='ocrx_word' id='word_1_694' title='bbox 923 4905 1031 4960; x_wconf 87' lang='lat' dir='ltr'><strong>leto</strong></span> <span class='ocrx_word' id='word_1_695' title='bbox 1061 4904 1226 4960; x_wconf 87' lang='lat' dir='ltr'><strong>dediti</strong></span> <span class='ocrx_word' id='word_1_696' title='bbox 1259 4904 1478 4969; x_wconf 82' lang='lat' dir='ltr'><strong>fuerint,</strong></span> <span class='ocrx_word' id='word_1_697' title='bbox 1503 4903 1894 4960; x_wconf 85' lang='lat' dir='ltr'><strong>vindicaturus.</strong></span> <span class='ocrx_word' id='word_1_698' title='bbox 1921 4903 2079 4959; x_wconf 84' lang='lat' dir='ltr'><strong>Brevi</strong></span> <span class='ocrx_word' id='word_1_699' title='bbox 2111 4913 2290 4958; x_wconf 84' lang='lat' dir='ltr'><strong>autem</strong></span> 
     </span>
    </p>
   </div>
   <div class='ocr_carea' id='block_1_95' title="bbox 715 4997 2293 5068">
    <p class='ocr_par' dir='ltr' id='par_1_95' title="bbox 715 4997 2293 5068">
     <span class='ocr_line' id='line_1_95' title="bbox 715 4997 2293 5068; baseline 0.001 -18"><span class='ocrx_word' id='word_1_700' title='bbox 715 4998 979 5054; x_wconf 87' lang='lat' dir='ltr'><strong>ultionem</strong></span> <span class='ocrx_word' id='word_1_701' title='bbox 1005 4998 1264 5068; x_wconf 87' lang='lat' dir='ltr'><strong>patrabit,</strong></span> <span class='ocrx_word' id='word_1_702' title='bbox 1295 5005 1583 5068; x_wconf 86' lang='lat' dir='ltr'><strong>propterea</strong></span> <span class='ocrx_word' id='word_1_703' title='bbox 1607 4998 1749 5068; x_wconf 90' lang='lat' dir='ltr'><strong>quod</strong></span> <span class='ocrx_word' id='word_1_704' title='bbox 1783 4997 1836 5050; x_wconf 91' lang='lat' dir='ltr'><strong>hi</strong></span> <span class='ocrx_word' id='word_1_705' title='bbox 1884 4999 1974 5052; x_wconf 89' lang='lat' dir='ltr'><strong>diu</strong></span> <span class='ocrx_word' id='word_1_706' title='bbox 2023 5007 2293 5066; x_wconf 89' lang='lat' dir='ltr'><strong>noctuque</strong></span> 
     </span>
    </p>
   </div>
   <div class='ocr_carea' id='block_1_96' title="bbox 719 5089 2289 5159">
    <p class='ocr_par' dir='ltr' id='par_1_96' title="bbox 719 5089 2289 5159">
     <span class='ocr_line' id='line_1_96' title="bbox 719 5089 2289 5159; baseline 0.001 -16"><span class='ocrx_word' id='word_1_707' title='bbox 719 5091 784 5144; x_wconf 87' lang='lat' dir='ltr'><strong>ad</strong></span> <span class='ocrx_word' id='word_1_708' title='bbox 817 5103 939 5144; x_wconf 90' lang='lat' dir='ltr'><strong>eum</strong></span> <span class='ocrx_word' id='word_1_709' title='bbox 968 5091 1224 5145; x_wconf 84' lang='lat' dir='ltr'><strong>clamant.</strong></span> <span class='ocrx_word' id='word_1_710' title='bbox 1251 5089 1319 5144; x_wconf 87' lang='lat' dir='ltr'><strong>Et</strong></span> <span class='ocrx_word' id='word_1_711' title='bbox 1347 5089 1562 5159; x_wconf 89' lang='lat' dir='ltr'><strong>quidem</strong></span> <span class='ocrx_word' id='word_1_712' title='bbox 1605 5099 1662 5144; x_wconf 88' lang='lat' dir='ltr'><strong>ut</strong></span> <span class='ocrx_word' id='word_1_713' title='bbox 1691 5091 1756 5144; x_wconf 87' lang='lat' dir='ltr'><strong>ad</strong></span> <span class='ocrx_word' id='word_1_714' title='bbox 1792 5105 1851 5145; x_wconf 85' lang='lat' dir='ltr'><strong>se</strong></span> <span class='ocrx_word' id='word_1_715' title='bbox 1891 5089 2162 5153; x_wconf 86' lang='lat' dir='ltr'><strong>clament,</strong></span> <span class='ocrx_word' id='word_1_716' title='bbox 2191 5091 2289 5145; x_wconf 88' lang='lat' dir='ltr'><strong>do-</strong></span> 
     </span>
    </p>
   </div>
   <div class='ocr_carea' id='block_1_97' title="bbox 717 5177 2082 5252">
    <p class='ocr_par' dir='ltr' id='par_1_97' title="bbox 717 5177 2082 5252">
     <span class='ocr_line' id='line_1_97' title="bbox 717 5177 2082 5252; baseline 0.001 -19"><span class='ocrx_word' id='word_1_717' title='bbox 717 5181 832 5235; x_wconf 88' lang='lat' dir='ltr'><strong>cuit</strong></span> <span class='ocrx_word' id='word_1_718' title='bbox 859 5195 953 5236; x_wconf 89' lang='lat' dir='ltr'><strong>eos</strong></span> <span class='ocrx_word' id='word_1_719' title='bbox 981 5195 1078 5252; x_wconf 91' lang='lat' dir='ltr'><strong>per</strong></span> <span class='ocrx_word' id='word_1_720' title='bbox 1108 5182 1425 5250; x_wconf 86' lang='lat' dir='ltr'><strong>parabolam</strong></span> <span class='ocrx_word' id='word_1_721' title='bbox 1456 5179 1522 5234; x_wconf 91' lang='lat' dir='ltr'><strong>de</strong></span> <span class='ocrx_word' id='word_1_722' title='bbox 1547 5177 1729 5249; x_wconf 84' lang='lat' dir='ltr'><strong>judice</strong></span> <span class='ocrx_word' id='word_1_723' title='bbox 1759 5179 2082 5249; x_wconf 85' lang='lat' dir='ltr'><strong>iniquitatis.</strong></span> 
     </span>
    </p>
   </div>
   <div class='ocr_carea' id='block_1_98' title="bbox 716 5357 2290 5430">
    <p class='ocr_par' dir='ltr' id='par_1_98' title="bbox 716 5357 2290 5430">
     <span class='ocr_line' id='line_1_98' title="bbox 716 5357 2290 5430; baseline 0.001 -17"><span class='ocrx_word' id='word_1_724' title='bbox 716 5358 764 5392; x_wconf 76' lang='grc'><strong>⁸⁸</strong></span> <span class='ocrx_word' id='word_1_725' title='bbox 780 5357 950 5414; x_wconf 81' lang='lat' dir='ltr'><strong>Homo</strong></span> <span class='ocrx_word' id='word_1_726' title='bbox 963 5363 1175 5430; x_wconf 83' lang='lat' dir='ltr'><strong>quidam</strong></span> <span class='ocrx_word' id='word_1_727' title='bbox 1197 5360 1386 5415; x_wconf 80' lang='lat' dir='ltr'><strong>nobilis</strong></span> <span class='ocrx_word' id='word_1_728' title='bbox 1409 5362 1536 5414; x_wconf 84' lang='lat' dir='ltr'><strong>abiit</strong></span> <span class='ocrx_word' id='word_1_729' title='bbox 1581 5361 1634 5414; x_wconf 87' lang='lat' dir='ltr'><strong>in</strong></span> <span class='ocrx_word' id='word_1_730' title='bbox 1659 5360 1920 5428; x_wconf 83' lang='lat' dir='ltr'><strong>regionem</strong></span> <span class='ocrx_word' id='word_1_731' title='bbox 1948 5359 2290 5428; x_wconf 85' lang='lat' dir='ltr'><strong>longinquam</strong></span> 
     </span>
    </p>
   </div>
   <div class='ocr_carea' id='block_1_99' title="bbox 1016 5433 1982 5502">
    <p class='ocr_par' dir='ltr' id='par_1_99' title="bbox 1016 5433 1982 5502">
     <span class='ocr_line' id='line_1_99' title="bbox 1016 5433 1982 5502; baseline -0.002 -18"><span class='ocrx_word' id='word_1_732' title='bbox 1016 5435 1248 5499; x_wconf 75' lang='lat' dir='ltr'><strong>accipere</strong></span> <span class='ocrx_word' id='word_1_733' title='bbox 1277 5433 1374 5486; x_wconf 74' lang='lat' dir='ltr'><strong>sibi</strong></span> <span class='ocrx_word' id='word_1_734' title='bbox 1415 5446 1656 5502; x_wconf 81' lang='lat' dir='ltr'><strong>regnum,</strong></span> <span class='ocrx_word' id='word_1_735' title='bbox 1697 5441 1744 5485; x_wconf 80' lang='lat' dir='ltr'><strong>et</strong></span> <span class='ocrx_word' id='word_1_736' title='bbox 1773 5433 1982 5483; x_wconf 78' lang='lat' dir='ltr'><strong>reuerti.</strong></span> 
     </span>
    </p>
   </div>
   <div class='ocr_carea' id='block_1_100' title="bbox 789 5519 2292 5592">
    <p class='ocr_par' dir='ltr' id='par_1_100' title="bbox 789 5519 2292 5592">
     <span class='ocr_line' id='line_1_100' title="bbox 789 5519 2292 5592; baseline -0.001 -14"><span class='ocrx_word' id='word_1_737' title='bbox 789 5522 866 5578; x_wconf 80' lang='lat' dir='ltr'><strong>En</strong></span> <span class='ocrx_word' id='word_1_738' title='bbox 892 5538 1009 5592; x_wconf 69' lang='lat' dir='ltr'><strong>qua:</strong></span> <span class='ocrx_word' id='word_1_739' title='bbox 1039 5523 1092 5577; x_wconf 90' lang='lat' dir='ltr'><strong>in</strong></span> <span class='ocrx_word' id='word_1_740' title='bbox 1125 5523 1226 5578; x_wconf 88' lang='lat' dir='ltr'><strong>hac</strong></span> <span class='ocrx_word' id='word_1_741' title='bbox 1259 5521 1512 5592; x_wconf 89' lang='lat' dir='ltr'><strong>parabola</strong></span> <span class='ocrx_word' id='word_1_742' title='bbox 1544 5521 1873 5576; x_wconf 82' lang='lat' dir='ltr'><strong>edocemnr:</strong></span> <span class='ocrx_word' id='word_1_743' title='bbox 1911 5519 2150 5576; x_wconf 89' lang='lat' dir='ltr'><strong>futurum</strong></span> <span class='ocrx_word' id='word_1_744' title='bbox 2186 5523 2292 5578; x_wconf 87' lang='lat' dir='ltr'><strong>sci-</strong></span> 
     </span>
    </p>
   </div>
   <div class='ocr_carea' id='block_1_101' title="bbox 789 5758 2502 5828">
    <p class='ocr_par' dir='ltr' id='par_1_101' title="bbox 789 5758 2502 5828">
     <span class='ocr_line' id='line_1_101' title="bbox 789 5758 2502 5828; baseline -0.001 -12"><span class='ocrx_word' id='word_1_745' title='bbox 789 5763 832 5795; x_wconf 84' lang='grc'>³³</span> <span class='ocrx_word' id='word_1_746' title='bbox 855 5761 982 5817; x_wconf 76' lang='lat' dir='ltr'><strong>Luc.</strong></span> <span class='ocrx_word' id='word_1_747' title='bbox 1011 5775 1141 5827; x_wconf 72' lang='lat' dir='ltr'><strong>xvn,</strong></span> <span class='ocrx_word' id='word_1_748' title='bbox 1163 5758 1252 5813; x_wconf 80' lang='lat'><strong>57.</strong></span> <span class='ocrx_word' id='word_1_749' title='bbox 1327 5758 1370 5790; x_wconf 74' lang='grc'><strong>³⁵</strong></span> <span class='ocrx_word' id='word_1_750' title='bbox 1413 5759 1600 5816; x_wconf 74' lang='lat' dir='ltr'><strong>Matth.</strong></span> <span class='ocrx_word' id='word_1_751' title='bbox 1629 5777 1776 5826; x_wconf 76' lang='lat' dir='ltr'><strong>xxiv,</strong></span> <span class='ocrx_word' id='word_1_752' title='bbox 1803 5761 1892 5819; x_wconf 74' lang='lat'><strong>&#39;28.</strong></span> <span class='ocrx_word' id='word_1_753' title='bbox 1970 5763 2012 5794; x_wconf 78' lang='grc'><strong>³³</strong></span> <span class='ocrx_word' id='word_1_754' title='bbox 2039 5761 2234 5816; x_wconf 78' lang='lat' dir='ltr'><strong>Ezech.</strong></span> <span class='ocrx_word' id='word_1_755' title='bbox 2267 5777 2422 5828; x_wconf 71' lang='lat' dir='ltr'><strong>mu,</strong></span> <span class='ocrx_word' id='word_1_756' title='bbox 2450 5762 2502 5814; x_wconf 82' lang='grc'><strong>5.</strong></span> 
     </span>
    </p>
   </div>
   <div class='ocr_carea' id='block_1_102' title="bbox 2396 4541 3902 4619">
    <p class='ocr_par' dir='ltr' id='par_1_102' title="bbox 2396 4541 3902 4619">
     <span class='ocr_line' id='line_1_102' title="bbox 2396 4541 3902 4619; baseline 0.001 -25"><span class='ocrx_word' id='word_1_757' title='bbox 2396 4541 2547 4596; x_wconf 76' lang='grc' dir='ltr'>ἔσται</span> <span class='ocrx_word' id='word_1_758' title='bbox 2571 4546 2599 4597; x_wconf 90' lang='lat'><strong>6</strong></span> <span class='ocrx_word' id='word_1_759' title='bbox 2625 4541 3050 4616; x_wconf 80' lang='grc' dir='ltr'>εὑρεθησόμενος</span> <span class='ocrx_word' id='word_1_760' title='bbox 3077 4546 3291 4609; x_wconf 69' lang='grc' dir='ltr'>πιστός*</span> <span class='ocrx_word' id='word_1_761' title='bbox 3315 4547 3458 4618; x_wconf 84' lang='grc' dir='ltr'>τάχα</span> <span class='ocrx_word' id='word_1_762' title='bbox 3481 4547 3538 4600; x_wconf 82' lang='grc' dir='ltr'><strong>δὲ</strong></span> <span class='ocrx_word' id='word_1_763' title='bbox 3561 4549 3680 4602; x_wconf 82' lang='grc' dir='ltr'>οὐδὲ</span> <span class='ocrx_word' id='word_1_764' title='bbox 3701 4541 3770 4619; x_wconf 75' lang='grc' dir='ltr'><strong>εἷς</strong></span> <span class='ocrx_word' id='word_1_765' title='bbox 3787 4543 3902 4596; x_wconf 69' lang='grc' dir='ltr'>ἔσται,</span> 
     </span>
    </p>
   </div>
   <div class='ocr_carea' id='block_1_103' title="bbox 2393 4635 3904 4710">
    <p class='ocr_par' dir='ltr' id='par_1_103' title="bbox 2393 4635 3904 4710">
     <span class='ocr_line' id='line_1_103' title="bbox 2393 4635 3904 4710; baseline -0.001 -22"><span class='ocrx_word' id='word_1_766' title='bbox 2393 4635 2482 4689; x_wconf 81' lang='grc' dir='ltr'><strong>διὰ</strong></span> <span class='ocrx_word' id='word_1_767' title='bbox 2509 4636 2570 4688; x_wconf 79' lang='grc' dir='ltr'>τὸ</span> <span class='ocrx_word' id='word_1_768' title='bbox 2619 4637 2744 4700; x_wconf 77' lang='grc' dir='ltr'>τοὺς</span> <span class='ocrx_word' id='word_1_769' title='bbox 2792 4637 2892 4706; x_wconf 80' lang='grc' dir='ltr'><strong>μὲν</strong></span> <span class='ocrx_word' id='word_1_770' title='bbox 2941 4637 3490 4710; x_wconf 81' lang='grc' dir='ltr'>παραληφθήσεσθαι,</span> <span class='ocrx_word' id='word_1_771' title='bbox 3525 4642 3653 4704; x_wconf 80' lang='grc' dir='ltr'>τοὺς</span> <span class='ocrx_word' id='word_1_772' title='bbox 3695 4639 3745 4691; x_wconf 80' lang='grc' dir='ltr'>δὲ</span> <span class='ocrx_word' id='word_1_773' title='bbox 3789 4649 3904 4688; x_wconf 61' lang='grc' dir='ltr'>κειται</span> 
     </span>
    </p>
   </div>
   <div class='ocr_carea' id='block_1_104' title="bbox 2394 4727 3905 4804">
    <p class='ocr_par' dir='ltr' id='par_1_104' title="bbox 2394 4727 3905 4804">
     <span class='ocr_line' id='line_1_104' title="bbox 2394 4727 3905 4804; baseline -0.001 -25"><span class='ocrx_word' id='word_1_774' title='bbox 2394 4727 2782 4800; x_wconf 76' lang='grc' dir='ltr'>λειφθήσεσθαι</span> <span class='ocrx_word' id='word_1_775' title='bbox 2805 4727 2917 4792; x_wconf 86' lang='grc' dir='ltr'>τοῖς</span> <span class='ocrx_word' id='word_1_776' title='bbox 2943 4729 3121 4794; x_wconf 85' lang='grc' dir='ltr'>ἀετοῖς</span> <span class='ocrx_word' id='word_1_777' title='bbox 3147 4729 3717 4804; x_wconf 84' lang='grc' dir='ltr'>παραδοθησομένους·</span> <span class='ocrx_word' id='word_1_778' title='bbox 3745 4727 3905 4781; x_wconf 73' lang='grc' dir='ltr'>οὕτωτί</span> 
     </span>
    </p>
   </div>
   <div class='ocr_carea' id='block_1_105' title="bbox 2396 4815 3906 4893">
    <p class='ocr_par' dir='ltr' id='par_1_105' title="bbox 2396 4815 3906 4893">
     <span class='ocr_line' id='line_1_105' title="bbox 2396 4815 3906 4893; baseline -0.001 -21"><span class='ocrx_word' id='word_1_779' title='bbox 2396 4817 2455 4885; x_wconf 76' lang='grc' dir='ltr'>ἐξ</span> <span class='ocrx_word' id='word_1_780' title='bbox 2490 4817 2790 4891; x_wconf 85' lang='grc' dir='ltr'>ἀνθρώπων</span> <span class='ocrx_word' id='word_1_781' title='bbox 2833 4819 3194 4893; x_wconf 78' lang='grc' dir='ltr'>ἐκλειπούσης</span> <span class='ocrx_word' id='word_1_782' title='bbox 3235 4821 3336 4892; x_wconf 77' lang='grc' dir='ltr'><strong>τῆς</strong></span> <span class='ocrx_word' id='word_1_783' title='bbox 3377 4823 3633 4887; x_wconf 87' lang='grc' dir='ltr'>πίστεως,</span> <span class='ocrx_word' id='word_1_784' title='bbox 3667 4820 3809 4881; x_wconf 78' lang='grc' dir='ltr'>αὐτὸς</span> <span class='ocrx_word' id='word_1_785' title='bbox 3839 4815 3906 4866; x_wconf 67' lang='grc' dir='ltr'>λα·</span> 
     </span>
    </p>
   </div>
   <div class='ocr_carea' id='block_1_106' title="bbox 2397 4905 3907 4985">
    <p class='ocr_par' dir='ltr' id='par_1_106' title="bbox 2397 4905 3907 4985">
     <span class='ocr_line' id='line_1_106' title="bbox 2397 4905 3907 4985; baseline -0.001 -22"><span class='ocrx_word' id='word_1_786' title='bbox 2397 4911 2498 4964; x_wconf 65' lang='grc' dir='ltr'>πὸν</span> <span class='ocrx_word' id='word_1_787' title='bbox 2518 4913 2868 4983; x_wconf 74' lang='grc' dir='ltr'>ἐπιστήσεται</span> <span class='ocrx_word' id='word_1_788' title='bbox 2892 4911 2992 4984; x_wconf 78' lang='grc' dir='ltr'><strong>τήν</strong></span> <span class='ocrx_word' id='word_1_789' title='bbox 3015 4913 3290 4984; x_wconf 76' lang='grc' dir='ltr'>ἐκδίκησιν</span> <span class='ocrx_word' id='word_1_790' title='bbox 3307 4931 3432 4985; x_wconf 85' lang='grc' dir='ltr'>ποιη</span> <span class='ocrx_word' id='word_1_791' title='bbox 3441 4913 3665 4985; x_wconf 83' lang='grc' dir='ltr'>σὸμενος</span> <span class='ocrx_word' id='word_1_792' title='bbox 3683 4911 3780 4966; x_wconf 83' lang='grc' dir='ltr'>τῶν</span> <span class='ocrx_word' id='word_1_793' title='bbox 3793 4905 3907 4974; x_wconf 72' lang='grc' dir='ltr'>ἁγίων</span> 
     </span>
    </p>
   </div>
   <div class='ocr_carea' id='block_1_107' title="bbox 2400 4999 3907 5077">
    <p class='ocr_par' dir='ltr' id='par_1_107' title="bbox 2400 4999 3907 5077">
     <span class='ocr_line' id='line_1_107' title="bbox 2400 4999 3907 5077; baseline 0.002 -23"><span class='ocrx_word' id='word_1_794' title='bbox 2400 4999 2563 5054; x_wconf 73' lang='grc' dir='ltr'>αὐτοῦ</span> <span class='ocrx_word' id='word_1_795' title='bbox 2591 5002 2699 5055; x_wconf 85' lang='grc' dir='ltr'>τῶν</span> <span class='ocrx_word' id='word_1_796' title='bbox 2742 5003 2846 5056; x_wconf 84' lang='grc' dir='ltr'>ὑπὸ</span> <span class='ocrx_word' id='word_1_797' title='bbox 2885 5003 2993 5056; x_wconf 82' lang='grc' dir='ltr'>τῶν</span> <span class='ocrx_word' id='word_1_798' title='bbox 3023 5003 3236 5057; x_wconf 78' lang='grc' dir='ltr'>ἀσεϐῶν</span> <span class='ocrx_word' id='word_1_799' title='bbox 3277 5005 3652 5077; x_wconf 73' lang='grc' dir='ltr'>ἀνῃρημένων.</span> <span class='ocrx_word' id='word_1_800' title='bbox 3699 5005 3778 5058; x_wconf 84' lang='grc' dir='ltr'><strong>Ἐν</strong></span> <span class='ocrx_word' id='word_1_801' title='bbox 3805 4999 3907 5066; x_wconf 70' lang='grc' dir='ltr'>τάχει</span> 
     </span>
    </p>
   </div>
   <div class='ocr_carea' id='block_1_108' title="bbox 2399 5083 3907 5166">
    <p class='ocr_par' dir='ltr' id='par_1_108' title="bbox 2399 5083 3907 5166">
     <span class='ocr_line' id='line_1_108' title="bbox 2399 5083 3907 5166; baseline -0.003 -23"><span class='ocrx_word' id='word_1_802' title='bbox 2399 5087 2455 5143; x_wconf 81' lang='grc' dir='ltr'>δὲ</span> <span class='ocrx_word' id='word_1_803' title='bbox 2505 5092 2719 5162; x_wconf 85' lang='grc' dir='ltr'>ποιήσει</span> <span class='ocrx_word' id='word_1_804' title='bbox 2765 5092 2862 5164; x_wconf 80' lang='grc' dir='ltr'>τὴν</span> <span class='ocrx_word' id='word_1_805' title='bbox 2908 5093 3206 5164; x_wconf 77' lang='grc' dir='ltr'>ἐκδίκησιν,</span> <span class='ocrx_word' id='word_1_806' title='bbox 3233 5093 3323 5147; x_wconf 77' lang='grc' dir='ltr'>διὰ</span> <span class='ocrx_word' id='word_1_807' title='bbox 3361 5095 3423 5147; x_wconf 85' lang='grc' dir='ltr'><strong>τὸ</strong></span> <span class='ocrx_word' id='word_1_808' title='bbox 3465 5095 3592 5165; x_wconf 78' lang='grc' dir='ltr'>βοᾷν</span> <span class='ocrx_word' id='word_1_809' title='bbox 3636 5093 3760 5166; x_wconf 79' lang='grc' dir='ltr'>πρὸς</span> <span class='ocrx_word' id='word_1_810' title='bbox 3795 5083 3907 5142; x_wconf 69' lang='grc' dir='ltr'>αὐτὸν</span> 
     </span>
    </p>
   </div>
   <div class='ocr_carea' id='block_1_109' title="bbox 2400 5173 3908 5258">
    <p class='ocr_par' dir='ltr' id='par_1_109' title="bbox 2400 5173 3908 5258">
     <span class='ocr_line' id='line_1_109' title="bbox 2400 5173 3908 5258; baseline 0.002 -25"><span class='ocrx_word' id='word_1_811' title='bbox 2400 5183 2592 5245; x_wconf 83' lang='grc' dir='ltr'>νυκτὸς</span> <span class='ocrx_word' id='word_1_812' title='bbox 2624 5183 2720 5236; x_wconf 70' lang='grc' dir='ltr'><strong>καὶ</strong></span> <span class='ocrx_word' id='word_1_813' title='bbox 2753 5185 2962 5254; x_wconf 75' lang='grc' dir='ltr'>ἡμέρας</span> <span class='ocrx_word' id='word_1_814' title='bbox 2987 5203 3000 5215; x_wconf 86' lang='grc'>·</span> <span class='ocrx_word' id='word_1_815' title='bbox 3037 5185 3166 5257; x_wconf 85' lang='grc' dir='ltr'><strong>βοᾷν</strong></span> <span class='ocrx_word' id='word_1_816' title='bbox 3207 5185 3262 5239; x_wconf 81' lang='grc' dir='ltr'><strong>δὲ</strong></span> <span class='ocrx_word' id='word_1_817' title='bbox 3290 5186 3425 5258; x_wconf 81' lang='grc' dir='ltr'>πρὸς</span> <span class='ocrx_word' id='word_1_818' title='bbox 3464 5187 3627 5239; x_wconf 81' lang='grc' dir='ltr'>αὑτὸν</span> <span class='ocrx_word' id='word_1_819' title='bbox 3661 5181 3834 5245; x_wconf 77' lang='grc' dir='ltr'>ἐδίδαξε</span> <span class='ocrx_word' id='word_1_820' title='bbox 3853 5173 3908 5228; x_wconf 70' lang='grc' dir='ltr'><strong>διέὶ</strong></span> 
     </span>
    </p>
   </div>
   <div class='ocr_carea' id='block_1_110' title="bbox 2400 5275 3586 5351">
    <p class='ocr_par' dir='ltr' id='par_1_110' title="bbox 2400 5275 3586 5351">
     <span class='ocr_line' id='line_1_110' title="bbox 2400 5275 3586 5351; baseline 0.004 -23"><span class='ocrx_word' id='word_1_821' title='bbox 2400 5275 2496 5346; x_wconf 75' lang='grc' dir='ltr'><strong>τῆς</strong></span> <span class='ocrx_word' id='word_1_822' title='bbox 2529 5275 2844 5348; x_wconf 78' lang='grc' dir='ltr'>παραϐολῆς</span> <span class='ocrx_word' id='word_1_823' title='bbox 2875 5279 2968 5331; x_wconf 87' lang='grc' dir='ltr'><strong>τοῦ</strong></span> <span class='ocrx_word' id='word_1_824' title='bbox 3000 5279 3188 5350; x_wconf 79' lang='grc' dir='ltr'>κριτοῦ</span> <span class='ocrx_word' id='word_1_825' title='bbox 3217 5280 3316 5351; x_wconf 83' lang='grc' dir='ltr'>τῆς</span> <span class='ocrx_word' id='word_1_826' title='bbox 3357 5280 3586 5344; x_wconf 85' lang='grc' dir='ltr'>ἀδικίας.</span> 
     </span>
    </p>
   </div>
   <div class='ocr_carea' id='block_1_111' title="bbox 2403 5369 3906 5442">
    <p class='ocr_par' dir='ltr' id='par_1_111' title="bbox 2403 5369 3906 5442">
     <span class='ocr_line' id='line_1_111' title="bbox 2403 5369 3906 5442; baseline 0.009 -23"><span class='ocrx_word' id='word_1_827' title='bbox 2403 5369 2736 5442; x_wconf 66' lang='grc' dir='ltr'>Ἄνθρωπός</span> <span class='ocrx_word' id='word_1_828' title='bbox 2761 5387 2856 5442; x_wconf 5' lang='grc' dir='ltr'>τις,</span> <span class='ocrx_word' id='word_1_829' title='bbox 2885 5371 3138 5442; x_wconf 71' lang='grc' dir='ltr'>εὐγενὴς</span> <span class='ocrx_word' id='word_1_830' title='bbox 3168 5371 3457 5440; x_wconf 76' lang='grc' dir='ltr'>ἐπορεύθη</span> <span class='ocrx_word' id='word_1_831' title='bbox 3499 5375 3585 5438; x_wconf 80' lang='grc' dir='ltr'><strong>εἱς</strong></span> <span class='ocrx_word' id='word_1_832' title='bbox 3627 5369 3906 5442; x_wconf 64' lang='grc' dir='ltr'><strong>κώ.Οαῗ”,μα“</strong></span> 
     </span>
    </p>
   </div>
   <div class='ocr_carea' id='block_1_112' title="bbox 2437 5435 3884 5532">
    <p class='ocr_par' dir='ltr' id='par_1_112' title="bbox 2437 5435 3884 5507">
     <span class='ocr_line' id='line_1_112' title="bbox 2437 5435 3884 5507; baseline 0.003 -17"><span class='ocrx_word' id='word_1_833' title='bbox 2437 5435 2588 5504; x_wconf 72' lang='grc' dir='ltr'>κράν</span> <span class='ocrx_word' id='word_1_834' title='bbox 2610 5439 2818 5492; x_wconf 69' lang='grc' dir='ltr'>λαϐεῖν</span> <span class='ocrx_word' id='word_1_835' title='bbox 2832 5435 3025 5506; x_wconf 68' lang='grc' dir='ltr'><strong>ἐαυὲῷ</strong></span> <span class='ocrx_word' id='word_1_836' title='bbox 3039 5435 3386 5506; x_wconf 66' lang='grc' dir='ltr'>βασιλείαν,</span> <span class='ocrx_word' id='word_1_837' title='bbox 3418 5435 3515 5496; x_wconf 71' lang='grc' dir='ltr'>καὶ</span> <span class='ocrx_word' id='word_1_838' title='bbox 3541 5435 3884 5507; x_wconf 61' lang='grc' dir='ltr'>ὖπῦσερέψαιι</span> 
     </span>
    </p>
   </div>
   <div class='ocr_carea' id='block_1_113' title="bbox 2472 5529 3907 5604">
    <p class='ocr_par' dir='ltr' id='par_1_113' title="bbox 2472 5529 3907 5604">
     <span class='ocr_line' id='line_1_113' title="bbox 2472 5529 3907 5604; baseline 0.007 -24"><span class='ocrx_word' id='word_1_839' title='bbox 2472 5529 2718 5582; x_wconf 77' lang='grc' dir='ltr'>Τοσαῦτα</span> <span class='ocrx_word' id='word_1_840' title='bbox 2771 5530 2858 5585; x_wconf 79' lang='grc' dir='ltr'>διὰ</span> <span class='ocrx_word' id='word_1_841' title='bbox 2909 5531 3008 5602; x_wconf 82' lang='grc' dir='ltr'><strong>τῆς</strong></span> <span class='ocrx_word' id='word_1_842' title='bbox 3063 5533 3375 5604; x_wconf 75' lang='grc' dir='ltr'>παραϐολῆς</span> <span class='ocrx_word' id='word_1_843' title='bbox 3427 5530 3806 5604; x_wconf 75' lang='grc' dir='ltr'>διδασκόμεθα.</span> <span class='ocrx_word' id='word_1_844' title='bbox 3841 5529 3907 5590; x_wconf 55' lang='grc' dir='ltr'><strong>τὴν</strong></span> 
     </span>
    </p>
   </div>
   <div class='ocr_carea' id='block_1_114' title="bbox 2607 5741 3906 5828">
    <p class='ocr_par' dir='ltr' id='par_1_114' title="bbox 2607 5741 3906 5828">
     <span class='ocr_line' id='line_1_114' title="bbox 2607 5741 3906 5828; baseline -0.007 -14"><span class='ocrx_word' id='word_1_845' title='bbox 2607 5759 2650 5790; x_wconf 77' lang='grc'>³⁸</span> <span class='ocrx_word' id='word_1_846' title='bbox 2685 5758 2816 5816; x_wconf 83' lang='lat' dir='ltr'><strong>Luc.</strong></span> <span class='ocrx_word' id='word_1_847' title='bbox 2847 5777 2999 5828; x_wconf 75' lang='lat' dir='ltr'><strong>xvm,</strong></span> <span class='ocrx_word' id='word_1_848' title='bbox 3021 5761 3074 5817; x_wconf 70' lang='lat'><strong>‘2.</strong></span> <span class='ocrx_word' id='word_1_849' title='bbox 3155 5763 3198 5793; x_wconf 79' lang='grc'><strong>³⁷</strong></span> <span class='ocrx_word' id='word_1_850' title='bbox 3225 5763 3351 5816; x_wconf 88' lang='lat' dir='ltr'><strong>ibid.</strong></span> <span class='ocrx_word' id='word_1_851' title='bbox 3381 5763 3430 5816; x_wconf 91' lang='lat'><strong>8.</strong></span> <span class='ocrx_word' id='word_1_852' title='bbox 3511 5761 3698 5813; x_wconf 80' lang='lat' dir='ltr'><strong>“an.</strong></span> <span class='ocrx_word' id='word_1_853' title='bbox 3721 5767 3816 5808; x_wconf 67' lang='lat' dir='ltr'><strong>sit.</strong></span> <span class='ocrx_word' id='word_1_854' title='bbox 3841 5741 3906 5802; x_wconf 57' lang='lat' dir='ltr'><strong>l3-</strong></span> 
     </span>
    </p>
   </div>
  </div>
