4130 6400
274 409 379 473 589
1455 396 1954 461 COMEENTARIA
1990 396 2056 454 IN
2090 396 2349 456 LUCAM.
3429 403 3545 463 ωσ

278 525 571 596 μέλλουσαν
594 520 758 579 αὐτοῦ
781 525 878 578 καὶ
904 520 1125 596 μηδέπω
1149 519 1425 595 παροῦσαν
1442 520 1716 592 βασιλείαν
1726 516 1855 591 (68),

1964 513 2092 570 licet
2116 513 2320 571 Christi
2370 515 2722 587 nondumque
2766 530 3007 587 presens
3059 531 3306 590 regnum,
3354 535 3531 593 quan-

277 619 379 675 κᾶν
404 616 668 688 αἰσθητὴν
690 616 897 687 ταύτην
916 614 1061 678 τινὲς
1086 612 1467 683 ἐφαντάζοντο,
1502 611 1600 684 τὴν
1624 610 1730 665 ἀπὸ
1752 610 1855 680 γῆς

1961 621 2122 676 quam
2177 604 2231 660 id
2277 606 2531 662 sensibile
2582 607 2824 663 nonnulli
2877 617 3083 666 temere
3126 609 3531 682 opinabantur;

275 711 355 773 είς
374 709 601 781 οὐρανὸν
627 708 957 779 μετάστασίν
979 724 1039 760 τε
1057 708 1151 761 καὶ
1165 704 1452 777 ἀνάληψιν,
1476 703 1573 775 τὴν
1599 697 1855 775 δευτέραν

1963 697 2372 755 translationem
2400 714 2431 755 e
2459 708 2602 757 terra
2629 698 2682 755 in
2711 700 2943 767 cmlum,
2975 700 3032 758 id
3070 712 3154 759 est
3202 707 3531 776 assumptio-
3616 708 3627 722 ’

274 803 372 856 καὶ
411 800 617 865 ἔνδοξον
662 800 828 854 αὐτοῦ
860 796 1200 868 θεοφάνειαν,
1228 797 1325 869 τὴν
1351 794 1602 869 κριτικὴν
1636 794 1731 848 καὶ
1765 791 1855 846 τοῦ

1962 807 2122 859 nem;
2171 793 2466 848 secundam
2503 794 2621 865 ejus
2665 795 2959 866 gloriosam
3002 796 3531 869 manifestationem;

276 895 396 951 κατ’
427 891 586 956 ἀξίαν
618 888 831 961 ἑκάστῳ
869 889 1258 960 διανεμητικὴν
1303 887 1573 954 ἐξουσίαν,
1617 883 1716 957 τὴν
1750 883 1860 937 τῶν

278 984 492 1040 οἰκείων
515 980 679 1037 αὐτοῦ
704 983 798 1035 καὶ
824 980 1030 1034 πιστῶν
1059 978 1467 1053 θεραπευόντων
1487 975 1857 1047 εὐδοκίμησιν,

277 1076 373 1150 τὴν
416 1070 524 1128 τῶν
566 1073 640 1144 μὴ
672 1071 930 1127 τοιούτων
960 1072 1325 1140 κατάγνωσιν,
1355 1068 1453 1141 τὴν
1482 1066 1592 1121 τῶν
1627 1065 1860 1120 πολιτῶν

274 1164 373 1222 τοῦ
405 1164 665 1236 βασιλέως
697 1164 817 1218 κατ’
851 1161 1015 1216 αὐτοῦ
1060 1161 1349 1233 συσκευὴν,
1395 1161 1495 1231 τὴν
1540 1157 1861 1230 μετελευσοε

282 1257 449 1328 μένην
472 1255 668 1319 αὐτοὺς
697 1254 934 1322 ἐπαξίως
957 1248 1032 1307 ὧν
1060 1253 1292 1325 ἔδρασαν
1329 1252 1483 1321 δίκην
1509 1267 1522 1281 ·
1556 1247 1727 1304 ταῦτα
1751 1248 1859 1320 γὰρ

277 1347 413 1419 ὁμοῦ
457 1347 634 1400 πάντα
666 1345 755 1399 διὰ
793 1345 902 1399 τῶν
935 1343 1258 1398 ὲκτεθεισῶν
1296 1340 1490 1412 φωνῶν
1515 1341 1721 1411 ἐδήλου.
1747 1338 1861 1392 Καὶ

282 1434 494 1504 πρῶτον
526 1432 626 1504 μὲν
658 1432 943 1505 ἄνθρωπον
977 1432 1137 1496 αὐτὸς
1162 1424 1353 1485 ἑαυτὸν
1380 1429 1626 1502 ὠνόμαζε
1644 1428 1739 1482 διὰ
1762 1428 1860 1501 τὴν

280 1524 419 1579 κατὰ
449 1526 626 1598 σάρκα
649 1523 921 1596 γέννησιν,
951 1524 1050 1595 τὴν
1074 1523 1219 1577 κατὰ
1260 1522 1541 1594 ἄνθρωπον
1574 1521 1720 1592 αὐτῷ
1769 1538 1863 1573 συ-

232 1636 233 1639 ‘
280 1618 484 1671 στᾶσαν
507 1633 521 1647 ο
572 1615 762 1669 ἔπειτα
807 1615 1024 1684 εὐγενῆ,
1053 1614 1165 1667 ἀλλ’
1213 1612 1367 1667 οὔπω
1401 1612 1620 1683 βασιλέα
1673 1611 1860 1665 ἑαυτὸν

279 1707 481 1772 ὶκάλει,
519 1707 609 1762 διὰ
657 1708 718 1760 τὸ
764 1707 989 1778 μηδέπω
1016 1703 1082 1777 τῇ
1116 1705 1364 1777 βασιλικῇ
1409 1703 1537 1776 ἀξίᾳ
1581 1704 1722 1758 κατὰ
1758 1704 1859 1775 τὴν

279 1797 498 1869 πρώτην
536 1796 852 1867 θεοφάνειαν
888 1793 1209 1866 κεχρῆσθαι.
1245 1793 1359 1864 Τῆς
1386 1793 1431 1846 δ’
1460 1793 1739 1862 εὐγενείας
1763 1792 1860 1845 αὐ-

1955 877 2301 948 judiciariam
2329 889 2386 936 et
2414 896 2573 938 suum
2600 885 2794 955 cuique
2815 884 2906 954 jus
2936 886 3250 944 reddentem
3288 899 3532 961 potesta-

1962 977 2107 1036 tem;
2138 970 2483 1028 familiarium
2510 988 2730 1030 suorum
2749 976 3095 1048 ﬁdeliumque
3121 993 3399 1037 servorum
3420 983 3535 1039 col-

1960 1059 2366 1130 laudationem;
2400 1078 2589 1120 eorum
2615 1067 2707 1137 qui
2764 1082 2926 1125 secus
2977 1084 3037 1126 se
3084 1073 3353 1143 gesserint
3398 1090 3529 1132 con-

1961 1151 2400 1221 damnationem;
2434 1154 2635 1211 civium
2676 1158 2731 1212 in
2764 1173 2943 1230 regem
2985 1175 3142 1216 suum
3167 1164 3533 1234 conspiratio-

1960 1257 2086 1297 nem
2116 1251 2171 1299 et
2200 1244 2528 1314 condignam
2552 1245 2711 1303 factis
2737 1264 2953 1318 ptenam
2993 1269 3008 1306 :
3041 1250 3157 1307 hare
3188 1255 3332 1309 enim
3368 1256 3528 1312 simul

1959 1336 2140 1389 omnia
2171 1338 2444 1406 prmdictis
2471 1339 2655 1395 verbis
2683 1341 3043 1411 signiﬁcabat.
3087 1345 3154 1402 Et
3194 1348 3372 1417 primo
3409 1350 3533 1419 qni-

1960 1422 2083 1479 dem
2113 1426 2383 1484 hominem
2414 1442 2472 1485 se
2502 1430 2833 1500 appellavit,
2863 1443 3082 1501 propter
3118 1437 3393 1494 carnalem
3426 1455 3528 1495 na-

1964 1512 2227 1570 tivitatem
2251 1554 2268 1581 ,
2293 1530 2414 1585 qua:
2441 1517 2542 1587 ipsi
2578 1528 2636 1573 ut
2671 1520 2876 1576 homini
2916 1525 3161 1595 contigit.
3191 1525 3396 1582 Deinde
3427 1541 3530 1584 no-

1958 1604 2123 1661 bilem
2173 1619 2233 1661 se
2286 1607 2464 1675 dixit,
2515 1625 2620 1665 non
2674 1627 2879 1682 regem,
2925 1616 3049 1683 quia
3092 1617 3240 1686 regia
3286 1619 3526 1674 nondum

1958 1692 2221 1764 dignitate
2283 1696 2337 1750 in
2392 1698 2567 1767 prima
2615 1714 2713 1755 sua
2772 1703 3207 1761 manilestatione
3254 1706 3527 1762 utebatur.

1960 1783 2272 1844 Nobilitatis
2301 1799 2480 1845 autem
2513 1790 2629 1859 ejus
2659 1800 2827 1850 testes
2869 1795 2926 1861 ii,
2956 1797 3048 1867 qui
3080 1813 3248 1869 genus
3282 1798 3426 1855 illius
3461 1815 3528 1855 ac

278 1858 369 1944 τοῦ
399 1858 669 1961 μάρτυρες
697 1888 746 1941 οἱ
770 1885 865 1942 τοῦ
892 1858 1082 1955 γένους
1106 1886 1201 1939 καὶ
1223 1858 1326 1955 τῆς
1348 1886 1413 1938 ἐκ
1440 1858 1718 1955 προγόνων
1740 1884 1855 1937 δια-

1958 1877 2157 1931 seriem
2188 1880 2593 1950 progenitorum
2615 1884 2836 1953 scriptis
2865 1886 3144 1944 historicis
3177 1892 3527 1947 commcnda-

277 1970 434 2051 δοχῆς
456 1979 554 2051 τὴν
588 1978 826 2051 ἱστορίαν
849 1979 1033 2050 γραφῇ
1060 1975 1530 2048 παραδεδωκότες·
1568 1970 1643 2029 ὧν
1686 1977 1715 2029 ὀ
1758 1975 1856 2047 μέν

277 2086 379 2134 τις,
405 2071 506 2140 τὴν
530 2070 672 2123 κατὰ
712 2068 1031 2140 ἀνθρώπους
1064 2066 1340 2136 εὐγένειαν
1370 2067 1535 2121 αὐτοῦ
1563 2065 1854 2137 παριστὰς,

278 2159 429 2215 ἔνθεν
446 2162 509 2233 δή
536 2160 697 2213 ποθεν
723 2158 1100 2230 εὐηγγελίζετο
1114 2158 1309 2227 λέγων’
1331 2158 1547 2224 Βίϐλος
1566 2158 1858 2227 γενέσεως

289 2248 494 2317 Ἰησοῦ
537 2248 793 2316 Χριστοῦ
825 2247 958 2301 υίοῦ
1003 2246 1199 2312 Δαϐὶδ,
1261 2243 1396 2299 υιοῦ
1454 2244 1717 2315 Ἁϐραάμ·
1757 2240 1856 2298 εἷθ’

279 2343 410 2412 ἑξῆς
443 2341 653 2404 τούτοις
710 2339 809 2411 τὴν
844 2338 1192 2408 γενεαλογίαν
1230 2337 1296 2390 δι’
1330 2337 1608 2409 ὲπιδήμων
1650 2337 1859 2409 ἀνδρῶν

278 2433 373 2488 καὶ
402 2430 493 2486 διὰ
536 2429 814 2502 βασιλικοῦ
854 2430 1045 2499 γένους
1088 2427 1174 2481 ἐπ’
1205 2427 1367 2481 αὐτὸν
1402 2428 1656 2495 κατάγων
1702 2427 1857 2499 ἵστη-

281 2539 395 2578 σινο
422 2525 453 2577 ὁ
476 2522 534 2575 δὲ
577 2520 675 2593 τὴν
707 2519 968 2574 ἀνωτάτω
1010 2519 1104 2573 καὶ
1145 2517 1251 2588 πρὸ
1290 2516 1506 2571 πάντων
1542 2517 1752 2572 αἰώνων
1792 2520 1859 2572 ἐκ

234 2588 241 2593 Δ
280 2614 416 2668 Θεοῦ
459 2588 708 2682 γέννησιν
745 2612 909 2665 αὐτοῦ
935 2609 1220 2675 διδάσκων,
1255 2610 1356 2680 τὴν
1395 2608 1608 2682 ἀληθῶς
1635 2610 1858 2681 πρώτην

279 2701 373 2753 καὶ
402 2699 569 2770 μόνην
600 2698 877 2766 εὐγένειαν
909 2697 1192 2769 παρεδίδου
1229 2696 1429 2767 λέγων·
1474 2699 1571 2752 Ἐν
1596 2698 1751 2767 ἀρχῇ
1780 2699 1859 2768 ἦν

278 2793 313 2845 ὁ
344 2791 554 2861 Λόγος,
574 2789 672 2843 καί
699 2789 939 2859 όΛόγος
963 2785 1040 2859 ἦν
1070 2788 1222 2857 πρὸς
1252 2787 1360 2843 τὸν
1390 2789 1556 2854 Θεὸν,
1584 2790 1684 2844 καὶ
1713 2790 1858 2856 Θεὸς

276 2878 356 2953 ἦν
388 2884 421 2936 ό
452 2882 663 2952 Λόγος.
687 2878 890 2934 Πάντα
920 2879 995 2933 δι’
1028 2879 1213 2933 αὐτοῦ
1246 2879 1500 2949 ἐγένετο.

361 2972 652 3044 Ἀλλὰ-γὰρ
672 2964 826 3036 οὗτος
852 2973 881 3029 ὁ
912 2971 1016 3043 πρὸ
1045 2971 1259 3025 πάντων
1281 2970 1491 3027 αἰώνων
1513 2971 1643 3038 Θεὸς
1662 2974 1853 3043 Λόγος,

278 3067 566 3137 γενόμενος
591 3063 875 3137 ἄνθρωπος
908 3062 1151 3134 εὐγενὴς,
1190 3063 1283 3117 καὶ
1314 3063 1404 3117 τὸν
1432 3063 1528 3117 σὺν
1549 3064 1857 3136 ἀνθρώποις

278 3157 561 3225 διεξελθὼν
621 3157 731 3228 βίον
778 3156 869 3210 τὸν
924 3155 1294 3227 ἐμφερόμενον
1339 3157 1459 3218 ταῖς
1510 3157 1639 3229 περὶ
1689 3156 1853 3211 αὐτοῦ

280 3252 659 3322 εὐαγγελικαῖς
692 3250 949 3322 γραφαῖς,
1012 3248 1149 3319 μετὰ
1200 3248 1297 3320 τὴν
1342 3248 1493 3323 παρὰ
1544 3249 1850 3321 ἀνθρώποις

278 3345 529 3416 αὐτάρκη
578 3340 877 3416 διατριϐὴν,
919 3340 1153 3395 ἐπανιὼν
1194 3341 1329 3413 πρὸς
1365 3343 1456 3396 τὸν
1502 3343 1695 3396 ἑαυτοῦ
1735 3345 1849 3398 Πα-

276 3435 433 3507 τέρα,
465 3432 735 3506 ἐπορεύθη
764 3436 842 3497 είς
873 3434 1056 3505 χώραν
1098 3432 1314 3504 μακρὰν
1346 3433 1529 3489 λαϐεῖν
1550 3435 1728 3507 ἑαυτῷ
1758 3437 1852 3507 βα-

278 3526 482 3581 σιλείαν
512 3527 605 3581 καὶ
636 3525 993 3597 ὑποστρέψαι.
1026 3515 1225 3597 Χιδραν
1259 3525 1317 3579 δὲ
1357 3526 1572 3599 μακρὰν
1603 3528 1699 3600 τὴν
1741 3529 1851 3583 ἀπὸ

191 3674 199 3683 .
276 3617 382 3687 γῆς
409 3618 488 3680 εἰς
517 3617 742 3690 οὐρανὸν
764 3617 946 3672 ἄνοδον
978 3616 1163 3687 ἐδήλου
1180 3617 1317 3688 (69)'
1337 3616 1519 3673 λαϐεῖν
1547 3638 1605 3673 τε
1634 3622 1732 3691 τὴν
1753 3621 1850 3692 βα-

278 3710 481 3763 σιλείαν
515 3710 684 3781 αὐτὴν
710 3710 924 3781 ἐκείνην
957 3711 1142 3779 φησὶν,
1174 3710 1242 3780 ἢν
1268 3712 1296 3763 ὁ
1335 3713 1618 3783 προφήτης
1652 3713 1849 3785 Δανιὴλ

275 3803 519 3874 ⁴ᾐνίττετο
553 3802 756 3872 λέγων’
792 3802 902 3858 Καὶ
955 3801 1082 3856 ἰδοὺ
1119 3801 1253 3868 Υἱὸς
1285 3802 1596 3871 ἀνθρώπου
1624 3804 1721 3857 ἐπὶ
1754 3822 1849 3859 νε-

277 3893 483 3965 φελῶν
515 3895 839 3964 ἐρχόμενος
882 3890 994 3965 ἦν’
1037 3893 1137 3948 καὶ
1180 3893 1340 3959 αὐτῷ
1383 3894 1559 3964 ἐδόθη
1602 3896 1642 3964 ἡ
1689 3897 1846 3968 ἀρχὴ

277 3986 379 4039 καὶ
406 3985 444 4053 ἡ
476 3986 636 4055 τιμὴ,
668 3986 765 4040 καὶ
810 3986 848 4054 ἡ
881 3986 1191 4051 βασιλεία.
1230 3982 1304 4040 Εὖ
1344 3986 1402 4040 δὲ
1440 3989 1533 4042 καὶ
1559 3989 1620 4041 τὸ
1639 3990 1849 4045 λαϐεῖν

276 4076 493 4149 εἴρηται
516 4093 529 4107 ο
555 4078 770 4141 πάντως
799 4078 907 4151 γὰρ
933 4077 1026 4132 τοῦ
1059 4079 1271 4150 [ἰατρὸς
1298 4079 1526 4146 διδόντος
1552 4081 1843 4153 ἐλάμϐανε,

1955 1977 2179 2036 verunt;
2225 1984 2361 2039 quos
2393 1971 2535 2026 inter
2558 1973 2776 2041 quidam
2815 1976 2941 2031 dum
2999 1980 3289 2036 humanam
3319 1980 3527 2041 Christi

1957 2059 2301 2118 nobilitatem
2352 2064 2606 2130 exhibet,
2652 2068 2733 2123 sic
2774 2069 3119 2139 Evangelium
3174 2089 3335 2133 orsus
3395 2086 3525 2134 est:

1958 2148 2114 2205 Liber
2161 2157 2513 2222 generationis
2565 2158 2693 2212 Jesu
2741 2159 2936 2216 Christi
2973 2164 3072 2232 filii
3122 2164 3377 2234 Davidis,
3420 2168 3526 2240 ﬁlii

1956 2239 2243 2296 Abrahami
2288 2245 2352 2298 ³⁸.
2410 2244 2611 2301 Deinde
2641 2251 2951 2323 genealogis
2983 2270 3082 2324 per
3107 2257 3395 2327 populares
3422 2239 3527 2316 ho-

1959 2330 2136 2385 mines
2186 2348 2463 2403 gennsque
2510 2338 2720 2406 regium
2776 2356 2945 2410 usque
2998 2344 3062 2397 ad
3113 2344 3390 2402 Christum
3431 2350 3527 2405 de-

1958 2422 2115 2476 ducta
2138 2462 2154 2488 ,
2199 2423 2253 2476 in
2287 2424 2388 2478 hoc
2421 2436 2696 2494 postremo
2739 2432 3006 2488 consistit.
3032 2435 3187 2492 Alius
3212 2447 3395 2495 autem
3428 2456 3524 2497 su-

1957 2527 2182 2582 pernam
2208 2515 2325 2585 ejus
2344 2526 2469 2572 ante
2495 2520 2674 2575 omnia
2711 2522 2909 2579 saecula
2938 2540 3003 2580 es
3040 2528 3148 2582 Deo
3188 2531 3524 2588 nativitatem

1958 2605 2178 2672 docens,
2209 2607 2540 2665 nobilitatem
2584 2610 2723 2680 ejus,
2766 2630 2887 2682 quae
2924 2632 3054 2672 vere
3085 2619 3259 2686 prima
3297 2623 3525 2694 solaque

1956 2703 2062 2759 est,
2104 2696 2327 2751 tradidit
2357 2699 2585 2755 dicens;
2628 2700 2692 2756 In
2717 2704 2975 2776 principio
3015 2719 3126 2762 erat
3175 2707 3431 2776 Verbum,
3472 2723 3523 2767 et

1966 2779 2189 2837 Verbum
2233 2794 2351 2838 erat
2397 2791 2536 2854 apud
2572 2789 2770 2855 Deum,
2815 2802 2869 2848 et
2927 2794 3071 2852 Deus
3112 2813 3227 2855 erat
3271 2799 3519 2858 Verbum.

1961 2870 2151 2927 Omnia
2176 2887 2266 2944 per
2287 2876 2458 2945 ipsum
2485 2878 2630 2946 facta
2660 2895 2778 2937 sunt
2807 2883 2873 2938 “’.

2025 2963 2196 3021 Porro
2242 2967 2331 3023 hic
2387 2978 2515 3025 ante
2569 2974 2748 3028 omnia
2803 2978 3000 3034 sarcula
3064 2981 3206 3039 Deus
3263 2985 3521 3056 Verbum,

1960 3054 2135 3113 factus
2162 3059 2322 3115 homo
2353 3061 2569 3128 nobilis,
2602 3080 2972 3140 peragensqne
3010 3072 3151 3131 inter
3181 3076 3428 3135 homines
3455 3054 3520 3135 iF

1956 3146 2045 3204 lud
2074 3150 2197 3205 vita:
2225 3168 2415 3220 genus,
2445 3159 2588 3226 quod
2623 3158 2676 3212 in
2707 3164 3019 3232 evangelica
3051 3168 3251 3240 scripta
3285 3171 3519 3229 relatum

1956 3250 2060 3301 est.
2093 3251 2375 3313 postquam
2409 3247 2544 3302 satis
2572 3262 2697 3303 cum
2752 3255 3069 3311 mortalibus
3109 3269 3356 3316 versatus
3394 3262 3519 3329 fuit,

1955 3332 2021 3385 ad
2045 3330 2262 3389 Patrem
2293 3351 2446 3392 suum
2482 3341 2714 3408 rediens,
2744 3343 3016 3414 profectus
3047 3360 3129 3404 est
3159 3350 3213 3405 in
3242 3353 3519 3423 regionem

1957 3422 2327 3496 longinquam,
2364 3440 2422 3484 ut
2483 3447 2651 3502 regno
2699 3450 2799 3492 suo
2850 3451 3076 3511 accepto
3130 3422 3517 3501 reverteretur.

1954 3513 2072 3569 Jam
2102 3518 2379 3587 regionem
2414 3524 2762 3596 longinquam
2808 3529 2938 3585 dicit
2974 3547 3073 3602 pro
3121 3534 3295 3590 reditu
3327 3535 3380 3591 in
3409 3551 3523 3592 cm-

1955 3604 2062 3660 lmn
2099 3625 2113 3661 :
2152 3625 2372 3681 regnum
2410 3628 2539 3689 vero
2569 3628 2846 3688 acceptum
2880 3621 3009 3677 illud
3041 3623 3220 3694 ipsum
3250 3626 3345 3692 ait,
3376 3628 3523 3697 quod

1955 3700 2215 3768 propheta
2262 3702 2451 3761 Daniel
2502 3708 2761 3766 innuebat
2808 3713 2994 3770 dicens
3038 3731 3054 3770 :
3099 3716 3162 3771 Et
3204 3732 3333 3774 ecce
3351 3717 3521 3777 Filius

1954 3790 2190 3849 hominis
2217 3794 2270 3850 in
2307 3798 2538 3855 nubibus
2566 3802 2923 3871 adventabat;
2967 3805 3175 3878 ipsique
3209 3808 3392 3864 datum
3434 3821 3523 3868 est

1954 3882 2243 3954 imperium
2307 3899 2362 3943 et
2414 3891 2588 3947 honor
2628 3904 2684 3950 et
2739 3912 2960 3968 regnum
3014 3900 3078 3955 “.
3143 3900 3309 3958 Recte
3353 3905 3520 3961 ctiam

1953 3976 2155 4030 dictum
2184 3989 2267 4033 est
2294 3982 2568 4052 accipere;
2590 3998 2814 4052 prorsus
2848 3989 2991 4042 enim
3019 4006 3049 4045 a
3087 3990 3248 4047 Patre
3278 3993 3332 4048 id
3357 3996 3521 4051 dante

1954 4073 2182 4139 accepit,
2213 4075 2507 4129 secundum
2547 4075 2676 4132 illud
2700 4078 2789 4136 "z
2824 4078 3045 4137 Postulo
3085 4096 3119 4137 a
3159 4100 3259 4150 me,
3294 4096 3343 4141 et
3380 4088 3518 4143 dabo

276 4167 421 4224 κατὰ
441 4169 501 4223 τό
530 4184 544 4198 ⁸
572 4170 820 4239 Αἴτησαι
862 4171 995 4240 παρ’
1022 4171 1191 4241 ἐμοῦ,
1226 4173 1324 4226 καὶ
1364 4171 1534 4227 δώσω
1572 4190 1671 4229 σοι
1700 4176 1844 4245 ἔθνη

1957 4163 2050 4215 tibi
2074 4174 2247 4231 gentes
2265 4164 2618 4222 Izwredilatem
2645 4182 2786 4225 tuam
2810 4187 2829 4226 :
2851 4186 3013 4242 quam
3044 4175 3205 4230 simul
3228 4191 3292 4233 ac
3314 4178 3383 4234 ab
3400 4178 3517 4233 An-

275 4260 392 4329 τὴν
412 4263 812 4330 κληρονομίαν
836 4278 973 4316 σου⁸
999 4262 1036 4316 ἃ
1065 4263 1129 4335 δὴ
1159 4263 1380 4319 δοθέντα
1405 4265 1552 4337 αὐτῷ
1581 4268 1730 4339 παρὰ
1752 4268 1844 4322 τοῦ

1957 4253 2106 4324 liquo
2130 4255 2340 4312 dierum
2372 4262 2640 4331 acceperit
2660 4302 2676 4326 ,
2707 4265 2889 4319 statim
2940 4279 3262 4324 revertetur.
3308 4267 3519 4327 Idcirco

276 4353 514 4407 Παλαιοῦ
540 4353 647 4410 τῶν
680 4355 900 4428 ἡμερῶν
930 4355 1339 4427 ὑποδεξάμενος,
1374 4353 1530 4422 αὖθις
1565 4358 1842 4431 ἐπανήξει.

1957 4347 2055 4413 ait,
2085 4348 2149 4403 ad
2184 4354 2558 4423 accipiendum
2590 4357 2694 4411 sibi
2740 4374 2965 4429 regnum
3012 4373 3068 4418 et
3115 4365 3515 4421 revertendum.

275 4445 367 4499 Διό
408 4462 540 4517 φησι
572 4445 756 4500 λαϐεῖν
795 4447 973 4519 ἑαυτῷ
1018 4447 1293 4518 βασιλείαν
1336 4451 1430 4504 καὶ
1472 4452 1841 4523 ὑποστρέψαι·

1957 4436 2192 4505 Quanam
2227 4452 2408 4499 autem
2449 4446 2660 4502 ratione
2681 4450 2911 4505 reditum
2936 4450 3188 4508 Christus
3215 4453 3406 4521 faciet,
3437 4456 3520 4508 di-

273 4540 369 4593 καὶ
393 4541 540 4602 ὅπως
561 4539 616 4593 δὲ
642 4541 928 4611 ποιήσεται
950 4540 1048 4611 τὴν
1072 4542 1348 4607 ἐπάνοδον,
1375 4544 1404 4596 ό
1429 4543 1570 4607 θεῖος
1586 4544 1844 4599 ’Λπόστο-

1957 4543 2051 4587 vus
2073 4535 2359 4604 Apostolus
2379 4537 2719 4596 demonstrat
2747 4542 2831 4598 his
2854 4544 3034 4598 verbis
3066 4562 3079 4599 :
3114 4543 3377 4609 Quoniam
3405 4547 3516 4612 ipse

272 4632 365 4697 λος
404 4632 656 4703 διασαφεῖ
687 4632 886 4701 λέγων·
944 4634 1063 4686 ’Ότι
1104 4633 1287 4701 αὐτὸς
1321 4638 1355 4690 ό
1392 4636 1605 4704 Κύριος
1639 4637 1710 4690 ἐν
1750 4654 1844 4691 κε-

1957 4623 2206 4683 Dominus
2248 4629 2303 4682 in
2341 4630 2528 4700 jussu,
2573 4633 2628 4687 in
2670 4651 2790 4690 vace
2837 4638 3175 4708 archangeli,
3218 4650 3266 4693 et
3301 4639 3358 4693 in
3390 4644 3519 4693 tuba

269 4726 584 4795 λεύσματι,
607 4726 677 4780 ἐν
698 4724 869 4795 φωνῇ
901 4725 1298 4797 ἀρχαγγέλου,
1330 4728 1428 4782 καί
1459 4728 1530 4781 ἐν
1554 4728 1842 4800 σάλπιγγι

1957 4719 2050 4774 Dei
2087 4722 2357 4777 descendet
2381 4731 2446 4780 de
2482 4726 2610 4781 caelo
2641 4727 2707 4785 ⁸³.
2733 4727 2853 4784 Jam
2873 4729 2960 4785 ille
2986 4732 3165 4787 abitus
3194 4732 3515 4804 patientiam

272 4818 424 4873 Θεοῦ
447 4816 845 4885 καταϐήσεται
893 4818 1011 4873 ἀπὸ
1050 4819 1332 4887 οὐρανοῦ.
1378 4820 1443 4873 Ἠ
1470 4820 1527 4873 δὲ
1566 4821 1843 4894 ἀποδημία

1957 4827 2161 4883 quoque
2205 4819 2553 4886 exspectandi
2582 4820 2873 4890 signiﬁcat.
2912 4823 2977 4878 Et
3013 4823 3228 4893 quidem
3263 4840 3518 4882 necessa-

270 4912 363 4966 καὶ
402 4910 502 4984 τὴν
545 4911 922 4984 μακροθυμίαν
971 4910 1137 4983 δηλοῖ.
1190 4911 1337 4965 Ἔδει
1378 4911 1435 4965 δὲ
1483 4912 1642 4965 αὐτὸν
1680 4914 1847 4982 ἀναγ-

1957 4903 2087 4957 rium
2140 4914 2258 4959 erat
2316 4916 2371 4960 ut
2422 4908 2537 4978 ipse
2589 4909 2694 4965 iter
2750 4911 2802 4965 in
2844 4912 3191 4983 longinquam
3237 4915 3512 4987 regionem

269 5003 441 5067 καίως
501 5006 581 5068 είς
636 5005 736 5076 τὴν
793 5005 1126 5075 δηλωθεῖσαν
1179 5004 1393 5076 μακρὰν
1447 5004 1628 5076 χώραν
1696 5007 1842 5059 στεί-

1957 4994 2276 5066 susciperet,
2310 4998 2493 5068 ibique
2531 5001 2620 5057 diu
2651 5014 2933 5068 maneret,
2966 5019 3129 5075 quum
3169 5007 3292 5063 aliis
3331 5008 3516 5065 multis

268 5094 485 5161 λασθαι,
517 5099 678 5151 κάκεῖ
703 5098 892 5170 χρόνον
916 5096 1192 5170 διατρῖψαι
1224 5096 1431 5150 πολλῶν
1461 5097 1620 5150 ἕνεκα
1639 5113 1652 5126 ·
1685 5097 1758 5161 ὡς
1779 5096 1844 5150 ἂν

1957 5083 2011 5138 de
2043 5086 2242 5152 causis,
2275 5096 2384 5141 tum
2419 5100 2478 5144 ut
2508 5090 2725 5145 interim
2757 5093 2897 5149 servi
2940 5095 3055 5163 ejus
3090 5095 3366 5155 industria
3403 5114 3514 5154 sum

270 5188 329 5241 ἐν
354 5187 431 5258 τῷ
461 5190 662 5258 μεταξύ
687 5192 734 5243 oi
759 5190 922 5244 αὐτοῦ
948 5190 1275 5262 θεράποντες
1314 5190 1407 5260 τῆς
1450 5189 1655 5260 ἑαυτῶν
1681 5192 1846 5262 ἐργα-
1948 5178 2332 5235 άοευηιθηιυω
2358 5182 2595 5238 ederem-

269 5278 393 5342 σίας
413 5279 511 5351 τὴν
529 5280 758 5353 δοκιμὴν
790 5282 948 5336 δοῖεν.

342 5509 386 5543 ³⁹
405 5509 596 5567 Matth.
639 5527 677 5578 ι,
706 5514 756 5568 l.
831 5515 876 5546 “
904 5512 1060 5569 Joan.
1088 5531 1124 5579 ι,
1156 5515 1205 5566 l.
1284 5515 1326 5546 ’ί
1353 5514 1487 5569 Dan.
1515 5529 1610 5579 vn,
1633 5514 1724 5569 13.
1799 5515 1843 5547 δ’

1957 5515 2172 5583 ι1.ιι,8.
2269 5515 2572 5575 “lThess.
2626 5519 2822 5591 ινηιδ.

339 5727 465 5818 (68),
500 5726 801 5818 ειιιιυειιιίιιΙ
844 5727 1168 5818 conferenda
1228 5735 1352 5818 sunt
1411 5742 1556 5818 cum“
1603 5728 1819 5818 Eusebii

1957 5730 2240 5818 tonsech
2265 5731 2317 5785 in
2350 5730 2880 5818 theophnnninm..vel_
2902 5734 3020 5818 vice
3047 5748 3233 5818 versa,
3263 5733 3509 5818 animad-

270 5797 618 5865 Theophania:
662 5799 803 5868 apud
849 5813 947 5852 nos
989 5797 1290 5889 fragmento
1319 5812 1448 5852 un.
1496 5797 1563 5851 Et
1604 5800 1817 5867 quidem
1929 5800 2184 5855 ventitet.
2216 5798 2355 5855 Lens
2378 5804 2428 5856 in
2449 5797 2928 5872 sna'Theophanim
2954 5797 3467 5889 Angliea‘editione:

270 5867 549 5889 ._s_.._.__,_
589 5884 696 5889 ,μμ
813 5868 927 5889 -ιεε-
961 5870 1103 5889 --με
1148 5880 1209 5889 ,--
1248 5868 1452 5889 μμ--.
1525 5868 1816 5889 ,--,.-,.ς---
2000 5869 2103 5889 ,ραι
2147 5870 2214 5889 η.
2260 5888 2267 5889 ,
2344 5873 2389 5889 ν.
2474 5888 2507 5889 η
2543 5871 2603 5889 ην·
2722 5877 2734 5889 .
2832 5877 2843 5888 .

267 5867 555 5929 Eusebium
583 5867 779 5937 quain
810 5868 930 5923 aliis
955 5867 1210 5938 operibus
1242 5868 1487 5934 dixerat,
1521 5868 1819 5928 contulisse
1996 5869 2106 5943 (69)
2146 5870 2227 5926 Cf.
2252 5873 2390 5939 apud
2423 5888 2520 5929 nos
2543 5867 2953 5944 Theophaniam,
2988 5867 3091 5931 co'l.
3122 5874 3246 5939 687,
3284 5875 3378 5930 lin.
3411 5874 3505 5948 68⁸
