4170 6406
725 457 772 488 δι
820 453 1028 508 Vacalis
1055 462 1226 506 autem
1261 453 1436 508 decem
1460 455 1622 508 servis
1641 455 1770 521 suis,
1811 455 1956 510 dedit
1977 456 2050 512 eis

1207 525 1384 577 decem
1409 541 1578 578 amas.

681 620 782 674 Per
815 620 916 674 bos
953 618 1138 686 itaque
1183 615 1278 684 qui
1314 630 1467 671 mnas
1503 627 1866 686 acceperunt,
1891 619 2188 692 discipulos,

601 726 734 768 suos
768 708 1069 773 denotavit,
1105 707 1305 778 quibus
1327 707 1570 778 singulas
1611 723 1766 764 mnas
1801 711 2022 766 tradens
2045 751 2060 776 ,
2083 727 2184 782 pa-

587 819 826 875 remque
881 812 934 858 et
959 801 1192 858 similem
1240 801 1768 857 administrationem
1814 805 2180 874 committens,

589 893 868 964 negotiari
905 891 1208 960 eosjussit,
1232 891 1404 946 donec
1435 891 1549 962 ipse
1593 892 1660 948 de
1695 892 1988 966 longinqua
2021 911 2182 966 pere-

589 987 909 1059 grinatione
958 984 1178 1040 rediret.
1206 982 1510 1053 Negotiatio
1531 994 1712 1040 autem
1743 985 1884 1040 nulla
1913 987 2018 1042 alia
2040 999 2178 1056 erat,

598 1081 705 1135 nisi
741 1079 890 1150 regni
923 1077 1044 1148 ejus
1067 1075 1378 1146 praedicatio
1419 1076 1485 1129 ad
1515 1090 1706 1132 omnes
1737 1077 1984 1134 homines
2029 1096 2058 1132 a
2098 1082 2180 1136 di-

597 1171 820 1242 scipulis
844 1170 958 1224 suis
983 1167 1308 1237 peragenda.
1337 1166 1510 1220 Porro
1536 1183 1699 1220 unum
1731 1167 1862 1238 quid
1893 1169 1995 1224 hoc
2035 1181 2178 1236 erat,

599 1263 725 1332 quia
756 1277 920 1316 unum
953 1261 1194 1314 omnium
1222 1259 1594 1327 magisterium
1615 1301 1630 1323 ,
1663 1276 1770 1315 una
1815 1261 1949 1318 ﬁdes
1971 1305 1986 1327 ,
2013 1281 2178 1320 unum

595 1356 862 1427 baptisma
885 1393 900 1418 ,
933 1369 1040 1408 una
1072 1351 1316 1406 doctrina
1359 1351 1426 1406 ⁸⁸.
1475 1351 1768 1421 Propterea
1806 1371 1908 1408 una
1957 1358 2174 1427 quidem

594 1449 922 1514 mna,varia
951 1455 1131 1500 tamen
1183 1459 1346 1513 opera
1388 1445 1606 1512 evasit,
1653 1448 1952 1517 negotiatio
1991 1449 2176 1520 splen-

593 1544 740 1606 dida,
779 1552 834 1596 et
867 1539 986 1608 ejus
1020 1539 1096 1592 rei
1133 1537 1342 1594 fructus
1370 1539 1546 1593 dives.
1570 1539 1750 1608 Atque
1777 1541 1975 1596 borum
2007 1557 2174 1599 causa

592 1634 944 1702 longinquam
977 1629 1468 1702 peregrinationem
1517 1630 1712 1686 nobilis
1753 1631 1842 1687 ille
1874 1634 1956 1687 vir
1995 1648 2176 1688 susce-

590 1731 689 1798 pit.
743 1727 895 1782 Unde
947 1724 1149 1780 dictum
1189 1735 1274 1778 est
1315 1722 1426 1777 eia
1476 1722 1684 1780 Patre:
1732 1723 1867 1780 Sede
1908 1745 1940 1782 a
1973 1727 2172 1781 dextris

1285 331 1558 387 EUSEBII
1597 333 2071 392 CIESARIENSIS
2111 335 2260 393 OPP.
2302 338 2486 396 PARS
2522 339 2612 398 lll.
2643 371 2710 382 -
2748 340 3166 400 EXEGETICA.

2220 463 2266 520 A
2293 462 2571 526 Καλέσας
2598 461 2668 515 δὲ
2689 463 2836 518 δέκα
2868 463 3130 528 δούλους
3159 463 3398 528 ἑαυτοῦ,
3423 464 3646 520 ἔδωκεν
3669 466 3872 533 αὐτοῖς

3771 351 3874 408 59‘2

2905 533 3051 586 δέκα
3095 533 3274 602 μνᾶς.

2375 623 2668 696 Ἐσήμαινε
2699 625 2876 680 τοίνυν
2902 625 2990 678 διὰ
3019 625 3128 679 τῶν
3167 625 3439 681 λαϐόντων
3465 627 3564 692 τὰς
3593 629 3731 698 μνᾶς
3747 630 3871 694 τοὺς

2291 716 2485 772 ἑαυτοῦ
2524 719 2790 791 μαθητὰς,
2817 717 2899 784 οἷς
2925 719 3028 774 ἀνὰ
3075 720 3203 790 μίαν
3235 722 3371 790 μνᾶν
3417 720 3714 794 παραδοὺς.
3751 719 3869 792 ἴσην

2289 827 2347 862 τε
2370 811 2664 882 καὶὸμοίαν
2691 813 2856 866 πᾶσιν
2885 813 3194 884 ἐγχειρίσας
3223 814 3322 886 τὴν
3349 814 3658 886 οἰκονομίαν
3675 855 3692 879 ,
3727 833 3868 886 πρα-

2289 904 2698 974 γματεύσασθαι
2715 905 3170 979 παρεκελεύσατο,
3210 907 3314 970 ἓως
3361 905 3470 979 ('70)
3502 903 3567 960 ἂν
3602 905 3870 978 ἐπανέλθῃ

2288 997 2388 1068 τῆς
2416 1000 2632 1070 μακρᾶς
2658 999 2986 1070 ἀποδημίας.
3027 1001 3090 1052 Ἡ
3126 1000 3182 1053 δὲ
3209 999 3560 1071 πραγματεία
3597 999 3697 1052 οὐκ
3733 997 3868 1072 ἄλλη

2287 1108 2370 1154 τις
2388 1086 2456 1163 ἦν
2478 1091 2612 1145 ἀλλὰ
2635 1089 2697 1146 τὸ
2729 1095 2990 1166 κήρυγμα
3012 1093 3071 1146 τὺ
3098 1093 3225 1163 περὶ
3252 1093 3352 1164 τῆς
3384 1091 3550 1146 αὑτοῦ
3597 1091 3870 1162 βασιλείας

2287 1185 2368 1246 είς
2394 1185 2601 1250 πάντας
2637 1185 2957 1258 ἀνθρώπους
2990 1187 3094 1240 ὑπὸ
3139 1186 3248 1238 τῶν
3281 1186 3461 1239 αὐτῶν
3493 1184 3658 1239 αὑτοῦ
3691 1187 3868 1258 μαθη-

2283 1277 2395 1330 τῶν
2421 1279 2879 1350 κατηγγελμένον.
2919 1280 3057 1333 Ἀλλ’
3087 1279 3144 1334 ἓν
3170 1279 3265 1351 μὲν
3297 1273 3366 1350 ἦν
3397 1277 3577 1346 τοῦτο,
3613 1280 3734 1332 ἐπεὶ
3773 1281 3869 1334 καὶ

2288 1371 2386 1440 μία
2410 1370 2515 1424 τῶν
2550 1373 2765 1428 πάντων
2789 1372 3126 1438 διδασκαλία,
3159 1373 3254 1426 καὶ
3291 1372 3389 1443 μία
3439 1371 3642 1434 πίστις,
3685 1372 3778 1426 καὶ
3809 1373 3867 1426 ἓν

2287 1463 2568 1536 βάπτισμα
2599 1467 2694 1518 καὶ
2712 1469 2740 1520 ὁ
2765 1467 2924 1532 αὐτὸς
2955 1467 3110 1537 λόγος
3135 1467 3246 1537 (71)
3267 1483 3279 1496 ·
3315 1459 3396 1519 διὸ
3423 1465 3518 1520 καὶ
3541 1455 3640 1536 μία
3673 1468 3706 1538 ἡ
3735 1468 3864 1538 μνᾶ,

2279 1555 2540 1629 διάφορος
2565 1557 2622 1612 δὲ
2647 1559 2830 1622 αὐτοῖς
2849 1562 2882 1631 ἡ
2903 1561 3138 1632 ἐργασία
3165 1561 3404 1630 ἐγένετο,
3420 1559 3516 1613 καὶ
3542 1561 3576 1632 ἡ
3607 1576 3867 1631 πραγμα-

2279 1649 2400 1702 τεία
2420 1649 2668 1722 λαμπρὰ,
2709 1651 2737 1704 ὅ
2774 1652 2822 1703 τ’
2852 1651 2946 1705 ἐπὶ
2991 1653 3166 1727 ταύτῃ
3211 1653 3380 1724 πόρος
3423 1651 3697 1716 πλούσιος.
3751 1653 3866 1708 Καὶ

2277 1737 2454 1792 ταῦτα
2476 1739 2575 1809 μὲν
2605 1736 2674 1811 ἦν
2707 1733 2781 1794 ὧν
2820 1741 2983 1796 ἓνεκα
3007 1741 3104 1814 τὴν
3127 1742 3344 1814 μακρὰν
3387 1741 3608 1814 πορείαν
3641 1741 3670 1793 ὁ
3703 1741 3863 1810 εὖγε-

589 1821 740 1886 meis,
778 1819 940 1870 donec
980 1831 1172 1882 ponam
1203 1816 1442 1870 inimicos
1495 1824 1614 1870 tuos
1650 1816 1935 1900 scabeilum
1977 1819 2156 1887 pedm

2269 1831 2368 1902 νὴς
2400 1833 2682 1888 ἐστέλλετο
2723 1835 3031 1908 ἄνθρωπος.
3077 1835 3239 1889 Ὅθεν
3289 1833 3506 1904 ἐλέγετο
3555 1834 3705 1905 αὐτῷ
3758 1835 3866 1888 ὑπὸ

585 1909 880 1967 tuorum“.
908 1909 1138 1976 Quinam
1165 1923 1293 1962 vero
1323 1909 1434 1963 sint
1456 1907 1510 1964 Ιιί
1541 1909 1767 1976 inimici,
1797 1910 1843 1965 si
1876 1911 1999 1980 quis
2022 1911 2170 1966 scire

586 2009 732 2063 avet,
765 1997 1042 2068 parabolas
1067 2005 1358 2052 contextus
1403 1999 1652 2064 docebit,
1685 2001 1773 2054 ubi
1817 2002 1966 2056 cives
2009 2002 2167 2056 indu-

582 2102 783 2148 cuntur
813 2090 958 2161 regis
982 2103 1201 2155 osores,
1237 2091 1463 2160 ejusque
1509 2091 1798 2161 imperium
1847 2093 2162 2150 detrectan-

581 2197 688 2251 tes,
722 2197 774 2241 et
799 2183 1017 2242 eil‘ronti
1067 2183 1298 2238 audacia
1345 2183 1648 2254 ell‘renique
1705 2199 1802 2241 ore
1865 2188 2160 2246 dicentes:

579 2279 844 2335 Nolumus
885 2277 1030 2333 hunc
1060 2288 1288 2346 regnare
1319 2290 1482 2345 super
1533 2291 1654 2332 nos.
1713 2276 1820 2334 Sed
1851 2279 1903 2334 hi
1929 2321 1945 2346 ,
1993 2291 2168 2351 quan-

578 2389 739 2444 quam
771 2372 942 2436 cives,
985 2384 1170 2440 regem
1221 2368 1500 2437 abnuunt;
1539 2370 1658 2440 ipse
1707 2383 1890 2429 autem
1935 2389 1965 2430 ο
2000 2373 2164 2432 Patre

576 2465 734 2520 audit
768 2485 781 2522 :
810 2463 954 2520 Sede
1005 2477 1033 2516 a
1068 2461 1274 2516 dextris
1289 2461 1446 2526 meis,
1489 2461 1662 2519 donec
1713 2464 1808 2518 tibi
1851 2465 2036 2521 hostes
2072 2481 2164 2536 pe-

575 2555 736 2612 dibus
775 2563 1184 2626 supponantur;
1218 2555 1458 2626 itemque
1493 2569 1510 2610 :
1557 2555 1840 2612 Dominam
1881 2560 1939 2612 in
1987 2561 2158 2614 medie

574 2631 912 2703 inimicorum
948 2657 1162 2702 tuorum
1183 2647 1253 2702 ⁵⁷.
1278 2657 1280 2659 ’

2272 1921 2368 1974 ’ιοῦ
2417 1923 2629 1994 Πατρός
2663 1941 2675 1954 ·
2707 1923 2904 1980 Κάθου
2954 1925 3024 1979 ἐκ
3069 1924 3282 1990 δεξιῶν
3317 1942 3460 1994 μου,
3508 1924 3620 1988 ἕως
3669 1923 3747 1978 ἂν
3781 1922 3866 1978 θῶ

2271 2015 2416 2080 τοὺς
2461 2017 2714 2086 ἐχθρούς
2758 2033 2875 2072 σου
2919 2017 3254 2072 ὑποπόδιον
3299 2017 3420 2072 τῶν
3463 2016 3664 2071 rradd»-
3717 2029 3864 2070 σου.

2271 2111 2464 2174 Ποίους
2484 2111 2562 2178 δὲ,
2587 2113 2641 2165 εἴ
2670 2131 2754 2178 τις
2791 2113 3015 2167 πύθοιτο
3053 2113 3248 2185 μαθεῖν
3287 2107 3509 2180 ἐθέλων,
3545 2111 3800 2184 ἐχθροὺς,
3833 2109 3868 2163 ὁ

2270 2201 2358 2256 διὰ
2391 2203 2492 2274 τῆς
2546 2205 2864 2276 παραϐολῆς
2901 2200 3100 2270 διδάξει
3135 2205 3325 2274 λόγος,
3373 2203 3712 2276 συμπολίτας
3749 2204 3866 2256 εἰσ-

2273 2293 2422 2363 άγων
2445 2295 2542 2348 τοῦ
2577 2295 2840 2366 βασιλέως
2873 2297 3162 2368 μισοῦντας
3179 2297 3341 2350 αὑτὸν
3368 2291 3461 2350 καὶ
3489 2294 3870 2368 παραιτουμέ-

2269 2404 2394 2451 νους
2425 2387 2590 2442 αὐτοῦ
2623 2387 2721 2460 τὴν
2759 2389 2954 2460 ἀρχὴν,
2981 2391 3160 2460 γυμνῇ
3183 2405 3242 2442 τε
3271 2391 3338 2460 τῇ
3371 2388 3580 2460 κεφαλῇ
3603 2387 3868 2457 λέγοντας

2265 2474 2362 2533 καὶ
2383 2477 2623 2554 ἀχαλίνῳ
2647 2483 2911 2554 στόματι·
2937 2477 3011 2536 Οὐ
3049 2481 3274 2553 θέλομεν
3319 2465 3509 2536 τοῦτον
3552 2480 3868 2552 βασιλεύειν

2265 2571 2354 2641 ἐφ’
2392 2571 2558 2643 ἡμᾶς.
2622 2574 2760 2627 Ἀλλ’
2791 2575 2841 2628 oi
2880 2574 3000 2646 μὲν,
3047 2573 3252 2644 καίπερ
3289 2572 3442 2636 ὄντες
3485 2571 3722 2638 πολῖται,
3769 2571 3866 2624 τὸν

2265 2655 2489 2726 βασιλέα
2522 2661 2800 2732 ἠρνοῦντο,
2833 2662 2864 2714 ὁ
2895 2661 2952 2715 δὲ
2985 2661 3090 2714 ὑπὸ
3119 2661 3214 2716 τοῦ
3250 2661 3461 2733 Πατρδς
3505 2660 3712 2715 ἀκούει·
3741 2661 3861 2715 Κά-

576 2738 672 2793 θου
705 2739 770 2792 ὲκ
808 2735 998 2802 δεξιῶν
1041 2753 1163 2808 μου,
1199 2736 1304 2802 ἕως
1353 2738 1418 2792 ἂν
1461 2738 1566 2792 ὑπὸ
1615 2740 1782 2805 πόδας
1837 2741 2066 2796 τεθῶσιν
2113 2745 2163 2798 oi
2201 2743 2386 2819 ἐχθροί
2440 2767 2554 2804 σου·
2593 2755 2706 2805 καί·
2737 2753 3141 2822 Κατακυριευε
3175 2753 3248 2807 ἐν
3273 2753 3448 2824 μέσῳ
3479 2751 3600 2805 τῶν
3621 2751 3862 2820 ἐχθρῶν

573 2851 712 2891 σου.

643 2931 766 2987 Jam
799 2931 924 3000 quia
959 2943 1185 3000 regnum
1221 2929 1338 3000 ejus
1375 2931 1686 2987 abnuerunt
1731 2933 1940 2991 inimici
1981 2935 2153 3007 ipsius

568 3023 743 3088 cives,
777 3023 974 3077 merito
1007 3023 1088 3078 eis
1114 3021 1336 3076 aiebat:
1371 3023 1662 3091 Auferetur
1689 3044 1720 3080 a
1754 3027 1893 3081 vobis
1939 3045 2154 3100 regnum

2345 2939 2500 2994 Ἐπεὶ
2524 2941 2581 2995 δὲ
2616 2941 2830 3015 ἔξαρνοι
2869 2943 2972 3014 τῆς
3003 2942 3278 3014 βασιλείας
3315 2942 3480 2996 αὑτοῦ
3519 2943 3776 3010 ἐγένοντο
3809 2942 3858 2994 οἱ

2263 3033 2447 3105 ἐχθροὶ
2480 3034 2646 3088 αὐτοῦ
2682 3035 2917 3100 πολῖται,
2953 3037 3178 3100 εἰκότως
3205 3036 3342 3108 πρὸς
3365 3027 3562 3098 αὐτοὺς
3587 3035 3852 3104 ἔφασκεν

571 3117 691 3178 Dei.
726 3127 776 3172 el
805 3117 1018 3171 dabitur
1054 3119 1192 3188 genti
1235 3119 1454 3188 facienti
1499 3119 1710 3176 "fructus
1747 3123 1862 3192 ejus
1885 3121 1949 3181 ⁵⁸.
1994 3125 2154 3193 ραδε-

2275 3125 2612 3195 Ἆρθήσεται
2652 3127 2753 3197 ἀφ’
2782 3127 2952 3198 ὑμῶν
3073 3125 3364 3193 βασιλεία
3395 3129 3500 3182 τοῦ
3540 3127 3710 3190 Θεοῦ,
3753 3126 3856 3181 καὶ

570 3223 697 3265 nam
727 3221 856 3264 vero
882 3218 1026 3265 esset
1067 3225 1198 3281 gens
1229 3226 1396 3281 regno
1440 3213 1600 3282 digna
1625 3254 1642 3280 ,
1687 3215 2015 3285 significavit
2063 3221 2153 3288 qui

2259 3217 2580 3286 δοθήσεται
2625 3221 2785 3275 ἔθνει
2829 3221 3100 3277 ποιοῦντι
3147 3222 3290 3288 τοὺς
3333 3216 3599 3292 καρποὺς
3633 3222 3854 3292 αὐτ-ἧς.

571 3301 712 3357 dixit
753 3317 770 3356 :
807 3299 1029 3358 Postula
1067 3319 1100 3358 α
1123 3319 1240 3368 me,
1281 3314 1326 3358 et
1363 3305 1496 3358 dabo
1525 3307 1620 3359 tibi
1652 3315 1828 3376 gentes
1868 3309 2154 3365 haeredita-

569 3404 672 3447 tem
693 3402 860 3448 tuam.
896 3395 1311 3451 Demonstrabat
1339 3405 1541 3460 autem,
1567 3400 1712 3454 cives
1738 3399 1990 3458 inimicos
2014 3402 2153 3472 ejus,

569 3487 714 3542 haud
742 3486 877 3542 alios
899 3502 1019 3543 esse
1059 3501 1224 3558 quam
1259 3489 1569 3546 Judaeorum
1605 3501 1845 3562 gentem,
1870 3495 1960 3564 qui
1991 3495 2152 3562 primi

569 3592 598 3630 a
632 3575 937 3634 Servatoris
959 3581 1132 3651 gratia
1177 3581 1437 3652 praeventi
1476 3583 1755 3638 contraria
1798 3585 1846 3638 ei
1886 3587 2153 3642 retribue-

567 3678 719 3724 runt.
760 3669 884 3725 ldeo
917 3671 984 3726 de
1014 3671 1148 3742 ipsis
1191 3673 1508 3743 prophetiee
1567 3673 1796 3728 aiebat:
1840 3673 1973 3728 Mala
2017 3677 2149 3730 mihi

565 3761 944 3818 retribuerunt
975 3781 988 3816 :
1025 3777 1126 3834 pro
1160 3779 1225 3820 eo
1253 3775 1308 3819 ut
1339 3779 1424 3820 me
1448 3765 1761 3836 diligerent,
1793 3767 2152 3824 detrahebant

567 3853 735 3920 mihi,
772 3861 828 3909 et
883 3859 1054 3926 gratis
1107 3865 1573 3926 oppugnaverunt,
1624 3857 1918 3928 dolosaque
1967 3858 2148 3928 lingua

564 3953 757 4000 contra
785 3961 870 4002 me
897 3957 1020 4002 sunt
1047 3947 1206 4004 locuti
1231 3991 1245 4013 ,
1274 3957 1330 4004 et
1360 3949 1708 4004 sermonibus
1753 3949 1862 4003 odii
1910 3951 2147 4006 circum-

565 4037 828 4093 dederunt
855 4054 940 4093 me
962 4039 1044 4105 “;
1105 4055 1300 4110 nempe
1345 4041 1676 4110 blasphemis
1728 4057 1867 4112 quos
1920 4043 1974 4096 in
2022 4057 2146 4098 eum

557 4129 786 4200 iaculari
831 4131 1008 4186 solent
1033 4133 1396 4200 sermonibus,
1429 4134 1788 4202 itnpreeantes
1817 4134 1890 4200 ei,
1923 4135 2147 4205 ipsoque

561 4235 728 4292 opere
749 4223 1138 4293 propemodum
1161 4225 1402 4280 dicentes
1432 4241 1445 4278 :
1477 4223 1734 4280 Nolumus
1756 4227 1898 4281 hunc
1920 4243 2146 4297 regnare

565 4327 732 4384 super
757 4329 875 4369 nos.
909 4313 1198 4385 Propterea
1229 4333 1333 4370 non
1365 4331 1532 4386 regno
1581 4327 1789 4372 tantum
1833 4317 2145 4389 spoliaban-

563 4416 687 4474 tur,
723 4423 909 4463 verum
943 4411 1108 4463 etiam
1153 4408 1389 4464 debitam
1447 4410 1710 4481 impietati
1763 4427 1876 4466 suae
1924 4425 2144 4482 positam

2257 3313 2415 3365 Ποῖον
2439 3311 2496 3365 δὲ
2525 3301 2594 3384 ἧν
2625 3313 2685 3367 τὸ
2718 3312 2868 3378 ἔθνος
2899 3313 2959 3367 τὸ
2992 3315 3093 3384 τῆς
3139 3315 3420 3386 βασιλείας
3453 3315 3622 3382 ἄξιον,
3659 3316 3856 3389 ἐδήλου

2253 3405 2283 3458 ό
2311 3405 2512 3462 εἰπών’
2547 3407 2806 3476 Αἵτησαι
2837 3408 2974 3476 παρ’
3002 3407 3174 3486 ἐμοῦ,
3215 3409 3314 3463 καὶ
3356 3409 3532 3464 δώσω
3560 3425 3662 3462 σοι
3697 3411 3852 3479 ἔθνη

2253 3495 2370 3565 τὴν
2397 3497 2804 3567 κληρονομίαν
2825 3511 2963 3552 σου.
3015 3497 3235 3570 Ἐδήλου
3263 3501 3320 3554 δὲ
3357 3499 3581 3560 πολίτας
3617 3498 3854 3570 ἐχθροὺς

2253 3585 2418 3640 αὐτοῦ
2440 3587 2536 3658 οὐχ
2559 3587 2779 3660 ἑτέρους
2801 3588 2896 3641 τοῦ
2934 3587 3200 3642 Ἰουδαίων
3240 3589 3448 3652 ἔθνους,
3479 3591 3528 3642 οἳ
3563 3587 3647 3659 δὴ,
3685 3586 3846 3660 πρῶ-

2249 3693 2334 3730 τοι
2366 3677 2464 3748 τῆς
2495 3676 2591 3731 τοῦ
2628 3679 2879 3750 Σωτῆρος
2921 3680 3140 3752 χάριτος
3173 3679 3484 3751 ἠξιωμένοι,
3527 3682 3642 3743 τοῖς
3689 3682 3850 3732 ἐνανι

2250 3768 2384 3832 τίοις
2417 3763 2579 3824 αὑτὸν
2623 3769 2918 3841 ἠμύναντο.
2969 3771 3060 3824 Διὸ
3099 3773 3226 3844 περὶ
3269 3771 3452 3824 αὐτῶν
3491 3770 3856 3842 προφητικῶς

2251 3861 2462 3932 ἔλεγεν·
2509 3859 3009 3919 Ἄνταπεδίδοσάν
3025 3881 3128 3934 μοι
3157 3865 3408 3934 πονηράο
3436 3865 3570 3918 ἀντὶ
3601 3863 3852 3934 ἀγαπᾷν

2243 3974 2342 4026 με,
2379 3955 2772 4012 ἐνδιέϐαλλόν
2792 3973 2890 4027 με,
2921 3958 3020 4012 καὶ
3047 3956 3440 4027 ἐπολέμησαν
3463 3956 3712 4025 δωρεὰν,
3743 3955 3844 4010 καὶ

2247 4047 2565 4116 ἐλάλησαν
2601 4051 2732 4102 κατ’
2782 4047 2930 4120 ἐμοῦ
2980 4048 3229 4119 γλώσσῃ
3271 4047 3468 4116 δολίῃ,
3512 4047 3846 4119 καὶλότοις

2242 4142 2468 4210 μίσους
2515 4141 2894 4195 ἐκύκλωσαν·
2947 4139 3013 4194 δι’
3051 4133 3127 4194 ὧν
3174 4140 3573 4213 προϐάλλεσθαι
3611 4139 3842 4194 εἰώθασι

2248 4231 2370 4283 κατ’
2399 4229 2568 4284 αὐτοῦ
2612 4231 2950 4302 βλασφήμων
2979 4229 3174 4300 λόγων,
3213 4229 3600 4301 κατευχόμενοί
3633 4247 3694 4283 τε
3739 4231 3840 4284 αὖα

2247 4320 2364 4384 τοῦ,
2394 4321 2489 4374 καὶ
2525 4319 2684 4391 μόνον
2716 4323 2816 4374 οὐκ
2845 4317 3028 4385 αὐτοῖς
3067 4321 3317 4390 λέγοντες
3364 4321 3476 4384 τοῖς
3510 4320 3694 4390 ἔργοις
3719 4339 3733 4351 ·
3765 4318 3840 4374 Οὐ

2249 4411 2476 4484 θέλομεν
2501 4411 2688 4466 τοῦτον
2721 4411 3036 4484 βασιλεῦσαι
3063 4413 3146 4483 ἐφ’
3168 4414 3334 4483 ἡμᾶς.
3365 4412 3458 4464 Διὸ
3478 4411 3542 4482 δὴ
3575 4413 3636 4464 οὐ
3671 4413 3844 4483 μόνον

561 4499 822 4556 referent.
873 4499 1034 4558 Cives
1095 4517 1223 4558 vero
1275 4499 1392 4556 illos
1449 4501 1503 4556 in
1571 4501 1828 4571 parabola
1882 4502 2140 4572 appellat,

2259 4505 2346 4576 τῆς
2369 4505 2644 4576 βασιλείας
2671 4505 3114 4578 στερηθήσονται,
3145 4505 3282 4558 ἀλλὰ
3323 4501 3422 4559 καὶ
3453 4505 3734 4559 πείσονται
3772 4505 3844 4558 τὰ

560 4594 760 4664 quippe
787 4605 854 4650 ex
878 4593 1067 4648 eadem
1098 4595 1426 4664 cognatione
1462 4593 1726 4649 oriundos
1750 4634 1765 4660 ,
1792 4595 2049 4664 quoniam
2087 4605 2144 4650 et

559 4687 676 4758 ipse
702 4699 768 4743 ex
795 4687 986 4743 iisdem
1025 4687 1465 4759 progenitoribus
1488 4703 1659 4758 genus
1682 4688 1915 4743 ducebat
1950 4702 2141 4743 secun-

557 4783 683 4838 dum
714 4782 896 4838 carnis
921 4781 1285 4848 nativitatem,
1310 4792 1364 4838 et
1383 4783 1508 4853 quia
1533 4797 1687 4851 reque
1713 4783 1811 4837 sub
1835 4781 1951 4853 lege
1975 4783 2138 4838 vitam

557 4875 811 4947 degebat.
854 4877 1031 4945 Atque
1077 4877 1190 4930 lucc
1234 4876 1393 4946 primi
1440 4873 1557 4945 ejus
1601 4877 1864 4930 adventus
1923 4876 2137 4944 propria

557 4973 726 5028 suum
765 4965 895 5034 Quae
935 4983 1056 5023 cum
1099 4969 1358 5040 Servator
1404 4968 1476 5022 ita
1537 4967 1852 5031 docuisset,
1886 4967 2137 5036 deinceps

507 5053 510 5056 ’
553 5059 790 5115 reditum
837 5075 992 5116 suum
1033 5061 1328 5132 gloriosum
1372 5071 1537 5131 atque
1569 5059 1799 5130 regalem
1851 5059 2012 5121 sistit,
2059 5067 2138 5113 te-

554 5163 708 5208 stans
755 5151 871 5206 fore
923 5161 983 5206 ut
1029 5153 1096 5207 de
1145 5153 1399 5208 omnibus
1449 5163 1578 5206 tunc
1615 5151 1820 5219 justum
1872 5151 2135 5221 judicium

553 5229 829 5301 exerceat.
861 5243 996 5300 Nam
1032 5246 1097 5301 iis
1121 5247 1212 5317 qui
1246 5247 1385 5302 bene
1407 5259 1468 5300 ae
1495 5245 1727 5324 ﬁdeliter
1766 5259 1947 5298 tunam
1995 5243 2132 5296 mul-

553 5335 953 5405 tiplicaverint,
994 5353 1292 5409 congruum
1341 5339 1621 5410 praemium
1674 5337 1992 5400 conferens,
2029 5337 2148 5406 do-‘

552 5429 752 5484 minari
783 5444 966 5485 secum
993 5439 1048 5488 et
1074 5445 1412 5502 conregnare
1435 5429 1696 5486 concedet
1739 5449 1758 5485 ι
1801 5431 1848 5485 ei
1884 5444 2012 5484 vero
2034 5427 2126 5498 qui

550 5535 650 5592 per
677 5522 982 5578 socordiam
1023 5531 1187 5592 atque
1224 5521 1498 5590 ignaviam
1533 5522 1863 5578 dominicum
1905 5520 2126 5575 manda-

2241 4599 2496 4672 ἐπίχειρα
2526 4600 2626 4670 τῆς
2653 4599 2834 4653 αὐτῶν
2869 4597 3206 4660 δυσσεϐείας.
3255 4597 3487 4662 Πολίτας
3529 4598 3584 4650 δὲ
3634 4598 3838 4661 αὐτοὺς

2238 4689 2326 4743 διὰ
2361 4691 2458 4762 τῆς
2497 4689 2814 4763 παραϐολῆς
2853 4688 3158 4761 ὠνόμαζεν,
3195 4689 3288 4744 ἂτε
3321 4689 3386 4760 δὴ
3427 4691 3490 4744 ἐκ
3522 4690 3624 4760 τῆς
3659 4691 3840 4760 αὐτῆς

2237 4781 2593 4853 ὁρμωμένους
2617 4781 2765 4852 αὐτῷ
2797 4777 3136 4849 συγγενείας
3167 4781 3290 4833 ἐπεὶ
3321 4781 3415 4833 καὶ
3443 4780 3604 4843 αὐτὸς
3633 4782 3702 4834 ἐκ
3727 4781 3838 4834 τῶν

2237 4873 2418 4927 αὐτῶν
2443 4873 2666 4947 ὡρμᾶτο
2695 4873 3058 4945 προπατόρων
3085 4874 3228 4928 κατὰ
3246 4875 3346 4944 τὴν
3373 4872 3636 4944 Ξνσαρκον
3663 4873 3838 4927 αὐτοῦ

2237 4967 2470 5034 γένεσιν,
2504 4968 2595 5019 καὶ
2625 4966 2854 5036 ἐπείπερ
2884 4965 2984 5034 τῆς
3012 4965 3243 5036 νομίμου
3273 4965 3473 5036 ὁμοίως
3496 4967 3681 5030 αὐτοῖς
3705 4984 3836 5038 μετ-

2234 5058 2319 5130 ῄει
2358 5059 2648 5121 πολιτείας.
2698 5057 2882 5110 Ταῦτα
2931 5058 3027 5128 μὲν
3069 5053 3161 5112 οὖν
3209 5058 3594 5130 παραστατικὰ
3640 5059 3709 5114 ἂν
3743 5059 3830 5129 εἴη

2234 5152 2334 5222 τῆς
2368 5149 2589 5222 πρώτης
2617 5149 2783 5204 αὑτοῦ
2809 5149 3065 5218 ἀφίξεως.
3107 5150 3260 5202 Ἐπεὶ
3286 5149 3344 5201 δὲ
3369 5147 3543 5204 ταῦτα
3575 5151 3604 5202 ὀ
3629 5149 3829 5220 Σωτὴρ

2239 5242 2427 5295 τοῦτον
2462 5241 2664 5307 ἐδίδαξε
2696 5241 2787 5294 τὸν
2811 5239 3030 5312 τρόπον,
3073 5239 3380 5304 ἀκολούθως
3427 5239 3526 5312 τὴν
3563 5239 3832 5293 ἐπάνοδον

2241 5334 2405 5388 αὑτοῦ
2425 5334 2522 5406 τὴν
2551 5333 2758 5398 ἔνδοξον
2791 5335 2886 5387 καὶ
2915 5333 3200 5407 βασιλικὴν
3245 5334 3507 5406 παρίστη,
3545 5334 3828 5407 μαρτυρό-

2239 5445 2396 5500 μενος
2435 5425 2626 5502 ὁποίαν
2673 5427 2793 5482 τότε
2833 5429 3116 5496 ποιήσεται
3157 5428 3256 5499 τὴν
3301 5427 3442 5482 κατὰ
3483 5427 3706 5482 πάντων
3746 5427 3828 5482 δι-

2234 5517 2575 5590 καιοκρισίαν
2598 5535 2610 5548 ·
2643 5522 2755 5583 τοῖς
2792 5517 2890 5590 μὲν
2922 5521 3032 5591 γὰρ
3061 5516 3122 5574 εὖ
3167 5522 3260 5574 καὶ
3302 5519 3508 5584 πιστῶς
3545 5520 3642 5592 τὴν
3681 5520 3834 5592 μνᾶν

617 5682 668 5716 ⁸⁴
693 5681 828 5738 Luc.
856 5698 969 5750 xix,
997 5683 1084 5738 l3.
1133 5643 1204 5718 4”
1231 5685 1427 5756 Ephcs.
1457 5701 1530 5754 tv,
1555 5685 1608 5742 5.
1685 5683 1730 5718 “
1755 5684 1896 5742 Psal.
1921 5701 2030 5752 cur,
2059 5687 2108 5742 l.

2263 5685 2391 5751 ibid.
2417 5687 2474 5744 9..
2553 5689 2597 5720 ³³
2627 5688 2812 5746 Matth.
2836 5707 2950 5760 ut,
2977 5691 3069 5746 45.
3141 5691 3186 5724 ’δ’
3209 5690 3350 5747 Psal.
3372 5704 3528 5758 cvm,
3549 5687 3608 5744 Ξ.

619 5806 732 5879 (70)
755 5807 888 5865 Cod.
927 5807 1058 5864 ἔστ’.

2309 5808 2419 5880 (ιι.)
2442 5807 2520 5865 lta
2548 5809 2670 5865 cod.
