4130 6400
276 415 379 471 593

1451 400 1962 469 communem
1991 414 2058 468 IN
2098 394 2362 473 LUCAM.

3425 416 3530 473 594

272 533 736 590 πολυπλασιάσασι
770 534 866 604 τὴν
912 532 1227 604 πρέπουσαν
1272 531 1556 595 ἀποδιδοὺς
1596 530 1848 602 ἀμοιϐὴν,

1959 539 2069 585 tuin
2101 531 2423 602 neglexerit,
2467 542 2522 586 et
2553 531 2711 586 oliari
2756 530 3050 600 fcriarique
3083 529 3407 599 praetulerit,
3434 548 3531 585 ne-

270 627 554 698 συνάρχειν
599 625 748 696 αύτῷ
786 626 879 680 καὶ
929 624 1345 695 συμϐασιλεύειν
1396 623 1712 695 ἐπιτρέψει·
1767 622 1846 693 τῷ

265 719 324 775 δὲ
348 722 467 774 κατ’
495 721 649 774 ὄκνον
679 720 773 773 καὶ
804 717 1072 790 ῥαθυμίαν
1095 716 1391 787 ἡμεληκότι
1417 717 1517 786 τῆς
1538 717 1630 768 τοῦ
1651 717 1851 770 Δεσπό-

1955 639 2060 692 que
2096 625 2408 692 negotiandi
2443 624 2683 679 laborem
2727 623 2971 693 perferre
2995 623 3248 687 voluerit,
3274 626 3528 679 acerbam

1959 729 2176 782 pinnam
2203 715 2459 783 imponet.

265 827 360 865 του
403 809 879 884 παρακελεύσεως,
922 807 1119 880 ἀργίαν
1194 825 1252 860 τε
1329 810 1423 861 καὶ
1506 807 1700 879 σχολὴν
1763 808 2102 878 ἠγαπηκότι,
2159 809 2294 880 μηδέ
2347 809 2655 880 βουληθέντι
2711 810 2803 863 τὸν
2859 809 3018 863 πόνον
3073 809 3362 879 ὑπομεῖναι
3428 803 3530 878 τῆς

268 906 670 978 πραγματείας,
703 904 904 974 πικρὰν
928 905 1228 973 ἐπαρτὴσει
1255 903 1429 973 δίκην.

377 999 523 1052 Ἴσθι
548 997 838 1062 ἐξουσίαν
874 995 1032 1064 ἔχων
1058 993 1258 1048 ἐπάνω
1295 994 1442 1048 δέκα
1476 997 1728 1051 πόλεων.

337 1088 612 1143 Βασιλεῖαι
635 1087 743 1160 γὰρ
769 1080 952 1151 αὗται,
971 1088 1274 1158 πρέπουσαι
1309 1088 1651 1159 προαγωγαὶ,
1681 1087 1854 1158 ἀρχάς

265 1180 567 1252 ἀνθρώπων
595 1180 688 1233 καὶ
715 1179 1013 1251 ἡγεμονίας
1056 1179 1165 1231 τῶν
1222 1179 1586 1250 ἀτελεστέρων
1621 1178 1701 1231 ἐτι
1747 1178 1850 1245 ψυ-

267 1274 374 1346 χῶν
401 1276 514 1336 τοῖς
558 1275 614 1325 ἐν
643 1272 808 1344 ὀλίγῳ
842 1272 939 1343 τὴν
974 1272 1215 1343 δοκιμὴν.
1243 1272 1702 1342 παρεσχημένοις,
1753 1273 1852 1323 ἐπ-

266 1365 428 1432 αξίως
475 1356 548 1417 ὧν
594 1364 1119 1436 ἐπραγματεύσαντο
1145 1362 1284 1416 κατὰ
1321 1362 1412 1415 τὸν
1459 1361 1673 1433 πρῶτον
1711 1361 1844 1431 βίον,

264 1455 636 1528 χαριζόμεναι.
661 1455 869 1519 Μάθοις
901 1456 944 1508 δ’
981 1456 1048 1509 ἂν
1073 1457 1181 1509 τῶν
1213 1454 1532 1526 εἰρημένων.
1555 1453 1757 1507 δούλων
1786 1452 1848 1505 τὸ

264 1551 504 1621 γνήσιον,
538 1549 716 1604 καὶτὸ
749 1549 940 1602 πιστὸν
978 1550 1074 1618 τῆς
1104 1545 1486 1618 πραγματείας
1531 1545 1712 1618 ἔργοις
1746 1545 1846 1597 αύ-

264 1643 375 1705 τοῖς
403 1640 765 1712 παραλαϐών·
817 1641 893 1704 ὡς
929 1643 1018 1706 εἰς
1051 1639 1257 1695 πᾶσαν
1291 1637 1406 1707 τὴν
1434 1637 1550 1708 γῆν
1585 1636 1846 1706 ἐξῆλθεν

262 1737 296 1788 ό
323 1735 584 1804 φθόγγος
607 1732 824 1799 αὐτῶν,
861 1732 958 1788 καὶ
988 1736 1075 1797 εἰς
1116 1731 1188 1786 τὰ
1233 1732 1458 1800 πέρατα
1498 1729 1609 1799 τῆς
1646 1732 1843 1784 οἰκου-

1992 995 2037 1025 ⁵⁰
2078 992 2203 1046 Eslo
2249 999 2552 1061 potestatem
2593 991 2786 1045 habens
2823 1007 2980 1060 super
3018 991 3192 1044 decem
3233 992 3486 1045 civitates.

2027 1088 2208 1157 ltegna
2245 1085 2492 1140 videlicet
2535 1085 2650 1139 hare
2679 1095 2827 1148 sunt,
2862 1086 3185 1154 decorzeqne
3222 1089 3528 1153 provectio-

1945 1196 2069 1248 nes,
2106 1195 2227 1248 qua:
2271 1179 2554 1248 imperium
2600 1178 2651 1232 in
2697 1177 2964 1242 homines,
2991 1188 3046 1232 et
3081 1178 3525 1246 in-tperl'ectarum

1949 1275 2123 1326 adhuc
2155 1273 2456 1325 animarum
2483 1271 2774 1334 ducatum,
2810 1270 2878 1324 iis
2908 1271 2998 1340 qui
3033 1270 3086 1324 in
3126 1285 3182 1324 re
3226 1269 3330 1324 levi
3361 1284 3526 1340 expe-

1951 1366 2240 1420 rimentum
2283 1362 2628 1431 praebuerint,
2661 1377 2760 1431 pro
2802 1362 3098 1430 superioris
3129 1361 3251 1415 vita:
3291 1361 3520 1425 meritis,

1951 1457 2268 1510 attribuunt.
2344 1455 2649 1525 Cognosces
2713 1465 2894 1508 autem
2959 1454 3339 1522 praedictorum
3407 1467 3526 1508 ser-

1948 1563 2137 1602 vorum
2191 1547 2544 1617 probitatem,
2605 1554 2658 1600 et
2705 1545 3010 1615 negotiandi
3073 1545 3408 1608 ﬁdelitatem,
3457 1559 3526 1599 ex

1949 1638 2199 1707 operibus
2243 1637 2375 1707 ipsis
2424 1653 2692 1707 arguens;
2775 1651 2966 1705 nempe
3027 1635 3167 1703 quod
3214 1637 3270 1688 in
3321 1651 3528 1689 omnem

1949 1738 2142 1783 terram
2188 1729 2314 1782 exiit
2367 1745 2524 1782 sonus
2577 1745 2778 1792 eorum,
2841 1739 2887 1781 et
2939 1727 3146 1796 inﬁtias
3177 1737 3332 1781 terra:
3374 1726 3527 1780 verba

258 1822 452 1893 μένης
479 1824 553 1877 τὰ
581 1824 821 1892 ῥήματα
848 1821 1065 1877 αὐτῶν.
1110 1823 1186 1876 Δι’
1231 1821 1410 1876 αὐτῶν
1465 1821 1574 1892 γὰρ
1624 1819 1845 1874 ἐκείνων

1947 1821 2180 1890 ipsorum
2215 1822 2282 1874 δι.
2354 1820 2458 1875 Per
2518 1819 2637 1875 illos
2707 1821 2850 1874 enim
2907 1820 3216 1874 Servatoris
3273 1819 3523 1884 comites,

261 1916 369 1968 τῶν
394 1916 487 1970 τοῦ
509 1916 760 1986 Σωτῆρος
796 1915 1110 1986 γνωρίμων,
1144 1913 1237 1966 κιιῖ⁹
1257 1913 1343 1966 διὰ
1373 1913 1482 1966 τῶν
1505 1913 1644 1985 μετὰ
1670 1913 1846 1967 ταῦτα

259 2010 350 2063 τὸν
374 2011 556 2081 ὅμοιον
576 2010 804 2073 ἐκείνοις
832 2009 1270 2083 ἐπανῃρημένων
1297 2006 1477 2078 ζῆλον,
1503 2007 1562 2072 ἐξ
1591 2007 1846 2061 ἁπάντων

258 2100 368 2154 τῶν
399 2099 568 2154 ἐθνῶν
595 2100 960 2172 ἀφορισθεῖσα
983 2099 1060 2170 τῷ
1086 2097 1206 2169 Θεῷ
1255 2098 1570 2169 Ἐκκλησία,
1593 2099 1649 2150 ἐν
1681 2097 1846 2167 ὀλίγῳ

260 2193 438 2265 χρόνῳ
468 2193 569 2265 τὴν
599 2192 890 2263 σύμπασαν
912 2191 1237 2263 οἰκουμένην
1271 2191 1535 2261 ἐπλήρου.
1572 2189 1684 2242 Καὶ
1722 2187 1846 2241 καθ’

259 2285 446 2358 ἕτερον
469 2285 526 2338 δὲ
553 2285 755 2356 τρόπον
783 2284 878 2355 τὴν
908 2282 1173 2356 ἐργασίαν
1199 2285 1515 2355 ποιήσονται
1543 2283 1591 2334 οἱ
1620 2280 1712 2333 τὸν
1739 2298 1843 2334 σω-

260 2375 446 2448 τήριον
473 2375 631 2444 λόγον
645 2374 735 2428 τὸν
761 2374 1112 2443 εύαγγελικὸν
1137 2373 1538 2434 πιστευθέντες,
1566 2373 1632 2424 δι’
1668 2371 1848 2443 ἔργων

261 2467 357 2521 καὶ
377 2466 648 2539 πράξεων,
682 2466 796 2536 βίου
826 2483 886 2518 τε
916 2466 1011 2520 καὶ
1040 2465 1315 2528 πολιτείας
1350 2461 1712 2535 θεοπρεποῦς,
1747 2463 1846 2526 τὰς

258 2557 355 2611 τοῦ
387 2557 546 2626 λόγου
574 2558 922 2623 διδασκαλίας
951 2557 1413 2628 ἀποπληροῦντες.
1452 2551 1550 2610 Ὧν
1587 2557 1714 2619 τοὺς
1748 2557 1846 2626 μὲν

256 2649 533 2721 διαφόρως
559 2650 993 2721 ἐργασαμένους,
1027 2649 1309 2721 διαφόροις
1330 2653 1517 2721 τιμαῖς
1555 2649 1847 2720 ἀμείψεται

255 2743 286 2794 ό
308 2741 516 2806 δίκαιος
559 2743 772 2814 κριτὴς,
811 2742 1106 2798 ἀποδώσων
1145 2742 1361 2814 ἐκάστῳ
1397 2743 1496 2814 τὴν
1535 2743 1847 2814 προσήκου-

258 2847 359 2885 -ταν
391 2833 448 2885 ἐν
472 2831 700 2902 ἀγαθοῖς
725 2833 979 2905 ἀμοιϐήνο
1008 2833 1090 2904 τῷ
1127 2834 1172 2888 δ’
1212 2832 1548 2906 ἐγκρύψαντι
1585 2833 1713 2895 τοὺς
1756 2833 1846 2886 16'-

256 2939 390 2991 γους
443 2923 536 2976 καὶ
582 2922 944 2994 καταδήσαντι
994 2926 1124 2993 παρ’
1177 2922 1375 2993 ἐαυτῷ,
1439 2922 1602 2993 μηδέν
1634 2939 1692 2976 τε
1731 2924 1846 2994 εἰρ-

258 3013 518 3086 γασμένῳ
547 3013 768 3086 πονηρῷ
796 3014 967 3084 δούλῳ
1015 3016 1110 3068 καὶ
1140 3015 1376 3086 ὀκνηρῷ,
1417 3015 1713 3086 τάπίχειρα
1749 3014 1848 3083 τῆς

260 3106 526 3177 πονηρίας
548 3106 775 3161 ἐποίσει,
807 3138 876 3147 -—
907 3107 980 3159 Τὸ
1009 3106 1194 3162 ἐπάνω
1230 3107 1362 3160 δέκα
1390 3107 1423 3178 ἢ
1453 3107 1612 3159 πέντε
1641 3105 1846 3158 πόλεων

257 3199 438 3270 ἀρχήν
486 3214 608 3251 τινα
662 3199 756 3250 καὶ
803 3197 1047 3262 ἐξουσίαν
1111 3199 1260 3270 δηλοῖ
1312 3199 1682 3269 δοθησομένην
1737 3200 1848 3260 τοῖς
1875 3181 1919 3242 C

258 3290 437 3358 ἁγίοις
494 3289 638 3344 κατὰ
698 3290 1101 3363 ὑποδεεστέρων
1156 3291 1248 3344 καὶ
1311 3290 1424 3344 τοῦ.
1475 3288 1848 3343 διευθύνεσθαι

257 3381 450 3446 ἀξίων.

342 3473 502 3527 Ἀλλὰ
532 3473 642 3544 γὰρ
681 3474 791 3529 τῶν
833 3475 932 3546 μὲν
981 3471 1146 3528 αὐτοῦ
1201 3473 1548 3546 θεραπόντων
1591 3473 1867 3543 τοιαύτην.

256 3565 546 3637 ποιήσεται
574 3565 672 3638 τὴν
709 3565 1146 3638 διάκρισιν-’τῶν
1180 3565 1237 3618 δέ
1269 3564 1343 3636 μὴ
1380 3566 1478 3637 τῆς
1511 3567 1680 3634 αὐτῆς
1725 3565 1847 3621 δου-

253 3656 403 3720 λείας
428 3656 868 3728 κατηξιωμένων,
911 3657 1084 3719 ἄλλως
1113 3656 1170 3708 δέ
1206 3657 1442 3711 πολιτῶν
1471 3657 1637 3710 αὑτοῦ
1676 3674 1849 3724 γεγε-

254 3749 528 3820 νημένων,
580 3749 638 3802 ἐν
681 3749 893 3820 ἐχθρῶν
922 3748 978 3801 δέ
1008 3747 1103 3801 καὶ
1149 3748 1449 3817 μισούντων
1492 3748 1653 3802 αὐτὸν
1693 3747 1848 3819 χώρᾳ

255 3843 487 3905 ἑαυτοὺς
520 3842 970 3906 καταλεξάντων,
999 3842 1294 3912 πρεσόείαν
1333 3858 1393 3893 τε
1429 3841 1846 3898 ἀπεσταλκότων

258 3933 682 4005 ἀπαρνουμένην
711 3933 883 3993 αὑτοῦ,
904 3932 1002 4004 τὴν
1035 3931 1334 4003 βασιλείαν,
1371 3932 1553 3984 ὁποῖον
1581 3930 1730 3983 ἐσται
1755 3932 1846 3984 τέ-

262 4025 380 4090 λος,
412 4025 652 4097 παρίστη
687 4024 752 4078 δι’
787 4019 863 4078 ὧν
915 4023 1280 4085 ἐπανελθόντα
1320 4022 1410 4075 τὸν
1444 4021 1668 4092 βασιλέα
1707 4022 1850 4076 κατὰ

255 4120 360 4191 τὴν
391 4119 649 4190 δευτέραν
685 4118 778 4172 καὶ
809 4117 1088 4187 βασιλικὴν
1141 4115 1306 4169 αὐτοῦ
1363 4114 1702 4184 θεοφάνειαν,
1751 4132 1848 4184 φο-

257 4210 426 4284 ϐερὰν
471 4209 745 4278 ἀπόφασιν
787 4207 1016 4272 ἐξοίσειν
1066 4207 1185 4260 κατ’
1219 4205 1398 4260 αὐτῶν
1437 4204 1703 4276 προύλεγε
1747 4203 1849 4275 τὴν

256 4305 545 4376 φήσασανο
577 4301 723 4373 Πλὴν
757 4302 885 4364 τοὺς
923 4299 1150 4371 ἐχθρούς
1182 4316 1282 4370 μου
1317 4297 1578 4360 ἐκείνους,
1618 4297 1744 4360 τοὺς
1773 4297 1845 4367 μὴ

259 4391 598 4466 θελήσαντάς
625 4409 692 4463 με
718 4389 1031 4463 βασιλεῦσαι
1071 4391 1158 4443 ἐπ’
1191 4389 1408 4453 αὐτοὺς,
1447 4387 1682 4456 ἀγάγετε
1719 4379 1844 4444 ὦδε,

257 4485 356 4540 καὶ
381 4481 766 4552 κατασφάξατε
795 4479 1101 4552 ἔμπροσθέν
1125 4496 1226 4556 μου
1247 4478 1382 4548 (72).

556 4575 651 4628 Ἐν
679 4573 821 4641 ποίᾳ
845 4572 1100 4640 ἐξουσίᾳ
1122 4572 1310 4626 ταῦτα
1335 4569 1524 4634 ποιεῖς
1545 4584 1563 4630 ;

329 4667 502 4732 Αὐτὸς
537 4665 636 4739 μὲν
667 4665 803 4737 ἔργα
852 4664 1040 4735 θεῖκῆς
1082 4663 1364 4734 δυνάμεως
1420 4659 1706 4724 ἐπιτελῶν,
1752 4677 1842 4713 τε-

258 4761 485 4834 ραστίας
530 4760 625 4813 καὶ
678 4757 1014 4830 παραδόξους
1061 4756 1291 4826 πράξεις
1335 4755 1690 4818 ἐνεδείκνυτο,
1736 4753 1844 4806 est-

255 4852 426 4907 δασκέ
471 4869 531 4905 τε
580 4851 808 4922 οὐράνια
860 4849 1178 4922 μαθήματα·
1239 4849 1291 4901 οἱ
1339 4848 1384 4921 δ’
1429 4847 1860 4918 ἀποθαυμάζειν.

255 4946 397 5010 δέον,
431 4945 720 5018 γνωρίζειν
755 4961 817 4997 τε
862 4945 928 4997 ἐκ
955 4943 1061 4996 τῶν
1097 4942 1271 5011 λόγων
1299 4941 1397 4994 καὶ
1429 4941 1540 4994 τῶν
1569 4942 1842 5012 πράξεων,

257 5035 335 5097 ὡς
358 5035 466 5106 ἄρα
487 5036 648 5100 αὐτὸς
675 5036 762 5105 εἴη
791 5036 820 5087 ὁ
842 5035 1074 5108 Χριστὸς
1097 5036 1125 5088 ό
1159 5032 1264 5088 ὑπὸ
1297 5032 1406 5086 τῶν
1421 5031 1724 5104 ,προφητῶν
1747 5049 1840 5085 κε-

258 5127 625 5197 κηρυγμένος,
662 5127 820 5180 τοῦτο
853 5127 952 5198 μὲν
987 5128 1086 5180 ούκ
1118 5126 1409 5197 ἔπραττον,
1446 5125 1532 5178 ἐπ’
1561 5126 1839 5196 ἀνατροπῇ

260 5216 319 5269 δὲ
350 5215 446 5268 τοῦ
482 5216 717 5289 πλήθους
741 5217 1062 5281 ἐπιστάντες
1081 5215 1314 5288 ἀθρόως,
1344 5214 1624 5286 ἐπετίμων
1637 5214 1843 5267 ,πυνθα-

262 5307 478 5378 νόμενοι
502 5307 560 5359 ἐν
589 5308 720 5379 ποίᾳ
739 5307 957 5380 ἐξουσίᾳ
992 5308 1076 5378 εἴη
1107 5307 1279 5362 ταῦτα
1309 5306 1498 5372 ποιῶν,
1549 5306 1645 5360 καὶ
1690 5305 1842 5376 παρὰ

248 5399 404 5478 ’τίνος
422 5398 633 5471 εἰλήφει
663 5399 762 5472 τὴν
795 5401 887 5454 τοῦ
915 5401 984 5454 τὰ
1006 5401 1182 5454 τοιάδε
1211 5400 1471 5472 πράττειν
1495 5398 1665 5464 ἀδεῶς
1693 5398 1846 5466 ἐξου-

263 5508 406 5544 σιαν.

594 5584 897 5654 Ἐρωτήσω
925 5583 1080 5656 ὑμᾶς
1094 5583 1273 5653 κάγὼ,
1299 5601 1354 5637 κ.
1383 5600 1434 5637 τ.
1465 5583 1517 5639 λ.

346 5673 706 5740 Ἀνεξικάκως
740 5675 835 5730 καὶ
863 5676 1052 5747 πράως
1100 5674 1296 5738 αὐτοὺς
1327 5672 1618 5745 δεξάμενος
1653 5675 1681 5726 ό
1719 5673 1834 5726 Κύ-

1873 4533 1924 4590 D

1945 1929 2146 1984 perque
2187 1928 2280 1968 eos
2313 1915 2404 1982 qui
2455 1923 2640 1982 postea
2688 1929 2869 1980 parem
2920 1912 3092 1966 zelum
3152 1920 3524 1980 susceperunt,

1943 2021 2012 2061 ex
2055 2007 2262 2062 cunctis
2319 2006 2568 2076 gentibus
2615 2007 2812 2060 selecta
2873 2004 2982 2058 Deo
3041 2003 3302 2068 Ecclesia,
3372 2003 3524 2058 brevi

1947 2108 2188 2168 tempore
2237 2098 2571 2168 universum}
2606 2098 2864 2154 mundum
2916 2097 3164 2166 replevit.
3215 2095 3336 2151 Alio
3389 2111 3525 2166 quo-

1946 2203 2050 2259 que
2120 2190 2280 2244 modo
2355 2190 2628 2260 negotium
2711 2203 2867 2245 suum
2934 2189 3134 2244 facient
3205 2189 3243 2243 ii
3325 2188 3523 2258 quibus

1947 2282 2255 2351 evangelica
2273 2283 2579 2338 Servatoris
2600 2283 2844 2338 doctrina
2869 2282 3161 2338 commissa
3185 2281 3308 2347 luit,
3328 2297 3524 2350 nempe

1949 2375 2188 2428 moribus
2213 2383 2267 2426 et
2291 2374 2408 2426 vitm
2431 2373 2661 2440 actibus,
2694 2383 2747 2427 et
2776 2373 2934 2442 iligna
2959 2373 3067 2428 Deo
3090 2373 3524 2437 conversatione,

1947 2465 2208 2520 doctrina:
2246 2475 2509 2535 pnecepta
2545 2465 2918 2535 adimplentes.
2959 2465 3107 2532 Quos
3139 2465 3356 2520 diverse
3401 2480 3528 2533 ope-

1949 2568 2150 2622 rantes,
2183 2557 2413 2613 diversis
2444 2558 2891 2636 prtemiisjustus
2934 2547 3099 2626 iudex
3143 2558 3524 2613 remunerabi-

1948 2661 2055 2714 tnr,
2101 2651 2234 2705 dans
2281 2649 2480 2719 cuique
2511 2663 2806 2717 congruam
2859 2649 2946 2704 rei.
2987 2649 3126 2704 bene
3162 2659 3326 2720 gesta:
3367 2651 3528 2705 retri-

1946 2742 2243 2797 butionem.
2284 2742 2669 2797 Verumtamen
2715 2741 2862 2798 illum
2894 2741 2985 2811 qui
3039 2743 3293 2797 traditam
3321 2742 3525 2798 doctrio

1948 2849 2074 2890 nam
2119 2834 2378 2890 celaverit
2419 2843 2580 2904 atque
2635 2834 2773 2902 apud
2828 2850 2888 2890 se
2941 2834 3263 2898 obvolverit,
3322 2835 3525 2889 malum

1949 2927 2187 2991 scilicet,
2223 2926 2472 2997 ignavum
2509 2926 2752 2994 nihilque
2779 2935 3092 2996 operantem
3139 2927 3389 2995 servum,
3433 2927 3527 2981 de-

1949 3020 2055 3072 bila
2081 3020 2330 3087 nequitia:
2359 3034 2468 3074 sum
2501 3033 2656 3088 paena
2689 3026 3064 3088 prosequetur.
3089 3049 3160 3059 —-
3185 3019 3379 3074 Decem
3434 3021 3520 3072 vel

1949 3112 2186 3180 quinque
2242 3111 2455 3165 urbium
2526 3110 2848 3179 pratl‘ectura
2914 3111 3184 3183 signiﬁcat
3237 3111 3528 3182 imperium

1953 3204 2222 3274 quoddam
2270 3219 2333 3258 ac
2378 3210 2725 3272 potestatem,
2775 3217 2896 3272 quae
2948 3204 3152 3258 sanctis
3191 3203 3368 3258 danda
3420 3205 3524 3259 erit

1948 3311 2113 3365 super
2144 3295 2474 3352 inﬁrmiores
2505 3305 2668 3366 atque
2697 3295 3077 3352 emendatione
3103 3294 3320 3365 dignos.

2019 3475 2148 3531 Tale
2196 3475 2376 3544 itaque
2419 3473 2487 3530 de
2541 3474 2713 3531 servis
2756 3473 2870 3530 suis
2916 3472 3178 3542 judicium
3225 3474 3518 3529 exercebit.

1949 3567 2168 3623 Illorum
2204 3579 2384 3621 autem
2415 3567 2506 3636 qui
2547 3583 2720 3636 neque
2759 3567 2810 3622 in
2840 3579 3122 3620 servorum
3150 3564 3268 3634 ejus
3293 3582 3524 3620 numero

1947 3675 2068 3713 esse
2097 3659 2381 3714 voluerunt
2403 3698 2418 3723 ,
2449 3673 2758 3728 quanquam
2797 3658 2944 3712 cives
2983 3656 3160 3726 ipsius.
3183 3667 3397 3724 essent,
3428 3659 3524 3712 sed

1949 3753 2001 3806 in
2035 3752 2268 3806 hostium
2314 3763 2477 3822 atque
2519 3767 2737 3806 osorum
2781 3750 3026 3818 partibus
3069 3764 3128 3804 se
3163 3751 3538 3816 collocarunt,

1951 3841 2382 3911 legationemque
2431 3842 2695 3895 miserunt
2733 3851 2792 3892 ut
2834 3855 3061 3910 regnum
3092 3840 3213 3910 ejus
3255 3841 3522 3895 detrecta-

1950 3943 2104 3998 rent,
2130 3934 2350 4003 quinam
2379 3934 2562 3988 exitus
2593 3933 2663 3986 sit
2707 3931 2919 3989 futurus
2939 3971 2954 3996 ,
2995 3933 3234 3988 ostendit
3268 3946 3518 3996 narrans,

1949 4039 2128 4096 regem
2161 4039 2466 4088 reversum,
2499 4025 2732 4078 secunda
2759 4017 3008 4077 videlicet
3032 4023 3194 4093 regali
3223 4024 3312 4077 Dei
3343 4024 3521 4076 mani-

1949 4116 2268 4180 festatione,
2301 4115 2598 4170 terribilem
2641 4114 2962 4168 sententiam
3007 4114 3240 4168 laturum
3277 4115 3360 4169 his
3393 4130 3518 4169 ver-

1951 4208 2033 4263 bis
2061 4226 2075 4262 :
2100 4208 2475 4270 Verumtamen
2502 4205 2748 4260 inimicos
2775 4219 2925 4260 meos
2954 4204 3075 4262 illos
3103 4244 3119 4270 ,
3159 4205 3251 4274 qui
3292 4221 3376 4259 me
3422 4219 3522 4258 no-

1951 4299 2166 4353 luerunt
2197 4312 2423 4368 regnare
2455 4313 2621 4367 super
2663 4312 2769 4364 se,
2799 4297 3051 4354 adducite
3081 4298 3190 4371 huc
3219 4306 3275 4351 et
3313 4297 3520 4350 interti-

1949 4389 2056 4444 cite
2089 4404 2214 4444 cura
2223 4404 2271 4441 ιιι
2311 4403 2417 4444 me.

2282 4576 2330 4607 ⁸³
2359 4574 2424 4628 In
2455 4593 2558 4646 qua
2596 4588 2852 4646 potestate
2883 4579 2993 4632 litvo
3032 4577 3161 4646 facis
3181 4579 3208 4630 Ρ

2019 4665 2134 4734 ipse
2179 4667 2398 4734 quidem
2430 4669 2625 4722 divina:
2656 4669 2871 4723 virtutis
2898 4683 3062 4737 opera
3103 4675 3363 4737 patrans,
3394 4679 3522 4734 por-

1948 4765 2094 4811 tenta
2143 4765 2200 4810 et
2241 4757 2516 4812 mirabiles
2569 4769 2725 4812 actus
2767 4759 2995 4821 edebat;
3038 4757 3308 4825 simulque
3353 4755 3519 4810 caste-

1944 4861 2079 4905 stem
2105 4852 2405 4907 doctrinam
2439 4854 2707 4907 tradebat.
2739 4853 2819 4907 illi
2853 4863 3032 4906 autem
3062 4853 3151 4922 qui
3197 4853 3310 4906 hac
3341 4851 3518 4920 suspi—

1941 4958 2064 4997 cere
2121 4944 2467 5010 debuissent,
2530 4951 2698 5012 atque
2745 4958 2811 4998 ex
2880 4945 3040 4998 dictis
3095 4944 3368 5014 gestisque
3421 4959 3519 5006 cod

1942 5049 2202 5104 gnoscere
2233 5035 2376 5090 hunc
2397 5049 2518 5090 esse
2543 5034 2820 5090 Christum
2852 5038 2918 5090 de
2946 5050 3053 5104 quo
3077 5034 3354 5104 propheta:
3385 5035 3520 5088 vati...

1945 5128 2108 5182 cinati
2160 5125 2414 5194 fuerant;
2468 5129 2693 5183 minime
2728 5143 2907 5183 rerum
2941 5129 2991 5182 id
3023 5129 3304 5195 fecerunt;
3333 5142 3518 5182 verum

1943 5221 2012 5273 ad
2057 5220 2438 5274 concitandam
2479 5221 2693 5291 plebem
2739 5221 2922 5276 subito
2953 5220 3230 5286 conversi,
3275 5219 3520 5287 increpa-

1945 5312 2077 5367 bant
2107 5327 2256 5379 eum,
2304 5312 2704 5383 interrogantes
2754 5329 2986 5384 quanam
3032 5313 3356 5369 auctoritate
3407 5313 3546 5367 haec-

1942 5400 2181 5468 faeeret,
2235 5403 2320 5458 vel
2365 5419 2395 5457 a
2463 5419 2697 5474 quonam
2752 5414 2900 5460 tanta
2955 5405 3216 5474 prmditus
3260 5403 3520 5459 facultate

1946 5493 2160 5562 fuisset,
2200 5505 2258 5550 ut
2292 5496 2405 5551 hzec
2432 5497 2778 5553 confidenter
2811 5507 3017 5568 ageret.

2255 5588 2302 5621 "
2334 5587 2681 5660 Interrogabo
2720 5601 2767 5644 et
2801 5607 2894 5662 ego
2926 5608 3014 5646 vos
3035 5632 3049 5656 ,
3089 5601 3197 5647 etc.

2013 5675 2290 5734 Patientcr
2317 5695 2381 5736 ac
2409 5691 2689 5739 mansuete
2728 5687 2998 5754 postulata
3029 5699 3213 5739 eorum
3240 5680 3526 5750 excipiens

338 5769 386 5803 ⁸³³
419 5768 550 5826 Luc.
578 5786 692 5836 xu,
723 5771 808 5825 i7.
887 5771 931 5802 ’ί
968 5771 1110 5826 Psal.
1139 5787 1297 5838 xvm,
1337 5771 1390 5826 5.
1465 5771 1510 5802 ⁸³
1534 5769 1671 5825 Luc.
1702 5786 1795 5834 xx,
1838 5771 1848 5823 ε

1970 5771 2015 5803 ⁸³
2051 5773 2180 5829 ibid.
2220 5777 2273 5833 5.

342 5857 463 5934 (7‘2)
489 5863 693 5921 Confer
715 5864 1124 5955 Tlteoplmniam,
1155 5868 1290 5937 apud
1319 5883 1415 5925 nos
1447 5871 1552 5924 col,
1587 5866 1690 5922 690
1722 5867 1814 5920 lin.
