4000 6398
517 371 622 426 395
1037 407 1044 414 .
1229 369 1498 426 susum:
1540 359 2020 428 cmsARtENSts
2057 369 2208 426 ora.
2251 355 2570 422 passm?
2595 343 2668 407 1—“
2709 358 3114 422 exsomnis.
3668 361 3776 418 59s

521 491 800 558 Dominus,
830 489 1142 547 sciscitatur
1173 490 1287 560 ipse
1315 505 1528 560 quoque
1571 491 1637 545 de
1672 489 1878 546 Joanne
1917 490 2088 559 bapti-

2213 505 2306 552 ιιος
2335 487 2582 558 ἀνερωτᾷ
2605 485 2730 556 περὶ
2777 483 3021 538 Ἰωάννου
3045 479 3136 534 τοῦ
3159 478 3481 542 Βαπτιστοῦ,
3511 480 3572 533 σὺ
3607 481 3776 533 πόθεν

519 591 736 650 latore;
773 597 872 638 nec
911 583 1054 637 unde
1089 581 1134 636 is
1167 591 1346 648 esset,
1379 585 1472 636 sed
1504 583 1644 638 unde
1687 581 1936 652 baptismi
1967 595 2090 636 nor—

521 689 666 730 mam
709 673 1022 742 acCepisset.
1069 673 1201 728 Nam
1235 675 1338 728 sibi
1378 675 1478 742 ipsi
1510 674 1878 729 testimonium
1913 673 2092 744 perhi-

524 765 680 831 bere,
723 765 940 836 plenum
988 767 1098 821 odii
1131 767 1407 836 negotium
1441 767 1790 822 existimabat
1821 777 1873 820 et
1911 777 2093 820 osten-

522 856 762 912 tationis.
810 855 1116 926 Ceteroqui
1167 857 1484 926 provocatio
1535 857 1600 910 ad
1640 855 1906 911 Joannem
1962 857 2093 911 laci-

523 957 631 1002 tam
660 949 974 1004 continebat
1002 949 1204 1004 Christi
1235 948 1749 1003 ntauifestationem.
1802 949 2096 1004 Universos

520 1040 667 1094 enim
694 1039 925 1111 populus
955 1038 1232 1096 fatebatur
1263 1039 1530 1096 Joannem
1561 1041 1820 1094 divinitus
1847 1040 2091 1096 missum.

519 1129 692 1186 Porro
727 1131 818 1187 hic
847 1133 988 1186 idem
1033 1131 1400 1188 testimonium
1429 1131 1755 1201 praebuerat,
1799 1132 1940 1186 unde
1968 1129 2096 1186 Ser-

520 1235 682 1280 vator
724 1235 1040 1294 potestatem
1073 1225 1390 1294 accepisset.
1431 1223 1566 1278 Cum
1606 1225 1749 1278 enim
1783 1223 1832 1278 ei
1879 1223 2094 1292 quidam

523 1315 858 1372 nuntiassent
885 1315 1066 1372 Jesum
1099 1317 1396 1386 baptizare,
1433 1315 1736 1384 ltujusmodi
1778 1330 2095 1386 responsum

521 1409 692 1464 edidit
723 1425 737 1462 :
774 1407 892 1464 Non
924 1419 1097 1478 potest
1127 1409 1288 1463 homo
1313 1423 1343 1462 a
1387 1409 1564 1480 seipso
1618 1409 1910 1478 quidquam
1959 1409 2100 1463 acci-

2191 581 2277 648 εῖη
2306 579 2486 644 αὐτὸς,
2528 575 2666 630 ἀλλά
2718 575 2882 628 πόθεν
2927 575 3020 626 τὸν
3057 572 3151 625 τοῦ
3187 571 3560 642 βαπτίσματος
3606 571 3776 640 νόμον

2193 671 2426 741 είλήφοι.
2464 668 2538 720 Τὸ
2571 668 2670 738 μὲν
2700 666 2810 737 γὰρ
2845 665 3006 718 αὑτὸν
3057 663 3188 734 περὶ
3223 661 3413 716 ἑαυτοῦ
3473 663 3776 733 μαρτυρεῖν

2168 747 2434 834 ’ἐπαχθὲς
2459 763 2643 830 ἡγεῖτο
2667 760 2760 811 καὶ
2793 753 3232 827 περιαυτολόγοψ
3263 754 3323 806 τὸ
3361 755 3404 806 δ’
3449 755 3542 806 ἐπὶ
3589 752 3777 806 Ἰωάν-

2195 875 2293 928 νην
2319 855 2666 925 ἀναπέμπειν
2697 853 2978 922 λεληθυῖαν
3000 854 3100 923 τὴν
3134 851 3261 922 περὶ
3295 849 3486 903 ἐαυτοῦ
3523 849 3780 902 διδασκα-

2195 950 2314 1003 λίαν
2348 949 2649 1020 περιεῖχεν·
2675 945 2991 1016 ὡμολόγητο
3023 944 3133 1016 γὰρ
3173 943 3324 1013 παρά
3357 942 3518 998 παντὶ
3545 940 3624 1010 τῷ
3659 938 3778 1009 λαῷ

2209 1042 2462 1112 Ἰωάννης
2513 1039 2572 1104 ἐξ
2619 1037 2865 1110 οὐρανῶν
2917 1035 3265 1107 ὡρμημένος.
3315 1030 3482 1096 Οὗτος
3515 1033 3572 1086 δὲ
3616 1033 3782 1096 αῢτδς

2197 1132 2494 1204 ἐμαρτύρει
2530 1130 2609 1202 τῷ
2638 1131 2850 1202 Σωτῆρι
2890 1129 3054 1183 πόθεν
3087 1128 3172 1199 εἴη
3211 1127 3309 1198 τὴν
3361 1124 3608 1190 ἐξουσίαν
3637 1124 3786 1192 εἱλη-

2199 1227 2334 1296 φώς.
2374 1227 2462 1290 σος
2507 1225 2616 1296 γὰρ
2659 1221 3002 1295 ἀπήγγελλον
3051 1219 3200 1291 αύτῷ
3245 1237 3408 1282 τινες,
3441 1220 3521 1272 ὅτι
3573 1219 3784 1288 Ἰησοῦς

2201 1315 2471 1388 βαπτίζει,
2509 1314 2826 1386 ἀποκριθεὶς
2853 1309 3010 1366 εἶπεν
3041 1313 3282 1375 αὐτοῖς’·
3313 1311 3388 1362 Oi:
3437 1309 3661 1362 δύναται
3693 1309 3788 1361 ἀνι-

2199 1408 2415 1480 θρωπος
2463 1408 2761 1480 λαμϐάνειν
2819 1407 2912 1477 ἀφ’
2969 1405 3164 1459 ἑαυτοῦ
3230 1403 3402 1467 οὐδὲν,
3459 1401 3554 1454 ἐὰν
3613 1401 3689 1470 μὴ

525 1515 688 1572 pere,
734 1501 838 1554 nisi
883 1500 938 1554 ei
980 1500 1162 1554 datum
1206 1497 1372 1553 fuerit
1410 1499 1476 1553 de
1510 1497 1648 1553 coelo
1686 1497 1936 1568 desuper.
1989 1497 2099 1556 Vos

2213 1499 2482 1571 Ξεδομένον
2543 1499 2692 1570 αὐτῷ
2755 1500 2821 1552 ἐκ
2877 1495 2972 1550 τοῦ
3041 1494 3274 1568 ούρανοῦ
3333 1494 3560 1549 ἄνωθεν.
3620 1493 3792 1544 Αὐτοὶ

527 1593 660 1646 mihi
699 1592 830 1646 dicti
865 1591 969 1645 mei
1009 1599 1176 1646 testes
1213 1591 1484 1655 estis,.me
1515 1590 1787 1645 Christum
1819 1606 1926 1645 non
1955 1606 2096 1659 esse,

527 1692 898 1738 verumtamen
943 1682 1070 1737 huic
1098 1683 1404 1737 adventanti
1433 1683 1765 1753 pne-missum
1785 1683 1861 1748 “;
1905 1691 1960 1737 et
1983 1699 2103 1738 rur-

527 1789 622 1830 sus
649 1792 662 1828 :
699 1773 802 1840 Qui
825 1774 1102 1828 desursum
1127 1776 1282 1838 venit,
1313 1791 1475 1845 supra
1500 1791 1677 1829 omnes
1701 1783 1780 1828 est
1797 1775 1876 1840 ";
1907 1776 2102 1830 denuo-

2201 1591 2360 1661 ὑμεῖς
2417 1589 2747 1662 μαρτυρεῖτέ
2811 1605 2923 1660 μοι,
2986 1589 3067 1642 ὅτι
3097 1583 3250 1640 εἷπον
3275 1604 3290 1620 ·
3323 1587 3437 1640 Odit
3463 1584 3577 1653 εἰμὶ
3615 1583 3730 1651 ἐγὼ
3761 1582 3792 1635 ὁ

2201 1683 2468 1755 Χριστὸς,
2529 1681 2646 1735 ἀλλ’
2697 1683 2780 1736 ὅτι
2842 1679 3254 1750 ἀπεσταλμένος
3302 1676 3421 1748 εἰμὶ.
3475 1673 3794 1746 ἔμπροσθεν

2202 1771 2413 1827 ἐκείνου
2439 1791 2451 1803 ·
2484 1774 2578 1827 καὶ
2622 1771 2804 1826 πάλιν
2843 1772 2898 1825 Ὀ
2944 1770 3174 1825 ἄνωθεν
3225 1770 3548 1837 ἐρχόμενος
3585 1765 3796 1820 ἐπάνω

529 1881 634 1936 que
662 1881 678 1918 :
713 1865 875 1918 Pater
912 1865 1086 1934 diligit
1115 1863 1339 1930 Filium,
1373 1876 1423 1920 et
1453 1867 1634 1920 omnia
1669 1867 1884 1920 tradidit
1921 1868 2103 1920 manui

2213 1867 2449 1920 πάντων
2489 1865 2622 1919 ἐστί
2637 1881 2651 1896 ⁸
2695 1864 2790 1917 καὶ
2837 1859 3014 1926 αὖθις⁹
3083 1863 3136 1915 Ὀ
3184 1860 3389 1930 Πατὴρ
3435 1856 3638 1927 ἀγαπᾷ
3680 1857 3798 1911 τὸν

529 1958 644 2026 ejus
663 1956 731 2010 ⁸⁸.
766 1955 870 2022 Qui
893 1956 1054 2010 credit
1083 1957 1134 2010 in
1153 1954 1380 2022 Filium,
1407 1957 1558 2011 habet
1583 1959 1738 2012 vitam
1764 1968 2012 2013 aeternam
2034 1959 2102 2016 ⁸⁷.

530 2049 696 2121 Igitur
721 2065 788 2106 ex
808 2048 1035 2106 Joannis
1066 2050 1374 2105 testimonio
1404 2051 1749 2121 perspicuum
1789 2061 1905 2105 erat
1926 2090 1941 2116 ,
1969 2066 2104 2122 qua-

533 2160 658 2199 nam
697 2153 968 2213 potestate
988 2143 1101 2198 haec
1133 2141 1390 2198 Servator
1422 2143 1652 2212 faceret,
1683 2155 1737 2200 et
1769 2145 2014 2216 quisnam
2054 2147 2106 2201 ei

532 2235 644 2290 vim
675 2235 985 2306 huiusmodi
1021 2234 1329 2306 impertitus
1363 2233 1578 2290 fuisset.

710 2413 756 2446 ⁸⁸
787 2412 957 2467 Erunt
985 2413 1136 2482 signa
1167 2413 1220 2468 in
1258 2411 1367 2467 sole
1401 2422 1450 2466 et
1480 2411 1608 2466 luna
1639 2427 1701 2464 ac
1735 2409 1920 2465 stellis.

605 2503 758 2559 'l'ttnc
783 2505 924 2558 enim
949 2503 1090 2558 factd
1117 2505 1227 2573 jam
1259 2505 1500 2560 mortalis
1532 2503 1688 2572 hujus
1719 2505 1838 2560 vita:
1865 2519 2110 2558 consum-

533 2597 796 2662 matione,
815 2606 1176 2666 praetereunte
1199 2596 1356 2666 hujus
1375 2597 1558 2650 mundi
1591 2597 1782 2666 lignra,
1808 2597 2110 2666 utaitApo-

533 2689 704 2747 stolas
723 2689 790 2756 ",
817 2704 1012 2744 novum
1041 2687 1294 2744 saeculum
1318 2687 1586 2742 succedet.
1613 2687 1746 2740 Nam
1776 2703 1876 2758 pro
1898 2689 2108 2744 cunctis

533 2782 716 2838 sensui
766 2781 942 2838 obviis
991 2781 1391 2846 luminaribus,
1432 2781 1522 2850 qui
1576 2781 1814 2834 anterius
1854 2780 2107 2834 sacculum

537 2875 899 2936 illustrabattt,
935 2872 1270 2943 Splendescet
1301 2871 1556 2940 deinceps
1583 2871 1700 2941 ipse
1726 2872 2110 2942 apparebitque

539 2965 799 3021 Servatur
823 2973 1028 3026 noster,
1063 2965 1338 3033 princeps,
1363 2971 1418 3017 et
1445 2963 1733 3030 luminare,
1769 2974 1822 3018 et
1854 2979 1950 3018 rex
1985 2965 2108 3018 novi

536 3055 718 3112 saeculi
755 3056 1186 3110 constituendus.
1241 3053 1414 3108 Tanta
1451 3069 1618 3124 porro
1656 3055 1766 3109 erit
1810 3055 2109 3111 divinitatis

539 3149 600 3204 in.
636 3163 702 3204 eo
737 3147 849 3212 vis,
889 3155 1104 3215 tamque
1132 3147 1334 3200 eximia
1377 3145 1621 3216 ejusdem
1663 3147 1856 3216 gloria,
1889 3156 1946 3202 ut
1972 3165 2108 3218 pra:-

2216 1959 2371 2024 Υἱὸν,
2402 1958 2498 2012 καὶ
2531 1956 2730 2011 πάντα
2755 1957 3012 2012 δέδωκεν
3055 1956 3125 2010 ἐν
3171 1953 3248 2022 τῇ
3289 1951 3440 2023 χειρί
3479 1948 3688 2004 αὑτοῦ.
3737 1949 3796 2000 Ὁ

2207 2052 2507 2105 πιστεύων
2527 2053 2616 2115 εὶς
2637 2050 2744 2104 τόν
2784 2049 2922 2104 Υίὸν
2944 2049 3069 2117 ἔχει
3104 2046 3256 2115 ζωὴν
3296 2044 3551 2099 αἰώνιον.
3579 2039 3802 2096 Οὐκοῦν

2207 2145 2314 2198 ἀπὸ
2341 2145 2441 2214 τῆς
2477 2143 2721 2198 Ἰωάννου
2759 2142 2888 2212 περὶ.
2919 2139 3084 2194 αὐτοῦ
3112 2137 3417 2211 μαρτυρίας
3445 2134 3604 2206 δῆλος
3633 2129 3706 2202 ἦν
3739 2134 3806 2188 ἐν

2208 2236 2337 2308 ποίᾳ
2369 2235 2588 2306 ἐξουσίᾳ
2620 2235 2797 2290 ταῦτα
2823 2233 3090 2305 ἔπραττεν
3116 2234 3145 2285 ό
3175 2231 3385 2302 Σωτὴρ,
3417 2229 3512 2284 καὶ
3533 2227 3620 2291 τίς
3642 2225 3805 2296 αύτῷ

2206 2329 2426 2383 δεδώκει
2444 2329 2544 2400 τὴν
2568 2327 2824 2398 τοιαύτην
2849 2327 3118 2394 ἐξουσίαν.

2211 2423 2414 2476 Ἔσται
2443 2415 2768 2490 anget-der
2793 2419 2944 2488 ἡλίῳ
2980 2418 3078 2472 καὶ
3111 2415 3364 2484 σελήνῃ,
3389 2414 3496 2484 καί.
3527 2413 3806 2482 ἄστροις.

2281 2514 2596 2588 Τηνικαῦτα
2628 2513 2736 2588 γὰρ
2781 2514 2881 2584 τῆς
2923 2511 3232 2574 συντελείας
3283 2509 3376 2562 τοῦ
3429 2506 3626 2578 θνητοῦ
3676 2505 3808 2576 βίου

2207 2607 2528 2678 γενομένης,
2562 2605 2925 2678 παρελθόντος
2950 2621 3010 2657 τε
3033 2601 3127 2656 τοῦ
3157 2603 3434 2672 σχήματος
3453 2598 3548 2652 τοῦ
3581 2598 3806 2668 κόσμου

2207 2697 2397 2751 τούτου
2435 2697 2576 2751 κατὰ
2616 2695 2708 2750 τὸν
2742 2695 3082 2756 ’Λπόστολον,
3127 2693 3244 2756 νέος
3287 2690 3420 2746 αἰὼν
3451 2688 3806 2758 διαλήψεται..

2222 2790 2367 2842 Ἀντί
2413 2787 2522 2860 γὰρ
2580 2788 2800 2842 πάντων
2843 2787 2950 2842 τῶν
2999 2785 3272 2858 αἰσθητῶν
3330 2785 3515 2852 φωστή
3527 2797 3634 2852 ρων
3687 2780 3810 2833 τῶν

2211 2881 2341 2952 πρὶν
2372 2880 2712 2950 φωτιζόντων
2751 2882 2840 2934 τὸν
2887 2881 2992 2952 πρὸ
3036 2879 3225 2932 τούτου
3278 2876 3448 2930 αἰῶνα
3495 2871 3810 2942 ἐπιλάμψει

2211 2971 2395 3026 λοιπὸν
2453 2973 2615 3037 αὐτὸς
2689 2974 2786 3027 καὶ
2839 2973 3232 3042 ἐπιφανήσεται
3294 2971 3322 3021 ὁ
3379 2964 3566 3036 Σωτὴρ
3613 2962 3806 3034 ἡμῶν,

2210 3065 2451 3136 ἀρχηγὸς
2489 3065 2583 3118 καὶ
2613 3063 2859 3136 φωστὴρ,
2898 3063 2990 3114 καὶ
3011 3059 3258 3131 βασιλεὺς
3297 3056 3390 3110 τοῦ
3435 3055 3554 3108 νέου
3601 3051 3812 3114 αἰῶνος

2211 3156 2708 3227 καταστησόμενος.
2740 3153 2988 3224 Τοσαύτη
3018 3152 3076 3204 δέ
3107 3169 3192 3214 τις
3237 3149 3445 3218 ἐσταιή
3473 3147 3572 3216 τῆς
3611 3143 3812 3213 θεότη-

534 3249 750 3296 sentem
791 3235 962 3294 solem
998 3253 1062 3292 ac
1103 3238 1282 3292 lunam
1329 3248 1382 3292 et
1413 3247 1607 3294 cmtera
1641 3239 1762 3294 caeli
1799 3241 2106 3306 luminaria,

2213 3263 2303 3309 τος
2366 3247 2530 3300 αὑτοῦ
2581 3247 2830 3316 δύναμις,
2890 3244 2982 3296 καὶ
3039 3245 3071 3314 ή
3139 3239 3546 3310 ἀνυπέρϐλητος
3628 3233 3810 3290 αὑτοῦ

537 3331 750 3402 potiore
783 3346 882 3385 suo
915 3329 1120 3385 lumine
1153 3329 1462 3384 obvelatura
1497 3332 1569 3385 sit
1595 3340 1648 3384 et
1676 3343 1955 3400 opertura.

2214 3335 2358 3401 δόξα,
2393 3337 2469 3400 ὼς
2498 3337 2589 3390 τὸν
2631 3336 2726 3390 νῦν
2777 3335 2926 3406 ἥλιον
2978 3335 3072 3387 καὶ
3113 3332 3211 3403 τὴν
3250 3330 3477 3400 σελήνην
3525 3328 3620 3380 καὶ
3671 3327 3812 3390 τοὺς

534 3428 753 3494 λοιποὺς
799 3431 864 3484 ἐνί
896 3427 1108 3501 οὐρανῷ
1149 3427 1442 3498 φωστῆρας
1477 3425 1566 3482 διὰ
1611 3426 1709 3500 τὴν
1747 3428 1844 3481 τοῦ
1895 3430 2202 3502 κρείττονος
2275 3433 2576 3504 παράθεσιν
2641 3430 3021 3502 ἀποκρυὸἧναι
3063 3427 3156 3481 καὶ
3196 3425 3536 3494 καλυφθῆναι
3601 3425 3670 3492 τῇ
3696 3420 3810 3474 αύ-

535 3525 631 3580 τοῦ
658 3525 925 3596 δυνάμει..

903 3619 948 3651 “
977 3619 1110 3684 Qua:
1140 3617 1336 3672 mundo
1366 3619 1747 3688 supervenient.

611 3711 817 3782 Nempe
863 3727 950 3766 res
993 3723 1284 3766 eventuras
1337 3711 1450 3779 ipse
1494 3711 1764 3780 explicat,
1817 3713 1941 3766 dum
1992 3725 2114 3766 ntnx

542 3799 734 3855 addit:
761 3799 910 3855 Nalf
927 3800 1158 3853 virtutes
1185 3799 1443 3854 caelorum
1469 3801 1972 3856 commovebuntur.
2024 3803 2118 3858 Et-

543 3891 693 3946 enim
737 3906 861 3946 eum
891 3891 980 3944 Dei
1013 3889 1181 3944 Filius
1209 3907 1331 3946 cum
1366 3891 1564 3948 virtute
1605 3893 1882 3963 gloriaque
1915 3895 2116 3966 ingenti

545 3981 755 4045 veniet,
786 3991 950 4050 atque
979 3996 1046 4036 ex
1089 3983 1252 4052 impia
1295 3983 1638 4052 superbaque
1667 3985 1960 4054 tyrannide
1991 4001 2116 4054 per-

545 4069 765 4124 ditionis
807 4069 974 4124 ﬁlium
1005 4071 1220 4140 dejiciet
1251 4073 1535 4141 praesentia
1564 4088 1660 4128 sua
1683 4115 1698 4138 ,
1736 4089 1971 4145 eumque
1999 4077 2113 4144 spi-

547 4161 652 4214 ritu
703 4161 818 4216 oris
866 4162 949 4216 sui
1001 4165 1268 4231 perimet;
1327 4175 1455 4218 tunc
1482 4163 1793 4220 caelestibus
1836 4167 2115 4234 spiritibus

545 4256 920 4325 supremisque
965 4265 1024 4312 et
1054 4258 1312 4328 angelicis
1353 4258 1448 4314 Dei
1498 4258 1763 4314 ministris
1790 4258 1984 4313 Filium
2020 4258 2115 4313 Dei

543 4348 1000 4418 stipantibnscum
1031 4363 1207 4419 eoque
1236 4350 1670 4416 adventantibus,
1707 4359 1851 4414 tunc,
1875 4351 2114 4419 inquam,

2471 3615 2594 3670 Τῶν
2637 3610 3062 3681 ὑπερκειμένων
3105 3607 3179 3675 τῇ
3211 3605 3549 3674 οἰκουμένῃ.

2289 3711 2426 3762 Τίνα
2472 3707 2531 3760 δὲ
2569 3705 2636 3759 τὰ
2671 3703 3032 3774 ἐπερχόμενα,
3069 3697 3360 3771 ἐρμηνεύει
3385 3695 3704 3750 συνάπτων
3733 3693 3816 3747 Αἱ

2217 3799 2329 3868 γὰρ
2374 3795 2658 3866 δυνάμεις
2691 3792 2810 3847 τῶν
2843 3789 3113 3859 οὐρανῶν
3149 3783 3658 3850 σαλευθήσονται.
3695 3782 3816 3834 Τοῦ

2217 3890 2328 3961 γὰρ
2374 3887 2502 3942 Υίοῦ
2537 3886 2630 3940 τοῦ
2657 3885 2791 3939 Θεοῦ
2829 3884 2964 3955 μετά
2988 3883 3266 3951 δυνάμεως
3295 3879 3389 3932 καὶ
3413 3877 3568 3947 δόξης
3597 3874 3816 3944 πολλῆς

2221 3981 2672 4052 ἐπιστησομένου,
2698 3979 2791 4032 καὶ
2821 3978 2919 4046 τὴν
2947 3975 3103 4030 ἄθεον
3128 3975 3220 4027 καὶ
3243 3972 3580 4044 μεγάλαυχον
3605 3985 3817 4040 τυρανο

2223 4073 2345 4126 νίδα.
2381 4071 2474 4124 τοῦ
2510 4068 2630 4122 υἱοῦ.
2659 4069 2757 4138 τῆς
2787 4065 3062 4129 ἀπωλείας
3097 4065 3388 4134 καταργεῖν
3421 4059 3707 4131 μέλλοντος
3741 4061 3816 4129 τῇ

2223 4162 2514 4232 ἐπιφανείᾳ
2559 4160 2658 4229 τῆς
2708 4155 3008 4229 παρουσίας
3045 4153 3231 4218 αὑτοῦ,
3275 4151 3579 4206 ἀναλίσκειν
3629 4166 3691 4202 τε
3727 4147 3816 4218 τῷ

2226 4257 2494 4328 πνεύματι
2547 4253 2640 4306 τοῦ
2691 4253 2955 4322 στόματος
3001 4249 3186 4312 αὑτοῦ,
3231 4247 3338 4300 τῶν
3372 4263 3430 4299 τε
3467 4243 3816 4316 ἐπουρανίων

2169 4391 2172 4394 -
2227 4347 2550 4418 πνευμάτων
2592 4345 2686 4398 καὶ
2709 4343 2996 4396 τῶνρθείων
3025 4342 3120 4395 καὶ
3139 4337 3442 4408 ἀγγελικῶν
3475 4335 3816 4405 λειτουργῶν

541 4441 754 4496 accidet
797 4451 852 4494 ιιι
891 4442 1154 4496 caelorum
1195 4443 1424 4498 virtutes
1463 4453 1929 4498 commoveantur.
1967 4443 2107 4498 Τιιιιι

2221 4441 2317 4494 τοῦ
2351 4439 2485 4492 Θεοῦ
2513 4438 2602 4490 τὸν
2633 4437 2760 4490 Υἱὸν
2802 4435 2895 4488 τοῦ
2930 4433 3063 4487 Θεοῦ
3099 4429 3536 4503 δορυῳορούντων
3581 4428 3678 4480 καὶ
3711 4427 3814 4482 σὺν

543 4531 674 4585 illml
699 4532 862 4586 etiam
893 4533 1192 4587 veridicum
1215 4535 1444 4589 evadet:
1480 4534 1720 4588 Att-ollim
1745 4546 1946 4602 portas,
1976 4537 2117 4600 prin-

539 4625 710 4690 cipes,
750 4631 986 4688 vestras,
1033 4633 1081 4676 et
1130 4625 1360 4679 introibit
1385 4623 1494 4680 Rex
1538 4627 1722 4695 gloria:
1753 4626 1820 4680 “.
1871 4625 2114 4691 Quonam

543 4729 680 4768 vero
715 4713 995 4779 introibit,
1042 4715 1145 4769 nisi
1190 4714 1244 4768 in
1281 4729 1472 4769 recens
1503 4715 1760 4770 saeuiunt
1812 4731 2118 4785 novumque

540 4804 771 4858 orbem?
829 4803 975 4858 Sane
1016 4803 1378 4858 invisibiiibus
1417 4805 1862 4874 incorporeisque
1894 4806 2116 4860 virtuti-

541 4895 642 4948 bus
663 4934 680 4958 ,
713 4909 836 4964 quae
862 4896 958 4950 ιοιὶ
991 4893 1130 4948 caelo
1160 4894 1544 4959 moderantur,
1589 4909 1618 4948 e
1647 4909 1743 4950 sua
1768 4903 1970 4950 aeterna
2005 4903 2118 4950 sta-

545 4989 691 5042 tione
717 4989 1030 5050 commotis,
1061 4987 1233 5054 ipsum
1267 4985 1464 5040 cadum
1496 4987 1807 5042 universum
1841 4999 1896 5042 et
1919 4987 2003 5043 sol
2051 5003 2116 5044 ac

541 5077 666 5132 luna
698 5079 973 5148 stellaeque
1001 5077 1328 5139 transibunt,
1367 5077 1640 5148 patefacto
1671 5085 1834 5145 ceto,
1865 5091 1921 5134 et
1939 5082 2119 5149 januis

541 5187 663 5242 qua:
691 5174 760 5226 ab
801 5171 936 5226 orbe
983 5173 1202 5226 condito
1239 5171 1438 5228 clausae
1471 5171 1721 5238 fuerant,
1759 5172 1871 5244 jam
1903 5190 2119 5230 resera-

545 5265 653 5330 tis;
701 5275 864 5332 alque
917 5265 988 5318 ita
1049 5264 1458 5334 supercmlestia
1505 5265 1784 5336 patebunt,
1818 5277 2117 5322 aeternum—

541 5371 649 5425 que
702 5355 794 5409 Dei
861 5371 1081 5425 rvgnmu
1137 5359 1490 5428 conspicuum
1531 5360 1738 5412 cunctis
1783 5361 1930 5413 erit:
1976 5357 2114 5426 quod

542 5464 675 5502 sane
706 5462 926 5516 regnum
965 5457 1023 5502 ut
1069 5449 1178 5502 cito
1215 5449 1384 5515 adsit,
1420 5449 1560 5504 votis
1599 5465 1720 5506 esse
1763 5449 2114 5520 ﬂagitandum

545 5541 802 5594 Servator
843 5537 1060 5607 docuit,
1097 5541 1226 5596 dum
1263 5542 1316 5594 in
1363 5555 1522 5611 prece
1568 5541 1672 5596 illa
1703 5541 1884 5596 dicere
1913 5541 2114 5612 jussit:

612 5703 659 5734 ⁸⁸
687 5701 844 5761 Joan.
877 5721 957 5768 ιιι,
988 5705 1078 5760 9.6.
1155 5706 1200 5736 ⁸³
1234 5707 1362 5761 ibid.
1407 5709 1495 5762 51.

545 5788 656 5840 ιιι,
691 5773 778 5830 Siti.
857 5777 898 5807 ⁶¹
925 5775 1064 5831 Psal.
1099 5791 1252 5842 xxm,
1285 5777 1334 5830 7.

1573 5710 1618 5742 ⁸⁸
1647 5711 1774 5768 ibid.
1812 5711 1902 5767 55.

2009 5710 2054 5744 τ’
2088 5709 2218 5766 ibid.
2247 5707 2335 5764 36.

2222 4531 2369 4602 αὐτῷ
2397 4529 2805 4601 παρεσομένων,
2837 4527 2894 4578 αἱ
2923 4526 3178 4596 δυνάμεις
3199 4521 3306 4574 τῶν
3335 4517 3576 4591 οὐρανῶν
3607 4518 3814 4570 σαλευ-

2221 4623 2472 4693 θήσονται
2497 4637 2509 4649 ·
2538 4618 2760 4686 ὼςτότε
2793 4613 3144 4688 πληροῦσθαι,
3157 4613 3238 4668 τό·
3269 4613 3472 4698 ᾌρατε
3493 4611 3717 4675 πύλας,
3755 4627 3820 4698 o.

2218 4712 2527 4782 ἄρχοντες,
2555 4707 2740 4780 ὑμῶν,
2769 4709 2866 4762 καὶ
2886 4707 3298 4762 εἰσελεύσεται
3315 4697 3353 4757 ὁ
3379 4699 3681 4765 Βασιλεὺς
3697 4697 3820 4768 τῆς

2221 4804 2428 4872 δόξης.
2459 4803 2568 4857 Ποῦ
2599 4803 2653 4856 δὲ
2679 4801 3043 4854 εἰσελεύσεται
3078 4799 3110 4870 ἣ
3135 4800 3215 4860 εἰς
3247 4796 3340 4849 τὸν
3365 4795 3484 4849 νέον
3509 4793 3686 4846 αἰῶνα
3713 4791 3820 4846 καὶ

2218 4897 2318 4966 τὴν
2347 4895 2541 4967 καινὴν
2580 4893 2940 4964 οἱκουμένην;
2975 4890 3081 4944 Καὶ
3121 4889 3186 4961 δὴ
3222 4888 3330 4941 τῶν
3367 4885 3649 4956 δυνάμεων
3701 4885 3818 4938 τῶν

2222 4989 2446 5060 ἀφανῶν
2489 4990 2584 5042 καὶ
2615 4987 2944 5058 ἀσωμάτων,
3001 4984 3066 5037 δι’
3110 4977 3185 5036 ὧν
3234 4983 3262 5036 ό
3311 4980 3531 5051 σύμπας
3577 4977 3820 5048 οὐρανὸς

2221 5082 2524 5147 διοικεῖται,
2550 5081 2649 5151 τῆς
2689 5077 2748 5142 ἐξ
2789 5077 2983 5139 αἰῶνος
3015 5075 3262 5136 στάσεως
3305 5065 3816 5142 παρακινηθεισῶν,

2222 5175 2317 5228 καὶ
2343 5173 2504 5236 αὐτὸς
2525 5175 2552 5225 ό
2583 5170 2803 5241 σύμπας
2827 5167 3052 5240 οὐρανὸς
3073 5166 3223 5238 ἥλιός
3247 5181 3308 5218 τε
3335 5163 3428 5218 καὶ
3459 5160 3680 5232 σελήνη,
3713 5159 3820 5212 καὶ

2221 5267 2451 5338 ἀστέρες
2479 5263 2922 5336 παρελεύσονται,
2955 5257 3304 5329 ἀνοιγομένου
3319 5255 3413 5310 τοῦ
3433 5255 3494 5308 ού
3505 5251 3690 5326 ρανοῦ,
3715 5250 3820 5304 καὶ

2223 5357 2330 5410 τῶν
2385 5355 2446 5420 ἐξ
2489 5355 2684 5416 αἰῶνος
2735 5352 3132 5424 κεκλεισμένων
3172 5347 3338 5404 αὑτοῦ
3393 5345 3574 5402 ’πωλῶν
3605 5355 3824 5397 ἀναπε-

2222 5448 2588 5519 ταννυμένων,
2635 5447 2710 5510 ὼς
2758 5445 2822 5500 ἂν
2855 5445 3066 5514 ὀφθεῖεν
3115 5439 3530 5512 rium-opima,
3567 5435 3662 5489 καὶ
3695 5435 3820 5506 qs:

2226 5541 2419 5604 αἰῶνος
2481 5539 2574 5592 τοῦ
2603 5537 2738 5592 Θεοῦ
2783 5538 3026 5608 βασιλεία
3053 5533 3317 5606 φανηθείη
3365 5533 3476 5593 τοῖς
3505 5530 3708 5582 tractv
3742 5527 3822 5598 ἢν

2441 5707 2486 5740 ιι
2513 5707 2643 5764 Luc.
2681 5724 2792 5775 XXI,
3032 5708 3074 5740 ιθ
3109 5705 3122 5760 I
3153 5703 3275 5760 Cor.
3303 5716 3396 5767 vn.
3429 5699 3516 5754 51-

3597 5697 3642 5728 “
3673 5695 3828 5752 Luc.
