4000 6398
278 384 379 443 597

1447 384 1958 443 COMMENTARIA.
1983 386 2051 443 1N
2089 388 2347 447 LUCAM.

3426 399 3534 454 598

278 496 341 569 δὴ
367 495 460 551 καὶ
488 496 885 569 προσεύχεσθαι
972 498 1136 569 τάχος
1161 499 1465 571 ἐπιστῆναι,
1499 500 1663 565 αὐτὸς
1689 503 1717 555 ό
1746 502 1856 554 Σω-

1961 504 2211 562 Adveniet
2240 524 2457 577 regnum
2495 518 2687 574 tuum;
2734 510 3101 578 ﬁatvoluntas
3129 522 3259 578 tua.
3300 515 3436 570 sicut
3472 521 3532 573 in

278 587 383 659 τὴρ
416 586 645 654 ἐδίδαξε,
694 587 873 658 λέγειν
915 590 973 642 ὲν
1000 592 1065 660 τῇ
1095 592 1371 662 προσευχῇ
1403 591 1853 663 παρακελευόμε-

279 695 369 743 νος
389 695 406 712 ’
445 678 691 734 Ἐλθέτω
715 680 754 745 ἦ
769 681 1058 745 ,βασιλεία
1081 697 1219 745 σου,
1250 682 1556 753 γενηθήτω
1583 684 1649 738 τὸ
1680 686 1856 753 θέλη-

279 768 363 837 μά
394 771 627 837 σουώς
658 770 728 824 ἐν
761 770 992 840 οὐρανῷ
1024 772 1122 825 καὶ
1153 772 1251 826 ἐπί
1284 772 1397 842 τῆς
1424 772 1573 845 γῆς*
1612 774 1758 829 οὕτω
1796 793 1856 829 τε

279 861 388 917 τῶν
415 861 670 934 φθαρτῶν
690 863 793 917 καὶ
815 864 1140 935 σωματικῶν
1171 864 1567 937 παρελθόντων,
1600 866 1668 921 τὰ
1693 868 1858 941 νοητὰ

281 955 376 1007 καί
402 954 627 1026 οὐράνια
654 954 1007 1026 ἐπιστήσεται
1030 974 1044 987 ο
1078 957 1167 1011 ὅτε
1204 957 1299 1011 καὶ
1328 957 1675 1029 ήάσάλευτος
1700 960 1857 1030 βασι-

280 1043 398 1100 λεία
438 1045 531 1100 τοῦ
576 1046 771 1118 μηκέτι
806 1046 1274 1120 παρελευσομένου
1321 1049 1517 1114 αἰῶνος
1559 1053 1859 1124 καθηγήσε-

279 1154 392 1201 ται,
423 1136 607 1200 καινός
637 1154 696 1190 τε
737 1139 832 1192 καὶ
863 1140 983 1204 νέος
1013 1141 1260 1212 οὐρανὸς,
1288 1142 1359 1213 γῆ
1378 1158 1439 1196 τε
1465 1143 1626 1214 καινὴ
1657 1146 1857 1214 συστή-

282 1246 432 1283 σεται
456 1229 596 1284 κατὰ
621 1230 712 1283 τὸν
736 1233 985 1303 φήσαντα
1014 1236 1330 1307 προφήτην·
1359 1236 1570 1289 Ἔσται
1600 1235 1859 1304 οὐρανὸς

281 1318 488 1385 καινὸς
525 1318 625 1374 καί
669 1319 708 1387 ή
740 1320 817 1390 γῆ
845 1319 1048 1391 καινὴ,
1103 1322 1143 1378 ἀ
1188 1323 1303 1394 ἐγὼ
1336 1320 1484 1377 ,ποιῶ
1520 1323 1729 1392 μένειν
1764 1324 1857 1378 ἐν·

278 1409 469 1465 ώπιόν
483 1427 624 1481 μου,
640 1410 804 1483 λέγει
819 1414 1055 1483 Κύριος.
1528 1426 1533 1431 ‘

266 1533 270 1535 Α
317 1505 525 1576 At.po
552 1506 837 1578 δυνάμεις
867 1508 986 1564 τῶν
1010 1510 1284 1581 οὐρανῶν
1316 1513 1843 1584 σαλευθήσονται..

313 1598 427 1665 ,Αἰ
454 1598 551 1653 τὸν
588 1601 856 1674 πρότερον
890 1603 1064 1659 αἰῶνα
1108 1599 1564 1678 διακονησάμεναι
1596 1607 1858 1680 δυνάμεις

280 1690 346 1744 ιν.
372 1693 443 1764 τῇ
474 1693 728 1747 συστάσει
752 1694 848 1749 τοῦ
879 1696 1141 1769 προτέρου
1166 1696 1394 1769 κόσμου,
1423 1700 1535 1763 τοῖς
1573 1716 1634 1752 τε
1663 1699 1856 1772 αἰσθη-

279 1784 393 1846 τοῖς
441 1784 633 1856 μέρεσι
686 1785 781 1840 τοῦ
820 1787 1020 1852 παντὸς
1045 1790 1500 1862 ὲπιστατήσασαι,
1528 1790 1650 1845 τότε
1674 1791 1739 1864 δὴ
1762 1809 1859 1845 σα-

280 1874 652 1947 λευθήσονται,
708 1876 784 1943 ὡς
830 1877 898 1933 ἂν
959 1880 1266 1952 κρείττονος
1313 1880 1528 1953 τύχοιεν
1589 1882 1853 1949 στάσεως.

280 1965 432 2031 Τέως
464 1967 563 2039 μὲν
588 1968 698 2041 γάρ
712 1969 1022 2026 δουλεύουσι
1049 1972 1307 2046 φθαρτοῖς
1340 1972 1554 2045 σώμασι
1584 1973 1859 2030 διακονούο

281 2070 461 2125 μεναι,
492 2056 632 2113 κατὰ
654 2057 711 2110 δὲ
742 2058 832 2112 τὸν
864 2060 983 2114 νέον
1014 2061 1188 2117 αἰῶνα
1212 2060 1736 2136 ἐλευθερωθήσονται
1763 2067 1858 2120 κοιλ⁵

280 2148 443 2203 αὐταὶ
485 2149 594 2203 ἀπὸ
626 2152 725 2221 τῆς
752 2150 994 2217 δουλείας
1020 2151 1120 2225 τῆς
1150 2153 1356 2223 φθορᾶς
1395 2154 1476 2218 εἰς
1504 2153 1604 2226 τὴν
1648 2154 1859 2209 ἐλευθε-

277 2234 405 2305 ρίαν
444 2233 545 2305 τῆς
574 2235 731 2309 δόξης
753 2237 866 2293 τῶν
893 2239 1099 2294 τέκνων
1128 2240 1222 2294 τοῦ
1261 2240 1421 2300 Θεοῦ.
1462 2242 1585 2299 Ἐπὶ
1625 2243 1724 2315 μὲν
1751 2245 1858 2318 γάρ

280 2323 376 2383 τοῦ
410 2327 673 2399 παρόντος
702 2330 999 2402 στενάζειὴ
1032 2331 1206 2397 κτίσις
1228 2336 1293 2405 τῇ
1328 2333 1506 2406 φθορᾷ
1540 2333 1650 2391 τῶν
1676 2337 1861 2408 αἰσθη-

281 2416 392 2470 τῶν
427 2418 691 2489 σωμάτων
720 2419 1062 2487 δουλεύουσα,
1124 2424 1221 2478 καὶ
1267 2423 1366 2496 τὴν
1414 2426 1619 2480 οἰκείαν
1672 2428 1859 2481 στάσιν

285 2505 643 2575 φυλάττουσα,
705 2511 762 2564 ὲν
812 2504 848 2586 ᾖ
895 2512 1230 2585 κατέστησεν
1262 2516 1328 2568 αὐ
1340 2516 1431 2587 τὴν
1472 2518 1500 2570 ό
1531 2515 1626 2572 τοῦ
1662 2517 1859 2584 παντὸς

283 2599 487 2671 Κύριος
506 2616 521 2631 ο
553 2601 677 2659 τότε
696 2603 777 2669 δὲ,
801 2604 941 2660 κατὰ
960 2604 1058 2677 τὴν
1091 2607 1354 2679 σωτήριον
1375 2608 1689 2678 θεοφάνειαν
1710 2611 1861 2665 ἐλευ-

283 2688 580 2761 θερωθεῖσα
603 2691 710 2765 τῆς,
734 2692 835 2750 νῦν»
864 2695 1122 2763 στάσεως,
1152 2697 1245 2751 ἐπὶ
1263 2698 1331 2755 τὰ
1357 2698 1590 2772 κρείττω
1620 2700 1861 2775 μεταϐήτ

283 2797 470 2840 σεται,

291 2874 658 2954 Ἀρχομένων
689 2877 759 2954 δέ
789 2880 1015 2954 τούτων
1038 2881 1333 2951 γίνεσθαι,
1375 2885 1727 2954 ἀνακύψατε
1758 2884 1859 2941 καί

631 2947 888 3018 ἐπάρατε
908 2950 1016 3015 τὰς
1030 2947 1298 3021 κεφαλὰς
1319 2947 1504 3025 ὑμῶν.

353 3038 513 3107 Λέγει
541 3039 599 3092 δὲ
626 3040 796 3094 ταῦτα
825 3041 935 3113 (75)
976 3043 1111 3113 πρὸς
1156 3046 1292 3110 τοὺς
1332 3045 1598 3118 μαθητάς,
1649 3048 1751 3119 οὐχ
1784 3048 1861 3112 ὡς

286 3128 577 3199 μέλλοντας
607 3131 806 3196 αὐτοὺς
834 3131 1114 3204 ζήσεσθαι,
1156 3136 1251 3190 καὶ
1281 3137 1617 3209 παραμένειν
1653 3138 1731 3210 τῷ
1759 3138 1859 3211 βίῳ

1958 600 2087 652 casto
2114 609 2163 652 et
2208 600 2265 653 in
2304 609 2468 655 terra.
2502 602 2679 670 Atque
2725 601 2800 657 ita
2823 641 2838 668 ,
2873 605 3316 674 corruptibitibus
3342 623 3535 680 corpo—

1958 691 2179 760 reisque
2214 693 2373 746 rebus
2411 692 2733 762 praeteritis,
2769 694 3150 750 intellectualia
3194 707 3251 751 et
3286 698 3531 755 ctelestia

1959 779 2274 838 succedent.
2302 780 2459 838 Tunc
2490 783 2651 838 etiam
2689 783 3071 839 inconcussum
3129 802 3352 857 regnum
3400 805 3533 860 prte-

1957 872 2067 927 erit
2108 873 2306 929 steculo
2358 889 2632 944 nunquam
2702 878 3030 941 trausituro;
3096 893 3403 949 novumque
3468 896 3533 938 ac

1960 981 2151 1021 recens
2204 966 2424 1031 ctelutu,
2482 977 2733 1038 terraque
2786 984 2925 1023 nova
2947 970 3207 1034 exsistet;
3259 971 3397 1027 sicut
3456 975 3535 1030 ait

1959 1059 2219 1127 propheta
2247 1075 2261 1112 :
2291 1057 2492 1114 Catum
2539 1061 2637 1114 erit
2684 1077 2873 1114 novum
2894 1100 2910 1124 ,
2957 1077 3191 1133 novaque
3236 1073 3377 1118 terra
3405 1078 3426 1117 :
3453 1076 3537 1118 ut-

1924 1165 2056 1218 ‘qne
2090 1150 2200 1203 Iure
2246 1167 2338 1218 ego
2379 1167 2559 1203 coram
2612 1168 2693 1204 me
2727 1167 3033 1220 permanere
3078 1153 3357 1217 mandabo,
3406 1154 3534 1208 dicit

1957 1240 2218 1299 Dominus
2242 1242 2308 1296 ".

2122 1507 2168 1539 "
2191 1505 2335 1562 Nam
2370 1507 2586 1561 virtutes
2612 1506 2863 1562 caelorum
2894 1509 3374 1566 commovebuntur.

2031 1599 2161 1667 Qua:
2215 1600 2382 1669 priori
2430 1597 2630 1654 saeculo
2675 1599 3058 1654 deserviebant
3096 1600 3355 1667 virtutes,
3407 1600 3536 1656 dum
3578 1664 3587 1673 ,

1958 1691 2110 1761 prior
2141 1688 2228 1747 ille
2254 1690 2486 1745 mundus
2523 1691 2873 1755 subsisteret,
2912 1700 2967 1747 et
2994 1691 3223 1763 singulis
3253 1693 3372 1763 ejus
3406 1708 3536 1762 paro
3588 1727 3593 1733 ι

1962 1780 2106 1837 tibus
2138 1783 2440 1852 praepositae
2479 1781 2693 1837 fuerant
2717 1822 2732 1847 ,
2772 1794 2899 1838 tunc
2955 1783 3173 1838 demum
3220 1800 3534 1840 commove-

1885 1853 1934 1912 Β
1959 1873 2185 1940 buntur,
2215 1883 2274 1929 ut
2299 1875 2575 1929 meliorem
2615 1876 2902 1931 stationem
2944 1877 3346 1931 nanciscantur.
3382 1874 3537 1931 Nunc

1959 1966 2103 2021 enim
2153 1966 2537 2037 corruptilibus
2589 1966 2835 2022 serviunt
2888 1968 3234 2037 corporibus,
3292 1970 3386 2025 sed
3440 1968 3537 2024 illo

1959 2057 2158 2113 saculo
2185 2057 2605 2113 vindicabuntur
2633 2068 2687 2115 et
2715 2058 2853 2128 ,ipsze
2881 2074 2948 2114 ex
2975 2060 3197 2116 servitio
3227 2070 3392 2131 atque
3418 2075 3538 2116 cor-

1959 2148 2167 2218 ruptela
2199 2149 2251 2203 in
2284 2148 2587 2205 libertatem
2630 2149 2814 2219 gloriae
2846 2150 3075 2207 ﬁliorum
3109 2152 3226 2208 Dei.
3273 2150 3331 2208 in
3396 2168 3537 2223 pra:-

1959 2243 2104 2297 senti
2159 2242 2303 2297 enim
2357 2252 2606 2297 creatura
2656 2232 2973 2313 ingemiscit
3015 2241 3143 2298 dum
3196 2243 3535 2299 sensibilium

1959 2346 2245 2403 corporum
2300 2335 2467 2389 servit
2524 2334 2881 2404 corruptelae,
2933 2349 3197 2404 suamque
3241 2336 3541 2393 stationem

1959 2405 2193 2492 retinet,
2230 2426 2283 2481 in
2324 2443 2429 2498 qua
2463 2442 2585 2482 eam
2632 2441 2818 2481 rerum
2855 2426 3111 2484 omnium.
3138 2426 3397 2483 Dominus
3423 2427 3537 2483 col-

1959 2516 2174 2572 locavit.
2206 2517 2357 2573 Tunc
2388 2534 2514 2574 vero
2542 2518 2608 2574 in.
2622 2517 2929 2575 Servatoris
2952 2518 3045 2574 Dei
3074 2520 3539 2587 manifestatione,

1958 2624 1992 2665 a
2020 2611 2271 2680 praesenti
2301 2611 2551 2682 expedita
2579 2618 2749 2679 statu,
2792 2610 2846 2666 in
2880 2610 3161 2667 meliorem
3195 2613 3465 2669 transibit.

2004 2876 2055 2908 “
2080 2875 2179 2930 liis
2211 2884 2384 2930 autem
2417 2874 2536 2943 fieri
2561 2874 2960 2958 incipientibus,
2994 2878 3233 2948 respicite
3259 2888 3309 2934 et
3338 2879 3505 2936 levate

2546 2956 2717 3014 capita
2757 2957 2949 3002 vestra.

2032 3037 2159 3092 Ilaec
2186 3037 2263 3092 ait
2289 3037 2588 3108 discipulis.
2618 3051 2724 3092 non
2750 3036 2895 3107 quod
2924 3038 3057 3110 ipsis
3086 3048 3231 3098 esset
3275 3054 3443 3111 usque
3466 3042 3541 3096 ad

1963 3129 2145 3185 saeculi
2175 3130 2705 3184 consummationem
2741 3129 2850 3183 vita
2876 3128 3253 3203 superfutura,
3284 3130 3378 3187 sed
3407 3131 3534 3202 quia

286 3220 448 3297 μέχρι
480 3221 578 3292 τῆς
607 3223 933 3290 συντελείας,
985 3225 1099 3279 ἀλλ’
1133 3225 1208 3291 ὡς
1251 3204 1377 3291 ἑνὸς
1412 3204 1564 3292 ὄντος
1611 3204 1857 3300 σώματος

1963 3222 2127 3278 iidem
2158 3221 2437 3277 nobiscum
2468 3236 2633 3275 unum
2669 3235 2865 3291 corpus
2913 3222 3299 3291 constituunt,‘
3327 3238 3541 3280 necnon

280 3311 463 3365 αὐτῶν
501 3329 562 3366 τε
590 3314 685 3368 καὶ
711 3315 887 3386 ἡμῶν,
925 3317 1035 3371 τῶν
1066 3334 1125 3371 τε
1163 3317 1314 3392 μετὰ.
1343 3318 1520 3376 ταῦτα
1559 3322 1721 3395 μέχρι
1760 3322 1861 3392 τῆς

282 3402 589 3467 συντελείας
632 3407 714 3463 εἰς
747 3406 908 3460 αὑτὸν
951 3410 1412 3476 πεπιστευκότων,
1460 3413 1554 3467 καὶ
1599 3412 1666 3466 δι’
1699 3414 1859 3467 αὐτὸν

278 3492 423 3547 κατὰ
454 3494 545 3547 τὸν
567 3496 807 3567 παρόντα
838 3496 949 3567 βίον
978 3502 1487 3572 τεταπεινωμένων,
1544 3503 1677 3557 Τότε
1725 3504 1858 3573 γοῦν

275 3583 640 3650 ἀπολαϐόντες
660 3586 758 3651 τὰς
778 3590 1111 3658 ἐπαγγελίας
1141 3593 1225 3662 ἐφ’
1258 3587 1347 3657 αἷς
1374 3592 1699 3665 ἠλπίζομεν,
1723 3595 1860 3651 ἀνα·

274 3674 522 3746 κύψομεν
575 3678 625 3731 οἱ
664 3678 783 3732 τότε
817 3674 1238 3752 συγκεκυφότες,
1283 3684 1378 3737 καὶ
1418 3684 1732 3756 ὲπαροῦμεν
1760 3686 1858 3749 τὰς

277 3768 524 3839 κεφαλὰς
544 3770 703 3842 ἡμῶν
728 3772 779 3826 oi
806 3772 973 3827 πάλαι
993 3775 1470 3847 τεταπεινωμένοι.
1508 3776 1572 3830 Ἠ
1593 3776 1702 3848 γὰρ
1725 3778 1859 3832 ἁπο-

275 3858 546 3938 λύτρωσις
570 3861 728 3932 ἡμῶν
760 3863 793 3934 ἠ
825 3862 1244 3937 προσδοκωμένη
1280 3866 1420 3939 αὐτὴ
1458 3868 1642 3938 ἐκείνη
1679 3867 1854 3936 ἔσται,

279 3951 348 4023 ἢν
376 3950 472 4004 καὶ
501 3952 534 4021 ἡ
564 3953 711 4005 πᾶσα
726 3951 903 4016 κτίσις
932 3953 1204 4027 προσδοκᾷ
1217 3956 1357 4010 κατὰ
1385 3955 1483 4028 τὴν
1498 3958 1858 4031 άποστολικὴν

278 4037 644 4105 διδασκαλίαν,
678 4040 746 4113 ἢν
775 4041 869 4122 καὶ
901 4041 1113 4107 Παῦλος
1137 4044 1570 4117 ἀπεκδεχόμενος
1612 4048 1856 4113 στενάζει

278 4133 401 4195 ταῖς
442 4132 726 4203 σωτηρίοις
765 4137 970 4204 φωναῖς
1006 4134 1290 4190 δουλεύων.
1327 4137 1463 4191 Πότε
1490 4138 1546 4193 δὲ
1582 4140 1788 4209 ἐγγίζει
1820 4143 1853 4213 ἡ

279 4224 673 4298 ἀπολύτρωσις,
696 4227 938 4299 ἀκριϐῶς
956 4228 1193 4296 ὲδίδαξεν
1215 4228 1403 4297 εἰπὼν,
1425 4233 1507 4286 ὅτι
1531 4231 1736 4286 τούτων
1759 4235 1859 4305 άρ‹

278 4316 521 4387 χομένων
544 4316 809 4385 γίνεσθαι.
846 4318 939 4391 Μὴ
980 4318 1091 4393 γάρ
1123 4309 1463 4393 ἀρχομένων,
1498 4322 1614 4379 ἀλλ’
1640 4324 1741 4397 ἠδη
1777 4327 1856 4391 εἰς

279 4406 417 4479 ἔργα
441 4409 761 4481 χωρούντων
785 4409 893 4465 τῶν
925 4410 1249 4484 λεγομένων,
1288 4414 1471 4468 οὐκέτι
1504 4414 1742 4485 ἐγγίζειν
1780 4417 1859 4469 εἰ-

1964 3322 2225 3386 quotquot
2254 3327 2427 3384 usque
2453 3312 2521 3368 ad
2558 3313 3084 3368 consummationem
3112 3312 3330 3368 Christo
3352 3313 3538 3369 credi-

1963 3408 2067 3462 turi
2095 3414 2243 3473 sunt,
2268 3414 2432 3476 atque
2459 3403 2576 3473 ejus
2603 3418 2766 3459 causa
2791 3414 3115 3472 praesentem
3148 3404 3317 3458 vitam
3354 3404 3408 3459 in
3443 3404 3540 3458 hu-

1962 3498 2191 3554 militate
2215 3498 2537 3553 traducturi.
2566 3495 2719 3552 Tunc
2754 3496 2939 3568 igitur,
2971 3510 3032 3552 re
3060 3510 3223 3567 quam
3254 3510 3539 3567 speramus

1962 3590 2270 3659 impetrata,
2306 3588 2558 3643 tollemus
2578 3589 2767 3643 oculos
2792 3588 2883 3656 qui
2907 3588 3172 3643 hactenus
3198 3587 3345 3643 humi
3374 3586 3544 3642 detlxi‘

1959 3688 2139 3743 erant,
2165 3689 2436 3749 caputque
2462 3677 2733 3748 erigemus
2760 3678 2852 3748 qui
2882 3676 3012 3733 olim
3040 3676 3280 3747 depressi
3307 3675 3531 3730 fuimus.

1960 3768 2088 3824 llaec
2112 3779 2195 3825 est
2227 3768 2371 3827 enim
2402 3783 2563 3838 quam
2593 3778 2973 3840 exspectamus
2997 3768 3337 3837 redemptio;
3371 3782 3534 3842 quam

1959 3860 2168 3932 reliqua
2208 3862 2370 3915 etiam
2418 3871 2681 3917 creatura.
2717 3863 2898 3918 omnis
2944 3861 3332 3934 praestantur,
3381 3862 3536 3932 juxta

1959 3953 2313 4024 apostolicam
2361 3953 2691 4020 doctrinam,
2732 3968 2836 4023 qua
2865 3952 3066 4008 Paulus
3096 3954 3260 4009 etiam
3304 3950 3542 4009 imbutus

1961 4046 2264 4121 inguiniscit
2280 4046 2325 4078 “
2353 4044 2664 4100 Servatoris
2691 4045 2915 4100 vocibus
2934 4044 3331 4101 obsecundans.
3354 4042 3543 4112 Quan-

1959 4136 2155 4191 donam
2196 4147 2375 4190 autem
2420 4135 2913 4205 appropinquatum
2972 4135 3045 4189 sit
3082 4134 3418 4205 redemptio,
3458 4147 3585 4188 ac»

1959 4239 2145 4287 curate
2188 4231 2370 4286 docuit
2406 4230 2592 4286 dicens
2626 4246 2640 4283 :
2673 4228 2773 4284 His
2807 4229 2927 4298 ﬁeri
2972 4228 3363 4299 incipientibus.
3400 4225 3537 4281 Cum

1961 4324 2105 4379 enim
2127 4322 2240 4393 jam
2263 4322 2406 4382 dicta
2429 4336 2591 4396 opera
2625 4324 2940 4390 decurrent,
2983 4321 3130 4378 haud
3172 4320 3391 4375 videtur
3419 4334 3541 4389 pro-

1957 4413 2225 4489 pinquare
2255 4413 2591 4483 redemptio,
2612 4414 2707 4469 sed
2746 4428 2910 4484 opere
2935 4413 3053 4483 ipso
3079 4410 3362 4481 compleri.
3396 4411 3537 4480 Apo-

278 4498 375 4563 κδς
407 4498 504 4571 τὴν
522 4500 920 4572 ἀπολύτρωσιν,
953 4502 1068 4556 ἀλλ’
1090 4503 1273 4576 ἔργοις
1296 4505 1675 4562 ἐπιτελεῖσθαι.
1718 4508 1775 4561 ὐ
1798 4508 1855 4561 δὲ

1963 4508 2136 4563 stolus
2159 4516 2337 4562 autem
2371 4508 2540 4562 totius
2564 4521 2783 4577 quoque
2811 4515 3076 4561 creatura:
3107 4502 3549 4573 redemptionem

277 4590 422 4655 θεῖος
463 4588 781 4656 Ἀπόστολος
805 4594 900 4647 καὶ
925 4591 1052 4667 ὅλης
1080 4594 1251 4665 αὐτῆς
1268 4596 1369 4667 τῆς
1400 4597 1628 4662 κτίσεως
1654 4599 1857 4652 ἀπολύ-

275 4697 480 4754 τρωσιν
509 4680 604 4735 καὶ
634 4681 944 4754 ἐλευθερίαν
969 4683 1091 4738 τότε
1122 4684 1449 4756 γενήσεσθαι
1481 4686 1743 4753 διδάσκει,
1773 4687 1861 4744 διὰ

1962 4613 2025 4654 ac
2052 4598 2356 4655 libertatem
2393 4608 2518 4653 tunc
2550 4596 2664 4652 tore
2695 4598 2873 4664 docet,
2906 4603 3132 4667 propter
3174 4594 3414 4650 futuram
3440 4594 3555 4649 scis

1956 4690 2085 4746 licet
2119 4689 2236 4758 ejus
2272 4705 2487 4761 quoque
2530 4691 2583 4746 in
2621 4689 2814 4745 melius
2845 4685 3410 4743 trausl'ormationem.
3449 4683 3537 4739 ld-

274 4771 370 4827 τὸν
415 4772 673 4845 μέλλοντα
731 4776 825 4828 καὶ
873 4776 1051 4848 αὐτῆς
1098 4776 1346 4845 γίνεσθαι
1388 4778 1481 4831 ὲπί
1521 4778 1583 4831 τὸ
1616 4783 1857 4852 κρεῖττον

1961 4783 2108 4838 circo
2139 4782 2257 4838 ait:
2296 4781 2361 4836 Et
2399 4783 2517 4852 ipsa
2555 4791 2800 4836 creatura
2838 4778 3191 4835 rindicabitur
3225 4793 3253 4830 e
3295 4777 3541 4831 servitute

280 4867 818 4939 μετασχηματισμόν.
871 4868 963 4923 Διό
1025 4884 1188 4940 φησι·
1246 4869 1353 4923 Καὶ
1409 4867 1562 4938 αὐτὴ
1596 4872 1634 4940 ἡ
1666 4872 1863 4939 κτίσις

274 4957 814 5026 ἐλευθερωθήσεται
841 4958 962 5013 ἀπὸ
988 4957 1100 5029 τῆς
1116 4959 1396 5027 δουλείας
1412 4957 1519 5029 τῆς
1533 4961 1759 5031 φθορᾶς
1772 4967 1860 5030 εὶς

273 5047 391 5117 τὴν
418 5048 765 5118 ἐλευθερίαν
790 5049 901 5119 τῆς
939 5050 1123 5120 δόξης
1152 5051 1272 5105 τῶν
1295 5051 1521 5105 τέκνων
1547 5052 1653 5107 τοῦ
1684 5053 1854 5108 Θεοῦ.

288 5138 605 5211 Ἀφθάρτων
629 5142 737 5214 γὰρ
767 5143 1022 5197 ἁπάντων
1067 5144 1160 5197 καὶ
1188 5144 1473 5198 ἀθανάτων
1508 5145 1617 5198 τῶν
1650 5145 1854 5200 τέκνων

274 5229 371 5283 τοῦ
414 5229 550 5285 Θεοῦ
600 5231 691 5285 τὸν
728 5233 847 5287 νέον
877 5235 1212 5305 οἰκησάντων
1240 5235 1429 5300 αἰῶνα,
1475 5235 1643 5309 ἐχρῆν
1684 5236 1855 5309 δήπου

276 5322 374 5377 καὶ
412 5320 511 5394 τὴν
534 5322 711 5377 κτίσιν
752 5325 922 5398 αὐτὴν
950 5326 1061 5397 τὴν.
1080 5327 1176 5382 νῦν
1208 5332 1274 5399 τῇ
1299 5329 1510 5401 φθαρτῇ
1552 5328 1712 5398 φύσει
1739 5329 1860 5384 δου-

276 5415 555 5483 λεύουσαν,
570 5418 651 5481 εἰς
668 5415 942 5488 ἄφθαρτον
969 5419 1155 5472 οὐσίαν
1178 5420 1520 5491 μεταϐαλεῖν,
1537 5421 1633 5492 τῆς
1657 5421 1861 5494 παρού-

292 5522 397 5579 σης
444 5507 833 5572 καταστάσεως
874 5507 1342 5582 ἑλευθερωθεϊσαν.
1367 5512 1651 5587 Εὑκαίρως
1675 5514 1857 5586 μέντοι

275 5598 379 5672 τῷε
405 5599 515 5653 Καί
537 5600 674 5656 τότε
705 5600 1090 5681 ὄψονεᾳᾼτὸν
1124 5602 1260 5657 Υίὸν
1288 5604 1396 5659 τοῦ
1421 5604 1733 5675 ἀνθρώπου
1760 5606 1855 5672 ἐρ-

1957 4874 2305 4943 corruptionis
2369 4874 2427 4928 in
2475 4873 2767 4927 libertatem
2815 4871 2999 4942 gloria:
3054 4869 3288 4939 ﬁliorum
3346 4866 3444 4922 Dei
3468 4867 3537 4923 “.

1962 4961 2097 5018 Nam
2130 4978 2252 5017 cum
2294 4976 2482 5017 omnes
2529 4959 2978 5031 incorruptibiles.
2998 4968 3167 5029 atque
3204 4957 3538 5014 immortales

1962 5054 2247 5122 sanctique
2281 5064 2335 5107 et
2382 5053 2525 5108 beati
2581 5050 2674 5109 tliii
2722 5051 2818 5106 Dei
2855 5066 3054 5104 novum
3095 5049 3349 5104 saeculum
3388 5050 3538 5105 inco-

1961 5145 2093 5210 lent,
2123 5156 2253 5199 tunc
2284 5161 2420 5215 Opus
2450 5148 2552 5199 erit
2584 5146 2756 5213 ipsam
2785 5157 3004 5218 quoque
3030 5141 3215 5197 mundi
3246 5140 3535 5207 fabricam,

1961 5251 2083 5305 quae
2127 5249 2269 5291 nime
2314 5235 2650 5304 corruptibili
2684 5242 2891 5289 natura:
2928 5233 3167 5288 obnoxia
3202 5241 3308 5298 est,
3349 5233 3403 5288 in
3446 5234 3540 5288 im-

1963 5324 2247 5380 mortalenn
2285 5324 2531 5379 converti
2580 5324 2947 5379 substantiam
2999 5335 3161 5393 atque
3205 5338 3233 5377 a
3280 5321 3540 5394 praesenti

1962 5416 2274 5471 conditione
2330 5414 2600 5483 expediri.
2651 5413 2996 5485 Tempestive
3047 5423 3227 5470 autem
3258 5414 3538 5469 dictioni:

1964 5508 2110 5563 Tunc
2140 5508 2381 5562 videbunt
2414 5504 2461 5559 ιΓ
2465 5507 2616 5560 ilium
2645 5506 2874 5561 hominis
2906 5508 3190 5561 venientem
3235 5506 3289 5559 in
3317 5503 3542 5558 nubibus

1962 5618 2079 5656 cum
2121 5601 2310 5671 gloria,
2348 5614 2588 5671 appones
2617 5599 2858 5655 Daniells
2892 5598 3314 5671 prophetiam",
3355 5598 3407 5651 in
3434 5611 3546 5666 qua

348 5761 395 5794 ⁶²
422 5760 527 5815 lsa.
562 5778 686 5829 ωιν,
721 5763 808 5818 17.
885 5762 930 5795 ⁸³
959 5761 1088 5818 Luc.
1115 5780 1226 5829 ut,
1254 5764 1342 5819 26.
1416 5765 1462 5796 “
1487 5764 1616 5820 Luc.
1652 5782 1763 5829 xm,
1792 5765 1857 5819 28

1965 5763 1985 5794 ⁸
2027 5761 2183 5815 Rom.
2218 5774 2317 5822 vn,
2342 5757 2436 5814 ει.
2512 5757 2558 5789 ⁸⁸
2589 5757 2746 5819 llom.
2780 5774 2897 5824 νιιι,
2930 5758 3023 5813 2t.
3089 5758 3131 5789 ‘7
3166 5756 3299 5811 Dan.
3327 5766 3425 5818 vn,
3451 5752 3565 5821 13.,

352 5854 471 5931 (75)
501 5857 744 5931 Sequens
768 5860 1127 5931 fragmentum
1162 5863 1358 5933 partim
1389 5863 1636 5932 congruit
1666 5879 1791 5922 cum
1822 5861 2066 5932 proxime
2103 5854 2552 5928 [it-mentientibus.
