4000 6398
488 346 595 408 599
1039 333 1042 338 ’
1189 341 1460 399 EUSEBII
1497 341 1980 398 CESARIENSIS
2003 341 2154 400 OPP.
2193 341 2378 397 PARS
2415 340 2500 398 Ill.
2533 371 2605 382 —
2641 337 3056 396 EXEGETICA.
3653 329 3776 389 600

489 467 620 524 item
653 465 826 522 Filius
864 463 1138 529 hominis,
1175 472 1232 517 et
1257 463 1466 530 nubes,
1511 472 1567 518 et
1587 463 1778 518 datum
1810 463 1948 519 Filio
1987 464 2055 519 ho

2181 465 2439 533 χύμενον
2478 463 2548 516 ἐν
2598 458 2823 530 νεφέλῃ
2863 453 3014 528 μετὰ
3037 453 3244 521 δόξης,
3289 451 3630 526 παραθήσεις
3657 450 3774 523 ei]:

489 558 654 616 minis
686 570 908 627 regnum
947 554 1315 624 spectabatur.
1357 554 1462 610 Sed
1491 556 1636 610 enim
1673 565 1802 610 tunc
1849 555 2064 624 quidem

487 666 630 706 unus
678 647 944 718 propheta
995 647 1178 702 divino
1221 646 1425 716 Spiritu
1482 648 1774 703 instinctus
1827 645 2063 701 futuram

487 752 602 794 rem
629 736 920 803 cernebat;
967 741 1026 790 at
1051 735 1540 792 consummationis
1571 746 1816 806 tempore
1851 750 2062 804 omnes,

485 840 546 884 ut
578 827 656 882 ait
689 825 948 882 Servator
974 828 1039 894 ⁸⁸,
1069 827 1329 882 videbunt
1360 842 1482 882 eum
1507 829 1812 886 venientem
1841 827 1892 882 iu
1922 828 2065 884 nube

483 935 606 978 cum
641 919 846 975 virtute
887 935 1078 990 magna
1133 921 1346 974 vivilica
1403 932 1460 975 et
1511 921 1894 974 illuminatrice
1940 919 2064 974 novi

483 1009 694 1079 saeculi,
739 1027 972 1082 cumque
1014 1011 1186 1083 gloria
1231 1028 1447 1083 magna,
1477 1013 1657 1069 Patris
1691 1013 1944 1071 videlicet
1989 1010 2062 1068 die

479 1105 732 1162 vinitate.

2171 555 2268 608 τοῦ
2290 552 2486 626 Δανιὴλ
2525 550 2882 624 προφητείαν,
2915 548 2982 601 δι’
3007 543 3076 619 ἦς
3098 545 3192 598 καὶ
3223 546 3251 598 ὁ
3271 543 3398 608 Υἱὸς
3421 541 3516 596 τοῦ
3545 540 3774 613 ἀνθρώ-

2177 664 2300 710 που,
2341 645 2436 700 καὶ
2471 648 2504 716 ἡ
2532 643 2750 714 νεφέλη,
2793 641 2886 694 καὶ
2918 641 2950 711 ἡ
2977 637 3054 710 τῷ
3077 637 3172 691 τοῦ
3204 635 3490 708 ἀνθρώπου
3527 635 3768 706 δοθησο-

2178 739 2313 810 μένη
2348 737 2592 807 βασιλεία
2619 735 2924 807 έθεωρεῖτο.
2971 729 3130 784 Ἀλλὰ
3157 729 3280 782 τότε
3305 729 3402 799 μὲν
3425 724 3505 792 εἷς
3541 727 3770 799 προφή-

2171 847 2274 900 της
2297 828 2427 901 θείῳ
2451 827 2728 898 Πνεύματι
2758 821 3182 895 θεοφορούμενος
3225 821 3286 874 τὸ
3320 819 3509 892 μέλλον
3539 817 3766 874 ἔσεσθαι

2171 925 2389 978 ἐθεᾶτο·
2433 921 2575 976 κατὰ
2611 920 2670 974 δὲ
2713 917 2804 972 τὸν
2835 918 2936 989 τῆς
2969 915 3276 978 συντελείας
3307 915 3496 986 καιρὸν
3533 914 3764 978 πάντες,

2171 1011 2247 1076 ὥς
2304 1027 2468 1084 φησιν
2529 1013 2558 1064 6
2591 1007 2782 1080 Σωτὴρ
2805 1047 2820 1072 ,
2890 1005 3056 1062 αὐτὸν
3104 1007 3323 1078 όψονται
3363 1005 3657 1078 ἐρχόμενον
3698 1006 3766 1057 ὲν

2167 1105 2368 1179 νεφέλῃ
2397 1104 2534 1176 μετὰ
2561 1103 2844 1176 δυνάμεως
2869 1101 3070 1172 πολλῆς
3099 1099 3494 1172 ζωοποιητικῆς
3531 1099 3624 1162 καὶ
3647 1115 3770 1166 φω-

479 1203 730 1272 τιστικῆς
755 1200 852 1256 τοῦ
877 1201 998 1255 νέου
1023 1201 1237 1266 αἰῶνος,
1268 1202 1362 1256 καὶ
1392 1203 1531 1274 μετὰ
1552 1203 1709 1274 δόξης
1742 1201 1963 1274 πολλῆς,
1989 1200 2088 1272 τῆς
2110 1201 2384 1272 πατρικῆς
2411 1199 2609 1270 δηλαδὴ
2634 1198 2903 1270 θεότητος.

553 1298 914 1366 Quandonam
943 1314 1071 1354 vero
1093 1299 1206 1354 haec
1238 1298 1407 1354 fient?
1428 1299 1560 1354 Cum
1592 1301 1830 1370 gentium
1865 1309 2074 1369 tempo-

481 1407 542 1452 ra
577 1391 846 1462 completa
874 1392 1093 1448 fuerint.
1145 1393 1354 1447 Etenim
1385 1393 1632 1448 absoluto
1659 1396 1800 1463 quod
1845 1393 1909 1449 iis
1939 1395 2073 1450 deii-

2243 1295 2382 1349 Πότε
2433 1295 2490 1348 δὲ
2537 1295 2710 1352 ταῦτα
2763 1293 2952 1359 tam;
2990 1293 3156 1346 Ὅταν
3201 1290 3528 1362 πληρωθῶσι
3575 1291 3764 1362 καιροὶ

2169 1388 2360 1442 ὲθνῶν.
2397 1386 2808 1460 Περαιωθείσης
2835 1385 2944 1458 γὰρ
2971 1385 3074 1456 τῆς
3107 1383 3419 1456 ὡρισμένης
3445 1385 3557 1448 τοῖς
3578 1383 3764 1437 ἔθνεσι

478 1482 654 1550 ultum
713 1483 894 1544 fuerat
937 1493 1158 1542 aetatum
1209 1484 1406 1554 spatio,
1452 1485 1606 1546 signa
1658 1489 2055 1540 consummand.

2167 1481 2528 1555 προθεσμίας,
2557 1480 2709 1533 ἔσται
2738 1481 2938 1550 σημεῖα
2957 1478 3058 1548 τῆς
3078 1476 3172 1530 τοῦ
3196 1477 3400 1548 κόσμου
3425 1477 3760 1540 συντελείας.

480 1578 667 1632 mundi
735 1582 1047 1634 exstabunt.
1103 1577 1478 1647 Cujuscemodi
1537 1592 1666 1631 vero
1715 1577 1864 1648 signa
1926 1577 2064 1642 lucc,

2165 1575 2392 1629 Ποταπὰ
2423 1575 2479 1627 δὲ
2507 1576 2728 1645 σημεῖα,
2756 1573 2836 1644 τῷ
2867 1569 3131 1640 Ματθαίῳ
3153 1571 3181 1623 6
3203 1570 3418 1632 Λουκᾶς
3437 1567 3766 1640 παρεχώρη-

478 1667 730 1724 Matthalo
791 1667 836 1702 “
891 1669 1068 1723 Lucas
1122 1669 1409 1724 dicendum
1463 1669 1728 1738 permisit.
1785 1669 2055 1738 Oportehil

2169 1684 2260 1720 σεν
2309 1666 2562 1731 ἐξειπεῖν.
2622 1664 2822 1736 Ἐχρῆν
2871 1663 3002 1735 γὰρ,
3044 1659 3330 1733 μέλλοντος
3377 1659 3472 1713 τοῦ
3519 1660 3764 1730 μεγάλου

478 1761 644 1828 enim,
695 1776 890 1833 magno
945 1761 1216 1830 luminari,
1273 1765 1392 1834 ipso
1445 1765 1662 1834 inquam
1711 1763 1822 1818 Deo
1867 1762 2055 1830 Verbo,

2169 1754 2474 1825 φωστῆρος,
2515 1753 2680 1806 αὐτοῦ
2713 1753 2770 1806 δὲ
2801 1752 2896 1806 τοῦ
2928 1750 3062 1804 Θεοῦ
3097 1751 3271 1819 Λόγου
3306 1748 3439 1820 μετὰ
3472 1749 3766 1820 δυνάμεως

477 1867 602 1910 cum
629 1853 826 1909 virtute
849 1855 1126 1925 gloriaque
1143 1855 1310 1910 multa
1335 1855 1564 1911 alterum
1584 1855 1868 1910 adventum
1905 1871 2055 1910 suum

2168 1846 2262 1908 καὶ
2295 1843 2452 1915 δόξης
2477 1843 2676 1914 πολλῆς
2703 1843 2801 1915 τὴν
2828 1844 3086 1916 δευτέραν
3116 1841 3282 1902 αὐτοῦ
3317 1841 3582 1894 ποιεῖσθαι
3613 1859 3767 1910 παρ-

477 1953 786 2010 ostensum,
834 1945 1154 2002 subtrahere
1193 1957 1368 2004 semet
1419 1963 1482 2004 ac
1527 1949 1734 2037 cedere.
1761 1947 1950 2013 solem,
1979 1947 2060 2000 Iu-

477 2049 712 2112 namque
751 2044 805 2090 et
839 2047 1031 2092 caetera
1062 2037 1265 2104 sidera,
1296 2047 1355 2093 ut
1385 2037 1504 2094 loco
1543 2040 1782 2093 omnium
1823 2040 1936 2108 ipse
1967 2038 2060 2092 Fi-

474 2123 583 2180 lius
603 2125 837 2188 hominis
867 2127 1071 2196 lucens,
1103 2143 1301 2184 novum
1321 2129 1576 2185 saeculum
1607 2130 1889 2196 illuminet,
1914 2130 2062 2200 prio-

476 2228 541 2278 re
567 2218 751 2274 mundi
777 2219 944 2290 ﬁgura
975 2229 1361 2290 praetereunte,
1387 2223 1680 2278 secundum
1705 2222 2058 2292 apostolicum

473 2312 846 2374 testimonium
881 2314 1023 2384 quod
1055 2316 1174 2378 ait;
1213 2313 1462 2373 Prwterit
1503 2317 1641 2372 enim
1689 2317 1862 2387 ﬁgura
1899 2315 2058 2386 hujus

474 2403 662 2470 muudi
687 2405 756 2458 ἀ.
789 2405 921 2460 Cum
949 2421 1079 2476 ergo
1095 2407 1208 2462 hare
1235 2407 1404 2476 ligura
1433 2409 1748 2476 praeteribit,
1783 2409 1940 2464 simul
1966 2410 2059 2462 ah-

473 2495 629 2555 ibunt
687 2497 767 2552 sol
817 2511 879 2552 ac
911 2497 1036 2552 luna
1080 2507 1134 2554 et
1169 2499 1363 2555 stellae.
1387 2497 1844 2558 Obtenebrabitur
1875 2511 2056 2555 autem

476 2596 604 2646 tunc
659 2587 760 2652 sol,
807 2603 910 2642 non
940 2589 1080 2658 quod
1106 2604 1262 2648 suum
1289 2589 1468 2644 lumen
1505 2589 1808 2643 amissurus
1839 2589 1928 2651 sit,
1963 2589 2058 2644 sed

473 2682 879 2751 comparatione
925 2679 1148 2750 majoris
1204 2681 1543 2738 obscuratus.
1607 2679 1748 2748 Ergo
1816 2679 2056 2732 laborum

471 2773 639 2829 veluti
673 2789 894 2832 suorum
935 2773 1216 2840 praemium
1254 2775 1450 2840 capiet,
1486 2780 1542 2826 ut
1566 2771 1658 2826 ﬁat
1689 2771 2053 2842 septetnplex;

473 2865 699 2934 ips-aque
723 2863 844 2918 luna
878 2874 934 2917 ut
959 2864 1039 2918 sol
1075 2863 1213 2929 erit;
1250 2862 1418 2918 stella:
1443 2863 1674 2934 denique
1710 2863 1957 2916 eamdem
2001 2863 2054 2916 in

471 2954 667 3018 melius
709 2954 1111 3026 provectionem
1141 2952 1513 3024 experientur.
1567 2952 1673 3008 Sed
1717 2961 1892 3006 tamen
1930 2963 2057 3006 tunc

2163 1937 2350 1990 ουσίαν
2389 1935 2818 1990 ὑποστέλλεσθαι
2871 1937 2966 1990 καὶ
3028 1936 3412 2008 ὑπαναχωρεὶν
3465 1933 3557 1988 τὸν
3597 1935 3766 2006 ἣλιον

2165 2030 2261 2095 καὶ
2292 2029 2391 2101 τὴν
2423 2027 2675 2102 σελήνην,
2709 2031 2804 2084 καὶ
2835 2031 2964 2095 τοὺς
2997 2013 3251 2102 ἀστέρας,
3288 2028 3374 2090 ἵνα
3395 2025 3514 2082 ἀντὶ
3533 2027 3768 2082 πάντων

2164 2122 2326 2186 αὐτὸς
2365 2126 2394 2178 6
2429 2123 2559 2187 Υἱὸς
2584 2122 2678 2176 τοῦ
2700 2121 2988 2198 ἀνθρώπου
3023 2123 3386 2195 καταλάμψας
3417 2122 3625 2194 φωτίσῃ
3657 2121 3764 2176 τδν

2163 2215 2283 2276 νέον
2343 2215 2532 2282 αίῶνα,
2598 2216 2693 2270 τοῦ
2753 2218 3020 2290 προτέρου
3071 2219 3348 2290 σχήματος
3397 2217 3490 2270 τοῦ
3541 2217 3766 2286 κόσμου

2165 2308 2528 2379 παρελθόντος
2557 2309 2700 2364 κατὰ
2725 2309 2824 2380 τὴν
2847 2309 3209 2379 ἀποστολικὴν
3235 2309 3556 2381 μαρτυρίαν,
3579 2309 3612 2380 ῆ
3646 2327 3766 2381 φη-

2167 2420 2247 2458 σι·
2282 2401 2538 2472 Παράγει
2581 2403 2694 2472 γὰρ
2737 2403 2806 2456 τὸ
2839 2402 3050 2472 σχῆμα
3088 2403 3196 2456 τοῦ
3236 2404 3468 2472 κόσμου
3497 2402 3719 2456 τούτου
3741 2416 3764 2433 ·

2165 2493 2386 2548 ἐπειδὰν
2414 2489 2507 2548 οὖν
2541 2493 2698 2554 τοῦτο
2734 2493 2995 2566 παρέλθοι
3034 2494 3093 2546 τὸ
3127 2495 3331 2565 σχῆμα,
3369 2492 3762 2566 συμπαρελεύ-

2167 2601 2323 2640 σεται
2351 2583 2500 2655 αὐτῷ
2528 2585 2621 2638 καὶ
2653 2587 2680 2638 6
2699 2585 2848 2656 ῆλιος
2875 2585 2970 2638 καὶ
3003 2587 3034 2655 ὴ
3073 2585 3292 2658 σελήνη,
3320 2585 3413 2638 καὶ
3434 2586 3481 2640 οἱ
3497 2585 3756 2656 ἀστέρες.

2164 2677 2582 2748 Σκοτισθῆσεται
2614 2677 2671 2730 δὲ
2704 2679 2732 2730 6
2763 2676 2914 2747 ἥλιος
2941 2676 3083 2740 τότε,
3119 2678 3217 2746 οὐχ
3251 2675 3392 2730 ὥστε
3425 2675 3762 2747 στερηθῆναι

2161 2770 2256 2832 τοῦ
2291 2769 2492 2822 οἰκείου
2531 2769 2727 2838 φωτὸς,
2771 2767 2906 2822 ἀλλὰ
2953 2767 3250 2841 παραθέσει
3299 2768 3400 2824 τοῦ.
3439 2768 3758 2839 κρείττονος

2165 2861 2610 2932 ἀμαυρούμενος·
2649 2859 2884 2932 ἀμοιϐῆς
2923 2861 3053 2929 γοῦν
3103 2860 3211 2914 τῶν
3267 2859 3433 2914 αὐτοῦ
3483 2861 3758 2931 καμάτων

2164 2951 2259 3004 καὶ
2286 2950 2446 3013 αὐτὸς
2473 2949 2744 3020 τεύξεται,
2779 2951 3163 3016 ἑπταπλασίων
3197 2951 3586 3023 γενησόμενος·
3619 2951 3655 3022 ἦ
3682 2969 3756 3006 τε

472 3046 554 3112 sol
585 3055 640 3116 et
669 3046 796 3112 luna
826 3045 1161 3110 otiabuntur,
1221 3059 1396 3115 neque
1452 3045 1590 3100 ullus
1637 3045 1738 3102 erit
1779 3045 2053 3099 stellarum

2165 3043 2360 3115 σελήνη
2394 3043 2488 3096 καὶ
2519 3044 2656 3116 αὑτὴ
2685 3043 2835 3096 ἔσται
2856 3045 2931 3108 ὡς
2959 3045 2986 3096 6
3008 3043 3158 3115 ἥλιος
3178 3061 3190 3074 ·
3231 3045 3324 3098 καὶ
3352 3047 3398 3098 οἱ
3433 3045 3658 3118 ἀστέρες
3683 3046 3753 3099 δὲ

471 3156 624 3210 usus,
676 3141 802 3210 quia
847 3141 958 3209 jam
1017 3141 1272 3194 nox'non
1311 3140 1447 3206 crit;
1481 3138 1683 3193 etenim
1727 3139 1807 3192 lue
1841 3152 2056 3206 quoque

471 3231 758 3303 quiescent
808 3247 911 3290 una
968 3246 1089 3285 cum
1145 3230 1283 3286 ctrlo
1321 3232 1581 3284 servitute
1639 3229 1894 3284 liberatae.
1966 3229 2056 3284 Sic

471 3325 638 3396 igitur
686 3339 882 3378 novum
930 3325 1184 3378 saeculum
1238 3323 1444 3392 absque
1496 3321 1629 3386 sole,
1664 3321 1786 3378 luna
1859 3320 2056 3374 stellis-

469 3433 578 3490 que
637 3417 763 3484 erit,
824 3415 1042 3482 luminis
1103 3413 1274 3478 nostri
1323 3415 1408 3472 die
1449 3425 1671 3476 sanctas
1721 3415 1931 3480 animas
1989 3414 2053 3477 il-

470 3509 752 3574 lustrante.

540 3775 798 3842 Quaenam
839 3789 969 3830 vero
1013 3783 1401 3843 superventura
1432 3773 1541 3832 sint
1573 3772 1771 3827 mundo
1809 3783 1930 3843 post
1957 3772 2055 3826 lu—

469 3869 756 3932 minarium
794 3867 1254 3934 obscurationem,
1297 3878 1352 3921 et
1398 3867 1772 3936 quamobrem,
1819 3873 1872 3920 et
1911 3865 2052 3919 unde

469 3975 719 4032 pressura
745 3959 983 4028 gentium
1009 3970 1268 4014 eventura
1299 3961 1386 4026 sit,
1413 3960 1652 4014 declarat
1679 3973 1797 4012 mox
1825 3958 2010 4014 (licens
2033 3975 2045 4010 :

468 4049 594 4106 Prw
619 4050 924 4120 confusione
955 4051 1160 4108 sonitus
1198 4053 1358 4104 maris
1399 4062 1445 4104 et
1483 4054 1736 4122 ﬂuctuum
1772 4052 2053 4114 arescenti-

469 4145 564 4202 bus
593 4143 909 4207 hominibus.
951 4142 1016 4196 Et
1064 4143 1194 4196 mihi
1225 4141 1438 4196 videtur
1465 4145 1662 4198 docere
1704 4143 1894 4198 futurae
1926 4155 2050 4200 tunc

470 4232 846 4288 conversionis
871 4231 1084 4288 initium
1115 4232 1230 4288 fore
1257 4234 1324 4285 ab
1350 4233 1581 4290 humida:
1608 4235 1924 4288 substantias
1955 4233 2049 4288 de-

469 4323 634 4378 fectu.
669 4321 779 4386 liae
802 4323 944 4376 enim
973 4323 1024 4380 in
1057 4321 1248 4388 primis
1275 4323 1528 4390 absorpta
1566 4322 1647 4376 vel
1675 4332 1947 4389 concreta,
1975 4323 2046 4377 ita

2159 3132 2260 3203 τῆς
2287 3133 2478 3202 ὁμοίας
2497 3133 2774 3199 τεύξονται
2805 3135 2896 3187 ἐπὶ
2921 3135 2980 3188 τὸ
3008 3139 3255 3210 κρεῖττον
3281 3136 3594 3208 μεταϐολῆς.
3619 3136 3754 3210 Ἀρ-

2159 3227 2316 3299 γήσει
2347 3227 2403 3280 δὲ
2433 3228 2552 3280 τότε
2579 3231 2606 3282 6
2624 3229 2772 3300 ἥλιος
2795 3229 2888 3282 καὶ
2920 3231 2952 3300 ή
2985 3230 3180 3303 σελήνη
3203 3245 3217 3259 ·
3245 3229 3359 3282 ἀλλ’
3383 3229 3502 3282 οὐδὲ
3526 3230 3750 3300 ἄστρων

2157 3333 2240 3381 τις
2275 3317 2425 3376 ἔσται
2453 3319 2572 3372 τότε
2597 3319 2775 3391 χρεία,
2810 3320 3002 3384 νυκτὸς
3027 3321 3102 3392 μὴ
3122 3319 3316 3390 οὔσης·
3339 3321 3750 3374 ἀναπαύσονται

2156 3410 2213 3462 δὲ
2237 3412 2329 3464 καὶ
2355 3411 2506 3464 αὐτοὶ
2532 3401 2987 3484 ἐλευθερωθέντες
3010 3414 3107 3466 σὺν
3132 3413 3210 3484 τῷ
3233 3412 3448 3485 οὐρανῷ
3467 3430 3480 3443 ·
3509 3413 3652 3468 οὕτω
3680 3430 3750 3466 τε

2156 3504 2183 3560 6
2200 3503 2316 3566 νέος
2348 3501 2480 3555 αἰὼν
2510 3502 2725 3575 ἀνήλιος
2755 3501 2906 3570 ἔσται
2927 3505 3020 3558 καὶ
3039 3504 3316 3576 όισέληνος,
3339 3505 3432 3558 καὶ
3453 3503 3750 3574 ἄναστρος,

2159 3593 2371 3665 ἡμέρας
2408 3593 2500 3646 τοῦ
2529 3591 2797 3666 ἡμετέρου
2834 3594 3010 3663 τρωτὸς
3040 3595 3140 3659 τὰς
3177 3593 3336 3663 ἁγίας
3368 3594 3748 3662 καταυγαζού-

2157 3701 2257 3754 σης
2289 3683 2484 3754 ψυχάς.

2227 3776 2358 3830 Τίνα
2388 3795 2452 3845 γε
2490 3776 2597 3848 μὴν
2629 3775 2696 3840 τὰ
2727 3777 3068 3852 ἐπερχόμενα
3196 3777 3491 3851 οἰκουμένῃ
3521 3777 3656 3849 μετὰ
3679 3777 3754 3832 τὸ

2153 3870 2282 3934 τοὺς
2315 3869 2609 3942 φωστῆρας
2645 3869 3011 3942 σκοτισθῆναι,
3063 3871 3158 3926 καὶ
3203 3870 3290 3924 διὰ
3316 3870 3392 3934 τί,
3448 3870 3540 3922 καὶ
3573 3869 3748 3924 πόθεν

2153 3967 2186 4038 ἡ
2222 3965 2420 4035 συνοχὴ
2453 3962 2559 4017 τῶν
2593 3961 2761 4016 ὲθνῶν
2797 3963 2968 4026 ἔσται,
3005 3961 3332 4036 παρίστησιν
3365 3961 3492 4032 ἑξῆς
3527 3961 3744 4030 λέγωνσ

2168 4059 2264 4110 Ἐν
2310 4057 2528 4125 ἀπορίᾳ
2568 4056 2851 4126 ἡκούσης
2883 4056 3204 4122 θαλάσσης
3230 4054 3328 4108 καὶ
3357 4053 3556 4110 σάλου
3587 4055 3741 4110 ἀπο-

2155 4151 2478 4220 ψυχόντων
2499 4148 2841 4218 ἀνθρώπων.
2875 4149 2984 4204 Καί
3010 4167 3098 4222 μοι
3126 4149 3274 4212 δοκεῖ
3300 4147 3400 4218 τῆς
3431 4149 3552 4202 τότε
3579 4166 3744 4222 γενη-

2157 4243 2392 4316 σομένης
2427 4243 2521 4297 τοῦ
2552 4243 2753 4306 παντὸς
2784 4243 2994 4314 τροπῆς
3013 4243 3112 4314 τὴν
3139 4241 3313 4316 ἀρχὴν
3347 4241 3562 4296 ἔσεσθαι
3595 4241 3746 4297 διδά-

2159 4353 2308 4390 σκειν
2341 4337 2448 4390 ἀπὸ
2477 4336 2769 4405 ἐκλείψεως
2798 4337 2896 4406 τῆς
2932 4337 3103 4408 ὑγρᾶς
3137 4336 3342 4399 οὐσίας.
3381 4336 3597 4408 Ταύτης
3629 4337 3746 4406 γὰρ

469 4425 532 4478 ut
572 4429 748 4485 neque
777 4416 984 4470 sonitus
1009 4415 1120 4486 jam
1149 4415 1313 4468 maris
1352 4415 1691 4477 exaudiatur,
1739 4431 1914 4484 neque
1948 4413 2050 4476 liu-

2165 4426 2382 4498 πρώτης
2415 4428 2776 4499 ἀναποθείσης
2799 4428 2831 4500 ἢ
2857 4429 3256 4500 ἀποπαγείσης,
3281 4428 3356 4493 ὡς
3393 4428 3584 4502 μηκέτ’
3605 4424 3744 4500 ἦχον

465 4517 647 4574 cuium
684 4507 800 4576 ejus
827 4506 1122 4562 commotio
1163 4505 1232 4560 ob
1283 4505 1508 4562 nimium
1542 4517 1728 4560 aestum
1768 4505 1879 4572 (int,
1924 4508 2048 4562 reli-

465 4613 584 4676 qua:
627 4599 810 4652 mundi
859 4609 1036 4668 partes
1083 4598 1224 4652 haud
1268 4597 1470 4651 diutius
1510 4607 1766 4652 consueta
1803 4596 2046 4658 fruentes

462 4689 814 4760 vaporatione
836 4704 900 4742 ex
927 4689 1148 4742 humido
1165 4687 1436 4742 elemento
1459 4689 1674 4756 emissa,
1694 4690 2043 4748 mutationem

461 4784 982 4854 conversionemque
1012 4784 1304 4853 patientur,
1340 4781 1492 4850 cujus
1524 4783 1600 4837 rei
1634 4782 1787 4853 signa
1822 4785 1872 4838 in
1909 4785 2042 4850 sole,

463 4873 585 4928 luna
635 4875 912 4946 stellisque
961 4876 1268 4930 exstahunt.
1332 4873 1466 4929 Nam
1511 4876 1592 4930 sic
1627 4875 1766 4930 facta
1809 4879 2042 4936 universi

461 4967 829 5035 perversione,
885 4969 1182 5048 mundique
1235 4968 1723 5034 causummatione,
1771 4972 2045 5027 exteriore

462 5056 562 5113 hac
611 5054 783 5126 ﬁgura
833 5067 1194 5126 prmtereunte
1257 5057 1470 5132 (priora
1522 5060 1667 5114 enim
1717 5060 1940 5118 abibunt
1987 5071 2045 5118 ut

462 5148 765 5218 posteriora
813 5151 1236 5224 subintroeant),
1282 5169 1624 5224 consequens
1664 5155 1771 5210 erit
1817 5165 1875 5216 ut
1919 5158 2045 5222 cmli

463 5253 676 5318 quoque
710 5240 1056 5308 luminarium
1085 5247 1373 5306 conversio
1404 5249 1648 5316 quaadam
1672 5249 1908 5310 eveniat.

533 5509 654 5568 Hmc
683 5511 736 5567 in
773 5511 881 5568 line
913 5522 1214 5586 temporum
1240 5525 1419 5580 erunt,
1455 5533 1576 5578 cum
1618 5523 1890 5592 apostasia
1921 5519 2031 5578 lict.

2157 4519 2430 4592 θαλάσσης
2464 4521 2814 4586 ἀκούσεσθαι,
2845 4522 2980 4594 μηδὲ
3013 4521 3104 4576 τὸν
3136 4522 3244 4578 τῶν
3272 4523 3531 4595 κυμάτων
3565 4525 3744 4595 αὐτῆς

2157 4612 2316 4666 σάλον
2354 4613 2595 4684 γίνεσθαι
2637 4615 2702 4668 δι’
2743 4614 2951 4686 αὐχμὸν
2985 4615 3410 4687 ὑπερϐάλλοντα,
3461 4615 3531 4671 τὰ
3575 4617 3744 4672 λοιπὰ

2156 4706 2296 4778 μέρη
2331 4705 2424 4760 τοῦ
2467 4707 2670 4779 κόσμου
2718 4708 2914 4779 μηκέτι
2955 4707 3055 4778 τῆς
3087 4708 3348 4778 συνήθους
3389 4711 3746 4782 μεταλαμϐά-

2152 4815 2310 4852 νοντα
2342 4799 2755 4871 ἀναθυμιάσεως
2786 4801 2851 4852 ex
2881 4799 2981 4870 τῆς
3004 4802 3176 4872 ὑγρᾶς
3205 4802 3391 4866 οὐσίας
3414 4803 3738 4871 ἀναπεμπο-

2154 4890 2341 4960 μένης,
2377 4892 2584 4964 τροπὴν
2603 4892 2697 4954 καὶ
2727 4890 3026 4963 μεταϐολὴν
3049 4893 3320 4946 πείσεταιε
3353 4893 3429 4956 ὡς
3449 4895 3514 4946 ὲκ
3541 4893 3740 4948 τούτου

2151 4985 2440 5054 γενήσεται
2487 4987 2686 5055 σημεῖα
2719 4985 2776 5036 ὲν
2825 4984 2960 5056 ἡλίῳ
2989 4985 3082 5038 καὶ
3109 4984 3328 5057 σελήνῃ,
3365 4985 3458 5038 καὶ
3489 4985 3736 5055 ἄστροις.

2165 5073 2541 5146 Ἀνακλήσεώς
2563 5092 2624 5129 τε
2645 5075 2754 5147 γὰρ
2784 5074 2880 5129 τοῦ
2902 5076 3103 5140 παντὸς
3137 5078 3455 5150 γενομένης,
3483 5078 3576 5142 καὶ
3607 5095 3738 5131 συν-

2151 5166 2364 5230 τελείας
2411 5166 2506 5221 τοῦ
2545 5167 2771 5239 κόσμου,
2821 5169 2915 5224 καὶ
2955 5169 3294 5242 παράγοντος
3326 5170 3420 5226 τοῦ
3457 5173 3738 5244 σχήματος

2147 5259 2340 5314 τούτου
2372 5257 2466 5312 τοῦ
2497 5259 2822 5330 φαινομένου
2853 5261 3268 5334 (παρελεύσεται
3317 5263 3426 5336 γὰρ
3445 5263 3515 5318 τὰ.
3537 5263 3738 5335 πρῶτα

2149 5350 2216 5412 ἵν’
2254 5352 2449 5422 ἐπιστῇ
2480 5349 2546 5404 τὰ
2579 5349 2872 5423 δεύτερα),
2915 5353 3207 5418 ἀκόλουθον
3247 5351 3314 5427 ἧν
3347 5356 3446 5410 καὶ
3473 5355 3584 5418 τῶν
3609 5357 3740 5408 πιιατι

2145 5440 2373 5512 οὐρανὸν
2405 5442 2704 5514 φωστήρων
2735 5445 2942 5516 τροπήν
2971 5463 3090 5500 τινα
3113 5445 3349 5500 ἔσεσθαι.

2215 5529 2399 5592 Ταῦτα
2425 5531 2484 5586 δὲ
2515 5533 2606 5588 ἐπὶ
2635 5535 2776 5590 τέλει
2805 5537 2914 5592 τῶν
2934 5539 3141 5610 χρόνων
3167 5539 3339 5604 ἕσται,
3366 5541 3463 5612 τῆς
3481 5541 3730 5595 cit-nonda

465 5599 589 5662 Nam
642 5619 764 5658 cmn
805 5605 1100 5676 impietatis
1141 5619 1382 5663 monstra
1430 5607 1740 5669 Servatur-is
1771 5613 2036 5668 adventus

2165 5622 2266 5688 rith
2288 5625 2706 5700 ἐνεργουμένης.
2736 5599 3052 5703 Μελλούσης
3077 5630 3185 5704 γὰρ
3211 5632 3278 5686 τὰ
3299 5599 3398 5703 τῆς
3420 5599 3724 5704 ’θεομαχίκ

530 5789 578 5830 θ’
601 5786 789 5850 Matth.
828 5805 978 5860 xxvi,
1007 5789 1098 5848 64.
1175 5793 1220 5824 ⁸⁵
1251 5793 1421 5852 Matth
1467 5809 1630 5868 αυτ,
1664 5795 1758 5854 29.
1841 5801 1885 5832 ⁷⁸
1919 5801 1938 5856 l
1973 5802 2049 5860 Co

2165 5821 2236 5874 νει,
2286 5807 2375 5866 51.
