4000 6398
227 379 323 437 rm
1434 385 1944 444 COMMENTARIA
1982 390 2050 446 IN
2086 390 2343 449 LUCAM.
2368 365 2391 385 '

3387 411 3492 467 602

233 497 426 570 τέρατα
456 503 753 573 καταργεῖν
802 499 904 570 τῆς
940 499 1261 570 ἐπιφανείας
1290 500 1387 555 τοῦ
1423 504 1696 577 Σωτῆρος,
1740 507 1810 560 τὰ

1929 509 2162 577 terimet,
2212 511 2310 568 irae
2360 511 2512 568 initia
2544 513 2675 572 binc
2711 528 2890 584 erunt,
2931 535 2997 575 ex
3043 533 3178 578 aestu
3207 523 3415 581 scilicet
3437 537 3492 583 et

231 589 513 664 ςῆςοόργῆς
543 592 802 664 προοίμια
850 593 914 653 ἐκ
975 591 1140 647 τῶνδε
1187 592 1432 664 ἄρξεται,
1483 598 1544 662 ἐξ
1583 598 1808 670 αὐχμῶν

1929 604 2109 659 rnarini
2138 606 2347 661 sonitus
2379 609 2706 666 cessatione.
2739 611 2856 678 Quo
2883 613 3042 683 facto,
3073 630 3323 685 pressura
3358 633 3492 688 gen-

223 681 420 754 δηλαδὴ
466 682 560 738 καὶ
605 683 839 754 ἀπορίας
893 684 1027 754 ἤχου
1066 683 1373 756 θαλάσσης·
1417 680 1480 740 οὗ
1513 690 1808 760 γενομένου

1929 697 2050 751 tium
2094 712 2190 768 per
2217 700 2404 754 orbem
2448 701 2569 770 erit,
2604 707 2979 762 arescentibus
3019 680 3329 765 nominibus
3360 680 3494 779 'pra:

226 774 654 846 ἐπακολουθήσει
683 777 879 847 συνοχὴ
899 775 1006 829 τῶν
1035 776 1126 829 ἐπί
1149 776 1253 848 γῆς
1284 777 1476 844 ἐθνῶν,
1503 781 1811 852 ἀποψυχόν-

225 883 333 920 των
360 864 662 940 ἀνθρώπων
689 867 796 921 ἀπὸ
827 866 992 937 φόϐου
1029 868 1122 922 καὶ
1155 869 1482 942 προσδοκίας
1509 873 1618 932 τῶν
1644 874 1810 947 ἐπερ-

226 956 468 1028 χομένων
494 960 560 1029 τῇ
583 959 893 1032 οἰκουμένῃ.
925 959 1057 1012 Τίνα
1085 959 1143 1013 δέ
1165 960 1234 1014 τὰ
1257 963 1617 1035 ἐπερχόμενα,
1644 967 1815 1036 ἑρμη-

224 1048 368 1102 νεύει
426 1051 708 1108 συνάπτων
757 1051 884 1127 ἑῆς
921 1051 1016 1104 καὶ
1083 1051 1290 1122 λέγων’
1341 1059 1411 1109 Al
1473 1057 1583 1126 γὰρ
1634 1057 1815 1111 δυνά-

218 1159 351 1211 μεις
419 1141 538 1197 τῶν
599 1143 866 1212 οὐρανῶν
922 1145 1442 1212 σαλευθήσονται·
1508 1149 1602 1202 τοῦ
1680 1150 1810 1204 Υίοῦ

228 1235 316 1290 τοῦ
373 1235 506 1288 Θεοῦ
566 1235 705 1307 μετὰ
755 1236 913 1308 δόξης
950 1239 1400 1311 ἐπιστησομένου,
1445 1240 1538 1292 καὶ
1582 1241 1682 1312 τὴν
1718 1259 1814 1313 με-

1918 789 2111 844 timore
2167 798 2222 844 et
2268 805 2456 845 eorum
2506 799 2907 865 exspectatione
2947 814 3067 868 qua:
3116 801 3316 857 mundo
3367 811 3494 858 sunt

1916 888 2199 934 eventura.
2241 878 2498 947 Quamam
2532 899 2660 940 vero
2687 887 2798 941 lucc
2829 887 2958 952 sint,
2994 888 3070 943 ait
3099 904 3223 944 mox
3264 905 3494 962 pergens

1922 969 2103 1024 dicere
2149 987 2162 1022 :
2206 969 2341 1026 Nam
2401 974 2629 1031 virtutes
2665 977 2923 1033 caelorum
2962 983 3493 1038 commovebuntur:

1921 1059 2057 1114 Filio
2080 1061 2170 1115 Dei
2202 1063 2410 1119 scilicet
2443 1081 2563 1120 cum
2604 1067 2771 1136 gloria
2805 1070 3144 1136 adventante,
3177 1073 3496 1144 superbam-

1921 1167 2026 1220 que
2051 1151 2142 1207 lilii
2163 1153 2332 1224 culpa:
2365 1158 2702 1225 tyrannidem
2721 1159 2944 1230 jamjam
2967 1177 3249 1230 eversum,
3269 1163 3498 1228 caelesti-

1919 1242 2021 1299 bus
2055 1260 2175 1300 eum
2207 1251 2489 1304 ordinibus
2522 1251 2930 1309 comitantibus.

228 1331 494 1403 γάλαυχον
513 1332 806 1405 τυραννίδα
826 1332 921 1387 τοῦ
945 1333 1061 1387 υἱοῦ
1089 1335 1188 1405 τῆς
1250 1334 1524 1408 ἁμαρτίας
1584 1341 1880 1410 καταργεῖν
1923 1340 2228 1410 μέλλοντος,
2267 1343 2377 1397 τῶν
2407 1362 2464 1397 τε
2509 1345 2916 1421 ὑπερουρανίων
2951 1350 3244 1421 ταγμάτων
3272 1350 3499 1424 δορυφο-

228 1424 480 1498 ρούντων.

224 1519 331 1576 Καὶ
371 1514 502 1592 εἷπε
550 1518 903 1592 παραϐολὴν
944 1520 1166 1592 αὐτοῖς·
1202 1521 1382 1576 Ἴδετε
1417 1523 1532 1590 τὴν
1583 1523 1808 1592 συκῆν,

292 1607 345 1642 κ.
380 1607 429 1643 τ.
453 1588 502 1643 λ.
535 1589 698 1712 Οῧῖω
731 1590 828 1644 καὶ
855 1590 1026 1661 ὑμεῖς
1058 1591 1204 1646 ὅταν
1237 1593 1402 1661 ἴδητε
1437 1588 1624 1648 ταῦτα
1651 1588 1809 1664 γηλό-

292 1676 462 1712 αενα.
486 1677 540 1712 κ.
561 1677 611 1712 τ.
663 1701 677 1712 .

287 1676 462 1730 μενα,
486 1677 540 1714 κ.
561 1677 611 1713 τ.
629 1676 677 1714 Α.

293 1751 438 1827 Ποῖα
459 1749 632 1805 ταῦτα
663 1750 926 1823 γινόμενα
958 1751 1073 1806 ἀλλ’
1105 1753 1139 1825 ἢ
1171 1753 1241 1808 τὰ
1263 1754 1673 1827 προλεγόμενα;
1713 1757 1814 1812 Ἰε-

1987 1526 2030 1556 ⁷¹
2059 1525 2304 1601 Βὶαξὶιῳιε
2326 1528 2402 1580 eis
2419 1528 2744 1596 parabolam.
2778 1529 2962 1586 Videte
2986 1533 3287 1601 ﬁculneam,
3318 1543 3426 1591 etc.

2131 1593 2227 1650 Ita
2254 1607 2302 1650 et
2334 1593 2427 1652 vos
2447 1613 2565 1652 cum
2599 1601 2828 1655 videritis
2855 1602 2964 1656 lucc
2986 1593 3129 1671 ﬁeri,
3155 1612 3257 1658 etc.

1993 1755 2251 1824 Quaenam
2314 1771 2443 1811 vero
2499 1757 2639 1813 facta
2693 1756 2979 1827 intelligit?
3023 1759 3396 1841 Hierosolyma
3433 1763 3502 1820 ab

226 1825 506 1917 ρουσαλῆμ
530 1843 879 1916 πατουμένην
923 1845 1030 1900 ὑπὸ
1071 1845 1262 1912 ἐθνῶν,
1287 1825 1386 1918 τὴν
1421 1825 1814 1920 συμπλήρωσιν

1929 1846 2149 1902 ethnicis
2204 1847 2556 1912 conculcata,
2613 1825 3155 1920 tempora—gentium
3205 1825 3498 1923 completa,

220 1935 328 1991 τῶν
357 1935 566 2009 καιρῶν
598 1934 706 1990 τῶν
739 1935 929 2003 ἐθνῶν,
982 1939 1110 2002 τοὺς
1153 1939 1252 2011 τῆς
1293 1939 1628 2002 ἀποστασίας
1686 1940 1812 2011 χρό-

221 2045 367 2093 νους,
407 2027 486 2081 τὰ.
507 2029 566 2084 ἐν
594 2030 706 2093 τοῖς
748 2029 1034 2102 φωστῆρσι
1068 2030 1161 2084 καὶ
1201 2033 1312 2094 τοῖς
1337 2031 1558 2102 ἄστροις
1588 2033 1812 2102 σημεῖα,

222 2120 320 2192 τὴν
369 2118 463 2172 ἐπὶ
505 2122 611 2192 γῆς
655 2119 886 2192 συνοχὴν
930 2120 1039 2175 τῶν
1070 2121 1262 2188 ἐθνῶν,
1299 2122 1398 2193 τὴν
1431 2122 1671 2193 ἔκλειψιν
1719 2123 1814 2178 καὶ

227 2212 460 2284 ἀπορίαν
504 2212 600 2268 τοῦ
640 2213 773 2285 ἧχου
804 2214 898 2268 τοῦ
931 2214 1097 2268 σάλου
1142 2215 1242 2286 τῆς
1273 2213 1570 2284 θαλάσσης.
1605 2213 1812 2280 Ταῦτα,

225 2306 409 2374 φησὶν,
464 2305 678 2360 ἅπαντα
713 2307 841 2360 ὅταν
881 2305 1033 2377 ἴδητε
1077 2306 1360 2377 γινόμενα,
1401 2304 1699 2375 γινώσκετε
1733 2306 1814 2360 ὅτι

223 2399 320 2450 ἐπὶ
365 2396 560 2470 θύραις
605 2397 752 2452 ἐστὶν
785 2399 819 2470 ἡ
852 2397 1100 2469 βασιλεία
1143 2397 1238 2452 τοῦ
1273 2397 1433 2464 Θεοῦ,
1486 2398 1649 2469 ἐτέρα
1681 2394 1817 2453 οὖσα

226 2489 377 2562 παρὰ
415 2489 486 2543 τὰ
512 2489 898 2562 προλεχθέντα.
934 2490 1015 2544 Τὰ
1051 2490 1150 2561 μὲν
1177 2490 1288 2561 γὰρ
1321 2490 1582 2562 προοίμια
1617 2487 1686 2563 ἦν
1721 2491 1818 2546 καὶ

229 2581 528 2654 μελλόντων
556 2580 776 2651 ἀγαθῶν
805 2584 1028 2653 σημεῖα,
1052 2581 1128 2646 ὡς
1151 2581 1245 2635 καὶ
1276 2583 1443 2654 οί-τῆς
1472 2582 1645 2654 συκῆς
1673 2584 1817 2637 ἀπα-ε

225 2673 308 2726 λοὶ
332 2673 517 2728 κλάδοι
538 2674 635 2728 καὶ
664 2674 733 2727 τὰ
761 2673 936 2744 φύλλα
967 2676 1167 2746 σημεῖα
1189 2673 1283 2728 τοῦ
1313 2674 1600 2746 μέλλοντος
1622 2674 1817 2746 θέρους

224 2769 324 2839 τῆς
346 2784 406 2821 τε
441 2767 550 2821 τῶν
590 2766 794 2822 λοιπῶν
825 2767 1007 2837 φυτῶν
1039 2766 1135 2822 καὶ
1169 2767 1500 2839 σπερμάτων
1533 2783 1816 2839 καρποφοφ

230 2859 382 2931 ρίας·
422 2858 492 2914 τὰ
522 2858 579 2918 δὲ
599 2859 693 2914 τοῦ
727 2859 1013 2931 μέλλοντος
1033 2861 1129 2914 καὶ
1147 2859 1250 2930 τῆς
1283 2861 1342 2913 ἐν
1374 2860 1524 2932 αὑτῷ
1555 2877 1820 2932 συστησο-

230 2950 399 3023 μένης
453 2950 732 3022 βασιλείας
772 2951 1016 3024 οὐρανῶν
1066 2951 1327 3024 προοίμια
1372 2953 1467 3007 καὶ
1505 2955 1703 3025 σημεῖα
1748 2953 1817 3007 τά

230 3040 594 3113 προλεχθέντα
624 3037 715 3114 ἦν.
746 3043 897 3113 Αὕτη
924 3042 981 3096 δὲ
1014 3043 1047 3114 ἡ
1078 3041 1323 3113 βασιλεία
1359 3043 1455 3098 καὶ
1485 3044 1555 3098 τὰ
1583 3046 1642 3098 ἐν
1676 3045 1814 3118 αὐτῇ

229 3132 412 3186 οὐκέτι
449 3133 594 3206 λόγῳ
625 3134 956 3208 παραδοτέα,
991 3135 1114 3189 οὐδὲ
1143 3135 1354 3207 θνητῶν
1378 3137 1569 3200 ἀκοαῖς
1597 3135 1811 3192 λεκτέα.

233 3224 432 3297 Διόπερ
471 3201 887 3298 ἀποσιωπητέον
915 3201 1113 3283 ταῦτα.
1177 3201 1514 3299 ’ὀφθαλμὸς
1559 3229 1669 3300 γὰρ
1707 3232 1819 3285 οὐκ
1847 3201 1890 3260 C

232 3313 374 3385 εἶδε,
397 3318 496 3373 καὶ
520 3315 632 3385 οὖς
658 3323 770 3375 οὐκ
793 3320 1044 3390 ἤκουσε,
1068 3320 1168 3376 καί
1189 3321 1289 3375 ἐπὶ
1316 3321 1568 3392 καρδίαν
1595 3322 1821 3392 ἀνθρώε

235 3425 355 3464 που
408 3413 518 3466 οὐκ
567 3412 749 3479 ἀνέϐη
784 3411 903 3467 ὅσα
938 3412 1273 3483 ἡτοίμασεν
1294 3417 1327 3467 ό
1357 3413 1499 3480 Θεὸς
1532 3414 1658 3481 τοῖς
1682 3416 1824 3487 ἀγα-

235 3500 432 3557 πῶσιν
470 3506 678 3559 αὐτόν.
704 3504 853 3584 ῌλὴν
879 3504 1069 3578 ὥσπερ
1108 3505 1250 3560 κατὰ
1281 3505 1372 3560 τὸν
1407 3506 1677 3559 ἐνεστῶτα
1709 3506 1821 3574 βίον

231 3594 381 3666 ἥλιος
402 3595 538 3668 μετὰ
564 3596 874 3669 χειμερίους
900 3596 1110 3673 τροπὰς
1137 3596 1298 3667 ἔαρος
1327 3597 1680 3667 ἐνισταμένου
1701 3597 1820 3669 θερ-

235 3686 340 3759 μὴν
365 3688 561 3743 ἀκτῖνα
587 3687 816 3759 βάλλων,
837 3688 907 3742 τὰ
931 3690 1038 3744 ὑπὸ
1058 3690 1160 3761 γῆν
1187 3689 1542 3760 κρυπτόμενα
1566 3688 1822 3752 ζωοποιεῖ

235 3775 546 3849 σπέρματα,
571 3777 666 3832 τοῦ
693 3778 960 3850 προτέρου
988 3777 1358 3850 μεταϐαλόντα
1379 3780 1674 3850 σχήματος,
1700 3798 1820 3834 νεα-

238 3869 304 3944 ρὰ
331 3869 388 3922 δέ
407 3868 529 3939 φύει
549 3869 644 3923 καὶ
662 3869 906 3941 τέθηλεν,
937 3870 1142 3941 ὡραίαν
1171 3870 1264 3924 καὶ
1294 3871 1566 3942 πολυανθῆ
1593 3873 1690 3945 τὴν
1711 3872 1821 3927 τῶν

236 3963 362 4034 ἄρτι
391 3961 634 4033 φυέντων
665 3961 902 4034 βλάστην
937 3962 1318 4034 παρεχόμενα⁹
1362 3963 1506 4018 κατὰ
1532 3963 1623 4018 τὸν
1662 3963 1824 4018 αὑτὸν

233 4054 435 4127 τρόπον
464 4057 556 4108 καὶ
592 4056 626 4126 ἡ
653 4053 860 4119 ἔνδοξος
894 4054 988 4108 τοῦ
1018 4055 1358 4122 Μονογενοῦς
1387 4055 1483 4109 τοῦ
1516 4055 1652 4109 Θεοῦ
1699 4057 1826 4127 άφι-

242 4148 344 4216 ξις,
377 4149 553 4219 φωτὸς
587 4148 873 4217 ζωογόνοις
898 4147 1080 4212 ἀκτῖσι
1129 4149 1220 4203 τὸν
1258 4148 1374 4203 νέον
1417 4148 1590 4203 αἰῶνα
1623 4165 1829 4207 καταυ-

236 4239 474 4309 γάσασα,
505 4239 574 4292 τὰ
608 4237 1026 4310 ἀποκρυφθέντα
1057 4238 1226 4299 πάλαι
1245 4237 1385 4293 κατὰ
1406 4238 1498 4292 τὸν
1514 4238 1823 4310 ἔμπροσθεν

235 4333 429 4402 αἰῶνα,
466 4333 560 4387 καὶ
589 4347 646 4384 εν
674 4330 752 4402 τῷ
779 4331 942 4384 παντὶ
973 4330 1161 4402 κόσμῳ
1175 4330 1631 4385 διασκεδασθέντα
1658 4331 1829 4402 σπέρτ

242 4441 409 4499 ματα,
441 4424 687 4488 τουτέστι
724 4424 848 4486 τοὺς
889 4423 946 4475 ἐν
980 4423 1084 4492 γῆς
1113 4421 1328 4493 χώματι
1367 4422 1822 4494 κεκοιμημένους,

1919 1940 2203 2011 apostasiae
2248 1949 2487 2004 aetatem,
2526 1939 2581 1994 in
2619 1939 2730 1995 sole
2766 1940 3044 2012 stellisque
3073 1942 3250 2014 signa,
3282 1944 3336 1999 in
3369 1944 3503 2001 orbe

1916 2046 2222 2101 pressuram
2269 2031 2530 2102 gentium,
2578 2032 2848 2087 delectum
2903 2036 3250 2105 quietemque
3288 2036 3502 2092 sonitus

1915 2123 2214 2193 ﬂuctusque
2241 2123 2460 2178 marini.
2494 2123 2639 2189 llaec,
2681 2125 2878 2197 inquit,
2909 2127 3091 2182 omnia
3128 2143 3250 2182 cum
3282 2129 3399 2184 lteri
3422 2129 3505 2184 vi-

1917 2214 2128 2282 deritis,
2169 2221 2285 2270 tum
2333 2216 2549 2270 demum
2593 2216 2784 2272 adesse
2831 2218 2883 2272 in
2914 2218 3121 2273 foribus
3157 2235 3381 2290 regnum
3405 2221 3502 2278 Dei

1916 2306 2146 2374 scitote;
2195 2315 2249 2362 et
2279 2307 2496 2377 quidem
2539 2323 2569 2362 a
2607 2309 2769 2364 dictis
2802 2310 2962 2365 rebus
3000 2311 3155 2381 plane
3203 2313 3499 2370 diversum.

1917 2399 2010 2455 llla
2048 2400 2194 2455 enim
2247 2401 2550 2458 futurorum
2596 2403 2861 2472 bonorum
2911 2407 3130 2461 exordia
3179 2406 3402 2464 fuerunt
3445 2417 3503 2465 et

1919 2493 2159 2562 indicia;
2197 2494 2356 2550 sicuti
2395 2497 2566 2551 teneri
2617 2497 2757 2554 licus
2799 2500 2934 2553 rami
2985 2509 3040 2555 et
3074 2499 3222 2568 folia,
3261 2511 3502 2560 venturae

1919 2588 2128 2642 aestatis
2156 2587 2308 2659 signa
2335 2598 2483 2655 sunt,
2509 2599 2564 2644 et
2586 2601 2905 2644 caeterarum
2929 2590 3181 2648 arborum
3211 2594 3505 2649 seminum-

1919 2694 2024 2750 que
2050 2678 2288 2735 l'ructum
2313 2681 2660 2752 portendunt.
2693 2680 2882 2736 Futuri
2905 2692 3083 2738 autem
3108 2685 3314 2752 saeculi,
3340 2695 3505 2757 atque

1919 2768 1975 2824 in
2023 2784 2088 2826 eo
2129 2770 2494 2826 constituendi
2541 2771 2801 2829 caelorum
2852 2775 3004 2845 regni
3037 2777 3299 2845 prooemia
3341 2788 3504 2848 atque

1919 2861 2118 2919 indicia
2153 2863 2242 2918 illa
2281 2863 2523 2918 fuerunt.
2563 2864 2618 2919 id
2657 2879 2789 2921 vero
2818 2880 3071 2934 regnum,
3100 2867 3326 2938 ejusque
3363 2872 3507 2928 bona

1920 2951 2063 3009 haud
2098 2954 2211 3024 jam
2247 2970 2500 3012 sermone
2547 2956 2683 3012 tradi
2728 2967 2953 3027 qttettnt,
2992 2975 3168 3031 neque
3200 2963 3266 3018 ad
3303 2971 3512 3018 morta-

1920 3045 2051 3101 lium
2079 3062 2241 3103 aures
2269 3049 2578 3118 praedicari.
2622 3047 2988 3118 Quamobrem
3041 3056 3108 3110 de
3140 3055 3224 3110 his
3269 3055 3510 3111 reticen-

1922 3137 2047 3191 dum
2073 3147 2176 3193 est.
2211 3135 2395 3208 Neque
2419 3138 2558 3193 enim
2589 3138 2772 3193 oculus
2800 3140 2950 3208 vidit,
2983 3157 3144 3212 neque
3169 3143 3315 3196 auris
3344 3143 3508 3195 audi-

1925 3231 2017 3298 vit,
2061 3247 2222 3300 neque
2267 3231 2323 3284 in
2357 3248 2447 3285 cor
2487 3232 2713 3286 hominis
2752 3234 3010 3301 ascendit,
3041 3251 3159 3306 qua:
3187 3236 3509 3306 praeparavit

1927 3321 2066 3382 Deus
2090 3323 2423 3394 diligentibus
2445 3339 2561 3378 eum
2581 3324 2650 3377 "'.
2685 3321 3070 3381 Verumtamen
3099 3328 3257 3382 sicuti
3289 3327 3342 3381 in
3371 3343 3509 3398 prte-

1927 3413 2067 3470 seuti
2105 3428 2285 3469 rerum
2329 3423 2474 3469 statu
2506 3413 2586 3469 sol
2628 3423 2751 3484 post
2789 3415 3048 3470 hibernas
3100 3417 3506 3486 conversiones,

1928 3521 2056 3560 vere
2097 3506 2354 3573 instante,
2395 3505 2748 3561 calidioribus
2789 3505 2954 3561 radiis
2988 3507 3226 3573 emissis,
3282 3508 3511 3564 latentia

1925 3596 2026 3650 sub
2054 3595 2170 3650 solo
2199 3596 2408 3650 semina
2439 3595 2697 3659 viviﬁcat,
2729 3611 2849 3666 quae
2884 3596 3066 3664 priore
3102 3595 3276 3666 ﬁgura
3306 3597 3508 3666 posita,

1929 3684 2140 3740 novella
2175 3697 2510 3741 enascuntur
2560 3699 2626 3740 ac
2670 3684 2953 3754 pullulant,
3017 3685 3411 3757 pulchrumque
3454 3696 3512 3743 et

1928 3776 2176 3832 ﬂoridum
2234 3778 2472 3834 recentis
2524 3787 2734 3834 naturae
2784 3795 3004 3850 germen
3055 3780 3382 3846 ostendunt;
3431 3781 3510 3841 ita

1929 3870 2198 3939 gloriosus
2229 3868 2504 3940 Unigeniti
2533 3871 2797 3925 adventus
2841 3870 3036 3926 vivilici
3084 3871 3302 3928 luminis
3345 3872 3512 3984 gadiis

1931 3978 2133 4018 novum
2181 3962 2438 4019 saeculum
2490 3963 2793 4029 illustrans,
2819 3964 3028 4019 occulta
3076 3965 3204 4022 olim
3243 3962 3424 4037 prio're
3455 3967 3512 4023 in

1933 4055 2132 4111 saeculo
2163 4065 2326 4126 atque
2351 4056 2484 4112 orbe
2513 4057 2767 4111 universo
2801 4057 3042 4128 dispersa
3077 4059 3307 4124 semina,
3341 4059 3392 4114 id
3429 4069 3513 4115 est

1935 4147 2184 4204 homines
2229 4148 2284 4204 in
2338 4157 2500 4204 terra:
2563 4146 2826 4221 sepulcris
2873 4153 3140 4217 conditos,
3197 4151 3516 4208 melioribus

1931 4255 2093 4310 quam
2123 4249 2282 4294 antea
2323 4242 2644 4311 corporibus
2677 4241 2958 4313 formaque
2987 4241 3300 4314 augustiore
3339 4243 3513 4297 dona-

1933 4344 2038 4398 tos,
2082 4335 2137 4388 in
2183 4333 2356 4388 lucem
2385 4335 2593 4389 emittet
2627 4353 2642 4389 :
2681 4336 2944 4406 pulsaque
2993 4345 3188 4402 morte,
3215 4334 3329 4406 ipsa
3359 4335 3515 4390 dein-

1933 4438 2061 4491 ceps
2086 4423 2193 4476 vita
2224 4424 2348 4478 novi
2371 4425 2550 4478 sazculi
2577 4424 2861 4492 imperium
2892 4425 3115 4479 tenebit.

241 4495 514 4591 κρείττοσι
551 4517 797 4589 σώμασιν
830 4518 863 4590 ἦ
903 4517 1042 4572 κατὰ
1070 4518 1137 4574 τὰ
1166 4519 1430 4590 πρότερον
1470 4518 1739 4590 θειότερόν
1771 4536 1830 4572 τε
1881 4519 2480 4591 μετεσχηματισμένοις
2534 4519 2616 4583 εἰς
2649 4518 2765 4590 φῶς
2799 4495 3056 4592 προάξειο
3097 4520 3191 4573 καὶ
3233 4519 3329 4572 τοῦ
3360 4519 3516 4575 θανά-

240 4630 336 4668 του
381 4612 840 4685 καταργηθέντος,
896 4614 1036 4684 αὑτὴ
1074 4613 1262 4668 λοιπὸν
1298 4616 1331 4685 ὴ
1375 4613 1490 4688 ζωὴ
1521 4615 1826 4686 βασιλεύσει
1862 4615 1958 4669 τοῦ
1994 4615 2114 4670 νέου
2145 4616 2359 4679 αἰῶνος.

538 4710 620 4764 Οὐ
645 4707 731 4779 μὴ
766 4708 1033 4782 παρέλθῃ
1060 4710 1098 4779 ή
1135 4711 1310 4778 γενεὰ
1346 4710 1520 4780 αὕτη.

315 4799 453 4854 Ποία
481 4800 644 4871 γενεὰ
682 4800 796 4855 ἀλλ’
832 4801 864 4874 ἡ
922 4800 1082 4874 καινὴ
1124 4801 1220 4856 καὶ¹
1260 4801 1383 4867 νέα,
1411 4802 1480 4874 ἦν
1511 4804 1673 4868 αὐτὸς
1704 4821 1831 4858 συν-

243 4894 537 4964 εστήσατο;
567 4892 697 4966 περὶ
716 4887 782 4966 ἧς
811 4896 868 4946 ἐν
897 4895 1256 4966 προφητείαις
1289 4895 1472 4968 εἴρητο
1491 4913 1505 4926 '
1539 4897 1832 4966 Γραφήτω

244 4985 394 5052 αὕτη
429 4984 536 5056 (74)
554 4988 642 5053 εὶς
669 4985 882 5056 γενεὰν
898 4986 1129 5055 ἑτέραν,
1145 4988 1244 5041 καὶ
1270 4987 1421 5053 λαὸς
1437 4991 1470 5042 ό
1492 4987 1831 5058 κτιζόμενος

244 5079 475 5138 αἰνέσει
501 5082 609 5136 τὸν
647 5082 897 5151 Κύριονθ
944 5083 1038 5137 καὶ
1079 5081 1243 5135 πάλιν
1264 5097 1276 5112 ·
1333 5079 1836 5151 Ἀναγγελήσεται

243 5171 328 5238 τῷ
349 5173 545 5241 Κυρίῳ
572 5172 749 5243 γενεὰ
772 5173 810 5242 ἢ
838 5171 1154 5243 ἐρχομένη.
1189 5173 1390 5245 Διόπερ
1429 5171 1714 5236 δεικτικῶς
1757 5173 1837 5236 είς

245 5264 373 5327 τοὺς
403 5263 736 5328 ἀποστόλους
764 5262 950 5330 αὑτοῦ,
974 5263 1067 5317 καὶ
1089 5263 1189 5333 τὴν
1221 5263 1280 5330 ἐξ
1304 5261 1484 5316 αὐτῶν
1506 5261 1603 5328 καὶ
1633 5262 1699 5315 δι’
1729 5262 1831 5318 αὐ-

243 5355 356 5411 τῶν
385 5357 506 5410 καθ’
539 5357 667 5428 ὅλης
693 5359 792 5432 τῆς
823 5356 1145 5428 οἰκουμένης
1189 5354 1597 5427 συστησομένην
1641 5353 1834 5426 καινὴν

244 5448 440 5519 γενεὰν
465 5449 566 5520 τῆς
595 5433 759 5518 ἁγίας
794 5448 1118 5520 Ἐκκλησίας
1145 5448 1308 5501 αὑτοῦ
1333 5447 1576 5522 ἀφορῶν,
1606 5446 1790 5516 ἔλεγεν
1812 5465 1825 5479 '

256 5543 341 5596 Οὐ
361 5542 448 5612 μὴ
483 5542 754 5613 παρέλθῃ
793 5542 830 5610 ἡ
865 5541 1041 5613 γενεὰ
1063 5541 1238 5610 αὕτη,
1266 5541 1378 5608 ἕως
1399 5541 1476 5596 ἂν
1509 5539 1705 5595 πάντα
1744 5541 1835 5612 γέ-

2207 4712 2252 4743 ⁷³
2273 4712 2396 4767 Non
2425 4714 2709 4781 praeteribit
2736 4711 3001 4782 generatio
3034 4710 3165 4764 lucc.

2008 4803 2268 4873 Quaenam
2326 4815 2411 4860 est
2469 4806 2585 4862 haec
2637 4805 2939 4876 generatio,
2987 4804 3089 4859 nisi
3124 4817 3262 4857 nova
3306 4802 3392 4858 illa
3429 4818 3518 4858 re-

1932 4915 2167 4972 censque
2223 4902 2290 4954 ab
2324 4913 2388 4953 eo
2421 4899 2750 4955 constituta?
2783 4898 2848 4954 de
2887 4913 2990 4968 qua
3035 4896 3087 4950 in
3122 4895 3395 4950 vaticiniis
3435 4895 3518 4950 di-

1937 5001 2084 5046 ctum
2118 4998 2203 5046 est
2234 5008 2248 5044 :
2283 4989 2562 5046 Scribatur
2595 4990 2707 5050 lta'c
2750 4991 2803 5043 in
2849 4989 3184 5059 generatione
3234 4987 3423 5051 altera,
3468 4997 3518 5042 et

1935 5082 2159 5152 papulas
2213 5084 2302 5154 qui
2347 5094 2557 5137 creatur
2595 5081 2832 5136 laudabit
2867 5079 3248 5149 Dominum";
3295 5094 3519 5135 rursus-

1937 5190 2043 5245 que
2073 5193 2087 5229 :
2115 5174 2534 5236 Annuntiabitur
2557 5173 2778 5227 Domino
2803 5173 3068 5243 generatio
3089 5173 3388 5227 ventura”.
3416 5171 3521 5226 lta-

1941 5283 2047 5338 que
2071 5268 2353 5324 evidentcr
2381 5269 2449 5323 ad
2472 5282 2598 5323 suos
2625 5266 2898 5337 apostolos
2926 5274 3089 5335 atque
3114 5265 3180 5320 ad
3215 5264 3520 5320 institutam

1939 5374 2004 5414 ex
2035 5360 2168 5429 ipsis
2199 5368 2254 5416 et
2284 5374 2382 5430 per
2405 5358 2554 5430 ipsos
2573 5359 2635 5414 in
2659 5359 2791 5415 orbe
2815 5358 3069 5413 universo
3092 5371 3286 5412 novam
3319 5365 3522 5411 sancta:

1940 5451 2195 5520 Ecclesia:
2247 5451 2650 5523 generationem
2689 5451 2937 5507 Christus
2971 5448 3265 5518 respiciens
3299 5447 3518 5504 aiebat:

1945 5543 2067 5597 Non
2109 5545 2396 5626 prayeribit
2439 5546 2706 5614 generatio
2743 5547 2877 5612 Ittec,
2918 5543 3081 5598 donec
3133 5541 3313 5596 omnia
3358 5539 3515 5618 ﬁant.

323 5705 363 5736 "
395 5703 525 5778 [Δις.
562 5719 678 5769 XXI,
724 5702 915 5760 29-51.
989 5703 1035 5735 ἠ
1065 5702 1082 5757 1
1109 5703 1237 5758 Cor.
1269 5718 1332 5765 ιι,
1370 5703 1424 5758 9.
1499 5704 1545 5735 ⁷³
1578 5703 1707 5760 Luc.
1749 5719 1817 5758 xx

1929 5703 1997 5759 52.
2075 5706 2268 5761 "Psal.
2313 5721 2388 5772 Cl,
2436 5705 2520 5761 19.
2597 5706 2642 5738 ⁷⁸
2674 5705 2815 5761 Psal.
2852 5722 2959 5770 xm,
3003 5703 3094 5758 32.

329 5795 442 5865 (7t)
472 5793 719 5865 Videtur,
750 5796 854 5854 nisi
881 5796 1057 5868 fallor,
1115 5795 1381 5854 Eusebius
1420 5795 1563 5854 baud
1631 5797 1950 5854 neutraliter
2002 5798 2140 5872 αῦτη
2203 5799 2523 5873 intelligere,
2557 5809 2614 5856 ut
2650 5800 2765 5869 alii,
2796 5799 2888 5859 sed
2919 5798 2984 5856 de
3012 5797 3125 5871 ipsa
3156 5792 3513 5868 generatione

244 5881 352 5946 seu
375 5878 551 5925 actate.
