4000 6398
453 357 566 414 6,θῆ

1134 349 1408 409 EUSEBH
1447 335 1932 406 CESARIENSIS
1971 347 2122 404 OPP.
2163 345 2348 402 PARS
2385 343 2485 402 lll.’
2511 373 2580 386 --
2619 343 3027 402 EXEGETICA.

3615 347 3723 404 60$

455 476 770 534 Mansurum
799 475 996 546 quippe
1027 488 1092 528 ac
1121 473 1443 528 duraturum
1475 470 1732 540 populum
1765 486 1922 526 suum
1947 470 2036 526 Ec-

2147 483 2339 534 νηται.
2363 467 2652 536 Διαμενεῖν
2684 463 2792 536 γάρ
2837 480 2970 534 φησι
3021 463 3114 518 καὶ
3151 461 3456 542 διαρκέσειν
3481 461 3568 516 τὸν
3593 464 3722 518 λαὸν

451 569 786 639 clesiamque
818 576 1040 622 eatenus
1075 565 1226 630 dicit,
1261 563 1440 634 quoad
1471 555 1584 634 ipsa
1623 563 1903 632 generatio
1939 579 2031 618 su-

453 671 667 730 perstes
696 659 872 712 adhuc
901 658 1080 711 omnia
1105 656 1373 724 inspiciat,
1404 670 1467 710 ac
1489 656 1898 723 praedictionum
1935 655 2031 710 do-

456 751 650 806 minica
663 767 778 804 rum
805 759 1055 804 eventum
1080 747 1250 800 oculis
1287 747 1701 816 centempletur.

634 841 684 875 "
702 839 891 896 Cavete
920 857 982 895 ne
1020 841 1154 924 forte
1179 849 1463 961 graventur
1486 839 1646 894 corda
1686 850 1855 894 uestra

1069 927 1124 961 ιη
1146 927 1307 961 cranu
1336 927 1388 961 α.

1069 927 1124 964 m
1146 927 1388 976 crapum.

527 999 830 1070 Discipulos
860 1000 1114 1053 admonet
1147 1007 1204 1050 ut
1227 997 1456 1066 prompti
1490 997 1598 1052 sint
1625 1005 1788 1066 atque
1817 996 1882 1049 ad
1917 995 2033 1066 ejus

455 1094 745 1148 adventum
783 1092 1162 1161 excipiendum
1217 1090 1391 1158 parati
1443 1103 1460 1143 :
1511 1087 1664 1158 cujus
1723 1104 1915 1158 nempe
1951 1089 2032 1144 rei

455 1183 629 1254 gl‘atia
682 1191 904 1238 cunctos
958 1181 1250 1251 magisterii
1301 1181 1384 1235 sui
1423 1195 1703 1236 sermones
1758 1177 2029 1236 faciebat:

456 1272 780 1343 sobriasque
814 1287 878 1326 ac
901 1273 1092 1342 vigiles
1133 1285 1254 1325 esse
1294 1270 1471 1338 jubet.
1515 1281 1570 1324 et
1618 1279 1788 1324 totam
1827 1281 2031 1324 morta-

457 1363 526 1418 lis
566 1361 692 1417 vita:
740 1375 951 1418 noctem
993 1363 1271 1416 insomnes
1327 1363 1627 1430 transigere
1677 1379 1692 1415 :
1753 1371 2034 1430 propterea

455 1457 600 1524 quod
649 1453 1131 1508 consummationis
1182 1462 1392 1522 tempus
1441 1451 1642 1506 nemini
1679 1451 1748 1506 sit
1787 1452 2036 1521 explora-

461 1555 596 1600 tum.
627 1575 700 1586 —
731 1545 999 1607 Cavenda.
1038 1543 1230 1612 inquit,
1264 1543 1416 1598 vobis
1450 1553 1535 1598 est
1579 1543 1811 1613 crapulm
1845 1558 2036 1612 grave-

459 1639 548 1700 do,
591 1649 649 1692 ut
673 1637 896 1708 vigilare
931 1638 1185 1707 possitis;
1223 1650 1289 1690 ne
1323 1635 1539 1704 inopina
1575 1650 1668 1690 vos
1697 1636 1917 1690 invadat
1944 1636 2033 1690 illa

457 1731 574 1788 dies
600 1747 613 1783 :
643 1731 796 1800 cujus
834 1744 997 1783 causa
1031 1743 1186 1784 sacer
1217 1729 1382 1783 etiam
1399 1727 1688 1798 Apostolus
1719 1727 2037 1782 hortabatur

2135 559 2300 613 αὐτοῦ
2334 559 2427 612 καὶ
2453 558 2552 628 τὴν
2595 555 2924 626 Ἐκκλησίαν
2957 558 3038 619 εἰς
3069 557 3244 608 ἐκεῖνο
3287 555 3480 626 καιροῦ
3509 557 3588 619 εἰς
3625 557 3716 609 ὅτε

2133 651 2494 722 αὑτοπτήσειε
2523 647 2722 712 πάντα,
2749 647 2964 712 καὶτὰς
2990 645 3243 710 ἐκϐάσεις
3264 647 3371 700 τῶν
3399 646 3494 700 τοῦ
3537 647 3722 719 Σωτῆ-

2135 760 2228 814 ρος
2259 741 2614 812 προρρήσεων
2641 737 2937 810 ὀφθαλμοῖς
2971 737 3294 810 παράλαϐοι.

2132 833 2468 903 Προσέχετε
2511 831 2747 903 ἑαυτοῖς
2773 831 3006 900 μήποτε
3040 830 3432 903 βαρυνθῶσιν
3459 832 3623 901 ὑμῶν
3657 835 3720 888 αἱ

2593 901 2830 970 καρδίαι
2855 903 2924 954 ἐν
2945 902 3278 972 κραιπάλῃ..

2203 994 2472 1066 Διεγείρει
2502 994 2629 1056 τοὺς
2661 991 2909 1064 μαθητὰς
2940 991 3036 1048 ἐπὶ
3091 992 3152 1045 τὸ
3201 993 3430 1068 πάντοτε
3478 994 3724 1066 ἑτοίμους

2135 1081 2274 1140 εἶναι
2303 1083 2892 1156 παρασκευαζομένους
2927 1085 3006 1149 εἰς
3047 1085 3145 1154 τὴν
3193 1084 3363 1141 αὐτοῦ,
3395 1089 3720 1157 παρουσίαν,

2135 1179 2219 1247 ἐφ’
2244 1179 2312 1247 ἣν
2332 1177 2492 1240 αὐτὸς
2531 1178 2680 1248 ἡμᾶς
2725 1175 3026 1248 παρορμῶν
3062 1177 3196 1240 τοὺς
3224 1177 3429 1241 πάντας
3455 1178 3724 1249 τῆςοδιδα-

2138 1270 2366 1333 σκαλίας
2398 1273 2634 1322 ἐποιεῖτο
2663 1267 2856 1336 λόγους
2875 1285 2888 1298 ·
2936 1269 3126 1338 νήφειν
3154 1284 3216 1321 τε
3239 1269 3334 1322 καὶ
3363 1270 3724 1340 ἐγρηγορέναι

2138 1363 2594 1435 παρακελεύεται,
2654 1362 2748 1415 καὶ¹
2780 1363 3080 1432 ἀγρυπνεῖν
3133 1360 3222 1415 διὰ
3273 1361 3452 1432 πάσης
3495 1365 3591 1434 τῆς
3621 1363 3724 1418 τθῧ

2137 1457 2332 1526 θνητοῦ
2369 1455 2484 1526 βίου
2517 1453 2729 1517 νυκτὸς,
2756 1453 2843 1506 διὰ
2871 1453 2931 1506 τὸ
2965 1452 3153 1525 μηδενὶ
3181 1452 3454 1525 γνώριμον
3486 1455 3727 1509 comm:-

2140 1547 2230 1618 ρὸν
2256 1547 2358 1616 τῆς
2385 1545 2690 1610 συντελείας
2717 1545 3000 1616 ὑπάρχειν.
3034 1571 3102 1584 —-
3131 1544 3270 1597 Ἀλλ’
3303 1545 3430 1616 ὑμῖν
3458 1562 3542 1614 γε,
3565 1548 3720 1617 φησι,

2141 1639 2442 1709 φυλακτέον
2479 1640 2540 1692 τὸ
2568 1637 2817 1692 ἐντεῦθεν
2851 1638 3035 1708 βάρος,
3063 1637 3151 1690 ἴνα
3180 1637 3482 1708 δυνήσησθε
3513 1638 3722 1714 νήφειν,

2144 1732 2353 1802 μήποτε
2387 1733 2578 1800 ἐπιστῇ
2618 1729 2884 1798 αἰφνίδιος
2916 1729 3001 1796 ἐφ’
3050 1729 3196 1797 ὑμᾶς
3223 1729 3258 1800 ἠ
3279 1729 3472 1800 ἡμέρα
3501 1729 3681 1801 ὲκεξνη
3705 1748 3721 1761 ·

457 1821 702 1876 scribens
743 1836 762 1874 :
799 1819 1042 1886 Fratres,
1082 1819 1247 1889 probe
1266 1819 1437 1882 scitis,
1477 1819 1618 1874 diem
1648 1818 1882 1878 Domini,
1917 1829 2036 1872 tan-

2147 1823 2267 1894 περὶ
2305 1817 2373 1894 ἦς
2429 1822 2522 1874 καὶ
2562 1822 2590 1872 ό
2625 1820 2767 1890 ἱερὸς
2805 1817 3128 1882 Ἀπόστολος
3183 1819 3416 1890 παρῄνει
3467 1819 3724 1890 γράφωνο

458 1927 622 1981 quam
651 1910 822 1966 furem
843 1913 894 1966 in
917 1919 1091 1976 nocte,
1111 1919 1396 1966 venturam
1411 1913 1480 1965 ".
1499 1911 1632 1966 Cum
1659 1926 1786 1966 vero
1799 1911 2034 1967 dixerint

457 2017 564 2073 pax
613 2012 669 2058 et
722 2005 1010 2072 securitas,
1053 2015 1180 2058 tunc
1207 2004 1520 2075 repentinus
1559 2004 1638 2060 eis
1692 2006 2035 2073 superveniet

458 2097 734 2152 interitus.
780 2095 890 2151 Vos
921 2105 1101 2152 autem
1141 2097 1280 2151 haud
1330 2097 1624 2152 versamini
1673 2098 1726 2152 in
1771 2097 2032 2166 tenebris,

459 2186 540 2240 ita
558 2193 614 2238 ut
643 2201 737 2241 vos
768 2188 882 2240 dies
907 2185 996 2239 illa
1032 2195 1288 2255 tanquam
1317 2185 1408 2240 fur
1431 2189 1892 2258 comprehendat:
1919 2205 2036 2242 om-

457 2292 559 2334 nes
589 2279 732 2332 enim
771 2294 866 2333 vos
902 2277 993 2333 ﬁlii
1023 2279 1158 2334 lucis
1178 2279 1332 2344 estis,
1359 2277 1560 2350 filiique
1581 2279 1770 2335 dei"‘.
1803 2280 2036 2351 Vigilan-

457 2371 586 2427 dum
622 2381 705 2426 est
743 2372 904 2443 igitur
940 2387 1046 2427 non
1082 2372 1254 2428 solum
1291 2373 1361 2428 ob
1393 2374 1631 2428 subitum
1673 2384 1836 2446 atque
1882 2377 2034 2430 inex-

459 2475 760 2534 spectatum
799 2465 1010 2520 Domini
1045 2467 1359 2533 adventum,
1389 2481 1575 2521 verum
1616 2468 1780 2523 etiam
1817 2477 2038 2538 prapter

457 2556 598 2613 furis
631 2557 873 2613 insidias.
911 2557 1018 2613 Fur
1064 2569 1240 2614 autem
1281 2559 1412 2612 hora
1459 2559 1722 2629 cujusque
1753 2560 2039 2614 morte-alis

459 2651 800 2722 intelligitur,
837 2653 920 2707 vel
952 2653 1113 2706 etiam
1149 2653 1240 2708 ille
1263 2654 1355 2725 qui
1395 2653 1658 2724 cujusque
1679 2655 1915 2708 animam
1939 2669 2035 2709 ex-

458 2756 719 2814 cepturus
772 2754 858 2800 est
895 2745 1138 2815 angelus.
1195 2745 1332 2800 Tum
1395 2747 1486 2814 qtti
1539 2745 1642 2800 sibi
1686 2748 2036 2814 attenderint,

461 2845 720 2906 tanquam
751 2849 945 2905 caprea
975 2837 1225 2906 laqueum
1255 2837 1527 2903 vitabunt,
1553 2837 1633 2891 vel
1665 2848 1724 2892 ut
1751 2839 1867 2894 avis
1893 2839 2040 2895 deci-

459 2929 645 3000 pulam
697 2946 712 2983 :
769 2929 860 2998 qui
917 2943 1042 2982 vero
1087 2928 1308 2998 crapula
1355 2930 1563 3000 gravati
1629 2929 1827 2986 fuerint
1876 2943 2042 3003 atque

462 3023 518 3076 in
557 3031 786 3076 mortem
824 3019 1110 3092 consopiti,
1148 3022 1202 3075 in
1237 3021 1540 3093 periculum
1581 3022 1864 3094 inopinum
1908 3025 2054 3082 inci-

463 3111 614 3168 dent.

568 3380 615 3412 "
656 3381 878 3452 Vigilate
904 3383 1078 3453 itaque
1107 3383 1248 3438 omni
1283 3391 1510 3454 tempore
1537 3396 1765 3451 orantes,
1798 3397 1903 3444 ete.

536 3471 632 3528 llls
657 3489 966 3528 consonans
991 3473 1280 3543 Apostolus
1311 3473 1490 3530 aiebat
1521 3493 1534 3528 :
1569 3475 1858 3545 Propterea
1892 3479 2040 3532 acci-

461 3564 570 3630 pite
596 3575 924 3619 armaturam
949 3565 1068 3631 Dei,
1095 3577 1150 3619 ut
1167 3567 1379 3634 possitis
1413 3571 1652 3621 resistere
1681 3569 1740 3622 in
1759 3571 1843 3623 die
1875 3571 2035 3634 malo,

463 3669 510 3712 et
531 3658 592 3711 in
612 3659 852 3712 omnibus
872 3659 1088 3726 perfecti
1116 3671 1274 3714 stare.
1295 3659 1444 3715 State
1461 3676 1585 3731 ergo
1615 3662 1874 3716 succincti
1905 3662 2044 3717 lum-

465 3748 557 3804 bos
581 3760 774 3805 vestros
800 3750 854 3804 in
880 3753 1096 3806 veritate
1112 3752 1183 3806 ".

2153 1915 2428 1983 Ἀδελφοὶ,
2467 1913 2643 1966 οἴδατε
2693 1912 2957 1984 ἀκριϐῶς,
2989 1913 3069 1965 ὅτι
3099 1915 3131 1983 ὴ
3178 1911 3360 1983 ἡμέρα
3387 1912 3612 1982 Κυρίου,
3647 1913 3728 1976 ὡς

2141 2006 2381 2078 κλέπτης
2429 2007 2487 2059 ἐν
2523 2005 2701 2067 νυκτὶ,
2740 2003 2914 2069 οὕτως
2955 2005 3192 2076 ἔρχεται.
3223 2004 3395 2057 Ὅταν
3421 2003 3478 2056 δὲ
3499 2004 3730 2058 εἴπωσιν

2141 2097 2327 2169 εἰρήνη
2355 2097 2450 2150 καὶ
2481 2096 2770 2165 ἀσφάλεια,
2805 2095 2927 2148 τότε
2950 2094 3208 2164 αἰφνίδιος
3232 2094 3412 2158 αὐτοῖς
3443 2095 3729 2164 ἐφίσταται

2140 2186 2378 2258 ὄλεθρος.
2423 2185 2611 2256 Ὑμεῖς
2639 2185 2694 2238 δὲ
2734 2185 2833 2237 ούκ
2859 2185 2980 2237 ἐστὲ
3033 2185 3092 2236 ἐν
3145 2184 3345 2248 σκότει,
3383 2183 3468 2236 ἵνα
3499 2183 3642 2251 ὑμᾶς
3692 2185 3726 2252 ἡ

2142 2277 2326 2350 ἡμέρα
2353 2278 2428 2342 ὡς
2456 2277 2694 2348 κλέπτης
2720 2275 3002 2349 καταλάϐῃ
3019 2293 3032 2305 ο
3068 2276 3265 2338 πάντες
3297 2275 3406 2346 γὰρ
3435 2275 3594 2344 ὑμεῖς
3620 2275 3733 2328 υἱοὶ

2143 2372 2320 2442 φωτός
2354 2373 2476 2424 ἐστε
2511 2372 2604 2424 καὶ
2637 2371 2744 2423 υἱοὶ
2777 2370 3010 2442 ἡμέρας.
3045 2371 3422 2441 Γρηγορητέον
3455 2365 3546 2423 οὖν
3595 2371 3733 2440 ἡμῖν

2143 2461 2202 2515 ού
2240 2461 2398 2532 μόνον
2425 2460 2514 2514 διὰ
2544 2459 2642 2532 τὴν
2671 2459 2875 2531 ἀθρόαν
2933 2461 3032 2512 καὶ
3063 2461 3466 2532 ἀπροσδόκητον
3493 2461 3586 2514 τοῦ
3629 2463 3732 2514 Δο-

2147 2555 2342 2608 σπότου
2375 2553 2579 2624 ἄφιξιν,
2633 2553 2768 2606 ἀλλὰ
2805 2554 2898 2607 καὶ
2929 2553 3022 2607 διὰ·
3068 2553 3161 2606 τὸν
3205 2553 3442 2624 κλέπτην
3469 2556 3564 2608 τδν
3605 2559 3734 2626 ἐφε-

2143 2646 2421 2719 δρεύοντα.
2458 2648 2516 2700 Ὀ
2541 2645 2597 2698 δὲ
2645 2646 2884 2715 κλέπτης
2919 2647 3068 2699 ἐστὶν
3091 2647 3120 2699 ὁ
3154 2645 3344 2717 καιρδς
3369 2646 3470 2717 τῆς
3497 2648 3732 2702 ἑκάστου

2144 2735 2404 2806 τελευτῆς
2423 2753 2435 2766 ·
2473 2735 2506 2807 ἦ
2535 2737 2630 2788 καὶ
2657 2737 2684 2788 ὁ
2719 2735 2936 2805 μέλλων
2953 2734 3050 2806 τὴν
3087 2735 3316 2788 ἑκάστου
3349 2734 3526 2807 ψυχὴν
3551 2753 3736 2808 παρα-

2146 2830 2445 2901 λαμϐάνειν
2507 2828 2759 2898 ἄγγελος.
2809 2829 2897 2892 Ὠς
2947 2827 3118 2896 παγὶς
3156 2827 3265 2900 γὰρ
3395 2827 3489 2881 τοῦ
3522 2829 3734 2901 Κυρίου

2148 2923 2426 2995 παρουσία
2457 2921 2810 2975 ἐπελεύσεται
2839 2921 2932 2973 ἐπὶ
2981 2919 3336 2983 πάνταςιτοὺς
3361 2921 3419 2974 ὲν
3455 2922 3520 2992 τῇ
3548 2923 3617 2990 γῇ
3637 2937 3652 2950 ·
3681 2921 3734 2974 οι

2152 3015 2248 3085 μὲν
2270 3009 2362 3068 οὖν
2397 3014 2758 3086 προσέχοντες
2785 3014 2996 3075 ἑαυτοῖς
3026 3009 3306 3076 σώζονται,
3329 3010 3516 3082 ὥσπερ
3535 3011 3736 3081 δορκέις

2151 3107 2216 3159 ὲκ
2243 3085 2474 3177 βρόχων,
2503 3107 2596 3158 καὶ
2628 3103 2816 3176 ὥσπερ
2847 3104 3034 3176 ὄρνεον
3069 3105 3133 3156 ὲκ
3169 3103 3414 3171 παγίδοςο
3464 3105 3511 3156 οἱ
3563 3103 3618 3155 δὲ
3665 3107 3738 3174 τῇ·

2069 3183 2110 3238 C
2149 3199 2288 3272 μέθῃ
2316 3197 2698 3270 βεϐαρημένοι,
2726 3196 2820 3250 καὶ
2850 3197 2929 3258 εἰς
2957 3195 3187 3248 θάνατον
3213 3192 3604 3257 ὑπνώττοντες,
3635 3196 3736 3246 ἑκ·-

2141 3290 2429 3345 πίπτουσιν
2453 3293 2534 3354 είς
2557 3289 2818 3361 ἀδόκητον
2849 3288 3112 3343 κίνδυνον.

2153 3381 2530 3453 Ἀτρυπνεῖτε
2553 3379 2669 3437 οὖν
2689 3383 2760 3435 ἐν
2787 3382 2966 3435 παντί
2984 3379 3167 3450 καιρῷ
3193 3381 3482 3450 δεόμενοι,
3515 3395 3569 3433 κ.
3597 3397 3650 3432 τ.
3683 3378 3738 3434 λ.

2216 3475 2442 3541 Τούτοις
2470 3474 2712 3546 συνᾴδων
2743 3476 2772 3528 ό
2811 3474 3136 3536 Ἀπόστολος
3170 3473 3322 3541 ἔλεγε
3347 3491 3363 3504 ·
3413 3471 3517 3525 Διὰ
3555 3469 3741 3524 τοῦτο

2142 3567 2472 3625 ἀναλάϐετε
2488 3567 2601 3636 τὴν
2622 3567 2970 3621 πανοπλίαν
2989 3565 3094 3619 τοῦ
3115 3565 3284 3629 Θεοῦ,
3311 3565 3412 3618 ἵνα
3431 3561 3742 3630 δυνηθῆτε

2145 3659 2504 3728 ἀντιστῆναι
2542 3657 2612 3712 ἐν
2641 3656 2717 3725 τῇ
2741 3657 2933 3725 ἡμέρᾳ
2965 3656 3040 3726 τῇ
3073 3653 3326 3723 πονηρᾷ,
3371 3655 3468 3708 καί
3499 3654 3758 3708 ἅπαντα

2145 3750 2649 3821 κατεργασάμενοι
2678 3748 2918 3819 στῆναι.
2961 3747 3148 3818 Στῆτε
3180 3743 3294 3803 οὖν
3335 3745 3744 3815 περιζωσάμε-

2146 3861 2241 3899 νοι
2263 3844 2379 3912 τὴν
2401 3843 2604 3912 ὀσφὺν
2631 3841 2799 3912 ὑμῶν
2835 3843 2906 3896 ἐν
2935 3842 3208 3910 ἀληθείᾳ.

641 3929 688 3962 ³⁸
707 3928 774 3984 Ut
801 3931 1123 3986 manducetis
1151 3940 1198 3985 et
1221 3931 1410 3986 bibatis
1451 3933 1508 3987 in
1528 3948 1706 3986 mensa
1733 3948 1868 3988 mea.

2149 3939 2274 3992 Ἵνα
2302 3937 2544 4004 ἐσθίητε
2593 3935 2693 3990 καὶ
2728 3937 2942 4004 πίνητε
2983 3935 3079 3988 ἐπὶ
3114 3933 3544 4002 τῆς-τραπέζης
3590 3949 3740 4002 μου.

535 4021 820 4092 Signiﬁcat
841 4023 1050 4092 plenam
1079 4025 1338 4078 bonorum
1362 4039 1626 4088 mensam,
1645 4023 1797 4092 cujus
1823 4025 2036 4092 partici-

2223 4029 2492 4082 Τοιούτων
2527 4027 2681 4082 ἔσται
2729 4027 2943 4098 πλήρης
2994 4025 3214 4095 ἀγαθῶν
3253 4025 3525 4098 τράπεζα,
3551 4021 3619 4098 ἦς
3641 4044 3746 4097 με-

465 4131 562 4188 pes
597 4125 757 4170 erunt
786 4115 820 4167 ii
848 4115 1167 4184 quibuscum
1209 4117 1387 4172 fmdus
1435 4117 1552 4180 icit,
1586 4127 1873 4184 propterea
1903 4119 2036 4186 quod

2149 4121 2480 4192 ταλήψονται
2513 4115 2597 4186 οἷς
2633 4121 2733 4193 τὴν
2756 4120 3032 4193 Διαθὴκην
3057 4119 3262 4174 διέθετο
3288 4119 3376 4172 διὰ
3399 4119 3462 4172 τδ
3495 4135 3748 4191 μεμενη-

465 4222 651 4264 secum
677 4207 1076 4278 permanserint
1107 4209 1158 4261 iu
1195 4209 1602 4263 tentationibus.
1635 4209 1710 4262 Ex
1737 4207 1854 4276 ejus
1883 4209 2036 4278 igitur

2149 4213 2303 4268 κέναι
2339 4215 2456 4286 μετ’
2497 4213 2665 4268 αὐτοῦ
2722 4216 2780 4268 ἐν
2811 4217 2926 4278 τοῖς
2959 4215 3288 4285 πειρασμοῖς
3311 4230 3324 4245 ι
3372 4213 3460 4266 ἵνα
3513 4211 3754 4264 ἐσθίωσι-

470 4314 657 4354 mensa
689 4299 1088 4354 manducabunt
1121 4309 1176 4354 et
1211 4301 1390 4354 bibent
1419 4318 1434 4365 ;
1481 4315 1619 4369 pane
1654 4301 1906 4356 videlicet
1934 4315 2036 4356 (ms

2153 4305 2247 4360 ml.
2281 4307 2478 4360 πίωσιν
2511 4307 2603 4359 ἐπὶ
2655 4309 2754 4376 τῆς
2777 4305 3064 4377 τραπέζης·
3090 4304 3468 4384 αὐτοῦχᾶρτῳ
3503 4306 3602 4376 μὲν
3639 4305 3744 4358 οὐ·

467 4390 590 4446 lesti
629 4391 930 4445 animarum
976 4392 1244 4446 nutritore
1285 4395 1463 4461 pasti;
1503 4393 1721 4463 polique
1772 4392 1896 4447 vino
1923 4394 2036 4448 novi

2154 4398 2324 4470 ρανίῳ
2345 4398 2532 4470 ψυχῶν
2568 4397 3081 4470 ἁγίωνοθρεπτικῶς
3116 4397 3544 4470 τραφησόμενοι,
3589 4397 3764 4450 οἴνου

467 4483 728 4557 germinis
759 4485 882 4540 vitis
915 4501 1057 4542 verae
1108 4503 1122 4540 :
1179 4489 1498 4558 propinante
1537 4489 1651 4556 ipso
1681 4487 2036 4557 agricolarum

2151 4491 2209 4544 δὲ
2263 4491 2358 4544 τοῦ
2411 4492 2596 4545 καινοῦ
2649 4493 2987 4563 γεννήματος
3021 4491 3121 4561 τῆς
3177 4489 3441 4561 ἀληθινῆς
3485 4489 3746 4561 ἀμπέλου

467 4578 709 4633 omnium
740 4577 867 4642 Deo,
897 4578 988 4648 qui
1027 4581 1294 4636 novellum
1331 4595 1392 4634 ex
1427 4583 1543 4651 ipsa
1572 4579 1806 4635 fructum
1837 4579 1924 4636 his
1958 4582 2036 4651 qui

2166 4583 2600 4655 μεταληψόμενοι
2626 4601 2640 4615 ·
2671 4585 2738 4656 ἢν
2765 4583 2925 4647 αὐτὸς
2957 4582 3121 4636 ὁτῶν
3148 4582 3286 4635 ὅλων
3312 4581 3444 4644 Θεὸς
3473 4582 3748 4652 γεωργῶν

472 4678 602 4724 tunc
635 4669 782 4740 digni
815 4681 995 4736 erunt,
1028 4675 1327 4729 exhibebit.

2151 4676 2214 4728 τὸ
2235 4676 2418 4730 καινὸν
2440 4674 2498 4742 ἐξ
2529 4673 2702 4746 αὐτῆς
2734 4675 2977 4747 γέννημα
3000 4676 3113 4738 τοῖς
3143 4673 3276 4728 τότε
3297 4673 3468 4738 ἀξίοις
3485 4673 3744 4744 παρέξει.

2165 4786 2219 4838 Ὁ
2250 4785 2320 4840 δὲ
2347 4786 2656 4853 ἠρνήσατο
2688 4785 2895 4852 αὐτόν,
2929 4785 3127 4854 λέγων
3151 4804 3165 4817 ’
3213 4785 3424 4851 Γύναι,
3454 4785 3566 4840 οὐκ
3603 4779 3748 4839 οἶδα

1045 4871 1148 4908 non
1189 4858 1306 4909 novi
1335 4871 1475 4912 eum.

2839 4857 3048 4912 αὐτόν.

445 4935 466 5018 ς
545 4943 756 4999 Videsis
804 4955 1138 5016 quantopere
1169 4947 1383 5003 veritati
1421 4948 1636 5004 studeat
1678 4949 2036 5020 evangelista;

2223 4949 2365 5021 Ὅρα
2409 4949 2466 5002 δὲ
2503 4949 2566 5002 τὸ
2606 4948 2895 5019 φιλάληθες
2927 4946 3022 5001 τοῦ
3065 4945 3475 5016 εὐαγγελιστοῦ,
3503 4945 3622 5009 πῶς
3677 4949 3766 5000 οὐ.

472 5035 744 5106 qoomodo
787 5033 950 5092 Petro
995 5037 1134 5092 haud
1173 5037 1528 5106 gratiﬁeetur,
1563 5039 1655 5093 sed
1685 5038 1890 5107 lapsum
1930 5041 2036 5108 ejus

2153 5041 2574 5112 καταχαρίζεται
2613 5040 2690 5110 τῷ
2735 5042 2948 5112 Πέτρῳ,
2978 5040 3114 5094 ἀλλὰ
3158 5039 3219 5092 τὸ
3271 5039 3441 5101 πάθος
3468 5037 3630 5090 αὐτοῦ
3665 5039 3750 5102 ὼς

474 5123 704 5179 candide
738 5135 972 5182 enarret.
1003 5125 1262 5182 Videlicet
1292 5127 1434 5195 quod
1465 5127 1642 5183 caeteri
1675 5130 1936 5198 magistro
1961 5132 2036 5184 de-

2153 5133 2264 5204 ἔχει
2291 5134 2576 5204 διηγεῖται,
2606 5135 2691 5188 ὅτι
2715 5135 2766 5186 οἱ
2803 5136 2899 5205 μὲν
2928 5133 3076 5188 ἄλλοι
3123 5131 3480 5194 ἀπολιπόντες
3523 5131 3618 5184 τὸν
3663 5131 3754 5184 δι-

474 5225 620 5272 serto
653 5215 982 5286 ditl'ugcrint,
1016 5217 1105 5272 ille
1128 5228 1307 5274 autem
1344 5221 1597 5276 omnibus
1631 5219 1696 5274 iis
1727 5223 2036 5290 prmpositut

2157 5225 2423 5278 δάσκαλον
2461 5225 2686 5296 ᾤχοντο,
2718 5229 2746 5279 ὁ
2797 5227 2854 5278 δὲ
2912 5226 3130 5279 πάντων
3163 5223 3342 5278 αὐτῶν
3371 5225 3754 5296 προκεκριμὲέ

475 5307 751 5376 apostolus
773 5320 934 5380 atque
957 5312 1272 5383 discipulus,
1287 5313 1376 5368 ille
1403 5315 1658 5384 inciytns,
1687 5314 1929 5382 inquam,
1953 5314 2036 5372 Pe-

2159 5334 2248 5380 νος
2277 5317 2574 5381 ἁπόστολός
2605 5335 2667 5370 τε
2697 5319 2790 5371 καλ⁵
2823 5315 3090 5389 μαθητὴς,
3133 5316 3294 5380 αὐτὸς
3319 5317 3528 5378 ἐκεῖνος
3552 5318 3582 5369 ὁ
3605 5315 3754 5385 βοώ-

477 5409 614 5465 trus,
643 5403 830 5470 procul
855 5406 1185 5462 cruciatibus
1213 5417 1268 5462 et
1293 5409 1704 5478 magistratuum
1736 5409 1918 5474 minis,
1969 5418 2036 5464 tet

2162 5425 2320 5479 μενος
2334 5409 2557 5480 Πέτρος,
2579 5408 2824 5478 βασάνων
2847 5409 3004 5471 ὲκτὸς
3019 5409 3112 5462 καὶ
3135 5405 3462 5478 ἁρχοντικῆς
3487 5406 3754 5478 ἀπειλῆς,

477 5487 751 5546 Christum
782 5497 1083 5564 negaverit.

2157 5499 2340 5571 τρίτον
2368 5501 2529 5554 αὑτὸν
2559 5499 2872 5572 ἐξωμόσατο
2903 5501 3036 5572 (75).

548 5581 594 5614 ⁷⁸
625 5581 755 5639 Luc.
797 5600 910 5652 ut,
938 5585 1030 5642 51.
1105 5589 1148 5620 ⁷⁷
1175 5588 1192 5642 l
1216 5587 1407 5645 Thess.
1434 5603 1489 5655 ν,
1525 5589 1580 5645 2.
1655 5591 1730 5623 ""
1767 5589 1902 5648 ibid.
1938 5591 2036 5658 4,5

477 5649 522 5684 "
555 5651 684 5710 ibid.
712 5653 803 5708 57.

2147 5591 2188 5623 ⁷⁸
2217 5591 2347 5648 Luc.
2389 5609 2505 5658 χλι,
2536 5595 2624 5651 56.
2701 5597 2745 5628 ⁷³
2781 5593 2982 5666 Ephcs.
3017 5592 3183 5660 γωδ.
3257 5591 3302 5622 ⁸⁸
3335 5590 3461 5646 Luc.
3488 5606 3622 5658 xxu,
3647 5589 3752 5644 '50.

551 5747 1070 5819 (75)Fragmontnm
1111 5753 1211 5810 hoc
1247 5761 1516 5825 sumptum
1573 5755 1785 5812 videtur
1845 5772 1910 5812 ex
1978 5755 2036 5810 Τί

483 5819 660 5876 llat'co
687 5834 798 5877 Xtv.
829 5823 916 5877 66.
1935 5827 1941 5831 ’

2161 5759 2337 5828 sauia,
2386 5759 2482 5814 lib.
2535 5775 2588 5828 ν,
2623 5759 2711 5814 40.
2745 5758 2820 5815 lbi
2874 5767 3048 5814 tamen
3099 5759 3363 5815 Eusebius
3407 5767 3662 5812 versatur
3697 5759 3754 5812 En

540 5859 660 5876 ἸΙυν
687 5859 798 5887 ριν,
830 5859 916 5877 νυ.

683 4787 686 4790 ’
749 4781 793 4813 ⁸³
822 4783 888 4834 At
917 4783 1006 4838 ille
1048 4785 1250 4853 negavit
1290 4784 1472 4838 dicens
1504 4800 1523 4854 ξ
1554 4783 1768 4852 Mulieri
