4000 6398
854 555 1357 623 ἀστραπτούσαις.

388 645 580 717 Χαρᾶς
616 646 710 699 καὶ
760 647 997 714 γέλωτος
1050 649 1252 717 σημεῖα
1284 646 1644 720 γνωρίσματά
1697 665 1755 702 τε
1799 649 1897 720 τῆς

319 736 589 809 σωτηρίου
630 738 983 801 ἀναστάσεως
1025 738 1154 810 ὁρᾷν
1186 737 1512 808 παρέχονται
1538 740 1630 793 καὶ
1672 740 1760 793 διὰ
1800 741 1896 812 τῆς

319 829 525 902 λευκῆς
545 828 857 901 περιϐολῆς,
898 828 1038 882 ὥστε
1072 829 1165 881 καὶ
1193 829 1300 881 ἀπὸ
1329 828 1731 900 τοῦεσχήματος,
1754 848 1888 902 συμ-

319 920 501 976 ϐαλεῖν
532 918 633 984 τὰς
664 924 925 989 γυναῖκας
963 921 1022 974 τὸ
1067 921 1298 991 φαιδρὸν
1324 919 1424 990 τῆς
1457 921 1747 993 ἐγέρσεως,
1800 923 1895 977 καὶ

317 1013 419 1084 τῆς
445 1013 539 1066 τοῦ
568 1014 758 1085 Πάσχα
790 1013 985 1084 ἑορτῆς
1013 1014 1109 1066 σῦν
1135 1015 1249 1076 τοῖς
1280 1011 1620 1083 λευχείμοσιν
1644 1014 1904 1083 ἀγγέλοις,

320 1104 689 1176 ἀπάρξασθαι.
747 1105 997 1175 Μωῦσῆς
1022 1104 1121 1175 μὲν
1162 1104 1269 1176 γὰρ
1321 1104 1532 1175 πληγάς
1581 1106 1892 1175 Αἰγυπτίων

323 1198 530 1267 μέλλων
552 1198 917 1251 διακονεῖσθαι
944 1198 1290 1269 καταλλήλως
1319 1198 1378 1250 ὲν
1399 1197 1559 1267 φλογὶ
1597 1198 1768 1271 πυρὸς
1799 1199 1893 1252 τὸν

319 1286 411 1339 ἐπὶ
436 1285 537 1356 τῆς
584 1284 747 1357 βάτου
794 1286 1020 1355 ἄγγελον
1046 1284 1221 1358 ἐώρα·
1255 1288 1285 1339 ὁ
1314 1286 1359 1339 δ’
1400 1286 1566 1351 αὐτὸς
1602 1287 1892 1359 μοχθηροῖς

314 1375 541 1447 ἀνδράσι
565 1376 889 1447 νομοθετῶν,
924 1376 1034 1448 πῦρ
1060 1370 1453 1433 καταναλίσκον
1481 1378 1572 1431 τὸν
1599 1379 1730 1432 Θεὸν
1753 1375 1888 1433 εἶναι

314 1463 522 1534 ἔλεγεν,
572 1465 948 1537 τιμωρητικὸν
989 1466 1091 1519 καὶἱ
1137 1466 1401 1537 κολαστὴν
1448 1468 1630 1532 αὐτοῖς
1670 1467 1888 1521 ἔσεσθαι

314 1555 479 1609 αὐτὸν
504 1554 898 1625 αἰνιττόμενος·
929 1554 1010 1607 διὸ
1043 1556 1135 1608 καὶ
1185 1559 1243 1610 ἐν
1276 1556 1449 1627 στύλῳ
1491 1557 1659 1628 πυρὸς
1706 1560 1889 1628 ἠγεῖτο

317 1645 500 1701 αὐτῶν
532 1648 560 1699 ὁ
583 1647 735 1710 Θεὸς.
767 1645 923 1699 Οὕτω
954 1649 1064 1710 τοῖς
1107 1647 1329 1700 ἀσεϐέσι
1353 1648 1604 1716 γενέσθαι
1633 1650 1760 1714 τοὺς
1787 1651 1889 1719 ἀγ-

314 1739 507 1809 γέλους
530 1740 704 1811 πυρὸς
733 1739 903 1809 φλόγα
927 1737 1162 1805 ἐδίδαξεν
1188 1737 1356 1793 εἰπών
1376 1758 1388 1770 ·
1437 1741 1492 1793 '0
1521 1740 1708 1796 ποιῶν
1741 1742 1885 1809 τοὺς

1345 363 1828 422 ειιΑαιιωκΤυιι
1884 366 1953 421 1N
1994 365 2211 424 EPIST.
2245 368 2339 423 ιι)
2372 334 2581 426 usus.

315 481 436 539 Δύο
476 480 694 553 ἄνδρες
755 482 1109 551 ἐπέστησαν
1174 485 1384 551 αὐταῖς
1431 487 1501 541 ἐν
1559 485 1894 554 ἐσθήσεσιν
1923 494 1972 550 Α

3456 360 3567 429 eos

2203 489 2250 520 η
2264 488 2383 542 Duo
2413 490 2513 543 viri
2542 496 2795 627 “stafulei
2823 487 3108 570 secusillas
3135 487 3195 543 in
3227 496 3363 543 ueste

2691 575 2721 611 ιι
2745 568 2903 627 genlt.

2691 568 2903 627 ulgenlt.

2071 645 2290 701 Lwtitiae
2312 645 2612 718 'gaudiique
2636 647 2810 714 signa,
2851 655 2905 700 et
2936 643 3242 702 Servatoris
3276 661 3563 718 resurgen-

1997 738 2067 792 tis
2102 737 2296 791 indicia
2336 737 2543 791 obtutui
2572 735 2828 791 exhibent
2856 734 3083 790 vestium
3112 735 3364 801 candore,
3402 735 3475 790 ita
3500 743 3561 791 ut

1995 843 2062 883 ex
2085 826 2268 881 habitu
2300 842 2514 897 quoque
2537 828 2906 892 coniectarent
2930 824 3184 880 mulieres
3208 826 3563 882 resurrectio-

1996 921 2081 975 nis
2108 920 2458 983 hilaritatem,
2491 917 2874 987 Paschalisque
2904 917 3028 971 festi
3070 933 3192 972 cum
3228 918 3422 972 albatis
3460 934 3562 973 an-

1994 1012 2127 1081 gelis
2173 1011 2408 1067 initium.
2459 1010 2671 1081 Moyses
2694 1020 2881 1064 contra
2917 1008 3356 1081 Egyptiacarum
3379 1011 3565 1081 plaga-

1997 1119 2114 1156 rum
2143 1101 2356 1156 futurus
2385 1101 2659 1166 minister,
2694 1100 2747 1154 in
2778 1100 2991 1154 ﬂamma
3031 1100 3174 1171 ignis
3203 1101 3453 1172 angelum
3478 1102 3563 1156 in-

1996 1202 2077 1246 tra
2109 1191 2298 1246 rubum
2331 1201 2634 1247 versantem
2663 1192 3005 1260 spectavit”.
3053 1190 3196 1247 Idem
3252 1192 3434 1260 pravis
3463 1193 3563 1247 bo-

1994 1284 2233 1339 minibus
2279 1282 2450 1353 legem
2485 1284 2752 1348 scribens,
2791 1284 2957 1338 Deum
2986 1284 3303 1355 Iappellabat
3337 1284 3562 1339 edacem

1994 1375 2191 1445 ignem,
2221 1375 2523 1445 puuitorem
2555 1391 2619 1430 ac
2650 1376 2917 1431 vindicem
2946 1376 3076 1445 ipsis
3100 1376 3217 1431 fore
3241 1376 3471 1432 innuens
3488 1374 3558 1432 ⁸⁸.

1990 1469 2175 1532 Quare
2212 1467 2264 1520 in
2310 1467 2461 1535 ignea
2496 1467 2743 1523 columna
2789 1469 3127 1537 praecedebat
3169 1468 3289 1524 illos
3331 1469 3469 1524 Deus
3489 1468 3558 1525 ⁸⁸.

1991 1559 2082 1615 Sic
2115 1558 2274 1614 etiam
2306 1559 2485 1628 impiis
2526 1560 2640 1614 fore
2691 1559 2909 1630 angelos
2937 1561 3089 1629 quasi
3125 1560 3262 1630 ignis
3287 1559 3561 1616 ﬂammam

1989 1648 2381 1704 demonstravit
2417 1650 2637 1704 dicens:
2670 1649 2773 1715 Qui
2811 1651 2935 1718 facit
2961 1650 3228 1704 ministros
3258 1666 3380 1705 suos
3400 1652 3560 1720 ﬂam-

1988 1757 2127 1795 mant
2156 1740 2291 1812 ignis
2311 1740 2380 1795 ⁸⁸.
2416 1741 2523 1796 Sed
2561 1757 2667 1797 non
2705 1744 2804 1796 hac
2833 1742 3016 1811 specie
3050 1742 3303 1796 viderunt
3340 1741 3561 1812 angelos

313 1828 701 1898 λειτουργοὺς
747 1828 932 1883 αὐτοῦ
962 1828 1152 1896 πυρὸς
1179 1830 1395 1899 φλόγα.
1438 1828 1576 1882 Ἀλλ’
1606 1830 1667 1883 οὐ
1713 1830 1889 1884 τοιού-

1992 1830 2045 1885 in
2070 1839 2425 1885 monumento
2461 1830 2737 1896 mulieres,
2772 1831 2865 1885 sed
2895 1831 3095 1887 hilares
3116 1840 3284 1901 atque
3312 1846 3561 1895 serenos,

312 1938 438 1987 τους
485 1923 543 1980 ai
595 1924 850 1990 γυναῖκες
876 1923 1002 1985 τοὺς
1031 1920 1159 1975 εἴσω
1208 1921 1303 1975 τοῦ
1359 1922 1639 1994 μνήματος
1675 1922 1881 1997 ἑώρων,

311 2011 579 2084 γαληνοὺς
603 2013 669 2066 δέ
693 2030 845 2076 τινας
870 2014 962 2066 καὶ
989 2013 1263 2084 φαιδροὺς,
1288 2012 1431 2076 οἴους
1459 2014 1626 2085 ἐχρῆν
1655 2016 1746 2069 ἐπὶ
1780 2017 1883 2068 As-

318 2104 518 2158 σπότου
542 2105 683 2175 χαρᾷ
717 2103 812 2157 καὶ
845 2102 1087 2175 βασιλείᾳ
1115 2103 1414 2173 φαίνεσθαι.
1456 2105 1577 2158 Ἐπὶ
1631 2106 1727 2176 μὲν
1773 2106 1882 2179 γὰρ

311 2195 393 2265 τῷ
417 2194 580 2248 πάθει
609 2194 704 2248 τιῦ
737 2195 987 2265 Σωτῆρος
1016 2197 1045 2247 ό
1066 2194 1214 2265 ἥλιος
1246 2194 1479 2260 ἐξέλιπε,
1510 2196 1699 2261 σκότος
1725 2215 1883 2269 περι-

312 2285 494 2340 δαλὼν
514 2285 591 2358 τῷ
620 2289 800 2350 παντὶ,
831 2285 1041 2358 θρήνων
1066 2304 1125 2339 τε
1154 2288 1244 2339 καὶ
1268 2287 1497 2350 πένθους
1517 2288 1759 2359 σύμϐολα
1772 2292 1884 2354 τοῖς

315 2376 608 2449 σταυροῦσι
637 2376 727 2429 τὸν
756 2375 882 2428 Υίδν
901 2375 997 2429 τοῦ
1018 2375 1157 2429 Θεοῦ
1186 2375 1397 2440 δεικνύς
1422 2393 1436 2407 ’
1469 2379 1562 2430 καὶ
1582 2378 1754 2442 οὐδεὶς
1786 2380 1884 2449 μὲν

314 2466 564 2538 ἐφαίνετο
603 2468 710 2521 τῶν
753 2467 997 2536 ἀγγέλων
1042 2465 1102 2520 τὸ
1133 2465 1435 2538 τηνικαῦτα
1470 2468 1546 2533 ὡς
1586 2470 1731 2533 εἰκὸς
1774 2473 1884 2534 τοῖς

319 2556 819 2632 μαθηταῖς,ἁμοίως
839 2560 934 2612 καί⁸
961 2558 1136 2612 αὐτῶν
1157 2553 1258 2612 ὦδε
1291 2560 1453 2613 κάκεῖ
1477 2560 1885 2616 διασκεδασθέν-

309 2666 440 2703 των.
467 2650 530 2701 Εί
566 2649 612 2702 δ’
646 2651 753 2721 ἄρα
801 2651 894 2703 καὶ
936 2650 1167 2720 ὀφθῆναί
1206 2668 1327 2704 τινα
1369 2653 1556 2724 ἐχρῆν,
1586 2653 1728 2723 τάχα
1778 2671 1883 2707 που

309 2739 412 2813 τὴν
457 2741 704 2795 ἐναντίαν
733 2745 846 2805 τοῖς
877 2742 1215 2814 λευχείμοσιν
1263 2743 1569 2816 ἀνθρώποις
1617 2746 1714 2817 τὴν
1755 2749 1886 2800 ἀνα-

312 2830 503 2905 στολὴν
546 2832 850 2897 ἀνεδείξατο
873 2826 894 2864 ’⁷
927 2834 1125 2887 αὐτίκα
1174 2834 1306 2905 γοῦν
1350 2837 1444 2889 ἐπὶ
1476 2836 1554 2907 τῷ
1601 2837 1761 2891 πάθει
1788 2838 1885 2910 ούχ

310 2923 461 2994 ἥλιος
494 2922 653 2995 μόνον
694 2923 1010 2992 ἑσκότασεν,
1041 2924 1177 2979 ἀλλὰ
1204 2926 1300 2980 καὶ
1334 2928 1363 2979 ὁ
1390 2927 1578 2998 Σωτὴρ
1606 2931 1756 2998 φωνῇ
1789 2944 1886 2998 με-

310 3016 457 3088 γάλῃ
477 3016 683 3088 κράξας
703 3016 881 3087 ἀφῆκε
905 3017 973 3070 τὸ
997 3017 1231 3091 πνεῦμα,
1263 3018 1324 3071 τὸ
1372 3020 1769 3092 καταπέτασμα
1788 3021 1882 3075 τοῦ

313 3108 442 3163 ναοῦ
474 3108 696 3181 ἐσχίσθη
721 3111 799 3173 εἰς
822 3109 934 3168 δύο.
966 3109 1246 3181 μονονουχὶ
1271 3111 1755 3183 περιῤῥηξαμένων
1792 3114 1886 3166 καὶ

1988 1921 2286 1987 cujusmodi
2311 1935 2406 1977 eos
2428 1921 2597 1976 videri
2628 1924 2918 1991 oportebat
2949 1923 3001 1976 iu
3042 1922 3255 1977 Domini
3286 1922 3481 1991 gaudio
3505 1930 3563 1978 et

1985 2028 2169 2084 regno.
2194 2012 2250 2067 In
2275 2011 2581 2067 Servatoris
2608 2012 2825 2080 quidem
2866 2013 3013 2067 obitu
3047 2011 3127 2066 sol
3161 2011 3383 2076 defecit,
3414 2021 3563 2067 tene-

1982 2105 2095 2158 brae
2127 2104 2366 2173 undique
2399 2118 2459 2158 se
2482 2103 2847 2165 intendentes,
2896 2103 3256 2157 lamentorum
3296 2111 3351 2156 et
3386 2101 3565 2158 luctus

1983 2194 2223 2265 symbols
2263 2194 2706 2265 crucifigentibus
2736 2195 2932 2249 Filium
2968 2195 3061 2249 Dei
3097 2194 3561 2248 demonstrarunt.

1983 2287 2273 2357 Nullusque
2302 2304 2369 2345 eo
2401 2295 2643 2357 tempore
2685 2288 2909 2357 angelus
2930 2287 3247 2357 apparuisse
3273 2285 3552 2355 discipulis

1986 2378 2216 2443 videtur,
2253 2379 2385 2448 ipsis
2415 2394 2631 2449 quoque
2669 2381 2770 2433 hac
2814 2379 2938 2432 illac
2975 2377 3316 2445 dispersione
3363 2377 3563 2432 distra-

1985 2472 2109 2526 ctis.
2144 2471 2298 2538 Quod
2333 2472 2377 2526 si
2413 2487 2573 2541 quem
2608 2486 2869 2541 apparere
2918 2485 3056 2540 opus
3099 2469 3305 2533 fuisset,
3342 2477 3563 2524 contra-

1985 2563 2143 2625 riam,
2173 2573 2232 2616 ut
2268 2564 2523 2626 arbitror,
2550 2564 2745 2619 albatis
2780 2563 3092 2617 hominibus
3131 2569 3337 2616 vestem
3364 2573 3475 2632 prae
3500 2574 3564 2615 se

1988 2654 2254 2708 tulissent.
2290 2652 2407 2707 Jam
2433 2655 2691 2723 primum,
2720 2653 2773 2708 in
2798 2654 3046 2722 passione
3085 2667 3191 2707 non
3215 2651 3294 2707 sol
3320 2660 3565 2706 tantum-

1988 2747 2146 2799 modo
2178 2746 2501 2800 obscuratus
2527 2754 2633 2809 est,
2675 2746 2771 2800 sed
2821 2752 2875 2800 et
2912 2745 3172 2800 Servatur
3209 2758 3401 2814 magna
3426 2755 3569 2797 voce

1986 2837 2297 2892 exclamans
2331 2838 2582 2906 spiritum
2611 2837 2814 2903 emisit,
2856 2836 3039 2905 templi
3083 2836 3257 2892 velum
3307 2834 3560 2891 bifariam

1987 2929 2241 2995 scissum,
2287 2929 2418 3000 ipsis
2450 2930 2834 3000 propemodum
2863 2929 3126 2999 dispersis
3167 2927 3259 2999 qui
3303 2927 3561 2999 templum

1991 3020 2296 3076 incolebant
2314 3020 2546 3089 angelis,
2579 3021 2671 3090 qui
2702 3030 2757 3076 et
2787 3020 2917 3075 illud
2944 3020 3316 3075 venerandum
3350 3028 3567 3075 textum

1988 3112 2284 3176 sciderunt,
2324 3119 2382 3164 ut
2418 3111 2591 3167 nudus
2630 3128 2695 3167 ac
2751 3115 2999 3166 desertus
3042 3111 3282 3181 ipsorum
3314 3111 3574 3166 custodia

315 3200 496 3255 αὐτῶν
513 3201 623 3255 τῶν
649 3200 815 3255 πάλαι
834 3201 895 3254 τὸ
930 3201 1071 3273 ἱερὸν
1111 3181 1459 3257 ἐνοικούντων
1481 3181 1749 3273 ἀγγέλων,
1784 3222 1884 3257 πε-

1992 3202 2211 3256 relictus
2238 3201 2328 3257 ille
2358 3216 2680 3257 arcanarum
2733 3188 2894 3272 atque
2940 3203 3337 3257 inaccessarum
3379 3216 3569 3257 rerum

317 3289 691 3362 ριρῤηξάντων
711 3307 772 3343 τε
814 3291 873 3344 τὸ
917 3292 1111 3363 σεμνὸν
1159 3289 1408 3361 ὕφασμα,
1439 3292 1514 3355 ὡς
1550 3290 1635 3358 ἂν,
1680 3292 1884 3365 γυμνὸς

313 3381 411 3434 καὶ
438 3381 643 3452 ἔρημος
663 3380 1010 3451 ἀπολειφθεὶς
1054 3383 1153 3455 τῆς
1187 3384 1365 3438 αὐτῶν
1404 3387 1668 3456 φρουρᾶς,
1706 3385 1736 3438 ὁ
1774 3386 1884 3439 τῶν

313 3474 530 3529 ἀόάτων
557 3476 650 3529 καὶ
674 3475 881 3530 ἀδύτων
902 3476 1086 3543 τόπος,
1119 3478 1337 3550 ἕτοιμος
1360 3479 1574 3550 ἐχθροῖς
1600 3480 1694 3533 καὶ
1727 3479 1887 3532 πολε-

315 3566 459 3636 μίοις
509 3568 831 3639 κατασταίη.
875 3569 1032 3624 Ἀλλά
1084 3569 1256 3625 ταῦτα
1300 3572 1399 3641 μὲν
1442 3573 1535 3626 ἐπὶ
1578 3572 1658 3644 τῷ
1722 3572 1883 3627 πάθει

314 3654 621 3709 συνέϐαινεν
641 3673 661 3689 ι
690 3656 782 3708 ἐπὶ
826 3656 883 3711 δὲ
912 3661 979 3730 τῇ
1015 3660 1267 3731 σωτηρίῳ
1290 3660 1603 3725 ἀναστάσει,
1626 3662 1702 3726 ὡς
1741 3663 1887 3734 ζωῆς

313 3736 532 3806 ἄγγελοι
580 3740 675 3794 καὶ
710 3741 810 3810 τῆς
835 3741 1182 3807 ἀναστάσεως
1210 3744 1470 3815 κήρυκες,
1493 3745 1586 3800 τὸν
1618 3746 1782 3800 τόπον
1823 3741 1887 3801 οὗ

313 3820 490 3877 ὲκειτο
514 3821 576 3874 τὸ
600 3823 758 3894 σῶμα
784 3828 1085 3897 περιεῖπον,
1125 3826 1191 3892 ἐξ
1217 3828 1384 3900 αὐτῆς
1412 3828 1599 3902 ὥσπερ
1643 3831 1742 3902 τῆς
1788 3834 1886 3885 ἐπ-

313 3911 462 3983 αφῆς
486 3914 577 3968 τοῦ
605 3915 769 3970 τόπου
815 3917 1123 3990 ἁγιωσύνης
1153 3920 1456 3990 κρείττονος
1487 3922 1520 3992 ἢ
1545 3922 1664 3976 κατ’
1691 3923 1887 3989 αὐτοὺς

318 4005 698 4076 μετασχόντες,
722 4010 817 4062 καὶ
853 4008 955 4080 τῆς
977 4010 1324 4077 ἀναστάσεως
1367 4012 1531 4067 αὑτοῦ
1574 4015 1891 4069 κοινωνοῦν-

1989 3291 2159 3358 locus.
2204 3292 2645 3362 belligerantibus
2676 3293 2919 3348 hostibus
2947 3293 3165 3364 pervius
3184 3301 3413 3362 pateret.
3454 3291 3563 3348 Sed

1991 3382 2106 3438 hac
2126 3382 2343 3453 quidem
2374 3382 2646 3453 passionis
2675 3392 2918 3454 tempore
2952 3384 3315 3453 contigerunt.
3339 3381 3564 3437 Verum-

1990 3482 2166 3529 tamen
2197 3473 2489 3530 Servatore
2523 3485 2859 3545 resurgente,
2900 3489 2997 3529 ceu
3023 3474 3144 3528 vitae
3166 3474 3362 3538 nuntii,
3392 3482 3449 3529 et
3475 3488 3572 3529 re-

1988 3562 2343 3618 surrectionis
2374 3577 2689 3633 praecones,
2721 3564 2900 3619 locum
2942 3563 3031 3618 ubi
3085 3563 3567 3632 corpusjacuerat

1991 3654 2284 3723 Stipabant,
2312 3654 2430 3725 ipso
2456 3654 2855 3724 quodammodo
2885 3654 2990 3708 loci
3016 3664 3273 3709 contactu
3299 3653 3566 3708 sanctita-

1995 3754 2099 3801 tem
2125 3744 2340 3815 propria
2383 3746 2643 3816 majorem
2689 3746 3094 3817 participautes,
3134 3761 3200 3800 ac
3233 3744 3446 3800 Domini
3475 3759 3571 3800 re—

1993 3837 2316 3892 surrectioni
2361 3836 2845 3893 communicantes.
2891 3835 3016 3891 Ideo
3044 3836 3224 3891 vultus
3258 3835 3459 3891 hilares
3494 3849 3562 3889 ac

1991 3925 2349 3996 lauabuudos,
2386 3937 2442 3984 et
2475 3927 2654 3984 albam
2689 3938 2893 3984 vestem
2926 3928 3064 3983 festo
3113 3927 3418 3985 Servatoris
3453 3926 3567 3983 diei

1996 4017 2406 4074 convenientem
2435 4021 2738 4088 gestabant.

313 4112 425 4162 τες.
450 4098 541 4151 Διὸ
572 4099 771 4170 φαιδρά
803 4100 899 4154 καὶ
946 4100 1235 4171 μειδιῶντα
1272 4103 1561 4174 πρόσωπα,
1593 4105 1863 4177 σχῆμάιτε
1888 4106 2153 4178 σωτηρίου
2183 4105 2378 4179 ἑορτῆς
2398 4107 2733 4179 παρέφαινον
2753 4105 3240 4177 λευχειμονοῦντες.

355 4234 687 4257 μ...-

3566 4232 3574 4275 l

494 4311 767 4369 EUSEBII
800 4313 1278 4373 FRAGMENTUM
1320 4319 1407 4375 EX
1444 4319 1692 4376 CODICE
1730 4320 2244 4379 MEDIOLANENSI
2268 4364 2282 4390 ,
2321 4322 2391 4378 IN
2429 4321 2574 4390 QUO
2612 4321 2744 4377 EST
2781 4320 3062 4381 CAENA
3098 4320 3385 4378 PATRUM
3429 4390 3433 4395 ι

1196 4413 1602 4473 GRECORUM
1642 4415 1711 4470 IN
1754 4415 2148 4474 EPISTOLAM
2184 4416 2276 4471 AD
2314 4414 2683 4474 HEBREOS.

1630 4529 1783 4601 (MAI,
1821 4532 1979 4598 ibid.,
2011 4547 2064 4603 p.
2089 4531 2241 4602 207.)

400 4646 483 4704 Ad
523 4660 644 4716 cap.
680 4642 795 4712 XII,
826 4644 912 4700 18.
944 4646 1302 4703 ΕΥΣΕΒΙΟΥ.
1331 4648 1561 4718 Λέγεται
1586 4649 1696 4724 γάρ
1721 4650 1888 4705 κατά-

2060 4651 2297 4708 Ευεειιιι.
2333 4649 2544 4706 Dicitur
2592 4649 2737 4704 Deus
2788 4647 2839 4701 in
2897 4655 3133 4701 montem
3179 4645 3569 4712 descendisse,

317 4737 477 4803 ϐασις
514 4736 633 4792 θεία
659 4738 753 4790 ἐπὶ
788 4736 850 4791 τὸ
880 4736 1005 4811 ὅρος
1028 4739 1307 4808 γεγονέναι
1333 4740 1453 4794 καθ’
1488 4740 1548 4795 ὃν
1580 4741 1894 4813 ἐνομοθέτει

316 4831 527 4903 καιρὸν,
542 4830 628 4883 ἶνα
656 4829 857 4893 πάντες
878 4828 1180 4884 θεάσωνται
1204 4829 1303 4902 τὴν
1327 4832 1604 4904 ἐνέργειαν
1622 4833 1717 4887 τοῦ
1730 4832 1885 4887 Θεοῦ·

314 4923 614 4987 κατάϐασις
638 4922 747 4993 γὰρ
773 4921 909 4994 αῦτη
937 4925 1113 4994 σαφής
1142 4925 1311 4988 ἐστιν,
1345 4925 1404 4977 οὐ
1434 4925 1508 4996 μὴ
1540 4925 1890 4998 τοπική.Τῶν

315 5016 446 5086 γοῦν
496 5013 781 5086 φυομένων
811 5016 951 5068 κατά
990 5016 1051 5068 τὸ
1093 5014 1217 5089 ὅρος
1253 5017 1599 5087 φλεγομένων
1622 5019 1887 5095 σφοδρῶς,

315 5106 469 5160 οὐδὲν.
491 5108 551 5160 τὸ
572 5106 683 5177 πῦρ
704 5104 1006 5168 ἐξανάλωσε
1027 5126 1039 5138 ·
1100 5108 1414 5179 σαλπίγγων
1452 5127 1511 5162 τε
1564 5112 1736 5181 φωναὶ
1768 5128 1889 5180 σφο-

315 5197 570 5269 δρότερον
603 5200 983 5272 συνηκούοντο,
1002 5200 1076 5273 μὴ
1100 5201 1475 5273 προκειμένων
1501 5204 1750 5278 ὁργάνων
1777 5222 1889 5259 τοι-

314 5284 506 5353 ούτων,
544 5288 679 5359 μηδὲ
702 5288 797 5341 τοῦ
823 5291 1191 5361 φωνήσαντος,
1242 5291 1375 5346 ἀλλά
1421 5292 1541 5365 θείᾳ
1574 5297 1882 5367 κατασκευῇ

292 5378 617 5451 ,γινομένων
671 5382 948 5435 ἁπάντων.
986 5383 1149 5436 ’Ὥστε
1194 5384 1363 5453 σαφὲς
1408 5380 1548 5439 εἶναι
1583 5386 1671 5440 διὰ
1709 5386 1886 5441 ταῦτα

314 5470 416 5540 τὴν
458 5471 757 5525 κατάόασιν
805 5473 954 5527 θείαν
992 5474 1293 5541 γεγονέναι,
1327 5478 1420 5529 καὶ
1457 5476 1548 5529 τὸν
1573 5478 1706 5532 Θεὸν
1754 5479 1881 5533 ἄνευ

316 5562 458 5628 τινὸς
512 5562 783 5618 δεικνύναι
826 5565 923 5636 τὴν
978 5565 1171 5618 ἑαυτοῦ
1203 5565 1289 5622 διὰ
1337 5569 1554 5623 πάντων
1603 5570 1884 5641 μεγαλειό-

313 5671 473 5727 τητα.

1993 4757 2105 4814 quo
2143 4752 2383 4812 tempore
2416 4740 2505 4796 lex
2542 4738 2873 4803 tradebatur,
2910 4746 2969 4791 ut
3000 4736 3181 4792 cuncti
3212 4736 3423 4792 scilicet
3466 4734 3564 4791 Dei

1994 4834 2288 4892 efﬁcaciam
2333 4832 2601 4887 viderent.
2642 4828 2942 4899 Cateroqui
2976 4828 3093 4884 haec
3129 4826 3435 4895 descensio,
3467 4844 3564 4881 es-

1993 4937 2162 4982 ternze
2204 4924 2528 4981 ostensionis
2587 4921 2722 4989 fuit,
2778 4938 2885 4978 non
2935 4919 3149 4977 localis.
3200 4918 3561 4987 Quamobrem

1993 5015 2307 5071 ardentibus
2348 5013 2476 5069 licet
2516 5012 2786 5077 omnibus,
2813 5025 2934 5082 qua:
2975 5009 3030 5064 in
3060 5017 3243 5065 monte
3289 5011 3564 5079 genuina-

1993 5109 2159 5173 bant,
2203 5107 2335 5163 nihil
2381 5115 2559 5161 tamen
2610 5107 2734 5177 igne
2798 5105 3238 5162 consumebatur.
3289 5102 3564 5159 Tubarum

1994 5214 2208 5269 quoque
2251 5198 2459 5253 sonitus
2491 5197 2794 5270 gravissimi
2840 5196 3219 5261 audiebantur,
3247 5209 3559 5266 quanquam

1998 5290 2179 5345 nullus
2226 5289 2299 5345 ibi
2362 5304 2494 5345 usus
2553 5289 3033 5344 instrumentorum
3085 5296 3243 5351 erat,
3293 5300 3564 5358 nemoque

1990 5383 2259 5448 clamans,
2301 5381 2397 5438 sed
2450 5381 2543 5438 Dei
2599 5381 2971 5437 tantummodo
3012 5395 3175 5452 opera
3221 5379 3337 5436 bam
3375 5378 3563 5436 omnia

1989 5475 2210 5529 ﬁebant.
2243 5473 2423 5541 Quare
2470 5472 2807 5543 exploratum
2854 5479 2970 5537 est,
3017 5471 3253 5526 divinam
3299 5469 3557 5540 hujusce-

1993 5566 2135 5622 modi
2164 5565 2329 5622 fuisse
2350 5567 2781 5631 descensionem,
2809 5563 3089 5634 Deumque
3106 5561 3311 5633 «Itaque
3334 5561 3443 5618 ullo
3463 5560 3567 5617 ad-

1993 5658 2250 5715 miniculo
2280 5674 2433 5713 suam
2465 5659 2515 5713 iu
2528 5657 2775 5713 omnibus
2788 5656 3091 5713 ostendisse
3111 5654 3563 5726 magnitudinem.

414 5768 438 5804 ⁸
459 5766 591 5824 Luc.
617 5783 764 5834 xxiv,
791 5769 843 5824 4.
921 5769 965 5801 ⁸³
990 5768 1161 5828 Exod.
1200 5786 1285 5839 ut,
1307 5770 1363 5825 2.
1440 5772 1486 5804 “
1513 5771 1667 5829 Deut.
1708 5790 1779 5839 iv,
1805 5772 1889 5828 2i.

1990 5773 2017 5805 ‘5
2060 5770 2228 5828 Exod.
2264 5787 2418 5839 um,
2449 5772 2537 5829 21,
2613 5772 2659 5805 ⁸⁵
2689 5771 2832 5829 Psal.
2858 5785 2975 5837 cur,
3007 5769 3063 5825 4.
