4000 6398
596 345 691 402 607
1309 351 1576 407 EUSEBII
1613 353 2086 411 CESARIENSIS
2123 355 2273 413 OPP.
2316 355 2496 411 PARS
2536 355 2698 412 lV.-
2735 355 3157 413 DOGMATICA.
3707 360 3795 415 608

677 708 1538 892 EUSEBII
1601 714 2325 899 OPERA
2382 713 3714 902 DOGMATICA.

1518 1189 1722 1313 DE
1810 1191 2887 1320 THEOPHANIA.

1320 1424 1546 1495 (Angelo
1581 1426 1708 1494 MM,
1747 1425 2074 1481 Bibliotheca
2110 1444 2241 1484 nova
2279 1427 2524 1495 Patrum,
2569 1429 2656 1495 ιγ,
2699 1429 2801 1484 110
2839 1443 2893 1485 et
2931 1431 3081 1500 510.);

618 499 3782 552 Ἢ

2172 1589 2244 1610 σιη-

1899 1729 2527 1826 MONITUM.

655 1949 808 2006 Inter
854 1958 1046 2006 cratera
1089 1945 1300 2005 Eusebii
1333 1947 1678 2004 Ca'sariensis
1711 1967 1868 2020 opera
1909 1951 2060 2005 divus
2100 1950 2471 2022 Hieronymus,
2504 1955 2583 2011 De
2617 1955 2749 2011 viris
2789 1956 2865 2010 ill.
2899 1973 3012 2025 cap.
3040 1957 3129 2023 81,
3161 1958 3326 2013 libros
3368 1959 3595 2028 quinque
3628 1959 3801 2027 Θεοφαο

581 2041 766 2110 velate,
811 2043 866 2098 id
909 2052 984 2098 est
1039 2043 1111 2096 De
1151 2042 1240 2095 Dei
1292 2041 1761 2108 manilestatione,
1807 2044 2186 2102 nominauerat.
2221 2042 2355 2097 Item
2401 2044 2566 2115 Syrus
2616 2045 2904 2103 Ebediesus
2952 2049 3005 2102 in
3049 2059 3320 2103 auctorum
3366 2052 3632 2118 catalogo,
3679 2067 3800 2118 quem

584 2134 910 2196 Echellensis
943 2137 1134 2208 primo,
1163 2137 1350 2192 deinde
1379 2137 1696 2195 Assemanus
1732 2139 2039 2204 ediderunt,
2088 2137 2223 2191 idem
2265 2136 2479 2193 Eusebii
2509 2156 2636 2210 opus
2671 2125 3162 2197 conimemoraverat
3199 2143 3263 2196 de
3307 2139 3497 2196 Greca
3528 2143 3597 2196 ad
3635 2143 3798 2212 Syria-

577 2243 694 2282 cam
747 2229 984 2300 Knguam
1025 2228 1361 2283 translatum.
1409 2227 1584 2283 ϐταιεί
1623 2230 1898 2299 originalis
1937 2229 2193 2298 deperditi
2242 2231 2421 2298 viginti
2463 2249 2555 2302 ego
2596 2232 2892 2302 fragmenta
2931 2235 2987 2288 in
3030 2232 3298 2289 Vaticanis
3339 2234 3608 2287 codicibus
3649 2235 3802 2287 obser-

578 2329 720 2382 vata,
747 2320 886 2374 inter
909 2317 1134 2374 Veteres
1161 2336 1298 2374 meos
1329 2319 1630 2388 Scriptores
1658 2329 1695 2372 t.
1723 2318 1774 2385 Ι,
1800 2320 1882 2375 ed.
1911 2336 2039 2385 sec.,
2066 2337 2204 2375 anno
2226 2321 2384 2387 1851,
2409 2331 2456 2376 et
2486 2331 2526 2376 t.
2566 2320 2705 2376 VIII
2715 2363 2732 2385 ,
2758 2341 2847 2379 an.
2873 2324 3032 2391 1855,
3057 2325 3467 2394 divulgaveram.
3495 2327 3630 2382 Ecce
3658 2336 3802 2379 autem

577 2411 935 2481 significatam
968 2412 1116 2467 nobis
1151 2413 1214 2465 ab
1244 2411 1506 2467 Ebediesu
1543 2412 1824 2484 Syriacam
1866 2413 2153 2470 Eusebiani
2191 2415 2359 2483 operis
2400 2415 2824 2480 translationem,
2873 2417 2979 2470 duo
3010 2417 3244 2486 perdocti
3275 2430 3320 2471 et
3364 2419 3597 2473 illustres
3643 2429 3802 2474 nostra:

576 2505 751 2564 atatis
790 2503 946 2574 Angli
979 2519 1006 2559 e
1037 2504 1258 2558 tenebris
1305 2505 1527 2574 denique
1554 2515 1824 2573 eruerunt,
1854 2505 2106 2561 Tatamus
2138 2516 2291 2576 atque
2338 2504 2506 2570 Leus;
2539 2521 2762 2576 quorum
2806 2506 2896 2561 ille
2945 2524 3008 2562 ea:
3047 2507 3365 2578 Egyptiaco
3415 2511 3469 2564 in
3505 2511 3680 2565 Nitria
3712 2529 3802 2563 mo-

575 2596 808 2652 nasterio
848 2595 1087 2652 Sceteusi
1122 2595 1354 2649 codicem
1396 2611 1534 2650 anno
1565 2596 1701 2653 1859
1749 2597 1802 2650 in
1836 2595 2080 2666 Angliam
2121 2597 2343 2660 detulit;
2385 2596 2520 2649 alter
2560 2606 2734 2648 autem
2783 2595 3063 2666 Syriacum
3101 2600 3239 2652 hunc
3282 2609 3478 2654 textum
3522 2619 3657 2656 anno
3692 2601 3803 2657 1812

576 2686 842 2753 Londini,
880 2693 929 2739 et
978 2695 1222 2756 sequente
1270 2702 1409 2740 anno
1451 2685 1731 2756 Anglieam
1774 2686 2006 2755 ejusdem
2061 2687 2549 2752 interpretationem
2610 2684 2969 2758 Cantabrigia:
3011 2705 3125 2742 cum
3181 2692 3404 2746 eruditis
3454 2694 3802 2764 prolegomenis

575 2781 894 2851 scholiisque
928 2781 1212 2850 impressit.
1237 2780 1305 2834 Et
1343 2779 1598 2850 Syriacus
1627 2781 1836 2852 quidem
1871 2790 2040 2836 textus
2077 2781 2310 2842 nondum
2337 2781 2405 2834 ad
2443 2797 2545 2847 me,
2585 2784 2725 2853 quod
2755 2783 2926 2849 doleo,
2969 2785 3230 2853 pervenit;
3271 2803 3387 2842 cum
3427 2798 3607 2845 tamen
3647 2791 3804 2860 Angli-

575 2893 694 2938 cum
733 2875 1001 2930 desinente
1040 2889 1180 2928 anno
1215 2872 1354 2928 1846
1382 2872 1651 2927 commode
1682 2872 1890 2926 demum
1937 2885 2122 2928 nactus
2160 2872 2376 2944 fuerim,
2415 2889 2631 2942 eumque
2681 2875 2914 2930 studiose
2953 2875 3189 2946 legerim,
3238 2879 3416 2932 statim
3457 2887 3671 2950 cognovi
3709 2884 3803 2952 fra-

577 2980 785 3041 gmenta
818 2968 1005 3026 Greca
1035 2985 1152 3038 qua:
1185 2985 1278 3038 ego
1304 2967 1498 3022 multos
1529 2977 1652 3022 ante
1679 2985 1846 3024 annos
1873 2968 2164 3036 edideram,
2201 2985 2383 3037 reapse
2414 2971 2482 3023 ad
2512 2969 2730 3025 Eusebii
2761 2969 3188 3041 Theophaniam,
3220 2983 3372 3039 prout
3409 2975 3646 3040 ipsorum
3681 2977 3794 3030 tituli

577 3067 837 3143 ferebant,
874 3065 1131 3135 pertinere
1162 3065 1308 3134 (nam
1337 3064 1503 3118 sicubi
1538 3064 1742 3118 codices
1768 3065 1869 3118 mei
1901 3080 2018 3118 cum
2055 3064 2278 3134 Syriaco
2309 3081 2412 3120 non
2439 3066 2571 3120 satis
2601 3075 2922 3137 congruunt,
2963 3067 3016 3121 id
3057 3068 3165 3121 suis
3197 3068 3325 3123 locis
3355 3080 3540 3137 postea
3579 3071 3795 3142 dicetur).

578 3161 688 3224 Sed
722 3170 771 3216 et
818 3161 1030 3230 insuper
1065 3159 1325 3228 comperi,
1359 3159 1656 3228 fragmenta
1699 3158 1839 3228 alia,
1879 3176 1970 3213 nec
1999 3161 2173 3214 brevia
2218 3177 2308 3214 nec
2345 3161 2676 3229 paenitenda,
2715 3176 2832 3230 quae
2865 3176 2958 3230 ego
2996 3162 3050 3214 in
3110 3159 3379 3217 Vaticanis
3423 3175 3721 3218 catenarum
3744 3166 3797 3216 ad

580 3257 782 3313 Lucum
824 3255 1093 3312 codicibus
1134 3256 1234 3310 sub
1277 3254 1492 3309 Eusebii
1537 3264 1741 3309 tantum
1796 3256 2002 3309 nomine
2047 3271 2387 3322 aspexeram,
2432 3256 2652 3325 ideoque
2696 3264 2948 3324 tanquam
2991 3255 3279 3309 Eusebiani
3322 3257 3390 3310 ad
3440 3256 3641 3313 Lucam
3687 3275 3803 3313 conl—

577 3351 825 3407 mentarii
864 3359 1129 3420 segmenta
1161 3352 1217 3404 in
1257 3351 1507 3420 prtedicto
1539 3349 1870 3420 Script.vet.
1903 3360 2043 3404 tomo
2075 3351 2242 3419 primo
2276 3360 2639 3416 attexueram;
2665 3350 2918 3418 comperi,
2957 3355 3194 3420 inquam,
3237 3351 3348 3406 haec
3389 3369 3599 3423 quoque
3640 3355 3804 3424 partitis

577 3463 643 3502 ea:
671 3446 1021 3516 Theophania
1067 3445 1232 3516 fuisse
1269 3447 1525 3512 detracta,
1562 3446 1618 3500 id
1656 3446 1797 3517 quod
1841 3444 2091 3516 Syriacus
2144 3457 2316 3500 textus
2358 3445 2435 3500 vel
2485 3445 2656 3515 potius
2703 3444 3028 3514 Anglicanus
3073 3462 3152 3500 me
3205 3447 3375 3502 docet.
3419 3445 3556 3513 Qua:
3590 3465 3666 3502 res
3709 3464 3803 3501 cum

578 3557 660 3596 me
693 3557 1008 3612 magnopere
1050 3541 1439 3609 delectavisset,
1478 3541 1723 3596 constitui
1770 3543 2011 3610 protinus
2056 3541 2241 3596 erca
2286 3541 2468 3596 omnia
2501 3539 2869 3610 Theophanitn
2912 3557 2944 3594 a
2983 3557 3066 3597 me
3105 3543 3229 3595 olim
3288 3543 3488 3598 detecta
3542 3544 3806 3614 fragments

578 3650 718 3688 nunc
757 3650 1092 3704 congregare.
1125 3633 1316 3688 Latina
1344 3635 1500 3688 etiam
1533 3634 1726 3704 facere,
1756 3644 1910 3704 atque
1943 3644 1998 3686 ut
2034 3634 2277 3687 monebat
2319 3633 2555 3704 impressi
2584 3632 2805 3703 Anglice
2851 3633 3021 3702 operis
3051 3635 3242 3699 series,
3287 3633 3416 3690 locis
3450 3638 3687 3706 quodque
3715 3637 3802 3689 suis

576 3729 854 3785 collocare.
879 3728 1020 3783 Nam
1062 3727 1436 3784 Vaticanarum
1474 3740 1779 3784 catenarum
1809 3739 2050 3784 auctores
2081 3726 2298 3783 Eusebii
2339 3728 2741 3797 Theophaniam
2771 3736 2922 3782 extra
2971 3727 3090 3781 libri
3137 3729 3373 3782 ordinem
3402 3743 3498 3797 pro
3542 3746 3635 3784 suo
3677 3730 3801 3782 libita

577 3831 965 3891 excerpserunt,
1001 3822 1076 3877 vel
1117 3823 1289 3892 potius
1323 3831 1475 3891 prout
1520 3821 1851 3892 evangelicae,
1889 3837 2044 3890 quam
2091 3821 2191 3889 ipsi
2235 3821 2604 3890 sequebantur,
2637 3818 2872 3873 historias
2913 3834 3098 3873 cursus
3143 3820 3408 3889 poscebat.
3445 3821 3698 3890 Exemplo
3748 3822 3806 3874 sit

579 3915 818 3968 narratio
845 3914 909 3968 de
937 3915 1134 3968 Christi
1168 3914 1381 3967 Domini
1414 3922 1602 3980 morte,
1639 3928 1799 3983 quam
1831 3910 2091 3966 Eusebius
2113 3912 2261 3980 [libro
2309 3912 2463 3965 tertio
2500 3910 2670 3964 medio
2713 3913 2923 3977 scribit,
2967 3911 3183 3966 Nicetas
3226 3919 3437 3975 autem,
3485 3913 3640 3966 unius
3658 3930 3694 3983 ge
3733 3931 3804 3968 ce-

578 4006 718 4060 teais
764 4015 974 4071 auctor,
1021 4006 1115 4060 sub
1151 4006 1307 4075 finem
1345 4022 1455 4060 sua:
1505 4006 1890 4060 lucubrationis
1919 4013 1975 4058 ut
2020 4021 2118 4073 par
2161 4014 2275 4059 erat
2308 4004 2514 4073 posuit,
2560 4020 2739 4071 nempe
2774 4005 2829 4058 in
2871 4006 3068 4074 pagina
3109 4002 3307 4057 codicis
3356 4008 3708 4062 trecentesimo
3739 4023 3803 4060 se-

577 4102 772 4169 ptima,
813 4114 932 4168 quas
967 4114 998 4150 a
1036 4096 1140 4167 fine
1172 4099 1253 4151 sui
1292 4097 1570 4152 voluminis
1613 4112 1798 4166 parum
1836 4096 1999 4150 abest.
2049 4093 2251 4152 Nicette
2287 4095 2516 4153 codicem
2570 4097 2688 4152 Vat.
2720 4097 2851 4152 1611
2897 4097 3072 4150 littera
3100 4094 3146 4147 A
3185 4095 3420 4165 designo.
3447 4095 3678 4150 Macarii
3707 4112 3800 4150 vero

578 4192 1020 4264 Chrysocephali,
1066 4192 1284 4246 diversa:
1334 4201 1532 4246 catente
1584 4191 1847 4257 auctocis,
1894 4190 1982 4261 qui
2027 4189 2153 4244 item
2192 4189 2598 4260 Theophaniam
2640 4190 2953 4244 nominatius
3009 4188 3300 4256 aliquando
3333 4189 3565 4256 ett-pilai,
3603 4190 3802 4244 codicem

590 4283 711 4340 Vat.
751 4281 892 4338 1610
922 4283 1110 4337 denoto
1145 4282 1324 4336 littera
1366 4283 1429 4338 Ε.
1454 4281 1603 4336 Alias
1645 4283 1852 4337 demum
1885 4291 2096 4336 catenas
2135 4282 2289 4345 duas,
2333 4280 2450 4336 Vat.
2495 4279 2616 4336 Pal.
2652 4281 2773 4335 Vat.
2811 4281 2880 4336 20
2912 4289 2962 4335 et
2995 4279 3173 4336 Ottob.
3213 4278 3336 4333 Vat.
3379 4273 3654 4350 100,'qua
3693 4281 3798 4332 mihi

577 4375 865 4448 symbolam
903 4376 1316 4446 fragmentorum
1352 4377 1538 4431 horum
1569 4376 1932 4444 contulerunt,
1963 4376 2150 4431 litteris
2181 4377 2222 4430 Β
2247 4385 2296 4429 ct
2322 4375 2364 4432 L
2391 4378 2712 4436 demonstro.
2758 4376 2983 4431 Unicum
3031 4375 3252 4446 denique
3294 4377 3522 4444 primum
3567 4376 3803 4446 fragmen-

577 4483 691 4531 tum
728 4489 794 4528 ea:
819 4474 974 4527 codd.
1014 4471 1398 4527 Mediolanensi
1425 4486 1479 4554 ,ει
1525 4473 1804 4528 Parisiaco
1836 4473 1992 4528 simul
2032 4475 2229 4546 adfuit.
2269 4473 2422 4528 IIanc
2453 4475 2626 4544 itaque
2665 4474 2967 4529 Graecorum
3013 4472 3363 4542 Theophaniw
3407 4471 3801 4543 fraginentorunt

579 4570 932 4638 tempestivam
958 4569 1134 4624 hercle
1170 4570 1450 4624 editionem
1487 4586 1624 4634 nunc
1646 4587 1803 4636 curo,
1833 4579 1942 4624 tum
1984 4581 2040 4624 ut
2074 4569 2291 4624 Eusebii
2321 4572 2551 4625 nativum
2582 4579 2802 4635 textum,
2837 4580 3093 4636 quantum
3135 4569 3219 4638 fas
3247 4575 3346 4632 est,
3393 4573 3458 4624 ab
3492 4571 3703 4625 interitu
3737 4583 3803 4621 re-

577 4676 782 4727 uocem;
805 4671 919 4715 tum
947 4672 1000 4715 ut
1041 4659 1205 4732 Syrus
1244 4662 1500 4730 interpres
1543 4661 1721 4732 sicubi:
1746 4672 1968 4716 mentem
2004 4663 2237 4716 auctoris
2277 4678 2380 4715 non
2413 4671 2489 4715 est
2528 4670 2799 4715 assecutus
2833 4661 2990 4729 (quod
3019 4661 3066 4714 ei
3109 4663 3391 4718 identidem
3434 4663 3687 4716 accidisse
3711 4659 3801 4712 sine

581 4751 740 4804 dubio
787 4752 1306 4822 animadvertimus),
1357 4752 1656 4806 authentico
1702 4751 2010 4805 documento
2056 4751 2378 4804 emendetur.
2420 4749 2534 4804 Nec
2582 4766 2708 4803 sane
2756 4750 2936 4803 dubito
2983 4750 3110 4819 quin
3163 4751 3385 4820 opellam
3430 4768 3599 4805 meam
3648 4751 3720 4806 vir
3745 4748 3798 4802 ιι·

582 4846 718 4902 Leus
748 4848 870 4902 boni
899 4849 1166 4916 consulat,
1211 4864 1390 4920 meque
1431 4850 1481 4902 ei
1518 4863 1830 4917 magnopere
1879 4847 2072 4916 favere,
2114 4855 2312 4899 certum
2356 4846 2563 4900 habeat.
2605 4844 2736 4900 Hcce
2777 4847 3022 4912 interim;
3061 4862 3283 4916 namque
3327 4858 3375 4901 et
3421 4847 3555 4900 alios
3594 4859 3700 4900 tum
3728 4844 3800 4896 abs

583 4937 710 5004 Leo,
763 4948 873 4993 tum
915 4941 979 4994 ab
1017 4941 1252 5011 ejusdem
1302 4941 1487 5012 gloria:
1525 4941 1668 4994 socio
1709 4940 1777 4996 cl.
1821 4939 1911 4996 W.
1951 4938 2230 5005 Curetono,
2268 4956 2448 4994 sacros
2493 4950 2770 5007 auctores,
2814 4939 3103 5008 priesertim
3155 4956 3400 5010 magnum
3438 4939 3800 4997 Athanasium,

584 5031 835 5102 Cyrillum
881 5045 1035 5104 atque
1083 5037 1476 5106 Ephrwmium,
1513 5048 1906 5106 exspectamus;
1934 5054 2062 5109 quos
2093 5053 2229 5092 nunc
2277 5038 2488 5108 quidem
2527 5037 2734 5107 cupidis
2783 5038 2930 5108 votis,
2955 5039 3274 5107 expetimus;
3304 5037 3482 5092 statim
3525 5052 3586 5090 ac
3619 5049 3728 5091 vero
3757 5033 3801 5084 is

586 5136 910 5196 conspectum
947 5130 1200 5198 venerint,
1231 5133 1672 5188 exosculabimur.
