4170 6406
1728 327 1814 387 DE
1855 322 2318 387 ΤΗΕΟΡΠᾹΝΙΛ.

3527 343 3633 398 610

393 499 3592 530 ———————————-—————————-——-—-—————-——————.—_—-

716 657 1440 779 ΕΥΣΕΒΙΟΥ
1500 654 1859 771 ΠΕΡΙ
1911 654 2212 766 ΤΗΣ
2271 653 3280 770 ΘΕΟΦΑΝΕΙΑΣ.

1187 1027 1750 1144 EUSEBII
1828 1019 2818 1141 C/ESARIENSIS

812 1265 1248 1359 OPERIS
1321 1266 1471 1356 DE
1548 1263 2346 1355 THEOPHANIA
2422 1263 3188 1356 FRAGMENTA.
3260 1305 3264 1312 ·

1072 1587 1130 1641 ar
1163 1585 1258 1658 (1).

439 1683 519 1756 (2)
554 1682 764 1751 Ὥσπερ
787 1679 844 1735 δὲ
870 1679 963 1733 ἐπὶ
981 1677 1075 1732 τοῦ
1102 1679 1222 1732 καθ’
1248 1679 1397 1749 ἡμᾶς
1437 1674 1896 1751 παραδείγματος,
1922 1681 1951 1733 ὁ

368 1776 471 1848 μὲν
496 1776 724 1846 ἀόρατος
752 1771 846 1826 καὶ
873 1768 1082 1842 ἀφανὴς
1109 1771 1166 1822 ὲν
1195 1771 1328 1841 ἡμῖν
1363 1768 1508 1836 νοῦς,
1551 1771 1609 1823 ὃν
1637 1771 1788 1834 ὅστις
1819 1771 1950 1823 ποτὲ

363 1869 463 1923 καὶ
504 1869 685 1930 ὁποῖος
727 1865 804 1918 ὢν
843 1865 947 1935 τὴν
989 1863 1178 1917 οὐσίαν
1213 1862 1469 1934 ὑπάρχει,
1505 1863 1680 1927 οὐδεὶς
1727 1863 1948 1917 πώποτε

362 1958 668 2032 ἀνθρώπων
702 1957 863 2026 ἔγνω,
896 1955 1147 2026 βασιλεὺς
1171 1955 1215 2007 δ’
1246 1949 1336 2009 οἷοι
1362 1958 1420 2007 ὲν
1446 1954 1779 2026 ἀπορρήτοις
1818 1955 1950 2009 είσω

361 2053 479 2116 τοῖς
524 2049 687 2104 αὐτοῦ
727 2048 973 2120 ταμείοις
1005 2046 1396 2117 καθιδρυμένος
1432 2045 1502 2099 τὰ
1540 2050 1814 2119 πρακταία
1850 2047 1946 2117 (2’)

363 2143 701 2216 βουλεύεταιν
729 2141 885 2210 λόγος
907 2141 951 2194 δ’
985 2139 1044 2204 se
1071 2139 1235 2193 αὑτοῦ
1274 2140 1508 2211 πρόεισι,
1549 2139 1839 2210 μονογενὴς
1860 2133 1947 2192 οἶα

362 2235 570 2307 πατρὸς
601 2235 658 2301 ἐξ
699 2232 906 2288 ἀδύτων
951 2230 1136 2302 μυχῶν
1178 2229 1597 2300 γεγεννημένος,
1642 2229 1701 2292 ὃς
1742 2230 1806 2302 δὴ
1852 2229 1947 2282 καὶ

357 2326 584 2398 πρῶτος
615 2325 724 2379 τῶν
754 2323 1034 2396 πατρικῶν
1075 2323 1188 2386 τοῖς
1222 2323 1354 2376 πᾶσι
1391 2319 1715 2375 καθίσταται
1737 2321 1945 2391 νοημάι-

357 2437 471 2474 των
497 2417 745 2488 ἅγγελος,
771 2419 850 2478 είς
886 2414 1118 2486 φανερόν
1150 2430 1209 2466 τε
1237 2411 1496 2484 κηρύττει
1523 2411 1590 2466 τὰ
1615 2414 1674 2467 ὲν
1699 2413 1948 2484 ἀπορρή-

352 2528 476 2575 τοις
502 2511 581 2581 τῷ
621 2507 788 2582 πατρὶ
825 2507 1242 2580 βεϐουλευμένα,
1287 2505 1470 2578 ἔργοις
1510 2523 1570 2560 τε
1613 2507 1850 2560 ἐπιτελεῖ
1876 2507 1944 2560 τά

358 2603 725 2674 βουλεύματα,
765 2601 969 2673 προῖὼν
997 2602 1076 2664 εἰς
1116 2600 1217 2664 τὰς
1256 2600 1475 2654 πάντων
1515 2599 1704 2663 ἀκοάς
1748 2597 1847 2652 εἷθ’
1895 2603 1943 2656 οἱ

360 2695 462 2766 μὲν
493 2693 595 2763 τῆς
623 2695 685 2746 ὲκ
713 2691 807 2746 τοῦ
830 2691 986 2761 λόγου
1015 2691 1520 2762 μεταλαμϐάνουσιν
1541 2689 1824 2759 ὠφελείας,
1854 2689 1944 2744 τὸν

355 2785 403 2837 δ’
444 2783 625 2854 ἀφανῆ
667 2783 760 2835 καὶ
801 2783 1030 2854 ἀόρατον
1072 2783 1196 2837 νοῦν
1240 2782 1331 2836 τὸν
1370 2780 1466 2834 τοῦ
1503 2781 1663 2849 λόγου
1705 2781 1938 2853 πατέρα,

356 2875 537 2938 οὐδεὶς
561 2873 780 2926 πώποτε
803 2874 1094 2946 ὀφθαλμῶν
1119 2869 1248 2927 εἶδε*
1275 2873 1415 2926 κατά
1439 2871 1611 2925 ταῦτα
1633 2871 1716 2943 δὴ,
1743 2871 1941 2940 μᾶλλον

1973 1599 2022 1655 Α

2125 1675 2282 1732 Sicut
2320 1679 2462 1734 enim
2490 1717 2506 1744 ,
2550 1685 2610 1732 tit
2661 1676 2972 1746 exemplum
3024 1690 3053 1729 a
3109 1676 3265 1732 nobis
3311 1688 3630 1752 sumamus,

2051 1777 2204 1824 mens
2238 1771 2289 1824 in
2323 1771 2480 1826 nobis
2511 1768 2803 1825 invisibilis
2830 1769 3116 1838 latensque
3153 1779 3234 1824 est
3259 1809 3274 1835 ,
3326 1786 3487 1840 quam
3517 1790 3629 1828 cu-

2043 1861 2281 1929 jnsmodi
2331 1863 2441 1926 sit,
2478 1863 2700 1930 cujusve
2747 1861 3106 1926 substantiae,
3157 1862 3339 1918 nullus
3392 1881 3628 1935 unquam

2051 1956 2212 2008 homo
2239 1955 2525 2022 cognovit;
2558 1955 2654 2009 sed
2686 1968 2747 2007 ea
2781 1954 2948 2008 veluti
2984 1967 3077 2007 rex
3103 1954 3325 2022 quidam
3361 1960 3412 2012 ln
3446 1972 3630 2014 secre-

2049 2047 2120 2101 tis
2145 2048 2258 2102 suis
2283 2046 2634 2101 conclavibus
2662 2047 2864 2100 sedens
2888 2087 2903 2112 ,
2931 2047 3058 2115 quid
3090 2047 3400 2105 faciendum
3433 2050 3505 2104 sit
3536 2051 3630 2106 de-

2047 2137 2274 2205 liberat;
2318 2139 2515 2194 deinde
2543 2151 2726 2192 sermo
2748 2152 2816 2192 ex
2851 2138 2966 2207 ipsa
2990 2139 3192 2207 prodit,
3245 2141 3402 2210 quasi
3437 2141 3630 2212 unige-

2047 2229 2194 2284 nitus
2224 2247 2254 2284 a
2284 2240 2438 2299 patre
2473 2231 2526 2285 in
2565 2229 2866 2284 reconditis
2895 2231 3270 2301 penetralibus
3300 2244 3625 2304 generatus;

2047 2321 2324 2390 quietiam
2375 2322 2584 2391 primus
2635 2333 2988 2394 paternarum
3040 2324 3505 2382 consultationum
3567 2329 3630 2384 ﬁt

2046 2413 2297 2479 nuntius,
2323 2422 2485 2482 atque
2512 2414 2565 2468 in
2588 2424 2833 2484 apertum
2865 2416 3193 2487 deprtedicat
3218 2431 3418 2473 arcana
3455 2421 3627 2489 patris

2045 2504 2292 2570 consilia,
2323 2515 2378 2560 et
2402 2519 2568 2574 opere
2594 2521 2708 2560 rem
2738 2507 3092 2563 deliberatam
3121 2508 3360 2579 perﬁcit,
3393 2512 3522 2568 dum
3555 2511 3624 2570 ad

2043 2597 2286 2649 omnium
2337 2611 2498 2653 aures
2543 2598 2792 2669 perfert;
2851 2599 3069 2654 interim
3129 2609 3310 2655 tamen
3373 2603 3623 2662 homines

2043 2686 2261 2756 quidem
2313 2690 2464 2745 verbi
2514 2690 2747 2746 utilitate
2808 2690 3087 2757 fruuntur,
3147 2695 3240 2750 sed
3293 2695 3620 2753 invisi‘bilem

2045 2789 2282 2835 mentem
2331 2782 2484 2838 verbi
2517 2793 2796 2853 parentem
2849 2799 3076 2854 prorsus
3123 2788 3298 2844 oculis
3337 2805 3440 2844 non
3491 2807 3617 2847 cer-

2043 2881 2212 2938 nunt;
2240 2871 2364 2936 hoc,
2391 2873 2633 2942 inquam,
2661 2876 2841 2941 modo,
2884 2876 2993 2932 imo
3013 2877 3180 2932 etiam
3206 2895 3368 2949 supra
3401 2895 3618 2938 omnem

354 2970 406 3022 δ’
441 2968 696 3021 ἐπέκεινα
723 2967 904 3038 πάσης
937 2967 1142 3029 εἰκόνος
1166 2966 1262 3019 καὶ
1299 2963 1762 3035 παραδείγματος,
1794 2963 1822 3014 ό
1847 2963 1941 3017 τοῦ

2044 2962 2336 3031 imaginem
2365 2973 2526 3034 atque
2559 2966 2886 3036 exemplum,
2909 2970 3146 3038 supremi
3184 2969 3278 3026 Dei
3307 2974 3621 3040 regnatoris

355 3056 750 3128 παμϐασιλέως
807 3055 941 3108 Θεοῦ
994 3054 1196 3117 τέλειος
1239 3053 1430 3121 Λόγος,
1493 3044 1579 3103 οἷα
1623 3049 1938 3121 μονογενὴς,

353 3149 422 3202 οὐ
467 3148 772 3220 προφορικῇ
811 3144 1038 3215 δυνάμει
1075 3141 1364 3205 συνεστὼς,
1395 3139 1503 3194 οὐδ’
1541 3139 1606 3192 ὲκ
1638 3137 1937 3204 συλλαϐῶν,

354 3241 643 3310 ὀνομάτων
685 3255 743 3296 τε
767 3237 862 3291 καὶ
895 3237 1154 3307 ῥημάτων
1188 3234 1286 3305 τὴν
1312 3233 1473 3301 φύσιν
1500 3231 1942 3301 κατεσκευασμέ-

352 3348 471 3395 νος,
502 3329 608 3384 οὐδ’
651 3332 708 3382 ὲν
737 3331 886 3399 φωνῇ
925 3327 992 3380 δι’
1035 3326 1195 3398 ἀέρος
1231 3324 1574 3396 πληττομένῃ
1610 3321 1940 3394 σημαινόμε-

351 3442 470 3492 νος,
497 3423 631 3478 Θεοῦ
662 3423 720 3477 δὲ
759 3422 852 3476 τοῦ
881 3423 972 3475 ἐπὶ
1011 3421 1227 3474 πάντων
1263 3417 1370 3483 ζῶν
1395 3418 1489 3470 καὶ
1513 3415 1740 3488 ἐνεργὴς
1760 3415 1939 3485 ὑπάρ-

352 3535 470 3590 χων
509 3516 638 3580 Υἱὸς
675 3516 865 3584 Λόγος,
908 3515 1028 3566 κατ’
1068 3509 1252 3567 οὐσίαν
1296 3527 1355 3563 τε
1386 3508 1632 3578 ὑφεστὼς
1673 3503 1762 3561 οἷα
1801 3505 1937 3560 Θεοῦ

350 3611 588 3682 δύναμις
620 3607 717 3663 καὶ
743 3607 876 3661 Θεοῦ
927 3606 1108 3674 σοφία,
1141 3601 1355 3675 πρόεισι
1401 3602 1497 3673 μὲν
1521 3601 1623 3672 τῆς
1665 3599 1939 3671 πατρικῆς

352 3703 636 3774 θεότητος,
653 3699 860 3769 ἀγαθοῦ
877 3699 932 3752 δὲ
953 3696 1157 3768 πατρὸς
1173 3695 1375 3763 ἀγαθὸν
1395 3693 1650 3763 τυγχάνει
1670 3691 1830 3760 γέννη
1841 3707 1935 3760 μα,

349 3793 627 3864 αὐτοζωὴ,
659 3791 926 3861 αὐτοφῶς,
965 3790 1212 3858 γέννημα
1259 3785 1444 3855 νοερὸν
1475 3783 1651 3854 φωτὸς
1681 3784 1933 3854 ἀλήκτου,

350 3885 446 3941 διὰ
465 3885 682 3938 πάντων
709 3882 922 3954 χωρῶν,
953 3883 1010 3934 ὲν
1041 3877 1174 3932 πᾶσί
1202 3893 1261 3929 τε
1286 3875 1362 3930 ὢν
1393 3878 1488 3928 καὶ
1537 3875 1717 3928 πάντα
1741 3875 1936 3926 ἐπιπο-

353 3978 668 4052 ρευόμενος.

1109 4060 1183 4113 B'.

431 4157 508 4227 (3)
547 4148 712 4219 Οὗτος
738 4155 767 4207 ὁ
796 4152 923 4224 παρ’
947 4153 1076 4223 ἡμῖν
1110 4147 1543 4222 θεολογούμενος,
1576 4145 1937 4218 προφητικαῖς

344 4249 561 4306 ἄνωθεν
594 4247 699 4320 πρὸ
733 4245 935 4316 μυρίων
972 4243 1178 4314 χρόνων
1214 4241 1461 4312 ἐγνώσθη
1488 4257 1547 4293 τε
1572 4234 1666 4292 καὶ
1695 4252 1935 4306 προεκη-

2042 3055 2343 3126 perfectum
2395 3057 2632 3111 Verbum
2657 3099 2672 3121 ,
2701 3074 2798 3114 ceu
2831 3061 3170 3132 unigenitum
3192 3103 3208 3128 ,
3237 3079 3342 3118 non
3373 3081 3440 3120 ex
3488 3081 3616 3137 pro-

2043 3147 2344 3202 nuntiativa
2384 3147 2563 3217 aliqua
2600 3151 2798 3206 virtute
2828 3155 3135 3212 consistens
3161 3197 3176 3223 ,
3225 3171 3401 3225 neque
3450 3157 3617 3229 sylla-

2040 3235 2230 3291 barum
2259 3277 2274 3304 ,
2307 3239 2587 3294 nominum
2611 3280 2626 3305 ,
2659 3243 3058 3315 verborumque
3095 3257 3346 3302 naturam
3375 3265 3572 3318 gerens
3597 3291 3615 3320 ,

2041 3343 2140 3384 nec
2165 3345 2269 3400 ope
2292 3333 2442 3387 vocis
2463 3349 2529 3388 ex
2557 3335 2699 3391 aeris
2737 3339 3081 3404 percussione
3103 3341 3487 3412 signiﬁcatum,
3522 3345 3618 3400 sed

2042 3422 2135 3478 Dei
2172 3426 2410 3495 supremi
2440 3428 2629 3484 vivens
2669 3445 3012 3501 Operansque
3057 3433 3229 3489 Filius
3260 3433 3496 3490 Verbum
3519 3451 3617 3491 ex-

2039 3515 2259 3582 sistens,
2287 3527 2336 3572 et
2374 3517 2591 3588 quidem
2617 3520 3070 3586 substantialiter,
3108 3533 3294 3594 utpote
3321 3525 3415 3581 Dei
3443 3527 3618 3584 virtus

2041 3616 2202 3676 atque
2231 3609 2494 3677 sapientia
2520 3650 2535 3674 ,
2564 3624 2628 3664 ex
2661 3622 2879 3680 paterna
2905 3613 3187 3670 divinitate
3229 3617 3408 3685 prodit
3433 3658 3448 3681 ,
3486 3617 3614 3674 boni

2041 3700 2210 3767 patris
2242 3699 2441 3754 bonum
2473 3717 2723 3772 germen,
2755 3703 2864 3757 vita
2895 3720 2994 3773 per
3035 3720 3127 3772 se,
3159 3721 3222 3762 ac
3253 3705 3364 3775 lux,
3398 3709 3612 3765 intelle-

2038 3791 2234 3846 ctualis
2272 3801 2649 3863 perpetuzeqne
2677 3794 2812 3850 lucis
2840 3797 3117 3864 genimen,
3153 3815 3249 3869 per
3281 3801 3464 3856 omnia
3495 3802 3609 3858 dis-

2038 3897 2286 3950 currens,
2327 3884 2527 3954 ubique
2565 3899 2822 3957 praesens,
2851 3897 3045 3943 cuncta
3084 3891 3412 3960 pervadens.

2108 4151 2227 4216 Hic,
2265 4169 2422 4222 quem
2461 4169 2558 4208 nos
2590 4153 2756 4209 Deum
2808 4157 3041 4212 dicimus
3067 4193 3082 4223 ,
3115 4158 3489 4227 vocibusajam
3521 4160 3612 4216 dit:

2038 4256 2166 4300 ante
2193 4248 2469 4315 complura
2491 4248 2686 4302 saecula
2723 4250 2958 4303 innotuit
2988 4261 3042 4304 et
3085 4254 3481 4320 prmnuntiatus
3509 4253 3614 4309 fuit

348 4341 532 4416 ρρχθη
574 4317 778 4409 φωναῑς
796 4354 809 4368 ο
837 4337 885 4390 οἳ
915 4335 1123 4389 καὶτὸν
1154 4335 1316 4388 τόπον
1343 4333 1443 4402 τῆς
1485 4329 1803 4399 θεοφανείας
1842 4327 1937 4381 αὑ-

2041 4336 2460 4405 prophetarum,
2489 4337 2580 4407 qui
2621 4345 2676 4392 et
2707 4337 2884 4391 locum
2919 4317 3118 4392 divinae
3150 4339 3268 4407 ejus
3295 4339 3614 4394 manifesta-

342 4433 471 4497 τοῦ,
497 4431 591 4485 καὶ
625 4428 849 4502 χρόνους
877 4428 976 4500 τῆς
1013 4426 1269 4496 ἀφίξεως,
1297 4425 1392 4478 καὶ
1419 4423 1620 4495 τρόπον
1653 4421 1745 4473 τοῦ
1787 4417 1925 4490 βίου,

343 4529 446 4585 καὶ
479 4525 757 4596 δυνάμεις,
793 4523 887 4576 καὶ
930 4519 1142 4592 λόγους,
1185 4520 1279 4574 καὶ
1315 4515 1714 4588 κατορθώματα
1761 4510 1927 4567 αὐτοῦ

344 4616 738 4692 προλαϐόντες,
765 4613 965 4682 βίὸλοις
983 4612 1155 4682 ἱεραῖς
1171 4607 1524 4677 ἐγκατέθεντο
1541 4605 1636 4672 (5).
1653 4633 1720 4644 ——
1737 4603 1810 4654 Τὸ
1821 4601 1890 4669 τὰ
1897 4618 1928 4671 ρ

357 4707 575 4781 Ἰησοῦς
605 4706 796 4768 ἰάσεως
821 4703 914 4756 καὶ
941 4700 1210 4771 σωτηρίας
1237 4697 1511 4769 προσφυὲς
1538 4696 1705 4764 ὄνομα
1731 4692 1794 4745 ἂν
1819 4691 1922 4760 εἴη·

345 4803 579 4872 σωτῆρα
605 4800 714 4869 γὰρ
744 4799 835 4850 κα)⁵
864 4797 1128 4866 σωτήριον
1153 4794 1186 4863 ὴ
1230 4790 1496 4860 Ἐϐραίων
1523 4787 1672 4857 φωνὴ
1696 4786 1786 4838 τὸν
1827 4784 1928 4854 Ἰη-

345 4894 480 4951 σοῦν
509 4890 698 4945 εἴωθεν
726 4888 928 4942 καλεῖν.

1106 4976 1179 5030 Γ’.

422 5081 503 5152 (5)
551 5077 664 5133 Καὶ
687 5076 914 5136 θάνατος
942 5071 1014 5140 (6)
1049 5067 1104 5122 δὲ
1131 5070 1160 5120 ὁ
1189 5065 1476 5138 βοώμενος,
1507 5063 1568 5117 ὃν
1594 5062 1658 5134 δὴ
1687 5057 1922 5131 ὑποστῆ-

341 5194 441 5234 ναι
475 5174 539 5227 τὸ
567 5171 660 5225 τοῦ
704 5169 876 5236 Λόγου
915 5163 1138 5234 ἄγαλμα
1178 5159 1330 5233 παρά
1367 5161 1481 5220 τοῖς
1512 5159 1678 5210 πᾶσιν
1711 5157 1925 5225 ἀνωμοι

423 5313 503 5386 (ι)
531 5310 591 5366 In
621 5309 807 5386 cogicp
833 5303 1215 5386 Μειέῖιιιέιιξειιεί
1265 5299 1454 5386 A91”-
1482 5298 1545 5352 ε·
1565 5291 1771 5386 ἔδερνς
1797 5294 1914 5386 .‘i‘f:

345 5385 406 5442 In
427 5367 652 5438 ‘rgatena
689 5379 859 5462 Epist.
887 5374 1166 5462 atlnl'leltg;
1194 5388 1244 5426 tv
1268 5411 1282 5436 ,
1317 5371 1403 5462 12,
1439 5371 1774 5462 ρτξξροειίιιὲιέ
1797 5367 1920 5462 huic

347 5441 662 5522 fragmento
695 5441 895 5522 titulus
931 5443 1238 5522 βὺσεϐίου
1284 5441 1920 5522 εὐαγγελικῇςηθεοφατ

341 5507 536 5592 istac.
568 5522 662 5592 (At
694 5519 756 5592 in_
777 5515 1045 5592 Parisiaco
1077 5522 1327 5592 incerte‘
1351 5507 1520 5592 estin
1553 5510 1651 5592 ed.‘
1673 5507 1919 5592 (ἐξείποι-ξ

342 5577 410 5666 p.
423 5577 856 5666 ί-ιέθξιιιειιόοεο
907 5582 1265 5666 είζαγγελικὰ
1293 5578 1672 5666 θεοςράνειᾳ..)Α
1685 5577 1921 5666 Prorsus

343 5647 532 5719 autem
555 5647 817 5730 'Grzecum
839 5647 1326 5730 bogirag'mentnm
1355 5647 1770 5730 _t_:ongrui_t__cum
1820 5647 1922 5716 Sy-

344 5733 500 5789 riaca
541 5746 635 5785 seu
666 5727 887 5799 Anglica
918 5720 1266 5793 Theophania:
1301 5721 1559 5783 editione,
1589 5720 1684 5775 lib.
1726 5733 1766 5784 ι,
1798 5732 1917 5787 cap.

339 5802 446 5868 13,
472 5819 525 5874 p.
554 5800 638 5856 1‘2.

2037 4425 2202 4480 tionis
2224 4466 2240 4493 ,
2273 4435 2326 4480 et
2355 4426 2612 4482 adventus
2647 4437 2890 4498 tempora
2917 4469 2931 4495 ,
2965 4438 3020 4482 et
3064 4427 3188 4482 vita:
3221 4429 3512 4491 rationem,
3556 4435 3611 4481 et

2036 4516 2317 4583 miracula,
2355 4528 2412 4572 et
2436 4533 2714 4574 sermones
2735 4560 2749 4584 ,
2787 4530 2842 4573 et
2870 4520 3086 4588 egregia
3118 4519 3382 4583 facinora,
3409 4520 3607 4573 vatici-

2038 4607 2125 4660 nio
2157 4618 2624 4677 pmoccupantes,
2658 4611 2827 4665 sacris
2871 4611 3026 4665 libris
3069 4612 3604 4666 commendaverunt.

2033 4727 2103 4738 --
2131 4698 2262 4752 Nam
2285 4699 2441 4754 Jesus
2480 4702 2748 4756 sanationi
2784 4712 2948 4772 atque
2978 4703 3135 4756 saluti
3165 4715 3464 4770 c0ngruum
3503 4715 3607 4755 no-

2035 4805 2154 4843 men
2187 4800 2289 4844 est.
2324 4789 2656 4846 Salvatorem
2687 4791 2830 4844 enim
2886 4805 2952 4845 ac
2991 4791 3284 4847 salutarem
3332 4790 3471 4846 solet
3501 4789 3606 4844 lin-

2033 4896 2134 4949 gua
2171 4879 2520 4936 Hebraeorum
2549 4883 2732 4938 dicere
2766 4882 2972 4937 Jesum.

2103 5064 2247 5118 Mors
2282 5079 2496 5135 quoque
2520 5065 2607 5120 illa
2642 5065 2874 5120 celebris
2904 5103 2919 5130 ,
2951 5080 3114 5136 quam
3163 5063 3331 5121 Verbi
3379 5065 3604 5120 simula-

2032 5170 2183 5208 crmn
2219 5156 2534 5220 pertulisse,
2569 5155 2621 5206 in
2650 5153 2901 5207 confesso
2928 5153 3068 5222 apud
3111 5168 3301 5208 omnes
3337 5163 3445 5220 est,
3495 5169 3600 5208 non

2071 5292 2174 5376 _('2)
2226 5288 2540 5362 TheOpban.
2593 5290 2715 5362 Syr.
2749 5291 2866 5347 sive
2914 5292 3200 5362 Anglican.
3236 5292 3332 5348 lib.
3379 5308 3420 5360 ι,
3477 5308 3595 5363 cap.

2031 5362 2481 5503 2‘1)(.2')_Fort:t_§se
2511 5430 2610 5503 leg.
2642 5430 2912 5503 πρακτέα.
2949 5430 3107 5486 Eon.

2096 5475 3107 5573 23)'tioﬁ."ﬁl.'A‘T'r."iZI'ESti."v"£t'.'
3128 5503 3188 5559 E.
3221 5503 3257 5558 τ.
3289 5501 3377 5560 63.
3406 5503 3459 5558 b.
3491 5503 3596 5559 Th.

2029 5571 2153 5643 Syr.
2182 5572 2274 5626 lib.
2306 5587 2542 5643 ηκτοι).
2569 5572 2661 5626 25.

2100 5644 2176 5714 (μί)
2205 5643 2336 5714 Qud.
2378 5642 2437 5696 Ε.
2476 5643 2636 5714 !._37.
2669 5641 2721 5696 Ι).
2753 5640 2857 5714 Ib.
2893 5641 3016 5714 Syr.
3048 5657 3131 5705 Ill,
3166 5643 3256 5714 §0.

2101 5711 2181 5785 (ὅ)
2209 5712 2344 5785 (Sed.
2375 5715 2440 5773 Α.
2469 5713 2506 5768 Ι.
2530 5712 2656 5766 307.
2685 5716 2737 5785 b.
2765 5712 2866 5785 Th.
2895 5711 3016 5785 Syr.
3040 5728 3126 5785 Am,
3151 5713 3239 5775 M,
3263 5713 3350 5777 42,
3375 5711 3467 5766 45.

2087 5783 2176 5857 (6)
2212 5784 2345 5842 Cod.
2379 5785 2639 5841 mendose
2662 5783 2826 5846 αὑτός
2861 5800 2959 5854 pro
2988 5783 3238 5846 θάνατος.
