4000 6398
531 369 639 433 f'll

1240 369 1509 432 EUSEBII
1549 357 2023 427 CAESARIEN-SIS
2061 365 2212 423 OPP.
2249 355 2431 419 PARS
2468 363 2557 418 lV.
2598 396 2667 409 —
2703 359 3124 417 DOGMATICA.

3696 356 3829 411 612

542 493 663 548 sine
711 493 916 566 ingenti
948 492 1202 562 prodigio
1238 493 1360 556 fuit,
1395 493 1638 560 nihilque
1668 505 1958 544 commune
1991 502 2115 543 cum

2235 484 2460 555 ιόγηται,
2508 481 2698 536 πολλοῦ
2757 481 2973 554 μετέχει
3025 478 3120 532 τοῦ
3163 476 3462 548 θαύματος,
3509 476 3572 530 οὐ
3626 474 3824 538 κοινὸς

541 583 770 654 reliquis
796 584 1006 638 habuit.
1049 583 1234 652 Neque
1279 585 1424 636 enim
1459 585 1650 637 morbo
1689 583 1993 637 exstinctus
2031 590 2115 636 est

542 677 812 738 Christus,
837 683 932 728 aut
964 675 1176 741 laqueo,
1203 685 1297 728 aut
1323 675 1465 744 ignee,
1493 687 1666 743 neque
1698 675 1750 727 in
1788 676 1904 739 ipso
1936 675 2116 729 crucis

543 779 746 836 tropa’o
779 778 932 834 aeque
960 781 1023 819 ac
1040 767 1221 820 caeteri
1256 766 1486 837 maleﬁci
1516 769 1661 819 ferro
1691 766 1935 820 succisus
1964 765 2063 818 fuit
2095 781 2110 829 ;

541 875 718 927 neque
751 858 846 914 abs
892 859 1083 928 quovis
1115 858 1336 913 homine
1380 858 1720 912 mortiferum
1755 857 1956 927 aliquid
1994 873 2117 926 pas-

539 967 655 1016 sus,
687 952 978 1006 violentam
1009 951 1267 1006 sustinuit
1295 965 1479 1004 necem
1508 967 1522 1018 ;
1567 950 1659 1005 sed
1711 960 1835 1004 tunc
1883 961 2118 1004 tantum-

542 1046 703 1099 modo
727 1059 852 1099 cum
893 1045 1008 1112 ipse
1039 1054 1232 1111 sponte
1256 1057 1519 1112 organum
1547 1057 1708 1095 suum
1737 1043 1979 1097 inimicis
2009 1053 2118 1096 tra-

539 1135 716 1200 didit;
750 1149 984 1204 moxque
1021 1134 1148 1188 illud
1200 1136 1268 1189 de
1309 1144 1454 1188 terra
1486 1133 1794 1188 suscitavit.
1827 1133 2038 1202 Quippe
2069 1134 2117 1189 is

541 1228 721 1281 valide
769 1227 1083 1280 exclamans
1108 1267 1123 1292 ,
1168 1225 1428 1295 Patrique
1458 1227 1708 1295 Spiritum
1735 1227 2118 1282 commendare

543 1334 603 1374 se
630 1319 837 1383 dicens,
867 1319 982 1387 ipse
1014 1327 1190 1372 semet
1226 1318 1502 1373 dimittens
1538 1333 1769 1388 corpore
1799 1334 1897 1372 suo
1925 1334 2116 1374 exces-

541 1410 636 1463 sit.
671 1409 794 1462 ldeo
821 1409 984 1462 etiam
1024 1417 1148 1461 ante
1185 1418 1438 1473 mortem,
1474 1407 1835 1463 familiaribus
1868 1410 1982 1464 suis
2017 1410 2118 1465 hoc

544 1500 949 1570 signiﬁcaverat
979 1501 1166 1555 dicens
1198 1515 1213 1553 :
1243 1499 1413 1554 Nemo
1450 1501 1586 1554 tollit
1615 1504 1845 1555 animum
1882 1519 2048 1556 meam
2087 1521 2118 1556 a

543 1609 646 1655 me,
701 1592 790 1645 sed
839 1609 930 1660 ego
983 1593 1195 1660 ipsemet
1231 1608 1346 1645 eam
1379 1609 1514 1658 pono
1544 1609 1562 1645 :
1592 1603 1902 1662 potestatem
1957 1594 2119 1646 habeo

545 1686 774 1755 ponendi
803 1702 918 1739 eam
939 1725 959 1752 ,
1003 1695 1048 1739 et
1081 1695 1387 1756 potestatem
1417 1687 1584 1742 habeo
1633 1689 1827 1742 iterum
1879 1689 2118 1742 sumendi

543 1793 662 1832 eam
694 1778 760 1832 ⁸⁷.

619 1959 759 2026 Quid
789 1974 920 2029 ergo
949 1968 1070 2029 post
1096 1959 1210 2014 haec
1227 1958 1338 2028 jam
1366 1969 1616 2030 superest
1636 2000 1651 2022 .
1698 1961 1803 2016 nisi
1835 1961 2010 2032 ipsum
2040 1971 2122 2017 to-

549 2049 659 2103 tius
702 2050 774 2103 rei
809 2059 990 2116 caput,
1021 2064 1315 2118 quamnam
1344 2066 1565 2106 causam
1587 2052 1865 2116 habuerit,
1899 2067 2122 2106 enarra-

547 2156 611 2196 re
637 2142 660 2195 ἶ)
683 2141 1084 2212 fatnigeratu-m,
1123 2142 1366 2210 inquam,
1398 2143 1522 2196 vitae
1549 2143 1734 2208 ﬁnem,
1772 2153 1828 2198 et
1857 2144 2122 2212 passionis

548 2238 769 2290 modum
798 2251 813 2298 ;
860 2248 1070 2289 necnon
1099 2245 1223 2304 post
1249 2250 1436 2288 necem
1469 2275 1483 2299 ,
1521 2235 1940 2289 resurrectionis
1975 2234 2122 2304 ejus-

547 2329 669 2382 (lem
719 2329 919 2397 grande
969 2328 1316 2383 miraculum.
1360 2327 1638 2396 Siquidem
1672 2328 1837 2400 igitur
1864 2329 1970 2382 alio
2024 2329 2124 2382 ali-

547 2435 654 2489 quo
689 2419 866 2482 modo,
903 2431 1024 2488 post
1054 2433 1206 2474 suam
1237 2435 1359 2474 cum
1403 2421 1714 2476 hominibus
1740 2421 2122 2476 conversatio-

547 2525 694 2574 nem,
723 2519 943 2579 repente
974 2509 1261 2564 invisibilis
1291 2511 1514 2565 abiisset
1534 2549 1549 2574 ,
1587 2522 1760 2565 semet
1788 2512 1904 2580 ipse
1940 2529 2126 2567 sumn-

547 2618 655 2671 que
683 2617 1002 2671 corporeum
1037 2600 1387 2654 simulacrum
1416 2601 1554 2656 clam
1592 2603 1919 2658 subtrahens
1944 2644 1958 2667 ,
2000 2603 2124 2674 fuga

548 2703 782 2748 mortem
820 2694 993 2746 vitare
1031 2704 1321 2762 satagens;
1351 2703 1406 2749 et
1439 2695 1636 2748 deinde
1684 2696 1799 2764 ipse
1836 2697 2124 2751 mortalem

549 2794 763 2854 partem
794 2800 946 2839 suam
999 2785 1304 2854 corruptela
1353 2793 1409 2840 et
1457 2787 1824 2841 destructione
1873 2802 2129 2841 consum-

549 2877 774 2946 psisset,
795 2889 853 2928 ea
887 2889 973 2928 res
1006 2889 1102 2944 par
1124 2875 1490 2942 phantasmati
1515 2877 1772 2931 omnibus
1800 2877 1912 2931 visa
1945 2890 2124 2946 esset;

551 2980 728 3034 neque
775 2979 874 3033 pro
900 2979 995 3018 sua
1026 2964 1289 3035 dignitate
1317 2966 1538 3035 egisset,
1592 2973 1681 3036 qui
1727 2977 1848 3022 erat
1872 2969 1965 3023 Dei
1995 2969 2128 3023 Ver-

551 3054 683 3109 bum
721 3055 902 3109 vivens
960 3065 1120 3123 atque
1174 3055 1381 3120 virtus;
1441 3071 1618 3125 neque
1669 3060 1932 3114 rescitum
1982 3071 2128 3115 esset

2218 580 2329 640 τοῖς
2373 577 2581 640 λοιποῖς
2623 575 3010 645 γεγενημένος
3050 573 3110 625 οὐ
3153 570 3263 642 γὰρ
3302 571 3442 640 νόσῳ
3481 569 3824 638 διαφθαρεὶς

2221 668 2344 721 οὐδὲ
2384 667 2582 739 βρόχῳ,
2609 664 2730 718 οὐδὲ
2761 665 2915 738 πυρὶ,
2964 663 3085 716 οὐδὲ
3136 663 3242 732 μὴν
3283 660 3400 714 κατ’
3445 661 3576 713 αὐτὸ
3604 659 3670 712 τὸ
3707 658 3821 712 τοῦ

2219 759 2454 829 σταυροῦ
2505 758 2768 829 τρόπαιον
2815 755 3017 826 ὁμοίως
3067 757 3179 818 τοῖς
3221 755 3427 816 λοιποῖς
3473 751 3822 823 κακούργοις

2218 851 2549 923 ὑποτμηθεὶς
2585 849 2808 921 σιδήρῳ,
2843 848 2952 901 οὐδ’
2989 847 3125 911 ὅλως
3155 846 3291 918 πρός
3320 863 3464 909 τινος
3498 845 3821 919 ἀνθρώπων

2221 943 2409 999 παθών
2452 961 2504 996 τι
2541 940 2650 994 τῶν
2690 942 2936 1011 ἀναιρεῖν
2974 938 3266 1002 εἰωθότων,
3307 938 3487 1008 βιαίαν
3540 939 3820 1008 ὑπέμεινε

2218 1036 2491 1107 τελευτήν·
2543 1033 2658 1088 ἀλλ’
2693 1033 2768 1096 ὡς
2803 1032 2974 1095 αὐτὸς
3023 1033 3181 1102 μόνον
3223 1031 3366 1085 ἑκὼν
3408 1031 3698 1102 παρεδίδου
3749 1031 3824 1082 τὸ

2215 1123 2385 1178 ἀὐτοῦ
2429 1123 2655 1194 ὖργανον
2693 1123 2806 1185 τοῖς
2841 1120 3284 1174 ἐπιϐουλεύουσι·
3321 1119 3383 1172 τὸ
3419 1122 3516 1190 μὲν
3555 1120 3669 1173 ἀπὸ
3705 1121 3822 1189 γῆς

2220 1213 2526 1285 ἀνωρθοῦτο
2555 1212 2769 1266 αὐτίκα·
2797 1215 2825 1266 ὁ
2849 1212 2908 1265 δὲ
2935 1213 3188 1283 φωνήσας
3215 1211 3380 1283 μέγα,
3410 1213 3504 1264 καὶ
3526 1212 3604 1282 τῷ
3629 1215 3747 1265 Πατ
3759 1213 3824 1282 pi.

2219 1305 2280 1356 τὸ
2323 1304 2538 1375 πνεῦμα
2583 1302 2981 1376 παρατίθεσθαι
3023 1297 3214 1365 εἰπὼν,
3262 1301 3464 1371 ἄφετος
3504 1301 3672 1364 αὐτὸς
3715 1304 3821 1370 ἀφ’

2223 1397 2415 1450 ἐαυτοῦ
2445 1398 2541 1467 τὴν
2570 1400 2634 1450 ὲκ
2661 1395 2755 1448 τοῦ
2789 1395 3051 1466 σώματος.
3065 1393 3410 1466 ἀναχώρησιν
3441 1396 3702 1447 ἐποιεῖτο·
3733 1393 3825 1446 διὸ

2221 1495 2284 1565 δὴ
2313 1495 2418 1565 πρὸ
2449 1494 2542 1547 τοῦ
2581 1495 2814 1548 θανάτου
2843 1496 2956 1557 τοῖς
2983 1491 3144 1545 αὑτοῦ
3168 1491 3462 1563 γνωρίμοις
3491 1490 3655 1544 τοῦτο
3681 1490 3824 1543 αὑτὸ

2223 1588 2506 1659 παρεδίδου
2541 1587 2808 1642 διδάσκων
2857 1588 2952 1641 καὶ
2993 1585 3188 1652 λέγων·
3239 1583 3449 1648 Οὐδεὶς
3497 1583 3655 1651 αἴρει
3699 1581 3826 1646 τὴν

2223 1680 2433 1750 ψυχήν
2456 1697 2576 1749 μου
2603 1682 2704 1734 ἀπ’
2733 1679 2903 1749 ἐμοῦ,
2941 1679 3080 1734 ἀλλ’
3105 1678 3220 1748 ἐγὼ
3250 1678 3449 1744 τίθημι
3481 1674 3686 1743 αὐτὴν
3713 1675 3824 1728 ἀπ’

2223 1772 2503 1838 ἐμαυτοῦ·
2535 1771 2828 1836 ἐξουσίαν
2863 1772 2981 1841 ἔχω
3007 1770 3196 1826 θεῖναι
3235 1767 3452 1837 αὐτὴν,
3483 1767 3582 1821 καὶ
3619 1767 3827 1822 πάλιν

2221 1867 2512 1932 ἐξουσίαν
2533 1867 2652 1935 ἔχω
2682 1865 2892 1919 λαϐεῖν
2917 1863 3129 1930 αὑτήν.

2295 1961 2372 2030 (7)
2415 1961 2478 2013 Τί
2508 1957 2600 2014 οὖν
2625 1960 2718 2012 ἐπὶ
2758 1959 2970 2023 τούτοις
3007 1958 3276 2019 λείπεται,
3305 1956 3337 2028 ἢ
3365 1956 3496 2009 αὐτὸ
3524 1955 3591 2025 δὴ
3621 1954 3692 2007 τὸ
3725 1953 3826 2007 τοῦ

2224 2053 2425 2116 παντὸς
2485 2052 2780 2122 κεφάλαιον
2837 2051 3029 2104 ὁποίαν
3089 2049 3247 2119 ἔσχεν
3292 2049 3470 2102 αἰτίαν
3537 2047 3826 2111 ἐξειπεῖν;

2223 2146 2367 2214 λέγω
2408 2145 2463 2198 δὲ
2496 2145 2557 2196 τὸ
2596 2142 3031 2214 πολυθρύλλητον
3072 2141 3165 2194 τοῦ
3208 2140 3324 2210 βίου
3368 2139 3538 2202 τέλος,
3583 2140 3687 2192 καὶ
3725 2137 3827 2190 τοῦ

2226 2239 2432 2302 πάθους
2463 2238 2553 2292 τὸν
2596 2237 2820 2308 τρόπον,
2855 2237 2948 2290 καὶ
2973 2236 3074 2306 τῆς
3106 2235 3246 2306 μετὰ
3279 2234 3370 2287 τὸν
3413 2233 3647 2286 θάνατον
3689 2234 3827 2285 ἀνα-

2227 2329 2466 2391 ϐιώσεως
2490 2327 2656 2382 αὑτοῦ
2681 2327 2740 2380 τὸ
2765 2326 2906 2397 μέγα
2931 2325 3134 2396 θαῦμα.
3161 2327 3223 2378 Εἰ
3250 2325 3347 2395 μὲν
3370 2320 3462 2378 οὖν
3489 2324 3673 2385 ἄλλως
3707 2342 3830 2386 πως

2231 2421 2370 2493 μετὰ
2404 2420 2502 2483 τὰς
2545 2421 2602 2473 ἐν
2647 2417 2956 2490 ἀνθρώποις
2995 2417 3276 2487 διατριϐάς
3314 2417 3524 2486 ἀφανὴς
3574 2416 3831 2485 γεγονὼς

2228 2514 2485 2583 ἐξαίφνης
2527 2511 2768 2583 άπέπτη,
2810 2510 3121 2581 ὑποκλέψας
3175 2509 3348 2582 λάθρα
3387 2510 3580 2563 ἐαυτὸν
3621 2509 3730 2562 καὶ
3769 2509 3830 2563 ea

2227 2607 2425 2658 οἰκεῖον
2450 2603 2696 2674 ἄγαλμα,
2733 2605 2878 2674 φυγῇ
2919 2603 3012 2656 τὸν
3052 2601 3278 2656 θάνατον
3321 2600 3605 2673 διαδράναι
3651 2618 3832 2654 σπου-

2228 2699 2418 2762 δάσας,
2440 2686 2677 2751 κᾶπειτά
2705 2713 2807 2748 που
2833 2695 2894 2748 τὸ
2916 2695 3108 2767 θνητὸν
3135 2695 3296 2759 αὐτὸς
3319 2695 3388 2748 δι’
3409 2693 3608 2748 ἑαυτοῦ
3638 2694 3829 2765 φθορᾷ

2230 2792 2323 2845 καὶ
2351 2789 2597 2860 ἀπωλείᾳ
2618 2788 2946 2860 συνεψήσας,
2971 2789 3216 2857 φάσματι
3240 2787 3307 2841 ἂν
3330 2787 3490 2857 ἐῴκει
3514 2789 3634 2849 τοῖς
3660 2789 3826 2839 πᾶσιο

2231 2884 2325 2938 καὶ
2353 2885 2453 2936 οὐκ
2479 2882 2544 2936 ἃν
2568 2882 2728 2944 αὐτὸς
2753 2880 2902 2952 αὐτῷ
2923 2879 2991 2933 τὰ
3016 2880 3297 2951 πρέποντα
3323 2878 3682 2951 διεπράξατο,
3716 2877 3826 2943 ζῶν

2235 2977 2332 3046 μὲν
2359 2975 2638 3044 τυγχάνων
2665 2974 2758 3025 καὶ
2789 2969 2925 3025 Θεοῦ
2959 2971 3152 3039 Λόγος’
3170 2970 3263 3024 καὶ
3298 2969 3552 3040 δύναμις,
3593 2968 3722 3022 οὔτ’
3760 2971 3826 3024 ἂν

2231 3067 2476 3139 ἐγνώσθη
2497 3069 2604 3136 ὅπη
2627 3065 2759 3118 ποτὲ
2777 3065 2990 3135 ὑπῆρχε
3010 3064 3284 3134 χωρήσας,
3305 3060 3416 3113 οὒτ’
3441 3061 3508 3114 ἂν
3532 3060 3826 3131 ὲπιστώθη

552 3163 792 3216 quonam
829 3149 1190 3213 exceSsisset;
1247 3163 1422 3216 neque
1469 3150 1518 3204 id
1572 3152 1839 3205 creditum
1875 3162 2020 3207 esset
2057 3153 2125 3207 ab

2235 3162 2342 3222 τοῖς
2399 3159 2472 3230 μὴ
2516 3157 2927 3229 παρειληφόσιν,
2969 3153 3084 3206 οὔτ’
3130 3153 3196 3206 ἂν
3235 3152 3465 3205 θανάτου
3504 3151 3608 3223 τὴν
3653 3151 3826 3220 φύσιν

556 3245 666 3299 iiiis
694 3245 891 3314 quibus
923 3243 1285 3312 signiﬁcatum
1324 3258 1428 3296 non
1458 3241 1649 3296 fuisset
1682 3261 1697 3308 ;
1749 3258 1921 3311 neque
1967 3252 2124 3297 natu-

556 3337 747 3390 raliter
777 3345 950 3390 morte
979 3337 1170 3390 fortior
1216 3335 1592 3405 apparuisset;
1636 3347 1809 3402 neque
1843 3334 2127 3402 ipropriam

558 3439 816 3481 naturam
847 3443 876 3480 a
915 3427 1254 3482 mortalitate
1287 3427 1664 3490 liberavisset;
1709 3439 1881 3494 neque
1928 3441 1989 3478 ea
2040 3441 2130 3480 res

524 3533 526 3536 '
556 3519 755 3572 totoab
793 3518 1102 3572 hominibus
1136 3517 1380 3571 habitato
1411 3513 1542 3568 orbe
1564 3513 1814 3568 exaudita
1833 3524 1980 3568 esset
2003 3531 2018 3579 ;
2044 3528 2132 3566 ne-

557 3627 664 3680 que
682 3610 964 3680 discipulis
992 3609 1107 3663 suis
1133 3610 1324 3662 mortis
1348 3615 1716 3675 contemptum
1733 3607 2129 3675 persuasisset;

561 3715 735 3769 neque
763 3698 1056 3769 magisterii
1089 3697 1173 3750 sui
1206 3696 1443 3750 alumnis
1472 3697 1591 3750 vita:
1611 3707 1728 3766 post
1757 3695 1960 3748 obitum
1990 3695 2132 3763 apud

559 3791 728 3845 Deum
787 3791 1005 3861 agendae
1040 3804 1188 3858 spem
1238 3787 1524 3842 obtulisset
1557 3803 1572 3851 ;
1609 3801 1784 3854 neque
1818 3801 2131 3840 sermonum

559 3900 781 3939 suorum
815 3884 1079 3952 promissa
1114 3880 1553 3950 adimplevisset;
1589 3893 1765 3948 neque
1801 3879 2134 3948 propheticis

563 3977 631 4030 de
683 3992 741 4030 se
778 3973 1221 4043 praedictionibus
1265 3987 1559 4041 congruum
1605 3972 1810 4025 exitum
1851 3972 2135 4039 praestitis-

563 4078 681 4132 set;
713 4080 886 4134 neque
915 4077 1248 4134 postremum
1275 4064 1517 4117 omnium
1562 4063 1870 4118 conﬂictum
1897 4102 1913 4128 ,
1943 4065 2131 4118 videli-

565 4169 652 4212 cet
675 4159 937 4212 adversus
969 4169 1221 4224 mortem,
1253 4157 1665 4212 decertavisset.

606 4251 866 4321 :Propter
921 4252 1034 4306 lia-e
1100 4253 1321 4313 omnia.
1380 4253 1505 4320 quia
1569 4265 1790 4320 prorsus
1850 4251 2135 4320 oportebat

563 4345 794 4399 mortale
820 4358 1122 4412 organum,
1157 4353 1276 4411 post
1307 4342 1582 4395 suliiciens
1633 4341 1989 4394 ministerium
2027 4343 2135 4396 Deo

568 4433 744 4489 Verbo
772 4434 1098 4495 exhibitura,
1121 4436 1278 4485 tinem
1316 4435 1424 4486 Deo
1440 4433 1661 4501 dignum
1691 4434 1956 4498 nancisci,
1988 4433 2130 4495 ideo,

2235 3252 2409 3321 ἐφάνη
2440 3250 2723 3322 κρείττων,
2753 3246 2864 3301 οὔτ’
2893 3247 2958 3300 ἂν
2994 3245 3056 3298 τὸ
3081 3245 3272 3314 θνητὸν
3294 3245 3395 3314 τῆς
3429 3243 3641 3306 οἰκείας
3666 3244 3828 3312 ἠλευο

2236 3343 2396 3415 θέρου
2426 3342 2658 3412 φύσεως,
2689 3340 2805 3394 οὒτ’
2852 3338 2917 3393 ἂν
2950 3338 3070 3392 καθ’
3107 3337 3234 3407 ὅλης
3274 3339 3372 3406 τῆς
3404 3333 3720 3406 ἀνθρώπων
3750 3336 3827 3388 οἱ·

2237 3435 2507 3506 κουμένης
2529 3433 2791 3503 ¹ἰνικούσθη,
2814 3431 2925 3485 οὒτ’
2949 3429 3014 3483 ἂν
3048 3429 3279 3482 θανάτου
3307 3429 3671 3498 καταφρονεῖν
3701 3428 3828 3490 τοὺς

2236 3527 2399 3582 αὐτοῦ
2439 3526 2686 3598 μαθητὰς
2718 3526 2956 3587 ἔπεισεν,
3007 3521 3117 3575 οὔτ’
3170 3521 3235 3574 ἂν
3268 3521 3365 3591 τῆς
3415 3519 3550 3590 μετὰ
3589 3518 3829 3572 θάνατον

2239 3619 2389 3691 παρὰ
2416 3617 2534 3688 Θεῴ
2567 3616 2711 3688 ζωῆς
2742 3619 2852 3679 τοῖς
2887 3614 2983 3686 τὴν
3013 3611 3178 3666 αὑτοῦ
3206 3609 3551 3664 διδασκαλίαν
3600 3611 3828 3680 μετιοῦ-

2240 3730 2322 3766 σιν
2351 3709 2583 3784 [ἐλπίδα]
2629 3709 3029 3781 παρεστήσατο,
3064 3703 3176 3758 οὔτ’
3205 3704 3270 3758 ἂν
3303 3703 3413 3756 τῶν
3449 3703 3618 3756 αὐτοῦ
3651 3703 3828 3771 λόγων

2238 3805 2335 3868 τὰς
2376 3802 2707 3872 ἐπαγγελίας
2738 3801 3000 3871 ἐπλήρου,
3031 3797 3140 3852 οὒτ’
3185 3797 3251 3850 ἂν
3290 3798 3408 3860 ταῖς
3450 3800 3828 3867 προφητικῶς

2240 3899 2367 3969 περὶ
2403 3895 2566 3950 αὑτοῦ
2595 3895 2928 3965 προρρήσεσι
2956 3890 3222 3961 σύμφωνα
3248 3891 3472 3958 παρεῖχε
3501 3887 3570 3940 τὰ
3620 3889 3828 3941 amca.

2239 3992 2508 4061 λέσματα,
2556 3987 2668 4041 οὒτ’
2709 3987 2773 4039 ἂν
2819 3985 2909 4038 τὸν
2937 3984 3166 4036 ὕστατον
3219 3981 3470 4034 ἁπάντων
3499 3979 3696 4048 ἀγῶνα
3723 3981 3836 4052 διη-

2242 4083 2447 4154 θλήκει·
2483 4075 2636 4144 οὗτος
2658 4080 2701 4132 δ’
2729 4075 2798 4151 ἦν
2829 4079 2857 4131 ὁ
2879 4075 3017 4132 κατὰ
3045 4075 3137 4129 τοῦ
3175 4075 3403 4128 θανάτου
3440 4072 3538 4146 (8).

2311 4263 2400 4315 Διὸ
2451 4262 2516 4333 δὴ
2556 4259 2759 4314 τούτων
2810 4259 2969 4310 ἕνεκα
3023 4254 3261 4317 πάντων,
3308 4252 3493 4323 ἐπειδὴ
3537 4253 3723 4324 ἐχρῆν
3779 4253 3837 4317 ἐξ

2243 4354 2478 4416 ἅπαντος
2507 4348 2566 4405 τὸ
2599 4349 2790 4420 θνητὸν
2823 4349 3048 4418 ὄργανον
3099 4345 3236 4416 μετὰ
3279 4345 3377 4415 τὴν
3419 4344 3678 4413 αὐτάρκη
3712 4344 3832 4398 δια-

2242 4445 2425 4498 κονίαν
2469 4447 2536 4514 ἢν
2573 4443 2650 4514 τῷ
2699 4441 2820 4511 Θεῷ
2855 4439 3012 4508 Λόγῳ
3051 4438 3429 4508 διηκονήσατο,
3467 4435 3663 4498 τέλους
3716 4435 3837 4488 θεο-

564 4529 810 4598 inquam,
853 4527 959 4580 tale
992 4527 1182 4580 mortis
1207 4539 1378 4593 genus
1405 4525 1588 4593 elegit.
1638 4523 1766 4576 Nam
1817 4540 1982 4591 quum
2021 4529 2119 4578 dua

2243 4535 2486 4607 πρεποῦς
2518 4536 2721 4603 τυχεῖν,
2756 4529 2930 4602 ταύτῃ
2968 4547 3042 4598 πη
3076 4525 3224 4596 αὐτῷ
3250 4524 3343 4578 καὶ
3371 4524 3399 4574 ὁ
3426 4523 3664 4586 θάνατος
3692 4521 3836 4594 ᾠκο-

563 4618 1052 4676 consummatiOuis
1111 4617 1348 4670 rationes
1414 4617 1784 4669 tantummodo
1841 4617 2130 4678 adessent.

564 4727 758 4780 nempe
788 4711 868 4766 vel
908 4710 1230 4779 corruptelae
1263 4719 1426 4778 atque
1476 4709 1641 4762 exitio
1677 4719 1843 4760 totmn
1876 4708 2090 4763 tradere
2116 4748 2132 4772 ,

566 4815 729 4872 atque
756 4806 828 4858 ita
858 4802 1228 4871 turpissimum
1261 4801 1439 4855 facere
1473 4801 1594 4854 vita:
1638 4799 1835 4864 tinent;
1871 4799 1951 4852 vel
1973 4801 2129 4852 morti

566 4895 900 4963 superiorem
937 4904 1108 4948 semet
1131 4893 1439 4955 ostendere,
1477 4891 1658 4945 divina
1688 4891 1883 4944 virtute
1912 4892 2136 4944 immor-

570 4986 679 5038 tale
724 4984 1002 5039 eﬂieiendo
1049 4985 1192 5053 quod
1250 4985 1476 5038 mortale
1525 4995 1675 5049 erat;
1731 4986 1878 5053 prior
1921 4985 2134 5052 quidem

568 5074 758 5128 modus
809 5076 1256 5142 promissionibus
1311 5077 1517 5130 alienus
1574 5086 1725 5141 erat;
1784 5091 1907 5129 nam
1965 5091 2138 5145 neque

569 5165 712 5234 ignis
737 5166 1011 5233 proprium
1052 5177 1136 5221 est
1185 5168 1504 5236 frigescere,
1539 5183 1712 5236 neque
1746 5169 1882 5223 lucis
1913 5169 2139 5223 olitene-

567 5258 752 5321 brari,
811 5273 989 5328 neque
1020 5261 1142 5313 vita:
1193 5261 1364 5322 muri,
1406 5275 1580 5329 neque
1628 5261 1825 5315 divina:
1859 5262 2138 5331 sapientia:

568 5349 891 5419 insipienter
937 5366 1114 5420 agere.
1149 5350 1258 5406 Cur
1295 5352 1439 5405 enim
1471 5352 1539 5417 is,
1585 5351 1675 5421 qui
1729 5352 1943 5407 ets-teris
1972 5355 2134 5409 vitam

551 5445 554 5448 i
643 5463 688 5493 ⁸⁷
717 5461 874 5517 Joan.
913 5479 967 5526 x,
1012 5466 1102 5519 i8.

643 5578 721 5650 (7)
749 5578 883 5651 Cod.
909 5580 971 5632 Α.
1000 5577 1038 5634 Ῐ.
1071 5579 1194 5632 502.
1220 5578 1272 5632 ι).
1297 5578 1399 5633 Th.
1429 5579 1553 5650 Syr.
1585 5595 1668 5643 111,
1695 5580 1764 5635 45
1786 5597 1902 5651 seq.

645 5649 722 5720 (Β)
771 5649 864 5702 His
890 5651 1070 5704 causis
1100 5651 1288 5704 mortis
1326 5649 1524 5705 Christi
1567 5653 1762 5707 nollem
1808 5649 2140 5716 in‘Anglica-

559 5739 638 5782 ,na
684 5722 923 5776 editione
974 5721 1186 5773 additas
1230 5723 1397 5774 fuisse
1431 5723 1734 5777 numerales
1775 5737 1951 5786 notas,
1983 5723 2136 5788 quasi

573 5793 795 5848 totidem
822 5792 928 5846 sint
965 5790 1147 5862 operis
1184 5790 1440 5861 capitula.
2081 5820 2102 5851 .

2240 4599 2471 4693 νομεῖτο.
2505 4599 2660 4676 Δυοίν
2687 4622 2794 4691 γὰρ
2833 4599 3170 4688 λειπομένων
3196 4614 3275 4685 τῷ
3300 4612 3462 4676 τέλει,
3494 4612 3528 4682 ἢ
3575 4611 3771 4683 φθορᾷ
3801 4613 3832 4679 ἦ
3859 4599 3867 4608 ’

2239 4718 2483 4789 ἀπωλείᾳ
2521 4714 2854 4788 παραδοῦναι
2881 4712 2941 4765 τὸ
2974 4712 3104 4775 πᾶν,
3139 4708 3233 4762 καὶ
3272 4705 3557 4776 αἰσχίστην
3583 4705 3832 4775 ποιήσα-

2241 4810 2362 4862 σθαι
2389 4809 2484 4880 τὴν
2502 4808 2596 4860 τού
2628 4806 2742 4877 βίου
2771 4803 3176 4874 καταστροφὴν,
3206 4800 3240 4870 ἢ
3275 4799 3503 4852 θανάτου
3531 4795 3834 4866 κρείττονα

2238 4899 2428 4953 ἑαυτὸν
2465 4902 2647 4969 φῆναι,
2676 4897 2830 4967 θεῖκῇ
2857 4894 3083 4964 δυνάμει
3108 4893 3168 4945 τὸ
3195 4889 3386 4963 θνητὸν
3411 4887 3687 4941 ἀθάνατον
3722 4904 3833 4939 πα-

2239 4992 2667 5062 ραστησάμενον·
2707 4989 2766 5041 τὸ
2805 4989 2903 5059 μὲν
2937 4985 3152 5058 πρῶτον
3193 4982 3461 5036 ἀνοίκειον
3505 4978 3605 5048 τῆς
3643 4980 3828 5047 ὲπαγ-

2236 5085 2443 5152 γελίας’
2477 5084 2538 5136 ού
2577 5083 2686 5154 γὰρ
2719 5081 2783 5152 δὴ
2815 5080 2986 5151 πυρὸς
3029 5079 3226 5131 οἰκεῖον
3258 5073 3320 5126 τὸ
3349 5071 3541 5142 ψύχειν
3569 5069 3676 5139 (9).
3705 5071 3831 5123 οὐδὲ

2244 5177 2417 5247 φωτὸς
2448 5176 2509 5229 τὸ
2556 5173 2839 5237 σκοτίζειν,
2889 5171 3059 5236 οὓτως
3097 5169 3218 5222 οὐδὲ
3255 5167 3395 5236 ζωῆς
3435 5164 3496 5216 τὸ
3528 5161 3827 5220 θανατοῦν,

2242 5269 2362 5322 οὐδὲ
2405 5267 2497 5320 τοῦ
2535 5266 2670 5320 Θεοῦ
2698 5266 2870 5335 Λόγου
2909 5266 2966 5317 rb
2993 5261 3315 5336 παραλόγως
3360 5257 3620 5328 ἐνεργεῖν·
3671 5257 3829 5306 ποῖον

2243 5357 2334 5414 οὖν
2372 5357 2482 5431 εἶχε
2515 5359 2670 5427 λόγον
2700 5359 2789 5411 τὸν
2820 5355 3027 5427 ἑτέροις
3065 5351 3207 5424 ζωὴν
3239 5346 3734 5419 ἐπαγγελλόμενον,
3761 5343 3828 5396 τὸ

2319 5584 2396 5651 (9)
2431 5582 2598 5636 Verba
2623 5580 2839 5652 ψύχειν,
2880 5577 3166 5642 σκοτίζειν,
3195 5573 3477 5652 θανατοῦν,
3510 5587 3618 5625 non
3644 5575 3825 5652 activo

2248 5644 2342 5708 sed
2375 5644 2567 5708 neutro
2609 5644 2773 5704 senisu
2806 5651 2892 5706 hie
2927 5663 3050 5705 esse
3092 5646 3406 5717 accipienda
3440 5647 3612 5712 Syrus
3654 5644 3825 5697 inter-

2246 5742 2369 5796 pres
2401 5726 2760 5778 demonstrat.
