4000 6398
236 368 344 427 61⁸5

1581 366 1679 424 ne
1710 320 2207 424 τηεοιηιλιιηιί

3389 371 3498 428 611

234 487 435 542 οἰκεῖον
479 487 712 560 όργανον
746 489 1108 562 φθειρόμενον
1164 486 1443 562 raptast»);
1497 486 1707 541 οὐκοῦν
1757 485 1819 540 τό

1926 486 2247 557 promiserat
2269 526 2285 551 ,
2333 500 2596 558 organum
2627 496 2784 544 suum
2815 489 3220 560 corruptionem
3254 492 3367 561 pati
3403 508 3500 547 ue-

235 577 485 650 δεύτερον
511 581 804 650 ἀναγκαῖον
824 578 915 654 ἦν.
941 582 1086 649 λέγω
1108 580 1164 635 δὲ
1189 581 1247 634 τὺ
1278 580 1507 634 θανάτου
1537 579 1821 651 κρείττονα

237 669 431 724 ἑαυτὸν
461 671 645 743 φῆναι.
678 673 803 738 Πῶς
830 670 924 727 οὖν
949 672 1121 744 ἐχρῆν
1143 669 1301 725 τοῦτο
1324 669 1685 743 ποιήσασθαι;
1713 671 1823 724 Λα-

238 760 449 832 θραίως
474 764 581 836 ἄρα
601 765 697 817 κα).
722 764 1091 835 κλοπιμαίως;
1123 764 1156 834 ἢ
1179 766 1289 827 τοῖς
1309 764 1474 816 πᾶσιν
1498 761 1822 834 ἀριπρεπῶς

240 857 337 909 καὶ
370 855 661 928 διαδήλως;
714 857 875 910 Ἀλλὰ
916 856 1129 911 σκότιον
1173 856 1271 926 μὲν
1301 855 1397 910 καὶ
1425 855 1652 926 κρύφιον
1691 853 1822 908 αύτδ

242 948 485 1020 πραχθὲν
517 948 580 1002 τὸ
601 949 951 1021 κατόρθωμα,
979 948 1168 1020 μηδενὶ
1208 948 1266 1001 δὲ
1293 948 1554 1017 γνωσθὲν,
1571 947 1731 1001 ὀὐδὲν
1756 948 1822 1001 ἂν

241 1040 438 1114 ὢνησε·
474 1041 663 1113 βοηθὲν
684 1041 740 1094 δὲ
772 1043 865 1096 καὶ
890 1040 1155 1095 ἁκουσθὲν
1183 1041 1266 1104 είς
1288 1040 1520 1106 πάντας,
1545 1042 1660 1104 τοῖς
1689 1041 1822 1094 πᾶσι

239 1134 341 1204 τὴν
380 1136 446 1188 ὲκ
481 1134 575 1188 τοῦ
619 1134 898 1205 θαύματος
941 1136 1204 1207 παρεῖχεν
1253 1133 1539 1203 ὠφέλειαν.
1584 1132 1824 1197 Εἰκότως

240 1225 370 1298 ἄρα,
399 1225 586 1298 ἐπειδὴ
632 1227 800 1297 ἐχρῆν
832 1226 895 1280 τὸ
931 1224 1099 1280 αὐτοῦ
1139 1225 1370 1298 ὄργανον
1392 1227 1636 1297 κρεῖττον
1661 1223 1824 1278 θανά-

240 1335 333 1370 του
359 1316 545 1389 φῆναι,
578 1317 675 1371 καὶ
706 1317 865 1371 τοῦτο
888 1316 1093 1390 πρᾶξαι
1125 1318 1199 1389 μὴ
1235 1318 1317 1382 εἰς
1342 1316 1405 1370 τὸ
1437 1315 1676 1386 λεληθὸς,
1707 1316 1822 1370 ἀλλ’

240 1409 328 1463 ἐπ’
354 1408 539 1479 ὄψεσιν
564 1408 889 1481 ἀνθρώπων,
920 1409 981 1462 ού
1017 1408 1218 1479 φεύγει
1238 1408 1335 1479 μὲν
1359 1408 1450 1461 τὸν
1480 1407 1728 1462 θάνατον·
1754 1403 1824 1479 ἦν

240 1498 351 1573 γὰρ
388 1499 454 1554 ἂν
477 1499 669 1564 δειλὸς,
705 1500 799 1554 καὶ
841 1499 1071 1554 θανάτου
1104 1499 1301 1572 χείρων
1335 1497 1616 1571 ἐνομίσθησ
1642 1499 1729 1553 διὰ
1767 1499 1825 1552 δὲ

238 1594 338 1663 τῆς
363 1592 500 1664 πρὸς
534 1592 625 1646 τὸν
669 1592 895 1647 θάνατον
931 1591 1273 1663 συμπλοκῆς,
1298 1587 1385 1646 οἷα
1414 1591 1551 1664 πρὸς
1581 1592 1825 1661 άνταγωιο

239 1683 427 1756 νιστὴν
460 1683 593 1754 (10),
629 1685 690 1739 τὸ
737 1684 933 1757 θνητὸν
983 1684 1249 1739 ἀθάνατον
1290 1684 1552 1757 παρίστη,
1597 1682 1825 1737 ὕστατον

240 1775 428 1844 ἀγῶνα
450 1776 638 1831 τοῦτον
663 1777 805 1848 ὑπὲρ
838 1777 941 1848 τῆς
965 1777 1221 1831 ἁπάντων
1258 1776 1529 1848 σωτηρίας
1561 1776 1655 1830 κα)⁸
1686 1776 1822 1830 aea.

239 1869 433 1932 νασίας
463 1865 902 1940 ἀναδεδεγμένος.

314 2046 425 2119 (11)
475 2047 533 2101 '0
561 2047 661 2118 μὲν
685 2046 794 2119 γὰρ
822 2047 1037 2121 πρῶτος
1059 2047 1211 2119 αὐτῷ
1234 2045 1434 2121 [ἀγὼν]
1466 2047 1610 2102 κατὰ
1631 2047 1823 2120 δαιμόδ-

239 2154 345 2193 νων
373 2139 655 2210 ἐνηργεῖτο
688 2140 781 2192 ἐπὶ
811 2139 1126 2211 καθαιρέσει
1157 2142 1257 2210 τῆς
1289 2138 1555 2192 πολυθέου
1587 2139 1822 2212 πλάνης⁶

240 2231 362 2284 ἐπεὶ
381 2231 439 2284 δὲ
466 2232 495 2282 ό
522 2231 656 2303 πρὸς
685 2231 872 2284 τούσδε
895 2231 1046 2295 τέλος
1068 2226 1214 2301 εἶχεν
1243 2230 1415 2300 ἀγὼν,
1450 2230 1705 2302 δεύτερος
1731 2233 1824 2285 ἐπὶ

240 2319 392 2375 λύσει
416 2321 514 2392 τῆς
534 2321 627 2374 τοῦ
650 2321 880 2375 θανάτου
907 2322 1362 2386 καταδυναστείας
1393 2322 1626 2390 ἐγίνετο*
1644 2323 1698 2376 tot
1725 2322 1824 2393 μὲν

241 2412 351 2484 γὰρ
382 2413 505 2466 κατ’
547 2412 712 2466 αὐτοῦ
761 2413 1086 2484 συνηγμένοι
1129 2412 1401 2485 δαίμονες,
1443 2414 1473 2467 ὃ
1518 2431 1579 2468 τε
1621 2413 1825 2467 τούτων

242 2503 507 2575 ἐξάρχων,
533 2504 604 2558 τά
632 2503 780 2558 νῶτα
804 2504 947 2558 κατὰ
971 2504 1072 2576 τὴν
1109 2503 1333 2578 πρώτην
1367 2504 1516 2577 αὐτῷ
1549 2505 1824 2578 συμϐολήν

243 2596 762 2667 παραχωρήσαντες,
786 2596 877 2650 τὸν
921 2595 1171 2669 δεύτερον
1212 2593 1374 2651 ἆθλον
1414 2598 1699 2661 ἐσκόπουν,
1729 2598 1823 2652 τοῦ

243 2683 360 2777 βίου
395 2683 581 2739 λοιπὸν
617 2686 716 2757 τὴν
756 2686 997 2757 ὑστάτην
1038 2687 1422 2760 καταστροφὴν
1458 2689 1822 2760 ἐκδεχόμενοι,

239 2772 336 2828 καὶ
376 2773 473 2844 τὴν
510 2772 606 2827 τοῦ
642 2774 838 2847 θνητοῦ
877 2776 1134 2849 τελευτὴν
1175 2777 1367 2847 ὁμοίαν
1404 2777 1622 2831 ἔσεσθαι
1660 2780 1825 2833 πᾶσιν

238 2864 547 2938 ἀνθρώποις
571 2867 1025 2939 καραδοκοῦντες·
1060 2870 1122 2923 οὐ
1149 2870 1258 2943 γὰρ
1284 2870 1351 2924 ἂν
1381 2869 1602 2925 πώποτε
1626 2872 1824 2944 θνητὴν

240 2956 402 3027 φύσιν
446 2959 675 3013 θανάτου
718 2961 1007 3029 κρείττονα
1082 2960 1337 3030 γενέσθαι
1390 2962 1819 3035 προσεδόκησαν*

239 3049 269 3101 ὁ
287 3049 344 3101 δὲ
370 3048 506 3118 μετὰ
532 3047 601 3102 τὰ
626 3047 818 3121 πρῶτα
846 3050 987 3104 κατὰ
1020 3051 1288 3122 δαιμόνων
1320 3053 1559 3126 τρόπαια
1598 3053 1701 3124 ηδη
1728 3054 1823 3107 καὶ

242 3138 385 3192 κατὰ
411 3138 504 3193 τοῦ
526 3139 754 3195 θανάτου
777 3142 1162 3214 παρετάττετο.
1191 3145 1401 3215 Ὠσπερ
1420 3143 1477 3197 δὲ
1496 3144 1644 3208 εἴτις
1661 3144 1824 3198 ἄκαυ-

245 3247 368 3284 στον
409 3233 540 3302 ἡμῖν
584 3234 680 3286 καὶ
724 3236 895 3307 πυρὸς
943 3238 1009 3307 τῇ
1058 3235 1218 3306 φύσει
1262 3240 1508 3309 κρεῖττον
1553 3236 1723 3304 δεῖξαί
1771 3256 1824 3292 τι

247 3322 442 3387 σκεῦος
473 3322 685 3395 ἡθελεν,
709 3327 811 3380 οὐκ
837 3326 1011 3392 ἄλλως
1033 3327 1101 3381 ἂν
1136 3327 1200 3380 τὸ
1225 3327 1413 3398 θαῦμα
1441 3330 1824 3400 παρεστήσατο

242 3413 278 3487 ἢ
303 3416 433 3487 πυρὶ
456 3418 731 3489 παραδοὺς
750 3420 812 3473 τὸ
840 3420 976 3490 μετὰ
1002 3423 1212 3493 χεῖρας,
1238 3420 1474 3474 κᾶπειτα
1518 3420 1656 3475 σῶον
1692 3420 1824 3476 αὐτὸ

244 3507 339 3561 καὶ
369 3507 695 3581 ἀδιάφθορον
726 3508 819 3563 τοῦ
866 3512 1036 3582 πυρὸς
1076 3512 1272 3580 ἐξελών
1309 3513 1441 3584 (12)*
1475 3515 1618 3570 κατὰ
1649 3515 1822 3571 ταῦτα

241 3599 306 3681 δὴ
334 3600 426 3654 καὶ
460 3602 490 3654 ό
520 3601 629 3654 τῶν
665 3602 801 3656 ὅλων
840 3603 1103 3669 ζωοποιὸς
1144 3604 1277 3659 Θεοῦ
1308 3603 1504 3676 Λόγος,
1538 3608 1600 3661 τὸ
1628 3607 1821 3680 θνητὸν

242 3691 491 3763 ὄργανον,
547 3685 592 3760 ᾧ
642 3691 778 3765 πρὸς
843 3692 1146 3765 ἀνθρώπων
1202 3694 1471 3768 ἐκέχρητο
1522 3698 1818 3770 σωτηρίαν,

244 3786 489 3855 κρεῖττον
521 3782 748 3838 Θανάτου
783 3783 950 3855 φῆναι
992 3785 1292 3857 βουληθεὶς,
1338 3783 1399 3840 εὖ
1450 3787 1596 3859 μάλα
1628 3788 1819 3861 χρησί-

251 3892 356 3946 μην
382 3876 542 3947 ὑτιῄει
573 3874 670 3947 τὴν
696 3876 1025 3947 οἰκονομίαν,
1057 3877 1117 3931 τὺ
1146 3877 1306 3947 σῶμα
1338 3879 1475 3950 πρὸς
1515 3879 1687 3951 βραχὺ
1722 3897 1822 3935 κα-

248 3967 489 4021 ταλιπὼν
519 3969 652 4039 (15),
686 3970 780 4022 καὶ
805 3969 866 4023 τὸ
892 3966 1085 4040 θνητὸν
1117 3969 1193 4041 τῷ
1224 3971 1438 4041 θανάτῳ
1466 3973 1626 4026 πάλιν
1655 3974 1820 4043 ὑφαι-

251 4058 530 4131 ρούμενος,
564 4062 644 4124 είς
687 4061 1028 4132 παράστασιν
1060 4062 1157 4132 τῆς
1200 4061 1382 4114 ἐνθέου
1414 4061 1715 4134 δυνάμεως.
1755 4063 1820 4117 Ἡ

247 4151 350 4223 μὲν
382 4147 473 4207 οὖν
504 4151 690 4224 πρώτη
723 4153 870 4207 αίτία
895 4148 965 4224 ἦν
991 4152 1148 4224 αὓτη.

318 4243 428 4315 (id)
466 4245 699 4317 Δευτέρα
723 4245 782 4297 δὲ
811 4245 911 4315 τῆς
942 4246 999 4298 ὲν
1040 4243 1119 4315 τῷ
1163 4242 1375 4314 σώματι
1414 4243 1818 4316 κατοικησάσης

247 4336 429 4391 ἐνθέου
461 4337 739 4408 δυνάμεως
767 4336 1010 4402 ἔνδειξις.
1057 4335 1274 4407 Ἐπειδὴ
1306 4335 1412 4408 γὰρ
1450 4336 1512 4390 τὸ
1552 4336 1820 4408 πρότερον

247 4426 372 4490 τοῦς
401 4426 505 4480 ὑπὸ
543 4425 636 4479 τοῦ
671 4425 901 4481 θανάτου
941 4425 1324 4498 νενικημένους
1359 4426 1557 4497 ἄνδρας
1592 4424 1820 4499 θνητοὺς

249 4517 484 4589 άληθῶς,
528 4519 622 4571 κα).
655 4516 828 4570 κοινὸν
870 4516 1019 4581 τέλος
1063 4516 1538 4588 ὑποδεδεγμένους,
1575 4518 1818 4583 ὲθείαζον

248 4609 545 4682 ἅνθρωποι,
572 4610 758 4681 ἥρωάς
804 4626 863 4663 τε
904 4610 998 4663 καὶ
1043 4609 1199 4674 θεοὺς
1244 4610 1545 4680 ὠνόμαζον·
1594 4611 1819 4677 είκότως

245 4705 485 4759 διδάσκει
533 4704 691 4776 μόνον
732 4703 922 4757 τοῦτον
952 4705 1010 4757 ἐν
1045 4702 1260 4772 θανάτῳ
1301 4702 1433 4757 Θεὸν
1461 4703 1635 4776 άληθῆ
1680 4700 1818 4759 εἶναι

245 4798 544 4869 ὁμολογεῖν,
567 4798 658 4851 τὸν
677 4798 745 4851 τὰ
765 4795 993 4869 βραδεῖα
1013 4797 1112 4867 τῆς
1133 4794 1275 4849 κατὰ
1296 4794 1388 4849 τοῦ
1414 4795 1644 4849 θανάτου
1663 4796 1819 4868 νίκης

246 4891 674 4963 ἀναδησάμενον.
707 4891 816 4962 (15)
850 4889 1020 4961 Τρίτη
1048 4888 1093 4942 δ’
1128 4887 1194 4942 ἂν
1223 4888 1308 4960 είη
1343 4888 1491 4942 αἰτία
1519 4887 1614 4941 τοῦ
1641 4905 1819 4960 σωτη-

318 5030 429 5102 (l0)
460 5029 556 5085 llic
593 5030 650 5102 in
681 5030 899 5098 Anglica
933 5026 1312 5102 translatione,
1369 5042 1422 5095 p.
1456 5027 1579 5102 188,
1616 5042 1672 5084 ν.
1717 5028 1809 5094 16,

247 5097 498 5170 νίόθοίὺῃ
528 5100 631 5153 this
655 5097 947 5170 contention
984 5098 1105 5152 with
1140 5097 1316 5159 death,
1343 5114 1401 5150 as
1449 5097 1572 5151 with
1612 5114 1645 5151 a
1694 5113 1819 5152 cou-

249 5178 568 5238 temporary.
599 5170 845 5238 conﬂictu
874 5169 971 5222 hoc
1009 5184 1123 5221 cum
1152 5177 1354 5238 rmorte,
1404 5177 1653 5234 tanquam
1698 5184 1817 5220 cum

248 5237 704 5306 cautempotaneo.
750 5239 1010 5308 Syriacus
1035 5237 1162 5307 quid
1206 5239 1413 5308 habeat
1436 5239 1639 5304 nescio,
1687 5238 1815 5308 quia

251 5307 391 5361 libro
423 5302 604 5362 careo.
639 5308 745 5362 Sed
792 5302 947 5362 certe
988 5302 1113 5363 vera
1168 5307 1332 5360 lectio
1377 5305 1561 5361 Graeca
1595 5302 1818 5367 εειξοῖα

247 5375 386 5448 πρὸς
408 5378 832 5448 ἀνταγωνιστήν,
862 5387 1119 5448 tanquam
1134 5393 1253 5448 rum
1279 5379 1600 5448 adversario.
1634 5377 1818 5445 Itaque

250 5446 536 5503 translatio
574 5446 907 5502 emendanda
951 5458 1056 5502 est.
1105 5446 1256 5500 Mitto
1301 5448 1436 5501 alios
1477 5447 1627 5503 locos
1655 5486 1672 5510 ,
1723 5447 1817 5515 qui

246 5532 400 5587 a'que
451 5518 722 5572 interdum
751 5518 819 5570 ad
849 5515 1093 5571 Grateam
1144 5518 1428 5587 veritatem
1482 5516 1815 5587 reformandi

244 5586 534 5653 videntur;
568 5602 743 5656 neque
771 5587 914 5641 enim
952 5586 1333 5656 egocriticum
1374 5601 1475 5656 ago
1514 5588 1609 5641 sed
1637 5586 1817 5641 edito-

247 5670 383 5728 rcnt.
413 5654 669 5728 Vicissim
702 5666 908 5721 tamen,
940 5667 1004 5728 ut
1040 5669 1212 5728 nuper
1247 5655 1384 5728 dixi,
1414 5654 1675 5728 Syriacus
1709 5667 1815 5711 tex-

242 5736 332 5783 tus
355 5727 600 5784 Graecum
634 5727 920 5781 illuminat.
964 5726 1034 5781 Et
1073 5726 1287 5796 quidem
1341 5725 1582 5790 Graecus,
1631 5735 1814 5794 utpote

244 5815 407 5869 quem
461 5807 773 5855 catenarum
826 5807 1077 5853 auctores
1140 5811 1237 5865 pro
1286 5797 1365 5851 rei
1410 5796 1813 5866 opportunitate

1852 3197 1899 3259 ο

1921 578 2197 650 gligeret?
2247 578 2389 649 Ergo
2412 580 2685 649 posterior
2717 580 2912 666 modus
2961 584 3302 638 necessarius
3353 584 3495 650 fuit,

1922 670 2105 735 morti,
2134 670 2385 742 inquam,
2447 673 2783 741 superiorem
2819 689 2879 729 se
2916 668 3314 730 demonstrare.
3340 676 3492 743 θυεμ

1927 779 2051 818 nam
2088 778 2218 819 vero
2245 765 2453 819 ratione
2503 765 2556 818 id
2580 767 2804 836 exsequi
2828 782 2963 837 opus
2994 769 3161 822 erat?
3191 767 3411 824 Clamne
3431 781 3499 833 ac

1922 855 2108 912 furtim
2139 856 2162 910 ’ἒ
2214 871 2283 911 an
2337 871 2523 912 coram
2556 860 2811 915 omnibus
2841 861 3122 930 Splendide
3167 877 3231 918 ac
3262 862 3499 918 manifee

1923 958 2005 1003 ste
2036 949 2060 1002 ?
2111 949 2274 1016 Atqui
2321 950 2436 1005 haec
2463 965 2549 1005 res
2578 952 2797 1022 egregia
2847 952 2893 1007 si
2944 955 3179 1010 obscure
3206 964 3259 1010 et
3285 954 3500 1011 occulte

1924 1052 2043 1097 acta
2072 1042 2281 1106 fuisset,
2310 1044 2532 1097 conscio
2558 1045 2794 1107 neruine,
2827 1044 2962 1099 nihil
2998 1046 3294 1115 profuisset
3325 1061 3502 1103 :con-

1926 1143 2005 1189 tra
2040 1148 2166 1189 vero
2198 1132 2517 1203 famigcrata
2550 1143 2715 1203 atque
2752 1136 3004 1189 omnibus
3052 1136 3309 1190 exaudita
3338 1176 3354 1201 ,
3393 1137 3500 1191 mi-

1924 1226 2111 1281 raculo
2158 1238 2259 1281 suo
2290 1226 2535 1295 paritura
2592 1236 2712 1281 erat
2759 1227 3125 1281 universalem
3179 1226 3496 1282 utilitatem.

1926 1319 2092 1372 ltecte
2136 1319 2326 1389 igitur,
2380 1319 2635 1387 quoniam
2687 1318 2975 1387 oportebat
3021 1318 3191 1389 ipsius
3232 1333 3498 1388 organum
3560 1360 3570 1377 .

1924 1408 2089 1462 morti
2114 1410 2365 1479 superius
2396 1422 2683 1479 apparere,
2719 1421 2881 1478 atque
2916 1409 2968 1463 id
3004 1424 3108 1462 non
3137 1408 3274 1464 clam
3309 1410 3405 1464 sed
3442 1408 3500 1463 iu

1926 1511 2217 1569 conspectu
2246 1501 2523 1555 hominum
2557 1501 2697 1564 ﬁeri,
2734 1511 2963 1556 mortem
3003 1514 3107 1555 non
3155 1500 3331 1572 fugit;
3363 1499 3501 1555 alio-

1926 1590 2016 1657 qui
2055 1592 2201 1646 visus
2229 1603 2374 1647 esset
2405 1593 2649 1656 timidus,
2678 1602 2732 1647 et
2764 1602 2939 1649 morte
2966 1593 3199 1648 debilior
3220 1593 3497 1657 creditus;

1925 1684 2018 1739 sed
2042 1684 2294 1739 conflictu
2327 1700 2449 1739 cum
2488 1697 2686 1749 morte,
2721 1696 2976 1755 tanquam
3009 1701 3130 1740 cum
3162 1685 3498 1750 adversario,

1927 1773 2064 1830 inito
2088 1815 2103 1839 ,
2129 1777 2273 1845 quod
2300 1775 2530 1830 mortale
2566 1785 2687 1830 erat
2725 1776 2793 1830 ad
2821 1775 3286 1830 immortalitatem
3318 1786 3500 1831 trans-

1852 1846 1898 1904 Β
1941 1867 2084 1929 tulit,
2120 1876 2423 1922 extremum
2458 1868 2602 1923 hunc
2636 1882 2867 1939 agonem
2915 1883 3016 1939 pro
3054 1868 3297 1925 omnium
3326 1869 3503 1926 salute
3614 1882 3627 1891 “

1923 1971 1978 2015 et
2005 1960 2423 2016 immortalitate
2449 1960 2774 2031 suscipiens.

1997 2050 2132 2105 Nam
2164 2052 2398 2120 prinimn
2434 2051 2511 2105 illi
2552 2061 2831 2106 certamen
2878 2051 2981 2106 fuit
3005 2061 3197 2108 contra
3231 2055 3505 2109 daemones

1923 2141 1995 2197 ub
2043 2141 2385 2212 polytheismi
2452 2155 2694 2198 errorem
2745 2142 3177 2208 destruendum;
3226 2158 3337 2213 quo
3366 2159 3490 2215 per-

1927 2242 2050 2288 acto
2074 2273 2091 2295 ,
2146 2233 2494 2288 subsecutum
2530 2242 2614 2287 est
2644 2233 2943 2289 secundum
2978 2232 3050 2287 ob
3101 2232 3504 2299 dissolvendam

1925 2327 2115 2381 mortis
2167 2327 2616 2381 dominationem.
2668 2323 2991 2393 Conglobati
3046 2324 3192 2380 enim
3244 2324 3510 2380 adversus

1924 2433 2047 2474 eum
2075 2418 2349 2471 daemones
2376 2431 2498 2469 cum
2515 2429 2616 2469 suo
2638 2414 2798 2477 duce,
2817 2423 3103 2485 postquam
3125 2413 3300 2485 primo
3319 2412 3508 2485 praelia

1930 2518 2078 2580 terga
2111 2517 2409 2573 verterant,
2444 2506 2746 2561 secundum
2777 2504 3166 2569 observabant,
3195 2506 3325 2560 vita:
3346 2504 3507 2560 Chri-

1924 2602 1992 2658 sti
2029 2601 2287 2670 deinceps
2318 2609 2619 2654 ertremam
2649 2600 3061 2665 catastropham
3097 2608 3504 2667 exspectantes,

1924 2693 2175 2749 mortalis
2204 2692 2445 2747 hominis
2494 2693 2655 2747 linem
2703 2691 2934 2761 reliquis
2962 2690 3235 2771 omnibus
3269 2689 3505 2746 similem

1927 2785 2040 2840 fore
2070 2793 2354 2853 sperantes
2388 2800 2401 2837 :
2440 2796 2618 2852 neque
2648 2784 2796 2839 enim
2829 2796 3067 2852 unquam
3088 2782 3509 2840 existimassem

1923 2874 2201 2929 mortalem
2230 2886 2476 2927 naturam
2510 2874 2668 2926 morti
2701 2870 2816 2927 fore
2844 2872 3210 2942 superiorem.
3249 2872 3324 2927 At
3343 2871 3507 2927 Chri-

1924 2976 2040 3021 stus
2073 2974 2188 3036 post
2219 2965 2431 3034 priores
2474 2966 2542 3020 de
2574 2963 2912 3021 daemonibus
2947 2964 3153 3019 relatas
3192 2964 3504 3032 manubias,

1918 3052 2029 3123 jam
2057 3064 2248 3110 contra
2287 3054 2459 3123 ipsam
2496 3068 2726 3108 mortem
2764 3054 2816 3107 in
2850 3053 3022 3108 aciem
3068 3053 3345 3123 prodibat.
3383 3050 3507 3109 Sic—

1932 3155 1990 3200 ut
2034 3157 2216 3201 autem
2252 3146 2296 3200 si
2328 3148 2453 3216 quis
2487 3146 2597 3214 igni
2647 3143 2967 3215 impervium
2997 3154 3167 3214 atque
3216 3145 3507 3215 insupera-

1930 3239 2038 3296 bile
2088 3254 2187 3294 vas
2245 3239 2461 3309 aliquod
2492 3239 2872 3293 demonstrem
2906 3235 3109 3302 vellet,
3157 3235 3301 3291 haud
3348 3236 3508 3291 aliter

1925 3332 2064 3388 hanc
2092 3347 2206 3388 rem
2238 3332 2433 3387 miram
2483 3328 2886 3398 comprobaret,
2911 3342 3073 3397 quam
3102 3326 3337 3383 ﬂamma:
3391 3336 3505 3382 tra-

1925 3425 2059 3480 dens
2084 3423 2228 3493 quod
2261 3437 2374 3492 prae
2406 3421 2657 3476 manibus
2681 3419 2934 3483 haberet,
2971 3433 3036 3473 ac
3074 3418 3271 3473 deinde
3294 3417 3510 3472 incolu-

1924 3529 2012 3570 me
2052 3514 2484 3581 inviblatumque
2517 3515 2641 3583 igne
2693 3512 3008 3575 retrahens;
3048 3510 3121 3565 ita
3150 3510 3318 3566 etiam
3359 3510 3507 3581 quod

1923 3604 2104 3660 omnia
2131 3604 2374 3658 viviticat
2401 3603 2496 3658 Dei
2527 3602 2790 3667 Verbum,
2825 3600 3055 3657 mortale
3075 3615 3365 3672 organum,
3393 3615 3506 3672 quo

1923 3698 1990 3753 ad
2021 3698 2301 3752 hominum
2347 3696 2580 3752 salutem
2628 3709 2763 3749 usus
2807 3693 2985 3749 fuerat
3011 3732 3027 3757 ,
3067 3702 3242 3748 morte
3275 3693 3508 3750 validius

1922 3792 2300 3846 demonstrare
2325 3788 2514 3843 volens
2536 3823 2551 3852 ,
2579 3786 2714 3841 utile
2767 3786 3058 3841 admodum
3089 3784 3380 3840 consilium
3408 3800 3505 3841 eeo

1922 3881 2042 3953 pit,
2092 3895 2287 3949 corpus
2342 3881 2489 3935 brevi
2550 3887 2797 3948 tempore
2851 3878 3171 3941 deserendi;
3207 3892 3503 3947 rursusque

1923 3974 2066 4042 quod
2119 3978 2392 4025 mortuum
2442 3981 2565 4025 erat
2618 3968 2775 4024 morti
2811 3966 3075 4039 eripiendi
3103 4006 3119 4032 ,
3155 3974 3214 4023 ut
3243 3967 3481 4029 divinam

1920 4066 2174 4118 virtutem
2225 4063 2555 4119 ostenderet.
2602 4064 2783 4135 Atque
2828 4064 2945 4119 hac
2974 4062 3149 4134 prima
3199 4060 3318 4135 (cur
3346 4062 3495 4120 mori.

1919 4152 2176 4223 voluerit)
2205 4168 2368 4208 causa
2394 4153 2514 4210 fuit.
3358 4198 3361 4201 .

1993 4244 2241 4299 Secunda
2294 4244 2398 4299 fuit
2434 4259 2596 4300 causa
2624 4286 2640 4312 ,
2689 4255 2748 4299 ut
2803 4246 3208 4301 demonstraret
3253 4243 3492 4299 divinam

1920 4336 2174 4392 virtutem
2208 4338 2264 4391 in
2295 4352 2395 4391 suo
2442 4351 2669 4406 corpore
2700 4337 3056 4393 inhabitasse.
3086 4335 3221 4391 Nam
3256 4335 3386 4406 quia
3414 4335 3501 4391 vi-

1921 4438 2042 4484 ctos
2090 4438 2247 4485 antea
2280 4438 2453 4484 morte
2484 4429 2632 4484 viros
2657 4468 2673 4492 ,
2702 4443 2831 4485 vere
2873 4428 3130 4483 mortales
3158 4436 3214 4482 et
3253 4440 3499 4482 commu-

1850 4556 1894 4612 Β
1924 4536 2044 4575 nem
2078 4521 2237 4575 linem
2268 4521 2511 4588 sortitos,
2552 4520 2837 4591 apotheosi
2862 4521 3198 4576 donaverant
3225 4516 3496 4581 homines,

1923 4621 1978 4669 et
2009 4615 2208 4669 heroas
2236 4612 2475 4683 deosque
2513 4613 2946 4690 nominaverant,
2968 4611 3162 4666 merito
3187 4624 3283 4664 nos
3315 4608 3498 4674 docet,

1926 4705 2070 4759 hunc
2103 4720 2269 4758 unum
2297 4703 2352 4757 in
2401 4694 2576 4759 morte
2624 4702 2798 4765 Deum
2833 4716 3018 4756 verum
3059 4716 3181 4757 esse
3225 4700 3495 4767 confiteri,

1926 4795 2018 4866 qui
2048 4794 2285 4863 praemiis
2317 4795 2503 4849 relatae
2549 4795 2616 4849 de
2653 4803 2830 4848 morte
2859 4792 3103 4846 victoriae
3133 4801 3304 4845 semet
3334 4804 3497 4845 exor-

1927 4894 2174 4941 naverat.
2226 4885 2411 4941 Tertia
2442 4886 2704 4941 habeatur
2747 4883 2941 4938 mortis
2989 4879 3301 4937 Servatoris
3329 4894 3496 4937 causa

1918 5034 2336 5096 excerpserunt,
2372 5024 2579 5096 multas
2600 5021 2783 5093 operis
2803 5027 2987 5091 partes
3012 5018 3220 5074 amisit.

1989 5094 2623 5170 μυξῖνοιηνὸὅνδῖτ
3064 5158 3106 5170 ..
3210 5156 3260 5170 ..
3365 5156 3399 5170 -.

1991 5158 2102 5238 (Ιῖ)
2154 5158 2304 5238 Hanno
2336 5158 2747 5238 similitudinem
2788 5161 2923 5216 citat
2955 5175 3022 5238 ex
3064 5158 3308 5238 Eusebiq
3327 5158 3494 5213 etiam

1920 5237 1978 5293 S.
1997 5227 2248 5292 "l‘li'omas
2274 5236 2517 5302 Aquinas
2557 5234 2608 5287 iu
2634 5242 2826 5302 catena
2855 5230 3169 5302 snaflsatina
3200 5228 3269 5284 ad
3289 5227 3489 5302 Lucam

1919 5311 2005 5363 ed.
2058 5309 2124 5362 de
2171 5298 2373 5360 Rubeis
2421 5314 2462 5358 t.
2496 5302 2555 5366 ν,
2602 5320 2655 5373 p.
2703 5301 2829 5373 565.
2869 5298 3132 5373 Videlicet
3177 5313 3245 5354 ex
3283 5298 3494 5373 catenis

1918 5377 2144 5444 Graecis,
2171 5391 2276 5430 non
2306 5365 2648 5444 uriginalitér
2673 5386 2740 5429 ex
2765 5370 3124 5438 Theopltauia,
3148 5384 3313 5440 quam
3342 5365 3493 5422 Τιιο-

1919 5462 2036 5502 mas
2073 5459 2347 5502 nunuuam
2388 5444 2542 5500 vidit.

1989 5516 2131 5589 (15)
2203 5505 2409 5585 1Nempe
2474 5514 2657 5570 anima
2716 5510 3031 5571 destitutum
3091 5523 3214 5568 esse
3263 5505 3490 5582 permit-

1918 5597 2061 5644 teni.

1992 5656 2105 5729 (1!)
2140 5656 2260 5729 ,3)"-
2289 5672 2372 5718 ιιιν
2410 5653 2502 5729 58-

1994 5725 2109 5799 (15)
2140 5725 2266 5798 Syr.
2295 5742 2377 5792 ιιι,
2409 5725 2501 5781 59.
