  <div class='ocr_page' id='page_1' title='image "/cluster/home/n/w/nwhite01/storage/ocr_20150623/24/hvd.32044073501108/315.png"; bbox 0 0 4170 6406; ppageno 0'>
   <div class='ocr_carea' id='block_1_1' title="bbox 615 341 723 400">
    <p class='ocr_par' dir='ltr' id='par_1_1' title="bbox 615 341 723 400">
     <span class='ocr_line' id='line_1_1' title="bbox 615 341 723 400; baseline -0.019 -1"><span class='ocrx_word' id='word_1_1' title='bbox 615 341 723 400; x_wconf 78' lang='grc'><strong>615</strong></span> 
     </span>
    </p>
   </div>
   <div class='ocr_carea' id='block_1_2' title="bbox 1294 329 3170 416">
    <p class='ocr_par' dir='ltr' id='par_1_2' title="bbox 1294 329 3170 416">
     <span class='ocr_line' id='line_1_2' title="bbox 1294 329 3170 416; baseline 0.011 -20"><span class='ocrx_word' id='word_1_2' title='bbox 1294 329 1561 398; x_wconf 82' lang='lat' dir='ltr'><strong>EUSEBII</strong></span> <span class='ocrx_word' id='word_1_3' title='bbox 1600 331 2063 402; x_wconf 60' lang='lat' dir='ltr'><strong>CESARlENSlS</strong></span> <span class='ocrx_word' id='word_1_4' title='bbox 2099 334 2248 403; x_wconf 77' lang='lat' dir='ltr'><strong>OPP.</strong></span> <span class='ocrx_word' id='word_1_5' title='bbox 2291 335 2469 406; x_wconf 67' lang='lat' dir='ltr'><strong>PARS</strong></span> <span class='ocrx_word' id='word_1_6' title='bbox 2510 339 2598 406; x_wconf 84' lang='lat' dir='ltr'><strong>tv.</strong></span> <span class='ocrx_word' id='word_1_7' title='bbox 2639 383 2709 394; x_wconf 81' lang='lat'><strong>—</strong></span> <span class='ocrx_word' id='word_1_8' title='bbox 2746 352 3170 416; x_wconf 79' lang='lat' dir='ltr'><strong>DOGMATICA.</strong></span> 
     </span>
    </p>
   </div>
   <div class='ocr_carea' id='block_1_3' title="bbox 3769 373 3876 434">
    <p class='ocr_par' dir='ltr' id='par_1_3' title="bbox 3769 373 3876 434">
     <span class='ocr_line' id='line_1_3' title="bbox 3769 373 3876 434; baseline 0.047 -5"><span class='ocrx_word' id='word_1_9' title='bbox 3769 373 3876 434; x_wconf 72' lang='grc'><strong>616</strong></span> 
     </span>
    </p>
   </div>
   <div class='ocr_carea' id='block_1_4' title="bbox 614 460 2152 558">
    <p class='ocr_par' dir='ltr' id='par_1_4' title="bbox 614 460 2150 537">
     <span class='ocr_line' id='line_1_4' title="bbox 614 460 2150 537; baseline 0.005 -21"><span class='ocrx_word' id='word_1_10' title='bbox 614 476 776 537; x_wconf 88' lang='lat' dir='ltr'><strong>quam</strong></span> <span class='ocrx_word' id='word_1_11' title='bbox 800 461 1042 532; x_wconf 64' lang='lat' dir='ltr'><strong>mysticae</strong></span> <span class='ocrx_word' id='word_1_12' title='bbox 1068 460 1263 516; x_wconf 77' lang='lat' dir='ltr'><strong>litterae</strong></span> <span class='ocrx_word' id='word_1_13' title='bbox 1287 463 1588 518; x_wconf 74' lang='lat' dir='ltr'><strong>continent.</strong></span> <span class='ocrx_word' id='word_1_14' title='bbox 1615 463 1873 530; x_wconf 75' lang='lat' dir='ltr'><strong>Quaenam</strong></span> <span class='ocrx_word' id='word_1_15' title='bbox 1897 467 1980 521; x_wconf 66' lang='lat' dir='ltr'><strong>hae</strong></span> <span class='ocrx_word' id='word_1_16' title='bbox 2006 466 2030 521; x_wconf 72' lang='grc' dir='ltr'>τ</span> <span class='ocrx_word' id='word_1_17' title='bbox 2069 466 2150 524; x_wconf 81' lang='lat' dir='ltr'><strong>llo</strong></span> 
     </span>
    </p>
   </div>
   <div class='ocr_carea' id='block_1_5' title="bbox 2251 460 3873 558">
    <p class='ocr_par' dir='ltr' id='par_1_5' title="bbox 2251 469 3873 558">
     <span class='ocr_line' id='line_1_5' title="bbox 2251 469 3873 558; baseline 0.014 -35"><span class='ocrx_word' id='word_1_18' title='bbox 2251 520 2257 534; x_wconf 39' lang='grc' dir='ltr'>λ</span> <span class='ocrx_word' id='word_1_19' title='bbox 2287 469 2406 558; x_wconf 71' lang='grc' dir='ltr'>ρίου</span> <span class='ocrx_word' id='word_1_20' title='bbox 2443 471 2673 528; x_wconf 84' lang='grc' dir='ltr'>θανάτου</span> <span class='ocrx_word' id='word_1_21' title='bbox 2707 476 2773 547; x_wconf 79' lang='grc' dir='ltr'><strong>ῆν</strong></span> <span class='ocrx_word' id='word_1_22' title='bbox 2817 477 3118 550; x_wconf 79' lang='grc' dir='ltr'>ἀπόρρητοι</span> <span class='ocrx_word' id='word_1_23' title='bbox 3158 479 3304 549; x_wconf 84' lang='grc' dir='ltr'>λόγοι</span> <span class='ocrx_word' id='word_1_24' title='bbox 3339 485 3676 558; x_wconf 73' lang='grc' dir='ltr'>περιέχουσι.</span> <span class='ocrx_word' id='word_1_25' title='bbox 3713 476 3873 558; x_wconf 66' lang='grc' dir='ltr'>Τίνες</span> 
     </span>
    </p>
   </div>
   <div class='ocr_carea' id='block_1_6' title="bbox 614 553 2183 644">
    <p class='ocr_par' dir='ltr' id='par_1_6' title="bbox 614 553 2183 644">
     <span class='ocr_line' id='line_1_6' title="bbox 614 553 2183 644; baseline 0.003 -36"><span class='ocrx_word' id='word_1_26' title='bbox 614 555 716 608; x_wconf 91' lang='lat' dir='ltr'><strong>stia</strong></span> <span class='ocrx_word' id='word_1_27' title='bbox 746 562 864 607; x_wconf 82' lang='lat' dir='ltr'><strong>erat</strong></span> <span class='ocrx_word' id='word_1_28' title='bbox 913 568 1010 622; x_wconf 89' lang='lat' dir='ltr'><strong>pro</strong></span> <span class='ocrx_word' id='word_1_29' title='bbox 1040 553 1285 644; x_wconf 66' lang='lat' dir='ltr'><strong>universi</strong></span> <span class='ocrx_word' id='word_1_30' title='bbox 1315 554 1534 622; x_wconf 78' lang='lat' dir='ltr'><strong>generis</strong></span> <span class='ocrx_word' id='word_1_31' title='bbox 1587 556 1699 608; x_wconf 84' lang='lat' dir='ltr'><strong>vita</strong></span> <span class='ocrx_word' id='word_1_32' title='bbox 1735 557 1892 610; x_wconf 86' lang='lat' dir='ltr'><strong>morti</strong></span> <span class='ocrx_word' id='word_1_33' title='bbox 1945 558 2134 614; x_wconf 83' lang='lat' dir='ltr'><strong>devota</strong></span> <span class='ocrx_word' id='word_1_34' title='bbox 2166 598 2183 625; x_wconf 92' lang='lat'><strong>,</strong></span> 
     </span>
    </p>
   </div>
   <div class='ocr_carea' id='block_1_7' title="bbox 2285 554 3869 647">
    <p class='ocr_par' dir='ltr' id='par_1_7' title="bbox 2285 554 3869 647">
     <span class='ocr_line' id='line_1_7' title="bbox 2285 554 3869 647; baseline 0.015 -34"><span class='ocrx_word' id='word_1_35' title='bbox 2285 554 2464 626; x_wconf 78' lang='grc' dir='ltr'>οὗτοι;</span> <span class='ocrx_word' id='word_1_36' title='bbox 2502 565 2695 634; x_wconf 83' lang='grc' dir='ltr'>ἱερεῖον</span> <span class='ocrx_word' id='word_1_37' title='bbox 2739 562 2806 638; x_wconf 84' lang='grc' dir='ltr'>ἦν</span> <span class='ocrx_word' id='word_1_38' title='bbox 2840 568 3128 640; x_wconf 80' lang='grc' dir='ltr'>ἀντίψυχον</span> <span class='ocrx_word' id='word_1_39' title='bbox 3166 573 3258 626; x_wconf 80' lang='grc' dir='ltr'><strong>τοῦ</strong></span> <span class='ocrx_word' id='word_1_40' title='bbox 3312 577 3492 631; x_wconf 77' lang='grc' dir='ltr'>κοινοῦ</span> <span class='ocrx_word' id='word_1_41' title='bbox 3531 579 3730 647; x_wconf 62' lang='grc' dir='ltr'>γένους.</span> <span class='ocrx_word' id='word_1_42' title='bbox 3760 599 3869 637; x_wconf 81' lang='grc' dir='ltr'>πα·-</span> 
     </span>
    </p>
   </div>
   <div class='ocr_carea' id='block_1_8' title="bbox 613 645 2152 744">
    <p class='ocr_par' dir='ltr' id='par_1_8' title="bbox 613 645 2152 717">
     <span class='ocr_line' id='line_1_8' title="bbox 613 645 2152 717; baseline 0.005 -18"><span class='ocrx_word' id='word_1_43' title='bbox 613 645 789 700; x_wconf 88' lang='lat' dir='ltr'><strong>hostia</strong></span> <span class='ocrx_word' id='word_1_44' title='bbox 826 661 923 714; x_wconf 92' lang='lat' dir='ltr'><strong>pro</strong></span> <span class='ocrx_word' id='word_1_45' title='bbox 951 655 1062 700; x_wconf 91' lang='lat' dir='ltr'><strong>toto</strong></span> <span class='ocrx_word' id='word_1_46' title='bbox 1091 647 1374 700; x_wconf 85' lang='lat' dir='ltr'><strong>hominum</strong></span> <span class='ocrx_word' id='word_1_47' title='bbox 1405 659 1570 717; x_wconf 85' lang='lat' dir='ltr'><strong>grege</strong></span> <span class='ocrx_word' id='word_1_48' title='bbox 1597 649 1894 716; x_wconf 86' lang='lat' dir='ltr'><strong>immolata,</strong></span> <span class='ocrx_word' id='word_1_49' title='bbox 1926 651 2152 708; x_wconf 76' lang='lat' dir='ltr'><strong>diabolir</strong></span> 
     </span>
    </p>
   </div>
   <div class='ocr_carea' id='block_1_9' title="bbox 2251 645 3870 744">
    <p class='ocr_par' dir='ltr' id='par_1_9' title="bbox 2288 645 3870 744">
     <span class='ocr_line' id='line_1_9' title="bbox 2288 645 3870 744; baseline 0.015 -38"><span class='ocrx_word' id='word_1_50' title='bbox 2288 655 2630 744; x_wconf 84' lang='grc' dir='ltr'>ραδιδόμενον</span> <span class='ocrx_word' id='word_1_51' title='bbox 2653 658 2731 729; x_wconf 81' lang='grc' dir='ltr'>τῷ</span> <span class='ocrx_word' id='word_1_52' title='bbox 2759 659 2992 731; x_wconf 83' lang='grc' dir='ltr'><strong>θανάτῳ,</strong></span> <span class='ocrx_word' id='word_1_53' title='bbox 3031 661 3223 733; x_wconf 75' lang='grc' dir='ltr'>ἱερεῖον</span> <span class='ocrx_word' id='word_1_54' title='bbox 3253 664 3392 738; x_wconf 87' lang='grc' dir='ltr'>ὑπὲρ</span> <span class='ocrx_word' id='word_1_55' title='bbox 3423 668 3523 740; x_wconf 86' lang='grc' dir='ltr'><strong>τῆς</strong></span> <span class='ocrx_word' id='word_1_56' title='bbox 3545 645 3740 744; x_wconf 31' lang='grc' dir='ltr'>-κοινῆς</span> <span class='ocrx_word' id='word_1_57' title='bbox 3759 676 3870 731; x_wconf 87' lang='grc' dir='ltr'><strong>τῶν</strong></span> 
     </span>
    </p>
   </div>
   <div class='ocr_carea' id='block_1_10' title="bbox 608 739 2180 807">
    <p class='ocr_par' dir='ltr' id='par_1_10' title="bbox 608 739 2180 807">
     <span class='ocr_line' id='line_1_10' title="bbox 608 739 2180 807; baseline 0.004 -14"><span class='ocrx_word' id='word_1_58' title='bbox 608 739 810 793; x_wconf 88' lang='lat' dir='ltr'><strong>erroris</strong></span> <span class='ocrx_word' id='word_1_59' title='bbox 835 741 1213 792; x_wconf 83' lang='lat' dir='ltr'><strong>averruncatio</strong></span> <span class='ocrx_word' id='word_1_60' title='bbox 1241 755 1254 791; x_wconf 90' lang='lat'><strong>:</strong></span> <span class='ocrx_word' id='word_1_61' title='bbox 1288 754 1398 807; x_wconf 88' lang='lat' dir='ltr'><strong>qua</strong></span> <span class='ocrx_word' id='word_1_62' title='bbox 1428 739 1675 794; x_wconf 84' lang='lat' dir='ltr'><strong>videlicet</strong></span> <span class='ocrx_word' id='word_1_63' title='bbox 1704 739 1908 806; x_wconf 88' lang='lat' dir='ltr'><strong>oblata,</strong></span> <span class='ocrx_word' id='word_1_64' title='bbox 1928 743 2180 799; x_wconf 89' lang='lat' dir='ltr'><strong>universa</strong></span> 
     </span>
    </p>
   </div>
   <div class='ocr_carea' id='block_1_11' title="bbox 609 825 2176 900">
    <p class='ocr_par' dir='ltr' id='par_1_11' title="bbox 609 825 2176 900">
     <span class='ocr_line' id='line_1_11' title="bbox 609 825 2176 900; baseline 0.004 -19"><span class='ocrx_word' id='word_1_65' title='bbox 609 825 862 897; x_wconf 88' lang='lat' dir='ltr'><strong>deinceps</strong></span> <span class='ocrx_word' id='word_1_66' title='bbox 896 826 1230 896; x_wconf 90' lang='lat' dir='ltr'><strong>impurorum</strong></span> <span class='ocrx_word' id='word_1_67' title='bbox 1258 827 1561 882; x_wconf 65' lang='lat' dir='ltr'><strong>daemonum</strong></span> <span class='ocrx_word' id='word_1_68' title='bbox 1596 830 1836 897; x_wconf 84' lang='lat' dir='ltr'><strong>potentia</strong></span> <span class='ocrx_word' id='word_1_69' title='bbox 1868 834 2176 900; x_wconf 85' lang='lat' dir='ltr'><strong>corruebat,</strong></span> 
     </span>
    </p>
   </div>
   <div class='ocr_carea' id='block_1_12' title="bbox 605 918 2177 988">
    <p class='ocr_par' dir='ltr' id='par_1_12' title="bbox 605 918 2177 988">
     <span class='ocr_line' id='line_1_12' title="bbox 605 918 2177 988; baseline 0.004 -16"><span class='ocrx_word' id='word_1_70' title='bbox 605 919 891 988; x_wconf 88' lang='lat' dir='ltr'><strong>omnisque</strong></span> <span class='ocrx_word' id='word_1_71' title='bbox 911 933 1064 974; x_wconf 90' lang='lat' dir='ltr'><strong>error</strong></span> <span class='ocrx_word' id='word_1_72' title='bbox 1087 918 1472 987; x_wconf 85' lang='lat' dir='ltr'><strong>dissipabatur.</strong></span> <span class='ocrx_word' id='word_1_73' title='bbox 1506 919 1648 988; x_wconf 80' lang='lat' dir='ltr'><strong>Ergo</strong></span> <span class='ocrx_word' id='word_1_74' title='bbox 1675 921 1787 976; x_wconf 67' lang='lat' dir='ltr'><strong>haec</strong></span> <span class='ocrx_word' id='word_1_75' title='bbox 1823 922 2079 978; x_wconf 82' lang='lat' dir='ltr'><strong>salutaris</strong></span> <span class='ocrx_word' id='word_1_76' title='bbox 2111 940 2177 979; x_wconf 76' lang='lat' dir='ltr'><strong>ex</strong></span> 
     </span>
    </p>
   </div>
   <div class='ocr_carea' id='block_1_13' title="bbox 606 1010 2176 1083">
    <p class='ocr_par' dir='ltr' id='par_1_13' title="bbox 606 1010 2176 1083">
     <span class='ocr_line' id='line_1_13' title="bbox 606 1010 2176 1083; baseline 0.003 -19"><span class='ocrx_word' id='word_1_77' title='bbox 606 1010 919 1066; x_wconf 86' lang='lat' dir='ltr'><strong>hominibus</strong></span> <span class='ocrx_word' id='word_1_78' title='bbox 952 1012 1192 1075; x_wconf 87' lang='lat' dir='ltr'><strong>victima,</strong></span> <span class='ocrx_word' id='word_1_79' title='bbox 1219 1011 1394 1081; x_wconf 90' lang='lat' dir='ltr'><strong>ipsum</strong></span> <span class='ocrx_word' id='word_1_80' title='bbox 1422 1012 1672 1067; x_wconf 81' lang='lat' dir='ltr'><strong>videlicet</strong></span> <span class='ocrx_word' id='word_1_81' title='bbox 1707 1028 2029 1083; x_wconf 89' lang='lat' dir='ltr'><strong>corporeum</strong></span> <span class='ocrx_word' id='word_1_82' title='bbox 2053 1015 2176 1068; x_wconf 80' lang='lat' dir='ltr'><strong>Ver-</strong></span> 
     </span>
    </p>
   </div>
   <div class='ocr_carea' id='block_1_14' title="bbox 604 1102 2175 1176">
    <p class='ocr_par' dir='ltr' id='par_1_14' title="bbox 604 1102 2175 1176">
     <span class='ocr_line' id='line_1_14' title="bbox 604 1102 2175 1176; baseline 0.002 -17"><span class='ocrx_word' id='word_1_83' title='bbox 604 1102 661 1160; x_wconf 89' lang='lat' dir='ltr'><strong>bi</strong></span> <span class='ocrx_word' id='word_1_84' title='bbox 686 1117 950 1173; x_wconf 75' lang='lat' dir='ltr'><strong>organum</strong></span> <span class='ocrx_word' id='word_1_85' title='bbox 979 1131 993 1167; x_wconf 82' lang='lat'><strong>,</strong></span> <span class='ocrx_word' id='word_1_86' title='bbox 1023 1117 1120 1171; x_wconf 90' lang='lat' dir='ltr'><strong>pro</strong></span> <span class='ocrx_word' id='word_1_87' title='bbox 1151 1104 1460 1158; x_wconf 89' lang='lat' dir='ltr'><strong>hominibus</strong></span> <span class='ocrx_word' id='word_1_88' title='bbox 1509 1104 1926 1170; x_wconf 86' lang='lat' dir='ltr'><strong>immolabatur;</strong></span> <span class='ocrx_word' id='word_1_89' title='bbox 1957 1107 2024 1159; x_wconf 91' lang='lat' dir='ltr'><strong>de</strong></span> <span class='ocrx_word' id='word_1_90' title='bbox 2071 1122 2175 1176; x_wconf 84' lang='lat' dir='ltr'><strong>qua</strong></span> 
     </span>
    </p>
   </div>
   <div class='ocr_carea' id='block_1_15' title="bbox 603 1195 2172 1265">
    <p class='ocr_par' dir='ltr' id='par_1_15' title="bbox 603 1195 2172 1265">
     <span class='ocr_line' id='line_1_15' title="bbox 603 1195 2172 1265; baseline 0.003 -13"><span class='ocrx_word' id='word_1_91' title='bbox 603 1210 778 1252; x_wconf 57' lang='lat' dir='ltr'><strong>sacras</strong></span> <span class='ocrx_word' id='word_1_92' title='bbox 809 1196 1008 1250; x_wconf 65' lang='lat' dir='ltr'><strong>litterae</strong></span> <span class='ocrx_word' id='word_1_93' title='bbox 1028 1195 1299 1259; x_wconf 89' lang='lat' dir='ltr'><strong>clamant;</strong></span> <span class='ocrx_word' id='word_1_94' title='bbox 1343 1199 1502 1252; x_wconf 91' lang='lat' dir='ltr'><strong>modo</strong></span> <span class='ocrx_word' id='word_1_95' title='bbox 1531 1196 1746 1265; x_wconf 82' lang='lat' dir='ltr'><strong>quidem</strong></span> <span class='ocrx_word' id='word_1_96' title='bbox 1783 1215 1798 1252; x_wconf 93' lang='lat'><strong>:</strong></span> <span class='ocrx_word' id='word_1_97' title='bbox 1836 1196 1971 1252; x_wconf 83' lang='lat' dir='ltr'><strong>Ecce</strong></span> <span class='ocrx_word' id='word_1_98' title='bbox 2005 1215 2172 1263; x_wconf 81' lang='lat' dir='ltr'><strong>agnus</strong></span> 
     </span>
    </p>
   </div>
   <div class='ocr_carea' id='block_1_16' title="bbox 607 1286 2168 1357">
    <p class='ocr_par' dir='ltr' id='par_1_16' title="bbox 607 1286 2168 1357">
     <span class='ocr_line' id='line_1_16' title="bbox 607 1286 2168 1357; baseline 0.004 -17"><span class='ocrx_word' id='word_1_99' title='bbox 607 1286 703 1342; x_wconf 85' lang='lat' dir='ltr'><strong>Dei</strong></span> <span class='ocrx_word' id='word_1_100' title='bbox 739 1289 827 1357; x_wconf 93' lang='lat' dir='ltr'><strong>qui</strong></span> <span class='ocrx_word' id='word_1_101' title='bbox 880 1289 1014 1341; x_wconf 82' lang='lat' dir='ltr'><strong>tollit</strong></span> <span class='ocrx_word' id='word_1_102' title='bbox 1060 1295 1330 1357; x_wconf 80' lang='lat' dir='ltr'><strong>peccatum</strong></span> <span class='ocrx_word' id='word_1_103' title='bbox 1376 1289 1560 1342; x_wconf 86' lang='lat' dir='ltr'><strong>mundi</strong></span> <span class='ocrx_word' id='word_1_104' title='bbox 1614 1287 1694 1354; x_wconf 67' lang='lat' dir='ltr'><strong>ac;</strong></span> <span class='ocrx_word' id='word_1_105' title='bbox 1731 1291 1889 1345; x_wconf 92' lang='lat' dir='ltr'><strong>modo</strong></span> <span class='ocrx_word' id='word_1_106' title='bbox 1941 1301 2168 1347; x_wconf 88' lang='lat' dir='ltr'><strong>autem:</strong></span> 
     </span>
    </p>
   </div>
   <div class='ocr_carea' id='block_1_17' title="bbox 606 1377 2172 1449">
    <p class='ocr_par' dir='ltr' id='par_1_17' title="bbox 606 1377 2172 1449">
     <span class='ocr_line' id='line_1_17' title="bbox 606 1377 2172 1449; baseline 0.004 -17"><span class='ocrx_word' id='word_1_107' title='bbox 606 1377 875 1449; x_wconf 84' lang='lat' dir='ltr'><strong>Tanquam</strong></span> <span class='ocrx_word' id='word_1_108' title='bbox 905 1380 1013 1434; x_wconf 85' lang='lat' dir='ltr'><strong>ovis</strong></span> <span class='ocrx_word' id='word_1_109' title='bbox 1043 1381 1112 1432; x_wconf 87' lang='lat' dir='ltr'><strong>ad</strong></span> <span class='ocrx_word' id='word_1_110' title='bbox 1144 1381 1452 1433; x_wconf 76' lang='lat' dir='ltr'><strong>occisionem</strong></span> <span class='ocrx_word' id='word_1_111' title='bbox 1487 1380 1675 1434; x_wconf 86' lang='lat' dir='ltr'><strong>ductus</strong></span> <span class='ocrx_word' id='word_1_112' title='bbox 1705 1391 1780 1434; x_wconf 89' lang='lat' dir='ltr'><strong>est</strong></span> <span class='ocrx_word' id='word_1_113' title='bbox 1814 1382 1880 1437; x_wconf 72' lang='grc'><strong>⁸⁸.</strong></span> <span class='ocrx_word' id='word_1_114' title='bbox 1913 1383 2172 1438; x_wconf 83' lang='lat' dir='ltr'><strong>Causam-</strong></span> 
     </span>
    </p>
   </div>
   <div class='ocr_carea' id='block_1_18' title="bbox 604 1470 2167 1542">
    <p class='ocr_par' dir='ltr' id='par_1_18' title="bbox 604 1470 2167 1542">
     <span class='ocr_line' id='line_1_18' title="bbox 604 1470 2167 1542; baseline 0.003 -18"><span class='ocrx_word' id='word_1_115' title='bbox 604 1485 705 1540; x_wconf 88' lang='lat' dir='ltr'><strong>que</strong></span> <span class='ocrx_word' id='word_1_116' title='bbox 753 1471 830 1525; x_wconf 87' lang='lat' dir='ltr'><strong>rei</strong></span> <span class='ocrx_word' id='word_1_117' title='bbox 883 1471 1116 1537; x_wconf 88' lang='lat' dir='ltr'><strong>docent,</strong></span> <span class='ocrx_word' id='word_1_118' title='bbox 1153 1470 1350 1525; x_wconf 88' lang='lat' dir='ltr'><strong>ibidem</strong></span> <span class='ocrx_word' id='word_1_119' title='bbox 1385 1471 1627 1526; x_wconf 89' lang='lat' dir='ltr'><strong>dicentes</strong></span> <span class='ocrx_word' id='word_1_120' title='bbox 1663 1491 1675 1527; x_wconf 90' lang='lat'><strong>:</strong></span> <span class='ocrx_word' id='word_1_121' title='bbox 1709 1471 1810 1526; x_wconf 81' lang='lat' dir='ltr'><strong>Hic</strong></span> <span class='ocrx_word' id='word_1_122' title='bbox 1833 1485 2043 1542; x_wconf 74' lang='lat' dir='ltr'><strong>peccata</strong></span> <span class='ocrx_word' id='word_1_123' title='bbox 2071 1491 2167 1528; x_wconf 87' lang='lat' dir='ltr'><strong>no-</strong></span> 
     </span>
    </p>
   </div>
   <div class='ocr_carea' id='block_1_19' title="bbox 603 1559 2167 1631">
    <p class='ocr_par' dir='ltr' id='par_1_19' title="bbox 603 1559 2167 1631">
     <span class='ocr_line' id='line_1_19' title="bbox 603 1559 2167 1631; baseline 0.002 -17"><span class='ocrx_word' id='word_1_124' title='bbox 603 1568 711 1614; x_wconf 83' lang='lat' dir='ltr'><strong>stra</strong></span> <span class='ocrx_word' id='word_1_125' title='bbox 736 1561 888 1629; x_wconf 82' lang='lat' dir='ltr'><strong>gerit,</strong></span> <span class='ocrx_word' id='word_1_126' title='bbox 924 1570 971 1614; x_wconf 87' lang='lat' dir='ltr'><strong>et</strong></span> <span class='ocrx_word' id='word_1_127' title='bbox 995 1576 1090 1628; x_wconf 80' lang='lat' dir='ltr'><strong>pro</strong></span> <span class='ocrx_word' id='word_1_128' title='bbox 1112 1559 1256 1614; x_wconf 85' lang='lat' dir='ltr'><strong>nobis</strong></span> <span class='ocrx_word' id='word_1_129' title='bbox 1290 1559 1464 1624; x_wconf 83' lang='lat' dir='ltr'><strong>dolet;</strong></span> <span class='ocrx_word' id='word_1_130' title='bbox 1487 1571 1536 1616; x_wconf 86' lang='lat' dir='ltr'><strong>et</strong></span> <span class='ocrx_word' id='word_1_131' title='bbox 1560 1577 1653 1615; x_wconf 87' lang='lat' dir='ltr'><strong>nos</strong></span> <span class='ocrx_word' id='word_1_132' title='bbox 1680 1563 2024 1631; x_wconf 85' lang='lat' dir='ltr'><strong>reputavimus</strong></span> <span class='ocrx_word' id='word_1_133' title='bbox 2049 1577 2167 1618; x_wconf 86' lang='lat' dir='ltr'><strong>eum</strong></span> 
     </span>
    </p>
   </div>
   <div class='ocr_carea' id='block_1_20' title="bbox 599 1651 2164 1722">
    <p class='ocr_par' dir='ltr' id='par_1_20' title="bbox 599 1651 2164 1722">
     <span class='ocr_line' id='line_1_20' title="bbox 599 1651 2164 1722; baseline 0.001 -14"><span class='ocrx_word' id='word_1_134' title='bbox 599 1651 868 1720; x_wconf 80' lang='lat' dir='ltr'><strong>nlagatum</strong></span> <span class='ocrx_word' id='word_1_135' title='bbox 909 1662 955 1704; x_wconf 86' lang='lat' dir='ltr'><strong>et</strong></span> <span class='ocrx_word' id='word_1_136' title='bbox 1004 1651 1272 1722; x_wconf 71' lang='lat' dir='ltr'><strong>afﬂictum.</strong></span> <span class='ocrx_word' id='word_1_137' title='bbox 1316 1651 1439 1718; x_wconf 75' lang='lat' dir='ltr'><strong>Ipse</strong></span> <span class='ocrx_word' id='word_1_138' title='bbox 1499 1663 1675 1707; x_wconf 81' lang='lat' dir='ltr'><strong>autem</strong></span> <span class='ocrx_word' id='word_1_139' title='bbox 1732 1654 2031 1709; x_wconf 71' lang='lat' dir='ltr'><strong>vulneratus</strong></span> <span class='ocrx_word' id='word_1_140' title='bbox 2089 1663 2164 1710; x_wconf 79' lang='lat' dir='ltr'><strong>est</strong></span> 
     </span>
    </p>
   </div>
   <div class='ocr_carea' id='block_1_21' title="bbox 599 1742 2165 1814">
    <p class='ocr_par' dir='ltr' id='par_1_21' title="bbox 599 1742 2165 1814">
     <span class='ocr_line' id='line_1_21' title="bbox 599 1742 2165 1814; baseline 0.004 -19"><span class='ocrx_word' id='word_1_141' title='bbox 599 1751 810 1811; x_wconf 83' lang='lat' dir='ltr'><strong>prapter</strong></span> <span class='ocrx_word' id='word_1_142' title='bbox 833 1743 1135 1812; x_wconf 74' lang='lat' dir='ltr'><strong>iniquitates</strong></span> <span class='ocrx_word' id='word_1_143' title='bbox 1164 1742 1394 1806; x_wconf 66' lang='lat' dir='ltr'><strong>nostras,</strong></span> <span class='ocrx_word' id='word_1_144' title='bbox 1427 1742 1715 1812; x_wconf 86' lang='lat' dir='ltr'><strong>languidus</strong></span> <span class='ocrx_word' id='word_1_145' title='bbox 1746 1745 1918 1813; x_wconf 83' lang='lat' dir='ltr'><strong>[actus</strong></span> <span class='ocrx_word' id='word_1_146' title='bbox 1939 1756 2015 1800; x_wconf 77' lang='lat' dir='ltr'><strong>est</strong></span> <span class='ocrx_word' id='word_1_147' title='bbox 2040 1762 2165 1814; x_wconf 84' lang='lat' dir='ltr'><strong>pro-</strong></span> 
     </span>
    </p>
   </div>
   <div class='ocr_carea' id='block_1_22' title="bbox 2283 743 3869 836">
    <p class='ocr_par' dir='ltr' id='par_1_22' title="bbox 2283 743 3869 836">
     <span class='ocr_line' id='line_1_22' title="bbox 2283 743 3869 836; baseline 0.015 -41"><span class='ocrx_word' id='word_1_148' title='bbox 2283 743 2582 836; x_wconf 76' lang='grc' dir='ltr'>ἀνθρώπων</span> <span class='ocrx_word' id='word_1_149' title='bbox 2603 747 2801 819; x_wconf 82' lang='grc' dir='ltr'><strong>ἀγέλης</strong></span> <span class='ocrx_word' id='word_1_150' title='bbox 2832 751 3284 822; x_wconf 82' lang='grc' dir='ltr'>σφαγιαζόμενον,</span> <span class='ocrx_word' id='word_1_151' title='bbox 3309 755 3628 832; x_wconf 64' lang='grc' dir='ltr'>δαιμνικῆς</span> <span class='ocrx_word' id='word_1_152' title='bbox 3660 743 3869 836; x_wconf 81' lang='grc' dir='ltr'>πλάνης</span> 
     </span>
    </p>
   </div>
   <div class='ocr_carea' id='block_1_23' title="bbox 2279 833 3867 916">
    <p class='ocr_par' dir='ltr' id='par_1_23' title="bbox 2279 833 3867 916">
     <span class='ocr_line' id='line_1_23' title="bbox 2279 833 3867 916; baseline 0.015 -30"><span class='ocrx_word' id='word_1_153' title='bbox 2279 833 2670 902; x_wconf 84' lang='grc' dir='ltr'><strong>ἀποτρόπαιον·</strong></span> <span class='ocrx_word' id='word_1_154' title='bbox 2702 839 2893 892; x_wconf 84' lang='grc' dir='ltr'>τούτου</span> <span class='ocrx_word' id='word_1_155' title='bbox 2919 839 3028 912; x_wconf 77' lang='grc' dir='ltr'><strong>γὰρ</strong></span> <span class='ocrx_word' id='word_1_156' title='bbox 3057 843 3458 916; x_wconf 82' lang='grc' dir='ltr'><strong>ἀνενεχθέντος,</strong></span> <span class='ocrx_word' id='word_1_157' title='bbox 3501 853 3648 906; x_wconf 74' lang='grc' dir='ltr'>πᾶσα</span> <span class='ocrx_word' id='word_1_158' title='bbox 3679 833 3867 910; x_wconf 61' lang='grc' dir='ltr'>λοιπον</span> 
     </span>
    </p>
   </div>
   <div class='ocr_carea' id='block_1_24' title="bbox 2281 923 3864 1014">
    <p class='ocr_par' dir='ltr' id='par_1_24' title="bbox 2281 923 3864 1014">
     <span class='ocr_line' id='line_1_24' title="bbox 2281 923 3864 1014; baseline 0.016 -39"><span class='ocrx_word' id='word_1_159' title='bbox 2281 923 2313 992; x_wconf 84' lang='grc' dir='ltr'><strong>ή</strong></span> <span class='ocrx_word' id='word_1_160' title='bbox 2358 924 2466 977; x_wconf 89' lang='grc' dir='ltr'><strong>τῶν</strong></span> <span class='ocrx_word' id='word_1_161' title='bbox 2520 927 2768 997; x_wconf 85' lang='grc' dir='ltr'>ἀνάγνων</span> <span class='ocrx_word' id='word_1_162' title='bbox 2809 930 3077 1001; x_wconf 78' lang='grc' dir='ltr'>δαιμόνων</span> <span class='ocrx_word' id='word_1_163' title='bbox 3129 935 3358 1007; x_wconf 78' lang='grc' dir='ltr'>δύναμις</span> <span class='ocrx_word' id='word_1_164' title='bbox 3405 941 3717 1014; x_wconf 83' lang='grc' dir='ltr'><strong>καθῃρεῖτο,</strong></span> <span class='ocrx_word' id='word_1_165' title='bbox 3769 947 3864 1000; x_wconf 75' lang='grc' dir='ltr'><strong>καὶ</strong></span> 
     </span>
    </p>
   </div>
   <div class='ocr_carea' id='block_1_25' title="bbox 2279 1017 3864 1103">
    <p class='ocr_par' dir='ltr' id='par_1_25' title="bbox 2279 1017 3864 1103">
     <span class='ocr_line' id='line_1_25' title="bbox 2279 1017 3864 1103; baseline 0.015 -35"><span class='ocrx_word' id='word_1_166' title='bbox 2279 1018 2429 1070; x_wconf 82' lang='grc' dir='ltr'>πᾶσα</span> <span class='ocrx_word' id='word_1_167' title='bbox 2455 1017 2630 1090; x_wconf 84' lang='grc' dir='ltr'>πλάνη</span> <span class='ocrx_word' id='word_1_168' title='bbox 2669 1025 2912 1094; x_wconf 86' lang='grc' dir='ltr'>παρεῖτο.</span> <span class='ocrx_word' id='word_1_169' title='bbox 2967 1022 3042 1076; x_wconf 85' lang='grc' dir='ltr'>Τὸ</span> <span class='ocrx_word' id='word_1_170' title='bbox 3088 1026 3185 1096; x_wconf 84' lang='grc' dir='ltr'>μὲν</span> <span class='ocrx_word' id='word_1_171' title='bbox 3215 1023 3308 1082; x_wconf 81' lang='grc' dir='ltr'>οὖν</span> <span class='ocrx_word' id='word_1_172' title='bbox 3360 1032 3631 1103; x_wconf 82' lang='grc' dir='ltr'>σωτήριον</span> <span class='ocrx_word' id='word_1_173' title='bbox 3677 1034 3736 1100; x_wconf 76' lang='grc' dir='ltr'>ἐξ</span> <span class='ocrx_word' id='word_1_174' title='bbox 3768 1037 3864 1090; x_wconf 80' lang='grc' dir='ltr'>ἀν·</span> 
     </span>
    </p>
   </div>
   <div class='ocr_carea' id='block_1_26' title="bbox 2279 1106 3863 1199">
    <p class='ocr_par' dir='ltr' id='par_1_26' title="bbox 2279 1106 3863 1199">
     <span class='ocr_line' id='line_1_26' title="bbox 2279 1106 3863 1199; baseline 0.015 -40"><span class='ocrx_word' id='word_1_175' title='bbox 2279 1106 2519 1178; x_wconf 83' lang='grc' dir='ltr'>θρὼπων</span> <span class='ocrx_word' id='word_1_176' title='bbox 2545 1110 2714 1182; x_wconf 80' lang='grc' dir='ltr'>θῦμα,</span> <span class='ocrx_word' id='word_1_177' title='bbox 2751 1115 2883 1168; x_wconf 78' lang='grc' dir='ltr'>αὐτὸ</span> <span class='ocrx_word' id='word_1_178' title='bbox 2908 1115 2971 1187; x_wconf 81' lang='grc' dir='ltr'>δὴ</span> <span class='ocrx_word' id='word_1_179' title='bbox 3009 1116 3103 1170; x_wconf 80' lang='grc' dir='ltr'>τοῦ</span> <span class='ocrx_word' id='word_1_180' title='bbox 3131 1119 3307 1188; x_wconf 81' lang='grc' dir='ltr'>Λόγου</span> <span class='ocrx_word' id='word_1_181' title='bbox 3351 1125 3662 1192; x_wconf 81' lang='grc' dir='ltr'>σωματικὸν</span> <span class='ocrx_word' id='word_1_182' title='bbox 3694 1127 3863 1199; x_wconf 70' lang='grc' dir='ltr'>ὄργα-</span> 
     </span>
    </p>
   </div>
   <div class='ocr_carea' id='block_1_27' title="bbox 2275 1201 3862 1286">
    <p class='ocr_par' dir='ltr' id='par_1_27' title="bbox 2275 1201 3862 1286">
     <span class='ocr_line' id='line_1_27' title="bbox 2275 1201 3862 1286; baseline 0.013 -34"><span class='ocrx_word' id='word_1_183' title='bbox 2275 1215 2386 1266; x_wconf 89' lang='grc' dir='ltr'>νον,</span> <span class='ocrx_word' id='word_1_184' title='bbox 2418 1201 2560 1275; x_wconf 74' lang='grc' dir='ltr'>ὑπὲρ</span> <span class='ocrx_word' id='word_1_185' title='bbox 2598 1205 2900 1277; x_wconf 87' lang='grc' dir='ltr'>ἀνθρώπων</span> <span class='ocrx_word' id='word_1_186' title='bbox 2928 1208 3279 1282; x_wconf 82' lang='grc' dir='ltr'>καθιεροῢτο·</span> <span class='ocrx_word' id='word_1_187' title='bbox 3313 1209 3373 1268; x_wconf 76' lang='grc' dir='ltr'><strong>οὗ</strong></span> <span class='ocrx_word' id='word_1_188' title='bbox 3415 1216 3542 1286; x_wconf 85' lang='grc' dir='ltr'>πέρι</span> <span class='ocrx_word' id='word_1_189' title='bbox 3568 1216 3738 1286; x_wconf 89' lang='grc' dir='ltr'>λόγων</span> <span class='ocrx_word' id='word_1_190' title='bbox 3787 1223 3862 1273; x_wconf 82' lang='grc' dir='ltr'><strong>ἱε-</strong></span> 
     </span>
    </p>
   </div>
   <div class='ocr_carea' id='block_1_28' title="bbox 2278 1291 3860 1376">
    <p class='ocr_par' dir='ltr' id='par_1_28' title="bbox 2278 1291 3860 1376">
     <span class='ocr_line' id='line_1_28' title="bbox 2278 1291 3860 1376; baseline 0.014 -32"><span class='ocrx_word' id='word_1_191' title='bbox 2278 1291 2386 1362; x_wconf 90' lang='grc' dir='ltr'><strong>ρῶν</strong></span> <span class='ocrx_word' id='word_1_192' title='bbox 2421 1293 2586 1363; x_wconf 84' lang='grc' dir='ltr'>βοῶσι</span> <span class='ocrx_word' id='word_1_193' title='bbox 2615 1296 2788 1365; x_wconf 82' lang='grc' dir='ltr'>φωναί</span> <span class='ocrx_word' id='word_1_194' title='bbox 2805 1315 2818 1327; x_wconf 80' lang='lat'><strong><em>°</em></strong></span> <span class='ocrx_word' id='word_1_195' title='bbox 2846 1300 2975 1354; x_wconf 75' lang='grc' dir='ltr'>ποτὲ</span> <span class='ocrx_word' id='word_1_196' title='bbox 3005 1301 3123 1371; x_wconf 83' lang='grc' dir='ltr'>μέν’</span> <span class='ocrx_word' id='word_1_197' title='bbox 3153 1303 3275 1358; x_wconf 81' lang='grc' dir='ltr'>Ἴδε</span> <span class='ocrx_word' id='word_1_198' title='bbox 3304 1308 3338 1360; x_wconf 74' lang='grc' dir='ltr'>ὅ</span> <span class='ocrx_word' id='word_1_199' title='bbox 3365 1305 3553 1376; x_wconf 79' lang='grc' dir='ltr'>ἀμνὸς</span> <span class='ocrx_word' id='word_1_200' title='bbox 3577 1311 3683 1364; x_wconf 83' lang='grc' dir='ltr'>τοῦ</span> <span class='ocrx_word' id='word_1_201' title='bbox 3707 1313 3860 1367; x_wconf 78' lang='grc' dir='ltr'>Θεοῦ</span> 
     </span>
    </p>
   </div>
   <div class='ocr_carea' id='block_1_29' title="bbox 2273 1385 3858 1468">
    <p class='ocr_par' dir='ltr' id='par_1_29' title="bbox 2273 1385 3858 1468">
     <span class='ocr_line' id='line_1_29' title="bbox 2273 1385 3858 1468; baseline 0.013 -33"><span class='ocrx_word' id='word_1_202' title='bbox 2273 1386 2307 1436; x_wconf 86' lang='grc' dir='ltr'><strong>ό</strong></span> <span class='ocrx_word' id='word_1_203' title='bbox 2347 1385 2530 1452; x_wconf 75' lang='grc' dir='ltr'>αἴρων</span> <span class='ocrx_word' id='word_1_204' title='bbox 2567 1386 2683 1456; x_wconf 79' lang='grc' dir='ltr'><strong>τὴν</strong></span> <span class='ocrx_word' id='word_1_205' title='bbox 2718 1390 3010 1458; x_wconf 78' lang='grc' dir='ltr'><strong>ἁμαρτίαν</strong></span> <span class='ocrx_word' id='word_1_206' title='bbox 3048 1393 3155 1447; x_wconf 83' lang='grc' dir='ltr'>τοῦ</span> <span class='ocrx_word' id='word_1_207' title='bbox 3189 1398 3445 1466; x_wconf 77' lang='grc' dir='ltr'>κόσμου’</span> <span class='ocrx_word' id='word_1_208' title='bbox 3476 1399 3605 1452; x_wconf 72' lang='grc' dir='ltr'>ποτὲ</span> <span class='ocrx_word' id='word_1_209' title='bbox 3645 1400 3724 1454; x_wconf 85' lang='grc' dir='ltr'>δέ·</span> <span class='ocrx_word' id='word_1_210' title='bbox 3761 1402 3858 1468; x_wconf 86' lang='grc' dir='ltr'>Ὡς</span> 
     </span>
    </p>
   </div>
   <div class='ocr_carea' id='block_1_30' title="bbox 2271 1474 3857 1554">
    <p class='ocr_par' dir='ltr' id='par_1_30' title="bbox 2271 1474 3857 1554">
     <span class='ocr_line' id='line_1_30' title="bbox 2271 1474 3857 1554; baseline 0.013 -30"><span class='ocrx_word' id='word_1_211' title='bbox 2271 1474 2569 1540; x_wconf 71' lang='grc' dir='ltr'>πρόϐατον</span> <span class='ocrx_word' id='word_1_212' title='bbox 2593 1476 2692 1530; x_wconf 75' lang='grc' dir='ltr'><strong>ἐπὶ</strong></span> <span class='ocrx_word' id='word_1_213' title='bbox 2714 1479 2959 1549; x_wconf 67' lang='grc' dir='ltr'>σφαγὴν</span> <span class='ocrx_word' id='word_1_214' title='bbox 2987 1475 3165 1552; x_wconf 79' lang='grc' dir='ltr'>ἤχθη.</span> <span class='ocrx_word' id='word_1_215' title='bbox 3202 1486 3313 1537; x_wconf 78' lang='grc' dir='ltr'><strong>Καὶ</strong></span> <span class='ocrx_word' id='word_1_216' title='bbox 3345 1486 3407 1539; x_wconf 86' lang='grc' dir='ltr'><strong>τό</strong></span> <span class='ocrx_word' id='word_1_217' title='bbox 3434 1504 3496 1554; x_wconf 89' lang='grc' dir='ltr'><strong>γε</strong></span> <span class='ocrx_word' id='word_1_218' title='bbox 3519 1488 3691 1541; x_wconf 83' lang='grc' dir='ltr'>αἴτιον</span> <span class='ocrx_word' id='word_1_219' title='bbox 3710 1488 3857 1544; x_wconf 83' lang='grc' dir='ltr'>διδά-</span> 
     </span>
    </p>
   </div>
   <div class='ocr_carea' id='block_1_31' title="bbox 2271 1570 3856 1651">
    <p class='ocr_par' dir='ltr' id='par_1_31' title="bbox 2271 1570 3856 1651">
     <span class='ocr_line' id='line_1_31' title="bbox 2271 1570 3856 1651; baseline 0.013 -33"><span class='ocrx_word' id='word_1_220' title='bbox 2271 1573 2492 1621; x_wconf 83' lang='grc' dir='ltr'>σκουσιν</span> <span class='ocrx_word' id='word_1_221' title='bbox 2539 1570 2914 1640; x_wconf 80' lang='grc' dir='ltr'>ὲπιλέγουσαι·</span> <span class='ocrx_word' id='word_1_222' title='bbox 2971 1572 3161 1644; x_wconf 82' lang='grc' dir='ltr'>Οὗτος</span> <span class='ocrx_word' id='word_1_223' title='bbox 3203 1578 3311 1644; x_wconf 83' lang='grc' dir='ltr'>τὰς</span> <span class='ocrx_word' id='word_1_224' title='bbox 3351 1579 3640 1648; x_wconf 62' lang='grc' dir='ltr'>ἁμαρτίας</span> <span class='ocrx_word' id='word_1_225' title='bbox 3682 1582 3856 1651; x_wconf 74' lang='grc' dir='ltr'>ἡμῶν</span> 
     </span>
    </p>
   </div>
   <div class='ocr_carea' id='block_1_32' title="bbox 2267 1659 3850 1745">
    <p class='ocr_par' dir='ltr' id='par_1_32' title="bbox 2267 1659 3850 1745">
     <span class='ocr_line' id='line_1_32' title="bbox 2267 1659 3850 1745; baseline 0.012 -34"><span class='ocrx_word' id='word_1_226' title='bbox 2267 1659 2450 1726; x_wconf 73' lang='grc' dir='ltr'>φέρει,</span> <span class='ocrx_word' id='word_1_227' title='bbox 2491 1661 2590 1715; x_wconf 74' lang='grc' dir='ltr'><strong>καὶ</strong></span> <span class='ocrx_word' id='word_1_228' title='bbox 2623 1664 2754 1732; x_wconf 79' lang='grc' dir='ltr'>περὶ</span> <span class='ocrx_word' id='word_1_229' title='bbox 2791 1666 2961 1734; x_wconf 73' lang='grc' dir='ltr'>ἡμῶν</span> <span class='ocrx_word' id='word_1_230' title='bbox 2993 1667 3297 1734; x_wconf 80' lang='grc' dir='ltr'>όδυνᾶται,</span> <span class='ocrx_word' id='word_1_231' title='bbox 3327 1671 3429 1724; x_wconf 75' lang='grc' dir='ltr'><strong>καὶ</strong></span> <span class='ocrx_word' id='word_1_232' title='bbox 3454 1672 3625 1739; x_wconf 70' lang='grc' dir='ltr'>ἡμεῖς</span> <span class='ocrx_word' id='word_1_233' title='bbox 3652 1674 3850 1745; x_wconf 72' lang='grc' dir='ltr'>ἐλογι-</span> 
     </span>
    </p>
   </div>
   <div class='ocr_carea' id='block_1_33' title="bbox 2267 1747 3854 1830">
    <p class='ocr_par' dir='ltr' id='par_1_33' title="bbox 2267 1747 3854 1830">
     <span class='ocr_line' id='line_1_33' title="bbox 2267 1747 3854 1830; baseline 0.013 -28"><span class='ocrx_word' id='word_1_234' title='bbox 2267 1747 2495 1819; x_wconf 80' lang='grc' dir='ltr'>σάμεθα</span> <span class='ocrx_word' id='word_1_235' title='bbox 2515 1753 2701 1808; x_wconf 81' lang='grc' dir='ltr'>αὐτὸν</span> <span class='ocrx_word' id='word_1_236' title='bbox 2719 1757 2871 1810; x_wconf 77' lang='grc' dir='ltr'>εἶναι</span> <span class='ocrx_word' id='word_1_237' title='bbox 2895 1758 2966 1811; x_wconf 80' lang='grc' dir='ltr'>ἐν</span> <span class='ocrx_word' id='word_1_238' title='bbox 2989 1759 3196 1830; x_wconf 71' lang='grc' dir='ltr'>πληγῇ</span> <span class='ocrx_word' id='word_1_239' title='bbox 3218 1762 3315 1816; x_wconf 77' lang='grc' dir='ltr'><strong>καὶ</strong></span> <span class='ocrx_word' id='word_1_240' title='bbox 3341 1763 3412 1815; x_wconf 77' lang='grc' dir='ltr'>ἐν</span> <span class='ocrx_word' id='word_1_241' title='bbox 3429 1763 3704 1820; x_wconf 80' lang='grc' dir='ltr'>κακώσει.</span> <span class='ocrx_word' id='word_1_242' title='bbox 3731 1769 3854 1822; x_wconf 83' lang='grc' dir='ltr'><strong>Αὐ-</strong></span> 
     </span>
    </p>
   </div>
   <div class='ocr_carea' id='block_1_34' title="bbox 598 1820 2152 1927">
    <p class='ocr_par' dir='ltr' id='par_1_34' title="bbox 598 1833 2152 1907">
     <span class='ocr_line' id='line_1_34' title="bbox 598 1833 2152 1907; baseline 0.004 -20"><span class='ocrx_word' id='word_1_243' title='bbox 598 1845 708 1902; x_wconf 85' lang='lat' dir='ltr'><strong>pter</strong></span> <span class='ocrx_word' id='word_1_244' title='bbox 737 1834 932 1888; x_wconf 84' lang='lat' dir='ltr'><strong>scelera</strong></span> <span class='ocrx_word' id='word_1_245' title='bbox 990 1845 1189 1888; x_wconf 83' lang='lat' dir='ltr'><strong>nostra.</strong></span> <span class='ocrx_word' id='word_1_246' title='bbox 1240 1833 1536 1904; x_wconf 76' lang='lat' dir='ltr'><strong>Disciplina</strong></span> <span class='ocrx_word' id='word_1_247' title='bbox 1583 1837 1727 1904; x_wconf 84' lang='lat' dir='ltr'><strong>pacis</strong></span> <span class='ocrx_word' id='word_1_248' title='bbox 1785 1849 1976 1892; x_wconf 71' lang='lat' dir='ltr'><strong>nostra:</strong></span> <span class='ocrx_word' id='word_1_249' title='bbox 2011 1854 2152 1907; x_wconf 84' lang='lat' dir='ltr'><strong>supet</strong></span> 
     </span>
    </p>
   </div>
   <div class='ocr_carea' id='block_1_35' title="bbox 2251 1820 3848 1927">
    <p class='ocr_par' dir='ltr' id='par_1_35' title="bbox 2265 1820 3848 1927">
     <span class='ocr_line' id='line_1_35' title="bbox 2265 1820 3848 1927; baseline 0.014 -34"><span class='ocrx_word' id='word_1_250' title='bbox 2265 1840 2368 1906; x_wconf 81' lang='grc' dir='ltr'>τὸς</span> <span class='ocrx_word' id='word_1_251' title='bbox 2396 1841 2464 1895; x_wconf 82' lang='grc' dir='ltr'>δὲ</span> <span class='ocrx_word' id='word_1_252' title='bbox 2495 1845 2935 1918; x_wconf 81' lang='grc' dir='ltr'>ἐτραυματίσθη</span> <span class='ocrx_word' id='word_1_253' title='bbox 2971 1851 3066 1906; x_wconf 80' lang='grc' dir='ltr'>διὰ</span> <span class='ocrx_word' id='word_1_254' title='bbox 3251 1856 3503 1925; x_wconf 75' lang='grc' dir='ltr'><strong>ἀνομίας</strong></span> <span class='ocrx_word' id='word_1_255' title='bbox 3525 1858 3715 1927; x_wconf 80' lang='grc' dir='ltr'>ἡμῶν,</span> 
     </span>
    </p>
   </div>
   <div class='ocr_carea' id='block_1_36' title="bbox 596 1925 2166 1995">
    <p class='ocr_par' dir='ltr' id='par_1_36' title="bbox 596 1925 2166 1995">
     <span class='ocr_line' id='line_1_36' title="bbox 596 1925 2166 1995; baseline 0.002 -15"><span class='ocrx_word' id='word_1_256' title='bbox 596 1941 736 1992; x_wconf 87' lang='lat' dir='ltr'><strong>sum,</strong></span> <span class='ocrx_word' id='word_1_257' title='bbox 769 1927 930 1980; x_wconf 85' lang='lat' dir='ltr'><strong>livore</strong></span> <span class='ocrx_word' id='word_1_258' title='bbox 956 1925 1069 1995; x_wconf 83' lang='lat' dir='ltr'><strong>ejus</strong></span> <span class='ocrx_word' id='word_1_259' title='bbox 1091 1926 1267 1979; x_wconf 87' lang='lat' dir='ltr'><strong>sanati</strong></span> <span class='ocrx_word' id='word_1_260' title='bbox 1298 1943 1391 1980; x_wconf 86' lang='lat' dir='ltr'><strong>nos</strong></span> <span class='ocrx_word' id='word_1_261' title='bbox 1419 1943 1620 1985; x_wconf 83' lang='lat' dir='ltr'><strong>sumus.</strong></span> <span class='ocrx_word' id='word_1_262' title='bbox 1653 1925 1841 1981; x_wconf 78' lang='lat' dir='ltr'><strong>Cuncti</strong></span> <span class='ocrx_word' id='word_1_263' title='bbox 1887 1932 2020 1982; x_wconf 89' lang='lat' dir='ltr'><strong>sicut</strong></span> <span class='ocrx_word' id='word_1_264' title='bbox 2051 1945 2166 1983; x_wconf 83' lang='lat' dir='ltr'><strong>oves</strong></span> 
     </span>
    </p>
   </div>
   <div class='ocr_carea' id='block_1_37' title="bbox 593 2017 2165 2087">
    <p class='ocr_par' dir='ltr' id='par_1_37' title="bbox 593 2017 2165 2087">
     <span class='ocr_line' id='line_1_37' title="bbox 593 2017 2165 2087; baseline 0 -16"><span class='ocrx_word' id='word_1_265' title='bbox 593 2017 906 2081; x_wconf 83' lang='lat' dir='ltr'><strong>erravimus,</strong></span> <span class='ocrx_word' id='word_1_266' title='bbox 936 2017 1291 2087; x_wconf 69' lang='lat' dir='ltr'><strong>unusquisque</strong></span> <span class='ocrx_word' id='word_1_267' title='bbox 1328 2035 1360 2072; x_wconf 89' lang='lat' dir='ltr'><strong><em>a</em></strong></span> <span class='ocrx_word' id='word_1_268' title='bbox 1391 2019 1472 2072; x_wconf 89' lang='lat' dir='ltr'><strong>via</strong></span> <span class='ocrx_word' id='word_1_269' title='bbox 1509 2034 1604 2071; x_wconf 83' lang='lat' dir='ltr'><strong>sua</strong></span> <span class='ocrx_word' id='word_1_270' title='bbox 1652 2019 1952 2074; x_wconf 80' lang='lat' dir='ltr'><strong>declinavit.</strong></span> <span class='ocrx_word' id='word_1_271' title='bbox 1986 2019 2165 2072; x_wconf 88' lang='lat' dir='ltr'><strong>Domi-</strong></span> 
     </span>
    </p>
   </div>
   <div class='ocr_carea' id='block_1_38' title="bbox 593 2110 2163 2185">
    <p class='ocr_par' dir='ltr' id='par_1_38' title="bbox 593 2110 2163 2185">
     <span class='ocr_line' id='line_1_38' title="bbox 593 2110 2163 2185; baseline 0.003 -19"><span class='ocrx_word' id='word_1_272' title='bbox 593 2127 692 2166; x_wconf 84' lang='lat' dir='ltr'><strong>nus</strong></span> <span class='ocrx_word' id='word_1_273' title='bbox 719 2111 940 2164; x_wconf 84' lang='lat' dir='ltr'><strong>tradidit</strong></span> <span class='ocrx_word' id='word_1_274' title='bbox 963 2111 1111 2165; x_wconf 88' lang='lat' dir='ltr'><strong>illum</strong></span> <span class='ocrx_word' id='word_1_275' title='bbox 1143 2110 1284 2184; x_wconf 69' lang='lat' dir='ltr'><strong>[pro]</strong></span> <span class='ocrx_word' id='word_1_276' title='bbox 1303 2114 1524 2181; x_wconf 82' lang='lat' dir='ltr'><strong>peccatis</strong></span> <span class='ocrx_word' id='word_1_277' title='bbox 1549 2115 1740 2168; x_wconf 83' lang='lat' dir='ltr'><strong>nostris</strong></span> <span class='ocrx_word' id='word_1_278' title='bbox 1772 2115 1840 2170; x_wconf 83' lang='grc'><strong>⁹⁰.</strong></span> <span class='ocrx_word' id='word_1_279' title='bbox 1866 2114 2163 2185; x_wconf 86' lang='lat' dir='ltr'><strong>Corporale</strong></span> 
     </span>
    </p>
   </div>
   <div class='ocr_carea' id='block_1_39' title="bbox 591 2201 2160 2274">
    <p class='ocr_par' dir='ltr' id='par_1_39' title="bbox 591 2201 2160 2274">
     <span class='ocr_line' id='line_1_39' title="bbox 591 2201 2160 2274; baseline 0.003 -16"><span class='ocrx_word' id='word_1_280' title='bbox 591 2204 772 2274; x_wconf 83' lang='lat' dir='ltr'><strong>itaque</strong></span> <span class='ocrx_word' id='word_1_281' title='bbox 798 2201 961 2270; x_wconf 80' lang='lat' dir='ltr'><strong>Verbi</strong></span> <span class='ocrx_word' id='word_1_282' title='bbox 1013 2218 1274 2274; x_wconf 81' lang='lat' dir='ltr'><strong>organum</strong></span> <span class='ocrx_word' id='word_1_283' title='bbox 1329 2206 1428 2258; x_wconf 90' lang='lat' dir='ltr'><strong>has</strong></span> <span class='ocrx_word' id='word_1_284' title='bbox 1461 2205 1529 2260; x_wconf 91' lang='lat' dir='ltr'><strong>ob</strong></span> <span class='ocrx_word' id='word_1_285' title='bbox 1577 2220 1772 2260; x_wconf 84' lang='lat' dir='ltr'><strong>causas</strong></span> <span class='ocrx_word' id='word_1_286' title='bbox 1823 2207 2160 2263; x_wconf 84' lang='lat' dir='ltr'><strong>immolatum</strong></span> 
     </span>
    </p>
   </div>
   <div class='ocr_carea' id='block_1_40' title="bbox 589 2294 2160 2368">
    <p class='ocr_par' dir='ltr' id='par_1_40' title="bbox 589 2294 2160 2368">
     <span class='ocr_line' id='line_1_40' title="bbox 589 2294 2160 2368; baseline 0.003 -17"><span class='ocrx_word' id='word_1_287' title='bbox 589 2294 716 2351; x_wconf 77' lang='lat' dir='ltr'><strong>fuit.</strong></span> <span class='ocrx_word' id='word_1_288' title='bbox 760 2295 984 2368; x_wconf 79' lang='lat' dir='ltr'><strong>Magnus</strong></span> <span class='ocrx_word' id='word_1_289' title='bbox 1020 2305 1202 2351; x_wconf 88' lang='lat' dir='ltr'><strong>tamen</strong></span> <span class='ocrx_word' id='word_1_290' title='bbox 1245 2297 1483 2364; x_wconf 78' lang='lat' dir='ltr'><strong>pontifex</strong></span> <span class='ocrx_word' id='word_1_291' title='bbox 1512 2336 1527 2362; x_wconf 93' lang='lat'><strong>,</strong></span> <span class='ocrx_word' id='word_1_292' title='bbox 1569 2313 1692 2353; x_wconf 90' lang='lat' dir='ltr'><strong>cum</strong></span> <span class='ocrx_word' id='word_1_293' title='bbox 1726 2298 1798 2353; x_wconf 85' lang='lat' dir='ltr'><strong>sit</strong></span> <span class='ocrx_word' id='word_1_294' title='bbox 1827 2299 2074 2355; x_wconf 88' lang='lat' dir='ltr'><strong>diversus</strong></span> <span class='ocrx_word' id='word_1_295' title='bbox 2127 2315 2160 2356; x_wconf 83' lang='lat' dir='ltr'><strong>a</strong></span> 
     </span>
    </p>
   </div>
   <div class='ocr_carea' id='block_1_41' title="bbox 587 2385 2160 2461">
    <p class='ocr_par' dir='ltr' id='par_1_41' title="bbox 587 2385 2160 2461">
     <span class='ocr_line' id='line_1_41' title="bbox 587 2385 2160 2461; baseline 0.003 -19"><span class='ocrx_word' id='word_1_296' title='bbox 587 2388 830 2452; x_wconf 78' lang='lat' dir='ltr'><strong>victima,</strong></span> <span class='ocrx_word' id='word_1_297' title='bbox 862 2386 955 2441; x_wconf 91' lang='lat' dir='ltr'><strong>Dei</strong></span> <span class='ocrx_word' id='word_1_298' title='bbox 977 2386 1183 2442; x_wconf 80' lang='lat' dir='ltr'><strong>scilicet</strong></span> <span class='ocrx_word' id='word_1_299' title='bbox 1211 2385 1472 2453; x_wconf 83' lang='lat' dir='ltr'><strong>Verbum,</strong></span> <span class='ocrx_word' id='word_1_300' title='bbox 1503 2388 1678 2445; x_wconf 88' lang='lat' dir='ltr'><strong>virtus</strong></span> <span class='ocrx_word' id='word_1_301' title='bbox 1703 2429 1719 2453; x_wconf 87' lang='lat'><strong>,</strong></span> <span class='ocrx_word' id='word_1_302' title='bbox 1754 2397 1916 2459; x_wconf 90' lang='lat' dir='ltr'><strong>atque</strong></span> <span class='ocrx_word' id='word_1_303' title='bbox 1950 2391 2160 2461; x_wconf 82' lang='lat' dir='ltr'><strong>sapien-</strong></span> 
     </span>
    </p>
   </div>
   <div class='ocr_carea' id='block_1_42' title="bbox 587 2478 2158 2547">
    <p class='ocr_par' dir='ltr' id='par_1_42' title="bbox 587 2478 2158 2547">
     <span class='ocr_line' id='line_1_42' title="bbox 587 2478 2158 2547; baseline 0.003 -15"><span class='ocrx_word' id='word_1_304' title='bbox 587 2479 683 2546; x_wconf 85' lang='lat' dir='ltr'><strong>tia,</strong></span> <span class='ocrx_word' id='word_1_305' title='bbox 707 2478 849 2533; x_wconf 85' lang='lat' dir='ltr'><strong>haud</strong></span> <span class='ocrx_word' id='word_1_306' title='bbox 870 2478 959 2533; x_wconf 90' lang='lat' dir='ltr'><strong>diu</strong></span> <span class='ocrx_word' id='word_1_307' title='bbox 988 2488 1158 2547; x_wconf 86' lang='lat' dir='ltr'><strong>posta</strong></span> <span class='ocrx_word' id='word_1_308' title='bbox 1187 2489 1356 2534; x_wconf 89' lang='lat' dir='ltr'><strong>morte</strong></span> <span class='ocrx_word' id='word_1_309' title='bbox 1395 2490 1665 2535; x_wconf 92' lang='lat' dir='ltr'><strong>mortuum</strong></span> <span class='ocrx_word' id='word_1_310' title='bbox 1695 2483 1987 2547; x_wconf 84' lang='lat' dir='ltr'><strong>revocavit,</strong></span> <span class='ocrx_word' id='word_1_311' title='bbox 2006 2498 2158 2538; x_wconf 77' lang='lat' dir='ltr'><strong>eum-</strong></span> 
     </span>
    </p>
   </div>
   <div class='ocr_carea' id='block_1_43' title="bbox 585 2571 2158 2642">
    <p class='ocr_par' dir='ltr' id='par_1_43' title="bbox 585 2571 2158 2642">
     <span class='ocr_line' id='line_1_43' title="bbox 585 2571 2158 2642; baseline 0.003 -17"><span class='ocrx_word' id='word_1_312' title='bbox 585 2585 693 2640; x_wconf 89' lang='lat' dir='ltr'><strong>que</strong></span> <span class='ocrx_word' id='word_1_313' title='bbox 743 2571 1049 2625; x_wconf 91' lang='lat' dir='ltr'><strong>communis</strong></span> <span class='ocrx_word' id='word_1_314' title='bbox 1096 2581 1296 2626; x_wconf 75' lang='lat' dir='ltr'><strong>nostrze</strong></span> <span class='ocrx_word' id='word_1_315' title='bbox 1326 2571 1522 2627; x_wconf 87' lang='lat' dir='ltr'><strong>salutis</strong></span> <span class='ocrx_word' id='word_1_316' title='bbox 1552 2573 1974 2642; x_wconf 89' lang='lat' dir='ltr'><strong>inchoationem,</strong></span> <span class='ocrx_word' id='word_1_317' title='bbox 2006 2576 2158 2630; x_wconf 80' lang='lat' dir='ltr'><strong>vitae-</strong></span> 
     </span>
    </p>
   </div>
   <div class='ocr_carea' id='block_1_44' title="bbox 583 2662 2156 2736">
    <p class='ocr_par' dir='ltr' id='par_1_44' title="bbox 583 2662 2156 2736">
     <span class='ocr_line' id='line_1_44' title="bbox 583 2662 2156 2736; baseline 0.001 -18"><span class='ocrx_word' id='word_1_318' title='bbox 583 2663 1024 2732; x_wconf 84' lang='lat' dir='ltr'><strong>quesecnndnm</strong></span> <span class='ocrx_word' id='word_1_319' title='bbox 1061 2662 1228 2716; x_wconf 91' lang='lat' dir='ltr'><strong>Deum</strong></span> <span class='ocrx_word' id='word_1_320' title='bbox 1261 2673 1426 2732; x_wconf 87' lang='lat' dir='ltr'><strong>atque</strong></span> <span class='ocrx_word' id='word_1_321' title='bbox 1470 2664 1898 2721; x_wconf 87' lang='lat' dir='ltr'><strong>immortalitatis</strong></span> <span class='ocrx_word' id='word_1_322' title='bbox 1930 2669 2156 2736; x_wconf 83' lang='lat' dir='ltr'><strong>partici-</strong></span> 
     </span>
    </p>
   </div>
   <div class='ocr_carea' id='block_1_45' title="bbox 582 2752 2154 2825">
    <p class='ocr_par' dir='ltr' id='par_1_45' title="bbox 582 2752 2154 2825">
     <span class='ocr_line' id='line_1_45' title="bbox 582 2752 2154 2825; baseline 0.003 -17"><span class='ocrx_word' id='word_1_323' title='bbox 582 2767 703 2825; x_wconf 83' lang='lat' dir='ltr'><strong>pem</strong></span> <span class='ocrx_word' id='word_1_324' title='bbox 739 2752 1040 2818; x_wconf 90' lang='lat' dir='ltr'><strong>constituit,</strong></span> <span class='ocrx_word' id='word_1_325' title='bbox 1071 2755 1350 2809; x_wconf 86' lang='lat' dir='ltr'><strong>victoriale</strong></span> <span class='ocrx_word' id='word_1_326' title='bbox 1383 2753 1652 2812; x_wconf 84' lang='lat' dir='ltr'><strong>adversus</strong></span> <span class='ocrx_word' id='word_1_327' title='bbox 1687 2765 1918 2813; x_wconf 89' lang='lat' dir='ltr'><strong>mortem</strong></span> <span class='ocrx_word' id='word_1_328' title='bbox 1953 2773 2016 2812; x_wconf 92' lang='lat' dir='ltr'><strong>ac</strong></span> <span class='ocrx_word' id='word_1_329' title='bbox 2049 2760 2154 2813; x_wconf 85' lang='lat' dir='ltr'><strong>dae-</strong></span> 
     </span>
    </p>
   </div>
   <div class='ocr_carea' id='block_1_46' title="bbox 582 2845 2150 2918">
    <p class='ocr_par' dir='ltr' id='par_1_46' title="bbox 582 2845 2150 2918">
     <span class='ocr_line' id='line_1_46' title="bbox 582 2845 2150 2918; baseline 0.001 -16"><span class='ocrx_word' id='word_1_330' title='bbox 582 2845 885 2902; x_wconf 86' lang='lat' dir='ltr'><strong>moniacam</strong></span> <span class='ocrx_word' id='word_1_331' title='bbox 920 2847 1089 2901; x_wconf 88' lang='lat' dir='ltr'><strong>aciem</strong></span> <span class='ocrx_word' id='word_1_332' title='bbox 1141 2848 1440 2915; x_wconf 77' lang='lat' dir='ltr'><strong>trophaeum</strong></span> <span class='ocrx_word' id='word_1_333' title='bbox 1466 2887 1481 2914; x_wconf 91' lang='lat'><strong>,</strong></span> <span class='ocrx_word' id='word_1_334' title='bbox 1515 2857 1570 2902; x_wconf 90' lang='lat' dir='ltr'><strong>et</strong></span> <span class='ocrx_word' id='word_1_335' title='bbox 1600 2849 1902 2918; x_wconf 83' lang='lat' dir='ltr'><strong>priscorum</strong></span> <span class='ocrx_word' id='word_1_336' title='bbox 1938 2851 2150 2905; x_wconf 88' lang='lat' dir='ltr'><strong>sacrili-</strong></span> 
     </span>
    </p>
   </div>
   <div class='ocr_carea' id='block_1_47' title="bbox 582 2934 2148 3004">
    <p class='ocr_par' dir='ltr' id='par_1_47' title="bbox 582 2934 2148 3004">
     <span class='ocr_line' id='line_1_47' title="bbox 582 2934 2148 3004; baseline 0.003 -14"><span class='ocrx_word' id='word_1_337' title='bbox 582 2935 790 2990; x_wconf 92' lang='lat' dir='ltr'><strong>ciorum</strong></span> <span class='ocrx_word' id='word_1_338' title='bbox 842 2934 1292 3000; x_wconf 86' lang='lat' dir='ltr'><strong>destructorem;</strong></span> <span class='ocrx_word' id='word_1_339' title='bbox 1355 2950 1515 3004; x_wconf 91' lang='lat' dir='ltr'><strong>quem</strong></span> <span class='ocrx_word' id='word_1_340' title='bbox 1574 2940 1814 2993; x_wconf 83' lang='lat' dir='ltr'><strong>omnium</strong></span> <span class='ocrx_word' id='word_1_341' title='bbox 1870 2939 2148 2994; x_wconf 82' lang='lat' dir='ltr'><strong>hominum</strong></span> 
     </span>
    </p>
   </div>
   <div class='ocr_carea' id='block_1_48' title="bbox 582 3024 2151 3096">
    <p class='ocr_par' dir='ltr' id='par_1_48' title="bbox 582 3024 2151 3096">
     <span class='ocr_line' id='line_1_48' title="bbox 582 3024 2151 3096; baseline 0.003 -16"><span class='ocrx_word' id='word_1_342' title='bbox 582 3026 756 3092; x_wconf 71' lang='lat' dir='ltr'><strong>gratia</strong></span> <span class='ocrx_word' id='word_1_343' title='bbox 797 3025 1159 3080; x_wconf 84' lang='lat' dir='ltr'><strong>resuscitavit.</strong></span> <span class='ocrx_word' id='word_1_344' title='bbox 1196 3024 1426 3096; x_wconf 90' lang='lat' dir='ltr'><strong>[Idcirco</strong></span> <span class='ocrx_word' id='word_1_345' title='bbox 1471 3029 1634 3084; x_wconf 90' lang='lat' dir='ltr'><strong>etiam</strong></span> <span class='ocrx_word' id='word_1_346' title='bbox 1672 3028 1924 3085; x_wconf 87' lang='lat' dir='ltr'><strong>Christus</strong></span> <span class='ocrx_word' id='word_1_347' title='bbox 1975 3031 2151 3085; x_wconf 85' lang='lat' dir='ltr'><strong>nomi-</strong></span> 
     </span>
    </p>
   </div>
   <div class='ocr_carea' id='block_1_49' title="bbox 579 3115 2146 3187">
    <p class='ocr_par' dir='ltr' id='par_1_49' title="bbox 579 3115 2146 3187">
     <span class='ocr_line' id='line_1_49' title="bbox 579 3115 2146 3187; baseline 0.004 -16"><span class='ocrx_word' id='word_1_348' title='bbox 579 3125 742 3172; x_wconf 85' lang='lat' dir='ltr'><strong>natus</strong></span> <span class='ocrx_word' id='word_1_349' title='bbox 768 3115 914 3187; x_wconf 86' lang='lat' dir='ltr'><strong>fnit.]</strong></span> <span class='ocrx_word' id='word_1_350' title='bbox 968 3117 1104 3171; x_wconf 85' lang='lat' dir='ltr'><strong>Nam</strong></span> <span class='ocrx_word' id='word_1_351' title='bbox 1151 3117 1400 3174; x_wconf 86' lang='lat' dir='ltr'><strong>Christus</strong></span> <span class='ocrx_word' id='word_1_352' title='bbox 1445 3135 1658 3185; x_wconf 86' lang='lat' dir='ltr'><strong>nomen,</strong></span> <span class='ocrx_word' id='word_1_353' title='bbox 1687 3121 2049 3176; x_wconf 89' lang='lat' dir='ltr'><strong>sacerdotium</strong></span> <span class='ocrx_word' id='word_1_354' title='bbox 2074 3126 2146 3177; x_wconf 58' lang='lat' dir='ltr'><strong>sio</strong></span> 
     </span>
    </p>
   </div>
   <div class='ocr_carea' id='block_1_50' title="bbox 577 3206 2143 3282">
    <p class='ocr_par' dir='ltr' id='par_1_50' title="bbox 577 3206 2143 3282">
     <span class='ocr_line' id='line_1_50' title="bbox 577 3206 2143 3282; baseline 0.004 -21"><span class='ocrx_word' id='word_1_355' title='bbox 577 3206 692 3262; x_wconf 89' lang='lat' dir='ltr'><strong>mul</strong></span> <span class='ocrx_word' id='word_1_356' title='bbox 722 3215 774 3262; x_wconf 90' lang='lat' dir='ltr'><strong>et</strong></span> <span class='ocrx_word' id='word_1_357' title='bbox 810 3222 1031 3278; x_wconf 88' lang='lat' dir='ltr'><strong>regnum</strong></span> <span class='ocrx_word' id='word_1_358' title='bbox 1060 3208 1333 3278; x_wconf 83' lang='lat' dir='ltr'><strong>signiﬁcat</strong></span> <span class='ocrx_word' id='word_1_359' title='bbox 1359 3213 1498 3282; x_wconf 88' lang='lat' dir='ltr'><strong>apud</strong></span> <span class='ocrx_word' id='word_1_360' title='bbox 1533 3209 1809 3268; x_wconf 70' lang='lat' dir='ltr'><strong>Hebmos.</strong></span> <span class='ocrx_word' id='word_1_361' title='bbox 1840 3211 1965 3269; x_wconf 60' lang='lat' dir='ltr'><strong>Haec</strong></span> <span class='ocrx_word' id='word_1_362' title='bbox 2001 3215 2143 3268; x_wconf 90' lang='lat' dir='ltr'><strong>enim</strong></span> 
     </span>
    </p>
   </div>
   <div class='ocr_carea' id='block_1_51' title="bbox 579 3296 1010 3367">
    <p class='ocr_par' dir='ltr' id='par_1_51' title="bbox 579 3296 1010 3367">
     <span class='ocr_line' id='line_1_51' title="bbox 579 3296 1010 3367; baseline 0.005 -17"><span class='ocrx_word' id='word_1_363' title='bbox 579 3297 708 3367; x_wconf 84' lang='lat' dir='ltr'><strong>ungi</strong></span> <span class='ocrx_word' id='word_1_364' title='bbox 741 3296 1010 3352; x_wconf 86' lang='lat' dir='ltr'><strong>solebant.</strong></span> 
     </span>
    </p>
   </div>
   <div class='ocr_carea' id='block_1_52' title="bbox 645 3578 2140 3651">
    <p class='ocr_par' dir='ltr' id='par_1_52' title="bbox 645 3578 2140 3651">
     <span class='ocr_line' id='line_1_52' title="bbox 645 3578 2140 3651; baseline -0.001 -15"><span class='ocrx_word' id='word_1_365' title='bbox 645 3579 852 3637; x_wconf 71' lang='lat' dir='ltr'><strong>Prmter</strong></span> <span class='ocrx_word' id='word_1_366' title='bbox 876 3578 1233 3651; x_wconf 80' lang='lat' dir='ltr'><strong>supradictas,</strong></span> <span class='ocrx_word' id='word_1_367' title='bbox 1265 3579 1365 3633; x_wconf 81' lang='lat' dir='ltr'><strong>alia</strong></span> <span class='ocrx_word' id='word_1_368' title='bbox 1400 3591 1610 3650; x_wconf 87' lang='lat' dir='ltr'><strong>quoque</strong></span> <span class='ocrx_word' id='word_1_369' title='bbox 1644 3579 1848 3633; x_wconf 81' lang='lat' dir='ltr'><strong>exstitit</strong></span> <span class='ocrx_word' id='word_1_370' title='bbox 1874 3591 1971 3632; x_wconf 83' lang='lat' dir='ltr'><strong>cur</strong></span> <span class='ocrx_word' id='word_1_371' title='bbox 2012 3579 2140 3634; x_wconf 88' lang='lat' dir='ltr'><strong>Ser-</strong></span> 
     </span>
    </p>
   </div>
   <div class='ocr_carea' id='block_1_53' title="bbox 571 3669 2136 3740">
    <p class='ocr_par' dir='ltr' id='par_1_53' title="bbox 571 3669 2136 3740">
     <span class='ocr_line' id='line_1_53' title="bbox 571 3669 2136 3740; baseline -0.002 -12"><span class='ocrx_word' id='word_1_372' title='bbox 571 3683 728 3730; x_wconf 75' lang='lat' dir='ltr'><strong>vator</strong></span> <span class='ocrx_word' id='word_1_373' title='bbox 751 3683 1056 3729; x_wconf 90' lang='lat' dir='ltr'><strong>moreretur</strong></span> <span class='ocrx_word' id='word_1_374' title='bbox 1091 3672 1326 3725; x_wconf 78' lang='lat' dir='ltr'><strong>maxima</strong></span> <span class='ocrx_word' id='word_1_375' title='bbox 1359 3687 1521 3726; x_wconf 90' lang='lat' dir='ltr'><strong>causa</strong></span> <span class='ocrx_word' id='word_1_376' title='bbox 1543 3711 1559 3736; x_wconf 92' lang='lat'><strong>,</strong></span> <span class='ocrx_word' id='word_1_377' title='bbox 1607 3685 1727 3740; x_wconf 69' lang='lat' dir='ltr'><strong>qua:</strong></span> <span class='ocrx_word' id='word_1_378' title='bbox 1750 3669 1862 3738; x_wconf 82' lang='lat' dir='ltr'><strong>jam</strong></span> <span class='ocrx_word' id='word_1_379' title='bbox 1909 3672 2136 3726; x_wconf 87' lang='lat' dir='ltr'><strong>dicetur.</strong></span> 
     </span>
    </p>
   </div>
   <div class='ocr_carea' id='block_1_54' title="bbox 571 3763 2142 3834">
    <p class='ocr_par' dir='ltr' id='par_1_54' title="bbox 571 3763 2142 3834">
     <span class='ocr_line' id='line_1_54' title="bbox 571 3763 2142 3834; baseline -0.001 -15"><span class='ocrx_word' id='word_1_380' title='bbox 571 3765 707 3820; x_wconf 84' lang='lat' dir='ltr'><strong>Nam</strong></span> <span class='ocrx_word' id='word_1_381' title='bbox 731 3765 856 3834; x_wconf 86' lang='lat' dir='ltr'><strong>quia</strong></span> <span class='ocrx_word' id='word_1_382' title='bbox 897 3776 1120 3819; x_wconf 83' lang='lat' dir='ltr'><strong>necesse</strong></span> <span class='ocrx_word' id='word_1_383' title='bbox 1166 3773 1318 3827; x_wconf 87' lang='lat' dir='ltr'><strong>erat,</strong></span> <span class='ocrx_word' id='word_1_384' title='bbox 1369 3764 1536 3834; x_wconf 87' lang='lat' dir='ltr'><strong>ipsius</strong></span> <span class='ocrx_word' id='word_1_385' title='bbox 1575 3763 1868 3832; x_wconf 90' lang='lat' dir='ltr'><strong>discipulos</strong></span> <span class='ocrx_word' id='word_1_386' title='bbox 1908 3763 2142 3832; x_wconf 89' lang='lat' dir='ltr'><strong>propriis</strong></span> 
     </span>
    </p>
   </div>
   <div class='ocr_carea' id='block_1_55' title="bbox 569 3853 2142 3925">
    <p class='ocr_par' dir='ltr' id='par_1_55' title="bbox 569 3853 2142 3925">
     <span class='ocr_line' id='line_1_55' title="bbox 569 3853 2142 3925; baseline -0.004 -13"><span class='ocrx_word' id='word_1_387' title='bbox 569 3855 749 3912; x_wconf 85' lang='lat' dir='ltr'><strong>oculis</strong></span> <span class='ocrx_word' id='word_1_388' title='bbox 795 3870 1022 3911; x_wconf 88' lang='lat' dir='ltr'><strong>cernere</strong></span> <span class='ocrx_word' id='word_1_389' title='bbox 1049 3857 1174 3911; x_wconf 67' lang='lat' dir='ltr'><strong>vita:</strong></span> <span class='ocrx_word' id='word_1_390' title='bbox 1205 3865 1330 3925; x_wconf 91' lang='lat' dir='ltr'><strong>post</strong></span> <span class='ocrx_word' id='word_1_391' title='bbox 1375 3856 1582 3911; x_wconf 91' lang='lat' dir='ltr'><strong>ohitum</strong></span> <span class='ocrx_word' id='word_1_392' title='bbox 1610 3854 1946 3908; x_wconf 79' lang='lat' dir='ltr'><strong>manifestam</strong></span> <span class='ocrx_word' id='word_1_393' title='bbox 1979 3853 2142 3907; x_wconf 80' lang='lat' dir='ltr'><strong>resti-</strong></span> 
     </span>
    </p>
   </div>
   <div class='ocr_carea' id='block_1_56' title="bbox 572 3944 2141 4015">
    <p class='ocr_par' dir='ltr' id='par_1_56' title="bbox 572 3944 2141 4015">
     <span class='ocr_line' id='line_1_56' title="bbox 572 3944 2141 4015; baseline -0.001 -14"><span class='ocrx_word' id='word_1_394' title='bbox 572 3947 832 4001; x_wconf 88' lang='lat' dir='ltr'><strong>tutionem</strong></span> <span class='ocrx_word' id='word_1_395' title='bbox 865 3985 881 4010; x_wconf 91' lang='lat'><strong>,</strong></span> <span class='ocrx_word' id='word_1_396' title='bbox 935 3961 1001 4000; x_wconf 83' lang='lat' dir='ltr'><strong>ex</strong></span> <span class='ocrx_word' id='word_1_397' title='bbox 1065 3961 1172 4015; x_wconf 88' lang='lat' dir='ltr'><strong>qua</strong></span> <span class='ocrx_word' id='word_1_398' title='bbox 1228 3960 1382 3999; x_wconf 89' lang='lat' dir='ltr'><strong>suam</strong></span> <span class='ocrx_word' id='word_1_399' title='bbox 1434 3945 1762 4013; x_wconf 85' lang='lat' dir='ltr'><strong>suspendere</strong></span> <span class='ocrx_word' id='word_1_400' title='bbox 1816 3959 1962 4013; x_wconf 86' lang='lat' dir='ltr'><strong>spem</strong></span> <span class='ocrx_word' id='word_1_401' title='bbox 2021 3944 2141 3999; x_wconf 90' lang='lat' dir='ltr'><strong>illos</strong></span> 
     </span>
    </p>
   </div>
   <div class='ocr_carea' id='block_1_57' title="bbox 569 4023 2142 4107">
    <p class='ocr_par' dir='ltr' id='par_1_57' title="bbox 569 4023 2142 4107">
     <span class='ocr_line' id='line_1_57' title="bbox 569 4023 2142 4107; baseline -0.001 -15"><span class='ocrx_word' id='word_1_402' title='bbox 569 4023 851 4103; x_wconf 84' lang='lat' dir='ltr'><strong>docuerat,</strong></span> <span class='ocrx_word' id='word_1_403' title='bbox 887 4036 1115 4106; x_wconf 83' lang='lat' dir='ltr'><strong>etcujus</strong></span> <span class='ocrx_word' id='word_1_404' title='bbox 1144 4051 1308 4092; x_wconf 85' lang='lat' dir='ltr'><strong>causa</strong></span> <span class='ocrx_word' id='word_1_405' title='bbox 1355 4036 1421 4090; x_wconf 90' lang='lat' dir='ltr'><strong>ad</strong></span> <span class='ocrx_word' id='word_1_406' title='bbox 1466 4036 1742 4107; x_wconf 76' lang='lat' dir='ltr'><strong>religionis</strong></span> <span class='ocrx_word' id='word_1_407' title='bbox 1786 4036 1971 4105; x_wconf 86' lang='lat' dir='ltr'><strong>jngum</strong></span> <span class='ocrx_word' id='word_1_408' title='bbox 2012 4035 2142 4090; x_wconf 80' lang='lat' dir='ltr'><strong>sub-</strong></span> 
     </span>
    </p>
   </div>
   <div class='ocr_carea' id='block_1_58' title="bbox 567 4125 2140 4195">
    <p class='ocr_par' dir='ltr' id='par_1_58' title="bbox 567 4125 2140 4195">
     <span class='ocr_line' id='line_1_58' title="bbox 567 4125 2140 4195; baseline -0.001 -15"><span class='ocrx_word' id='word_1_409' title='bbox 567 4126 801 4181; x_wconf 90' lang='lat' dir='ltr'><strong>eundum</strong></span> <span class='ocrx_word' id='word_1_410' title='bbox 857 4125 1104 4180; x_wconf 88' lang='lat' dir='ltr'><strong>hortatus</strong></span> <span class='ocrx_word' id='word_1_411' title='bbox 1138 4125 1347 4192; x_wconf 79' lang='lat' dir='ltr'><strong>fuerat;</strong></span> <span class='ocrx_word' id='word_1_412' title='bbox 1394 4126 1586 4180; x_wconf 87' lang='lat' dir='ltr'><strong>merito</strong></span> <span class='ocrx_word' id='word_1_413' title='bbox 1626 4127 1763 4180; x_wconf 89' lang='lat' dir='ltr'><strong>hanc</strong></span> <span class='ocrx_word' id='word_1_414' title='bbox 1793 4141 1903 4179; x_wconf 89' lang='lat' dir='ltr'><strong>rem</strong></span> <span class='ocrx_word' id='word_1_415' title='bbox 1934 4125 2140 4195; x_wconf 87' lang='lat' dir='ltr'><strong>perspi-</strong></span> 
     </span>
    </p>
   </div>
   <div class='ocr_carea' id='block_1_59' title="bbox 564 4216 2137 4286">
    <p class='ocr_par' dir='ltr' id='par_1_59' title="bbox 564 4216 2137 4286">
     <span class='ocr_line' id='line_1_59' title="bbox 564 4216 2137 4286; baseline -0.003 -11"><span class='ocrx_word' id='word_1_416' title='bbox 564 4231 668 4275; x_wconf 79' lang='lat' dir='ltr'><strong>cue</strong></span> <span class='ocrx_word' id='word_1_417' title='bbox 691 4217 976 4272; x_wconf 76' lang='lat' dir='ltr'><strong>videndam</strong></span> <span class='ocrx_word' id='word_1_418' title='bbox 1016 4217 1228 4272; x_wconf 90' lang='lat' dir='ltr'><strong>illorum</strong></span> <span class='ocrx_word' id='word_1_419' title='bbox 1259 4218 1432 4273; x_wconf 87' lang='lat' dir='ltr'><strong>oculis</strong></span> <span class='ocrx_word' id='word_1_420' title='bbox 1478 4216 1788 4286; x_wconf 86' lang='lat' dir='ltr'><strong>objiciebat.</strong></span> <span class='ocrx_word' id='word_1_421' title='bbox 1840 4217 2137 4286; x_wconf 82' lang='lat' dir='ltr'><strong>Oportebat</strong></span> 
     </span>
    </p>
   </div>
   <div class='ocr_carea' id='block_1_60' title="bbox 563 4305 2133 4377">
    <p class='ocr_par' dir='ltr' id='par_1_60' title="bbox 563 4305 2133 4377">
     <span class='ocr_line' id='line_1_60' title="bbox 563 4305 2133 4377; baseline -0.003 -14"><span class='ocrx_word' id='word_1_422' title='bbox 563 4308 709 4363; x_wconf 90' lang='lat' dir='ltr'><strong>enim</strong></span> <span class='ocrx_word' id='word_1_423' title='bbox 736 4322 831 4363; x_wconf 89' lang='lat' dir='ltr'><strong>eos</strong></span> <span class='ocrx_word' id='word_1_424' title='bbox 859 4306 949 4377; x_wconf 92' lang='lat' dir='ltr'><strong>qui</strong></span> <span class='ocrx_word' id='word_1_425' title='bbox 983 4306 1124 4376; x_wconf 89' lang='lat' dir='ltr'><strong>piam</strong></span> <span class='ocrx_word' id='word_1_426' title='bbox 1152 4307 1317 4361; x_wconf 88' lang='lat' dir='ltr'><strong>vitam</strong></span> <span class='ocrx_word' id='word_1_427' title='bbox 1369 4314 1523 4361; x_wconf 88' lang='lat' dir='ltr'><strong>erant</strong></span> <span class='ocrx_word' id='word_1_428' title='bbox 1569 4307 1892 4375; x_wconf 86' lang='lat' dir='ltr'><strong>suscepturi,</strong></span> <span class='ocrx_word' id='word_1_429' title='bbox 1938 4305 2041 4359; x_wconf 88' lang='lat' dir='ltr'><strong>hoc</strong></span> <span class='ocrx_word' id='word_1_430' title='bbox 2079 4305 2133 4358; x_wconf 91' lang='lat' dir='ltr'><strong>in</strong></span> 
     </span>
    </p>
   </div>
   <div class='ocr_carea' id='block_1_61' title="bbox 561 4396 2133 4472">
    <p class='ocr_par' dir='ltr' id='par_1_61' title="bbox 561 4396 2133 4472">
     <span class='ocr_line' id='line_1_61' title="bbox 561 4396 2133 4472; baseline -0.003 -18"><span class='ocrx_word' id='word_1_431' title='bbox 561 4399 754 4472; x_wconf 85' lang='lat' dir='ltr'><strong>primis</strong></span> <span class='ocrx_word' id='word_1_432' title='bbox 803 4413 1145 4467; x_wconf 88' lang='lat' dir='ltr'><strong>summopere</strong></span> <span class='ocrx_word' id='word_1_433' title='bbox 1188 4398 1556 4453; x_wconf 88' lang='lat' dir='ltr'><strong>necessarium</strong></span> <span class='ocrx_word' id='word_1_434' title='bbox 1603 4399 1981 4452; x_wconf 87' lang='lat' dir='ltr'><strong>documentum</strong></span> <span class='ocrx_word' id='word_1_435' title='bbox 2017 4396 2133 4450; x_wconf 82' lang='lat' dir='ltr'><strong>evi—</strong></span> 
     </span>
    </p>
   </div>
   <div class='ocr_carea' id='block_1_62' title="bbox 2260 1936 3848 2018">
    <p class='ocr_par' dir='ltr' id='par_1_62' title="bbox 2260 1936 3848 2018">
     <span class='ocr_line' id='line_1_62' title="bbox 2260 1936 3848 2018; baseline 0.013 -31"><span class='ocrx_word' id='word_1_436' title='bbox 2260 1936 2699 2003; x_wconf 79' lang='grc' dir='ltr'>μεμαλάκισται</span> <span class='ocrx_word' id='word_1_437' title='bbox 2738 1941 2835 1995; x_wconf 77' lang='grc' dir='ltr'>διὰ</span> <span class='ocrx_word' id='word_1_438' title='bbox 2881 1943 2990 2010; x_wconf 83' lang='grc' dir='ltr'>τὰς</span> <span class='ocrx_word' id='word_1_439' title='bbox 3033 1946 3322 2014; x_wconf 81' lang='grc' dir='ltr'>ἁμαρτίας</span> <span class='ocrx_word' id='word_1_440' title='bbox 3362 1949 3549 2018; x_wconf 75' lang='grc' dir='ltr'>ἡμῶν.</span> <span class='ocrx_word' id='word_1_441' title='bbox 3598 1953 3848 2007; x_wconf 82' lang='grc' dir='ltr'><strong>Παιδεία</strong></span> 
     </span>
    </p>
   </div>
   <div class='ocr_carea' id='block_1_63' title="bbox 2263 2026 3848 2113">
    <p class='ocr_par' dir='ltr' id='par_1_63' title="bbox 2263 2026 3848 2113">
     <span class='ocr_line' id='line_1_63' title="bbox 2263 2026 3848 2113; baseline 0.013 -35"><span class='ocrx_word' id='word_1_442' title='bbox 2263 2026 2506 2094; x_wconf 75' lang='grc' dir='ltr'>εἰρήνης</span> <span class='ocrx_word' id='word_1_443' title='bbox 2528 2028 2698 2098; x_wconf 73' lang='grc' dir='ltr'>ἡμῶν</span> <span class='ocrx_word' id='word_1_444' title='bbox 2717 2033 2809 2084; x_wconf 79' lang='grc' dir='ltr'><strong>ἐπ’</strong></span> <span class='ocrx_word' id='word_1_445' title='bbox 2843 2036 3048 2089; x_wconf 72' lang='grc' dir='ltr'>αὐτόν·</span> <span class='ocrx_word' id='word_1_446' title='bbox 3085 2037 3165 2102; x_wconf 82' lang='grc' dir='ltr'>τῷ</span> <span class='ocrx_word' id='word_1_447' title='bbox 3191 2038 3435 2107; x_wconf 71' lang='grc' dir='ltr'>μώλωπι</span> <span class='ocrx_word' id='word_1_448' title='bbox 3456 2043 3643 2096; x_wconf 69' lang='grc' dir='ltr'>αὐτοῦ</span> <span class='ocrx_word' id='word_1_449' title='bbox 3672 2045 3848 2113; x_wconf 74' lang='grc' dir='ltr'>ἡμεῖς</span> 
     </span>
    </p>
   </div>
   <div class='ocr_carea' id='block_1_64' title="bbox 2265 2116 3849 2202">
    <p class='ocr_par' dir='ltr' id='par_1_64' title="bbox 2265 2116 3849 2202">
     <span class='ocr_line' id='line_1_64' title="bbox 2265 2116 3849 2202; baseline 0.014 -33"><span class='ocrx_word' id='word_1_450' title='bbox 2265 2116 2529 2186; x_wconf 80' lang='grc' dir='ltr'>ὶάθημεν.</span> <span class='ocrx_word' id='word_1_451' title='bbox 2570 2121 2798 2188; x_wconf 82' lang='grc' dir='ltr'><strong>Πάντες</strong></span> <span class='ocrx_word' id='word_1_452' title='bbox 2829 2124 2908 2190; x_wconf 89' lang='grc' dir='ltr'>ὡς</span> <span class='ocrx_word' id='word_1_453' title='bbox 2941 2125 3202 2193; x_wconf 79' lang='grc' dir='ltr'>πρόϐατα</span> <span class='ocrx_word' id='word_1_454' title='bbox 3227 2129 3672 2202; x_wconf 76' lang='grc' dir='ltr'>ἐπλανήθημεν,</span> <span class='ocrx_word' id='word_1_455' title='bbox 3709 2136 3849 2191; x_wconf 80' lang='grc' dir='ltr'><strong>ἕκα-</strong></span> 
     </span>
    </p>
   </div>
   <div class='ocr_carea' id='block_1_65' title="bbox 2261 2210 3848 2299">
    <p class='ocr_par' dir='ltr' id='par_1_65' title="bbox 2261 2210 3848 2299">
     <span class='ocr_line' id='line_1_65' title="bbox 2261 2210 3848 2299; baseline 0.013 -37"><span class='ocrx_word' id='word_1_456' title='bbox 2261 2226 2408 2277; x_wconf 85' lang='grc' dir='ltr'>στος</span> <span class='ocrx_word' id='word_1_457' title='bbox 2435 2210 2546 2280; x_wconf 78' lang='grc' dir='ltr'><strong>τὴν</strong></span> <span class='ocrx_word' id='word_1_458' title='bbox 2576 2213 2722 2267; x_wconf 77' lang='grc' dir='ltr'>ὁδὸν</span> <span class='ocrx_word' id='word_1_459' title='bbox 2747 2217 2932 2270; x_wconf 86' lang='grc' dir='ltr'>αὐτοῦ</span> <span class='ocrx_word' id='word_1_460' title='bbox 2953 2218 3295 2289; x_wconf 58' lang='grc' dir='ltr'>ἐπλαγήθψ</span> <span class='ocrx_word' id='word_1_461' title='bbox 3319 2224 3419 2276; x_wconf 81' lang='grc' dir='ltr'><strong>καὶ</strong></span> <span class='ocrx_word' id='word_1_462' title='bbox 3443 2227 3660 2294; x_wconf 86' lang='grc' dir='ltr'>Κύριος</span> <span class='ocrx_word' id='word_1_463' title='bbox 3697 2245 3848 2299; x_wconf 75' lang='grc' dir='ltr'>παρ-</span> 
     </span>
    </p>
   </div>
   <div class='ocr_carea' id='block_1_66' title="bbox 2259 2299 3845 2390">
    <p class='ocr_par' dir='ltr' id='par_1_66' title="bbox 2259 2299 3845 2390">
     <span class='ocr_line' id='line_1_66' title="bbox 2259 2299 3845 2390; baseline 0.015 -36"><span class='ocrx_word' id='word_1_464' title='bbox 2259 2299 2482 2356; x_wconf 80' lang='grc' dir='ltr'>έδωκεν</span> <span class='ocrx_word' id='word_1_465' title='bbox 2533 2306 2719 2359; x_wconf 79' lang='grc' dir='ltr'>αὐτὸν</span> <span class='ocrx_word' id='word_1_466' title='bbox 2750 2307 2878 2374; x_wconf 83' lang='grc' dir='ltr'>ταῖς</span> <span class='ocrx_word' id='word_1_467' title='bbox 2925 2309 3237 2380; x_wconf 76' lang='grc' dir='ltr'><strong>ἁμαρτίαις</strong></span> <span class='ocrx_word' id='word_1_468' title='bbox 3275 2315 3462 2384; x_wconf 72' lang='grc' dir='ltr'>ἡμῶν.</span> <span class='ocrx_word' id='word_1_469' title='bbox 3499 2315 3572 2371; x_wconf 86' lang='grc' dir='ltr'>Τὸ</span> <span class='ocrx_word' id='word_1_470' title='bbox 3619 2321 3718 2390; x_wconf 81' lang='grc' dir='ltr'>μὲν</span> <span class='ocrx_word' id='word_1_471' title='bbox 3749 2319 3845 2378; x_wconf 75' lang='grc' dir='ltr'>οὖν</span> 
     </span>
    </p>
   </div>
   <div class='ocr_carea' id='block_1_67' title="bbox 2261 2396 3845 2483">
    <p class='ocr_par' dir='ltr' id='par_1_67' title="bbox 2261 2396 3845 2483">
     <span class='ocr_line' id='line_1_67' title="bbox 2261 2396 3845 2483; baseline 0.015 -39"><span class='ocrx_word' id='word_1_472' title='bbox 2261 2396 2567 2464; x_wconf 82' lang='grc' dir='ltr'>σωματικὸν</span> <span class='ocrx_word' id='word_1_473' title='bbox 2595 2397 2690 2450; x_wconf 79' lang='grc' dir='ltr'>τοῦ</span> <span class='ocrx_word' id='word_1_474' title='bbox 2722 2398 2895 2467; x_wconf 83' lang='grc' dir='ltr'>Λόγου</span> <span class='ocrx_word' id='word_1_475' title='bbox 2927 2401 3156 2470; x_wconf 76' lang='grc' dir='ltr'>ὄργανον</span> <span class='ocrx_word' id='word_1_476' title='bbox 3177 2405 3267 2459; x_wconf 84' lang='grc' dir='ltr'><strong>διὰ</strong></span> <span class='ocrx_word' id='word_1_477' title='bbox 3286 2407 3489 2472; x_wconf 79' lang='grc' dir='ltr'>ταύτας</span> <span class='ocrx_word' id='word_1_478' title='bbox 3518 2411 3845 2483; x_wconf 84' lang='grc' dir='ltr'>καθιεροῦτο</span> 
     </span>
    </p>
   </div>
   <div class='ocr_carea' id='block_1_68' title="bbox 2257 2483 3843 2576">
    <p class='ocr_par' dir='ltr' id='par_1_68' title="bbox 2257 2483 3843 2576">
     <span class='ocr_line' id='line_1_68' title="bbox 2257 2483 3843 2576; baseline 0.015 -40"><span class='ocrx_word' id='word_1_479' title='bbox 2257 2483 2355 2576; x_wconf 76' lang='grc' dir='ltr'><strong>τάς</strong></span> <span class='ocrx_word' id='word_1_480' title='bbox 2388 2487 2588 2552; x_wconf 73' lang='grc' dir='ltr'>αἰτίαςο</span> <span class='ocrx_word' id='word_1_481' title='bbox 2624 2489 2653 2541; x_wconf 85' lang='grc' dir='ltr'>ὁ</span> <span class='ocrx_word' id='word_1_482' title='bbox 2683 2490 2740 2544; x_wconf 84' lang='grc' dir='ltr'>δὲ</span> <span class='ocrx_word' id='word_1_483' title='bbox 2777 2491 2946 2560; x_wconf 81' lang='grc' dir='ltr'>μέγας</span> <span class='ocrx_word' id='word_1_484' title='bbox 2987 2495 3296 2568; x_wconf 82' lang='grc' dir='ltr'>ἀρχιερεὺς,</span> <span class='ocrx_word' id='word_1_485' title='bbox 3343 2499 3530 2572; x_wconf 74' lang='grc' dir='ltr'>ἕτερος</span> <span class='ocrx_word' id='word_1_486' title='bbox 3576 2502 3652 2555; x_wconf 85' lang='grc' dir='ltr'>ὣν</span> <span class='ocrx_word' id='word_1_487' title='bbox 3685 2505 3843 2576; x_wconf 73' lang='grc' dir='ltr'>παρὰ</span> 
     </span>
    </p>
   </div>
   <div class='ocr_carea' id='block_1_69' title="bbox 2255 2573 3843 2662">
    <p class='ocr_par' dir='ltr' id='par_1_69' title="bbox 2255 2573 3843 2662">
     <span class='ocr_line' id='line_1_69' title="bbox 2255 2573 3843 2662; baseline 0.014 -35"><span class='ocrx_word' id='word_1_488' title='bbox 2255 2573 2317 2629; x_wconf 81' lang='grc' dir='ltr'>τὸ</span> <span class='ocrx_word' id='word_1_489' title='bbox 2351 2577 2562 2647; x_wconf 81' lang='grc' dir='ltr'>ἱερεῖον,</span> <span class='ocrx_word' id='word_1_490' title='bbox 2595 2579 2730 2633; x_wconf 86' lang='grc' dir='ltr'><strong>Θεοῦ</strong></span> <span class='ocrx_word' id='word_1_491' title='bbox 2762 2582 2930 2650; x_wconf 86' lang='grc' dir='ltr'>Λόγος</span> <span class='ocrx_word' id='word_1_492' title='bbox 2966 2586 3060 2638; x_wconf 72' lang='grc' dir='ltr'><strong>καὶ</strong></span> <span class='ocrx_word' id='word_1_493' title='bbox 3098 2585 3343 2658; x_wconf 77' lang='grc' dir='ltr'>δύναμις,</span> <span class='ocrx_word' id='word_1_494' title='bbox 3382 2592 3475 2644; x_wconf 73' lang='grc' dir='ltr'><strong>καὶ</strong></span> <span class='ocrx_word' id='word_1_495' title='bbox 3519 2594 3701 2662; x_wconf 83' lang='grc' dir='ltr'>σοφία,</span> <span class='ocrx_word' id='word_1_496' title='bbox 3739 2573 3843 2650; x_wconf 60' lang='grc' dir='ltr'>ουκ</span> 
     </span>
    </p>
   </div>
   <div class='ocr_carea' id='block_1_70' title="bbox 2256 2663 3843 2748">
    <p class='ocr_par' dir='ltr' id='par_1_70' title="bbox 2256 2663 3843 2748">
     <span class='ocr_line' id='line_1_70' title="bbox 2256 2663 3843 2748; baseline 0.014 -33"><span class='ocrx_word' id='word_1_497' title='bbox 2256 2665 2337 2727; x_wconf 79' lang='grc' dir='ltr'><strong>εἰς</strong></span> <span class='ocrx_word' id='word_1_498' title='bbox 2372 2665 2592 2736; x_wconf 77' lang='grc' dir='ltr'>μακρὰν</span> <span class='ocrx_word' id='word_1_499' title='bbox 2637 2663 2698 2720; x_wconf 83' lang='grc' dir='ltr'>τὸ</span> <span class='ocrx_word' id='word_1_500' title='bbox 2731 2669 2925 2741; x_wconf 82' lang='grc' dir='ltr'>θνητὸν</span> <span class='ocrx_word' id='word_1_501' title='bbox 2956 2673 3273 2728; x_wconf 81' lang='grc' dir='ltr'><strong>ἀνεκαλεῖτο</strong></span> <span class='ocrx_word' id='word_1_502' title='bbox 3304 2677 3399 2730; x_wconf 72' lang='grc' dir='ltr'>τοῦ</span> <span class='ocrx_word' id='word_1_503' title='bbox 3442 2678 3696 2748; x_wconf 80' lang='grc' dir='ltr'>Θανάτου,</span> <span class='ocrx_word' id='word_1_504' title='bbox 3742 2686 3843 2738; x_wconf 75' lang='grc' dir='ltr'><strong>καὶ</strong></span> 
     </span>
    </p>
   </div>
   <div class='ocr_carea' id='block_1_71' title="bbox 2253 2751 3843 2846">
    <p class='ocr_par' dir='ltr' id='par_1_71' title="bbox 2253 2751 3843 2846">
     <span class='ocr_line' id='line_1_71' title="bbox 2253 2751 3843 2846; baseline 0.014 -40"><span class='ocrx_word' id='word_1_505' title='bbox 2253 2753 2410 2808; x_wconf 79' lang='grc' dir='ltr'>τοῦτο</span> <span class='ocrx_word' id='word_1_506' title='bbox 2437 2755 2538 2825; x_wconf 88' lang='grc' dir='ltr'><strong>τῆς</strong></span> <span class='ocrx_word' id='word_1_507' title='bbox 2565 2757 2750 2828; x_wconf 83' lang='grc' dir='ltr'><strong>κοινῆς</strong></span> <span class='ocrx_word' id='word_1_508' title='bbox 2781 2760 2936 2830; x_wconf 82' lang='grc' dir='ltr'>ἡμῶν</span> <span class='ocrx_word' id='word_1_509' title='bbox 2964 2764 3236 2836; x_wconf 83' lang='grc' dir='ltr'><strong>σωτηρίας</strong></span> <span class='ocrx_word' id='word_1_510' title='bbox 3261 2765 3359 2837; x_wconf 84' lang='grc' dir='ltr'><strong>τὴν</strong></span> <span class='ocrx_word' id='word_1_511' title='bbox 3392 2770 3666 2842; x_wconf 83' lang='grc' dir='ltr'>ἀπαρχὴν,</span> <span class='ocrx_word' id='word_1_512' title='bbox 3691 2751 3843 2846; x_wconf 78' lang='grc' dir='ltr'>ζωῆς</span> 
     </span>
    </p>
   </div>
   <div class='ocr_carea' id='block_1_72' title="bbox 2252 2847 3845 2934">
    <p class='ocr_par' dir='ltr' id='par_1_72' title="bbox 2252 2847 3845 2934">
     <span class='ocr_line' id='line_1_72' title="bbox 2252 2847 3845 2934; baseline 0.013 -34"><span class='ocrx_word' id='word_1_513' title='bbox 2252 2847 2438 2902; x_wconf 77' lang='grc' dir='ltr'>ἐνθέου</span> <span class='ocrx_word' id='word_1_514' title='bbox 2462 2850 2556 2904; x_wconf 74' lang='grc' dir='ltr'>καὶ</span> <span class='ocrx_word' id='word_1_515' title='bbox 2577 2851 2877 2919; x_wconf 85' lang='grc' dir='ltr'>ἀθανασίας</span> <span class='ocrx_word' id='word_1_516' title='bbox 2907 2855 3130 2928; x_wconf 81' lang='grc' dir='ltr'>μέτοχον</span> <span class='ocrx_word' id='word_1_517' title='bbox 3157 2861 3419 2932; x_wconf 83' lang='grc' dir='ltr'>παρίστη,</span> <span class='ocrx_word' id='word_1_518' title='bbox 3443 2856 3701 2934; x_wconf 89' lang='grc' dir='ltr'>τρόπαιον</span> <span class='ocrx_word' id='word_1_519' title='bbox 3723 2869 3845 2922; x_wconf 79' lang='grc' dir='ltr'>ἐπι-</span> 
     </span>
    </p>
   </div>
   <div class='ocr_carea' id='block_1_73' title="bbox 2252 2939 3844 3030">
    <p class='ocr_par' dir='ltr' id='par_1_73' title="bbox 2252 2939 3844 3030">
     <span class='ocr_line' id='line_1_73' title="bbox 2252 2939 3844 3030; baseline 0.013 -38"><span class='ocrx_word' id='word_1_520' title='bbox 2252 2939 2421 2994; x_wconf 83' lang='grc' dir='ltr'>νίκιον</span> <span class='ocrx_word' id='word_1_521' title='bbox 2465 2942 2606 2996; x_wconf 85' lang='grc' dir='ltr'>κατά</span> <span class='ocrx_word' id='word_1_522' title='bbox 2649 2943 2743 2996; x_wconf 79' lang='grc' dir='ltr'>τοῦ</span> <span class='ocrx_word' id='word_1_523' title='bbox 2795 2944 3026 2999; x_wconf 89' lang='grc' dir='ltr'>θανάτου</span> <span class='ocrx_word' id='word_1_524' title='bbox 3061 2948 3155 3001; x_wconf 80' lang='grc' dir='ltr'><strong>καὶ</strong></span> <span class='ocrx_word' id='word_1_525' title='bbox 3201 2951 3342 3004; x_wconf 82' lang='grc' dir='ltr'>κατὰ</span> <span class='ocrx_word' id='word_1_526' title='bbox 3373 2954 3473 3023; x_wconf 87' lang='grc' dir='ltr'><strong>τῆς</strong></span> <span class='ocrx_word' id='word_1_527' title='bbox 3515 2955 3844 3030; x_wconf 80' lang='grc' dir='ltr'>δαιμονικῆς</span> 
     </span>
    </p>
   </div>
   <div class='ocr_carea' id='block_1_74' title="bbox 2253 3030 3836 3116">
    <p class='ocr_par' dir='ltr' id='par_1_74' title="bbox 2253 3030 3836 3116">
     <span class='ocr_line' id='line_1_74' title="bbox 2253 3030 3836 3116; baseline 0.011 -34"><span class='ocrx_word' id='word_1_528' title='bbox 2253 3030 2606 3098; x_wconf 84' lang='grc' dir='ltr'>παρατάξεως</span> <span class='ocrx_word' id='word_1_529' title='bbox 2628 3032 2760 3102; x_wconf 85' lang='grc'>(16),</span> <span class='ocrx_word' id='word_1_530' title='bbox 2791 3034 2884 3086; x_wconf 73' lang='grc' dir='ltr'><strong>καὶ</strong></span> <span class='ocrx_word' id='word_1_531' title='bbox 2905 3034 3012 3088; x_wconf 88' lang='grc' dir='ltr'><strong>τῶν</strong></span> <span class='ocrx_word' id='word_1_532' title='bbox 3031 3037 3197 3090; x_wconf 84' lang='grc' dir='ltr'>πάλαι</span> <span class='ocrx_word' id='word_1_533' title='bbox 3221 3039 3419 3093; x_wconf 81' lang='grc' dir='ltr'>θυσιῶν</span> <span class='ocrx_word' id='word_1_534' title='bbox 3439 3043 3836 3116; x_wconf 84' lang='grc' dir='ltr'>ἀποτρόπαιον,</span> 
     </span>
    </p>
   </div>
   <div class='ocr_carea' id='block_1_75' title="bbox 2251 3122 3840 3207">
    <p class='ocr_par' dir='ltr' id='par_1_75' title="bbox 2251 3122 3840 3207">
     <span class='ocr_line' id='line_1_75' title="bbox 2251 3122 3840 3207; baseline 0.011 -32"><span class='ocrx_word' id='word_1_535' title='bbox 2251 3122 2407 3177; x_wconf 82' lang='grc' dir='ltr'>τοῦτο</span> <span class='ocrx_word' id='word_1_536' title='bbox 2441 3124 2579 3197; x_wconf 74' lang='grc' dir='ltr'>ὑπὲρ</span> <span class='ocrx_word' id='word_1_537' title='bbox 2611 3126 2868 3180; x_wconf 84' lang='grc' dir='ltr'>ἁπάντων</span> <span class='ocrx_word' id='word_1_538' title='bbox 2898 3127 3199 3198; x_wconf 86' lang='grc' dir='ltr'>ἀνθρώπων</span> <span class='ocrx_word' id='word_1_539' title='bbox 3240 3132 3546 3204; x_wconf 86' lang='grc' dir='ltr'>ἀνεγείρας.</span> <span class='ocrx_word' id='word_1_540' title='bbox 3581 3135 3696 3207; x_wconf 84' lang='grc' dir='ltr'><strong>[Διὸ</strong></span> <span class='ocrx_word' id='word_1_541' title='bbox 3735 3140 3840 3193; x_wconf 71' lang='grc' dir='ltr'><strong>καὶ</strong></span> 
     </span>
    </p>
   </div>
   <div class='ocr_carea' id='block_1_76' title="bbox 2248 3215 3842 3299">
    <p class='ocr_par' dir='ltr' id='par_1_76' title="bbox 2248 3215 3842 3299">
     <span class='ocr_line' id='line_1_76' title="bbox 2248 3215 3842 3299; baseline 0.01 -32"><span class='ocrx_word' id='word_1_542' title='bbox 2248 3215 2480 3286; x_wconf 82' lang='grc' dir='ltr'>Χριστὸς</span> <span class='ocrx_word' id='word_1_543' title='bbox 2524 3217 2866 3290; x_wconf 79' lang='grc' dir='ltr'>ὠνομάσθη.]</span> <span class='ocrx_word' id='word_1_544' title='bbox 2903 3220 2975 3273; x_wconf 83' lang='grc' dir='ltr'><strong>Τὸ</strong></span> <span class='ocrx_word' id='word_1_545' title='bbox 3004 3220 3113 3292; x_wconf 81' lang='grc' dir='ltr'>γὰρ</span> <span class='ocrx_word' id='word_1_546' title='bbox 3147 3222 3384 3292; x_wconf 78' lang='grc' dir='ltr'>Χριστὸς</span> <span class='ocrx_word' id='word_1_547' title='bbox 3411 3225 3580 3296; x_wconf 75' lang='grc' dir='ltr'>ὄνομα</span> <span class='ocrx_word' id='word_1_548' title='bbox 3623 3245 3842 3299; x_wconf 83' lang='grc' dir='ltr'>σημαν-</span> 
     </span>
    </p>
   </div>
   <div class='ocr_carea' id='block_1_77' title="bbox 2245 3306 3840 3391">
    <p class='ocr_par' dir='ltr' id='par_1_77' title="bbox 2245 3306 3840 3391">
     <span class='ocr_line' id='line_1_77' title="bbox 2245 3306 3840 3391; baseline 0.011 -32"><span class='ocrx_word' id='word_1_549' title='bbox 2245 3306 2394 3361; x_wconf 82' lang='grc' dir='ltr'>τικὸν</span> <span class='ocrx_word' id='word_1_550' title='bbox 2443 3309 2740 3382; x_wconf 79' lang='grc' dir='ltr'>ἱερωσύνης</span> <span class='ocrx_word' id='word_1_551' title='bbox 2789 3313 2905 3383; x_wconf 77' lang='grc' dir='ltr'>ἅμα</span> <span class='ocrx_word' id='word_1_552' title='bbox 2954 3313 3047 3368; x_wconf 79' lang='grc' dir='ltr'>καὶ</span> <span class='ocrx_word' id='word_1_553' title='bbox 3107 3315 3383 3386; x_wconf 78' lang='grc' dir='ltr'>βασιλείας</span> <span class='ocrx_word' id='word_1_554' title='bbox 3434 3319 3583 3391; x_wconf 79' lang='grc' dir='ltr'>παρὰ</span> <span class='ocrx_word' id='word_1_555' title='bbox 3640 3323 3840 3377; x_wconf 81' lang='grc' dir='ltr'>παισὶν</span> 
     </span>
    </p>
   </div>
   <div class='ocr_carea' id='block_1_78' title="bbox 2257 3397 3838 3486">
    <p class='ocr_par' dir='ltr' id='par_1_78' title="bbox 2257 3397 3838 3486">
     <span class='ocr_line' id='line_1_78' title="bbox 2257 3397 3838 3486; baseline 0.011 -34"><span class='ocrx_word' id='word_1_556' title='bbox 2257 3398 2521 3472; x_wconf 75' lang='grc' dir='ltr'>Ἑϐραίων</span> <span class='ocrx_word' id='word_1_557' title='bbox 2580 3402 2647 3456; x_wconf 85' lang='grc' dir='ltr'>ἂν</span> <span class='ocrx_word' id='word_1_558' title='bbox 2700 3397 2940 3470; x_wconf 83' lang='grc' dir='ltr'>γένοιτο·</span> <span class='ocrx_word' id='word_1_559' title='bbox 2991 3406 3163 3461; x_wconf 80' lang='grc' dir='ltr'>ταῦτα</span> <span class='ocrx_word' id='word_1_560' title='bbox 3215 3409 3323 3481; x_wconf 75' lang='grc' dir='ltr'><strong>γὰρ</strong></span> <span class='ocrx_word' id='word_1_561' title='bbox 3367 3406 3505 3482; x_wconf 78' lang='grc' dir='ltr'>ἦσαν</span> <span class='ocrx_word' id='word_1_562' title='bbox 3549 3413 3620 3466; x_wconf 79' lang='grc' dir='ltr'>τὰ</span> <span class='ocrx_word' id='word_1_563' title='bbox 3674 3415 3838 3486; x_wconf 71' lang='grc' dir='ltr'>χριόο</span> 
     </span>
    </p>
   </div>
   <div class='ocr_carea' id='block_1_79' title="bbox 2247 3486 2816 3562">
    <p class='ocr_par' dir='ltr' id='par_1_79' title="bbox 2247 3486 2816 3562">
     <span class='ocr_line' id='line_1_79' title="bbox 2247 3486 2816 3562; baseline 0.011 -19"><span class='ocrx_word' id='word_1_564' title='bbox 2247 3505 2384 3560; x_wconf 82' lang='grc' dir='ltr'>μενα</span> <span class='ocrx_word' id='word_1_565' title='bbox 2417 3489 2551 3562; x_wconf 83' lang='lat' dir='ltr'><strong>(l7).</strong></span> <span class='ocrx_word' id='word_1_566' title='bbox 2813 3486 2816 3490; x_wconf 48' lang='grc' dir='ltr'><strong>ί</strong></span> 
     </span>
    </p>
   </div>
   <div class='ocr_carea' id='block_1_80' title="bbox 2313 3580 3838 3664">
    <p class='ocr_par' dir='ltr' id='par_1_80' title="bbox 2313 3580 3838 3664">
     <span class='ocr_line' id='line_1_80' title="bbox 2313 3580 3838 3664; baseline 0.014 -31"><span class='ocrx_word' id='word_1_567' title='bbox 2313 3580 2424 3654; x_wconf 77' lang='grc'><strong>(18)</strong></span> <span class='ocrx_word' id='word_1_568' title='bbox 2455 3583 2599 3654; x_wconf 83' lang='grc' dir='ltr'>Πρὸς</span> <span class='ocrx_word' id='word_1_569' title='bbox 2637 3587 2749 3648; x_wconf 87' lang='grc' dir='ltr'>τοῖς</span> <span class='ocrx_word' id='word_1_570' title='bbox 2789 3587 3097 3659; x_wconf 77' lang='grc' dir='ltr'>εἰρημένοις</span> <span class='ocrx_word' id='word_1_571' title='bbox 3125 3591 3218 3644; x_wconf 76' lang='grc' dir='ltr'>καὶ</span> <span class='ocrx_word' id='word_1_572' title='bbox 3255 3591 3388 3662; x_wconf 82' lang='grc' dir='ltr'>ἄλλη</span> <span class='ocrx_word' id='word_1_573' title='bbox 3413 3610 3498 3657; x_wconf 90' lang='grc' dir='ltr'><strong>τις</strong></span> <span class='ocrx_word' id='word_1_574' title='bbox 3529 3595 3729 3664; x_wconf 78' lang='grc' dir='ltr'>γένοιτ’</span> <span class='ocrx_word' id='word_1_575' title='bbox 3761 3598 3838 3654; x_wconf 83' lang='grc' dir='ltr'>ἂν</span> 
     </span>
    </p>
   </div>
   <div class='ocr_carea' id='block_1_81' title="bbox 2239 3673 3831 3762">
    <p class='ocr_par' dir='ltr' id='par_1_81' title="bbox 2239 3673 3831 3762">
     <span class='ocr_line' id='line_1_81' title="bbox 2239 3673 3831 3762; baseline 0.011 -37"><span class='ocrx_word' id='word_1_576' title='bbox 2239 3673 2334 3726; x_wconf 72' lang='grc' dir='ltr'>τοῦ</span> <span class='ocrx_word' id='word_1_577' title='bbox 2368 3675 2635 3746; x_wconf 82' lang='grc' dir='ltr'>σωτηρίου</span> <span class='ocrx_word' id='word_1_578' title='bbox 2674 3676 2904 3732; x_wconf 86' lang='grc' dir='ltr'>θανάτου</span> <span class='ocrx_word' id='word_1_579' title='bbox 2937 3682 3166 3751; x_wconf 86' lang='grc' dir='ltr'>μεγίστη</span> <span class='ocrx_word' id='word_1_580' title='bbox 3194 3683 3338 3735; x_wconf 84' lang='grc' dir='ltr'>αἰτία</span> <span class='ocrx_word' id='word_1_581' title='bbox 3366 3686 3397 3755; x_wconf 74' lang='grc' dir='ltr'>ἡ</span> <span class='ocrx_word' id='word_1_582' title='bbox 3431 3685 3831 3762; x_wconf 78' lang='grc' dir='ltr'>λεχθησομένη.</span> 
     </span>
    </p>
   </div>
   <div class='ocr_carea' id='block_1_82' title="bbox 2241 3765 3833 3848">
    <p class='ocr_par' dir='ltr' id='par_1_82' title="bbox 2241 3765 3833 3848">
     <span class='ocr_line' id='line_1_82' title="bbox 2241 3765 3833 3848; baseline 0.011 -31"><span class='ocrx_word' id='word_1_583' title='bbox 2241 3765 2352 3835; x_wconf 83' lang='grc'><strong>(19)</strong></span> <span class='ocrx_word' id='word_1_584' title='bbox 2385 3765 2601 3839; x_wconf 77' lang='grc' dir='ltr'>Ἐπειδὴ</span> <span class='ocrx_word' id='word_1_585' title='bbox 2628 3767 2736 3840; x_wconf 85' lang='grc' dir='ltr'><strong>γὰρ</strong></span> <span class='ocrx_word' id='word_1_586' title='bbox 2755 3773 2866 3833; x_wconf 88' lang='grc' dir='ltr'>τοῖς</span> <span class='ocrx_word' id='word_1_587' title='bbox 2886 3773 3046 3825; x_wconf 73' lang='grc' dir='ltr'>αὑτοῦ</span> <span class='ocrx_word' id='word_1_588' title='bbox 3074 3777 3354 3845; x_wconf 83' lang='grc' dir='ltr'>φοιτηταῖς</span> <span class='ocrx_word' id='word_1_589' title='bbox 3377 3777 3674 3848; x_wconf 78' lang='grc' dir='ltr'>ὀφθαλμοῖς</span> <span class='ocrx_word' id='word_1_590' title='bbox 3699 3781 3833 3836; x_wconf 76' lang='grc' dir='ltr'>ἰδεῖν</span> 
     </span>
    </p>
   </div>
   <div class='ocr_carea' id='block_1_83' title="bbox 2237 3853 3832 3940">
    <p class='ocr_par' dir='ltr' id='par_1_83' title="bbox 2237 3853 3832 3940">
     <span class='ocr_line' id='line_1_83' title="bbox 2237 3853 3832 3940; baseline 0.012 -34"><span class='ocrx_word' id='word_1_591' title='bbox 2237 3855 2531 3923; x_wconf 82' lang='grc' dir='ltr'>ἀναγκαῖον</span> <span class='ocrx_word' id='word_1_592' title='bbox 2565 3853 2633 3928; x_wconf 78' lang='grc' dir='ltr'>ἦν</span> <span class='ocrx_word' id='word_1_593' title='bbox 2671 3858 2813 3930; x_wconf 78' lang='grc' dir='ltr'>ζωῆς</span> <span class='ocrx_word' id='word_1_594' title='bbox 2845 3862 2942 3932; x_wconf 89' lang='grc' dir='ltr'><strong>τῆς</strong></span> <span class='ocrx_word' id='word_1_595' title='bbox 2995 3864 3132 3932; x_wconf 79' lang='grc' dir='ltr'>μετὰ</span> <span class='ocrx_word' id='word_1_596' title='bbox 3165 3863 3390 3918; x_wconf 84' lang='grc' dir='ltr'>θάνατον</span> <span class='ocrx_word' id='word_1_597' title='bbox 3433 3869 3685 3940; x_wconf 79' lang='grc' dir='ltr'>ἐναργῶς</span> <span class='ocrx_word' id='word_1_598' title='bbox 3720 3889 3832 3925; x_wconf 87' lang='grc' dir='ltr'>πα-</span> 
     </span>
    </p>
   </div>
   <div class='ocr_carea' id='block_1_84' title="bbox 2237 3945 3831 4033">
    <p class='ocr_par' dir='ltr' id='par_1_84' title="bbox 2237 3945 3831 4033">
     <span class='ocr_line' id='line_1_84' title="bbox 2237 3945 3831 4033; baseline 0.012 -35"><span class='ocrx_word' id='word_1_599' title='bbox 2237 3945 2592 4016; x_wconf 84' lang='grc' dir='ltr'>λιγγενεσίαν,</span> <span class='ocrx_word' id='word_1_600' title='bbox 2634 3950 2718 4019; x_wconf 78' lang='grc' dir='ltr'><strong>ἐφ’</strong></span> <span class='ocrx_word' id='word_1_601' title='bbox 2753 3951 2818 4022; x_wconf 70' lang='grc' dir='ltr'>ἢν</span> <span class='ocrx_word' id='word_1_602' title='bbox 2867 3952 2964 4015; x_wconf 74' lang='grc' dir='ltr'><strong>τὰς</strong></span> <span class='ocrx_word' id='word_1_603' title='bbox 2991 3955 3170 4007; x_wconf 76' lang='grc' dir='ltr'>αὐτῶν</span> <span class='ocrx_word' id='word_1_604' title='bbox 3203 3955 3422 4021; x_wconf 77' lang='grc' dir='ltr'>ἐλπίδας</span> <span class='ocrx_word' id='word_1_605' title='bbox 3462 3961 3701 4033; x_wconf 81' lang='grc' dir='ltr'>ἀναρτᾷν</span> <span class='ocrx_word' id='word_1_606' title='bbox 3734 3965 3831 4017; x_wconf 64' lang='grc' dir='ltr'><strong>αὑδ</strong></span> 
     </span>
    </p>
   </div>
   <div class='ocr_carea' id='block_1_85' title="bbox 2235 4039 3825 4124">
    <p class='ocr_par' dir='ltr' id='par_1_85' title="bbox 2235 4039 3825 4124">
     <span class='ocr_line' id='line_1_85' title="bbox 2235 4039 3825 4124; baseline 0.013 -34"><span class='ocrx_word' id='word_1_607' title='bbox 2235 4039 2362 4102; x_wconf 82' lang='grc' dir='ltr'>τοὺς</span> <span class='ocrx_word' id='word_1_608' title='bbox 2391 4039 2650 4104; x_wconf 75' lang='grc' dir='ltr'>ἐδίδασκε,</span> <span class='ocrx_word' id='word_1_609' title='bbox 2686 4039 2751 4094; x_wconf 78' lang='grc' dir='ltr'><strong>δι’</strong></span> <span class='ocrx_word' id='word_1_610' title='bbox 2779 4043 2845 4114; x_wconf 80' lang='grc' dir='ltr'>ἢν</span> <span class='ocrx_word' id='word_1_611' title='bbox 2879 4043 2970 4097; x_wconf 77' lang='grc' dir='ltr'>καὶ</span> <span class='ocrx_word' id='word_1_612' title='bbox 3005 4047 3343 4118; x_wconf 73' lang='grc' dir='ltr'>προῦτρεπεν</span> <span class='ocrx_word' id='word_1_613' title='bbox 3377 4051 3574 4116; x_wconf 75' lang='grc' dir='ltr'>αὐτοὺς</span> <span class='ocrx_word' id='word_1_614' title='bbox 3601 4054 3825 4124; x_wconf 75' lang='grc' dir='ltr'>ἔχεσθαι</span> 
     </span>
    </p>
   </div>
   <div class='ocr_carea' id='block_1_86' title="bbox 2234 4127 3824 4213">
    <p class='ocr_par' dir='ltr' id='par_1_86' title="bbox 2234 4127 3824 4213">
     <span class='ocr_line' id='line_1_86' title="bbox 2234 4127 3824 4213; baseline 0.012 -34"><span class='ocrx_word' id='word_1_615' title='bbox 2234 4127 2328 4180; x_wconf 80' lang='grc' dir='ltr'><strong>τοῦ</strong></span> <span class='ocrx_word' id='word_1_616' title='bbox 2363 4129 2460 4199; x_wconf 87' lang='grc' dir='ltr'><strong>τῆς</strong></span> <span class='ocrx_word' id='word_1_617' title='bbox 2493 4128 2798 4194; x_wconf 79' lang='grc' dir='ltr'>θεοσεϐείας</span> <span class='ocrx_word' id='word_1_618' title='bbox 2833 4130 2922 4200; x_wconf 70' lang='grc' dir='ltr'>ζυγ</span> <span class='ocrx_word' id='word_1_619' title='bbox 2936 4133 2998 4185; x_wconf 77' lang='grc' dir='ltr'>οὗ</span> <span class='ocrx_word' id='word_1_620' title='bbox 3025 4147 3037 4163; x_wconf 79' lang='grc'><strong><em>⁸</em></strong></span> <span class='ocrx_word' id='word_1_621' title='bbox 3075 4136 3297 4201; x_wconf 83' lang='grc' dir='ltr'>εἰκότως</span> <span class='ocrx_word' id='word_1_622' title='bbox 3329 4139 3515 4192; x_wconf 84' lang='grc' dir='ltr'>τοῦτον</span> <span class='ocrx_word' id='word_1_623' title='bbox 3546 4145 3678 4213; x_wconf 82' lang='grc' dir='ltr'>ὁρᾷν</span> <span class='ocrx_word' id='word_1_624' title='bbox 3718 4145 3824 4197; x_wconf 80' lang='grc' dir='ltr'><strong>αὑ-</strong></span> 
     </span>
    </p>
   </div>
   <div class='ocr_carea' id='block_1_87' title="bbox 2234 4215 3823 4302">
    <p class='ocr_par' dir='ltr' id='par_1_87' title="bbox 2234 4215 3823 4302">
     <span class='ocr_line' id='line_1_87' title="bbox 2234 4215 3823 4302; baseline 0.011 -33"><span class='ocrx_word' id='word_1_625' title='bbox 2234 4215 2344 4281; x_wconf 77' lang='grc' dir='ltr'>τοῖς</span> <span class='ocrx_word' id='word_1_626' title='bbox 2375 4218 2672 4290; x_wconf 81' lang='grc' dir='ltr'>ὀφθαλμοῖς</span> <span class='ocrx_word' id='word_1_627' title='bbox 2713 4222 2956 4294; x_wconf 74' lang='grc' dir='ltr'>ἀκριϐῶς</span> <span class='ocrx_word' id='word_1_628' title='bbox 2985 4229 3264 4296; x_wconf 88' lang='grc' dir='ltr'>παρεῖχεν.</span> <span class='ocrx_word' id='word_1_629' title='bbox 3318 4229 3516 4301; x_wconf 83' lang='grc' dir='ltr'>Ἐχρῆν</span> <span class='ocrx_word' id='word_1_630' title='bbox 3548 4231 3657 4302; x_wconf 84' lang='grc' dir='ltr'>γὰρ</span> <span class='ocrx_word' id='word_1_631' title='bbox 3689 4235 3823 4299; x_wconf 81' lang='grc' dir='ltr'>τοὺς</span> 
     </span>
    </p>
   </div>
   <div class='ocr_carea' id='block_1_88' title="bbox 2237 4306 3822 4391">
    <p class='ocr_par' dir='ltr' id='par_1_88' title="bbox 2237 4306 3822 4391">
     <span class='ocr_line' id='line_1_88' title="bbox 2237 4306 3822 4391; baseline 0.011 -34"><span class='ocrx_word' id='word_1_632' title='bbox 2237 4306 2525 4376; x_wconf 81' lang='grc' dir='ltr'>μέλλοντας</span> <span class='ocrx_word' id='word_1_633' title='bbox 2558 4309 2756 4380; x_wconf 79' lang='grc' dir='ltr'>εὐσεϐῆ</span> <span class='ocrx_word' id='word_1_634' title='bbox 2790 4311 3030 4381; x_wconf 77' lang='grc' dir='ltr'>μετιέναι</span> <span class='ocrx_word' id='word_1_635' title='bbox 3062 4313 3173 4382; x_wconf 82' lang='grc' dir='ltr'>βίον</span> <span class='ocrx_word' id='word_1_636' title='bbox 3211 4315 3367 4369; x_wconf 81' lang='grc' dir='ltr'>τοῦτο</span> <span class='ocrx_word' id='word_1_637' title='bbox 3396 4319 3611 4389; x_wconf 85' lang='grc' dir='ltr'>πρῶτον</span> <span class='ocrx_word' id='word_1_638' title='bbox 3649 4322 3822 4391; x_wconf 84' lang='grc' dir='ltr'>ἀναγ-</span> 
     </span>
    </p>
   </div>
   <div class='ocr_carea' id='block_1_89' title="bbox 2233 4396 3815 4481">
    <p class='ocr_par' dir='ltr' id='par_1_89' title="bbox 2233 4396 3815 4481">
     <span class='ocr_line' id='line_1_89' title="bbox 2233 4396 3815 4481; baseline 0.013 -34"><span class='ocrx_word' id='word_1_639' title='bbox 2233 4396 2514 4450; x_wconf 81' lang='grc' dir='ltr'>καιότατον</span> <span class='ocrx_word' id='word_1_640' title='bbox 2559 4399 2790 4471; x_wconf 77' lang='grc' dir='ltr'>μάθημα</span> <span class='ocrx_word' id='word_1_641' title='bbox 2821 4401 2887 4453; x_wconf 85' lang='grc' dir='ltr'><strong>δι’</strong></span> <span class='ocrx_word' id='word_1_642' title='bbox 2928 4403 3192 4475; x_wconf 82' lang='grc' dir='ltr'>ὲναργοῦς</span> <span class='ocrx_word' id='word_1_643' title='bbox 3224 4405 3399 4475; x_wconf 72' lang='grc' dir='ltr'>ὅψεως</span> <span class='ocrx_word' id='word_1_644' title='bbox 3433 4410 3772 4481; x_wconf 77' lang='grc' dir='ltr'>παραλαϐεῖν</span> <span class='ocrx_word' id='word_1_645' title='bbox 3799 4431 3815 4444; x_wconf 90' lang='grc'><strong>·</strong></span> 
     </span>
    </p>
   </div>
   <div class='ocr_carea' id='block_1_90' title="bbox 559 4487 2152 4586">
    <p class='ocr_par' dir='ltr' id='par_1_90' title="bbox 559 4487 2130 4561">
     <span class='ocr_line' id='line_1_90' title="bbox 559 4487 2130 4561; baseline -0.003 -14"><span class='ocrx_word' id='word_1_646' title='bbox 559 4491 709 4548; x_wconf 88' lang='lat' dir='ltr'><strong>denti</strong></span> <span class='ocrx_word' id='word_1_647' title='bbox 751 4491 948 4546; x_wconf 87' lang='lat' dir='ltr'><strong>intuitu</strong></span> <span class='ocrx_word' id='word_1_648' title='bbox 969 4490 1468 4561; x_wconf 84' lang='lat' dir='ltr'><strong>comprehendere;</strong></span> <span class='ocrx_word' id='word_1_649' title='bbox 1517 4491 1790 4561; x_wconf 58' lang='lat' dir='ltr'><strong>praecipue</strong></span> <span class='ocrx_word' id='word_1_650' title='bbox 1841 4504 1970 4544; x_wconf 88' lang='lat' dir='ltr'><strong>vero</strong></span> <span class='ocrx_word' id='word_1_651' title='bbox 2015 4487 2130 4543; x_wconf 83' lang='lat' dir='ltr'><strong>illos</strong></span> 
     </span>
    </p>
   </div>
   <div class='ocr_carea' id='block_1_91' title="bbox 2251 4487 3820 4586">
    <p class='ocr_par' dir='ltr' id='par_1_91' title="bbox 2251 4489 3820 4575">
     <span class='ocr_line' id='line_1_91' title="bbox 2251 4489 3820 4575; baseline 0.013 -36"><span class='ocrx_word' id='word_1_652' title='bbox 2251 4489 2324 4540; x_wconf 83' lang='lat' dir='ltr'><strong>tct‘t</strong></span> <span class='ocrx_word' id='word_1_653' title='bbox 2347 4489 2480 4542; x_wconf 81' lang='grc' dir='ltr'>πολὺ</span> <span class='ocrx_word' id='word_1_654' title='bbox 2518 4491 2714 4560; x_wconf 81' lang='grc' dir='ltr'>μᾶλλον</span> <span class='ocrx_word' id='word_1_655' title='bbox 2753 4493 2988 4559; x_wconf 71' lang='grc' dir='ltr'>ἐκείνους</span> <span class='ocrx_word' id='word_1_656' title='bbox 3007 4497 3133 4560; x_wconf 75' lang='grc' dir='ltr'>τοὺς</span> <span class='ocrx_word' id='word_1_657' title='bbox 3157 4499 3235 4562; x_wconf 82' lang='grc' dir='ltr'><strong>εἰς</strong></span> <span class='ocrx_word' id='word_1_658' title='bbox 3267 4499 3482 4554; x_wconf 78' lang='grc' dir='ltr'>ἅπαντα</span> <span class='ocrx_word' id='word_1_659' title='bbox 3504 4503 3603 4575; x_wconf 82' lang='grc' dir='ltr'>τὴν</span> <span class='ocrx_word' id='word_1_660' title='bbox 3635 4507 3820 4559; x_wconf 82' lang='grc' dir='ltr'>οἰκου-</span> 
     </span>
    </p>
   </div>
   <div class='ocr_carea' id='block_1_92' title="bbox 559 4581 2124 4654">
    <p class='ocr_par' dir='ltr' id='par_1_92' title="bbox 559 4581 2124 4654">
     <span class='ocr_line' id='line_1_92' title="bbox 559 4581 2124 4654; baseline -0.003 -16"><span class='ocrx_word' id='word_1_661' title='bbox 559 4583 651 4654; x_wconf 92' lang='lat' dir='ltr'><strong>qui</strong></span> <span class='ocrx_word' id='word_1_662' title='bbox 686 4584 738 4638; x_wconf 93' lang='lat' dir='ltr'><strong>in</strong></span> <span class='ocrx_word' id='word_1_663' title='bbox 783 4585 1035 4639; x_wconf 87' lang='lat' dir='ltr'><strong>universo</strong></span> <span class='ocrx_word' id='word_1_664' title='bbox 1080 4584 1279 4638; x_wconf 91' lang='lat' dir='ltr'><strong>mundo</strong></span> <span class='ocrx_word' id='word_1_665' title='bbox 1313 4584 1634 4652; x_wconf 89' lang='lat' dir='ltr'><strong>quantocius</strong></span> <span class='ocrx_word' id='word_1_666' title='bbox 1671 4592 1828 4637; x_wconf 89' lang='lat' dir='ltr'><strong>erant</strong></span> <span class='ocrx_word' id='word_1_667' title='bbox 1866 4581 2124 4652; x_wconf 84' lang='lat' dir='ltr'><strong>praedica-</strong></span> 
     </span>
    </p>
   </div>
   <div class='ocr_carea' id='block_1_93' title="bbox 559 4673 2120 4747">
    <p class='ocr_par' dir='ltr' id='par_1_93' title="bbox 559 4673 2120 4747">
     <span class='ocr_line' id='line_1_93' title="bbox 559 4673 2120 4747; baseline -0.006 -14"><span class='ocrx_word' id='word_1_668' title='bbox 559 4676 688 4743; x_wconf 78' lang='lat' dir='ltr'><strong>turi,</strong></span> <span class='ocrx_word' id='word_1_669' title='bbox 719 4677 1156 4747; x_wconf 79' lang='lat' dir='ltr'><strong>prepositamque</strong></span> <span class='ocrx_word' id='word_1_670' title='bbox 1191 4691 1219 4729; x_wconf 88' lang='lat' dir='ltr'><strong>a</strong></span> <span class='ocrx_word' id='word_1_671' title='bbox 1249 4673 1463 4730; x_wconf 85' lang='lat' dir='ltr'><strong>Christo</strong></span> <span class='ocrx_word' id='word_1_672' title='bbox 1504 4676 1754 4745; x_wconf 86' lang='lat' dir='ltr'><strong>gentibus</strong></span> <span class='ocrx_word' id='word_1_673' title='bbox 1796 4673 2120 4738; x_wconf 90' lang='lat' dir='ltr'><strong>doctrinam,</strong></span> 
     </span>
    </p>
   </div>
   <div class='ocr_carea' id='block_1_94' title="bbox 662 4762 2014 4834">
    <p class='ocr_par' dir='ltr' id='par_1_94' title="bbox 662 4762 2014 4834">
     <span class='ocr_line' id='line_1_94' title="bbox 662 4762 2014 4834; baseline 0 -12"><span class='ocrx_word' id='word_1_674' title='bbox 662 4767 709 4800; x_wconf 82' lang='grc'><strong>⁸⁸</strong></span> <span class='ocrx_word' id='word_1_675' title='bbox 734 4766 890 4822; x_wconf 83' lang='lat' dir='ltr'><strong>Joan.</strong></span> <span class='ocrx_word' id='word_1_676' title='bbox 915 4783 954 4832; x_wconf 84' lang='grc' dir='ltr'><strong>ι,</strong></span> <span class='ocrx_word' id='word_1_677' title='bbox 995 4765 1086 4822; x_wconf 70' lang='lat'><strong>29.</strong></span> <span class='ocrx_word' id='word_1_678' title='bbox 1161 4768 1206 4800; x_wconf 79' lang='grc'><strong>⁸³</strong></span> <span class='ocrx_word' id='word_1_679' title='bbox 1247 4766 1350 4821; x_wconf 87' lang='lat' dir='ltr'><strong>lsa.</strong></span> <span class='ocrx_word' id='word_1_680' title='bbox 1385 4783 1502 4834; x_wconf 82' lang='lat' dir='ltr'>LIII,</span> <span class='ocrx_word' id='word_1_681' title='bbox 1534 4767 1588 4821; x_wconf 89' lang='lat'><strong>7.</strong></span> <span class='ocrx_word' id='word_1_682' title='bbox 1662 4766 1707 4799; x_wconf 84' lang='lat'><strong>&#39;°</strong></span> <span class='ocrx_word' id='word_1_683' title='bbox 1739 4767 1868 4824; x_wconf 88' lang='lat' dir='ltr'><strong>ibid.</strong></span> <span class='ocrx_word' id='word_1_684' title='bbox 1899 4762 2014 4822; x_wconf 74' lang='grc'><strong>4-7.</strong></span> 
     </span>
    </p>
   </div>
   <div class='ocr_carea' id='block_1_95' title="bbox 627 4863 2126 4937">
    <p class='ocr_par' dir='ltr' id='par_1_95' title="bbox 627 4863 2126 4937">
     <span class='ocr_line' id='line_1_95' title="bbox 627 4863 2126 4937; baseline -0.002 -19"><span class='ocrx_word' id='word_1_685' title='bbox 627 4864 740 4937; x_wconf 77' lang='lat' dir='ltr'><strong>(l6)</strong></span> <span class='ocrx_word' id='word_1_686' title='bbox 789 4864 945 4937; x_wconf 82' lang='lat' dir='ltr'><strong>Patet</strong></span> <span class='ocrx_word' id='word_1_687' title='bbox 991 4863 1186 4935; x_wconf 82' lang='lat' dir='ltr'><strong>Syrum</strong></span> <span class='ocrx_word' id='word_1_688' title='bbox 1235 4864 1820 4937; x_wconf 81' lang='lat' dir='ltr'><strong>interpretemlcgisse</strong></span> <span class='ocrx_word' id='word_1_689' title='bbox 1873 4863 2126 4936; x_wconf 76' lang='grc' dir='ltr'>πράξεως</span> 
     </span>
    </p>
   </div>
   <div class='ocr_carea' id='block_1_96' title="bbox 556 4933 2125 5006">
    <p class='ocr_par' dir='ltr' id='par_1_96' title="bbox 556 4933 2125 5006">
     <span class='ocr_line' id='line_1_96' title="bbox 556 4933 2125 5006; baseline -0.002 -20"><span class='ocrx_word' id='word_1_690' title='bbox 556 4933 682 5006; x_wconf 78' lang='lat' dir='ltr'><strong>(vel</strong></span> <span class='ocrx_word' id='word_1_691' title='bbox 724 4933 999 5004; x_wconf 67' lang='grc' dir='ltr'>’πράξεων</span> <span class='ocrx_word' id='word_1_692' title='bbox 1024 4933 1075 5006; x_wconf 52' lang='grc' dir='ltr'><strong>ί,</strong></span> <span class='ocrx_word' id='word_1_693' title='bbox 1108 4935 1538 5006; x_wconf 81' lang='lat' dir='ltr'><strong>quandoquidem</strong></span> <span class='ocrx_word' id='word_1_694' title='bbox 1593 4935 1814 5006; x_wconf 81' lang='lat' dir='ltr'><strong>Anglice</strong></span> <span class='ocrx_word' id='word_1_695' title='bbox 1867 4933 2125 5006; x_wconf 79' lang='lat' dir='ltr'><strong>scribitur</strong></span> 
     </span>
    </p>
   </div>
   <div class='ocr_carea' id='block_1_97' title="bbox 555 5003 2121 5073">
    <p class='ocr_par' dir='ltr' id='par_1_97' title="bbox 555 5003 2121 5073">
     <span class='ocr_line' id='line_1_97' title="bbox 555 5003 2121 5073; baseline 0.004 -17"><span class='ocrx_word' id='word_1_696' title='bbox 555 5003 735 5065; x_wconf 79' lang='lat' dir='ltr'><strong>deeds.</strong></span> <span class='ocrx_word' id='word_1_697' title='bbox 793 5003 968 5073; x_wconf 82' lang='lat' dir='ltr'><strong>cpera.</strong></span> <span class='ocrx_word' id='word_1_698' title='bbox 1021 5003 1127 5058; x_wconf 79' lang='lat' dir='ltr'><strong>Sed</strong></span> <span class='ocrx_word' id='word_1_699' title='bbox 1177 5005 1356 5058; x_wconf 83' lang='lat' dir='ltr'><strong>verior</strong></span> <span class='ocrx_word' id='word_1_700' title='bbox 1411 5005 1569 5060; x_wconf 88' lang='lat' dir='ltr'><strong>lectio</strong></span> <span class='ocrx_word' id='word_1_701' title='bbox 1628 5005 1890 5059; x_wconf 87' lang='lat' dir='ltr'><strong>habeatur</strong></span> <span class='ocrx_word' id='word_1_702' title='bbox 1947 5005 2121 5062; x_wconf 67' lang='lat' dir='ltr'><strong>Graeci</strong></span> 
     </span>
    </p>
   </div>
   <div class='ocr_carea' id='block_1_98' title="bbox 559 5072 2121 5145">
    <p class='ocr_par' dir='ltr' id='par_1_98' title="bbox 559 5072 2121 5145">
     <span class='ocr_line' id='line_1_98' title="bbox 559 5072 2121 5145; baseline 0.004 -19"><span class='ocrx_word' id='word_1_703' title='bbox 559 5074 728 5145; x_wconf 78' lang='lat' dir='ltr'><strong>nostri</strong></span> <span class='ocrx_word' id='word_1_704' title='bbox 769 5072 956 5145; x_wconf 40' lang='lat' dir='ltr'><strong>gratus</strong></span> <span class='ocrx_word' id='word_1_705' title='bbox 990 5072 1369 5145; x_wconf 82' lang='grc' dir='ltr'>παρατάξεως,</span> <span class='ocrx_word' id='word_1_706' title='bbox 1405 5091 1564 5143; x_wconf 88' lang='lat' dir='ltr'><strong>quam</strong></span> <span class='ocrx_word' id='word_1_707' title='bbox 1592 5073 1692 5128; x_wconf 90' lang='lat' dir='ltr'><strong>loci</strong></span> <span class='ocrx_word' id='word_1_708' title='bbox 1739 5076 2006 5145; x_wconf 84' lang='lat' dir='ltr'><strong>sententia</strong></span> <span class='ocrx_word' id='word_1_709' title='bbox 2028 5092 2121 5144; x_wconf 63' lang='grc' dir='ltr'>μου</span> 
     </span>
    </p>
   </div>
   <div class='ocr_carea' id='block_1_99' title="bbox 555 5142 2118 5215">
    <p class='ocr_par' dir='ltr' id='par_1_99' title="bbox 555 5142 2118 5215">
     <span class='ocr_line' id='line_1_99' title="bbox 555 5142 2118 5215; baseline 0.003 -21"><span class='ocrx_word' id='word_1_710' title='bbox 555 5142 738 5215; x_wconf 72' lang='lat' dir='ltr'><strong>stulat.</strong></span> <span class='ocrx_word' id='word_1_711' title='bbox 758 5142 846 5213; x_wconf 87' lang='lat' dir='ltr'><strong>(Et</strong></span> <span class='ocrx_word' id='word_1_712' title='bbox 871 5142 1086 5215; x_wconf 80' lang='lat' dir='ltr'><strong>quidem</strong></span> <span class='ocrx_word' id='word_1_713' title='bbox 1105 5159 1230 5212; x_wconf 88' lang='lat' dir='ltr'><strong>pars</strong></span> <span class='ocrx_word' id='word_1_714' title='bbox 1250 5146 1407 5215; x_wconf 74' lang='lat' dir='ltr'><strong>hujus</strong></span> <span class='ocrx_word' id='word_1_715' title='bbox 1429 5142 1710 5214; x_wconf 85' lang='lat' dir='ltr'><strong>l‘ragmenti</strong></span> <span class='ocrx_word' id='word_1_716' title='bbox 1736 5144 1933 5215; x_wconf 78' lang='lat' dir='ltr'><strong>legitur</strong></span> <span class='ocrx_word' id='word_1_717' title='bbox 1956 5142 2118 5200; x_wconf 80' lang='lat' dir='ltr'><strong>etiam</strong></span> 
     </span>
    </p>
   </div>
   <div class='ocr_carea' id='block_1_100' title="bbox 556 5211 2117 5271">
    <p class='ocr_par' dir='ltr' id='par_1_100' title="bbox 556 5211 2117 5271">
     <span class='ocr_line' id='line_1_100' title="bbox 556 5211 2117 5271; baseline 0.005 -8"><span class='ocrx_word' id='word_1_718' title='bbox 556 5211 610 5264; x_wconf 90' lang='lat' dir='ltr'><strong>in</strong></span> <span class='ocrx_word' id='word_1_719' title='bbox 637 5211 825 5265; x_wconf 81' lang='lat' dir='ltr'><strong>catena</strong></span> <span class='ocrx_word' id='word_1_720' title='bbox 852 5213 1057 5269; x_wconf 85' lang='lat' dir='ltr'><strong>codicis</strong></span> <span class='ocrx_word' id='word_1_721' title='bbox 1103 5211 1212 5267; x_wconf 81' lang='lat' dir='ltr'><strong>tum</strong></span> <span class='ocrx_word' id='word_1_722' title='bbox 1247 5211 1662 5269; x_wconf 71' lang='lat' dir='ltr'><strong>MediolanEensis</strong></span> <span class='ocrx_word' id='word_1_723' title='bbox 1701 5211 1811 5269; x_wconf 79' lang='lat' dir='ltr'><strong>tum</strong></span> <span class='ocrx_word' id='word_1_724' title='bbox 1859 5214 2117 5271; x_wconf 85' lang='lat' dir='ltr'><strong>Parisiaci</strong></span> 
     </span>
    </p>
   </div>
   <div class='ocr_carea' id='block_1_101' title="bbox 557 5280 2119 5354">
    <p class='ocr_par' dir='ltr' id='par_1_101' title="bbox 557 5280 2119 5354">
     <span class='ocr_line' id='line_1_101' title="bbox 557 5280 2119 5354; baseline 0.004 -20"><span class='ocrx_word' id='word_1_725' title='bbox 557 5280 610 5354; x_wconf 77' lang='lat' dir='ltr'><strong>in</strong></span> <span class='ocrx_word' id='word_1_726' title='bbox 631 5281 728 5354; x_wconf 79' lang='lat' dir='ltr'><strong>Ep.</strong></span> <span class='ocrx_word' id='word_1_727' title='bbox 751 5282 818 5335; x_wconf 89' lang='lat' dir='ltr'><strong>ad</strong></span> <span class='ocrx_word' id='word_1_728' title='bbox 848 5281 1011 5337; x_wconf 87' lang='lat' dir='ltr'><strong>liebr.</strong></span> <span class='ocrx_word' id='word_1_729' title='bbox 1042 5284 1159 5338; x_wconf 91' lang='lat' dir='ltr'><strong>acl.</strong></span> <span class='ocrx_word' id='word_1_730' title='bbox 1191 5283 1447 5354; x_wconf 87' lang='lat' dir='ltr'><strong>Cramero</strong></span> <span class='ocrx_word' id='word_1_731' title='bbox 1475 5285 1640 5350; x_wconf 86' lang='lat' dir='ltr'><strong>edita,</strong></span> <span class='ocrx_word' id='word_1_732' title='bbox 1665 5301 1718 5352; x_wconf 89' lang='lat' dir='ltr'><strong>p.</strong></span> <span class='ocrx_word' id='word_1_733' title='bbox 1743 5285 1868 5340; x_wconf 81' lang='lat'><strong>580.</strong></span> <span class='ocrx_word' id='word_1_734' title='bbox 1898 5286 1913 5352; x_wconf 96' lang='lat'><strong>)</strong></span> <span class='ocrx_word' id='word_1_735' title='bbox 1943 5285 2119 5354; x_wconf 83' lang='lat' dir='ltr'><strong>Atque</strong></span> 
     </span>
    </p>
   </div>
   <div class='ocr_carea' id='block_1_102' title="bbox 552 5345 2110 5425">
    <p class='ocr_par' dir='ltr' id='par_1_102' title="bbox 552 5345 2110 5425">
     <span class='ocr_line' id='line_1_102' title="bbox 552 5345 2110 5425; baseline 0.004 -21"><span class='ocrx_word' id='word_1_736' title='bbox 552 5345 658 5405; x_wconf 84' lang='lat' dir='ltr'><strong>hoc</strong></span> <span class='ocrx_word' id='word_1_737' title='bbox 675 5345 808 5425; x_wconf 62' lang='lat' dir='ltr'><strong>&#39;loco</strong></span> <span class='ocrx_word' id='word_1_738' title='bbox 836 5360 1122 5425; x_wconf 72' lang='lat' dir='ltr'><strong>antequam</strong></span> <span class='ocrx_word' id='word_1_739' title='bbox 1174 5355 1238 5408; x_wconf 86' lang='lat' dir='ltr'><strong>ad</strong></span> <span class='ocrx_word' id='word_1_740' title='bbox 1270 5353 1391 5425; x_wconf 80' lang='lat' dir='ltr'><strong>Syri</strong></span> <span class='ocrx_word' id='word_1_741' title='bbox 1419 5345 1727 5425; x_wconf 77' lang='lat' dir='ltr'><strong>interpretis</strong></span> <span class='ocrx_word' id='word_1_742' title='bbox 1757 5355 1841 5409; x_wconf 85' lang='lat' dir='ltr'><strong>vel</strong></span> <span class='ocrx_word' id='word_1_743' title='bbox 1887 5345 2110 5410; x_wconf 72' lang='lat' dir='ltr'><strong>tuendo-</strong></span> 
     </span>
    </p>
   </div>
   <div class='ocr_carea' id='block_1_103' title="bbox 552 5421 2108 5481">
    <p class='ocr_par' dir='ltr' id='par_1_103' title="bbox 552 5421 2108 5481">
     <span class='ocr_line' id='line_1_103' title="bbox 552 5421 2108 5481; baseline 0.005 -9"><span class='ocrx_word' id='word_1_744' title='bbox 552 5433 672 5473; x_wconf 86' lang='lat' dir='ltr'><strong>rum</strong></span> <span class='ocrx_word' id='word_1_745' title='bbox 715 5423 800 5474; x_wconf 87' lang='lat' dir='ltr'><strong>vel</strong></span> <span class='ocrx_word' id='word_1_746' title='bbox 826 5421 1196 5476; x_wconf 87' lang='lat' dir='ltr'><strong>diversitatum</strong></span> <span class='ocrx_word' id='word_1_747' title='bbox 1227 5421 1590 5478; x_wconf 83' lang='lat' dir='ltr'><strong>necessariam</strong></span> <span class='ocrx_word' id='word_1_748' title='bbox 1625 5424 1912 5481; x_wconf 86' lang='lat' dir='ltr'><strong>identidem</strong></span> <span class='ocrx_word' id='word_1_749' title='bbox 1953 5441 2108 5480; x_wconf 86' lang='lat' dir='ltr'><strong>coar-</strong></span> 
     </span>
    </p>
   </div>
   <div class='ocr_carea' id='block_1_104' title="bbox 551 5489 2111 5565">
    <p class='ocr_par' dir='ltr' id='par_1_104' title="bbox 551 5489 2111 5565">
     <span class='ocr_line' id='line_1_104' title="bbox 551 5489 2111 5565; baseline 0.006 -25"><span class='ocrx_word' id='word_1_750' title='bbox 551 5489 824 5558; x_wconf 87' lang='lat' dir='ltr'><strong>gutionem</strong></span> <span class='ocrx_word' id='word_1_751' title='bbox 852 5491 1185 5565; x_wconf 74' lang='lat' dir='ltr'><strong>progredior,</strong></span> <span class='ocrx_word' id='word_1_752' title='bbox 1229 5493 1332 5565; x_wconf 88' lang='lat' dir='ltr'><strong>aio_</strong></span> <span class='ocrx_word' id='word_1_753' title='bbox 1363 5496 1892 5565; x_wconf 88' lang='lat' dir='ltr'><strong>enimvero-priscos</strong></span> <span class='ocrx_word' id='word_1_754' title='bbox 1941 5497 2111 5550; x_wconf 84' lang='lat' dir='ltr'><strong>inter-</strong></span> 
     </span>
    </p>
   </div>
   <div class='ocr_carea' id='block_1_105' title="bbox 551 5561 2112 5632">
    <p class='ocr_par' dir='ltr' id='par_1_105' title="bbox 551 5561 2112 5632">
     <span class='ocr_line' id='line_1_105' title="bbox 551 5561 2112 5632; baseline 0.004 -20"><span class='ocrx_word' id='word_1_755' title='bbox 551 5569 749 5632; x_wconf 77' lang='lat' dir='ltr'><strong>pretes,</strong></span> <span class='ocrx_word' id='word_1_756' title='bbox 771 5561 1068 5632; x_wconf 65' lang='lat' dir='ltr'><strong>praesertim</strong></span> <span class='ocrx_word' id='word_1_757' title='bbox 1092 5561 1398 5632; x_wconf 76' lang='lat' dir='ltr'><strong>Orientales</strong></span> <span class='ocrx_word' id='word_1_758' title='bbox 1428 5565 1554 5632; x_wconf 88' lang='lat' dir='ltr'><strong>(sed</strong></span> <span class='ocrx_word' id='word_1_759' title='bbox 1587 5561 1701 5619; x_wconf 61' lang='lat' dir='ltr'><strong>nec&#39;</strong></span> <span class='ocrx_word' id='word_1_760' title='bbox 1718 5565 1936 5619; x_wconf 83' lang='lat' dir='ltr'><strong>Latinos</strong></span> <span class='ocrx_word' id='word_1_761' title='bbox 1964 5566 2112 5619; x_wconf 82' lang='lat' dir='ltr'><strong>exci-</strong></span> 
     </span>
    </p>
   </div>
   <div class='ocr_carea' id='block_1_106' title="bbox 548 5627 2110 5702">
    <p class='ocr_par' dir='ltr' id='par_1_106' title="bbox 548 5627 2110 5702">
     <span class='ocr_line' id='line_1_106' title="bbox 548 5627 2110 5702; baseline 0.006 -22"><span class='ocrx_word' id='word_1_762' title='bbox 548 5627 660 5699; x_wconf 90' lang='lat' dir='ltr'><strong>pio)</strong></span> <span class='ocrx_word' id='word_1_763' title='bbox 685 5631 737 5702; x_wconf 83' lang='lat' dir='ltr'><strong>in</strong></span> <span class='ocrx_word' id='word_1_764' title='bbox 775 5627 1162 5702; x_wconf 78' lang='lat' dir='ltr'><strong>transferendis</strong></span> <span class='ocrx_word' id='word_1_765' title='bbox 1191 5627 1500 5687; x_wconf 76' lang='lat' dir='ltr'><strong>Graecorum</strong></span> <span class='ocrx_word' id='word_1_766' title='bbox 1543 5636 1758 5702; x_wconf 90' lang='lat' dir='ltr'><strong>scriptis</strong></span> <span class='ocrx_word' id='word_1_767' title='bbox 1788 5636 1928 5690; x_wconf 89' lang='lat' dir='ltr'><strong>haud</strong></span> <span class='ocrx_word' id='word_1_768' title='bbox 1977 5638 2110 5690; x_wconf 85' lang='lat' dir='ltr'><strong>satis</strong></span> 
     </span>
    </p>
   </div>
   <div class='ocr_carea' id='block_1_107' title="bbox 545 5699 2107 5775">
    <p class='ocr_par' dir='ltr' id='par_1_107' title="bbox 545 5699 2107 5775">
     <span class='ocr_line' id='line_1_107' title="bbox 545 5699 2107 5775; baseline 0.005 -25"><span class='ocrx_word' id='word_1_769' title='bbox 545 5699 847 5775; x_wconf 57' lang='lat' dir='ltr'><strong>emendate,</strong></span> <span class='ocrx_word' id='word_1_770' title='bbox 873 5715 992 5775; x_wconf 64' lang='lat' dir='ltr'><strong>quae</strong></span> <span class='ocrx_word' id='word_1_771' title='bbox 1017 5701 1569 5775; x_wconf 82' lang='lat' dir='ltr'><strong>ltutnana_inlirmit_as</strong></span> <span class='ocrx_word' id='word_1_772' title='bbox 1597 5699 1711 5775; x_wconf 74' lang='lat' dir='ltr'><strong>est,</strong></span> <span class='ocrx_word' id='word_1_773' title='bbox 1751 5720 1814 5775; x_wconf 81' lang='lat' dir='ltr'><strong>se</strong></span> <span class='ocrx_word' id='word_1_774' title='bbox 1857 5706 2107 5775; x_wconf 84' lang='lat' dir='ltr'><strong>gessisse.</strong></span> 
     </span>
    </p>
   </div>
   <div class='ocr_carea' id='block_1_108' title="bbox 547 5763 2112 5828">
    <p class='ocr_par' dir='ltr' id='par_1_108' title="bbox 547 5763 2112 5828">
     <span class='ocr_line' id='line_1_108' title="bbox 547 5763 2112 5828; baseline 0.006 -9"><span class='ocrx_word' id='word_1_775' title='bbox 547 5763 727 5824; x_wconf 79' lang='lat' dir='ltr'><strong>Testis</strong></span> <span class='ocrx_word' id='word_1_776' title='bbox 757 5763 1058 5825; x_wconf 81' lang='lat' dir='ltr'><strong>luculentus</strong></span> <span class='ocrx_word' id='word_1_777' title='bbox 1101 5772 1273 5824; x_wconf 90' lang='lat' dir='ltr'><strong>nostri</strong></span> <span class='ocrx_word' id='word_1_778' title='bbox 1317 5772 1442 5826; x_wconf 91' lang='lat' dir='ltr'><strong>item</strong></span> <span class='ocrx_word' id='word_1_779' title='bbox 1481 5763 1708 5827; x_wconf 73' lang='lat' dir='ltr'><strong>Eusebii</strong></span> <span class='ocrx_word' id='word_1_780' title='bbox 1731 5763 2112 5828; x_wconf 48' lang='lat' dir='ltr'><strong>Chro‘nicurum</strong></span> 
     </span>
    </p>
   </div>
   <div class='ocr_carea' id='block_1_109' title="bbox 548 5835 2114 5920">
    <p class='ocr_par' dir='ltr' id='par_1_109' title="bbox 548 5835 2114 5920">
     <span class='ocr_line' id='line_1_109' title="bbox 548 5835 2114 5920; baseline 0.006 -30"><span class='ocrx_word' id='word_1_781' title='bbox 548 5835 809 5896; x_wconf 87' lang='lat' dir='ltr'><strong>librorum</strong></span> <span class='ocrx_word' id='word_1_782' title='bbox 840 5839 1128 5920; x_wconf 79' lang='lat' dir='ltr'><strong>Armenius</strong></span> <span class='ocrx_word' id='word_1_783' title='bbox 1155 5842 1440 5912; x_wconf 84' lang='lat' dir='ltr'><strong>interpres,</strong></span> <span class='ocrx_word' id='word_1_784' title='bbox 1465 5845 1555 5911; x_wconf 90' lang='lat' dir='ltr'><strong>qui</strong></span> <span class='ocrx_word' id='word_1_785' title='bbox 1584 5859 1702 5899; x_wconf 85' lang='lat' dir='ltr'><strong>cum</strong></span> <span class='ocrx_word' id='word_1_786' title='bbox 1739 5845 1966 5914; x_wconf 82' lang='lat' dir='ltr'><strong>plurima</strong></span> <span class='ocrx_word' id='word_1_787' title='bbox 1999 5845 2114 5900; x_wconf 36' lang='lat' dir='ltr'><strong>telis</strong></span> 
     </span>
    </p>
   </div>
   <div class='ocr_carea' id='block_1_110' title="bbox 2235 4579 3868 4686">
    <p class='ocr_par' dir='ltr' id='par_1_110' title="bbox 2235 4579 3868 4686">
     <span class='ocr_line' id='line_1_110' title="bbox 2235 4579 3868 4686; baseline 0.013 -55"><span class='ocrx_word' id='word_1_788' title='bbox 2235 4579 2403 4651; x_wconf 83' lang='grc' dir='ltr'>μένην</span> <span class='ocrx_word' id='word_1_789' title='bbox 2441 4581 2728 4652; x_wconf 84' lang='grc' dir='ltr'>μέλλοντας</span> <span class='ocrx_word' id='word_1_790' title='bbox 2772 4586 2892 4638; x_wconf 85' lang='grc' dir='ltr'>ὅσον</span> <span class='ocrx_word' id='word_1_791' title='bbox 2927 4586 3080 4641; x_wconf 74' lang='grc' dir='ltr'>οὔπω</span> <span class='ocrx_word' id='word_1_792' title='bbox 3118 4590 3427 4661; x_wconf 79' lang='grc' dir='ltr'>κηρύττειν,</span> <span class='ocrx_word' id='word_1_793' title='bbox 3462 4595 3557 4647; x_wconf 78' lang='grc' dir='ltr'><strong>καὶ</strong></span> <span class='ocrx_word' id='word_1_794' title='bbox 3583 4596 3684 4667; x_wconf 86' lang='grc' dir='ltr'>τὴν</span> <span class='ocrx_word' id='word_1_795' title='bbox 3721 4597 3817 4652; x_wconf 81' lang='grc' dir='ltr'><strong>ὑπ’</strong></span> <span class='ocrx_word' id='word_1_796' title='bbox 3856 4606 3868 4686; x_wconf 59' lang='grc' dir='ltr'><strong>ί</strong></span> 
     </span>
    </p>
   </div>
   <div class='ocr_carea' id='block_1_111' title="bbox 2229 4669 3859 4753">
    <p class='ocr_par' dir='ltr' id='par_1_111' title="bbox 2229 4669 3859 4753">
     <span class='ocr_line' id='line_1_111' title="bbox 2229 4669 3859 4753; baseline 0.015 -32"><span class='ocrx_word' id='word_1_797' title='bbox 2229 4669 2392 4723; x_wconf 78' lang='grc' dir='ltr'>αὑτοῦ</span> <span class='ocrx_word' id='word_1_798' title='bbox 2424 4674 2554 4726; x_wconf 86' lang='grc' dir='ltr'>πᾶσι</span> <span class='ocrx_word' id='word_1_799' title='bbox 2585 4677 2695 4739; x_wconf 85' lang='grc' dir='ltr'>τοῖς</span> <span class='ocrx_word' id='word_1_800' title='bbox 2737 4676 2914 4730; x_wconf 72' lang='grc' dir='ltr'>ἔθνεσι</span> <span class='ocrx_word' id='word_1_801' title='bbox 2942 4680 3339 4753; x_wconf 80' lang='grc' dir='ltr'>προϐληθεῖσαν</span> <span class='ocrx_word' id='word_1_802' title='bbox 3376 4685 3724 4743; x_wconf 81' lang='grc' dir='ltr'>διδασκαλίαν</span> <span class='ocrx_word' id='word_1_803' title='bbox 3752 4707 3815 4744; x_wconf 76' lang='grc' dir='ltr'><strong>τε</strong></span> <span class='ocrx_word' id='word_1_804' title='bbox 3856 4669 3859 4696; x_wconf 42' lang='grc' dir='ltr'><strong><em>Ξ</em></strong></span> 
     </span>
    </p>
   </div>
   <div class='ocr_carea' id='block_1_112' title="bbox 2238 4878 3811 4954">
    <p class='ocr_par' dir='ltr' id='par_1_112' title="bbox 2238 4878 3811 4954">
     <span class='ocr_line' id='line_1_112' title="bbox 2238 4878 3811 4954; baseline 0.006 -24"><span class='ocrx_word' id='word_1_805' title='bbox 2238 4880 2373 4954; x_wconf 78' lang='lat' dir='ltr'><strong>citer</strong></span> <span class='ocrx_word' id='word_1_806' title='bbox 2414 4878 2775 4943; x_wconf 89' lang='lat' dir='ltr'><strong>transtulerit,</strong></span> <span class='ocrx_word' id='word_1_807' title='bbox 2807 4880 2858 4932; x_wconf 89' lang='lat' dir='ltr'><strong>in</strong></span> <span class='ocrx_word' id='word_1_808' title='bbox 2887 4880 3070 4954; x_wconf 75' lang='lat' dir='ltr'><strong>multis</strong></span> <span class='ocrx_word' id='word_1_809' title='bbox 3103 4891 3280 4935; x_wconf 72' lang='lat' dir='ltr'><strong>tamen</strong></span> <span class='ocrx_word' id='word_1_810' title='bbox 3311 4883 3591 4937; x_wconf 86' lang='lat' dir='ltr'><strong>evidenter</strong></span> <span class='ocrx_word' id='word_1_811' title='bbox 3617 4899 3811 4954; x_wconf 61' lang='lat' dir='ltr'><strong>peccaa</strong></span> 
     </span>
    </p>
   </div>
   <div class='ocr_carea' id='block_1_113' title="bbox 2233 4947 3807 5022">
    <p class='ocr_par' dir='ltr' id='par_1_113' title="bbox 2233 4947 3807 5022">
     <span class='ocr_line' id='line_1_113' title="bbox 2233 4947 3807 5022; baseline 0.009 -26"><span class='ocrx_word' id='word_1_812' title='bbox 2233 4947 2310 5022; x_wconf 78' lang='lat' dir='ltr'><strong>vit</strong></span> <span class='ocrx_word' id='word_1_813' title='bbox 2338 4961 2554 5022; x_wconf 73' lang='lat' dir='ltr'><strong>:_quant</strong></span> <span class='ocrx_word' id='word_1_814' title='bbox 2605 4962 2707 5022; x_wconf 78' lang='lat' dir='ltr'><strong>ego</strong></span> <span class='ocrx_word' id='word_1_815' title='bbox 2741 4953 3073 5022; x_wconf 77' lang='lat' dir='ltr'><strong>_tne_ndo_rutn</strong></span> <span class='ocrx_word' id='word_1_816' title='bbox 3115 4954 3325 5018; x_wconf 88' lang='lat' dir='ltr'><strong>copiam</strong></span> <span class='ocrx_word' id='word_1_817' title='bbox 3382 4956 3432 5005; x_wconf 89' lang='lat' dir='ltr'><strong>in</strong></span> <span class='ocrx_word' id='word_1_818' title='bbox 3486 4947 3807 5022; x_wconf 62' lang='lat' dir='ltr'><strong>praefatione</strong></span> 
     </span>
    </p>
   </div>
   <div class='ocr_carea' id='block_1_114' title="bbox 2231 5015 3804 5083">
    <p class='ocr_par' dir='ltr' id='par_1_114' title="bbox 2231 5015 3804 5083">
     <span class='ocr_line' id='line_1_114' title="bbox 2231 5015 3804 5083; baseline 0.006 -13"><span class='ocrx_word' id='word_1_819' title='bbox 2231 5015 2558 5083; x_wconf 87' lang='lat' dir='ltr'><strong>scholiisque</strong></span> <span class='ocrx_word' id='word_1_820' title='bbox 2625 5015 2878 5072; x_wconf 78' lang='lat' dir='ltr'><strong>editionis</strong></span> <span class='ocrx_word' id='word_1_821' title='bbox 2923 5015 3337 5076; x_wconf 78' lang='lat' dir='ltr'><strong>Mediolanensis</strong></span> <span class='ocrx_word' id='word_1_822' title='bbox 3379 5015 3670 5079; x_wconf 82' lang='lat' dir='ltr'><strong>lectoribus</strong></span> <span class='ocrx_word' id='word_1_823' title='bbox 3707 5029 3804 5080; x_wconf 52' lang='lat' dir='ltr'><strong>de-</strong></span> 
     </span>
    </p>
   </div>
   <div class='ocr_carea' id='block_1_115' title="bbox 2233 5086 3800 5162">
    <p class='ocr_par' dir='ltr' id='par_1_115' title="bbox 2233 5086 3800 5162">
     <span class='ocr_line' id='line_1_115' title="bbox 2233 5086 3800 5162; baseline 0.006 -24"><span class='ocrx_word' id='word_1_824' title='bbox 2233 5086 2523 5162; x_wconf 74' lang='lat' dir='ltr'><strong>monstravi</strong></span> <span class='ocrx_word' id='word_1_825' title='bbox 2555 5096 2720 5155; x_wconf 87' lang='lat' dir='ltr'><strong>atque</strong></span> <span class='ocrx_word' id='word_1_826' title='bbox 2753 5089 2986 5162; x_wconf 75' lang='lat' dir='ltr'><strong>c_orrex_i.</strong></span> <span class='ocrx_word' id='word_1_827' title='bbox 3025 5092 3258 5162; x_wconf 84' lang='lat' dir='ltr'><strong>ltemcl.</strong></span> <span class='ocrx_word' id='word_1_828' title='bbox 3293 5092 3478 5146; x_wconf 83' lang='lat' dir='ltr'><strong>doetor</strong></span> <span class='ocrx_word' id='word_1_829' title='bbox 3517 5092 3680 5159; x_wconf 86' lang='lat' dir='ltr'><strong>Lens,</strong></span> <span class='ocrx_word' id='word_1_830' title='bbox 3709 5097 3800 5162; x_wconf 83' lang='lat' dir='ltr'><strong>qui</strong></span> 
     </span>
    </p>
   </div>
   <div class='ocr_carea' id='block_1_116' title="bbox 2231 5154 3832 5225">
    <p class='ocr_par' dir='ltr' id='par_1_116' title="bbox 2231 5154 3832 5225">
     <span class='ocr_line' id='line_1_116' title="bbox 2231 5154 3832 5225; baseline 0.007 -18"><span class='ocrx_word' id='word_1_831' title='bbox 2231 5167 2450 5224; x_wconf 88' lang='lat' dir='ltr'><strong>propter</strong></span> <span class='ocrx_word' id='word_1_832' title='bbox 2477 5154 2578 5209; x_wconf 78' lang='lat' dir='ltr'><strong>hoc</strong></span> <span class='ocrx_word' id='word_1_833' title='bbox 2604 5154 2740 5224; x_wconf 92' lang='lat' dir='ltr'><strong>opus</strong></span> <span class='ocrx_word' id='word_1_834' title='bbox 2767 5156 3113 5225; x_wconf 77' lang='lat' dir='ltr'><strong>Theophanite</strong></span> <span class='ocrx_word' id='word_1_835' title='bbox 3151 5161 3511 5216; x_wconf 82' lang='lat' dir='ltr'><strong>Eusebianum</strong></span> <span class='ocrx_word' id='word_1_836' title='bbox 3541 5165 3608 5217; x_wconf 91' lang='lat' dir='ltr'><strong>de</strong></span> <span class='ocrx_word' id='word_1_837' title='bbox 3628 5154 3832 5220; x_wconf 73' lang='lat' dir='ltr'><strong>sacris-</strong></span> 
     </span>
    </p>
   </div>
   <div class='ocr_carea' id='block_1_117' title="bbox 2229 5224 3800 5300">
    <p class='ocr_par' dir='ltr' id='par_1_117' title="bbox 2229 5224 3800 5300">
     <span class='ocr_line' id='line_1_117' title="bbox 2229 5224 3800 5300; baseline 0.005 -22"><span class='ocrx_word' id='word_1_838' title='bbox 2229 5227 2429 5300; x_wconf 80' lang='lat' dir='ltr'><strong>litteris</strong></span> <span class='ocrx_word' id='word_1_839' title='bbox 2456 5224 2836 5279; x_wconf 87' lang='lat' dir='ltr'><strong>immortaliter</strong></span> <span class='ocrx_word' id='word_1_840' title='bbox 2860 5230 3091 5300; x_wconf 66' lang='lat' dir='ltr'><strong>incritns</strong></span> <span class='ocrx_word' id='word_1_841' title='bbox 3119 5241 3222 5292; x_wconf 86' lang='lat' dir='ltr'><strong>est,</strong></span> <span class='ocrx_word' id='word_1_842' title='bbox 3260 5231 3456 5300; x_wconf 80' lang='lat' dir='ltr'><strong>Syrum</strong></span> <span class='ocrx_word' id='word_1_843' title='bbox 3495 5246 3650 5286; x_wconf 87' lang='lat' dir='ltr'><strong>suum</strong></span> <span class='ocrx_word' id='word_1_844' title='bbox 3695 5250 3800 5288; x_wconf 87' lang='lat' dir='ltr'><strong>non</strong></span> 
     </span>
    </p>
   </div>
   <div class='ocr_carea' id='block_1_118' title="bbox 2227 5296 3803 5375">
    <p class='ocr_par' dir='ltr' id='par_1_118' title="bbox 2227 5296 3803 5375">
     <span class='ocr_line' id='line_1_118' title="bbox 2227 5296 3803 5375; baseline 0.006 -26"><span class='ocrx_word' id='word_1_845' title='bbox 2227 5296 2392 5349; x_wconf 90' lang='lat' dir='ltr'><strong>semel</strong></span> <span class='ocrx_word' id='word_1_846' title='bbox 2419 5296 2766 5375; x_wconf 80' lang='lat' dir='ltr'><strong>interpretem</strong></span> <span class='ocrx_word' id='word_1_847' title='bbox 2790 5297 2872 5351; x_wconf 90' lang='lat' dir='ltr'><strong>vel</strong></span> <span class='ocrx_word' id='word_1_848' title='bbox 2896 5298 2966 5352; x_wconf 87' lang='lat' dir='ltr'><strong>ob</strong></span> <span class='ocrx_word' id='word_1_849' title='bbox 2999 5296 3390 5356; x_wconf 80' lang='lat' dir='ltr'><strong>obscuritatem</strong></span> <span class='ocrx_word' id='word_1_850' title='bbox 3430 5299 3512 5354; x_wconf 84' lang='lat' dir='ltr'><strong>vel</strong></span> <span class='ocrx_word' id='word_1_851' title='bbox 3562 5302 3699 5360; x_wconf 85' lang='lat' dir='ltr'><strong>alias</strong></span> <span class='ocrx_word' id='word_1_852' title='bbox 3730 5306 3803 5358; x_wconf 86' lang='lat' dir='ltr'><strong>ob</strong></span> 
     </span>
    </p>
   </div>
   <div class='ocr_carea' id='block_1_119' title="bbox 2216 5373 2700 5433">
    <p class='ocr_par' dir='ltr' id='par_1_119' title="bbox 2216 5373 2700 5433">
     <span class='ocr_line' id='line_1_119' title="bbox 2216 5373 2700 5433; baseline -0.002 -13"><span class='ocrx_word' id='word_1_853' title='bbox 2216 5379 2416 5420; x_wconf 85' lang='lat' dir='ltr'><strong>causas</strong></span> <span class='ocrx_word' id='word_1_854' title='bbox 2453 5373 2700 5433; x_wconf 83' lang='lat' dir='ltr'><strong>castigat.</strong></span> 
     </span>
    </p>
   </div>
   <div class='ocr_carea' id='block_1_120' title="bbox 2289 5433 3798 5508">
    <p class='ocr_par' dir='ltr' id='par_1_120' title="bbox 2289 5433 3798 5508">
     <span class='ocr_line' id='line_1_120' title="bbox 2289 5433 3798 5508; baseline 0.005 -22"><span class='ocrx_word' id='word_1_855' title='bbox 2289 5435 2399 5502; x_wconf 82' lang='lat' dir='ltr'><strong>(l7)</strong></span> <span class='ocrx_word' id='word_1_856' title='bbox 2425 5433 2685 5508; x_wconf 64' lang='lat' dir='ltr'><strong>Syriacus</strong></span> <span class='ocrx_word' id='word_1_857' title='bbox 2719 5444 2894 5491; x_wconf 85' lang='lat' dir='ltr'><strong>textus</strong></span> <span class='ocrx_word' id='word_1_858' title='bbox 2925 5440 3130 5493; x_wconf 85' lang='lat' dir='ltr'><strong>accedit</strong></span> <span class='ocrx_word' id='word_1_859' title='bbox 3151 5440 3374 5508; x_wconf 85' lang='lat' dir='ltr'><strong>propius</strong></span> <span class='ocrx_word' id='word_1_860' title='bbox 3406 5441 3471 5494; x_wconf 88' lang='lat' dir='ltr'><strong>ad</strong></span> <span class='ocrx_word' id='word_1_861' title='bbox 3504 5441 3798 5495; x_wconf 83' lang='lat' dir='ltr'><strong>Eusebium</strong></span> 
     </span>
    </p>
   </div>
   <div class='ocr_carea' id='block_1_121' title="bbox 2219 5502 3798 5581">
    <p class='ocr_par' dir='ltr' id='par_1_121' title="bbox 2219 5502 3798 5581">
     <span class='ocr_line' id='line_1_121' title="bbox 2219 5502 3798 5581; baseline 0.004 -25"><span class='ocrx_word' id='word_1_862' title='bbox 2219 5502 2517 5581; x_wconf 62' lang='lat' dir='ltr'><strong>Demonstr.</strong></span> <span class='ocrx_word' id='word_1_863' title='bbox 2538 5503 2746 5581; x_wconf 59' lang='lat' dir='ltr'><strong>Evang.</strong></span> <span class='ocrx_word' id='word_1_864' title='bbox 2777 5521 2848 5581; x_wconf 65' lang='lat' dir='ltr'><strong>Iv.</strong></span> <span class='ocrx_word' id='word_1_865' title='bbox 2869 5508 2954 5574; x_wconf 73' lang='grc'><strong>11,</strong></span> <span class='ocrx_word' id='word_1_866' title='bbox 2979 5510 3067 5581; x_wconf 76' lang='lat' dir='ltr'><strong>ed.</strong></span> <span class='ocrx_word' id='word_1_867' title='bbox 3095 5502 3308 5580; x_wconf 44' lang='lat' dir='ltr'><strong>Vit-geri,</strong></span> <span class='ocrx_word' id='word_1_868' title='bbox 3328 5526 3380 5578; x_wconf 84' lang='lat' dir='ltr'><strong>p.</strong></span> <span class='ocrx_word' id='word_1_869' title='bbox 3417 5513 3516 5581; x_wconf 58' lang='lat'><strong>[76</strong></span> <span class='ocrx_word' id='word_1_870' title='bbox 3546 5533 3558 5566; x_wconf 87' lang='lat'><strong>:</strong></span> <span class='ocrx_word' id='word_1_871' title='bbox 3594 5513 3798 5581; x_wconf 84' lang='grc' dir='ltr'>Διόπερ</span> 
     </span>
    </p>
   </div>
   <div class='ocr_carea' id='block_1_122' title="bbox 2219 5573 3794 5694">
    <p class='ocr_par' dir='ltr' id='par_1_122' title="bbox 2219 5573 3794 5694">
     <span class='ocr_line' id='line_1_122' title="bbox 2219 5573 3794 5694; baseline 0.006 -69"><span class='ocrx_word' id='word_1_872' title='bbox 2219 5573 2313 5694; x_wconf 49' lang='lat' dir='ltr'><strong>uris;</strong></span> <span class='ocrx_word' id='word_1_873' title='bbox 2345 5575 2598 5644; x_wconf 81' lang='grc' dir='ltr'>χριστοὺς</span> <span class='ocrx_word' id='word_1_874' title='bbox 2637 5573 2921 5647; x_wconf 82' lang='grc' dir='ltr'>ὀνομάζειν</span> <span class='ocrx_word' id='word_1_875' title='bbox 2942 5573 3146 5642; x_wconf 75' lang='grc' dir='ltr'>αὐτοὺς</span> <span class='ocrx_word' id='word_1_876' title='bbox 3162 5573 3392 5643; x_wconf 68' lang='grc' dir='ltr'>’πάντας</span> <span class='ocrx_word' id='word_1_877' title='bbox 3420 5577 3487 5652; x_wconf 84' lang='grc' dir='ltr'>ἦν</span> <span class='ocrx_word' id='word_1_878' title='bbox 3520 5573 3794 5650; x_wconf 63' lang='grc' dir='ltr'>Ἑϐραίοις</span> 
     </span>
     <span class='ocr_line' id='line_1_123' title="bbox 2219 5660 2392 5694; baseline 0 0"><span class='ocrx_word' id='word_1_879' title='bbox 2219 5660 2256 5694; x_wconf 82' lang='grc' dir='ltr'><strong>ιο</strong></span> <span class='ocrx_word' id='word_1_880' title='bbox 2313 5660 2392 5694; x_wconf 89' lang='grc' dir='ltr'>ον.</span> 
     </span>
    </p>
   </div>
   <div class='ocr_carea' id='block_1_123' title="bbox 2219 5660 2392 5710">
    <p class='ocr_par' dir='ltr' id='par_1_123' title="bbox 2219 5660 2392 5710">
     <span class='ocr_line' id='line_1_124' title="bbox 2219 5660 2392 5710; baseline 0.017 -17"><span class='ocrx_word' id='word_1_881' title='bbox 2219 5660 2392 5710; x_wconf 71' lang='grc' dir='ltr'>φιλον.</span> 
     </span>
    </p>
   </div>
   <div class='ocr_carea' id='block_1_124' title="bbox 2291 5713 3203 5788">
    <p class='ocr_par' dir='ltr' id='par_1_124' title="bbox 2291 5713 3203 5788">
     <span class='ocr_line' id='line_1_125' title="bbox 2291 5713 3203 5788; baseline 0.011 -23"><span class='ocrx_word' id='word_1_882' title='bbox 2291 5714 2401 5788; x_wconf 48' lang='grc' dir='ltr'><strong>(εξ)</strong></span> <span class='ocrx_word' id='word_1_883' title='bbox 2531 5714 2570 5769; x_wconf 75' lang='grc'><strong>1⁸.</strong></span> <span class='ocrx_word' id='word_1_884' title='bbox 2593 5714 2720 5788; x_wconf 72' lang='lat'><strong>590.</strong></span> <span class='ocrx_word' id='word_1_885' title='bbox 2753 5718 2806 5770; x_wconf 78' lang='lat' dir='ltr'><strong>b.</strong></span> <span class='ocrx_word' id='word_1_886' title='bbox 2839 5717 2966 5788; x_wconf 82' lang='lat' dir='ltr'><strong>Syr.</strong></span> <span class='ocrx_word' id='word_1_887' title='bbox 3002 5735 3084 5783; x_wconf 86' lang='lat' dir='ltr'><strong>tn,</strong></span> <span class='ocrx_word' id='word_1_888' title='bbox 3115 5720 3203 5775; x_wconf 89' lang='lat'><strong>60.</strong></span> 
     </span>
    </p>
   </div>
   <div class='ocr_carea' id='block_1_125' title="bbox 2295 5783 3359 5867">
    <p class='ocr_par' dir='ltr' id='par_1_125' title="bbox 2295 5783 3359 5867">
     <span class='ocr_line' id='line_1_126' title="bbox 2295 5783 3359 5867; baseline 0.01 -30"><span class='ocrx_word' id='word_1_889' title='bbox 2295 5783 2404 5854; x_wconf 85' lang='lat' dir='ltr'><strong>(l9)</strong></span> <span class='ocrx_word' id='word_1_890' title='bbox 2424 5785 2595 5867; x_wconf 81' lang='lat' dir='ltr'><strong>Aliter</strong></span> <span class='ocrx_word' id='word_1_891' title='bbox 2623 5786 2824 5856; x_wconf 74' lang='lat' dir='ltr'><strong>Syrus;</strong></span> <span class='ocrx_word' id='word_1_892' title='bbox 2851 5783 2994 5846; x_wconf 52' lang='lat' dir='ltr'><strong>u&#39;uod</strong></span> <span class='ocrx_word' id='word_1_893' title='bbox 3032 5808 3136 5847; x_wconf 90' lang='lat' dir='ltr'><strong>non</strong></span> <span class='ocrx_word' id='word_1_894' title='bbox 3172 5793 3359 5848; x_wconf 82' lang='lat' dir='ltr'><strong>orobo.</strong></span> 
     </span>
    </p>
   </div>
  </div>
