4000 6398
244 374 340 426 6ίῖ

1607 371 1699 426 DE
1735 371 2206 426 TllEUl'llANlA.

3395 371 3498 426 b‘l8

242 496 334 549 καὶ
355 494 683 564 θεογνωσίαν
706 499 783 561 εἰς
819 496 1025 561 πᾶντας
1051 497 1438 566 καταγγέλλειν
1474 497 1586 567 (20)
1619 497 1827 568 ἀνθρώ-

1937 495 2133 564 Deique
2186 496 2470 557 notitiam,
2531 495 2739 550 cunctis
2803 495 3114 550 hominibus
3182 495 3499 551 nuntiaturi.

243 601 404 650 πους’
435 585 527 650 οὒς
565 587 628 658 δὴ
658 591 864 658 πεῖσμα
905 589 1159 660 μέγιστον
1193 589 1372 642 λαϐεῖν
1407 590 1574 660 ἐχρῆν
1607 590 1704 662 τῆς
1733 607 1831 660 με·

241 677 309 732 τὰ
335 677 429 731 τὸν
457 670 685 732 θάνατον
713 681 878 751 ζωῆς,
913 681 989 744 ὡς
1016 681 1082 735 ἂν
1118 683 1294 745 ἀδεεῖς
1326 683 1419 735 καὶ
1453 681 1646 751 ἄφοϐοι
1676 681 1835 736 θανάο

243 785 335 821 του
367 767 459 821 τὸν
491 770 633 824 κατὰ
660 772 761 842 τῆς
795 772 1055 827 πολυθέου
1089 773 1297 846 πλάνης
1318 775 1508 843 ἀγῶνα
1536 774 1832 845 προθύμως

245 859 582 928 ἀναδέξαιντο
604 881 620 894 ·
677 865 752 935 μὴ
795 865 904 935 γάρ
949 865 1180 920 θανάτου
1213 870 1574 939 καταφρονεῖν
1609 867 1836 939 μελετῆ-

247 966 460 1016 σαντες,
494 955 595 1008 οὒκ
620 954 685 1009 ἂν
717 956 936 1011 πὼποτε
965 957 1100 1028 πρὸς
1125 957 1193 1012 τά
1218 958 1367 1012 δεινὰ
1389 958 1834 1030 παρεσκευάζον-

245 1057 326 1096 το.
366 1046 456 1098 Διὸ
484 1045 549 1118 δὴ
577 1048 893 1117 ἀναγκαίως
922 1049 1160 1115 ὁπλίζων
1193 1051 1390 1114 αὐτοὺς
1431 1049 1574 1106 κατὰ
1609 1052 1709 1122 τῆς
1739 1051 1834 1104 τοῦ

245 1135 474 1191 θανάτου
499 1137 817 1204 δυναστείας
850 1140 914 1193 ού
940 1139 1229 1212 ῥηματίοις
1251 1143 1345 1195 καὶ
1373 1146 1578 1212 φωναῖς
1615 1143 1837 1215 παρεδί-

245 1226 336 1282 δου
364 1227 426 1281 τὸ
469 1228 716 1300 μάθημα,
750 1230 870 1287 οὐδὲ
909 1230 1088 1301 λόγοις
1119 1233 1320 1302 ὁμοίως
1359 1234 1716 1306 άνθρωπείοις
1743 1235 1835 1288 τὸν

247 1317 374 1388 περὶ
421 1317 599 1391 ψυχῆς
629 1319 930 1384 ἀθανασίας
967 1321 1208 1386 πιθανῶς
1249 1323 1343 1378 καὶ
1388 1324 1449 1389 ἐξ
1477 1327 1701 1380 είκότων
1722 1327 1836 1396 (2i)

246 1407 582 1462 συντάττωψ
619 1410 768 1482 αύτῷ
799 1412 855 1464 δὲ
891 1412 1038 1485 ἔργῳ
1059 1412 1128 1467 τὰ
1159 1414 1301 1468 κατά
1329 1415 1423 1469 τοῦ
1462 1415 1694 1471 θανάτου
1737 1420 1838 1470 έπ-

246 1498 453 1552 εδείκνυ
477 1500 659 1564 αὐτοῖς
683 1501 939 1572 τρόπαια.
1726 1556 1732 1562 .

315 1589 426 1662 (22)
457 1581 565 1644 Ἦν
594 1594 696 1663 μὲν
723 1593 829 1666 γὰρ
860 1594 1023 1649 πάλαι
1051 1597 1313 1668 πρότερον
1337 1598 1568 1670 φοϐερὸς
1593 1601 1706 1660 τοῖς
1737 1601 1839 1652 πᾶ-

246 1699 328 1736 σιν
350 1685 378 1736 ὁ
397 1681 491 1736 τοῦ
521 1684 715 1756 θνητοῦ
747 1685 934 1754 γένους
958 1687 1150 1759 ὀλετὴρ
1177 1687 1422 1754 Θάνατος,
1437 1690 1528 1742 καὶ
1551 1690 1702 1753 λύσις
1729 1692 1842 1743 ὲνο-

249 1770 436 1843 μίζετο
460 1773 560 1844 τῆς
593 1774 722 1846 ὅλης
753 1767 1041 1848 ἀνθρώπου
1077 1776 1311 1846 φύσεως,
1348 1780 1525 1852 ψυχῆς
1570 1781 1704 1851 ὁμοῦ
1744 1783 1838 1836 καὶ

249 1863 517 1935 σώματος,
571 1867 604 1937 ἡ
642 1867 829 1921 τούτου
875 1868 1193 1924 δυναστεία·
1240 1871 1360 1926 ούδέ
1393 1890 1475 1936 τις
1519 1868 1588 1945 ἦν
1625 1873 1734 1926 τῶν
1775 1873 1835 1939 ἐξ
1873 1846 1912 1900 Β

244 1957 440 2021 αἰῶνος
472 1952 584 2021 οἷός
616 1975 674 2011 τε
709 1959 858 2012 τουτὶ
895 1959 956 2012 τὸ
1000 1959 1270 2034 φόϐητρόν
1304 1963 1363 2030 ἐξ
1399 1963 1698 2037 ἀνθρώπων
1740 1966 1834 2019 ἁν-

245 2048 405 2102 ελείν·
449 2052 649 2114 πάντες
678 2051 722 2104 δ’
759 2053 1066 2124 ὲπτήχεσαν
1096 2054 1245 2126 φόϐῳ
1278 2057 1464 2127 μικροὶ
1486 2057 1580 2110 καὶ
1609 2057 1833 2128 μεγάλοι

246 2139 338 2192 τὸν
373 2139 634 2195 θάνατον’
675 2141 775 2194 οὐκ
799 2136 867 2213 ἦν
917 2159 976 2194 τε
1010 2142 1105 2196 τοῦ
1143 2147 1313 2199 κακοῦ
1363 2149 1707 2220 παραμύθιον
1743 2155 1835 2207 ἀν-

247 2229 506 2302 θρώποις,
550 2234 612 2286 ού
637 2233 814 2304 λόγος,
840 2239 901 2290 οὒ
933 2240 1152 2311 τρόπος,
1181 2241 1239 2294 ού
1269 2240 1402 2311 βίος,
1437 2243 1498 2295 ού
1535 2244 1713 2314 σοφῶν
1748 2246 1835 2302 λο-

247 2324 464 2392 γισμὸς,
487 2324 549 2376 ού
584 2325 826 2380 παλαιῶν
857 2329 1287 2400 συγγράμματα,
1320 2331 1381 2384 ού
1422 2335 1716 2404 προφητῶν
1747 2336 1834 2390 θε-

249 2413 554 2484 σπίσματα,
577 2416 668 2469 καὶ
689 2418 935 2486 ἀγγέλων
967 2421 1274 2490 ἐπιφάνειαι
1293 2440 1306 2453 '
1335 2423 1552 2477 πάντων
1576 2425 1632 2479 δὲ
1656 2428 1834 2499 κρείτ-

247 2519 357 2556 των
383 2505 475 2557 καὶ
490 2505 762 2578 άνῶτερος
781 2508 879 2580 τὴν
901 2510 1041 2564 κατὰ
1060 2513 1277 2567 πάντων
1303 2513 1458 2586 νίκην
1490 2516 1705 2587 ἐπεῖχεν
1721 2517 1832 2588 (25)

247 2597 276 2648 ό
309 2595 556 2662 θάνατος,
596 2599 815 2670 ὑψηλὸς.
865 2603 1224 2676 μεγάλαυχος,
1272 2608 1652 2679 ὑπερήφανος·
1682 2603 1728 2679 ᾧ
1769 2610 1834 2684 δὴ

246 2687 780 2762 καταδεδουλωμένον
809 2693 870 2746 τὸ
903 2694 1094 2766 θνητὸν
1125 2699 1282 2766 γένος
1315 2701 1596 2765 παντοίαις
1616 2701 1832 2757 ἐκαλιν-

246 2775 390 2832 δεῖτο
417 2782 801 2853 παρανομίαις,
831 2788 1185 2856 μιαιφονίαις,
1221 2788 1680 2862 ἀθεμιτουργξαις,
1709 2793 1833 2848 δυσ-

249 2869 508 2938 σεϐείαις,
539 2874 858 2948 πολυπλόκῳ
878 2880 1054 2954 πλάνῃ
1077 2898 1091 2912 ο
1122 2882 1325 2936 τούτων
1348 2883 1457 2957 γὰρ
1477 2880 1546 2956 ἦν
1573 2888 1830 2941 ἁπάντων

249 2960 478 3027 θάνατος
505 2964 696 3029 αἴτιος.
742 2967 828 3031 Ὧς
855 2969 964 3042 γὰρ
1007 2971 1202 3042 μηκέτι
1226 2972 1378 3036 ὄντες
1411 2975 1550 3046 μετὰ
1580 2975 1829 3042 θάνατον,

248 3053 319 3106 τὰ
345 3055 552 3127 μυρίων
576 3056 821 3113 θανάτων
854 3061 979 3127 ἄξια
1001 3061 1234 3134 δρῶντες
1265 3064 1452 3136 διῆγον
1471 3083 1484 3096 ·
1518 3067 1612 3120 καὶ
1641 3067 1718 3132 ὼς
1744 3068 1832 3120 εὑ-

251 3144 438 3210 θύναις
475 3147 723 3219 οὐδαμῶς
751 3151 1098 3223 ὑποκείμενοι
1131 3153 1216 3208 διὰ
1250 3156 1350 3228 τὴν
1375 3157 1440 3210 ὲκ
1473 3153 1570 3212 τοῦ
1601 3157 1831 3214 θανάτου

252 3236 424 3302 λύσιν,
451 3237 561 3309 βίον
585 3239 719 3304 ἔζων
741 3242 994 3298 ἀϐίωτον.
1025 3244 1132 3309 Οὓς
1155 3245 1218 3317 δὴ
1239 3246 1571 3320 κατελεήσας
1589 3251 1618 3303 ὁ
1637 3250 1829 3319 Λόγος,

251 3329 344 3382 ἐπὶ
379 3331 484 3402 τὴν
520 3333 730 3403 ἄμυναν
764 3335 1029 3391 ἔσπευσεν
1051 3355 1065 3370 ο
1103 3333 1203 3392 εἷθ’
1235 3332 1322 3393 οἷα
1365 3339 1618 3410 βασιλεὺς
1647 3343 1832 3413 φιλαν-

250 3419 596 3491 θρωπότατος
622 3426 718 3480 τὸν
747 3427 887 3480 κατὰ
916 3427 1011 3482 τοῦ
1036 3427 1264 3484 θανάτου
1294 3428 1512 3502 ἔλεγχον
1535 3431 1602 3485 δι’
1622 3433 1831 3506 ἀνθρὼ-

252 3529 357 3565 που
399 3514 614 3583 φύσεως
647 3517 979 3588 ἐμηχανᾶτο,
1025 3517 1138 3591 ζωὴ
1184 3519 1283 3591 μὲν
1325 3520 1487 3584 αὐτὸς
1524 3523 1828 3593 τυγχάνων,

251 3606 346 3659 καὶ
371 3606 506 3660 Θεοῦ
539 3609 731 3677 Λόγος,
768 3611 862 3665 καὶ
886 3610 1022 3666 Θεοῦ
1055 3611 1283 3684 δύναμις
1303 3629 1319 3644 ο
1349 3612 1464 3668 ἀλλ’
1493 3617 1555 3668 οὐ
1587 3615 1707 3687 δίχα
1736 3616 1830 3671 τοῦ

251 3695 613 3768 βοηθουμένου
661 3701 722 3754 τὸ
747 3701 856 3754 τῶν
895 3703 1198 3775 ἀνθρώπων
1248 3704 1518 3777 φόϐητρον
1563 3707 1832 3775 διελέγξαι

251 3789 460 3860 κρίνας.
511 3791 602 3844 Διὸ
647 3792 712 3864 δὴ
755 3793 906 3866 ὅπλῳ
961 3795 1304 3868 χρησάμενος
1342 3795 1687 3870 ἀνθρωπείῳ,
1740 3800 1834 3853 καὶ

249 3878 430 3950 θνητῷ
450 3879 662 3951 σώματι
689 3885 718 3936 ὁ
750 3882 1060 3956 ἀσώματος,
1093 3887 1182 3939 τὸν
1223 3886 1451 3941 θάνατον
1476 3888 1561 3942 διὰ
1588 3889 1682 3942 τοῦ
1705 3889 1832 3962 θνη-

248 3968 345 4023 τοῦ
369 3974 808 4044 κατηγωνίσατο’
846 3977 942 4029 καὶ
971 3978 1115 4047 μέγα
1145 3977 1328 4049 θαῦμα
1379 3981 1492 4042 τοῖς
1520 3982 1681 4033 πᾶσιν
1724 3982 1831 4035 άπ-

249 4059 441 4128 ἐδειξε,
480 4063 735 4134 τρόπαιον
758 4064 1056 4131 ἀθανασίας
1084 4066 1224 4121 κατὰ
1251 4067 1344 4120 τοῦ
1379 4067 1604 4123 θανάτου
1624 4068 1710 4122 διὰ
1737 4069 1831 4122 τοῦ

249 4150 447 4223 θνητοῦ
480 4153 646 4208 ὅπλου
671 4156 873 4227 στήσας
903 4157 1034 4227 (24).
1077 4158 1252 4228 Ἥφίει
1289 4160 1388 4230 μὲν
1415 4159 1522 4230 γὰρ
1553 4159 1612 4211 τὸ
1639 4159 1832 4231 θνητὸν

247 4241 330 4303 τίς
360 4241 525 4314 βορὰν
548 4244 624 4315 τῷ
646 4244 816 4317 θηρίῳ
837 4246 948 4317 (25)
967 4263 980 4276 ’
1011 4246 1072 4301 τὸ
1097 4247 1142 4300 δ’
1156 4247 1354 4302 αὐτίκα
1380 4247 1458 4320 τῷ
1483 4249 1640 4320 ίκρίῳ
1668 4266 1833 4322 προσ-

245 4331 441 4403 ηλοῦτο
491 4335 1029 4410 ἀνασταυρούμενονο
1079 4337 1156 4402 ὡς
1194 4338 1260 4392 ἂν
1293 4342 1407 4402 τοῖς
1451 4341 1617 4393 πᾶσιν
1661 4344 1694 4414 ἡ
1737 4339 1831 4394 τοῦ

250 4422 446 4496 θνητοῦ
465 4427 788 4500 γνωρισθείη
824 4428 1004 4498 φύσις,
1040 4430 1172 4501 μηδέ
1200 4447 1318 4484 τινα
1351 4429 1501 4484 λάθοι
1524 4432 1584 4485 τὸ
1606 4431 1833 4504 πραττό-

254 4532 432 4586 μενον,
467 4518 540 4591 μὴ
572 4519 891 4592 ἀνθρώπων,
939 4521 1014 4592 μὴ
1043 4521 1341 4594 δαιμόνων·
1371 4524 1536 4596 ἐχρῆν
1558 4524 1665 4597 γὰρ
1697 4525 1830 4580 πάν·
1861 4553 1908 4610 D

250 4623 349 4672 τας
379 4609 623 4679 ἀκριϐῶς
651 4611 710 4665 τὸ
737 4611 927 4684 θνητὸν
964 4612 1111 4677 ἰδεῖν,
1137 4613 1214 4678 ὼς
1257 4616 1316 4667 ὲν
1347 4616 1588 4687 μεγίστῳ
1613 4614 1828 4688 θεάτρῳ

251 4697 350 4769 τὴν
377 4699 580 4756 οἰκείαν
607 4703 901 4774 ὁμολογοῦν
929 4703 1089 4774 φύσιν
1110 4723 1122 4734 ·
1159 4706 1225 4757 ἵν’
1256 4705 1380 4778 ἑξῆς
1409 4705 1650 4760 ἐπελθὼν
1673 4707 1703 4759 ὁ
1727 4707 1825 4762 θά-

249 4805 428 4855 νατος,
446 4785 532 4844 οἶα
553 4790 655 4863 θὴρ
682 4793 870 4858 δεινὸς,
891 4787 1000 4857 οἷός
1029 4795 1111 4858 τίς
1137 4794 1256 4848 ποτ’
1279 4789 1369 4865 ἦν,
1392 4795 1580 4848 ἑαυτὸν
1600 4794 1794 4868 ἐλέγξῃ
1812 4812 1824 4824 ⁶

251 4882 491 4936 κᾶπειτα
516 4883 613 4954 τῆς
636 4884 780 4956 ζωῆς
803 4888 835 4955 ὴ
869 4885 1116 4956 δύναμις,
1152 4884 1291 4954 μετὰ
1323 4885 1548 4940 θάνατον
1575 4886 1830 4940 ἐπελθοῦ-

251 4989 341 5039 σα,
383 4977 499 5038 τοῐς
531 4978 694 5030 πᾶσιν
737 4972 891 5040 αὖθις
935 4977 1034 5049 τὴν
1067 4976 1207 5030 κατὰ
1248 4975 1342 5028 τοῦ
1385 4975 1613 5030 θανάτου
1654 4993 1833 5048 παρα-

249 5069 516 5138 στήσηται
569 5070 757 5142 νίκην,
807 5070 868 5124 τὸ
922 5069 1113 5141 θνητὸν
1161 5068 1425 5123 ἀθάνατον
1475 5067 1825 5136 ἀποδείξασα.

324 5341 434 5412 (20)
453 5342 622 5414 Syrus
642 5343 851 5398 videtur
882 5343 1080 5414 legisse
1118 5345 1451 5401 ἀνατέλλειν.

323 5415 439 5485 (ει)
467 5413 703 5483 Apparet
735 5413 1157 5485 Syrum’legisse
1188 5415 1433 5472 εἰκόνων.

324 5483 439 5555 (22)
479 5486 604 5555 Syr.
631 5500 714 5548 Ill,
749 5486 838 5539 6f.

324 5573 439 5649 (33)
466 5576 638 5648 Syrus
668 5577 829 5648 paulo
857 5575 1018 5633 aliter
1049 5578 1330 5648 periodum
1361 5578 1570 5635 dividit.

325 5667 438 5738 (Ἡ)
480 5669 748 5738 [lactentis
775 5669 874 5722 hoc
916 5666 1273 5738 fragmentum
1311 5665 1557 5738 (nempe
1584 5669 1652 5724 ab
1713 5667 1819 5723 illis

253 5734 434 5813 verbis
477 5734 544 5809 ἢν
588 5738 686 5808 μὲν
721 5738 828 5810 γὰρ
852 5734 1042 5813 ⁸ςιτάλιίι
1087 5734 1351 5809 πρότερον
1390 5734 1814 5813 φοϐερός-εις.)

257 5808 520 5865 recitatur
546 5815 612 5861 ad
635 5808 824 5864 eodem
850 5809 1032 5863 Niceta
1068 5815 1234 5862 etiam
1258 5808 1309 5864 in
1336 5808 1615 5866 catena'ad
1640 5809 1811 5880 Epist.

495 5908 767 5975 l’nn'on.
815 5904 934 5965 (in.
986 5901 1217 5965 XXIV.

1857 3199 1904 3263 C

1935 587 2234 657 Discipulos
2289 587 2472 658 itaque
2512 602 2778 643 summam
2828 587 3023 642 habere
3074 589 3322 641 fiduciam
3371 603 3508 656 npns

1933 689 2052 734 eral
2078 680 2143 734 de
2173 680 2280 734 vita
2306 690 2427 749 post
2463 679 2669 734 obitum
2703 681 3097 747 recuperanda,
3134 691 3189 736 ιιι
3223 682 3504 752 intrepidi,

1935 771 2138 840 absque
2165 769 2273 825 ullo
2301 770 2489 826 mortis
2514 783 2657 825 metu
2685 771 2945 827 adversus
2977 771 3325 843 polytbeismi
3357 788 3504 828 erro-

1938 879 2050 917 rem
2077 872 2351 918 certamen
2387 861 2637 917 alacriter
2665 866 3021 934 susciperent.
3065 862 3200 917 Nam
3233 864 3336 919 nisi
3366 880 3507 920 mor-

1939 966 2043 1010 tem
2106 965 2454 1010 contemnere
2511 956 2911 1021 assuevissent,
2980 971 3252 1026 nunquam
3317 968 3508 1011 contra
3597 1017 3604 1024 δ

1940 1045 2201 1102 terribilia
2249 1057 2308 1099 se
2357 1043 2739 1098 accinxissent.
2785 1045 3144 1111 Quamobrem
3195 1045 3510 1101 necessario

1939 1137 2058 1193 illos
2085 1149 2302 1190 armans
2331 1134 2595 1188 adversus
2627 1135 2815 1188 mortis
2856 1136 3174 1203 potentiam,
3220 1135 3361 1191 haud
3389 1151 3512 1205 pro-

1939 1229 2064 1282 latis
2106 1242 2204 1282 ore
2255 1225 2462 1281 voeulis
2503 1225 2804 1280 doctrinam
2839 1226 2979 1280 hanc
3029 1225 3293 1289 tradebat,
3336 1240 3514 1295 neque

1939 1333 2251 1376 sermonum
2279 1333 2431 1370 more
2456 1316 2818 1370 humanorum
2859 1321 2924 1372 de
2967 1318 3160 1371 anima:
3189 1317 3507 1372 immortali-

1941 1420 2051 1465 tate
2093 1409 2460 1466 verisimiliter
2489 1408 2826 1474 disserebat,
2857 1410 2951 1463 sed
2987 1408 3102 1479 ipso
3133 1423 3296 1478 opere
3340 1409 3511 1462 relata

1940 1503 2007 1558 de
2031 1514 2205 1559 morte
2247 1513 2444 1571 tropaea
2477 1500 2582 1556 illis
2609 1500 2944 1556 ostendebat.

2011 1595 2155 1650 Sane
2218 1605 2335 1649 erat
2381 1594 2508 1648 olim
2561 1593 2770 1647 cunctis
2819 1591 3078 1647 terribilis
3126 1592 3216 1646 illa
3266 1592 3512 1648 mortalis

1944 1687 2156 1756 generis
2185 1686 2456 1756 pernicies
2489 1703 2669 1752 mors;
2706 1695 2762 1740 et
2785 1684 3066 1738 dissolutio
3100 1683 3514 1738 existimabatur

1943 1779 2210 1834 universa:
2241 1777 2479 1832 hominis
2510 1787 2736 1840 natura,
2763 1774 2956 1829 anima:
2980 1774 3138 1829 simul
3167 1784 3221 1830 et
3243 1777 3509 1843 corporis,

1943 1870 2131 1923 mortis
2169 1879 2521 1938 potentatus:
2575 1883 2840 1938 nemoque
2869 1883 2936 1920 ex
2965 1869 3110 1920 omni
3138 1882 3253 1921 aevo
3279 1869 3506 1923 exstite-

1944 1970 2045 2026 rat,
2069 1962 2159 2030 qui
2194 1961 2298 2014 hoc
2332 1959 2827 2014 terriculamentum
2861 1975 2927 2012 ex
2973 1959 3282 2014 hominibus
3321 1958 3507 2015 tollere

1941 2061 2144 2119 posset,
2190 2051 2482 2120 cunctique
2548 2069 2577 2104 a
2635 2065 2832 2121 magno
2880 2064 3051 2118 usque
3107 2051 3173 2104 ad
3223 2050 3505 2105 minimum

1943 2141 2134 2194 mortis
2161 2140 2354 2194 timore
2403 2141 2864 2208 percellebantur;
2916 2140 3154 2210 nihilque
3200 2154 3315 2195 erat
3365 2144 3509 2212 quod

1942 2230 2067 2286 huic
2094 2231 2235 2287 malo
2261 2233 2512 2288 solatium
2541 2234 2841 2299 conferret,
2878 2247 2982 2285 non
3010 2247 3208 2293 sermo.
3244 2249 3350 2287 non
3390 2251 3508 2288 tnu-

1941 2321 2042 2377 dus
2066 2322 2294 2393 aliquis.
2331 2341 2437 2378 non
2483 2325 2812 2396 sapientium
2861 2325 3123 2390 consilia,
3162 2340 3267 2380 non
3300 2327 3510 2396 prisco-

1943 2429 2059 2468 rum
2093 2414 2314 2479 litteraa,
2347 2430 2451 2470 non
2483 2417 2873 2488 prophetarum
2913 2417 3135 2474 oracula
3157 2456 3174 2484 ,
3206 2433 3313 2472 non
3344 2433 3510 2487 ange-

1941 2505 2115 2561 lorum
2153 2507 2516 2577 apparitiones
2548 2524 2564 2562 :
2599 2509 2693 2565 sed
2729 2510 2985 2581 omnibus
3023 2510 3218 2565 fortior
3259 2519 3315 2564 et
3347 2525 3510 2579 supe-

1942 2599 2053 2653 rior
2075 2598 2432 2654 universalem
2463 2602 2747 2657 victoriam
2769 2603 3049 2658 obtinebat
3076 2617 3246 2667 mors,
3267 2602 3508 2666 excelsa,

1940 2688 2313 2760 gloriabunda,
2359 2693 2622 2762 superba,
2675 2694 2764 2748 cui
2811 2694 3176 2765 mancipatum
3213 2694 3506 2750 humanum

1940 2796 2132 2852 genus,
2159 2783 2213 2836 in
2239 2785 2388 2838 omni
2418 2783 2761 2839 volutabatur
2789 2787 3017 2851 scelere,
3039 2787 3297 2849 caedibus,
3331 2786 3511 2840 nel'an-

1938 2873 2024 2929 dis
2055 2876 2343 2946 operibus,
2371 2877 2774 2947 irreligiositate
2797 2918 2813 2945 ,
2841 2878 3236 2948 multiplicique
3261 2893 3508 2934 errorum

1938 2979 2154 3033 genere.
2204 2967 2412 3036 Quippe
2457 2970 2652 3025 borum
2700 2971 2941 3027 omnium
2978 2987 3126 3028 mors
3155 2985 3320 3027 causa
3346 2982 3507 3028 erat:

1940 3068 2172 3124 namque
2230 3057 2498 3122 homines,
2552 3074 2652 3115 ceu
2698 3070 2822 3130 post
2875 3063 3082 3118 obitum
3133 3063 3266 3119 nihil
3325 3075 3510 3120 essent

1941 3142 2125 3212 futuri,
2193 3147 2357 3218 digna
2403 3149 2631 3206 infinitis
2680 3152 2944 3208 mortibus
2995 3155 3510 3226 perpetrabant:ac

1935 3235 2101 3292 veluti
2128 3237 2258 3294 nulli
2277 3253 2452 3308 paenae
2474 3239 2731 3308 obnoxii,
2754 3254 2974 3314 propter
3001 3259 3121 3300 eam
3147 3259 3307 3314 quam
3337 3257 3512 3299 morte

1935 3327 2049 3384 fieri
2077 3328 2368 3385 credebant
2402 3329 2832 3397 dissolutionem,
2864 3334 3026 3388 vitam
3054 3335 3172 3389 sine
3212 3337 3315 3412 vita
3345 3337 3509 3402 dege-

1934 3416 2084 3472 bant.
2143 3417 2290 3484 Quos
2341 3420 2606 3477 miserans
2655 3421 2936 3488 Verbum,
2999 3426 3067 3480 ad
3139 3427 3506 3478 auxiliandum

1935 3506 2230 3564 festinavit.
2265 3509 2464 3567 Deinde
2499 3520 2557 3566 ut
2585 3528 2682 3568 rex
2715 3513 3175 3570 clementissimus
3214 3517 3503 3571 coercitio-

1935 3617 2055 3656 nem
2111 3605 2300 3658 mortis
2347 3619 2446 3674 per
2491 3605 2726 3663 hominis
2800 3616 3047 3662 naturam
3110 3608 3328 3664 molitus
3379 3620 3511 3678 est;

1933 3708 2164 3762 cumque
2213 3694 2260 3748 is
2303 3695 2415 3749 vita
2471 3696 2586 3766 ipsa
2641 3698 2749 3766 sit,
2801 3708 2857 3753 et
2900 3698 2995 3758 Dei
3051 3698 3312 3766 Verbum,
3345 3712 3511 3770 atque

1935 3788 2195 3859 potentia,
2251 3804 2358 3844 non
2410 3789 2528 3845 sine
2580 3799 2760 3847 tamen
2821 3793 2934 3861 ipsa
2999 3793 3356 3858 humanitate,
3416 3798 3506 3848 cui

1933 3893 2088 3948 opem
2118 3877 2344 3944 ferebat,
2376 3891 2639 3937 terrorem
2673 3882 2954 3938 hominum
2989 3885 3055 3940 de
3095 3884 3273 3938 medio
3302 3884 3495 3938 tollen-

1935 3969 2060 4024 dum
2078 3970 2362 4040 judicavit.
2394 3971 2777 4038 Quamobrem,
2800 3975 2965 4030 armis
3011 3985 3168 4029 utens
3218 3975 3492 4040 humanis,

1934 4061 2150 4117 mortali
2185 4063 2236 4116 in
2284 4079 2512 4132 corpore
2554 4065 2934 4136 incorporeum
2984 4066 3215 4122 Verbum
3276 4077 3508 4122 mortem

1935 4169 1994 4210 re
2016 4156 2233 4211 mortali
2264 4157 2572 4222 debellavit,
2603 4159 2914 4229 grandeque
2943 4160 3262 4215 miraculum
3289 4160 3502 4215 cunctis

1933 4248 2263 4312 ostentavit,
2310 4249 2733 4305 immortalitatis
2769 4261 3024 4323 tropzeum
3062 4254 3319 4308 adversus
3363 4266 3506 4306 mor-

1937 4350 2042 4394 tem
2074 4341 2396 4396 mortalibus
2423 4342 2592 4397 armis
2620 4353 2885 4400 statuens.
2913 4345 3123 4414 Quippe
3143 4359 3294 4398 suam
3319 4345 3502 4404 voraci

1933 4429 2126 4485 bellua:
2161 4431 2442 4485 mortalem
2475 4442 2687 4502 partem
2714 4433 2966 4498 tradidit,
2993 4449 3114 4501 qua:
3145 4433 3329 4487 statim
3357 4431 3504 4500 ligno

1934 4521 2104 4577 clavis
2133 4523 2344 4577 confixa
2381 4524 2503 4590 fuit,
2535 4535 2592 4579 nt
2614 4526 2696 4581 sui
2730 4525 2981 4596 corporis
3021 4535 3211 4578 natura
3260 4521 3504 4576 mortalis

1933 4612 2002 4667 ab
2047 4614 2301 4669 omnibus
2327 4625 2730 4685 agnosceretur,
2770 4630 2871 4670 nec
2901 4628 3230 4686 quemquam
3265 4627 3351 4666 res
3380 4619 3500 4666 acta

1931 4700 2119 4756 lateret
2170 4703 2284 4757 sive
2335 4704 2606 4758 hominem
2674 4704 2790 4758 sive
2840 4705 3160 4758 daamonem.
3240 4701 3505 4756 Intererat

1931 4793 2075 4850 enim
2118 4805 2176 4849 ut
2214 4810 2404 4851 omnes
2437 4806 2692 4851 accurate
2732 4795 2978 4850 viderent
3002 4809 3124 4850 eum
3155 4794 3246 4863 qui
3291 4793 3494 4847 morie-

1932 4887 2111 4950 batur,
2139 4886 2408 4956 propriam
2447 4886 2792 4941 conlitcntem
2816 4926 2832 4950 ,
2883 4893 3137 4954 tanquam
3186 4885 3243 4936 in
3283 4893 3504 4952 specta-

1932 4977 2055 5031 culo
2098 4977 2356 5041 maximo,
2408 4985 2682 5040 naturam;
2747 4986 2807 5030 ut
2865 4975 3059 5030 deinde
3116 4975 3502 5044 superveniens

1933 5083 2102 5133 mors,
2139 5083 2236 5125 ceu
2274 5069 2391 5122 dira
2420 5067 2597 5122 bellua
2624 5107 2639 5132 ,
2663 5082 2910 5138 quaenam
2944 5067 3175 5136 ipsamet
3205 5077 3367 5130 esset,
3404 5080 3500 5136 per

1930 5343 1996 5397 ad
2035 5343 2196 5399 Hebr.
2226 5357 2344 5410 cap.
2392 5341 2600 5407 ιι,ο17;
2643 5344 2734 5396 sed
2771 5351 2915 5395 recte
2945 5342 3160 5410 quidem
3213 5344 3264 5397 in
3313 5345 3500 5397 codice

1927 5413 2315 5484 Mediolanensi
2342 5428 2406 5484 ex
2440 5412 2815 5483 Εὑαγγελικῆς
2849 5410 3188 5484 θεοφανείας.
3243 5415 3501 5468 mendose

1926 5492 2106 5537 autem
2143 5484 2194 5537 in
2227 5481 2512 5553 Parisiacu
2548 5490 2629 5553 (ut
2670 5481 2812 5553 certe
2861 5492 2944 5537 est
2985 5482 3126 5553 apud
3149 5484 3495 5549 Cramcrunt,

1923 5569 1976 5624 p.
2003 5553 2130 5623 426)
2184 5551 2563 5624 Εὑαγγελικῆς
2592 5551 2941 5632 ἀποδείξεως.

1993 5666 2105 5736 (25)
2146 5664 2363 5739 Bellum,
2397 5642 2779 5739 idest-morti,
2821 5686 2925 5726 non
2968 5669 3153 5723 belluis
3187 5678 3246 5722 ιιι
3300 5667 3490 5739 Syrus,

1924 5753 2017 5794 seu
2061 5737 2203 5810 augl.
2233 5739 2440 5810 beasts.
2485 5737 2685 5810 Nempe
2723 5741 2882 5810 paulo
2921 5741 3059 5796 infra
3099 5754 3244 5792 mors
3285 5737 3488 5796 discut:

1926 5810 2124 5865 dicitur
2165 5807 2356 5866 bellua.

3048 5901 3218 5975 ,20
