4000 6398
547 307 648 362 619

1215 297 1476 354 EUSEBII
1512 297 1989 354 CIESARIENSIS
2025 297 2174 354 OPP.
2215 297 2396 354 PARS
2433 299 2522 354 IV.
2563 331 2630 339 —
2669 299 3088 356 DOGMATICA.

3677 299 3782 354 620

545 433 604 472 se
660 416 910 487 proderet
947 437 960 471 :
997 425 1372 486 postremoque
1423 418 1546 471 vitae
1605 418 1817 484 virtus,
1877 427 2086 472 morten

2213 419 2321 490 (‘26)
2369 415 2543 487 Ἠφίει
2574 419 2683 488 (27)
2711 418 2889 473 τοίνυν
2919 420 3054 490 πρὸς
3083 419 3254 490 βραχὺ
3277 417 3339 470 τὸ
3375 417 3532 488 σῶμα
3559 420 3593 488 ἡ
3619 416 3784 470 τοῦτο

547 514 855 574 subsecuta,
888 512 1094 566 cunctis
1118 511 1360 564 vicissim
1406 527 1557 565 suam
1592 512 1851 566 adversus
1879 521 2102 565 mortem

543 603 826 658 victoriam
859 602 1032 670 palam
1067 602 1289 666 faceret,
1333 603 1460 656 dum
1504 593 1732 658 mortale
1775 619 1970 673 corpus
2002 603 2104 658 im-

543 694 771 748 mortale
804 692 915 762 jam
943 693 1176 748 siSIeret.
1225 693 1438 748 Dimisit
1479 693 1656 764 itaque
1690 695 1834 749 brevi
1867 705 2103 764 tempore

541 799 756 852 corpus,
787 798 848 837 ea
883 799 1003 853 quae
1033 785 1133 839 hoc
1161 784 1464 847 possidebat
1497 785 1588 839 Dei
1619 784 1778 839 Verbi
1809 783 2014 848 virtus;
2048 791 2104 838 et

2210 507 2571 580 διακρατοῦσα
2602 509 2694 562 τοῦ
2719 509 2852 562 Θεοῦ
2881 509 3052 578 Λόγου
3076 507 3322 579 δύναμις·
3347 503 3455 576 (28)
3476 505 3534 559 τὸ
3547 507 3781 576 δ’ἀνηρ-

2209 602 2438 672 τημένον
2459 601 2550 653 ἐπὶ
2563 599 2654 652 τοῦ
2673 599 2827 664 ξύλου
2853 603 3105 672 παραχρῆ
3115 618 3190 671 μα
3221 601 3409 670 νεκρὸν
3433 593 3520 668 ἦν·
3537 597 3654 651 ἀλλ’
3683 597 3782 667 οὐχ

2208 691 2236 742 ὁ
2260 685 2424 758 Λόγος
2456 691 2488 756 ϐ
2515 689 2772 756 ζωοποιὸς
2793 691 2854 744 τὸ
2885 691 3244 762 νεκρούμενον
3277 687 3344 762 ἦν
3367 707 3380 720 ·
3409 689 3469 742 τὸ
3495 689 3550 742 δὲ
3587 688 3782 758 θνητὸν

2208 781 2304 852 τὴν
2326 777 2529 836 οἰκείαν
2551 782 2816 853 ὡμολόγει
2847 782 3024 851 φύσιν.

539 875 821 931 confestim
856 875 982 930 illud
1005 881 1144 945 quod
1181 880 1247 931 de
1283 877 1429 946 ligno
1503 878 1808 948 pendebat,
1876 885 2146 931 mortuum
2210 884 2320 940 est;
2379 891 2482 928 non
2539 885 2714 930 tamen
2768 875 3046 929 viviticutu
3100 873 3335 928 Verbqu
3413 871 3785 928 exstinctum;

538 985 665 1040 pars
717 971 1088 1024 tantummodo
1131 970 1336 1024 Christi
1379 971 1622 1026 mortalis
1665 981 1910 1026 naturam
1950 983 2101 1024 suam
2143 969 2464 1023 testabatur.

611 1059 869 1129 Sepulcro
907 1061 1200 1115 secundum
1241 1061 1517 1117 hominum
1549 1063 1692 1135 leges
1719 1065 1947 1119 traditus
1978 1063 2098 1121 fuit.

538 1151 666 1206 Erat
730 1162 908 1207 autem
962 1153 1266 1222 sepulcrum
1336 1153 1590 1222 spelunca
1642 1172 1811 1226 nuper
1865 1157 1916 1210 iu
1969 1172 2101 1210 saxo

538 1237 741 1301 excisa,
769 1237 974 1292 nullum
1009 1241 1188 1294 adhuc
1223 1239 1457 1295 cadaver
1491 1252 1735 1312 experta,
1783 1245 1906 1314 quia
1936 1261 2098 1315 opor-

535 1329 685 1384 tebat
717 1332 932 1384 unicum
964 1330 1200 1386 loculum
1257 1333 1348 1386 uni
1398 1333 1618 1388 insolito
1651 1346 1864 1392 mortuo
1909 1337 2098 1394 deser-

539 1423 675 1475 vire.
707 1421 952 1493 Miraque
983 1423 1101 1477 visu
1133 1431 1250 1477 erat
1278 1435 1424 1493 petra
1458 1427 1694 1494 spatioso
1741 1429 1794 1482 in
1833 1429 1952 1486 loco
1983 1431 2096 1486 sola

535 1523 759 1569 exstans
789 1523 992 1578 erecta,
1044 1523 1368 1585 antrumque
1408 1517 1622 1571 unicum
1665 1521 1809 1576 intus
1854 1519 2094 1588 habens;

537 1621 608 1660 ne
633 1605 678 1659 si
706 1605 841 1660 forte
873 1604 1022 1674 plura
1051 1621 1276 1675 corpora
1317 1609 1659 1678 excepisset,
1694 1609 1808 1681 ejus
1835 1613 1924 1682 qui
1963 1631 2100 1668 mor-

536 1705 643 1750 tem
685 1693 1085 1761 debellaverat,
1131 1697 1446 1752 miraculum
1487 1699 1825 1758 obscuraret.
1877 1703 2100 1761 Jaeebat

2274 1061 2383 1132 (29)
2409 1063 2666 1133 Μνήματι
2702 1061 2757 1114 δὲ
2787 1060 2927 1114 κατὰ
2969 1060 3166 1130 νόμους
3209 1057 3510 1130 ἀνθρώπων
3550 1055 3783 1128 παρεδί-

2199 1153 2318 1208 δοτο
2343 1172 2355 1184 ·
2385 1147 2444 1207 τὸ
2469 1153 2524 1207 δὲ
2547 1155 2735 1225 μνῆμα
2765 1153 3026 1224 σπήλαιον
3053 1148 3119 1222 ἦν
3149 1153 3270 1222 ἄρτι
3293 1149 3434 1204 κατά
3463 1150 3670 1220 πέτρας
3693 1147 3782 1198 λε-

2201 1245 2546 1316 λαξευμένον,
2591 1244 2741 1299 οὔπω
2793 1243 3042 1315 σώματος
3097 1243 3282 1313 ἑτέρου
3338 1240 3778 1312 πεπειραμένον·

2207 1337 2310 1392 ἔδει
2335 1338 2442 1408 γὰρ
2473 1337 2618 1408 μόνῳ
2651 1335 2762 1407 (50)
2797 1335 3074 1406 σχολάζειν
3107 1333 3183 1404 τῷ
3215 1334 3360 1404 μόνῳ
3384 1330 3670 1404 παραδόξῳ
3703 1349 3784 1384 νε-

2206 1429 2340 1501 κρῷ.
2365 1427 2662 1499 Θαυμαστὴ
2702 1427 2758 1480 δὲ
2789 1426 2968 1498 ίδεῖνή
3004 1427 3176 1498 πέτρα
3211 1427 3267 1478 ὲν
3293 1424 3596 1497 ήπλωμένῳ
3616 1423 3782 1494 χώρῳ

2209 1521 2342 1593 μόνη
2380 1521 2558 1588 δρθιος
2582 1520 2944 1590 ἀνεσταμένη·
2996 1519 3089 1571 καὶ
3131 1519 3286 1586 μόνον
3326 1513 3395 1586 ἦν
3425 1517 3616 1587 ἄντρον
3647 1518 3784 1568 εἵσω

2206 1611 2262 1666 ἐν
2294 1615 2428 1685 αὐτῇ
2478 1611 2822 1683 περιέχουσα.
2864 1611 2940 1673 ὡς
2978 1609 3064 1686 ἂν..
3092 1610 3184 1680 μὴ,
3229 1607 3436 1662 πολλῶν
3483 1607 3780 1676 γενομένη,

2206 1707 2298 1760 τοῦ
2325 1706 2416 1759 τὸν
2443 1706 2666 1759 θάνατον
2696 1694 3209 1771 καταγωνισαμένου
3235 1701 3529 1772 ὲπισκιάσῃ
3551 1699 3614 1752 τὸ
3645 1698 3784 1751 θαῦ-

535 1787 607 1841 ibi
640 1788 940 1842 evstiuctus
971 1789 1016 1842 is
1042 1787 1131 1857 qui
1165 1797 1282 1842 erat
1314 1789 1544 1845 viventis
1577 1791 1738 1846 Verbi
1787 1809 2046 1864 organum
2080 1815 2086 1851 :

2204 1817 2296 1871 μα.
2322 1798 2432 1868 (51)
2454 1795 2667 1852 Ἔκειτο
2696 1797 2794 1867 μὲν
2826 1795 2888 1866 δὴ
2911 1794 3098 1867 νεκρὸς
3127 1793 3335 1860 αὐτόθι,
3359 1793 3420 1845 τὸ
3443 1791 3534 1846 τοῦ
3573 1791 3782 1856 ζῶντος

535 1893 726 1932 saxum
751 1878 942 1948 ingens
974 1877 1288 1934 occludebat
1344 1879 1674 1947 speluncam.
1712 1884 1854 1940 Mors
1892 1887 2095 1943 interea

535 1967 766 2021 miriﬁce
798 1963 1152 2038 gloriabatur,
1185 1983 1283 2022 ceu
1312 1969 1356 2023 si
1393 1969 1536 2026 hunc
1568 1971 1712 2027 haud
1755 1989 1909 2031 secus
1935 1992 2095 2047 quam

536 2057 773 2127 reliquos
801 2071 865 2111 ex
919 2059 1064 2112 omni
1093 2073 1206 2114 aevo
1235 2061 1620 2136 superavisset.
1660 2063 1766 2120 Sed
1789 2067 1932 2122 enim
1961 2083 2096 2124 nou-

534 2147 662 2201 dum
708 2149 958 2205 triduano
989 2159 1230 2220 tempore
1272 2163 1499 2221 exacto,
1533 2157 1639 2208 vita
1671 2166 1842 2212 semet
1897 2159 2094 2214 iterum

535 2239 970 2310 conspiciendam
1025 2241 1256 2308 obtulit,
1309 2253 1431 2314 post
1491 2243 1842 2302 sufﬁcientem
1907 2257 2097 2306 mortis

534 2331 959 2398 coargutionetn.
991 2329 1124 2386 Nam
1164 2334 1209 2389 si
1237 2335 1400 2392 citius
1441 2351 1724 2408 resurgere
1753 2342 2094 2410 properavis-

532 2431 635 2488 set,
693 2435 759 2476 ne
808 2425 1108 2480 exstinctus
1153 2427 1370 2496 quidem
1432 2430 1671 2484 creditus
1724 2429 1935 2486 fuisset.
1988 2431 2093 2489 Sed

531 2511 785 2579 quoniam
817 2526 943 2566 vcre
973 2512 1216 2570 sublatus
1257 2515 1350 2584 (in
1396 2519 1654 2587 crucem)
1708 2519 1828 2584 fuit,
1861 2537 2093 2591 vereque

531 2611 792 2667 mortuus,
817 2613 978 2674 atque
995 2605 1268 2675 aliquanto
1292 2610 1546 2678 temporis
1562 2609 1842 2666 intervallo
1863 2623 2090 2669 mortem

530 2711 655 2751 vere
684 2697 958 2771 sustinuit,
990 2697 1114 2751 hinc
1143 2699 1420 2754 enimvero
1451 2701 1592 2769 quod
1635 2703 1812 2757 omnia
1856 2705 2091 2762 vivificat

529 2785 622 2840 Dei
685 2785 958 2851 Verbum,
1021 2787 1326 2842 universam
1389 2789 1698 2846 hominibus
1757 2795 2088 2864 propositam

529 2891 677 2945 spem
710 2891 804 2944 per
827 2877 994 2940 illius,
1039 2877 1128 2947 qui
1161 2887 1271 2932 tum
1307 2887 1552 2936 mortuus
1597 2881 1808 2949 fuerat,
1839 2899 2089 2942 resurre-

529 2970 784 3031 ctionem,
824 2970 1138 3023 ostentavit.
1185 2968 1469 3041 [Cumque
1495 2971 1610 3040 ejus
1642 2989 1838 3043 corpus
1879 2977 2090 3046 deposi-

531 3067 643 3112 tum
694 3058 881 3114 fuisset
911 3077 940 3114 a
988 3060 1378 3125 familiaribus,
1435 3063 1782 3135 honestaeque
1830 3069 2085 3124 traditum

529 3159 837 3219 sepultum,
879 3163 1000 3218 post
1047 3151 1281 3206 triduum
1336 3155 1510 3209 denuo
1560 3157 1851 3228 resumpsit
1917 3159 2085 3226 illud;

527 3258 822 3312 rursusque
851 3257 1013 3298 carne
1047 3254 1225 3299 semet
1253 3253 1304 3299 et
1345 3260 1573 3316 corpore
1611 3247 1875 3316 indutum,
1905 3250 2088 3321 cujus-

523 3359 666 3414 utodi
723 3368 878 3412 antea
942 3357 1140 3424 fuerat,
1190 3359 1468 3428 discipulis
1497 3360 1882 3418 demonstravit
1915 3383 1928 3418 :
1962 3367 2083 3434 qui-

521 3447 744 3502 huscum
797 3448 1062 3517 tantisper
1113 3447 1513 3516 confabulaus,
1582 3461 1742 3520 atque
1811 3453 2085 3524 aliquanto

521 3549 764 3608 tempore
808 3554 1065 3604 versans,
1109 3555 1232 3592 mox
1267 3539 1394 3593 illuc
1449 3541 1592 3596 unde
1642 3556 1864 3600 venerat
1916 3547 2082 3614 abiit;

520 3633 644 3687 cceli
706 3633 870 3696 viam,
916 3632 1290 3700 spectantibus
1339 3631 1483 3697 illis,
1531 3633 1897 3708 ingrediens]
1943 3637 2080 3704 Quid

519 3737 650 3792 ergo
691 3732 812 3791 post
855 3722 1009 3775 ha-c?
1061 3719 1212 3775 Haud
1269 3721 1382 3790 jam
1429 3737 1528 3792 ego
1575 3731 1848 3793 gestarum
1902 3741 2079 3781 rerum

519 3821 770 3866 narrator
815 3810 905 3864 tibi
954 3813 1077 3873 sim,
1135 3819 1502 3863 verumtamen
1553 3810 1645 3877 qui
1687 3809 1782 3864 has
1811 3807 2079 3878 viderunt,

519 3903 574 3958 hi
605 3903 768 3957 totius
795 3902 988 3971 negotii
1029 3909 1194 3954 testes
1225 3899 1398 3953 idonei
1440 3899 1580 3964 siut;
1607 3901 1698 3968 qui
1731 3901 1991 3973 sanguine
2019 3917 2081 3958 ac

517 3995 643 4046 vitae
671 3992 1016 4055 detrimento,
1043 4003 1286 4046 actorum
1322 3990 1629 4054 veritatem,
1661 4005 1819 4059 quam
1856 4007 2079 4063 aspexe-

519 4093 667 4148 rant,
698 4081 1192 4145 conlirmaverunt;
1218 4089 1498 4150 totumque
1526 4081 1712 4135 orbem
1762 4097 1823 4136 ea
1852 4122 1868 4148 ,
1917 4098 2077 4153 quam

521 4175 618 4246 ipsi
645 4173 1032 4245 pra‘dicabant,
1065 4173 1324 4242 religione
1368 4171 1754 4240 impleverunt.
1787 4173 1851 4228 lli
1892 4176 2080 4244 utique

521 4269 992 4326 resurrectionem,
1024 4279 1183 4334 quam
1215 4263 1386 4318 oculis
1411 4274 1806 4332 spectaverant,
1837 4267 2081 4320 testimo-

518 4358 623 4412 niis
652 4358 766 4413 suis
793 4365 1112 4411 sauxerunt.
1168 4353 1352 4424 Neque
1395 4355 1538 4409 enim
1601 4356 1778 4411 verbis
1829 4372 1892 4411 ac
1947 4351 2079 4411 voce

2201 1891 2372 1962 Λόγου
2414 1891 2683 1963 ὄργανονο
2731 1887 2876 1952 λίθος
2926 1889 2970 1940 δ’
3015 1887 3270 1940 ἀπέκλειε
3317 1883 3684 1956 παμμεγέθης
3719 1884 3784 1936 τὺ

2201 1984 2479 2055 σπήλαιον.
2510 1981 2620 2034 Καὶ
2645 1978 2810 2043 πολὺς
2834 1973 2900 2050 ἦν
2923 1979 2978 2032 ὲν
3005 1977 3174 2048 τούτῳ
3200 1977 3438 2048 γαυριῶν
3466 1979 3494 2030 ὀ
3519 1977 3778 2040 θάνατος,

2196 2073 2270 2139 ὡς
2303 2075 2367 2128 ἂν
2393 2072 2578 2126 τοῦτον
2615 2071 2751 2143 μετὰ
2778 2071 2886 2124 τῶν
2919 2071 2978 2136 ὲξ
3024 2073 3218 2135 αἰῶνος
3253 2069 3386 2124 ἑλὼν
3423 2069 3740 2139 ὑποχείριον
3761 2085 3777 2098 ·

2197 2165 2308 2218 ἀλλ’
2331 2161 2482 2218 οὔπω
2519 2165 2810 2235 τριήμερος
2843 2161 3041 2235 παρῄει
3085 2163 3292 2234 χρόνος,
3329 2163 3422 2215 καὶ
3451 2163 3483 2232 ἡ
3517 2161 3632 2232 ζωὴ
3669 2163 3780 2214 πά-

2195 2258 2277 2312 λιν
2323 2257 2517 2328 ἑαυτὴν
2567 2255 2751 2324 ἔφαινε
2801 2255 2940 2328 μετά
2981 2255 3070 2308 τὸν
3116 2255 3359 2327 αὐτάρκη
3403 2253 3496 2306 τοῦ
3539 2253 3782 2306 θανάτου

2195 2345 2427 2418 ἔλεγχον.
2471 2347 2534 2399 Et
2567 2345 2676 2416 γάρ
2717 2345 2780 2417 δὴ
2813 2345 3001 2399 θᾶττον
3042 2346 3242 2416 ἀνέστη
3288 2346 3518 2415 φθάσας,
3563 2345 3664 2396 οὐκ
3711 2345 3780 2397 ἂν

2194 2441 2313 2494 οὐδὲ
2351 2437 2579 2502 τεθνεὼς
2617 2437 2872 2510 ἐνομίσθη
2895 2453 2908 2467 ⁸
2947 2437 3058 2490 ἀλλ’
3093 2439 3180 2492 ὅτε
3218 2457 3278 2510 γε
3323 2437 3536 2508 ἀληθῶς
3569 2437 3781 2506 escam

2195 2533 2329 2602 (δὲ),
2358 2533 2451 2585 καὶ
2471 2529 2683 2602 ἀληθῶς
2708 2529 3007 2599 ἐτεθνήκει,
3044 2531 3102 2583 ὲν
3133 2531 3306 2602 χρόνῳ
3341 2531 3397 2584 δὲ
3419 2530 3508 2582 τὸν
3539 2529 3780 2581 θάνατον

2192 2623 2404 2696 ἀληθῶς
2425 2623 2762 2688 ὑποδέδεκτο,
2793 2621 2913 2676 τότε
2941 2621 3004 2693 δὴ
3033 2621 3151 2675 τότε
3173 2624 3201 2675 ὁ
3219 2623 3326 2676 τῶν
3355 2623 3608 2676 ἁπάντων
3635 2623 3778 2685 ζωο-

2190 2717 2343 2780 ποιὸς
2369 2715 2462 2770 τοῦ
2493 2715 2629 2769 Θεοῦ
2660 2715 2832 2783 Λόγος
2863 2713 2959 2784 τὴν
2986 2715 3164 2766 πᾶσαν
3193 2714 3496 2783 ἀνθρώποις
3537 2715 3778 2766 ἀποκει-

2193 2807 2362 2880 μένην
2393 2807 2581 2862 ἐλπίδα
2605 2807 2693 2862 διὰ
2727 2809 2824 2877 τῆς
2855 2805 2948 2859 τοῦ
2977 2806 3096 2858 τότε
3124 2805 3316 2878 θνητοῦ
3347 2804 3780 2874 παλιγγενεσίας

2189 2901 2547 2955 ἐπεδείκνυτο.
2583 2899 2716 2971 [Καὶ
2749 2899 2856 2968 (55)
2890 2897 2982 2951 τοῦ
3010 2896 3259 2969 σώματος
3278 2899 3438 2952 αὐτοῦ
3469 2899 3779 2970 ληφθέντος

2189 2992 2324 3066 πρὸς
2355 2990 2462 3044 τῶν
2494 2990 2782 3062 γνωρίμων
2817 2990 2912 3042 καὶ
2945 2991 3009 3062 τῇ
3044 2992 3394 3064 προσηκούσῃ
3430 2991 3774 3063 παραδοθέν-

2187 3100 2278 3148 τος
2313 3085 2478 3154 ταφῇ,
2513 3083 2750 3154 τριταῖος
2791 3076 2946 3144 αὖθις
2981 3081 3330 3152 ἀπελάμϐανε
3372 3083 3528 3138 τοῦτο
3579 3085 3776 3148 αὑτός.

2187 3178 2298 3234 Καὶ
2321 3175 2481 3230 πάλιν
2513 3171 2673 3238 αὐτὸς
2703 3173 2892 3226 ἑαυτὸν
2927 3173 3207 3244 ἐνσαρκον,
3253 3174 3494 3246 Ενσωμον
3523 3175 3690 3228 αὐτὸν
3729 3178 3776 3228 ὲ-

2187 3273 2383 3332 κεῖνον,
2407 3259 2516 3330 οἷος
2545 3266 2638 3320 καὶ
2667 3265 2728 3319 τὸ
2755 3265 2970 3336 πρῶτον
2995 3259 3083 3337 ἦν,
3115 3270 3224 3330 τοῖς
3249 3267 3466 3331 οἰκείοις
3495 3269 3778 3339 μαθηταῖς

2185 3364 2455 3417 δείκνυσιν
2475 3377 2488 3390 ⁸
2521 3355 2601 3423 οἷς
2628 3359 2720 3413 καὶ
2743 3359 2836 3412 ἐπὶ
2864 3359 3034 3430 βραχὺ
3063 3359 3346 3431 ὁμιλήσας,
3370 3361 3462 3413 καί
3489 3377 3612 3413 τινα
3637 3377 3772 3412 συν-

2183 3455 2465 3528 διατρίψας
2480 3452 2688 3524 χρόνον,
2705 3453 2906 3506 άνεισιν
2934 3449 3054 3504 ὃθεν
3084 3453 3175 3504 καὶ
3203 3451 3404 3522 παρῆν,
3437 3453 3528 3504 ὑπ’
3559 3451 3778 3520 ὀφθαλ-

2189 3550 2322 3621 μοὺς
2349 3547 2526 3600 αὐτῶν
2560 3545 2656 3616 τὴν
2696 3547 2775 3608 είς
2800 3541 3058 3616 οὐρανοὺς
3107 3544 3330 3614 πορείαν
3366 3543 3776 3614 στειλάμενος.)

2183 3637 2297 3713 (54)
2330 3641 2394 3695 Τί
2429 3636 2521 3694 οὖν
2546 3639 2637 3691 ἐπὶ
2679 3635 2884 3699 τούτοις
2912 3636 3152 3703 γίνεται;
3181 3633 3374 3687 Οὐκέτι
3403 3633 3510 3702 ἐγώ
3541 3652 3626 3686 σοι
3667 3653 3776 3694 γε-

2182 3735 2374 3805 νοίμην
2408 3733 2472 3786 ἂν
2501 3731 2606 3785 τῶν
2640 3727 3040 3800 πεπραγμένων
3083 3726 3397 3789 διδάσκαλος
3419 3743 3433 3756 ·
3463 3728 3512 3780 οἱ
3546 3725 3608 3778 δὲ
3638 3727 3774 3778 τοὺ-

2182 3841 2287 3876 των
2321 3823 2551 3877 ἐπόπται
2582 3817 2689 3875 εἷεν
2723 3821 2788 3874 ἃν
2821 3820 3035 3872 πάντων
3059 3818 3328 3892 ἀξιόχρεοι
3369 3820 3671 3890 μάρτυρες.
3717 3820 3776 3872 οἱ

2179 3915 2244 3969 δι’
2269 3915 2495 3986 αἵματος
2524 3909 2615 3967 καὶ
2639 3909 2816 3983 ψυχῆς
2853 3915 2917 3982 τῇ
2946 3911 3040 3982 θέᾳ
3079 3912 3184 3963 τῶν
3216 3911 3618 3982 πεπραγμένων
3661 3911 3776 3982 τὴν

2180 4005 2440 4080 ἀλήθειαν
2471 4005 2887 4076 πιστωσάμενοι,
2935 4004 3026 4056 καὶ
3054 4003 3152 4074 τὴν
3182 4002 3468 4073 σύμπασαν
3497 4004 3772 4075 οἰκουμέ-

2181 4117 2277 4170 νην
2311 4099 2408 4170 τῆς
2439 4099 2574 4170 πρὸς
2607 4098 2784 4152 αὐτῶν
2813 4095 3259 4168 κατηγγελμένης
3302 4093 3612 4159 θεοσεϐείας
3657 4113 3772 4148 κα-

2180 4193 2572 4264 ταπλήσαντες.
2608 4193 2669 4246 Οἳ
2696 4190 2750 4244 δὲ
2774 4190 2902 4258 γοῦν
2927 4189 3025 4261 τὴν
3047 4189 3227 4250 αὐτοῖς
3257 4185 3547 4258 ὀφθαλμοῖς
3577 4205 3770 4240 κατα-

2181 4286 2472 4358 ληφθεῖσαν
2530 4281 2942 4354 παλιγγενεσίαν
2993 4284 3112 4344 ταῖς
3170 4279 3375 4333 ἑαυτῶν
3411 4279 3772 4354 ,παρέδωκαν

2185 4380 2506 4452 μαρτυρίαις
2529 4397 2543 4408 ·
2571 4380 2670 4432 οὐκ
2706 4373 2774 4448 ἦν
2804 4375 2911 4447 γὰρ
2939 4375 3117 4438 αὐτοῖς
3155 4373 3280 4443 ἄχρι
3312 4371 3466 4440 λόγου
3505 4373 3604 4425 καὶ
3642 4391 3774 4442 φω-

515 4482 673 4526 tenus
699 4469 842 4524 facta
871 4469 958 4524 illa
993 4474 1377 4537 cognoverant,
1419 4481 1646 4536 quorum
1688 4476 1852 4522 testes
1902 4467 2072 4522 exsti-

2195 4475 2273 4544 νῆς
2302 4474 2607 4543 ἀκουόμενα
2647 4471 2716 4525 τὰ
2745 4469 3108 4542 πραττόμενα,
3154 4466 3265 4521 ἀλλ’
3300 4466 3398 4536 ἥδη
3443 4465 3535 4518 καὶ
3563 4465 3774 4536 ἔργοις

516 4573 716 4628 terunt,
743 4563 836 4620 sed
870 4576 1054 4616 coram
1080 4561 1205 4615 dum
1243 4559 1433 4614 ﬁerent
1465 4557 1810 4628 contemplati
1841 4557 2074 4621 fuerant,

513 4670 784 4724 manuque
822 4655 958 4708 adeo
987 4652 1292 4721 tetigerant.
1341 4649 1521 4716 Quare
1570 4657 1626 4703 et
1686 4647 1859 4702 oculis
1899 4655 1953 4701 et
1997 4646 2074 4702 rei

512 4746 745 4800 veritate
812 4742 1138 4799 evidentiam
1201 4740 1518 4804 consecuti,
1590 4738 1938 4806 victoriaeque
2007 4737 2075 4792 de

512 4845 686 4890 morte
737 4835 918 4890 relata:
975 4831 1191 4901 tropaais
1251 4829 1416 4898 visis,
1467 4829 1660 4884 merito
1707 4834 2072 4895 contemptum

513 4925 702 4980 mortis
732 4924 1144 4980 condidicerunt
1176 4941 1190 4977 :
1221 4936 1384 4978 uuam
1413 4935 1526 4974 rem
1549 4920 1720 4990 ipsam
1754 4933 1880 4973 suos
1909 4917 2072 4973 disci-

583 5083 696 5154 (26)
733 5083 794 5138 Β.
845 5083 884 5139 f.
926 5083 1030 5139 307
1069 5083 1124 5139 b.

581 5151 1130 5226 (ﬂyqi'l‘rranstulerat
1172 5153 1297 5218 alio,
1335 5153 1645 5226 nempe_ad
1684 5151 1887 5209 codicis
1917 5151 2070 5226 pagi-

512 5221 633 5276 nam
653 5223 756 5278 507
785 5225 840 5288 b,
871 5223 973 5278 hoc
993 5224 1230 5294 quinque
1254 5237 1504 5294 versuum
1537 5223 1894 5294 fragmentum
1915 5221 2070 5294 Hice;

514 5304 592 5346 tas
623 5294 678 5366 in
712 5303 938 5358 catena;
976 5293 1117 5366 quod
1143 5291 1322 5366 nunc,
1353 5293 1492 5348 duce
1531 5291 1680 5350 textu
1711 5293 1952 5366 Syriaco,
1997 5291 2067 5346 ad

510 5363 797 5418 stationem
827 5365 1098 5430 propriam
1128 5363 1284 5416 redit.

580 5431 691 5502 (28)
721 5429 1144 5502 AniiuajChriAsti
1192 5445 1389 5502 corpus
1414 5431 1692 5498 destituit,
1738 5446 1846 5488 non
1893 5432 2064 5502 ipsum

509 5499 742 5555 Verbum
783 5516 880 5556 seu
909 5501 1002 5554 Dei
1031 5500 1222 5558 virtus.
1262 5499 1622 5568 Quamobrem
1667 5502 1754 5559 hic
1797 5499 2066 5568 intellige,

509 5571 708 5625 Christi
745 5571 1132 5624 humanitatem
1160 5611 1175 5636 ,
1211 5573 1422 5626 nonnisi
1468 5571 1648 5630 Verbo
1699 5572 2067 5643 permittente,

509 5649 776 5694 mortuam
807 5654 948 5694 esse.

575 5709 690 5782 (εν)
721 5715 788 5766 Α.
827 5709 1018 5768 12510.
1059 5710 1180 5781 Syr.
1201 5725 1288 5778 nr,
1311 5710 1400 5766 et.

2184 4565 2465 4638 ὲθεωρεῑτο
2495 4566 2586 4619 καὶ
2608 4561 2918 4634 ἐψηλαφᾶτό
2947 4578 3008 4629 γε
3039 4559 3278 4630 ἀκριϐῶς
3311 4559 3445 4630 πρὸς
3471 4558 3580 4610 τῶν
3619 4557 3770 4610 ταῦ-

2182 4676 2250 4712 τα
2275 4657 2770 4730 μεμαρτυρηκότων
2794 4673 2806 4686 ·
2836 4651 2916 4708 διδ
2935 4654 2990 4707 δὲ
3015 4654 3108 4708 καὶ
3132 4651 3362 4722 αὐτοψίᾳ
3399 4651 3492 4703 καὶ
3518 4648 3692 4719 ἀληθε
3703 4651 3770 4722 Ξᾳ

2181 4752 2242 4805 τὺ
2270 4752 2494 4823 ἐναργὲς
2530 4749 2930 4822 κατειληφότες,
2961 4746 3057 4800 καὶ
3093 4745 3193 4815 τῆς
3218 4743 3358 4798 κατὰ
3387 4741 3479 4796 τοῦ
3511 4741 3766 4796 θανάτου

2183 4846 2336 4916 νίκης
2358 4844 2425 4898 τὰ
2467 4845 2700 4914 τρόπαια
2730 4839 3062 4910 τεθεαμένοι,
3103 4839 3324 4899 εἰκότως
3357 4835 3554 4908 ἔμαθον
3585 4853 3768 4888 κατα.-

2180 4941 2396 5008 φρονείν
2418 4936 2510 4992 τοῦ
2547 4935 2774 4990 θανάτου
2795 4952 2807 4964 ·
2854 4933 3016 4986 ταὺτὸ
3042 4932 3098 4985 δὲ
3143 4932 3234 4985 καὶ
3267 4932 3390 4994 τοὺς
3424 4928 3604 4983 αὐτῶν
3633 4947 3766 4999 φοε-

2249 5079 2724 5152 (50)7lta__omuino
2751 5075 3189 5152 Graecusfodes.
3235 5071 3404 5152 Syrus
3437 5069 3600 5152 paulo
3641 5069 3760 5124 ali-

2173 5139 2268 5208 ter‘
2291 5139 2418 5220 le'git
2449 5146 2922 5220 ἰΙίιιίίηπαραδόξῳ.
2959 5145 3094 5200 Hinc
3121 5139 3342 5214 Anglice
3371 5158 3403 5194 α
3432 5139 3670 5196 wonder.

2244 5221 2360 5372 iiii
2379 5218 2832 5372 ἒίτεῗέῗιῗῗέιμειιι
2863 5281 3292 5372 lacerarem?
3317 5279 3752 5372 τξξξιττεξιίοιιξ-

2172 5349 2438 5430 ΡΙιῖΙοίοεῖ
2479 5357 2742 5426 iudicent.
2787 5353 2894 5430 Sed
2941 5349 3596 5430 certe-Joan._.x_tt,_52,
3649 5350 3750 5413 33.

2173 5417 2421 5501 Christus
2457 5417 2524 5501 de
2547 5443 2651 5501 _su_a
2677 5434 2858 5501 morte
2880 5427 2932 5501 in
2968 5423 3154 5501 crucis
3172 5419 3432 5491 supplicio
3466 5417 3750 5501 loquens,

2175 5499 2470 5556 hoctverbo
2497 5495 3053 5567 ὑψοῦσθαι,;επαίιατί,
3081 5492 3273 5567 utitur.

2246 5569 2360 5638 (55)
2401 5557 2710 5638 Ουαξύιιοίε
2751 5557 2964 5629 claudo,
3001 5557 3063 5618 ea
3107 5562 3300 5618 absunt
3333 5574 3364 5614 a
3402 5557 3564 5630 Syro,
3605 5558 3744 5628 quia

2174 5636 2642 5711 for;t_asse_aliunde
2663 5636 3039 5711 obrepserunt.

2250 5707 2358 5780 (54)
2394 5707 2515 5780 Syr.
2553 5721 2638 5774 Ill,
2664 5705 2752 5760 62.
