4000 6398
279 257 378 310 εει

1658 262 1747 318 DE
1786 265 2253 327 TIIEOPHANIA.

3437 279 3544 334 622

277 368 445 442 τητάς
471 371 765 437 ἐδίδασκον,
789 373 885 444 τῆς
908 374 1174 430 ἀθανάτου
1204 377 1348 450 ζωῆς
1386 380 1536 434 παοά
1563 381 1654 436 τοῦ
1683 382 1834 456 Σωτῆ

1969 388 2123 457 pulos
2146 390 2505 455 edocuerunt,
2539 392 2975 464 quandoquidem
3011 393 3335 452 immortalis
3359 399 3481 453 vitae
3507 416 3539 455 a

280 480 372 529 ρος
393 464 674 537 εἰληφότες
694 467 763 520 τὰ
790 467 1048 537 ἐχέγγυα.

1029 559 1103 615 Δ’.

343 654 461 725 (55)
497 652 770 722 Ἐπίδοξος
802 650 870 727 ἦν
907 672 989 720 τις
1027 654 1167 726 ἀνὴρ
1205 651 1313 705 τῶν
1346 651 1404 704 ὲν
1440 653 1768 725 στρατείαις,
1795 655 1859 707 ἀ-

274 744 546 817 ξιώματος
576 748 669 802 καὶ
701 749 876 820 ἀρχῆς
911 744 1225 819 Ῥωμαῖκῆς
1263 745 1664 817 ἐπειλημμένος
1706 749 1854 818 (56)·

275 840 462 911 ἐπειδὴ
501 841 559 895 δὲ
593 842 625 893 ὀ
649 840 833 904 δοῦλος
869 839 1035 892 abs-aii
1069 839 1295 910 γνήσιος
1335 838 1571 909 πάρετος
1608 837 1678 891 τὰ
1720 838 1854 911 μέλη

272 933 410 987 οἴκοι
434 933 681 1006 βέϐλητο,
715 933 939 987 συνιδὼν
957 933 1074 997 οἵας
1100 933 1130 984 ό
1168 930 1361 1002 Σωτὴρ
1386 932 1466 994 είς
1490 930 1711 1001 ἐτέρους
1739 932 1858 985 ἐπε-

270 1024 512 1081 δείκνυτο
535 1027 811 1097 δυνάμεις,
840 1025 1066 1096 ἰώμενος
1084 1025 1210 1086 τοὺς
1237 1022 1563 1094 κάμνοντας,
1591 1022 1772 1077 πᾶσάν
1793 1041 1855 1077 τε

271 1117 424 1172 νόσον
452 1119 545 1172 καὶ
573 1120 751 1172 πᾶσαν
783 1118 1054 1189 μαλακίαν
1082 1116 1404 1186 ἀκούμενος,
1456 1114 1702 1187 λογισμῷ
1729 1118 1853 1188 κρί-

269 1228 377 1279 νας
406 1210 482 1283 μὴ
509 1211 630 1265 κατ’
662 1212 949 1283 ἄνθρωπον
979 1206 1120 1264 εἶναι
1148 1209 1212 1262 τὺ
1234 1208 1439 1280 θαῦμα,
1474 1208 1757 1281 πρόσεισιν
1776 1210 1853 1276 ώς

265 1302 405 1374 Θεῷ,
432 1304 531 1357 οὐκ
553 1303 631 1367 είς
668 1304 728 1357 τὸ
756 1302 1079 1374 φαινόμενον
1109 1300 1203 1353 τοῦ
1241 1299 1493 1370 σώματος
1527 1298 1734 1353 ἀπιδὼν
1762 1300 1854 1372 ὅρ-

266 1412 450 1462 γανον,
474 1396 540 1452 δι’
568 1392 631 1452 οὗ
660 1396 761 1461 τάς
798 1396 1016 1468 ὁμιλίας
1052 1392 1361 1466 ἀνθρώποις
1391 1393 1645 1455 ἐποιεῖτο,
1687 1394 1768 1456 είς
1793 1392 1852 1445 δὲ

263 1490 354 1544 τδν
385 1491 564 1563 ἀφανῆ
593 1490 726 1544 Θεὸν
758 1487 851 1543 τὸν
888 1489 977 1544 διὰ
1011 1486 1105 1541 τοῦ
1137 1484 1332 1558 θνητοῦ
1368 1484 1469 1548 τάς
1497 1483 1704 1548 οἰκείας
1725 1485 1851 1556 ἀρε-

264 1581 359 1645 τάς
396 1582 778 1651 ὑποφαίνοντα.
807 1582 898 1635 Διὸ
928 1580 1095 1634 ἐδεῖτο
1120 1579 1215 1633 καὶ
1256 1577 1419 1641 αὐτὸς
1459 1577 1552 1630 ἐπὶ
1576 1576 1655 1648 τῷ
1698 1577 1849 1630 παιδὶ

262 1671 361 1744 τῆς
386 1673 575 1745 θεῖκῆς
606 1673 925 1745 εὐεργεσίας
963 1674 1144 1742 τυχεῖν
1172 1672 1307 1742 ('57).
1341 1670 1453 1723 Καὶ
1495 1672 1543 1724 oi
1581 1671 1680 1742 μὲν
1713 1688 1849 1743 πρε-

264 1767 514 1840 σὸύτεροι
553 1767 662 1820 τῶν
706 1766 970 1821 Ἰουδαίων
1005 1764 1217 1837 μικρῶν
1244 1763 1407 1817 ἕνεκα
1432 1762 1533 1834 τὴν
1569 1762 1728 1835 χάριν
1763 1766 1847 1817 αἰη⁸

259 1861 434 1926 τοῦσι,
471 1859 580 1915 τῶν
612 1862 699 1925 είς*
724 1859 823 1932 τὴν
862 1856 1184 1928 συναγωγὴν
1219 1855 1523 1926 γενομένων
1557 1855 1848 1929 ἀναλωμά-

256 1970 367 2009 των
389 1971 403 1984 ⁸
431 1956 459 2008 ό
483 1954 541 2008 δὲ
571 1952 774 2027 Κύριος
808 1951 909 2006 οὒκ
932 1952 1025 2004 ἐπὶ
1058 1950 1231 2020 τούτῳ
1254 1948 1465 2001 δίδωσιν
1491 1948 1704 2011 ἑαυτὸν,
1728 1949 1843 2002 ἀλλ’

260 2047 353 2101 ἐπὶ
396 2047 476 2119 τῷ
513 2047 647 2100 πολὺ
678 2043 903 2118 μείζονι,
948 2044 1131 2097 πίστιν
1161 2038 1598 2111 κατεργάσασθαι
1621 2039 1709 2093 διά
1745 2042 1845 2112 τῆς

254 2141 541 2212 δυνάμεως
600 2141 680 2203 εἰς
724 2139 934 2201 πάντας
981 2134 1302 2207 ἀνθρώπους
1353 2131 1705 2203 βουλόμενοςσ
1750 2132 1845 2185 καὶ

258 2234 587 2305 χαρίσασθαι
630 2232 730 2305 μὲν
762 2232 841 2303 τῷ
887 2230 1258 2302 ἑκατοντάρχῃ
1290 2226 1611 2298 ἐπιτηδείως
1646 2226 1840 2297 ἔχοντι,

256 2325 676 2398 καθηγήσασθαι
701 2326 757 2379 δὲ
785 2325 1014 2388 καὶτοῖς
1042 2322 1220 2386 ἄλλοις
1245 2318 1333 2374 διά
1355 2317 1546 2373 τούτου
1575 2320 1711 2391 πρὸς
1743 2320 1842 2390 τὴν

260 2418 465 2474 πίστιν.
500 2419 609 2473 Καὶ
641 2416 971 2489 οὐδήπουθεν
991 2417 1176 2485 ἀγνοεῖ
1198 2414 1258 2468 τὸ
1292 2412 1505 2485 μέλλον,
1533 2413 1616 2466 δτι
1659 2412 1842 2483 μέλλει

258 2512 558 2584 πυθόμενος
580 2512 608 2564 ὀ
627 2511 1019 2581 ἑκατόνταρχος
1045 2506 1432 2577 ἐφικνούμενον
1448 2506 1527 2569 είς
1547 2504 1645 2577 τὴν
1664 2505 1840 2558 οίκίαν

255 2605 637 2678 παραιτεῖσθαι
656 2620 669 2634 ·
697 2603 811 2656 ἀλλ’
835 2599 989 2666 εἰδὼς
1011 2601 1109 2672 τὴν
1141 2598 1437 2671 μέλλουσαν
1468 2597 1528 2664 ἐξ
1555 2596 1841 2661 εὐλαδείας

254 2698 606 2772 παραίτησιν,
645 2695 882 2750 ἐπινεύει
906 2696 972 2766 τῇ
1007 2695 1169 2765 πιστῇ
1202 2690 1444 2756 ἀξιώσει,
1485 2688 1722 2761 ἑκατέρᾳ
1749 2706 1837 2742 κι-

1969 479 2260 539 Scrvatore
2283 484 2608 540 documenta
2639 498 2788 541 certa
2814 499 3186 557 perceperant.

2700 577 2790 633 ιν.

2032 658 2240 718 Nobilis
2290 665 2511 734 quidam
2566 668 2650 723 vir
2704 680 2821 724 erat
2880 671 2934 724 in
2998 671 3245 728 Romano
3296 675 3537 730 exercitu

1960 753 2207 808 ordinem
2232 754 2437 811 ducens
2458 765 2514 812 et
2545 759 2859 828 dignitatem
2909 763 3171 832 adeptus;
3219 763 3376 832 cujus
3410 780 3535 821 eum

1960 843 2190 900 dilectus
2239 845 2475 903 famulus
2533 852 2764 921 paralysi
2818 853 3070 910 laborans
3119 856 3264 911 domi
3303 856 3531 925 iaceret,

1959 936 2207 989 conscius
2235 937 2393 990 simul
2423 941 2600 1009 qualia
2639 941 2894 998 Servatur
2939 959 3066 1016 erga
3106 946 3242 1002 alios
3280 963 3535 1019 exprom-

1959 1023 2155 1092 psissct
2185 1027 2452 1098 prodigia,
2503 1041 2737 1100 a-grotos
2788 1048 3008 1101 sanans,
3031 1050 3357 1107 omnemque
3387 1053 3534 1094 mor-

1959 1116 2083 1170 bum
2116 1133 2184 1173 ac
2214 1118 2527 1189 languorem
2554 1122 2853 1192 depellens,
2887 1136 3068 1181 mente
3096 1138 3357 1198 reputans
3387 1129 3533 1185 haud

1954 1221 2075 1264 esse
2102 1211 2397 1266 humanum
2421 1213 2472 1267 id
2501 1229 2670 1285 genus
2710 1216 3094 1272 miraculorum
3122 1259 3136 1280 ,
3174 1219 3390 1275 accedit
3420 1231 3531 1275 tan-

1954 1316 2116 1369 quam
2174 1304 2243 1358 ‘ad
2299 1304 2500 1366 Deum,
2552 1306 2694 1361 haud
2742 1316 2993 1377 spectans
3025 1309 3236 1365 visibile
3282 1313 3531 1381 corporis

1953 1408 2252 1462 organum,
2284 1410 2391 1464 quo
2434 1411 2558 1450 cum
2616 1398 2926 1454 hominibus
2961 1414 3242 1458 sermones
3287 1404 3530 1465 serebat,

1950 1487 2049 1538 sed
2076 1484 2402 1542 invisibilem
2444 1486 2625 1557 potius
2676 1487 2843 1542 Deum
2876 1488 2967 1558 qui
3020 1491 3233 1545 mortali
3265 1490 3318 1546 in
3348 1491 3531 1561 specie

1948 1576 2223 1644 propriam
2256 1578 2510 1632 virtutem
2536 1579 2958 1634 demonstrabat.
2984 1579 3345 1648 Quamobrem
3372 1599 3531 1654 roga-

1952 1668 2044 1722 bat
2073 1678 2130 1724 et
2179 1671 2294 1739 ipse
2341 1681 2400 1724 ut
2446 1684 2615 1740 puero
2665 1686 2765 1726 suo
2815 1670 3054 1726 divinam
3112 1672 3530 1730 beneficentiam

1952 1760 2287 1833 impetraret.
2330 1763 2396 1817 Et
2415 1763 2724 1820 Judzeorttm
2761 1766 2980 1835 quidem
3016 1766 3285 1833 seniores,
3318 1767 3420 1822 levi
3457 1769 3529 1825 de

1947 1870 2110 1910 causa
2143 1857 2465 1913 beneﬁcium
2499 1857 2552 1912 id
2581 1859 2957 1928 postulabant,
3004 1875 3199 1930 nempe
3233 1861 3361 1929 quia
3399 1875 3526 1917 cen-

1947 1947 2412 2018 turioimpensas
2459 1964 2588 2020 erga
2637 1951 2876 2019 ipsorum
2909 1967 3237 2023 synagogam
3268 1951 3521 2017 fecisset;

1947 2039 2206 2095 Dominus
2235 2052 2416 2095 autem
2449 2042 2591 2097 haud
2622 2043 2671 2098 ei
2712 2044 2786 2099 rei
2812 2058 3000 2100 curam
3046 2045 3382 2111 intendebat,
3425 2045 3524 2099 sed

1926 2130 2115 2185 ‘mnlto
2160 2132 2386 2197 majori,
2424 2149 2619 2204 nempe
2659 2146 2720 2190 ut
2760 2138 2919 2191 iidem
2946 2137 3198 2207 potentiae
3240 2151 3352 2191 sua
3380 2139 3521 2204 apud

1945 2232 2167 2278 cunctos
2205 2224 2456 2281 homines
2510 2238 2801 2284 astrueret.
2848 2230 2980 2284 Dum
3014 2230 3161 2284 enim
3209 2229 3516 2286 centurioni

1941 2314 2084 2370 bona
2150 2325 2332 2371 mente
2391 2318 2615 2386 praedito
2661 2318 2900 2383 favebat,
2953 2321 3168 2375 caeteris
3223 2320 3386 2374 simul
3450 2321 3517 2373 ad

1942 2407 2344 2475 suscipiendam
2383 2408 2543 2465 [idem
2575 2410 2682 2465 dux
2719 2411 2903 2465 ﬁebat.
2927 2410 3116 2481 Neque
3141 2427 3273 2469 sane
3298 2413 3518 2485 ignora-

1938 2497 2033 2553 bat
2076 2499 2191 2554 fore
2235 2508 2294 2553 ut
2330 2501 2579 2557 centurio
2624 2516 2904 2558 accessum
2939 2502 3053 2572 ejus
3085 2504 3153 2559 ad
3209 2519 3334 2560 suas
3372 2505 3516 2560 :edes

1941 2588 2349 2657 deprecaretur,
2384 2591 2481 2645 sed
2517 2600 2720 2657 tamen,
2750 2593 2931 2649 sciens
2960 2593 3082 2649 licet
3133 2593 3365 2650 futuram
3396 2595 3517 2665 ejus

1938 2679 2246 2751 religiosam
2269 2680 2732 2752 deprecationem,
2764 2684 3013 2754 ingenua:
3038 2686 3281 2754 petitioni
3301 2690 3512 2752 annuit,

251 2793 403 2862 νήσει
440 2789 534 2844 τοῦ
578 2787 868 2862 ἀνθρώπου
899 2786 960 2840 τὸ
1006 2789 1204 2839 οἰκεῖον
1245 2781 1603 2855 ὲφαρμόζωψ
1638 2784 1705 2853 τῇ
1738 2783 1834 2853 μὲν

1940 2772 2158 2841 utrique
2190 2772 2427 2827 hominis
2453 2782 2581 2828 voto
2615 2788 2769 2829 suam
2799 2779 3225 2834 accommodans
3262 2778 3518 2836 volunta-

250 2880 474 2947 ἀξιώσει
511 2881 610 2954 τὴν
650 2879 983 2949 ἐπαγγελίαν
1023 2879 1116 2933 καί
1145 2878 1243 2950 τὴν
1276 2875 1653 2948 άκολούθησιν,
1687 2877 1755 2946 τῇ
1778 2875 1834 2929 δὲ

1940 2872 2081 2926 tem;
2113 2863 2363 2931 petitioni
2407 2865 2625 2934 quidem
2667 2865 3079 2935 promissionem
3130 2878 3186 2924 et
3219 2871 3515 2940 profectio-

251 2975 580 3047 παραιτήσει
601 2973 716 3046 τὴν,
730 2973 979 3043 δύναμιν,
1014 2971 1091 3035 ὠς
1120 2971 1216 3024 καὶ
1262 2970 1338 3042 μὴ
1390 2968 1834 3041 παραγενόμενος

1940 2969 2091 3023 nem;
2128 2956 2499 3026 deprecationi
2530 2967 2738 3025 autem,
2766 2961 3058 3029 quominus
3085 2961 3188 3017 iret
3210 3001 3226 3024 ,
3258 2966 3513 3033 potentiae

253 3067 504 3127 ἰάσασθαι
524 3085 537 3098 ·
568 3066 708 3121 ὣστε
728 3067 826 3137 οὐχ
861 3066 946 3118 ἵνα
969 3065 1068 3137 τὴν
1085 3061 1278 3118 ἑαυτοῦ
1301 3061 1608 3133 πρόγνωσιν
1630 3061 1834 3116 ἐπιδεί-

1940 3049 2044 3104 vim
2086 3065 2192 3120 qua
2227 3053 2347 3107 sine
2392 3053 2682 3121 presentia
2726 3054 3050 3111 medicinam
3112 3057 3262 3113 fecit.
3323 3058 3512 3130 Neque

251 3159 340 3232 ξῃ.
372 3159 470 3231 τὴν
498 3160 704 3213 ἐκείνου
730 3159 951 3222 δικαίως
983 3156 1050 3211 ἂν
1085 3156 1410 3211 διεκώλυσεν
1446 3156 1646 3228 ἀρετήν
1669 3172 1683 3185 ο
1718 3154 1832 3209 ἀλλ’

1940 3142 2102 3207 enim,
2144 3150 2205 3197 ut
2238 3158 2390 3198 suam
2417 3146 2794 3215 praevisionem
2827 3150 3159 3213 ostenderet,
3190 3150 3333 3206 illius
3363 3163 3512 3209 recte

251 3251 471 3320 ἀτύφως
495 3251 635 3305 κατά
647 3251 738 3305 τὸν
758 3247 1092 3322 ἀνθρώπινον
1112 3248 1330 3321 τρόπον,
1353 3247 1432 3312 ὼς
1460 3247 1523 3320 δὴ
1548 3247 1756 3317 ἀγνοῶν
1772 3248 1834 3301 τὸ

1940 3234 2186 3289 virtutem
2212 3235 2611 3306 impedivisset;
2640 3239 2731 3292 sed
2756 3237 2875 3294 sine
2891 3238 3055 3305 fastu,
3081 3244 3315 3299 lmmano
3335 3260 3506 3307 more.

252 3342 466 3413 μέλλον,
508 3342 811 3403 ἀκολουθεῖ,
851 3343 938 3396 ἴνα
968 3340 1150 3413 χώραν
1183 3341 1283 3412 τῆς
1306 3338 1567 3405 εὐλαϐοὖς
1603 3339 1833 3412 ἀποκρί-

250 3436 388 3503 σεώς
430 3455 490 3491 τε
536 3437 630 3491 καὶ
667 3436 976 3508 προθέσεως
1010 3435 1205 3507 ἐκείνῳ
1245 3433 1556 3499 καταλίποι,
1605 3435 1699 3488 καὶ
1731 3432 1831 3504 τὴν

246 3531 531 3604 πόρρωθεν
562 3530 701 3584 ἴασιν
721 3528 961 3584 αἰτοῦντι
990 3526 1280 3600 παράσχοι.

280 3707 553 3763 ’Τοιαῦτα
591 3708 683 3763 τοῦ
723 3707 901 3781 πράου
938 3708 1190 3779 Σωτῆρος
1225 3707 1302 3771 ὡς
1332 3707 1427 3762 καὶ
1470 3706 1578 3779 πρὸ
1607 3708 1707 3778 τῆς
1736 3722 1828 3760 τε-

248 3800 473 3872 ραστίας
504 3800 787 3871 δυνάμεως
822 3800 893 3853 τά
935 3799 1216 3870 θαυμάσια
1237 3816 1250 3829 ο
1298 3798 1600 3870 θαυμάσιος
1630 3797 1738 3869 γάρ
1769 3798 1827 3851 ἐν

245 3889 455 3953 τούτοις
481 3889 582 3942 οὐκ
607 3888 825 3942 ἔλαττον
850 3888 883 3960 ἢ
918 3889 976 3941 ὲν
999 3888 1079 3959 τῷ
1114 3888 1212 3958 τὴν
1240 3886 1393 3941 νόσον
1422 3885 1697 3951 ἰάσασθαι,
1733 3885 1828 3953 καὶ

245 3980 337 4033 τὸν
361 3979 590 4034 θάνατον
615 3979 942 4049 ἀποστῆσαι.
980 3977 1091 4051 (58)
1123 3977 1256 4032 Μεθ’
1288 3978 1419 4050 ὅσης
1453 3976 1550 4049 μὲν
1581 3974 1826 4041 ἐξουσίας

243 4071 277 4141 ἡ
310 4069 406 4122 τοῦ
437 4068 687 4140 Σωτῆρος
730 4069 1155 4140 προσενήνεκται
1186 4065 1359 4139 φωνὴ,
1389 4064 1593 4136 ὁπόσης
1633 4082 1694 4118 τε
1729 4080 1826 4117 πε·-

244 4159 500 4232 πλήρωτο
541 4159 855 4231 δυνάμεωςί
905 4158 1028 4211 ὅσον
1079 4174 1141 4210 τε
1183 4156 1245 4211 τὸ
1294 4154 1676 4227 φιλάνθρωπον
1728 4154 1825 4207 καὶ

243 4248 535 4321 πρόχειρον
561 4250 643 4313 είς
668 4246 1018 4320 εὐεργεσίαν,
1053 4247 1129 4311 ὡς
1161 4246 1220 4313 ἐξ
1245 4245 1463 4317 ἑτοίμου
1492 4243 1821 4313 ἐπαγγείλα-

245 4340 370 4394 σθαι
393 4340 493 4412 τὴν
514 4338 677 4394 αὐτοῦ
707 4339 1037 4411 παρουσίανί
1069 4333 1194 4392 Οἷον
1219 4337 1277 4390 δὲ
1306 4336 1402 4390 καὶ
1424 4336 1485 4389 τὸ
1512 4334 1699 4407 Θαῦμα
1720 4336 1821 4406 τῆς

1930 3325 2082 3395 quasi
2118 3342 2229 3381 rem
2261 3326 2495 3382 futuram
2527 3329 2808 3397 ignorans,
2847 3333 3184 3399 sequebatur
3220 3337 3506 3389 centurio-

1930 3431 2077 3483 nem,
2104 3427 2162 3471 ut
2192 3416 2369 3474 locum
2395 3419 2495 3488 pia:
2522 3420 2666 3476 illius
2688 3423 3023 3491 responsioni
3058 3437 3122 3479 ac
3149 3425 3505 3495 propositioni

1931 3507 2305 3579 relinqueret,
2351 3520 2406 3565 et
2438 3510 2805 3569 valetudinem
2850 3516 3064 3570 eminus
3097 3518 3261 3572 etiam
3295 3521 3501 3587 petenti

1927 3600 2212 3668 praeberet.

1997 3689 2062 3744 Hi
2092 3701 2222 3747 sunt
2255 3693 2523 3749 mansueti
2556 3692 2886 3760 Servatoris,
2913 3698 3086 3767 magis
3136 3700 3303 3754 etiam
3331 3717 3499 3770 quam

1928 3783 2293 3854 prodigiorum
2324 3787 2587 3855 potentia,
2612 3787 2915 3843 admirandi
2944 3800 3117 3846 actus.
3140 3790 3313 3849 Plane
3340 3794 3393 3848 in
3418 3796 3501 3869 bis

1925 3878 2066 3933 haud
2116 3879 2297 3934 minus
2345 3877 2449 3932 fuit
2492 3878 2792 3943 mirabilis,
2847 3896 3009 3950 quam
3068 3898 3191 3938 cum
3249 3886 3497 3940 morbum

1923 3970 2127 4035 depulit
2176 3978 2516 4040 mortemque
2563 3969 2863 4040 prohibuit.
2913 3971 3127 4039 Quanta
3178 3986 3329 4032 certe
3373 3991 3496 4032 cum

1924 4072 2191 4131 potestate
2217 4062 2525 4117 Senatoris
2553 4077 2658 4118 vox
2687 4064 2908 4133 prodiit,
2936 4076 3251 4138 quantaque
3282 4068 3334 4124 vi
3356 4084 3498 4141 prae-

1924 4151 2069 4206 dita!
2121 4154 2579 4222 quanta-demum
2632 4153 2944 4224 benignitas
2977 4166 3142 4227 atque
3168 4161 3237 4214 ad
3266 4159 3492 4217 benefa-

1925 4242 2176 4297 ciendum
2200 4242 2544 4312 proclivitas,
2592 4259 2714 4299 cum
2741 4260 2801 4299 se
2825 4248 3235 4315 paratissimum
3264 4251 3331 4306 ad
3361 4267 3494 4323 pro-

1922 4335 2269 4391 ﬂciskndum
2323 4336 2645 4391 nuntiavit!
2709 4335 2965 4393 Profecto
3031 4339 3276 4397 beneficii
3331 4343 3493 4415 hujus

242 4432 582 4504 εὐεργεσίας,
608 4432 717 4486 οὐδ’
744 4432 893 4485 ἐστιν
922 4430 1159 4497 ἐπαξίως
1185 4428 1396 4499 νοῆσαι.
1426 4429 1499 4482 Τὸ
1519 4427 1628 4497 γὰρ
1657 4426 1815 4498 μόνον

1940 4424 2393 4479 idmirabilitatem
2419 4441 2582 4481 nemo
2611 4426 2773 4496 digne
2795 4429 3104 4484 aestimabit.
3137 4428 3270 4485 Nam
3303 4433 3490 4489 dicere

242 4522 607 4594 φθέγξασθαι,
641 4524 738 4577 καὶ
769 4523 885 4594 ἃμα
915 4522 1058 4592 λόγῳ
1099 4521 1200 4592 τὴν
1234 4518 1377 4574 ἴασιν
1422 4517 1503 4591 τῷ
1549 4518 1643 4573 τοῦ
1682 4520 1814 4572 ἑκα-

239 4609 534 4682 τοντάρχου
578 4610 726 4663 παιδὶ
760 4611 1061 4682 παρασχεῖν
1081 4647 1096 4673 ,
1147 4609 1242 4662 καὶ
1274 4606 1580 4672 ἀπαλλάξαι
1634 4625 1812 4679 παρα-

237 4702 423 4772 χρῆμα
452 4698 546 4752 τοῦ
594 4702 772 4753 νοσεῖν
802 4700 893 4753 τὸν
919 4698 1073 4770 παρά
1116 4696 1289 4768 βραχὺ
1325 4694 1404 4766 τῷ
1444 4695 1657 4767 θανάτῳ
1684 4713 1815 4750 κατ-

241 4792 529 4864 ισχημένον
552 4833 568 4858 ,
618 4791 735 4856 πῶς
766 4793 829 4846 οὐ
861 4790 993 4845 Θεὸν
1025 4787 1239 4861 ἀληθῶς
1265 4787 1354 4842 διὰ
1396 4786 1598 4860 θνητῆς
1628 4791 1812 4860 φωνῆς

237 4884 607 4955 φθεγξάμενον
635 4885 876 4956 παρίστη
901 4880 1043 4954 (59);
1075 4882 1148 4935 Οὐ
1188 4880 1441 4951 πάρεστι,
1468 4880 1563 4933 καὶ
1577 4879 1653 4944 ὡς
1672 4896 1815 4952 παρ-

236 4976 311 5029 ὼν
367 4980 610 5049 ἐνεργεί-
663 4977 840 5045 λόγων
868 4977 978 5047 γὰρ
1028 4973 1164 5027 Θεοῦ
1211 4973 1307 5025 καὶ
1354 4971 1532 5043 ῐργων
1567 4971 1718 5026 οὐδὲν
1748 4973 1813 5027 τὸ

240 5067 463 5138 μεταξΰ.
495 5070 606 5123 Καὶ
633 5068 695 5122 οὐ
727 5070 885 5141 μέχρι
909 5068 1082 5137 λόγων
1111 5069 1301 5137 γέγονε
1322 5066 1401 5138 τῷ
1426 5065 1810 5135 ἑκατοντάρχῳ

234 5162 265 5212 ό
292 5158 528 5222 ἔπαινος,
549 5160 685 5215 ἀλλά
714 5163 808 5215 καὶ
837 5160 929 5214 τὸν
955 5160 1214 5215 νοσοῦντα
1246 5159 1375 5230 ὑγιῆ
1406 5159 1687 5214 ἀπέδωκεν
1715 5158 1810 5211 ἐπὶ.

105 5297 127 5318 ,
233 5249 332 5321 τῆς
358 5249 624 5315 πίστεως,
653 5254 748 5305 καὶ
779 5252 1029 5324 λαμπρὸν
1067 5252 1215 5323 αὐτῷ
1247 5251 1437 5305 πλέκει
1474 5250 1566 5304 τὸν
1609 5250 1809 5320 στέφα-

304 5404 419 5478 (35)
444 5405 581 5478 god.
603 5405 673 5478 L.
705 5404 744 5461 ί.
774 5407 829 5461 4.
858 5407 923 5478 1).Δ
938 5404 1065 5478 Syr.
1092 5405 1188 5478 lib.
1222 5421 1301 5470 tv,
1331 5405 1390 5460 2.

1920 4517 2316 4583 tantummodo,
2349 4525 2408 4572 et
2431 4533 2537 4573 una
2568 4534 2690 4574 cum
2739 4522 2910 4575 verbo
2956 4522 3246 4578 sanitatem
3294 4535 3488 4581 centn-

1918 4608 2088 4663 rionis
2139 4624 2311 4678 puero
2353 4609 2564 4679 largiri,
2615 4626 2681 4665 ac
2728 4623 2951 4682 repente
2996 4615 3186 4669 morbo
3229 4619 3489 4685 expedire

1913 4716 2037 4756 eum
2063 4702 2155 4771 qui
2190 4702 2242 4755 in
2280 4702 2474 4756 mortis
2525 4702 2714 4756 limine
2750 4705 3092 4769 versabatur,
3128 4706 3315 4775 quidni
3358 4724 3484 4764 vere

1914 4791 2081 4847 Deum
2116 4793 2354 4847 humana
2398 4807 2532 4849 voce
2587 4793 2894 4863 loquentem
2942 4796 3337 4853 demonstrat?
3369 4799 3484 4856 Non

1915 4883 2089 4949 adest,
2132 4892 2190 4938 et
2231 4884 2397 4939 veluti
2446 4899 2685 4953 praesens
2738 4896 3034 4956 operatur:
3067 4904 3189 4942 nam
3217 4890 3360 4946 inter
3390 4892 3483 4947 Dei
3510 4872 3531 5031 Ι

1915 4974 2077 5029 verba
2097 4984 2154 5029 et
2183 4988 2349 5031 onera
2374 4974 2509 5028 nihil
2538 4976 2785 5031 interest.
2819 4977 3006 5031 Neaue
3028 4979 3147 5031 laus
3173 4984 3479 5031 cettlttrinni

1915 4974 2077 5029 verba
2097 4984 2154 5029 et
2183 4988 2349 5042 opera
2374 4974 2509 5028 nihil
2538 4976 2785 5032 interest.
2819 4977 3006 5047 Neque
3028 4979 3147 5035 laus
3173 4984 3481 5038 centurioni
3510 4974 3525 5035 Ι

1911 5065 2111 5119 tributa
2151 5065 2443 5119 verborum
2477 5075 2635 5122 tenus
2665 5067 2787 5131 fuit,
2820 5071 2915 5123 sed
2944 5080 2999 5124 et
3028 5086 3232 5143 agrum
3256 5090 3480 5144 puerum

1911 5158 1980 5213 ob
2016 5157 2163 5214 illius
2191 5159 2348 5214 tidem
2381 5163 2614 5224 sanavit.
2650 5172 2815 5230 atque
2853 5162 2925 5217 ita
2972 5166 3314 5234 splendidum
3342 5186 3473 5241 prse-

1911 5250 2080 5306 mium
2125 5249 2378 5306 contulit.
2435 5251 2582 5306 Dixit
2621 5253 2789 5321 enim,
2839 5270 3083 5326 moxque
3130 5275 3295 5330 opera
3342 5278 3478 5332 pra--

1974 5404 2086 5476 (57)
2136 5403 2271 5477 Exin
2322 5404 2598 5477 aliquanto
2643 5418 2818 5465 tractu
2870 5412 3097 5472 Grzecus
3143 5426 3323 5477 tentus
3358 5432 3475 5477 tan-

304 5474 416 5550 (δϐ)
442 5475 769 5550 vocabulum
791 5474 1192 5550 ἐπειλημμένος
1213 5476 1482 5550 quomodo
1501 5474 1799 5550 explicetur
1906 5474 2182 5550 tummodo
2213 5475 2597 5550 sineSyrjaco.
2650 5482 2657 5491 ’

228 5562 292 5603 ex
314 5545 458 5619 Syro
480 5548 849 5619 Angli_ce,_waa
878 5547 930 5619 in
954 5545 998 5599 it
1015 5545 1147 5619 atate
1173 5548 1234 5619 of
1249 5562 1516 5619 suspense.
1533 5561 1638 5619 non
1664 5545 1800 5599 satis

231 5615 506 5686 intelligo;
554 5615 654 5691 nisi
710 5617 851 5691 forte
884 5617 1055 5686 Syrus
1092 5616 1226 5691 legit
1258 5615 1686 5691 ἀπειλημμένος,
1747 5624 1805 5669 et

230 5691 443 5746 quidem
478 5687 740 5743 translata
779 5686 1233 5751 interpunctioue.

1976 5543 2249 5624 (.2291!-
2286 5543 2417 5611 Ηιξ
2448 5546 2508 5601 L-
2543 5547 2583 5602 ί.
2613 5550 2669 5618 5,
2704 5550 2776 5624 b7;
2819 5551 3041 5624 Syrum,
3068 5558 3120 5613 3,

1982 5613 2095 5690 (εει)
2129 5613 2225 5669 Hic
2249 5629 2468 5690 quoque
2490 5613 2699 5690 septem
2733 5613 3067 5683 fere'versn's
3097 5631 3475 5690 desiderantur

1910 5685 1963 5739 in
1996 5683 2158 5754 Syro,
2191 5688 2270 5740 vel
2307 5695 2456 5740 certe
2489 5683 2760 5746 in'Grtu-o
2791 5696 3089 5752 abundant.
