4000 6398
3648 356 3766 410 σει

481 362 592 418 69.3
1159 359 1426 416 EUSEBII
1467 358 1944 414 C/ESARIENSIS
1983 358 2132 413 OPP.
2173 359 2352 412 PARS
2393 358 2480 412 IV.
2521 390 2588 400 —-
2631 356 3048 413 DOGMATICA.

491 476 748 531 dictionis
807 483 958 532 testis
1009 477 1297 532 subsecuta
1349 488 1475 545 est;
1513 493 1636 530 nam
1695 493 1829 548 puer
1880 479 2058 532 statim

2175 497 2269 530 νον.
2304 475 2437 530 Εἷπε
2469 479 2596 549 γὰρ,
2637 479 2732 530 καὶ
2766 477 2825 528 τὸ
2869 475 3028 544 ἔργον
3063 473 3392 543 ἠκολούθησε
3443 472 3768 543 μαρτυροῦν

489 567 787 624 convaluit.

561 659 714 728 Quod
758 659 803 714 si
851 657 976 728 quis
1021 657 1160 711 hanc
1208 671 1323 710 rem
1379 673 1522 729 aegre
1559 661 1662 714 sibi
1717 659 1787 714 ob
1831 659 2061 731 prodigii

491 749 918 822 magnitudinem
947 747 1298 818 persuadeat,
1361 749 1500 802 haud
1549 760 1732 804 tamen
1764 750 1832 804 de
1879 752 2068 821 praedi-

491 843 678 900 ctione
709 849 856 896 recte
889 838 1182 905 dubitabit,
1229 855 1296 894 ex
1339 857 1442 912 qna
1488 842 1792 897 evidentior
1826 843 1948 897 facti
1973 843 2067 896 dc-

493 931 817 988 tnonstralio
849 930 1160 992 cenlicitur,
1187 931 1230 983 si
1265 930 1390 998 quis
1423 941 1658 1000 reputet,
1687 931 1906 985 unicum
1954 931 2065 984 lio-

490 1041 712 1082 manum
739 1025 1022 1081 hominem
1065 1023 1230 1078 fuisse
1265 1023 1358 1092 qui
1391 1025 1457 1076 ad
1495 1021 1847 1078 Servatorem
1879 1039 2066 1078 acces-

488 1120 581 1187 sit,
624 1120 828 1189 quique
877 1118 1138 1186 majorem
1173 1117 1339 1174 etiam
1400 1120 1682 1189 magisque
1719 1119 2061 1184 benevolam,

489 1226 652 1281 quam
696 1207 922 1266 Iudaica
973 1207 1336 1272 natio,'fecit
1371 1209 1580 1264 Christi
1629 1208 2062 1276 confessionem;

489 1312 680 1358 noster
729 1317 862 1356 vero
903 1299 1173 1356 Servatur
1225 1299 1428 1356 multos
1481 1315 1580 1372 pro
1637 1316 1764 1363 uno,
1821 1317 1975 1366 atque
2003 1318 2066 1354 ac

489 1393 653 1458 hunc,
709 1393 775 1446 ad
825 1407 888 1447 se
937 1405 1258 1446 accessuros
1302 1389 1536 1445 aﬂirmat
1589 1407 1656 1446 ex
1709 1392 2066 1448 orientalibus

489 1484 824 1556 regionibus.
851 1485 1090 1554 itemque
1114 1497 1182 1538 ex
1207 1483 1655 1548 occidentalibus,
1681 1485 1772 1554 qui
1799 1485 1870 1538 ob
1906 1500 2062 1538 suam

485 1577 686 1632 Christi
709 1577 1072 1648 cognitionem
1097 1582 1150 1629 et
1175 1573 1596 1641 confessionem,
1626 1577 1768 1630 haud
1799 1577 2064 1630 minorem

487 1685 517 1722 a
567 1670 680 1723 Deo
731 1675 1136 1738 consequentur
1169 1667 1432 1722 honorem
1481 1683 1644 1736 quam
1709 1667 2062 1722 Hebraeorum

487 1769 764 1830 parentes.
795 1759 1038 1829 Namque
1055 1769 1111 1814 et
1135 1759 1330 1813 borum
1361 1759 1698 1829 patriarcha,
1727 1759 1944 1814 celeber
1975 1759 2066 1814 ille

490 1941 870 2004 commutavit,
897 1953 927 1992 a
956 1937 1302 2009 polytheismi
1337 1953 1528 1994 errore
1559 1941 1840 2006 recedens,
1870 1957 2068 1994 unum-

491 2045 600 2104 que
659 2030 1023 2087 universalem
1075 2031 1245 2084 Deum
1289 2031 1403 2100 ipse
1455 2031 1696 2098 agnovit.
1734 2031 1873 2098 Quin
1901 2031 2065 2086 etiam

503 2125 620 2196 ejus
649 2123 778 2180 ﬁliis
803 2124 990 2180 lsaaco
1021 2134 1184 2192 atque
1230 2121 1432 2178 Iacobo
1467 2122 1674 2178 similes
1721 2123 1869 2178 fores
1903 2124 2066 2178 innu-

499 2230 682 2271 meros
707 2229 804 2286 per
821 2218 1126 2270 universum
1152 2214 1362 2278 orbem,
1398 2215 1702 2282 praesertim
1732 2230 1858 2270 vero
1883 2214 2068 2272 orien-

501 2307 572 2364 tis
603 2317 660 2362 et
685 2307 898 2364 occidui
933 2307 1066 2362 solis
1092 2308 1344 2376 pepulos.
1379 2306 1651 2376 pratdixit.
1684 2305 1926 2376 Denique
1954 2323 2066 2362 mo-

492 2398 661 2453 menti
731 2397 957 2452 maximi
1027 2398 1346 2466 superaddit
1426 2397 1512 2452 his
1600 2399 2091 2478 praedictionem,

491 2504 685 2560 nempe
707 2491 850 2559 quod
887 2487 1059 2544 Jndrei
1102 2490 1227 2559 ipsi,
1255 2488 1364 2544 Deo
1389 2490 1679 2545 cbarorum
1719 2489 1928 2544 illorum
1970 2505 2070 2560 po-

490 2583 642 2642 steri.
686 2582 778 2652 qui
825 2580 1198 2636 Abrahamum
1244 2581 1544 2649 iactabant,
1594 2581 1840 2636 Isaacum
1896 2591 2062 2652 atque

489 2673 778 2738 Jacobum,
810 2683 1034 2741 propter
1060 2687 1214 2726 suam
1252 2672 1517 2728 adversus
1558 2672 1726 2727 Deum
1756 2673 2066 2727 vecordiam

489 2777 544 2816 et
573 2762 1034 2824 incredulitatem,
1084 2777 1183 2816 ceu
1238 2762 1483 2818 scientiae
1531 2761 1740 2817 lumine
1769 2763 1977 2828 orbati,
2013 2767 2066 2818 in

493 2856 750 2910 tenebras
779 2854 1085 2908 exteriores
1113 2851 1418 2921 expellendi
1446 2861 1631 2909 essent
1659 2871 1674 2906 :
1707 2853 1788 2908 sic
1809 2852 2066 2908 nimirum

491 2945 822 3013 imperitiam
857 2943 1098 3008 illorum,
1125 2957 1504 3010 summamque
1553 2941 1857 3008 inscitiam,
1887 2952 1943 2998 et
1975 2957 2068 2998 sa-

491 3037 690 3094 lutaris
721 3036 944 3090 iutninis
983 3035 1272 3091 orbitatem
1321 3036 1644 3105 praedicens.
1691 3034 1830 3090 Hinc
1883 3051 2066 3092 rerum

493 3138 709 3200 oportet
739 3129 946 3183 exitum
999 3129 1461 3192 animadvertere,
1510 3138 1679 3198 atque
1728 3130 1864 3184 adeo
1893 3129 2068 3183 oculis

494 3219 875 3292 contemplari,
927 3219 1200 3288 quomodo
1228 3217 1420 3283 Judaei,
1449 3219 1543 3288 qui
1571 3221 1838 3276 dictorum
1893 3219 2072 3275 homi-

493 3332 623 3370 num
674 3317 786 3371 Deo
815 3317 1105 3372 charorum
1155 3329 1326 3386 genus
1380 3329 1501 3369 esse
1544 3313 1867 3384 gloriantur,
1913 3313 2068 3382 ejeCti

491 3405 698 3463 fuerint
731 3424 837 3464 non
869 3423 1036 3479 regno
1081 3407 1174 3463 Dei
1225 3407 1622 3473 tantummodo,
1672 3423 1866 3462 verum
1901 3407 2068 3460 etiam

490 3518 648 3556 Sacra
677 3503 914 3573 ipsorum
952 3497 1226 3571 regalique
1258 3497 1576 3567 metropoli:
1607 3499 1858 3568 exemplo
1887 3509 2068 3552 autem

491 3594 672 3659 unius,
701 3593 792 3662 qui
833 3591 960 3648 olim
996 3593 1061 3645 ad
1099 3589 1446 3645 Servaturetn
1500 3591 1758 3656 accessit,
1792 3589 2070 3646 centurio-

489 3687 599 3748 nis,
629 3683 1047 3738 innumerabilis
1079 3684 1358 3738 hominum
1397 3683 1696 3737 multitudo
1720 3697 1786 3738 ex
1835 3683 2070 3738 nationi-

491 3778 597 3834 bus
635 3779 870 3841 cunctis,
919 3792 1070 3846 aeque
1119 3793 1183 3832 ac
1229 3779 1338 3844 ille,
1391 3777 1610 3833 Christo
1670 3775 1927 3846 adjuncta
1975 3774 2068 3838 sit,

491 3889 616 3942 qua:
643 3873 712 3926 ab
736 3888 800 3924 eo
825 3875 1038 3937 educta,
1073 3872 1324 3926 eumdem
1359 3885 1520 3939 quem
1565 3869 1756 3940 inclyti
1806 3867 1882 3922 illi
1929 3867 2069 3936 apud

491 3961 750 4018 Hebraeos
786 3964 910 4024 viri,
943 3963 1112 4018 Deum
1137 3978 1452 4033 agnoscere,
1491 3979 1676 4031 parem
1706 3961 1817 4016 illis
1847 3961 1916 4016 ab
1951 3959 2072 4014 uni-

488 4054 694 4110 versali
723 4070 848 4123 rege
881 4057 992 4110 Deo
1021 4058 1328 4113 mercedem
1368 4058 1610 4125 recipere
1633 4055 1792 4125 digna
1826 4053 1946 4108 fuit.

2168 575 2230 642 τῇ
2265 572 2600 643 προρρήσει·
2635 569 2728 623 καὶ
2768 567 2892 638 ίάθη
2923 570 2952 620 6
2986 569 3115 628 παῖς
3148 567 3362 620 αὐτίκα.

2249 663 2388 716 Ἀλλ’
2413 665 2461 714 εἰ
2491 662 2626 734 πρὸς
2652 660 2809 714 τοῦτό
2831 678 2916 724 τις
2941 659 3250 721 δυσπίστως
3279 657 3390 729 ἔχει
3421 658 3510 712 διὰ
3533 659 3632 730 τὴν
3655 657 3764 712 τοῦ

2169 753 2446 823 θαύματος
2509 751 2844 825 ὑπερϐολὴν,
2913 750 3027 804 ἀλλ’
3095 749 3196 802 ούκ
3251 750 3344 802 ἐπὶ
3395 752 3764 821 προρρήσεως

2171 845 2465 914 σκήπτοιτο
2495 843 2561 898 ἂν
2593 843 2864 911 εὐλόγως,
2893 843 2978 911 ἐφ’
3073 840 3273 912 μείζων
3305 841 3337 892 6
3369 839 3468 910 τῆς
3499 839 3764 912 πράξεως

2169 935 2385 1005 ἔλεγχος
2417 935 2888 1005 ἀποδειχθήσεται,
2921 935 2974 988 εί
2997 951 3082 997 τις
3121 937 3178 988 ὲν
3211 931 3286 1003 νῷ
3313 931 3490 996 λάϐοι,
3524 934 3600 996 ὡς
3629 933 3760 986 τότε

2171 1026 2268 1094 μὲν
2293 1021 2375 1088 εἷς
2417 1025 2686 1095 Ῥωμαῖος
2711 1021 2779 1094 ἦν
2807 1027 2837 1078 6
2860 1023 2940 1094 τῷ
2971 1025 3188 1095 Σωτῆρι
3220 1022 3636 1096 προσεληλυθὼς
3663 1041 3760 1093 χι-

2167 1115 2406 1188 λίαρχος,
2435 1117 2463 1168 6
2487 1115 2553 1187 δὴ
2577 1114 2800 1186 μείζονα
2827 1115 2920 1168 καὶ
2953 1113 3464 1186 εὐγνωμονεστέραν
3491 1113 3587 1168 τοῦ
3623 1117 3763 1167 ’1ου-

2165 1207 2330 1261 δαίων
2368 1207 2554 1272 ἔθνους
2585 1207 2957 1279 ἐνδειξάμενος
2989 1207 3088 1276 τὴν
3119 1207 3201 1270 εἰς
3233 1206 3394 1260 αὑτὸν
3421 1206 3714 1278 ὁμολογίαν
3739 1223 3758 1236 ο

2166 1301 2194 1352 ό
2223 1299 2267 1352 δ’
2297 1299 2566 1372 ἡμέτερος
2599 1299 2788 1371 Σωτὴρ
2817 1299 3045 1362 πολλοὺς
3069 1298 3184 1353 ἀνθ’
3221 1299 3339 1362 ἑνὸς
3381 1298 3596 1352 ἔσεσθαι
3623 1300 3762 1362 τοὺς

2167 1393 2288 1446 κατ’
2333 1395 2538 1446 ἐκεῖνον
2580 1393 2870 1464 μέλλοντας
2919 1391 3069 1462 αὐτῷ
3119 1390 3402 1462 προσιέναι
3437 1393 3502 1444 ὲκ
3543 1391 3653 1446 τῶν
3693 1409 3758 1444 τε

2167 1481 2302 1553 πρὸς
2339 1481 2412 1534 ἒω
2447 1481 2538 1534 καὶ
2589 1480 2856 1554 ἀνατολὴν
2903 1481 3204 1552 κλιμάτων,
3233 1480 3342 1534 τῶν
3373 1497 3434 1534 τε
3468 1481 3608 1536 κατά
3630 1482 3786 1536 δυόο.

2170 1591 2330 1643 μενον
2368 1574 2518 1645 ἥλιον
2560 1573 2852 1628 οἰκούντων
2895 1572 3174 1638 θεσπίζει,
3227 1573 3352 1636 τοὺς
3388 1572 3478 1628 διὰ
3517 1576 3618 1646 τῆς
3671 1577 3760 1636 είς

2167 1665 2328 1718 αὑτὸν
2363 1663 2711 1734 ἐπιγνώσεως
2744 1681 2802 1716 τε
2843 1663 2942 1716 καὶ
2981 1663 3272 1732 ὁμολογίας
3310 1663 3414 1734 τῆς
3448 1663 3567 1735 ἴσης
3599 1664 3762 1734 παρὰ

2167 1753 2285 1824 Θεῷ
2316 1754 2482 1825 τιμῆς
2510 1757 2622 1816 τοῖς
2661 1752 2924 1820 Ἐϐραίων
2959 1754 3302 1826 προπάτορσι
3341 1753 3760 1826 καταξιωθησο-

396 1883 398 1885 ›
487 1846 854 1910 Abrahamus,
875 1863 944 1902 ex
973 1846 1292 1916 irreligiosis
1330 1848 1645 1916 parentibus
1688 1859 1864 1916 ortus,
1895 1848 2062 1903 vitam

2175 1846 2394 1918 μένους’
2431 1847 2513 1900 ὅτι
2559 1846 2624 1918 δὴ
2667 1846 2933 1900 κάκείνων
2969 1849 2998 1900 6
3041 1847 3372 1919 προπάτωρ,
3405 1847 3564 1912 αὐτὸς
3607 1847 3673 1918 δὴ
3727 1850 3760 1902 6

2171 1936 2443 2008 βοώμενος
2489 1937 2748 2010 Ἀϐραάμ”
2771 1942 2836 1992 ὲκ
2867 1939 3115 2011 πατέρων
3133 1940 3462 2013 ’ὁρμώμενος
3494 1941 3760 1996 δεισιδαι-

2173 2031 2347 2100 μόνων
2381 2029 2736 2101 μετεϐάλλετο
2763 2033 2856 2085 τὸν
2892 2032 3024 2102 βίον,
3055 2033 3156 2103 τῆς
3189 2033 3287 2104 μὲν
3323 2034 3582 2088 πολυθέου
3613 2033 3764 2090 πλάν-

2169 2140 2266 2193 νης
2293 2123 2672 2194 ἀναχωρήσας,
2715 2123 2810 2176 ἕνα
2834 2124 2892 2177 δὲ
2925 2124 3014 2178 τὸν
3063 2125 3157 2177 ἐπὶ
3207 2125 3424 2179 πάντων
3457 2126 3586 2180 Θεὸν
3623 2129 3760 2182 ἐπι-

2169 2214 2328 2280 γνοὺς
2365 2213 2444 2266 όδί
2467 2229 2480 2242 ⁸
2521 2215 2615 2266 καὶ¹
2647 2217 2759 2276 τοῖς
2791 2214 2953 2268 αὑτοῦ
2997 2218 3155 2270 παισὶ
3188 2216 3265 2286 τῷ
3312 2216 3494 2270 Ἰσαάκ
3533 2219 3630 2271 καὶ
3671 2219 3766 2292 τῷ

2182 2303 2375 2358 Ἰακὼϐ
2412 2304 2629 2374 ὁμοίους
2679 2305 2896 2360 ἔσεσθαι
2935 2308 3160 2378 μυρίους
3201 2307 3321 2362 καθ’
3363 2309 3491 2379 ὅλης
3536 2309 3637 2378 τῆς
3665 2310 3760 2362 oi-

2169 2413 2266 2448 κου
2275 2396 2463 2467 μένης,
2499 2398 2592 2450 καὶ
2623 2397 2832 2458 τούτων
2859 2397 3092 2468 μάλιστα
3114 2398 3182 2451 τά
3211 2399 3348 2470 πρὸς
3373 2398 3448 2451 ἕω
3475 2399 3623 2470 ἔθνη,
3655 2401 3768 2456 καὶ

2167 2486 2294 2549 τοὺς
2351 2485 2492 2540 κατά
2535 2486 2792 2558 δυόμενον
2833 2488 2982 2557 ἥλιον
3027 2487 3310 2552 οικοῦντας
3355 2489 3762 2560 προαγορεύει·

2171 2578 2494 2650 προστίθησί
2538 2595 2593 2631 τε
2627 2578 2838 2641 τούτοις
2869 2580 2931 2632 τὸ
2963 2579 3217 2652 μέγιστον
3247 2581 3346 2651 τῆς
3375 2584 3762 2653 προρρήσεως

2170 2671 2326 2723 αὐτοὶ
2363 2669 2602 2724 Ἰουδαῖοι
2629 2669 2740 2724 τῶν
2777 2671 3042 2742 θεοφιλῶν
3083 2673 3308 2727 ἐκείνων
3344 2674 3597 2742 ἀπόγονοι
3617 2714 3632 2735 ,
3661 2677 3766 2727 τὸν

2183 2761 2434 2833 Ἀϐραὰμ
2467 2761 2762 2832 αὐχοῦντες
2799 2763 2893 2817 καὶ
2918 2763 3010 2817 τὸν
3053 2763 3237 2817 Ἰσαὰκ
3269 2765 3363 2817 καὶ
3399 2763 3490 2818 τὸν
3533 2766 3762 2828 Ἰακὼϐ,

2169 2852 2256 2906 διά
2297 2853 2395 2924 τὴν
2441 2853 2522 2918 είς
2560 2853 2722 2908 αὐτὸν
2755 2855 2978 2923 ἀλογίαν
3025 2873 3084 2908 τε
3121 2857 3215 2910 καὶ
3245 2858 3525 2922 ἀπιστίαν,
3563 2858 3642 2922 ὡς
3685 2861 3764 2912 ἂν

2170 2945 2263 2998 τοῦ
2305 2947 2402 3017 τῆς
2436 2947 2691 3013 γνώσεως
2725 2948 2906 3018 φωτὸς
2947 2949 3404 3021 ἀπεστερημένοι,
3457 2949 3768 3022 ἀπόϐλητοι

2170 3039 2488 3110 γενήσονται
2519 3043 2598 3104 εἰς
2633 3040 2700 3093 τὸ
2741 3041 2930 3105 σκότος
2973 3041 3035 3096 τὸ
3079 3041 3364 3114 ἐξώτερον,
3399 3042 3498 3116 τὴν
3529 3045 3764 3114 ἄγνοιαν

2171 3131 2350 3186 αὐτῶν
2397 3133 2490 3186 καὶ
2519 3133 2619 3202 τὴν
2667 3133 2902 3204 ἐσχάτην
2935 3133 3205 3206 ἀμαθίαν,
3239 3134 3335 3188 τοῦ
3383 3153 3443 3190 τε
3487 3139 3766 3209 σωτηρίου

2174 3225 2350 3294 φωτὸς
2380 3223 2476 3296 τὴν
2513 3225 2769 3298 στέρησιν
2800 3218 2901 3279 ὧδέ
2942 3243 3017 3300 πη
3060 3232 3542 3300 προαναφωνήσας.
3587 3231 3768 3284 Ἔνθα

2171 3317 2235 3388 δὴ
2265 3317 2553 3387 ἐπιστῆσαι
2589 3321 2701 3381 τοῖς
2731 3317 3136 3389 ἀποτελέσμασι
3183 3321 3448 3392 προσήκει
3481 3321 3572 3375 τὸν
3606 3321 3766 3385 νοῦν,

2171 3409 2470 3478 ὀφθαλμοῖς
2497 3426 2556 3461 τε
2586 3411 2770 3474 αὐτοῖς
2800 3409 3154 3480 παραλαϐεῖν,
3181 3412 3257 3474 ὡς
3289 3412 3528 3466 Ἰουδαῖοι
3559 3415 3684 3484 μὲν,
3706 3419 3768 3470 οξ

2169 3497 2277 3551 τῶν
2309 3499 2614 3570 εἰρημένων
2649 3499 2910 3568 θεοφιλῶν
2945 3501 3154 3572 ἀνδρῶν
3191 3502 3347 3570 γένος
3379 3498 3519 3557 εἶναι
3556 3521 3768 3575 σεμνυ-

2171 3575 2408 3661 νόμενοι,
2445 3591 2697 3662 ἕκϐλητοι
2729 3593 3012 3661 γεγόνασιν
3056 3595 3117 3646 ού
3151 3594 3249 3665 τῆς
3287 3593 3381 3648 τοῦ
3421 3594 3556 3648 Θεοῦ
3601 3596 3770 3666 βασι-

2173 3682 2322 3746 λείας
2357 3685 2538 3754 μόνον,
2570 3684 2703 3738 ἀλλά
2731 3686 2825 3738 καὶ
2844 3686 2941 3755 τῆς
2969 3685 3148 3738 αὐτῶν
3177 3687 3326 3757 ἱερᾶς
3354 3687 3447 3739 καὶ
3474 3685 3772 3760 βασιλικῆς

2177 3777 2578 3848 μητροπόλεως·
2603 3778 2694 3830 ἐπὶ
2715 3778 2772 3830 δὲ
2804 3777 2919 3842 ἐνὸς
2942 3777 3036 3830 τοῦ
3065 3778 3232 3831 πάλαι
3255 3779 3333 3849 τῷ
3353 3779 3565 3850 Σωτῆρι
3587 3797 3772 3852 προσ-

2174 3866 2491 3938 εληλυθότος
2556 3867 2834 3938 χιλιάρχου
2881 3869 3084 3936 dicato;
3136 3870 3344 3940 ἀνδρῶν
3399 3859 3632 3942 ἀριθμὸς
3701 3872 3773 3938 ἐξ

2177 3961 2430 4012 ἁπάντων
2464 3958 2571 4010 τῶν
2601 3957 2769 4010 ἐθνῶν
2795 3959 2998 4028 ὁμοίως
3027 3960 3221 4032 ἐκείνῳ
3245 3961 3321 4032 τῷ
3345 3961 3563 4033 Χριστῷ
3589 3979 3768 4036 προσ-

2175 4051 2382 4114 ιόντων,
2425 4052 2518 4104 καὶ
2539 4051 2630 4104 διὰ.
2653 4049 2752 4120 τῆς
2774 4051 2936 4104 αὐτοῦ
2967 4051 3311 4116 διδασκαλίας
3351 4054 3441 4106 τὸν
3473 4055 3580 4108 τῶν
3625 4057 3766 4126 παρ’

500 4147 774 4220 Ἑϐραίοις
813 4147 1139 4220 magisan
1177 4148 1386 4222 ἀνδρῶν
1417 4147 1742 4216 ὲπιγνὸντων
1771 4145 1926 4212 Θεὸν,
1961 4142 2062 4214 τῆς
2101 4141 2222 4214 ἴσης
2259 4144 2439 4206 αὐτοῖς
2509 4142 2735 4206 ἐκείνοις
2807 4143 3062 4214 ἠξίωνται
3114 4145 3265 4217 παρά
3307 4146 3384 4216 τῷ
3429 4148 3768 4218 παμϐασιλεῑ

490 4245 611 4318 Θεῷ
642 4243 902 4316 ἀμοιϐῆς.

1252 4339 1317 4396 ν.
1931 4339 1968 4378 δ

563 4430 781 4485 Mandat
794 4431 952 4486 Petro
973 4431 1230 4486 Dominus
1241 4441 1299 4485 ut
1312 4431 1630 4500 ad‘prazdam
1649 4429 1784 4484 retia
1799 4429 2066 4493 demittat;

489 4523 1038 4594 quiquidemjussum
1059 4523 1392 4592 exsequitur.
1427 4522 1562 4576 Cum
1594 4533 1772 4576 autem
1817 4536 2068 4591 magnam

489 4613 720 4683 piscium
744 4611 1144 4666 multitudinem
1163 4611 1579 4676 conclusissem,
1599 4621 1654 4666 et
1670 4609 1800 4665 retia
1835 4609 2070 4678 pondere

491 4713 718 4772 gravata
733 4703 1198 4773 dirumperentur,
1211 4716 1367 4772 Opem
1386 4713 1578 4771 petunt
1594 4717 1622 4755 a
1637 4703 1812 4756 vicina
1843 4700 2068 4754 navicu-

491 4795 539 4847 la
562 4811 578 4858 ;
603 4803 764 4862 atque
779 4793 850 4847 ita
867 4792 1126 4848 extractis
1139 4789 1376 4861 piscibus
1395 4801 1677 4862 utramque
1705 4790 1959 4860 scapham
1977 4805 2072 4844 re-

491 4887 795 4953 pleverunt,
810 4884 864 4939 in
881 4893 1093 4938 tantum
1108 4893 1164 4937 nt
1179 4885 1347 4955 mergi
1377 4883 1832 4952 periclitarentur.
1864 4881 2069 4950 Quant-

493 4979 682 5029 obretn
725 4975 1082 5031 admiratione
1117 4974 1312 5031 Petrus
1361 4975 1669 5045 perculsus,
1701 4975 1978 5046 indignant
2007 4991 2066 5030 se

493 5067 924 5122 conlitebaturut
939 5066 1198 5123 Servatur
1214 5067 1280 5121 ad
1299 5083 1360 5122 se
1384 5070 1613 5122 veniret.
1638 5066 1732 5122 Ille
1747 5075 1952 5131 autem,
1975 5067 2064 5135 qui

493 5171 750 5228 tanquam
789 5157 955 5215 futuri
985 5161 1246 5232 temporis
1270 5161 1561 5231 imaginem
1590 5161 1690 5230 ipsi
1729 5161 2068 5224 ostemlerat,

493 5249 996 5317 interpretationem
1019 5265 1232 5323 quoque
1259 5251 1410 5315 facit,
1449 5252 1665 5320 aitque:
1696 5251 1822 5306 Noli
1849 5253 2068 5314 timere;

495 5337 684 5392 abhinc
712 5340 846 5394 enim
879 5341 981 5394 eris
1007 5341 1238 5394 homines
1261 5341 1329 5394 ad
1370 5341 1532 5395 vitam
1568 5341 1799 5410 capiens.
1845 5341 2070 5395 (iunctis

493 5423 626 5486 vero
649 5431 810 5486 simul
835 5448 848 5484 :
891 5429 1070 5485 Venite
1095 5443 1208 5501 post
1241 5449 1352 5498 me,
1375 5432 1672 5504 faciamque
1699 5449 1786 5488 vos
1831 5433 2064 5502 piscato-

498 5539 579 5576 res
607 5524 898 5578 hominum.
929 5523 1190 5580 Galilaeos
1236 5525 1506 5594 homines,
1556 5527 1690 5583 viles
1743 5527 2069 5590 rusticanos,

501 5616 636 5670 nihil
669 5628 872 5684 printer
897 5615 1158 5686 Syrorum
1185 5616 1779 5690 dialectumscientes,
1813 5629 1932 5674 arte
1963 5619 2065 5673 bu-

572 5729 683 5802 (ίο)
718 5729 853 5802 ραι.
883 5731 952 5796 Α,
991 5731 1026 5783 l.
1056 5731 1146 5787 83.
1179 5731 1302 5802 Syr.
1339 5733 1428 5788 lib.
1455 5750 1527 5794 tv,
1551 5735 1604 5787 6.

575 5801 688 5872 (at)
723 5799 990 5858 Hactenus
1019 5799 1380 5872 fragmentum
1413 5806 1677 5863 recitatur
1703 5806 1888 5866 Graec
1909 5807 2072 5865 etiam

2103 4335 2151 4394 ι)

2927 4327 3000 4380 Ε¹.

2247 4423 2360 4494 (⁷40)
2386 4419 2826 4492 Παρακελεύεται
2858 4420 2958 4492 μὲν
2982 4420 3060 4490 τῷ
3091 4421 3281 4492 Πέτρῳ
3311 4423 3340 4474 6
3371 4420 3573 4492 Κύριος
3599 4422 3766 4492 χαλά-

2179 4533 2270 4569 σαι
2309 4515 2389 4577 είς
2419 4513 2596 4585 ἄγραν
2625 4511 2694 4566 τὰ
2737 4511 2963 4566 δίκτυα·
3001 4515 3029 4565 ὁ
3074 4513 3130 4565 δὲ
3178 4512 3238 4566 τὸ
3286 4514 3764 4584 προστεταγμένον

2177 4607 2373 4661 ἐποίει.
2421 4607 2507 4669 Ὠς
2535 4605 2592 4658 δὲ
2627 4603 2980 4668 συνέκλεισαν
3013 4604 3214 4675 πλῆθος
3252 4604 3449 4674 ἰχθύων
3475 4604 3634 4670 πολὺ,
3667 4607 3764 4661 καὶ

2175 4701 2532 4773 διερρήγνυτο
2557 4697 2625 4750 τά
2651 4697 2844 4752 δίκτυα
2881 4696 2960 4767 τῷ
3007 4697 3197 4767 πλήθει
3229 4697 3560 4768 βαρούμενα,
3593 4714 3736 4768 προσ

2179 4793 2470 4848 καλοῦνται
2521 4792 2619 4862 μὲν
2667 4793 2747 4856 εἰς
2803 4789 3051 4862 βοήθειαν
3093 4792 3218 4854 τοὺς
3255 4791 3312 4843 ὲν
3351 4789 3428 4860 τῷ
3460 4791 3760 4858 γειτνιῶντα

2177 4885 2382 4955 πλοίῳο
2439 4879 2536 4937 εἶτ’
2591 4882 2988 4946 ἀνελκύσαντες
3035 4881 3163 4946 τοὺς
3227 4882 3434 4954 ἰχθύας,
3461 4885 3758 4956 πληροῦσα

2177 4977 2344 5047 ἄμφω
2380 4975 2450 5030 τὰ
2491 4976 2709 5046 σκάφη,
2741 4975 2818 5037 ὡς
2855 4973 3182 5028 κινδυνεύειν
3221 4975 3360 5030 αύτά
3405 4976 3758 5046 βυθισθῆναι·

2177 5071 2260 5138 ἐφ’
2294 5063 2375 5131 οἷς
2399 5070 2428 5120 6
2455 5068 2658 5138 Πέτρος
2689 5065 3088 5135 ἁποθαυμάσας
3115 5066 3413 5139 ἐξεπλάγη,
3447 5067 3668 5134 ἀνάξιόν
3701 5084 3756 5120 τε

2171 5161 2362 5214 ἑαυτὸν
2399 5161 2500 5232 τῆς
2525 5160 2800 5232 σωτηρίου
2825 5158 3132 5222 ἐπιϐάσεως
3159 5159 3427 5230 ὡμολόγει
3455 5159 3594 5228 (41).
3631 5159 3694 5214 Ὀ
3717 5160 3746 5212 δ

2171 5254 2359 5324 ὥσπερ
2409 5251 2683 5318 ἐπιδείξας
2743 5248 2894 5320 αὐτῷ
2939 5249 3036 5320 τὴν
3087 5249 3184 5302 τοῦ
3241 5250 3524 5320 μέλλοντος
3551 5251 3742 5305 εἰκόνα

2171 5341 2425 5410 διασαφεῖ
2451 5341 2548 5413 τὴν
2580 5340 2910 5414 ἑρμηνείαν,
2942 5339 3036 5392 καί
3066 5357 3200 5411 φησι
3241 5340 3378 5410 πρὸς
3414 5341 3576 5396 αὐτόν
3601 5358 3614 5372 ’
3661 5341 3756 5400 Μή
3839 5417 3842 5419 _

2179 5433 2366 5502 φοϐοῦ
2386 5451 2400 5462 ο
2423 5435 2540 5488 ἀπὸ
2565 5435 2669 5499 τοῦ
2697 5435 2816 5488 νῦν
2835 5435 3184 5503 ἀνθρώπους
3205 5435 3321 5504 ἔσῃ
3337 5429 3566 5504 ζωγρῶν
3583 5451 3598 5464 ο
3622 5437 3762 5507 πρὸς

2179 5525 2237 5578 δὲ
2280 5527 2483 5590 πάντας
2508 5545 2522 5559 ·
2561 5525 2743 5581 Δεῦτε
2787 5525 2980 5580 ὀπίσω
3015 5543 3158 5595 μου,
3196 5526 3291 5579 καὶ
3330 5525 3562 5592 ποιήσω
3605 5525 3762 5594 ὑμᾶς

2182 5619 2371 5687 ἁλιεῖς
2424 5619 2768 5688 ἀνθρώπων.
2831 5617 3146 5680 Γαλιλαίους
3214 5617 3446 5688 ἄνδρας,
3499 5617 3762 5684 εὐτελεῖς,

2185 5755 2215 5789 .1
2245 5737 2312 5791 cl.
2346 5738 2452 5792 Leo
2487 5753 2541 5805 ι).
2578 5737 2706 5798 ﬁlii,
2750 5752 2814 5790 ex
2857 5739 2977 5790 cod.
3025 5737 3260 5791 Vindob.
3291 5735 3394 5790 Sed
3437 5737 3606 5791 multo
3637 5737 3762 5788 Inn-

2188 5811 2309 5877 gius
2335 5811 2684 5878 prosequitur
2717 5808 2769 5862 in
2801 5808 2989 5863 codice
3019 5817 3207 5864 nostro
3247 5806 3417 5864 Vatic.
3445 5812 3510 5862 Δ.
3545 5811 3580 5860 ι’.
3623 5807 3716 5862 83.
