4000 6398
277 341 382 396 6:15

279 565 423 611 νους,
461 546 598 601 ἀλλά
630 547 726 599 καὶ
764 546 824 599 τὸ
862 545 1195 617 ἐπιτήδευμα
1233 541 1488 596 ταπεινὸν
1520 543 1618 612 τῆς
1661 539 1865 600 ἁλιείας

284 637 752 708 μετερχομένους,
800 637 1024 700 εἰακότως
1071 637 1099 688 ό
1145 636 1340 706 Σωτὴρ
1387 632 1549 706 ήμῶν
1601 629 1866 703 θηρευτὰς

279 727 378 781 ἀνθ
390 726 587 799 ρώπων
618 728 712 780 καὶ
745 729 990 798 κήρυκας
1018 727 1117 797 τῆς
1147 724 1313 779 αὑτοῦ
1335 722 1682 786 διδασκαλίας
1709 720 1865 790 ποιή-

282 837 396 873 σειν
439 818 826 890 ἐπηγγέλλετο,
859 820 952 872 καὶ
978 819 1277 887 πεποίηκεν
1301 818 1362 870 οὐ
1393 815 1734 886 ψευσάμενος
1770 811 1867 883 τὴν

283 911 598 983 ὑπόσχεσιν,
630 909 902 981 παριστὰς
939 909 1072 962 Θεοῦ
1102 909 1332 979 δύναμιν
1377 903 1736 978 ἐνεργητικὴν
1773 899 1867 954 τοῦ

283 1002 631 1074 πράγματος.
676 1001 740 1054 Εἰ
773 1001 870 1071 μέν
901 1000 1041 1072 γάρ,
1076 1000 1291 1069 λογίους
1335 999 1486 1061 τινὰς
1520 997 1612 1051 καὶ
1650 995 1866 1064 σοφοὺς,

283 1095 318 1166 ἢ
350 1095 443 1148 καὶ
485 1093 595 1147 τῶν
643 1093 793 1165 παρά
835 1092 1109 1158 Ἰουδαίοις
1160 1091 1463 1161 ἀνθρώπων
1512 1087 1736 1151 ἐνδόξων
1777 1087 1871 1139 καὶ

284 1187 554 1241 πλουσίων
591 1185 1024 1259 προσαγόμενος,
1063 1185 1276 1248 τούτοις
1316 1183 1584 1253 ἐκέχρητο
1615 1179 1870 1233 διδασκά-

281 1278 397 1342 λοις
423 1277 531 1332 τῶν
559 1277 725 1332 αὑτοῦ
755 1277 952 1347 λόγων,
984 1275 1088 1331 κᾶν
1110 1277 1258 1342 εἰκὸς
1284 1271 1352 1347 ἦν
1385 1273 1872 1346 ἀνθρωπινώτερον

285 1368 663 1439 ἐπινενοῆσθαι
694 1367 757 1421 τὸ
799 1369 1064 1440 πρᾶγμαο
1103 1367 1246 1420 οὕτω
1278 1365 1410 1434 γοῦν
1439 1366 1488 1418 οἰ
1519 1362 1736 1425 πλείους
1766 1361 1872 1414 τῶν

284 1457 589 1532 ἀνθρώπων
624 1457 878 1512 εἰώθασιν
907 1455 1324 1517 ὑποτάττεσθαι,
1367 1454 1400 1525 ἢ
1451 1454 1730 1524 χρήμασιν
1769 1449 1874 1501 ὑπὸ

285 1550 558 1606 πλουσίων
599 1548 993 1621 δελεαζόμενοι,
1037 1548 1071 1619 ἢ
1106 1546 1282 1616 λόγων
1318 1544 1580 1617 περιϐολῇ
1610 1543 1704 1595 καὶ
1737 1556 1872 1610 (pav-

281 1641 448 1714 τασία
482 1641 674 1711 σοφίας
695 1640 1064 1712 ἀπατώμενοι,
1087 1638 1121 1710 ἢ
1152 1638 1426 1710 ύπεροχάς
1454 1633 1679 1698 ἐνδόξων
1704 1648 1872 1703 προσ-

280 1731 452 1786 ώπων
503 1731 1028 1803 καταπληττόμενοι.
1069 1731 1127 1783 '0
1162 1729 1219 1782 δέ
1262 1729 1335 1800 μὴ
1367 1727 1629 1788 τοιούτοις
1665 1722 1875 1796 χρησά-

1660 330 1749 384 DE
1789 322 2250 384 TllEOPIIANlA.

278 454 593 526 ἀγροίκους,
627 453 779 507 ούδέν
815 453 974 507 πλέον
1010 451 1108 523 τῆς
1137 449 1322 522 Σύρων
1355 452 1538 520 φωνῆς
1569 447 1866 518 ἐπισταμέ-

1979 442 2113 504 mili,
2153 441 2204 494 id
2234 447 2318 492 est
2346 432 2661 508 piscatoria,

1968 543 2102 600 ster,
2140 538 2429 586 venatores
2476 525 2761 581 hominum
2789 529 3014 587 sumque
3049 512 3311 570 doctrinae
3334 523 3541 580 prazco-

3438 301 3541 354 6‘26

2691 444 2795 484 non
2817 426 2933 481 sine
2960 436 3120 478 causa
3153 419 3410 474 Servator
3446 432 3542 468 no-

1971 638 2067 678 nes
2111 637 2171 678 se
2217 619 2490 676 facturum
2537 612 2937 685 pollicebatur;
2969 605 3231 676 fecitque,
3261 603 3404 658 haud
3444 600 3546 654 t‘al—

1972 718 2089 772 lens
2116 715 2470 787 promissum,
2505 708 2599 765 Dei
2639 720 2833 776 nempe
2866 700 3165 774 potentiam
3195 699 3271 752 rei
3299 694 3542 754 effectri-

1971 822 2086 862 cem
2121 785 2492 870 lexpromens.
2528 797 2681 857 Nam
2743 795 2789 850 si
2846 791 3120 848 litteratos
3143 785 3354 856 aliquos
3377 792 3433 840 et
3457 798 3546 838 sa-

1971 901 2211 970 pientes,
2257 893 2339 950 vel
2385 895 2547 948 etiam
2601 904 2668 943 ex
2723 885 2928 943 Iudaeis
2972 879 3182 937 nobiles
3247 877 3548 947 divitesque

1971 992 2118 1045 viros
2142 987 2378 1059 eligens,
2406 984 2491 1039 his
2511 997 2640 1036 usus
2661 989 2808 1035 esset
2832 974 3106 1047 magistris
3125 970 3386 1028 doctrinae
3412 983 3545 1036 suae,

1974 1082 2158 1148 utique
2193 1077 2490 1132 humanum
2519 1071 2702 1142 potius
2739 1067 3012 1138 negotium
3049 1063 3100 1118 id
3131 1059 3279 1118 credi
3317 1067 3549 1130 poterat.

1975 1171 2066 1226 Sic
2092 1168 2237 1225 enim
2267 1167 2512 1236 plerique
2541 1163 2825 1216 hominum
2860 1156 3038 1213 solent
3064 1159 3236 1210 semet
3258 1149 3547 1218 subjicere,

1973 1263 2058 1318 vel
2107 1259 2334 1331 pecunia
2389 1272 2417 1310 a
2475 1252 2734 1311 divitibus
2791 1245 3059 1314 inescati,
3107 1244 3196 1299 vel
3243 1242 3550 1299 litterarum

1974 1353 2156 1422 specie
2185 1361 2237 1404 et
2269 1346 2553 1418 sapientia:
2591 1341 2870 1414 praestigio
2907 1337 3138 1407 decepti,
3183 1334 3270 1390 vel
3300 1333 3552 1391 eminen-

1974 1444 2102 1498 tiam
2134 1454 2495 1511 personarum
2533 1435 2826 1490 illustrium
2859 1431 3216 1487 admirantes.
3245 1425 3404 1484 Jesus
3448 1441 3552 1482 au-

1977 1544 2083 1592 tem
2135 1549 2256 1590 cum
2305 1532 2444 1587 haud
2498 1527 2700 1583 talibus
2743 1527 2818 1580 sit
2861 1537 2995 1578 usus
3037 1519 3338 1590 discipulis,
3382 1518 3484 1574 'sed
3515 1531 3548 1571 e

1976 1626 2258 1682 contrario
2309 1620 2640 1692 pauperibus
2685 1629 2739 1672 et
2788 1614 3074 1679 obscuris,
3133 1627 3200 1668 ac
3242 1611 3553 1667 litteratura

1980 1719 2185 1782 idiotis,
2215 1717 2395 1784 lingua
2445 1711 2622 1784 Syris,
2656 1709 2848 1765 habitu
2881 1706 3090 1771 humili,
3121 1718 3397 1774 opemque
3433 1701 3553 1765 vili,

287 1842 450 1897 μενος
496 1795 787 1895 μαθηταῖς,
826 1795 1136 1876 τδύναντίον
1175 1821 1232 1873 δὲ
1262 1795 1470 1889 ⁷πένησι
1509 1819 1604 1871 καὶ
1639 1815 1867 1880 ἀδόξοις,

1979 1811 2307 1881 exploratum
2333 1817 2415 1862 est
2440 1821 2562 1859 eum
2594 1804 2830 1858 divinam
2873 1808 3082 1854 tantum
3115 1795 3425 1851 adhibuisse
3455 1808 3557 1862 po-

285 1916 382 1970 καὶ
407 1915 500 1969 τὸν
535 1914 692 1984 λόγον
719 1912 976 1978 ἰδιώταις,
1013 1913 1205 1986 Σύροις
1246 1929 1306 1964 τε
1331 1911 1429 1982 τὴν
1461 1910 1664 1980 φωνὴν,
1697 1908 1790 1962 καί⁸
1813 1907 1874 1959 τὸ

286 2005 476 2076 σχῆμα
507 2005 805 2068 ταπεινοῖς,
837 2004 931 2057 καὶ
962 2001 1234 2056 εὐτελέσιν
1263 2000 1429 2072 ἔργῳ,
1458 1999 1616 2069 δῆλος
1642 1993 1708 2068 ἦν
1737 1996 1872 2068 μόνῃ

285 2101 351 2169 τῇ
383 2090 538 2168 θεῖκῇ
569 2096 793 2167 δυνάμει
818 2094 1120 2167 χρώμενος,
1146 2094 1212 2164 ἢν
1235 2089 1534 2158 ἐνεδείξατο
1561 2089 1751 2158 πρῶτα
1777 2088 1875 2159 μὲν

289 2191 441 2261 φωνῇ
507 2189 604 2260 μιᾷ
657 2185 1174 2260 προσκαλεσάμενος
1232 2185 1432 2246 αὐτοὺς
1493 2181 1588 2236 καὶ
1651 2181 1876 2234 ἀκολού-

291 2282 417 2343 θους
457 2281 569 2351 (49.)
601 2279 766 2334 αὑτοῦ
801 2279 1173 2350 καταστήσας,
1208 2276 1446 2331 κᾶπειτα
1471 2273 1874 2344 ἐπαγγειλάμε-

288 2389 382 2436 νος
416 2369 756 2441 σαγηνευτὰς
787 2370 883 2423 καὶ
921 2367 1095 2431 ἁλιεῖς
1143 2365 1448 2438 ἀνθρώπων
1482 2366 1728 2437 ποιήσειν
1775 2365 1874 2416 αύ-

286 2465 436 2529 τούς,
469 2463 536 2516 ἵν’
577 2463 692 2516 ἀνθ’
735 2455 809 2516 ῶν
845 2457 987 2533 εἶχον
1034 2461 1294 2524 δικτύων,
1339 2457 1596 2520 λαϐόντες
1623 2458 1755 2526 παρ’
1782 2456 1878 2508 αύ-

287 2555 384 2609 τοῦ
413 2557 512 2626 τὴν
543 2555 651 2609 ἀπὸ
679 2555 948 2608 παντοίων
976 2552 1151 2622 λόγων
1188 2548 1429 2622 νομικῶν
1455 2566 1516 2602 τε
1549 2547 1644 2602 καὶ
1671 2563 1879 2620 προφη-

291 2647 425 2710 τῶν,
451 2646 557 2699 τῶν
581 2663 639 2698 τε
663 2646 764 2715 τῆς
791 2644 973 2698 ἐνθέου
994 2641 1349 2704 διδασκαλίας
1383 2639 1550 2694 αὐτοῦ
1577 2637 1877 2692 πλακεῖσαν

1984 1901 2206 1957 tentiam
2259 1916 2276 1964 ;
2335 1911 2501 1967 quam
2541 1893 2778 1948 ostendit
2831 1890 3012 1960 primo
3044 1886 3260 1956 quidem
3296 1885 3422 1938 dum
3451 1898 3557 1937 una

1981 1993 2168 2050 vocula
2197 2007 2294 2048 eos
2328 1989 2580 2046 invitavit
2607 1984 2959 2054 asseclasque
2991 1997 3120 2038 suos
3170 1979 3326 2043 fecit,
3361 1978 3557 2034 deinde

1980 2087 2248 2156 spondens
2295 2091 2547 2154 captores
2596 2082 3010 2152 piscatoresque
3080 2074 3360 2130 hominum
3419 2086 3452 2128 a
3497 2086 3560 2128 se

1983 2176 2183 2231 factum
2242 2176 2346 2240 iri;
2406 2183 2463 2229 ut
2504 2187 2603 2243 pro
2657 2171 2865 2226 retibus
2915 2181 3035 2238 quae
3082 2180 3226 2221 nunc
3278 2163 3557 2228 tenebant,

1981 2279 2260 2324 sumentes
2300 2270 2368 2322 ab
2410 2280 2476 2320 eo
2522 2265 2831 2319 litterarum
2880 2259 3122 2314 omnium
3181 2255 3434 2327 legalium
3490 2268 3556 2310 ac

1978 2359 2413 2431 propheticarum
2448 2395 2464 2421 ,
2530 2368 2742 2410 necnon
2813 2350 3010 2406 divina:
3070 2347 3240 2418 ipsius
3291 2344 3560 2402 doctrina

1978 2465 2256 2521 sagenam,
2288 2449 2340 2503 in
2387 2449 2638 2502 humanae
2678 2444 2805 2498 vitae
2858 2455 3010 2497 mare
3060 2438 3352 2508 iactarent,
3397 2446 3558 2507 quot-

1978 2553 2115 2613 quot
2141 2550 2495 2598 occurrerent
2544 2537 2851 2603 irretirent,
2887 2548 3085 2604 genere
3115 2531 3260 2586 omni
3311 2531 3560 2586 rationa-

1982 2635 2112 2688 lium
2145 2633 2373 2704 piscium
2414 2631 2548 2685 retia
2576 2644 2674 2682 sua
2704 2625 2985 2682 rationalia
3020 2622 3376 2693 complentes.

293 2743 536 2813 σαγήνην
579 2741 922 2812 ἐμϐάλλωσιν
955 2741 1034 2802 εἰς
1067 2737 1165 2809 τὴν
1205 2735 1299 2790 τοῦ
1331 2733 1668 2805 ἀνθρωπείου
1717 2731 1833 2801 βίου
1868 2730 2159 2791 θάλατταν,
2192 2727 2288 2781 καὶ
2329 2724 2697 2797 περιϐάλωσιν
2746 2722 2904 2785 ὅσους
2932 2719 2998 2773 ἂν
3029 2717 3254 2789 εὕρωσι,
3289 2715 3560 2792 πληροῦν-

288 2851 381 2897 τες
415 2833 484 2886 τά
521 2832 729 2886 ἑαυτῶν
757 2831 950 2900 λογικά
985 2830 1174 2882 δίκτυα
1201 2828 1399 2890 παντὸς
1439 2825 1628 2895 γένους
1656 2822 1890 2892 λογικῶν
1917 2821 2136 2892 ἰχθύων.

373 2927 532 2981 Ἀλλὰ
577 2926 748 2980 ταῦτα
796 2928 892 2998 μὲν
934 2925 1021 2979 διὰ
1075 2924 1260 2995 φωνῆς
1310 2923 1620 2992 ἀκουόμενα
1655 2920 1873 2992 ῥήματα

2049 2918 2225 2987 Atque
2272 2916 2385 2971 haec
2441 2929 2504 2968 ex
2563 2914 2610 2965 vi
2665 2912 2814 2965 vocis
2871 2918 3080 2964 tantum
3137 2905 3344 2969 audita,
3393 2901 3554 2959 verba

287 3021 386 3072 καὶ
429 3020 614 3090 ψόφοι,
649 3021 741 3073 καί
771 3019 931 3074 πλέον
962 3019 1206 3092 ὑπῆρχεν
1244 3016 1432 3070 ούδένο
1474 3017 1574 3086 τῆς
1616 3013 1660 3066 δ’
1689 3012 1873 3066 ἐνθέου

285 3109 572 3179 δυνάμεως
610 3110 673 3163 τὸ
720 3109 879 3181 ἔργον
920 3109 1020 3162 οὐκ
1063 3111 1142 3171 εἰς
1194 3108 1414 3180 μακράν
1461 3105 1871 3176 παρεστήσατο·

294 3201 433 3254 αὐτά
474 3201 539 3272 δὴ
580 3201 752 3255 ταῦτα
796 3201 864 3254 τὰ
915 3201 1004 3255 διὰ
1045 3201 1153 3255 τῶν
1194 3201 1369 3269 λόγων
1425 3198 1877 3270 προηγορευμένα

294 3295 409 3356 τοῖς
455 3292 635 3364 ἔργοις
683 3292 1023 3356 ἐπιτελέσας,
1077 3293 1154 3356 ώς
1195 3293 1253 3346 ἐν
1309 3292 1503 3363 βραχεῖ
1553 3292 1730 3362 χρόνῳ
1775 3290 1875 3361 τὴν

297 3382 592 3454 σύμπασαν
637 3383 937 3457 ἀνθρώπων
969 3385 1298 3456 οἰκουμένην
1339 3383 1508 3455 μυρία
1548 3382 1726 3454 πλήθη
1766 3381 1877 3435 τῶν

299 3474 739 3545 σαγηνευθέντων
766 3476 870 3529 ὑπὸ
892 3475 999 3529 τῶν
1031 3475 1254 3530 ἰδιωτῶν
1283 3475 1486 3529 τούτων
1511 3473 1718 3546 ἀνδρῶν
1742 3475 1875 3544 κτή-

295 3568 513 3632 σασθαι,
547 3567 901 3640 πληρωθῆναί
931 3585 991 3621 τε
1021 3567 1355 3640 Ἑκκλησιῶν
1385 3566 1565 3620 πάντα
1587 3566 1748 3619 τόπον
1763 3564 1879 3617 Ἑλ-

294 3659 469 3731 λήνων
505 3676 564 3712 τε
612 3660 707 3713 καὶ
753 3659 1078 3733 βαρϐάρων,
1113 3659 1200 3712 διὰ
1233 3659 1360 3730 μίαν
1392 3658 1608 3727 ἐκείνην
1647 3658 1877 3726 ἐπαγγε·

294 3751 416 3806 λίαν
444 3752 545 3823 τῆς
578 3752 763 3824 θεῖκῆς
793 3756 998 3824 φωνῆς,
1025 3751 1093 3805 δι’
1125 3747 1196 3822 ἦς
1221 3753 1284 3804 ού
1323 3749 1552 3817 διδάξειν
1600 3750 1724 3812 τοὺς
1753 3749 1880 3801 ἐαυο

294 3845 389 3898 τοῦ
428 3844 693 3915 μαθητὰς,
717 3843 831 3898 ἀλλ’
871 3843 1034 3906 αὐτὸς
1075 3843 1320 3912 ποιήσειν
1350 3841 1544 3904 αύτούς
1572 3839 1756 3902 ἁλιέας
1786 3840 1876 3892 ἀν-

297 3934 532 4007 θρώπων
570 3934 957 4011 ἐπηγγείλατοι
986 3933 1137 3986 Ὥστ’
1168 3934 1228 3986 ού
1269 3931 1518 4002 προέγνω
1564 3930 1721 4001 μόνον
1753 3929 1876 3983 οὔτε

297 4027 577 4100 προέφησε
615 4027 676 4080 τὸ
711 4026 922 4098 μέλλον,
953 4026 1089 4080 ἀλλά
1115 4025 1212 4078 καί⁸
1244 4026 1474 4095 ποιητὴς
1508 4023 1603 4077 τού
1628 4023 1880 4093 τηλικού-

294 4134 390 4170 του
424 4115 847 4187 κατορθώματος
886 4116 1300 4186 ἀποπέφανταιο
1343 4112 1464 4169 εἰπέ
1498 4132 1558 4168 τε
1596 4114 1674 4185 τῷ
1709 4114 1874 4186 λόγῳ,

296 4207 392 4261 καὶ
425 4207 690 4279 πεποίηκε
722 4207 799 4279 τῷ
831 4207 994 4280 ἔργῳ·
1035 4207 1348 4280 παρέστησέ
1387 4224 1445 4260 τε
1479 4207 1540 4260 τὸ
1571 4206 1760 4278 μέλλον
1791 4206 1877 4258 διὰ

1979 3018 2134 3066 erant
2183 3016 2238 3064 et
2285 3007 2513 3068 sonitus,
2591 3013 2966 3072 praetereaque
3022 2997 3184 3054 nihil.
3248 2996 3357 3054 Sed
3409 2995 3555 3052 enim

1979 3102 2180 3156 divina:
2207 3102 2426 3156 virtutis
2457 3096 2740 3152 efﬁcientia
2773 3095 2912 3150 haud
2940 3093 3108 3149 multo
3157 3101 3284 3163 post
3318 3099 3434 3146 rata
3461 3103 3558 3144 ex-

1981 3193 2159 3248 hibuit
2204 3187 2220 3256 ς
2283 3207 2404 3246 cum
2460 3192 2574 3245 haec
2623 3189 2736 3257 ipsa
2794 3184 3032 3243 verbalia
3081 3185 3349 3256 promissa
3398 3181 3558 3237 factis
3611 3256 3615 3259 Π

1979 3286 2289 3357 complevit,
2318 3285 2391 3338 ita
2423 3294 2482 3338 ut
2508 3284 2654 3337 brevi
2691 3293 2934 3351 tempore
2959 3280 3279 3334 universum
3328 3277 3554 3332 humani

1980 3378 2255 3433 incolatus
2285 3379 2498 3438 orbem,
2530 3375 2983 3442 innumeramqne
3017 3369 3418 3426 multitudinem
3462 3381 3558 3420 ca-

1981 3482 2200 3540 ptorum
2241 3467 2425 3522 abhis
2471 3465 2653 3521 idiotis
2702 3466 3009 3525 hominum,
3044 3461 3294 3516 Christus
3329 3459 3558 3526 adeptus

1977 3562 2070 3625 sit,
2120 3560 2392 3630 plenaque
2421 3557 2681 3614 Ecclesiis
2731 3555 3009 3612 evaserint
3064 3554 3179 3608 loca
3227 3551 3410 3605 omnia
3443 3558 3556 3602 tum

1978 3653 2292 3709 Graecorum
2347 3663 2457 3705 tum
2516 3650 2680 3705 etiam
2734 3649 3114 3712 barbarorum,
3161 3651 3380 3715 propter
3410 3638 3557 3695 illam

1945 3745 2156 3800 unicae
2206 3745 2406 3799 divinae
2451 3743 2599 3799 vocis
2642 3741 3085 3814 promissionem,
3151 3751 3254 3806 qua
3307 3734 3452 3790 haud
3499 3750 3558 3788 se

1982 3839 2274 3907 discipulos
2325 3851 2456 3892 suos
2497 3837 2810 3898 docturmn,
2876 3835 2969 3889 sed
3017 3845 3209 3900 reapse
3253 3829 3557 3899 piscatores

1982 3929 2261 3981 hominum
2298 3927 2618 3981 effecturum
2669 3925 2979 3996 spopondit.
3032 3922 3399 3990 Quamobrem
3450 3931 3558 3974 non

1982 4020 2254 4088 praescivit
2289 4021 2449 4073 modo
2487 4019 2566 4073 vel
2597 4018 2852 4087 praedixit
2886 4031 2998 4071 rem
3032 4016 3291 4080 futuram,
3333 4012 3427 4068 sed
3477 4009 3560 4066 ef-

1983 4112 2156 4166 fector
2182 4109 2435 4165 facinoris
2460 4110 2594 4165 tanti
2626 4109 2916 4179 apparuit,
2975 4106 3225 4176 dixitque
3259 4103 3463 4170 verbis,
3501 4113 3557 4158 et

1980 4221 2146 4275 Opere
2171 4217 2461 4262 exsecutus
2489 4217 2607 4269 est;
2642 4206 2804 4275 idque
2834 4204 2972 4267 fore,
3004 4201 3250 4274 symbolo
3285 4199 3562 4271 portendit

298 4300 568 4374 συμϐόλου
597 4301 692 4354 καὶ
725 4301 952 4366 εἰκόνος,
987 4300 1081 4354 καὶ
1117 4299 1184 4354 δι’
1232 4300 1403 4370 αὐτῆς
1447 4298 1725 4371 ἐνεργείας
1768 4299 1872 4351 ἀπ-

1984 4310 2147 4370 atque
2174 4300 2433 4367 imagine,
2488 4298 2758 4367 simulque
2805 4297 2918 4365 ipsa
2959 4293 3199 4348 ellicacia
3245 4290 3560 4361 complevit.

296 4394 602 4466 επλήρωσε.
625 4393 747 4457 Τοῖς
772 4391 882 4463 γὰρ
910 4390 1078 4445 πάλαι
1107 4391 1370 4462 πρότερον
1393 4391 1451 4441 ἐν
1483 4389 1671 4458 σκοτία
1699 4385 1874 4457 φωτὸς

294 4489 572 4562 ἀληθείας,
600 4488 693 4542 καὶ
719 4485 854 4541 Θεοῦ
883 4485 1136 4555 γνώσεως
1163 4487 1220 4539 ἐν
1251 4485 1404 4537 νυκτὶ
1429 4482 1870 4553 καταπονηθεῖσι,

295 4580 391 4632 καί⁵
438 4580 638 4651 μηδένα
680 4578 814 4650 πρὸς
853 4577 1123 4648 σωτηρίαν
1156 4574 1420 4646 θηρεῦσαι
1460 4573 1871 4644 δεδυνημένοις,

295 4671 612 4742 ἐπιλάμψας
647 4670 709 4726 τὸ
749 4669 942 4724 ἑαυτοῦ
988 4669 1209 4739 φέγγος,
1253 4671 1310 4721 ἐν
1373 4668 1556 4739 ἡμέρᾳ
1606 4668 1699 4720 καὶ
1734 4668 1874 4735 φωτὶ

294 4763 604 4834 γενομένοις
633 4762 978 4833 προστάττει,
1004 4761 1065 4813 ού
1094 4763 1156 4831 τῇ
1188 4759 1364 4829 οἰκείᾳ
1387 4760 1685 4830 ἐπιστήμη,
1713 4757 1790 4828 τῷ
1816 4758 1872 4811 δὲ

295 4852 461 4907 αὐτοῦ
502 4855 706 4925 ῥήματι
745 4851 1100 4924 θαρσοῦντας,
1147 4849 1460 4904 ἐπιϐάλλειν
1500 4848 1578 4920 τῷ
1625 4848 1770 4920 βυθῷ
1807 4849 1876 4902 τὰ

293 4943 505 4996 δίκτυα.
547 4944 610 4997 Οἱ
637 4942 695 4996 δὲ
727 4941 964 4997 τοσαῦτα
996 4942 1300 5012 συνήγαγον
1334 4939 1532 5010 ἰχθύων
1570 4938 1769 5009 πλήθη,
1801 4939 1876 5001 ὡς

294 5033 721 5105 διαῤῥήγνυσθαι
751 5035 850 5106 μὲν
875 5034 944 5089 τὰ
975 5033 1273 5106 θηρευτικά
1297 5033 1522 5104 ὄργανα,
1552 5031 1876 5084 κινδυνεύειν

296 5121 354 5175 δέ
388 5125 468 5186 εἰς
500 5122 659 5192 βυθόν
689 5128 884 5196 χωρεῖν
924 5125 1032 5178 ἀπὸ
1065 5123 1158 5177 τοῦ
1191 5123 1390 5194 φόρτου
1420 5120 1488 5174 τά
1517 5121 1696 5174 πλοῖα.

382 5215 534 5267 Ἐπεὶ
569 5215 626 5268 δὲ
657 5215 832 5269 mill"
853 5217 1025 5280 οὕτως
1066 5216 1510 5288 προσταττόμενα
1539 5215 1645 5268 τὸν.
1671 5214 1874 5286 Πέτρον

299 5303 379 5365 εἰς
407 5293 665 5373 ἔκπληξιν
695 5306 788 5357 καὶ
831 5305 992 5373 φόϐον
1031 5306 1092 5359 οὐ
1130 5306 1222 5358 τὸν
1250 5306 1480 5375 τυχόντα
1523 5299 1676 5374 ἦγεν*
1716 5303 1874 5356 Ἀλλὰ

298 5391 469 5446 ταῦτά
493 5410 571 5457 σε,
613 5395 745 5464 φησί
773 5395 908 5465 πρὸς
938 5395 1097 5448 αὑτὸν
1128 5399 1156 5449 ό
1186 5396 1393 5467 Σωτὴρ,
1433 5397 1598 5466 μήπω
1641 5394 1875 5465 ἐκπλητ-

298 5482 464 5534 τέτω*
505 5483 716 5536 παιδιαὶ
740 5484 846 5555 γὰρ
873 5484 950 5537 ἐτι
976 5484 1148 5538 ταῦτα
1180 5487 1274 5539 καὶ
1313 5485 1610 5556 μελλόντων
1649 5486 1870 5549 εἰκόνεςο

297 5576 349 5628 οἰ
372 5574 430 5628 δὲ
458 5575 555 5645 μὲν
580 5575 760 5646 ἰχθύες
780 5576 999 5631 ἄναυδοι
1029 5577 1121 5630 καὶ
1144 5578 1347 5645 ἄλογοι,
1378 5579 1470 5632 καί
1491 5579 1663 5634 ταῦτα
1691 5579 1871 5650 σκάφη

1983 4391 2228 4463 Namque
2261 4395 2360 4448 hos
2391 4391 2708 4462 discipulos,
2745 4391 2835 4456 qui
2875 4398 3032 4442 antea
3065 4384 3316 4440 veritatis
3356 4383 3562 4436 lumine

1983 4487 2265 4552 carebant,
2314 4495 2371 4540 et
2420 4500 2517 4554 per
2554 4494 2765 4538 noctem
2825 4481 3006 4536 divina
3060 4476 3252 4532 notitia
3284 4484 3558 4531 carentem

1987 4577 2398 4637 laboraverant,
2431 4575 2810 4641 neminemque
2851 4571 2915 4624 ad
2961 4568 3190 4624 salutem
3227 4564 3429 4620 lucrari
3459 4580 3560 4634 po—

1983 4679 2225 4735 tuerant,
2287 4668 2403 4736 ipse
2457 4667 2660 4722 lumine
2703 4679 2800 4718 suo
2839 4663 3152 4722 illustrans.
3191 4667 3247 4713 et
3288 4658 3342 4712 in
3367 4657 3561 4712 diurna

1985 4764 2104 4816 luce
2152 4760 2507 4824 constituens,
2546 4759 2702 4828 jubet
2763 4772 2868 4811 non
2914 4755 3128 4825 propria
3192 4751 3420 4822 peritia,
3466 4752 3563 4805 sed

1983 4854 2151 4924 ipsius
2173 4853 2339 4907 verbo
2356 4852 2613 4917 conﬁsos,
2633 4851 2766 4904 retia
2789 4851 2838 4903 in
2869 4848 3089 4920 pelagus
3109 4845 3313 4915 jacere.
3343 4841 3406 4898 lli
3432 4857 3563 4896 vero

1981 4954 2182 4998 tantam
2243 4943 2578 5012 collegerunt
2635 4943 2861 5010 piSl'llllll
2918 4937 3361 4999 multitudinem,
3416 4943 3564 4987 utet

1985 5035 2274 5106 piscatoria
2319 5035 2682 5088 instrumenta
2717 5038 3123 5100 rumperentur,
3154 5037 3210 5083 et
3243 5027 3376 5097 ipsa:
3412 5025 3562 5080 navi-

1981 5128 2113 5180 culaa
2146 5127 2387 5196 demergi
2421 5125 2656 5194 pondere
2695 5123 3159 5194 periclitarentur.

2052 5219 2188 5284 Quia
2237 5233 2365 5269 vero
2409 5215 2536 5268 talia
2595 5216 2878 5283 imperata,
2924 5213 3144 5268 Petrum
3194 5211 3246 5266 in
3278 5221 3552 5279 stuporem

1983 5317 2300 5376 metumque
2348 5324 2452 5360 non
2500 5305 2773 5360 modicum
2803 5303 3190 5369 abduxerant;
3231 5301 3383 5357 Haud
3414 5303 3553 5365 hac,

1983 5397 2157 5466 inquit
2205 5397 2254 5452 ei
2307 5397 2589 5462 Servalor,
2653 5409 2984 5466 magnopere
3038 5404 3091 5450 te
3133 5403 3552 5449 commoveaut:

1981 5488 2190 5544 ludicra
2221 5489 2367 5544 enim
2401 5491 2515 5544 haec
2551 5499 2680 5543 sunt
2717 5490 2920 5554 adhuc,
2948 5495 3003 5542 et
3035 5487 3338 5543 futurarum
3373 5499 3554 5540 rerum

1986 5577 2249 5648 imagines
2295 5597 2310 5634 :
2360 5581 2536 5650 pisces
2583 5579 2800 5648 quidem
2852 5577 3010 5643 muti,
3056 5587 3112 5633 et
3168 5573 3554 5637 irrationales';

369 5689 481 5758 (Η)
508 5689 836 5764 Vocabulum
865 5690 1190 5756 ἀκολούθους
1224 5693 1396 5762 magis
1430 5695 1650 5764 proprie
1709 5693 1897 5748 vellem
1939 5707 1966 5746 a
2035 5691 2178 5764 Syro
2231 5693 2397 5750 fuisse
2437 5695 2726 5750 redditmu.
2776 5693 2850 5748 Ita
2903 5693 3068 5749 etiam
3114 5693 3255 5762 quod
3313 5691 3559 5760 sequitur

299 5761 655 5834 σαγηνευτᾱις.
