4170 6406
583 359 684 414 627

1255 357 1528 416 EUSEBII
1568 359 2046 418 CAESARIENSIS
2085 363 2158 418 Ol

2275 349 2452 420 psus
2491 365 2578 424 tv.
2619 399 2687 408 -
2721 365 3142 430 DOGMATICA.

3715 375 3819 430 628

581 479 770 546 h:eque
795 475 1054 532 naviculae
1099 491 1163 531 ac
1209 478 1342 532 retia
1387 493 1454 532 ex
1495 477 1717 532 inanimi
1755 480 1982 534 materia
2013 495 2145 535 con-

2257 484 2348 536 καὶ
2393 483 2583 538 δίκτυα
2624 484 2683 552 ἐξ
2729 485 2934 556 ἀψύχου
2979 487 3111 557 ’ύλης
3148 485 3650 557 κατεσκευασμέναι
3706 487 3818 540 ἀλλ’

579 581 746 625 stam.
801 569 908 626 Sed
957 587 1064 626 non
1099 572 1172 626 ita
1221 587 1282 627 se
1326 573 1530 628 habent
1559 587 1648 628 res
1669 573 1740 628 ab
1769 573 1902 642 ipsis
1935 575 2146 645 signiti-

581 669 740 716 catae.
767 659 936 716 Paulo
961 673 1080 732 post
1107 663 1314 733 itaque,
1348 665 1456 719 imo
1487 679 1616 720 vero
1649 680 1718 719 ex
1751 666 1852 720 hoc
1885 673 2146 734 tempore,

580 751 692 806 eris
739 752 988 806 homines
1021 754 1088 807 ad
1121 754 1286 808 vitam
1313 755 1571 824 capiens:
1621 757 1691 809 ab
1721 755 1824 810 hac
1855 755 2145 812 laborifera

579 851 638 896 et
687 841 1024 898 infructuosa
1079 843 1382 914 piscatione
1443 847 1748 917 expeditus,
1804 849 2147 902 rationalium

582 934 963 1002 animantium,
997 950 1100 989 non
1133 946 1315 992 autem
1363 937 1792 1004 irrationalium,
1837 939 2010 995 factus
2059 955 2151 995 ca-

583 1033 765 1094 ptator
793 1043 808 1080 :
871 1042 1046 1097 neque
1086 1027 1198 1096 jam
1239 1044 1305 1083 ex
1337 1029 1503 1084 maris
1541 1029 1762 1101 abysso,
1793 1032 1883 1085 sed
1909 1047 1978 1086 ex
2007 1031 2147 1088 salsa

587 1120 773 1172 mundi
801 1119 1185 1186 amaritudine,
1217 1129 1272 1175 et
1303 1121 1602 1176 tenebrosis
1635 1122 2057 1193 irreligiositatis
2085 1139 2150 1180 ac

585 1208 847 1278 nequitia:
883 1209 1102 1266 latebris
1146 1212 1211 1265 ad
1261 1211 1691 1266 intellectualem
1721 1213 1894 1268 lucem
1927 1229 2146 1283 purum—

583 1313 697 1364 que
728 1315 908 1356 aerem
937 1303 1318 1371 respirandum
1341 1305 1628 1372 protrahes
1654 1319 1748 1360 eos
1773 1321 1910 1374 quos
1941 1315 1995 1360 tu
2019 1321 2150 1376 pra:-

585 1392 842 1447 daberis:
869 1395 976 1448 imo
1013 1393 1266 1448 incolumi
1301 1395 1408 1449 vita
1437 1397 1640 1466 capies,
1685 1405 1951 1466 quatenus
1981 1399 2146 1451 vitam

583 1484 710 1547 illis,
746 1499 847 1538 non
885 1495 1110 1539 mortem
1142 1485 1354 1542 afferes.
1398 1486 1464 1540 Et
1493 1488 1688 1541 marini
1719 1487 1939 1557 quidem
1973 1489 2150 1558 pisces

585 1577 641 1627 in
672 1576 908 1629 tenebris
933 1584 1098 1643 atque
1129 1577 1326 1648 abysso
1347 1587 1508 1632 antea
1547 1579 1816 1645 viventes,
1869 1581 2053 1634 statim
2085 1596 2149 1637 ac

587 1665 766 1720 lucem
795 1667 1043 1734 aerisque
1077 1667 1489 1736 respirationem
1515 1669 1861 1740 participant,
1885 1680 2146 1740 pereunt:

586 1763 645 1808 at
687 1768 816 1808 vero
841 1754 1105 1820 homines,
1133 1756 1223 1824 qui
1257 1764 1366 1810 ate
1387 1758 1689 1824 capientur,
1723 1774 1790 1812 ex
1832 1759 2150 1828 ignorantiae

2249 575 2312 628 ού
2346 575 2568 629 τοιαῦτα
2603 576 2807 630 τούτων
2851 576 2920 630 τά
2972 577 3407 648 παραδείγματα.
3453 579 3664 650 Μικρὸν
3693 580 3822 648 γοῦν

2251 665 2493 738 ὕστερον,
2527 667 2724 739 μᾶλλον
2747 667 2803 720 δὲ
2837 668 3085 722 ἐντεῦθεν
3109 669 3209 742 ἥδη
3239 671 3330 723 καὶ
3359 670 3467 722 ἀπὸ
3493 670 3590 722 τοῦ
3617 670 3710 723 νῦν
3737 671 3823 723 ἀν-

2249 755 2500 828 θρώπους
2525 755 2620 828 ἔσῃ
2654 757 2898 830 ζωγρῶν·
2933 761 3032 826 τῆς
3059 758 3157 828 μὲν
3195 757 3477 829 μοχθηρᾶς
3499 759 3700 831 ταύτης
3731 762 3824 813 καὶ

2247 845 2556 916 ἀνωφελοῦς
2579 849 2911 917 ἀπαλλαγεὶς
2939 848 3166 911 ἁλιείας,
3189 847 3421 916 λογικῶν
3447 848 3504 900 δὲ
3525 847 3676 912 ζώων
3704 849 3824 901 ἀντὶ

2247 936 2356 989 τῶν
2385 937 2593 1006 ἀλόγων
2623 936 2892 1008 θηρευτὴς
2927 937 3238 1007 γινόμενος·
3276 938 3369 990 κα)⁸
3406 935 3590 989 οὐκέτι
3629 938 3693 990 ὲκ
3728 937 3823 1006 βυο

2249 1025 2358 1080 θῶν
2391 1026 2678 1098 θαλάττης,
2712 1028 2776 1080 ἐκ
2801 1028 2856 1081 δὲ
2881 1027 2980 1096 τῆς
3005 1027 3255 1097 ἁλμυρᾶς
3287 1025 3380 1078 τού
3417 1024 3532 1095 βίου
3578 1026 3822 1097 πικρίας,

2249 1119 2314 1170 ὲκ
2339 1119 2566 1172 σκοτίων
2595 1137 2652 1172 τε
2684 1119 2870 1189 μυχῶν
2908 1118 3198 1186 ἀθεότητος
3229 1119 3324 1171 καὶ
3355 1117 3554 1180 κακίας
3587 1119 3666 1181 εἰς
3711 1119 3830 1188 φῶς

2249 1210 2434 1282 νοερὸν
2465 1211 2560 1265 καὶ
2591 1213 2838 1280 καθαρὰν
2867 1211 3034 1281 πνοὴν
3071 1210 3386 1273 ἀνελκύσεις
3427 1210 3554 1273 τοὺς
3591 1211 3696 1264 ὑπὸ
3731 1211 3826 1264 σοῦ

2251 1300 2702 1372 θηρευσομένους,
2741 1302 2938 1372 μᾶλλον
2961 1301 3018 1354 δὲ
3057 1303 3360 1374 ζωγρήσεις
3401 1304 3596 1366 αὐτοὺς
3619 1304 3705 1357 διὰ
3731 1303 3828 1357 τοῦ

2252 1385 2397 1462 ζωὴν
2433 1394 2616 1456 αὐτοῖς
2645 1393 2754 1466 (45)
2785 1394 2899 1447 ἀλλ’
2926 1394 2986 1446 οὑ
3029 1393 3256 1446 θάνατον
3288 1395 3590 1465 προξενεῖν.
3631 1396 3692 1448 0i
3729 1396 3830 1465 μὲν

2249 1481 2360 1554 γὰρ
2392 1484 2456 1536 ὲκ
2479 1483 2750 1551 πελάγους
2785 1483 2984 1552 ἰχθύες,
3016 1485 3072 1536 ὲν
3109 1483 3286 1554 σκότῳ
3322 1483 3416 1538 καὶ
3455 1483 3599 1555 βυθῷ
3637 1485 3832 1554 πρότεο

2252 1591 2344 1646 ρον
2378 1573 2596 1640 ζῶντες,
2633 1575 2829 1627 αὐτίκα
2862 1575 3037 1642 φωτὸς
3079 1575 3174 1628 καί⁸
3217 1575 3386 1644 πνοῆς
3431 1575 3832 1646 μεταλαχόντες

2249 1665 2598 1721 ἀπόλλυνται’
2630 1667 2678 1718 οἰ
2712 1665 2789 1731 δὲ,
2824 1666 2884 1731 ἐξ
2915 1665 3214 1736 ἀνθρώπων
3241 1665 3344 1719 ὑπὸ
3375 1666 3468 1718 σοῦ
3498 1665 3834 1737 θηρευθησό-

2257 1775 2441 1828 μενοι,
2473 1760 2537 1810 ὲκ
2569 1757 2792 1819 σκότους
2819 1755 3041 1824 ἀγνοίας
3093 1755 3518 1827 μεταϐάλλοντες
3565 1757 3657 1808 ἐπὶ
3685 1758 3833 1828 ζωὴν

585 1845 823 1900 tenebris
854 1847 919 1900 ad
946 1847 1110 1902 divini
1142 1851 1356 1918 generis
1376 1850 1538 1903 vitam
1571 1851 1776 1919 piscatu
1808 1861 1896 1906 tuo
1917 1850 2151 1906 transfe-

2257 1847 2432 1901 ἔνθεον
2463 1847 2911 1920 ἀγρευθήσονται.
2943 1845 3036 1899 Διὸ
3065 1847 3160 1900 καὶ
3192 1845 3419 1918 ζωγρῶν
3468 1847 3568 1920 ἔσῃ
3599 1846 3708 1900 ἀπὸ
3735 1847 3832 1900 τοῦ

589 1945 798 1992 rentur.
831 1938 950 1993 Ideo
981 1948 1036 1994 tu
1067 1941 1322 2010 deinceps
1359 1942 1424 1994 ad
1455 1943 1617 1996 vitam
1667 1943 1910 1999 homines
1946 1946 2152 2014 capies.

655 2029 781 2085 limo
818 2031 1000 2085 divina
1031 2034 1226 2090 virtute
1255 2037 1504 2102 praedixit
1541 2037 1824 2099 Servatur,
1860 2037 1976 2091 haec
2023 2037 2156 2092 tide-

585 2119 708 2174 liter
744 2135 980 2192 vereque
1005 2137 1036 2176 a
1065 2139 1124 2177 se
1165 2125 1309 2179 dicta
1361 2125 1498 2178 idem
1535 2125 1943 2179 demonstravit.
1987 2125 2156 2179 Nimi-

589 2227 710 2265 rum
744 2213 938 2267 retium
972 2215 1058 2268 ille
1078 2214 1369 2281 jacolator,
1407 2218 1666 2286 piscator,
1703 2215 1891 2286 Syrus,
1923 2233 2018 2288 pro
2065 2232 2157 2272 ca-

585 2313 743 2372 ptura
781 2306 1028 2372 piscium,
1068 2319 1295 2375 quantas
1343 2309 1619 2362 hominum
1645 2310 1919 2379 myriadas
1949 2311 2158 2380 ceperit

585 2390 884 2448 ineﬂ'abilis
909 2395 1169 2449 doctrinm
1195 2395 1398 2450 retibus
1417 2395 1596 2449 divina
1629 2396 1828 2449 virtute
1859 2395 2151 2456 contextis,

590 2485 982 2554 comprehendi
1040 2501 1266 2541 numero
1309 2487 1518 2556 nequit.
1561 2488 1794 2550 Arcana,
1836 2486 1904 2539 ab
1948 2487 2016 2540 iis
2038 2500 2158 2554 qua:

586 2587 974 2648 apparuerunt,
1022 2581 1492 2634 demonstrantur.
1545 2579 1684 2634 Nam
1738 2594 1861 2646 quae
1917 2578 2155 2646 spatiosa

587 2669 776 2722 mundi
801 2677 953 2733 tetas,
999 2678 1123 2722 ante
1151 2669 1464 2724 Servatoris
1499 2667 1592 2722 Dei
1640 2667 2154 2730 manifestationem,

587 2774 693 2812 non
725 2759 938 2822 attulit;
967 2773 1087 2827 qua:
1118 2774 1289 2826 neque
1321 2757 1552 2829 Moyses,
1603 2757 1953 2812 Hebraeorum
1985 2757 2154 2826 legis-

589 2853 752 2917 lator,
795 2867 970 2920 neque
1017 2861 1140 2920 post
1187 2851 1404 2921 Moysen
1465 2851 1739 2919 praphetai
1789 2848 1880 2903 Dei
1931 2849 2154 2904 multum

587 2943 896 2998 laborantes
925 2958 1020 3012 per
1047 2951 1215 2997 totam
1239 2953 1448 2998 noctem
1476 2955 1600 2996 ante
1617 2942 1817 2998 Christi
1840 2943 2156 3006 adventum,

589 3032 806 3088 eﬂicere
835 3041 1157 3102 potuerant;
1201 3034 1316 3088 huic
1363 3033 1639 3102 Galilaeus,
1673 3049 1900 3104 pauper,
1943 3032 2155 3102 loquela

587 3125 876 3190 barbarus,
897 3125 1059 3190 idem,
1083 3125 1322 3195 inquam,
1356 3126 1441 3181 ille
1471 3127 1662 3182 Petrus
1685 3125 1935 3182 confecit.
1953 3125 2153 3180 Rerum
2185 3166 2230 3222 ϐ

591 3225 774 3272 autem
807 3232 838 3270 a
883 3216 1044 3272 Petro
1095 3227 1219 3271 tunc
1268 3229 1614 3287 peractarmn
1668 3218 2157 3274 demonstrationes

591 3319 739 3375 sunt,
765 3326 1032 3379 ηοω-ιιιοι
1063 3311 1431 3366 inclaruerunt
1457 3311 1745 3376 Ecclesiae,
1791 3313 1962 3366 multo
1991 3311 2160 3380 magis

593 3403 940 3456 ration-alium
985 3403 1210 3473 piscium
1261 3404 1474 3472 plenaz,
1527 3419 1688 3472 quam
1744 3403 1847 3458 illm
1901 3403 2160 3458 navicula:

595 3495 1044 3556 irrationalium;
1079 3495 1376 3570 cuiusmodi
1416 3505 1501 3550 est
1543 3495 1906 3550 Caesariensis
1957 3495 2009 3548 in
2056 3495 2160 3550 Pa-

589 3583 801 3640 laestina
825 3585 1090 3652 Ecclesia,
1119 3586 1246 3640 item
1275 3587 1572 3642 Antiochia:
1591 3587 1890 3658 Syriaticze,
1921 3587 2158 3656 itemque

591 3678 762 3744 ipsius
783 3676 1038 3734 Romanae
1067 3677 1216 3733 urbis
1247 3679 1510 3734 Ecclesia.
1542 3678 1648 3734 llas
1676 3679 1820 3734 enim
1853 3681 2026 3749 ipsum
2051 3679 2162 3734 Pe-

589 3777 733 3823 trum
747 3769 1038 3836 Ecclesiae,
1055 3783 1105 3826 et
1123 3772 1538 3828 circumstantes
1560 3787 1747 3828 omnes
1767 3773 2158 3843 composuisse,

591 3861 852 3916 traditum
895 3862 1170 3916 memoritu
1201 3875 1284 3916 est
1324 3878 1340 3917 :
1393 3879 1602 3918 necnon
1647 3874 1703 3918 et
1747 3863 1867 3916 illas
1913 3861 2158 3934 Egypti,

592 3967 715 4005 cum
749 3951 864 4020 ipsa
919 3954 1287 4008 Alexandrina
1343 3956 1484 4010 idem
1536 3956 1760 4025 pariter,
1791 3955 1894 4010 etsi
1927 3971 2034 4009 non
2065 3971 2160 4024 per

590 4042 854 4111 seipsum,
905 4059 999 4110 per
1061 4043 1302 4100 Marcum
1354 4055 1528 4100 tamen
1587 4045 1908 4116 discipulum
1963 4062 2158 4112 suum,

591 4134 898 4188 constituit.
943 4135 1184 4204 Namque
1229 4137 1274 4192 is
1319 4135 1534 4191 interim
1592 4151 1688 4206 per
1731 4137 1939 4191 Italiam
1968 4147 2022 4192 et
2050 4155 2162 4192 om-

553 4269 556 4272 .
595 4240 696 4280 nes
724 4227 868 4279 circa
892 4226 1034 4282 illam
1056 4236 1246 4296 gentes
1271 4230 1674 4296 occupabatur;
1689 4229 1782 4282 sed
1807 4245 1964 4284 suum
1990 4229 2162 4282 alum-

595 4333 730 4370 num
751 4317 988 4374 Marcum
1019 4319 1316 4374 educenda.
1343 4319 1560 4388 (Egypti
1589 4319 1738 4388 genti
1775 4318 2162 4390 capiendchne

593 4409 904 4464 destinavit.

665 4611 782 4682 (45)
813 4611 868 4665 In
897 4611 981 4665 his
1011 4613 1369 4667 comitialibus
1399 4611 1575 4666 variat
1598 4612 1937 4682 aliquantum
1963 4629 2060 4668 seu
2101 4613 2162 4668 iit

593 4684 857 4738 obscurus
887 4683 1078 4751 Syrus.

689 4751 778 4818 ιι)
815 4758 876 4822 Α.
906 4750 942 4805 ιε
977 4751 1152 4808 85.1).
1186 4750 1311 4822 Syr.
1349 4751 1439 4812 tv,
1469 4752 1522 4805 6.

689 4821 936 4894 451C0d.
969 4833 1151 4894 noster
1174 4821 1394 4876 Graecus
1423 4825 1486 4875 A.
1521 4823 1559 4875 Γ.
1593 4823 1663 4876 85
1697 4825 1749 4878 b.
1801 4826 1962 4879 habet
1992 4823 2156 4894 ἀλλή-

595 4893 726 4966 λων.
753 4891 862 4966 _Sed
890 4891 1062 4962 Syrus
1085 4892 1362 4966 interpres
1381 4895 1499 4946 sine
1534 4894 1698 4966 dubio
1728 4895 1857 4958 legit
1905 4891 2158 4966 ἀρρήτων

598 4963 846 5032 (quodet
878 4977 977 5018 nos
1014 4962 1396 5032 prmtulitnus),
1421 4965 1676 5032 quoniam
1718 4962 1954 5032 Anglice
1981 4962 1989 4965 ’
2012 4962 2166 5019 νὴ]οο

597 5031 884 5097 cantet/aint;
913 5033 1124 5084 ltidden.

673 5099 784 5171 (46)
817 5104 987 5170 Syrus
1023 5104 1164 5154 haud
1216 5101 1550 5156 intellexmse
1605 5103 1818 5157 videtur
1849 5104 2165 5165 dictionem,

601 5169 876 5240 βάρϐαρος
903 5171 1003 5241 τὴν
1031 5173 1236 5242 φωνήν,
1269 5173 1312 5226 si
1344 5184 1489 5226 certe
1517 5173 1650 5226 dicit
1690 5173 1756 5243 by
1801 5191 1979 5228 means
2009 5175 2070 5242 of
2099 5177 2166 5226 its

598 5255 762 5298 υοιεε,

676 5309 804 5384 (εἰη
825 5306 882 5368 ln
919 5308 1149 5384 Syriaco
1177 5311 1441 5384 opusculo,
1465 5327 1494 5364 a
1527 5327 1614 5372 tne
1647 5311 1821 5381 edito(
1835 5311 2037 5375 Script.
2067 5323 2165 5370 vet.

601 5385 647 5433 ι.
691 5379 758 5450 Χ)
795 5379 1284 5450 ουοιίἰιιεοιὶὺίιὶιι
1337 5379 1576 5435 Cataonas
1617 5398 1708 5446 seu
1743 5379 1983 5436 doctrina
2029 5385 2168 5446 Apo—

602 5449 881 5514 stolorum,
911 5449 1108 5504 dicitur
1139 5452 1276 5518 p.7:
1315 5453 1521 5516 Accepit
1559 5467 1774 5504 manum
1791 5453 2168 5505 sacerdotalem

603 5519 1176 5591 Apastoloruntﬂoma
1210 5521 1624 5591 οἱυὶιηε-ειηιοια
1653 5519 1836 5586 Italia,
1873 5531 2029 5591 atque
2065 5520 2168 5574 Hi-

601 5587 814 5658 spania,
858 5605 921 5641 ac
952 5588 1243 5660 Britannia
1283 5597 1333 5642 ct
1377 5587 1575 5660 Gallia,
1617 5587 1998 5660 cumgreliqu'is
2051 5593 2170 5644 aliis

605 5661 904 5728 regionibus
925 5659 1189 5726 ﬁnitimis,
1229 5660 1294 5712 ab
1323 5661 1447 5726 ipso‘
1482 5659 1692 5714 Simone
1735 5658 1932 5727 Cephei,
1957 5661 2045 5730 qui
2077 5677 2168 5713 as-

607 5733 852 5784 cenderat
893 5730 956 5782 ab
1000 5730 1302 5793 Antiochia,
1352 5737 1402 5781 et
1448 5731 1551 5797 fuit
1591 5742 1964 5798 prmceptor-ac
2001 5739 2169 5782 rector

607 5800 661 5853 in
703 5798 961 5864 Ecclesia,
991 5815 1146 5867 quam
1171 5799 1240 5859 ibi
1267 5799 1566 5867 aediﬁcavit,
1600 5809 1648 5854 et
1679 5799 1733 5854 in
1759 5799 2015 5853 ﬁnitimis.
2048 5799 2164 5854 iam

2253 1939 2348 1994 νῦν
2372 1939 2710 2010 ἀνθρώπους.

2328 2033 2438 2100 (44)
2466 2033 2650 2086 Ταῦτα
2676 2032 2829 2104 θεϊκῇ
2857 2033 3084 2103 δυνάμει
3121 2033 3525 2102 προηγόρευσεν
3549 2031 3578 2084 6
3607 2030 3798 2102 Σωτήρ
3815 2046 3831 2059 ·

2251 2124 2424 2176 ταῦτα
2453 2127 2564 2187 τοῖς
2592 2124 2774 2194 ἔργοις
2811 2125 2980 2178 πιστά
3019 2125 3112 2176 καὶ
3144 2125 3318 2194 ἀληθῆ
3351 2121 3620 2188 ἐπέδειξεν
3660 2122 3690 2173 6
3734 2121 3837 2173 a6—

2252 2217 2342 2278 τός
2363 2233 2376 2246 ·
2426 2217 2592 2274 ἦγουν
2631 2215 2967 2287 ἀμφιϐολεὺς
3001 2218 3227 2279 ἐκεῖνος,
3277 2217 3306 2268 6
3338 2217 3544 2278 ἁλιεὺς,
3581 2215 3609 2268 6
3639 2213 3834 2284 Σύρος,

2253 2307 2373 2361 ἀντὶ
2402 2309 2500 2378 τῆς
2531 2307 2639 2361 τῶν
2673 2307 2868 2378 ἰχθύων
2899 2309 3092 2379 θήρας,
3123 2309 3253 2370 ὅσας
3285 2307 3583 2376 ἀνθρώπων
3631 2307 3838 2376 ἐσαγή-

2257 2414 2410 2450 νευσε
2441 2397 2710 2468 μυριάδας
2733 2397 2905 2466 λόγων
2935 2398 3260 2469 ἀπορρήτων
3287 2397 3528 2460 δικτύοις
3558 2395 3710 2466 θεῖκῇ
3739 2395 3838 2448 δυ-

2256 2487 2414 2558 νάμει
2449 2487 2750 2552 πλακεῖσιν,
2794 2501 2894 2541 ουκ
2935 2487 3080 2540 ἔστιν
3119 2487 3336 2559 ἀριθμῷ
3387 2487 3700 2560 περιλαϐεῖν
3741 2487 3840 2540 δυ-

2257 2577 2434 2632 νατόν.
2471 2576 2630 2644 ὀψις
2655 2577 2700 2629 δ’
2730 2577 2984 2648 ἀρῤήτων
3024 2575 3135 2645 (45)
3163 2575 3232 2630 τὰ
3261 2577 3559 2646 φαινόμενα
3577 2592 3594 2606 ·
3639 2575 3675 2628 ἃ
3721 2576 3836 2646 γὰρ

2256 2669 2284 2720 6
2320 2667 2527 2738 μακρὸς
2553 2665 2685 2718 αίὼν
2713 2667 2808 2719 τοῦ
2839 2666 2954 2736 βίου
2981 2667 3088 2738 πρὸ
3117 2665 3216 2733 τῆς
3239 2667 3334 2720 τοῦ
3363 2667 3612 2737 Σωτῆρος
3637 2665 3838 2732 (isosc-

2256 2758 2402 2820 νείας
2431 2759 2531 2810 οὐκ
2563 2759 2812 2828 ἤνεγκεν,
2847 2757 2884 2812 ἀ
2925 2759 3058 2829 μήτε
3093 2761 3332 2830 Μωῦσῆς
3361 2761 3389 2812 6
3417 2759 3526 2811 τῶν
3568 2760 3838 2831 Ἑϐραίων

2257 2847 2568 2919 νομοθέτης,
2601 2849 2738 2919 μήτε
2763 2852 2811 2902 οἰ
2841 2849 2976 2920 με.τά
3005 2851 3240 2903 Μωῦσέα
3271 2850 3366 2903 τοῦ
3395 2849 3529 2906 Θεοῦ
3559 2852 3837 2922 προφῆται

2259 2940 2431 2992 πολλά
2471 2941 2740 3010 καμόντες
2777 2942 2866 2995 διὰ
2905 2941 3086 3013 πάσης
3127 2943 3322 3006 νυκτὸς
3361 2947 3460 3013 τῆς
3513 2943 3839 3012 ἐπιφανείας

2259 3031 2424 3086 αύτοῦ
2465 3032 2918 3104 καταπράξασθαι
2951 3035 3028 3106 μὴ
3059 3033 3392 3104 δεδύνηνται,
3420 3035 3590 3088 ταῦτα
3618 3039 3645 3088 6
3675 3035 3840 3096 Γαλι-

2260 3123 2428 3189 λαῖος,
2474 3126 2504 3178 6
2532 3125 2720 3194 πένης,
2749 3128 2777 3178 6
2823 3125 3095 3197 βάρϐαρος
3138 3128 3236 3198 τὴν
3270 3127 3450 3198 φωνὴν
3486 3128 3618 3199 (46),
3669 3129 3838 3192 αὐτὸς

2261 3217 2468 3278 ἐκεῖνος
2495 3217 2523 3268 6
2561 3215 2766 3288 Πέτρος
2795 3217 3191 3288 κατεπράξατο.
3229 3221 3435 3289 Δεῖγμα
3473 3219 3530 3272 δὲ
3563 3219 3670 3271 τῶν
3711 3219 3838 3274 τότε

2259 3305 2712 3359 ἐπιτελεσθέντων
2739 3307 2874 3378 πρὸς
2898 3307 3106 3378 Πέτρου
3135 3310 3189 3360 αἱ
3210 3312 3288 3372 εἰς
3311 3309 3470 3381 δεῦρο
3503 3310 3838 3379 διαλάμπου-

2261 3414 2351 3452 σαι
2368 3396 2702 3468 Ἑκκλησίαι,
2739 3397 2874 3450 πολὺ
2903 3397 3100 3468 μᾶλλον
3131 3398 3240 3451 τῶν
3278 3400 3399 3452 τότε
3427 3399 3649 3468 σκαφῶν
3683 3400 3838 3468 λογι-
3937 3391 3942 3396 ⁷

2260 3489 2371 3542 κῶν
2399 3489 2594 3560 ἰχθύων
2635 3489 2970 3558 πληθύουσαι
2988 3506 3002 3518 ·
3031 3484 3117 3543 οἷα
3142 3491 3174 3560 ἡ
3205 3491 3348 3544 κατά
3371 3491 3707 3560 Καισάρειαν
3734 3493 3838 3562 τῆς

2260 3581 2622 3651 Παλαιστίνης
2663 3582 2940 3652 τυγχάνει,
2989 3577 3078 3634 οἶα
3126 3583 3160 3653 ή
3213 3583 3306 3635 ἐπὶ
3357 3583 3684 3653 Ἀντιοχείας
3733 3583 3838 3654 τῆς

2259 3672 2400 3726 κατὰ
2441 3672 2537 3743 τὴν
2582 3671 2799 3743 Συρίαν.
2835 3668 2925 3726 οἷα
2965 3675 2999 3742 ἡ
3052 3674 3143 3726 ἐπὶ
3188 3671 3360 3746 αὐτῆς
3396 3675 3494 3745 τῆς
3550 3673 3838 3743 Ῥωμαίων

2260 3765 2468 3828 πόλεως
2501 3764 2632 3834 (47)·
2665 3763 2826 3818 τάσδε
2869 3763 2976 3834 γὰρ
3007 3764 3170 3828 αὐτὸς
3195 3767 3222 3818 6
3253 3765 3454 3836 Πέτρος
3479 3782 3576 3827 τας
3603 3763 3836 3834 Ἐκκλη-

2263 3857 2401 3918 σίας,
2429 3855 2523 3908 κα)⁸
2545 3855 2644 3917 τὰς
2671 3855 2805 3924 ἀμφ’
2830 3855 2998 3919 αὐτὰς
3026 3857 3242 3919 ἁπάσας
3267 3857 3669 3932 συστησάμενος
3700 3875 3836 3928 μνη.

2265 3946 2546 4017 μονεύεται
2585 3945 2729 4017 (48),
2791 3947 2884 4000 καὶ
2921 3947 3021 4010 τὰς
3079 3949 3164 4004 ἐπ’
3221 3947 3500 4016 Αἰγύπτου
3552 3949 3646 4002 καὶ
3714 3953 3838 4004 κατ’

2263 4039 2429 4108 αὐτὴν
2457 4037 2556 4108 τὴν
2573 4037 2975 4108 Ἀλεξάνδρειαν
2999 4038 3162 4092 πάλιν.
3197 4038 3378 4102 αὐτὸς,
3411 4039 3471 4090 ού
3501 4038 3604 4108 μὴν
3638 4037 3707 4091 δι’
3737 4042 3836 4092 αὑ-

2260 4131 2375 4194 τοῦ,
2391 4131 2480 4192 διὰ
2501 4132 2555 4184 δὲ
2581 4131 2808 4202 Μάρκου
2829 4129 2922 4188 τοῦ
2951 4131 3380 4202 μαθητευθέντος
3405 4131 3552 4204 αὐτῷ
3577 4133 3824 4202 κατεστή-

2265 4241 2416 4276 σατο.
2459 4223 2628 4284 Αὐτὸς
2663 4221 2760 4291 μὲν
2791 4223 2898 4294 γάρ
2941 4224 3082 4292 ἀμιρί
3121 4223 3220 4294 τὴν
3262 4223 3490 4278 Ἰταλίαν
3535 4223 3628 4277 καὶ
3659 4225 3835 4277 πάντα

2263 4315 2331 4369 τὰ
2369 4315 2512 4384 ἀμφὶ
2556 4314 2756 4384 ταύτην
2802 4315 2925 4385 ἔθνη
2971 4315 3229 4385 ἐσχόλαζε
3276 4315 3410 4384 (59),
3451 4315 3540 4367 τὸν
3579 4315 3623 4367 δ’
3671 4315 3836 4367 αὑτοῦ

2267 4407 2526 4477 φοιτητὴν
2563 4406 2788 4476 Μάρκον
2813 4405 2920 4458 τῶν
2945 4406 3062 4470 κατ’
3095 4405 3366 4474 Αἴγυπτον
3398 4405 3714 4468 διδάσκαλον
3743 4407 3834 4460 κει.ὶ

2190 4512 2240 4571 ι)
2267 4497 2600 4568 σαγηνευτὴν
2628 4496 2984 4567 ἀποδέδειχεν.

2271 4630 2398 4668 vero
2447 4615 2588 4684 quod
2620 4615 2724 4669 hoc
2760 4613 3102 4681 Opuscttlum,
3153 4613 3204 4667 in
3253 4613 3497 4667 Romano
3543 4613 3836 4666 chartaceo

2267 4683 2610 4742 codice’cum
2645 4685 2904 4738 Ehediesu
2927 4684 3106 4738 saeculi
3139 4699 3238 4737 λιιι
3260 4694 3482 4738 auctore.
3508 4683 3836 4750 copulatum,

2269 4772 2410 4810 nunc
2465 4756 2516 4808 itt
2559 4754 2744 4812 codice
2800 4754 2983 4806 saacnlt
3030 4755 3168 4807 sexti
3213 4763 3304 4804 aut
3354 4753 3562 4820 septimi
3601 4769 3628 4803 a
3661 4753 3835 4804 doctis

2271 4841 2484 4894 quoque
2533 4824 2723 4889 Anglis
2775 4835 3107 4890 compertum
3163 4823 3344 4880 fuerit,
3415 4837 3546 4894 sane
3587 4823 3834 4894 gaudeo;

2269 4895 2348 4947 sic
2380 4889 2522 4948 enim
2546 4894 2663 4959 ejus
2691 4910 2815 4946 cum
2844 4889 3002 4944 astate
3043 4904 3271 4957 augetur
3311 4889 3626 4945 auctoritas.
3682 4889 3836 4959 Quod

2270 4972 2446 5026 autem
2479 4965 2537 5017 in
2564 4958 2856 5016 editionem
2895 4961 3143 5016 Latinam
3193 4977 3364 5013 meant
3419 4960 3702 5028 irrcpserit
3742 4958 3830 5028 Bi-

2269 5034 2448 5103 thynia
2505 5049 2601 5100 pro
2649 5031 2948 5094 Britannia,
3009 5047 3128 5084 cum
3176 5041 3352 5103 t_atnet_t
3385 5047 3501 5081 mea
3523 5027 3667 5103 Iipsa

2271 5098 2412 5157 riaca
2448 5098 2616 5156 editio
2656 5111 2801 5156 recte
2847 5105 3113 5168 haheatp.
3153 5099 3271 5161 174,
3312 5098 3590 5160 Brittania,
3619 5109 3677 5150 ut
3726 5098 3834 5168 Sy-

2273 5189 2361 5224 rus
2407 5179 2609 5228 lnoster
2693 5173 3022 5239 pronuntiat,
3077 5171 3154 5223 'id
3208 5187 3310 5222 non
3361 5170 3483 5222 sine
3525 5169 3742 5239 aliqua,_
3781 5175 3834 5239 ut

2271 5245 2430 5308 ρειιοῖ
2475 5241 2668 5294 mentis
2695 5237 3028 5307 ενεκειιίηιιε
3077 5240 3158 5292 vel
3219 5251 3460 5309 typorunt
3499 5241 3692 5290 mendo
3718 5237 3834 5309 ﬁeri

2267 5305 2460 5379 potuit.
2524 5309 2788 5380 (Namque
2818 5305 3042 5380 VAloysii
3089 5305 3374 5362 Asscntani.
3407 5306 3656 5380 Latinum
3707 5305 3816 5380 seri

2281 5393 2449 5448 ptum,
2475 5377 2605 5448 quid
2641 5379 2857 5448 habeat,
2896 5377 3070 5448 neque
3120 5393 3260 5448 nunc
3287 5377 3656 5448 tnentini,_nec
3693 5377 3835 5438 scire

2272 5445 2542 5518 interest?)
2580 5447 2710 5514 Quis
2757 5449 2900 5502 enim
2953 5445 3092 5518 inter
3129 5447 3358 5502 Galliam
3411 5445 3836 5518 etillt‘Spaniatn2

2271 5513 2574 5588 Bithyniam
2603 5513 2784 5588 potius
2821 5533 2983 5586 quam
3006 5517 3350 5588 (Britanniam.
3379 5517 3524 5588 serio
3557 5515 3788 5588 collucet
3815 5513 3834 5565 2

2343 5583 2456 5659 (48)
2487 5587 2584 5642 Hic
2603 5583 2939 5654 alittuatttuttt
2969 5587 3174 5640 abludit
3190 5603 3218 5639 a
3236 5585 3425 5659 Graeco
3454 5583 3644 5659 Syrus.
3667 5583 3834 5659 Porro

2270 5654 2446 5712 semel
2467 5660 2641 5711 adhuc
2668 5659 2774 5728 aio,
2816 5674 2900 5712 me
2924 5659 3207 5728 Syriacum
3238 5655 3430 5728 librum
3467 5655 3596 5724 (quo
3627 5654 3834 5720 careo),

2272 5729 2482 5784 nonnisi
2523 5743 2590 5780 ex
2625 5727 2917 5798 Anglicani;
2944 5726 3386 5795 interpretatione
3411 5739 3758 5798 cognoscere.

2344 5799 2454 5854 (49)
2487 5799 2672 5853 Adhuc
2695 5795 2727 5850 ει
2755 5797 2930 5855 Graeci
2963 5806 3142 5853 textus
3165 5811 3324 5851 sensu
3371 5795 3604 5850 deﬂectit
3641 5795 3830 5851 Syrus.
