4170 6406
529 266 625 319 631

1232 256 1517 319 ΕΗΕΕΒΠ
1541 261 2016 321 CAiSARlENSlS
2034 260 2104 321 Ὀ]

2246 266 2424 321 PARS
2463 256 2550 324 lvi.
2591 301 2657 309 —-
2697 268 3111 325 DOGMATICA.

3659 273 3764 329 652

524 382 833 446 devinctos;
858 395 997 434 nunc
1025 388 1202 435 autem
1229 382 1405 447 primo
1430 397 1496 436 ex
1520 384 1728 450 impura
1762 385 2094 454 scelestaqne

2203 386 2550 458 καθαίρεσθαι
2603 389 2667 440 ἐκ
2716 388 2815 455 τῆς
2864 387 3180 457 δαιμονικῆς
3238 404 3328 440 και
3381 385 3763 458 είδωλολάτρου

524 474 630 523 vita
670 482 972 524 revocatos.
1028 471 1205 539 Atque
1264 482 1320 524 ut
1370 474 1454 527 his
1505 476 1769 528 suadeant
1819 476 2089 541 admonet,

524 572 646 631 post
710 564 1123 631 purgationem,
1208 565 1419 633 mystici
1489 566 1781 635 magisterii
1848 568 1899 618 vi
1970 582 2094 636 per-

524 664 724 718 actam,
756 654 894 708 haud
928 653 1037 720 jam
1070 666 1339 725 prmeepta
1384 656 1631 719 Iudaica,
1678 672 1854 727 neque
1895 658 2096 726 Moysis

529 745 787 813 legitima,
828 746 921 800 sed
972 762 1091 817 quae
1150 748 1260 816 ipse
1307 749 1373 801 iis
1418 752 1751 818 praeciperet,
1781 749 2093 805 observare.

525 835 651 890 llznc
680 836 930 891 videlicet
952 853 1059 892 uno
1080 853 1175 891 ore
1202 840 1379 892 cuncti
1407 842 1533 894 dum
1555 855 1650 909 per
1677 851 1864 911 gentes
1890 840 2098 896 discur-

526 938 709 982 I'crent
744 930 1030 983 tradebant
1054 932 1362 985 constitutis
1391 931 1442 985 in
1476 934 1727 987 universo
1751 932 1885 987 orbe
1909 932 2097 988 Eccle-

526 1020 643 1073 siis.
692 1020 866 1089 Atque
901 1030 959 1073 ut
998 1038 1134 1089 opus
1178 1032 1319 1087 erat,
1366 1023 1636 1086 hortatur,
1692 1031 1748 1077 et
1807 1024 2096 1078 alacriores

526 1110 690 1166 elﬁcit
716 1113 781 1165 ad
810 1114 1084 1167 adenudas
1114 1124 1432 1168 venatorum
1459 1130 1609 1169 more
1634 1125 1844 1185 gentes,
1881 1124 1935 1170 et
1961 1116 2095 1169 uni—

525 1219 741 1257 versum
781 1207 1056 1260 hominum
1094 1223 1263 1276 genus
1298 1205 1674 1269 erudiendum,
1731 1207 1913 1260 addita
1970 1223 2096 1277 pro-

527 1293 821 1348 missione:
857 1294 993 1348 Ecce
1027 1313 1115 1365 ego
1143 1298 1403 1350 vobiscum
1431 1311 1581 1361 sum;
1636 1298 1936 1351 secundum
1970 1312 2098 1351 vero

526 1385 749 1445 Lucam.
774 1386 1036 1455 Spiritum
1069 1390 1359 1457 spondens.
1410 1389 1535 1445 Haec
1569 1401 1748 1444 autem
1785 1389 2099 1459 promissio-

528 1476 613 1529 nis
662 1476 827 1529 verba
886 1478 1059 1546 reipsa
1107 1479 1400 1533 cumulavit
1439 1496 1451 1530 :
1505 1496 1627 1533 nam
1678 1480 1859 1535 divina
1897 1479 2099 1535 virtute

528 1568 722 1635 cuique
774 1578 988 1631 astans,
1044 1571 1315 1639 inspirans
1355 1571 1519 1626 simul
1556 1582 1612 1627 et
1646 1587 1963 1641 cooperans,
2005 1587 2098 1627 ne—

527 1660 656 1728 gotii
693 1675 1003 1715 successum
1033 1662 1397 1727 conﬁrmavit,
1416 1676 1615 1732 eosque
1646 1662 1933 1733 magistros
1957 1662 2097 1732 apud

528 1767 714 1806 omnes
756 1764 945 1819 gentes
978 1755 1188 1809 traditae
1219 1771 1246 1807 a
1292 1770 1351 1810 se
1390 1754 1661 1825 religionis
1686 1754 1983 1809 constituit.

2198 478 2424 548 πλάνης,
2468 478 2737 549 μιάσμασί
2780 496 2840 532 τε
2876 478 3149 540 παντοίοις
3188 478 3595 549 ἐνισχημένους,
3639 479 3763 550 ἀρτι

2194 585 2254 620 τε
2284 570 2496 638 πρῶτον
2516 568 2575 634 ἐξ
2598 569 2897 623 ἀκολάστου
2933 568 3026 622 καὶ
3049 569 3363 639 παρανόμου
3396 568 3511 638 βίου
3539 569 3762 638 μεταϐε-

2196 658 2514 731 ϐλημένους.
2549 660 2783 724 Τούτους
2809 662 2864 715 δὲ
2897 662 2991 715 καὶ
3029 661 3297 715 διδάσκειν
3332 661 3586 732 παραινεί
3629 660 3765 731 μετὰ

2195 752 2293 823 τὴν
2317 751 2688 822 ἀποκάθαρσιν
2730 753 2828 823 τὴν
2860 753 2949 807 διὰ
2987 753 3084 823 τῆς
3117 752 3280 807 αὑτοῦ
3318 755 3582 823 μυστικῆς
3620 752 3766 806 διδα-

2199 844 2444 912 σκαλίας,
2464 845 2525 897 ού
2547 846 2617 898 τὰ
2642 845 2908 899 Ἰουδαϊκὰ
2924 845 3373 917 παραγγέλματα.
3390 842 3510 899 οὐδὲ
3525 844 3593 898 τά
3617 844 3767 916 παρά

2196 936 2419 988 Μωῦσεῖ
2457 935 2684 1006 νόμιμα,
2718 936 2831 990 ἀλλ’
2866 938 2966 991 ὅσα
3000 938 3184 1001 αὐτοῖς
3226 936 3525 991 ἐνετείλατο
3566 937 3765 1006 φυλάτ-

2195 1041 2328 1079 τειν.
2365 1026 2547 1080 Ταῦτα
2576 1026 2619 1078 δ’
2651 1023 2720 1097 ἦν
2751 1027 2788 1081 ἃ
2829 1028 2894 1100 δὴ
2938 1028 3241 1099 συμφώνως
3271 1029 3316 1081 oi
3362 1026 3561 1091 πάντες
3605 1030 3767 1081 ἐκπε-

2201 1116 2498 1186 ριελθόντες
2541 1117 2717 1171 πάντα
2751 1118 2819 1172 τά
2863 1119 2987 1190 ἔθνη
3041 1119 3455 1190 παραδεδώκασι
3484 1122 3607 1182 ταῖς
3643 1118 3766 1172 καθ’

2196 1206 2325 1277 ὅλης
2351 1208 2451 1277 τῆς
2483 1210 3183 1282 οίκουμένηςἙκκλησίαις.
3221 1212 3556 1280 Ἀναγκαίως
3588 1212 3645 1265 δέ
3673 1212 3775 1265 ab.

2197 1301 2325 1363 τοὺς
2346 1301 2664 1372 προτρέπει,
2699 1302 2791 1354 καὶ
2816 1302 3254 1374 προθυμοτέρους
3278 1299 3647 1373 ἀπεργάζεται
3675 1302 3769 1353 ἐπὶ

2196 1391 2257 1444 τὸ
2280 1391 2543 1464 θηρεῦσαι
2572 1392 2875 1464 περιελθεῖν
2912 1411 2971 1447 τε
2995 1394 3173 1448 πάντα
3197 1394 3265 1447 τὰ
3286 1392 3434 1464 ἔθνη,
3467 1395 3560 1447 καὶ
3597 1393 3772 1465 μαθη-

2195 1482 2386 1536 τεῦσαι
2425 1485 2533 1536 πᾶν
2568 1483 2723 1552 γένος
2755 1483 3077 1555 ἀνθρώπων,
3106 1484 3171 1537 δι’
3199 1479 3265 1555 ἦς
3297 1484 3588 1555 πεποίηται
3632 1485 3769 1556 πρὸς

2198 1574 2395 1637 αὐτους
2433 1573 2777 1644 ὑποσχέσεως
2819 1575 3018 1628 εἰπών·
3068 1578 3178 1630 Καὶ
3210 1577 3337 1631 ἰδοὺ
3362 1576 3475 1645 ἐγώ
3501 1579 3617 1645 ειμι
3638 1574 3771 1645 μεθ’

2197 1663 2355 1731 ὑμῶν
2378 1682 2391 1694 ·
2426 1666 2569 1719 κατὰ
2593 1665 2649 1719 δὲ
2679 1668 2912 1730 Λουκᾶν,
2943 1665 3004 1720 τὸ
3038 1667 3259 1737 Πνεῦμα
3288 1667 3769 1737 ἐπαγγειλάμενος.

2124 1739 2168 1793 Β
2197 1753 2383 1825 Τούτῳ
2403 1756 2461 1810 δὲ
2480 1756 2557 1827 τῷ
2571 1757 2667 1828 τῆς
2690 1758 3016 1826 ἐπαγγελίας
3035 1759 3177 1829 λόγῳ
3193 1759 3351 1829 ἔργον
3369 1759 3595 1824 ἐπιθεὶς,
3612 1760 3769 1830 θεϊκῇ

528 1862 585 1898 τε
608 1846 830 1916 δυνάμει
856 1848 1071 1919 ἑκάστῳ
1106 1846 1299 1914 συνὼν,
1333 1850 1622 1919 συμπνέων
1644 1867 1701 1902 τε
1724 1849 1905 1913 αὐτοῖς
1933 1848 2026 1901 καὶ
2051 1849 2346 1920 συνεργῶν,
2387 1850 2726 1905 επιστώσατο
2755 1850 2813 1904 τὸ
2838 1850 3187 1924 κατόρθωμα,
3209 1853 3562 1917 διδασκάλους
3585 1870 3644 1906 τε
3674 1853 3774 1906 αύ-

526 1938 653 2001 τοὺς
685 1940 791 1991 τῶν
815 1940 981 1993 ἐθνῶν
1014 1940 1266 1994 ἁπάντων
1307 1941 1407 2011 τῆς
1441 1943 1531 1994 ὑπ’
1561 1941 1723 1995 αὐτοῦ
1758 1940 2155 2013 παραδοθείσης
2180 1939 2484 2006 θεοσεόειας
2512 1941 2985 2015 ἀποδεικνύμενος.

601 2031 654 2083 9..
680 2030 791 2084 Hac
816 2032 888 2086 illi
910 2033 1266 2102 promissione
1283 2034 1417 2098 nixi,
1434 2050 1596 2103 opere
1626 2036 1742 2104 ipso
1772 2034 1917 2089 illius
1936 2036 2098 2089 verba

531 2124 922 2193 complebant:
963 2126 1211 2194 protinus
1261 2127 1405 2180 enim
1452 2126 1584 2179 nihil
1626 2136 1921 2190 morantes.
1955 2125 2101 2180 omni

530 2231 652 2269 cum
672 2216 952 2271 alacritate
972 2218 1038 2271 ad
1058 2218 1292 2286 gentium
1318 2218 1680 2289 magisterium
1701 2218 2100 2273 discurrebant.

532 2304 668 2360 Tum
698 2308 813 2375 ipso
842 2309 917 2363 rei
944 2320 1139 2364 eventu
1164 2312 1429 2379 persuasi,
1454 2310 1732 2379 oculisque
1768 2325 1891 2365 eum
1920 2310 2105 2366 viven-

534 2411 640 2453 tem
668 2410 957 2455 cernentes
977 2400 1066 2470 qui
1100 2400 1258 2471 paulo
1287 2410 1445 2457 antea
1489 2403 1790 2458 exstinctus
1824 2403 2022 2469 fuerat,
2050 2411 2107 2456 et

531 2506 693 2561 quem
727 2505 847 2545 cum
888 2490 1261 2560 jurejurando,
1285 2502 1506 2562 propter
1537 2508 1598 2547 ea
1626 2507 1745 2561 quae
1773 2491 2102 2557 acciderant,

534 2591 863 2652 negaverant
883 2598 898 2648 ;
919 2583 1085 2648 hunc,
1103 2582 1346 2651 inquam,
1371 2591 1674 2651 spectantes
1691 2582 1969 2636 evidenter
1985 2596 2106 2650 per-

534 2672 907 2741 sonaliterque
944 2682 1285 2740 przesentem,
1328 2683 1381 2729 et
1430 2690 1580 2729 more
1610 2674 1772 2729 solito
1824 2672 2104 2743 alloquen-

536 2774 668 2828 tem,
692 2774 830 2819 etea
854 2780 975 2835 qua:
1007 2763 1117 2832 jam
1152 2782 1252 2821 nos
1278 2766 1513 2821 diximus
1552 2767 1952 2837 promittentem
1993 2782 2006 2816 :
2050 2764 2103 2818 in

535 2863 774 2921 tantum,
804 2864 861 2909 ut
905 2872 933 2910 a
969 2857 1234 2924 promisso
1264 2872 1322 2911 se
1353 2857 1603 2911 excidere
1646 2856 1785 2909 haud
1817 2870 1976 2925 posse
2000 2868 2105 2909 co—

538 2957 882 3016 gnoscerent,
931 2958 1150 3017 pmpter
1186 2948 1421 3003 oblatam
1452 2949 1622 3003 oculis
1684 2948 2102 3018 apparitionem.

537 3039 671 3105 Qua:
700 3039 801 3094 nisi
853 3040 923 3094 ita
951 3055 1009 3094 se
1036 3040 1318 3107 haberent,
1364 3039 1604 3109 profecto
1625 3039 1689 3093 ad
1720 3048 1986 3108 praecepta
2016 3037 2103 3092 illa

540 3133 895 3200 torpuissent,
949 3132 1265 3187 rusticitatis
1315 3148 1426 3187 suae
1482 3140 1539 3187 et
1613 3132 1843 3186 idiotica:
1884 3130 2106 3198 loquelae

541 3225 770 3289 conscii,
818 3225 974 3295 cujus
1023 3239 1187 3280 causa
1234 3224 1467 3279 ollicium
1521 3224 1754 3279 fortasse
1809 3225 2106 3277 detrectas—

2275 2034 2337 2104 β’.
2362 2032 2541 2106 Ταύτῃ
2566 2032 2696 2104 γοῦν
2716 2036 3180 2108 ἐπιθαρσήσαντες
3196 2041 3262 2109 τῇ
3281 2037 3600 2109 ἐπαγγελίᾳ.
3619 2038 3768 2107 ἔργῳ

2201 2127 2325 2189 τοὺς
2354 2128 2516 2181 αὐτοῦ
2549 2127 2741 2195 λόγους
2774 2128 3077 2201 ἐπλήρουν·
3119 2131 3315 2185 αὐτίκα
3343 2131 3505 2201 μηδὲν
3545 2130 3777 2199 ὑπερθέο

2207 2240 2376 2294 μενοι,
2401 2225 2496 2277 σὺν
2540 2241 2687 2295 πασῃ
2735 2226 3010 2298 προθυμίᾳ
3055 2224 3344 2296 περιῆλθον
3393 2227 3485 2279 ἐπὶ
3523 2227 3623 2299 τὴν
3664 2227 3779 2281 τῶν

2202 2316 2371 2370 ἐθνῶν
2385 2315 2749 2371 διδασκαλίαν·
2770 2317 2915 2389 έργῳ
2935 2318 3032 2388 μέν
3050 2318 3196 2388 αὐτῷ
3214 2316 3617 2389 παραλαϐόντες
3638 2318 3779 2389 (55),

2206 2408 2298 2462 καὶ
2318 2408 2614 2477 ὀφθαλμοῖς
2643 2408 2877 2480 ὁρῶντες
2899 2408 3076 2473 ζῶντα
3102 2409 3191 2462 τδν
3218 2410 3323 2481 πρὸ
3361 2409 3555 2481 μικροῦ
3592 2410 3780 2464 θανόνο

2203 2518 2293 2563 τα,
2326 2500 2418 2553 καὶ
2440 2499 2498 2552 ὃν
2525 2498 2870 2570 ἐξωμόσαντο
2893 2500 3259 2572 ἀρνησάμενοι
3289 2501 3376 2555 διά
3406 2501 3475 2555 τά
3499 2501 3778 2573 συμϐεϐη-

2206 2589 2358 2653 κότα,
2385 2589 2572 2643 τοῦτον
2599 2590 2759 2643 αὐτὸν
2779 2591 3024 2661 ἐναργῶς
3055 2593 3147 2644 καὶ
3169 2590 3611 2662 αὐτοπροσώπως
3642 2609 3781 2663 παρ-

2203 2680 2332 2735 όντα
2365 2681 2458 2734 καὶ
2500 2680 2742 2752 συνήθως
2794 2681 3333 2752 προσδιαλεγόμενον,
3380 2680 3781 2751 ἐπαγγελλόμεο

2205 2770 2295 2825 νόν
2323 2789 2382 2823 τε
2404 2771 2585 2835 αὐτοῖς
2609 2772 2676 2825 τὰ
2712 2772 3144 2843 προλελεγμένα·
3177 2773 3279 2827 οὐκ
3304 2773 3518 2844 ἔχοντες
3543 2772 3601 2825 δέ
3630 2773 3781 2836 ὅπως

2203 2864 2269 2916 ἀν
2290 2863 2645 2933 ἀποστήσωσι
2676 2861 2773 2931 τῆς
2798 2863 3127 2931 ἐπαγγελίας
3156 2863 3241 2916 διὰ
3268 2864 3368 2933 τὴν
3400 2861 3776 2934 θεωρουμένης

2203 2953 2343 3023 ὄψιν.
2377 2948 2457 3006 Ἦ
2488 2953 2598 3024 γὰρ
2626 2955 2692 3007 ἂν
2716 2956 2808 3008 καὶ
2837 2953 3169 3024 ἀπώκνησαν
3202 2953 3335 3024 πρὸς
3370 2953 3430 3007 τὸ
3475 2953 3781 3023 ἐπίταγμα.

2205 3045 2495 3116 ἀγροικίαν
2524 3044 2735 3109 ἑαυτοῖς
2762 3046 2855 3099 καὶ
2879 3045 3055 3113 λόγων
3089 3045 3355 3099 ἰδιωτείαν
3386 3043 3788 3112 συγγινώσκου-

2203 3151 2316 3201 τες,
2351 3137 2419 3189 δι’
2448 3142 2515 3208 ἢν
2547 3136 2687 3207 τάχα
2714 3136 2779 3190 ἄν
2802 3137 2895 3191 καὶ
2922 3136 3307 3209 παρῃτήσαντο
3329 3153 3344 3167 ·
3381 3134 3605 3198 εἰκότως
3628 3134 3782 3201 λογι-

2208 3228 2450 3297 σάμενοι,
2474 3245 2550 3289 ως
2578 3229 2673 3298 οὐχ
2700 3226 2810 3280 οἷόν
2838 3245 2897 3280 τε
2926 3223 2996 3297 ἦν
3021 3227 3227 3297 Σύρους
3252 3226 3351 3297 τὴν
3377 3225 3642 3293 γλῶτταν,
3683 3226 3785 3277 καὶ

539 3325 693 3379 sent;
729 3324 875 3370 recte
917 3316 1216 3385 cogitantes
1241 3316 1355 3371 ﬁeri
1402 3315 1545 3371 haud
1590 3329 1748 3384 posse
1775 3324 1835 3368 ut
1862 3312 2104 3369 homines

2210 3317 2370 3370 πλέον
2401 3317 2608 3381 ἁλιείας
2641 3317 2805 3388 μηδὲν
2822 3316 3236 3386 ἐπισταμένους,
3269 3315 3617 3376 διδασκάλους
3646 3314 3793 3384 ὁμοῦ

542 3411 721 3482 lingua
754 3410 900 3481 Syri,
941 3420 996 3465 et
1030 3419 1222 3480 przeter
1268 3419 1441 3463 artem
1492 3408 1838 3476 piscatoriam
1867 3407 2107 3461 omnium

542 3500 740 3570 ignari,
777 3502 1014 3574 magistri
1056 3501 1509 3556 constituerennrr
1530 3498 2111 3557 muscarum-simulet

542 3592 936 3657 Romanorum,
953 3592 1324 3664 Egyptiorum
1356 3603 1411 3647 et
1432 3592 1740 3658 Persarum,
1765 3594 2108 3663 aliarumque

543 3689 779 3757 gentium
811 3687 1184 3747 barbararum,
1212 3685 1458 3755 legesque
1488 3684 1694 3740 ferrent
1721 3700 1903 3740 cora-tn
1933 3685 2107 3754 legum

543 3783 807 3839 latoribus
870 3784 1225 3854 regibusque,
1289 3782 1593 3837 contrarias
1646 3781 1709 3834 iis
1769 3780 2111 3849 opinionibus

541 3888 663 3941 quze
701 3873 767 3925 de
790 3872 1061 3941 primariis
1087 3872 1189 3926 diis
1222 3886 1288 3925 ex
1318 3872 1463 3925 omni
1497 3884 1612 3924 ιιινο
1637 3872 1976 3924 exstiterant.
2005 3869 2109 3923 Sed

543 3964 659 4016 inec
689 3977 905 4016 versare
937 3963 1118 4015 animo
1151 3978 1254 4015 non
1288 3962 1485 4015 licebat
1522 3960 1651 4024 illis,
1679 3961 1769 4030 qui
1794 3977 1979 4014 vocem
2017 3960 2108 4015 Dei

543 4052 778 4107 dicentis
801 4052 1083 4105 audierant
1112 4070 1126 4107 :
1152 4052 1286 4106 Ecce
1335 4069 1426 4122 ego
1470 4052 1726 4105 vobiscum
1779 4069 1927 4116 sum;
1970 4068 2107 4121 quo-

546 4125 689 4198 niam
733 4143 1012 4198 evidenter
1057 4154 1382 4213 aspexerant
1440 4142 1711 4211 loquentis
1772 4142 2109 4196 divinitatem

546 4236 706 4290 morti
727 4236 1058 4305 superiorem
1089 4235 1419 4303 apparuisse.
1454 4234 1587 4289 llinc
1615 4249 1708 4289 eos
1736 4233 2112 4290 inobedientia:

546 4332 712 4384 titnor
743 4330 981 4393 incessit,
1008 4329 1234 4399 ideoque
1270 4328 1523 4399 periculis
1553 4342 1612 4383 se
1629 4326 1994 4395 obiectabant,
2021 4341 2106 4380 ac-

546 4433 699 4492 cepta
731 4437 759 4475 a
792 4421 1049 4491 magistro
1080 4421 1240 4475 arrha
1264 4422 1388 4475 vitm
1419 4430 1536 4489 post
1570 4430 1797 4475 mortem
1836 4420 2108 4484 vivenda‘;

545 4528 853 4582 magnoque
882 4513 1065 4567 animo
1109 4522 1334 4567 cunctas
1362 4525 1549 4582 gentes
1587 4511 1830 4571 obibant,
1865 4512 2109 4581 magistri

2222 3408 2610 3481 Ἐλλήνωναχαὶ
2659 3409 2963 3481 Ῥωμαίων,
2994 3408 3304 3475 Αἰγυπτίων
3342 3425 3402 3460 τε
3437 3409 3530 3460 καὶ
3554 3407 3787 3478 Περσῶν

2210 3502 2303 3554 καὶ
2346 3501 2453 3553 τῶν
2488 3501 2688 3555 λοιπῶν
2718 3501 3006 3573 βαρϐάρων
3038 3498 3206 3554 ἐθνῶν
3249 3498 3602 3562 καταστῆναι,
3634 3502 3789 3552 ἀντι-

2210 3593 2567 3664 νομοθετῆσαί
2607 3611 2667 3646 τε
2712 3597 2825 3657 τοῖς
2857 3592 3169 3663 ἁπανταχοῦ
3216 3592 3321 3661 γῆς
3364 3593 3681 3663 νομοθέταις
3726 3611 3785 3646 τε

2210 3687 2303 3739 καὶ
2338 3685 2635 3754 βασιλεῦσι,
2671 3686 2932 3739 τάναντία
2965 3688 3075 3748 τοῖς
3100 3684 3226 3755 περὶ
3250 3684 3359 3737 τῶν
3388 3683 3616 3754 πῴντων
3644 3683 3790 3736 θεῶν

2209 3780 2275 3831 ἐκ
2316 3778 2407 3831 τοῦ
2451 3776 2649 3839 παντὸς
2695 3777 2889 3841 αἰῶνος
2933 3774 3294 3846 δεδογμένοις.
3341 3775 3480 3827 Ἀλλ’
3513 3775 3615 3827 οὐκ
3657 3774 3789 3842 ἐξῆν

2209 3871 2391 3934 αὐτοῖς
2414 3869 2588 3923 ταῦτα
2618 3869 2962 3932 διανοεῖσθαι,
2994 3869 3259 3922 ἀκούσασι
3297 3870 3395 3938 μὲν
3429 3867 3564 3920 Θεοῦ
3602 3867 3789 3938 φωνῆς

2209 3961 2473 4031 λεγούσης
2498 3963 2700 4025 αὐτοῖς,
2739 3960 2890 4015 Ἰδοὺ
2928 3960 3042 4030 ἐγὼ
3086 3962 3212 4029 μεθ’
3250 3960 3418 4029 ὑμῶν
3440 3961 3555 4027 ειμι
3575 3997 3591 4022 ,
3614 3959 3795 4030 ὁρῶσι

2207 4054 2267 4107 δὲ
2302 4054 2507 4124 ἐναργῆ
2540 4054 2638 4124 τὴν
2669 4052 2761 4105 τοῦ
2794 4052 3079 4115 λαλοῦντος
3107 4052 3334 4120 θεότητα
3377 4050 3654 4122 κρείττονα
3694 4053 3791 4103 θα-

2211 4148 2374 4201 νάτου
2408 4146 2699 4214 φανθείσαν
2718 4163 2730 4175 ·
2772 4145 2853 4198 διὸ
2887 4146 2979 4198 καὶ
3001 4145 3115 4207 δέος
3160 4145 3343 4207 αὐτοῖς
3376 4144 3473 4212 τῆς
3503 4143 3788 4213 παρακοῆς

2211 4238 2382 4309 εἰσῄει
2405 4238 2542 4307 (54).
2574 4237 2764 4290 Ἔνθεν
2786 4237 2951 4307 ὁμόσε
2972 4239 3084 4300 τοίς
3112 4236 3375 4299 κινδύνοις
3407 4234 3667 4306 ἐχώρουν,
3690 4236 3791 4305 τῆς

2215 4332 2353 4400 μετὰ
2376 4330 2604 4383 θάνατον
2635 4328 2778 4399 ζωῆς
2806 4328 2955 4400 παρά
2977 4328 3073 4382 τοῦ
3098 4328 3415 4382 διδασκάλου
3438 4326 3694 4390 λαϐόντες
3724 4327 3803 4381 τὰ

2214 4420 2482 4490 ἐχέγγυα·
2518 4418 2786 4489 προῆλθόν
2814 4437 2872 4473 τε
2910 4418 3189 4491 εὐθαρσῶς
3216 4419 3309 4471 ἐπὶ
3343 4417 3443 4489 τὴν
3474 4418 3587 4470 τῶν
3613 4418 3788 4471 ἀπάν-

2212 4529 2319 4565 των
2353 4511 2521 4565 ἐθνῶν
2562 4510 2829 4581 περίοδον,
2860 4510 2955 4563 τοῦ
2994 4527 3145 4577 σφων
3184 4508 3500 4562 διδασκάλου
3531 4508 3630 4572 τὰς
3660 4509 3795 4561 ὐπο-

545 4604 627 4657 sui
675 4604 1062 4674 promissiones
1102 4619 1267 4674 opere
1308 4604 1696 4659 continuantes
1728 4602 1840 4672 (55)
1872 4621 1887 4657 :
1915 4603 2104 4671 quibus

2218 4603 2430 4674 σχέσεις
2470 4602 2648 4674 ἔργοις
2690 4601 3068 4672 πιστούμενοι·
3104 4595 3185 4664 οἷς
3216 4601 3309 4653 καὶ
3331 4600 3467 4669 ἐφη·
3508 4601 3697 4671 Ὑμεῖς
3734 4599 3789 4652 δέ

542 4698 707 4750 etiarn
730 4698 977 4750 dixerat:
1012 4692 1119 4751 Vos
1152 4696 1282 4751 estis
1314 4696 1506 4749 horum
1531 4705 1719 4758 testes,
1754 4695 1942 4751 mortis
1969 4696 2113 4749 vide-

546 4787 673 4842 licet
699 4802 761 4841 ac
785 4788 1221 4842 resurrectionis.

617 4882 670 4937 5.
703 4881 833 4935 Cum
863 4897 993 4951 ergo
1030 4880 1200 4935 semel
1254 4879 1585 4935 declarasset
1630 4888 1880 4948 oportere
1927 4879 1979 4932 in
2017 4895 2116 4935 no-

547 4975 695 5027 mine
725 4974 842 5041 ejus
880 4974 1162 5043 prcedicari
1204 4974 1579 5042 penitentiam
1613 4978 1665 5027 in
1698 4973 1906 5028 cunctis
1944 4972 2119 5041 genti-

549 5068 682 5128 bus;
725 5066 824 5119 nisi
850 5065 987 5118 facta
1021 5065 1200 5119 verbis
1233 5075 1413 5133 postea
1436 5066 1854 5125 consensissent,
1881 5079 1947 5118 ne
1970 5064 2115 5117 illum

545 5160 767 5228 quidem
795 5174 824 5213 a
850 5160 1079 5213 mortuis
1102 5159 1367 5213 revixisse
1390 5159 1759 5213 crederemus.
1809 5159 1904 5212 Sin
1941 5160 2119 5225 potius

549 5252 617 5306 ad
652 5253 787 5308 hanc
822 5266 993 5322 usque
1024 5252 1164 5306 diem
1191 5262 1404 5306 etnunc
1428 5251 1589 5305 etiam
1615 5250 1894 5318 przedictio
1925 5248 1975 5300 in
2007 5262 2117 5303 rein

622 5426 738 5493 (55)
764 5424 932 5477 Aliter
955 5425 1041 5477 hic
1061 5423 1407 5494 interpungit,
1432 5432 1932 5493 consequenterqne
1958 5424 2123 5476 inter-

549 5508 796 5569 pretatur
820 5495 996 5569 editor
1018 5495 1239 5569 Anglus.

632 5567 743 5635 (54)
769 5567 893 5618 Abit
921 5567 970 5616 in
1001 5565 1163 5635 alium
1192 5578 1411 5635 prorsus
1444 5578 1662 5635 setismn
1699 5563 1913 5635 Anglii-3
1940 5576 2001 5613 ex

551 5632 704 5692 τίοιιο
760 5634 1137 5703 interpretatio
1174 5650 1187 5686 :
1226 5632 1530 5699 liespecting
1577 5633 1703 5685 wich
1742 5634 1970 5684 however
2006 5633 2121 5699 they

549 5710 661 5763 har!
680 5707 1005 5762 mtertnincd
1034 5706 1164 5761 fur.
1206 5704 1453 5765 (Syriaco
1485 5712 1631 5754 textu
1669 5718 1752 5754 me
1780 5716 1966 5754 carere
2011 5716 2119 5754 ιιηω

2220 4700 2345 4749 ἐστε
2390 4695 2664 4766 μάρτυρες
2707 4694 2931 4757 τούτων,
2962 4691 3057 4745 τοῦ
3078 4691 3306 4745 θανάτου
3338 4690 3538 4762 δηλαδὴ
3568 4691 3661 4744 καὶ
3693 4690 3792 4761 τῆς

2221 4788 2585 4850 ἀναστάσεως.
3076 4780 3081 4789 ’

2293 4878 2502 4949 (55-56)
2531 4886 2597 4947 γ’.
2633 4877 2812 4944 "Ai-ruﬁ
2834 4874 2925 4931 οὖν
2948 4877 3371 4948 ἀποφηναμένου
3389 4877 3498 4930 δεῖν
3516 4875 3792 4947 κηρυχθῆ-

2224 4971 2315 5023 siti.
2332 4969 2410 5040 τῷ
2432 4970 2652 5040 ὀνόματι
2672 4969 2834 5024 αὐτοῦ
2857 4969 3139 5039 μετάνοιαν
3167 4968 3259 5019 ἐπὶ
3282 4968 3460 5021 πάντα
3489 4968 3553 5019 τὰ
3575 4967 3724 5037 ἔθνη,
3744 4967 3789 5019 εί

2222 5081 2307 5115 ναι
2328 5060 2401 5132 μὴ
2416 5058 2505 5115 τοῦ
2515 5079 2639 5133 ργον
2672 5061 3070 5131 ἐπηκολούθηκε
3090 5059 3167 5129 τῷ
3183 5058 3343 5129 λόγῳ,
3368 5059 3503 5129 μηδέ
3532 5058 3599 5112 τὰ
3614 5059 3711 5126 τῆς
3728 5059 3790 5110 ἐκ

2222 5153 2428 5224 νεκρῶν
2465 5153 2809 5215 ἀναϐιώσεως
2844 5152 3005 5205 αὑτοῦ
3054 5151 3388 5204 πιστευέσθω
3408 5166 3423 5180 ·
3455 5152 3502 5201 εί
3535 5148 3593 5201 δὲ
3627 5147 3788 5199 εἰσέτι

2225 5246 2315 5297 καὶ
2359 5244 2453 5297 νῦν
2488 5244 2555 5297 τὰ
2600 5245 2696 5314 τῆς
2742 5245 3095 5315 προρρήσεως
3131 5246 3208 5306 εἰς
3251 5242 3411 5313 ἔργον
3455 5241 3641 5311 χωρεῖ,
3672 5240 3700 5291 ὃ
3733 5252 3787 5289 τε

2231 5422 2394 5477 semel
2420 5421 2544 5475 alibi
2585 5421 2740 5489 dixi.)

2302 5492 2513 5557 (ΒΞ-56)
2541 5492 2635 5544 llic
2669 5487 3142 5561 praetermittitura
3170 5488 3351 5561 Niceta
3370 5487 3641 5561 cc'ogario
3668 5500 3788 5553 pars

2232 5563 2500 5631 aliquanta
2532 5557 2817 5616 Eusehiani
2843 5572 3037 5622 textus,
3067 5574 3183 5631 qua?
3206 5559 3395 5631 legitur
3418 5559 3469 5609 in
3495 5557 3786 5631 Anglican:

2231 5627 2555 5699 ediiionem.
2589 5632 2711 5687 2:!7.
2747 5630 2987 5701 Tlieopb.
3021 5645 3097 5693 tv,
3124 5629 3173 5682 9.
3208 5629 3361 5697 Angl.
3395 5644 3447 5699 p.
3479 5627 3607 5681 2-38.
