4000 6398
313 330 421 389 053

1646 325 1735 383 DE
1774 324 2240 384 THEOPllANlA.

3436 323 3543 383 63$

312 441 467 513 λόγος
494 440 659 497 αὑτοῦ
686 442 796 509 ζῶν
826 444 920 500 καὶ
940 440 1179 515 ἐνεργῶν
1208 440 1329 495 καθ’
1349 439 1479 512 ὅλης
1511 440 1611 510 τῆς
1629 439 1880 510 οἰκουμέ-

1983 441 2348 507 convertitur;
2383 440 2607 511 ejusque
2643 439 2892 504 verbum,
2925 439 3108 495 vivum
3138 447 3193 492 et
3222 435 3405 495 efﬁcax
3447 456 3543 511 per

314 552 413 608 νης
442 534 736 606 ὀφθαλμοῖς
765 536 979 607 δρᾶται,
1016 534 1135 606 ὥρα
1168 533 1303 604 μηδὲ
1327 531 1403 603 τῷ
1430 531 1523 585 τὸν
1554 530 1712 599 λόγον
1756 547 1882 601 προ-

312 625 491 697 εμένῳ
525 627 790 680 ἀπιστεῖν.
823 615 1029 695 Οἷῖγὰρ
1056 623 1330 695 ήδύναμις
1357 621 1505 687 ζῶσα
1532 622 1627 675 καὶ
1654 620 1882 692 ἐνεργὴς

311 721 527 792 δρᾶται,
551 717 739 772 τοῦτον
774 719 985 790 ἀνάγκη
1016 718 1165 771 πᾶσα
1187 715 1322 770 πολὺ
1349 716 1611 787 πρότερον
1639 713 1758 783 ζῇν,
1789 710 1881 765 καὶ

309 810 450 865 Θεοῦ
484 809 629 881 ζωὴν
670 810 856 864 τοῦτον
888 808 1122 864 ἐκτελεῖν
1167 807 1303 879 (57),
1341 803 1401 862 οὗ
1430 806 1606 871 ζῶντα
1641 805 1709 860 τά
1746 804 1881 876 ἔργα

316 905 580 977 σύμφωνα
603 905 720 966 ταῖς
736 904 937 970 φωναῖς
949 900 1351 954 ἀποδείκνυται.
1372 900 1555 952 Πᾶσαν
1569 896 1700 965 γοῦν
1711 894 1881 966 ἀκοὴν

316 993 582 1048 παντοίων
613 992 781 1047 ἐθνῶν
796 992 905 1060 (58)
920 994 970 1045 οἱ
983 991 1148 1046 αὐτοῦ
1162 988 1309 1060 λόγοι
1328 988 1541 1060 διῆλθον
1557 985 1883 1058 μεταϐαλλόο

317 1102 469 1157 μενοι
513 1084 608 1138 καὶ
649 1083 1179 1155 μεθερμηνευόμενα
1225 1083 1307 1147 είς
1341 1080 1599 1136 παντοίαν
1636 1077 1881 1147 γλῶτταν

327 1176 641 1248 Ἑλληνικήν
677 1191 737 1228 τε
775 1174 871 1228 καὶ
896 1174 1179 1247 ,βάρϐαρον
1198 1190 1211 1204 ·
1244 1173 1322 1238 ὡς
1355 1169 1677 1237 ἐξάκουστον
1715 1167 1881 1224 αὐτοῦ

312 1266 409 1337 τὴν
426 1265 771 1320 διδασκαλίαν
793 1268 927 1319 πᾶσι
955 1267 1067 1330 τοῖς
1101 1264 1280 1318 ἔθνεσι
1299 1262 1615 1335 γενομένην,
1650 1262 1729 1324 εἰς
1763 1263 1885 1314 ἐπι-

308 1354 548 1428 στροφὴν
603 1356 696 1409 καὶ
747 1356 1034 1426 μετάνοιαν
1084 1355 1310 1425 ἀγαγεῖν
1354 1354 1523 1426 μυρία
1568 1352 1743 1424 πλήθη
1773 1352 1882 1405 τῶν

264 1466 267 1467 ⁷
312 1446 576 1519 πρότερον
606 1449 666 1500 ὲν
695 1447 939 1518 πολυθέῳ
960 1446 1135 1518 πλάνῃ
1161 1444 1680 1516 κι1.ἰ.εἰδωλολατρείᾳ⁸
1712 1445 1885 1515 πλημ-

312 1536 488 1606 μελῶς
520 1538 616 1591 καὶ
646 1538 897 1608 άσέμνως
915 1537 1190 1607 βιούντων.
1222 1538 1296 1591 Ob
1320 1537 1584 1609 πρότερον
1597 1535 1653 1590 δὲ
1670 1538 1882 1605 ἄφεσιν,

307 1625 430 1683 εἶτα
446 1631 749 1701 μετάνοιαν,
762 1631 898 1684 ἀλλὰ
908 1630 1195 1699 μετάνοιαν
1211 1630 1444 1703 πρῶτον,
1458 1628 1574 1683 εἶτα
1584 1629 1681 1701 τὴν
1692 1631 1882 1699 ἄφεσιν

309 1722 601 1792 κηρύττειν
622 1723 1071 1796 παρακελεύεται.
1090 1722 1215 1786 Τοῖς
1233 1720 1345 1793 γὰρ
1357 1722 1599 1794 γνησίοις
1621 1720 1885 1793 πρότερον

309 1811 497 1864 κακῶν
529 1812 817 1882 μετάνοιαν
845 1812 1241 1884 ὲνδειξαμένοις
1257 1815 1290 1883 ἡ
1310 1815 1577 1886 σωτήριος
1600 1812 1760 1884 χάρις
1779 1812 1879 1882 τὴν

310 1902 656 1975 συγχώρησιν
700 1904 810 1957 τῶν
859 1904 1258 1976 πεπραγμένων
1309 1904 1651 1976 ἐδωρήσατο·
1691 1904 1758 1957 δι’
1785 1901 1880 1968 οὓς

310 1995 405 2048 καὶ
450 1994 544 2047 τὸν
588 1994 813 2049 θάνατον
845 1996 1150 2061 ἀνεδέξατο,
1183 1994 1377 2067 λύτρον
1419 1994 1611 2047 ἑαυτὸν
1665 1994 1882 2056 ἐπιδοὺς

309 2087 406 2138 καὶ
446 2086 737 2156 ἀντίψυχον
772 2087 880 2140 τῶν
916 2087 1211 2158 μελλόντων
1232 2087 1299 2140 δι’
1322 2085 1488 2139 αὑτοῦ
1520 2083 1880 2156 σωθήσεσθαι.

307 2171 468 2226 Οὕτω
504 2173 638 2244 δῆτα
669 2176 717 2227 oi.
743 2175 907 2229 αὑτοῦ
940 2175 1200 2248 μαθηταὶ,
1232 2175 1423 2248 ἄνδρες
1462 2175 1677 2245 ἄπειροι
1710 2173 1882 2243 λόγων

306 2259 463 2327 δντες
493 2264 588 2318 καὶ
626 2264 856 2336 πάμπαν
891 2265 1118 2332 ἰδιῶται,
1171 2266 1399 2339 πένητές
1443 2282 1502 2320 τε
1526 2267 1619 2320 καὶ
1646 2264 1883 2328 εὐτελεῖς

310 2350 374 2404 τδ
402 2352 587 2424 σχῆμα
607 2352 740 2426 (59),
774 2357 841 2426 τῇ
863 2356 1087 2427 δυνάμει
1111 2356 1204 2410 τοῦ
1233 2355 1372 2427 μετὰ
1401 2354 1629 2409 θάνατον
1648 2353 1883 2426 θεωρου-

312 2442 479 2513 μένου
514 2445 610 2499 καὶ
641 2446 898 2517 ἐμφανῶς
940 2448 1125 2512 αὐτοῖς
1168 2447 1621 2519 συναυλιξομένου
1653 2445 1882 2518 ἐπιθαρ-

311 2538 594 2609 σήσαντες,
610 2538 717 2594 άπδ
731 2541 828 2609 τῆς
839 2541 1193 2614 Ἰερουσαλὴμ
1210 2540 1417 2605 πόλεως
1434 2540 1727 2612 ἀρξάμενοι
1741 2537 1884 2594 κατὰ

307 2629 413 2693 τὰς
436 2629 600 2684 αὐτοῦ
634 2633 1085 2704 παρακελεύσεις,
1123 2634 1210 2688 ἵνα
1248 2633 1630 2705 άναπολόγητα
1654 2630 1741 2703 εἴη
1772 2633 1883 2694 τοῖς

324 2721 594 2787 Ἰουδαίοις
613 2724 996 2797 άπιστήσασιν,
1027 2726 1120 2779 ἐπὶ
1139 2727 1315 2781 πάντα
1343 2724 1613 2798 προῆλθον
1626 2724 1695 2778 τά
1727 2722 1879 2794 ἔθνη,

310 2811 407 2864 καὶ
440 2810 508 2865 τά
544 2816 989 2885 προστεταγμένα
1023 2816 1270 2883 ἐποίουν,
1305 2816 1664 2886 κηρύττοντες
1713 2811 1881 2883 μετά-

306 2918 459 2956 νοιαν
491 2906 602 2969 τοῖς
633 2907 789 2971 πᾶσι,
821 2906 915 2960 καὶ
948 2906 1100 2961 λύσιν
1125 2907 1234 2962 τῶν
1264 2906 1527 2980 πρότερον
1571 2905 1671 2976 τῆς
1706 2902 1884 2976 ψυχῆς

309 2994 793 3068 ἀμπλακημάτων.

1050 3175 1124 3243 ς’

384 3261 496 3333 (60)
523 3263 884 3336 Συνηγμένων
914 3265 1011 3337 μὲν
1176 3267 1270 3322 ἐπὶ
1297 3265 1357 3322 sb
1390 3266 1523 3322 αὐτὸ
1556 3267 1613 3322 ὲν
1639 3266 1749 3331 τοῖς
1788 3264 1889 3341 ila-

311 3354 629 3428 ροσολύμοις
653 3356 762 3411 τῶν
812 3359 1087 3432 ἀρχόντων
1119 3359 1213 3413 τοῦ
1253 3359 1518 3415 Ἰουδαίων
1542 3358 1747 3422 ἔθνους,
1782 3358 1884 3428 ἁρ-

311 3448 543 3518 χιερέων
568 3466 628 3502 τε
670 3450 765 3503 καὶ
816 3451 1303 3522 νομοδιδασκάλων,
1347 3452 1404 3507 ὲν
1441 3450 1592 3522 αὐτῷ
1625 3450 1703 3521 τῷ
1752 3449 1884 3521 ἱερῷ

311 3537 634 3610 ποιούμενος
665 3539 764 3605 τὰς
800 3541 1106 3614 διατριϐὰς,
1134 3544 1205 3598 τὰ
1250 3542 1512 3613 μέλλοντα
1536 3543 1720 3606 αὐτοῖς
1762 3544 1883 3595 κατ’

309 3627 477 3683 αὐτοῦ
503 3627 826 3700 τολμᾶσθαι,
844 3630 939 3686 καὶ
969 3631 1060 3685 τὸν
1086 3633 1179 3686 ἐπὶ
1199 3636 1264 3705 τῇ
1294 3633 1469 3705 τόλμῃ
1500 3631 1883 3703 καταληψόμε-

310 3735 401 3772 νον
426 3720 621 3786 αὐτοὺς
638 3720 854 3795 ὄλεθρον
888 3725 1333 3796 ὲπεσκιασμὲνως
1353 3726 1540 3778 τοῦτον
1563 3725 1655 3777 τὸν
1684 3723 1886 3796 τρόπον

308 3809 399 3865 διά
424 3812 525 3882 τῆς
568 3813 884 3886 παραϐολῆς
935 3816 1340 3889 προηγόρευσεν
1364 3835 1377 3847 ’
1412 3817 1746 3885 Ἄνθρωπός
1792 3833 1883 3883 τις

311 3897 392 3973 ἦν
437 3905 888 3974 οἰκοδεσπότης,
941 3907 1113 3974 ὅστις
1168 3909 1503 3977 ἐφύτευσεν
1537 3906 1882 3978 ἀμπελῶνα,

312 3994 411 4048 καὶ
435 3996 703 4067 φραγμὸν
722 3997 881 4063 αὐτῷ
904 3999 1234 4068 περιέθηκε,
1262 3999 1362 4053 καὶ
1382 3998 1612 4069 ὤρυξεν
1632 4000 1703 4053 ἐν
1720 3998 1884 4065 αὐτῷ

309 4085 527 4155 ληνὸν,
557 4087 656 4141 καὶ
693 4088 1043 4158 ᾠκοδόμησε
1087 4092 1339 4161 πύργον,
1384 4092 1485 4146 καὶ
1509 4093 1751 4157 ἐξέδοτο
1778 4096 1886 4149 αὺ-

312 4178 419 4232 τὸν
444 4181 741 4250 γεωργοῖς,
771 4183 870 4237 καί
892 4183 1301 4254 ἀπεδήμησεν.
1338 4185 1470 4239 Ὅτε
1514 4184 1582 4239 δὲ
1630 4185 1885 4255 ἤγγισεν

313 4271 346 4324 ό
376 4271 581 4340 καιρὸς
626 4270 745 4326 τῶν
780 4272 1044 4343 καρπῶν,
1077 4277 1399 4331 ἀπέστειλε
1439 4276 1581 4345 τοὺς
1623 4275 1886 4345 δούλους

310 4364 498 4420 αὐτοῦ
529 4366 678 4435 πρὸς
700 4367 841 4432 τοὺς
868 4370 1163 4439 γεωργοὺς
1205 4370 1414 4426 λαϐεῖν
1441 4372 1584 4439 τοὺς
1613 4374 1881 4443 καρποὺς

1982 529 2289 584 universum
2322 531 2508 585 orbem
2540 530 2928 601 conspicimus,
2951 531 3195 597 sequitur
3215 540 3362 585 utne
3394 535 3543 590 verbi

1980 621 2199 689 quidem
2254 622 2459 676 auctori
2509 622 2671 677 [idem
2708 624 3046 694 derogenms.
3099 620 3233 678 Nam
3264 625 3415 695 cujus
3462 627 3546 681 vis

1982 711 2168 770 vivens
2216 720 2272 766 et
2319 710 2565 766 eﬂ‘ectrix
2615 711 2883 776 cernitur,
2920 712 3062 767 hunc
3109 727 3333 767 necesse
3369 723 3454 770 est
3490 725 3548 770 et

1982 803 2149 859 multo
2183 804 2365 872 potius
2393 803 2595 867 vivere,
2645 812 2699 857 et
2737 802 2828 857 Dei
2861 803 3029 857 vitam
3084 802 3225 858 hunc
3266 814 3542 874 prmstare,

1981 895 2135 965 cuius
2164 896 2284 950 viva
2320 910 2482 964 opera
2527 894 2710 950 verbis
2741 896 3097 950 consonantia
3153 906 3543 954 monstrantur.

1980 986 2061 1039 Ad
2093 985 2335 1039 otnnium
2366 983 2548 1051 itaque
2579 983 2974 1053 quantumlibet
3005 985 3276 1039 variarum
3303 987 3546 1057 gentium

1981 1076 2222 1130 auditum
2291 1089 2571 1129 sermones
2620 1073 2737 1143 ejus
2772 1075 3125 1140 devenerunt,
3185 1076 3430 1131 translati
3493 1078 3546 1132 in

1981 1167 2276 1237 quamlibet
2325 1166 2560 1237 linguam
2612 1175 2775 1236 atque
2801 1165 3094 1235 explanati,
3133 1166 3248 1222 sive
3273 1166 3543 1232 Graecam,

1981 1261 2098 1316 sive
2147 1259 2528 1316 barbaricam:
2563 1266 2621 1311 ut
2656 1273 2849 1327 nempe
2888 1258 3131 1315 doctrina
3178 1260 3296 1331 ejus
3337 1262 3549 1317 cunctis

1983 1350 2195 1422 populis
2241 1352 2628 1415 innotesceret,
2657 1364 2764 1418 quo
2796 1359 3241 1405 converterentur
3286 1366 3349 1407 ac
3406 1353 3548 1407 resi-

1982 1440 2252 1509 piscerent
2286 1438 2580 1490 innumerae
2615 1437 3007 1502 multitudines,
3035 1454 3153 1508 quae
3175 1450 3333 1495 antea
3365 1441 3417 1495 iu
3454 1459 3549 1511 po-

1982 1533 2253 1606 lytbeismi
2283 1545 2473 1586 errore
2513 1540 2568 1584 et
2606 1530 2869 1600 idolorum
2902 1530 3049 1586 cultu
3088 1532 3250 1602 impie
3295 1542 3549 1603 turpiter-

1981 1641 2087 1697 que
2149 1626 2424 1680 vivebant.
2493 1624 2679 1694 Neque
2733 1634 2890 1679 antea
2942 1624 3077 1679 dixit
3149 1626 3544 1694 remissionem,

1980 1727 2165 1788 postea
2195 1715 2591 1787 paenitentiam,
2641 1715 2737 1771 sed
2768 1716 3143 1784 paenitentiam
3199 1717 3375 1787 primo
3403 1718 3544 1784 loco,

1983 1808 2176 1862 deinde
2202 1807 2578 1864 remissionem
2612 1806 3107 1877 praedicarejnssit.
3140 1807 3270 1862 Nam
3304 1808 3549 1867 ﬁdelibus

1979 1899 2071 1970 qui
2101 1909 2258 1955 antea
2284 1908 2631 1968 peccatorum
2666 1898 3039 1969 pmnitentiam
3081 1915 3190 1970 prie
3218 1915 3276 1954 se
3307 1901 3545 1968 tulerint,

1982 1992 2289 2046 Servatoris
2320 1990 2491 2061 gratia
2531 1992 2743 2046 veniam
2789 1993 3184 2062 praeteritorum
3224 1994 3407 2049 donat.
3459 1995 3545 2049 Et-

1979 2079 2121 2133 enim
2175 2088 2397 2149 pr0pter
2441 2079 2558 2133 illos
2590 2089 2818 2135 mortem
2859 2081 2974 2151 ipse
3022 2082 3257 2150 excepit,
3315 2084 3546 2153 pretium

1981 2178 2150 2224 semet
2193 2170 2481 2227 conferens
2528 2171 2599 2226 ob
2631 2172 2933 2227 animarum
2978 2174 3400 2245 redemptionem
3431 2191 3551 2246 qua:

1980 2260 2251 2315 salvanda:
2297 2271 2443 2315 sunt.
2496 2259 2587 2316 Sic
2624 2261 2839 2317 demum
2867 2262 2983 2333 ejus
3003 2263 3274 2336 discipuli,
3305 2265 3553 2323 homines

1982 2350 2285 2425 linguarum
2320 2354 2493 2425 ignari
2533 2366 2588 2410 et
2617 2356 2840 2411 omnino
2879 2356 3078 2421 idiotze,
3129 2372 3393 2429 pauperes
3431 2358 3553 2414 vili-

1981 2460 2086 2513 que
2118 2447 2319 2516 specie,
2342 2447 2531 2501 virtuti
2564 2446 2707 2503 illius
2735 2464 2894 2517 quem
2930 2458 3048 2518 post
3082 2461 3307 2505 mortem
3334 2458 3549 2519 specta-

1981 2544 2190 2599 verant,
2216 2537 2417 2604 quique
2443 2534 2728 2591 manifeste
2756 2552 2878 2590 cum
2905 2536 3037 2606 ipsis
3056 2535 3550 2592 conversatus.fue-

1982 2636 2087 2694 rat,
2113 2628 2467 2689 conﬁdentes.
2508 2637 2668 2699 capto
2698 2628 2795 2683 abs
2832 2628 3220 2701 Hierosolymis
3253 2629 3430 2695 initio,
3465 2644 3552 2684 se-

1982 2724 2215 2777 cundum
2244 2722 2410 2791 ipsius
2434 2721 2607 2790 iussa,
2650 2729 2709 2776 ut
2757 2720 2871 2788 jam
2902 2720 3157 2791 deinceps
3202 2720 3551 2777 excusatione

1983 2824 2233 2870 carerent
2264 2813 2433 2870 Judaei
2468 2814 2753 2880 increduli,
2808 2818 2872 2869 ad
2897 2824 3126 2869 cunctas
3171 2824 3361 2884 gentes
3387 2802 3549 2869 deve-

1982 2914 2198 2971 nerunt,
2253 2916 2309 2961 et
2364 2907 2618 2961 mandata
2672 2908 2774 2963 sibi
2833 2906 3152 2975 effecerunt,
3199 2907 3552 2972 praedicantes

1980 3002 2230 3058 omnibus
2256 3002 2647 3072 ptenitentiam,
2677 3014 2732 3059 et
2764 3003 3002 3070 priorum
3039 3002 3233 3059 anima:
3263 3001 3549 3059 criminum

1906 3121 1954 3181 ο
1983 3093 2396 3150 absolutionem.

2727 3184 2814 3241 Vl.

2060 3279 2195 3335 Cum
2228 3287 2419 3335 essent
2453 3278 2621 3350 igitur
2648 3277 3034 3348 Hierosolymis
3065 3278 3374 3347 congregati
3419 3290 3551 3347 gen-

1990 3372 2059 3427 tis
2081 3369 2319 3426 Judaicaa
2350 3372 2648 3441 principes,
2689 3369 2972 3440 pontiﬁces
3003 3385 3065 3426 ac
3097 3370 3230 3440 legis
3276 3370 3551 3437 doctores,

1988 3468 2269 3521 diversans
2311 3467 2363 3521 iu
2402 3467 2603 3536 templo
2655 3466 2912 3522 Christus
2960 3466 3140 3521 scelus
3188 3466 3241 3520 in
3279 3480 3340 3521 se
3384 3465 3452 3520 ab
3482 3465 3550 3520 iis

1986 3550 2332 3622 patrandum,
2358 3564 2415 3609 ct
2441 3563 2854 3610 consecuturam
2882 3554 3058 3609 scelus
3088 3568 3395 3624 supremam
3431 3569 3547 3624 pm-

1986 3660 2132 3709 natn,
2182 3661 2379 3701 arcano
2418 3648 2499 3703 sic
2529 3662 2623 3716 per
2652 3647 2959 3716 parabolam
2999 3646 3324 3701 vaticinatus
3357 3655 3436 3703 est
3464 3647 3546 3700 ":

1991 3735 2160 3790 llomo
2210 3746 2325 3791 erat
2359 3737 2769 3807 paterfamilias,
2799 3739 2889 3807 qui
2932 3738 3186 3808 plantavit
3227 3737 3451 3802 vineam,
3496 3744 3546 3792 et

1989 3846 2158 3896 sepem
2185 3830 2534 3883 circumdedit
2563 3830 2636 3896 ei,
2666 3840 2713 3884 et
2737 3829 2870 3897 fodit
2904 3831 2957 3884 in
2983 3847 3044 3884 ea
3068 3829 3324 3895 torcular,
3358 3839 3405 3884 et
3430 3829 3533 3884 ardi

1987 3920 2470 3990 ﬁcaoitturrim,et
2503 3921 2725 3974 tradidit
2774 3936 2889 3974 eam
2934 3919 3203 3990 agricolis,
3247 3927 3297 3974 et
3342 3935 3552 3990 peregre

1986 4014 2250 4083 profectus
2302 4022 2398 4068 est.
2442 4011 2574 4067 Cum
2617 4021 2789 4067 autent
2832 4024 3031 4081 tempus
3063 4011 3332 4080 fructuum
3361 4027 3550 4078 appro-

1986 4108 2307 4174 pinquasset,
2333 4109 2472 4161 misit
2511 4122 2684 4160 servos
2709 4122 2831 4160 suos
2855 4107 2925 4160 ad
2956 4104 3219 4177 agricolas
3252 4115 3306 4158 ut
3343 4104 3548 4171 accipe-

1987 4206 2101 4250 rent
2158 4197 2363 4266 [ructus
2398 4198 2535 4268 ejus.
2587 4195 2655 4251 Et
2712 4197 2957 4268 agricola
3004 4198 3336 4266 apprehensis
3386 4197 3549 4251 servis

1984 4288 2120 4358 ejus,
2171 4289 2333 4343 alium
2371 4293 2731 4358 pulsaverunt,
2789 4291 2954 4344 alium
3020 4292 3339 4355 occiderunt,
3383 4289 3549 4343 alium

1986 4399 2101 4435 vero
2139 4382 2527 4449 lapidaverunt.
2562 4382 2763 4437 lterum
2802 4384 2947 4438 misit
2989 4382 3123 4437 alios
3165 4400 3337 4437 servos
3369 4380 3547 4451 plures

308 4456 518 4512 αὑτοῦ.
575 4451 685 4513 καὶ
731 4461 1020 4527 λαϐόντες
1069 4467 1122 4517 οὶ
1169 4466 1412 4533 γεωργοί
1447 4464 1589 4531 τοὺς
1622 4464 1881 4533 δούλους

1983 4474 2272 4541 prioribus,
2300 4485 2348 4528 et
2378 4478 2615 4544 fecerunt
2644 4476 2770 4543 ipsis
2802 4475 3068 4529 similiter.
3109 4471 3406 4527 Novissime
3442 4489 3543 4527 au-

307 4548 519 4611 αὐτοῦ,
549 4549 623 4607 ὃν
639 4550 756 4621 μὲν
784 4552 1039 4620 ἔδειραν,
1064 4553 1138 4608 ὃν
1183 4554 1252 4609 δὲ
1302 4555 1681 4622 ἀπέκτειναν,
1708 4558 1782 4613 δν
1811 4559 1880 4613 δὲ

304 4641 764 4710 ἐλιθοϐόλησαν.
786 4642 976 4698 Πάλιν
988 4645 1346 4701 ἀπέστειλεν
1374 4647 1603 4716 ἄλλους
1620 4647 1879 4715 δούλους

308 4731 595 4797 πλείονας
641 4730 759 4785 τῶν
812 4731 1076 4801 πρώτων,
1141 4735 1242 4788 καὶ
1308 4736 1608 4804 ἐποίησαν
1675 4738 1879 4806 αὐτοῖς

246 4844 251 4847 -
305 4820 606 4889 ὡσαύτως.
646 4824 927 4891 Ὕστερον
978 4823 1044 4877 δὲ
1088 4823 1407 4880 ἀπέστειλε
1456 4826 1606 4895 πρὸς
1658 4829 1881 4896 αὐτοὺς

306 4910 415 4965 τὸν
458 4912 593 4968 υἱὸν
646 4915 854 4981 αὐτοῦ,
908 4919 1136 4985 λέγων’
1197 4918 1711 4986 Ἐντραπήσονται
1773 4925 1881 4974 τόν

305 5004 441 5057 ιἰόν
465 5024 606 5074 μου.
640 5008 707 5061 Ol
732 5005 800 5061 δὲ
826 5009 1091 5079 γεωργοί,
1124 5010 1354 5078 ἰδόντες
1392 5012 1501 5066 τὸν
1531 5012 1687 5078 υἱὸν,
1709 5011 1882 5070 εἷπον

303 5092 378 5146 ἐν
411 5094 675 5163 ἑαυτοῖς
727 5095 915 5166 Οὗτός
960 5102 1131 5156 ἐστιν
1169 5105 1202 5156 ό
1247 5107 1651 5176 κληρονόμος*
1688 5106 1879 5173 δεῦτε,

301 5188 744 5258 ἀποκτείνωμεν
768 5191 974 5256 αὑτὸν,
996 5192 1094 5246 καὶ
1120 5193 1514 5266 κατάσχωμεν
1532 5197 1648 5267 τὴν
1666 5202 1887 5269 κληρο-

376 5322 425 5353 ⁹⁵
454 5320 640 5378 Matth.
673 5340 784 5389 ιιι,
815 5325 885 5379 53
910 5341 1030 5397 seq.

372 5438 485 5503 (57)
516 5439 699 5495 Potest
719 5441 885 5496 etiam
916 5443 1021 5497 dici
1059 5461 1075 5498 :
1102 5457 1147 5499 et
1181 5446 1273 5500 Dei
1300 5450 1456 5503 ritum
1486 5452 1671 5510 trivere.
1712 5452 1762 5504 id
1789 5466 1871 5508 est

298 5524 479 5583 parent
514 5509 709 5583 dicitur
735 5514 891 5566 vitam
921 5515 1126 5583 degere.
1154 5516 1426 5573 Christum
1450 5522 1679 5576 scilicet.
1707 5521 1872 5577 l’a'ulo

295 5579 462 5663 aliter:
498 5579 755 5663 Angli-tum
793 5579 1015 5663 tostus
1042 5589 1147 5638 and
1188 5588 1301 5641 that
1341 5590 1404 5644 he
1449 5591 1597 5662 bring
1629 5602 1681 5646 to
1721 5595 1871 5663 e/fccl

294 5648 405 5719 tlte,
423 5648 585 5718 lit't'ng
614 5651 787 5719 things
811 5654 872 5719 of
888 5652 1024 5707 God.

363 5718 481 5792 (58)
507 5720 620 5775 Non
650 5718 858 5778 v.detur
882 5724 1073 5792 legisse
1104 5725 1272 5793 Syrus
1296 5744 1409 5786 voc.
1428 5731 1616 5793 ἐθνῶν.
1645 5734 1873 5796 ideoque

1984 4576 2084 4620 tem
2116 4568 2260 4621 misit
2288 4568 2357 4621 ad
2386 4583 2473 4622 eos
2505 4566 2675 4636 [ilium
2704 4583 2880 4633 suum,
2909 4567 3087 4621 dicens
3109 4581 3128 4619 :
3157 4563 3545 4618 Reverebuntur

1985 4659 2159 4727 ﬁlium
2183 4676 2373 4714 meum.
2396 4659 2656 4730 Agricola'
2697 4670 2869 4714 autem
2900 4659 3126 4713 videntes
3162 4654 3352 4726 filium,
3396 4654 3548 4709 diate-

1986 4759 2104 4802 rtmt
2165 4751 2306 4802 intra
2349 4766 2405 4804 se
2449 4765 2468 4802 :
2508 4748 2608 4802 llic
2659 4758 2735 4804 est
2790 4751 2976 4811 ha-res,
3013 4748 3196 4809 venite,
3245 4745 3546 4800 occidamus

1984 4856 2125 4905 eum,
2172 4851 2219 4894 et
2266 4858 2575 4908 occupemus
2610 4843 2964 4897 hereditatem
3001 4839 3133 4910 ejus.
3170 4836 3237 4891 Et
3264 4836 3548 4905 apprehen-

1984 4950 2100 4987 sum
2139 4950 2255 4988 eum
2290 4934 2551 5004 ejecerunt
2579 4949 2726 4989 extra
2748 4934 2968 5001 vineam,
2997 4943 3044 4986 et
3074 4932 3392 4985 occiderunt.
3412 4926 3546 4983 Cum

1984 5040 2108 5095 ergo
2159 5029 2353 5080 venerit
2397 5029 2643 5080 dominus
2696 5027 2875 5091 tineae,
2922 5024 3050 5091 quid
3098 5023 3252 5093 faciet
3298 5020 3545 5091 agricolis

1987 5115 2096 5169 illis
2115 5117 2140 5169 2’
2168 5116 2327 5170 Aiunt
2362 5119 2449 5172 ei:
2480 5117 2650 5171 Malos
2683 5117 2819 5171 male
2863 5117 3062 5184 perdet.
3086 5124 3134 5168 et
3159 5114 3356 5168 t-ineant
3397 5126 3549 5164 suam

1989 5208 2161 5260 tradet
2209 5209 2332 5262 aliis
2363 5209 2634 5279 agricolis,
2672 5210 2761 5278 Qui
2798 5209 3009 5263 reddent
3051 5208 3101 5260 ei
3149 5206 3376 5275 [ructant
3416 5210 3545 5253 tem-

1975 5457 2181 5524 Anglus
2212 5474 2227 5511 :
2261 5457 2422 5513 These
2450 5456 2531 5509 his
2570 5457 2738 5510 words
2773 5456 2891 5508 then
2912 5455 3060 5524 being
3092 5454 3285 5509 varied.

2051 5522 2164 5598 (39)
2196 5530 2492 5594 Ambiguus
2518 5526 2647 5580 mihi
2676 5536 2760 5579 est
2788 5522 3126 5598 aliquantum
3167 5540 3232 5579 ex
3265 5525 3402 5597 Syro
3428 5522 3542 5577 An-

1977 5597 2098 5668 glus
2127 5595 2153 5650 τ’
2175 5601 2336 5666 needg
2356 5600 2457 5665 (ast
2479 5598 2598 5665 they
2628 5611 2758 5649 were
2774 5596 2836 5668 in
2853 5595 2986 5668 their
3006 5597 3293 5651 character.

2052 5667 2167 5738 (δυ)
2204 5670 2266 5725 Α.
2302 5663 2338 5725 ι.
2366 5663 2489 5723 aue.
2523 5663 2583 5722 b.—
2609 5668 2730 5736 Syr.
2773 5663 2857 5729 tv,
2885 5663 2961 5718 ιε.
