4170 6406
421 378 528 437 637

1754 380 1845 436 DE
1884 381 2348 439 TllEOPﬂANIA.

3556 376 3663 433 638

420 497 590 553 Δαϐἶδ
610 497 853 576 γέγονεν,
872 498 960 551 ὅτε
995 497 1174 571 ἔκρινε
1206 499 1303 570 τὴν
1326 496 1643 571 παραϐολὴν
1672 500 1767 554 τοῦ
1792 501 1997 556 Νάθαν.

2109 502 2371 558 Nathanis
2396 501 2655 575 parabole
2681 501 2947 571 judicium
2975 499 3119 555 tulit.
3162 497 3549 553 Verumtamen
3583 493 3661 549 illi

434 588 653 660 Ἐπειδὴ
683 588 742 645 δὲ
776 588 1005 659 ᾔσθοντο
1038 589 1146 644 τῶν
1202 589 1531 661 εἰρημένων,
1565 590 1687 643 τότε
1726 586 1878 644 εἷπον
1922 592 1997 663 μὴ

421 681 649 749 γένοιτο.
686 679 858 733 Τοῦτο
883 681 1063 751 μέντοι
1109 682 1209 754 ήδη
1236 681 1416 753 τρίτον
1446 681 1597 754 παρά
1623 681 1887 753 Ματθαίῳ
1912 681 2001 736 διὰ

420 769 593 841 τριῶν
608 769 933 842 παραϐολῶν
943 772 1037 825 τοῦ
1053 773 1374 844 ἀμπελῶνος
1397 773 1801 845 ἐμνημόνευσεν
1817 790 1831 804 ·
1865 773 2002 828 ἀλλά

422 861 513 916 διὰ
540 863 659 933 μὲν
687 864 786 934 τῆς
813 864 1036 936 πρώτης
1063 865 1354 937 διαφόρους
1401 864 1624 938 κλήσεις
1666 864 1855 936 ἐδήλου
1892 865 2001 921 τῶν

422 955 516 1007 ἐπὶ
542 956 644 1026 τὴν
685 956 944 1028 ἐργασίαν
979 957 1073 1010 τοῦ
1111 958 1432 1029 ἀμπελῶνος
1481 958 1856 1030 παρελθόντων
1876 975 1890 989 ο
1919 952 2001 1021 οἷς

426 1050 593 1102 πᾶσιν
624 1048 686 1115 ἐξ
714 1050 828 1103 ῖσου
868 1050 1058 1121 μισθὸν
1109 1052 1341 1105 ἐνεδίδου
1378 1052 1441 1105 τὸ
1468 1052 1722 1124 δηνάριον
1746 1069 1759 1082 °
1810 1052 1899 1106 διὰ
1944 1050 2003 1105 δὲ

422 1143 529 1214 τῆς
570 1142 853 1214 δευτέρας,
897 1143 991 1197 δύο
1042 1144 1172 1199 υἱῶν
1220 1145 1414 1215 κλῆσιν
1444 1145 1714 1217 ᾐνίττετοο
1760 1145 1854 1199 τοῦ
1901 1145 2002 1215 μὲν

422 1232 760 1304 ἀρνουμένου
783 1232 850 1286 τὰ
889 1233 1102 1305 πρῶτα,
1125 1234 1217 1287 ἐπὶ
1251 1234 1394 1288 τέλει
1425 1235 1482 1289 δὲ
1527 1236 1625 1307 τὴν
1650 1236 1893 1306 ὑπακοὴν
1917 1237 2005 1288 ἐν-

420 1326 795 1393 δεικνυμένου,
822 1327 1014 1390 καὶείς
1044 1326 1135 1380 τὸν
1161 1326 1459 1398 ἀμπελῶνα
1486 1326 1873 1399 ἐργαζομένουσ
1903 1327 1999 1381 τοῦ

419 1415 479 1469 δέ
509 1418 578 1485 τῇ
611 1416 830 1487 ἐναντίᾳ
875 1418 1215 1488 κεχρημένου
1263 1418 1620 1490 προαιρέσει·
1678 1418 1765 1471 διὰ
1800 1419 1856 1472 δὲ
1902 1419 2003 1488 τῆς

422 1506 708 1578 παρούσης
741 1507 1059 1579 παραϐολῆς
1091 1508 1380 1579 μετάθεσιν
1409 1509 1648 1579 παντελῆ
1687 1509 1781 1564 τοῦ
1825 1510 2002 1580 ἀμπε-

420 1597 592 1663 λῶνος
626 1600 658 1652 ό
687 1598 844 1668 λόγος
880 1599 1118 1653 διδάσκει
1162 1599 1269 1654 ἀπὸ
1304 1599 1584 1672 προτέρων
1618 1600 1881 1671 γεωργῶν
1910 1602 2002 1654 ἐπὶ

420 1689 739 1760 δευτέρουςο
777 1691 870 1744 καὶ
898 1690 994 1761 τὴν
1028 1693 1206 1746 αἰτίαν
1246 1692 1615 1765 σημαίνειτῆς
1639 1692 1999 1765 μεταθέσεως.

419 1780 608 1850 Κάμοὶ
632 1781 782 1833 δοκεῖ
814 1782 1221 1852 μετατεθεῖσθαι
1249 1784 1349 1854 μὲν
1395 1785 1507 1839 ἀπὸ
1535 1784 1631 1838 τοῦ
1671 1785 2003 1854 ἐπαγγειλα-

422 1849 589 1940 μένου
624 1871 722 1942 μέν
748 1849 1081 1942 ἐργάσασθαι
1115 1849 1262 1937 υἱοῦ..
1292 1875 1367 1947 μὴ
1404 1877 1509 1949 μὴν
1535 1877 1695 1949 ἔργον
1720 1849 2001 1942 ἐπιθέντος
2035 1849 2076 1905 Β

417 1961 499 2031 τῷ
518 1962 663 2033 λόγῳ
686 1980 702 1995 ο
746 1963 989 2018 δεδόσθαι
1022 1964 1079 2018 δὲ
1126 1964 1205 2037 τῷ
1237 1968 1602 2040 ἀρνησαμένῳ
1632 1971 1751 2022 κατ’
1801 1969 2000 2041 ἀρχὰς,

420 2055 571 2127 εργῳ
596 2055 653 2109 δέ
679 2057 770 2110 ἐπὶ
800 2056 941 2111 τέλει
966 2058 1027 2111 τὸ
1065 2058 1314 2124 εὐπειθὲς
1339 2061 1721 2133 ἐνδειξαμένῳ.

491 2224 833 2297 Σαφέστερος
855 2226 901 2279 δ’
915 2226 982 2280 ἂν
1006 2229 1088 2299 εῖη
1112 2230 1141 2282 ό
1164 2228 1342 2299 λόγος,
1374 2232 1425 2284 εί
1474 2229 1536 2284 τὸ
1562 2231 1812 2297 θεοσεϐὲς
1854 2232 1994 2286 πολί-

419 2333 601 2387 τευμα
641 2316 702 2371 τὸ
739 2317 840 2388 τῆς
878 2317 1014 2371 Θεοῦ
1050 2318 1328 2388 βασιλείας
1358 2324 1556 2376 οίκεῖον
1585 2323 1678 2377 τὸν
1707 2322 2005 2396 ἀμπελῶνα

423 2406 565 2469 εἶναι
591 2400 943 2482 ἐκλάϐὀιμεν·
978 2413 1278 2484 προτέρους
1308 2413 1363 2468 δὲ
1401 2414 1565 2468 αὑτοῦ
1592 2417 1868 2489 γεωργοὺς
1904 2416 2002 2469 οὐκ

420 2501 603 2572 ὀρθῶς
629 2503 1004 2575 κεχρημένους
1032 2507 1098 2576 τῇ
1125 2506 1377 2579 ἐργασίᾳ,
1408 2508 1538 2572 τοὺς
1561 2508 1824 2581 πρότερον
1852 2508 2003 2582 παρὰ

434 2594 711 2659 Ἰουδαίοις
739 2596 839 2667 τῆς
872 2596 1022 2660 θείας
1074 2597 1330 2667 γνώσεως
1370 2599 1830 2671 κατηξιωμένους,
1876 2601 2003 2667 τοὺς

423 2686 627 2749 αὐτοὺς
654 2686 813 2751 δντας
857 2688 938 2740 ἐνὶ
979 2688 1087 2743 τῶν
1123 2688 1252 2744 υἱῶν
1284 2690 1363 2761 τῷ
1394 2689 1831 2763 διαϐεϐλημένῳο
1879 2692 2001 2745 δευ-

420 2780 619 2850 τέρους
660 2779 716 2833 δὲ
750 2782 1049 2852 γεωργοὺς,
1079 2783 1206 2847 τοὺς
1258 2784 1350 2837 τὸν
1405 2785 1749 2858 ὀφειλόμενον
1791 2788 2004 2860 καρπὸν

424 2870 570 2927 κατά
602 2872 793 2943 καιρὸν
816 2873 1185 2939 ἀποδιδόντας,
1213 2875 1339 2938 τοὺς
1380 2874 1440 2942 ἐξ
1464 2875 1629 2930 ἐθνῶν
1651 2877 1737 2931 διὰ
1768 2877 2004 2948 Χριστοῦ

421 2963 525 3032 τὴν
558 2961 652 3015 τοῦ
679 2961 815 3015 Θεοῦ
842 2962 1044 3031 γνῶσιν
1069 2963 1443 3037 ἀνειληφότας,
1475 2968 1601 3031 τοὺς
1624 2968 1821 3029 αὐτοὺς
1846 2969 2004 3033 ὄντας

422 3052 504 3125 τῷ
526 3053 628 3123 υἱῷ
651 3053 729 3125 τῷ
755 3055 817 3106 τὸ
844 3053 1095 3119 εὐπειθὲς
1120 3056 1215 3109 καὶ
1230 3057 1470 3129 ὑπήκοον
1497 3059 1574 3130 τῷ
1601 3061 1769 3132 πατρὶ
1817 3061 2004 3134 ἔργοις

426 3146 867 3217 ἐπιδεδειγμένῳ.
895 3146 969 3200 Τὸ
997 3146 1054 3200 δὲ
1079 3146 1253 3201 αἴτιον
1278 3148 1372 3202 τοῦ
1401 3150 1669 3222 ληφθῆναι
1704 3155 1835 3226 παρ’
1859 3156 2005 3210 ἐκεί-

426 3255 537 3291 νων
567 3236 657 3290 τὸν
700 3237 1020 3307 ἀμπελῶνα,
1073 3240 1195 3293 ἐπεὶ
1239 3241 1313 3311 μὴ
1357 3240 1575 3313 εἴρηται
1622 3242 1712 3296 διὰ
1755 3246 1855 3316 τῆς
1891 3246 2002 3301 τῶν

424 3328 560 3385 υἱῶν
582 3330 916 3402 παραϐολῆς,
937 3332 1248 3400 ἀναγκαίως
1267 3331 1355 3386 διὰ
1375 3334 1473 3404 τῆς
1505 3334 1643 3406 μετά
1663 3339 1852 3408 χεῖρας
1868 3357 2010 3414 παρ-

430 3422 636 3493 ίπησι.
687 3422 858 3477 Τοῦτο
889 3423 935 3476 δ’
969 3419 1037 3495 ἦν
1062 3424 1121 3477 τὸ
1157 3424 1231 3497 μὴ
1280 3427 1419 3479 κατὰ
1455 3426 1548 3480 τὸν
1587 3428 1775 3483 δέοντα
1818 3434 2008 3504 καιρὸν

427 3514 720 3570 ἀποδοῦναι
770 3516 898 3578 τοὺς
954 3519 1198 3587 καρποὺς
1247 3517 1324 3589 τῷ
1370 3519 1753 3593 οἰκοδεσπότῃο
1796 3525 1889 3577 καὶ
1943 3526 2007 3578 οὐ

428 3608 589 3661 τοῦτο
616 3610 796 3677 μόνον,
828 3608 964 3662 ἀλλά
997 3610 1090 3662 καὶ
1116 3610 1177 3662 τὸ
1201 3609 1586 3667 ἐπιϐουλεῦσαι
1605 3618 1717 3678 τοῖς
1746 3616 2011 3672 ἀπεσταλ-

436 3700 617 3777 μένοις
646 3702 736 3754 ἐπὶ
769 3702 930 3772 λήψει
957 3701 1064 3754 τῶν
1088 3702 1311 3774 καρπῶν
1347 3702 1585 3767 δούλοις’
1618 3706 1712 3758 καὶ
1743 3707 1803 3759 οὐ
1848 3707 2009 3762 τοῦτο

436 3794 620 3872 μόνον,
655 3793 793 3848 ἀλλά
821 3796 916 3849 καὶ
953 3795 1015 3847 τὸ
1041 3794 1141 3865 υἱῷ
1168 3798 1355 3867 χεῖρας
1386 3795 1663 3851 ἐπιϐαλεῖν
1704 3799 1970 3870 τολμῆσαι
1989 3818 2004 3832 ⁸

431 3888 493 3941 δν
521 3887 852 3957 ἐπιγνόντες,
887 3888 983 3941 καὶ
1026 3887 1188 3940 αὐτὸν
1225 3883 1361 3940 εἶναι
1391 3887 1481 3941 τὸν
1509 3888 1624 3942 υἱὸν
1664 3889 1760 3943 τοῦ
1806 3891 2009 3944 οίκοδε-

436 3979 636 4035 σπότου
668 3979 1118 4051 ὁμολογήσαντες,
1146 3980 1294 4049 ὅμως
1322 3981 1553 4045 ἀνεῖλον,
1598 3982 1786 4035 ἀσεϐεῖ
1805 3984 2011 4054 χρησα-

443 4092 592 4148 μενοι
616 4073 881 4146 λογισμῷ.
916 4073 1038 4130 Τῶν
1066 4075 1122 4128 δὲ
1143 4073 1310 4145 τριῶν
1342 4074 1667 4144 παραϐολῶν
1697 4073 1791 4128 τοῦ
1833 4075 2011 4145 ἀμπε-

438 4165 627 4233 λῶνος,
652 4167 751 4238 τὴν
783 4166 879 4237 μὲν
931 4165 1152 4237 πρώτην
1192 4169 1306 4230 τοῖς
1343 4166 1508 4220 αὑτοῦ
1539 4167 1810 4239 μαθηταῖς
1837 4167 2009 4239 παρέ-

439 4260 586 4322 θετο,
610 4260 667 4313 ἐν
679 4262 745 4330 τῇ
768 4258 1026 4330 Γαλιλαίᾳ
1043 4261 1137 4312 σὺν
1162 4261 1346 4324 αὐτοῖς
1368 4259 1689 4331 ποιούμενος
1707 4259 2007 4331 διατριϐάς

435 4351 627 4424 διόπερ
654 4353 857 4416 πάντας
886 4351 1203 4430 ἀνθρώπους
1244 4352 1479 4424 ἐργάτας
1510 4353 1698 4425 εἰσῆγε
1739 4350 2012 4422 διαφόροις

434 4443 608 4517 ὥραις
650 4445 1046 4516 κεκλημένουςο
1102 4445 1476 4509 ὑπακούοντας
1522 4463 1582 4498 τε
1619 4445 1748 4508 τοὺς
1779 4444 2009 4508 πάντας,

2101 610 2160 649 re
2185 595 2400 649 demum
2450 593 2740 658 intellecta,
2783 592 3134 647 infortunium
3194 606 3229 644 α
3270 604 3330 645 se
3390 586 3663 658 deprecati

2100 696 2247 742 sunt.
2281 685 2454 741 Porro
2477 686 2616 755 apud
2650 684 2960 739 Matthtemn
2996 682 3170 738 tribus
3203 684 3269 737 de
3302 680 3458 737 vinea
3506 691 3668 748 para—

2100 780 2239 834 bolis
2293 779 2369 834 rei
2418 779 2581 847 hnjus
2626 778 2833 832 mentio
2865 776 2959 831 ﬁt:
2991 790 3301 846 quanquam
3340 773 3515 843 prima
3542 770 3666 842 qui-

2102 871 2221 927 dem
2251 870 2298 902 ”
2333 870 2497 924 varizn
2524 869 2735 923 illorum
2771 867 3083 921 vocationes
3113 866 3516 934 exprimuntur,
3573 862 3666 928 qui

2101 964 2168 1017 ad
2215 961 2385 1016 vineae
2413 960 2679 1015 culturam
2710 968 3113 1023 convenerunt;
3165 957 3360 1027 quibus
3413 955 3670 1010 omnibus

2101 1070 2201 1126 par
2238 1054 2445 1109 denarii
2481 1068 2690 1109 merces
2714 1052 2972 1107 attributa
3007 1060 3110 1104 est.
3143 1051 3323 1104 Altera
3359 1045 3613 1118 parabola
3649 1046 3666 1077 ¹

2102 1148 2330 1202 duorum
2375 1146 2585 1200 voeatio
2621 1146 2855 1200 ﬁliorum
2891 1145 3217 1206 osmnditur,
3259 1155 3488 1211 quorum
3532 1136 3670 1191 alter

2102 1239 2277 1309 primo
2333 1238 2476 1293 haud
2529 1237 2828 1306 morigerus
2881 1234 3007 1301 fuit,
3043 1234 3136 1289 sed
3188 1234 3401 1287 demum
3434 1227 3666 1288 officium

2101 1330 2378 1400 praestitit,
2406 1340 2567 1399 atque
2596 1329 2647 1381 in
2691 1329 2846 1383 vinea
2874 1337 3131 1395 operatus
3152 1335 3238 1379 est
3264 1344 3277 1378 :
3324 1323 3463 1377 alter
3486 1332 3666 1378 autem

2103 1424 2244 1478 lilius
2276 1422 2612 1478 contrarium
2645 1420 2917 1491 ingenium
2952 1434 3062 1488 pra:
3100 1431 3159 1471 se
3199 1416 3339 1471 tulil.
3383 1414 3489 1469 Sed
3528 1430 3669 1485 pra:-

2102 1524 2254 1570 sente
2278 1514 2492 1567 demum
2524 1513 2774 1581 paraliola
2812 1512 3128 1565 translatam
3161 1509 3382 1563 omnino
3411 1506 3670 1563 Servatur

2103 1606 2262 1659 docet
2309 1604 2480 1657 vinea:
2536 1602 2857 1657 locationem
2904 1616 2933 1654 a
2979 1600 3251 1670 prioribus
3302 1599 3554 1668 agricolis
3601 1599 3671 1654 ad

2102 1695 2485 1766 posteriores;
2524 1707 2853 1762 causamque
2918 1691 3293 1747 translationis
3354 1691 3547 1760 aperit.
3603 1688 3673 1744 Et

2107 1786 2237 1840 mihi
2284 1786 2499 1840 videtur
2548 1784 2809 1838 translata
2864 1784 3031 1837 vinea:
3087 1782 3286 1836 locatio
3336 1783 3404 1835 ab
3434 1796 3499 1836 eo
3539 1780 3671 1844 lilio,

2103 1881 2194 1950 qui
2229 1894 2286 1934 se
2324 1887 2670 1947 operaturum
2701 1879 2923 1946 recepit,
2952 1892 3075 1930 mox
3114 1876 3281 1930 verba
3325 1875 3378 1927 in
3414 1888 3525 1928 rem
3562 1887 3672 1926 non

2103 1969 2377 2033 contulit;
2415 1969 2611 2022 tradita
2655 1977 2835 2022 autem
2868 1968 2942 2021 illi
2983 1968 3073 2036 qui
3113 1967 3269 2021 initio
3306 1966 3523 2035 quidem
3552 1962 3671 2018 olli-

2103 2064 2246 2117 cium
2280 2061 2626 2134 detrectavit,
2656 2061 2749 2114 sed
2782 2076 2903 2113 mox
2939 2073 3104 2129 opere
3133 2059 3493 2114 obedientiam
3536 2071 3673 2127 pra:-

2101 2154 2259 2210 sntit.

2178 2244 2287 2299 Sed
2324 2244 2467 2298 enim
2500 2242 2670 2314 magis
2711 2243 3031 2312 perspicuus
3077 2254 3256 2296 sermo
3301 2239 3415 2306 ﬁet,
3468 2238 3515 2293 si
3550 2237 3674 2315 reli-
3780 2278 3799 2293 .

2102 2341 2307 2411 giosam
2342 2341 2534 2404 vitam,
2557 2353 2678 2409 qua:
2706 2337 2871 2393 divini
2900 2336 3049 2407 regni
3078 2336 3292 2406 propria
3327 2342 3429 2398 est,
3463 2334 3671 2387 vineam

2102 2445 2224 2484 esse
2263 2430 2611 2499 putabimus:
2661 2435 2823 2497 atque
2868 2426 2945 2478 ita
2994 2422 3205 2493 priores
3253 2421 3370 2491 ejus
3414 2419 3672 2481 cultores,

2103 2524 2193 2593 qui
2225 2523 2548 2588 nonjuslam
2570 2533 2788 2588 Operam
2813 2517 2866 2571 in
2899 2530 2963 2570 ea
2996 2514 3430 2575 collocaverunt,
3459 2508 3673 2565 Judteos

2104 2629 2227 2670 esse
2270 2613 2580 2674 credemus,
2612 2609 2703 2678 qui
2748 2607 2908 2678 primi
2962 2595 3140 2661 divina
3176 2603 3366 2658 notitia
3390 2602 3676 2672 dignanter

2106 2704 2403 2761 collustrati
2465 2703 2742 2758 fuerunt:
2801 2701 2966 2768 hique
3019 2712 3176 2768 pares
3222 2704 3347 2750 sunt
3399 2693 3475 2747 illi
3517 2690 3671 2746 alteri

2107 2797 2243 2862 tilio,
2273 2811 2434 2867 quem
2478 2792 2823 2865 evangelicus
2853 2804 3033 2846 sermo
3062 2788 3305 2842 damnat.
3340 2783 3676 2840 Posteriores

2106 2901 2286 2945 autem
2320 2888 2577 2950 cultores,
2611 2885 2702 2957 qui
2733 2884 2971 2939 debitum
3012 2880 3247 2935 fructum
3293 2893 3392 2932 suo
3431 2885 3677 2943 tempore

2107 2976 2766 3041 exltibuerunt,etlmicos
2794 2969 3253 3035 existimabimus,
3278 2969 3366 3038 qui
3395 2978 3491 3036 per
3517 2962 3675 3019 Chri-

2108 3083 2251 3127 stum
2304 3072 2398 3126 Dei
2452 3071 2694 3125 notitiam
2731 3073 3077 3136 receperunt,
3105 3060 3419 3129 similesque
3453 3056 3529 3112 illi
3564 3056 3677 3110 tilio

2109 3174 2423 3229 evaserunt,
2454 3165 2545 3233 qui
2587 3159 2725 3231 patri
2756 3156 3074 3226 obsequium
3108 3165 3162 3209 et
3189 3152 3551 3208 obedientiam
3590 3165 3678 3204 re-

2113 3257 2228 3325 ipsa
2273 3263 2500 3309 testatus
2540 3260 2650 3306 est.
2686 3249 2802 3305 Jam
2844 3262 3066 3303 causam
3121 3245 3316 3299 ablata:
3352 3242 3456 3298 illis
3485 3241 3676 3304 vincte,

2108 3350 2238 3419 quia
2280 3348 2335 3401 in
2391 3345 2623 3399 ﬁliorum
2677 3341 2930 3413 parabola
2979 3338 3239 3394 Servator
3269 3350 3372 3389 non
3412 3333 3568 3397 dixit,
3596 3333 3679 3387 id-

2081 3432 2258 3492 'circo
2296 3448 2519 3488 necesse
2547 3431 2647 3485 fuit
2672 3440 2730 3484 ut
2766 3430 2890 3493 hac,
2921 3444 3043 3497 qua:
3070 3427 3124 3479 in
3166 3425 3416 3478 manibus
3451 3430 3556 3485 est,
3585 3436 3679 3491 pa-

2110 3526 2293 3582 rabola
2337 3522 2685 3596 patefaceret.
2732 3520 2906 3575 Causa
2946 3533 3073 3573 vero
3124 3515 3243 3577 fuit,
3292 3514 3413 3582 quia
3441 3528 3548 3566 non
3578 3526 3678 3567 suo

2112 3633 2356 3692 tempore
2396 3618 2604 3673 fructus
2632 3616 2851 3670 domino
2905 3613 3115 3666 debitos
3156 3607 3509 3662 obtulerunt:
3541 3619 3678 3675 ιιι-ω-

2111 3720 2366 3779 tereaque
2417 3706 2593 3760 servis
2644 3706 2710 3758 ad
2753 3702 3086 3773 colligendos
3131 3698 3339 3753 fructus
3392 3694 3678 3751 submissis

2109 3804 2337 3858 exitium
2366 3799 2538 3854 moliti
2563 3807 2681 3853 sunt
2706 3810 2721 3850 :
2751 3795 2976 3850 necdum
3005 3793 3090 3848 his
3114 3786 3677 3853 maleﬁciiscontenti,

2114 3895 2219 3951 lilio
2250 3893 2351 3962 ipsi
2386 3886 2579 3945 aﬂerre
2603 3903 2797 3943 manus
2839 3901 2943 3940 non
2980 3883 3331 3938 dubitarunt:
3362 3894 3521 3950 quem
3548 3892 3679 3933 sane

2111 3986 2373 4056 agnitum,
2403 3992 2565 4052 atque
2593 3979 2793 4035 domini
2818 3978 2987 4033 tilium
3011 3992 3115 4031 non
3133 3973 3443 4035 diﬁitentes,
3472 3969 3675 4025 nihilo-

2111 4079 2290 4134 minus
2334 4075 2499 4145 impio
2539 4071 2769 4129 consilio
2804 4071 3214 4126 interemerunt.
3267 4067 3445 4135 Atque
3482 4064 3676 4117 barum

2112 4172 2184 4225 de
2215 4169 2367 4224 vinea
2400 4165 2778 4237 parabolarnm
2818 4163 2979 4219 trium
3012 4161 3240 4231 primam
3270 4154 3548 4224 discipulis
3569 4154 3682 4209 suis

2113 4262 2366 4318 recitavit
2403 4261 2681 4323 Servator,
2705 4258 2829 4311 dum
2860 4236 2912 4310 in
2948 4252 3168 4310 Galilaea
3221 4266 3342 4306 cum
3388 4248 3455 4303 iis
3495 4261 3682 4301 versa-

2116 4365 2286 4413 retur.
2322 4354 2507 4421 Quare
2545 4361 2598 4407 ct
2625 4366 2812 4405 omnes
2842 4348 3086 4404 homines
3110 4343 3246 4399 dixit
3271 4340 3501 4395 diversis
3533 4337 3683 4393 horis

2113 4447 2178 4501 ad
2207 4459 2423 4515 operam
2453 4452 2703 4506 vocatos;
2726 4441 2816 4509 qui
2844 4437 3021 4495 cuncti
3055 4435 3450 4503 obtemperant,
3476 4442 3686 4499 parem-

435 4542 534 4598 καὶ
570 4540 756 4613 μισθὸν
777 4541 1149 4611 λαμϐάνοντας
1178 4539 1269 4592 τὸν
1301 4538 1493 4599 αὐτόν·
1524 4538 1623 4609 τὴν
1659 4536 1717 4590 δὲ
1758 4536 2009 4608 δευτέραν

2120 4554 2224 4608 que
2256 4535 2558 4594 mercedem
2600 4534 2839 4602 capiunt.
2869 4528 3176 4585 Secundam
3216 4521 3524 4593 parabolam
3556 4519 3684 4573 Hie-

437 4635 497 4690 ἐν
536 4633 797 4705 Ἰεροσολύ
806 4649 926 4703 μοις
950 4631 1260 4703 γενόμενος,
1281 4629 1425 4689 ἔνδον
1449 4647 1507 4683 τε
1536 4631 1593 4682 ἐν
1618 4626 1763 4699 αὐτῷ
1777 4627 1853 4698 τῷ
1883 4627 2012 4701 ἱερῷ

435 4725 725 4789 διδάσκων,
750 4726 863 4787 τοῖς
894 4723 1240 4795 ἀρχιερεῦσιν
1278 4722 1472 4791 ἐπῆγε,
1509 4722 1602 4776 καὶ
1631 4724 1745 4784 τοῖς
1785 4722 2016 4793 πρεσϐυ-

436 4818 618 4889 τέροις
672 4816 768 4871 τοῦ
824 4815 977 4882 λαοῦ,
1030 4813 1169 4887 μετά
1208 4813 1403 4867 πολλοῦ
1441 4812 1537 4867 τοῦ
1578 4812 2013 4887 παραστήματος

438 4908 769 4978 ἐλεγκτικῶς
808 4909 985 4979 φήσας
1009 4907 1145 4977 πρὸς
1174 4907 1393 4969 αὐτοὺς,
1422 4905 1498 4969 ὡς
1533 4905 1642 4977 ἄρα
1686 4906 1736 4958 οἱ
1784 4903 2014 4958 τελῶναι

441 5003 537 5061 καὶ
561 5003 617 5055 αῖ
639 5002 834 5074 πόρναι
860 5002 1149 5073 προάγοιεν
1174 5000 1369 5061 αὐτοὺς
1385 5000 1466 5061 είς
1487 4999 1585 5069 τὴν
1612 4996 1883 5068 βασιλείαν
1908 4996 2018 5049 τῶν

440 5092 684 5163 οὐρανῶν
703 5110 715 5122 ·
754 5091 848 5145 καὶ
874 5092 1063 5162 τρίτην
1095 5090 1154 5144 δέ
1178 5091 1289 5153 τοῖς
1334 5088 1516 5151 αὐτοῖς
1550 5088 1860 5155 ἀναγκαίως
1896 5102 2023 5155 προ-

514 5206 761 5261 ”Mattlt.
801 5220 893 5268 xx,
936 5203 1081 5259 1-16.
1161 5205 1177 5235 ¹
1210 5201 1399 5259 Matth.
1450 5216 1561 5267 XXI,
1591 5199 1784 5255 ‘28-'50.

441 5340 601 5404 simo,
619 5338 684 5393 de
698 5337 862 5392 variis
894 5336 1467 5406 vincte‘parabolis,ea
1499 5335 1752 5406 absunta
1783 5332 2011 5406 Syriaca

443 5402 822 5474 Theophania‘;
839 5408 1067 5475 ideoque
1089 5402 1154 5461 ex
1175 5406 1586 5462 commentariis
1604 5404 1783 5475 potius
1799 5402 2015 5475 Eusebii

441 5479 499 5534 iu
533 5473 822 5547 Evangelia
848 5478 951 5532 huc
980 5473 1104 5533 esse
1143 5476 1403 5547 translata
1433 5475 1629 5547 aliquis
1663 5473 2016 5547 existimabit.

443 5549 554 5603 Sed
579 5543 730 5602 certe
763 5548 815 5602 iu
855 5549 1039 5603 codice
1080 5549 1149 5605 A.
1177 5562 1230 5616 ι).
1256 5546 1386 5605 262.
1412 5544 1622 5601 ι).-265.
1676 5560 1750 5616 a_..
1784 5553 1844 5616 ut
1870 5543 2020 5616 dixi,

437 5620 562 5671 sine
575 5617 679 5670 ulla
698 5618 1094 5686 intercapedine
1129 5613 1327 5685 iacent,
1353 5630 1668 5683 nomenque
1688 5613 1900 5669 Eusebii
1929 5628 2020 5682 ge-

445 5697 595 5741 runt.
629 5686 759 5742 Mihi
798 5685 978 5741 autem
1015 5699 1195 5756 partes
1224 5688 1322 5741 has
1362 5696 1467 5739 tant
1495 5693 1646 5747 arcte
1664 5685 2023 5756 cohaerentes,

444 5768 559 5811 tum
598 5758 892 5821 sententia,
934 5755 1046 5811 tum
1096 5757 1233 5816 loco.
1266 5770 1525 5825 separare
1573 5769 1666 5808 aut
1705 5755 2018 5822 discerpere

443 5842 667 5895 prorsus
690 5844 796 5886 non
822 5828 1034 5887 licebat.
1075 5827 1184 5883 Hoc
1204 5827 1312 5893 aio,
1348 5825 1472 5896 quia
1498 5826 1723 5883 credere
1764 5825 1847 5879 vel
1886 5840 2011 5894 spe-

2118 4625 2422 4695 rosolymis,
2457 4623 2582 4678 dum
2613 4623 2750 4675 intra
2774 4619 3029 4689 templum
3059 4617 3300 4679 doceret,
3341 4625 3520 4666 coram
3554 4623 3685 4679 pon-

2119 4718 2357 4773 tiﬁcibus
2414 4715 2702 4786 pepuliqne
2757 4712 3075 4769 senioribus
3126 4708 3310 4772 dixit;
3364 4715 3418 4760 et
3466 4703 3682 4772 quidem

2119 4807 2634 4863 conﬁdentissimum
2697 4804 2903 4857 addidit
2958 4800 3404 4870 increpationem,
3452 4794 3573 4849 fore
3627 4802 3686 4848 ut

2120 4901 2269 4970 ipsos
2295 4898 2568 4969 publicani
2598 4912 2660 4951 ac
2696 4894 3016 4951 meretrices
3058 4893 3111 4947 in
3161 4890 3425 4945 caelorum
3463 4901 3686 4956 regnum

2123 4990 2515 5061 praecederent.
2548 4986 2786 5041 Tertiam
2814 4984 3048 5052 denique
3074 4982 3213 5050 apud
3241 4980 3458 5035 eosdem
3497 4990 3687 5031 ncces-

2126 5084 2272 5139 sario
2324 5081 2639 5151 parabolam
2682 5079 2924 5153 protulit,
2971 5090 3164 5132 causas
3237 5072 3688 5136 edisserens,ob

2119 5346 2241 5387 rare
2268 5329 2390 5385 licet
2409 5328 2686 5399 Syriacam
2714 5325 3101 5396 Theophaniam
3134 5324 3273 5397 apud
3291 5323 3505 5399 Syrum
3522 5323 3694 5399 inter-

2120 5412 2325 5471 pretem
2370 5392 2637 5471 integram
2677 5392 2989 5471 Aesse,'non
3033 5392 3214 5471 autem
3253 5392 3544 5471 aliquando
3578 5392 3691 5471 for-

2124 5463 2267 5524 iasse
2315 5463 2612 5523 brevia'tam
2669 5466 2807 5535 (sive
2857 5482 2952 5535 per
2999 5466 3076 5521 rei
3115 5463 3521 5535 compendium,
3575 5463 3692 5518 sive

2125 5555 2218 5610 per
2245 5538 2643 5610 emissionem),
2663 5533 2804 5610 sicut
2834 5533 2980 5610 certe
3009 5536 3205 5610 accidit
3241 5533 3433 5610 lgttalii
3484 5545 3689 5610 marty-

2125 5604 2201 5665 ris
2226 5608 2495 5681 epistolis,
2519 5604 2660 5681 quas
2685 5607 2855 5681 Syrus
2891 5606 3157 5681 interpres
3186 5607 3459 5681 breviores
3485 5604 3690 5658 Graecis

2126 5676 2392 5733 interﬂuunt
2429 5679 2636 5732 recitat.
2684 5676 2872 5731 Nonne
2921 5692 3050 5731 vero
3097 5676 3424 5741 Quintiane:
3475 5687 3689 5740 quoque

2127 5747 2343 5805 Eusebii
2368 5748 2712 5817 evangelicae,
2746 5749 2797 5800 in
2821 5748 3006 5801 codice
3031 5745 3147 5801 Vat.
3180 5741 3690 5817 Palatittosludiose

2126 5819 2193 5874 ab
2222 5810 2708 5890 anonyuto't'etcrc
2737 5819 3031 5886 breviatas,
3059 5829 3158 5871 nos
3186 5814 3283 5885 ipsi
3310 5810 3615 5869 edidimus?
