4170 6406
553 314 660 374 639

1273 305 1544 365 EUSEBll
1581 306 2064 362 CAESARIENSIS
2101 303 2251 359 OPP.
2293 302 2478 358 PARS
2515 300 2606 358 Ν.
2643 328 2715 343 -—
2751 293 3172 352 DOGMATICA.

3705 289 3810 344 610

553 449 690 506 quas
716 431 976 489 caelorum
1025 444 1252 499 regnum
1297 429 1382 484 his
1441 439 1709 499 ereptum,
1741 431 1808 484 ad
1847 429 1982 484 alios
2011 437 2125 483 erat

2232 424 2388 494 φέρει
2433 422 2533 485 τὰς
2577 417 2759 482 αἰτίας
2808 413 3102 487 παριστὰς,
3135 411 3201 464 δι’
3236 410 3300 474 ἃς
3327 409 3551 481 ἔμελλεν
3579 409 3658 472 εἰς
3701 407 3811 462 ἑτέ-

554 521 996 580 transl'erendum
1024 538 1039 574 :
1071 531 1294 604 tresque
1325 521 1550 574 omnino
1581 535 1775 575 causas
1814 522 2124 588 recensuit;

551 619 808 688 primam,
836 615 904 670 de
933 613 1204 669 fructibus
1237 627 1372 682 quos
1409 613 1639 684 improbi
1671 615 1924 686 agricolae
1954 617 2126 670 abne-

549 715 858 775 gaverunt:
887 720 1065 775 neque
1091 705 1237 762 enim
1263 705 1532 775 imperata
1561 706 1827 772 iecerunt,
1857 709 1951 762 sed
1981 707 2128 777 leges

545 801 626 856 eis
677 799 818 854 latas
872 798 1235 854 violaverunt.
1280 797 1514 854 Causam
1575 797 1829 862 alteram,
1881 797 2124 853 facinora

547 893 811 948 adversus
835 891 1130 961 prophetas
1161 891 1335 946 dixit:
1367 891 1420 946 hi
1449 891 1648 961 quippe
1687 891 1960 962 przemissi
2009 891 2128 948 fue-

547 993 674 1038 rant
705 983 852 1039 servi
875 981 992 1038 Dei.
1035 982 1273 1038 Tertiam
1303 982 1536 1053 denique
1561 997 1782 1038 causam
1813 984 1997 1038 attulit
2033 1001 2128 1055 pa-

549 1075 893 1132 trisfamilias
945 1075 1115 1129 lilium
1145 1091 1368 1130 caesum.
1401 1075 1766 1142 Quamobrem
1801 1076 1906 1132 fusi
1949 1080 2128 1134 omnis

546 1168 828 1238 sanguinis
877 1183 1053 1235 pmnaa
1101 1168 1168 1222 ab
1217 1167 1284 1222 iis
1347 1179 1727 1236 reposcemur,
1779 1183 1806 1222 a
1867 1171 2128 1240 sanguine

541 1257 677 1328 justi
722 1259 912 1316 Abelis
944 1275 1114 1331 usque
1147 1260 1213 1314 ad
1253 1261 1571 1332 sanguinem
1606 1259 1906 1318 Zacharite.

617 1527 741 1584 llaac
785 1527 1132 1598 pontificibus
1159 1537 1325 1598 atque
1360 1528 1666 1585 senioribus
1703 1532 1753 1584 in
1787 1533 1979 1587 faciem
2019 1533 2124 1588 ob-

539 1619 704 1688 iecta,
754 1637 858 1674 non
894 1621 1166 1675 mediocre
1202 1622 1286 1678 his
1335 1623 1592 1692 probrum
1632 1627 1910 1679 creabant.
1946 1629 2125 1694 Quare

545 1711 806 1766 admirari
830 1711 953 1766 licet
994 1709 1367 1777 Servatorem,
1399 1714 1490 1782 qui
1521 1723 1716 1784 praeter
1747 1725 1942 1770 cetera
1973 1727 2126 1784 pote-

2237 535 2363 590 ρους
2407 513 2786 588 μετατίθεσθαι
2836 509 3214 581 ἀφαιρουμένη
3250 507 3308 573 ἐξ
3345 505 3522 560 αὐτῶν
3571 505 3604 576 ἡ
3661 503 3810 575 βασι-

2233 611 2354 664 λεία
2375 610 2482 663 τῶν
2517 605 2784 680 οὐρανῶν.
2815 605 2978 675 Τρεῖς
2999 602 3054 654 δὲ
3081 599 3180 664 τὰς
3219 599 3396 660 πάσας
3427 595 3608 659 αίτίας
3638 611 3808 649 κατα-

2233 703 2400 772 λέγει·
2437 699 2661 773 πρώτην
2696 697 2817 770 μὲν,
2848 698 2944 766 τὴν
2976 695 3101 765 περὶ
3124 691 3252 755 τοὺς
3293 690 3538 762 καρποὺς
3562 687 3810 757 ἀγνωμοι

2235 795 2402 866 σύνην
2429 794 2536 847 τῶν
2559 790 2848 863 γεωργῶψ
2882 790 2941 843 οὐ
2977 788 3087 859 γὰρ
3123 785 3387 856 ἔπραττον
3413 781 3553 836 κατὰ
3570 780 3638 833 τὰ
3667 797 3806 852 παρ-

2231 887 2545 958 ηγγελμένα
2590 886 2774 948 αὐτοῖς
2802 881 2940 954 (63),
2973 877 3289 953 παραϐάται
3317 875 3373 928 δὲ
3395 875 3690 944 ἐτύγχανον
3715 871 3810 925 τοῦ

2231 981 2474 1044 δοθέντος
2533 979 2714 1042 αὐτοῖς
2757 976 2920 1047 νόμου
2941 991 2955 1005 ⁸
2986 972 3242 1044 δευτέραν
3275 969 3351 1034 δὲ,
3385 966 3480 1038 τὴν
3528 965 3669 1020 κατά
3705 965 3812 1018 τῶν

2235 1071 2529 1144 προφητῶν
2559 1069 2882 1140 ἐπιϐουλήν·
2906 1059 3050 1120 οὗτοι
3079 1063 3188 1136 γὰρ
3207 1058 3345 1135 ἦσαν
3364 1061 3413 1114 οἱ
3445 1057 3814 1132 προαπεσταλ·

2236 1165 2386 1236 μένοι
2424 1165 2518 1218 τοῦ
2568 1161 2704 1218 Θεοῦ
2751 1160 2962 1214 δοῦλοι·
3013 1156 3107 1210 καὶ
3147 1153 3360 1226 τρίτην,
3405 1151 3504 1222 τὴν
3539 1148 3678 1203 κατὰ
3721 1147 3815 1200 τοῦ

2233 1255 2348 1309 υίοῦ
2372 1255 2466 1309 τοῦ
2497 1253 2880 1308 οἰκοδεσπότου
2925 1247 3259 1322 μιαιφονίαν,
3283 1245 3350 1298 δι’
3373 1245 3440 1316 ῆν
3464 1242 3722 1312 ἐκδικηθὴ
3733 1259 3802 1294 σε·

2231 1365 2322 1402 ται
2354 1349 2412 1414 ἐξ
2437 1347 2618 1402 αὐτῶν
2658 1347 2766 1400 πᾶν
2813 1339 2976 1414 αἷμα,
3005 1341 3113 1396 ἀπὸ
3161 1339 3393 1410 αἵματος
3413 1335 3580 1388 ’Ἅϐελ
3607 1335 3701 1388 τοῦ
3739 1333 3816 1386 δι-

2233 1440 2390 1492 καίου
2430 1439 2621 1510 μέχρις
2648 1438 2878 1509 αἵματος
2915 1433 3204 1506 Ζαχαρίου.

2305 1531 2492 1584 Ταῦτα
2516 1530 2572 1582 δὲ
2597 1531 2677 1593 εἰς
2699 1531 2992 1600 πρόσωπον
3010 1527 3119 1589 τοῖς
3135 1519 3448 1593 ἀρχιερεῦσι
3465 1518 3559 1571 καὶ
3582 1513 3816 1588 πρεσϐυ.

2231 1623 2410 1695 τέροις
2459 1622 2728 1692 λεγόμενα
2770 1621 2830 1672 οὖ
2869 1619 3097 1690 μικροὺς
3135 1617 3320 1678 αὐτοῖς
3356 1610 3618 1684 παρεῖχεν
3656 1609 3812 1678 ἐλέγ-

2231 1731 2377 1785 χους.
2407 1715 2495 1767 Διὸ
2521 1713 2613 1766 τοῦ
2639 1714 2892 1784 Σωτῆρος
2915 1711 3168 1781 θαυμάσαι
3187 1708 3320 1761 ιὲστι
3351 1705 3488 1778 μετά
3507 1705 3614 1758 τῶν
3639 1703 3816 1758 ἄλλων

545 1813 742 1859 statem
793 1819 1012 1874 quoque
1063 1807 1336 1861 sermonis
1373 1821 1566 1876 magna
1623 1823 1744 1861 cum
1795 1813 2123 1866 auctoritate

2229 1776 2318 1860 καὶ
2339 1805 2435 1876 τὴν
2470 1805 2716 1873 ἐξουσίαν
2753 1776 2847 1857 τοῦ
2893 1776 3052 1871 λόγου
3099 1801 3240 1872 μετά
3287 1776 3485 1870 πολλῆς
3527 1797 3812 1862 αὑθεντίας

543 1897 855 1962 exserebat,
893 1907 1060 1967 atque
1104 1901 1280 1952 instar
1327 1899 1529 1968 judicis
1562 1915 1776 1968 pmnam
1813 1901 2004 1954 iisdem
2041 1917 2125 1956 sa-

543 1987 883 2052 pientissime
912 2005 1094 2044 coram
1134 1975 1490 2046 decernebat.
1531 1990 1666 2047 Huic
1712 2002 1892 2048 autent
1919 1993 2126 2048 Serva-

545 2081 678 2138 toris
715 2081 882 2136 nostri
925 2083 1201 2150 parabolae
1230 2093 1518 2150 consonat,
1564 2087 1638 2139 uti
1665 2086 1866 2140 dictum
1892 2096 1999 2150 est,
2031 2085 2118 2140 illa

545 2173 715 2228 Isaiae.
746 2174 850 2230 Sed
891 2185 1071 2231 tamen
1099 2179 1358 2247 propheta
1401 2181 1614 2233 vineam
1651 2181 1936 2252 obiurgat,
1979 2180 2123 2236 nulla

542 2265 811 2321 cultorum
861 2267 1002 2322 facta
1048 2271 1322 2324 mentione
1351 2293 1362 2325 :
1390 2279 1445 2324 at
1477 2286 1604 2326 vero
1631 2271 1891 2328 Servatur
1923 2275 2122 2330 vinito-

541 2371 628 2412 res
647 2373 831 2411 coram
868 2359 1117 2429 objurgat
1141 2371 1304 2430 atque
1348 2373 1658 2428 praesentes.
1685 2361 1748 2418 Ili
1780 2382 1942 2434 porro
1969 2377 2126 2422 erant

543 2449 815 2520 principes
845 2450 1122 2522 ducesque
1161 2457 1380 2524 pOpuIi:
1415 2457 1554 2523 apud
1587 2473 1724 2526 quos
1747 2459 1910 2512 etiam
1947 2459 2128 2514 scelus

540 2547 802 2600 adversus
835 2563 895 2604 se
924 2547 992 2602 ab
1030 2547 1114 2602 bis
1149 2548 1474 2618 patrandum
1517 2554 2012 2606 commemoravit:
2045 2551 2127 2608 fo-

543 2654 708 2709 reque
736 2641 812 2694 ait
838 2651 897 2695 ut
930 2642 1088 2695 vinea
1125 2640 1190 2696 iis
1227 2641 1698 2714 auferatur,atqne
1721 2645 1841 2698 aliis
1881 2646 2128 2700 tradatur

539 2729 861 2786 cultoribus.
919 2731 1054 2786 Exin
1109 2733 1458 2798 enucleabat,
1503 2748 1747 2802 quamam
1789 2738 1914 2791 vitis
1937 2749 2120 2800 esset;

543 2835 736 2891 nempe
759 2820 850 2874 Dei
873 2837 1094 2892 regnum
1113 2821 1287 2876 vineae
1307 2823 1520 2877 nomine
1536 2823 1758 2892 intelligi
1781 2827 2121 2884 declarabat:

543 2915 683 2982 quod
707 2913 923 2984 quidem
959 2913 1051 2966 Dei
1078 2929 1302 2983 regnum
1349 2931 1445 2983 per
1477 2916 1619 2985 piam
1654 2917 1962 2988 religionem
1993 2921 2123 2975 olim

542 3005 882 3075 principibus
907 3005 1110 3074 prioris
1158 3006 1340 3076 populi
1377 3008 1751 3063 concreditum
1778 3010 1976 3066 fuerat.
2019 3012 2124 3068 Sed

2224 1899 2666 1970 ἀποφηναμένου,
2704 1898 2796 1950 καὶ
2823 1897 3011 1968 κριτοῦ
3043 1895 3200 1966 δίκην
3236 1894 3333 1967 τὴν
3361 1895 3480 1947 κατ’
3525 1890 3704 1945 αὐτῶν
3732 1907 3814 1943 τι-

2227 1991 2438 2063 μωρίαν
2470 1995 2550 2053 είς
2579 1991 2638 2044 τὸ
2672 1989 2850 2043 αὐτῶν
2884 1989 3172 2060 πρόσωπον
3217 1985 3356 2057 μετά
3383 1984 3689 2055 βαθυτάτης
3724 1999 3814 2036 σο-

2225 2085 2354 2154 φίας
2383 2083 2780 2153 ὲξενεγκόντος.
2823 2081 2904 2154 Τῇ
2938 2081 3190 2153 παρούσῃ
3221 2080 3315 2134 τοῦ
3357 2079 3611 2150 Σωτῆρος
3654 2076 3812 2147 ἡμῶν

2224 2177 2504 2250 παραϐολῇ
2538 2177 2750 2249 συνᾴδει
2773 2180 2805 2248 ἡ
2826 2176 2978 2248 παρά
3001 2175 3078 2248 τῷ
3093 2171 3396 2244 ’1Ισαῖᾳ,ὼς
3415 2171 3628 2244 εἴρηται
3653 2170 3812 2240 (65’).

2226 2271 2372 2343 Πλὴν
2407 2273 2440 2342 ἡ
2472 2271 2572 2342 μὲν
2602 2269 2696 2324 τοῦ
2727 2271 3004 2342 προφήτου
3025 2269 3115 2322 τὸν
3135 2265 3433 2338 ἀμπελῶνα
3457 2263 3816 2334 διεμὲμφετο,

2224 2365 2332 2416 τῶν
2377 2363 2641 2436 γεωργῶν
2687 2364 2909 2435 μνήμην
2951 2359 3199 2432 οὐδαμῶς
3246 2357 3627 2429 πεποιημένη’
3682 2357 3709 2409 ὁ
3756 2355 3812 2408 δὲ

2227 2459 2418 2529 Σωτὴρ
2440 2459 2567 2520 τοὺς
2595 2457 2873 2528 γεωργοὺς
2901 2455 3210 2526 ἀπήλεγχεν
3233 2455 3312 2517 εἰς
3335 2451 3620 2523 πρόσωπον
3645 2447 3805 2502 ἑστῶ-

2225 2567 2323 2614 τας
2381 2551 2476 2604 καὶ
2525 2551 2818 2622 παρόντας.
2869 2543 3028 2602 Οὗτοι
3062 2548 3106 2600 δ’
3146 2543 3287 2618 ἦσαν
3328 2545 3378 2598 οἱ
3411 2544 3671 2614 ἄρχοντες
3721 2543 3814 2594 καὶ

2224 2641 2520 2714 ἡγούμενοι
2546 2642 2638 2696 τοῦ
2669 2641 2798 2695 λαοῦ
2823 2659 2835 2671 ·
2870 2635 2949 2705 οἷς
2978 2639 3112 2710 ὁμοῦ
3141 2639 3237 2692 καὶ
3269 2637 3336 2707 ἣν
3359 2639 3672 2707 ποιήσονται
3691 2633 3812 2685 κατ’

2227 2735 2390 2790 αὐτοῦ
2419 2735 2712 2806 ἐπιϐουλὴν
2756 2735 2973 2804 ἐδήλουο
3020 2733 3113 2786 καὶ
3144 2731 3218 2794 ὼς
3254 2728 3554 2802 ἀρθήσεται
3588 2727 3680 2780 ἀπ’
3718 2726 3814 2778 αὺ-

2225 2827 2330 2881 τῶν
2375 2831 2404 2882 ὁ
2457 2827 2740 2899 ἀμπελὼν,
2801 2827 2893 2880 καὶ
2938 2827 3219 2898 δοθήσεται
3253 2822 3460 2893 ἑτέροις
3521 2820 3812 2891 γεωργοῖς,

2225 2917 2512 2990 προῦλεγεο
2539 2919 2815 2988 διασαφῶν
2851 2919 3048 2989 ἐφεξῆς
3073 2917 3154 2981 τίς
3186 2933 3312 2969 ποτε
3346 2917 3428 2986 sit;
3459 2916 3487 2968 ό
3525 2911 3810 2982 ἀμπελὼν,

2227 3012 2320 3065 καὶ
2348 3011 2614 3066 διδάσκων
2645 3011 2744 3083 τὴν
2778 3010 3058 3082 βασιλείαν
3103 3007 3196 3061 τοῦ
3239 3006 3372 3060 Θεοῦ
3405 3001 3541 3058 εἶναι
3583 3004 3672 3056 τὸν
3708 3003 3814 3074 ἀμ-

545 3099 687 3151 eaim
729 3113 849 3148 eum
901 3097 953 3150 lti
988 3112 1164 3165 neque
1190 3099 1402 3154 debitos
1445 3099 1659 3158 fructus
1693 3104 2021 3172 redderent,
2069 3116 2124 3162 et

2229 3104 2444 3158 πελῶνα
2464 3121 2481 3136 ο
2511 3105 2634 3175 ἥτις
2665 3103 2913 3176 βασιλεία
2945 3101 3082 3156 Θεοῦ
3114 3100 3202 3154 διά
3223 3098 3318 3152 τοῦ
3348 3085 3632 3160 θεοσεϐοῦς
3664 3095 3812 3147 πολι-

541 3195 741 3254 pn‘ter
777 3185 909 3255 legis
957 3187 1339 3254 violationem,
1397 3191 1632 3246 czedibns
1681 3209 1898 3264 quoque
1943 3205 2119 3251 semet

2229 3197 2490 3268 τεύματος
2520 3197 2689 3251 πάλαι
2723 3196 2986 3268 πρότερον
3012 3195 3123 3255 τοῖς
3149 3193 3375 3263 ἄρχουσι
3415 3189 3508 3242 τοῦ
3548 3185 3813 3259 προτέρου

544 3275 945 3344 intpiavissent,
974 3277 1165 3332 merito
1208 3277 1467 3336 Servator
1501 3281 1640 3338 hanc
1667 3283 1719 3336 in
1757 3284 1874 3339 illus
1910 3294 2122 3341 sentcn-

547 3369 672 3422 tiam
703 3369 843 3432 tulit,
875 3369 1062 3426 dicens
1091 3389 1106 3424 :
1139 3369 1426 3441 Propterea
1476 3375 1595 3428 dico
1645 3377 1810 3442 vobis,
1849 3379 2121 3450 auferetur

545 3481 575 3512 u
609 3461 749 3514 vobis
789 3477 1012 3532 regnum
1053 3461 1190 3529 Dei,
1231 3475 1278 3517 et
1324 3465 1536 3520 dabitur
1577 3469 1717 3537 genti
1758 3485 1876 3538 (μιαν
1915 3469 2120 3539 fructus

545 3551 658 3620 ejus
677 3554 1304 3624 exhibebit.—Quoniam
1346 3573 1475 3614 vero
1513 3559 1650 3614 dixit
1677 3563 1978 3616 occiderunt
2007 3564 2124 3635 (do-

549 3643 676 3696 mini
710 3644 924 3714 lilium),
957 3663 1063 3702 non
1082 3647 1192 3717 jam
1213 3649 1486 3704 videretur
1514 3651 1780 3718 parabolze
1803 3653 1970 3708 series
1993 3655 2124 3724 pati,

547 3736 721 3802 ipsum
770 3735 888 3792 fore
932 3751 1256 3808 praesentem
1290 3757 1488 3812 potate.
1525 3759 1630 3813 qua
1677 3745 1798 3798 mali
1851 3747 2122 3814 agricolze,

547 3829 750 3883 domini
808 3832 888 3884 sui
938 3831 1353 3900 interfectores,
1387 3837 1579 3891 merito
1629 3837 1893 3906 plecteudi
1944 3849 2121 3895 erant.

542 3919 708 3992 Atqui
742 3937 925 3978 revera
953 3941 1072 3982 esse
1101 3928 1355 3983 eumdem
1391 3939 1624 3986 constat.
1657 3931 1780 4000 quia
1817 3933 1930 4001 ipse
1955 3933 2121 4000 judex

545 4021 652 4065 est.

2221 3289 2350 3344 λαοῦ
2381 3291 2762 3344 ἐπεπίστευτο.
2819 3287 3040 3358 Ἐπειδὴ
3089 3286 3220 3357 μηδὲ
3265 3284 3389 3346 τοὺς
3423 3283 3642 3344 δέοντας
3675 3296 3814 3353 καρ-

2225 3386 2361 3448 ποὺς
2389 3383 2734 3448 ἀπεδίδοσαν,
2777 3381 2913 3453 πρὸς
2949 3380 3007 3433 δὲ
3052 3379 3118 3448 τῇ
3163 3376 3256 3429 τοῦ
3301 3376 3465 3445 νόμου
3507 3371 3814 3443 παραϐάσει

2227 3476 2558 3548 μιαιφονίαις
2588 3477 2812 3540 ἑαυτοὺς
2840 3473 3252 3544 περιέσπειραν,
3286 3467 3512 3531 εἰκότως
3557 3465 3653 3536 τὴν
3693 3465 3814 3518 κατ’

2229 3569 2408 3622 αὐτῶν
2448 3570 2475 3621 ὁ
2517 3568 2710 3640 Σωτὴρ
2757 3567 3078 3634 ἐξενέγκατο
3120 3563 3432 3632 ἀπόφασιν,
3480 3557 3666 3611 εἰπών’
3713 3556 3813 3608 Διὰ

2227 3662 2403 3715 τοῦτο
2437 3662 2592 3733 λέγω
2630 3661 2791 3732 ὑμῖν,
2829 3659 3152 3728 ἀρθήσεται
3197 3655 3297 3722 ἀφ’
3345 3650 3512 3720 ὑμῶν
3557 3651 3592 3716 ἠ
3627 3650 3814 3714 ,Βασι-

2227 3753 2364 3806 λεία
2423 3753 2527 3806 τοῦ
2585 3751 2755 3816 Θεοῦ,
2811 3751 2908 3804 καὶ
2967 3747 3290 3814 δοθήσεται
3332 3745 3490 3798 ἔθνει
3541 3739 3814 3795 ποιοῦντι

2227 3846 2368 3913 τοὺς
2401 3837 2669 3916 καρποὺς
2694 3843 2882 3912 αὐτῆς
2915 3843 3048 3914 (61).
3069 3871 3141 3880 -
3164 3839 3276 3910 (65)
3305 3837 3522 3906 Ἐπειδὴ
3554 3834 3610 3888 δὲ
3640 3829 3812 3896 εἶπεν,

2226 3938 2310 3990 ὅτι
2339 3937 2716 4001 ἀπέκτειναν,
2753 3936 2931 3990 οὐκέθ’
2962 3937 2994 4006 ἡ
3027 3931 3317 3988 ἀκολουθία
3351 3929 3452 4000 τῆς
3502 3925 3812 3998 παραόολῆς

2228 4029 2371 4102 ἔχειν
2404 4031 2625 4085 δύναται
2651 4030 2812 4084 αὑτὸν
2839 4027 2978 4082 εἶναι
3009 4027 3099 4080 τὸν
3123 4024 3492 4097 παρεσόμενον
3527 4020 3620 4072 ἐπὶ
3644 4035 3806 4089 τιμω-

541 4103 666 4180 ρίᾳ,
698 4105 766 4178 ἢν
798 4101 936 4180 ἦσαν
960 4109 1158 4165 δίκαιοι
1191 4111 1448 4182 ὑποσχεῖν
1479 4113 1637 4166 κακοῖ
1669 4115 1904 4186 γεωργοὶ
1935 4117 2028 4169 καὶ
2062 4101 2265 4188 φονεῖς
2303 4121 2396 4174 τοῦ
2432 4121 2712 4176 δεσπότου.
2752 4123 2874 4174 ’Ότι
2919 4118 2977 4172 δὲ
3037 4116 3200 4180 αὐτός
3235 4114 3372 4176 ἐστι,
3420 4109 3578 4181 δῆλον
3598 4126 3610 4138 ’
3651 4107 3813 4170 αὐτὸς

545 4198 656 4272 γάρ
687 4203 900 4274 κριτής-

617 4293 779 4363 Lapis
810 4297 1010 4350 dicitur
1053 4297 1312 4355 Dominus
1333 4309 1554 4370 propter
1578 4308 1852 4355 terrenum
1871 4315 2068 4371 corpus
2097 4318 2113 4358 :
2149 4305 2194 4360 D

2294 4298 2404 4371 (66)
2423 4299 2582 4364 Λίθος
2604 4300 2633 4352 ὁ
2649 4298 2851 4370 Κύριος
2867 4297 3081 4366 λέγεται
3100 4295 3213 4366 (67)
3227 4292 3316 4346 διὰ
3331 4291 3391 4345 τδ
3407 4289 3609 4360 γεῶδες
3627 4289 3806 4360 σῶμα·

547 4385 686 4456 lapis
737 4387 944 4456 absque
991 4406 1244 4446 manuum
1299 4393 1601 4448 ministerio
1641 4393 1859 4447 excisus
1887 4431 1903 4460 ,
1962 4405 2120 4462 prout

2229 4391 2367 4454 λίθος
2389 4391 2716 4462 τεμνόμενος
2744 4391 2872 4444 ἄνευ
2897 4388 3120 4460 χειρῶν,
3145 4385 3287 4440 κατά
3312 4383 3412 4456 τὴν
3444 4381 3644 4452 Δανιὴλ
3677 4381 3813 4452 ὅρα-

551 4478 721 4534 l'ertur
746 4479 798 4533 in
830 4480 1062 4537 Danielis
1080 4483 1346 4546 visioue'.
1383 4495 1602 4554 propter
1637 4499 1790 4538 suam
1823 4485 1890 4539 de
1917 4486 2122 4555 virgine

545 4571 884 4628 nativitatem
917 4591 929 4626 :
967 4589 1140 4644 neque
1173 4577 1315 4630 enim
1352 4571 1426 4628 illi
1457 4591 1590 4645 opus
1621 4575 1724 4629 t‘uit
1769 4577 2004 4631 humano
2038 4593 2122 4634 se-

549 4663 717 4728 tnine,
743 4665 951 4720 cmlesti
975 4665 1172 4720 virtute
1193 4670 1496 4738 genituram
1523 4669 1642 4738 ejus
1673 4670 2085 4724 administrante
2103 4714 2118 4736 ,

551 4765 888 4827 matremque
919 4758 1106 4813 habuit
1162 4761 1470 4828 nuptiarum
1523 4773 1803 4830 expertem
1847 4762 2120 4832 puellam,

548 4863 670 4920 quae
721 4867 862 4906 novo
902 4851 1046 4906 inter
1084 4853 1330 4908 homines
1381 4867 1532 4908 more
1579 4857 1642 4908 de
1692 4854 1895 4925 Spiritu
1932 4867 2122 4910 sancto

548 4943 820 5014 concepit.
856 4943 1018 5013 Lapis
1051 4955 1206 5009 erat,
1245 4961 1349 5000 non
1383 4961 1573 5000 aurum
1612 4962 1787 5015 neque
1809 4958 2119 5016 argentum,

552 5050 728 5104 neque
753 5050 844 5090 rex
869 5036 1061 5105 aliquis
1085 5037 1372 5106 gloriosus,
1411 5041 1477 5094 iis
1517 5038 1712 5094 similis
1735 5038 1823 5107 qui
1856 5055 1951 5109 per
1977 5039 2122 5108 ejus-

633 5153 654 5184 ’
697 5155 827 5208 Dan.
859 5169 917 5217 ll,
943 5155 1034 5210 45.

630 5265 757 5340 (εξ),
774 5266 910 5340 oga.
926 5339 933 5340 ί
952 5268 1016 5321 Α.
1053 5269 1089 5340 r,
1117 5269 1244 5326 263.

631 5335 766 5406 (65⁸)
795 5335 1190 5394 Nimirumsub
1217 5341 1385 5395 initiis
1418 5338 1576 5407 huius
1609 5351 1876 5394 enarrata:
1913 5339 2134 5409 parabo-

559 5407 648 5482 lte.
690 5409 778 5482 ubi
810 5419 961 5482 certe
1007 5411 1178 5482 Syrus
1225 5412 1580 5479 congruebat.
1602 5410 1752 5482 Ergo
1784 5407 1962 5482 totum
1999 5413 2134 5468 hoc,

565 5478 777 5533 etiamsi
819 5480 872 5532 in
902 5478 1062 5549 Syro'
1091 5478 1448 5548 desideretur,
1496 5482 1563 5537 ad
1601 5478 1740 5536 idem
1781 5479 2139 5550 Theopltania:

565 5565 764 5616 corpus
801 5552 1074 5618 pertinuere
1100 5553 1330 5610 videtur,

636 5619 749 5692 (ti-i)
774 5619 1068 5692 illucusque
1102 5623 1235 5692 sine
1262 5622 1362 5674 ιιΙΙ.ι
1399 5621 1814 5692 interruptione.
1850 5622 1918 5675 ab
1965 5623 2122 5675 initio

567 5689 871 5758 parabolze,
899 5689 1065 5746 codex
1103 5693 1164 5744 Α.
1209 5690 1493 5760 Reliquum
1543 5689 1670 5748 vero
1715 5693 2070 5761 fragmentum
2105 5733 2117 5754 ,

563 5775 716 5830 irque
737 5761 836 5817 sub
861 5763 1075 5818 nomine
1113 5761 1323 5816 Eusebii
1361 5763 1615 5819 iu'codice
1640 5763 1824 5818 eodem
1852 5765 2119 5822 laudatur.

2227 4499 2332 4545 σιν,
2365 4480 2455 4534 διὰ
2485 4481 2582 4552 τὴν
2609 4483 2672 4534 ὲκ
2707 4479 2974 4552 παρθένου
3014 4479 3296 4548 γέννησιν·
3346 4476 3408 4528 οὐ
3458 4472 3568 4544 γὰρ
3591 4471 3814 4542 ἐδέησεν

2223 4575 2372 4646 αὐτῷ
2417 4576 2624 4646 σπορᾶς
2675 4573 3042 4644 ἀνθρωπίνης,
3093 4569 3349 4642 οὐρανίου
3403 4569 3686 4636 δυνάμεως
3745 4567 3814 4620 τα

2228 4669 2349 4724 κατ’
2378 4669 2540 4721 αὐτὸν
2567 4666 3026 4738 οἱκονομουμένης
3045 4682 3059 4695 σ
3086 4665 3180 4717 καὶ
3217 4663 3400 4732 μήτηρ
3423 4659 3571 4730 αὐτῷ
3599 4659 3812 4729 ἀπειρό-

2228 4781 2402 4836 γαμος
2457 4763 2613 4835 κόρη,
2656 4763 2840 4817 καινὸν
2890 4759 3154 4832 τρόπονῆ
3197 4757 3319 4811 καθ’
3357 4757 3503 4828 ἡμᾶς
3557 4754 3615 4818 ἐξ
3653 4753 3814 4822 ἁγίου

2229 4858 2544 4929 Πνεύματος
2582 4857 2804 4910 κύουσα.
2857 4854 3019 4918 Δίθος
3065 4851 3153 4925 ἦν,
3206 4851 3319 4906 ἀλλ’
3364 4851 3423 4903 οὐ
3463 4849 3662 4920 χρυσὸς
3703 4845 3815 4900 οὐδ’

2229 4951 2489 5022 ἄργυρος,
2524 4949 2646 5003 οὐδὲ
2681 4947 2932 5018 βασιλεύς
2971 4963 3055 5010 τις
3088 4941 3312 5007 ἔνδοξος,
3363 4941 3546 5010 ὅμοιος
3572 4939 3685 4998 τοῖς
3725 4936 3814 4988 διὰ

2232 5043 2339 5096 τῶν
2383 5043 2600 5096 τοιῶνδε
2641 5040 2922 5113 συμϐόλων
2958 5039 3109 5110 παρά
3151 5035 3230 5107 τῷ
3276 5031 3472 5104 Δανιὴλ
3511 5029 3814 5099 δεδηλωμέ-

2240 5270 2334 5324 sed
2361 5271 2414 5323 itt
2453 5272 2644 5338 pagina
2671 5267 2989 5338 versuiﬁtiﬁ.
3017 5267 3069 5320 b.

2307 5339 2420 5408 (65)
2449 5337 2580 5395 Cod.
2609 5342 2670 5392 Α.
2699 5340 2732 5392 ι.
2761 5337 2886 5392 265.
2915 5339 2966 5408 b_.

2308 5404 2420 5478 (66)
2445 5411 2579 5466 Cod.
2603 5413 2666 5462 A.
2707 5409 2743 5462 l‘.
2773 5409 2902 5462 26L
2929 5406 3060 5478 Syr.
3080 5420 3156 5470 tv,
3186 5404 3274 5481 111.
3475 5471 3486 5481 .
3593 5469 3620 5481 η
3708 5475 3724 5481 _
3761 5467 3774 5478 .

2311 5469 2422 5550 (GT)
2449 5481 2520 5532 De
2563 5483 2661 5550 hoc
2693 5481 2924 5549 mystico
2967 5469 3106 5550 saxo
3143 5469 3305 5550 verba
3347 5471 3546 5550 partim
3591 5469 3814 5550 tinntin

2242 5541 2576 5614 T'Iteapltania
2627 5541 2848 5619 Syriaca
2913 5563 3012 5619 tv.
3049 5545 3160 5610 l4;
3213 5544 3306 5619 sed
3363 5541 3582 5619 Graecus
3635 5547 3814 5619 tostus

2243 5623 2342 5674 sub
2377 5605 2592 5674 Eusebii
2633 5605 2852 5674 nomine
2903 5633 2936 5669 τι.
2975 5605 3159 5672 Niceta
3209 5616 3416 5668 relatus
3449 5609 3624 5664 multo
3655 5605 3811 5673 plura

2240 5692 2460 5756 recitat,
2526 5694 2640 5745 sive
2699 5705 2764 5743 ex
2826 5687 3161 5757 Theophauia
3207 5683 3324 5740 sive
3365 5695 3432 5738 ex
3479 5684 3814 5735 commenta-

2241 5777 2358 5815 HIS.
