4000 6398
539 242 646 296 643

1243 245 1510 302 ΕὒΞΕΒΙΙ
1549 243 2026 300 CASSARIENSIS
2067 245 2216 302 OPP.
2259 245 2439 300 PARS
2477 245 2565 300 IV.
2605 279 2672 290 -
2711 246 3132 304 DOGMATICA.

3675 247 3786 302 64H

538 369 658 414 rent
688 357 993 414 .Iudzrorum
1041 359 1308 428 principes
1341 399 1356 422 ,
1407 361 1536 413 ttrbe
1567 362 1712 414 illunt
1769 363 1922 416 abire
1949 379 2097 416 ettra-

2205 365 2491 435 ἄρχοντες,
2533 366 2634 436 τῆς
2679 365 2884 430 πόλεως
2931 365 3306 436 ἀπαλλαγῆναι
3339 365 3577 418 ἐποίουν.
3626 368 3688 416 ’0
3737 345 3788 418 δ’

533 460 684 505 runt.
739 449 1029 504 Discedens
1078 463 1256 502 autem
1299 448 1686 521 Hierosolymis
1712 453 1964 507 Christus
2007 457 2102 510 has

537 543 704 595 edidit
733 550 918 594 contra
953 539 1138 593 urbem
1193 556 1352 594 voces
1386 561 1400 595 :
1437 537 1795 610 Hierusalem,
1842 546 2102 600 Hierusa-

535 631 658 692 lem,
697 645 1048 696 sa'pemtmero
1089 630 1264 696 aptavi
1307 629 1450 698 ﬁlios
1491 643 1607 686 tuos
1641 651 1990 704 congregare,
2021 648 2102 689 at-

536 735 708 774 tamen
737 737 820 772 ros
847 722 1115 773 reuuistis.
1151 717 1233 772 En
1265 723 1581 793 relinquitur
1617 725 1761 778 vobis
1791 727 1977 779 domus
2021 744 2103 780 re-

535 824 645 864 stra
672 813 876 865 deserta
903 813 966 866 ‘°.
994 809 1112 865 Jam
1140 827 1244 865 non
1279 811 1368 866 Dei
1401 815 1616 868 domum
1656 817 1910 884 templum
1947 819 2098 882 illud,

535 904 1017 970 sanctuarimnque
1051 917 1170 956 esse
1210 904 1608 969 demonstrans,
1645 908 1736 960 sed
1767 907 1980 961 illormn
2015 910 2104 962 do-

535 1009 702 1056 mum,
735 1003 954 1062 propter
982 993 1158 1047 scclus
1182 993 1462 1047 infandum
1492 996 1634 1064 quod
1663 1007 1960 1051 consecuta
1982 1015 2098 1054 mox

537 1095 774 1152 tempore
811 1085 1004 1138 ibidem
1036 1095 1303 1152 patratum
1340 1097 1423 1140 est
1455 1103 1469 1139 :
1504 1101 1694 1156 nempe
1743 1088 1977 1143 immane
2007 1090 2103 1145 Ju-

533 1179 770 1231 daeorum
795 1185 982 1230 contra
1009 1177 1353 1231 Servatorem
1385 1178 1672 1248 piaculum.
1695 1181 1864 1234 Porro
1885 1197 2102 1237 necesse

531 1279 648 1324 erat
681 1285 786 1324 non
825 1270 973 1324 urbis
1021 1269 1192 1323 solum
1230 1269 1472 1333 incolas,
1519 1285 1702 1324 verum
1746 1273 1908 1326 etiam
1949 1275 2099 1342 pavi-

533 1371 774 1416 mentum
809 1361 958 1424 illnd,
991 1375 1099 1430 quo
1131 1369 1410 1430 tantopere
1438 1361 1850 1431 gloriabantur;
1878 1364 2097 1434 dignum

533 1451 736 1504 referre
763 1451 991 1518 pretium
1022 1449 1322 1502 facinorum
1368 1453 1436 1502 ab
1495 1451 1685 1506 incolis
1735 1463 2098 1522 patratorum.

531 1541 586 1595 id
615 1541 758 1608 quod
793 1557 898 1593 non
943 1540 1114 1594 multo
1146 1551 1264 1608 post
1296 1543 1518 1606 accidit,
1551 1557 1671 1596 cum
1723 1542 1954 1598 Romani
2009 1561 2100 1598 ur-

531 1635 648 1688 bem
677 1635 848 1689 adorti
877 1675 892 1698 ,
935 1634 1080 1689 cives
1112 1633 1227 1701 eius
1271 1636 1462 1704 partim
1501 1635 1624 1688 belli
1654 1634 1776 1702 jure
1810 1637 2094 1692 intereme-

533 1736 678 1788 runt,
713 1727 908 1796 partim
945 1727 1190 1796 captivos
1228 1728 1602 1792 abduxerunt;
1643 1737 1698 1783 et
1727 1739 1928 1797 praeter
1957 1728 2098 1784 fame

531 1827 776 1882 necatos,
829 1818 1090 1886 reliquam
1121 1819 1518 1874 multitudinem
1543 1821 1662 1876 loco
1687 1824 2016 1878 abstractam
2045 1825 2096 1878 iu

449 1935 452 1938 η
527 1913 680 1964 orbis
716 1920 874 1964 terrae
919 1913 1228 1964 vastitatem
1285 1912 1697 1980 disperserunt:
1736 1915 1968 1986 denique
2005 1931 2100 1970 eo-

533 2019 651 2056 rum
704 2003 920 2058 domunt
969 2019 1062 2056 seu
1103 2003 1355 2072 templum
1395 2005 1808 2071 inﬂammanles,
1841 2007 1890 2061 in
1918 2009 2099 2062 deser-

534 2094 797 2148 tissimam
831 2093 1176 2148 solitudinem
1232 2105 1638 2148 converterunt.
1687 2095 1832 2150 Sane
1864 2097 1978 2150 hate
2005 2112 2100 2166 po-

529 2195 677 2239 stero
747 2195 986 2254 tempore
1051 2184 1446 2254 contigerunt;
1497 2187 1588 2239 sed
1643 2187 1784 2240 enim
1821 2187 2096 2252 Servator,

531 2276 672 2331 Deus
695 2277 902 2331 scilicet
925 2277 1176 2342 Verbum,
1208 2277 1548 2344 praescientia
1578 2287 1753 2338 utens.
1776 2294 1895 2348 quae
1915 2279 2096 2333 futura

526 2377 684 2421 erant
714 2367 1100 2436 suprascriptis
1129 2367 1316 2420 verbis
1350 2376 1474 2420 ante
1500 2370 1786 2426 nuntiavit.
1821 2369 1982 2425 Urbis
2003 2385 2098 2424 au-

531 2471 636 2514 tem
687 2459 826 2513 ﬁlios
860 2459 1093 2527 appellat
1127 2469 1340 2528 gentem
1378 2455 1658 2511 Iudaicam
1681 2495 1696 2521 ,
1728 2459 1942 2513 domum
1967 2475 2100 2514 vero

525 2567 714 2604 eorum
750 2551 882 2604 dicit
933 2565 1032 2620 pro
1087 2549 1306 2618 templo.
1371 2549 1574 2604 Deinde
1611 2559 1838 2602 testatur
1869 2549 1988 2604 fore
2040 2561 2099 2604 ut

529 2645 764 2710 ipsorum
803 2641 954 2710 culpa
1013 2641 1146 2694 diris
1193 2643 1406 2696 casibus
1452 2642 1802 2707 irretiantur;
1853 2642 2098 2710 quando-

527 2735 744 2802 quidem
799 2733 910 2800 ipse
945 2731 1090 2785 haud
1135 2732 1300 2786 semel
1345 2741 1574 2786 conatus
1630 2731 1808 2788 fuerat
1856 2733 2092 2788 sobolem

527 2841 714 2882 eorum
745 2826 844 2878 sub
879 2823 1094 2892 pietatis
1121 2821 1308 2891 iugum
1343 2821 1580 2884 mittere,
1620 2822 1744 2875 dum
1775 2836 1961 2876 curam
1998 2836 2094 2876 eo-

531 2921 772 2978 rumdcut
798 2925 1104 2985 perpetuam
1129 2923 1358 2984 gereret,
1393 2929 1488 2982 per
1509 2913 1751 2982 singulos
1785 2915 2084 2984 prophetas

527 3009 879 3078 singulasque
924 3016 1110 3060 aetates
1161 3021 1188 3057 a
1233 3005 1503 3074 pravitate
1555 3019 1649 3058 eos
1697 3005 1984 3058 retrahens
2029 3018 2091 3059 ac
2119 3045 2161 3105 Β

533 3110 823 3150 revocans.
861 3093 1128 3148 Caeterum
1171 3094 1222 3146 hi
1251 3095 1461 3147 vocanti
1499 3093 1720 3146 minime
1747 3093 2091 3164 obtempera-

531 3197 756 3251 verunt;
815 3185 1340 3252 quamobrem-tulit
1393 3186 1446 3238 in
1483 3199 1578 3240 eos
1631 3183 1716 3238 his
1763 3185 1942 3240 verbis
1973 3201 2100 3240 sen-

533 3279 753 3332 tentiam
781 3295 795 3332 :
825 3275 956 3330 Ecce
980 3277 1290 3347 relinquitur
1312 3277 1450 3330 vobis
1471 3276 1654 3329 domus
1671 3284 1842 3330 vestra
1869 3277 2092 3333 deserta.

529 3369 900 3425 Solertissime
935 3381 1062 3423 vero
1111 3383 1217 3422 non
1265 3369 1454 3422 urbem
1503 3368 1778 3422 desertam
1827 3367 1940 3422 fore
1981 3369 2092 3432 ait,

529 3461 624 3516 sed
651 3461 868 3515 domum
897 3474 1016 3530 qua:
1051 3459 1120 3512 ibi
1147 3467 1290 3524 erat,
1321 3457 1372 3512 id
1405 3469 1488 3512 est
1515 3459 1958 3529 tentplum,'quod
1982 3459 2092 3526 jam

531 3568 638 3606 non
665 3567 822 3606 suum
878 3565 1053 3619 neque
1097 3549 1190 3606 Dei
1234 3550 1595 3604 habitaculum
1631 3551 1817 3606 haberi
1847 3549 1978 3616 vult,
2002 3551 2096 3606 sed

531 3647 742 3700 illorum
783 3659 903 3698 esse
947 3644 1044 3697 ait.
1097 3642 1377 3696 Desertum
1427 3657 1556 3697 vero
1599 3643 1739 3696 haud
1777 3642 1934 3697 aliter
1980 3642 2096 3698 fore

528 3737 874 3802 vaticinatur,
897 3737 996 3790 nisi
1027 3737 1150 3804 quia
1193 3745 1452 3789 consueta
1489 3736 1574 3790 illa
1613 3735 1707 3791 Dei
1737 3751 1866 3792 cura
1905 3751 1969 3792 ac
2007 3751 2097 3805 pa-

531 3829 762 3885 trocinio
803 3828 1140 3896 spoliandum
1184 3839 1325 3882 erat.
1377 3828 1560 3882 Mirari
1596 3840 1774 3882 autem
1805 3830 1948 3884 subit
1981 3844 2094 3884 ser-

531 3921 708 3976 monis
738 3919 1011 3984 eﬂ'ectum,
1043 3920 1168 3988 quia
1202 3935 1472 3988 nttnquam
1499 3919 1638 3973 alias
1676 3918 1743 3972 ad
1776 3929 1978 3974 tantam
2007 3935 2095 3974 so-

531 4013 812 4068 litudinem
860 4012 905 4066 is
939 4011 1086 4065 locus
1137 4011 1386 4066 redactus
1436 4011 1564 4077 fuit;
1615 4026 1683 4065 ne
1729 4019 1841 4065 tum
1876 4011 2092 4079 quidem

529 4117 653 4157 cum
687 4101 755 4156 ob
783 4101 1106 4171 impietatem
1133 4101 1430 4155 incolarum
1467 4111 1628 4170 atque
1661 4101 2015 4156 idololatriam
2039 4111 2096 4156 et

531 4195 915 4265 prophetarum
955 4197 1166 4260 etcdes,
1218 4195 1272 4247 in
1305 4193 1722 4265 Babyloniorum
1774 4203 2091 4264 potestatem

533 4285 680 4340 venit
719 4301 733 4338 :
781 4285 873 4338 illo
921 4287 1066 4339 enim
1110 4295 1350 4355 tempore
1387 4286 1796 4356 septuagenaria
1841 4283 1946 4337 fuit
1990 4285 2090 4338 loci

2205 457 2500 530 ἀναχωρῶν
2521 459 2628 512 τῶν
2679 459 2743 511 Ἰε
2753 455 2938 528 ροσολύ
2949 474 3061 528 μων
3085 457 3296 510 τοίασδε
3338 460 3613 530 προήκατο
3635 457 3786 512 κατὰ

2203 547 2304 618 τῆς
2353 551 2556 613 πόλεως
2601 551 2802 619 φωνάς’
2851 549 3280 618 Ἰερουσαλὴμ,
3333 548 3734 616 ἰεροιισαέἱυι
3763 585 3782 612 ,

2204 640 2461 707 ποσάκις
2493 641 2764 708 ἠθέλησα
2788 641 3252 710 ἐπισυναγαγεῖν
3291 637 3471 694 τέκνα
3502 655 3653 704 σου,
3679 643 3784 695 καὶ

2203 734 2314 786 οὐκ
2343 731 2697 798 ἠθελήσατε.
2754 732 2898 786 Ἰδοὺ
2929 733 3162 801 ἀφίεται
3187 733 3327 801 ὑμῖν
3352 735 3384 786 ὀ
3412 727 3574 796 οἶκος
3606 731 3788 800 ὑμῶν

2202 823 2445 890 ἕρημος-⁸
2478 821 2658 875 οὐκέτι
2693 819 2838 876 οἷκον
2868 823 3002 875 Θεοῦ
3035 820 3126 876 τὸν
3159 821 3292 877 νεὼν
3327 823 3418 874 καὶ
3451 823 3512 875 τὸ
3543 823 3600 874 ἐν
3625 821 3786 892 αὐτῷ

2203 911 2617 983 ἀγίασμα,ἀλλά
2651 913 2830 966 αὐτῶν
2861 909 2998 968 εἶναι
3021 910 3166 967 οἷκον
3183 914 3614 984 ἀποφηνάμενος
3653 915 3786 984 μιά-

2205 1021 2407 1074 σματος
2423 1003 2528 1074 γὰρ
2552 1004 2777 1072 ἐναγοῦς
2796 1005 2852 1057 ἐν
2883 1004 2959 1074 τῷ
2983 1005 3120 1074 μετά
3137 1004 3309 1057 ταῦτα
3325 1004 3498 1074 χρόνῳ
3511 1003 3786 1074 δρασθέν-

2201 1111 2290 1158 τος
2325 1096 2413 1148 ὑπ’
2437 1095 2634 1160 αὐτῶν,
2658 1095 2814 1149 τοῦτο
2851 1095 2896 1146 δ’
2931 1092 2998 1164 ἦν
3023 1096 3082 1148 τὸ
3113 1095 3381 1165 τολμηθὲν
3410 1095 3590 1158 αὐτοῖς
3643 1095 3786 1161 ἄγος

2203 1187 2341 1240 κατά
2376 1187 2468 1240 τοῦ
2501 1187 2773 1258 Σωτῆρος,
2809 1187 2974 1258 ἐχρῆν
3007 1181 3178 1258 δήπου
3222 1186 3296 1256 μὴ
3327 1185 3482 1256 μόνον
3517 1187 3646 1248 τοὺς
3673 1186 3780 1256 τῆς

2201 1279 2408 1342 πόλεως
2444 1280 2764 1350 οἰκήτορας,
2799 1277 2933 1330 ἀλλά
2971 1279 3062 1331 καὶ
3100 1277 3230 1331 αὐτὸ
3261 1277 3320 1329 τὸ
3364 1277 3574 1345 ἔδαφος,
3609 1277 3701 1344 ἐφ’

2204 1369 2345 1438 μέγα
2389 1369 2667 1440 ἐφρόνουν,
2717 1367 3009 1438 τάπίχειρα
3063 1360 3139 1420 ὧν
3189 1368 3418 1438 ἔδρασαν
3469 1367 3780 1436 οἰκήτορες,

2201 1461 2422 1513 παθεῖν·
2460 1459 2494 1511 ἂ
2525 1459 2587 1529 δή
2624 1459 2715 1511 καὶ
2747 1459 3078 1512 πεπόνθασιν
3111 1460 3210 1510 οὐκ
3239 1460 3318 1520 εἰς
3364 1458 3593 1528 μακρὸν,
3635 1457 3782 1508 Ῥω-

2205 1551 2378 1622 μαίων
2415 1549 2746 1602 ὲπελθόντων
2767 1553 2831 1621 τῇ
2865 1550 3037 1614 πόλει,
3071 1551 3164 1602 καὶ
3195 1549 3303 1602 τῶν
3322 1549 3616 1618 οἰκητόρων
3647 1549 3782 1608 τοὺς

2203 1643 2300 1713 μὲν
2333 1641 2565 1712 πολέμου
2597 1642 2745 1711 νόμῳ
2765 1639 3243 1710 κατασφαξάντων,
3277 1642 3400 1703 τοὺς
3423 1639 3468 1691 δ’
3493 1637 3786 1708 αἰχμαλώ-

2198 1749 2322 1796 τους
2352 1732 2763 1800 ἀπαγαγόντων,
2786 1733 2911 1794 τοὺς
2933 1732 2986 1784 δὲ
3010 1731 3151 1801 λιμῷ
3181 1731 3624 1802 διαφθειράντων,
3645 1731 3778 1791 τοὺς

2157 1873 2170 1892 ,
2195 1822 2239 1876 δ’
2289 1823 2674 1876 ἀπελασάντων
2727 1823 2820 1874 καὶ
2849 1824 2926 1884 εἰς
2966 1823 3142 1874 πάντα
3180 1821 3340 1874 τόπον
3381 1821 3778 1874 διασκεδασὰν-

2195 1927 2302 1968 των
2331 1913 2462 1984 (70),
2493 1915 2584 1967 τὸν
2611 1913 2653 1965 δ’
2677 1907 2824 1966 οἷκον
2853 1913 3030 1966 αὐτῶν
3060 1913 3262 1966 καὶτὸν
3287 1912 3419 1966 νεὼν
3451 1913 3780 1984 ἐμπρησάνο

2195 2023 2323 2068 των,
2346 2006 2421 2068 εἰς
2460 2004 2661 2074 ἔσχατά
2683 2021 2740 2057 τε
2769 2003 3001 2074 ἐρημίας
3024 2003 3438 2073 περιϐαλόντων.
3478 2001 3642 2060 Ἀλλά
3665 2003 3780 2074 γὰρ

2195 2097 2397 2150 τούτων
2419 2099 2476 2149 ἐν
2501 2100 2614 2159 τοῖς
2644 2096 2779 2166 μετά
2811 2095 2980 2148 ταῦτα
3011 2097 3222 2167 χρόνοις
3253 2095 3582 2165 γενομένων,
3629 2113 3778 2165 προ-

2195 2187 2374 2244 λαϐὼν
2405 2189 2434 2241 ὁ
2477 2189 2666 2260 Σωτὴρ
2709 2189 2768 2241 es
2817 2188 3005 2259 μέλλον
3039 2191 3101 2259 τῇ
3147 2187 3470 2259 προγνώσει,
3515 2184 3604 2241 οἷα
3637 2188 3780 2252 Θεὸς

2195 2281 2388 2351 Λόγος,
2439 2281 2510 2334 τὰ
2553 2281 2944 2352 συμϐησόμενα
2977 2279 3336 2352 προαγορεύει
3367 2281 3456 2334 διὰ
3486 2281 3594 2332 τῶν
3637 2299 3780 2352 προ-

2195 2375 2482 2444 κειμένων.
2501 2373 2675 2425 Τέκνα
2695 2373 2750 2425 δέ
2781 2371 2880 2444 τῆς
2909 2371 3116 2435 πόλεως
3137 2371 3387 2442 ὀνομάζει
3409 2372 3470 2425 τὸ
3503 2371 3780 2425 Ἰουδαίων

2199 2467 2306 2518 πᾶν
2339 2463 2490 2526 ἔθνος
2509 2479 2522 2492 ·
2557 2458 2701 2515 οἷκον
2721 2462 2776 2515 δὲ
2811 2461 2990 2514 αὐτῶν
3025 2461 3293 2516 ἀποκαλεῖ
3329 2461 3418 2514 τὸν
3449 2461 3607 2515 νεών.
3637 2458 3784 2514 Εἶτα

2199 2553 2554 2626 μαρτύρεται,
2587 2555 2666 2606 δτι
2685 2553 2837 2624 παρά
2851 2553 2947 2623 τήν
2979 2553 3158 2606 αὐτῶν
3185 2554 3362 2607 αἰτίαν
3375 2553 3442 2605 τὰ
3471 2553 3784 2623 σκυθρωπά

2194 2647 2390 2710 αὐτοὺς
2415 2645 2794 2716 μετελεύσεται
2815 2661 2828 2674 ·
2865 2645 3160 2717 ἐπειδήπερ
3193 2645 3354 2709 αὐτὸς
3387 2645 3483 2715 μὲν
3513 2645 3780 2708 πολλάκις

2194 2739 2613 2805 ἐπισυναγαγεῖν
2633 2737 2810 2790 αὐτῶν
2827 2737 3074 2789 τὰτέκνα
3101 2735 3207 2789 ὑπὸ
3231 2737 3322 2788 τὸν
3347 2737 3442 2806 τῆς
3463 2735 3782 2798 θεοσεϐείας

2195 2829 2355 2898 ζυγὸν
2385 2819 2726 2899 βεϐούληται,
2759 2824 2845 2880 οἷα
2875 2831 2939 2881 ἐκ
2969 2827 3062 2882 τοῦ
3091 2829 3292 2891 παντὸς
3319 2829 3570 2898 πρόνοιαν
3593 2829 3784 2880 αὐτῶν

2195 2920 2582 2991 πεποιημένος,
2611 2921 2677 2972 δι’
2713 2920 2944 2973 ἑκάστου
2971 2935 3030 2972 τε
3059 2921 3337 2990 προφήτου
3372 2919 3468 2970 καὶ
3500 2917 3626 2971 καθ’
3652 2919 3784 2972 ἐκεῖ·

2197 3029 2326 3083 στην
2342 3011 2532 3079 γενεὰν
2556 3009 2896 3080 ἐπιστρέφων
2912 3009 3110 3071 αὐτοὺς
3130 3009 3222 3060 καὶ
3237 3006 3701 3078 ἀνακαλούμενος-⁸
3727 3011 3780 3060 οἱ

2201 3101 2258 3154 δέ
2280 3101 2380 3154 οὐκ
2413 3101 2604 3172 ἤθελον
2630 3097 2934 3153 ὑπακοῦσαι
2965 3101 3030 3170 τῇ
3067 3099 3284 3169 κλήσει·
3322 3093 3381 3150 οὗ
3402 3097 3464 3168 δὴ
3490 3097 3648 3170 χάριν
3677 3099 3784 3169 τὴν

2201 3193 2321 3246 κατ’
2361 3193 2540 3247 αὐτῶν
2595 3193 2870 3260 ἀπόφασιν
2927 3190 3310 3263 προενήνεκται
3353 3189 3522 3244 εἰπών
3546 3207 3564 3221 ·
3620 3189 3783 3250 Ἰδοὺ

2200 3285 2435 3354 ἀφίεται
2489 3283 2635 3353 ὑμῖν
2671 3285 2704 3336 ὁ
2743 3279 2908 3346 οἶκος
2951 3280 3116 3350 ὑμῶν
3165 3282 3402 3350 ἐρἰῃιος.
3451 3283 3670 3352 Σφόδρα
3723 3285 3782 3338 δέ

2199 3373 2441 3444 ἀκριϐῶς
2461 3374 2520 3426 οὐ
2539 3373 2635 3442 τὴν
2655 3371 2806 3424 πόλιν
2829 3371 3034 3441 ἔρημον
3060 3370 3274 3422 ἐσεσθαί
3301 3387 3484 3440 φησιν,
3517 3371 3656 3424 ἀλλὰ
3683 3371 3784 3424 τὸν

2201 3469 2258 3519 ἐν
2298 3466 2434 3536 αὐτῇ
2470 3460 2640 3528 οἶκον,
2679 3463 2876 3534 δηλαδὴ
2909 3463 2998 3516 τὸν
3031 3461 3166 3516 νεών
3186 3479 3198 3490 ⁸
3228 3462 3286 3515 ὃν
3318 3463 3500 3516 οὐκέτι
3541 3463 3781 3527 ἑαυτοῦ,

2200 3555 2313 3610 ἀλλ’
2338 3555 2460 3608 ούδέ
2477 3555 2572 3608 τοῦ
2605 3553 2741 3608 Θεοῦ
2785 3549 2930 3608 οἷκον
2957 3551 3199 3624 βούλεται
3227 3551 3608 3623 χρηματίζειν,
3653 3553 3777 3604 ἀλλ’

2200 3645 2378 3700 αὐτῶν
2406 3640 2542 3698 εἷναί
2563 3660 2746 3714 φησιν.
2773 3642 3023 3712 ,Ἔρημον
3050 3640 3106 3693 δὲ
3141 3640 3299 3692 αὐτὸν
3333 3637 3546 3692 ἔσεσθαι
3579 3637 3782 3691 θεσπί-

2201 3737 2304 3801 ζει,
2337 3738 2436 3791 οὐκ
2467 3736 2638 3799 ἄλλως
2661 3736 2694 3807 ἢ
2724 3734 2941 3804 ὑπὸτῆς
2969 3732 3234 3804 πρότερον
3257 3729 3661 3801 ἐπισκοπούσης
3677 3733 3784 3783 αὑ·-

2198 3832 2289 3884 τὺν
2325 3829 2581 3904 προνοίας
2617 3826 3199 3898 καταλειφθησόμενον.
3247 3825 3358 3876 Καὶ
3385 3823 3448 3894 δὴ
3495 3823 3784 3894 θαυμάσαι

2199 3923 2312 3978 ἔστι
2359 3923 2453 3976 τοῦ
2505 3921 2666 3990 λόγου
2712 3921 2774 3974 τὸ
2819 3918 3189 3988 ἀποτέλεσμα,
3226 3917 3306 3968 δτι
3334 3916 3397 3985 δὴ
3436 3916 3554 3986 μηδ’
3583 3917 3784 3968 ἀλλοτε

2200 4015 2419 4068 πώποτε
2457 4013 2725 4084 τοσαύτην
2765 4011 3051 4080 ὑπέμεινεν
3086 4007 3320 4080 ἐρημίαν
3362 4009 3390 4059 ό
3432 4007 3627 4070 τόπος,
3665 4007 3784 4059 056'

2199 4107 2286 4160 ὅτε
2321 4106 2408 4160 διὰ
2460 4105 2558 4168 τάς
2603 4102 3047 4175 ὑπερϐαλλούσας
3103 4097 3280 4152 αὐτῶν
3317 4097 3636 4160 δυσσεϐείας
3680 4098 3786 4150 καὶ

2199 4196 2662 4268 εἰδωλολατρείας,
2704 4195 2800 4258 τάς
2831 4211 2890 4245 τε
2919 4191 3062 4246 κατά
3087 4191 3193 4244 τῶν
3228 4189 3518 4262 προφητῶν
3555 4207 3786 4259 μιαιφο-

2199 4289 2338 4352 νίας,
2371 4287 2476 4342 ὑπὸ
2497 4287 2774 4340 Βαϐυλῶνι
2801 4286 2934 4356 ῆλωο
2965 4283 3460 4356 ἑϐδομηκονταετὴς
3481 4281 3590 4352 γὰρ
3611 4281 3644 4332 ό
3665 4283 3784 4344 πᾶς

533 4377 794 4431 solitudo.
821 4378 1000 4442 Quare
1033 4393 1096 4431 ue
1133 4377 1370 4430 fataliter
1395 4376 1609 4446 quidem
1645 4385 1776 4429 tunc
1799 4375 1866 4430 iis
1889 4375 2090 4430 dictum

2199 4380 2297 4450 τῆς
2325 4379 2659 4450 ἐρημώσεως
2691 4377 2784 4430 τοῦ
2813 4377 2979 4430 τόπου
3005 4377 3191 4446 χρόνος
3223 4373 3340 4427 κατ’
3379 4371 3618 4434 ἐκείνους
3655 4373 3784 4440 ἐγε-

534 4467 658 4532 fuit,
695 4466 1032 4538 Relinquitur
1057 4468 1198 4522 vobis
1225 4467 1408 4520 domus
1440 4478 1610 4520 uestra
1641 4466 1848 4520 deserta
1877 4481 1895 4518 :
1923 4481 2096 4535 neque

529 4563 675 4618 enim
727 4562 982 4616 derelicta
1015 4599 1030 4626 ,
1081 4562 1187 4615 imo
1241 4561 1604 4614 visitationem
1656 4558 1916 4628 opiferam
1951 4559 2093 4614 haud

535 4653 702 4708 multo
739 4660 858 4722 post
883 4661 1108 4720 experta
1137 4659 1239 4712 est,
1275 4664 1380 4718 quo
1409 4658 1651 4716 tempore
1673 4647 2093 4716 splendidiorem

534 4743 713 4812 priore
735 4752 874 4797 statu
909 4743 1348 4796 instaurationem
1387 4740 1718 4809 impetravit,
1766 4741 1839 4795 ita
1875 4753 1933 4796 ttt
1959 4757 2094 4812 prte-

534 4835 730 4888 dixerit
751 4834 1010 4903 propheta
1047 4833 1267 4901 quidam
1292 4873 1308 4898 ,
1360 4841 1686 4900 postremam
1714 4832 1906 4887 domus
1941 4831 2098 4898 hujus

534 4927 760 4997 gloriam
810 4926 992 4996 priore
1039 4923 1386 4978 illustriorem
1433 4921 1552 4976 fore
1603 4923 1666 4975 ¹¹.
1717 4921 2094 4976 Verumtamen

535 5027 658 5086 post
690 5016 997 5072 Servatoris
1030 5016 1200 5070 nostri
1233 5015 1473 5078 eﬂ‘atum,
1501 5024 1836 5084 quantopere
1853 5013 2096 5068 derelicti

532 5109 702 5167 Judaei
734 5111 956 5175 fuerint,
1004 5120 1368 5179 quantamque
1414 5111 1465 5164 in
1513 5109 1860 5164 solitudinem
1909 5107 2100 5162 domus

535 5217 725 5255 eorum
767 5204 1020 5268 venerit,
1054 5203 1119 5256 iis
1155 5203 1368 5272 quidem
1407 5203 1498 5271 qui
1533 5201 1652 5256 loca
1693 5201 1784 5256 illa
1842 5201 2093 5266 lustrant,

535 5293 674 5346 visio
703 5292 814 5361 ipsa
853 5301 907 5347 et
937 5301 1014 5346 tot
1045 5309 1308 5348 annorum
1335 5292 1669 5347 diuturnitas
1693 5289 1897 5344 oraculi
1933 5303 2095 5342 even-

537 5394 652 5437 tum
700 5387 1035 5438 demonstrat
1084 5401 1100 5438 :
1143 5386 1342 5438 etenim
1393 5393 1602 5453 tempus
1651 5400 1756 5438 non
1815 5381 1976 5451 duplo
2007 5395 2095 5433 so-

537 5475 680 5540 lum,
727 5491 890 5545 quam
931 5476 1399 5544 septuagenarium
1445 5463 1793 5530 desolationis
1845 5475 1944 5528 sub
1993 5471 2096 5526 Ba-

609 5589 652 5621 "
679 5588 866 5643 Matth.
889 5585 1255 5650 XXIII,37-58.
1300 5587 1310 5656 l
1348 5587 1388 5617 “
1413 5591 1546 5658 Agg.
1569 5603 1632 5650 tt,
1665 5587 1754 5642 i0.

2199 4471 2356 4540 νήθη.
2407 4469 2500 4521 Διὺ
2549 4469 2650 4521 οὐκ
2691 4467 2758 4520 ἂν
2809 4468 3014 4538 κυρίως
3051 4464 3244 4536 ἐλέχθη
3289 4463 3471 4524 αὐτοῖς
3507 4461 3630 4514 τότε
3691 4463 3784 4526 τὸ,

2215 4561 2472 4628 Ἀφίεται
2493 4559 2635 4629 ὑμῖν
2655 4564 2689 4614 ὀ
2705 4557 2864 4626 οἶκος
2885 4559 3051 4628 ὑμῶν
3070 4559 3306 4626 ἕρημος·
3336 4555 3396 4608 οὐ
3429 4555 3534 4626 γὰρ
3548 4555 3782 4627 ἀφείθησ

2201 4654 2356 4724 ἔτυχε
2401 4655 2458 4708 δέ
2501 4655 2808 4724 ἐπισκοπῆς
2851 4655 2964 4724 μετ’
2995 4655 3055 4706 οὐ
3093 4653 3259 4705 πολὺν
3301 4650 3510 4722 χρόνον,
3553 4647 3681 4700 καθ’
3717 4647 3788 4700 ὃν

2201 4744 2548 4808 ἀνανεώσεως
2597 4744 2838 4815 μείζονος
2879 4744 2912 4814 ἢ
2947 4742 3087 4796 κατά
3122 4742 3220 4811 τὴν
3249 4740 3517 4812 προτέραν
3541 4735 3784 4808 ἠξιώθη,

2202 4837 2276 4899 ὡς
2314 4835 2571 4910 προεῖπόν
2603 4851 2746 4898 τινες
2783 4834 2888 4887 τῶν
2920 4832 3234 4904 προφητῶν,
3265 4831 3344 4884 ὃτι
3395 4830 3460 4896 δὴ
3483 4830 3704 4881 Ἔσται
3745 4829 3790 4896 ἡ

2201 4927 2350 4992 δόξα
2375 4925 2480 4979 τοῦ
2511 4927 2680 4980 οἴκου
2703 4928 2915 4978 τούτου
2957 4925 2996 4990 ’ὴ
3044 4922 3270 4992 ἐσχάτη
3310 4919 3462 4987 ὑπὲρ
3490 4919 3606 4986 τὴν
3637 4933 3791 4985 προ-

2203 5017 2401 5086 τέραν.
2431 5017 2587 5072 Μετά
2614 5017 2670 5071 δὲ
2699 5017 2795 5088 τὴν
2812 5015 2903 5070 τοῦ
2936 5016 3184 5086 Σωτῆρος
3211 5011 3366 5084 ὑμῶν
3393 5010 3591 5082 φωνὴν,
3627 5011 3788 5074 ὅπως

2205 5111 2525 5181 ἀφείθησαν,
2575 5112 2602 5163 ὂ
2645 5127 2706 5162 τε
2748 5106 2891 5172 οἶκος
2929 5107 3106 5161 αὐτῶν
3156 5109 3236 5170 εἰς
3277 5105 3501 5175 ἔσχατον
3537 5103 3790 5174 ἐρημίας

2201 5201 2388 5272 ἦλασε,
2425 5205 2533 5264 τοῖς
2586 5201 2664 5263 εἰς
2701 5201 2824 5262 τοὺς
2859 5199 3056 5261 τόπους
3100 5185 3604 5267 ἀφικνουμένοις’ή
3655 5193 3788 5264 ὅιᾲκ

2201 5295 2334 5365 αὑτὴ
2368 5293 2461 5346 τοῦ
2487 5293 2643 5362 λόγου
2679 5291 2875 5362 μᾶλλον
2913 5290 3150 5343 δείκνυσι
3176 5287 3237 5341 τὸ
3268 5286 3614 5356 ἀποτέλεσμα
3635 5304 3650 5315 ·
3684 5287 3786 5338 καὶ

2198 5388 2226 5438 ό
2275 5386 2462 5456 χρόνος
2505 5385 2559 5437 δὲ
2613 5383 2873 5453 πολυετὴς
2921 5380 3157 5451 γεγονὼς
3201 5380 3294 5434 καὶ
3325 5379 3552 5450 μακρὸς,
3585 5376 3666 5438 ὡς
3705 5377 3786 5446 μὴ

2205 5475 2361 5544 μόνον
2405 5463 2722 5531 διπλασίονα
2759 5471 2897 5528 εἶναι
2941 5474 3038 5542 τῆς
3079 5465 3622 5542 ἐῶομηκονταετοῦξ
3649 5467 3788 5538 ἐρη-

611 5683 720 5749 (70)
778 5684 859 5736 Ab
908 5683 1006 5735 hoc
1061 5693 1218 5734 sensu
1257 5681 1510 5734 recedunt
1539 5679 1721 5746 verba,
1753 5679 1858 5732 and
1884 5680 2054 5730 others
2093 5675 2211 5741 thcy
2239 5671 2555 5740 prrsrruted.
