4000 6398
184 291 291 346 665

1518 284 1608 341 DE
1643 283 2109 341 THEOPlIANlA.

3321 295 3427 353 6M

188 406 334 477 μίας,
371 405 472 478 τῆς
505 406 600 459 ἐπὶ
636 404 914 459 Βαϐυλῶνι
944 404 1339 476 γεγενημένης,
1374 402 1509 457 ἀλλὰ
1550 400 1644 457 καὶ
1671 419 1736 455 τε

1861 401 2054 474 bylone
2107 404 2342 476 spatium
2378 446 2395 473 ,
2454 406 2547 462 sed
2616 406 2916 478 quadruplo
2978 406 3144 462 etiam
3207 408 3422 476 majus,

182 496 549 568 τραπλασίονα
602 495 948 568 ὑπερϐαίνειν
999 495 1099 568 τήν
1148 493 1243 549 τοῦ
1298 493 1549 565 Σωτῆρος
1601 492 1757 563 ήμῶν

186 588 458 658 ἀπόφασιν
478 587 780 642 πιστοῦται.

258 680 368 736 Καὶ
410 679 523 751 (71)
549 681 631 733 ὅτι
663 678 762 750 μὲν
778 677 1067 745 ἀξιοθέατα
1100 673 1168 749 ἦν
1195 677 1373 732 πάντα
1400 676 1468 729 τά
1495 676 1596 746 τῆς
1613 676 1757 729 οἰκο·

182 768 375 844 δδμῆςν
403 772 472 826 τά
501 788 560 824 τε
590 773 690 841 τῆς
717 771 881 841 ἄλλης
910 771 1251 840 κατασκευῆς
1288 767 1382 822 τοῦ
1415 766 1600 821 αὐτόθι
1628 765 1751 829 νεὼ,

183 865 431 937 δηλοῦσιν
459 868 515 919 αί
541 864 790 937 ἱστορίαι·
814 862 1102 933 δείγματος
1132 860 1188 913 δὲ
1218 861 1377 932 χάριν
1399 859 1563 912 εἰσέτι
1596 857 1754 927 δεῦρο

184 936 411 1029 λείψανά
433 975 551 1012 τινα
581 936 943 1027 πεφύλακται,
966 954 1034 1008 δι’
1056 946 1131 1006 ὧν
1155 952 1223 1006 τὰ
1253 954 1375 1023 ἰχνη
1398 950 1752 1020 καταλαμϐά-

182 1052 331 1105 νεται
358 1050 465 1103 τῶν
485 1049 648 1104 πάλαι
680 1045 1237 1117 κατασκευασμάτων.
1267 1046 1490 1100 Παντων
1520 1043 1576 1098 δὲ
1617 1043 1749 1097 (ian

186 1140 497 1210 μασιωτέρα
526 1138 783 1210 τυγχάνει
817 1139 850 1208 ἠ
893 1136 1049 1208 θεῖκὴ
1081 1135 1232 1208 φωνὴ
1257 1136 1355 1205 τῆς
1383 1133 1477 1188 τοῦ
1503 1135 1752 1207 Σωτῆρος

179 1234 337 1306 ήμῶν
371 1232 725 1304 προγνώσεως
743 1248 757 1263 ο
788 1232 908 1285 ’Ὁτι
938 1232 1035 1303 μὲν
1059 1230 1203 1301 ἀμφὶ
1228 1227 1290 1282 τὸ
1319 1230 1464 1301 ἱερὸν
1484 1227 1747 1293 ἐϐάδιζεν,

178 1328 226 1379 oi
246 1325 291 1378 δ’
319 1324 482 1379 αὑτοῦ
508 1324 766 1395 μαθηταὶ,
789 1322 881 1377 τοῦ
916 1322 1202 1395 περιϐόλου
1230 1321 1331 1383 τὰς
1344 1319 1632 1392 οἰκοδομὰς
1660 1319 1750 1374 αύ-

176 1416 270 1470 τοῦ
288 1434 347 1470 τε
372 1416 466 1470 τοῦ
492 1414 638 1488 ἱεροῦ
670 1416 729 1469 τὸ
757 1414 985 1486 μέγεθος
1015 1415 1109 1469 καὶ
1138 1413 1202 1468 τὸ
1234 1413 1429 1478 κάλλος
1473 1413 1746 1475 ὑπερθαυ-

179 1506 458 1576 μάζοντες,
488 1506 755 1559 ἐδείκνυον
780 1505 945 1577 αὐτῷ.
990 1505 1047 1558 Ὀ
1065 1504 1122 1558 δέ
1150 1503 1496 1576 κατολλήλως
1511 1506 1622 1565 τοῖς
1648 1502 1746 1566 τὰς

174 1598 461 1670 οἰκοδομὰς
504 1597 973 1669 ἐκπεπληγμένοις
1015 1597 1349 1668 ἀπεφήνατο,
1385 1597 1441 1649 ἐν
1482 1591 1563 1659 οἷς
1589 1593 1747 1649 ἐθαυ-

177 1691 429 1762 μάζοντο,
463 1689 581 1752 πῶς
600 1690 662 1742 ού
698 1688 772 1761 μὴ
803 1688 959 1762 μείνῃ
988 1687 1134 1752 λίθος
1156 1687 1249 1741 ἐπὶ
1273 1686 1417 1741 λίθον
1449 1685 1745 1757 άκαθαίρε-
1776 1738 1816 1793 Β

172 1799 263 1845 τος
282 1799 295 1811 ·
333 1781 443 1835 δεῖν
470 1779 580 1851 γάρ
612 1780 702 1833 διὰ
727 1780 796 1833 τὰ
835 1778 1281 1850 τολμηθησόμενα
1318 1781 1431 1842 τοῖς
1460 1779 1739 1850 οἰκήτορσι

104 1903 109 1909 -
173 1872 411 1944 παντελῆ
451 1871 654 1947 φθορὰν
686 1873 781 1927 καὶ
823 1872 1057 1944 ἐρημίαν
1096 1871 1188 1925 τὸν
1241 1869 1404 1924 τόπον
1431 1870 1738 1942 ὑπομεῖναι,

172 1966 267 2018 ᾰτε
295 1965 360 2036 δὴ
382 1964 591 2018 ἀσεϐῶν
620 1964 828 2037 ἀνδρῶν
859 1965 1146 2036 γενόμενον
1175 1962 1506 2035 οἰκητήριον.
1552 1963 1739 2025 Ὅπως

170 2055 227 2108 δὲ
258 2056 327 2109 τά
356 2055 456 2126 τῆς
491 2057 844 2130 προρρήσεως
877 2059 956 2120 εἰς
980 2056 1118 2129 ἔργα
1154 2054 1738 2130 προκεχωρηκενῖὸτε

172 2151 280 2213 πᾶς
313 2148 447 2212 νεὼς
472 2149 564 2201 καὶ
600 2151 629 2202 ὀ
665 2148 966 2221 περίϐολος,
990 2149 1061 2202 τά
1086 2166 1147 2203 τε
1173 2150 1243 2203 ἐν’
1264 2148 1414 2220 αύτῷ
1444 2149 1616 2221 σεμνὰ
1646 2150 1739 2204 καί

170 2240 475 2311 περικαλλῆ
513 2239 798 2311 ἱδρύματα,
834 2239 1009 2293 πάντα
1024 2239 1179 2308 λόγον
1218 2239 1596 2294 καλύπτουσαν
1623 2239 1735 2311 (Ἰέ)

170 2328 406 2400 ἐρημίαν
435 2326 494 2393 ἐξ
519 2328 723 2382 ἐκείνου
748 2328 843 2383 καὶ
876 2330 956 2392 εἰς
974 2328 1133 2401 δεῦρο
1164 2328 1474 2400 ὑπέμεινεν·
1505 2327 1656 2396 αὕξει
1676 2346 1736 2383 τε

171 2422 312 2474 κατὰ
338 2420 580 2493 χρόνους,
622 2422 716 2474 καὶ
753 2422 1066 2492 ἐπινέμεται
1100 2424 1134 2494 ή
1163 2421 1257 2475 τοῦ
1290 2422 1448 2492 λόγου
1486 2422 1732 2495 δύναμις,

169 2512 247 2576 ὡς
276 2512 411 2584 μηδὲ
450 2512 593 2584 ἴχνος
620 2511 881 2584 Θεμελίων
918 2513 976 2567 ἐν
1012 2531 1121 2567 τισι
1151 2514 1434 2584 φαίνεσθαι
1464 2515 1670 2579 τόποις,
1704 2515 1733 2569 ὃ

169 2604 347 2671 ἔξεστι
380 2603 457 2675 τῷ
495 2604 800 2677 βουλομένῳ
840 2605 1285 2678 παραλαμϐάνειν
1321 2606 1634 2679 ὀφθαλμοῖς.
1670 2609 1733 2662 Εἰ

166 2696 224 2750 δὲ
256 2697 391 2768 φαίη
420 2714 504 2761 τις
532 2696 673 2769 μέρη
707 2697 827 2751 τινὰ
855 2697 935 2751 ἔτι
971 2699 1309 2764 συνεστάναι,
1335 2699 1469 2753 ἀλλὰ
1495 2701 1588 2755 καὶ
1614 2701 1735 2755 τού-

166 2806 278 2842 των
322 2788 429 2860 χρὴ
462 2789 764 2861 προσδοκᾷν
801 2790 891 2843 τὸν
928 2790 1269 2861 ἀφανισμὸν,
1312 2792 1581 2863 ὁσημέραι
1634 2795 1732 2864 τῆς

166 2880 403 2951 ἐρημίας
448 2880 736 2952 αὐξούσης,
791 2882 885 2935 καὶ
928 2881 1029 2953 τῆς
1058 2883 1353 2955 εἰρημένης
1377 2884 1731 2955 προρρήσεως

166 2972 462 3044 ἀπορρήτῳ
485 2971 709 3043 δυνάμει
756 2974 926 3027 εἰσαεὶ
952 2973 1297 3045 ἐνεργούσης.
1329 2970 1459 3028 Οἶδα
1488 2974 1543 3026 δέ
1573 2992 1730 3028 τινων

1858 506 1979 565 post
1996 496 2302 556 Servatorls
2325 501 2497 556 nostri
2517 500 2841 556 sententiam
2866 499 3056 567 fuisse,
3083 500 3423 571 exploratum

1856 596 1959 643 εει.

1926 677 1994 733 Et
2015 680 2158 747 quod
2196 681 2414 751 quidem
2442 682 2561 737 visu
2587 682 2864 737 mirabiles
2894 691 3077 738 essent
3107 681 3425 740 aediﬁcatio-

1857 784 1991 838 nes,
2037 772 2324 842 omnisque
2364 774 2605 843 reliquus
2645 774 2826 843 templi
2881 773 3028 828 illius
3085 783 3421 843 apparatus,

1855 862 2093 918 historiae
2123 864 2518 920 demonstrant.
2548 865 2732 920 ludicii
2769 874 2947 920 autem
2982 867 3178 933 gratia,
3216 865 3423 935 aliquot

1854 952 2032 1007 adhuc
2054 953 2293 1023 reliqnla:
2316 966 2731 1021 conservantur,
2761 971 2825 1009 ex
2857 955 3053 1025 quibus
3069 965 3307 1010 veterum
3332 971 3422 1010 or-

1853 1053 2231 1098 namentorum
2269 1046 2489 1114 vestigia
2538 1057 2858 1101 noscuntur.
2894 1044 2999 1101 Sed
3036 1062 3147 1115 pra:
3168 1046 3420 1101 omnibus

1852 1135 2122 1190 tuirabilis
2172 1146 2255 1191 est
2297 1138 2654 1192 vaticinantis
2695 1137 2868 1191 nostri
2903 1137 3208 1192 Servatoris
3237 1136 3417 1192 divina

1850 1237 1977 1279 vox.
2000 1224 2136 1279 Nam
2173 1242 2295 1281 cum
2337 1226 2451 1295 ipse
2485 1228 2631 1282 circa
2662 1228 2920 1295 templum
2950 1226 3273 1293 ambularet,
3300 1229 3419 1296 ejus

1850 1325 2029 1370 autem
2058 1317 2307 1387 discipuli
2347 1319 2486 1387 septi
2530 1318 2757 1372 aedilicia
2790 1330 2844 1372 ct
2880 1318 3050 1388 ipsius
3075 1320 3259 1389 templi
3287 1318 3419 1374 ἠια-

1848 1407 2184 1476 gnitudinem
2213 1419 2375 1478 atque
2399 1408 2739 1479 splendorem
2772 1424 3101 1478 magnopere
3146 1410 3419 1466 admiran¢

1849 1507 1930 1553 tes
1964 1499 2446 1565 demonstrarent,
2501 1501 2737 1556 vicissim
2793 1503 2905 1570 ipse
2948 1503 3015 1557 iis
3064 1505 3156 1574 qui
3188 1503 3412 1561 aedilicia

1847 1591 2544 1661 suspiciebantallirmavit,
2578 1596 2629 1649 in
2668 1596 2753 1651 his
2782 1611 3017 1666 quorum
3061 1598 3160 1669 ipsi
3192 1610 3414 1669 stupore

1849 1680 2173 1734 tenebantur
2226 1698 2331 1737 non
2380 1699 2754 1740 remansurum
2810 1686 3043 1753 lapidem
3086 1704 3247 1758 supra
3281 1690 3416 1757 lapi-

1848 1767 1994 1834 dem,
2020 1773 2151 1840 quin
2177 1774 2358 1829 omnia
2395 1776 2824 1832 destruereutur.
2862 1778 3072 1833 Etenim
3103 1780 3414 1835 necessario

1850 1857 1986 1924 fore,
2019 1873 2079 1916 ut
2117 1878 2340 1933 propter
2370 1867 2738 1921 habitatorqu
2792 1868 3062 1933 facinora,
3105 1871 3414 1926 universale

1847 1953 2069 2007 exitium
2094 1971 2158 2010 ac
2200 1959 2509 2013 vastitatem
2545 1960 2589 2014 is
2628 1961 2777 2016 locus
2821 1972 3125 2030 pateretur,
3159 1968 3286 2035 quia
3312 1966 3412 2020 im-

1845 2058 2059 2112 piorum
2120 2048 2401 2103 hominum
2450 2063 2701 2108 evaserat
2753 2055 3145 2111 habitaculum.
3201 2057 3409 2112 Revera

1845 2151 1964 2192 cum
2010 2146 2214 2195 emtum
2266 2151 2423 2195 nacta
2470 2151 2555 2197 est
2602 2146 2904 2212 praedictio,
2942 2155 3114 2202 tatum
3150 2150 3408 2219 templum

1844 2243 1966 2284 cum
2002 2241 2158 2301 septo
2182 2248 2301 2291 suo.
2326 2248 2379 2287 et
2404 2236 2616 2290 cunctis
2640 2235 2746 2292 illis
2785 2237 3079 2307 splendidis
3123 2249 3286 2309 atque
3322 2256 3413 2296 or-

1845 2324 2150 2379 natissimis
2171 2325 2440 2390 adiﬁciis,
2496 2327 2826 2383 inell‘abilem
2873 2330 3020 2385 dictu
3073 2332 3407 2398 vastitatem,

1840 2427 1906 2468 ex
1935 2428 2000 2469 eo
2036 2424 2278 2485 tempore
2300 2432 2363 2472 ac
2395 2418 2646 2485 deinceps
2670 2426 2948 2486 expertum
2987 2429 3069 2474 est
3097 2436 3112 2473 :
3140 2436 3259 2490 quae
3300 2422 3410 2476 imo

1841 2520 1939 2575 per
1960 2504 2202 2573 temp‘ora
2228 2506 2541 2572 augebitur,
2584 2506 2915 2577 depascente
2962 2509 3140 2565 locum
3165 2512 3407 2567 vaticinii

1842 2597 2104 2664 potentia,
2148 2606 2206 2651 ut
2246 2594 2359 2666 jam
2397 2611 2465 2651 ne
2502 2599 2727 2669 vestigia
2765 2600 2984 2669 quidem
3027 2601 3408 2659 fundamento-

1840 2702 1959 2742 rum
1990 2687 2187 2745 alicubi
2215 2700 2533 2758 appareant.
2560 2690 2611 2743 id
2630 2692 2775 2759 quod
2813 2691 3011 2746 volenti
3035 2694 3254 2749 cuilibet
3279 2709 3406 2766 spe-

1839 2790 1988 2836 ctare
2023 2795 2206 2835 coram
2250 2780 2456 2836 licebit.
2481 2781 2634 2848 Quod
2673 2784 2717 2838 si
2747 2783 2868 2851 quis
2898 2785 3067 2848 dicat,
3101 2798 3285 2856 partes
3302 2788 3407 2843 ali-

1837 2882 1971 2940 quot
2008 2872 2186 2927 adbuc
2227 2871 2560 2938 subsistere,
2610 2874 2709 2928 bas
2773 2890 2988 2945 quoque
3038 2878 3177 2932 idem
3226 2890 3406 2935 manet

1836 2962 2084 3028 exitium,
2112 2976 2402 3019 crescente
2435 2966 2674 3034 quotidie
2697 2965 3009 3031 solitudine,
3045 2970 3287 3039 dictique
3311 2985 3405 3026 va-

167 3061 405 3126 άκούσας
454 3063 903 3135 ἐρμηνευσάντων
961 3064 1061 3134 τὴν
1113 3065 1517 3137 προειρημένην
1546 3066 1729 3136 φωνὴν

1841 3055 2007 3108 ticinii
2029 3055 2330 3110 insensibili
2356 3056 2405 3109 vi
2432 3071 2646 3126 semper
2673 3068 2918 3127 urgente.
2946 3058 3164 3114 Memini
3190 3076 3405 3130 quoque

168 3152 395 3225 ἑτέρως’
454 3153 528 3225 μὴ
565 3154 675 3226 γάρ
716 3155 845 3227 περὶ
887 3154 1102 3209 πάντων
1132 3156 1240 3209 τῶν
1283 3156 1729 3228 οἰκοδομημάτων

1841 3163 1918 3201 me
1938 3150 2128 3203 audire
2158 3150 2422 3217 quosdam
2468 3148 2783 3216 prazdictum
2813 3152 3095 3205 oraculum
3127 3153 3289 3209 aliter
3317 3155 3397 3210 iu-

169 3244 436 3316 εἰρῆσθαι,
468 3244 600 3298 ἀλλὰ
634 3246 761 3318 περί
801 3264 944 3310 τινος
984 3247 1198 3319 μέρους,
1233 3246 1262 3300 δ
1310 3248 1376 3319 δὴ
1401 3249 1451 3301 οί
1492 3247 1730 3318 μαθηταὶ

167 3337 333 3390 αὑτοῦ
362 3337 729 3409 θαυμάζοντες
760 3333 1307 3423 ἐπεδείκνυοθαιζτῷ·
1356 3342 1476 3397 κατ’
1524 3341 1727 3397 ἐκείνου

167 3429 278 3501 γὰρ
312 3426 678 3501 ἐξενηνοχέναι
697 3431 858 3484 αὐτὸν
889 3431 984 3503 τὴν
1012 3433 1334 3506 πρόρρησιν.

901 3587 984 3641 Η’.

263 3657 350 3730 75)
368 3657 525 3712 Ἰδὼν
544 3655 659 3725 τὴν
677 3658 878 3722 πόλιν,
894 3658 1195 3712 ἔκλαυσεν
1218 3657 1309 3711 ἐπ’
1324 3656 1498 3725 αὐτῇ,
1515 3656 1725 3726 λέγων,

163 3750 275 3814 ὅτι,
309 3752 376 3803 Et
401 3748 590 3819 ἔγνως
626 3748 725 3803 καὶ
753 3747 859 3812 σὺ,
891 3748 993 3803 καί
1020 3764 1085 3818 τε
1114 3748 1185 3802 ἐν
1217 3747 1288 3815 τῇ
1320 3748 1511 3817 ἡμέρᾳ
1542 3750 1727 3817 ταύτῃ

164 3841 237 3895 τὰ
262 3839 410 3909 πρὸς
432 3836 680 3907 εἰρήνην
699 3852 831 3893 σοι’
863 3837 977 3892 νῦν
1007 3837 1076 3891 δὲ
1111 3838 1327 3906 ἐκρύϐη
1356 3837 1473 3892 ἀπὸ
1507 3838 1728 3907 ὀφθαλ-

162 3929 292 4001 μῶν
318 3945 454 3985 σου.
485 3930 611 3982 Ὅτι
642 3928 902 3996 ἥξουσιν
931 3928 1139 3997 ἡμέραι
1170 3928 1268 3982 ἐπὶ
1301 3927 1397 3991 σὲ,
1432 3927 1529 3981 καὶ
1567 3942 1728 3997 περι-

161 4019 556 4077 κυκλώσουσί
582 4035 657 4073 σε
677 4022 730 4073 οἰ
756 4019 956 4087 ἐχθροί
986 4034 1106 4081 σοι,
1149 4018 1246 4072 καί
1295 4018 1630 4084 συνέξουσί
1655 4035 1729 4072 σε

163 4109 481 4175 πάντοθεν,
512 4109 608 4163 καὶ
636 4106 952 4176 ἐδαφιοῦσί
981 4121 1055 4160 σε
1084 4106 1181 4183 καὶ
1212 4106 1285 4161 τὰ
1311 4106 1490 4161 τέκνα
1514 4121 1630 4161 σου
1659 4106 1730 4160 ἐν

163 4205 284 4258 σοι.
329 4201 432 4277 [Τά
468 4201 567 4273 μὲν
602 4194 1137 4273 προλεγόμεναπερί
1165 4197 1260 4252 τοῦ
1285 4197 1414 4252 ναοῦ
1437 4193 1505 4270 ἦν
1594 4197 1725 4252 ταῦ-

161 4314 232 4350 τα
264 4295 321 4349 δὲ
353 4295 482 4364 περὶ
517 4296 614 4365 τῆς
653 4294 861 4356 πόλεως
903 4291 1071 4362 αὐτῆς
1106 4290 1439 4356 ἐθεσπίζετο,
1483 4291 1549 4362 ἣν
1594 4289 1726 4344 Θεοῦ

1834 3246 2228 3308 terprelantes;
2258 3240 2465 3296 scilicet
2504 3255 2608 3295 nou
2642 3241 2707 3294 de
2747 3249 2861 3296 toto
2892 3242 3123 3297 aedilicio
3144 3243 3402 3299 Servato-

1833 3346 1946 3386 rem
1969 3345 2091 3387 esse
2118 3330 2379 3397 locutum,
2410 3332 2504 3388 sed
2529 3333 2596 3388 de
2627 3331 2714 3387 illa
2739 3342 2915 3401 parte,
2951 3347 3112 3402 quant
3144 3336 3193 3390 ei
3236 3336 3401 3393 disci-

1830 3423 1940 3491 puli
1968 3423 2276 3478 mirabundi
2313 3424 2709 3490 ostendebant;
2741 3424 2806 3477 de
2840 3425 2940 3477 hac
2968 3425 3222 3479 nimirum
3250 3436 3402 3495 parte

1830 3514 2109 3569 Christum
2132 3514 2469 3584 praedixisse.
2548 3582 2635 3635 γη

1907 3651 2102 3708 Videris
2138 3653 2415 3719 civitatem,
2433 3583 2745 3721 ﬂeviygi'per
2770 3654 2914 3708 illam
2940 3653 3117 3710 dicens
3134 3671 3156 3710 :
3187 3655 3324 3721 Quia
3354 3658 3402 3712 si

1831 3746 2158 3815 coguouisses
2189 3754 2235 3799 et
2267 3755 2348 3810 tu,
2383 3755 2432 3799 et
2461 3746 2669 3815 quidem
2694 3747 2792 3800 hac
2829 3747 2933 3810 die,
2965 3763 3083 3813 qua:
3114 3749 3182 3800 ad
3220 3764 3399 3816 paceni

1831 3838 1961 3903 tibi;
1984 3853 2122 3890 nunc
2147 3846 2320 3891 autem
2346 3837 2650 3890 abscondita
2680 3846 2799 3890 sunt
2828 3837 2892 3890 ab
2918 3839 3080 3892 oculis
3105 3839 3233 3892 tuis.
3262 3838 3399 3904 Quia

1831 3932 1939 3986 dies
1961 3931 2055 3985 tibi
2073 3930 2654 4000 supervenient,quibus
2677 3929 2876 3985 inimici
2905 3932 2981 3983 tui
3004 3931 3399 3986 circumdabant

1834 4032 1900 4087 te,
1932 4033 1982 4078 et
2006 4023 2418 4093 coangustnbunt
2459 4032 2508 4077 te
2551 4026 2782 4093 undique
2806 4064 2820 4088 ,
2858 4034 2906 4077 et
2937 4025 3005 4076 ad
3050 4033 3242 4093 terram
3278 4041 3400 4093 pro-

1833 4124 2062 4168 sternant
2109 4123 2178 4177 te,
2209 4122 2255 4168 et
2293 4113 2432 4181 ﬁlios
2465 4114 2642 4178 quiin
2691 4124 2739 4167 te
2792 4125 2913 4167 sunt
2971 4114 3033 4167 “.
3083 4111 3398 4186 [Superiora

1832 4206 2047 4275 quidem
2075 4206 2143 4261 de
2185 4205 2383 4275 templo
2414 4205 2671 4273 praedicta
2715 4203 3006 4278 luerunt;]
3059 4205 3174 4261 haec
3219 4213 3396 4261 autem

1835 4298 2083 4355 Christus
2136 4298 2205 4354 de
2272 4298 2384 4367 ipsa
2437 4296 2568 4351 urbe
2610 4297 3027 4363 vaticinabatur,
3081 4312 3244 4366 quam
3301 4297 3397 4353 Dei

170 4389 320 4442 πόλιν
344 4387 621 4459 ὠνόμαζον
642 4389 691 4439 ot
727 4386 966 4439 Ἰουδαῖοι
995 4383 1084 4438 διὰ
1111 4382 1201 4437 τὸν
1223 4385 1280 4437 ἐν
1311 4384 1447 4456 αὐτῇ
1472 4383 1565 4437 τοῦ
1592 4382 1727 4437 Θεοῦ

1841 4392 2023 4445 urbem
2055 4388 2400 4459 appellabant
2426 4386 2616 4452 Judaei,
2636 4397 2858 4459 propter
2883 4388 3157 4443 conditum
3198 4387 3273 4443 ibi
3301 4387 3397 4442 Dei

164 4480 448 4552 ἱδρυμένον
488 4477 642 4533 νεών.
695 4476 1070 4531 ’Λποκλαίεται
1118 4476 1256 4546 δῆτα
1301 4474 1399 4546 τὴν
1441 4472 1729 4545 σύμπασαν

163 4573 319 4626 πόλιν
344 4573 374 4625 ὁ
395 4568 791 4641 φιλάνθρωπος,
822 4567 918 4637 οὐχ
935 4565 1077 4619 οὕτω
1095 4564 1163 4618 τά
1177 4563 1581 4636 οἰκοδομήματα
1609 4563 1729 4617 οὐδὲ

161 4664 424 4733 τοῦδαφος
451 4663 601 4727 αὐτὸ,
631 4659 706 4725 ὡς
737 4660 835 4724 τὰς
867 4658 1044 4731 ψυχὰς
1073 4658 1180 4711 τῶν
1219 4657 1383 4711 πάλαι
1432 4656 1728 4729 οἰκητόρων

164 4757 256 4810 καὶ
299 4756 399 4827 τὴν
444 4754 717 4810 ἀπώλειαν
754 4751 933 4807 αὐτῶν
986 4749 1182 4804 ἐλεῶν
1218 4747 1353 4802 ἀλλὰ
1397 4749 1491 4802 καὶ
1528 4749 1594 4801 τὰ
1630 4750 1728 4820 τῆς

161 4849 397 4920 ἐρημίας
418 4846 593 4901 αὐτῶν
624 4845 921 4917 παρίστησι
951 4842 1125 4912 λέγων
1147 4858 1161 4872 ’
1209 4843 1277 4896 Εἰ
1314 4840 1502 4910 ἔγνως
1532 4842 1634 4896 καί
1663 4856 1729 4910 τε

164 4943 243 4995 σὺ
281 4942 351 4995 ἐν
389 4940 466 5010 τῇ
497 4938 683 5010 ἡμέρᾳ
709 4938 894 5005 ταύτῃ
929 4935 1002 4989 τὰ
1023 4933 1172 5003 πρὸς
1197 4931 1442 5003 εἰρήνην
1474 4946 1592 4986 σοι.
1633 4932 1731 5002 Ση-

178 5032 345 5101 ηιαίνει
379 5032 435 5086 δὲ
466 5032 563 5103 τὴν
596 5028 760 5084 αὐτοῦ
796 5026 1104 5098 παρουσίαν
1135 5026 1220 5077 ἐπ’
1249 5025 1436 5095 εἰρήνῃ
1464 5023 1555 5076 τοῦ
1588 5021 1720 5094 σύμ-

194 5140 364 5187 ταντος
412 5123 614 5193 κόσμου
641 5120 1029 5192 γεγενημένην.
1061 5117 1231 5179 Αὐτὸς
1257 5115 1366 5187 γάρ
1395 5109 1463 5185 ἦν
1509 5116 1636 5187 περὶ
1668 5106 1728 5168 οὗ

208 5215 404 5286 ·ρηται.
448 5213 753 5269 “farm;
777 5213 849 5268 ἀν
867 5212 996 5277 ταῖς
1021 5208 1269 5280 ἡμέραις
1295 5207 1478 5265 αὑτοῦ
1508 5207 1727 5263 δικαιο-

238 5310 281 5340 “
312 5307 439 5360 an.
470 5318 583 5369 xu,
616 5303 802 5359 M-M.
880 5302 923 5335 ¹⁸
963 5303 1081 5356 lsai.
1111 5316 1232 5366 λιν,
1271 5298 1326 5354 8.

235 5399 347 5472 (7|)
384 5399 449 5453 Δ.
497 5398 533 5452 l'.
564 5396 863 5472 267._§yr.
911 5411 983 5472 tv,
1025 5396 1109 5450 18.
1138 5393 1302 5472 Totus
1337 5392 1427 5472 qui
1482 5395 1728 5472 sequitur

184 5463 529 5536 "rususque
588 5470 655 5521 ad
709 5463 1074 5538 ἐξενηνοχέναι
1120 5463 1297 5538 αὑτὸν,
1330 5464 1426 5534 τὴν
1454 5464 1728 5538 ἀπρόρρη-

170 5559 269 5599 λιν.
323 5535 526 5592 diserte
565 5538 619 5591 in
667 5535 862 5590 codice
913 5535 1227 5588 inscribitur
1256 5535 1334 5588 sic
1379 5552 1393 5587 :
1431 5535 1724 5590 Εὐσεϐἶοὺ

164 5606 573 5679 Εὑαγγελικῆς
590 5607 949 5679 Θεοφανείας
974 5608 1045 5658 Δ’.
1078 5603 1287 5679 Eusebii
1315 5619 1379 5658 ra:
1398 5602 1725 5679 Evangelia:

165 5674 531 5748 Τιιεόρὶιαηίιο
561 5674 926 5746 Ιιὺνοηιιαινιο.
960 5675 1118 5745 Atqui
1149 5674 1309 5748 etiam
1331 5676 1722 5748 praecedentem

160 5743 363 5809 locum,
392 5748 495 5804 etsi
534 5749 579 5802 is
618 5748 671 5802 in
699 5743 885 5803 codice
915 5743 1123 5801 nonnisi
1146 5743 1344 5798 ttutluui
1379 5743 1595 5797 Eusebii
1625 5758 1721 5798 no-

1837 4481 2114 4551 templum.
2160 4479 2306 4535 Sane
2340 4479 2580 4535 clemens
2630 4479 2887 4534 Servator
2918 4477 3065 4546 luget
3089 4478 3396 4533 universam

1836 4573 2142 4639 civitatem;
2178 4584 2351 4640 neque
2378 4579 2485 4625 tam
2512 4570 2735 4625 aedilicia
2764 4584 2826 4624 ac
2854 4568 3027 4624 solum
3062 4566 3199 4635 ejus,
3238 4581 3398 4637 quant

1834 4665 2044 4718 animas
2086 4662 2409 4729 incolarum,
2469 4660 2771 4729 horumque
2819 4658 3040 4713 exitium
3090 4657 3397 4712 miseratur.

1835 4756 1971 4811 Tum
1999 4756 2231 4809 futuram
2258 4751 2371 4822 ejus
2402 4750 2745 4807 solitudinem
2784 4756 3131 4819 repraesentat
3169 4747 3395 4803 dicens:

1836 4847 1901 4903 Si
1937 4845 2259 4917 coguorisses
2309 4856 2356 4899 et
2397 4855 2451 4897 tu
2490 4845 2574 4896 die
2608 4844 2742 4907 hac,
2781 4856 2897 4910 quae
2926 4840 2996 4893 ad
3052 4854 3230 4907 pacet;
3282 4839 3397 4892 tibi.
3444 4869 3453 4878 ~

1836 4938 2159 5006 Signiﬁcaus
2188 4936 2439 4991 videlicet
2465 4935 2751 4988 adventqu
2795 4946 2949 4986 suum
2986 4932 3238 4986 universo
3280 4930 3399 4985 orbi

1834 5047 1930 5102 per
1960 5045 2020 5086 se
2042 5044 2161 5084 esse
2192 5028 2510 5097 pacilerum.
2560 5024 2675 5094 lpse
2713 5023 2855 5075 enim
2885 5029 2968 5076 est
2990 5020 3058 5074 de
3086 5036 3193 5089 quo
3221 5030 3401 5075 exsta-

1833 5122 1926 5176 bat
1963 5118 2264 5182 oraculum,
2292 5118 2407 5186 [οη
2441 5126 2494 5169 ιιι
2519 5116 2571 5167 in
2593 5112 2774 5165 diebus
2802 5110 2914 5178 ejus
2937 5109 3168 5162 oriretur
3196 5107 3399 5171 iustitia

1834 5229 1879 5269 et
1904 5213 2047 5285 pacis
2070 5211 2223 5282 capia
2245 5210 2311 5263 ¹³.
2340 5207 2551 5277 Reapse
2583 5205 2628 5259 is
2668 5211 2889 5257 venerat
2927 5215 3113 5270 pacem
3137 5199 3399 5270 proximis

1836 5410 1957 5451 men
1998 5393 2172 5464 gerit,
2212 5389 2379 5446 nihilo
2423 5396 2601 5441 tamen
2638 5384 2816 5439 minus
2849 5399 2915 5440 es
2948 5381 3283 5452 Tlteopltania
3331 5379 3398 5435 ad

1836 5465 2066 5507 Iitlnrarn
2108 5469 2380 5507 sumntum
2414 5457 2669 5507 vidimus.

1834 5465 2066 5520 litteram
2108 5469 2380 5528 sumptum
2414 5465 2669 5509 vidimus.

1902 5534 2016 5600 (72)
2049 5532 2219 5603 Syrus
2246 5530 2370 5597 legit
2399 5525 2789 5591 καλύπτοντα,,
2816 5524 3104 5596 retulitque
3131 5525 3246 5597 ejus
3275 5535 3400 5577 sen-

1834 5620 1950 5661 sum
1992 5603 2057 5656 ad
2089 5601 2240 5668 prius
2266 5613 2498 5668 comma.
2547 5665 2558 5668 _
2639 5666 2661 5668 _
2752 5603 2757 5608 ’

1906 5673 2018 5745 (73)
2050 5664 2183 5727 Cod.
2217 5671 2276 5723 Α.
2317 5667 2359 5722 l‘.
2393 5666 2520 5721 960.
2546 5665 2597 5721 b.
2633 5666 2755 5737 Syr.
2787 5680 2861 5731 tv,
2900 5664 2981 5719 19.
