4170 6406
583 281 686 338 647
1241 283 1509 342 EUSEBII
1549 285 2026 341 CAESARIENSIS
2063 285 2213 341 Ol‘l”.
2257 285 2437 339 PARS
2479 284 2565 342 IV.
2609 317 2678 326 —
2721 287 3144 346 DOGMATICA.
3733 295 3838 350 613

581 416 644 454 ac
669 399 972 472 longinquis
1011 401 1424 469 prtedicaturus.
1472 403 1652 472 Quare
1699 416 1752 460 et
1809 407 1892 459 his
1941 406 2030 475 qui
2089 422 2122 460 ει

2251 407 2411 474 σύνη
2435 407 2530 460 καὶ
2554 407 2788 474 πλῆθος
2815 407 3073 478 εῑρήνησ
3100 407 3344 478 ἐληλύθει
3361 426 3418 461 τε
3436 409 3514 472 εἰς
3532 409 3662 462 αὐτὸ
3681 411 3837 464 τοῦτο

583 491 897 558 receperam.
920 491 994 544 ait
1031 510 1044 546 :
1079 489 1271 546 Pacem
1299 497 1537 564 relinquo
1583 499 1743 560 vobis,
1771 513 1949 560 pacem
1979 513 2122 549 ineat;

2258 496 2492 567 κηρῦξαι
2512 501 2742 570 ιείρήνην
2767 503 2879 563 τοῖς
2913 501 3080 568 ἐγγὺς
3105 502 3194 552 καὶ
3215 503 3327 564 τοῖς
3342 501 3564 572 ’μακράν
3583 518 3596 531 ·
3638 505 3749 566 τοῖς
3773 521 3835 556 τε

573 584 643 637 dc
681 583 822 636 vobis
865 581 909 613 ¹⁵
939 600 953 636 :
987 597 1149 652 quam
1187 599 1317 639 sane
1365 584 1535 656 ipsius
1590 602 1776 656 pacem
1823 601 2122 656 exceperunt

2253 590 2714 663 παραδεχομένοις
2732 594 2892 646 αὐτόν
2921 611 3084 664 φησιν
3103 610 3116 622 °
3147 592 3410 662 Είρήνην
3427 589 3640 664 rigat-tim
3668 595 3832 664 ὑμῖν,

570 671 774 728 etbuici
815 672 904 742 qui
942 689 1038 744 per
1067 672 1258 729 orbem
1306 679 1620 732 universum
1676 678 1724 732 ei
1783 677 2122 732 crediderunt

2251 683 2500 752 εἰρήνην
2519 684 2798 754 τὴν-ἐμὴν
2823 684 3026 754 δίδωμι
3045 683 3214 753 ὑμῖν
3243 685 3430 755 ἥντινα
3459 687 3679 758 είρήνην
3708 681 3834 742 ἑαυ-

566 767 939 820 ιὶίτοιιηιοίειιε
998 783 1125 822 vero
1191 771 1464 838 populus,
1519 770 1645 824 dum
1706 771 1754 826 ei
1805 785 2148 842 nequaquam

565 851 764 918 rredit,
801 853 940 906 baud
970 857 1220 926 cognovit
1282 873 1404 926 quae
1456 859 1575 928 paci
1627 874 1740 914 sua:
1770 860 2143 914 conferebant.

567 945 746 1008 Quare
785 946 930 1000 addit
963 944 1268 1002 Servnlor:
1301 947 1460 1002 Nunc
1486 958 1658 1002 autem
1691 951 1998 1006 abscondita
2026 963 2146 1007 sunt

561 1035 624 1086 ab
655 1037 822 1092 oculis
845 1039 991 1102 tuis;
1017 1041 1144 1110 quia
1163 1041 1274 1094 dies
1305 1041 1398 1094 tibi
1431 1043 1813 1110 supervenient,
1833 1055 1881 1098 et
1917 1047 2145 1100 cireum-

561 1123 765 1180 rlabunt
799 1138 848 1182 te
879 1129 1080 1183 inimici
1127 1132 1224 1183 tui.
1271 1131 1522 1186 Profecto
1551 1147 1670 1201 qua:
1705 1133 1810 1188 illis
1843 1136 2001 1204 paulo
2025 1147 2145 1206 post

567 1231 982 1289 superventurae
1037 1233 1198 1276 erant
1247 1222 1432 1278 clades
1485 1222 1538 1276 in
1607 1225 1760 1280 urbis
1817 1228 2140 1294 obsidione,

565 1323 851 1384 prapterea
883 1316 1030 1386 quod
1065 1333 1252 1386 pacem
1287 1319 1704 1386 praenuntiatum
1750 1335 1855 1373 non
1893 1322 2142 1391 excepis-

567 1417 708 1472 sent,
763 1407 868 1474 hae,
919 1410 1166 1477 inquam,
1207 1408 1390 1464 clades
1433 1410 1645 1464 illorum
1696 1411 1866 1466 oculis
1926 1413 2140 1468 interim

565 1499 1042 1564 subtlucebantur,
1099 1506 1192 1570 qui
1237 1501 1372 1556 nihil
1423 1502 1688 1572 ejusmodi
1737 1505 2149 1574 prmvidebant;

563 1592 678 1662 ipse
701 1603 879 1648 tamen
911 1595 1129 1648 easdem
1165 1593 1455 1648 manifesto
1491 1596 1748 1650 valicinio
1789 1597 2138 1664 praecinebat,

2250 775 2343 829 τοῦ
2373 775 2496 830 καθ’
2522 777 2648 846 ὅλης
2681 777 2780 848 τῆς
2810 777 3134 848 οἰκουμένης
3165 779 3245 840 είς
3274 777 3432 831 αὐτὸν
3464 779 3830 834 πιστεύσαντα

2248 865 2374 938 ἔθνη
2405 868 2757 938 παρεδέξατο.
2788 869 2846 922 Ὀ
2863 869 2920 922 δὲ
2945 871 3007 922 ὲκ
3023 870 3322 940 περιτομῆς
3340 870 3485 935 λαὸς,
3513 870 3589 942 μὴ
3613 873 3832 926 πιστεύι

2249 975 2349 1022 σας
2381 959 2461 1022 είς
2489 959 2669 1022 αὑτὸν,
2693 960 2792 1013 οὐκ
2823 959 2965 1027 ἔγνω
2987 959 3056 1012 τά
3083 961 3216 1030 πρὸς
3239 961 3460 1032 εἰρήνην
3485 961 3700 1016 ἑαυτοῦ.
3738 961 3828 1017 Διὸ

2247 1053 2342 1104 καὶ
2370 1051 2610 1121 ἐπιλέγει
2631 1068 2644 1080 α
2671 1052 2806 1105 Νῦν
2831 1051 2900 1104 δὲ
2941 1053 3159 1120 ἐκρύϐη
3191 1052 3309 1105 ἀπὸ
3348 1052 3468 1106 τῶν
3499 1055 3825 1124 ὀφθαλμῶν

2245 1157 2360 1196 σου
2381 1159 2394 1173 ·
2427 1142 2516 1196 ὅτι
2545 1141 2806 1211 ἥξουσιν
2833 1140 3044 1212 ἡμέραι
3071 1144 3168 1196 ἐπὶ
3205 1143 3300 1206 σὲ,
3335 1145 3430 1198 καί
3460 1147 3826 1212 περικυκλώ-

2244 1235 2431 1288 σουσί
2462 1249 2536 1288 σε
2569 1237 2624 1288 οὶ
2662 1235 2860 1304 ἐχθροί
2895 1251 3033 1290 σου.
3079 1235 3158 1288 Τά
3185 1234 3316 1304 γοῦν
3343 1235 3601 1306 μέλλοντα
3626 1241 3824 1303 αὐτοὺς

2243 1325 2650 1398 καταλήψεσθαι
2699 1326 2893 1398 μικρὸν
2928 1325 3151 1397 ὕστερον
3184 1327 3241 1380 ὲν
3269 1329 3334 1398 τῇ
3367 1329 3485 1380 κατ’
3518 1329 3697 1381 αὐτῶν
3725 1345 3822 1382 πο-

2242 1419 2475 1491 λιορκίᾳ,
2495 1419 2584 1472 διὰ
2608 1418 2666 1472 τὸ
2700 1419 2772 1490 μὴ
2807 1416 3200 1488 προσδέξασθαι
3231 1418 3426 1482 αὐτοὺς
3456 1420 3556 1490 τὴν
3584 1437 3822 1491 προκατ-

2241 1509 2599 1578 αγγελθεῖσαν
2625 1509 2806 1570 αὐτοῖς
2845 1509 3090 1578 εἰρήνην,
3125 1507 3330 1580 ἐκρύϐη
3357 1508 3465 1560 ἀπὸ
3492 1507 3601 1561 τῶν
3621 1509 3820 1578 ὀφθαλ-

2243 1600 2360 1672 μῶν
2381 1601 2578 1654 αὐτῶν.
2616 1601 2842 1652 Ἐκεῖνοι
2877 1598 2976 1669 μὲν
3003 1595 3094 1652 οὖν
3119 1599 3292 1652 ταῦτα
3318 1599 3377 1651 οὐ
3411 1599 3682 1672 προεῖδον’
3720 1601 3819 1654 αὑ-

561 1685 800 1740 l'uturam
847 1684 1213 1738 Romanorum
1245 1685 1583 1740 obsidionem
1620 1689 1868 1754 iunuens,
1907 1689 2122 1760 belliqut

2237 1693 2329 1756 τὸς
2349 1693 2402 1746 δὲ
2425 1692 2562 1746 αὐτὰ
2595 1691 2683 1744 διὰ
2704 1694 2803 1762 τῆς
2835 1693 3190 1762 προρρήσεως
3214 1689 3457 1754 θεσπίζει
3483 1690 3812 1761 σαφέστατα,

561 1775 828 1830 rationem
860 1775 1032 1844 ipsum
1063 1777 1324 1846 graphice
1355 1793 1657 1847 exponens.
1705 1777 1822 1832 Jam
1866 1783 2122 1850 quomodc

2241 1785 2337 1856 τὴν
2367 1785 2469 1838 ὑπὸ
2515 1784 2798 1854 Ῥωμαίων
2836 1782 3148 1854 πολιορκίαν
3174 1780 3583 1835 καταλαϐοῦσαν
3619 1783 3815 1847 αὐτοὺς

558 1876 778 1937 peracta
829 1867 942 1922 haec
981 1868 1202 1932 fuerint,
1249 1883 1581 1938 cognoscere
1633 1871 1762 1925 licet
1793 1887 1856 1926 ex
1913 1872 2122 1944 Iosephi

2241 1879 2617 1952 προσημάνας,
2647 1875 2741 1930 καὶ
2772 1872 3092 1942 ὑπογράψας
3111 1872 3201 1924 τὸν
3229 1871 3427 1955 τρόπον
3454 1871 3548 1925 τοῦ
3586 1873 3704 1924 κατ’
3726 1873 3816 1926 αὐ-

567 1959 836 2026 bistoriis,
867 1961 986 2030 qui,
1015 1959 1278 2016 llebraico
1307 1977 1503 2029 genere
1541 1973 1704 2032 atque
1746 1966 1797 2018 in
1846 1967 1956 2035 ipsa
1985 1967 2122 2024 Juda

2239 1971 2345 2024 τῶν
2377 1969 2738 2040 γενησομένου
2773 1965 3030 2036 πολέμου.
3058 1966 3240 2028 Ὅπως
3266 1963 3320 2018 δὲ
3347 1963 3438 2017 ἐπὶ
3473 1963 3646 2035 πέρας
3672 1964 3808 2035 ήχθη

557 2053 700 2108 tribu
727 2055 970 2123 genitus,
995 2053 1195 2108 nobilis
1221 2056 1350 2110 item
1377 2065 1545 2127 atque
1585 2057 1724 2110 inter
1749 2073 1878 2112 suos
1911 2061 2122 2130 popula-

2237 2063 2430 2126 ταῦτα,
2478 2061 2740 2132 πάρεστιν
2788 2059 2895 2111 ἀπὸ
2915 2059 3012 2128 τῆς
3054 2056 3312 2127 Ἰωσήπου
3351 2055 3570 2126 γραφῆς
3618 2053 3808 2108 ἀναλέ-

557 2159 646 2200 res
691 2159 786 2214 per
835 2145 1136 2201 obsidionis
1171 2157 1410 2216 tempora
1459 2149 1662 2214 clarus,
1724 2148 1864 2205 facta
1923 2154 2122 2224 singula

2239 2155 2454 2224 ξασθαι,
2485 2154 2543 2217 ὂς
2569 2153 2634 2223 δὴ
2669 2151 2915 2213 Ἰουδαῖος
2942 2147 3037 2213 ὢν,
3073 2149 3164 2202 καὶ
3186 2147 3286 2218 τῆς
3317 2149 3447 2219 παρ’
3475 2148 3655 2210 αὐτοῖς
3681 2147 3810 2200 ἰου-

555 2237 764 2292 calamo
787 2250 1104 2306 persecutus
1129 2249 1232 2303 est,
1264 2249 1657 2295 consentaneus
1683 2244 1954 2300 vaticiniis
1974 2261 2122 2302 even

2235 2247 2426 2318 δαῖκῆς
2457 2244 2628 2315 φυλῆς
2656 2240 2914 2310 γεγονὼς,
2947 2239 3054 2294 τῶν
3090 2257 3147 2292 τε
3179 2239 3461 2310 ἐπισήμων
3493 2237 3585 2291 καὶ
3613 2239 3810 2306 ἐπιφαι-

555 2335 643 2382 tus
667 2327 953 2382 exhibens.
1001 2326 1154 2394 Quod
1205 2329 1372 2397 igitur
1412 2329 1534 2383 belli
1582 2333 1802 2388 casibus
1835 2336 2122 2394 ceciderinl

2232 2340 2338 2394 νῶν
2375 2341 2433 2392 ὲν
2470 2337 2548 2408 τῷ
2581 2336 2722 2391 ἔθνει
2759 2335 2900 2386 κατὰ
2938 2335 3062 2396 τοὺς
3095 2332 3318 2402 χρόνους
3346 2329 3446 2400 τῆς
3474 2329 3806 2401 πολιορκίας,

555 2426 744 2473 sancta
783 2416 872 2474 illa
915 2429 972 2472 et
1009 2415 1218 2474 (curiosa
1245 2416 1638 2489 Hierosolyma,
1691 2434 1778 2475 res
1808 2422 1919 2493 ipsa
1967 2434 2122 2482 testa-

2231 2433 2438 2486 ἕκαστα
2489 2427 2598 2480 τῶν
2641 2423 3040 2496 πεπραγμένων
3083 2419 3354 2494 ἱστόρησε,
3390 2419 3656 2489 σύμφωνα
3685 2421 3806 2482 ταῖς

557 2517 664 2564 tur.
2232 2522 2620 2596 προκειμέναις
2678 2515 3014 2594 προρρήσεσι
3056 2511 3124 2566 τά
3173 2511 3582 2582 ἀποτελέσματα
3623 2527 3804 2583 παρα-

555 2603 780 2674 στήσας.
815 2603 938 2656 Ὅτι
971 2602 1068 2672 μὲν
1095 2597 1188 2656 οὖν
1216 2604 1334 2666 ταῑς
1361 2601 1424 2654 ὲκ
1459 2601 1552 2656 τοῦ
1587 2605 1824 2678 πολέμου
1871 2618 2180 2686 συμφοραῖς
2212 2615 2630 2688 περιπέπτωκεν
2659 2611 2693 2682 ή
2731 2607 2862 2676 άγία
2900 2606 2996 2658 καὶ
3036 2603 3316 2675 διαϐόητος
3347 2601 3714 2674 Ἰερουσαλὴμ,
3743 2601 3801 2669 ἐξ

553 2698 734 2752 αὐτῶν
765 2697 946 2754 ἔνεστι
981 2697 1086 2752 τῶν
1112 2698 1448 2770 πραγμάτων
1481 2698 1628 2754 ίδεῖν.

1293 2787 1384 2842 IX.

624 2877 752 2931 Cum
791 2885 965 2932 autem
1005 2878 1236 2934 videritis
1287 2882 1671 2936 circumactam
1705 2887 1770 2938 ab
1813 2890 2126 2945 exercitibus

553 2965 923 3030 Hierusalem,
964 2977 1089 3023 tunc
1150 2971 1331 3024 scitote
1377 2973 1795 3042 appropinquare
1843 2977 2126 3033 desolatio-

2982 2786 3038 2838 8'

2304 2885 2414 2954 (τό)
2450 2886 2625 2936 Ὅταν
2651 2881 2720 2934 δὲ
2757 2880 2922 2948 [ante
2949 2873 3369 2946 κυκλουμένην
3399 2871 3516 2928 ὑπὸ
3549 2889 3797 2941 στρατο-

2230 2979 2426 3034 πέδων
2455 2977 2568 3044 τὴν
2607 2972 3012 3042 Ἰερουσαλὴμ,
3048 2969 3181 3021 τότε
3204 2965 3406 3037 γνῶτε,
3437 2963 3526 3018 ὅτι
3555 2963 3800 3034 ἤγγικεν·

553 3075 670 3112 nent
700 3057 836 3126 ejus.
871 3056 1015 3113 Tunc
1035 3067 1128 3128 qut
1149 3061 1202 3112 in
1232 3059 1428 3114 Judtea
1461 3071 1608 3128 sunt,
1637 3063 1840 3134 fugiant
1869 3069 1938 3120 ad
1973 3085 2122 3120 mon-

2225 3069 2519 3138 ἐρήμωσις
2541 3061 2752 3133 αὐτῆς.
2791 3063 2926 3118 Τότε
2962 3063 3013 3114 ol
3036 3060 3106 3112 ἐν
3139 3055 3212 3126 τῇ
3247 3056 3493 3124 Ἰουδαίᾳ
3518 3055 3800 3126 φευγέτω-

551 3159 662 3212 tes;
687 3157 736 3202 et
760 3149 924 3219 quiin
947 3149 1116 3204 medio
1147 3149 1606 3220 ejus,discedant;
1641 3165 1690 3208 et
1710 3157 1864 3224 quiin
1894 3159 2118 3228 regioni-

552 3239 667 3306 bus,
696 3253 799 3294 non
830 3240 1019 3294 intrent
1052 3240 1106 3294 in
1127 3255 1282 3305 eam;
1312 3241 1436 3310 quia
1463 3242 1574 3296 dies
1615 3243 1830 3298 ultionis
1871 3248 1926 3298 hi
1975 3259 2118 3310 sunt.

549 3342 606 3384 ut
637 3331 960 3401 impleantur
982 3331 1160 3386 omnia
1181 3347 1300 3400 qua:
1337 3332 1528 3394 scripta
1557 3333 1794 3402 fuerunt.
1835 3333 1922 3390 Vte
1946 3349 2118 3392 autem

548 3428 940 3496 praegnantibus
993 3436 1041 3480 et
1083 3427 1399 3481 lactantibus
1449 3427 1502 3480 in
1557 3429 1666 3481 illis
1721 3429 1938 3484 diebus!
2003 3431 2120 3484 Erit

547 3519 689 3572 enim
727 3535 970 3588 pressura
1009 3535 1200 3589 magna
1246 3534 1403 3586 super
1461 3530 1654 3573 terram
1681 3561 1696 3586 ,
1759 3534 1807 3575 et
1843 3523 1925 3576 ira
1967 3541 2121 3590 super

547 3607 740 3680 populo
778 3613 895 3665 hoc.
921 3607 990 3662 Et
1024 3612 1136 3664 acie
1157 3611 1321 3682 gladii
1347 3616 1553 3680 cadent,
1579 3623 1626 3667 et
1649 3615 1838 3682 captivi
1867 3617 2121 3668 ducentur

547 3701 606 3754 in
629 3717 807 3756 omnes
835 3714 1032 3771 gentes.
1085 3700 1149 3756 Et
1189 3701 1524 3758 Hierusalem
1564 3706 1854 3758 calcabitur
1886 3724 1918 3759 ιι
1953 3709 2120 3776 genti-

547 3793 664 3860 bus,
715 3793 879 3847 donec
926 3794 1530 3865 impleanlur_tempora
1586 3798 1858 3850 nationum
1915 3797 1976 3850 ¹³.
2025 3799 2119 3854 llis

549 3883 732 3938 verbis
758 3884 1018 3939 Dominus
1053 3887 1248 3940 indicia
1277 3887 1485 3956 profert
1517 3887 1632 3958 ejus
1666 3889 1922 3957 temporis
1947 3928 1963 3953 ,
2011 3906 2119 3960 quo

548 3977 638 4031 ille
665 3975 816 4031 locus
848 3979 918 4032 ad
939 3979 1305 4033 omnimodam
1338 3979 1646 4035 vastitatem
1676 3983 1952 4037 vocandus
1975 3995 2113 4038 erat.

547 4063 715 4120 Nemo
752 4066 969 4137 quippe,
1020 4068 1118 4133 ait,
1169 4079 1292 4136 post
1338 4083 1490 4133 eam,
1551 4085 1671 4139 quae
1705 4082 1964 4126 eventura
2011 4083 2114 4138 est,

545 4157 939 4227 obsessionem,
969 4167 1025 4214 et
1049 4159 1154 4215 loci
1179 4161 1487 4217 vastitatem
1515 4161 1641 4216 inde
1669 4174 2111 4230 consecuturum,

545 4264 726 4316 nemo,
751 4250 996 4321 inquam,
1021 4251 1246 4306 alteram
1296 4261 1575 4322 exspectet
1634 4253 2112 4321 instaurationem;

543 4339 916 4410 cuiuscemodi
947 4339 1070 4414 Cyri
1107 4339 1396 4395 Persarum
1425 4341 1567 4410 regis
1599 4343 1929 4412 temporibus
1968 4345 2113 4397 acci—

2223 3176 2343 3214 σαν
2365 3163 2452 3226 εἰς
2478 3159 2546 3211 τὰ
2567 3158 2670 3225 ὅρη
2693 3170 2705 3184 ·
2736 3154 2832 3207 καὶ
2855 3155 2906 3206 ol
2935 3152 3004 3205 ἐν
3033 3150 3203 3220 μέσῳ
3227 3147 3416 3222 αὐτῆς
3445 3147 3798 3217 ἐκχωρείτω-

2221 3267 2374 3306 σαν·
2412 3249 2510 3304 acui
2540 3251 2593 3301 οι
2617 3247 2685 3298 ἐν
2707 3244 2835 3310 ταῖς
2867 3241 3084 3312 χώραις
3123 3241 3209 3311 μὴ
3243 3238 3680 3294 εὶσελθέτωσαν
3709 3240 3800 3304 εις

2221 3339 2448 3405 αὐτήν·
2501 3335 2592 3388 ὅτι
2636 3332 2846 3402 ἡμέραι
2888 3327 3250 3396 ἐκδικήσεως
3282 3321 3458 3381 αὗται
3501 3327 3644 3384 εἱσι,
3685 3321 3798 3377 τοῦ

2221 3427 2566 3498 πλησθῆναι
2595 3425 2830 3479 ἅπαντα
2856 3421 2926 3475 τὰ
2951 3417 3342 3490 γεγραμμένα.
3392 3413 3535 3469 Οὐαί
3575 3413 3643 3466 δὲ
3667 3412 3798 3478 ταῖς

2220 3524 2290 3576 ἐν
2343 3518 2550 3590 γαστρὶ
2601 3517 2888 3584 ἐχούσαις
2947 3513 3046 3566 καὶ
3098 3509 3230 3575 ταῖς
3282 3507 3677 3577 θηλαζούσαις
3721 3507 3794 3560 ἐν

2219 3615 2474 3680 ἐκείναις
2493 3611 2623 3678 ταῖς
2647 3606 2929 3678 ήμέραιςί
2953 3607 3156 3658 Ἔσται
3179 3603 3287 3673 γὰρ
3313 3599 3542 3670 ἀνάγκη
3561 3597 3791 3668 μεγάλη

2218 3707 2316 3760 ἐπὶ
2346 3706 2456 3773 τῆς
2483 3701 2616 3774 τῆς,
2647 3701 2744 3755 καί
2772 3697 2917 3768 ὀργὴ
2949 3697 3020 3750 ἐν
3049 3693 3127 3760 τῷ
3155 3692 3282 3758 ,2αῷ
3311 3693 3519 3758 τούτῳ.
3548 3691 3658 3744 Καὶ
3685 3705 3788 3744 πε-

2218 3797 2468 3852 σοῦνται
2488 3795 2556 3848 ἐν
2581 3796 2830 3862 στόματι
2855 3787 3174 3858 μαχαίρας,
3194 3783 3292 3837 καὶ
3312 3779 3790 3852 αῑγλιωλωτισθήη

2217 3906 2429 3945 σονται
2456 3887 2543 3953 εις
2568 3885 2762 3939 πάντα
2783 3881 2856 3936 τὰ
2883 3882 3046 3947 ἔθνη.
3066 3877 3174 3932 Καὶ
3210 3873 3596 3945 Ἰερουσαλὴμ
3622 3871 3788 3926 ἔσται

2217 3978 2558 4050 πατουμένη
2607 3975 2725 4031 ὑπὸ
2777 3971 2987 4034 ἐθνῶν,
3037 3969 3174 4038 ἄχρι
3213 3962 3568 4057 summatim}
3597 3959 3784 4057 καιροὶ

2216 4071 2424 4126 ἐθνῶν.
2481 4067 2578 4121 Διὰ
2628 4065 2732 4120 τῶν
2783 4061 3158 4132 προκειμένων
3219 4056 3418 4126 σημεῖα
3467 4051 3652 4105 δίδωσι
3691 4051 3786 4101 τοῦ

2218 4161 2408 4234 καιροῦ
2466 4163 2560 4232 τῆς
2601 4153 2895 4218 παντελοῦς
2941 4149 3173 4225 ἐρημίας
3219 4145 3312 4200 τοῦ
3354 4145 3554 4198 τόπου.
3587 4139 3785 4234 Μηδεὶς

2215 4233 2344 4325 γάρ,
2388 4252 2538 4322 φησί,
2575 4248 2926 4321 προσδοκάτω
2974 4241 3114 4316 μετὰ
3143 4241 3240 4311 τὴν
3277 4235 3542 4308 ἐσομένην
3577 4233 3786 4325 πολιοῆ

2216 4323 2359 4411 κίαν,
2389 4344 2482 4398 καὶ
2511 4343 2610 4412 τὴν
2643 4342 2734 4394 ἐπὶ
2761 4339 2964 4408 ταύτην
3007 4331 3376 4405 γενησομένην
3417 4328 3654 4399 ἐρημίαν
3693 4323 3784 4378 τοῦ

541 4433 642 4499 dit,
675 4443 786 4487 tum
834 4433 998 4487 etiam
1048 4433 1151 4488 sub
1201 4431 1471 4488 Antiocho
1499 4433 1717 4500 illustri,
1774 4445 1829 4487 et
1883 4435 2114 4504 denique

2225 4439 2401 4502 τόπου,
2428 4435 2619 4506 ἑτέραν
2648 4433 2814 4502 αὐτῆς
2837 4429 3054 4483 ἔσεσθαι
3087 4425 3412 4481 ἀνανέωσιν·
3445 4423 3519 4485 ὡς
3553 4421 3644 4473 ἐπὶ
3679 4419 3786 4474 τῶν

542 4525 644 4580 sub
679 4521 958 4593 Pompeio.
989 4521 1144 4593 Saepe
1173 4523 1316 4576 enim
1344 4523 1570 4578 bellicas
1599 4521 1936 4578 incursiones
1960 4540 2115 4594 passa

542 4619 692 4686 urbs,
727 4616 982 4686 majorem
1007 4623 1188 4687 postea
1225 4615 1542 4684 dignitatem
1571 4616 1930 4684 recuperavit.
1963 4614 2116 4671 Nunc

545 4719 722 4764 tamen
740 4718 1037 4764 extremam
1069 4707 1188 4761 urbi
1212 4707 1514 4761 vastitatem
1539 4717 1696 4776 atque
1727 4707 2113 4762 internecivum

544 4799 814 4855 excidium
835 4799 1026 4854 adesse
1049 4797 1332 4862 creditote,
1387 4812 1512 4852 cum
1548 4813 1667 4852 eam
1697 4798 1764 4853 ab
1785 4799 2112 4853 exercitibus

541 4895 818 4948 obsessam
857 4889 1126 4948 videritis.
1150 4889 1269 4945 Jam
1298 4905 1427 4945 vero
1457 4891 1766 4944 vastitatem
1799 4889 2110 4963 Hierosoly-

543 4999 754 5040 morum
793 4983 924 5038 dicit
961 4983 1134 5053 ipsum
1180 4981 1362 5052 templi
1403 4981 1809 5047 exterminium,
1850 4999 1915 5037 ac
1961 4984 2113 5038 ραν-ἱ-

544 5076 877 5140 tuouiarum,
929 5091 1049 5146 qua:
1093 5075 1301 5145 jamdiu
1361 5075 1436 5130 ibi
1495 5089 1560 5128 ex
1617 5075 1864 5130 instituto
1915 5073 2113 5146 Moysis

543 5165 966 5237 peragebantur.
1006 5165 1375 5220 abolitionem.
1426 5165 1568 5220 Cave
1599 5167 1744 5221 enim
1773 5176 1928 5234 putes
1963 5167 2112 5221 urbis

545 5257 713 5324 ipsius
759 5255 995 5312 futuram
1039 5255 1382 5312 solitudinem
1437 5255 1521 5310 his
1568 5256 1751 5312 verbis
1790 5257 2107 5326 signiﬁcari,

542 5347 698 5417 quasi
725 5362 880 5401 nemo
915 5347 970 5400 iu
995 5363 1056 5401 ea
1087 5347 1340 5416 deinceps
1385 5345 1727 5402 habitaturus
1765 5357 1932 5404 esset.
1971 5349 2107 5403 Dicit

539 5438 686 5494 enim
715 5437 856 5492 infra
879 5477 894 5502 ,
937 5439 1051 5494 fore
1088 5447 1145 5492 ut
1187 5439 1324 5496 urbs
1353 5439 1492 5492 haud
1519 5438 1631 5507 jam
1661 5440 1756 5494 abs
1791 5438 1986 5496 Judacis
2015 5441 2107 5496 sed

540 5533 612 5590 ab
641 5532 874 5588 ethnicis
902 5531 1249 5586 incoleretur.
1307 5529 1626 5586 Solitudiuis
1661 5542 1842 5588 autem
1887 5534 2106 5590 nomine

613 5625 658 5657 "‘
688 5623 844 5680 icun.
877 5639 986 5690 xlv,
1019 5621 1110 5678 Ἦ.
1180 5624 1221 5656 ³⁵
1248 5623 1378 5679 Luc.
1409 5623 1637 5679 1:11.20.

609 5719 722 5794 (Ἠ)
751 5719 882 5776 Co'l.
917 5721 975 5772 Α.
1012 5716 1049 5773 l'.
1073 5715 1198 5772 270.
1239 5715 1362 5787 Syr.
1392 5730 1464 5784 tv,
1499 5714 1694 5772 20-24.

2219 4527 2424 4600 χρόνων
2456 4525 2638 4596 Κύρου
2662 4522 2756 4576 τοῦ
2783 4519 3007 4592 Περσῶν
3039 4515 3300 4588 βασιλέως
3325 4513 3540 4583 γέγονε,
3573 4513 3666 4566 καὶ
3699 4527 3788 4582 με-

2217 4619 2285 4673 τὰ
2327 4617 2500 4671 ταῦτα
2543 4617 2630 4668 ἐπ’
2669 4611 2938 4683 Ἀντιόχου
2986 4603 3334 4678 Ἐπιφανοῦς,
3383 4604 3478 4656 καὶ
3504 4602 3664 4656 πάλιν
3694 4600 3787 4654 επὶ

2217 4711 2521 4782 Πομπηΐου.
2548 4707 2810 4769 Πολλάκις
2831 4705 2938 4775 γάρ
2963 4701 3060 4774 ἤδη
3097 4697 3407 4770 πολιορκίας
3435 4691 3788 4782 ὑπομείναςδ

2214 4781 2399 4866 τόπος,
2428 4799 2669 4872 μείζονος
2699 4795 2902 4868 ἠξιώθη
2939 4793 3074 4864 μετὰ
3097 4789 3266 4844 ταῦτα
3286 4787 3472 4858 τιμῆς.
3513 4784 3674 4838 Ἀλλὰ
3691 4781 3786 4836 νῦν

2214 4897 2312 4968 τὴν
2345 4895 2577 4965 ἐσχάτην
2623 4894 2720 4963 τῆς
2765 4889 2968 4950 πόλεως
3006 4885 3242 4958 ἐρημίαν
3291 4881 3386 4934 καὶ
3423 4877 3516 4932 τὸν
3549 4873 3788 4968 παντελῆ

2214 4966 2519 5057 ἀφανισμὸν
2571 4980 2954 5038 ἐπελεύσεσθαι
3007 4977 3142 5046 αὐτῇ
3193 4971 3518 5042 γινώσκητε,
3568 4966 3788 5020 ἐπειδάν

2215 5081 2362 5152 ἴδητε
2387 5077 2556 5150 αὐτὴν
2583 5077 2689 5129 ὑπὸ
2716 5070 3090 5146 στρατοπέδων
3119 5057 3788 5158 πολιορκουμένην.;Ερή-

2217 5145 2390 5240 μωσιν
2421 5166 2478 5220 δὲ
2515 5145 2617 5236 τῆς
2663 5159 3014 5235 Ἰερουσαλὴμ
3055 5153 3309 5226 ὀνομάζει
3355 5151 3450 5205 τοῦ
3491 5147 3640 5220 ἱεροῦ
3696 5145 3788 5240 τὸν

2214 5237 2538 5328 ἀφανισμὸν,
2575 5257 2666 5310 καὶ
2697 5255 2806 5308 τῶν
2853 5255 2910 5306 ὲν
2953 5248 3100 5320 αὐτῷ
3141 5247 3304 5302 πάλαι
3345 5243 3610 5315 πρότερον
3647 5237 3788 5294 κατὰ

2214 5351 2306 5404 τὸν
2335 5350 2610 5412 Μωΰσέως
2641 5350 2804 5418 νόμον
2845 5341 3272 5413 ἐπιτελουμένων
3317 5337 3414 5409 τὴν
3444 5333 3784 5405 καθαίρεσιν.

2213 5443 2306 5514 Μὴ
2332 5441 2440 5514 γάρ
2469 5442 2533 5513 δὴ
2570 5441 2669 5512 τῆς
2698 5439 2902 5502 πόλεως
2927 5433 3096 5505 αὐτῆς
3124 5429 3358 5504 ἐρημίαν
3377 5425 3566 5498 νόμιζε
3593 5419 3786 5494 δηλοῦ-

2216 5535 2340 5591 σθαι
2376 5535 2464 5590 διά
2499 5533 2723 5599 τούτων,
2747 5530 2822 5596 ὼς
2853 5527 3079 5602 μηδενὸς
3115 5526 3172 5578 ὲν
3202 5521 3337 5592 αὐτῇ
3372 5517 3570 5592 μηκέτι
3603 5527 3790 5572 κατοι-
