4000 6398
255 302 361 354 619

1592 296 1681 351 DE
1717 293 2181 351 THEOPBANIA.

3390 278 3494 335 650

256 417 549 487 κήσοντος·
589 413 832 484 ἐπιλέγει
877 414 921 469 δ’
954 409 1047 470 οὖν
1077 415 1226 486 ἑξῆς,
1257 414 1340 468 ὅτι
1377 413 1828 485 κατοικηθήσεται

1941 410 2186 480 intelligit
2208 405 2615 465 derelictionem
2643 418 2674 458 a
2701 401 2838 466 suis,
2889 411 2956 455 ac
3005 409 3283 453 sacrarum
3312 408 3496 448 rerum

257 507 291 579 ἡ
323 506 495 571 πόλις,
528 508 590 560 οὗ
614 508 712 576 μὲν
736 508 842 560 ὑπὸ
874 508 1161 571 Ἰουδαίων,
1189 506 1299 561 ἀλλ’
1331 508 1434 560 ὑπὸ
1448 506 1636 562 ἐθνῶν.
1677 506 1827 576 Ἐρή-

261 615 435 669 μωσιν
455 596 514 651 δὲ
545 597 714 667 αὐτῆς
741 597 1008 652 ἀποκαλεῖ
1030 597 1091 651 τὸ
1113 597 1308 669 μηκέτι
1337 596 1441 651 ὑπὸ
1459 595 1567 650 τῶν
1589 594 1824 658 οἰκείων,

261 688 395 759 μηδὲ
417 688 559 743 κατά
581 688 677 760 τὴν
707 689 937 761 νόμιμον
957 688 1210 759 λατρείαν
1240 686 1608 759 συστήσασθαι
1637 687 1826 759 αὑτήν.

261 780 445 845 Ὅπως
469 780 525 835 δὲ
558 780 650 833 καὶ⁵
675 779 848 835 ταῦτα
880 779 1201 851 ἐπληροῦτο,
1236 780 1385 834 οὐδὲν
1407 779 1487 833 δεῖ
1512 779 1719 833 πόλλων
1745 776 1830 831 λό-

257 888 398 939 γωνο
426 871 655 944 πάρεστι
683 872 791 944 γὰρ
821 872 911 925 ὑπ’
937 871 1123 941 ὄψεσιν
1151 873 1284 943 όρᾷν
1316 871 1598 935 Ἰουδαίους
1629 869 1725 942 μὲν
1750 871 1829 934 είς

260 961 437 1016 πάντα
470 961 539 1015 τὰ
569 960 696 1031 ἔθνη
739 960 1245 1032 διεσκεδασμένους,
1298 961 1622 1031 ἀλλοφύλους
1646 961 1702 1015 δὲ
1734 961 1829 1015 καὶ

258 1053 563 1122 ἀλλογενεῖς
620 1053 907 1125 οἰκήτορας
951 1053 1051 1123 τῆς
1098 1052 1265 1108 πάλαι
1315 1055 1412 1125 μὲν
1456 1051 1828 1124 Ἰερουσαλὴμ,

259 1144 355 1199 νῦν
376 1145 422 1199 δ’
445 1145 551 1199 ἀπὸ
572 1144 661 1199 τοῦ
686 1144 1043 1218 πολιορκητοῦ
1062 1145 1243 1199 Αἰλίου
1280 1143 1554 1217 Ἀδριανοῦ
1575 1143 1707 1215 (74‘)
1738 1145 1833 1197 Αί-

259 1238 376 1302 λίας
408 1238 920 1310 μετωνομασμένης.
954 1239 1026 1293 Τὸ
1048 1238 1179 1308 γοῦν
1206 1237 1503 1311 παράδοξον
1527 1237 1623 1290 τοῦ
1655 1236 1833 1291 θεσπί-

262 1347 464 1402 σματος
493 1330 637 1384 τοῦτ’
671 1331 738 1385 ἂν
770 1330 878 1401 εἴη,
921 1332 1002 1384 ὅτι
1036 1348 1141 1403 περ
1187 1330 1425 1385 Ἰουδαῖοι
1482 1330 1600 1402 μὲν,
1646 1329 1830 1399 φησὶν.

261 1422 857 1495 αίχμαλωτισθήσονται
886 1424 968 1486 εἰς
997 1422 1173 1476 πάντα
1198 1422 1265 1476 τὰ
1295 1422 1419 1493 ἔθνη
1440 1439 1454 1453 ·
1482 1421 1608 1492 περὶ
1636 1417 1694 1474 δὲ
1725 1419 1833 1475 τῶν

259 1514 449 1581 ἐθνῶν,
480 1514 573 1568 καὶ
614 1515 967 1588 Ἰερουσαλὴμ
991 1515 1141 1570 ἔσται
1168 1515 1475 1586 πατουμένη
1504 1514 1595 1567 ὑπ’
1640 1512 1830 1568 ἐθνῶν.

271 1602 662 1680 Ἐκπληκτικὸν
698 1607 753 1661 δὲ
778 1607 839 1661 τὸ
868 1606 1230 1678 ἀποτέλεσμα,
1253 1605 1387 1675 εἴγε
1431 1604 1669 1659 Ἰουδαῖοι
1698 1604 1834 1676 πλη-

261 1699 480 1771 ροῦντες
519 1699 617 1771 τὴν
655 1700 948 1771 σύμπασαν
977 1698 1280 1773 ἀνθρώπων
1313 1698 1656 1770 οἰκουμένην,
1690 1696 1832 1750 ὥστε

1931 501 2173 572 legitimo
2206 499 2312 554 ritu
2344 496 2739 566 operandarum
2770 493 2952 546 linem.
2978 487 3132 556 Quod
3162 489 3280 541 haec
3315 495 3494 540 autem

1931 594 2003 649 ita
2020 609 2080 650 se
2096 590 2406 655 habuerint,
2432 588 2615 643 multis
2632 585 2814 641 verbis
2839 581 3166 639 confirmare
3192 593 3299 633 non
3330 578 3498 631 inter-

1931 692 2035 740 est.
2076 679 2261 737 Palam
2326 678 2527 748 quippe
2568 675 2757 731 videre
2799 681 2884 728 est
2932 669 3142 725 Iudaeos
3188 667 3389 739 passim
3444 667 3497 720 in

1932 774 2076 832 omni
2102 781 2263 847 gente
2290 771 2596 842 dispersos,
2621 778 2911 824 extraneos
2948 778 3079 819 vero
3125 769 3289 839 atque
3321 759 3501 814 alieni-

1934 880 2097 938 genas
2124 862 2329 920 versari
2359 862 2414 917 in
2447 858 2599 925 urbe,
2632 873 2753 930 quae
2782 856 2912 912 olim
2942 852 3338 923 Hierosolyma,
3359 865 3501 905 nunc

1933 959 2003 1014 ab
2037 963 2406 1027 expugnatore
2449 950 2594 1007 1Effo
2651 943 3077 1002 Adriano’JElia
3115 941 3503 999 transformata

1935 1049 2151 1106 nomine
2178 1047 2320 1103 dicta
2344 1054 2447 1101 est.
2499 1044 2640 1113 Ergo
2680 1039 2958 1098 oraculum
3000 1036 3203 1094 idcirco
3240 1034 3300 1089 fit
3336 1034 3505 1088 mira-

1935 1143 2059 1208 bile,
2086 1140 2210 1212 qnia
2237 1138 2427 1202 Judaei,
2458 1135 2658 1207 inquit,
2677 1135 2820 1189 inter
2840 1145 3029 1187 omnes
3049 1127 3277 1200 populos
3304 1125 3502 1196 captivi

1936 1235 2364 1304 disltergentur:
2406 1228 2473 1284 ad
2534 1236 2722 1297 gentes
2756 1235 2938 1279 autem
2995 1236 3139 1292 quoa
3184 1219 3410 1285 attinet,
3448 1225 3505 1269 et

1936 1324 2335 1395 Hierosolyma,
2401 1320 2598 1390 inquit,
2659 1315 3002 1373 ethnicorum
3058 1311 3194 1381 pede
3239 1315 3503 1365 terentur.

1935 1417 2215 1475 Terribilis
2243 1429 2375 1472 sane
2398 1411 2657 1469 eventus!
2695 1405 3131 1478 quandoquidem
3161 1398 3365 1470 Judai,
3411 1402 3505 1472 qni

1936 1512 2247 1566 universum
2287 1516 2552 1563 terrarum
2589 1502 2777 1560 orbem
2824 1505 3115 1570 occupant,
3163 1484 3323 1566 atqu'e
3363 1493 3508 1548 inter

1934 1602 2219 1672 Ethiopes
2281 1606 2336 1655 et
2389 1597 2625 1670 Scythas
2669 1608 2839 1665 usque
2893 1591 2960 1645 ad
3027 1587 3214 1645 mundi
3271 1584 3505 1641 confinia

1935 1696 2158 1765 degunt,
2203 1691 2270 1748 ad
2304 1689 2492 1746 urbem
2539 1695 2744 1743 tantum
2794 1697 2947 1739 suam
2992 1679 3327 1752 propriaeque
3376 1674 3505 1729 olim

260 1767 355 1846 καὶ
394 1767 585 1863 μέχρις
623 1767 897 1845 Αἰθιόπων
925 1767 1166 1864 χωρῆσαι
1200 1792 1294 1845 καὶ
1337 1767 1599 1854 Σκυθῶν,
1621 1789 1714 1843 καὶ
1747 1788 1835 1843 αύ-

1941 1787 2215 1857 religionis
2247 1785 2431 1841 sedem
2477 1781 2735 1838 accedere
2764 1781 3054 1845 nequeunt.
3112 1767 3230 1825 Jam
3278 1769 3321 1824 si
3377 1767 3508 1821 urbs

258 1881 366 1935 τῶν
384 1882 493 1935 τῶν
525 1881 776 1953 περάτων
811 1882 911 1954 τῆς
948 1881 1072 1952 γῆς,
1104 1882 1162 1936 ἐν
1193 1880 1343 1953 μόνῃ.
1373 1882 1436 1950 τῇ
1466 1878 1645 1934 αὐτῶν
1677 1877 1829 1932 πόλει

258 1974 353 2027 καὶ
380 1973 459 2045 τῷ
487 1973 653 2027 πάλαι
684 1973 1106 2046 θρησκευομένῳ
1147 1973 1278 2044 παρ’
1311 1972 1496 2034 αὐτοῖς
1529 1970 1701 2040 τόπῳ,
1734 1968 1833 2040 οὐχ

257 2059 358 2118 οἷοί
389 2065 450 2119 τέ
469 2067 605 2119 εἰσιν
626 2065 942 2120 ἐπιϐαίνειν.
962 2064 1073 2119 Καὶ
1105 2065 1155 2117 εἰ
1179 2063 1277 2135 μὲν
1308 2058 1376 2134 ἦν
1408 2060 1684 2124 παντελῶς
1709 2058 1836 2131 ἐρη-

264 2174 360 2227 μος
405 2160 439 2229 ἡ
477 2157 632 2222 πόλις
678 2158 775 2212 καὶ
815 2157 1085 2229 ἀοίκητος,
1128 2155 1231 2210 κᾶν
1264 2153 1532 2226 ὑπενόησέ
1563 2170 1646 2217 τις
1689 2151 1834 2205 τοῦτ’

261 2246 400 2305 εἶναι
431 2251 493 2305 τὸ
515 2250 715 2305 αἴτιον·
743 2250 838 2303 νῦν
861 2250 916 2304 δὲ
939 2249 1044 2303 ὑπὸ
1068 2247 1371 2318 ἀλλογενῶν
1403 2246 1497 2300 καὶ⁸
1522 2243 1834 2314 ἀλλοφύλων

263 2342 433 2398 ἐθνῶν
493 2343 588 2397 τοῦ
651 2344 816 2397 τόπου
873 2340 1295 2413 κατοικουμένου
1320 2379 1336 2404 ,
1409 2338 1593 2411 μόνοις
1652 2336 1835 2400 αὐτοῖς

262 2434 459 2500 ἄϐατος
502 2436 783 2507 τυγχάνει.
849 2434 924 2499 ὡς
975 2435 1097 2505 μήτ’
1149 2428 1208 2497 ἐξ
1266 2432 1533 2486 αὐτόπτου
1578 2428 1835 2485 δύνασθαι

262 2527 323 2580 τὸ
379 2527 630 2600 πατρῷον
679 2526 861 2583 αὐτῶν
918 2525 1111 2596 ἔδαφος
1156 2523 1415 2595 θεωρεῖν·
1464 2522 1500 2578 ἃ
1539 2522 1604 2594 δὴ
1648 2519 1836 2576 τοῦτον

1938 1855 2145 1932 vastata
2174 1884 2319 1932 esset
2362 1876 2683 1940 desertaque
2725 1866 2796 1923 ab
2832 1862 3047 1927 incolis,
3098 1861 3236 1916 hanc
3279 1855 3509 1912 fortasse

1938 1968 2133 2039 aliquis
2183 1966 2427 2040 pratdicti
2466 1962 2642 2021 exsilii
2681 1972 2901 2016 causam
2958 1942 3298 2009 existimaret
3327 1965 3341 2002 :
3368 1959 3512 2001 nunc

1943 2033 2076 2117 vero
2099 2061 2165 2117 ab
2184 2033 2462 2118 extraneis
2509 2063 2675 2124 atque
2715 2051 2783 2105 ab
2817 2043 3134 2115 alienigenis
3163 2040 3316 2096 locus
3356 2033 3511 2091 habi-

1944 2161 2111 2217 tatur,
2141 2149 2271 2206 solis
2292 2157 2475 2203 autem
2518 2143 2721 2200 Judzeis
2751 2140 3062 2194 inaccessus
3100 2139 3208 2195 est,
3244 2130 3319 2184 ita
3349 2135 3410 2180 ut
3440 2137 3533 2179 ne'

1942 2215 2186 2315 aspicere
2217 2240 2432 2311 quidem
2455 2235 2686 2308 patrium
2724 2232 2897 2287 solum
2936 2224 3108 2283 oculis
3145 2222 3257 2279 suis
3278 2215 3506 2291 possint.

1942 2336 2071 2405 Quae
2113 2308 2324 2413 scilicet
2367 2334 2512 2387 hunc
2566 2328 2770 2385 exitum
2828 2323 3159 2381 habuerunt,
3197 2324 3257 2369 ut
3292 2308 3513 2368 oraculo

1946 2429 2099 2485 fleret
2151 2406 2282 2483 satis
2328 2423 2527 2482 dicenti
2574 2438 2593 2477 :
2636 2418 2704 2473 Et
2759 2412 3127 2483 Hierosolyma
3184 2406 3510 2461 ethnicorum

1943 2522 2069 2588 pede
2099 2528 2353 2575 terentur.

261 2587 682 2674 ἀποτετέλεσται
737 2619 829 2673 τὸν
892 2587 1091 2690 τρόπον
1134 2587 1439 2679 ἀκολούθως
1478 2613 1556 2686 τῷ
1592 2587 1838 2684 ,φήσαντι
1874 2610 2138 2685 χρησμῷ’
2168 2609 2277 2666 Καὶ
2330 2604 2719 2678 Ἰερουσαλὴμ
2773 2601 2944 2657 ἔσται
3014 2591 3369 2663 πατουμένη
3391 2587 3509 2643 ὑπὸ

260 2712 475 2767 ὲθνων.

324 2804 435 2858 Καὶ
461 2802 692 2868 δεικνὺς,
725 2802 806 2856 δτι
856 2786 967 2855 οὔτ’
1004 2803 1363 2875 ἀναστήσεται
1407 2798 1589 2856 λοιπὸν
1631 2800 1660 2853 ὁ
1695 2797 1839 2863 ναὸς,

260 2895 372 2949 οὔτ’
403 2897 482 2960 είς
527 2895 627 2966 τὴν
655 2894 930 2965 προτέραν
974 2896 1339 2966 ὲπανήξουσιν
1399 2893 1639 2948 Ἰουδαῖοι
1694 2893 1844 2947 πολι-

259 2986 429 3052 τείαν,
460 2986 785 3058 προστίθησι
823 2987 944 3050 ταῖς
1001 2986 1167 3040 αὑτοῦ
1232 2987 1592 3059 προρρήσεσι,
1651 2984 1843 3056 χρόνον

260 3079 477 3152 ορίζων,
530 3079 691 3151 μέχρι
731 3078 871 3141 τίνος
910 3078 1060 3133 ἔσται
1105 3077 1458 3150 Ἰερουσαλὴμ
1515 3076 1833 3148 πατουμένη

263 3172 369 3227 ὑπὸ
417 3171 616 3225 ὲθνῶν·
652 3169 802 3237 λέγει
850 3168 894 3222 δ’
925 3165 1037 3234 οῦν,
1094 3169 1233 3239 ἄχρι
1268 3167 1623 3237 πληρωθῶσι
1657 3165 1847 3235 καιροὶ

2016 2816 2192 2882 Atque
2221 2818 2281 2865 ut
2308 2805 2557 2863 Christus
2586 2802 2989 2858 demonstraret
3010 2834 3027 2859 ,
3070 2792 3324 2864 templum
3353 2789 3510 2846 dein-

1945 2922 2068 2977 ceps
2091 2904 2234 2961 haud
2262 2907 2614 2957 Instauratum
2646 2895 2736 2961 iri,
2761 2907 2939 2962 neque
2970 2888 3186 2946 Iudaeos
3220 2884 3502 2957 pristinam

1945 2976 2098 3054 suam
2166 2990 2550 3063 rempublicam
2603 2994 3063 3057 recuperaturos,
3121 2979 3333 3037 caeteris
3399 2976 3512 3033 suis

1947 3086 2390 3163 przedictiouibus
2462 3081 2670 3138 addidit
2748 3077 3009 3148 temporis
3088 3072 3455 3130 definitionem
3491 3108 3510 3133 ,

1948 3157 2204 3250 quamdiu
2262 3173 2473 3231 scilicet
2533 3168 2901 3239 Hierosolyma
2971 3163 3310 3220 ethnicorum
3377 3157 3513 3227 pede

262 3263 451 3321 ἐθνῶν
471 3280 483 3294 ·
511 3260 654 3315 οὓτω
702 3226 948 3333 σημάνας
977 3226 1076 3333 την
1106 3226 1200 3315 τοῦ
1250 3259 1365 3331 βίου
1377 3226 1719 3324 Ἑτυντέλειαν,
1748 3226 1838 3311 καὶ

1950 3226 2204 3250 unm--—
2262 3226 2468 3231 --ηηη
2780 3226 2798 3239 .
3384 3226 3389 3227 ,

1952 3270 2173 3327 terenda
2220 3276 2443 3324 essent:
2473 3264 2551 3319 ait
2586 3261 2769 3324 enim,
2799 3260 2962 3313 donec
3007 3268 3241 3324 tempora
3283 3251 3514 3323 gentium

263 3353 355 3409 τὸν
388 3353 550 3425 μέχρι
586 3352 892 3406 συντέλειαν
919 3352 1093 3422 λέγων
1118 3352 1336 3424 χρόνον
1373 3351 1626 3424 σημαίνει
1657 3350 1715 3404 δὲ
1754 3351 1847 3404 καὶ⁹

263 3446 353 3500 τὸν
368 3444 473 3517 πρὸ
497 3444 595 3515 τῆς
616 3441 991 3514 αἰχμαλωσίας
1009 3441 1117 3514 (75)
1142 3441 1396 3512 πόλεμον.
1422 3439 1610 3494 εἰπών’
1638 3441 1846 3495 Ἔσται

264 3534 372 3611 γὰρ
408 3530 637 3603 ἀνάγκη
665 3531 762 3584 ἐπὶ
804 3529 914 3599 τῆς
934 3529 1063 3601 γῆς,
1098 3531 1194 3584 καὶ
1235 3529 1380 3600 ὀργὴ
1399 3528 1632 3601 μεγάλη
1659 3526 1730 3583 ἐν
1766 3526 1847 3594 τῷ

262 3622 387 3690 λαῷ
414 3624 619 3687 τούτῳ,
653 3621 751 3675 καὶ
778 3622 1105 3676 πεσοῦνται
1125 3622 1195 3676 ἐν
1223 3623 1473 3691 στόματι
1520 3620 1841 3690 μαχαίρας.

265 3717 449 3771 Ταῦτα
498 3717 555 3770 δὲ
606 3716 754 3778 ὅπως
805 3712 946 3767 κατά
1005 3713 1169 3786 μέρος
1233 3711 1503 3783 ἐπράχθη,
1545 3708 1638 3764 καὶ
1674 3710 1748 3775 ῶς
1776 3710 1844 3765 τὰ

268 3808 718 3882 προηγορευμένα
742 3804 844 3859 ὑπὸ
866 3805 958 3858 τοῦ
978 3805 1230 3876 Σωτῆρος
1250 3803 1407 3876 ἡμῶν
1420 3803 1607 3867 τέλους
1631 3802 1842 3873 ἔτυχεν,

268 3902 476 3970 ἔξεστιν
508 3899 618 3955 ἀπὸ
653 3900 750 3971 τῆς
786 3898 1048 3969 Ἱστορίας
1089 3896 1353 3968 Ἰωσήπου
1386 3894 1574 3971 μαθεῖν
1605 3894 1735 3966 (76)·
1784 3894 1844 3960 ὃς

269 3993 365 4050 καὶ
413 3994 510 4065 τῆς
554 3991 805 4064 φησάσης
835 3990 928 4044 τοῦ
962 3989 1213 4061 Σωτῆρος
1245 3987 1403 4060 ήμῶν
1461 3988 1839 4062 προρρήσεως,

271 4086 419 4143 Οὐαὶ
442 4086 510 4141 δὲ
541 4086 669 4153 ταῖς
707 4082 1103 4154 θηλαζούσαις
1129 4082 1198 4136 ἐν
1228 4082 1486 4148 ἐκείναις
1532 4078 1662 4146 ταῖς
1703 4079 1844 4149 ἠμέ-

266 4178 434 4248 ραιςί
453 4176 524 4254 ,τὸ
551 4175 898 4247 ἀποτέλεσμα
928 4172 1113 4243 σαφῶς
1134 4172 1430 4245 παρίστησι
1455 4209 1471 4235 ,
1537 4165 1840 4241 μνημονεύ-

270 4290 392 4339 σας,
415 4272 490 4337 ὼς
522 4272 801 4341 γυναῖκες,
820 4268 889 4323 τὰ
928 4267 1132 4321 ἑαυτῶν
1172 4265 1347 4338 βρέφη
1376 4264 1684 4334 όπτήσασαι
1709 4263 1842 4336 πυρὶ

267 4368 485 4440 διὰ-τὴν
507 4365 812 4439 ὑπερϐολὴν
835 4362 928 4417 τοῦ
966 4359 1328 4431 κατασχόντος
1349 4354 1508 4429 λιμοῦ
1536 4354 1634 4428 τὴν
1665 4355 1838 4422 πόλιν,

269 4465 493 4536 ἔφαγον.

1950 3357 2442 3430 compleantur:ita
2488 3352 2800 3424 significans
2845 3348 3027 3404 saeculi
3085 3343 3511 3402 consummatio-

1950 3469 2097 3517 nem,
2129 3464 2229 3506 nec
2267 3464 2373 3504 non
2399 3443 2655 3515 temporis
2688 3455 2855 3511 usque
2887 3439 2956 3494 ad
2995 3435 3512 3494 consummationem

1949 3541 2316 3601 intervallum.
2345 3537 2627 3610 Significat
2665 3535 2833 3591 etiam
2873 3531 3069 3588 bellum
3103 3528 3246 3600 quod
3285 3524 3514 3596 captivi-

1949 3649 2113 3693 tatem
2147 3647 2540 3706 prtecessurum
2566 3640 2685 3686 erat
2715 3645 2732 3684 :
2760 3625 2971 3681 Futura
3004 3632 3101 3687 est,
3132 3619 3338 3691 inquit,
3368 3632 3512 3685 pres-

1945 3746 2072 3785 sura
2094 3730 2149 3782 in
2179 3736 2345 3793 terra,
2363 3737 2652 3793 magnaque
2675 3720 2757 3773 ira
2778 3731 2935 3785 super
2951 3712 3141 3783 populo
3169 3710 3285 3773 hoc,
3319 3718 3367 3764 et
3399 3709 3514 3762 acie

1943 3819 2109 3891 gladii
2155 3819 2361 3873 cadent.
2413 3814 2591 3883 Atque
2648 3810 2765 3865 lucc
2806 3804 3016 3877 singula
3058 3798 3511 3874 quemadmodum

1945 3890 2265 3973 acciderint,
2298 3916 2461 3975 atque
2489 3912 2550 3958 ut
2593 3898 2906 3956 Servatoris
2941 3896 3110 3951 nostri
3159 3890 3374 3950 oracula
3403 3891 3515 3946 sint

1943 4003 2148 4058 exitum
2178 4008 2489 4062 consecuta,
2540 4010 2607 4049 ex
2658 3991 2880 4060 Iosephi
2911 3986 3151 4045 Historia
3187 3996 3515 4056 cognoscere

1943 4096 2092 4151 lcet.
2126 4092 2269 4149 ldem
2301 4091 2528 4145 alterum
2569 4100 2786 4157 quoque
2827 4080 3138 4139 Servatoris
3177 4075 3512 4141 vaticinium,

1944 4184 2199 4241 nimirum
2235 4179 2325 4237 Va:
2347 4177 2669 4234 iactantibus
2692 4175 2745 4230 in
2767 4173 2952 4229 diebus
2977 4170 3124 4226 illis!
3165 4176 3361 4224 eventu
3387 4178 3511 4235 per—

1941 4277 2126 4347 spicue
2182 4274 2586 4345 comprobatum
2631 4268 2793 4323 tradit
2846 4284 2860 4321 :
2908 4264 3107 4322 etenim
3168 4266 3436 4317 memorat
3482 4270 3512 4308 a

1940 4367 2259 4426 mulieribus
2280 4363 2535 4434 parvulos
2568 4360 2816 4431 proprios
2863 4359 2986 4430 igne
3017 4363 3189 4410 tostos
3215 4352 3271 4407 in
3301 4361 3510 4405 summa

1941 4462 2095 4521 urbis
2121 4460 2263 4516 fame
2294 4458 2460 4513 fuisse
2485 4458 2795 4512 devoratos.

334 4530 450 4631 (Ἰῆ)
480 4553 681 4610 Τοῦτον
708 4551 819 4625 γὰρ
853 4550 1016 4605 αὐτὸν
1053 4547 1144 4601 τὸν
1174 4545 1536 4618 γενησόμενον
1557 4544 1616 4599 ὲν
1651 4544 1717 4614 τῇ
1752 4540 1838 4595 πό-

2017 4553 2169 4610 lianc
2205 4550 2376 4622 ipsam
2416 4546 2535 4604 urbi
2587 4556 2905 4601 eventuram
2959 4540 3156 4595 famem
3206 4530 3512 4606 praevidens

267 4649 350 4705 λει
381 4648 538 4718 λιμὸν
568 4645 954 4719 προθεωρήσας
979 4644 1007 4696 ὁ
1028 4641 1237 4712 Σωτὴρ,
1271 4638 1503 4711 παρῄνει
1522 4639 1634 4701 τοῖς
1677 4634 1841 4690 αὑτοῦ

273 4743 540 4818 μαθηταῖς
575 4742 634 4794 ἐν
656 4742 724 4810 τῇ
750 4736 1016 4810 μελλούσῃ
1043 4732 1185 4788 κατά
1220 4732 1487 4786 Ἰουδαίων
1516 4727 1840 4801 γενήσεσθαι

269 4837 576 4910 πολιορκίᾳ,
615 4835 689 4907 μὴ
714 4833 790 4897 ὡς
835 4832 921 4885 ἐπ’
958 4828 1172 4899 ἀσφαλῆ
1209 4826 1372 4881 τόπον
1430 4825 1523 4879 καὶ
1576 4822 1839 4893 φυλαττό·
1878 4860 1883 4863 -

272 4948 430 5003 μενον
455 4928 562 4984 ὑπὸ
588 4927 683 4981 τοῦ
710 4924 847 4981 Θεοῦ
871 4920 1233 4992 καταφεύγειν
1256 4919 1349 4973 ἐπὶ
1374 4917 1473 4990 τὴν
1503 4915 1675 4984 πόλιν,
1703 4916 1839 4986 ὅπερ

269 5022 598 5077 πεπόνθασιν
624 5020 676 5074 oi
714 5017 920 5081 πολλοὶ,
967 5014 1083 5070 ἀλλ’
1120 5011 1328 5067 ἐκεῖθεν
1380 5010 1477 5082 μὲν
1515 5008 1838 5079 ἀναχωρεῖν,

272 5115 494 5185 φεύγειν
522 5113 578 5167 δὲ
611 5114 693 5176 είς
722 5110 790 5166 τὰ
815 5110 950 5182 δρηο
1002 5108 1097 5162 καὶ
1135 5106 1263 5169 τοὺς
1303 5107 1361 5158 ὲν
1397 5102 1545 5175 μέσῳ
1581 5102 1679 5174 τῆς
1720 5100 1845 5153 ἰου-

271 5208 427 5271 δαίας
458 5206 719 5277 ἐκχωρεῖν
763 5205 842 5268 είς
883 5203 951 5257 τά
994 5201 1121 5273 ἔθνη
1156 5199 1303 5272 (78),·
1349 5197 1446 5253 καὶ
1502 5195 1627 5259 τοὺς
1674 5195 1733 5248 ὲν
1772 5194 1841 5263 τῇ

346 5404 483 5477 (⁵14⁸)
509 5402 1210 5477 _Non_tamen_incruenta_
1243 5397 1506 5477 _victo_ria.
1563 5395 1654 5476 ᾼίι
1701 5393 1848 5477 enim

273 5464 479 5532 Fronto
498 5475 574 5531 De
602 5473 733 5529 bello
757 5472 1006 5527 Parthico
1027 5486 1046 5525 :
1072 5488 1092 5521 ι
1130 5468 1366 5525 Adriano
1398 5465 1682 5533 imperium
1711 5464 1849 5519 ohti-

274 5555 456 5612 nente,
494 5553 755 5616 quantum
788 5543 1020 5597 militum
1085 5536 1511 5616 (Romanorum)
1565 5551 1596 5589 a
1644 5533 1845 5616 iud-teis

274 5606 790 5683 caesuml‘rLegesis
853 5627 1031 5683 autem
1093 5606 1394 5664 historicos
1433 5623 1463 5662 ε
1512 5621 1599 5663 me
1644 5606 1841 5660 ibidem

281 5689 335 5742 in
368 5682 809 5741 adnotationibus
831 5682 1093 5735 laudatos.

272 5843 279 5851 ο
348 5755 461 5828 (75)
515 5753 617 5810 llic
667 5753 836 5825 Syrus
882 5749 1120 5806 deﬂectit
1176 5745 1510 5817 aliquantum
1566 5763 1597 5804 a
1644 5745 1838 5804 Graeco
1939 5743 2151 5801 texisse.

584 5855 858 5918 Parnm.
904 5850 1021 5912 (in.
1067 5846 1301 5911 XXIV.

1948 4646 2229 4710 Servator,
2262 4639 2587 4698 admonebat
2611 4635 2902 4706 discipulos
2933 4648 3062 4690 suos
3095 4641 3153 4686 ut
3180 4630 3234 4686 in
3266 4628 3509 4700 proxima

1945 4734 2253 4793 Iudaeorum
2288 4729 2636 4794 obsessione,
2668 4725 2871 4782 nollent
2920 4732 3176 4791 tanquam
3224 4719 3291 4774 ad
3341 4726 3510 4771 tutum

1944 4829 2121 4885 locum
2167 4835 2225 4882 et
2262 4840 2292 4879 a
2329 4824 2441 4880 Deo
2483 4819 2809 4877 custoditum
2861 4816 2914 4871 in
2962 4817 3151 4869 urbem
3203 4810 3509 4879 confugere,

1943 4922 2088 4991 quod
2121 4917 2337 4991 plurimi
2365 4915 2629 4977 fecerunt,
2679 4909 2773 4965 sed
2819 4906 2945 4963 inde
2988 4905 3166 4975 potius
3198 4901 3513 4958 recederent

1945 5009 2187 5080 atquein
2219 5015 2426 5062 montes
2460 5006 2744 5073 fugerent;
2788 5009 2843 5053 et
2887 4996 2981 5067 qui
3026 5003 3185 5050 erant
3233 4992 3288 5046 in
3336 4991 3509 5046 media

1946 5101 2132 5159 Judtea
2156 5098 2221 5154 ad
2241 5107 2433 5170 gentes
2456 5095 2777 5164 migrarent,
2808 5097 2865 5145 et
2888 5087 2981 5158 qui
3013 5087 3067 5141 in
3093 5100 3224 5155 agro
3249 5082 3512 5153 degebant

1951 5202 2294 5262 nequaquam
2327 5187 2394 5242 ad
2424 5183 2659 5239 munitas
2699 5193 2852 5236 arces
2878 5181 3295 5241 concurrerent,
3336 5185 3512 5242 neque

1946 5406 2149 5456 sensu;
2178 5399 2233 5445 et
2259 5395 2523 5458 praeterea
2560 5383 2761 5439 desunt
2798 5381 2937 5452 Syro
2978 5376 3345 5449 praecedentes
3388 5383 3511 5430 octo

1945 5460 2215 5516 versiculi.

2014 5531 2125 5599 (76)
2158 5526 2292 5599 Bell.
2348 5523 2774 5599 .1ιιᾴ.⁸ῇί).ξιιι,
2813 5520 2866 5578 8.

2036 5589 2118 5653 77'
2164 5597 2298 5652 Cod.
2324 5599 2388 5650 A.
2424 5595 2462 5649 f.
2489 5593 2615 5648 270.
2645 5591 2769 5664 Syr.
2804 5608 2876 5655 tv,
2906 5592 2999 5655 εἶθ,
3033 5589 3124 5642 2|.

2037 5603 2125 5739 78;
2152 5668 2247 5725 llic
2268 5683 2375 5724 nou
2413 5665 2552 5724 bene
2589 5665 2759 5735 Syrus
2787 5662 3031 5719 Graecum
3080 5658 3294 5712 videtur
3352 5652 3365 5707 i

2047 5650 2124 5735 iiii
2152 5650 2247 5725 llic
2268 5683 2375 5724 nou
2413 5665 2552 5724 bene
2589 5650 2759 5735 Syr'us
2787 5650 3031 5719 omni»
3080 5658 3294 5712 videtur
3352 5650 3510 5708 intol-

3117 5819 3191 5880 21
