4170 6406
646 249 738 304 651

1308 247 1575 304 EUSEBII
1612 241 2088 308 CASSARIENSIS
2124 250 2274 311 OPP.
2315 256 2494 311 PARS
2531 257 2619 313 1V.
2661 288 2729 300 —
2765 255 3182 317 DOGMATICA.

3769 269 3871 325 652

586 373 594 383 '
645 365 959 434 prudentem
1011 365 1293 420 crederent
1323 365 1376 421 in
1417 367 1612 437 oppida
1647 383 1946 437 secessum,
1989 372 2204 430 etiarnsi

2305 376 2458 450 χώρᾳ
2492 377 2567 450 μὴ
2601 378 2962 448 καταφεύγειν
2992 378 3068 444 ὡς
3111 379 3205 433 ἐπὶ
3247 380 3440 452 ὀχυρὸν
3495 383 3680 450 τόπον,
3739 389 3871 460 μηδὲ

644 458 695 512 id
724 465 931 526 tempus
958 459 1227 528 postulare
1257 459 1568 527 videretur;
1621 461 1716 517 sed
1765 469 1976 519 lucrum
2030 467 2206 536 potius

643 548 1012 602 existimarent
1042 549 1243 618 (agam,
1275 559 1496 620 pr0pter
1522 551 1918 620 impendentem
1949 552 2044 610 Dei
2068 555 2205 611 iram

643 650 752 694 tum
785 641 983 710 templo
1012 649 1122 693 tum
1158 641 1386 695 civitati.
1436 641 1562 696 Haec
1607 647 1905 714 perspicue.
1947 656 2002 700 et
2053 658 2206 704 extra

593 717 602 722 ’
645 744 860 786 omnem
881 731 1285 800 ambiguitatem
1310 733 1989 795 demoustrabantcausam
2019 754 2208 810 quaru-

643 823 828 878 obrem
875 824 1197 879 hortabatur
1260 827 1328 881 ad
1382 835 1590 881 montes
1658 826 1875 898 lugere,
1932 845 2108 901 neque
2153 833 2206 888 in

641 916 834 986 oppida
871 917 1074 970 munita
1106 916 1321 972 reverti.
1367 915 1494 973 Ideo
1545 917 1621 973 ait.
1657 936 1674 975 :
1706 919 1772 974 Et
1815 921 1905 990 qui
1954 921 2009 978 in
2061 923 2209 992 agris

642 1017 786 1074 sunt,
827 1016 1053 1063 caveant
1084 1009 1370 1078 quominus
1414 1008 1548 1064 urbe
1589 1025 1648 1066 se
1687 1011 2028 1070 concludant.
2065 1016 2208 1069 Sunt

641 1097 785 1151 enim
813 1097 869 1152 bi
902 1097 1016 1152 dies
1049 1097 1289 1164 ultionis,
1331 1105 1386 1153 et
1421 1099 1604 1154 omnia
1645 1099 1805 1155 liendi
1836 1117 1956 1173 qua:
1981 1118 2210 1172 przeser-

644 1189 741 1242 tim
794 1190 935 1257 apud
977 1187 1248 1243 Danielem
1295 1189 1500 1259 scripta
1547 1199 1691 1247 sunt.
1754 1191 1858 1247 Sed
1921 1204 1977 1249 et
2026 1196 2207 1262 mium,

651 1277 742 1335 Va:
765 1289 888 1333 tunc
909 1279 1276 1344 nutrientibus,
1303 1281 1570 1348 quomodo
1596 1281 1803 1336 exitum
1851 1282 1961 1337 sint
2003 1290 2210 1339 sortitae

643 1372 1133 1443 Hierosolymorum
1157 1372 1498 1426 obsessorum
1525 1381 1784 1442 tempore,
1814 1375 1965 1430 testis
1986 1375 2206 1432 idoneus

643 1477 726 1519 est
774 1465 988 1519 Flavius
1035 1461 1322 1532 Iosephus,
1371 1465 1461 1534 qui
1497 1473 1750 1520 accurate
1795 1476 2006 1537 tempus
2053 1467 2204 1532 illud,

641 1566 763 1628 post
796 1555 1102 1610 Servatoris
1133 1555 1302 1608 nostri
1329 1554 1494 1619 diras,
1516 1554 1876 1622 describit;et
1907 1557 2204 1626 quomodo,

641 1647 1004 1718 prementibus
1036 1647 1291 1702 Romanis
1320 1646 1617 1715 urbemque
1638 1647 1998 1716 capientibus,
2033 1649 2206 1702 maxi-

641 1754 725 1792 ma
754 1737 1054 1793 Judarorum
1094 1737 1378 1791 multitudo
1421 1736 1600 1808 gladio
1643 1746 1964 1807 consumpta
2016 1738 2199 1804 fuerit,
2235 1743 2275 1797 Β

642 1829 919 1896 multoque
947 1827 1129 1896 plures
1157 1829 1296 1882 fame
1341 1843 1503 1896 quam
1539 1827 1685 1884 ferro
1727 1828 2011 1898 perierint.
2059 1827 2201 1896 Quin

641 1920 773 1972 adeo
799 1919 1050 1973 mulieres
1076 1933 1289 1988 quoque
1315 1918 1568 1987 parvulos
1610 1934 1738 1975 suos
1781 1920 1904 1990 igne
1947 1929 2203 1982 assantes.

639 2024 818 2063 escam
859 2010 959 2064 sibi
987 2009 1055 2063 oh
1080 2020 1376 2064 extremam
1408 2011 1686 2079 penuriam
1728 2009 1992 2066 fecerunt.
2026 2013 2204 2081 Atque

639 2098 754 2153 hzec
786 2099 1128 2168 contigerunt
1162 2100 1336 2168 primo
1365 2099 1580 2168 quidem
1619 2100 1718 2155 sub
1748 2100 1868 2154 Tito
1895 2117 1958 2155 ac
2000 2100 2205 2170 Vespa-

637 2190 812 2253 siano,
841 2200 1025 2258 postea
1068 2189 1171 2245 sub
1222 2191 1484 2256 Adriano,
1519 2189 1884 2247 Romanorum
1916 2192 2206 2261 imperato-

638 2281 819 2348 ribus;
849 2296 952 2351 qua
979 2290 1136 2335 aetate
1172 2281 1521 2338 interdictum
1575 2297 1796 2353 prorsus
1850 2281 2054 2339 Judaeis
2104 2282 2208 2338 fuit

636 2371 812 2442 patrio
838 2371 973 2436 solo,
1009 2379 1066 2426 et
1091 2372 1158 2424 ab
1184 2370 1417 2425 ethnicis
1454 2369 1792 2427 Hierusalem
1840 2370 1943 2426 fuit
1981 2370 2206 2426 concul-

636 2475 777 2528 cata,
840 2463 974 2518 adeo
1025 2471 1085 2516 ut
1140 2462 1314 2518 nullos
1373 2463 1574 2519 incolas
1615 2465 1765 2519 cives
1813 2464 2038 2520 haberet
2100 2466 2204 2521 nisi

633 2561 920 2608 extraneos
951 2560 1006 2606 et
1035 2551 1386 2621 alienigenas,
1424 2552 1706 2608 translatis
1733 2553 1858 2609 illuc
1896 2554 2192 2625 inquilinis,

637 2641 934 2697 incolarum
980 2643 1220 2711 priorum
1264 2642 1401 2699 loco.
1445 2643 1650 2701 Exinde
1687 2646 1831 2701 enim
1873 2649 2202 2704 circumda-ta

627 2742 720 2786 est
749 2732 915 2787 armis
946 2733 1098 2798 urbs,
1129 2742 1292 2802 atque
1332 2735 1492 2804 hujus
1535 2737 1900 2792 sanctuarium
1940 2740 2009 2794 ad
2059 2755 2204 2794 sum-

635 2840 776 2877 mam
807 2823 1153 2879 solitudinem
1186 2826 1460 2881 redactum
1491 2826 1594 2881 fuit
1621 2844 1635 2884 :
1665 2827 1752 2882 illa
1779 2828 2012 2899 denique
2041 2831 2201 2886 deso-

2308 468 2601 524 σπουδαίαν
2653 470 2902 542 ἡγεῖσθαι
2933 469 3030 543 τὴν
3069 471 3160 524 ἐπὶ
3196 471 3296 543 τὴν
3341 472 3492 527 πόλιν
3522 474 3872 552 ἐπιστροφὴν,

2306 561 2411 616 κᾶν
2450 562 2508 615 αἱ
2556 565 2736 633 χρεῖαι
2774 562 3043 616 καλῶσινο
3077 563 3345 635 ἅρπαγμα
3383 565 3441 618 δὲ
3495 567 3734 622 τίθεσθαι
3778 569 3874 644 τὴν

2307 652 2504 726 φυγὴν,
2532 654 2619 709 διὰ
2642 655 2740 726 τὴν
2769 655 3198 728 ἐπελευσομένην
3219 657 3283 710 ὲκ
3314 658 3446 712 Θεοῦ
3473 659 3641 732 ὀργὴν
3686 660 3764 733 τῷ
3812 679 3875 718 τε

2306 746 2420 818 ναῷ
2443 746 2538 800 καὶ
2563 750 2630 818 τῇ
2666 747 2835 803 πόλει.
2867 746 3054 801 Ταῦτα
3076 747 3186 821 γὰρ
3207 750 3467 822 ἄντικρυς
3487 753 3580 805 καὶ
3607 752 3727 823 δίχα
3771 753 3874 808 πά-

2308 856 2407 911 σης
2439 840 2767 912 ἀμφιδολίας
2801 841 3186 914 παραστατικά
3215 843 3281 896 ἂν
3321 844 3550 915 εἴη,τῆς
3581 843 3778 910 αἰτίας,
3811 845 3874 900 δι’

2305 932 2373 1004 ἣν
2421 933 2816 1006 παρεκελεύετο
2867 935 3087 1005 φεύγειν
3140 936 3233 989 ἐπὶ
3262 936 3332 990 τὰ
3371 936 3470 1009 ὅρη
3497 976 3512 1001 ,
3535 938 3629 990 καὶ
3664 937 3737 1009 μὴ
3761 940 3881 992 επις-

2308 1022 2559 1094 στρέφειν
2602 1026 2695 1079 ἐπὶ
2725 1025 2826 1090 τὰς
2867 1027 3070 1092 πόλεις.
3101 1029 3192 1082 Διό
3229 1045 3390 1100 φησι·
3432 1031 3543 1084 Καὶ
3579 1032 3628 1084 οἱ
3665 1034 3722 1086 ὲν
3759 1036 3878 1097 ταῖς

2307 1114 2545 1187 χώραις,
2589 1117 2664 1188 μὴ
2703 1118 3096 1174 είσελθέτωσαν
3156 1123 3234 1185 είς
3281 1121 3487 1192 αὐτήν·
3544 1123 3627 1176 ὅτι
3675 1125 3878 1195 ἡμέραι

2308 1209 2639 1283 ἐκδικήσεως
2692 1205 2854 1265 αὗταί
2899 1214 3028 1277 εἱσι,
3070 1211 3164 1265 τοῦ
3207 1212 3556 1285 πληρωθῆναι
3597 1215 3771 1270 πάντα
3809 1216 3878 1271 τὰ

2307 1300 2666 1371 γεγραμμένα
2704 1301 2762 1354 ἐν
2798 1299 2875 1371 τῷ
2914 1300 3110 1374 Δανιὴλ
3151 1303 3402 1374 μάλιστα.
3454 1304 3614 1359 Ἀλλά
3656 1307 3747 1360 καὶ
3785 1307 3879 1374 τὸ,

2312 1391 2457 1445 Οὐαὶ
2495 1391 2624 1458 ταῖς
2657 1393 3052 1460 θηλαζούσαις
3103 1397 3255 1460 τότε,
3284 1397 3431 1459 ὅπως
3481 1397 3666 1462 τέλους
3717 1397 3879 1471 ἔτυχε

2311 1483 2448 1536 κατὰ
2475 1484 2565 1538 τὸν
2616 1484 2805 1556 καιρὸν
2853 1485 2952 1555 τῆς
2985 1486 3295 1558 πολιορκίας
3336 1489 3443 1542 τῶν
3475 1490 3877 1563 Ἱεροσολύμων,

2308 1575 2492 1640 ἱκανὸς
2519 1576 2892 1631 πιστώσασθαι
2922 1579 3149 1642 Φλάϐιος
3179 1579 3470 1652 Ἰώσηπος,
3501 1582 3741 1654 ἀκριϐῶς
3786 1585 3881 1637 τὸν

2310 1667 2448 1740 μετά
2467 1668 2566 1733 τὰς
2587 1669 2724 1742 ἀρὰς
2753 1668 2848 1723 τοῦ
2875 1671 3122 1742 Σωτῆρος
3139 1672 3294 1742 ήμῶν
3311 1674 3543 1742 πόλεμον
3567 1676 3879 1748 ἱστορήσας·

2303 1769 2396 1814 καὶ
2423 1760 2520 1827 ὡς,
2550 1761 2885 1816 ἐπιστάντων
2922 1762 3206 1833 Ῥωμαίων
3237 1765 3334 1819 καὶ
3352 1765 3448 1837 τὴν
3470 1764 3622 1820 πόλιν
3651 1766 3882 1820 ἑλόντων

2305 1853 2613 1926 πολιορκίᾳ,
2649 1855 2818 1927 μυρία
2853 1854 2950 1927 μὲν
2981 1854 3156 1929 πλήθη
3187 1857 3279 1911 τοῦ
3314 1857 3580 1911 Ἰουδαίων
3609 1857 3792 1922 ἔθνους
3821 1861 3882 1911 ἐν

2307 1946 2533 2016 στόματι
2567 1949 2836 2020 μαχαίρας
2863 1949 3099 2022 ἀνῃρέθη
3119 1991 3134 2014 ,
3170 1951 3385 2015 πλείους
3418 1951 3476 2005 δὲ
3501 1947 3632 2007 ’τῶν
3675 1951 3885 2027 ἀνῃρη-

2308 2039 2484 2109 μένων
2510 2039 2588 2111 τῷ
2619 2039 2762 2111 λιμῷ
2793 2041 3156 2113 διεφθάρησαν
3175 2059 3190 2072 '
3229 2043 3329 2114 ἥδη
3360 2043 3416 2096 δὲ
3453 2043 3546 2097 καὶ
3571 2042 3639 2096 τά
3670 2044 3881 2098 ἑαυτῶν

2305 2129 2480 2202 βρέφη
2513 2133 2768 2200 γυναῖκες
2821 2133 3126 2204 όπτήσασαι
3176 2134 3329 2205 πυρὶ,
3374 2137 3547 2206 τροφῇ
3579 2135 3881 2207 ’κέχρηνται

2302 2221 2369 2275 δι’
2396 2222 2840 2295 ὑπερϐάλλουσαν
2876 2225 3099 2279 ἔνδειαν.
3131 2225 3417 2280 Συνέὸαινε
3450 2226 3505 2280 δὲ
3543 2225 3713 2280 ταῦτα
3750 2229 3883 2299 πρό-

2303 2330 2460 2385 τερον
2506 2315 2606 2385 μὲν
2639 2316 2780 2370 κατά
2816 2315 2973 2370 Τῖτον
3009 2319 3104 2372 καὶ
3136 2318 3570 2373 Οὐεσπασιανόν·
3633 2318 3772 2389 μετὰ
3821 2320 3881 2373 δὲ

2302 2403 2546 2471 τούτους,
2593 2408 2711 2460 κατ’
2763 2408 3054 2477 Ἀδριανὺν,
3090 2409 3215 2473 τοὺς
3269 2409 3551 2480 Ῥωμαίων
3606 2411 3880 2482 αὐτοκρά-

2302 2512 2487 2563 τορας,
2512 2499 2633 2552 καθ’
2662 2499 2754 2563 οὓς
2780 2499 2979 2564 ἄϐατος
3013 2500 3110 2571 μὲν
3144 2502 3201 2563 ές
3232 2500 3292 2554 τὸ
3318 2501 3578 2564 παντελὲς
3605 2501 3880 2565 Ἰουδαίοις

2301 2589 2331 2642 ό
2362 2588 2586 2658 πάτριος
2609 2590 2786 2644 αὐτῶν
2817 2592 3050 2663 κατέστη
3085 2594 3267 2656 τόπος,
3299 2593 3488 2662 γέγονε
3515 2593 3572 2648 δὲ
3604 2593 3870 2665 Ἰερουσα-

2301 2680 2415 2753 λὴμ
2444 2683 2756 2755 πατουμένη
2789 2684 2881 2738 ὑπ’
2931 2686 3121 2755 ἐθνῶν,
3151 2687 3226 2750 ὡς
3279 2686 3414 2758 μηδὲ
3463 2686 3682 2757 ἑτέρους
3728 2686 3879 2758 ἔχειν

2301 2773 2593 2845 οἰκήτορας
2619 2773 2839 2840 πολίτας
2871 2777 2903 2847 ἢ
2942 2777 3134 2849 μόνους
3166 2777 3491 2847 ἀλλοφύλους
3529 2777 3623 2832 καὶ
3657 2778 3879 2848 ἀλλογε-

2300 2864 2432 2930 νεῖςκ
2468 2864 2732 2935 μετοίκων
2759 2866 2944 2921 αὐτόθι
2971 2869 3418 2922 κατοικισθέντων
3456 2870 3575 2922 ἀντὶ
3603 2869 3712 2923 τῶν
3741 2869 3878 2941 πρό-

630 2923 853 2980 lationis
873 2925 1222 2993 abominatio,
1252 2944 1411 2999 quam
1439 2930 1623 2986 Daniel
1651 2932 1999 3001 praedixerat,
2027 2937 2202 2991 medio

2303 2923 2481 3028 πρόί
2508 2959 2828 3032 οἰκητόρων.
2887 2961 2975 3028 Ἐξ
3008 2962 3216 3016 ἐκείνου
3249 2962 3306 3016 δὲ
3359 2961 3729 3034 κυκλωθείσης
3769 2923 3878 3016 ύπδ

633 3024 688 3079 in
718 3030 1028 3086 sanctuario
1050 3031 1342 3086 constituta
1382 3031 1509 3099 fuit,
1542 3049 1746 3090 aeneum
1799 3038 1921 3093 dico
1977 3039 2201 3097 victoris

2305 3024 2679 3120 στρατοπέδων
2697 3024 2806 3124 *τῆς
2845 3024 3219 3126 Ἰερουσαλὴμ,
3248 3053 3342 3108 καὶ
3368 3055 3498 3108 αὐτὸ
3532 3054 3592 3108 τὸ
3628 3024 3878 3124 ἁγίασμα

631 3118 978 3175 simulacrum
1014 3124 1156 3192 quod
1189 3124 1242 3178 iu
1291 3125 1468 3179 medio
1515 3127 1715 3196 templo
1745 3128 2052 3184 dedicatum
2081 3141 2184 3187 est.

2298 3139 2351 3191 τὸ
2375 3118 2438 3193 γὲν
2464 3141 2601 3214 αὐτῇ
2631 3144 2713 3206 είς
2866 3118 3100 3216 ἐσχάτην
3124 3118 3461 3218 περιετράπη
3485 3118 3717 3218 ἐρημίαν
3737 3164 3752 3176 ·
3778 3118 3876 3203 καὶ

629 3208 692 3312 τὸ
721 3209 992 3312 βδέλυγμα
1025 3215 1469 3312 τῆς-ἐρημῶσεως
1494 3217 1562 3312 τό
1579 3217 1740 3312 ῥηθὲν
1876 3221 2076 3312 Δανιὴλ
2097 3223 2192 3277 τοῦ
2232 3231 2508 3302 προφήτου
2539 3208 2670 3307 ἔστη
2734 3208 2806 3290 ἐν,
2829 3235 2907 3308 τῷ
2931 3208 3291 3309 Πάγίάσμάτι,
3314 3208 3326 3218 ’
3344 3237 3406 3291 τὺ
3731 3257 3876 3312 φημι

627 3307 994 3379 ἀπεικόνισμα
1049 3306 1143 3361 τοῦ
1213 3307 1564 3381 πολιορκητοῦ
1621 3308 1678 3362 ὲν
1724 3310 1872 3381 αύτῷ
1916 3311 2066 3383 μέσῳ
2114 3314 2194 3386 τῷ
2237 3319 2363 3393 ἱερῷ
2394 3306 2694 3400 ιδρυμένον,

700 3403 826 3459 llaac
858 3403 1022 3473 igitur
1055 3417 1085 3457 e
1115 3402 1360 3472 plurimis
1391 3402 1694 3457 adnotanda
1731 3417 1916 3459 curavr
1965 3415 2188 3478 propter

629 3494 868 3550 divinum
904 3494 1209 3549 Servatoris
1239 3494 1408 3548 nostri
1444 3493 1756 3549 vaticinium
1793 3497 2059 3566 dicentis,
2104 3499 2192 3554 Va:

626 3588 1021 3659 praegnantibus
1045 3597 1096 3642 et
1121 3587 1436 3641 lactantibus
1460 3589 1515 3640 in
1541 3587 1718 3643 diebus
1741 3587 1890 3644 illis!
1919 3588 2024 3646 Sed
2057 3607 2193 3662 quo-

627 3681 773 3734 niam
813 3680 881 3734 ad
907 3689 1134 3734 caateras
1171 3678 1478 3734 Servatoris
1509 3680 1883 3749 prasdictiones
1911 3681 2026 3738 haec
2055 3699 2190 3752 quo-

628 3785 732 3839 que
772 3770 985 3826 accedit
1015 3786 1029 3824 :
1064 3769 1179 3823 Erit
1207 3785 1452 3838 pressura
1498 3785 1688 3839 magna
1719 3771 1775 3825 in
1826 3780 1989 3842 terra,
2024 3785 2071 3828 et
2109 3775 2192 3828 ira

627 3875 782 3926 super
805 3859 994 3928 papula
1030 3859 1162 3924 hoc;
1195 3860 1276 3913 vel
1291 3859 1582 3914 secundum
1607 3859 1940 3928 Matthazurn,
1972 3865 2192 3919 tribula-

627 3950 753 4002 latio
782 3949 1078 4019 cujurmodi
1117 3959 1276 4004 antea
1308 3966 1577 4020 nunquam
1610 3951 1709 4020 fuit
1730 3952 1805 4018 ¹⁶;
1838 3967 2017 4023 Opera:
2067 3970 2190 4025 pre-

535 4039 538 4042 ’
628 4041 760 4092 tium
798 4049 883 4095 est
925 4041 1113 4096 audire
1133 4042 1474 4106 historicum,
1506 4043 1599 4110 qui
1635 4057 1791 4098 casus
1822 4045 1943 4101 illos
1971 4045 2049 4101 sic
2076 4045 2192 4102 fere

626 4139 814 4183 narrat
841 4148 854 4184 :
891 4149 909 4182 ι
935 4129 999 4183 Ει
1029 4130 1344 4201 singillatim
1373 4131 1591 4201 quidem
1617 4133 1847 4190 crimina
1871 4137 2071 4191 civium
2103 4153 2190 4193 re-

625 4221 833 4275 censeri
865 4231 1165 4289 nequeunt;
1199 4223 1505 4277 summatim
1523 4235 1650 4277 vero
1683 4223 1880 4292 dicam,
1905 4240 2076 4296 neque
2103 4227 2186 4282 ul-

623 4297 732 4364 lam
757 4311 945 4366 urbem
972 4313 1119 4383 paria
1152 4312 1289 4367 mala
1324 4327 1562 4384 passam,
1594 4328 1768 4384 neque
1807 4316 1935 4372 item
1962 4333 2188 4388 genera-

625 4401 822 4456 tionem
851 4401 1013 4456 ullam
1038 4404 1106 4458 ab
1128 4405 1259 4459 orbe
1280 4405 1498 4460 condito
1523 4405 1786 4462 scelerum
1817 4405 2187 4466 fecundiorem

623 4494 918 4550 exstitisse.
945 4494 1010 4549 Et
1042 4495 1257 4564 quidem
1286 4497 1472 4552 urbem
1503 4497 1673 4554 Judaei
1717 4498 1819 4569 ipsi
1868 4500 2185 4567 pessumde-

626 4587 843 4651 derunt,
891 4585 1272 4658 Romanosque
1313 4589 1509 4645 invitos
1558 4592 1731 4645 diram
1775 4591 2057 4646 victoriam
2089 4605 2214 4665 pa-b

2369 3421 2479 3492 (79)
2512 3420 2696 3476 Ταῦτα
2729 3422 2827 3494 μὲν
2859 3416 2952 3477 οὖν
2983 3423 3091 3476 ἀπὸ
3128 3422 3335 3495 μυρίων
3381 3423 3600 3477 τέθεικα
3641 3422 3728 3477 διὰ
3773 3425 3874 3493 τὴν

2298 3511 2447 3566 θείαν
2493 3513 2587 3567 τοῦ
2645 3514 2895 3586 Σωτῆρος
2944 3515 3100 3588 ημῶν
3130 3515 3432 3588 πρόρρησιν
3453 3514 3549 3587 τὴν
3583 3519 3832 3585 φήσασαν
3853 3530 3870 3546 ⁸

2301 3602 2444 3657 Οὐαὶ
2473 3603 2541 3656 δὲ
2570 3604 2698 3670 ταῖς
2745 3604 2815 3657 ἐν
2847 3607 3057 3675 γαστρὶ
3089 3608 3374 3676 ἐχουσαις
3404 3607 3504 3661 καὶ
3533 3605 3662 3672 ταῖς
3691 3609 3874 3675 θηλα-

2298 3690 2537 3760 ζούσαις
2561 3695 2631 3749 ὲν
2657 3696 2916 3764 ἐκείναις
2942 3697 3071 3764 ταῖς
3102 3699 3346 3766 ἡμέραις
3363 3715 3376 3730 ο
3407 3698 3601 3752 ὲπεὶδὲ
3634 3698 3726 3751 καὶ
3755 3697 3873 3752 τοῦ-

2296 3801 2356 3837 το
2382 3787 2503 3850 ταῖς
2559 3789 2892 3858 προρρήσεσι
2941 3789 3034 3842 τοῦ
3084 3791 3334 3862 Σωτῆρος
3399 3791 3732 3863 πρόσκειται,
3787 3789 3868 3853 τὸ,

2301 3873 2504 3928 Ἔσται
2539 3874 2769 3946 ἀνάγκη
2801 3877 3034 3947 μεγάλη
3071 3879 3167 3931 ἐπὶ
3194 3879 3302 3947 τῆς
3349 3879 3461 3950 γῆς
3489 3880 3586 3933 καὶ
3615 3878 3762 3948 ὀργὴ
3791 3878 3870 3943 τῷ

2293 3963 2422 4030 λαῷ
2450 3966 2637 4031 τούτῳ
2661 3985 2674 3998 ·
2701 3967 2734 4039 ἢ
2769 3970 2909 4022 κατὰ
2933 3970 3023 4023 τὸν
3046 3970 3322 4024 Ματθαῖον
3343 4014 3357 4037 ,
3399 3971 3604 4040 θλίψις
3641 3972 3738 4024 οἵα
3773 3973 3869 4025 οὐ·

2294 4053 2506 4110 δέποτε
2529 4056 2792 4128 γέγονεν’
2815 4060 3114 4117 ἐπακοῦσαι
3142 4063 3301 4114 καλὸν
3331 4061 3425 4115 τοῦ
3449 4061 3719 4134 ἱστορικοῦ
3749 4061 3868 4116 τού-

2294 4165 2400 4201 των
2419 4149 2597 4203 αύτῶν
2628 4151 2695 4203 τὰ
2726 4151 3134 4224 ἀποτελέσματα
3157 4146 3258 4207 ὧδέ
3276 4170 3350 4225 πη
3369 4153 3706 4226 ἱστοροῦντος

2299 4258 2317 4289 ι
2351 4240 2488 4294 Καθ’
2505 4241 2736 4296 ἕκαστον
2755 4244 2851 4314 μὲν
2873 4239 2965 4298 οὖν
2986 4245 3254 4311 ἐπεξιέναι
3282 4247 3379 4317 τὴν
3401 4247 3744 4318 παρανομίαν
3767 4249 3865 4302 αύ-

2291 4331 2399 4384 τῶν
2423 4370 2437 4396 ,
2490 4333 2780 4387 ἀδύνατον·
2831 4335 3116 4390 συνελόντα
3170 4337 3213 4390 δ’
3245 4337 3448 4402 εἰπεῖν,
3513 4340 3650 4410 μήτε
3707 4339 3864 4392 πόλιν

2290 4419 2456 4490 ἄλλην
2482 4420 2705 4475 τοιαῦτα
2752 4424 3106 4490 πεπονθέναι,
3151 4427 3286 4497 μήτε
3315 4426 3507 4495 γενεὰν
3561 4427 3622 4494 ἐξ
3671 4428 3862 4492 αἰῶνος

2291 4511 2568 4580 γεγονέναι
2626 4514 2824 4577 κακίας
2854 4516 3243 4588 γονιμωτέραν.
3277 4517 3386 4590 Τὴν
3418 4519 3516 4590 μὲν
3572 4519 3725 4574 πόλιν
3782 4523 3862 4575 ἀν-

2291 4599 2520 4671 έτρεψαν
2553 4603 2706 4656 αὐτοὶ
2733 4644 2748 4669 ,
2806 4604 3105 4676 Ῥωμαίους
3162 4608 3219 4661 δὲ
3266 4609 3496 4673 ἄκοντας
3549 4610 3860 4679 ἠνάγκασαν

629 4687 773 4732 trare
799 4687 1114 4749 coegerunt,
1162 4671 1324 4749 atque
1353 4681 1528 4752 ignem
1552 4684 1940 4752 propemodum
1971 4697 2187 4738 moran-

2298 4690 2653 4763 ἐπιγραφῆναι
2688 4671 2994 4766 σκυθρωπῷ
3021 4697 3434 4769 κατορθώματιο
3455 4671 3550 4753 καὶ
3574 4671 3735 4771 μόνον
3766 4701 3858 4770 οὐχ

623 4778 727 4823 tem
781 4770 847 4822 ad
906 4770 1162 4840 templum
1204 4781 1603 4842 pertraxerunt.
1656 4773 1819 4830 Certe
1869 4773 1924 4828 id
1975 4777 2102 4829 dum
2153 4790 2184 4830 e

620 4863 898 4930 superiore
933 4863 1064 4918 urbe
1096 4862 1484 4919 inﬂammatum
1526 4875 1839 4932 cernerent,
1879 4879 2056 4935 neque
2087 4868 2185 4920 do-

619 4951 837 5006 luerunt
871 4969 1045 5023 neque
1086 4953 1347 5027 lacrymis
1384 4956 1586 5025 dignati
1636 4964 1782 5010 sunt.
1809 4974 1828 5008 ι
1862 4956 2039 5026 Atque
2069 4957 2182 5012 hare

621 5042 931 5096 acciderunt
961 5057 1180 5112 propter
1209 5044 1299 5099 illa
1331 5047 1515 5109 verba,
1555 5045 1671 5098 Erit
1719 5045 1858 5100 enim
1905 5045 2179 5098 tribulatio

618 5149 806 5202 magna
831 5149 850 5185 :
877 5136 928 5188 id
976 5138 1116 5206 quod
1167 5153 1197 5192 a
1235 5137 1523 5193 Servatore
1552 5139 1891 5205 praedictum,
1929 5146 2050 5205 post
2081 5152 2177 5190 an-

617 5240 743 5277 num
767 5227 996 5296 denique
1017 5230 1508 5300 quadragesimum,
1532 5229 1862 5300 Vespasiano
1877 5230 2177 5283 Romanum

617 5316 902 5385 imperium
944 5327 1185 5386 tenente,
1235 5330 1370 5376 teste
1417 5321 1699 5388 historico,
1753 5335 1943 5390 reapse
1994 5319 2178 5376 conle-

613 5417 759 5461 ctum
789 5420 889 5464 est.

684 5500 728 5530 ¹⁶
761 5499 946 5556 Matth.
987 5504 1235 5571 xxrvﬂl.

832 5593 965 5667 Cod.
998 5597 1058 5650 Α.
1098 5596 1449 5667 ί.ᾼ⁴270.-8γ,ι“.
1485 5596 1572 5659 ιν,
1601 5599 1693 5651 22.

681 5664 794 5735 (80)
831 5664 1094 5736 Joscpltus
1121 5665 1256 5721 Bell.
1280 5664 1408 5721 Jud.
1437 5670 1523 5723 lib.
1557 5684 1627 5732 vr,
1663 5668 1746 5721 ll.

2280 4779 2533 4835 εἵλκυσαν
2601 4782 2861 4855 βραδῦνον
2921 4787 3011 4839 ἐπὶ
3044 4788 3136 4840 τὸν
3205 4789 3332 4842 ναὸν
3366 4789 3429 4844 τὸ
3475 4790 3618 4861 πῦρο
3669 4793 3857 4862 ἀμέλει

2279 4873 2566 4944 καιόμενον
2599 4877 2663 4929 ὲκ
2690 4877 2789 4946 τῆς
2813 4876 2926 4932 ἄνω
2955 4879 3162 4944 πόλεως
3183 4881 3513 4954 ἀφορῶντες,
3537 4882 3661 4936 οὒτε
3685 4884 3854 4956 ῆλγη-

2279 4980 2412 5029 σαν,
2452 4963 2574 5018 οὕτε
2609 4967 2932 5040 ἐδάκρυσαν.
2971 4990 2990 5021 ι
3026 4971 3208 5025 Ταῦτα
3247 4969 3343 5026 διὰ
3387 4972 3470 5037 τὸ,
3501 4975 3707 5027 Ἔσται
3747 4976 3854 5043 γὰρ

2277 5056 2483 5123 θλίψις
2503 5057 2734 5128 μεγάλη
2760 5076 2775 5091 ο
2833 5060 2863 5114 ὃ
2919 5059 2982 5132 δὴ
3012 5062 3107 5116 καὶ
3137 5063 3450 5134 προρρηθὲν
3480 5064 3588 5118 ὑπὸ
3615 5063 3709 5118 τοῦ
3743 5067 3852 5118 Σω-

2281 5146 2464 5217 τῆρος,
2497 5151 2925 5222 μεμαρτύρηται,
2945 5154 3048 5207 ὑπὸ
3095 5154 3189 5208 τοῦ
3223 5155 3580 5228 συγγραφέως
3606 5159 3725 5228 μεθ’
3756 5159 3850 5211 ὅλα

2282 5235 2375 5307 ἔτη
2424 5241 2860 5311 τεσσαράκοντα,
2929 5244 3066 5298 κατὰ
3123 5246 3218 5316 τὴν
3275 5248 3683 5303 Οὐεσπασιανοῦ
3721 5250 3850 5304 Ῥω-

2284 5328 2458 5398 μαίων
2487 5330 2912 5406 αὑτοκρατορίαν
2944 5337 3230 5409 πληρωθέν
3261 5339 3395 5411 (81).

2346 5597 2455 5671 (81)
2475 5590 2829 5671 Praecedentia
2857 5600 3185 5656 adamussim
3208 5610 3335 5657 sunt
3361 5587 3410 5654 in
3438 5599 3658 5671 syriaca
3680 5595 3845 5654 Theo-

2277 5667 2494 5736 phania.
2523 5667 2657 5724 Item
2684 5673 2826 5739 quod
2863 5673 3022 5739 paulo
3063 5681 3183 5740 post
3229 5667 3684 5740 scquiturhaiira
3721 5687 3843 5739 συγ·
