4000 6398
231 315 336 371 653

981 431 1035 483 l’.

305 514 438 573 Εἶτα
473 517 758 590 μεθίστησι
792 523 916 584 τοὺς
945 521 1134 590 λόγους
1161 522 1190 573 ό
1218 519 1424 591 Κύριος
1451 519 1545 571 ἐπὶ
1581 519 1671 571 τὸν
1703 519 1804 588 τῆς

235 611 542 676 συντελείας
592 612 802 684 καιρὸν,
833 613 926 666 καί
979 629 1146 684 φησι·
1201 613 1311 666 Καὶ
1359 612 1530 666 ἔσται
1588 610 1805 680 σημεῖα

232 703 476 771 tramite
519 702 617 757 καὶ
673 700 903 772 σελήνῃ
959 701 1059 756 καὶ
1115 703 1378 772 ἄστροις.
1428 699 1804 771 Συγκεχῦσθαι

232 795 381 848 δοκεῖ
409 793 479 848 τὰ
503 795 602 866 τῆς
627 793 769 848 κατὰ
795 795 892 865 τὴν
923 793 1066 862 λέξιν
1093 795 1433 861 ἀκολουθίας,
1485 793 1574 847 διὰ
1618 793 1679 847 τὸ
1727 793 1804 865 μὴ

233 885 540 941 διεστάλθαι
560 887 953 958 ἀφωρισμένως
979 887 1049 941 τά
1075 904 1135 941 τε
1181 888 1311 959 περὶ
1338 887 1443 957 τῆς
1488 885 1806 957 πολιορκίας

235 978 326 1032 τοῦ
369 978 533 1032 τόπου
565 978 881 1048 λελεγμένα,
913 977 1006 1030 καὶ¹
1037 977 1106 1031 τὰ
1154 978 1284 1050 περὶ
1330 978 1430 1048 τῆς
1495 977 1806 1041 συντελείας

233 1069 326 1123 τοῦ
355 1069 567 1134 αἰῶνος.
598 1071 732 1123 Κατ’
763 1068 1071 1140 οἰκονομίαν
1097 1068 1155 1123 δὲ
1183 1069 1293 1140 ἄρα
1323 1069 1416 1122 τοῦ
1445 1069 1590 1122 Θείου
1638 1068 1806 1122 Πνεύ-

238 1178 404 1232 ματος
433 1162 466 1232 ἡ
493 1160 725 1229 ἀσάφεια
763 1160 952 1229 γέγονε
977 1199 992 1224 ,
1029 1159 1361 1232 κρύπτοντος
1415 1162 1669 1233 ἐπίτηδες
1707 1163 1806 1234 τῆς

239 1253 344 1308 τῶν
373 1252 580 1306 πολλῶν
605 1251 858 1321 γνώσεως
885 1252 952 1305 τὰ
973 1255 1031 1306 ὲν
1067 1254 1400 1325 ἀπορρήτοις
1426 1255 1530 1308 ὑπὸ
1558 1254 1652 1308 τοῦ
1702 1256 1809 1309 Σω‹

237 1345 400 1417 τῆρος
431 1345 610 1417 μόνοις
653 1346 763 1407 τοῖς
820 1344 982 1398 αὐτοῦ
1042 1345 1307 1416 μαθηταῖς
1359 1346 1763 1418 παραδεδομένα
1785 1363 1800 1378 θ

233 1437 374 1490 οὕτω
422 1437 599 1489 τοίνυν
649 1433 1104 1504 ἀναγνωσόμεθα,
1129 1433 1205 1497 ὼς
1233 1436 1281 1487 εί
1335 1433 1474 1505 μετὰ
1521 1435 1807 1506 διαστολῆς

233 1532 415 1602 εἴρητο
469 1527 656 1584 τοῦτον
702 1527 795 1582 τὸν
847 1527 1074 1599 τρόπον·
1117 1527 1252 1599 Περὶ
1307 1528 1406 1598 μὲν
1467 1528 1562 1598 τῆς
1618 1544 1804 1580 συντε-

231 1622 379 1687 λείας
413 1621 507 1674 τοῦ
547 1620 777 1685 αἰῶνος,
820 1619 1045 1691 βλέπετε
1101 1619 1173 1690 μή
1210 1635 1295 1682 τις
1347 1618 1492 1689 ὑμᾶς
1529 1618 1801 1691 πλανήσῃ’

233 1712 418 1766 πολλοὶ
466 1711 574 1782 γὰρ
624 1711 929 1765 ἐλεύσονται
980 1710 1070 1762 ἐπὶ
1121 1709 1198 1780 τῷ
1247 1707 1468 1780 ὀνόματί
1522 1725 1650 1778 μου·
1710 1709 1804 1762 καὶ

1569 308 1656 362 DE
1695 307 2156 364 THEOPHANIA.

3369 310 3472 363 6M

2646 427 2714 481 Χ.

1976 519 2113 574 Exin
2146 518 2444 573 oralionem
2475 518 2738 574 convertit
2787 516 3044 572 Servator
3103 516 3168 571 ad
3228 525 3473 587 tempora

1905 611 2414 672 consummationis,
2451 609 2636 679 aitque
2667 627 2679 663 :
2710 609 2780 662 Et
2810 620 2960 663 erunt
2992 611 3145 679 signa
3172 609 3227 663 in
3255 610 3386 673 sole,
3409 619 3474 662 ‘ct

1905 702 2051 769 luna,
2104 712 2152 756 et
2190 702 2440 756 stellis".
2471 695 2741 757 Confusus
2780 702 2994 757 videtur
3027 703 3296 756 sermonis
3344 716 3474 755 con-

1908 803 2107 857 textus,
2142 794 2266 862 quia
2318 794 2540 862 praecise
2587 808 2693 848 non
2744 803 2871 848 sunt
2916 794 3196 858 distincta,
3235 807 3359 862 qua:
3408 794 3476 846 de

1906 885 2011 940 loci
2040 885 2356 940 obsessione
2388 884 2664 949 dicuntur,
2690 881 2758 939 ab
2790 885 2856 938 iis
2885 900 3004 954 quae
3034 886 3099 940 de
3125 884 3310 940 saeculi
3345 897 3478 938 con-

1907 975 2286 1031 summatione.
2327 974 2586 1029 Prudenti
2618 983 2796 1030 tamen
2820 974 2985 1029 divini
3018 974 3254 1043 Spiritus
3283 975 3479 1029 volun-

1909 1077 2018 1123 tate
2053 1071 2166 1124 haec
2203 1069 2510 1124 obscuritas
2546 1068 2765 1135 accidit,
2802 1075 2861 1121 ut
2893 1065 3252 1122 multitudinis
3288 1067 3479 1137 cogni-

1909 1158 2041 1214 tioni
2091 1168 2252 1213 caute
2301 1157 2774 1221 subtraherentur,
2809 1169 2931 1225 quae
2977 1169 3178 1210 arcano
3222 1153 3480 1209 Servator

1907 1251 2023 1306 suis
2076 1258 2288 1304 tantum
2337 1249 2616 1320 discipulis
2662 1247 3158 1304 commendaverat.
3205 1247 3298 1302 Sic
3343 1260 3478 1316 ergo

1909 1343 2163 1413 legemus,
2201 1343 2354 1413 quasi
2402 1358 2525 1398 cum
2571 1343 3009 1412 interpunctione
3055 1341 3259 1397 dictum
3312 1338 3478 1394 fuerit

1908 1445 1964 1489 ut
1990 1435 2234 1504 sequitur
2260 1451 2275 1489 :
2306 1434 2381 1490 De
2413 1435 2880 1490 consummatione
2913 1443 3094 1490 autem
3136 1432 3342 1499 Saeculi,
3375 1447 3474 1488 ca-

1906 1537 2120 1605 vetepe
2161 1529 2282 1597 quis
2327 1543 2424 1582 vos
2463 1526 2732 1599 decipiat;
2769 1526 2920 1581 multi
2967 1527 3112 1583 enim
3145 1527 3200 1582 in
3249 1527 3468 1582 nomine

1907 1633 2026 1674 meo
2051 1618 2298 1684 venient;
2333 1625 2387 1672 et
2419 1631 2538 1686 quae
2568 1617 2641 1672 ibi
2671 1624 2969 1685 sequuntur
2996 1615 3226 1685 reliqua.
3259 1615 3464 1673 Postre-

1909 1727 2008 1765 ma:
2041 1718 2222 1765 autem
2263 1709 2364 1765 loci
2407 1709 2727 1772 obsidionis,
2749 1717 2870 1778 post
2904 1723 3065 1778 quam
3108 1706 3474 1763 restitutionis

229 1803 299 1858 τὰ
325 1803 533 1866 τούτοις
555 1803 824 1873 ἑπόμενα·
856 1801 984 1874 περὶ
1013 1801 1070 1854 δὲ
1099 1802 1197 1872 τῆς
1227 1799 1539 1872 πολιορκίας
1569 1798 1664 1853 τοῦ
1713 1799 1802 1853 τό-

1911 1801 2048 1857 nulla
2077 1816 2220 1871 spes,
2245 1800 2348 1856 hoc
2376 1800 2629 1856 indicium
2658 1813 2778 1854 esse
2808 1800 2968 1854 debet
2993 1816 3008 1852 :
3034 1813 3196 1867 quum
3231 1798 3479 1854 videritis

232 1907 333 1944 που
384 1891 482 1961 τῆς
541 1890 796 1960 ὑστάτης,
834 1889 952 1960 μεθ’
999 1890 1064 1961 ἣν
1107 1890 1208 1942 οὐκ
1253 1888 1399 1942 ἔστιν
1448 1886 1604 1953 αὖθις
1647 1889 1818 1971 αὑτὸν.

233 1979 818 2052 ἀνοικοδομηθησεσθαι
855 1979 1180 2050 προσδοκᾷν,
1211 1978 1355 2032 τοῦτ’
1380 1978 1523 2050 ἔχειν
1549 1980 1816 2048 ὠφείλετο

233 2075 294 2128 τὺ
332 2076 586 2146 σημεῖονο
618 2074 745 2126 ὅταν
804 2071 956 2141 ἴδητε
980 2070 1352 2142 κυκλουμένην
1378 2071 1483 2124 ὑπὸ
1509 2070 1619 2124 τῶν
1653 2088 1815 2143 στρα-

235 2167 476 2221 τοπέδων
512 2165 612 2238 τὴν
661 2162 1012 2238 Ἰερουσαλὴμ
1035 2203 1050 2228 ,
1090 2164 1214 2218 τότε
1255 2162 1428 2234 γνῶτε
1472 2153 1554 2216 ὅτι
1586 2163 1812 2234 ἢγγικεν

237 2259 270 2329 ἡ
297 2259 578 2329 ἐρήμωσις
610 2258 802 2329 αὐτῆς,
830 2257 924 2312 καὶ¹
948 2256 1018 2310 τὰ
1048 2255 1257 2319 τούτοις
1279 2254 1548 2308 ἀκόλυυθα
1575 2257 1778 2308 ποιεῖτε
1795 2271 1810 2285 ο

236 2351 366 2422 περ)⁸
389 2351 448 2404 δὲ
471 2351 570 2422 τῆς
603 2350 745 2404 κατὰ
773 2350 873 2420 τὴν
914 2348 1222 2402 συντέλειαν
1253 2348 1345 2401 τοῦ
1382 2346 1579 2410 αἰῶνος
1611 2365 1816 2419 παρου-

1904 1896 2298 1951 circumdatam
2332 1894 2399 1948 ab
2433 1893 2766 1948 exercitibus
2805 1891 3165 1959 Hierusalem,
3203 1900 3335 1946 tunc
3369 1892 3480 1947 sci-

1896 1997 2016 2042 -tote
2043 1987 2350 2041 vastitatem
2377 1985 2496 2054 ejus
2526 1985 2750 2048 instare,
2781 1985 3008 2053 ideoque
3031 1999 3152 2053 quae
3173 1983 3222 2038 ei
3250 1983 3326 2038 rei
3353 1992 3482 2038 sunt

1907 2075 2097 2131 idonea
2130 2073 2311 2129 facite.
2348 2074 2589 2144 Denique
2615 2075 2682 2128 de
2707 2074 3032 2129 Antichristi
3057 2075 3202 2128 circa
3226 2088 3482 2127 consum-

1909 2169 2202 2220 mationem
2230 2164 2409 2220 smculi
2442 2165 2698 2228 adventu,
2733 2165 2834 2220 hoc
2861 2165 3016 2219 vobis
3043 2165 3132 2219 aio
3157 2181 3171 2218 :
3198 2161 3318 2215 Erit
3357 2172 3482 2215 tunc

1910 2257 2185 2311 tribulatio
2215 2273 2426 2327 magna.
2459 2255 2734 2312 Hactenus
2761 2260 2828 2311 de
2859 2256 3024 2327 hujus
3054 2254 3350 2326 evangelici
3378 2253 3482 2308 loci

1909 2359 2093 2418 putata
2125 2349 2465 2405 confusione.

239 2448 355 2512 σίας
386 2447 478 2501 τοῦ
525 2446 908 2519 Ἀντιχρίστου,
939 2445 1088 2500 ταῦθ’
1124 2446 1252 2517 ὑμῖν
1281 2445 1669 2514 λέγωοἜσται
1691 2446 1824 2498 τότε
1851 2446 2054 2514 θλίψις
2079 2445 2310 2516 μεγάλη
2329 2462 2343 2475 ·
2390 2443 2560 2500 ταῦτα
2600 2445 2697 2516 μὲν
2739 2445 2866 2516 περὶ
2911 2443 3008 2514 τῆς
3035 2444 3175 2497 κατὰ
3201 2442 3289 2495 τὸν
3319 2441 3484 2495 τόπον

235 2539 592 2612 νομιζομένης
617 2538 944 2610 συγχύσεως.

308 2632 421 2704 (82)
451 2633 658 2697 Ταῦτα,
696 2630 932 2701 συγγενῆ
962 2631 1090 2684 ὄντα
1115 2633 1226 2694 τοῖς
1258 2629 1410 2700 παρὰ
1435 2629 1522 2702 ’τῷ
1549 2629 1812 2702 Ματθαίῳ

235 2727 294 2779 ὲν
320 2725 398 2796 τῷ
421 2724 536 2796 ὅρει
573 2723 681 2778 τῶν
712 2724 936 2776 Ἐλαιῶν
966 2722 1101 2793 πρὸς
1141 2721 1265 2784 τοὺς
1309 2721 1640 2786 ἀποστόλους
1682 2723 1811 2792 περ).

205 2863 208 2866 .
237 2815 544 2879 συντελείας
577 2814 1049 2887 παραδεδομένοις,
1085 2814 1312 2884 φέρεται
1343 2812 1492 2884 παρὰ
1525 2812 1603 2883 τῷ
1625 2814 1809 2885 Δουκᾷ

233 2908 310 2971 ὡς
331 2907 595 2979 εἰρημένα
617 2905 837 2976 πρὸτῆς
867 2904 1073 2958 εἰσόδου
1103 2902 1265 2957 αὐτοῦ
1295 2903 1394 2974 τῆς
1432 2902 1806 2974 Ἰερουσαλὴμ,

237 2997 619 3070 ἐνδιατρίϐοντι
651 2996 848 3068 μεταξὺ
882 2996 1193 3068 Σαμαρείας
1219 2995 1313 3049 καὶ
1351 2995 1659 3058 Γαλιλαίας.
1718 2997 1801 3047 Δι-

235 3089 422 3146 δάσκει
450 3089 508 3143 δὲ
529 3088 615 3142 διὰ
632 3088 836 3142 τούτων
865 3089 939 3159 μὴ
964 3088 1074 3141 δεῖν
1106 3086 1565 3159 συναρπάζεσθαι,
1590 3087 1642 3139 εῐ
1657 3103 1806 3145 ποτε.

238 3182 557 3246 ἐπιστάντος
591 3181 684 3234 τοῦ
713 3180 1097 3253 Ἀντιχρίστου,
1153 3178 1420 3251 διατρέχοι
1479 3181 1638 3250 φιήμη
1684 3177 1811 3249 περὶ

238 3274 623 3338 αὑτοῧ,ὡςτοῢ
653 3273 888 3346 Χριστοῦ
920 3272 1194 3342 φανέντος.
1221 3271 1313 3327 Διό
1334 3288 1500 3342 φησι*
1549 3271 1682 3325 Ἐὰν
1713 3270 1812 3324 λέ-

239 3383 427 3438 γωσιν
457 3367 619 3436 ὑμῖν,
648 3366 801 3422 Ἰδοὺ
829 3361 964 3428 ὧδε,
989 3367 1027 3434 ἢ
1064 3366 1190 3421 ίδοὺ
1221 3365 1363 3430 ἐκεῖ,
1392 3363 1477 3434 μὴ
1510 3363 1809 3429 ἐξέλθητε,

236 3457 393 3528 μηδὲ
451 3458 732 3527 διώξητε·
798 3457 1055 3514 ἀδύνατον
1117 3457 1226 3529 γὰρ
1286 3456 1470 3510 λοιπὸν
1524 3456 1615 3509 τὸν
1665 3455 1811 3521 ἅπαξ

238 3551 332 3604 ἐπὶ
370 3552 473 3622 γῆς
523 3550 759 3620 φανέντα
811 3548 971 3603 πάλιν
1021 3550 1079 3602 ὲν
1132 3547 1357 3617 γωνίαις
1405 3547 1511 3618 γῆς
1560 3545 1662 3610 τὰς
1697 3546 1812 3599 δια-

235 3643 428 3715 τριϐὰς
481 3641 827 3714 ποιήσασθαι.
878 3643 940 3695 Ei
999 3637 1090 3694 οὖν
1135 3657 1220 3705 τις
1267 3639 1420 3694 ἔσται
1470 3634 1644 3710 ὧδεῆ
1698 3640 1814 3692 ἐκεῖ

238 3733 672 3806 θρυλλούμενος,
744 3733 818 3805 μὴ
887 3732 1180 3803 ὲξέρχησθε
1245 3732 1436 3802 ὑμεῖς,
1518 3731 1656 3802 μηδὲ
1729 3747 1814 3783 πι-

240 3826 468 3897 στεύητε
527 3828 640 3888 τοῖς
704 3824 1050 3896 λεγομένοις·
1115 3823 1273 3885 ἄλλος
1340 3821 1449 3896 γὰρ
1517 3822 1670 3876 ἔσται
1725 3840 1810 3886 τις

237 3911 431 3982 οὗτος,
487 3919 583 3970 καὶ
640 3917 737 3988 ούχ
795 3918 824 3969 ό
881 3914 1087 3986 ἀληθὴς
1148 3914 1412 3985 Χριστός’
1470 3906 1516 3981 ᾧ
1569 3914 1675 3985 χρὴ
1737 3914 1812 3984 μὴ

239 4009 548 4082 προσέχειν.
587 4009 660 4062 Τὸ
707 4007 816 4080 γὰρ
857 4007 1108 4079 μέγιστον
1161 4008 1384 4076 σημεῖον
1421 4005 1522 4069 τῆς
1557 4005 1813 4077 δευτέρας

239 4100 335 4156 τοῦ
358 4101 611 4172 Σωτῆρος
633 4101 666 4170 ἡ
676 4099 790 4170 μῶν
823 4097 1122 4170 παρουσίας
1148 4097 1222 4159 ὼς
1241 4097 1492 4169 αστραπὴ
1527 4095 1699 4159 ἔσται,
1715 4098 1813 4166 οὐχ

238 4192 402 4265 ὁμοία
434 4195 552 4254 ταῖς
581 4191 802 4254 πολλαῖς
824 4191 916 4244 καὶ¹
947 4189 1005 4243 ὲν
1039 4189 1197 4260 μέρει
1231 4187 1323 4241 τοῦ
1355 4187 1551 4252 παντὸς
1579 4189 1668 4241 ἀεὶ
1689 4204 1815 4256 φαιο

239 4283 511 4355 νομέναις,
559 4282 694 4336 ἀλλὰ
739 4299 822 4345 τις
850 4280 1124 4344 ίδιάζουσα
1167 4280 1262 4333 καὶ
1294 4277 1439 4350 ξένη,
1497 4278 1588 4332 τὸν
1638 4277 1814 4332 πάντα

1991 2627 2138 2691 Haec,
2195 2633 2422 2695 cognata
2472 2625 2577 2680 illis
2625 2639 2745 2694 qua:
2801 2625 2940 2695 apud
2989 2624 3296 2679 Matlhmum
3329 2625 3372 2656 ⁸⁸
3427 2625 3482 2679 in

1915 2723 2097 2773 monte
2141 2715 2417 2769 Olivarum
2465 2716 2720 2769 dicuntur
2752 2715 3010 2779 apostolis
3030 2717 3097 2770 de
3136 2716 3318 2769 mundi
3353 2715 3481 2780 fine,

1913 2809 2052 2878 apud
2085 2806 2347 2862 Lucam"
2383 2816 2676 2859 narrantur
2708 2821 2808 2860 ceu
2841 2806 2983 2861 dicta
3018 2815 3143 2861 ante
3178 2807 3484 2877 ingressum

1914 2903 1968 2957 in
2001 2901 2192 2957 urbem
2229 2898 2595 2962 Hierusalem,
2634 2907 2881 2953 morante
2921 2897 3046 2953 Jesu
3098 2899 3240 2954 inter
3290 2898 3484 2956 Sama-

1914 2992 2052 3048 riam
2088 2999 2143 3046 et
2193 2989 2491 3046 Galilaeam.
2543 2988 2708 3042 Docet
2754 2998 2931 3044 autem
2985 2989 3071 3046 his
3120 2989 3321 3056 verbis,
3376 3005 3486 3048 non

1912 3094 2163 3156 oportere
2192 3098 2518 3155 quemquam
2539 3077 2724 3137 errdre
2755 3082 2944 3152 abripi,
2971 3084 3016 3138 si
3051 3082 3362 3154 aliquando,
3404 3085 3487 3138 in-

1912 3186 2090 3233 stante
2117 3176 2444 3232 Antichristi
2473 3184 2735 3246 tempore,
2773 3175 2917 3229 fama
2967 3177 3032 3231 de
3063 3191 3128 3231 eo
3159 3186 3485 3247 pervagetur

1913 3270 2065 3340 quasi
2116 3269 2365 3324 Christus
2415 3269 2746 3338 apparuerit.
2800 3268 3006 3322 Idcirco
3053 3269 3128 3322 ait
3170 3286 3183 3322 :
3221 3266 3280 3323 Si
3341 3271 3485 3322 vobis

1912 3361 2163 3426 dixerint,
2200 3358 2332 3414 Ecce
2387 3361 2488 3426 hic,
2547 3369 2592 3414 et
2631 3376 2744 3414 ecce
2802 3359 2931 3423 illic,
2989 3360 3148 3413 name
3204 3360 3278 3409 ire
3323 3377 3486 3418 neque

1912 3453 2176 3506 sectamini
2224 3469 2242 3506 :
2299 3452 2630 3521 impossibile
2683 3452 2826 3506 enim
2864 3461 2965 3518 est,
2998 3467 3119 3508 eum
3172 3455 3262 3523 qui
3317 3453 3486 3509 semel

1913 3543 1966 3596 in
1997 3552 2142 3597 terra
2175 3545 2512 3614 apparuerit,
2549 3559 2738 3600 rursus
2769 3544 2820 3598 in
2854 3542 3063 3614 angulis
3103 3553 3266 3598 terra:
3302 3559 3485 3599 moras

1915 3635 2152 3690 trahere.
2191 3635 2247 3690 Si
2278 3650 2407 3706 ergo
2449 3651 2634 3690 rumor
2681 3635 2918 3701 dicatur,
2977 3635 3107 3689 Ecce
3135 3637 3239 3701 hic,
3284 3646 3331 3691 et
3370 3652 3486 3691 ecce

1913 3728 2046 3791 illic,
2068 3742 2231 3784 nonte
2255 3743 2348 3784 vos
2372 3729 2472 3793 ire,
2502 3742 2675 3796 neque
2699 3727 2862 3782 dictis
2883 3727 3137 3782 credatis.
3168 3727 3319 3783 Alius
3339 3728 3482 3782 enim

1914 3819 2141 3887 quilibet
2193 3818 2299 3873 erit
2347 3819 2474 3881 iste,
2511 3831 2617 3872 non
2655 3825 2836 3871 autem
2869 3830 3029 3871 verus
3072 3817 3351 3882 Christus;
3397 3818 3484 3872 cui

1916 3919 2201 3978 propterea
2233 3923 2336 3961 non
2361 3918 2444 3962 est
2467 3907 2880 3962 attendendum.
2905 3905 3039 3961 Nam
3064 3909 3275 3978 signum
3312 3909 3486 3964 maxi-

1915 4014 2060 4053 mum
2092 3998 2317 4053 secundi
2347 3999 2614 4053 adventus
2645 3997 2953 4054 Servatoris
2996 3999 3190 4067 nostri,
3229 4008 3486 4068 tanquam

1914 4091 2093 4160 fulgur
2122 4091 2228 4146 erit
2282 4091 2506 4146 minime
2541 4091 2718 4146 simile
2749 4092 2869 4147 aliis
2897 4093 3082 4148 multis
3127 4093 3178 4147 in
3208 4104 3362 4163 parte
3386 4093 3487 4148 ali-

1913 4199 2021 4255 qua
2052 4185 2234 4239 tnundi
2264 4185 2674 4254 apparentibus,
2719 4185 2813 4240 sed
2843 4187 3120 4257 singulare
3154 4201 3218 4242 ac
3245 4187 3486 4258 peregri-

1915 4291 2045 4331 num
2091 4285 2254 4347 atque
2302 4276 2612 4331 universum
2659 4279 2844 4332 orbem
2889 4289 3112 4347 repente
3162 4281 3483 4349 pervadens.

241 4378 448 4448 κόσμον
477 4375 686 4446 ἀθρόως
711 4373 1013 4445 πληροῦσα.
1042 4371 1130 4424 Διό
1161 4388 1292 4442 φησι
1315 4387 1329 4400 ·
1372 4369 1811 4438 Ἀστράπτουσα

1917 4367 2038 4421 ideo
2067 4367 2199 4421 dicit
2222 4381 2237 4420 :
2261 4366 2557 4421 Coruscans
2580 4367 2643 4421 de
2664 4367 2895 4421 rubdiali
2917 4369 3288 4423 in'aubdialcm
3317 4371 3486 4437 regio-

240 4469 310 4522 ἐκ
335 4467 444 4536 τῆς
467 4469 567 4521 ὐπ’
593 4467 852 4535 οὐρανὸν
879 4468 966 4532 εἰς
1001 4464 1115 4533 τὴν
1145 4466 1244 4520 ὑπ’
1270 4465 1527 4532 οίφανὸν
1549 4463 1768 4533 λάμπει
1797 4480 1810 4495 ·

243 4561 431 4627 οὕτως
453 4556 565 4616 οὖν
583 4561 772 4624 ἔσται,
807 4558 990 4631 φησὶν,
1020 4561 1053 4612 ό
1095 4557 1226 4624 Υἱὸς
1249 4556 1355 4612 τοῦ
1378 4555 1690 4624 ἀνθρώπου
1713 4555 1811 4608 ἐπὶ

243 4653 546 4723 παρουσίᾳ
624 4652 809 4707 αὑτοῦ
835 4669 848 4683 ο
918 4650 1099 4704 οὐκέτι
1173 4650 1282 4723 γὰρ
1355 4647 1814 4722 περιϐεϐλημένος

245 4746 426 4818 σάρκα
483 4743 724 4817 φθαρτὴν
781 4743 840 4809 ἐξ
899 4743 1124 4814 αἵματος
1176 4743 1271 4796 καὶ
1324 4743 1524 4796 ὀστέων
1589 4757 1810 4809 συγκει-

247 4838 416 4909 μένην
457 4835 567 4905 (85)
609 4833 842 4905 βαδίζει,
879 4832 989 4886 ουδ’
1026 4833 1120 4886 ἐπὶ
1169 4831 1275 4895 γῆς
1330 4830 1557 4900 βαδίζων
1604 4825 1694 4883 οἶά
1728 4846 1812 4894 τις

244 4928 422 4992 κοινὸς
486 4928 770 5000 ἅνθρωπος
846 4927 1142 5000 ὀφθήσεται
1170 4965 1186 4991 ,
1255 4922 1369 4978 ἀλλ’
1441 4922 1474 4983 ἢ
1549 4923 1816 4994 ὲκλὰμψει

245 5018 365 5081 ὅλος
424 5017 490 5070 δι’
539 5017 660 5071 ὅλου
685 5057 701 5083 ,
751 5016 816 5070 τὺ
861 5015 979 5085 φῶς
1029 5014 1128 5086 τῆς
1180 5012 1342 5068 αὐτοῦ
1402 5011 1653 5082 θεότητος
1705 5014 1818 5074 τοῖς

249 5109 384 5161 πᾶσι
446 5105 692 5170 δεικνὺς,
753 5105 850 5160 ἆτε
908 5103 1070 5167 αὐτὸς
1131 5101 1206 5156 ὣν
1255 5099 1314 5154 τὸ
1370 5099 1603 5169 φωτίζον
1641 5099 1817 5154 πάντα

248 5197 548 5268 ἄνθρωπον.
585 5196 876 5268 ἐρχόμενον
933 5197 1014 5259 είς
1067 5193 1158 5248 τὸν
1209 5193 1430 5264 κόσμον.
1483 5190 1668 5256 Οὕτως
1722 5187 1816 5245 οὖν

254 5313 444 5368 "Luc.
489 5329 599 5378 XXI,
637 5313 728 5367 25.
806 5313 850 5344 ¹⁸
894 5311 1238 5373 Matth.xxtv,
1271 5309 1325 5363 5.
1368 5309 1412 5340 ¹⁹
1439 5307 1574 5362 Luc.
1608 5323 1742 5372 xvtt,
1771 5307 1862 5365 25.

248 5409 404 5483 γενῇ,
438 5417 566 5483 etc.,
596 5408 914 5483 nominatim
941 5408 1134 5483 dicitur
1161 5407 1212 5459 in
1237 5406 1422 5483 codice
1539 5402 1576 5456 f.
1603 5403 1813 5483 253,_b,

251 5473 318 5536 ex
354 5473 568 5532 Eusebii
595 5477 941 5544 Theoyhaniw
973 5477 1110 5529 libro
1139 5485 1355 5544 quarto.
1383 5473 1485 5541 Qui
1513 5483 1690 5528 autem
1718 5473 1815 5544 hic

251 5551 536 5615 interiacet
562 5557 763 5602 tractus
781 5543 898 5600 εἶτα
920 5543 1228 5616 μεθίστησι.
1251 5554 1381 5607 etc.,
1399 5559 1520 5598 cum
1546 5543 1598 5597 in
1629 5543 1814 5616 codice

250 5621 320 5676 A.
373 5614 407 5672 f.
456 5616 584 5684 270,
637 5618 858 5674 omnino
893 5614 1250 5670 connectatur
1300 5628 1422 5684 cum
1475 5614 1814 5684 praecedente

251 5681 872 5762 nlqptoOév,:eidemque
901 5685 1132 5741 Eusebio
1179 5683 1524 5762 inscribatur,
1560 5681 1813 5762 nullaque

255 5752 657 5828 intercapedine
679 5752 1011 5828 sejungatur,
1058 5769 1282 5827 prorsus
1308 5768 1337 5810 λ
1386 5752 1659 5828 ιιυὺίεσιιίε
1683 5753 1810 5822 poni

1919 4475 2056 4513 nem.
2094 4457 2184 4513 Sic
2210 4460 2327 4522 erit,
2354 4458 2547 4528 inquit,
2575 4456 2749 4511 Filius
2774 4459 3001 4512 hominis
3029 4459 3081 4512 in
3112 4459 3336 4513 adventu
3365 4477 3482 4518 suo.

1917 4549 2132 4605 Etenim
2179 4549 2320 4604 haud
2368 4550 2482 4618 jam
2528 4549 2869 4618 corruptibili
2931 4563 3093 4604 carne
3141 4549 3382 4616 indutus,
3431 4563 3487 4606 et

1917 4641 2180 4712 sanguine
2207 4643 2528 4711 ossibusque
2557 4650 2877 4710 compactus
2911 4641 3187 4710 procedet,
3219 4657 3399 4712 neque
3430 4643 3484 4698 in

1919 4743 2063 4788 terra
2099 4733 2382 4790 ambulans
2412 4747 2563 4788 more
2591 4732 2897 4790 communis
2931 4733 3167 4789 hominis
3193 4734 3487 4806 conspicie-

1921 4832 2028 4892 tur,
2059 4825 2152 4880 sed
2181 4825 2489 4880 comscabit
2523 4831 2668 4879 totus
2695 4839 2790 4895 per
2817 4833 3007 4891 totum,
3033 4824 3336 4880 divinitatis
3374 4841 3487 4882 sua:

1920 4919 2100 4974 lumen
2144 4921 2356 4976 cunctis
2395 4919 2709 4985 ostendens,
2743 4932 2908 4986 quum
2944 4919 3016 4974 sit
3065 4921 3181 4990 ipse
3214 4921 3306 4990 qui
3361 4921 3486 4976 illu-

1919 5007 2088 5062 minat
2119 5022 2334 5063 omnem
2385 5007 2658 5062 hominem
2690 5005 2992 5062 venientem
3038 5005 3094 5060 in
3149 5007 3292 5060 hunc
3331 5022 3486 5060 mun-

1919 5098 2070 5154 dum.
2094 5097 2185 5154 Sic
2205 5099 2430 5170 itaquea
2453 5099 2607 5155 nobis
2633 5112 2692 5154 se
2729 5112 2852 5154 esse
2871 5097 3288 5167 exspectandum
3307 5099 3482 5153 docet.

1919 5189 2072 5256 Quod
2107 5191 2154 5247 si
2185 5192 2238 5246 in
2277 5201 2421 5246 terra
2458 5192 2642 5247 dicant
2673 5191 2928 5260 aliquem,
2967 5189 3054 5245 vel
3104 5189 3267 5244 fando
3297 5190 3486 5244 audia-

1913 5399 2121 5464 debuit,
2152 5397 2267 5468 sive
2310 5410 2498 5466 reapse
2547 5397 2614 5453 ad
2657 5396 3046 5464 Thcophaniam
3088 5395 3380 5468 pertineat,
3424 5404 3484 5451 ut

1911 5471 2145 5531 videtur,
2173 5467 2288 5523 sive
2317 5469 2384 5521 ad
2410 5468 2885 5523 commentarium.

2005 5539 2094 5604 se)
2121 5538 2256 5610 Cod.
2276 5538 2342 5591 A.
2369 5538 2411 5610 ι.
2436 5537 2563 5592 255.
2594 5538 2797 5610 b.7Syr.
2834 5535 2922 5601 IV,
2950 5535 3042 5610 δε.

2003 5609 2094 5678 85)
2141 5607 2251 5662 Hoc
2313 5607 2546 5663 refertur
2596 5609 2662 5663 ad
2715 5604 3315 5678 incorruptibilitatem;
3376 5618 3484 5678 non

1908 5675 2052 5748 quod
2078 5675 2350 5735 Eusebius
2387 5687 2541 5749 neget
2563 5678 2762 5736 Christi
2787 5675 3008 5734 carnem
3032 5677 3087 5732 in
3116 5679 3354 5734 secundo
3384 5675 3482 5730 ad.

1913 5759 2096 5807 ventu.

3581 799 3810 885 (Si/sta:
