4170 6406
593 337 707 394 .655

1269 333 1538 388 EUSE‘BII
1575 325 2053 386 CASSAﬂlENSlS
2091 323 2242 382 OPP.
2285 319 2468 378 PARS
2507 323 2596 380 IV.
2637 350 2706 363 -
2744 321 3170 378 DOGMATICA.

3759 319 3860 376 62:6

601 471 688 512 tnr
719 473 784 512 ex
827 453 1118 508 multorum
1167 466 1408 516 rumore,
1467 451 1640 522 ipsum
1689 465 1812 504 esse
1857 455 2176 518 praesentem

2282 441 2388 495 δεῖν
2421 440 2725 513 προσδοκᾷν
2757 439 2919 492 αὐτὸν
2951 438 3213 492 διδάσκει,
3239 437 3300 490 Εἰ
3325 435 3382 490 δὲ
3415 435 3506 489 ἐπὶ
3535 436 3638 506 γῆς
3652 435 3860 504 λέγοιτο

600 552 876 606 Christum
924 549 976 602 in
1027 547 1266 602 secundo
1313 561 1410 600 suo
1461 546 1694 600 adventu
1729 561 1743 598 :
1775 539 1911 604 Vos,
1974 541 2172 610 inquit,

585 640 1020 708 .nolitccredere,
1038 653 1214 707 neque
1241 636 1308 692 de
1339 636 1460 692 loco
1494 643 1677 690 vestro
1699 632 1929 688 exeatis.

670 920 870 990 Utique
927 914 1257 972 Samaritani
1334 909 1670 972 Dositheum,
1723 905 1814 975 qui
1865 903 2174 959 Servatoris

599 1015 742 1071 rotati
781 1012 1066 1075 successit,
1105 1008 1426 1078 prophetam
1461 1003 1610 1056 illum
1645 1014 1765 1054 esse
1809 998 2008 1068 Moysis
2039 997 2176 1050 vati-

598 1109 742 1162 cinio
761 1103 1113 1176 promissum,
1143 1096 1368 1152 ﬁrmiter
1397 1089 1642 1146 arbitrati
1675 1099 1827 1154 snnt;
1855 1091 1993 1142 adeo
2023 1087 2174 1142 frau-

598 1201 756 1252 dibus
783 1198 900 1263 ejus
929 1193 1096 1262 capti,
1133 1199 1192 1244 ut
1218 1185 1416 1244 Christi
1453 1185 1571 1238 loco
1605 1181 1910 1236 habendum
1944 1195 2174 1234 censue-

597 1293 727 1346 rint.
760 1289 865 1344 Alii
911 1301 1040 1342 vero
1103 1285 1216 1347 ipsa
1257 1277 1638 1349 Apostolorum
1687 1284 1846 1330 artate
1896 1273 2172 1327 Simonem

600 1397 812 1452 magum
881 1391 1130 1448 magnam
1195 1373 1286 1428 Dei
1349 1371 1603 1424 virtutem
1679 1366 2048 1438 appellabant,
2121 1373 2175 1418 et

598 1476 874 1530 Christum
902 1486 1022 1524 esse
1051 1467 1314 1537 putabant
1343 1483 1356 1518 :
1391 1471 1504 1518 tum
1541 1461 1632 1516 alii
1673 1459 1880 1530 pariter
1910 1458 1962 1512 in
1997 1457 2174 1526 Phry-

598 1569 682 1637 εἰει
715 1565 1027 1620 Montanum
1057 1579 1071 1614 :
1107 1559 1194 1614 alii
1217 1557 1452 1626 denique
1482 1554 1616 1608 alios
1641 1550 1873 1606 diversis
1913 1549 2046 1603 locis
2075 1549 2174 1602 hac

598 1658 849 1728 opinione
883 1652 1154 1722 prosecuti
1186 1659 1330 1706 sunt.
1372 1646 1559 1716 Neque
1597 1645 1758 1699 linem
1797 1641 2001 1710 facient
2027 1651 2174 1694 vete-

601 1759 827 1802 ratores.
875 1743 1010 1798 Nam
1075 1751 1130 1798 et
1176 1741 1264 1796 alii
1301 1739 1482 1809 plures
1518 1734 1780 1804 ejusmodi
1817 1731 2171 1802 exspectandi

598 1853 724 1900 sunt
752 1861 768 1898 :
795 1843 886 1912 qui
921 1855 1056 1896 sane
1085 1847 1140 1893 et
1163 1836 1264 1906 ipsi
1299 1831 1646 1890 oraculorum
1670 1845 1701 1884 a
1731 1829 2024 1886 Servatore
2059 1831 2176 1884 edin

599 1947 776 1992 torum
799 1935 1084 1992 veritatem
1113 1931 1456 1986 conlirmant.

1343 2018 1434 2072 XI.

669 2117 778 2172 Par
803 2123 886 2172 est
917 2113 1174 2168 admirari
1206 2125 1302 2166 nos
1333 2111 1602 2164 sinceram
1625 2119 1984 2176 verticemque
2017 2105 2177 2160 indo-

597 2207 702 2263 lem
735 2223 800 2262 ac
827 2204 1222 2277 philosophiam
1245 2199 1586 2270 evangelista:
1617 2197 1880 2254 Matthtei.
1913 2197 2008 2252 llic
2030 2193 2175 2250 enim

598 2299 938 2368 superiorem
963 2297 1086 2350 vitae
1135 2301 1344 2363 partem
1379 2290 1520 2344 haud
1567 2303 1597 2342 a
1643 2297 1828 2342 sancta
1863 2285 2178 2354 auspicatus

597 2389 780 2444 fuerat
809 2387 1167 2458 professione,
1221 2384 1316 2440 sed
1359 2383 1428 2438 ab
1488 2379 1664 2434 otiicio
1694 2379 1962 2434 telonario
2013 2387 2176 2446 atque

597 2485 668 2538 ab
693 2483 934 2536 avaritiae
964 2481 1160 2534 studio.
1191 2477 1376 2546 Neque
1409 2477 1510 2530 hoc
1538 2475 1824 2544 quisquam
1852 2481 2175 2526 umerorum

597 2573 1058 2645 evangelistarum
1099 2571 1254 2626 nobis
1297 2567 1652 2632 revelaverat,
1683 2581 1788 2620 non
1823 2563 1939 2632 ejus
1978 2576 2176 2631 coapo—

599 2671 772 2724 stolns
805 2667 1066 2730 Joannes,
1101 2679 1206 2719 non
1237 2665 1438 2726 Lucas,
1473 2675 1646 2728 neque
1673 2657 1914 2722 Marcus,
1941 2657 2031 2726 qui
2057 2671 2176 2710 ete—

599 2774 713 2816 tera
745 2759 1036 2830 Evangelia
1065 2759 1420 2828 scripserunt.
1442 2755 1548 2809 Sed
1569 2753 1744 2806 Lucas
1771 2751 2010 2820 quidem,
2045 2763 2178 2817 snp-

597 2867 792 2924 presso
821 2857 1086 2921 praesente
1111 2847 1350 2910 nomine,
1393 2847 1673 2914 antiquam
1717 2843 1835 2912 ejus
1863 2839 2176 2910 appellatio-

597 2959 723 3000 nem
795 2941 1100 3012 usurpavit.
1176 2940 1371 2994 Verum
1453 2939 1568 3006 ipse
1645 2935 1956 2998 Matthaans,
2020 2949 2173 2986 suam

595 3035 886 3105 divulgans
935 3034 1122 3096 vitam,
1175 3031 1366 3100 suique
1421 3037 1710 3084 accusator
1757 3026 1958 3092 factus,
2009 3026 2077 3080 de
2117 3041 2176 3080 se

2277 551 2362 597 τις
2383 535 2475 586 καὶ
2491 531 2740 586 ἁκούοιτο
2768 529 3162 603 θρυλλούμενος
3188 529 3279 584 καὶ
3311 527 3680 600 φημιζόμενος
3711 530 3862 601 παρὰ

2278 625 2387 690 τοῖς
2422 625 2658 690 πολλοῖς,
2680 625 2754 688 ὡς
2785 625 2944 688 αὐτὸς
2973 621 3163 694 παρὼν
3197 625 3224 676 ὁ
3281 621 3515 694 Χριστὸς
3569 619 3710 674 κατὰ
3765 621 3860 691 τὴν

2277 717 2536 788 δευτέραν
2581 716 2744 772 αὑτοῦ
2800 715 3123 788 παρουσίαν,
3173 715 3380 786 Ὑμεῖς,
3431 713 3586 784 φησὶ,
3651 712 3728 784 μὴ
3773 729 3861 766 πι-

2283 808 2565 878 στεύσητε,
2603 807 2736 878 μηδὲ
2767 805 3062 879 ἐξέρχησθε
3087 804 3182 858 τοῦ
3213 803 3342 858 ἰδίου
3381 803 3546 857 τόπου

2351 899 2460 970 (84)
2489 899 2692 952 Αὐτίκα
2717 899 3050 970 Σαμαρεῖται
3076 895 3322 949 Δοσίθεον
3342 893 3480 965 μετὰ
3495 893 3621 956 τοὺς
3640 891 3862 964 χρόνους

2275 992 2370 1047 τοῦ
2411 993 2662 1063 Σωτῆρος
2705 991 3015 1062 γενόμενον,
3061 989 3224 1043 αὑτὸν
3257 983 3394 1042 εἶναι
3433 987 3521 1040 τὸν
3556 983 3660 1039 ὑπὸ
3701 987 3864 1038 Μιιιῦο

2280 1085 2418 1148 σέως
2437 1079 2912 1156 προφητευόμενον
2937 1078 3573 1154 προφήτηνξὲπείσθησαν
3595 1095 3610 1108 ⁸
3649 1077 3863 1150 ἀπατη-

2278 1178 2461 1242 θέντες
2491 1179 2580 1230 ὑπ’
2615 1176 2804 1241 αὐτοῦ,
2849 1177 2925 1240 ὡς
2958 1177 3048 1228 τὸν
3079 1173 3312 1246 Χριστὸν
3351 1171 3514 1226 αὑτὸν
3545 1166 3681 1224 εἶναι
3724 1169 3862 1222 ἀπο-

2279 1272 2566 1342 φήνασθαι.
2621 1271 2802 1324 ’Ἄλλοι
2831 1269 2886 1323 δὲ
2917 1269 3058 1322 κατὰ
3088 1271 3214 1331 τοὺς
3239 1267 3465 1338 χρόνους
3497 1265 3605 1318 τῶν
3637 1265 3867 1317 ἀποστό-

2277 1365 2382 1418 λων
2413 1363 2631 1436 Σίμωνα
2678 1363 2768 1416 τὸν
2798 1363 2970 1430 μάγον
2999 1361 3097 1432 τὴν
3142 1360 3380 1431 μεγάλην
3418 1355 3514 1410 τοῦ
3547 1356 3668 1410 θεοῦ
3705 1355 3866 1408 δύνα-

2279 1475 2372 1528 μιν
2401 1458 2650 1520 ἐκάλουν,
2679 1456 2840 1508 αὑτὸν
2857 1451 2996 1506 εἶναι
3024 1454 3346 1524 νομίσαντες
3365 1451 3456 1504 τὸν
3477 1449 3736 1521 Χριστόν’
3770 1447 3867 1502 καὶ

2279 1549 2418 1603 κατὰ
2450 1549 2547 1621 τὴν
2588 1547 2830 1620 Φρυγίαν
2865 1547 2920 1600 δὲ
2959 1545 3238 1600 Μοντανδν
3282 1545 3494 1616 ἕτεροι·
3535 1541 3766 1613 ἀλλαχοῦ
3805 1541 3865 1595 δὲ

2277 1640 2443 1694 πάλαι
2487 1640 2707 1712 ἑτέρους
2753 1639 2902 1694 ἄλλοι
2937 1639 3272 1710 νενομίκασι.
3325 1638 3434 1690 Καὶ
3471 1637 3529 1689 ού
3566 1629 3868 1690 παύσονταί

2276 1750 2339 1802 γε
2368 1733 2682 1798 ἀπατεῶνες
2703 1750 2716 1762 ·
2766 1731 3072 1805 προσδοκᾷν
3107 1731 3216 1803 γάρ
3250 1729 3356 1802 χρὴ
3381 1731 3475 1784 καὶ
3511 1729 3727 1792 πλείους
3757 1746 3870 1784 τοι-

2277 1824 2467 1889 ούτους
2501 1824 2756 1880 ἔσεσθαι·
2803 1821 2863 1889 ὲξ
2898 1817 2972 1876 ὧν
3001 1824 3064 1896 δὴ
3099 1826 3192 1878 καὶ
3221 1823 3400 1878 αὐτῶν
3439 1825 3471 1894 ἠ
3503 1823 3732 1894 ἀλήθεια
3757 1821 3868 1876 τῶν

2279 1919 2562 1994 σωτηρίων
2589 1919 2950 1993 προγνώσεων
2973 1921 3070 1990 τὴν
3107 1920 3413 1992 μαρτυρίαν
3443 1918 3686 1990 εἴληφεν.

3023 2015 3124 2068 IA'.

2349 2104 2462 2178 (85)
2501 2106 2683 2174 Ἀξιον
2739 2106 3020 2178 θαυμάσαι
3073 2107 3134 2160 τὸ
3169 2107 3448 2162 ἄπλαστον
3494 2108 3588 2160 καὶ
3643 2105 3870 2176 φιλάλη-

2279 2199 2372 2262 θες
2397 2195 2550 2270 ἦθος,
2581 2199 2676 2254 καὶ
2697 2199 2795 2272 τὴν
2830 2201 3146 2271 φιλοσοφίαν
3173 2199 3266 2252 τοῦ
3299 2197 3686 2268 εὐαγγελιστοῦ
3716 2199 3870 2252 Ματ-

2279 2288 2433 2343 θαίου
2455 2309 2468 2322 ο
2500 2287 2655 2357 οὗτος
2698 2292 2806 2366 γὰρ
2835 2294 2927 2348 τὸν
2959 2293 3220 2368 πρότερον
3260 2291 3372 2362 βίον
3399 2293 3498 2344 οὐκ
3530 2291 3640 2344 ἀπὸ
3667 2291 3870 2362 σεμνῆς

2277 2382 2560 2456 διατριϐῆς
2589 2387 2833 2460 ὡρμᾶτο,
2865 2389 2928 2440 ὲκ
2959 2387 3015 2440 δὲ
3041 2387 3148 2439 τῶν
3173 2385 3315 2456 ἀμφὶ
3349 2383 3446 2447 τὰς
3495 2382 3753 2445 τελωνίας
3775 2381 3871 2436 καὶ

2279 2475 2590 2542 πλεονεξίας
2616 2480 3004 2550 σχολαζόντων.
3037 2480 3144 2533 Καὶ
3169 2477 3329 2532 τοῦτο
3355 2477 3462 2532 τῶν
3489 2475 3689 2530 λοιπῶν
3715 2475 3874 2543 εὐαγ-

2279 2571 2541 2642 γελιστῶν
2583 2572 2759 2634 οὐδεὶς
2788 2572 2946 2642 δῆλον
2981 2573 3112 2642 ἡμῖν
3154 2572 3427 2643 ἐποίησεν,
3458 2571 3558 2640 οὐχ
3587 2572 3616 2623 ὁ
3637 2569 3872 2622 συναπά-

2281 2665 2464 2728 στολος
2519 2663 2682 2718 αὐτοῦ
2728 2664 3002 2734 Ἰωάννης,
3035 2663 3160 2717 οὐδὲ
3199 2681 3260 2732 γε
3291 2664 3526 2729 Λουκᾶς,
3557 2662 3676 2716 οὐδὲ
3709 2661 3870 2732 Μάρ-

2279 2776 2393 2822 κος,
2431 2759 2482 2810 οἱ
2521 2756 2629 2810 τῶν
2671 2756 2872 2810 λοιπῶν
2901 2757 3248 2826 Εύαγγελίων
3293 2758 3656 2826 συγγραφεῖς·
3697 2753 3813 2806 ἀλλ’
3841 2755 3872 2807 ὀ

2283 2848 2379 2919 μὲν
2417 2849 2632 2912 Λουκᾶς
2671 2848 3068 2916 συγκαλύπτων
3100 2849 3160 2902 τὺ
3199 2849 3392 2914 ὄνομα,
3438 2850 3502 2918 τῇ
3541 2847 3874 2920 ἀρχαιοτέρα

2279 2941 2618 3012 προσηγορίᾳ
2643 2943 3015 3012 κατεχρήσατο
3035 2959 3048 2972 ·
3077 2941 3237 3005 αὐτὸς
3263 2941 3320 2994 δὲ
3343 2939 3620 3004 Ματθαῖος
3643 2941 3734 2992 τὸν
3754 2941 3872 2992 ἑαυο

2277 3031 2370 3085 τοῦ
2405 3031 2734 3104 στηλιτεύων
2767 3033 2902 3104 βίον,
2938 3035 3032 3087 καὶ
3073 3037 3376 3106 κατήγορος
3415 3033 3612 3086 ἑαυτοῦ
3655 3033 3874 3102 γινόμε-

584 3128 919 3186 ‘nominatim
955 3127 1007 3180 in
1031 3122 1250 3194 proprio
1280 3121 1554 3176 volumine
1587 3121 1660 3174 ita
1689 3119 1882 3174 scribit
1916 3135 1927 3169 :
1963 3118 2172 3172 Etcum

2282 3144 2388 3190 νος,
2441 3127 2702 3198 ὀνομαστὶ
2733 3127 2896 3192 αὐτὸς
2931 3127 3128 3181 ἑαυτοῦ
3177 3127 3544 3198 μεμνημένος,
3579 3127 3636 3179 ὲν
3678 3125 3758 3196 τῷ
3796 3127 3873 3176 οῖ-

598 3221 844 3276 transiret
877 3217 998 3272 inde
1029 3215 1208 3280 Iesus,
1240 3213 1375 3284 vidit
1409 3213 1671 3266 hominem
1703 3213 1962 3266 sedentum
1999 3211 2055 3263 in
2099 3217 2176 3262 te-

597 3313 762 3376 lonio,
811 3311 1122 3367 Mauhwum
1159 3309 1366 3362 nomine
1409 3307 1476 3360 ’°.
1525 3305 1732 3372 Quibus
1767 3304 1948 3359 verbis
1984 3303 2178 3356 vulnus

602 3419 768 3470 suum
793 3401 1109 3466 accusabat,
1161 3407 1222 3453 ut
1274 3397 1540 3454 medentis
1585 3407 1760 3450 artem
1802 3396 2174 3450 admirareris.

597 3497 918 3564 Rursusque
947 3507 1176 3564 pergens
1227 3489 1474 3556 ulterius,
1509 3497 1564 3546 et
1597 3487 1902 3558 catalogum
1939 3487 2178 3556 discipu-

599 3589 775 3644 lorum
808 3599 1156 3662 percensens,
1187 3583 1306 3652 ipse
1331 3581 1432 3638 sibi
1461 3579 1734 3650 publicani
1773 3595 1970 3636 nomen
2005 3579 2178 3648 impo-

601 3683 702 3744 nit,
729 3676 1220 3748 proptereximiam
1257 3689 1408 3728 suam
1435 3673 1730 3730 bonitatem
1756 3673 1896 3728 haud
1923 3672 2178 3727 dissimu-

601 3773 724 3827 lans
747 3769 1046 3841 superioris
1075 3767 1200 3822 vita:
1229 3781 1421 3836 genus,
1452 3774 1508 3820 et
1549 3765 1927 3836 peccatoribus
1952 3779 2014 3819 se
2043 3777 2176 3818 con-

603 3873 876 3929 numerat,
915 3877 1080 3932 seque
1127 3859 1422 3915 secundum
1459 3867 1580 3928 post
1617 3857 1992 3928 eoapostolum
2043 3855 2178 3910 scri-

599 3959 698 4014 bit.
733 3956 867 4012 Nam
907 3971 966 4010 se
997 3952 1320 4010 combinans
1345 3967 1466 4006 cum
1495 3950 1724 4015 'l'homa,
1751 3961 1808 4004 ut
1853 3965 1974 4004 rum
2015 3949 2178 4004 Petro

601 4045 919 4112 Andream},
965 4058 1088 4098 cum
1135 4041 1338 4096 Jacobo
1389 4039 1686 4097 Joannem.
1747 4055 1872 4096 cum
1931 4039 2179 4106 Philippo

603 4136 1081 4200 Barthotommnm,
1129 4135 1232 4189 sibi
1264 4133 1478 4206 quidem
1523 4132 1790 4188 Thomam
1819 4133 2081 4202 praeponit
2111 4134 2177 4196 I‘,

604 4228 898 4300 praeferens
955 4227 1054 4284 sibi
1099 4227 1243 4282 hunc
1289 4225 1660 4296 coapostolum
1685 4225 1842 4290 quasi
1887 4225 2176 4294 potiorem,

603 4339 730 4380 cum
779 4321 972 4392 reliqui
1005 4319 1351 4392 evangelista
1403 4334 1564 4374 secus
1601 4318 1852 4374 fecerint.

673 4599 777 4654 Per
809 4599 910 4654 hos
939 4607 1122 4654 autem
1157 4597 1404 4652 homines
1433 4595 1774 4668 polytheismi
1815 4609 1974 4652 error
2017 4595 2176 4666 paulo

603 4701 726 4762 post
753 4707 980 4747 eversus
1011 4691 1130 4756 fuit,
1161 4691 1367 4761 Deique
1394 4705 1617 4761 regnum
1638 4689 1890 4744 omnibus
1913 4689 2180 4760 prindica-

607 4793 719 4838 tum
749 4783 818 4836 ¹¹.
850 4778 1088 4852 ideoque
1131 4781 1374 4852 oportuit
1425 4795 1524 4835 nos
1579 4795 1648 4836 ne
1703 4781 1924 4834 nomina
1958 4779 2176 4849 quidem

603 4874 818 4928 illorum
853 4875 1121 4944 ignorare.
1161 4873 1398 4926 Primum
1428 4887 1560 4942 ergo
1597 4886 1714 4941 par,
1753 4870 1948 4926 Petrus
1984 4881 2038 4924 et
2067 4870 2180 4923 An-

605 4967 789 5032 dreas,
820 4981 956 5035 quos
1000 4967 1113 5037 jam
1159 4977 1318 5020 antea
1371 4965 1606 5020 diximus
1661 4965 1958 5032 piscatores
1993 4963 2176 5017 fuisse.

607 5056 854 5110 Alterum
911 5071 1008 5125 par
1037 5056 1274 5112 Jacobus
1321 5067 1378 5109 et
1421 5053 1678 5120 Joannes,
1711 5056 1875 5110 ambo
1917 5054 2180 5111 Zebedzeo

607 5143 798 5212 geniti,
827 5154 880 5200 et
901 5147 952 5200 hi
979 5146 1226 5200 similiter
1254 5147 1574 5216 piscatores.
1600 5143 1728 5198 Post
1769 5145 1867 5200 hos
1905 5144 2183 5215 Philippus

609 5244 664 5287 et
699 5235 1142 5290 Bartbolomaeus.
1179 5237 1438 5302 Quisnam
1486 5253 1613 5291 vero
1665 5247 1722 5290 et
1767 5237 1858 5292 hic
1905 5237 2184 5308 Philippus

609 5329 795 5396 fuerit,
836 5327 1074 5385 Joannes
1105 5330 1432 5398 evangelista
1476 5329 1635 5384 docet
1658 5330 1726 5394 ",
1757 5331 1884 5384 dum
1911 5331 1988 5384 ait
2019 5331 2184 5387 fuisse

2287 3219 2418 3290 κείῳ
2453 3221 2846 3291 συγγράμματι
2887 3219 3024 3274 τόνδ’
3071 3221 3272 3290 ἱστορεί
3321 3219 3411 3272 τὸν
3465 3219 3666 3290 τρόπον
3693 3234 3708 3248 ο
3763 3217 3872 3272 Καὶ

2286 3312 2565 3382 παράγων
2603 3311 2834 3368 ἐκεῖθεν
2863 3315 2896 3366 ό
2933 3312 3172 3380 Ἰησοῦς
3217 3308 3366 3366 εἶδεν
3415 3311 3728 3380 ἄνθρωπον
3771 3327 3876 3364 κα-

2286 3402 2544 3472 θήμενον
2568 3403 2668 3456 ἐπὶ
2704 3403 2768 3458 τὸ
2807 3403 3110 3470 τελώνιον,
3157 3405 3458 3460 Ματθαῒον
3500 3405 3746 3474 ὀνόματι
3771 3419 3784 3434 ⁸
3815 3403 3874 3456 ὲ-

2285 3495 2493 3567 λέγχων
2526 3495 2719 3550 ἑαυτοῦ
2755 3497 2815 3550 τὸ
2841 3497 3082 3568 τραῦμα,
3120 3498 3208 3552 ἴνα
3245 3497 3532 3569 θαυμάσῃς
3553 3497 3648 3566 τὴν
3681 3495 3874 3565 τέχνην

2285 3587 2378 3641 τοῦ
2417 3588 2815 3660 ίατρεύσαντος.
2853 3590 2962 3642 Καὶ
2992 3591 3153 3644 πάλιν
3187 3590 3388 3663 προῖὼν
3417 3589 3546 3660 ἑξῆς
3571 3590 3660 3642 τόν
3687 3606 3748 3642 τε
3773 3605 3874 3640 κα-

2284 3682 2509 3751 τάλογον
2565 3681 2673 3734 τῶν
2697 3681 2898 3736 λοιπῶν
2951 3683 3206 3754 μαθητῶν
3241 3683 3724 3754 ἐξαριθμούμενος,
3781 3681 3876 3734 αύ-

2284 3774 2376 3838 τδς
2407 3773 2586 3845 ἑαυτῷ
2627 3773 2688 3826 τὸ
2723 3775 2817 3828 τοῦ
2851 3775 3082 3830 τελώνου
3123 3776 3478 3848 προστίθησιν
3509 3777 3700 3846 ὄνομα,
3731 3775 3796 3828 δι’
3817 3775 3875 3827 ὑ-

2287 3863 2556 3935 περϐολὴν
2594 3864 2893 3928 ἐπιεικείας
2941 3864 3016 3935 μὴ
3063 3865 3416 3936 ἐπικρύπτων
3459 3865 3549 3918 τὸν
3607 3865 3876 3936 πρὰτερον

2286 3955 2478 4009 ἑαυτοῦ
2505 3955 2644 4026 βίον·
2687 3955 2781 4010 καὶ
2816 3957 3160 4027 ἁμαρτωλοῖς
3187 3958 3376 4012 ἑαυτὸν
3413 3958 3756 4029 συναριθμεῖ,
3783 3955 3874 4012 καὶ

2285 4050 2379 4103 τοῦ
2413 4049 2809 4104 συναποστόλου
2851 4047 3103 4122 δεύτερον
3137 4051 3326 4104 ἑαυτὸν
3371 4049 3683 4118 καταλέγει.
3745 4051 3876 4102 Συν-

2287 4141 2614 4212 εζευγμένος
2647 4139 2779 4210 γοῦν
2805 4140 2886 4212 τῷ
2911 4141 3102 4213 Θωμᾷ,
3135 4143 3212 4206 ὡς
3255 4143 3460 4212 Πέτρος
3503 4141 3748 4213 ’Δνδρὲᾳ,
3783 4139 3876 4194 καὶ

2301 4233 2555 4298 Ἰάκωϐος
2607 4235 2850 4306 Ἰωάννῃ,
2903 4233 3169 4298 Φίλιππός
3221 4253 3280 4288 τε
3315 4236 3410 4289 καὶ
3453 4234 3874 4306 Βαρθολομαῖος,

2289 4326 2580 4397 προτάττει
2606 4325 2800 4378 ἑαυτοῦ
2829 4323 2922 4378 τὸν
2956 4325 3178 4396 Θωμᾶν,
3207 4325 3487 4398 προτιμῶν
3521 4325 3596 4388 ὡς
3629 4323 3876 4394 κρείττο-

2289 4435 2354 4472 να
2383 4417 2475 4472 τὸν
2504 4417 2922 4484 συναπόστολον,
2952 4417 3062 4470 τῶν
3099 4417 3301 4473 λοιπῶν
3337 4417 3738 4487 εὐαγγελιστῶν
3761 4415 3876 4470 τοὺ-

2207 4497 2252 4552 Ῑ)
2281 4509 2492 4564 ναντίον
2522 4509 2920 4579 πεποιηκότων.

2351 4598 2469 4670 (86)
2503 4599 2604 4652 Διὰ
2633 4598 2697 4668 δὴ
2721 4597 2924 4650 τούτων
2956 4597 3064 4650 τῶν
3093 4597 3302 4666 ἀνδρῶν
3331 4599 3364 4668 ή
3409 4597 3670 4663 πολύθεος
3699 4601 3874 4668 πλάνη

2286 4695 2479 4764 μικρὸν
2519 4690 2743 4762 ὕστερον
2783 4690 3132 4762 άνετρέπετο,
3170 4691 3204 4760 ἦ
3238 4707 3298 4743 τε
3331 4689 3424 4744 τοῦ
3456 4689 3588 4744 Θεοῦ
3631 4691 3874 4760 βασιλεία

2282 4789 2396 4850 τοῖς
2429 4785 2595 4838 πᾶσιν
2625 4782 2974 4854 ὲκηρύττετο.
3021 4783 3112 4836 Διὸ
3147 4783 3240 4838 καὶ
3275 4783 3586 4851 ἀναγκαίως
3618 4785 3792 4857 ἐχρῆν
3817 4787 3876 4853 ἡ·

2288 4879 2393 4950 μᾶς
2421 4876 2543 4948 μηδ’
2575 4876 2635 4940 ἐξ
2663 4877 2926 4947 ὀνόματος
2961 4877 3222 4947 ἀγνοῆσαι
3255 4876 3397 4940 τίνες
3428 4871 3568 4946 ἦσαν
3591 4871 3762 4932 οὗτοι.
3811 4877 3874 4930 Ἦ

2283 4971 2382 5042 μὲν
2407 4965 2500 5023 οὖν
2527 4967 2714 5042 πρώτη
2751 4967 2981 5037 συζυγία
3004 4969 3206 5040 Πέτρος
3221 4969 3314 5022 καὶ
3354 4969 3623 5040 Ἀνδρέας,
3655 4970 3752 5034 οὓς
3781 4971 3874 5040 ἒμ-

2281 5063 2513 5134 προσθεν
2539 5061 2886 5132 ἐδηλώσαμεν
2916 5061 3083 5125 ἁλιεῖς
3107 5062 3265 5124 ὖντας
3285 5078 3297 5090 ·
3331 5061 3560 5134 δευτέρα
3594 5063 3650 5116 δὲ
3689 5065 3874 5117 Ἰάκωο

2281 5155 2374 5219 6ος
2403 5154 2498 5208 καὶ
2541 5154 2814 5225 Ἰωάννης,
2847 5155 3014 5224 ἄμφω
3042 5154 3330 5207 Ζεϐεδαίου
3359 5156 3570 5220 παῖδες,
3600 5158 3699 5212 καὶ
3731 5149 3870 5208 οὗτοι

2281 5247 2454 5312 ἁλιεῖς
2479 5263 2493 5277 ⁸
2543 5247 2671 5318 ἑξῆς
2709 5247 2766 5300 δὲ
2797 5245 3006 5310 τούτοις
3052 5243 3121 5317 ἦν
3168 5247 3430 5310 Φίλιππος
3473 5250 3566 5302 καί
3605 5249 3844 5322 Βαρθολο

2286 5343 2444 5412 μαῖος
2469 5358 2482 5371 ·
2521 5341 2606 5404 τίς
2635 5357 2767 5393 ποτε
2801 5340 2858 5393 δὲ
2889 5335 2958 5410 ἦν
2987 5341 3083 5394 καὶ
3109 5333 3262 5404 οὗτος
3291 5343 3318 5394 ὁ
3353 5341 3638 5406 Φίλιππος,
3691 5341 3854 5396 Ἰωάν-

678 5444 725 5477 ²⁸
747 5443 940 5499 Mattn.
976 5459 1057 5510 lx,
1087 5443 1141 5498 9.
1218 5445 1262 5476 ¹¹
1293 5444 1482 5498 Matth.
1521 5461 1574 5509 κ,
1607 5444 1660 5498 5.
1738 5446 1782 5476 ⁸³
1833 5444 1967 5502 Luc.
2001 5463 2074 5514 vt,
2105 5450 2173 5504 15

2282 5454 2316 5485 ¹³
2343 5453 2501 5509 Joan.
2535 5470 2578 5519 ι,
2611 5453 2702 5508 45.

678 5557 792 5698 (Si;
822 5557 954 5612 Cod.
979 5559 1042 5612 Α.
1075 5560 1116 5610 ῐ.
1141 5557 1266 5611 269.
1295 5557 1418 5626 Syr.
1449 5557 1541 5620 IV,
1563 5559 1650 5612 55.

680 5629 771 5698 (85
815 5630 938 5698 Syr.
971 5627 1036 5694 V,
1071 5627 1502 5698 58.§ominatim
1531 5631 1650 5684 recil

680 5627 792 5702 (35)
814 5630 938 5702 Syr.
971 5627 1502 5702 V,‘758._N_ominatim
1525 5631 1788 5702 recitatur
1829 5629 1914 5686 hic
1943 5631 2091 5685 locus
2114 5647 2178 5685 ex

609 5697 824 5756 Eusebii
845 5697 1135 5768 evangelica
1165 5697 1497 5766 Themi/mnia
1522 5701 1574 5751 in
1593 5700 1709 5750 rod.
1746 5701 1809 5752 A.
1833 5701 1870 5753 l'.
1886 5703 1953 5756 88
1971 5701 2023 5762 b;
2053 5703 2177 5754 item

607 5777 662 5828 in
683 5771 1103 5838 Vindoboncnsi,
1135 5779 1290 5838 prout
1321 5771 1385 5822 ad
1415 5768 1574 5822 Lc-um
1600 5771 1814 5839 δετὲιδδίι
1841 5770 2164 5843 Κιιιιὶιξιιλρέ.

2291 5565 2544 5648 ple-nilum
2592 5575 2771 5622 autem
2805 5567 3115 5648 ρεοφάνους
3159 5585 3256 5648 pro
3293 5571 3668 5648 georpgvzlac,
3719 5587 3858 5640 :t-qm

2293 5637 2346 5758 il;
2367 5635 2691 5758 Valticanum
2719 5635 2958 5708 codiceni
2985 5635 3172 5703 atque"
3203 5642 3256 5696 in
3292 5635 3762 5699 Vindobonensem
3785 5635 3846 5698 ir

2293 5723 2316 5758 r
2353 5723 2428 5773 psi
2463 5745 2476 5759 .

2351 5777 2462 5844 (86)
2508 5777 2640 5832 Cod.
2679 5777 2741 5830 Α.
2778 5777 2816 5831 r.
2853 5777 3013 5844 91b;
3073 5780 3196 5848 Syr.
3231 5780 3297 5846 v,
3327 5783 3414 5838 ιε.
