4170 6406
533 334 638 390 659

1198 346 1468 408 EUSEBII
1505 353 1981 413 CESARIENSIS
2017 355 2168 414 OPP.
2207 357 2383 414 PARS
2418 355 2508 413 IV.
2548 389 2614 398 —
2655 350 3068 414 DOGMATICA.

3655 358 3759 416 660

535 457 936 552 riumﬂmaculo
981 465 1148 522 fuisse
1181 474 1601 539 pramuntiatum
1631 489 1792 549 atque
1817 495 1845 533 a
1888 479 2092 549 Spiritu

2219 480 2618 552 τροτεθέσπιστο
2666 481 2758 534 καί.
2807 479 3146 552 προελαλήθη
3198 479 3275 551 τῷ
3323 479 3630 552 Πνεύματι,
3683 480 3761 541 ὡς

534 548 887 620 praedictum,
947 555 1064 611 fore
1120 559 1378 618 nimirum
1429 575 1488 621 ut
1524 568 1627 622 sub
1673 548 1739 624 eo
1785 548 2099 626 nasceretur

532 637 806 710 Christus,
855 647 947 715 qui
978 648 1213 707 humana
1260 665 1454 712 cuncta
1487 673 1646 729 regna
1681 661 2004 730 destrueret,
2047 671 2102 718 et

473 773 499 796 ,
535 745 692 820 suum
735 743 1107 804 tantummodo
1158 745 1357 816 ubique
1401 748 1686 816 stabiliret,
1737 753 1890 820 cujus
1921 754 2101 810 nullus

535 819 678 874 foret
711 822 850 878 ﬁnis.
895 827 1034 898 Ergo
1060 831 1160 886 viri
1188 833 1579 891 desideriorum
1613 819 1833 895 oracula
1865 841 1963 898 huc
1994 841 2102 897 fer-

535 926 624 966 rne
657 929 1031 986 argumentum
1075 923 1395 980 habuerunt.

609 1005 1070 1072 Quemadmodum
1127 1013 1254 1070 olim
1306 1016 1533 1086 [Egypti
1572 1019 1804 1092 principi
1839 1024 2102 1094 interpres

539 1107 871 1164 somniorum
910 1113 1119 1168 exstitit
1163 1114 1382 1185 Joseph,
1418 1116 1488 1169 ita
1518 1115 1706 1170 Daniel
1730 1115 2099 1170 Chaldaeorum

537 1195 865 1256 dominatori
934 1203 1470 1270 Nabuchodonosoro
1549 1207 1721 1262 visum
1788 1207 2096 1264 declaravit.

538 1289 742 1361 Nempe
789 1293 932 1366 quqd
978 1305 1154 1351 statua
1189 1297 1240 1351 in
1286 1299 1490 1354 somnis
1537 1299 1638 1369 ipsi
1663 1307 1901 1366 ostensa,
1951 1299 2104 1369 cujus

539 1391 701 1449 caput
751 1397 1004 1449 aureum,
1053 1396 1237 1456 pectus
1278 1398 1632 1458 argenteum,
1674 1399 1862 1444 venter
1899 1404 2102 1452 ωηρυε,

540 1473 705 1538 pedes
748 1471 931 1539 ferrei,
977 1484 1212 1544 quatuor
1271 1479 1495 1548 imperia
1555 1479 1908 1550 signiﬁcaret.
1987 1478 2106 1548 ipse

541 1561 757 1628 quidem
788 1572 951 1632 caput
978 1577 1220 1630 aureum,
1253 1578 1469 1636 propter
1499 1581 1628 1634 Opes
1659 1567 1924 1620 maximas
1946 1575 2106 1636 atque

542 1653 764 1709 delicias
790 1671 976 1727 regum
1011 1658 1444 1732 Assyriacorum.
1503 1659 1753 1730 Magnum
1785 1667 1964 1714 autem
2001 1659 2106 1713 fuit

541 1745 882 1820 Assyriorum
932 1749 1238 1820 imperium,
1272 1751 1396 1821 quia
1431 1751 1602 1805 tenuit
1642 1749 1961 1821 Egyptum,
2009 1748 2102 1804 Li-

2199 572 2319 626 κατ’
2349 571 2517 642 αὐτὴν
2553 570 2831 642 μέλλοντος
2857 568 3182 641 γεννηθῆναι
3210 569 3473 649 Χριστοῦ,
3490 571 3547 634 ὃς
3570 569 3756 641 ἔμελλε

2201 667 2379 728 πάσας
2409 664 2507 729 τὰς
2549 667 2606 719 ἐν
2652 665 2958 736 ἀνθρώποις
3008 664 3279 736 βασιλείας
3324 662 3625 734 καθαιρεῖν,
3667 661 3760 715 καὶ

2198 756 2296 828 τὴν
2341 756 2475 811 ἰδίαν
2533 755 2901 810 ἀποδεικνύειν
2949 756 3117 830 μόνην
3172 755 3386 808 πάντων
3433 751 3756 824 κρατοῦσαν,

2201 851 2294 903 καὶ
2320 850 2472 913 τέλος
2512 849 2612 902 οὐκ
2643 848 3050 920 ἐπιδεχομένην.
3083 846 3165 902 Τά
3191 863 3255 915 γε
3293 847 3398 917 μὴν
3435 843 3531 898 τοῦ
3570 842 3758 913 ἀνδρὸς

2200 939 2307 995 τῶν
2339 939 2641 1012 ἐπιθυμιῶν
2672 939 3012 1012 θεσπίσματα
3033 933 3135 993 ὧδέ
3162 955 3238 1009 πη
3269 935 3410 1007 εἶχεν
3434 934 3757 997 ὑποθέσεως.

2274 1035 2481 1102 Ὥσπερ
2525 1031 2654 1084 ποτέ
2701 1029 2778 1102 τῷ
2818 1031 2918 1101 τῆς
2939 1031 3214 1098 Αἰγύπτου
3246 1027 3466 1098 ἄρχοντι
3497 1023 3762 1098 ἑρμηνεὺς

2201 1125 2307 1178 τῶν
2337 1123 2672 1194 τεθεαμένων
2701 1126 2758 1176 ἐν
2799 1122 2985 1185 ὕπνοις
3016 1121 3250 1190 κατέστη
3278 1121 3307 1172 6
3349 1117 3564 1188 Ἰωσὴφ,
3595 1115 3764 1177 οὕτως

2203 1216 2231 1266 6
2263 1211 2460 1282 Δανιὴλ
2487 1211 2565 1282 τῷ
2593 1209 2872 1265 Χαλδαίων
2911 1211 3130 1280 ἄρχοντι
3171 1204 3642 1277 Ναῦουχοδονόσορ
3667 1202 3764 1272 τὴν

2203 1305 2323 1375 δψιν
2364 1303 2635 1374 διασαφεῖ,
2679 1304 2754 1366 ὡς
2792 1301 2899 1374 ἄρα
2932 1305 2965 1373 ὴ
3012 1299 3172 1354 εἰκὼν
3213 1299 3353 1354 κατά
3396 1297 3523 1360 τοὺς
3569 1295 3767 1357 ὕπνους

2205 1397 2352 1468 αὐτῷ
2395 1397 2642 1468 ὀφθεῖσα,
2673 1391 2740 1468 ἧς
2787 1398 2820 1466 ἡ
2862 1393 3069 1465 κεφαλὴ
3122 1392 3320 1464 χρυσῆ,
3366 1390 3426 1444 τὸ
3469 1387 3526 1442 δέ
3577 1386 3768 1458 στῆθος

2205 1490 2494 1563 ἀργύρεον,
2539 1491 2573 1562 ἡ
2611 1489 2665 1544 δέ
2697 1487 2871 1541 κοιλία
2898 1487 3091 1558 χαλκῆ,
3131 1485 3224 1537 καὶ
3255 1485 3303 1536 oi
3351 1482 3508 1544 πόδες
3543 1479 3768 1549 σιδηροῖ,

2205 1583 2472 1653 τέσσαρας
2514 1581 2662 1651 δηλοῖ
2703 1579 3000 1649 βασιλείας·
3040 1575 3198 1639 αὐτὸς
3231 1575 3325 1645 μὲν
3367 1573 3512 1626 ἐστιν
3537 1572 3572 1642 ἡ
3598 1569 3770 1642 χρυσῆ

2208 1671 2412 1742 κεφαλὴ
2444 1669 2532 1724 διά
2559 1670 2620 1723 τὸ
2655 1667 3019 1740 βαθύπλουτον
3049 1666 3140 1719 καί⁵
3172 1663 3442 1736 τρυφηλδν
3473 1661 3580 1714 τῶν
3621 1657 3774 1731 παρά

2220 1763 2520 1834 Ἀσσυρίοις
2567 1759 3040 1832 βεϐασιλευκὸτων.
3086 1755 3310 1824 Μεγάλη
3355 1753 3412 1806 δὲ
3445 1752 3539 1806 καὶ
3567 1749 3705 1820 αὕτη
3735 1753 3770 1820 ἡ

540 1837 722 1907 byam,
752 1847 806 1893 et
842 1839 1146 1895 universam
1187 1841 1395 1906 Asiam,
1435 1853 1491 1896 et
1529 1857 1699 1912 usque
1747 1841 1814 1895 ad
1855 1840 2102 1895 Indorum

2219 1852 2315 1906 τῶν
2377 1825 2675 1922 ’Ἀσσυρίων
2727 1849 2999 1920 βασιλεία·
3035 1847 3295 1917 κατέσχον
3340 1845 3449 1915 γὰρ
3498 1843 3773 1912 Αἰγύπτου

543 1929 815 1996 regionem
845 1931 976 1986 ﬁnes
1007 1931 1224 2000 protulit
1261 1949 1273 1984 :
1309 1932 1613 2002 mansitque
1644 1931 1818 2003 longis
1841 1945 2105 1985 annorum

543 2020 807 2088 periodis;
847 2038 968 2076 nam
1011 2035 1170 2092 capto
1207 2040 1236 2077 a
1273 2023 1576 2080 Nemhrodo
1617 2023 1794 2088 initio,
1840 2038 2012 2092 usque
2041 2023 2107 2078 ad

545 2107 1124 2168 Nabuchodonosorum
1171 2113 1388 2168 devenit
1437 2129 1449 2165 :
1499 2128 1673 2183 neque
1709 2123 1870 2168 antea
1929 2113 2106 2178 desiit,

543 2215 702 2268 quam
742 2203 826 2256 ille
853 2203 946 2256 Dei
983 2205 1179 2272 templo
1221 2205 1715 2275 llierosolymitano
1755 2220 1944 2260 manus
1975 2205 2111 2276 inje-

544 2298 642 2349 cit.
682 2295 792 2352 lloc
815 2313 960 2354 entm
995 2309 1208 2369 patrato
1245 2299 1511 2367 facinore,
1558 2302 1745 2356 statim
1782 2299 1917 2356 Medi
1947 2307 2112 2372 Assy-

547 2387 746 2442 riorum
795 2389 1077 2460 imperium
1123 2391 1519 2459 dissolverant;
1573 2393 1892 2464 primusque
1938 2393 2112 2464 Cyrus

545 2479 612 2533 ad
655 2478 849 2536 Persas
895 2483 1174 2538 transtulit
1227 2492 1586 2553 potentatum.
1658 2483 1890 2539 Secundi
1951 2485 2113 2554 igitur

546 2581 666 2640 post
690 2573 943 2645 Assyrius
969 2575 1148 2631 Persae
1183 2577 1302 2631 orbi
1353 2577 1731 2648 imperitarunt
1753 2577 2034 2646 splendide
2060 2587 2113 2630 et

546 2663 740 2734 insigni
773 2681 896 2720 cum
933 2665 1103 2736 gloria
1137 2685 1151 2720 :
1181 2683 1342 2736 quam
1377 2683 1488 2722 rem
1528 2667 1904 2738 signiﬁcabant
1932 2679 2112 2737 partes

547 2755 797 2810 secunda:
859 2757 910 2810 in
967 2765 1166 2822 statua,
1224 2770 1448 2828 argento
1506 2767 1835 2815 constantes.
1897 2759 2112 2815 Tertius

547 2861 678 2901 vero
700 2848 1084 2915 superveniens
1113 2847 1421 2905 Alexander
1448 2849 1666 2906 Macedo
1704 2851 1960 2921 pugnavit
1989 2866 2110 2906 cum

548 2937 710 2992 Persa
741 2938 923 3004 Dario,
959 2953 1134 3008 eoque
1166 2941 1330 3008 vieto,
1363 2941 1650 3012 imperium
1691 2944 1756 2996 ad
1789 2941 2114 3000 Macedones

549 3027 781 3080 devolvit
813 3043 827 3080 :
863 3028 1026 3098 hique
1053 3029 1304 3099 gentibus
1343 3031 1552 3086 cunctis
1581 3031 1738 3101 potiti
1767 3041 1913 3098 sunt,
1969 3033 2112 3088 tertii

551 3127 672 3186 post
700 3118 922 3186 primos.
949 3119 1338 3190 Signiﬁcahant
1375 3131 1556 3176 autem
1605 3121 1702 3178 hos
1733 3138 1968 3192 quoque,
2007 3133 2114 3178 ter-

553 3210 640 3264 tia:
687 3218 878 3265 statua:
915 3222 1099 3282 partes
1134 3227 1200 3266 ex
1247 3227 1354 3267 aere
1383 3231 1398 3266 :
1430 3222 1514 3268 est
1553 3213 1696 3266 enim
1744 3213 1860 3268 haec
1891 3215 2114 3270 materia

552 3305 708 3360 valde
745 3305 965 3372 vocalis,
998 3317 1054 3362 et
1112 3308 1271 3378 longe
1323 3307 1536 3376 lateque
1587 3323 1867 3363 resonans.
1922 3307 2118 3380 Hujus-

555 3395 696 3450 modi
727 3395 827 3451 fuit
865 3396 1214 3452 Macedonum
1263 3399 1569 3467 imperium,
1633 3398 1728 3467 qui
1765 3397 1934 3454 Grarci
1964 3408 2120 3454 erant

552 3497 606 3541 et
633 3487 906 3544 idiomatis
934 3489 1322 3558 exquisitioris.
1365 3489 1495 3545 Post
1529 3491 1644 3545 haec
1670 3489 1908 3546 ferreum
1951 3491 2117 3564 deno-

557 3579 767 3634 labatur
794 3579 1103 3650 imperium,
1134 3580 1391 3646 validum,
1420 3591 1476 3636 et
1514 3595 1682 3650 super
1731 3581 1907 3636 omnia
1936 3582 2118 3652 priora

555 3670 911 3727 fortissimum
946 3687 961 3726 :
989 3689 1108 3727 nam
1136 3682 1190 3728 et
1215 3671 1341 3727 ferri
1369 3682 1560 3727 natura
1597 3672 1835 3742 reliquas
1865 3676 2120 3730 materias

554 3765 854 3834 propellere
894 3772 950 3821 et
989 3779 1248 3835 superare
1293 3764 1450 3820 solet.
1497 3763 1783 3831 Quodnam
1837 3779 1966 3820 vero
2015 3767 2120 3821 hoc

557 3865 661 3919 est.
695 3858 795 3911 nisi
825 3857 1190 3913 Romanorum
1235 3857 1541 3926 imperium,
1589 3857 1730 3926 quod
1780 3857 2122 3914 Macedonico

559 3947 855 4002 successit?
904 3947 1014 4001 Sub
1051 3949 1151 4003 hoc
1177 3947 1352 4002 ferreo
1379 3947 1605 4017 imperio
1655 3948 1905 4004 Christus
1937 3951 2120 4004 nasci-

558 4047 666 4102 tnr,
703 4037 836 4106 lapis
859 4037 924 4093 de
953 4047 1134 4094 monte
1163 4053 1260 4093 nec
1287 4039 1438 4093 ferro
1471 4053 1573 4094 nec
1603 4041 1853 4094 manibus
1876 4041 2118 4097 excisus.

559 4124 685 4180 Haec
725 4142 854 4182 vero
903 4127 1128 4197 imperia
1192 4129 1294 4182 sub
1350 4117 1676 4200 imaginibus
1725 4129 2118 4185 irrationalium

561 4233 933 4288 szavarumque
961 4219 1202 4275 ferarum
1233 4230 1451 4276 ostensa
1486 4222 1760 4291 propheta:
1793 4221 2031 4278 fuerunt.

2209 1943 2303 1997 καὶ
2329 1942 2534 2014 Λιϐύης
2574 1941 2754 2004 Ἀσίας
2789 1958 2850 1994 τε
2895 1941 3094 2010 πάσης,
3125 1936 3334 2008 διῆλθόν
3372 1953 3430 1988 τε
3472 1936 3566 1988 καὶ
3614 1933 3776 2006 μέχρι

2207 2035 2308 2104 τῆς
2355 2031 2531 2086 Ἰνδῶν
2583 2031 2904 2101 οἰκουμένης
2928 2047 2941 2060 ·
2980 2027 3232 2100 διήρκεσὲ
3268 2043 3328 2078 τε
3373 2027 3607 2097 μακραῖς
3639 2023 3778 2076 ἐτῶν

2209 2124 2498 2196 περιόδοις,
2529 2121 2810 2196 ἀρξαμένη
2849 2121 2946 2189 μὲν
2985 2117 3093 2172 ἀπὸ
3120 2117 3214 2170 τοῦ
3243 2114 3489 2186 Νεὸρὼδ,
3521 2115 3778 2186 παρατεί-

2208 2235 2342 2271 νασα
2385 2217 2440 2270 δέ
2481 2215 2574 2267 ἐπὶ
2625 2213 2714 2268 τὸν
2759 2209 3258 2281 Ναϐουχοδονόσορ·
3293 2207 3354 2260 ού
3411 2207 3669 2280 πρότερον
3721 2205 3780 2259 δὲ

2209 2307 2539 2378 ἀπεσϐέσθη,
2575 2306 2608 2376 ἢ
2639 2308 2826 2376 χεῖρας
2873 2303 2966 2356 ἐπὶ
3001 2303 3090 2356 τὸν
3129 2303 3187 2354 ἐν
3229 2298 3617 2372 Ἱεροσολύμοις
3646 2295 3780 2352 νεὼν

2209 2400 2302 2456 τοῦ
2337 2397 2474 2454 Θεοῦ
2511 2397 2712 2469 βαλεῖν.
2748 2395 2948 2449 Τούτου
2987 2394 3095 2466 γὰρ
3129 2393 3440 2464 γενομένου,
3473 2392 3642 2462 Μῆδοι
3675 2408 3780 2444 πα-

2211 2490 2472 2563 ραχρῆμα
2525 2487 2624 2560 τὴν
2695 2485 2990 2556 ’Δσσυρίων
3048 2484 3222 2556 ἀρχὴν
3277 2480 3663 2536 καταλύουσιν·
3705 2472 3780 2532 ὧν

2211 2580 2424 2653 πρῶτος
2457 2577 2638 2651 Κῦρος
2681 2580 2762 2642 εἰς
2791 2577 3006 2648 Πέρσας
3037 2574 3406 2646 μετεστήσατο
3449 2571 3548 2642 τὴν
3579 2572 3782 2642 ἠγεμο-

2209 2673 2349 2726 νίαν.
2385 2671 2495 2725 Καὶ
2536 2671 2592 2724 δὲ
2625 2668 2862 2740 δεύτεροι
2910 2665 3046 2738 μετά
3080 2663 3396 2734 Ἀσσυρίους
3442 2663 3644 2734 Πέρσαι
3681 2661 3783 2732 τῆς

2210 2763 2532 2834 οἰκουμένης
2563 2760 2804 2831 ἐπῆρξαν
2827 2759 3182 2831 λαμπρότατα
3207 2756 3302 2810 καὶ
3332 2753 3603 2822 διαφανῶς
3623 2771 3635 2784 '
3660 2753 3688 2805 ὃ
3715 2751 3781 2823 δὴ

2211 2857 2303 2911 καὶ
2329 2853 2518 2926 ἐδήλου
2549 2851 2618 2907 τὰ
2650 2853 2876 2924 δεύτερα
2915 2851 3054 2924 μέρη
3083 2851 3186 2922 τῆς
3219 2849 3422 2912 εἰκόνος
3453 2846 3510 2912 ἐξ
3541 2845 3782 2916 ἀργύρου

2212 2947 2572 3020 πεποιημένα.
2599 2945 2791 3018 Τρίτος
2827 2943 2884 2996 δὲ
2912 2941 3148 2996 ἐπελθὼν
3175 2938 3514 3010 Ἀλέξανδρος
3544 2941 3571 2992 6
3601 2939 3785 2990 Μακε-

2211 3041 2314 3096 δὼν
2345 3037 2640 3111 συμϐάλλει
2676 3035 2774 3106 μὲν
2806 3034 2882 3105 τῷ
2919 3035 3102 3105 Πέρσῃ
3137 3031 3365 3103 Δαρείῳο
3399 3029 3534 3082 ἐλὼν
3575 3029 3630 3082 δὲ
3659 3027 3784 3080 τοῦ-

2215 3151 2328 3196 τον,
2361 3131 2458 3202 τὴν
2485 3129 2658 3201 ἀρχὴν
2684 3130 2764 3191 εἰς
2778 3125 3089 3189 Μακεδόνας
3121 3125 3509 3196 μετεστήσατο·
3535 3119 3628 3174 καὶ
3650 3136 3790 3190 κρα-

2219 3225 2399 3279 τοῦσιν
2435 3217 2578 3276 οὗτοι
2627 3219 2734 3274 τῶν
2783 3217 2950 3272 ἐθνῶν
2992 3215 3243 3270 ἁπάντων
3279 3213 3450 3286 τρίτοι
3499 3213 3636 3284 μετὰ
3659 3211 3788 3276 τοὺς

2221 3316 2486 3388 πρώτους.
2551 3314 2840 3384 Ἐσήμαινε
2894 3311 2950 3363 δὲ
2985 3309 3093 3380 ἄρα
3140 3309 3233 3361 καὶ
3287 3306 3506 3370 τούτους
3539 3303 3608 3358 τὰ
3631 3305 3790 3375 τρίτα

2223 3409 2360 3480 μέρη
2399 3405 2497 3476 τῆς
2527 3403 2734 3466 εἰκόνος
2765 3401 2854 3454 διὰ
2883 3399 2974 3454 τοῦ
3005 3397 3232 3470 χαλκοῦ·
3259 3397 3499 3468 εὔφωνος
3518 3395 3623 3467 γὰρ
3651 3397 3786 3466 αὓτη

2219 3500 2254 3568 ἡ
2282 3495 2382 3564 ὕλη
2417 3494 2510 3548 καὶ
2551 3491 2764 3564 μακρὰν
2792 3491 2944 3561 ἠχεῖν
2973 3489 3259 3558 δυναμένη.
3293 3487 3528 3556 Τοιαύτη
3557 3486 3614 3538 δέ
3643 3502 3725 3548 τις
3751 3486 3786 3555 ἡ

2219 3588 2326 3642 τῶν
2358 3583 2681 3641 Μακεδόνων
2720 3581 3004 3654 ἡγεμονία,
3047 3579 3311 3648 Ἑλλήνων
3341 3578 3507 3631 ὄντων
3547 3577 3638 3629 καὶ
3688 3575 3792 3646 τὴν

2221 3677 2464 3748 γλῶτταν
2490 3673 2893 3744 λογικωτέρων-
2937 3671 3028 3724 ἐπὶ¹
3068 3670 3124 3724 δὲ
3168 3669 3376 3734 τούτοις
3415 3668 3512 3740 τὴν
3544 3667 3790 3738 σιδήρεον

2221 3769 2439 3840 ᾐνίξατο
2470 3766 2764 3837 βασιλείαν,
2796 3761 3063 3835 κραταιὰν
3105 3761 3196 3814 καὶ
3239 3760 3600 3832 διαφερόντως
3637 3757 3794 3828 παρά

2225 3861 2402 3922 πάσας
2449 3859 2547 3920 τὰς
2589 3856 2694 3928 πρὸ
2722 3855 2890 3925 αὐτῆς
2935 3853 3286 3924 ἰσχυροτάτην
3307 3870 3320 3882 ·
3357 3853 3480 3905 ἐπεὶ
3509 3853 3602 3905 καὶ
3629 3853 3661 3923 ἡ
3695 3849 3790 3903 τοῦ

2225 3950 2441 4021 σιδήρου
2478 3948 2704 4020 δύναμις
2751 3945 2992 3998 ἐλαύνειν
3035 3943 3127 3996 καὶ
3170 3943 3427 4014 δαμάζειν
3468 3942 3566 4005 τὰς
3599 3941 3794 4006 λοιπὰς

2225 4043 2356 4106 ὔλας
2379 4040 2536 4111 φύσιν
2561 4040 2692 4110 ἔχει.
2723 4039 2818 4101 Τίς
2843 4035 2902 4114 δέ
2927 4035 3086 4108 αὕτη,
3110 4035 3143 4108 ἢ
3169 4035 3276 4089 τῶν
3313 4034 3597 4105 Ῥωμαίων
3626 4032 3792 4104 ἀρχὴ,

2221 4135 2320 4206 τῆς
2349 4133 2458 4186 τῶν
2496 4130 2818 4186 Μακεδόνων
2857 4129 3172 4182 καταστᾶσα
3203 4127 3470 4196 διάδοχος;
3519 4127 3576 4178 ἐν
3621 4125 3794 4195 ταύτῃ

2223 4229 2288 4298 τῇ
2321 4225 2512 4296 σιδηρᾷ
2536 4222 2780 4294 βασιλείᾳ
2799 4220 3030 4291 Χριστὸς
3049 4219 3322 4288 γεννᾶται,
3345 4220 3374 4271 ὁ
3391 4218 3620 4288 τμηθεὶς
3645 4217 3796 4282 λίθος

2223 4320 2282 4386 ἐξ
2308 4318 2482 4388 ὅρους,
2505 4315 2564 4368 οὐ
2589 4314 2809 4384 σιδήρῳ,
2830 4312 2940 4366 ἀλλ’
2963 4311 3090 4365 ἄνευ
3117 4309 3330 4380 χειρῶν·
3357 4309 3434 4380 τῷ
3458 4309 3514 4362 δέ
3541 4311 3796 4382 προφήτῃ

2228 4406 2431 4478 θηρίων
2463 4402 2670 4470 ἀλόγων
2696 4418 2755 4454 τε
2781 4401 2874 4454 καί¹
2903 4398 3109 4469 ἀγρίων
3142 4399 3198 4450 ἐν
3237 4399 3467 4468 μορφαῖς
3498 4395 3794 4450 ἐδείκνυτο.

632 4493 783 4550 Sicut
825 4508 957 4548 auro
994 4492 1339 4564 Assyriorum
1389 4509 1520 4565 opes
1551 4497 1986 4564 repraesentavit,
2042 4499 2114 4556 sic

2271 4496 2579 4569 (90⁶)”Ωσπε
2585 4510 2616 4564 ρ
2633 4492 2813 4563 μέντοι
2825 4491 2910 4546 διὰ
2924 4489 3017 4543 τοῦ
3029 4487 3226 4564 χρυσοῦ
3237 4487 3295 4540 τὸ
3309 4487 3672 4559 βαθύπλουτον
3687 4486 3798 4539 τῶν

561 4587 727 4644 leaena
755 4587 1118 4642 effeminatam
1153 4587 1364 4643 illorum
1409 4589 1730 4658 mollemque
1761 4589 1924 4644 vitam
1958 4591 2128 4648 deno-

563 4679 718 4734 tavit.
752 4678 1036 4734 Persarum
1067 4695 1195 4734 vero
1229 4681 1538 4736 tarditatem
1569 4688 1624 4734 et
1656 4681 1867 4750 pondus
1915 4699 2011 4752 per
2041 4700 2132 4738 ur-

563 4787 698 4848 sam.
738 4771 1024 4828 Panthera!
1067 4771 1378 4842 pernicitati
1422 4771 1787 4826 Alexandrum
1849 4788 2132 4844 compara-

563 4864 661 4928 vit,
690 4875 908 4936 propter
965 4865 1163 4920 indolis
1207 4865 1324 4936 ejus
1351 4881 1577 4920 acumen
1633 4873 1688 4918 et
1727 4865 2079 4920 mobilitatem
2111 4881 2127 4920 :

567 4957 654 5010 hic
681 4955 824 5010 enim
857 4972 978 5024 cum
1031 4955 1288 5012 tredecim
1339 4965 1394 5011 et
1453 4955 1669 5025 quidem
1702 4953 1842 5008 haud
1903 4955 2124 5026 integris

565 5050 724 5103 annis
778 5050 1110 5118 regnaverit,
1168 5048 1425 5102 mundum
1491 5047 1802 5099 universum
1851 5045 2126 5110 decurrit,

567 5139 806 5210 qualibet
829 5154 928 5194 ave
965 5139 1260 5204 volucrior,
1294 5138 1562 5208 Europam
1603 5151 1793 5206 nempe
1825 5147 1880 5190 et
1917 5137 2124 5203 Asiam,

567 5233 740 5288 donec
771 5235 943 5302 ipsqu
987 5247 1248 5286 oceanum
1287 5231 1487 5293 attigit.
1520 5227 1748 5284 Romani
1779 5239 1962 5281 autem
2021 5225 2130 5281 Ma-

567 5324 804 5378 cedones
848 5321 1078 5390 imperio
1108 5319 1502 5388 spoliaverunt,
1540 5327 1870 5386 postremum
1919 5314 2128 5370 illorum

566 5414 898 5483 deponentes
951 5425 1128 5482 regem
1191 5411 1471 5464 Perseum.
1548 5409 1718 5480 Syros
1770 5420 1986 5476 quoque
2035 5419 2132 5476 per

567 5504 880 5576 Pompeium
933 5513 1096 5574 atque
1155 5499 1447 5558 Gabinium
1506 5501 1671 5556 duces
1729 5501 2128 5568 subjugarnnt,

567 5597 861 5666 Asiamque
920 5611 1015 5664 per
1087 5593 1301 5650 eosdem
1355 5591 1764 5662 stipendiariam
1860 5589 2128 5645 fecerunt.

567 5716 691 5779 τοὺς
717 5713 878 5768 αὑτοῦ
909 5710 1216 5781 κατέγραψε
1256 5709 1470 5778 νόμους,
1503 5709 1601 5781 καὶ
1633 5707 1912 5781 παρεδίδου
1931 5723 2005 5781 ⁸γε
2033 5705 2130 5781 τὴν

569 5776 759 5860 καινήν
782 5776 1064 5857 Διαθήκην
1079 5776 1351 5852 λογισμοῖς
1379 5781 1468 5832 καὶ
1496 5776 1749 5840 διανοίαις
1789 5776 2131 5842 κεκαθαρμέ-

2239 4587 2534 4659 Ἀσσυρίων
2559 4583 2879 4654 παρίστατο,
2901 4579 3041 4634 οὕτω
3068 4579 3154 4633 διὰ
3181 4579 3281 4648 τῆς
3307 4576 3523 4648 λεαίνης
3547 4575 3608 4628 τὸ
3638 4575 3800 4647 τεθη-

2226 4680 2455 4751 λυμὲνον
2483 4676 2658 4731 αὐτῶν
2684 4673 2778 4728 καὶ
2802 4671 2997 4744 χαῦνον
3029 4669 3278 4741 ἐδηλοῦτο
3297 4687 3310 4700 ο
3337 4668 3397 4722 τὸ
3417 4667 3472 4720 δὲ
3497 4667 3661 4737 βραδὺ
3689 4665 3798 4718 τῶν

2225 4770 2450 4843 Περσῶν
2483 4767 2576 4821 καὶ
2589 4764 2925 4834 δυσκίνητον,
2947 4763 3032 4816 διὰ
3061 4761 3159 4832 τῆς
3191 4761 3361 4832 ἄρκου
3380 4775 3394 4788 ·
3451 4757 3710 4830 παρδάλει
3735 4757 3798 4809 δὲ

2227 4857 2476 4936 πτερωτῇ
2512 4859 2603 4912 τὸν
2662 4855 3002 4925 Ἀλέξανδρον
3039 4853 3316 4922 ἀφωμοίου
3347 4849 3432 4904 διὰ
3460 4849 3520 4902 τὸ
3553 4849 3650 4920 τῆς
3695 4847 3798 4917 φύ-

2229 4967 2363 5012 σεως
2395 4947 2487 5011 ὀξὺ
2523 4944 2616 4998 καὶ
2661 4941 2965 5011 εὐκίνητον’
2997 4941 3102 4993 οὐδ’
3133 4939 3273 5002 ὅλοις
3305 4937 3435 5007 γοῦν
3465 4937 3611 4990 ἔτεσι
3647 4937 3800 5006 τρισὶ

2229 5040 2322 5093 καὶ
2353 5039 2484 5094 δέκα
2534 5035 2628 5105 τὴν
2669 5033 2844 5105 ἀρχὴν
2891 5033 3287 5103 ἐπικρατήσας,
3333 5028 3430 5100 τὴν
3473 5027 3798 5098 οἰκουμένην

2229 5128 2458 5200 ἐπῆλθεν
2493 5126 2732 5189 ἃπασαν,
2765 5121 2963 5184 παντὸς
2992 5120 3176 5186 ὀρνέου
3207 5119 3396 5173 θᾶττον
3420 5117 3668 5178 διαπτάς,
3697 5117 3802 5170 Εὐ-

2234 5219 2420 5291 ρώπην
2463 5215 2597 5287 ὁμοῦ
2643 5213 2734 5267 καὶ
2777 5213 2980 5276 Ἀσίαν,
3029 5211 3104 5274 ὡς
3149 5211 3340 5283 μέχρις
3380 5209 3542 5264 αὑτοῦ
3592 5207 3800 5277 ψαῦσαι

2231 5307 2500 5362 ὼκεανοῦο
2561 5305 2820 5374 Ῥωμαῖοι
2871 5301 2926 5354 δὲ
2982 5301 3294 5363 Μακεδόνας
3337 5299 3434 5371 μὲν
3478 5299 3576 5370 τῆς
3623 5296 3799 5368 ἀρχῆς

2235 5399 2624 5471 ἀφαιροῦνται,
2676 5395 2904 5450 ὕστατον
2962 5393 3140 5448 αὐτῶν
3197 5389 3418 5462 βασιλέα
3483 5389 3804 5458 καθελόντες

2235 5493 2480 5564 Περσέα·
2531 5490 2734 5558 Σύρους
2779 5487 2839 5541 δέ
2884 5485 3237 5540 ὑποτάττουσι
3277 5483 3364 5538 διὰ
3401 5483 3684 5554 Πομπηΐου
3707 5479 3802 5533 καὶ

2237 5584 2484 5640 Γαϐινίου
2516 5579 2854 5652 στρατηγῶν,
2888 5581 2985 5650 τήν
3016 5595 3074 5633 τε
3119 5577 3301 5634 Ἀσίαν
3322 5575 3538 5647 ,ἑλόντες
3571 5574 3660 5628 διὰ
3692 5569 3802 5626 τῶν

2238 5719 2370 5764 ναις.

2310 5737 2452 5830 Eun
2483 5737 2613 5824 oua.
2647 5769 2707 5822 A.
2739 5768 2776 5823 ι.
2809 5765 2893 5831 ιι,
2921 5767 2976 5821 b.
3004 5765 3136 5820 Gud.
3165 5763 3224 5818 E.
3257 5761 3291 5817 ι.
3325 5761 3414 5816 65.
