4170 6406
542 348 642 402 665

1222 344 1492 400 EUSEBII
1530 344 2006 401 CIESARIENStS
2044 343 2082 400 Ο

2184 385 2195 398 .
2237 345 2417 403 PARS
2454 345 2541 401 IV.
2583 376 2653 388 —
2691 344 3112 405 DOGMATICA.

3682 352 3786 410 661·

541 482 750 522 σον-ται
809 466 1101 536 ὀφθαλμοὶ
1133 466 1397 536 τυφλῶν,
1442 468 1541 523 καὶ
1581 463 1702 522 ὦτα
1760 466 1974 536 κωφῶν
2000 468 2361 524 ἀκούσονται
2385 486 2398 502 ν
2435 469 2569 523 τότε
2623 469 2849 524 ἀλεῖται
2904 470 2983 536 ὡς
3051 471 3279 540 ἔλαφος
3322 473 3355 525 ό
3403 470 3595 540 χωλὸς
3620 510 3634 534 ,
3685 473 3783 526 καὶ

540 558 725 627 τρανὴ
772 558 944 615 ἔσται
1013 558 1268 630 γλῶσσα
1337 559 1709 630 μογιλάλων·
1753 559 1841 614 ὅτι
1894 560 2113 632 ἐρράγη
2180 564 2250 618 ἐν
2318 560 2393 632 τῇ
2456 562 2653 634 ἐρήμῳ
2684 563 2860 635 ὕδωρ,
2894 564 2992 619 καὶ
3030 565 3069 633 ἡ
3112 563 3348 635 φάραγξ
3370 565 3444 621 ἐν
3501 564 3580 636 τῇ
3602 564 3784 636 διψώ-

539 664 618 719 σῃ
647 649 785 720 (at).

606 743 734 798 Haec
767 743 823 796 in
876 741 1048 796 sacris
1080 740 1257 804 libris,
1305 748 1559 810 tanquam
1595 739 1648 794 in
1683 739 1975 805 columnis,
2007 739 2076 794 im

2184 796 2188 804 .
2282 749 2466 805 Ταῦτα
2498 750 2699 822 βίϐλοις
2743 752 2934 825 ἱεραῖς,
2961 751 3151 826 ὥσπερ
3182 754 3239 808 ὲν
3267 753 3507 826 στήλαις,
3538 769 3779 810 τετυπω-

537 851 722 906 pressa
752 834 879 889 olim
915 832 1052 902 apud
1082 848 1142 888 se
1156 832 1414 888 habentes
1445 831 1682 886 Hebraeae
1710 832 1887 900 gentis
1915 833 2099 896 duces,

537 940 818 1000 postquam
854 925 987 995 ipsis
1020 925 1378 980 renuntiatum
1402 934 1484 978 est
1506 921 1766 978 Joannem
1804 924 1857 979 in
1891 924 2104 980 deserto

535 1019 771 1089 etjnxta
800 1016 1093 1073 Jordanem
1142 1015 1359 1070 fluvium
1411 1015 1734 1085 przedicare;
1790 1015 1946 1071 factis
1974 1032 2104 1086 prte—

535 1111 801 1165 dictiones
850 1107 1213 1169 conferentes,
1267 1106 1438 1176 ipsum
1469 1120 1588 1161 esse
1630 1115 1685 1161 et
1715 1121 1821 1161 non
1851 1108 2038 1173 alium,
2069 1125 2098 1165 a

534 1199 795 1270 pmpheta
833 1199 1212 1269 significatum,
1259 1196 1657 1266 conjiciebant;
1708 1198 1998 1268 missisque
2025 1199 2099 1255 le-

534 1294 675 1361 gatis
700 1294 957 1360 rogabant
1010 1306 1137 1344 num
1189 1289 1302 1356 ipse
1329 1302 1477 1344 esset
1512 1288 1782 1345 Christus.
1832 1288 1882 1346 ls
1919 1300 2097 1347 autem

534 1386 795 1456 negabat;
850 1393 904 1439 et
949 1398 1007 1438 se
1059 1397 1163 1436 non
1210 1395 1332 1437 esse
1373 1396 1718 1438 communem
1753 1382 2098 1440 Servatorem

534 1477 803 1532 fatebatur
833 1491 849 1530 :
882 1476 974 1531 sed
1003 1474 1146 1530 enim
1178 1484 1442 1542 praesente
1463 1474 1577 1546 jam
1601 1490 1666 1531 eo
1697 1476 1787 1545 qui
1818 1487 2101 1546 exspecta-

532 1569 717 1633 batur,
749 1567 990 1638 ejusdem
1037 1580 1098 1622 se
1146 1581 1535 1635 pracursorem
1578 1567 1838 1623 dicebat:
1877 1584 2097 1625 verum-

532 1669 711 1713 tamen
743 1672 805 1712 se
846 1656 982 1710 nihil
1016 1656 1159 1712 aliud
1203 1671 1366 1725 quam
1415 1671 1605 1713 vocem
1637 1657 1941 1716 Servatoris
1966 1675 2099 1721 nun-

530 1746 679 1806 tiam,
707 1758 827 1800 esse
857 1744 1106 1799 docebat.
1142 1744 1306 1815 ldque
1354 1744 1634 1815 Evangelii
1664 1747 1848 1803 divina
1874 1750 2099 1816 etponit

530 1835 856 1905 Scriptura:
890 1835 1093 1893 Fassus
1129 1846 1233 1904 est,
1276 1838 1473 1908 inquit,
1504 1853 1564 1895 se
1615 1854 1722 1895 non
1770 1855 1892 1898 esse
1938 1842 2096 1900 Chri-

527 1938 692 1992 stum,
725 1929 818 1984 sed
845 1943 1032 1985 vocem
1083 1930 1136 1985 in
1173 1931 1388 1986 deserto
1436 1930 1765 1988 clamantem
1807 1951 1821 1987 :
1855 1933 2096 2007 .Dirigite

526 2020 663 2073 vium
695 2019 924 2075 Domini.
953 2021 1067 2092 Ego
1100 2038 1237 2091 aqua
1265 2021 1496 2091 baptiao,
1536 2025 1741 2080 medius
1789 2034 1966 2082 autem
2009 2044 2095 2082 ve-

2208 842 2344 913 μένα
2373 843 2541 898 πάλαι
2564 845 2693 916 παρ’
2720 846 2929 909 ἑαυτοῖς
2956 844 3170 917 ἔχοντες
3199 846 3249 899 oi
3286 844 3658 916 καθηγεμόνες
3685 844 3779 899 τοῦ

2217 934 2486 990 Ἰουδαίων
2522 934 2729 1003 ἔθνους,
2761 935 2949 1007 ἐπειδὴ
2994 938 3249 1009 Ἰωάννης
3276 938 3460 1001 αὐτοῖς
3490 935 3779 1008 κηρύττειν

2203 1026 2295 1079 ἐπὶ
2319 1026 2420 1098 τῆς
2447 1028 2653 1100 ἐρήμου
2686 1030 2780 1083 καὶ
2819 1030 2961 1100 ἀμφὶ
2988 1029 3077 1083 τὸν
3117 1029 3389 1103 Ἰορδάνην
3417 1028 3658 1099 ποταμὸν
3679 1030 3780 1099 ἡγ-

2202 1118 2441 1187 γέλλετο,
2470 1123 2581 1185 τοῖς
2621 1120 2909 1194 πράγμασι
2941 1121 3041 1186 τὰς
3074 1123 3409 1195 προρρήσεις
3450 1120 3780 1193 συμϐάλλον-

2201 1225 2312 1274 τες,
2347 1208 2512 1264 αὐτὸν
2536 1206 2675 1265 εἷναι
2703 1211 2798 1266 καὶ
2841 1212 2940 1266 οὐκ
2962 1211 3120 1265 ἄλλον
3155 1212 3246 1265 τὸν
3272 1210 3360 1265 διὰ
3380 1210 3476 1265 τοῦ
3498 1213 3777 1282 προφήτου

2202 1303 2598 1374 σημαινόμενον
2639 1304 3023 1376 ὑπετόπησαψ
3061 1303 3289 1376 ἠρώτων
3324 1322 3386 1358 τε
3425 1306 3778 1360 ἀποστείλαν-

2198 1409 2313 1459 τες,
2345 1394 2393 1447 εἰ
2418 1394 2576 1460 αὐτὸς
2604 1396 2691 1468 είη
2718 1398 2747 1451 ό
2770 1397 3023 1469 Χριστός.
3073 1397 3131 1449 '0
3158 1395 3214 1450 δὲ
3241 1395 3315 1469 μὴ
3338 1392 3475 1452 εἶναι
3504 1398 3604 1470 μὲν
3632 1399 3782 1470 ὠμο-

2199 1483 2366 1551 λόγει,
2411 1485 2532 1538 ἐπεὶ
2568 1485 2691 1557 μηδ’
2722 1484 2881 1549 αὐτὸς
2903 1485 2965 1540 τὺ
2991 1485 3169 1539 κοινὸν
3194 1486 3452 1540 ἁπάντων
3488 1487 3775 1558 σωτήριονο

2199 1576 2467 1646 παρόντος
2507 1576 2567 1630 δὲ
2600 1576 2699 1648 ἤδη
2746 1575 2840 1630 τοῦ
2881 1576 3330 1649 προσδοκωμένου
3352 1616 3366 1641 ,
3413 1577 3605 1630 ἑαυτὸν
3637 1572 3780 1631 εἶναι

2197 1666 2523 1740 πρόδρομον,
2551 1668 2645 1722 καὶ
2673 1667 2770 1740 τὴν
2801 1667 2892 1721 ἐπὶ
2924 1667 3023 1740 τῆς
3066 1669 3270 1739 ἐρήμου
3304 1668 3487 1739 φωνὴν
3513 1668 3614 1740 τὴν
3647 1685 3781 1723 κατ-

2196 1758 2490 1831 αγγελικὴν
2528 1758 2623 1813 τοῦ
2676 1759 2979 1831 σωτηρίου,
3022 1760 3184 1822 αὐτὸς
3249 1759 3443 1813 ἑαυτὸν
3486 1758 3626 1813 εἶναι
3670 1758 3779 1813 ὲδί-

2194 1848 2395 1904 δατ-κε’
2440 1850 2536 1905 καὶ
2570 1848 2728 1904 τοῦτο
2755 1852 2789 1922 ἠ
2827 1849 2946 1904 θεία
2984 1850 3077 1904 τοῦ
3112 1850 3443 1919 Εὑαγγελίου
3478 1850 3776 1923 παρίστησι

2202 1946 2390 2017 Γραφή
2411 1963 2424 1977 ·
2466 1946 2799 2019 Ὠμολόγησε
2820 1948 2949 2019 γὰρ,
2987 1950 3169 2020 φησὶν,
3191 1949 3272 2002 ὃτι
3301 1950 3422 2003 Οὐκ
3447 1949 3563 2018 εἰμὶ
3599 1948 3715 2020 ἐγὼ
3741 1953 3775 2004 ό

2194 2037 2466 2106 Χριστὸς,
2503 2040 2640 2093 ἀλλ’
2672 2040 2787 2109 ἐγὼ
2814 2040 2983 2110 φωνὴ
3015 2040 3282 2108 βοῶντος
3328 2042 3399 2095 ἐν
3441 2041 3517 2111 τῇ
3552 2042 3771 2112 ἐρήμῳ,

525 2121 689 2165 atrum
714 2113 879 2176 stetit,
910 2129 1060 2183 quem
1084 2129 1172 2169 vos
1194 2116 1402 2171 nescitis
1429 2117 1497 2171 ”.
1527 2115 1703 2173 Lucas
1738 2118 1863 2174 item
1910 2119 2082 2176 simili

2192 2128 2499 2181 Εὐθύνατε
2531 2127 2646 2196 τὴν
2684 2129 2829 2182 ὁδὸν
2869 2131 3119 2198 Κυρίου·
3167 2128 3282 2199 ἐγὼ
3312 2129 3576 2195 βαπτίζω
3616 2129 3773 2201 ὑμᾶς

525 2211 611 2259 ter
639 2211 846 2269 narrat,
882 2204 1349 2262 confabulantibus
1380 2209 1593 2264 cunctis
1622 2211 1767 2266 circa
1799 2208 2088 2269 Jordanem

524 2297 593 2350 de
642 2292 873 2359 Joanne,
931 2311 1056 2350 num
1113 2299 1158 2352 is
1204 2297 1453 2353 Christus
1506 2308 1670 2367 esset,
1735 2303 2082 2372 respondisse

521 2383 782 2440 Joannem
822 2400 835 2438 :
866 2383 978 2455 Ego
1008 2385 1221 2455 quidem
1275 2403 1361 2441 vos
1392 2405 1531 2459 aqua
1576 2390 1802 2460 baptizo,
1833 2395 1967 2448 venit
1989 2412 2091 2449 atto

522 2487 625 2530 tem
649 2475 741 2546 qui
772 2492 855 2530 me
884 2476 1077 2546 [artior
1097 2486 1212 2542 est;
1265 2478 1375 2546 ipse
1421 2495 1509 2534 vos
1551 2481 1837 2550 baptisabit
1888 2482 2090 2554 Spiritu

520 2577 703 2622 sancto
735 2581 783 2621 et
809 2568 926 2636 igne
954 2567 1020 2622 ³⁰.
1057 2567 1193 2634 Quid
1223 2578 1306 2622 est
1347 2579 1528 2625 autem
1561 2571 1740 2643 ignis?
1785 2589 1973 2644 nempe
2008 2576 2087 2630 rei

519 2655 733 2711 inutilis
764 2657 1126 2727 consumptio,
1153 2669 1208 2713 et
1233 2659 1398 2715 ardor
1424 2661 1665 2730 spiritus.
1700 2663 1897 2719 Eodem
1925 2678 2087 2721 sensu

517 2745 757 2804 Joannes
791 2763 1006 2820 quoque
1063 2751 1379 2822 (apostolus)
1433 2753 1660 2808 aiebat:
1697 2753 1797 2808 llic
1844 2758 1983 2810 venit
2031 2759 2086 2812 in

519 2840 897 2906 testimonium,
931 2851 987 2894 ut
1026 2842 1380 2896 testimonium
1422 2845 1712 2914 perhiberet
1745 2846 1810 2900 de
1863 2848 2083 2916 lumine,

518 2940 574 2983 ut
606 2947 780 2986 omnes
806 2934 1074 2985 crederent
1106 2948 1197 3002 per
1230 2936 1420 3001 ipsum.
1456 2934 1577 2990 Non
1608 2948 1719 2991 erat
1751 2938 1842 2992 ille
1879 2938 2079 3006 lumen,

518 3021 609 3076 sed
635 3031 690 3074 ut
725 3021 1079 3077 testimonium
1108 3024 1396 3093 perhiberet
1427 3027 1492 3080 de
1528 3026 1725 3083 lumine
1755 3028 1821 3082 “.
1860 3028 1965 3086 Sed
1994 3030 2084 3086 hic

518 3111 735 3180 quidem
783 3111 858 3165 ita
906 3112 1118 3168 initium
1163 3116 1562 3184 pradicationis
1608 3117 1861 3187 iaciebat,
1913 3120 2085 3177 dedu-

517 3215 647 3257 cens
711 3202 859 3258 vocis
920 3204 1094 3260 instar
1145 3206 1422 3262 hominum
1490 3210 1700 3266 animas
1734 3211 1802 3267 ad
1851 3212 2083 3282 perfecti

515 3292 667 3349 verbi
699 3297 1114 3365 susceptionem.
1161 3297 1522 3366 Quamobrem
1552 3299 1811 3357 Joannem
1860 3303 2082 3359 inchoa-

515 3385 719 3441 tionem
746 3400 866 3443 esse
898 3386 1198 3459 Evangelii,
1226 3390 1439 3447 Marcus
1471 3392 1806 3448 demonstrat
1830 3395 1895 3449 ³⁸.
1922 3395 2079 3453 Post-

2190 2219 2260 2272 ἐν
2288 2217 2480 2282 ὕδατι,
2508 2217 2699 2288 μέσος
2736 2219 2804 2273 δὲ
2842 2218 3010 2290 ὑμῶν
3041 2221 3328 2289 εἱστήκει,
3363 2221 3435 2275 ὃν
3464 2222 3634 2291 ὑμεῖς
3660 2225 3771 2277 οὐκ

2189 2310 2405 2365 οἴδατε.
2445 2313 2553 2365 Καὶ
2584 2312 2799 2376 Λουκᾶς
2824 2311 2880 2365 δὲ
2912 2313 2981 2367 τὰ
3020 2314 3182 2385 ὃμοια
3218 2315 3454 2385 ἱστορεῖ,
3492 2315 3574 2367 ὅτι
3610 2314 3766 2368 Πάν-

2188 2420 2304 2457 των
2322 2401 2811 2473 διαλογιζομένων
2827 2405 2959 2473 περὶ
2994 2404 3282 2471 Ἰωάννου,
3301 2405 3387 2476 μή
3410 2423 3556 2462 ποτε
3582 2408 3765 2475 αὐτὸς

2186 2496 2279 2565 εἴη
2306 2500 2339 2551 ὁ
2365 2497 2639 2566 Χριστὸς,
2669 2498 3026 2567 ἁπεκρίνατο
3060 2501 3093 2553 ὀ
3133 2498 3443 2569 Ἰωάννηςο
3485 2499 3630 2570 Ἐγὼ
3646 2500 3768 2570 μὲν

2188 2587 2358 2642 ὕδατι
2396 2588 2660 2653 βαπτίζω
2703 2587 2880 2659 ὑμᾶς,
2895 2572 3148 2661 ’ἔρχεται
3192 2590 3262 2644 δὲ
3301 2594 3334 2646 d
3379 2593 3765 2663 ἰσχυρότερός

2182 2696 2322 2749 μου·
2349 2681 2532 2748 αὐτὸς
2559 2679 2719 2750 ὑμᾶς
2746 2682 3035 2746 βαπτίσει
3060 2682 3131 2737 ἐν
3158 2685 3458 2754 Πνεύματι
3488 2687 3633 2754 ἁγίῳ
3666 2686 3764 2737 καὶ

2186 2770 2348 2838 πυρί.
2390 2771 2455 2824 Τί
2489 2770 2545 2826 δὲ
2576 2772 2637 2826 τὸ
2684 2771 2825 2845 πῦρ;
2866 2775 2899 2844 ὴ
2948 2773 3046 2829 τοῦ
3096 2774 3295 2846 κούφου
3329 2776 3562 2849 δαπάνη,
3604 2778 3697 2830 καὶ
3728 2778 3762 2847 ὴ

2187 2859 2334 2927 ζέσις
2362 2860 2455 2915 τοῦ
2491 2862 2820 2935 πνεύματος.
2852 2864 2965 2935 Τῆς
2998 2866 3169 2937 αὐτῆς
3197 2866 3376 2938 ἔχεται
3404 2868 3641 2932 διανοίας
3670 2869 3764 2921 καὶ

2184 2954 2214 3007 ὁ
2251 2955 2498 3028 Ἰωάννης
2546 2955 2718 3026 λέγων
2741 2974 2756 2987 °
2817 2953 3006 3026 Οὗτος
3045 2955 3234 3030 ἦλθεν
3277 2963 3367 3027 εὶς
3406 2963 3760 3031 μαρτυρίαν,

2186 3047 2287 3103 ἵνα
2306 3047 2669 3118 μαρτυρήσῃ
2710 3049 2843 3118 περὶ
2876 3051 2983 3105 τοῦ
3021 3050 3249 3122 φωτὸς,
3283 3052 3383 3106 ἵνα
3421 3053 3641 3119 πάντες
3670 3070 3762 3107 πις-

2186 3139 2487 3194 στεύσωσι
2521 3139 2594 3192 δι’
2621 3141 2828 3195 αὐτοῦ·
2856 3143 2967 3197 οὐκ
2997 3140 3075 3213 ἦν
3098 3144 3330 3211 ἐκεῖνος
3353 3145 3418 3198 τὸ
3446 3145 3594 3214 φῶς,
3622 3146 3761 3201 ἀλλ’

2184 3229 2287 3284 ἵνα
2319 3229 2675 3300 μαρτυρήσῃ
2710 3232 2840 3301 περὶ
2872 3233 2978 3287 τοῦ
3021 3236 3231 3303 φωτός.
3286 3234 3425 3288 Ἀλλ’
3462 3228 3623 3302 οὗτος
3661 3236 3761 3308 μὲν

2183 3313 2285 3374 ὧδέ
2314 3338 2389 3392 πη
2420 3322 2668 3393 προκατή
2679 3338 2834 3394 ρχετο
2869 3323 2963 3376 τοῦ
2991 3323 3364 3396 κηρύγματος,
3388 3325 3646 3379 ὁδοποιῶν
3669 3321 3761 3380 οἷα

2186 3412 2336 3486 φωνὴ
2381 3412 2479 3478 τὰς
2524 3414 2631 3468 τῶν
2677 3413 2978 3487 ἀνθρώπων
3025 3416 3202 3487 ψυχὰς
3247 3420 3327 3482 είς
3359 3418 3627 3490 ὑποδοχὴν
3663 3418 3761 3472 τοῦ

514 3492 676 3547 quam
701 3494 831 3535 vero
859 3495 964 3535 vox
989 3482 1137 3537 siluit
1163 3498 1388 3539 munere
1410 3498 1511 3541 suo
1539 3483 1819 3554 defuncta,
1844 3498 1899 3542 et
1925 3490 2081 3558 quasi

2662 3462 2813 3558 εζθεξ
2856 3462 3082 3571 είκότοζς
3103 3462 3371 3579 ἀπαρχξγν
3394 3508 3488 3562 τοῦ
3515 3462 3760 3579 ἒόαγγε-

512 3569 706 3640 exigua
734 3572 1024 3642 phosphori
1058 3574 1177 3630 luce
1210 3586 1419 3632 mentes
1451 3576 1730 3633 hominum
1777 3580 1891 3649 jam
1918 3582 2080 3638 clari-

512 3661 814 3731 θρονοί-ιιι,
882 3675 1012 3723 tunc
1064 3679 1279 3724 uernum
1332 3669 1664 3740 unigenitum
1721 3673 1865 3743 quod
1921 3686 2077 3732 antea

511 3756 808 3811 exsistebat
840 3756 936 3814 Dei
961 3757 1220 3828 Verbum,
1252 3763 1497 3834 proprios
1525 3779 1652 3821 caro
1677 3764 1877 3823 factum
1899 3770 2081 3827 emisit

512 3848 850 3917 splendores.

1228 4122 1364 4181 XIV.

583 4210 723 4266 Salis
784 4212 1031 4284 symbolo
1090 4216 1472 4287 discipulorum
1545 4236 1765 4276 suorum
1818 4224 2073 4280 virtutem

507 4302 681 4357 innuit
714 4304 780 4358 ³³.
835 4303 971 4359 Nam
998 4306 1123 4376 quia
1165 4307 1293 4363 salis
1341 4320 1535 4365 natura
1586 4327 1655 4367 ex
1689 4329 1830 4382 aqua
1856 4327 1912 4369 et
1942 4316 2072 4371 flatu

505 4403 740 4461 cnnslat,
765 4413 956 4468 parum
1002 4399 1129 4467 quid
1165 4402 1366 4457 terreni
1415 4404 1770 4474 participans,
1804 4416 1859 4463 et
1884 4423 2074 4463 corru-

502 4488 772 4557 ptibilium
823 4505 1110 4562 corporum
1156 4491 1354 4549 ﬂuxam
1404 4506 1655 4553 naturam
1697 4502 2072 4574 constringere

501 4579 661 4645 solet,
694 4582 766 4635 ita
800 4591 859 4635 ut
887 4583 1052 4637 etiam
1099 4585 1362 4642 cadavera
1410 4589 1733 4658 prawalente
1761 4593 1811 4646 vi
1848 4610 2070 4650 conser-

498 4681 619 4740 vet;
672 4675 1059 4732 convenienter
1122 4678 1419 4751 discipulos
1485 4698 1616 4738 suos
1684 4685 1812 4742 salis
1865 4699 2070 4744 natura:

498 4778 801 4836 comparat,
828 4768 1085 4835 quoniam
1130 4780 1186 4826 et
1214 4771 1314 4839 ipsi
1361 4787 1425 4827 ex

498 4857 599 4911 niti
647 4857 882 4924 fuerant,
918 4871 1085 4932 atque
1129 4866 1352 4919 omnino
1392 4866 1598 4937 Spiritu
1646 4870 1896 4937 animati,
1955 4891 2061 4930 non

496 4960 677 5003 autem
736 4955 1035 5010 secundum
1096 4971 1313 5012 carnem
1362 4960 1632 5029 viventes,
1701 4965 1831 5020 salis
1890 4967 2064 5024 instar

496 5038 897 5106 quodammodo
929 5053 1108 5112 erant,
1149 5049 1559 5119 corruptibilem
1593 5062 1927 5111 terrenarum
1958 5058 2061 5114 bo-

496 5128 702 5182 minum
742 5132 908 5187 vitam
940 5138 1276 5208 corrigentes
1297 5151 1461 5210 atque
1484 5144 1849 5212 obdurantes;
1880 5157 1936 5203 et
1965 5165 2061 5207 eos

493 5222 588 5290 qui
644 5224 915 5291 probitate
956 5243 1168 5285 morum
1210 5232 1343 5301 ipsis
1395 5236 1848 5307 propinquabant,
1896 5242 2059 5309 perfl-

493 5312 698 5371 cientes
725 5317 978 5388 dulcique
1006 5323 1165 5380 veluti
1199 5339 1396 5395 sapore
1437 5327 1719 5385 donantes.
1765 5330 2058 5403 Propterea

2180 3595 2295 3650 λίου
2346 3596 2509 3649 αὐτὸν
2556 3593 2695 3650 εἶναι
2749 3598 2777 3650 ὁ
2823 3597 3047 3669 Μάρκος
3096 3598 3405 3653 ἐδίδασκεν
3462 3601 3647 3672 ἐπειδὴ
3699 3601 3760 3656 δὲ

2180 3686 2389 3742 ἐσιώπα
2415 3687 2514 3758 μὲν
2539 3689 2572 3758 ἡ
2596 3688 2748 3760 φωνὴ
2777 3688 2847 3742 τὰ
2868 3692 3042 3743 οἰκεῖα
3073 3689 3409 3762 πληρώσασα
3435 3692 3596 3765 μέρη,
3627 3709 3756 3763 σμι-

2164 3777 2299 3849 ·κρῷ
2333 3795 2392 3831 τε
2431 3772 2519 3831 οἷα
2550 3780 2821 3852 φωσφόρῳ
2863 3782 3003 3851 φωτὶ
3034 3781 3131 3845 τὰς
3160 3782 3268 3837 τῶν
3296 3781 3597 3858 ἀνθρώπων
3625 3802 3758 3839 κατ-

2183 3869 2471 3937 αυγάσασα
2517 3869 2787 3934 διανοίας,
2833 3872 2996 3935 αὐτὸς
3050 3872 3113 3944 δὴ
3159 3873 3343 3927 λοιπὸν
3383 3876 3411 3929 ὁ
3465 3877 3758 3950 μονογενὴς

2178 3963 2273 4015 καὶ
2315 3961 2496 4033 προὼν
2530 3962 2622 4018 τοῦ
2663 3962 2799 4017 Θεοῦ
2837 3964 3011 4034 Λόγος
3044 3965 3133 4019 διὰ
3183 3967 3382 4039 σαρκὸς
3405 3968 3504 4033 τὰς
3547 3972 3754 4036 οἰκείας

2178 4053 2452 4122 ἐξέπεμπε
2481 4056 2870 4127 μαρμαρυγὰς.

2837 4147 2913 4203 1y
2954 4152 3087 4223 (95).

2248 4238 2344 4293 Διὰ
2374 4239 2468 4293 τοῦ
2501 4240 2610 4294 τῶν
2641 4242 2783 4296 ἁλῶν
2818 4244 3087 4314 συμὸὁλου
3126 4246 3224 4317 τὴν
3258 4246 3487 4318 δύναμιν
3516 4248 3749 4303 αἰνίττε-

2174 4345 2262 4382 ται
2288 4330 2396 4383 τῶν
2432 4332 2693 4404 μαθητῶν
2731 4335 2919 4389 αὐτοῦ.
2970 4337 3121 4390 Ἐπεὶ
3147 4338 3254 4410 γὰρ
3287 4342 3336 4393 οἱ
3371 4341 3496 4404 ἅλες
3524 4342 3622 4412 τὴν
3648 4338 3760 4411 μὲν⁸

2171 4419 2355 4473 οὐσίαν
2396 4420 2455 4485 ἐξ
2492 4422 2679 4488 ὓδατος
2723 4427 2817 4479 καὶ
2859 4427 3168 4496 πνεύματος
3212 4434 3590 4503 συνεστήκασι,
3626 4451 3748 4504 σμι-

2171 4514 2301 4584 κρόν
2329 4531 2381 4568 τι
2403 4516 2497 4570 τοῦ
2522 4515 2756 4587 γεώδους
2791 4520 3124 4591 μετέχοντες,
3153 4522 3253 4594 τῆς
3276 4525 3333 4578 δὲ
3356 4525 3465 4581 τῶν
3487 4527 3745 4600 φθαρτῶν

2174 4605 2439 4677 σωμάτων
2476 4610 2707 4680 ῥευστῆς
2738 4611 2952 4681 φύσεως
2990 4618 3323 4671 πυκνωτικοὶ
3363 4621 3744 4690 τυγχάνουσιν,

2169 4696 2245 4761 ὡς
2283 4699 2378 4753 καὶ
2424 4700 2493 4753 τὰ
2532 4702 2699 4773 νεκρὰ
2732 4704 3041 4777 διακρατεῖν
3089 4709 3315 4782 σώματα
3345 4714 3617 4786 κρείττονι
3654 4717 3745 4769 δυ-

1473 4790 1613 4845 aqua
1642 4786 1698 4832 et
1737 4778 1941 4849 Spiritu
1973 4797 2066 4851 ge-

2184 4789 2327 4860 ιάμει
2350 4808 2364 4821 ’
2407 4794 2633 4859 εἰκότως
2662 4797 2788 4861 τοὺς
2819 4799 2967 4870 αὐτῷ
3015 4778 3484 4875 μαθητευομένους
3526 4812 3592 4878 τῇ
3632 4808 3743 4863 τῶν

2168 4880 2311 4934 ἁλῶν
2359 4885 2695 4956 παραϐάλλει
2733 4889 2921 4958 φύσει,
2971 4893 3095 4946 ἐπεὶ
3130 4894 3224 4948 καὶ
3257 4895 3410 4949 αὐτοὶ
3447 4896 3508 4962 ἐξ
3552 4898 3742 4964 ὓδατος

2167 4974 2262 5027 καὶ
2286 4976 2602 5048 Πνεύματός
2639 4983 2743 5035 εἰσι
2789 4985 3143 5056 γεγενημένοι
3190 4986 3301 5041 ὅλοι
3340 5006 3401 5043 τε
3460 4991 3739 5063 Πνεύματι

2169 5063 2396 5132 ζῶντες,
2445 5070 2539 5123 καὶ
2583 5073 2643 5126 οὐ
2688 5075 2831 5129 κατὰ
2877 5078 3054 5149 σάρκα
3108 5079 3376 5150 βιοῦντες,
3418 5084 3545 5148 ἅλες
3590 5084 3737 5149 τινὲς

2167 5158 2355 5233 ῶσπερ
2383 5162 2644 5235 ὑπῆρχον,
2675 5167 2768 5221 τὸν
2793 5168 3087 5240 φθαρτικὸν
3113 5171 3227 5242 βίον
3256 5173 3366 5227 τῶν
3385 5175 3477 5229 ἐπὶ
3503 5176 3607 5248 γῆς
3639 5178 3735 5231 ἀνα

2168 5249 2400 5323 θρώπων
2429 5256 2847 5329 ἐπιστρέφοντες
2884 5263 2976 5315 καὶ
3017 5263 3375 5334 ποκνοῦντες,
3403 5266 3480 5339 τῷ
3504 5285 3563 5323 τε
3594 5270 3736 5323 κατὰ

2166 5344 2365 5416 ἀρετὴν
2397 5346 2497 5418 βίῳ
2522 5348 2649 5413 τοὺς
2686 5352 2870 5416 αὐτοῖς
2896 5353 3287 5426 πλησιάζοντας
3311 5359 3601 5432 ἀρτύοντες
3637 5363 3734 5418 καὶ

491 5429 537 5463 ⁸³
558 5427 715 5487 Joan.
768 5448 806 5497 ι,
836 5434 925 5502 25,
955 5435 1046 5491 26.
1122 5439 1166 5471 ³⁸
1191 5438 1319 5497 Luc.
1350 5456 1431 5507 tu,
1462 5441 1547 5498 l5.
1622 5443 1666 5475 ³⁸
1692 5442 1847 5500 Joan.
1881 5463 1920 5510 ι,
1960 5448 2014 5503 7.

2184 5452 2323 5510 ιονιξ.
2360 5471 2402 5522 ι,
2433 5457 2487 5512 4.
2564 5458 2607 5492 ³³
2634 5460 2826 5519 Matth.
2852 5479 2907 5530 ν,
2940 5466 3027 5522 13.

562 5526 675 5604 (94)
709 5528 901 5583 Totum
931 5531 1035 5588 hoc
1068 5531 1421 5604 fragmentum
1449 5539 1609 5594 unica
1657 5541 1828 5596 ferme
1864 5542 2052 5601 (ἵει-ωτι

488 5598 713 5665 periodo
751 5608 986 5665 constat,
1013 5598 1177 5672 quam
1219 5605 1433 5670 longam
1481 5609 1858 5666 circuitionem
1898 5598 2055 5671 valde

490 5679 803 5706 nnnnnulnn.
852 5684 970 5706 ιιααα
1031 5672 1262 5706 Ιΐηροιιίιι
1311 5677 1557 5706 “Imm”...-
1621 5679 2050 5706 ll-...r....--_:--_

2184 5598 2451 5706 magna
2470 5598 2687 5697 3.33;;
2710 5598 3726 5706 ;;;a;.;“§;.';a::2221"§3iu;till:

489 5679 804 5741 consuetam
852 5684 972 5727 esse
1029 5672 1262 5729 Eusebio
1311 5677 1577 5732 observat
1620 5679 2054 5741 Moutfauconitts

491 5737 645 5808 prmi.
678 5756 731 5810 p.
760 5740 813 5795 6.
850 5741 914 5798 ad
944 5743 1186 5811 eiusdem
1218 5744 1664 5804 Commentariun:
1706 5750 1759 5806 in
1803 5737 2050 5810 nscimus:

2164 5692 2423 5754 ordinatis
2455 5692 2712 5757 numerus
2741 5702 2796 5757 in
2830 5692 3150 5774 compendio
3182 5719 3283 5765 est.
