4000 6398
180 392 293 449 6‘35
1521 392 1609 447 DE
1649 391 2111 450 TliEOPHANlA.
3323 395 3427 451 666

179 519 591 589 καθηδύνοντες.
623 518 808 591 Ταύτῃ
834 535 912 570 τοι
943 515 1035 570 καὶ
1066 515 1304 586 Μωῦσῆς
1333 516 1641 587 ἐνομοθέτει
1677 517 1759 571 διὰ

1864 530 1918 575 et
1954 520 2164 591 Moyses
2215 519 2331 593 lege
2366 519 2644 576 sanciebat
2698 530 2755 575 ut
2807 520 2963 590 quasi
2996 520 3292 592 symbolum
3345 522 3427 578 sal

182 610 466 680 συμϐόλων
493 609 619 672 τοὺς
648 608 783 671 ἃλας
805 604 1134 678 προσφέρειν
1159 601 1237 673 τῷ
1260 602 1403 673 Θεῷ,
1437 597 1537 657 ὧδέ
1577 622 1647 675 πη
1676 604 1757 657 λέ-

1856 613 1969 667 Deo
1999 611 2306 678 offerretur,
2361 614 2441 669 sic
2490 614 2675 670 dicens
2708 632 2720 667 :
2759 610 2827 665 Et
2867 628 3015 667 omne
3053 629 3242 669 munus
3266 615 3427 668 sacri-

180 718 298 771 γων
321 718 336 732 ·
381 700 487 754 Καὶ
526 697 648 753 πᾶν
682 698 874 766 δῶρον
905 696 1121 760 θυσίας
1157 692 1324 764 ὑμῶν
1366 694 1465 748 ἁλὶ
1507 694 1757 762 ἁλισθή-

1855 705 1964 774 ficii
1997 704 2150 760 vestri
2190 704 2301 760 sale
2330 706 2623 762 condietur.
2685 704 2748 759 Et
2789 704 2879 757 ille
2908 704 3124 775 quidem
3158 704 3426 760 sensibili-

182 811 355 849 σεται
373 812 387 826 ·
418 794 529 848 ἀλλ’
559 794 706 864 ὅμως
737 792 805 845 δι’
829 788 1099 861 αἰσθητῶν
1125 786 1393 858 σωμάτων
1414 786 1565 841 ταῦτ’
1586 788 1760 840 ἐπιτεο

1856 795 1957 851 bus
2006 794 2324 867 corporibus
2362 795 2477 850 haec
2525 795 2640 849 fieri
2680 793 2994 849 mandabat.
3053 795 3123 848 At
3162 808 3421 851 novarum

186 888 302 941 λεῖν
334 884 659 956 ἐνομοθέτει.
703 884 760 936 '0
801 882 858 936 δέ
900 881 1008 934 τῶν
1041 880 1244 933 καινῶν
1282 878 1544 949 αὐθέντης
1578 879 1757 950 νόμιον

1857 897 2046 943 auctor
2092 889 2268 957 legum
2314 886 2425 941 sale
2463 888 2621 942 nobis
2651 886 2899 941 homines
2942 884 3052 940 Deo
3097 900 3253 941 caros
3298 902 3422 956 per-

185 979 317 1041 τοὺς
354 976 486 1040 ἃλας
530 978 662 1047 ήμῖν
704 975 830 1037 τοὺς
873 971 1139 1041 θεοφιλεῖς
1184 970 1476 1042 διαρρήδην
1526 970 1755 1034 ἐδείκνυ,

1857 980 2043 1051 spicue
2069 979 2291 1035 denot‘at
2318 980 2385 1045 “,
2431 979 2530 1034 bus
2561 980 2939 1034 mandatorum
2988 992 3209 1034 suorum
3237 978 3425 1033 obser-

183 1068 408 1131 τούτους
435 1064 571 1121 εἶναι
593 1065 858 1139 παριστὰς
880 1065 1008 1128 τοὺς
1030 1063 1274 1133 φύλακας
1290 1061 1399 1115 τῶν
1425 1062 1588 1115 αὑτοῦ
1618 1079 1759 1134 παρ-

1856 1072 2074 1127 νιιιοτεε
2114 1084 2235 1125 esse
2280 1067 2575 1125 afﬁrmans.
2615 1068 2821 1136 Quibus
2863 1068 3026 1124 etiam
3060 1067 3281 1125 aiebat:
3322 1067 3423 1129 Yos

186 1160 545 1232 αγγελμάτων
570 1176 583 1190 ·
640 1153 725 1221 οἷς
751 1157 848 1211 καὶ
876 1158 957 1220 εἰς
995 1156 1285 1228 πρόσωπον
1317 1154 1525 1223 ἔλεγεν·
1561 1154 1757 1225 ’Υμεῖς
1857 1164 1980 1219 cui;
2009 1162 2089 1218 ιαι
2116 1171 2270 1218 (erm
2300 1162 2370 1217 ³⁸,

186 1254 330 1308 ἐστε
365 1252 433 1309 τὸ
459 1251 613 1319 ἅλας
645 1242 755 1320 τῆς
781 1248 914 1321 γῆς.

872 1363 951 1419 ιε’
985 1360 1117 1433 (96).
1455 1357 1463 1377 ·

1455 1357 1463 1377 ³
2588 1337 2705 1395 XV.

258 1476 396 1548 Φησὶ
421 1474 530 1549 γάρ
548 1492 563 1507 ⁸
596 1474 742 1540 Πᾶς,
766 1473 834 1540 ὃς
872 1472 949 1527 ἂν
970 1472 1317 1541 ὁμολογήσῃ
1342 1468 1413 1523 ἐν
1435 1467 1586 1539 ἐμοὶ,
1619 1469 1762 1538 ὁμο-

1858 1473 1871 1502 (
1926 1474 2021 1529 Ait
2074 1473 2255 1528 enim:
2312 1471 2622 1543 Quicunque
2663 1471 2936 1541 confessus
2988 1474 3149 1541 fuerit
3195 1474 3260 1527 de
3306 1488 3424 1538 nte,

185 1563 585 1635 λῡγηθήσεται
610 1563 865 1619 ἐνώπιον
893 1560 1012 1615 τῶν
1050 1559 1336 1629 ἀγγέλων.
1372 1559 1458 1622 Ὠς
1512 1556 1620 1630 γὰρ
1668 1555 1763 1609 ἐπὶ

1861 1565 2119 1634 confessio
2161 1566 2225 1620 de
2264 1582 2325 1621 eo
2367 1566 2458 1634 ﬁet
2508 1581 2687 1620 coram
2739 1566 2941 1635 angelis
2964 1566 3031 1619 ³⁸.
3073 1565 3233 1621 Sicut
3276 1566 3423 1620 enim

186 1656 473 1728 ἡγεμόνων
497 1656 591 1710 καὶ
619 1653 902 1726 βασιλέων,
932 1653 962 1706 ὁ
997 1650 1099 1723 τῆς
1138 1650 1277 1722 ἐμῆς
1322 1648 1594 1720 βασιλείας
1625 1648 1760 1719 γνή-

1861 1654 2003 1725 apud
2045 1655 2210 1710 duces
2245 1669 2508 1725 regesque
2553 1654 2647 1721 fit,
2689 1654 2780 1710 ille
2821 1654 2914 1725 qui
2957 1654 3060 1708 mei
3101 1654 3253 1723 regni
3293 1654 3425 1709 fide-

190 1764 303 1810 σιος
330 1746 663 1817 στρατιώτης
683 1740 1249 1815 πεπαρρησιασμένως
1265 1738 1363 1811 τὴν
1380 1740 1460 1804 είς
1485 1738 1585 1811 ἐμὲ
1604 1740 1762 1810 ποιή-

1859 1745 1927 1799 lis
1960 1746 2112 1801 miles
2142 1746 2483 1802 conﬁdenter
2522 1746 2591 1801 de
2638 1760 2725 1801 me
2770 1745 3163 1801 confessionem
3214 1745 3424 1810 fecerit,

192 1853 344 1891 σεται
384 1833 693 1905 ὁμολογίαν,
736 1832 876 1886 οὕτω
926 1830 1079 1900 κάγὼ
1120 1831 1210 1886 τὸν
1261 1831 1497 1885 τοιοῦτον
1534 1830 1758 1902 ἀμειϐό-

1861 1836 2007 1890 hunc
2031 1852 2131 1904 ego
2166 1836 2401 1893 vicissim
2438 1850 2816 1902 remunerans,
2846 1838 2995 1906 regni
3024 1837 3128 1891 mei
3162 1846 3422 1905 tempore,

193 1944 351 1998 μενος
384 1925 524 1980 κατὰ
553 1926 645 1981 τὸν
692 1925 790 1995 τῆς
836 1926 977 1998 ἐμῆς
1005 1924 1281 1996 βασιλείας
1310 1923 1519 1997 καιρὸν,
1552 1923 1761 1994 μάρτυς

1864 1929 2015 1983 testis
2035 1930 2084 1983 ei
2129 1930 2293 1983 adero
2324 1928 2588 1998 religiosae
2618 1929 3028 1994 confessionis;
3064 1943 3272 1998 pugnas
3299 1942 3426 1996 per-

189 2019 339 2091 αὑτῷ
372 2021 788 2091 παραστήσομαι
845 2018 944 2088 τῆς
999 2016 1256 2079 εὐσεϐοῦς
1303 2013 1616 2086 ὁμολογίας,
1660 2013 1761 2077 τὰς

1861 2030 2034 2085 actas,
2087 2019 2251 2074 animi
2298 2018 2671 2083 alacritatem,
2742 2020 3079 2089 patientiam,
3130 2018 3424 2089 perfectam

189 2112 488 2175 ἐνστάσεις,
546 2111 639 2164 καὶ
680 2108 776 2182 τὴν
820 2109 1152 2180 παρρησίαν,
1208 2108 1300 2163 καὶ
1336 2105 1433 2177 τὴν
1464 2103 1760 2176 ὑπομονὴν,

1860 2126 1987 2179 erga
2030 2110 2197 2164 Deum
2241 2111 2580 2175 charitatem,
2622 2120 2672 2164 et
2706 2110 2906 2180 reliqua
2939 2112 3047 2165 Deo
3070 2110 3277 2165 devota:
3308 2110 3428 2181 ejus

191 2202 369 2257 καὶτὸ
396 2200 596 2257 τέλειον
615 2200 713 2269 τῆς
737 2200 874 2270 πρὸς
888 2198 1019 2252 Θεὸν
1041 2199 1280 2268 ἀγάπης,
1310 2197 1435 2261 τούς
1463 2213 1519 2249 τε
1544 2195 1762 2258 λοιποὺς

1860 2202 2067 2256 militia:
2111 2202 2414 2257 certamina
2469 2211 2821 2271 computans,
2873 2202 3035 2270 eique
3077 2203 3427 2271 patrocinans

191 2293 388 2357 ἄθλους
413 2292 511 2363 τῆς
546 2288 791 2361 φιλοθέου
818 2289 1105 2360 στρατείας
1130 2287 1293 2342 αὐτοῦ
1324 2284 1764 2358 καταριθμούμε-

1862 2293 2002 2360 apud
2054 2291 2264 2345 Patrem
2314 2305 2491 2344 meum
2547 2290 2637 2359 qui
2685 2291 2738 2344 in
2784 2291 2939 2345 uelis
2982 2302 3085 2346 est.
3143 2290 3296 2345 Hanc
3344 2307 3429 2343 re-

190 2402 305 2448 νος,
336 2384 431 2438 καὶ
473 2383 572 2454 τὴν
621 2380 762 2451 ὑπὲρ
809 2378 975 2434 αὑτοῦ
1034 2377 1359 2452 συνηγορίαν
1406 2377 1762 2448 ποιησόμενος

1865 2382 2211 2437 tributionem
2237 2382 2347 2450 jam
2387 2396 2529 2438 nunc
2574 2381 2818 2450 spondeo
2860 2398 2946 2437 me
2991 2383 3241 2437 daturum
3292 2396 3427 2437 con-

188 2476 284 2529 ὲπὶ
308 2472 401 2528 τοῦ
432 2472 641 2545 Πατρός
670 2490 769 2542 μου
791 2469 886 2524 τοῦ
918 2473 973 2523 ὲν
990 2471 1236 2542 οὐρανοῖς
1253 2487 1268 2502 ·
1288 2468 1486 2540 ταύτην
1528 2468 1762 2539 ἀμοιϐὴν

1862 2474 2162 2529 fessoribus
2206 2474 2541 2543 testibusque
2611 2473 2792 2539 meis,
2844 2473 2937 2543 qui
2986 2487 3168 2528 coram
3218 2475 3430 2527 cunctis

189 2563 438 2618 ἐντεῦθεν
464 2563 565 2635 ἤδη
605 2560 861 2633 παρέξειν
893 2560 1292 2631 ἐπαγγέλλομαι
1323 2562 1433 2625 τοῖς
1456 2561 1607 2630 ἐμοῖς
1634 2562 1764 2629 ὁμο-

1863 2565 2173 2621 hominibus
2227 2566 2569 2620 confidenter
2628 2580 2806 2621 meum
2864 2566 3280 2636 praedicaverint
3344 2580 3429 2620 re-

191 2656 447 2727 λογηταῖς
496 2655 590 2708 καὶ
634 2654 869 2724 μάρτυσι
922 2653 1033 2714 τοῖς
1087 2651 1180 2703 ἐπὶ
1212 2648 1426 2703 πάντων
1467 2647 1764 2721 ἀνθρώπων

1862 2673 2051 2727 gnum.
2096 2657 2233 2723 Quid
2279 2673 2446 2727 porro
2494 2657 2707 2713 beatius
2761 2658 2864 2713 hac
2908 2657 3265 2725 promissione
3309 2654 3429 2711 ﬁeri

189 2743 764 2819 πεπαρρησιασμένως
827 2742 929 2813 τὴν
993 2741 1131 2812 ἐμὴν
1189 2740 1562 2812 ἀνακηρύξασι
1611 2739 1762 2810 βασι-

1862 2746 2084 2815 potest?
2122 2745 2260 2811 Quid
2309 2747 2501 2802 melius
2527 2748 2606 2803 vel
2635 2746 2944 2818 gloriosius,
2983 2761 3146 2817 quam
3186 2756 3313 2800 ante
3340 2745 3429 2800 di-

187 2838 359 2892 λείαν.
388 2836 496 2889 Καὶ
519 2835 572 2887 τί
603 2834 649 2888 δ’
682 2833 749 2887 ἂν
776 2832 986 2902 γένοιτο
1016 2832 1425 2904 μακαριώτερον
1455 2831 1556 2902 τῆς
1583 2830 1765 2885 τοιαύ-

1863 2838 2047 2890 vinum
2088 2837 2324 2891 tribunal
2354 2838 2690 2908 unigenitum
2722 2837 2899 2907 ipsum
2941 2838 3037 2893 Dei
3074 2837 3309 2896 Verbum
3340 2836 3430 2890 fa-

186 2946 289 2999 της
310 2925 669 2996 ἐπαγγελίας;
719 2925 784 2983 Τί
810 2923 855 2977 δ’
895 2923 963 2977 ἂν
1005 2925 1251 2996 κρεῖττον
1293 2922 1386 2977 καὶ
1432 2922 1765 2993 ἐνδοξότερον

1863 2927 2109 2983 ciendam
2162 2928 2439 2998 suscipere
2481 2930 2548 2985 de
2583 2928 2742 2985 nobis
2782 2927 3226 2985 confessionem?
3268 2938 3431 2998 atque

188 3020 284 3074 τοῦ
311 3019 417 3091 πρὸ
446 3017 539 3072 τοῦ
573 3016 714 3069 θείου
757 3015 998 3089 βήματος
1024 3014 1184 3068 αὐτὸν
1227 3014 1319 3067 τὸν
1361 3015 1624 3085 μονογενῆ
1667 3013 1762 3068 τοῦ

1864 3018 1998 3074 adeo
2034 3033 2200 3089 opere
2238 3020 2518 3089 praemium
2564 3020 2738 3075 nostri
2783 3020 2849 3076 de
2891 3035 2958 3076 eo
3001 3020 3293 3076 testimonii
3334 3032 3431 3074 ox-

191 3111 325 3166 Θεοῦ
357 3110 527 3179 Λόγον
561 3106 917 3175 ἀναδέξασθαι
940 3106 1039 3178 τὴν
1084 3105 1223 3178 ὑπὲρ
1258 3104 1414 3176 ἡμῶν
1441 3106 1763 3177 ὁμολογίαν;

1862 3109 2069 3175 bibere,
2100 3111 2226 3163 dum
2264 3110 2319 3164 in
2356 3110 2475 3179 ipsa
2518 3112 2674 3166 testis
2712 3110 2794 3166 sui
2830 3110 3007 3165 anima
3049 3120 3324 3175 versatur,
3363 3124 3432 3165 ac

194 3204 340 3275 ἔργῳ
363 3220 423 3259 τε
444 3201 544 3272 τῆς
577 3198 880 3272 μαρτυρίας
907 3198 1006 3270 τήν
1045 3196 1279 3269 ἀμοιϐήν
1316 3197 1673 3263 ἐνδείξασθαι,
1707 3202 1765 3254 ἐν

1867 3200 2030 3255 veluti
2081 3200 2134 3255 in
2179 3212 2369 3256 sancto
2409 3201 2608 3271 templo
2647 3202 2699 3256 in
2735 3202 2922 3257 eadem
2968 3202 3218 3258 habitat?
3263 3202 3427 3272 Atqui

195 3296 334 3366 αὐτῇ
370 3293 513 3364 ψυχῇ
562 3291 657 3346 τοῦ
711 3290 1153 3364 μαρτυρουμένου
1182 3290 1490 3362 γενόμενον,
1536 3291 1627 3345 καὶ
1655 3290 1767 3348 ῶσ-

1866 3291 1972 3348 boc
2014 3292 2301 3361 promisit,
2362 3293 2503 3349 haud
2551 3308 2683 3349 casu
2744 3294 2977 3349 dicens:
3027 3293 3329 3363 Conﬁtebor
3378 3303 3427 3347 et

198 3402 303 3458 περ
327 3386 386 3438 ἐν
417 3384 558 3455 ἁγίῳ
594 3381 709 3453 ναῷ
748 3383 806 3435 ἐν
833 3379 981 3451 αὐτῷ
1023 3382 1458 3453 κατοικήσοντας
1503 3381 1674 3435 Τοῦτο
1721 3381 1765 3435 δ’

1865 3399 1962 3453 ego
2000 3399 2139 3439 eum.
2180 3384 2296 3440 Non
2346 3386 2492 3440 enim
2549 3387 2788 3454 alicubi,
2841 3397 2992 3442 extra
3033 3401 3157 3442 enm
3211 3386 3280 3441 de
3324 3401 3430 3456 quo

194 3475 289 3540 οὖν
327 3476 679 3549 ἐπήγγελται,
706 3475 767 3529 οὒ
820 3474 1111 3547 παρέργως
1162 3474 1350 3527 είπών·
1386 3471 1766 3543 Ὀμολογήσω

1867 3473 2314 3541 confiteor,sum,
2382 3476 2479 3531 sed
2539 3476 2591 3531 in
2656 3476 2772 3547 ipso
2816 3476 3044 3542 habito,
3091 3484 3254 3546 atque
3304 3492 3427 3530 eum

194 3569 354 3640 κάγὼ
383 3569 453 3623 ἐν
475 3565 661 3632 αὐτῷ·
691 3566 753 3619 οὐ
778 3565 887 3638 γὰρ
925 3564 1031 3629 ἔξω
1056 3581 1158 3619 που
1180 3565 1463 3636 τυγχάνων
1492 3563 1583 3617 τοῦ
1624 3580 1765 3635 μαρ-

1866 3564 2064 3619 deitate
2086 3578 2202 3618 mea
2233 3565 2527 3634 complens,
2558 3579 2656 3635 per
2683 3566 2855 3635 ipsam
2886 3563 3204 3629 efﬁcaciam,
3237 3578 3342 3633 qua
3374 3562 3428 3616 in

194 3660 549 3732 τυρουμένου,
582 3659 696 3713 ἀλλ’
729 3661 787 3712 ἐν
817 3658 965 3729 αὐτῷ
993 3657 1251 3723 κατοικῶ,
1283 3656 1377 3710 καὶ
1404 3655 1501 3726 τῆς
1520 3654 1769 3725 θεότητος

1580 3655 1769 3725 ότητος
1866 3653 1959 3710 illo
1986 3670 2200 3725 operor,
2249 3655 2646 3712 confessionem
2692 3655 2761 3712 de
2791 3669 2857 3711 eo
2884 3669 3160 3725 peragam.

194 3753 357 3809 αὑτὸν
390 3750 612 3822 πληρῶν
634 3749 735 3820 τῆς
758 3750 922 3822 ἐμῆς,
951 3750 1020 3804 δι’
1048 3749 1217 3820 αὐτῆς
1244 3748 1344 3818 τῆς
1366 3747 1642 3820 ἐνεργείας
1670 3744 1768 3821 την

196 3846 255 3903 ὲν
280 3844 430 3916 αὑτῷ
466 3844 760 3913 ποιήσομαι
785 3840 1097 3912 ὁμολογίαν.

266 3978 417 4050 Πλὴν
465 3974 775 4049 ἐπιρρώσας
812 3975 1008 4040 αὐτοὺς
1036 3973 1247 4028 ἐλπίσιν
1276 3972 1505 4041 ἀγαθαῖς
1534 3971 1623 4025 διὰ
1668 3971 1769 4043 τῆς

1938 3962 2231 4034 Postquam
2268 3963 2387 4018 illos
2429 3966 2613 4035 priore
2656 3963 2818 4019 cli‘ato
2863 3965 2915 4019 in
2950 3963 3225 4036 egregiam
3276 3978 3426 4034 spem

194 4068 462 4139 τοσαύτης
481 4067 832 4137 ἐπαγγελίας.
868 4065 1182 4139 ἐπιστρέφει
1222 4065 1384 4118 πάλιν
1410 4065 1535 4127 τοὺς
1570 4064 1767 4128 αὐτοὺς

1867 4065 2152 4121 erexerat,
2207 4071 2399 4111 rursus
2452 4066 2688 4111 attentos
2739 4058 2871 4111 facit
2921 4072 3039 4120 eos,
3087 4055 3431 4112 terribiliori-

196 4160 263 4215 δι’
299 4157 526 4228 ἀπειλῆς
574 4156 952 4227 φοϐερωτέρας
979 4153 1262 4223 ἐπιλέγων,
1297 4154 1400 4217 ὅτι,
1438 4152 1547 4207 Τὸν
1587 4154 1769 4221 ἀρνη-

1868 4148 1969 4203 bus
2005 4148 2166 4202 minis
2195 4148 2493 4202 admonens
2525 4147 2641 4203 fore
2683 4157 2742 4201 nt
2773 4148 2886 4219 ipse
2921 4159 3209 4219 negantem
3242 4163 3303 4205 se
3337 4163 3434 4202 ne-

200 4249 466 4319 σὰμενον
514 4246 952 4315 ἀπαρνήσομαι.
984 4244 1321 4313 Ἀναγκαίως
1357 4242 1413 4296 δὲ
1447 4243 1539 4297 καὶ
1564 4242 1768 4314 ταύτην

1870 4254 1978 4315 get.
2026 4241 2346 4298 Necessario
2403 4252 2583 4298 autem
2651 4243 2749 4298 has
2797 4257 3013 4314 quoque
3076 4243 3207 4313 ipsis
3256 4243 3432 4297 minas

199 4343 380 4405 αὐτοῖς
414 4338 792 4394 ἐπανετείνατο
806 4337 903 4408 τὴν
932 4335 1179 4405 ἀπειλήν,
1212 4335 1287 4398 ὡς
1312 4333 1379 4389 ἂν
1407 4334 1481 4406 μὴ
1505 4350 1770 4405 καταφρο-

1872 4333 2124 4398 intendit,
2157 4348 2226 4387 ne
2255 4333 2391 4388 forte
2418 4333 2708 4403 aliquando
2732 4334 3009 4405 negligant
3049 4334 3224 4402 ipsum
3264 4332 3433 4388 confi-

198 4436 419 4506 νήσαιεν
444 4431 543 4501 τῆς
586 4432 665 4493 εἰς
704 4428 866 4482 αὐτὸν
912 4426 1220 4498 ὁμολογίας,
1256 4425 1490 4497 ἔμπαλιν
1525 4425 1582 4479 δέ
1620 4426 1768 4490 ὅπως

1870 4426 1972 4480 teri
1995 4426 2031 4491 ,'
2070 4424 2422 4494 vicissimque
2474 4432 2535 4478 ut
2591 4438 2789 4493 negare
2838 4438 2961 4477 eum
3008 4423 3433 4492 perhorrescant

200 4527 471 4599 φρίττοιεν
500 4523 595 4594 τὴν
622 4523 848 4594 ἄρνησιν
880 4518 1171 4590 τῆςιαύτοῦ
1212 4519 1533 4590 μαρσυρίας,
1559 4517 1644 4572 διὰ
1669 4516 1765 4589 τήν

1872 4527 2094 4590 propter
2117 4527 2531 4574 consecuturum
2558 4518 2678 4589 ejus
2707 4517 2783 4571 rei
2819 4530 3055 4586 pmnam,
3089 4530 3280 4585 nempe
3307 4516 3430 4583 quia

199 4614 665 4673 ἐπακολουθοῦσαν
694 4614 829 4683 αὐτῇ
862 4612 1147 4683 τιμωρίαν,
1184 4612 1305 4682 ἥτις
1327 4606 1395 4682 ἦν
1420 4610 1482 4663 τὸ
1514 4610 1648 4682 πρὸς
1669 4608 1763 4663 τοῦ

1870 4624 1899 4662 a
1934 4608 2073 4665 Filio
2105 4608 2198 4664 Dei
2232 4609 2592 4680 negabuntur.
2620 4608 2851 4663 Perinde
2896 4621 3024 4661 vero
3054 4614 3136 4659 est
3168 4602 3352 4674 negari
3400 4618 3430 4656 ιι

201 4709 327 4764 Υἱοῦ
348 4709 441 4762 τοῦ
473 4705 608 4761 Θεοῦ
631 4706 948 4777 ἀρνηθῆναι.
973 4704 1198 4775 Ὅμοιον
1229 4704 1274 4756 δ’
1299 4703 1366 4757 ἂν
1395 4702 1479 4774 είη
1508 4703 1567 4755 τὸ
1600 4703 1767 4775 ἀρνη-

1866 4701 2051 4769 Patre,
2104 4709 2268 4770 atque
2306 4715 2335 4754 a
2370 4700 2461 4755 Dei
2493 4698 2760 4769 sapientia
2805 4697 3011 4765 negari,
3056 4705 3111 4751 et
3142 4696 3253 4748 vita
3293 4693 3436 4748 exci-

202 4803 356 4873 θῆναι
382 4798 488 4853 ὑπὸ
522 4798 617 4852 τοῦ
669 4797 880 4870 Πατρὸς
912 4797 990 4867 τῷ
1036 4796 1338 4867 ἀρνηθῆναι
1389 4795 1493 4848 ὑπὸ
1539 4796 1638 4864 τῆς
1673 4794 1765 4847 τοῦ

1869 4791 2018 4857 dere,
2054 4789 2280 4860 luceque
2311 4789 2534 4860 privari,
2564 4798 2622 4843 et
2661 4788 2808 4842 omni
2839 4788 2979 4842 bono
3013 4784 3231 4854 depelli.
3263 4783 3433 4839 Porro

201 4894 331 4948 Θεοῦ
360 4894 570 4963 σοφίας,
596 4891 689 4946 καὶ
717 4890 794 4961 τῷ
818 4892 1067 4944 ἐκπεσεῖν
1099 4888 1198 4958 τῆς
1236 4886 1399 4956 ζωῆς,
1431 4886 1524 4939 καὶ
1546 4885 1624 4956 τῷ
1653 4902 1771 4938 στε-

1871 4882 1986 4936 inec
2026 4882 2205 4935 omnia
2237 4896 2419 4935 coram
2474 4880 2635 4935 Patre
2672 4880 2881 4935 ctelesti
2928 4877 3159 4948 perpeti,
3207 4885 3261 4932 et
3313 4891 3434 4947 spe-

205 4984 432 5055 ρηοῆναι
457 4981 551 5035 τοῦ
574 4979 772 5049 φωτὸς,
795 4978 890 5032 καὶ
916 4976 993 5048 τῷ
1025 4975 1241 5030 πάντων
1263 4972 1370 5027 τῶν
1396 4971 1616 5041 ἀγαθῶν
1643 4972 1771 5025 ἁπο-

1870 4971 2146 5026 Ctantibus
2175 4971 2383 5041 angelis
2415 4969 2802 5038 pr0pemotlum
2837 4977 2962 5022 ante
2985 4966 3224 5021 divinum
3254 4965 3433 5036 ipsum

205 5074 481 5143 ϐληθῆναι.
518 5073 591 5125 Τὸ
632 5071 688 5124 δὲ
733 5071 827 5124 καὶ
857 5068 1034 5123 ταῦτα
1085 5069 1262 5124 πάντα
1300 5065 1489 5119 παθεῖν
1539 5063 1767 5118 ἐνώπιον

1874 5064 2109 5118 tribunal
2139 5063 2512 5126 condemnari,
2546 5072 2599 5116 et
2630 5061 2772 5117 illius
2800 5075 2966 5131 regno
2998 5058 3218 5130 expelli,
3247 5057 3433 5129 quidni

204 5162 297 5216 τοῦ
321 5163 530 5232 [ἰατρὸς
550 5162 642 5215 τοῦ
671 5161 729 5214 ἐν
756 5164 867 5224 τοῖς
892 5162 1159 5233 οὐρανοῖς,
1188 5159 1282 5213 καὶ
1321 5158 1412 5210 ἐπὶ
1459 5155 1567 5211 τῶν
1606 5154 1771 5225 ἁγγέη

1397 5159 1412 5209 ι
1459 5155 1567 5211 τῶν
1606 5154 1771 5225 ams.
1876 5155 2067 5223 quovis
2108 5169 2319 5209 summo
2348 5152 2614 5223 supplicio
2662 5150 2814 5222 pejus
2856 5151 2977 5207 sit?

208 5258 317 5311 λων
366 5256 642 5328 μονονουχὶ
694 5258 820 5328 παρ’
856 5257 1039 5320 αὐτοῖς
1088 5257 1196 5319 τοῖς
1244 5253 1409 5317 θείοις
1446 5251 1649 5323 βήμασι
1726 5247 2149 5320 κατακριθέντας
2201 5246 2296 5302 καὶ
2349 5246 2685 5320 ἀποὸλήτους
2730 5244 3051 5320 γενομένους
3107 5243 3205 5317 τῆς
3267 5240 3433 5298 αὑτοῦ

210 5351 498 5423 βασιλείας,
534 5351 692 5415 ποίας
735 5351 836 5407 οὐκ
866 5352 930 5405 ἂν
963 5350 1172 5421 γένοιτο
1201 5350 1379 5421 χεῖρον
1424 5346 1659 5417 ἐσχάτης
1684 5345 1987 5418 τιμωρίας;

278 5552 323 5584 ’δ
355 5556 484 5608 Ler.
514 5566 578 5620 tt,
607 5550 692 5606 13.
771 5550 818 5585 ³⁸
853 5550 1045 5608 Matth.
1089 5565 1145 5617 ν,
1186 5550 1275 5607 l3.
1349 5550 1394 5584 “
1424 5549 1612 5607 Matth.
1645 5565 1701 5616 ι,
1728 5548 1817 5614 '52,
1842 5548 1935 5603 35.

276 5751 389 5823 (96)
422 5753 554 5810 Coll.
590 5753 654 5809 A.
692 5751 730 5808 f.
778 5751 899 5809 166.
932 5751 984 5806 1).
1020 5752 1152 5809 Cod.
1183 5751 1247 5806 ι.
1304 5753 1327 5806 ί
1392 5753 1459 5809 94
1506 5751 1563 5808 In
1592 5762 1740 5807 utro.
1842 5789 1856 5818 α

1849 5752 1910 5817 β.
1947 5749 2327 5823 Θεοφανείας,
2357 5764 2478 5823 cum
2519 5747 2849 5823 compendiis
2876 5748 2928 5806 in
2981 5748 3218 5806 secundo
3277 5760 3429 5802 voca-

208 5818 308 5895 que
344 5818 528 5881 codice
555 5823 885 5895 prmponitur
904 5823 1205 5892 fragmento
1248 5823 1439 5879 titut'us
1468 5826 1761 5880 Εὐσεόίου
1871 5822 2014 5890 bulo,
2060 5818 2122 5877 ut
2168 5822 2219 5876 in
2266 5820 2690 5888 praecedentibus
2733 5818 2869 5874 dixi.
