4170 6406
529 347 630 405 667
1176 343 1447 402 EUSEBII
1482 346 1960 407 CAESARIENSIS
1997 348 2148 406 OPP.
2188 349 2370 405 PARS
2408 349 2496 405 iV.
2537 379 2604 388 —-
2644 345 3066 403 DOGMATICA.
3650 341 3753 398 668

1234 460 1376 520 xw.
2117 473 2164 530 Α
2831 465 2927 530 ις’
2963 460 3094 534 (97).

599 553 734 608 Dum
783 552 860 608 ait
909 551 1172 610 Dominus
1203 555 1269 620 ",
1295 569 1356 612 se
1389 555 1608 613 venisse
1637 566 1694 612 ut
1723 557 1959 628 gladium
1991 559 2091 613 im-

2269 559 2378 630 (98)
2407 558 2594 626 Λέγων
2619 556 2799 628 μέντοι
2822 557 2851 610 ό
2879 553 3100 624 Κύριος,
3149 552 3231 606 ὅτι
3267 549 3392 619 Πῦρ
3436 543 3624 620 ἦλθον
3647 549 3756 613 ,βα-

531 646 787 712 mltteret,
823 658 999 716 neque
1048 653 1108 699 ut
1151 659 1341 714 pacem
1371 645 1546 710 daret,
1580 647 1676 703 sed
1709 655 1765 700 ut
1799 649 1978 718 potius
2007 665 2094 705 se-

2196 649 2350 713 .lsir,
2378 649 2476 704 καὶ
2501 651 2610 703 οὐκ
2639 647 2885 716 εἰρήνην
2909 646 3136 710 δοῦναι,
3163 642 3326 698 ἀλλὰ
3347 641 3753 711 διαμερισμὸν,

531 736 870 805 parationem
904 735 1152 801 inferret,
1187 736 1272 792 bis
1311 737 1492 794 verbis
1519 738 1703 794 docuit
1742 739 1884 795 baud
1916 750 2091 811 grata,

2198 739 2440 792 ἐδίδασκε
2457 738 2544 792 διὰ
2564 738 2786 802 τούτων,
2809 738 2890 790 ὅτι
2927 735 3000 807 μὴ
3033 734 3101 788 τὰ
3128 735 3257 805 φίλα
3287 732 3420 804 μηδέ
3450 730 3518 784 τὰ
3552 729 3752 804 συνήθη

531 839 710 896 neque
763 825 949 881 multis
995 834 1276 894 consueta,
1329 842 1506 899 neque
1543 828 1780 897 jucunda
1841 831 2092 886 daturum

2197 832 2308 894 τοῖς
2345 829 2558 892 πολλοῖς
2592 829 2685 882 καὶ⁸
2731 826 2797 882 τά
2842 827 2972 898 ήδέα
3022 824 3356 896 παραδώσων
3413 821 3635 894 ἐλήλυθε
3677 820 3757 893 τῷ

531 917 731 970 mundo
773 916 1077 981 advenisse,
1130 918 1225 973 sed
1273 917 1397 973 talia
1441 933 1562 987 quae
1606 920 1739 990 ipsis
1767 929 1928 978 erunt
1973 922 2095 992 igne
2162 920 2165 923 ’

2162 920 2165 923 ’
2200 920 2320 992 βίῳ,
2346 920 2482 976 ἀλλά
2504 919 2677 974 ταῦτα
2703 918 2739 975 ἀ
2768 918 2832 990 δὴ
2866 916 3038 990 πυρὸς
3073 917 3254 980 αὐτοῖς
3284 915 3503 970 ἔσεσθαι
3530 931 3755 968 καυστι-

533 1005 833 1072 urentiora,
880 1007 1179 1076 nequitiam
1224 1008 1519 1079 quamlibet
1568 1017 1625 1064 et
1669 1011 1864 1067 animat
1896 1011 2095 1081 impro-

2199 1010 2430 1084 κώτερα,
2458 1012 2634 1066 πᾶσαν
2657 1009 2851 1065 κακίαν
2888 1009 2983 1062 καὶ
3029 1007 3327 1080 μοχθηρίαν
3364 1005 3540 1077 ψυχῆς
3569 1004 3757 1076 ὥσπερ

534 1094 760 1152 bitatem
810 1112 913 1153 ceu
970 1098 1199 1154 alienam
1251 1101 1532 1155 materiem
1579 1115 1801 1171 prorsus
1839 1105 2094 1160 combus-

2198 1103 2480 1174 ἀλλοτρίαν
2507 1100 2637 1172 ὕλην
2665 1099 3094 1169 καταφλέξαντα,
3122 1099 3214 1152 καὶ
3235 1096 3432 1169 χρυσοῦ
3457 1097 3609 1168 δίκην
3621 1096 3759 1168 λαμ-

541 1195 688 1253 tura,
737 1195 791 1243 et
836 1189 953 1244 auri
988 1191 1162 1245 instar
1191 1190 1451 1261 cujusque
1479 1192 1716 1247 animam
1752 1193 2091 1251 illustratura

2201 1190 2472 1264 πρύνοντα
2519 1191 2697 1243 πᾶσαν
2747 1188 2923 1258 ψυχὴν
2960 1187 3072 1241 τῶν
3109 1184 3555 1256 παραδεξομένων
3594 1181 3757 1238 αὑτοῦ

535 1281 628 1350 qui
677 1295 795 1336 eam
828 1282 936 1336 vim
973 1280 1282 1352 receperit;
1331 1297 1426 1351 per
1454 1297 1613 1352 quam
1665 1298 1789 1340 mox
1834 1295 2094 1356 tanquam

2198 1282 2296 1355 τὴν
2311 1281 2556 1353 δύναμιν·
2580 1281 2646 1334 δι’
2668 1273 2735 1352 ἦς
2755 1281 2876 1333 ὅσον
2890 1278 3041 1332 οῦπω
3073 1277 3282 1348 μέλλειν
3312 1275 3583 1346 μαχαίρας
3606 1275 3758 1346 δίκην

537 1369 718 1436 gladio
748 1371 1086 1438 acutissimo,
1118 1385 1316 1441 genere
1348 1373 1488 1427 inter
1515 1388 1576 1430 se
1611 1373 1798 1431 aﬁines
1843 1390 2096 1445 separare

2199 1373 2463 1445 ὀξυτάτης
2510 1371 2734 1444 διαιρεῖν
2779 1372 2904 1433 τοὺς
2943 1370 3083 1424 κατὰ
3119 1368 3272 1438 γένος
3321 1367 3568 1438 ἀλλήλοις
3597 1382 3764 1439 προσ-

495 1525 500 1531 ,
539 1478 645 1518 non
681 1464 1068 1531 demorabitur,
1104 1465 1176 1520 ita
1219 1473 1278 1518 ut
1323 1464 1464 1520 ﬁlios
1513 1480 1544 1520 a
1597 1465 1842 1534 patribus
1870 1468 2093 1536 dividat,

2200 1467 2453 1538 ήκοντας,
2480 1465 2608 1518 ὥστ’
2636 1463 2914 1535 ἀφορίζειν
2937 1462 3084 1526 υἱοὺς
3108 1459 3327 1529 γονέων,
3350 1459 3446 1514 καὶ
3460 1458 3759 1529 θυγατέρας

496 1574 500 1578 λ
541 1551 680 1609 ﬁlias
727 1570 757 1609 a
788 1556 1069 1620 matribus,
1113 1571 1282 1611 nurus
1329 1571 1358 1610 ει
1390 1557 1673 1624 socrubus,
1713 1559 1964 1615 rationali
2014 1560 2096 1614 itt-

2205 1559 2473 1630 μητέρων,
2505 1556 2600 1610 καὶ
2635 1554 2849 1626 νύμφας
2879 1553 2986 1607 τῶν
3018 1551 3370 1624 κηδεστριῶν,
3404 1551 3508 1604 ὑπὸ
3535 1549 3628 1604 τοῦ
3672 1550 3760 1603 λο-

540 1659 703 1713 quam
755 1647 859 1701 telo
911 1647 1206 1717 divinoque
1249 1648 1452 1717 gladio,
1499 1658 1553 1704 et
1612 1649 1798 1705 divino
1846 1651 2099 1707 salutari-

2200 1649 2354 1718 γικοῦ
2395 1648 2583 1720 βέλους
2623 1649 2715 1702 καὶ
2753 1646 2852 1716 τῆς
2884 1644 3068 1716 θεῖκῆς
3099 1644 3370 1716 μαχαίρας
3400 1642 3492 1696 τοῦ
3525 1659 3585 1695 τε
3613 1641 3757 1696 θείου

539 1751 644 1805 que
676 1738 815 1806 igne,
864 1747 922 1792 ut
956 1738 1194 1793 melioris
1227 1739 1395 1812 frugis
1449 1741 1694 1798 homines
1737 1743 1804 1797 ad
1853 1742 2094 1798 caelestia

2202 1740 2293 1794 καὶ
2316 1739 2580 1810 σωτηρίου
2611 1739 2800 1810 πυρὸς,
2845 1737 2951 1792 τῶν
2992 1741 3046 1792 ἐν
3090 1736 3391 1810 ἀνθρώποις
3442 1734 3765 1806 κρειττόνων

540 1828 802 1884 desideria
855 1829 1290 1897 inﬂammentur,
1347 1847 1522 1903 neque
1572 1833 1775 1889 diutius
1836 1835 2098 1901 cumim-
2131 1821 2173 1880 Β

2131 1821 2173 1880 Β
2204 1833 2295 1886 ἐπὶ
2320 1831 2411 1885 τὸν
2436 1830 2682 1903 οὐράνιον
2698 1829 2859 1884 πόθον
2884 1829 3282 1901 ἐξαπτομένων,
3307 1827 3399 1882 καὶ
3423 1826 3618 1898 μηκέτι
3640 1827 3766 1879 οἴων

540 1919 724 1987 probis
753 1921 1066 1977 societatem
1101 1923 1302 1979 habere
1332 1926 1637 1994 patiantur:
1674 1936 1835 1996 atque
1869 1927 1941 1982 ita
1972 1926 2100 1983 hinc

2199 1942 2258 1978 τε
2292 1924 2475 1996 φέρειν
2496 1922 2593 1995 τὴν
2625 1921 2763 1994 μετά
2790 1921 2899 1975 τῶν
2924 1920 3142 1990 φαύλων
3172 1919 3455 1974 συνουσίαν
3479 1935 3492 1950 ⁸
3524 1917 3650 1971 ὥστ’
3685 1919 3767 1970 ἐν-

541 2008 674 2076 ipsis
719 2010 877 2066 civile
924 2013 1124 2068 bellum
1175 2018 1368 2071 merito
1417 2015 1697 2081 conﬂetur,
1753 2018 1956 2089 iniquis
2001 2034 2102 2090 pa-

2202 2015 2348 2070 θένδε
2375 2015 2596 2079 εἰκότως
2635 2014 2727 2068 τὸν
2772 2013 3032 2085 ἐμφύλιον
3088 2014 3270 2077 αὐτοῖς
3317 2009 3768 2085 ἀναῤῥιπίζεσθαι

542 2100 716 2156 tribus
762 2102 947 2159 ﬁdeles
992 2104 1129 2161 ﬁlios
1177 2109 1667 2178 persequentibus,
1710 2099 1976 2166 matribus
2027 2110 2105 2163 ir-

2203 2108 2459 2179 πόλεμον,
2497 2106 2748 2178 πατέρων
2787 2105 2884 2176 μὲν
2929 2105 3144 2175 φαύλων
3173 2105 3308 2167 υἱοῖς
3359 2104 3569 2165 πιστοῖς
3607 2103 3772 2154 ἐπαν-

543 2193 808 2262 religiosis
841 2196 976 2250 filias
1019 2197 1180 2267 frugi,
1210 2200 1474 2255 socrubus
1507 2201 1708 2270 pariter
1736 2217 1904 2257 nurus
1931 2215 2101 2257 suas:

2205 2197 2527 2270 ισταμένων,
2561 2197 2811 2269 μητέρων
2849 2195 2904 2249 δὲ
2941 2196 3116 2250 ἀθέων
3165 2195 3465 2264 θυγατράσι
3508 2192 3769 2265 σώφροσι,

545 2284 662 2348 ipso
706 2285 915 2340 scilicet
953 2287 1069 2342 haec
1107 2298 1384 2359 operante,
1432 2291 1557 2344 dum
1611 2291 1966 2345 humanarum
1996 2292 2107 2346 ani-

2204 2289 2532 2362 κηδεστριῶν
2559 2306 2619 2342 τε
2639 2288 2897 2352 ὡσαύτως
2920 2290 3038 2352 ταῖς
3071 2287 3277 2341 ἑαυτῶν
3306 2287 3544 2358 νύμφαις
3563 2303 3576 2315 ·
3607 2282 3772 2338 αὑτοῦ

545 2389 755 2430 marum
810 2377 1074 2432 delectum
1132 2381 1340 2446 habet,
1390 2389 1445 2434 et
1511 2381 1767 2436 invisibili
1814 2383 2106 2454 divinaque

2202 2383 2355 2437 ταῦτ’
2388 2381 2735 2454 ἐνεργοῦντος
2750 2383 2806 2435 ἐν
2821 2379 2898 2451 τῷ
2919 2379 3293 2451 στρατολογεῖν
3315 2377 3412 2442 τὰς
3435 2377 3542 2430 τῶν
3564 2377 3658 2431 ἀνθ
3669 2375 3773 2447 ρώ-

545 2467 784 2532 potentia
833 2469 975 2524 inter
1025 2471 1125 2528 has
1174 2473 1475 2537 discernit;
1525 2484 1580 2528 et
1648 2475 1835 2545 dignas
1887 2477 2103 2544 quidem

2207 2492 2323 2528 πων
2350 2474 2548 2545 ψυχάς,
2573 2473 2668 2526 καὶ
2694 2471 2793 2536 τὰς
2813 2472 2969 2538 ἀξίας
2991 2470 3091 2526 τοῦ
3126 2469 3260 2524 Θεοῦ
3306 2471 3581 2542 βασιλείας
3633 2468 3778 2522 ἐκλέ-

545 2561 716 2628 gratia
745 2575 841 2616 sua
893 2577 957 2617 ac
1005 2564 1314 2630 vocatione,
1362 2581 1460 2635 pro
1507 2566 1722 2622 virtutis
1763 2568 1957 2622 merito
1986 2582 2110 2622 eun-

2207 2563 2421 2632 γεσθαι,
2449 2563 2667 2636 ἀοράτῳ
2686 2579 2746 2615 τε
2784 2561 2880 2615 καὶ
2913 2560 3069 2633 θεῖκῇ
3093 2560 3320 2632 δυνάμει
3356 2561 3413 2613 ἐν
3445 2560 3631 2630 μέσοις
3657 2558 3778 2612 τού-

546 2651 776 2717 scribit,
836 2653 1080 2723 indignas
1129 2665 1306 2710 autem
1361 2657 1629 2712 electione
1685 2672 1781 2712 sua
1851 2658 2105 2715 secernit.

2207 2673 2319 2719 τοις
2348 2656 2519 2709 ἆπασι
2544 2655 2840 2726 διακρίνειν
2874 2653 2984 2726 (99)
3005 2669 3022 2686 ⁸
3073 2652 3168 2707 καὶ
3198 2657 3324 2716 τοὺς
3349 2651 3447 2722 μὲν
3479 2648 3658 2715 ἀξίους
3681 2650 3779 2720 τῆς

548 2740 673 2796 Haec
715 2742 767 2796 in
831 2753 1170 2799 antecessum
1214 2746 1395 2801 divina
1465 2747 1774 2818 provisione
1828 2747 2108 2817 discipulis

2208 2746 2370 2800 αὐτοῦ
2393 2746 2616 2818 χάριτός
2651 2763 2710 2800 τε
2767 2745 2860 2800 καὶ
2903 2745 3148 2815 κλήσεως
3184 2743 3496 2815 ἀριστίνδην
3539 2741 3780 2796 ἀποϐάλ-

545 2829 868 2898 exponebat,
903 2830 1145 2886 futurum
1172 2831 1446 2889 afﬁrmans
1474 2837 1632 2890 civile
1665 2822 1866 2891 bellum
1893 2847 2109 2906 propter

2208 2837 2342 2902 λειν,
2385 2839 2509 2901 τοὺς
2553 2836 2597 2890 δ’
2634 2837 2886 2902 ἀναξίους
2941 2836 3039 2907 τῆς
3086 2834 3318 2905 ἐκλογῆς
3370 2834 3649 2906 ἀφορίζειν
3683 2832 3777 2905 (l).

548 2933 700 2972 suam
737 2919 1060 2988 doctrinam,
1097 2932 1152 2976 et
1195 2939 1256 2978 se
1295 2926 1469 2995 ignem
1507 2943 1884 2994 accensurum,
1913 2937 1966 2983 et
1995 2928 2110 3000 gla-

2211 2929 2395 2983 Ταῦτα
2429 2927 2710 3001 προλαϐὼν
2739 2928 2906 3000 ἐνθέῳ
2956 2926 3259 3000 προγνώσει
3291 2924 3621 2979 διεστέλλετο
3649 2923 3785 2995 πρὸς

549 3007 694 3061 dium
729 3025 826 3078 per
852 3012 1038 3066 domos
1067 3012 1462 3081 immissurum,
1493 3026 1547 3072 et
1575 3018 1680 3071 vim
1716 3033 1867 3074 suam
1898 3033 1994 3088 per
2016 3034 2110 3075 co-

2209 3025 2335 3088 τοὺς
2371 3021 2637 3094 μαθητάς,
2695 3018 3103 3092 μαρτυρόμενος
3145 3018 3236 3070 τὸν
3278 3017 3540 3088 μέλλοντα
3586 3017 3785 3087 συστήτ

549 3101 831 3167 gnationes
861 3104 1255 3169 discursuram,
1294 3117 1354 3160 ut
1392 3123 1420 3161 a
1470 3109 1645 3163 noxiis
1691 3113 2005 3180 parentibus
2037 3112 2113 3166 af-
2139 3155 2181 3213 ο

551 3191 848 3213 η,,.,,,,,,η
1261 3199 1275 3213 .
1331 3200 1368 3213 ..
1597 3201 1610 3213 .
1767 3212 1772 3213 γ
1876 3202 1898 3213 -

2139 3155 2181 3213 C
2215 3108 2399 3161 σεσθαι
2435 3107 2696 3179 ἐμφύλιον
2716 3107 2946 3176 πόλεμον
2973 3106 3061 3160 διὰ
3083 3106 3210 3169 τοὺς
3241 3105 3406 3159 αὐτοῦ
3437 3105 3628 3174 λόγους
3649 3121 3664 3137 ο
3694 3106 3786 3158 καὶ¹

551 3191 854 3262 ﬁnibusque
895 3194 1134 3262 dividat,
1182 3199 1275 3254 sed
1331 3200 1440 3256 Deo
1493 3201 1817 3272 coniungat;
1871 3202 2106 3260 futuram
2139 3191 2181 3213 ν

2139 3191 2181 3213 ν
2213 3199 2289 3264 ὡς
2313 3199 2425 3272 πῦρ
2478 3199 2688 3270 ἐξάψει,
2719 3199 2815 3252 καὶ
2857 3199 3133 3269 μάχαιραν
3161 3195 3388 3268 ἐμϐαλεῖ
3427 3196 3549 3249 κατ’
3583 3195 3784 3260 οἴκους,

551 3282 750 3353 quippe
787 3284 1072 3355 plurimam
1123 3288 1464 3347 inimicitiam
1522 3302 1578 3348 et
1620 3309 1852 3366 pugnam
1891 3311 2107 3351 suorum

2215 3292 2309 3345 καὶ
2344 3290 2485 3344 κατά
2536 3291 2852 3360 συγγενείας
2900 3289 2934 3361 ἡ
2982 3287 3145 3342 αὑτοῦ
3187 3288 3436 3359 δύναμις,
3480 3289 3788 3361 χωρίζουσα

552 3375 782 3430 militum
817 3379 1101 3435 adversum
1138 3381 1294 3437 aliter
1321 3383 1584 3450 viventes,
1627 3386 1678 3440 in
1718 3387 1963 3443 domibus
2000 3388 2114 3443 sin-

2219 3382 2317 3454 μὲν
2337 3382 2445 3436 τῶν
2462 3381 2770 3437 ἐπιϐλαόῶν
2790 3381 2990 3451 γονέων
3007 3380 3103 3435 καὶ
3131 3380 3427 3450 συγγενῶν,
3448 3380 3791 3434 συνάπτουσα

552 3465 726 3535 gulis;
788 3467 914 3522 dum
981 3470 1071 3525 alii
1135 3471 1500 3543 irreligiosos,
1552 3475 2009 3546 intemperantes,
2060 3485 2117 3533 et

2215 3473 2274 3528 δὲ
2304 3473 2383 3545 τῷ
2414 3472 2551 3545 Θεῷ,
2583 3473 2679 3527 καὶ
2727 3475 2793 3544 τῇ
2841 3471 2949 3526 τῶν
2997 3471 3243 3543 οὐρανῶν
3307 3471 3554 3542 βασιλείᾳ
3597 3471 3793 3525 ἐνοῦσα

553 3573 776 3626 asperos
807 3570 1084 3617 sectantur
1119 3579 1330 3632 mores;
1375 3566 1461 3620 alii
1497 3567 1768 3632 modeste,
1801 3569 2114 3639 composite,

2217 3566 2345 3630 τοὺς
2375 3565 2557 3631 ἀξίους
2581 3564 2748 3635 αὐτῆς
2771 3581 2785 3595 ·
2824 3563 3043 3617 ἔσεσθαι
3076 3563 3184 3633 γάρ
3219 3561 3478 3632 πλείστην
3503 3561 3633 3630 ὅσην
3679 3561 3793 3613 δια-

555 3648 753 3720 pieque
784 3651 988 3708 vivunt.
1022 3653 1158 3710 l-linc
1186 3655 1366 3710 odium
1398 3671 1560 3726 grave
1590 3657 1899 3727 bellumque
1930 3659 2118 3713 incon-

2219 3654 2391 3727 φοράν
2415 3671 2474 3707 τε
2499 3653 2595 3707 κα)⁸
2621 3653 2800 3726 μάχην
2827 3652 2933 3706 τῶν
2951 3651 3116 3706 αὐτοῦ
3148 3651 3490 3722 στρατιωτῶν
3510 3650 3644 3721 πρὸς
3666 3651 3793 3714 τοὺς

556 3737 790 3795 ciliabile
841 3740 894 3794 in
942 3741 1173 3811 singulis
1213 3742 1431 3799 familiis
1477 3745 1768 3801 conﬂatum
1816 3746 2119 3802 iri.—Dei

2218 3747 2476 3812 ἐναντίως
2514 3746 2741 3814 ζῶντας,
2777 3745 2897 3800 καθ’
2927 3746 3155 3800 ἕκαστον
3183 3740 3350 3808 οἶκον,
3399 3743 3478 3814 τῷ
3523 3743 3647 3806 τοὺς
3693 3742 3792 3812 μὲν

560 3831 806 3886 notitiam
863 3842 1027 3904 atque
1077 3833 1406 3903 amicitiam,
1459 3852 1618 3906 quam
1674 3839 1951 3908 discipulis
2009 3841 2120 3896 suis

2218 3840 2310 3894 τὸν
2341 3839 2637 3893 ἀκόλαστον
2665 3839 2759 3892 καὶ
2784 3838 2941 3894 ἄθεον
2973 3837 3066 3892 καὶ
3111 3837 3353 3908 δυσμενῆ
3395 3835 3639 3906 μετιέναι
3675 3835 3791 3905 βίου

557 3921 902 3990 conciliabat,
938 3925 1240 3995 animaeque
1279 3927 1838 3996 imperturbationem,
1885 3937 1939 3985 et
1971 3944 2121 3984 men-

2220 3930 2440 4002 τρόπον,
2473 3930 2600 3993 τοὺς
2625 3929 2682 3983 δὲ
2709 3929 2799 3983 τόν
2832 3929 3084 4000 σώφρονα
3116 3931 3210 3982 καὶ
3244 3928 3465 3997 κόσμιον
3489 3927 3583 3979 καὶ
3624 3928 3797 3978 ἐπιει-

557 4014 631 4068 tis
673 4016 1018 4070 serenitatem
1048 4017 1378 4090 ﬁrmumque
1410 4030 1633 4087 statum,
1665 4021 1814 4091 pacis
1856 4021 2121 4076 vocabulo

2222 4023 2326 4093 κῆ·
2351 4022 2432 4076 διὸ
2476 4021 2541 4094 δὴ
2571 4021 2768 4094 ἔχθραν
2799 4021 2976 4094 δεινὴν
3002 4022 3098 4074 καὶ
3137 4020 3372 4091 πόλεμον
3423 4018 3683 4074 ἄσπονδον
3733 4021 3799 4071 ἐκ

561 4107 846 4161 denotans.
893 4106 1033 4164 Vere
1076 4110 1220 4164 enim
1281 4111 1366 4166 illa
1417 4127 1522 4181 pax
1574 4121 1688 4176 est,
1739 4126 1858 4182 quae
1909 4109 2121 4181 iustitia

2225 4113 2414 4167 τούτου
2456 4112 2820 4182 συστήσεσθαι
2856 4115 2939 4182 ἐφ’
2974 4112 3209 4183 ἑκάστης
3245 4110 3561 4180 συγγενείας
3592 4109 3691 4181 (2).
3725 4139 3801 4150 —-

562 4195 657 4252 Dei
699 4206 753 4250 et
796 4198 997 4266 pietate
1033 4199 1315 4270 gloriatur.

2227 4205 2340 4277 Τὴν
2376 4205 2513 4276 πρὸς
2563 4204 2695 4258 Θεὸν
2728 4203 2928 4273 γνῶσίν
2957 4221 3016 4258 τε
3045 4205 3139 4258 καὶ⁵
3170 4203 3372 4272 φιλίαν,
3406 4201 3467 4272 ἣν
3499 4204 3610 4265 τοῖς
3629 4199 3797 4254 αὐτοῦ

563 4291 848 4364 προύξένει
887 4293 1171 4365 μαθηταῖς,
1215 4297 1316 4368 τήν
1345 4314 1406 4350 τε
1444 4298 1546 4367 τῆς
1575 4297 1752 4370 ψυχῆς
1803 4297 2120 4368 ἀταραξίαν,
2159 4299 2253 4353 καὶ
2279 4298 2541 4370 λογισμοῦ
2567 4298 2629 4352 τὸ
2655 4298 2885 4370 γαληνὸν
2945 4298 3041 4352 καὶ
3096 4295 3354 4377 εὐσταθὲς
3383 4294 3570 4347 τοῦτον
3586 4294 3798 4347 ἀποκα-

561 4387 669 4441 λῶν
696 4388 787 4442 τὸν
817 4389 1016 4461 τρόπον
1033 4407 1046 4421 ·
1083 4390 1158 4461 (5)
1195 4391 1382 4464 εἰρήνη
1417 4392 1524 4463 γάρ
1551 4392 1718 4456 ὅντως
1738 4393 1922 4465 ἐκείνη
1955 4394 2122 4458 ἐστὶν,
2147 4397 2180 4467 ή
2202 4398 2258 4449 ἐν
2293 4398 2360 4466 τῇ
2379 4394 2689 4465 δικαιοσύνῃ
2717 4393 2812 4447 τοῦ
2839 4393 2974 4446 Θεοῦ
3008 4392 3103 4446 καὶ
3127 4391 3377 4460 εὐσεϐείᾳ
3401 4388 3794 4460 σεμνυνομένη.

637 4479 1022 4537 Verumtamen
1081 4485 1194 4538 haec
1253 4485 1602 4555 praecipiebat
1644 4482 1925 4550 Servator,
1971 4486 2115 4541 baud
2151 4491 2202 4550 ι)

2151 4491 2202 4550 ι)
2298 4485 2373 4557 (ι)
2404 4485 2551 4558 Πλὴν
2589 4483 2762 4546 ταῦτα
2795 4484 3099 4538 διετάττετο
3138 4485 3166 4536 ό
3200 4481 3422 4553 Κύριος,
3456 4480 3557 4534 οὐκ
3589 4480 3795 4532 ἀντινο-

564 4573 816 4643 equidem
857 4586 1045 4630 contra
1090 4575 1291 4649 Moysis
1345 4577 1516 4649 legem
1565 4577 1831 4646 dicentem
1863 4596 1876 4634 :
1905 4576 2126 4633 Honora

2237 4577 2477 4650 μοθετῶν
2505 4577 2582 4649 τῷ
2610 4577 2868 4647 φάσκοντι
2900 4575 3049 4649 παρά
3076 4576 3320 4638 Μωῦσεί,
3357 4573 3500 4642 Τίμα
3542 4571 3652 4626 τὸν
3683 4585 3807 4624 ,ιτα-Δ

635 4690 680 4723 ³⁷
712 4689 901 4745 Matth.
929 4707 982 4755 x,
1017 4691 1108 4746 54.

639 4780 751 4858 (97)
787 4781 843 4836 Ιιι
879 4782 1068 4858 codice
1095 4783 1242 4858 A._f.
1292 4782 1395 4858 lilii
1436 4781 1796 4858 fragmentum
1846 4784 1959 4858 hoc
1995 4784 2133 4858 gerit
2238 4782 2286 4836 Θη

2121 4791 2133 4836 ι
2238 4781 2373 4858 Θεφῖι
2401 4780 2507 4858 est
2538 4777 2743 4858 τῷνμῇ
2784 4777 3058 4858 mite)!-
3156 4847 3168 4858 .
3262 4847 3272 4858 .
3608 4842 3666 4858 .,,
3730 4841 3768 4858 ί.

566 4842 852 4925 perspicue
897 4853 1108 4925 titulum
1152 4853 1449 4925 Εὐσεὸίσυ
1488 4842 1742 4925 δευτέρῳ
1775 4853 1892 4925 (vel
1930 4842 2131 4925 δεὲῡτέ-

2234 4920 2275 4925 _
2309 4853 2384 4920 (1)
2411 4851 2537 4925 llaec
2591 4851 2641 4903 in
2669 4842 2910 4920 'S'yriaca
2975 4847 3352 4925 Τζιεορίιᾳηίαε,
3369 4842 3468 4900 lib.
3497 4857 3572 4925 tv,
3602 4842 3689 4906 19..
3722 4842 3799 4925 ait

568 4912 710 4995 ρουδ
729 4922 1105 4992 Θεοφανείας.
1135 4923 1449 4995 Διῳιίιιιιιιό
1480 4912 1722 4995 δευτέρω
1747 4912 1996 4995 mendum
2022 4924 2133 4995 exi-

2234 4912 2500 4995 En‘se'bius
2540 4936 2597 4976 se
2632 4912 2962 4995 _su_t_itere.ex
2999 4912 3282 4995 _Hebraico
3313 4913 3628 4995 Evangelia:
3653 4912 3808 4980 quod‘

572 4979 732 5044 'stim'o
778 4979 1121 5047 arﬁanuensis
1154 4979 1245 5060 qui
1285 4979 1337 5045 in
1385 4979 1696 5060 antiquiore.
1718 4993 1903 5048 codice
1947 4993 1995 5046 le
2035 4993 2139 5046 erit
2235 4991 2366 5046 alibi
2405 4993 2568 5045 etiam
2599 4991 2666 5044 ab
2701 4988 2932 5043 Eusebio
2962 4989 3186 5042 citatum
3225 4994 3408 5054 postea
3440 4979 3760 5037 videbimus.

575 5061 804 5114 litteram
844 5061 893 5114 δ.
922 5061 1436 5114 lauarto.nravenne
1469 5061 1820 5114 exulicaverit
1859 5007 2134 5114 δευτξοω.
2306 5061 2381 5114 (2i
2416 5060 2538 5114 Ilazc
2582 5058 2735 5114 valde
2767 5067 3069 5114 congruunt
3116 5073 3237 5113 cum
3288 5053 3514 5114 Theoph.
3568 5051 3694 5114 Syr.
3722 5067 3760 5106 ll

575 5061 804 5144 litteram
834 5061 893 5142 .6,
922 5061 1145 5144 (quarto,
1165 5051 1436 5144 piaveqne
1469 5051 1820 5144 eipli‘eiaverit
1859 5051 2134 5144 δευτέρη).

2236 5061 2381 5144 “(2)
2416 5060 2538 5116 Haec
2582 5058 2735 5114 valde
2767 5067 3069 5129 congruunt
3116 5051 3238 5113 cuni
3288 5053 3514 5122 ΤΙιεορή.
3568 5051 3694 5122 Syr.
3722 5065 3805 5114 tv,

574 5130 784 5196 Reapse
832 5130 886 5184 in
930 5129 1556 5201 Syriaca’Theophania,’
1601 5133 1695 5189 lib.
1741 5148 1814 5195 tv,
1857 5132 1926 5185 12
1950 5143 2005 5185 et
2034 5129 2132 5196 ⁷28,
2235 5129 2326 5186 28.

575 5189 752 5275 sermo
777 5209 862 5275 est
885 5189 1217 5275 de'tiissi_tliis
1259 5189 1520 5270 bellisque
1539 5189 1858 5258 domesticis
1899 5217 1964 5256 ac
1993 5189 2130 5256 civi;
2263 5271 2274 5275 Α
2312 5201 2388 5270 (5)
2413 5199 2752 5275 Vid_es_bu_nc
2789 5196 3062 5275 praecipue
3095 5195 3276 5275 locum
3319 5189 3803 5275 adamassimnper-

578 5267 718 5344 libus
749 5268 1022 5338 religionis
1063 5259 1516 5344 diversmcausa;
1553 5285 1855 5341 quanquam
1886 5280 2130 5344 uestrum
2239 5259 2411 5325 linere
2460 5269 2526 5323 ad
2556 5259 2844 5344 §yriacain
2911 5259 3321 5344 Theopfmniqm,
3347 5261 3465 5344 "lib.
3501 5259 3696 5344 tv,“l2,
3725 5260 3806 5344 ita,

580 5330 933 5414 fragmentum
993 5339 1203 5395 nonnisi
1256 5340 1450 5396 alicubi
1495 5330 1620 5396 cuin
1676 5330 1950 5414 prmdictis
1999 5341 2133 5396 locis
2241 5351 2418 5414 tamen
2453 5348 2511 5392 ut
2547 5330 2767 5394 Graecus
2821 5345 3000 5392 textus
3035 5330 3163 5390 mihi
3220 5332 3448 5388 lucidior
3499 5330 3808 5397 meliorque

579 5409 848 5464 congruit.
1676 5409 1693 5414 '
2240 5411 2508 5464 videatur.

654 5422 885 5549 ἳξι.
906 5477 1030 5549 Syr.
1059 5493 1131 5543 ιν,
1167 5478 1254 5534 ιε.
1777 5548 1784 5549 ί
2008 5547 2016 5549 _

2240 5422 2697 5549 Ϊηέἳῗιῗιτόοιιίοε
2719 5476 2784 5529 Α.
2823 5474 2862 5528 f.
2899 5475 3032 5549 204.
3061 5484 3517 5549 ρει-εριοιιςι-ειιρι
3549 5477 3802 5549 corriget»

652 5534 764 5618 (99)
819 5534 966 5622 Sine"
999 5534 1159 5622 dubio
1191 5549 1422 5617 pertinet
1471 5549 1733 5622 ad_bunc
1773 5548 1949 5604 locum
1996 5547 2142 5618 frag-
2241 5534 2566 5622 didt’antun}
2614 5547 2667 5601 in
2711 5546 2954 5622 secundo
2977 5534 3582 5622 vocabtiio.;_EdssStou
3613 5534 3805 5622 ﬂgitio;

584 5605 822 5688 mentum
867 5616 1081 5688 (Eusebii
1117 5605 1415 5673 ίιιῖὲοιειιιι
1440 5605 1519 5674 ιιιί
1559 5619 1868 5673 Μιιιιιιειειιιη
1910 5633 2039 5688 cap.
2082 5605 2139 5688 ἱ,

2242 5619 2484 5688 τετάρτῳ
2522 5613 3119 5688 ﬂectendum-Eusebii
3151 5627 3216 5667 ea:
3256 5611 3387 5666 libro
3415 5605 3811 5665 auatfo’Tlteoe

584 5687 676 5751 ⁸54,
702 5687 830 5771 edit.
857 5685 1120 5771 (impleri,
1157 5703 1209 5771 p‘.
1233 5689 1320 5771 δέ.
1359 5691 1618 5771 Ιςέὺκσεϐίου
1650 5685 2005 5771 Καισαρείαςζ
2032 5687 2143 5767 Τὴν

826 5728 830 5742 .
857 5685 1120 5771 (impleri,
1157 5703 1209 5771 p‘.
1233 5689 1320 5771 δέ.
1359 5691 1618 5771 Ιςέὺκσεϐίου
1650 5685 2005 5771 Καισαρείαςζ
2032 5687 2143 5767 Τὴν
2243 5685 2473 5761 plaudite.

589 5757 854 5830 τμητικὴν
886 5755 1201 5832 (μάχαιραν)
1231 5761 1309 5823 εἰς
1340 5759 1399 5812 τὸ
1422 5760 1643 5833 διαιρεῖν
1671 5760 1794 5823 τοὺς
1831 5755 2011 5825 ἀξίους
2049 5755 2143 5810 τοῦ
