4170 6406
389 407 492 463 669

1730 395 1816 464 ni:
1851 393 2308 466 "ftitbPiIANlA.

3511 406 3616 462 670

388 525 530 591 τέρα
567 537 684 577 σου
716 524 811 578 καὶ
863 542 978 593 την
998 525 1227 595 μητέρα
1259 540 1397 593 σου,
1435 526 1602 598 νόμῳ,
1641 526 1871 597 βεϐαιῶν
1902 525 1958 577 δὲ

2059 538 2257 595 patrem
2291 537 2436 581 tuum
2473 544 2519 582 et
2564 537 2781 582 matrem
2815 537 2959 578 tuam
2983 525 3060 590 ³⁸;
3090 525 3196 580 imo
3234 533 3288 579 et
3333 525 3479 580 illam
3523 526 3616 581 fir—

391 616 640 669 κάκεῖνον
673 615 767 668 καὶ
824 617 1350 688 ἐπισφραγιζόμενος
1389 619 1477 673 διὰ
1509 619 1610 688 τῆς
1651 618 1958 689 κρείττονος

390 707 881 780 xatéwe).sa1épag
901 709 1116 779 ἐντολῆς
1140 710 1238 781 τῆς
1267 709 1358 763 τὸν
1387 709 1517 763 Θεὸν
1546 710 1605 775 ἐξ
1627 709 1752 778 ὅλης
1783 708 1958 779 ψυχῆς

389 799 609 868 ἀγαπᾷν
638 799 1108 871 διακελευομένης.
1131 801 1349 873 Πατέρα
1381 803 1478 874 μὲν
1494 803 1601 873 γάρ
1631 801 1725 855 καὶ
1747 802 1958 873 μητέρα

389 891 553 960 τιμᾷν
588 891 747 943 παντί
778 909 856 961 τῳ
896 892 1124 962 νόμιμον
1157 893 1298 946 κατά
1330 893 1489 963 φύσιν
1509 910 1524 923 ’
1572 893 1722 956 ϐντος
1757 892 1813 946 δὲ
1845 894 1960 946 ἐτέ-

392 1000 484 1054 ρου
525 982 731 1053 πατρὸς
775 982 869 1036 τοῦ
907 984 1000 1038 καὶ
1036 983 1143 1037 τῶν
1187 986 1590 1056 γεγεννηκότων
1629 987 1954 1059 κρείττονος,

390 1074 588 1140 αὐτούς
617 1093 676 1128 τε
705 1073 1176 1147 ὑποστησαμένου,
1211 1072 1279 1148 ἦν
1312 1077 1369 1130 δὲ
1402 1069 1557 1141 οὗτος
1612 1077 1644 1130 ὁ
1681 1075 1776 1129 τοῦ
1821 1076 1956 1129 Θεοῦ

391 1168 587 1237 Λόγος,
639 1169 668 1222 δ
701 1167 768 1221 τὰ
806 1167 1576 1240 προκείμενα.διαταττόμενος
1600 1207 1616 1233 ,
1649 1166 1710 1220 οὐ
1758 1167 1957 1239 χρῆναί

391 1277 523 1331 φησι
540 1286 558 1312 ι
579 1259 934 1332 ὑπερϐάλλειν
967 1263 1030 1332 τῇ
1052 1260 1204 1333 φιλία
1219 1262 1344 1325 τοὺς
1367 1260 1428 1314 τὸ
1462 1260 1619 1332 σῶμα
1639 1259 1959 1330 γεγεννηκό-

389 1369 487 1416 τας
539 1352 633 1405 τοῦ
673 1352 774 1415 τὴν
817 1352 1040 1424 λογικὴν
1093 1352 1541 1424 ὐποστησαμένου
1586 1353 1788 1422 Λόγου’
1824 1353 1959 1407 ἀλλά

390 1441 658 1507 κάκείνοις
687 1443 784 1513 μὲν
801 1443 1200 1516 προσφέρεσθαι
1214 1447 1341 1516 τιμῇ
1365 1447 1430 1516 τῇ
1449 1444 1616 1516 πάσῃ,
1644 1444 1878 1498 διαθέσει
1897 1461 1957 1497 τε

390 1527 452 1603 τῇ
485 1533 856 1605 προσηκούσῃ,
891 1534 1039 1605 αὐτῷ
1085 1535 1141 1587 δὲ
1181 1533 1625 1606 ὑπερϐαλλόντως
1654 1535 1714 1588 τὸ
1743 1535 1958 1607 πρῶτον

389 1621 682 1692 ἀπονέμειν
714 1621 896 1685 σέϐας,
931 1622 1289 1692 ὐπεραγαπᾷν
1335 1639 1393 1674 τε
1436 1622 1530 1674 καὶ
1578 1621 1750 1690 φιλεῖν
1796 1621 1958 1674 αὐτὸν

389 1710 531 1782 ὑπὲρ
563 1712 769 1775 πάντας
792 1727 807 1742 ο
837 1711 912 1774 ὡς
946 1711 1019 1782 μὴ
1055 1713 1335 1765 κατοκνεῖν
1351 1711 1418 1764 δι’
1451 1713 1612 1766 αὐτὸν
1638 1712 1730 1766 καὶ
1755 1711 1957 1780 γονέων

387 1801 598 1857 ἀσεϐῶν
629 1799 953 1867 διίστασθαι,
977 1801 1070 1853 καὶ
1102 1799 1277 1854 ἀθέων
1309 1800 1550 1869 ἀδελφῶν
1578 1799 1954 1871 ἀφορίζεσθαι,

389 1887 537 1953 υίούς
567 1907 626 1944 τε
661 1889 752 1944 καὶ
790 1889 1092 1960 θυγατέρας
1125 1889 1581 1962 ἀποστρέφεσθαι,
1618 1904 1712 1944 και
1757 1894 1822 1962 τῇ
1861 1890 1955 1942 τοῦ

389 1978 560 2047 Λόγου
609 1979 994 2050 τμητικωτάτῃ
1053 1979 1295 2051 μαχαίρᾳ
1336 1979 1540 2033 τούτων
1589 1981 1844 2035 ἁπάντων
1890 1981 1957 2035 τὰ

389 2067 592 2136 φυσικά
611 2069 920 2123 διακόπτειν
943 2070 1161 2141 φίλτρα,
1195 2070 1243 2122 εί
1269 2069 1518 2140 ἐμποδών
1547 2088 1676 2124 ποτε
1720 2072 1959 2140 γένοιντο

388 2163 454 2232 τῇ
491 2162 618 2232 περὶ
646 2161 807 2215 αὐτὸν
835 2161 1046 2216 εὐσεϐεῖ
1072 2161 1326 2216 διαθέσει.
1370 2161 1462 2215 Διὸ
1497 2162 1739 2236 ἀκριϐῶς
1779 2164 1837 2216 ἐν
1878 2161 1956 2234 τῷ

388 2251 652 2320 Ματθαίῳ
685 2252 788 2323 ἔφη
813 2269 826 2282 ·
871 2253 924 2305 Ὁ
963 2250 1155 2321 φιλῶν
1191 2253 1416 2323 πατέρα
1458 2253 1497 2323 ἢ
1537 2254 1762 2324 μητέρα
1805 2255 1956 2323 ὑπὲρ

385 2341 491 2408 ἐμὲ
521 2345 630 2397 οὐκ
659 2343 790 2397 ἐστι
812 2360 931 2413 μου
956 2342 1150 2409 ἅξιθςο
1181 2345 1364 2415 χώραν
1395 2346 1492 2416 μὲν
1519 2344 1626 2416 γὰρ
1648 2345 1735 2399 διὰ
1755 2344 1956 2399 τούτων

388 2434 484 2488 καὶ
513 2437 622 2497 τοῖς
648 2433 725 2505 τῷ
749 2435 895 2502 γένει
933 2436 1264 2507 προσήκουσι
1295 2435 1582 2500 διαθέσεως
1622 2435 1958 2506 κατελίμπα-

388 2542 476 2578 νεν
497 2544 510 2555 ’
537 2526 675 2596 ὑπὲρ
690 2525 848 2579 αὐτὸν
869 2525 926 2578 δὲ
954 2525 1130 2578 οὐκέτ’
1156 2527 1336 2590 αὐτοῖς
1363 2527 1655 2598 συνεχώρει
1673 2527 1953 2598 τιμᾶσθαι,

385 2617 506 2694 οὐδὲ
544 2617 629 2671 διὰ
662 2617 758 2688 τὴν
790 2617 870 2681 είς
911 2617 1000 2670 τὸν
1033 2619 1248 2689 πατέρα
1281 2619 1432 2685 αἰδῶ,
1478 2619 1511 2690 ἢ
1560 2619 1656 2690 τῆς
1693 2619 1955 2689 τεκούσης

388 2707 570 2771 ἕνεκα,
605 2708 637 2778 ἦ
671 2708 834 2780 χάριν.
853 2709 950 2780 τῆς
994 2710 1130 2781 πρὸς
1177 2711 1245 2764 τὰ
1281 2710 1512 2780 φίλτατα
1551 2711 1804 2782 στοργῆς,
1839 2710 1957 2774 ἐξό-

391 2799 623 2869 μνυσθαι
662 2800 761 2871 τὴν
798 2801 960 2854 αὐτοῦ
1006 2803 1208 2870 φιλίαν,
1242 2802 1378 2857 ἀλλὰ
1410 2803 1580 2872 φιλεῖν
1615 2803 1713 2873 μὲν
1766 2803 1956 2859 κάκεί-

390 2907 531 2956 νους,
567 2890 644 2955 ὡς
666 2893 759 2945 καὶ
788 2893 882 2946 τοῦ
933 2895 1030 2966 τῆς
1062 2895 1274 2963 φύσεως
1305 2895 1468 2965 νόμου
1527 2896 1620 2948 καὶ
1668 2895 1762 2948 τοῦ
1810 2895 1956 2952 θείου

387 2979 545 3050 λόγου
560 2983 714 3035 τοῦτο
737 2983 1140 3056 διαγορεύοντος
1162 3003 1176 3016 ⁸
1214 2988 1373 3059 μέχρι
1402 2988 1459 3041 δὲ
1482 2987 1733 3042 τοσούτου
1759 2991 1953 3062 φιλεῖν,

393 3074 585 3145 μέχρις
607 3074 695 3128 ὅτε
726 3077 889 3148 μηδὲν
911 3078 1279 3132 καταϐλάπτει
1324 3080 1356 3150 ἡ
1393 3081 1518 3151 περὶ
1549 3081 1746 3147 αὐτοὺς
1777 3083 1955 3138 διάθε-

1984 1852 2032 1914 Β

2060 634 2212 673 maus
2245 617 2528 689 sigilloque
2575 619 2824 672 muniens
2853 631 2950 684 per
2987 615 3178 670 melius
3217 615 3613 687 perfectiusque

2057 719 2380 778 praeceptum
2423 719 2526 776 quo
2579 706 2744 761 Deum
2797 713 2907 760 tota
2967 706 3148 758 anima
3199 704 3423 774 diligere
3458 706 3615 776 jube-

2059 814 2180 854 mur
2202 799 2267 852 ³⁹.
2303 786 2435 852 Nam
2477 807 2702 867 patrem'
2728 798 2942 867 quidem
2981 804 3314 864 matremque
3346 795 3615 855 honorare

2059 890 2282 960 quilibet
2313 892 2473 946 hom'o
2495 893 2615 960 lege
2667 901 2870 944 naturae
2899 886 3073 942 debet.
3100 885 3205 942 Sed
3247 902 3368 941 cum
3403 897 3457 942 et
3477 888 3615 946 alius

2056 990 2209 1049 pater
2257 981 2333 1034 sit
2371 981 2709 1050 gignentibus
2739 979 2946 1044 melior,
2991 977 3080 1045 qui
3133 983 3188 1032 et
3237 977 3336 1033 bos
3386 979 3609 1046 creavit,

2057 1087 2247 1142 nempe
2292 1072 2459 1142 ipsum
2505 1070 2880 1134 Dei‘Verhum,
2916 1072 3003 1140 qui
3042 1071 3292 1140 praedicta
3335 1071 3611 1142 praecepit,

2058 1179 2162 1218 non
2195 1174 2440 1232 oportere
2484 1163 2553 1216 ait
2609 1163 2811 1232 majore
2849 1163 3036 1216 all'ectu
3085 1164 3340 1234 prosequi
3373 1164 3613 1231 corporis

2057 1255 2348 1325 genitores,
2373 1267 2532 1322 quam
2565 1253 2692 1307 illud
2724 1255 2862 1323 quod
2893 1254 3205 1308 ratioualem
3229 1262 3436 1321 partem
3458 1255 3613 1308 nobis

2057 1343 2252 1398 indidit
2290 1341 2520 1396 Verbum
2550 1359 2563 1394 :
2590 1341 2682 1396 sed
2713 1351 2764 1395 et
2794 1341 2897 1395 illis
2929 1356 3142 1396 omnem
3185 1343 3440 1395 honorem
3481 1357 3612 1397 con-

2057 1434 2475 1502 venienlemque
2515 1429 2761 1487 aﬂ‘ectum
2803 1433 3080 1498 exhibere,
3117 1442 3169 1487 et
3211 1433 3318 1487 Deo
3356 1433 3612 1488 eximium

2056 1541 2121 1582 ac
2163 1525 2461 1596 principale
2517 1525 2740 1579 reddere
2785 1525 3124 1594 obsequium,
3174 1525 3455 1594 ipsumque
3504 1539 3616 1595 pra

2056 1618 2311 1672 omnibus
2349 1631 2533 1670 amare
2563 1630 2624 1669 ac
2662 1614 2916 1683 diligere;
2945 1616 3016 1669 ita
3056 1623 3113 1667 ut
3143 1615 3364 1669 minime
3397 1627 3616 1671 cuncte-

2057 1725 2201 1772 mur,
2234 1724 2396 1762 causa
2443 1707 2558 1775 ejus
2603 1723 2630 1760 a
2661 1706 2974 1775 parentibus
3023 1707 3201 1775 impiis
3250 1707 3532 1770 dissidere,
3561 1714 3616 1760 et

2059 1802 2127 1856 ab
2169 1801 2480 1869 irreligiosis
2515 1800 2769 1854 fratribus
2799 1798 3068 1868 separari,
3111 1799 3352 1867 ﬁliosque
3389 1806 3441 1852 et
3480 1797 3614 1851 filias

2058 1893 2316 1956 aversari,
2342 1890 2610 1960 Vcrbique
2646 1889 2958 1944 acutissimo
3004 1889 3180 1957 gladio
3226 1889 3463 1941 omnium
3515 1889 3612 1942 ho~

2060 2000 2177 2040 rum
2222 1985 2497 2039 naturales
2537 1984 2826 2053 przecidere
2881 1981 3213 2043 alfectiones,
3252 1981 3295 2033 si
3333 1980 3469 2033 forte
3517 1995 3614 2034 nos

2060 2092 2090 2131 a
2115 2078 2205 2145 pio
2230 2092 2356 2148 erga
2407 2075 2571 2132 Deum
2620 2089 2804 2130 amore
2851 2074 3167 2143 impediant.
3201 2072 3618 2140 Diserteitaque

2059 2170 2198 2238 apud
2247 2169 2553 2224 Matthmum
2611 2168 2745 2222 dixit
2774 2183 2788 2221 :
2821 2165 2924 2232 Qui
2979 2175 3118 2218 amat
3146 2173 3342 2233 patrem
3375 2173 3466 2216 aut
3501 2180 3615 2216 ma-

2057 2271 2191 2315 trem
2235 2262 2352 2332 plus
2398 2276 2556 2330 quam
2598 2277 2699 2324 me,
2741 2275 2843 2312 non
2880 2265 2955 2312 est
2999 2273 3078 2310 me
3107 2256 3296 2326 dignus
3318 2255 3385 2307 ⁸⁸³.
3413 2253 3618 2324 Quippe

2057 2354 2144 2410 his
2206 2353 2406 2416 verbis,
2463 2352 2639 2405 locum
2699 2351 2952 2418 relinquit
3007 2349 3176 2402 amori
3229 2361 3442 2416 quoque
3489 2360 3615 2415 erga

2055 2455 2258 2514 genere
2298 2442 2612 2512 proximos;
2646 2441 2740 2496 sed
2772 2450 2947 2494 tamen
2981 2437 3125 2492 haud
3156 2438 3325 2506 magis
3360 2443 3520 2504 quam
3558 2449 3617 2490 se

2057 2535 2310 2590 honorari
2348 2532 2631 2587 concedit:
2668 2545 2842 2600 neque
2885 2541 3104 2602 propter
3144 2529 3313 2597 patris
3357 2527 3616 2581 matrisve

2059 2623 2441 2690 reverentiam,
2491 2633 2584 2678 aut
2632 2623 3042 2678 carissimorum
3089 2619 3364 2684 allectum,
3399 2618 3614 2688 ejurare

2061 2718 2154 2776 Dei
2219 2717 2548 2782 amicitiam;
2588 2715 2680 2771 sed
2722 2722 2777 2768 et
2825 2713 2948 2768 illos
2983 2713 3227 2783 diligere,
3264 2709 3515 2780 quoniam
3560 2708 3617 2761 id

2065 2820 2175 2868 tum
2205 2809 2294 2865 lex
2327 2819 2556 2873 naturae,
2578 2816 2685 2860 tum
2708 2806 2799 2860 Dei
2830 2803 3052 2860 verbum
3083 2801 3310 2870 jubent;
3343 2809 3398 2853 et
3423 2798 3618 2851 nihilo-

2057 2901 2236 2956 minus
2275 2913 2458 2954 amare
2494 2909 2742 2959 eatenus.
2779 2904 3044 2966 quatenus
3086 2908 3210 2961 erga
3264 2891 3362 2945 hos
3401 2889 3618 2942 dilectio

2059 2991 2190 3047 nihil
2232 2990 2476 3061 religioni
2513 2989 2622 3044 Deo
2664 2989 2855 3044 debita:
2894 2997 3072 3042 nocet.
3111 2986 3265 3053 Quod
3301 2983 3344 3040 si
3381 2982 3520 3039 forte
3563 2981 3616 3037 hi

2059 3081 2446 3152 impedimento
2475 3081 2606 3134 flant
2636 3077 2910 3150 religionis
2953 3075 3180 3146 legibus,
3212 3073 3618 3144 anleponendus

393 3179 476 3226 σις
503 3162 600 3235 τὴν
642 3164 776 3236 πρὸς
821 3164 910 3218 τὸν
954 3165 1086 3218 Θεὸν
1137 3165 1436 3220 εὐσέϐειαν.
1485 3169 1547 3221 Et
1597 3168 1657 3224 δὲ
1713 3171 1956 3243 μέλλοιεν

2059 3182 2141 3227 est
2181 3172 2477 3226 animarum
2503 3170 2662 3226 Pater
2697 3188 2712 3225 :
2762 3178 2881 3224 erat
2920 3179 3100 3222 autem
3151 3168 3273 3231 hic,
3316 3167 3486 3234 ipsum
3525 3165 3617 3219 Dei

391 3253 638 3324 ἐμποδών
673 3264 802 3307 ποτε
839 3249 981 3309 οὗτοι
1012 3255 1258 3325 γίνεσθαι
1279 3260 1392 3323 τοῖς
1417 3257 1512 3331 τῆς
1547 3260 1856 3324 θεοσεϐείας
1883 3263 1962 3316 νό-

395 3362 534 3416 μοις,
568 3346 931 3417 προτιμητέος
961 3347 990 3394 ὀ
1022 3347 1132 3404 τῶν
1159 3350 1345 3422 ψυχῶν
1377 3352 1566 3422 Πατήρ
1586 3369 1599 3383 ο
1630 3346 1784 3415 οὗτος
1804 3353 1860 3406 δὲ
1891 3349 1962 3426 ἦν

392 3436 552 3500 αὐτὸς
585 3437 613 3487 ὁ
642 3436 736 3490 τοῦ
776 3436 913 3495 Θεοῦ
949 3439 1118 3511 Λόγος
1139 3437 1174 3496 δ’
1195 3444 1366 3496 ταῦτα
1398 3443 1839 3514 διακελευόμενος
1868 3444 1962 3498 καὶ

389 3529 709 3599 νομοθετῶνο
737 3531 843 3588 δεῖν
865 3535 990 3598 τοὺς
1021 3535 1185 3587 αὐτοῦ
1221 3533 1554 3605 στρατιώτας
1587 3534 1726 3605 ὑπὲρ
1755 3535 1960 3599 πάντας

391 3627 517 3691 τοὺς
542 3626 619 3698 τῷ
642 3627 786 3695 γένει
812 3627 1183 3697 προσήκοντας
1211 3626 1368 3679 αὐτὸν
1400 3627 1640 3696 ἀγαπᾷν,
1669 3626 1804 3698 μηδὲ
1832 3645 1963 3698 προ-

392 3719 556 3788 τιμᾷν
587 3718 687 3788 τῆς
735 3717 865 3787 περὶ
897 3716 1058 3769 αὐτὸν
1082 3716 1374 3779 διαθέσεως
1417 3716 1614 3788 φίλτρα
1661 3717 1878 3788 σαρκῶν
1927 3718 1960 3789 ἢ

397 3813 661 3884 σωμάτιον
711 3812 1047 3882 συγγενείας.
1107 3811 1240 3864 Τότε
1272 3809 1330 3863 δὲ
1365 3809 1458 3863 καὶ
1501 3811 1534 3882 ἡ
1591 3811 1830 3883 μάχαιρα
1867 3812 1958 3864 τοῦ

395 3904 527 3957 Θεοῦ
557 3906 588 3974 ἡ
620 3902 1028 3975 τμητικωτάτη,
1054 3902 1181 3965 τοὺς
1227 3900 1478 3968 ἀναξίους
1511 3902 1618 3955 ἀπὸ
1666 3902 1773 3957 τῶν
1797 3903 1962 3970 ἀξίων

393 3992 776 4059 διακόπτουσα,
807 3993 968 4046 διέλοι
1003 3993 1069 4047 ἂν
1110 3991 1333 4053 δικαίως
1363 3991 1473 4044 τῶν
1510 3993 1584 4064 μὴ
1625 3992 1835 4047 ἀσεϐῶν
1859 3995 1957 4065 (4⁸)

395 4084 598 4153 γονέων
625 4086 749 4149 τοὺς
779 4083 1021 4148 εὐσεϐεῖς
1044 4081 1374 4155 ἀφορίζουσα
1413 4083 1578 4146 υἱούς.
1598 4085 1864 4148 Ὡσαύτως
1885 4103 1962 4139 τι-

398 4175 595 4246 μητέον
647 4176 740 4228 καὶ
785 4175 1094 4245 ἀγαπητέον
1126 4173 1276 4235 υἱοὺς
1320 4173 1413 4225 καὶ
1451 4172 1754 4246 θυγατέρας
1776 4177 1960 4246 νόμοις

395 4267 630 4334 φύσεως,
664 4269 724 4320 οὐ
761 4267 869 4338 μὴν
918 4265 1048 4319 ὥσθ’
1077 4265 1262 4319 ἕνεκεν
1294 4265 1500 4319 τούτων
1531 4265 1786 4337 ἐξάρνους
1813 4269 1961 4336 γίνεο

396 4358 520 4412 σθαι
544 4358 639 4428 τῆς
688 4359 816 4429 περὶ
857 4357 1018 4410 αὐτὸν
1049 4357 1336 4427 ὁμολογίας
1355 4374 1370 4388 ο
1424 4356 1684 4428 μεγίστης
1707 4375 1765 4410 τε
1793 4375 1962 4430 τιμω-

397 4449 516 4520 ρίας
540 4449 888 4520 ἀπειλητικὴν
921 4449 1200 4520 προήκατο
1247 4449 1426 4520 φωνὴν
1469 4448 1637 4502 είπὼν
1678 4449 1817 4505 κατὰ
1861 4451 1960 4524 μὲν

2067 3261 2295 3318 Verbum
2331 3261 2444 3315 haec
2471 3259 2787 3330 przecipiens
2818 3268 2872 3314 et
2898 3257 2997 3312 has
3028 3256 3170 3326 leges
3204 3264 3446 3310 statuens
3473 3271 3486 3308 :
3519 3253 3617 3307 de-

2062 3354 2191 3408 bere
2235 3353 2444 3408 scilicet
2477 3351 2676 3408 milites
2715 3365 2843 3406 suos
2863 3363 3024 3419 supra
3052 3362 3241 3402 omnes
3267 3359 3464 3416 genere
3486 3359 3618 3398 con-

2057 3442 2273 3513 juuctos
2314 3443 2488 3512 ipsum
2532 3455 2717 3496 amare
2771 3454 2871 3494 nec
2916 3438 3188 3494 dilectioni
3227 3450 3337 3491 suae
3375 3433 3618 3489 carnales

2062 3531 2287 3589 affectus
2321 3546 2633 3603 praeponere
2661 3530 2746 3586 vel
2784 3544 3068 3596 corporum
3104 3526 3616 3594 consanguinitates.

2063 3624 2216 3680 Tunc
2255 3634 2434 3678 autem
2487 3622 2695 3693 gladius
2755 3620 2848 3675 Dei
2899 3609 3246 3676 acutissimus
3301 3617 3546 3687 indignos
3587 3632 3616 3669 a

2065 3717 2243 3784 dignis
2279 3716 2622 3785 prazcidendo
2669 3713 2813 3783 iuste
2852 3719 3117 3774 secernet,
3150 3709 3218 3764 ab
3252 3708 3430 3777 impiis
3463 3707 3620 3760 uimi-

2063 3822 2180 3861 rum
2227 3802 2543 3876 parentibus
2598 3803 2718 3873 pios
2755 3801 2892 3856 lilios
2925 3815 3206 3869 separans.
3251 3795 3517 3852 Similiter
3563 3795 3617 3851 in

2064 3897 2237 3968 pretio
2261 3895 2491 3951 habendi
2532 3902 2659 3948 sunt
2691 3901 2856 3962 atque
2892 3891 3108 3946 amandi
3144 3889 3236 3944 lilii
3268 3887 3499 3958 filiaeque
3525 3903 3608 3941 na-

2063 4001 2195 4044 tura:
2221 3987 2368 4060 lege;
2394 4001 2496 4041 non
2523 3985 2593 4039 ita
2624 3995 2821 4049 tamen,
2848 3991 2907 4035 ut
2928 3983 3120 4035 horum
3155 3995 3319 4034 causa
3347 3978 3619 4034 Christum

2061 4079 2304 4137 confiteri
2329 4090 2656 4132 recusemus.
2688 4073 3014 4142 Maximique
3044 4071 3288 4142 supplicii
3315 4085 3498 4125 vocem
3535 4070 3619 4124 in-

2059 4175 2232 4229 dicem
2262 4171 2644 4242 pronuntiavit,
2668 4169 2790 4221 dum
2815 4166 3199 4220 aitsecundum
3233 4164 3427 4219 Lucam
3455 4179 3470 4218 :
3500 4160 3624 4218 Non

2059 4273 2226 4336 potest
2248 4279 2390 4318 meus
2419 4278 2527 4317 esse
2548 4259 2836 4330 discipulus
2875 4258 2953 4325 δίς
3002 4258 3292 4312 secundum
3325 4271 3450 4311 vero
3489 4255 3624 4310 Mat-

2065 4357 2256 4411 thtrum
2277 4373 2289 4410 :
2313 4353 2434 4408 Non
2467 4364 2538 4407 est
2571 4369 2650 4406 me
2679 4351 2868 4422 dignus
2890 4349 2956 4408 δ’.
2976 4347 3344 4418 Siquidemqui
3377 4348 3492 4402 haec
3515 4348 3625 4400 aie-

2060 4449 2172 4510 bat,
2190 4444 2316 4500 illud
2335 4444 2504 4513 ipsum
2527 4451 2642 4497 erat
2661 4439 2987 4510 unigenitum
3005 4439 3073 4493 ab
3087 4437 3236 4492 initio
3255 4436 3346 4490 Dei
3366 4433 3620 4499 Verbum,

396 4517 628 4606 Λουκᾶν,
664 4517 745 4594 Οὐ
775 4517 1026 4595 δύναται
1053 4517 1174 4609 μου
1219 4517 1698 4610 εἷναι-μαθητής·
1733 4517 1874 4598 κατά
1900 4544 1958 4597 δὲ

2062 4539 2202 4610 quod
2237 4545 2320 4591 est
2351 4537 2485 4600 vita,
2508 4532 2790 4602 sapientia,
2842 4530 2953 4594 lux,
2987 4538 3041 4583 et
3083 4529 3320 4582 omnium
3365 4526 3622 4580 bonorum

395 4630 686 4694 Ματθαῖον,
722 4633 841 4685 Οὐκ
867 4632 999 4685 ἔστι
1035 4647 1154 4699 μου
1188 4630 1385 4695 ἄξιος·
1413 4631 1568 4702 εἴπερ
1597 4632 1626 4685 ό
1656 4631 1825 4685 ταῦτα
1866 4633 1956 4686 λέ-

395 4738 506 4790 γων
527 4722 685 4785 αὐτὸς
708 4724 913 4784 ἐκεῖνος
942 4717 1011 4793 ἦν
1043 4723 1071 4774 ὁ
1100 4723 1156 4775 ἐν
1196 4723 1335 4792 ἀρχῇ
1371 4722 1662 4792 μονογενὴς
1692 4724 1784 4776 τοῦ
1818 4724 1955 4779 Θεοῦ

2063 4629 2330 4687 cumulus.
2362 4625 2505 4697 Ergo
2545 4624 2709 4680 dictio
2738 4642 2751 4677 :
2787 4620 2908 4676 Non
2926 4630 2999 4675 est
3029 4636 3107 4674 me
3136 4619 3342 4689 dignus,
3367 4617 3504 4671 idem
3530 4629 3624 4668 va-

2061 4723 2307 4795 letquod,
2328 4720 2443 4775 Non
2460 4718 2562 4773 erit
2578 4717 2680 4772 vita
2700 4729 2870 4785 neque
2892 4713 2994 4768 alio
3009 4710 3244 4782 quolibet
3259 4709 3400 4764 bono
3415 4709 3625 4777 dignus.

395 4818 584 4886 Λόγος,
608 4818 766 4881 αὐτὸς
803 4816 877 4871 ὢν
921 4819 956 4888 ἡ
1007 4816 1120 4888 ζωὴ
1147 4819 1239 4870 καὶ
1270 4819 1302 4888 ἡ
1338 4817 1496 4884 σοφία
1514 4820 1607 4871 καὶ
1637 4819 1698 4872 τὸ
1729 4821 1843 4890 φῶς
1873 4827 1965 4879 καὶ
2030 4824 2090 4877 τὸ
2132 4823 2348 4876 πάντων
2400 4813 2617 4885 ἀγαθῶν
2687 4812 2985 4882 πλήρωμαο
3030 4807 3090 4859 τὸ
3139 4805 3289 4875 γοῦν,
3329 4804 3450 4857 Οὐκ
3493 4802 3628 4856 ἔστι

389 4929 507 4983 μου
533 4913 719 4978 ἄξιος,
743 4914 926 4983 ὅμοιον
958 4911 1023 4966 ἂν
1048 4913 1130 4986 εἴη
1157 4912 1254 4983 τῷ,
1307 4913 1420 4965 Οὐκ
1454 4913 1520 4966 ἂν
1567 4914 1774 4981 γένοιτο
1806 4917 1970 4988 Ρζωῆς
2008 4920 2175 4984 ἄξιος,
2203 4913 2310 4970 οὐδ’
2333 4911 2492 4967 ἄλλου
2525 4908 2668 4970 τινὸς
2693 4902 2917 4973 ἀγαθοῦ.

467 5005 778 5058 Ἐπιτείνων
805 5005 860 5058 δὲ
889 5006 1014 5068 τοὺς
1027 5005 1127 5074 τῆς
1144 5003 1321 5074 ψυχῆς
1343 5005 1547 5068 τόνους,
1567 5006 1782 5077 καὶτῆς,
1800 5006 1875 5071 ὡς
1899 5007 1965 5063 ἂν

397 5096 538 5148 εἴποι
570 5113 671 5158 τις,
703 5097 1095 5166 στρατιωτικῆς
1132 5095 1274 5149 κατὰ
1295 5095 1425 5148 Θεὸν
1451 5095 1700 5167 ἀνδρείας
1731 5097 1830 5168 τὴν
1862 5097 1966 5168 ῥώ-

401 5203 506 5256 μην
527 5185 913 5256 ἁναζωπυρῶν,
944 5185 1201 5254 ἐπιλέγει·
1229 5185 1338 5242 Καὶ
1364 5185 1430 5252 ὂς
1464 5188 1536 5240 οὐ
1556 5184 1836 5249 ,ϐαστάζει
1860 5188 1966 5241 τὸν

398 5278 661 5346 σταυρὸν
686 5278 872 5332 αὐτοῦ
900 5277 998 5332 καὶ
1028 5278 1260 5348 ἔρχεται
1291 5279 1483 5331 ὀπίσω
1515 5296 1654 5346 μου,
1685 5279 1757 5331 οὺ
1788 5277 1966 5331 δύνα-

398 5369 493 5422 ται
517 5387 634 5438 μου
665 5366 815 5424 εἷναι
835 5369 1104 5438 μαθητής
1122 5371 1208 5422 ὀὐ
1228 5370 1336 5443 γὰρ
1355 5369 1816 5441 πατέρων,φησὶν,
1845 5369 1964 5422 οὐδὲ

405 5459 676 5532 μητέρων,
704 5461 822 5513 οὐδὲ
850 5461 1003 5527 υἱῶν,
1031 5460 1150 5513 οὐδὲ
1175 5460 1486 5532 θυγατέρων
1517 5456 1673 5531 μδνον
1700 5460 1965 5531 προτιμᾶ-

403 5536 528 5605 σθαι
561 5555 822 5624 προσήκει
844 5553 940 5624 τὴν
972 5552 1108 5624 ἐμὴν
1135 5552 1334 5622 φιλίαν,
1362 5552 1495 5607 ἀλλά
1527 5553 1620 5605 καὶ
1652 5551 1745 5605 τοῦ
1784 5551 1966 5622 σώμαι

400 5656 490 5705 τος
515 5642 701 5709 αὐτοῦ,
737 5646 830 5698 καὶ
864 5644 1032 5715 αὐτῆς
1059 5643 1187 5715 ὅλης
1213 5645 1310 5715 τῆς
1336 5645 1672 5715 προσκαίρου
1700 5643 1863 5715 ζωῆς.
1893 5643 1966 5696 Τὸ

471 5758 517 5787 ³⁸
543 5757 708 5814 Exod.
745 5776 833 5824 xx,
867 5759 953 5814 te.
1028 5760 1072 5792 ³⁸
1097 5759 1283 5814 Matth.
1317 5774 1455 5823 xm,
1484 5759 1574 5814 '57.
1649 5759 1695 5791 ⁸⁸
1720 5758 1958 5813 Μαιαιά

2066 5795 2081 5810 .
2157 5755 2200 5787 ιι
2227 5753 2356 5810 Luc.
2381 5765 2490 5817 xw,
2517 5750 2610 5805 9.6.
2680 5751 2724 5783 δ’
2753 5750 2945 5810 Matth.
2973 5767 3029 5820 ι,
3057 5749 3145 5807 57.

2141 5007 2256 5062 Jam
2291 5019 2420 5058 vero
2465 4999 2822 5056 corroborans
2867 4995 3059 5047 anima:
3100 4997 3295 5045 nostra
3325 5003 3539 5052 nervos,
3569 4983 3624 5040 et

2070 5095 2338 5162 militaris,
2371 5102 2428 5146 ut
2456 5092 2528 5146 ita
2552 5089 2747 5152 dicam,
2781 5084 3072 5140 secundum
3107 5083 3272 5136 Deum
3295 5081 3626 5134 fortitudinis

2068 5189 2211 5243 vires
2241 5184 2564 5246 incendens,
2587 5176 2765 5249 pergit
2803 5175 2984 5230 dicere
3011 5188 3026 5227 :
3053 5171 3118 5226 Et
3154 5171 3244 5243 qui
3278 5185 3381 5224 non
3421 5168 3624 5239 bajutat

2070 5294 2274 5334 crucem
2302 5290 2453 5331 suam
2492 5281 2541 5327 et
2574 5271 2706 5325 venit
2737 5276 2855 5337 post
2878 5281 2978 5332 me,
3012 5281 3114 5318 non
3135 5271 3298 5332 potest
3346 5276 3488 5315 meus
3516 5275 3624 5315 esse

2069 5369 2356 5440 discipulus
2378 5366 2443 5419 ⁸³.
2476 5362 2591 5416 Non
2635 5359 2778 5415 enim
2811 5358 3054 5427 patribus
3098 5363 3299 5410 tantum
3329 5369 3392 5408 ac
3430 5353 3622 5407 matri-

2073 5464 2192 5524 hus,
2248 5459 2372 5513 filiis
2424 5454 2742 5521 filiabusque
2796 5457 3126 5519 anteponere
3174 5445 3366 5508 debet,
3414 5443 3619 5512 inquit,

2070 5559 2309 5606 amorem
2355 5547 2482 5610 mei,
2533 5544 2626 5600 sed
2661 5552 2715 5599 et
2759 5540 2968 5611 corpori
3013 5539 3249 5610 proprio,
3278 5545 3332 5590 et
3360 5536 3624 5590 universa:

2072 5641 2200 5696 huic
2231 5636 2510 5709 temporali
2545 5634 2689 5689 vitae.
2713 5633 2919 5702 Corpus
2944 5631 3124 5703 igitur,
3157 5645 3263 5701 quo
3285 5642 3426 5683 nunc
3446 5628 3623 5682 anima

3229 5747 3286 5798 ω
3315 5745 3456 5818 ibid.
3479 5743 3567 5802 58.

475 5853 583 5920 (ε’)
614 5849 709 5907 \le‘l
738 5852 1136 5920 dcicndumpﬂ,
1171 5851 1252 5906 vel
1293 5850 1575 5917 legendum
1602 5851 1863 5916 εὐσεϐῶν,
1901 5849 1958 5905 ni

2061 5848 2183 5904 ialis
2210 5847 2389 5917 legere
2417 5846 2541 5916 μήν.
2572 5843 2728 5900 Eon.
