4170 6406
549 329 647 384 67!

1254 322 1521 377 EUSEBll
1561 322 2034 380 CAESARIENSIS
2070 321 2219 376 OPP.
2260 320 2438 375 PARS
2478 319 2567 374 ιν.
2598 351 2669 360 -
2702 319 3122 378 ΒΟΟΜᾹἸΊΟᾹ.

3685 317 3785 372 372

552 441 869 504 includitur,
903 438 1224 506 crucifigere
1269 446 1505 505 oportet,
1534 445 1589 492 et
1632 437 1794 490 veluti
1848 445 2116 492 mortuum

2223 431 2352 503 γοῦν
2388 435 2564 505 σῶμα,
2600 433 2628 486 ὃ
2658 433 2963 503 περίκειται
2992 434 3140 504 νὺνή
3171 430 3336 505 ψυχὴ,
3369 431 3787 503 ἀνασταυρῶσαι

549 535 786 600 efﬁcere,
817 532 985 587 clavis
1018 530 1350 597 conligentcs
1375 529 1516 583 illius
1533 529 1851 599 cupiditates
1881 538 1935 583 et
1967 544 2116 584 mor-

551 627 840 690 tilicantes,
875 624 1012 679 adeo
1061 632 1118 676 ut
1165 637 1270 676 non
1302 621 1548 676 videatur
1581 620 1851 674 viventem
1885 619 2117 674 circum-

556 721 696 773 ferre
741 731 979 782 carnem,
1005 715 1099 770 sed
1151 713 1497 782 exstinctam,
1530 724 1583 767 et
1609 713 1806 767 divinis
1837 713 2118 781 praeceptis

558 809 895 863 transfixam.
967 807 1142 872 Atque
1207 803 1279 857 ita
1326 803 1534 868 anima,
1591 816 1710 872 qua:
1750 802 1853 856 alia
1905 810 2118 856 constat

554 896 856 953 substantia
911 894 1230 961 incorporea
1277 902 1334 946 et
1391 889 1784 956 intellectuali,
1837 889 2119 947 victoriale

556 1001 816 1059 tropreum
847 987 1108 1041 adversus
1133 985 1316 1039 hostes
1345 983 1588 1050 erigens,
1621 996 1822 1049 corpus
1870 997 1967 1035 ceu
2001 996 2119 1035 cru-

554 1097 672 1136 cem
706 1075 1062 1134 circumferre
1089 1075 1360 1137 videatur,
1407 1081 1462 1125 et
1505 1080 1777 1124 mortuum
1822 1069 1986 1124 veluti
2032 1069 2118 1123 in-

552 1180 912 1226 strumentum
971 1175 1190 1240 gestans
1241 1164 1607 1232 subsequatur
1656 1163 1922 1218 rationem
1984 1163 2116 1235 (seu

556 1260 813 1330 Verbum)
874 1257 1112 1328 praeclari
1174 1257 1344 1310 instar
1383 1254 1573 1309 militis
1605 1253 1698 1322 qui
1755 1254 1996 1308 victoria:
2053 1257 2120 1310 de

554 1352 799 1406 hostibus
851 1349 1133 1403 manubias
1165 1355 1336 1416 gerat.
1369 1344 1482 1400 Nisi
1513 1345 1662 1399 enim
1695 1345 1799 1400 hoc
1839 1349 1998 1403 modo
2028 1362 2116 1402 se—

553 1451 749 1510 quatur
779 1453 885 1501 me,
918 1438 1110 1506 inquit,
1141 1435 1436 1504 discipulus
1473 1449 1675 1504 corpus
1716 1450 1872 1488 suum
1904 1444 1963 1489 et
1995 1451 2118 1490 car-

557 1550 677 1588 nem
711 1529 1064 1592 mortificans,
1090 1538 1140 1581 et
1169 1527 1320 1596 quasi
1348 1526 1650 1582 exanimem
1682 1529 1971 1596 quamdam
2003 1543 2119 1582 cru-

553 1638 672 1676 cem
712 1620 816 1673 sibi
864 1619 1167 1687 imponeus,
1199 1618 1416 1672 minime
1464 1618 1534 1672 sit
1585 1632 1761 1685 neque
1789 1634 1910 1674 esse
1944 1618 2118 1689 possit

554 1728 640 1766 me
683 1710 895 1779 dignus.
942 1708 1168 1762 Culmen
1208 1708 1390 1775 itaque
1439 1709 1794 1778 philosophici
1826 1712 1992 1766 moris
2035 1712 2116 1766 his

2221 527 2508 595 προσήκει,
2539 525 2630 576 καὶ
2653 523 2840 595 ῶσπερ
2873 523 3064 595 νεκρὸν
3088 523 3517 596 ἀπεργάσασθαι,
3544 520 3789 591 καθηλώ-

2220 631 2417 676 σαντας
2447 613 2610 666 αὑτοῦ
2642 614 2883 684 τὰπάθη
2917 616 3009 667 καὶ
3042 611 3550 686 ἀπονεκρώσαντας,
3575 611 3649 674 ὡς
3681 628 3787 680 μη-

2217 703 2337 758 κέτι
2369 704 2541 759 δοκεῖν
2565 704 2742 768 ζῶσαν
2778 705 3094 776 περιφέρειν
3134 705 3331 775 σάρκα,
3357 703 3492 756 ἀλλά
3532 719 3790 772 νενεκρω-

2221 792 2407 864 μένην,
2440 794 2532 846 καὶ
2553 796 2666 856 τοῖς
2683 794 2846 857 θείοις
2875 794 3294 866 παραγγέλμασι
3319 792 3786 865 πεπερονημένην·

2217 884 2356 938 ὥστε
2389 887 2488 957 τὴν
2516 885 2712 958 ψυχὴν,
2738 887 2927 959 ἑτέρας
2947 885 3113 942 οὖσαν
3145 888 3333 950 οὑσίας
3361 886 3460 956 τῆς
3495 883 3786 955 ἀσωμάτου

2221 977 2313 1032 καλ⁵
2341 979 2553 1049 νοερᾶς,
2583 979 2839 1050 τρόπαιον
2887 981 3202 1051 νικητήριον
3252 981 3371 1032 κατ’
3407 977 3614 1050 ἐχθρῶν
3653 977 3790 1045 ἐγεί-

2220 1089 2437 1142 ρουσαν,
2478 1072 2540 1125 τὸ
2582 1071 2738 1141 σῶμα
2790 1072 3017 1144 σταυρὸν
3063 1072 3237 1126 δοκεῖν
3295 1070 3629 1142 περιφέρειν,
3691 1071 3787 1124 καὶ

2219 1162 2408 1233 νεκρὸν
2423 1161 2607 1234 ὥσπερ
2631 1163 2858 1235 ὄργανον
2889 1164 3302 1237 ἀχθηφοροὺσαν
3331 1164 3558 1218 ἕπεσθαι
3581 1163 3660 1235 τῷ
3700 1163 3790 1217 λό-

2219 1272 2300 1326 γῳ
2331 1255 2484 1326 δίκην
2509 1256 2756 1323 γενναίου
2790 1255 3117 1328 στρατιώτου
3157 1257 3222 1310 τά
3253 1257 3478 1329 βραῦεῖα
3508 1257 3604 1328 τῆς
3630 1255 3787 1326 νίκης

2219 1345 2340 1399 κατ’
2371 1345 2576 1416 ἐχθρῶν
2606 1346 3080 1417 ὲπικομιζομένου.
3111 1348 3173 1401 El
3218 1348 3327 1418 γὰρ
3364 1348 3438 1418 μὴ
3473 1346 3658 1400 τοῦτον
3697 1346 3788 1398 τὸν

2217 1439 2416 1510 τρόπον
2446 1438 2795 1511 ἀκολουθήσει
2831 1458 2941 1510 μοι,
2980 1441 3162 1512 φησὶν,
3193 1444 3220 1495 ὁ
3251 1441 3374 1512 ἐμοὶ
3420 1439 3790 1512 μαθητευόμε-

2218 1547 2326 1593 νος,
2353 1530 2413 1582 τὸ
2442 1528 2635 1583 ἑαυτοῦ
2672 1529 2833 1600 σῶμα
2876 1531 2972 1584 καὶ
3007 1532 3106 1602 τὴν
3141 1532 3319 1605 σάρκα
3355 1529 3654 1602 νεκρώσας,
3692 1528 3789 1588 καὶ

2217 1613 2327 1671 οἷόν
2351 1637 2467 1672 τινα
2496 1618 2725 1688 σταυρὸν
2747 1620 2948 1691 ἄψυχον
2968 1621 3339 1691 περιθέμενος,
3372 1619 3471 1673 οὑκ
3497 1619 3560 1672 ἀν
3583 1615 3790 1688 γένοιτό

2224 1729 2322 1782 μου
2361 1711 2527 1776 ἄξιος,
2554 1713 2671 1765 οὑδὲ
2694 1712 2904 1768 δύναιτο
2931 1707 3071 1767 εἶναι
3099 1711 3360 1783 μαθητής.
3400 1710 3698 1782 Ἀκρότητα
3726 1705 3789 1762 δὲ

552 1801 732 1854 verbis
777 1806 1147 1866 repra‘seutat,
1197 1798 1492 1867 discipulos
1527 1813 1654 1854 suos
1691 1809 1942 1869 tanquam
1973 1801 2120 1856 viros

2224 1779 2318 1856 καὶ
2343 1803 2428 1855 διὰ
2447 1803 2650 1860 τούτων
2676 1803 2962 1874 φιλοσόφου
2990 1779 3190 1876 τρόπου
3223 1779 3481 1874 παρίστη,
3503 1779 3638 1864 *τοὺς
3687 1800 3788 1853 οὑ-

553 1893 815 1946 militares
853 1890 920 1944 ad
977 1890 1252 1962 fastigium
1295 1890 1511 1946 virtutis
1565 1892 1930 1949 conscendere
1986 1894 2124 1950 iuvi—

553 1995 689 2042 tans.

624 2078 890 2144 Quoniam
938 2092 1043 2132 non
1096 2075 1266 2131 solum
1307 2075 1424 2144 plus
1454 2092 1614 2146 quam
1666 2087 1869 2146 patrem
1910 2093 1972 2132 ac
2009 2095 2122 2132 nia-

554 2177 689 2221 trem
715 2177 768 2221 ct
793 2168 1012 2229 liberos,
1049 2179 1236 2218 verum
1277 2166 1439 2220 etiam
1482 2166 1599 2235 plus
1643 2182 1802 2235 quam
1845 2169 2120 2236 proprium

553 2276 774 2330 corpus,
805 2259 1099 2314 amicitiam
1147 2259 1313 2327 ipsius
1362 2259 1735 2313 aestimandam
1780 2275 1899 2315 esse
1927 2262 2123 2315 docue-

555 2364 676 2416 rat;
707 2366 810 2406 uno
837 2351 1012 2405 adhuc
1059 2350 1284 2419 reliquo,
1322 2350 1495 2418 magis
1520 2350 1684 2404 etiam
1734 2367 1892 2417 quam
1926 2367 2122 2422 corpus

553 2441 885 2504 necessario,
932 2441 986 2494 id
1036 2450 1121 2495 est
1165 2441 1382 2506 anima;
1445 2455 1751 2496 sermonem
1812 2443 2118 2510 intendens,

553 2534 618 2588 de
649 2533 748 2586 hac
768 2546 979 2602 quoque
1009 2531 1078 2584 ita
1108 2531 1320 2586 locutus
1342 2543 1425 2586 est
1457 2551 1470 2585 :
1507 2532 1609 2598 Qui
1632 2549 1735 2586 non
1767 2533 1932 2588 oderit
1964 2536 2118 2588 etiam

555 2624 786 2677 animam
817 2639 988 2686 suam,
1020 2639 1122 2674 non
1147 2634 1314 2692 potest
1347 2641 1489 2678 meus
1520 2642 1630 2679 esse
1674 2625 1980 2693 discipulus.
2019 2627 2116 2682 Se-

555 2714 787 2769 cundum
830 2728 957 2766 vero
1011 2713 1320 2767 Matthteum
1375 2733 1388 2769 :
1433 2717 1538 2780 Qui
1585 2718 1835 2770 invenerit
1888 2718 2119 2775 animum

556 2822 728 2868 suam,
755 2807 931 2874 perdet
959 2822 1072 2858 eam
1100 2821 1118 2857 :
1146 2816 1192 2858 et
1222 2809 1312 2873 qui
1335 2823 1449 2859 eam
1475 2807 1761 2870 perdiderit
1784 2817 1996 2878 propter
2016 2827 2117 2875 me,

553 2885 776 2951 inveniet
808 2914 922 2950 eam
939 2897 1006 2951 “.
1038 2895 1154 2950 Non
1191 2898 1334 2950 enim
1368 2898 1520 2962 mihi,
1547 2899 1740 2967 inquit,
1770 2901 1835 2955 de
1881 2904 2119 2958 exterio-

557 2989 704 3041 ribus
745 3002 928 3041 scrmo
969 2996 1072 3048 est,
1110 3002 1285 3056 neque
1333 2988 1402 3042 de
1452 2992 1764 3058 parentibus
1811 2999 1866 3046 et
1911 2991 2115 3058 liberis,

554 3079 646 3132 sed
674 3094 739 3131 ne
765 3078 829 3132 de
863 3078 975 3146 ipso
1014 3079 1230 3147 quidem
1258 3094 1482 3148 corpore
1516 3090 1570 3134 et
1609 3097 1773 3137 carne
1819 3084 1920 3139 hac
1962 3083 2118 3139 facile
2145 3109 2187 3167 ρ

556 3170 918 3238 corruptibili,
960 3186 1079 3240 qua:
1115 3186 1304 3240 parum
1341 3187 1534 3227 curare
1559 3173 1742 3242 jubeo,
1774 3175 1898 3230 dum
1928 3186 2115 3230 contra

553 3277 666 3330 pra:
693 3262 946 3318 omnibus
996 3264 1048 3317 in
1097 3263 1272 3333 pretio
1308 3264 1510 3325 habere
1534 3279 1812 3321 sermones
1843 3281 1990 3322 meos
2020 3269 2118 3322 ad-

554 3351 763 3406 hortor.
797 3350 902 3407 Sed
932 3353 1181 3421 quamvis
1209 3352 1386 3406 anima
1425 3354 1716 3421 pretiosior
1745 3357 1993 3412 omnibus
2025 3359 2115 3425 sit,

554 3444 624 3497 ita
657 3454 715 3498 ut
742 3444 873 3498 nihil
904 3445 1095 3499 melius
1127 3446 1392 3515 quispiam
1422 3446 1637 3514 habeat,
1674 3447 1800 3504 huic
1830 3449 1924 3519 ipsi
1967 3465 2120 3506 crea-

553 3543 636 3589 tor
665 3535 784 3606 ejus
830 3538 1238 3605 anteponendus
1262 3547 1379 3603 est;
1419 3541 1490 3592 ita
1527 3549 1583 3593 ut
1637 3541 1682 3594 si
1741 3549 1948 3611 tempus
1979 3542 2118 3599 forte

551 3628 733 3698 exigat
758 3629 884 3683 huic
913 3644 1129 3698 quoque
1155 3643 1260 3683 non
1311 3645 1554 3699 parcere,
1583 3645 1812 3700 eamque
1842 3633 2008 3688 exitio
2039 3635 2118 3704 (ut

551 3718 898 3790 hypothetice
933 3719 1144 3792 loquar)
1177 3736 1276 3791 pro
1318 3722 1412 3777 Dei
1443 3723 1591 3777 cultu
1625 3724 1860 3788 tradere,
1893 3726 1946 3780 id
1979 3743 2106 3795 quo-

550 3825 655 3879 que
681 3813 796 3868 sine
819 3813 1155 3869 dubitatione
1195 3817 1458 3883 agendum
1486 3817 1578 3871 sit.
1616 3815 1824 3872 Etenim
1853 3820 1952 3874 soli
1985 3821 2113 3888 Deo,

552 3903 814 3969 perditam
863 3905 1007 3973 (dico
1053 3921 1150 3975 per
1187 3907 1552 3978 hypothesim)
1604 3908 1774 3978 ipsius
1806 3925 1968 3967 causa
1998 3916 2114 3968 aui-

554 4009 694 4048 mam
724 4011 1042 4065 recuperare
1073 4009 1127 4052 et
1155 3999 1401 4056 invenire
1433 4001 1688 4071 possibile
1719 4013 1820 4058 est.
1859 4004 1990 4060 Nam
2024 4009 2114 4076 qui

550 4100 670 4138 eam
707 4100 969 4155 nusquam
1015 4087 1360 4142 exsistentem
1407 4090 1582 4159 primo
1633 4093 1905 4162 formavit,
1957 4106 2010 4151 et
2047 4113 2116 4154 ex

554 4191 660 4230 non
693 4186 937 4231 exstante
969 4179 1267 4233 subsistere
1293 4177 1446 4246 fecit,
1481 4179 1622 4235 haud
1661 4183 1831 4252 impos
1863 4185 1968 4241 erit
1994 4203 2113 4242 eam

549 4283 613 4322 ex
648 4269 921 4323 hominum
977 4271 1250 4325 consortio
1282 4271 1516 4341 pulsam,
1562 4283 1615 4328 et
1649 4275 1716 4330 de
1756 4276 1859 4331 hac
1900 4280 2112 4333 mortali

553 4361 659 4412 vita
697 4359 963 4424 abactam,
1001 4376 1190 4416 rursus
1239 4363 1306 4414 ad
1352 4362 1572 4418 luminis
1631 4381 1790 4422 auras
1837 4383 2112 4428 revocare.

2223 1891 2315 1946 τοῦ
2372 1892 2620 1963 μαθητάς
2650 1888 2739 1952 οἷα
2779 1894 3197 1964 στρατιωτικοὺς
3238 1892 3437 1964 ἄνδρας
3487 1891 3573 1943 ἐπ’
3619 1887 3791 1959 ἀκρον

2223 1984 2419 2054 ἀρετῆς
2442 1985 2690 2041 σπεύδειν
2718 1985 3172 2056 προκαλούμενος.

2294 2077 2368 2148 (5)
2415 2077 2551 2132 Ἀλλ’
2599 2077 2783 2148 ἐπειδὴ
2825 2077 3028 2150 πατρὸς
3073 2077 3168 2131 καὶ
3217 2075 3419 2147 μητρὸς
3457 2074 3551 2128 καὶ
3583 2071 3788 2126 τέκνων

2222 2170 2283 2223 οὑ
2317 2170 2494 2240 μόνον,
2543 2169 2676 2222 ἀλλά
2722 2169 2814 2226 καὶ
2864 2169 2968 2224 τοῦ,
3005 2169 3252 2241 σώματος
3299 2166 3463 2226 αὑτοὺ
3516 2165 3788 2236 προτιμᾷν

2223 2259 2319 2330 τὴν
2352 2259 2515 2312 αὑτοῦ
2551 2259 2728 2329 φιλίαν
2753 2259 3007 2326 ἐδίδαξεν,
3033 2260 3150 2322 ἑνὸς
3173 2259 3229 2311 δὲ
3260 2258 3442 2311 λοιπὸν
3476 2256 3554 2308 ἔτι
3581 2253 3789 2306 λείπον-

2222 2367 2311 2412 τος
2341 2349 2432 2402 τοῦ
2466 2350 2559 2402 καὶ
2589 2349 2695 2402 τῶν
2743 2348 3007 2420 σωμάτων
3053 2348 3498 2420 ἀναγκαιοτέρου,
3535 2343 3694 2398 τοῦτο
3725 2342 3790 2414 δὴ

2220 2433 2288 2509 ἦν
2321 2442 2352 2510 ή
2395 2439 2567 2511 ψυχή’
2606 2441 2888 2493 ἐπιτείνων
2932 2441 3023 2494 τὸν
3067 2440 3243 2508 λόγον,
3279 2441 3372 2494 καὶ
3411 2439 3538 2510 περὶ
3585 2435 3789 2504 ταύτης

2221 2531 2474 2594 τοιαύτας
2505 2532 2842 2602 προύφερετο
2875 2531 3073 2600 φωνὰς,
3105 2533 3186 2585 ὃτι
3228 2532 3290 2584 't)
3335 2531 3419 2600 μὴ
3464 2528 3660 2599 μισῶν
3692 2525 3790 2580 καὶ

2222 2620 2334 2688 τὴν
2363 2622 2577 2675 ἑαυτοῦ
2601 2622 2811 2690 ψυχὴν
2833 2625 2904 2676 οὐ
2929 2622 3177 2677 δύναταί
3188 2640 3306 2691 μου
3329 2619 3478 2675 εἶναι
3493 2617 3784 2689 μοθητής’

2221 2711 2360 2765 κατά
2389 2713 2446 2765 δὲ
2469 2713 2559 2764 τὸν
2582 2713 2878 2777 Ματθαῖον,
2926 2713 2987 2766 '0
3014 2713 3203 2782 ειῖῬὼν
3230 2712 3346 2781 τὴν
3369 2711 3579 2782 ψυχὴν
3600 2708 3788 2766 αὐτοῦ

2219 2803 2504 2857 ἀπολέσει
2548 2804 2769 2870 αὐτήν·
2805 2804 2904 2858 καὶ
2949 2808 2981 2858 ό
3004 2805 3308 2871 ἀπολέσας
3353 2803 3546 2872 αὐτὴν
3580 2803 3790 2856 ἕνεκεν

2218 2892 2384 2961 ἐμοῦ,
2406 2892 2646 2960 εὑρήσει
2679 2894 2888 2960 αὐτήν.
2925 2895 2997 2948 Οὑ
3031 2894 3139 2966 γὰρ
3174 2895 3299 2966 περὶ
3331 2894 3437 2948 τῶν
3479 2894 3633 2955 ἐκτός
3669 2908 3782 2963 μοι,

2221 2983 2390 3055 φησὶν
2422 2986 2449 3037 ὁ
2495 2985 2680 3054 λόγος,
2719 2986 2838 3040 οὑδὲ
2878 2989 3005 3058 περὶ
3052 2989 3252 3056 γονέων
3289 2987 3384 3040 καὶ
3415 2988 3636 3048 τέκνων,
3671 2984 3786 3037 ἀλλ’

2219 3075 2340 3128 οὑδὲ
2384 3077 2511 3148 περὶ
2549 3076 2712 3129 αὑτοῦ
2759 3078 2851 3130 τοὺ
2901 3077 3148 3149 σώματος
3195 3080 3285 3132 καὶ
3329 3078 3430 3148 τῆς
3482 3077 3784 3148 εὑφθάρτου

2221 3168 2422 3240 ταύτης
2453 3169 2671 3240 σαρκὸς,
2685 3163 2757 3222 ὧν
2772 3170 2834 3241 δὴ
2854 3170 3070 3224 ἔλαττον
3090 3169 3391 3242 φροντίζειν
3416 3189 3491 3224 πα
3501 3169 3786 3242 ρακελεύο·

2223 3279 2340 3332 μαι,
2377 3263 2469 3315 καὶ
2500 3262 2602 3333 πρὸ
2635 3263 2851 3316 πάντων
2881 3264 3044 3334 τιμᾷν
3070 3261 3197 3326 τοὺς
3218 3265 3385 3336 ἐμοὺς
3427 3263 3617 3332 λόγους
3643 3280 3783 3334 παρ-

2220 3352 2386 3414 αινῶ·
2427 3353 2540 3407 ἀλλ’
2570 3355 2706 3426 ὅπερ
2765 3355 2880 3407 ἐστὶ
2929 3356 3143 3409 πάντων
3183 3354 3506 3428 τιμιώτερον
3546 3356 3583 3426 ἡ
3615 3354 3787 3427 ψυχὴ,

2217 3441 2285 3518 ἧς
2308 3445 2408 3497 οὑκ
2438 3444 2503 3498 ἀν
2550 3445 2756 3514 γένοιτό
2785 3463 2840 3498 τι
2883 3449 3128 3519 κρεῖττον
3158 3447 3391 3517 ἑκάστῳ,
3439 3447 3530 3502 καὶ
3585 3445 3788 3516 ταύτης

2219 3538 2384 3608 αὐτῆς
2415 3537 2520 3602 δέοι
2552 3537 2616 3591 ἂν
2645 3539 2734 3591 τὸν
2778 3540 3003 3612 ποιητὴν
3051 3540 3219 3611 αὑτῆς
3266 3542 3532 3612 προτιμᾷν
3552 3557 3565 3570 °
3597 3539 3692 3604 ὡς,
3738 3540 3788 3593 εί

2219 3630 2407 3701 καιρός
2439 3647 2568 3683 ποτε
2601 3629 2898 3698 καλέσειεν,
2941 3632 3228 3704 ἀφειδῆσαι
3269 3633 3361 3686 καὶ
3387 3631 3609 3702 ταύτης,
3635 3633 3787 3684 ἀπω-

2217 3716 2335 3788 λείᾳ
2383 3734 2439 3769 τε
2474 3718 2661 3790 αὑτὴν,
2711 3719 2786 3782 ὼς
2828 3720 2884 3772 ὲν
2927 3720 3176 3774 ὑποθέσει
3208 3721 3364 3790 λόγου
3408 3723 3601 3785 εἰπεῖν,
3646 3721 3787 3796 ὑπὲρ

2217 3808 2494 3873 εὐσεϐείας
2514 3810 2646 3862 Θεοῦ
2679 3811 3029 3883 παραδοῦναι,
3054 3813 3326 3868 καὶτοῦτο
3357 3815 3462 3886 χρὴ
3493 3813 3786 3886 προθύμως

2220 3900 2534 3970 ὑπομένειν·
2566 3902 2648 3955 ὅτι
2696 3903 2838 3974 μόνῳ
2881 3904 2998 3976 Θεῷ
3031 3906 3141 3976 καὶ,
3155 3907 3274 3978 τὴν,
3307 3907 3383 3970 ὡς
3426 3909 3483 3961 ἐν
3517 3907 3791 3970 ὑποθέσει,

2217 3987 2552 4044 ἀπολωλυῖαν
2572 3991 2637 4044 δι’
2660 3981 2818 4046 αὑτὸν
2843 3993 3018 4066 ψυχὴν
3045 3996 3477 4050 ἀνακαλέσασθαι
3510 3999 3602 4050 καὶ
3633 3999 3790 4052 ἀνευ-

2221 4082 2328 4149 ρεῖν
2359 4080 2600 4139 δυνατόν.
2639 4081 2698 4138 Ὀ
2721 4083 2830 4155 γὰρ
2865 4087 3110 4157 μηδαμοῦ
3141 4088 3402 4159 μηδαμῶς
3427 4084 3590 4143 οὖσαν
3619 4089 3789 4160 αὑτὴν

2217 4173 2476 4244 πρότερον
2511 4174 2976 4249 ὑποστησάμενος,
3011 4180 3102 4232 καὶ
3132 4181 3196 4233 ὲκ
3223 4181 3314 4234 τοῦ
3351 4182 3424 4253 μὴ
3449 4181 3598 4246 ὄντος
3622 4183 3700 4245 εἰς
3728 4182 3789 4241 τὸ

2217 4260 2355 4317 εἶναι
2390 4265 2741 4336 παραγαγὼν,
2769 4267 2867 4320 οὑκ
2896 4267 2962 4321 ἂν
3003 4270 3086 4340 εἴη
3121 4270 3379 4336 ἀδύνατος
3408 4273 3786 4344 ἀπολλυμένην

2216 4354 2382 4424 αὑτὴν
2411 4355 2468 4420 ἐξ
2504 4355 2821 4430 ἀνθρώπιον,
2866 4359 2959 4411 καὶ¹
2991 4361 3054 4411 ἐκ
3097 4360 3188 4414 τοῦ
3222 4359 3411 4432 θνητοῦ
3442 4361 3555 4432 βίου
3589 4365 3788 4430 ἀφανι-

552 4450 683 4504 Nam
712 4452 852 4520 quod
887 4452 1156 4520 perditum
1186 4452 1310 4517 fuit,
1338 4454 1480 4508 haud
1506 4471 1634 4510 sane
1665 4458 1716 4512 in
1748 4459 1974 4514 nihilum
2006 4461 2114 4516 dis—

2227 4447 2464 4511 σθεῖσαν,
2485 4443 2638 4511 αὖθις
2666 4451 2745 4513 εἰς
2761 4449 2876 4518 φῶς
2908 4455 3266 4522 παραγαγεῖν.
3293 4453 3365 4505 Τὸ
3379 4453 3485 4525 γάρ
3512 4454 3788 4518 ἀπολωλὸς

549 4545 793 4608 solvitur,
817 4543 909 4598 sed
943 4543 1211 4608 subsistit,
1244 4556 1350 4611 est,
1377 4563 1438 4600 ac
1467 4558 1778 4617 permanet;
1815 4559 2020 4605 tantum
2053 4568 2113 4612 se

455 4677 475 4698 ,
549 4635 815 4689 subtrahit
865 4635 1102 4703 latetque
1148 4636 1512 4693 destructores
1568 4655 1716 4706 suos,
1768 4656 1875 4695 non
1933 4651 2112 4698 tamen

549 4741 798 4794 magnum
861 4727 1074 4782 oculum
1124 4726 1280 4797 fugit.
1330 4730 1689 4796 Quamobrem
1735 4733 1870 4789 nihil
1921 4749 2110 4800 reapse

545 4818 682 4887 apud
729 4818 891 4872 Deum
925 4820 1082 4887 perit.
1131 4817 1282 4884 Quod
1313 4822 1357 4874 si
1394 4821 1515 4890 quis
1547 4822 1655 4876 Deo
1705 4839 1807 4876 non
1843 4825 2103 4892 credens,

545 4923 718 4979 neque
752 4926 907 4979 posse
962 4912 1028 4964 ab
1079 4925 1144 4965 eo
1193 4912 1428 4966 animam
1461 4930 1578 4982 qua:
1609 4916 1835 4984 periisse
1862 4928 2100 4986 putetur,

542 5001 784 5054 revocari
832 5016 895 5056 ac
941 5002 1199 5058 vivificari
1255 5004 1546 5074 judicans,
1599 5005 1995 5061 confessionem
2038 5008 2105 5061 de

543 5090 651 5145 Deo
687 5089 879 5147 factam
925 5094 1273 5163 abuegaverit
1298 5135 1313 5161 ,
1351 5109 1413 5149 ac
1446 5106 1728 5166 propterea
1785 5097 2102 5167 impenden-

543 5194 649 5236 tem
679 5181 746 5236 ab
777 5183 1083 5240 hominibus
1127 5201 1314 5240 necem
1372 5186 1590 5256 fugerit,
1633 5202 1798 5257 seque
1855 5204 2100 5245 securam

541 5275 681 5328 inter
715 5273 958 5337 homines
991 5278 1147 5332 vitam
1195 5280 1445 5347 adeptqu
1481 5282 1784 5349 putaverit,
1821 5293 1986 5350 atque
2028 5283 2100 5336 ita

539 5365 775 5420 animam
808 5382 958 5422 suam
987 5384 1045 5424 se
1074 5370 1348 5427 invenisse
1387 5381 1592 5440 speret,
1624 5373 1824 5442 quippe
1859 5375 1952 5442 qui
2000 5375 2100 5428 ho-

540 5457 744 5510 nxinum
792 5457 1012 5513 insidias
1047 5459 1552 5532 impendentemque
1605 5464 1883 5535 religionis
1937 5479 2097 5520 causa

540 5563 724 5602 necem
768 5549 1049 5616 vitaverit;
1087 5551 1194 5618 hic,
1250 5553 1494 5624 inquam,
1545 5555 1683 5612 sciat
1729 5571 1860 5611 vera
1921 5558 2097 5628 potius

541 5642 586 5674 ⁸³
615 5641 804 5698 Matth.
835 5658 888 5709 ι,
913 5643 1001 5699 59.

527 5788 534 5798 .
611 5735 688 5800 (ὁ)
719 5735 846 5794 Cod.
879 5739 942 5796 Δ.
980 5738 1017 5794 f.
1048 5737 1173 5800 204.
1205 5739 1259 5796 h.

2213 4539 2310 4592 οὑκ
2357 4539 2435 4602 είς
2479 4539 2817 4612 ἀνυπαρξίαν
2857 4542 3192 4614 κεχώρηκεν,
3249 4543 3360 4596 ἀλλ’
3399 4545 3630 4616 ὑπάρχει
3687 4547 3787 4616 μὲν

2212 4627 2302 4680 καὶ
2333 4627 2446 4681 ἐστι
2490 4631 2584 4683 καὶ
2621 4630 2770 4701 μένει
2792 4649 2805 4662 °
2842 4633 3145 4706 κέκρυπται
3174 4634 3228 4687 δὲ
3263 4635 3355 4688 καὶ
3383 4635 3628 4690 λανθάνει
3660 4639 3786 4700 τοὺς

2211 4719 2649 4786 ἀπολωλεκότας,
2708 4723 2821 4777 ἀλλ’
2872 4725 2991 4780 οὑδὲ
3050 4727 3139 4779 τὸν
3196 4725 3366 4800 μέγαν
3421 4729 3780 4800 διαδιδράσκει

2209 4811 2482 4884 ὀφθαλμόν
2510 4831 2523 4844 °
2561 4814 2641 4868 διὸ
2683 4817 2832 4870 οὐδὲν
2882 4818 2945 4870 ἂν
2990 4819 3242 4873 ἀπόλοιτο
3274 4823 3401 4892 παρ’
3432 4821 3596 4892 αὑτῷ.
3631 4823 3692 4873 El
3727 4822 3782 4874 δέ

2208 4920 2311 4966 τις,
2367 4905 2672 4976 ἀπιστήσας
2717 4907 2865 4978 Θεῷ,
2917 4910 3012 4962 καὶ
3052 4910 3126 4982 μὴ
3174 4911 3427 4966 δύνασθαι
3479 4913 3638 4967 αὑτὸν
3683 4913 3782 4984 τὴν

2209 4993 2540 5048 ἀπολωλέναι
2563 4998 2904 5068 νομισθεῖσαν
2923 4999 3103 5073 ψυχὴν
3121 4998 3276 5067 αὖθις
3298 5007 3660 5075 ἐπαναγαγεῖν
3687 5007 3782 5060 καὶ

2209 5083 2488 5147 ζωοποιεῖν
2517 5089 2882 5159 ἡγησάμενος,
2913 5092 3142 5164 ἔξαρνος
3169 5096 3376 5164 γένοιτο
3403 5097 3499 5167 τῆς
3532 5099 3657 5168 περὶ
3689 5098 3781 5150 τὸν

2205 5175 2337 5228 Θεὸν
2361 5177 2666 5247 ὁμολογίας,
2695 5177 2809 5233 εἶτα
2837 5183 3087 5255 διαφύγοι
3129 5187 3224 5257 μὲν
3255 5187 3344 5240 τὸν
3377 5188 3435 5252 ἐξ
3477 5188 3780 5260 ἀνθρώπων

2204 5265 2590 5337 ἐπῃωρημένον
2631 5268 2876 5336 θάνατον,
2924 5275 2983 5326 ἐν
3019 5274 3287 5346 ἀσφαλείᾳ
3331 5277 3388 5329 δὲ
3439 5277 3538 5348 ήδη
3588 5280 3679 5331 καὶ
3722 5281 3779 5333 ἐν

2207 5360 2493 5432 ἀμερίμνῳ
2524 5363 2625 5433 τῆς
2651 5364 2952 5436 ἀνθρώπων
2983 5368 3130 5440 ζωῆς
3170 5373 3355 5442 ήγοῖτο
3403 5373 3592 5428 ἑαυτὸν
3621 5393 3780 5445 γεγοο

2205 5451 2372 5517 νέναι,
2407 5455 2483 5519 ὡς
2509 5455 2684 5512 δοκεῖν
2709 5460 2998 5532 εὑρηκέναι
3024 5464 3216 5518 ἑαυτοῦ
3245 5466 3343 5537 τὴν
3365 5467 3560 5539 ψυχὴν,
3590 5470 3683 5523 am
3713 5469 3777 5542 δὴ

2203 5543 2484 5615 ἐκφεύγων
2513 5547 2610 5612 τὰς
2637 5550 2694 5618 ἐξ
2724 5552 3025 5625 ἀνθρώπων
3050 5558 3358 5624 ἐπιϐουλὰς,
3382 5561 3474 5617 καὶ
3499 5560 3589 5616 τὸν
3615 5564 3783 5637 ηπεις
