4000 6398
218 385 324 440 675

1560 373 1661 459 ΒΕ,
1687 369 2148 427 ΤΗΕΟΡΗΑΝΙΑ.

3341 368 3448 427 δτι

216 502 282 574 λη
289 500 445 572 μένον
466 498 649 552 ἕνεκεν
672 497 763 550 τοῦ
785 497 879 568 τῆς
901 492 1377 564 θεοσεϐείαςῖλόγου
1395 490 1641 545 θάνατον·
1660 489 1789 543 [στω

1893 487 1999 539 vita
2041 500 2100 541 se
2150 485 2324 555 ipsum
2356 483 2647 553 privasse,
2689 496 2956 552 suamque
2998 481 3254 547 animam,
3288 496 3448 551 quam

215 595 244 647 ό
270 590 507 654 τοιοῦτος
554 589 653 659 τῆς
687 587 918 660 ἀληθοῦς
962 586 1107 656 ζωῆς
1149 583 1338 638 ἑαυτὸν
1377 582 1663 653 στερήσας,
1687 579 1781 633 καὶ

216 689 315 759 τὴν
345 682 535 739 ἑαυτοῦ
575 682 771 753 ψυχὴν,
814 682 881 752 ῆν
918 679 1207 750 εὑρηκέναι
1252 675 1552 745 νενόμικεν,
1593 670 1783 743 ἀληθεῖ

215 778 357 847 λόγῳ
388 774 659 847 παραδοὺς
689 770 949 841 ἀπωλείᾳ.
995 770 1179 840 Πάσης
1216 765 1323 837 γὰρ
1353 763 1586 834 ἐσχάτης
1630 763 1781 814 ἀπω-

217 852 367 931 λείας
398 865 590 936 γένοιτ’
623 863 689 917 ἂν
734 865 909 933 χεῖρον
941 861 1001 914 τὸ
1029 860 1278 913 ἐκπεσεῖν
1309 855 1464 921 Θεοῦ,
1495 853 1589 908 καὶ
1617 854 1784 925 ἀρνη-

219 962 377 1033 θῆναι
405 960 508 1014 ὑπὸ
536 956 627 1011 τοῦ
671 955 801 1009 Υἱοῦ
835 951 928 1007 τοῦ
963 950 1121 1005 Θεοῦ.
1164 949 1230 1002 Τί
1257 948 1314 1002 δέ
1345 947 1439 1000 καὶ
1467 945 1626 999 πλέον
1653 947 1780 997 ἐπο-

226 1040 430 1128 ρίσατο,
465 1050 653 1105 ἐαυτὸν
686 1047 987 1118 ἀπατήσας,
1019 1043 1114 1097 καὶ
1149 1041 1438 1113 εὑρηκέναι
1463 1040 1562 1109 τήν
1590 1034 1781 1090 ἑαυτοῦ

221 1125 395 1214 ψυχὴν
418 1138 719 1202 ὑπολαϐὼν,
746 1139 856 1201 ὅτε,
891 1134 1103 1207 φεύγων
1139 1132 1228 1187 τὸν
1261 1130 1506 1193 θάνατον,
1532 1128 1623 1182 τὸν
1651 1125 1783 1179 Θεὸν

216 1235 461 1307 ὴρνεῖτο;
490 1229 726 1301 Σμικροῦ
758 1227 863 1298 γὰρ
890 1227 1041 1289 ὄντος
1070 1225 1162 1279 καὶ
1187 1220 1638 1307 ἐπικαίρουβίου,
1666 1218 1782 1290 μετ’

155 1333 171 1401 ξ
309 1323 440 1378 πολὺ
467 1297 563 1393 τῆς
587 1297 785 1391 θνητῆς
811 1297 906 1372 καὶ
923 1314 1282 1387 ὀλιγοχρονίου
1310 1311 1455 1383 ζωῆς
1477 1297 1781 1382 στερηθεὶς,

218 1415 312 1469 καὶ
341 1413 418 1485 τῷ
447 1411 658 1483 θανάτῳ
702 1410 760 1464 ὃν
795 1407 1008 1479 φεύγων
1032 1407 1123 1460 τὸν
1151 1406 1283 1459 Θεὸν
1314 1405 1527 1476 ἠρνεῖτο
1550 1401 1785 1471 ὑποϐλη-

215 1508 352 1571 θείς,
385 1508 452 1577 τῇ
487 1504 621 1576 μετά
651 1502 740 1556 τὸν
763 1501 987 1555 θάνατον
1019 1497 1210 1567 αἰωνίᾳ
1236 1495 1452 1549 κολάσει
1477 1491 1786 1563 παραδοθή-

220 1616 389 1661 σεται,
413 1595 681 1657 ἀπολέσας
712 1591 927 1663 ἀληθῶς
956 1588 1051 1661 τὴν
1076 1585 1267 1642 ἐαυτοῦ
1297 1584 1493 1655 ψυχὴν,
1522 1583 1588 1654 ἢν
1617 1582 1783 1653 εύρη-

219 1691 372 1745 κέναι
412 1686 730 1757 ύπειλήφει·
787 1682 863 1746 ὡς
903 1680 1167 1735 ἀνάπαλιν
1200 1678 1238 1730 ό
1270 1676 1356 1729 διὰ
1390 1675 1489 1745 τὴν
1527 1674 1606 1734 εἰς
1649 1671 1784 1724 Θεὸν

220 1781 413 1836 ἐλπίδα
441 1777 628 1833 ἐαυτὸν
654 1774 941 1845 ἀπογνοὺς,
967 1771 1061 1826 καὶ
1087 1770 1183 1842 τὴν
1207 1766 1400 1823 ἑαυτοῦ
1439 1764 1578 1835 ζωὴν
1608 1763 1785 1832 ἀπαρ-

1888 576 1989 632 sibi
2020 574 2288 629 invenisse
2310 573 2616 639 videbatur,
2649 573 2933 643 perditioni
2966 573 3274 628 tradidisse.
3302 573 3449 640 Quo-

1887 666 1968 720 vis
2005 663 2150 719 enim
2190 676 2404 719 summo
2448 661 2620 717 exitio
2669 661 2910 716 deterius
2956 670 3040 717 est
3077 661 3171 717 Dei
3217 665 3448 732 gratiam

1887 756 2138 812 amittere
2166 766 2221 809 et
2246 770 2275 809 a
2315 755 2453 810 Filio
2483 753 2579 809 Dei
2613 753 2826 824 negari.
2853 754 2990 821 Quid
3025 769 3156 810 vero
3185 755 3448 826 quispiam

1888 848 2123 919 proﬁcit,
2150 847 2277 903 dum
2307 861 2367 902 se
2392 845 2616 916 decipit,
2644 856 2699 902 et
2723 847 2959 902 animam
3006 862 3158 902 suam
3204 848 3451 904 invenire

1889 940 2205 1002 arbitratur,
2236 951 2358 992 cum
2391 947 2620 992 mortem
2650 937 2850 1002 vitans,
2883 936 3051 993 Deum
3084 940 3282 1011 negat?
3313 939 3448 995 Nam

1889 1040 2015 1085 enm
2063 1030 2136 1086 sit
2178 1038 2385 1083 arctum
2416 1035 2471 1082 et
2503 1028 2799 1096 temporale
2842 1028 2945 1082 hoc
2992 1036 3191 1094 tevu'm,
3219 1040 3450 1100 quanto-

1889 1123 2005 1177 cius
2049 1119 2266 1174 mortali
2320 1118 2581 1188 brevique
2624 1119 2736 1174 vita
2774 1120 3017 1181 orbatus,
3070 1130 3277 1175 αξιοι-πο
3331 1134 3453 1192 post

1889 1223 2115 1272 mortem
2153 1209 2417 1280 supplicio
2457 1210 2723 1276 tradetur,
2764 1211 2976 1280 perdita
3012 1211 3291 1267 enimvero
3326 1228 3455 1282 pro-

1887 1305 2008 1376 pria
2068 1303 2270 1368 anima,
2300 1316 2463 1371 quam
2532 1315 2590 1355 se
2660 1300 2932 1356 invenisse
2975 1303 3226 1371 putabat.
3283 1302 3452 1358 Sicuti

1891 1410 2045 1451 versa
2070 1395 2191 1449 vice
2216 1394 2305 1465 qui
2338 1394 2408 1449 ob
2439 1396 2587 1462 spem
2634 1393 2688 1447 in
2747 1393 2914 1449 Deum
2964 1395 3309 1466 semetipsum
3361 1411 3457 1450 ne-

1890 1484 2060 1555 gligit,
2094 1497 2357 1552 suamque
2386 1483 2553 1537 vitam
2585 1482 2837 1553 abnegat,
2873 1491 2927 1538 et
2949 1493 3211 1553 quantum
3262 1486 3455 1541 attinet

1891 1576 1959 1629 ad
2012 1588 2167 1628 suum
2218 1572 2576 1642 propositum,
2635 1573 2870 1628 animam
2929 1573 3206 1643 prapriam
3244 1577 3447 1645 perdit,

1874 1675 2085 1719 cuncta
2116 1663 2231 1740 hinc
2260 1662 2514 1718 alacriter
2548 1672 2768 1733 propter
2794 1662 2955 1718 ﬁdem
2994 1678 3123 1732 erga
3147 1664 3337 1720 'Deum
3373 1677 3456 1720 to-

1893 1757 2110 1822 lerans;
2145 1755 2231 1810 hic
2261 1754 2478 1824 inquam
2512 1763 2695 1810 erecta
2747 1753 2941 1808 ﬁducia
2982 1755 3074 1818 sit,
3127 1756 3279 1824 quasi
3319 1756 3454 1811 nibil

218 1874 423 1945 νηθεὶς,
457 1873 578 1926 ὅσον
615 1887 675 1923 τε
716 1866 809 1921 ἐπὶ
835 1868 902 1937 τῇ
933 1861 1123 1918 ἐαυτοῦ
1158 1858 1412 1932 προθέσει
1453 1855 1552 1927 τὴν
1590 1853 1783 1908 ἑαυτοῦ

1893 1847 2205 1918 perdiderit.
2226 1848 2343 1901 Non
2362 1846 2504 1901 enim
2521 1847 2635 1917 ipse
2646 1846 2851 1909 amisit,
2867 1845 2960 1901 sed
2979 1846 3185 1902 invenit
3216 1848 3454 1903 animam

215 1964 393 2037 ψυχὴν
425 1959 800 2025 ἀπολωλεκὼς,
838 1959 1013 2012 πάντα
1054 1971 1113 2007 τε
1148 1952 1318 2005 ταῦτα
1349 1946 1629 2020 εὐθαρσῶς
1660 1946 1786 1999 ἔπο-

447 2051 535 2106 διά
567 2050 665 2121 τὴν
704 2051 783 2112 είς
826 2047 916 2099 τδν
960 2043 1091 2097 Θεὸν
1137 2042 1341 2105 πίστιν,
1396 2035 1667 2109 θαρρείτω
1710 2032 1786 2098 ὡς

225 2123 449 2216 μηδενὸς
470 2140 805 2203 ἀπολωλότος
832 2137 981 2208 αὐτῷ
1003 2153 1016 2166 ·
1051 2135 1113 2189 ού
1142 2134 1248 2205 γὰρ
1274 2129 1547 2185 ἀπόλωλεν
1568 2128 1597 2179 ό
1614 2123 1787 2179 τοιοῦ-

219 2249 331 2300 τος,
363 2234 476 2289 ἀλλ’
504 2226 629 2305 εὗρε
661 2232 760 2304 τὴν
788 2228 979 2284 ἐαυτοῦ
1005 2229 1201 2299 ψυχήν.
1229 2225 1291 2278 El
1313 2222 1443 2292 γοῦν
1466 2220 1542 2283 ὡς
1569 2221 1627 2272 ἐν
1658 2219 1790 2271 ύπο-

220 2328 366 2382 θέσει
396 2324 550 2394 λόγου
587 2323 753 2396 θνητὴ
782 2319 916 2376 οὖσα
942 2319 1222 2391 ἐτύγχανε,
1252 2316 1346 2371 καὶ
1371 2315 1455 2367 οἵα
1485 2328 1543 2365 τε
1575 2307 1790 2380 ἀληθῶς

222 2421 303 2481 είς
333 2417 394 2470 τὸ
420 2416 493 2487 μὴ
520 2415 578 2468 ὃν
604 2415 819 2486 χωρεῖν,
845 2411 937 2465 καὶ
965 2410 1012 2463 εί
1044 2406 1326 2461 ἀπώλλυτο
1350 2402 1454 2458 ὑπὸ
1481 2398 1787 2470 ἀνθρώπων

221 2509 607 2581 ἀναιρουμένη,
638 2506 784 2577 ὅμως
816 2504 914 2558 οὒκ
946 2503 1026 2564 είς
1054 2499 1368 2554 ἀνέλπιστον
1394 2493 1501 2567 χρὴ
1531 2492 1621 2545 τὸν
1652 2489 1790 2560 ὑπὲρ

225 2579 503 2662 εὐσεϐείας
548 2597 733 2667 ἀγῶνα
785 2594 1184 2666 διακαρτερεῖν·
1221 2587 1408 2658 ἐπειδὴ
1445 2584 1523 2655 τῷ
1549 2582 1667 2653 Θεῷ
1696 2579 1790 2634 καὶ

222 2695 294 2748 τὰ
330 2692 641 2747 ἀπολωλότα
666 2690 757 2744 καὶ
794 2688 862 2742 τὰ
923 2684 1143 2759 μηδαμῆ
1182 2680 1445 2754 μηδαμῶς
1486 2678 1617 2731 ὅντα
1647 2690 1790 2745 παρ-

1889 1956 2061 1996 suam.
2086 1940 2143 1995 Si
2174 1954 2304 2010 ergo
2328 1952 2425 2009 per
2453 1938 2793 2009 liypothesim
2812 1938 3059 1995 mortalis
3082 1948 3234 1995 esset
3252 1940 3454 2005 anima,

1891 2049 1953 2088 ac
1985 2048 2111 2087 vere
2134 2033 2186 2087 in
2208 2031 2438 2087 nihilum
2476 2042 2658 2101 posset
2693 2031 2936 2099 dissolvi,
2977 2040 3033 2086 et
3063 2032 3106 2087 si
3138 2033 3345 2103 periret
3388 2033 3457 2086 ab

1891 2124 2199 2180 hominibus
2224 2125 2482 2190 extincta,
2513 2124 2866 2179 nihilominus
2889 2123 3040 2180 haud
3061 2125 3180 2181 sine
3196 2138 3291 2194 spe
3317 2123 3458 2180 foret

1890 2230 1988 2284 pro
2012 2212 2274 2284 religione
2298 2212 2743 2282 depugnandum;
2771 2211 2895 2282 quia
2936 2211 3046 2267 Deo
3064 2219 3120 2266 et
3152 2210 3362 2279 perdita
3403 2218 3459 2264 et

1896 2319 2159 2373 nusquam
2190 2302 2491 2365 exstantia,
2524 2301 2591 2356 ad
2637 2287 3014 2356 exsistend'um
3062 2310 3225 2371 atque
3255 2300 3321 2355 ad
3371 2300 3456 2355 vi-

1890 2402 1999 2449 tam
2027 2393 2320 2462 perducere
2350 2407 2455 2448 non
2472 2400 2554 2448 est
2571 2392 2823 2447 arduum.
2842 2391 3181 2462 Quapropter
3204 2405 3269 2448 ea
3292 2392 3456 2446 etiam

1891 2500 2011 2556 qua:
2037 2486 2301 2540 exsistere
2325 2500 2429 2541 non
2457 2484 2774 2548 creduntur,
2797 2486 2890 2539 sed
2921 2484 3039 2555 ejus
3067 2499 3229 2541 causa
3255 2499 3321 2540 ex
3352 2483 3458 2538 b0-

1896 2577 2132 2635 mimbus
2150 2586 2529 2642 excesserunt,
2556 2590 2661 2631 non
2688 2575 2794 2632 erit
2824 2576 2871 2631 ei
2897 2575 3227 2646 impossibile
3268 2590 3459 2630 rursus

1897 2670 2225 2732 instaurare,
2266 2676 2328 2722 et
2371 2668 2594 2737 perdita:
2628 2666 2823 2722 animai
2863 2666 3231 2722 inventionem
3260 2667 3331 2733 ei,
3367 2669 3456 2737 qni

227 2787 379 2854 ἀγειν
407 2784 466 2849 ἐξ
489 2784 588 2837 ούκ
608 2783 774 2836 ὄντων
803 2781 899 2835 καὶ
915 2778 1195 2844 ζωοποιεῖν
1215 2772 1456 2828 δυνατόν.
1469 2770 1565 2824 Διὸ
1591 2769 1685 2823 καὶ
1706 2767 1789 2820 τὸν

1900 2761 2071 2831 ipsius
2102 2774 2262 2815 causa
2295 2759 2585 2822 amisisset,
2612 2759 2930 2814 concedere.

218 2846 540 2950 νόμισθέντα
565 2875 759 2949 μηκέτι
779 2870 938 2938 εἶναι,
969 2870 1104 2925 ἀλλά
1122 2870 1190 2923 δι’
1217 2866 1379 2923 αὐτὸν
1402 2866 1460 2932 ἐξ
1486 2860 1784 2934 ἀνθρώπων
1820 2853 2154 2917 ἀπολωλότα,
2212 2852 2311 2905 οὐκ
2370 2851 2436 2905 ἂν
2462 2850 2609 2922 αὐτῷ
2628 2851 2833 2921 γένοιτο
2860 2850 3118 2904 ἀδύνατον
3144 2846 3299 2914 αὖθις
3324 2849 3457 2904 ύποη
3552 2890 3553 2895 η

224 2944 543 3046 στήσασθαι,
566 2944 684 3026 ’καὶ
713 2970 813 3041 τὴν
846 2965 1059 3040 εὕρεσιν
1106 2965 1205 3035 τῆς
1243 2959 1583 3022 ἀπολωλυίας
1612 2954 1787 3027 ψυχῆς
1819 2950 1897 3022 τῷ
1921 2950 1989 3002 δι’
2019 2948 2179 3003 αὑτὸν
2210 2947 2378 3001 αύτῦν
2410 2944 2774 3000 ἀπολωλεκότι
2813 2946 3134 3016 παρασχεῖν.

899 3060 977 3114 12'
1012 3058 1110 3129 (6).

297 3158 482 3221 Οὐδεὶς
513 3155 692 3227 μέντοι
724 3151 938 3206 πώποτε
968 3145 1260 3221 προφητῶν
1291 3144 1351 3199 τὸ
1384 3143 1643 3214 κήρυγμα
1689 3139 1787 3210 τῆς

226 3250 335 3303 τῶν
366 3244 607 3319 ούρανῶν
642 3243 915 3315 βασιλείας
951 3238 1170 3311 γυμνῶς
1198 3238 1278 3301 εἰς
1322 3235 1529 3296 πάντας
1558 3230 1787 3301 εὐηγγέ-

228 3341 402 3394 λιστοο
447 3339 558 3392 ἀλλ’
605 3338 801 3408 ᾔδεσαν
850 3334 946 3403 μέν
985 3331 1114 3385 αὐτὸ
1159 3327 1430 3401 προφῆται
1471 3324 1692 3386 πάντες,
1725 3322 1786 3375 ού

232 3432 337 3503 μὴν
374 3432 468 3483 καὶ
496 3427 574 3499 τῷ
624 3425 888 3481 Ἰουδαίων
929 3421 1043 3493 λαῷ
1085 3419 1459 3491 παρεδίδοσαν,
1492 3415 1579 3469 διὰ
1608 3412 1669 3467 τὸ
1696 3430 1790 3482 νη-

225 3520 440 3587 πιάζειν
465 3520 561 3584 τὰς
589 3519 807 3590 φρένας,
842 3515 938 3570 καὶ
973 3513 1275 3579 ἐξασθενεῖν
1311 3506 1444 3581 πρὸς
1473 3507 1536 3561 τὸ
1566 3504 1790 3578 μέγεθος

226 3613 318 3668 τοῦ
345 3612 690 3685 κηρύγματος
710 3626 723 3638 ·
756 3606 972 3681 πρώτου
1010 3605 1067 3658 δὲ
1108 3603 1352 3657 Ἰωάννου
1377 3597 1659 3671 τηλαυγῶς
1684 3613 1788 3667 κη-

230 3706 486 3779 ρύξαντος
516 3701 799 3774 ήγγικέναι
822 3698 918 3770 τὴν
940 3696 1047 3750 τῶν
1075 3693 1316 3767 οὐρανῶν
1344 3689 1634 3763 βασιλείαν,
1658 3686 1790 3757 ἀφε-

228 3798 313 3854 σίν
338 3814 397 3850 τε
431 3792 709 3866 ἁμαρτιῶν
746 3789 833 3844 διὰ
873 3787 1099 3860 λουτροῦ
1131 3780 1547 3853 παλιγγενεσίας
1583 3793 1790 3845 καταγ-

222 3888 506 3959 γείλαντος
532 3882 853 3957 ἀνθρώποις,
886 3881 936 3934 οί
965 3879 1041 3950 τῷ
1070 3876 1386 3948 κηρύγματι
1412 3870 1637 3934 ἑαυτοὺς
1673 3870 1792 3921 ἐπι-

227 3977 407 4041 δόντες
452 3975 852 4047 περιάρπαστον
898 3969 1066 4040 αὐτὴν
1114 3967 1426 4037 ἐσχήκασιν,
1470 3962 1529 4028 ἐξ
1572 3959 1792 4013 ἐκείνων

227 4069 338 4124 τῶν
375 4064 596 4139 ἡμερῶν
632 4064 947 4136 ἀρξάμενοι,
989 4058 1049 4125 ἐξ
1081 4052 1158 4113 ὧν
1195 4060 1225 4111 ό
1267 4057 1516 4125 Ἰωάννης
1544 4052 1636 4106 τὸν
1664 4050 1793 4122 περὶ

231 4160 400 4229 αὐτῆς
441 4155 760 4229 κατήγγειλε
795 4153 974 4222 λόγον.
1008 4150 1089 4205 Τά
1125 4148 1366 4221 μὲν-γὰρ
1406 4144 1681 4207 Μωῠσέως
1708 4143 1794 4196 νό-
1824 4160 1831 4163 ·

236 4267 375 4322 μιμα
398 4249 492 4302 καὶ
517 4249 614 4318 τὴν
653 4244 944 4315 Ἰουδαῖκὴν
965 4241 1215 4315 λατρείαν
1239 4238 1427 4311 καιρόν
1446 4253 1607 4308 φησιν
1630 4237 1792 4305 ἐσχη-

234 4341 384 4395 κέναι
429 4340 656 4392 οἰκεῖονο
691 4335 874 4390 τοῦτον
918 4334 973 4388 δὲ
1016 4329 1448 4405 περιγράφεσθαι
1490 4328 1650 4400 μέχρι
1694 4325 1794 4397 τῆς

2595 3037 2755 3093 XVII.

1962 3131 2134 3188 Nemo
2186 3145 2422 3200 unquam
2468 3143 2535 3185 ex
2591 3128 2871 3200 prophetis
2913 3128 3245 3203 praeconium
3308 3128 3458 3199 regni

1895 3224 2157 3282 caelorum
2186 3231 2377 3294 aperte
2426 3236 2607 3277 coram
2654 3221 2851 3290 populo
2885 3219 3172 3277 fecit:sed
3210 3219 3460 3276 sciebant

1894 3316 2113 3387 quidem
2156 3316 2210 3370 id
2256 3312 2535 3385 prOpheta:
2564 3327 2776 3377 omnes,
2811 3326 2990 3382 neque
3024 3321 3202 3368 tamen
3241 3310 3459 3369 Judaeo-

1896 3424 2014 3463 rum
2039 3405 2234 3478 populo
2262 3406 2585 3475 prodebant,
2610 3411 2832 3474 propter
2875 3403 3074 3458 mentis
3104 3403 3322 3459 illorum
3369 3405 3458 3458 in-

1898 3500 2140 3565 fantiam,
2169 3506 2225 3553 et
2252 3496 2578 3553 sustinendae
2612 3494 2871 3565 praeconii
2898 3495 3281 3564 magnitudinis
3309 3494 3461 3550 inﬁr-

1898 3591 2160 3646 mitatem.
2190 3587 2324 3644 Cum
2373 3594 2553 3642 autem
2586 3587 2796 3655 primus
2816 3584 3053 3641 Joannes
3081 3585 3230 3641 clare
3262 3587 3457 3655 praedi-

1896 3682 2041 3739 cavit
2067 3680 2501 3752 appropinquare
2544 3692 2769 3749 regnum
2815 3677 3101 3742 calorum,
3129 3686 3184 3733 et
3215 3689 3461 3748 peccato-

1898 3790 2018 3831 rum
2075 3773 2454 3829 remissionem
2520 3784 2616 3841 per
2682 3768 3109 3841 regenerationis
3180 3768 3455 3824 lavacrum

1897 3865 2207 3924 hominibus
2233 3862 2523 3928 nuntiavit,
2553 3861 2590 3918 ii
2635 3862 2728 3933 qui
2771 3860 3143 3931 prmdicationi
3174 3874 3458 3917 assensum

1897 3975 2054 4018 suum
2086 3957 2455 4029 praebuerunt,
2490 3971 2717 4026 regnum
2761 3955 2894 4011 illud
2937 3968 3037 4010 ceu
3066 3969 3130 4010 ex
3172 3963 3328 4024 rapto
3353 3954 3459 4010 sibi

1897 4054 2222 4118 habuerunt,
2252 4066 2322 4106 ex
2353 4063 2418 4104 eo
2457 4056 2699 4118 tempore
2725 4046 3067 4116 incipientes,
3096 4061 3205 4117 quo
3225 4045 3461 4102 Joannes

1899 4150 1967 4205 de
2004 4148 2125 4217 ipso
2161 4158 2466 4202 sermonem
2514 4140 2716 4196 intulit.
2762 4139 2899 4195 Nam
2944 4138 3143 4211 Moysis
3188 4136 3379 4208 legalis
3404 4146 3462 4194 et

1897 4237 2180 4295 Judaicum
2233 4235 2438 4291 cultum
2481 4232 2763 4305 proprium
2812 4241 3020 4302 tempus
3060 4231 3309 4285 habuisse
3346 4230 3458 4296 ait;

1899 4331 2042 4403 quod
2069 4328 2295 4386 Joannis
2339 4324 2631 4398 praesentia
2671 4323 2856 4379 linitur
2885 4339 2901 4389 ;
2926 4322 3219 4392 prophetas
3246 4335 3462 4390 quoque

247 4429 489 4483 Ἰωάννου
522 4425 848 4499 παρουσίας·
882 4423 1130 4486 καὶτοὺς
1174 4422 1455 4493 προφήτας
1498 4418 1555 4473 δέ
1601 4418 1789 4489 μέχρις

1897 4434 2067 4491 usque
2100 4419 2167 4474 ad
2195 4417 2461 4473 Joannem
2491 4414 2694 4472 Judaeis
2715 4423 2967 4469 auctores
2986 4410 3152 4467 fuisse
3177 4420 3231 4465 ut
3262 4411 3461 4481 Moysis

246 4521 489 4575 Ἰωάννου
552 4514 821 4580 Ἰουδαίοις
880 4512 1207 4584 πεποιῆσθαι
1261 4511 1361 4575 τὰς
1416 4509 1791 4581 παραγγελίας

234 4612 370 4684 πρὸς
399 4610 461 4664 τὸ
490 4609 774 4679 φυλάττειν
804 4606 874 4659 τὰ
903 4605 1179 4668 Μωῡσέως
1218 4604 1422 4674 νόμιμα
1442 4618 1455 4633 ·
1490 4602 1703 4673 πρῶτον
1734 4603 1790 4656 δὲ

244 4707 494 4775 Ἰωάννην
531 4702 768 4776 ἀρχηγὸν
803 4699 1082 4769 γεγονέναι
1122 4697 1219 4768 τῆς
1248 4694 1453 4765 Καινῆς
1497 4693 1790 4765 Διαθήκης,
1828 4722 1831 4723 ν

233 4800 329 4856 ἅτε
370 4797 670 4869 πρόδρομον
716 4789 879 4846 αὑτοῦ
926 4789 1230 4859 γενόμενον.
1266 4785 1439 4839 Αὑτοῦ
1475 4801 1534 4838 τε
1577 4782 1789 4855 πρώτου

230 4892 328 4946 καὶ
355 4888 414 4953 ἐξ
441 4885 602 4941 αύτοῦ
639 4884 735 4956 τὴν
767 4880 1039 4953 βασιλείαν
1065 4878 1172 4932 τῶν
1200 4876 1441 4948 οὐρανῶν
1468 4876 1670 4930 ἅπασιν
1699 4876 1792 4928 ἀν-

235 4981 471 5053 θρώποις
490 4975 964 5050 εύηγγελισμένου,
984 4972 1108 5034 τοὺς
1125 4969 1308 5037 ἀξίους
1332 4968 1499 5040 αὐτῆς
1524 4969 1603 5031 είς
1624 4966 1793 5039 αὐτὴν

241 5069 514 5141 βιάζεσθαι
561 5067 843 5137 νοὴσομεν,
880 5064 1287 5134 ἐπιστήσαντες,
1320 5060 1395 5122 ὡς
1432 5060 1603 5131 μέγας
1643 5060 1792 5128 ἀγὼν

237 5156 491 5232 τυγχάνει
521 5163 630 5222 τοῖς
662 5158 754 5211 ἐπὶ
788 5157 891 5227 γῆς
915 5154 1217 5227 ἀνθρώποις
1237 5153 1373 5225 πρὸς
1409 5153 1506 5224 τὴν
1538 5155 1594 5206 ἐν
1625 5154 1792 5223 ούρα-

236 5249 346 5317 νοῖς
372 5252 571 5308 ἄνοδον.
600 5250 674 5304 Τὸ
695 5249 805 5321 γὰρ
828 5247 1142 5320 ἀνθρώπους
1168 5246 1327 5310 ὄντας
1354 5245 1447 5299 καὶ
1470 5245 1645 5316 σάρκα
1669 5245 1793 5316 θνη-

235 5347 334 5418 τὴν
368 5343 877 5414 περιϐεϐλημένους,
924 5340 1031 5393 τῶν
1072 5338 1312 5409 φυσικῶν
1352 5336 1581 5408 ὀρέξεων
1612 5337 1792 5409 κρείτ-

237 5456 360 5502 τους
392 5437 653 5507 γίνεσθαι.
682 5435 872 5507 ἡδονῆς
899 5450 956 5487 τε
984 5435 1204 5505 κρατεῖν
1234 5431 1327 5485 καὶ
1359 5430 1539 5499 πάσης
1565 5428 1794 5499 αἰσχρᾶς

239 5528 553 5600 ἐπιθυμίας,
594 5521 798 5581 καὶ’τδ
840 5522 1086 5579 ἐντεῦθεν
1116 5521 1219 5593 ήδη
1264 5518 1658 5592 ἀπομιμεῖσθαι
1700 5517 1792 5570 τὸν

310 5714 389 5781 (6)
410 5712 555 5767 Ἡιιῑο
585 5726 817 5783 quoque,
845 5709 1158 5783 fragmento
1180 5706 1234 5759 in
1280 5702 1463 5783 codice
1485 5702 1549 5756 Δ.
1583 5700 1618 5754 1⁵.
1659 5698 1786 5783 ᾷιὸ.

239 5769 653 5855 superscribitur
701 5769 888 5838 t'itulns
929 5769 1230 5833 Ἐύσεϐἰυυ
1283 5773 1496 5838 ,ϐιϐλίῳ
1542 5769 1793 5838 τετάρτῳ

1896 4512 2088 4581 legalis
2136 4514 2440 4565 servarent.
2492 4506 2600 4563 Sed
2648 4505 2882 4575 primum
2928 4502 3192 4558 Joannem
3244 4501 3457 4556 initium

1896 4606 2032 4662 Novi
2082 4602 2417 4659 Testamenti
2465 4600 2681 4664 fecisse,
2710 4605 2897 4668 utpote
2941 4595 3113 4664 ipsius
3163 4608 3459 4664 praecurso-

1898 4710 2037 4752 rem.
2078 4692 2197 4763 Ipso
2235 4702 2413 4745 autem
2455 4689 2651 4759 primo,
2691 4695 2851 4741 astate
2891 4684 3003 4751 illa,
3039 4697 3259 4751 regnum
3294 4680 3461 4736 etelo-

1900 4803 2016 4842 rum
2067 4785 2276 4840 cunctis
2324 4782 2631 4837 hominibus
2682 4777 2990 4838 nuntiante,
3019 4776 3210 4844 (lignus
3240 4773 3330 4827 illo
3363 4773 3460 4827 ho-

1898 4867 2070 4935 mines
2104 4878 2155 4933 in
2188 4877 2361 4947 ipsum
2403 4874 2453 4928 vi
2491 4874 2794 4940 irrumpere
2841 4867 3174 4938 putabimus,
3208 4865 3250 4920 si
3279 4865 3459 4920 cousi-

1892 4974 2143 5030 deremus
2171 4985 2335 5040 quam
2375 4966 2559 5039 gravis
2589 4965 2660 5020 sit
2703 4970 2932 5018 conatus
2970 4957 3279 5013 hominibus
3301 4968 3457 5012 terra:

1894 5062 2090 5119 incolis
2124 5063 2225 5115 iter
2272 5058 2339 5114 ad
2378 5057 2577 5112 caelum
2629 5053 2868 5109 tendere.
2920 5049 3163 5118 Namque
3209 5049 3456 5103 homines

1895 5162 2073 5217 natos,
2103 5162 2160 5208 et
2214 5149 2431 5206 mortali
2479 5161 2646 5203 carne
2691 5143 3080 5208 circumdatos,
3117 5139 3455 5195 naturalibus

1896 5244 2221 5316 appetitibus
2248 5240 2363 5297 ﬁeri
2386 5238 2717 5305 superiores.
2758 5244 2813 5289 et
2851 5233 3176 5302 voluptatem
3212 5244 3455 5286 omnem-

1896 5350 2003 5404 que
2030 5345 2240 5405 tnrpem
2276 5332 2621 5402 cupiditatem
2668 5327 2943 5390 cohibere,
2974 5324 3251 5394 vitamque
3274 5318 3454 5395 ’ange-

1900 5427 2058 5480 licam
2114 5425 2250 5480 velle
2306 5425 2359 5477 in
2430 5421 2589 5477 terris
2644 5419 2882 5483 imitari;
2946 5419 3019 5472 ita
3079 5424 3139 5470 ut
3190 5429 3340 5484 atque
3389 5430 3453 5467 ac

1896 5514 2098 5571 Paulus
2122 5516 2301 5571 dicere
2326 5514 2534 5584 possint
2562 5526 2576 5562 :
2612 5508 2812 5565 Nostra
2843 5518 3018 5562 autem
3049 5504 3369 5561 conversatio
3398 5504 3451 5555 in

1899 5694 2276 5821 l4‘3eosca‘rs‘lac,
2313 5707 2433 5749 cum
2469 5687 2620 5761 siglis
2670 5701 2828 5757 supra
2877 5685 3166 5741 secundum
3220 5680 3448 5734 vocabu-

1919 5786 2027 5821 υιιι.

1919 5786 2027 5823 (illi.
