4170 6406
607 326 714 383 ϐἸό
1271 319 1541 378 EUSEBII
1579 317 2050 374 CASSARIENSIS
2085 315 2236 372 OPl’.
2279 317 2458 374 PARS
2492 318 2583 373 IV.
2625 349 2691 358 --
2729 317 3146 374 DOGMATICA.
3738 319 3846 374 670

605 444 745 499 ctelis
775 450 847 496 est
866 440 950 504 ";
1002 437 1190 508 quidni
1237 437 1343 491 hoc
1380 435 1673 490 violentum
1720 433 1816 498 sit,
1864 447 1932 486 ac
1984 439 2244 502 ωορδ-Α

2200 439 2244 493 Α
2272 434 2561 502 ἀγγελικὸν
2615 433 2817 488 ἐθέλειν
2869 432 2981 503 βίον
3022 433 3162 487 ὥστε
3201 431 3376 503 λέγειν
3408 431 3605 504 ὁμοίως
3647 434 3847 507 Παύλῳ

603 537 824 592 modum
864 543 1063 603 praeter
1110 539 1358 584 naturam
1421 541 1694 598 supraque
1732 527 1878 582 vires
1924 540 2048 581 esse
2084 525 2167 580 vi-

2271 526 2552 592 δύνασθαι,
2610 527 2807 597 Ἠμῶν
2857 524 2926 579 δὲ
2969 524 3036 580 τὸ
3085 525 3416 594 πολίτευμα
3453 526 3523 579 ἐν
3569 527 3847 595 οἰιρανοῖς

604 621 834 681 deatur?
865 622 1000 688 Quis
1025 634 1154 675 vero
1177 619 1456 689 religionis
1481 627 1681 672 nostrae
1702 623 1912 670 ascetas
1941 626 2170 669 cernens

2268 618 2546 688 ὑπάρχει,
2577 617 2695 682 πῶς
2718 619 2780 671 οὐ
2815 616 3007 688 βίαιον,
3044 617 3158 682 καὶ,
3193 617 3268 680 ὡς
3299 617 3366 671 ἀν
3392 635 3476 681 τις
3503 617 3668 683 εἴποι,
3694 619 3849 691 παρά

603 729 821 772 carnem
875 727 1028 768 suam
1072 711 1455 780 propemodum
1492 717 1793 764 emortuam
1841 704 2074 768 eﬂicere,
2108 712 2170 759 ut

2268 709 2432 780 φύσιν
2463 710 2558 763 καὶ
2587 710 2726 780 ὑπὲρ
2754 708 2985 780 δύναμιν
3017 703 3153 762 εἶναι
3181 708 3361 774 δοκεί;
3396 708 3493 771 Τίς
3516 707 3573 761 δὲ
3597 708 3722 770 τοὺς
3748 709 3849 781 τῆς

605 804 995 864 dicant:Cum
1055 804 1266 859 Christo
1331 802 1619 872 cruciﬁxus
1645 817 1783 866 sum,
1823 801 1936 856 vivo
1991 809 2169 853 autent

2269 800 2575 865 θεοσεϐείας
2596 799 2839 872 ἀσκητάς
2864 800 3003 872 ὁρῶν
3031 801 3311 872 μονονουχὶ
3337 798 3562 872 νεκροῢν
3593 800 3692 870 τὴν
3721 801 3848 855 ἐαυ-

609 903 720 965 iam
751 917 853 955 non
881 913 1012 970 ego;
1047 898 1190 967 quis,
1209 896 1448 965 inquam,
1474 908 1578 947 non
1608 891 1882 955 fatebitur,
1914 905 2041 946 vere
2071 891 2170 945 hos

2266 893 2376 948 τῶν
2399 891 2598 965 σάρκα,
2616 892 2692 955 ὡς
2720 891 3153 966 ἐπαληθεύοντας
3180 891 3379 961 λέγειν’
3411 889 3644 960 Χριστῷ
3663 907 3843 946 συνε-

606 996 717 1048 vim
751 992 927 1047 facere
957 1003 1122 1059 regno
1153 983 1454 1040 caelorum?
1480 981 1634 1048 Quod
1675 980 1720 1037 si
1746 981 1868 1048 quis
1908 990 2169 1050 przeterea

2267 990 2631 1057 σταύρωμαι,
2659 983 2736 1050 ζῶ
2766 985 2834 1038 δὲ
2861 984 3062 1040 οὐκέτι
3087 983 3222 1055 ἐγὼ,
3248 984 3348 1038 οὐκ
3374 984 3440 1039 ἂν
3465 983 3850 1056 ὁμολογήσειεν

604 1087 857 1141 observet
886 1079 1191 1136 mirabilem
1217 1084 1536 1132 sanctorum
1567 1081 1874 1143 martyrum
1905 1081 2168 1128 constan-

2267 1079 2484 1150 ἀληθῶς
2521 1077 2802 1148 βιάζεσθαι
2843 1077 3041 1142 αὐτοὺς
3079 1078 3179 1149 τὴν
3221 1076 3493 1148 βασιλείαν
3529 1076 3638 1129 τῶν
3677 1076 3846 1147 οὐρα-

607 1180 760 1242 tiam,
789 1176 909 1245 quis
936 1187 1124 1229 rursus
1159 1185 1264 1225 non
1299 1169 1447 1223 dicat
1482 1167 1589 1221 vim
1640 1166 1828 1221 inferri
1862 1166 1930 1220 ab
1963 1165 2046 1220 his
2084 1178 2170 1220 rec

2267 1169 2403 1235 νῶν;
2436 1171 2501 1223 Εἰ
2535 1170 2580 1223 δ’
2601 1169 2916 1241 ὲπιστήσειέ
2943 1186 3027 1232 τις
3053 1171 3117 1240 τῇ
3145 1168 3430 1238 θαυμαστῇ
3465 1165 3718 1239 προθέσει
3739 1165 3848 1218 τῶν

604 1283 709 1339 gno
749 1266 1029 1330 caelorum,
1058 1271 1219 1333 prout
1245 1258 1509 1316 Servator
1530 1258 1642 1329 jam
1676 1257 1957 1328 ιιι-ωιιὶιίιῖ

2266 1262 2436 1327 ἁγίων
2470 1261 2784 1333 μαρτύρων,
2805 1261 2921 1326 πῶς
2950 1262 3055 1328 οὐκ¹
3079 1261 3146 1316 ἂν
3177 1260 3320 1314 εἴποι
3350 1259 3627 1331 βιάζεσθαι
3651 1259 3848 1323 αὐτοὺς

1279 1433 1444 1493 xw“
2265 1353 2366 1426 τὴν
2391 1355 2669 1425 βασιλείαν
2714 1355 2856 1408 κατὰ
2880 1354 2979 1424 τὴν
3009 1354 3275 1426 σωτήριον
3317 1351 3712 1422 προαγόρευσιν
3734 1349 3844 1420 (7);

1449 1473 1466 1492 ο
2947 1447 3034 1493 ιη’
3067 1443 3166 1493 (8L

1280 1443 1466 1493 XVIII.

675 1534 922 1603 Congrue
961 1528 1248 1584 admodum
1297 1542 1403 1581 non
1449 1523 1775 1581 multitudini
1810 1533 2016 1582 tantum
2057 1535 2171 1582 tur-

2337 1535 2548 1606 Σφόδρα
2595 1443 3317 1606 καταλλήλωςιῗοίἓὸἓχλοις
3364 1532 3457 1589 καὶ
3490 1531 3720 1603 πλήθεσι
3747 1528 3847 1601 τὴν

603 1628 794 1695 bisque
843 1633 969 1678 tunc
1019 1619 1322 1675 astantibus
1368 1617 1597 1688 primam
1629 1617 1940 1688 parabolam
1990 1618 2172 1674 intulit

2268 1625 2491 1696 πρώτην
2513 1626 2808 1690 ἐποιήσατο
2829 1624 3144 1698 παραϐολὴν
3168 1625 3197 1678 6
3224 1623 3477 1698 Χριστὸς,
3508 1623 3568 1678 οὐ
3594 1624 3705 1686 τοῖς
3726 1623 3847 1675 τότε

602 1720 851 1776 Christus
883 1715 955 1780 “,
985 1729 1174 1769 verum
1201 1712 1366 1767 etiam
1400 1712 1465 1767 iis
1493 1711 1585 1782 qui
1619 1721 1803 1782 postea
1834 1711 1903 1767 ad
1931 1711 2047 1783 ejus
2070 1729 2168 1768 au-
2201 1780 2241 1790 “

2202 1780 2241 1790 ἰ
2270 1717 2606 1790 παριστῶσιν
2637 1718 2786 1790 αὐτῷ
2830 1719 3030 1790 μόνοις,
3065 1718 3203 1774 ἀλλὰ
3231 1720 3328 1773 καὶ
3365 1719 3479 1780 τοῖς
3510 1714 3646 1787 μετὰ
3679 1714 3849 1768 ταῦτα

605 1811 827 1866 dieudos
871 1821 1148 1864 sermones
1197 1806 1514 1862 conventuri
1555 1814 1744 1871 erant;
1788 1806 1865 1861 rei
1920 1807 2170 1877 gerenda:
2201 1805 2244 1836 ”

2201 1805 2244 1836 D
2269 1807 2739 1880 συνελευσομὲνοις
2783 1811 2870 1864 ἐπ’
2905 1811 3165 1884 ἀκροάσει
3193 1810 3302 1864 τῶν
3335 1807 3497 1863 αὑτοῦ
3527 1807 3720 1876 λόγων,
3749 1805 3848 1870 τὰς

603 1900 936 1958 dill'erentias
970 1899 1152 1953 divina
1177 1897 1482 1968 provisione
1527 1895 1831 1963 declarans,
1869 1911 2170 1966 causasque

2267 1898 2527 1971 διαφορὰς
2553 1904 2709 1974 θεῖκῇ
2735 1901 2979 1974 δηλώσας
3002 1899 3328 1974 προγνώσει,
3358 1900 3646 1972 προφήσας
3669 1915 3727 1951 τε
3750 1897 3849 1961 τὰς

600 1993 900 2063 praedicens
936 1991 1006 2046 ob
1036 2004 1173 2060 quas
1210 1987 1448 2044 nonnulli
1479 1987 1659 2042 divina
1689 1987 1860 2058 gratia
1895 1987 2165 2044 excident.

2267 1994 2446 2058 αἰτίας
2475 1994 2584 2048 τῶν
2615 1996 2729 2067 ,τῆς
2763 1996 2985 2069 χάριτος
3015 1997 3116 2067 τῆς
3167 1997 3319 2060 θείας
3365 1992 3845 2064 ἁποπεσουμένων.

600 2085 814 2140 Initium
842 2083 1114 2156 parabola!
1142 2082 1439 2138 seminator
1464 2088 1567 2144 est,
1617 2088 1672 2134 et
1704 2079 1864 2152 huius
1896 2081 2072 2136 exitus
2100 2081 2170 2136 ad

2282 2087 2447 2159 Ἀρχὴ
2476 2087 2533 2141 δὲ
2562 2088 2662 2159 τῆς
2689 2088 3001 2161 παραϐολῆς
3033 2089 3179 2142 ἐστιν
3211 2088 3240 2141 6
3269 2087 3504 2159 σπορεὺς
3529 2085 3622 2140 καὶ
3653 2087 3686 2156 ἡ
3725 2082 3851 2136 τού-

601 2198 693 2242 eus
728 2185 822 2256 qui
856 2192 1008 2239 extra
1039 2189 1214 2246 erant,
1247 2188 1358 2233 tum
1383 2173 1618 2233 seminis
1652 2171 1933 2244 proiectio,
1974 2182 2030 2229 et
2063 2173 2170 2230 hoc

2267 2196 2361 2232 του
2396 2179 2572 2246 ἔξοδος
2610 2180 2746 2252 πρὸς
2791 2181 2917 2244 τοὺς
2949 2179 3073 2244 ἔξω,
3107 2179 3142 2250 ἦ
3181 2195 3238 2231 τε
3278 2176 3373 2230 τοῦ
3409 2175 3610 2248 σπόρου
3645 2173 3851 2236 πτῶσις

601 2278 740 2333 haud
775 2275 890 2346 pari
924 2273 1082 2327 modo
1117 2270 1440 2338 recipientes
1463 2266 1730 2338 regiones.
1762 2262 1881 2318 Iam
1911 2263 2025 2320 haec
2049 2278 2170 2319 esse

2270 2269 2364 2322 καὶ
2416 2272 2474 2323 αί
2527 2269 2716 2326 τοῦτον
2769 2271 2866 2341 οὐχ
2918 2269 3119 2342 ὁμοίως
3169 2267 3602 2339 καταδεξάμεναι
3649 2263 3846 2336 χῶραι.

600 2367 750 2437 regni
781 2363 1035 2437 mysteria
1060 2364 1285 2432 ipsemet
1315 2365 1541 2414 testatus
1566 2366 1669 2413 est.
1695 2355 1830 2411 Nam
1859 2362 1913 2412 et
1939 2353 2171 2411 semina-

2268 2361 2561 2434 Μυστήρια
2595 2362 2652 2415 δὲ
2685 2361 2859 2416 ταῦτα
2890 2358 3029 2415 εἶναι
3054 2361 3154 2432 τῆς
3180 2359 3462 2434 ’βασιλείας
3493 2356 3655 2419 αὐτὸς
3676 2357 3849 2426 ἐμαρ-

600 2472 688 2516 tor
729 2460 796 2515 de
828 2455 1076 2528 supernis
1103 2452 1363 2516 exiverat,
1403 2459 1456 2505 et
1507 2449 1631 2505 illuc
1679 2447 1921 2514 redibat;
1979 2461 2169 2518 nempe

2271 2456 2444 2519 τύρει.
2476 2458 2544 2510 '0
2580 2473 2640 2510 τε
2683 2455 2792 2528 γὰρ
2825 2455 3061 2527 σπορεὺς
3087 2454 3293 2510 ἄνωθεν
3323 2451 3468 2524 ἐξῄει
3499 2451 3591 2505 καὶ
3618 2449 3806 2519 κατῄει
3827 2463 3844 2480 ⁶

597 2563 661 2608 ut
705 2553 819 2622 ipse
858 2546 1107 2613 docebat,
1138 2543 1322 2599 dicens
1359 2563 1372 2598 :
1406 2540 1516 2610 Ego
1547 2555 1612 2595 ea:
1637 2537 1798 2594 Patre
1834 2539 2080 2609 processi,
2119 2550 2167 2592 et

2267 2554 2455 2625 ὥσπερ
2496 2545 2590 2606 οὖν
2617 2549 2778 2608 αὐτὸς
2808 2549 3054 2607 ἐδίδασκε
3081 2547 3278 2616 λέγων,
3320 2543 3467 2614 Ἐγὼ
3497 2543 3565 2596 ἐκ
3597 2541 3700 2595 τοῦ
3731 2542 3850 2593 Πα-

597 2644 744 2700 venio
769 2640 834 2696 δ’.
867 2639 973 2694 Sed
1019 2644 1074 2690 et
1118 2635 1184 2690 de
1210 2630 1444 2704 propriis
1488 2630 1574 2685 sui
1625 2629 1778 2699 regni
1825 2627 2168 2685 conclavibus

2268 2641 2405 2711 τρὸς
2428 2639 2711 2710 ἐξῆλθον,
2753 2638 2852 2694 καί
2886 2637 3033 2707 ﬂatur.
3075 2633 3237 2687 Ἀλλὰ
3268 2632 3362 2686 καὶ
3392 2633 3456 2684 ὲκ
3495 2629 3604 2682 τῶν
3630 2625 3849 2680 οἰκείων

597 2737 844 2791 exiverat
869 2732 935 2786 ad
961 2729 1080 2786 illos
1105 2727 1198 2798 qui
1229 2725 1401 2781 exteri
1431 2723 1479 2779 ei
1511 2721 1640 2779 facti
1669 2727 1846 2786 erant,
1887 2729 2168 2791 postquam

2266 2732 2529 2804 ταμιείων
2574 2735 2673 2804 τῆς
2710 2731 2874 2786 αὐτοῦ
2908 2730 3182 2801 βασιλείας
3210 2726 3354 2798 ἐξῄει.
3383 2722 3525 2797 πρὸς
3552 2721 3698 2793 ἡμᾶς
3721 2718 3847 2778 τοὺς

599 2827 805 2898 expulit
836 2824 976 2879 Deus
999 2821 1288 2884 Adamum,
1318 2826 1373 2872 et
1406 2815 1691 2870 collocavit
1725 2829 1850 2868 eum
1880 2811 2032 2881 juxta
2072 2827 2169 2882 pa-

2268 2824 2372 2889 ἕξιο
2407 2823 2698 2893 γεγονότας
2735 2822 2794 2890 ἐξ
2835 2823 3044 2877 ἐκείνου
3088 2822 3188 2893 (9),
3232 2820 3293 2885 ἐξ
3339 2813 3507 2888 οὗπερ
3540 2812 3788 2881 ἐξέϐαλεν
3817 2812 3845 2864 6

600 2917 841 2973 radisum
867 2912 1202 2969 deliciarum.
1230 2907 1323 2962 Ille
1351 2916 1528 2961 autem
1556 2904 1708 2959 exsul
1737 2912 1957 2973 propter
1986 2902 2170 2957 inube-

2267 2916 2400 2981 Θεὸς
2427 2917 2516 2970 τὸν
2557 2917 2747 2988 Ἀδὰμ,
2781 2917 2876 2970 καὶ
2922 2915 3226 2985 κατῴκισεν
3272 2912 3432 2967 αὑτὸν
3465 2909 3722 2964 ἀπέναντι
3748 2904 3843 2957 τοῦ

597 3007 854 3062 dientiam
909 3004 1102 3069 factus,
1149 3008 1205 3056 et
1243 3008 1398 3055 extra
1430 2997 1740 3068 paradisum
1773 2995 1996 3064 eiectus,
2029 2997 2168 3050 inte-

2269 3008 2594 3080 παραδείσου
2625 3008 2726 3079 τῆς
2772 3007 3001 3077 τρυφῆς.
3041 3006 3100 3059 '0
3137 3005 3235 3075 μὲν
3272 3002 3381 3073 γὰρ
3425 2997 3726 3067 ἀπόϐλητος
3757 2992 3845 3046 διὰ

598 3099 758 3154 rioris
837 3095 1185 3167 agriculturae
1275 3091 1482 3146 semina
1542 3087 1943 3159 pessumdedit,
1997 3087 2169 3141 instar
2194 3131 2238 3192 C

2198 3131 2238 3192 ε
2269 3098 2367 3169 τὴν
2393 3097 2676 3170 παρακοὴν
2704 3091 2963 3165 γεγονὼς,
2995 3096 3088 3148 καὶ
3114 3093 3208 3147 τοῦ
3253 3089 3582 3164 παραδείσου
3629 3083 3845 3192 βληθεὶς

597 3191 742 3245 illius
768 3185 1103 3244 contumacis
1124 3184 1382 3238 adversus
1405 3189 1612 3251 patrem
1639 3177 1754 3244 lilii.
1775 3179 1867 3248 qui
1887 3187 2164 3246 acceptam
2196 3177 2238 3192 “

2196 3177 2238 3192 υ
2267 3189 2392 3256 ἔξω,
2416 3191 2484 3244 τὰ
2508 3190 2571 3242 ὲκ
2594 3190 2692 3262 τῆς
2717 3189 2863 3244 ἔνδον
2885 3189 3158 3260 γεωργίας
3181 3186 3473 3258 σπέρματα
3492 3179 3842 3242 ἀπολωλέκει,

596 3281 953 3339 substantiam
1008 3277 1064 3331 in
1094 3275 1267 3329 aliena
1304 3273 1523 3340 regione
1561 3270 1862 3341 dissipavit.
1921 3269 2168 3324 Christus

2266 3284 2408 3338 κατὰ
2438 3284 2530 3340 τὸν
2558 3284 2936 3354 ἀφηνιάσαντα
2964 3283 3058 3336 τοῦ
3087 3280 3295 3352 πατρὸς
3321 3279 3455 3342 υἱὸν,
3495 3277 3593 3331 καὶ
3623 3273 3720 3346 τὴν
3749 3273 3809 3325 ού
3828 3301 3845 3311 -

597 3389 724 3431 vero
753 3370 1088 3441 benignitate
1117 3365 1306 3437 optimi
1342 3363 1517 3419 Patris
1542 3363 1733 3430 exivit,
1759 3363 2057 3416 seminator
2083 3361 2168 3415 fa-

2269 3375 2388 3428 σίαν
2416 3375 2484 3446 ἢν
2515 3374 2725 3446 εἰλήφει
2753 3375 2846 3427 ἐπὶ
2874 3373 2975 3443 τῆς
2999 3371 3303 3442 ἀλλοδαπῆς
3330 3367 3511 3442 χώρας
3537 3363 3840 3433 διασπαθή-

598 3477 742 3530 ctus,
760 3465 1016 3532 venitque
1039 3460 1106 3515 ad
1126 3474 1226 3514 nos
1242 3467 1458 3513 exteros
1483 3456 1622 3511 haud
1643 3455 1804 3510 aliam
1829 3454 1897 3510 ob
1923 3469 2162 3519 causam,

2268 3482 2469 3519 σαντα·
2517 3467 2546 3518 6
2588 3465 2646 3518 δὲ
2697 3463 3076 3535 φιλανθρωπίᾳ
3123 3461 3217 3515 τοῦ
3262 3457 3572 3528 παναγάθου
3629 3453 3842 3525 Πατρδς

595 3559 701 3614 nisi
739 3556 864 3611 utin
881 3553 1034 3609 nobis
1069 3551 1367 3606 seminaret
1396 3548 1621 3604 caeleste
1649 3561 1854 3602 semen.
1883 3545 2043 3601 Solus
2071 3561 2167 3600 au-

2266 3556 2504 3629 ἐξῆλθεν,
2532 3556 2694 3620 αὐτὸς
2736 3555 2811 3608 ὢν
2842 3557 2871 3609 6
2895 3554 3155 3625 σπείρων,
3188 3553 3282 3606 καὶ
3309 3551 3497 3623 ἐξῆλθε
3529 3547 3663 3619 πρὸς
3693 3546 3839 3617 ἡμᾶς

597 3656 704 3703 tem
722 3648 836 3716 ipse
862 3643 1031 3698 exivit
1057 3641 1122 3696 ad
1155 3637 1524 3695 seminandum
1547 3635 2017 3705 ;quandoquitlem
2041 3645 2094 3690 et
2117 3635 2164 3690 is

2264 3651 2389 3713 τοὺς
2415 3649 2521 3716 ἔξω
2551 3648 2898 3720 γενομένους,
2940 3646 3007 3700 δι’
3036 3646 3189 3700 οὐδὲν
3215 3644 3401 3714 ἕτερον
3430 3642 3463 3714 ἦ
3501 3642 3561 3695 τὸ
3593 3643 3835 3709 σπεῖραι,

595 3739 744 3793 solus
784 3744 904 3791 erat
925 3733 1167 3791 omnium
1201 3731 1518 3787 seminator.
1555 3727 1708 3784 Multi
1733 3727 1930 3798 quippe
1959 3731 2024 3783 de
2049 3743 2164 3786 cm-

2264 3742 2386 3795 ὲπεὶ
2411 3741 2504 3795 καὶ¹
2532 3740 2688 3812 μόνος
2722 3740 2885 3803 αὐτὸς
2908 3735 2975 3810 ἦν
3006 3740 3034 3792 6
3061 3738 3166 3792 τῶν
3199 3737 3335 3791 ὅλων
3365 3733 3614 3806 σπορεύς.
3649 3729 3841 3784 Πολλοὶ

595 3829 822 3885 lestibus
852 3833 1114 3882 venerunt
1142 3820 1492 3887 stationibus,
1527 3828 1689 3888 atque
1730 3819 1798 3872 ad
1831 3818 2078 3877 homines
2106 3834 2164 3876 se

2267 3835 2365 3906 μὲν
2409 3834 2518 3907 γὰρ
2562 3833 2785 3906 ἐξῆλθον
2832 3833 2897 3886 ὲκ
2933 3832 3041 3886 τῶν
3081 3831 3345 3902 οὐρανίων
3385 3827 3694 3900 διατριϐῶν,
3742 3823 3838 3878 καὶ¹

593 3920 953 3984 contulerunt,
1007 3917 1101 3972 sed
1131 3929 1236 3970 non
1270 3911 1570 3969 seminandi
1600 3925 1759 3966 causa
1805 3927 1820 3964 :
1870 3923 1976 3964 non
2017 3911 2162 3964 enim

2262 3925 2529 3996 κατῆλθον
2560 3927 2640 3989 είς
2680 3925 3020 3997 ἀνθρώπους,
3061 3923 3176 3978 ἀλλ’
3201 3925 3301 3976 οὐκ
3339 3920 3432 3975 ἐπὶ
3457 3919 3538 3992 τῷ
3575 3921 3794 3988 σπεῖραι
3818 3933 3831 3946 ·

594 4014 951 4070 seminatores
979 4015 1158 4076 erant,
1206 4006 1300 4061 sed
1354 4001 1805 4060 administratorii
1840 4000 2065 4070 spiritus
2105 4000 2160 4056 in

2262 4019 2324 4072 οὐ
2352 4019 2459 4090 γὰρ
2483 4013 2622 4091 ἦσαν
2648 4021 2889 4091 σπορείς,
2915 4017 3051 4072 ἀλλὰ
3075 4015 3423 4088 λειτουργικά
3447 4012 3728 4083 πνεύματα
3757 4011 3837 4073 εἰς

593 4101 953 4159 ministerium
983 4100 1152 4154 missi.
1183 4097 1392 4168 Moyses
1417 4105 1620 4157 autem,
1649 4103 1705 4149 et
1732 4101 1855 4163 post
1886 4108 2010 4148 eum
2035 4108 2164 4162 pro-

2259 4109 2535 4164 διακονίαν
2570 4109 3043 4182 ἀποστελλόμενα·
3092 4108 3333 4179 Μωῦσῆς
3375 4105 3433 4159 δὲ
3477 4106 3572 4159 καὶ
3608 4105 3659 4157 οἱ
3715 4102 3833 4174 μετ’

593 4198 768 4268 pheta:
793 4192 937 4246 haud
975 4189 1231 4261 mysteria
1258 4187 1407 4258 regni
1436 4187 1696 4252 caelorum
1727 4185 2032 4242 hominibus
2053 4185 2160 4242 dis-

2261 4197 2424 4252 αὐτὸν
2468 4199 2742 4272 προφῆται
2785 4200 2845 4253 οὐ
2881 4199 2951 4254 τὰ
2999 4199 3276 4271 μυστήρια
3312 4197 3412 4268 τῆς
3453 4196 3564 4250 τῶν
3592 4193 3835 4267 οὐρανῶν

593 4297 900 4351 seruerunt,
925 4287 1019 4342 sed
1048 4283 1302 4356 parvulos
1327 4282 1503 4337 adhuc
1525 4280 1865 4346 erudierunt,
1898 4281 2160 4352 insipien-

2263 4288 2534 4359 βασιλείας
2576 4289 2881 4361 ἀνθρώποις
2914 4291 3291 4354 κατεϐἀλοντο,
3325 4287 3551 4360 νηπίους
3581 4289 3675 4342 ἆτε
3709 4305 3834 4340 παι-

592 4392 675 4436 tes
705 4397 734 4434 a
764 4379 983 4434 malitiae
1003 4390 1190 4432 errore
1225 4383 1562 4438 averterunt,
1583 4382 1638 4428 et
1671 4371 2012 4429 idololatrico
2045 4373 2162 4451 illo-

2259 4378 2649 4450 δαγωγοῦντες,
2669 4382 2761 4434 καὶ
2781 4380 3019 4453 ἄφρονας
3034 4382 3133 4452 τῆς
3148 4381 3289 4435 κατὰ
3307 4379 3402 4452 τὴν
3425 4379 3620 4434 κακίαν
3640 4378 3833 4450 ἀπείρ-

592 4488 710 4527 rum
736 4468 924 4525 morbo
945 4465 1269 4522 medicinam
1289 4463 1469 4519 facere
1491 4465 1830 4529 studuerunt,
1847 4464 2156 4520 eorumdem
2186 4473 2234 4533 ι)

2186 4473 2234 4533 D
2261 4489 2444 4540 γοντες
2467 4474 2693 4546 πλάνης,
2721 4473 3041 4546 θεραπεύειν
3070 4474 3247 4528 αὐτῶν
3267 4473 3594 4548 πειρώμενοι
3615 4473 3713 4544 τὴν
3733 4474 3833 4544 τῆς

589 4562 821 4626 animas,
852 4559 998 4613 velut
1031 4555 1242 4612 novalia
1279 4554 1546 4625 quaedam,
1581 4555 1787 4609 semine
1819 4564 2151 4625 vegetantes.

2258 4561 2698 4637 είδωλολατρείας
2725 4565 2899 4630 νόσον,
2932 4565 3027 4618 καὶ
3047 4564 3237 4637 ὥσπερ
3263 4565 3508 4629 νεοῦντες
3531 4566 3710 4620 αὐτῶν
3735 4567 3830 4620 καὶ

591 4651 750 4708 Solus
781 4659 959 4705 autem
998 4647 1320 4703 universalis
1353 4655 1522 4710 sator,
1563 4645 1661 4701 Dei
1696 4644 1952 4713 Verbum,
2003 4646 2156 4704 beni-

2258 4653 2516 4724 ἀροῦντες
2560 4655 2657 4720 τὰς
2685 4656 2884 4727 ψυχάς.
2921 4658 3096 4721 Μόνος
3121 4657 3180 4710 δὲ
3211 4658 3240 4712 6
3266 4657 3373 4712 τῶν
3393 4658 3530 4713 ὅλων
3573 4660 3826 4731 σπορεὺς,

659 4814 705 4846 ⁸⁸
741 4812 881 4868 Phil.
911 4826 994 4880 ιιι,
1012 4811 1104 4866 20.
1179 4810 1226 4844 “
1263 4809 1453 4866 Matth.
1482 4811 1681 4875 31111.3.
1757 4810 1802 4842 ⁸⁷
1840 4809 2133 4883 Joan.vm,
2161 4815 2254 4871 42.

660 4967 1305 5049 (7_)__Videsis_partimnhis
1340 4967 1858 5049 similiain_§yri_aca
1884 4969 2155 5049 Theopha-
2262 4972 2506 5049 codicum
2549 4973 2969 5049 ⁵Χίειιίοειηοιιιιιιι,
3021 4977 3116 5046 qui
3172 4976 3274 5034 hoc
3335 4980 3694 5049 fragmentum
3758 4999 3824 5039 ex

591 5040 680 5120 uia
837 5054 918 5099 tu.
943 5039 1034 5104 21,
1061 5038 1152 5120 ἳᾷ,
1186 5039 1277 5103 25,
1308 5049 1362 5094 et
1391 5039 1484 5094 lib.
1518 5053 1591 5120 tv,
1613 5038 1703 5104 52,
1727 5041 1814 5093 ubi
1851 5041 2151 5120 priscorum
2262 5039 2593 5111 Theophania
2662 5059 2783 5120 esse
2848 5038 3116 5120 allirmant
3137 5088 3151 5109 ,
3222 5038 3448 5120 negarev
3482 5062 3575 5105 ant
3641 5038 3823 5108 delere

589 5109 1020 5190 .Cohristianorum
1049 5110 1187 5164 mira
1219 5124 1282 5165 ac
1309 5123 1494 5165 severa
1520 5109 1694 5164 virtus
1719 5111 1932 5180 egregie
1955 5109 2155 5165 descri-
2259 5109 2414 5190 queo,
2446 5115 2928 5190 praesertimquia,
2972 5116 3112 5171 facta
3143 5109 3382 5174 textuum
3401 5125 3820 5188 comparatione,

591 5179 826 5254 bitur.“
1000 5247 1015 5254 _
1145 5249 1158 5254 _
1227 5246 1239 5254 _
1298 5247 1311 5254 _
1466 5248 1478 5254 _
1548 5247 1559 5254 Α
1636 5247 1657 5254 _
1712 5179 1802 5254 ﬂ;
2018 5247 2031 5254 _
2085 5249 2104 5254 _
2258 5181 2377 5237 luce
2405 5183 2697 5238 meridiana
2720 5179 2922 5238 cla—rius
2939 5197 3161 5254 apparet
3189 5197 3415 5248 tractum
3451 5179 3597 5247 hunc
3625 5207 3692 5246 ex
3729 5179 3822 5250 illo

663 5247 738 5322 (8)
769 5245 980 5322 Cita_tur
1000 5247 1104 5322 hoc
1123 5246 1276 5322 titulo
1298 5247 1349 5322 in
1380 5248 1501 5304 cod.
1533 5247 1601 5322 AA.
1631 5247 1670 5305 f.
1705 5247 1826 5322 {22,
1856 5257 1910 5304 et
1923 5247 2055 5322 _c_od.
2085 5249 2148 5304 L.
2260 5267 2481 5322 prorsus
2505 5267 2667 5320 Opere
2693 5268 2812 5307 esse
2835 5245 3154 5311 derivatum.

591 5317 747 5402 in“,
775 5317 1157 5402 b_:_§€a§§tw
1179 5318 1266 5381 βι.
1287 5317 1877 5402 ΔΘεοφανείοις.μέρος
1923 5319 2009 5373 hic
2039 5335 2156 5402 ma-

2260 5317 2276 5322 ”
2329 5322 2405 5394 (9)
2428 5317 2808 5402 Attimadt'erte
2835 5326 3153 5402 qu_am_b:n_c
3166 5338 3464 5402 congruant
3487 5331 3819 5402 c‘umrSyria-

591 5387 784 5443 nifeste
802 5387 908 5469 dici
934 5385 1121 5458 βιϐλίῳ
1151 5403 1256 5441 non
1285 5385 1735 5513 tantummodo.
1765 5389 2153 5460 Superponitur
2255 5405 2316 5444 ca
2337 5385 2438 5446 'séu
2466 5391 2686 5460 Anglica
2714 5385 3071 5462 Theophania,
3103 5397 3193 5453 lib.
3223 5385 3301 5462 ινῖ
3331 5400 3400 5455 54
3431 5417 3447 5457 :
3481 5400 3560 5453 lle
3590 5385 3816 5469 therefo-

591 5467 768 5513 autem
801 5474 853 5512 tn
879 5457 996 5511 cod.
1032 5459 1094 5511 Α.
1125 5461 1498 5513 compendium
1539 5471 1674 5513 smn:
1720 5475 1850 5513 cans
1889 5460 2148 5513 τετάρτου
2256 5476 2311 5513 re
2336 5470 2468 5513 went
2496 5461 2633 5513 forth
2663 5459 2796 5513 from
2819 5465 3016 5513 within-
3047 5468 3152 5513 and
3179 5485 3321 5513 ειιηιρ
3343 5481 3453 5513 mu-
3487 5469 3675 5513 Win"
3697 5471 3815 5513 rh...

591 5467 768 5531 autem
793 5457 853 5531 in
879 5457 1101 5531 codaA.’
1125 5459 1498 5531 compendium
1539 5457 1858 5531 signiﬁcans
1889 5457 2148 5531 τετάρτου
2256 5476 2311 5514 re
2336 5470 2468 5516 went
2495 5457 2633 5529 forth
2663 5459 2796 5529 from
2819 5457 3017 5525 within.
3047 5457 3152 5520 and
3179 5457 3321 5526 came
3343 5481 3453 5526 out.
3487 5469 3675 5525 Where
3696 5457 3816 5527 then

590 5527 676 5582 vel
699 5529 874 5609 potius
897 5526 1141 5609 τετάρτω
1167 5526 1648 5609 (mendose-tamen
1677 5529 1728 5609 in
1756 5529 1964 5609 θρα-ιι.
2000 5526 2150 5609 πρώ-
2253 5545 2357 5609 was
2386 5533 2450 5609 _he
2473 5526 2679 5609 ιρἑιιιίη,
2698 5533 2781 5609 but
2804 5536 2964 5609 above
2983 5536 3063 5609 the
3087 5539 3249 5609 world
3267 5540 3292 5592 Ζ)
3317 5541 3484 5594 where
3504 5541 3566 5593 he
3586 5526 3813 5609 existed

589 5596 1065 5678 τουλειπρώτῳ).
1105 5596 1310 5678 Ileapse
1340 5598 1391 5651 in
1416 5596 2143 5678 Theophania_Syriaca,.lib.

2252 5604 2357 5678 and
2380 5603 2435 5655 in
2473 5600 2557 5654 the
2581 5602 2679 5678 end
2701 5603 2763 5670 of
2784 5607 2868 5658 the
2895 5607 3056 5678 world
3089 5607 3151 5660 he
3173 5625 3317 5678 came
3344 5612 3501 5678 forth,
3531 5613 3636 5664 amt
3667 5596 3813 5667 came

592 5667 754 5750 tv,3_5
773 5675 827 5720 et
847 5667 935 5729 54,
959 5683 1142 5750 sermo
1173 5669 1346 5749 estde
1366 5667 1616 5750 parabole
1643 5667 2145 5750 seminatorisﬁve-
2249 5673 2397 5750 down
2429 5683 2480 5750 to
2505 5667 2869 5750 ashwhotvere
2895 5676 3112 5750 without
3133 5677 3227 5750 the
3255 5667 3500 5750 kingdom
3520 5680 3580 5750 of
3597 5681 3809 5740 heaven,

591 5747 893 5794 rumtamen
931 5738 1097 5794 multo
1131 5737 1364 5794 brevius.
1397 5737 1582 5796 Neuue
1630 5753 1730 5802 ego
1776 5754 1923 5794 certe
1962 5740 2143 5796 titulos
2248 5740 2399 5798 Mitto
2427 5744 2493 5799 dc
2519 5743 2640 5802 aliis
2661 5745 2797 5803 locis
2822 5746 3086 5803 similibus
3113 5749 3312 5804 dicere.
