4170 6406
469 259 534 312 77
1787 269 1874 328 DE
1911 271 2370 330 THEOPIIANIA.
3559 287 3662 343 678
3767 229 3775 246 ‘

429 375 459 426 6
490 373 586 470 τού
611 377 746 470 Θεού
778 381 966 450 Λόγος,
1013 384 1391 460 φιλανθρωπιᾳ
1420 389 1514 443 τοῦ
1543 390 1752 462 Πατρὸς
1783 391 1994 463 ἐξῆλθε,
2024 398 2072 456 Α

2024 398 2072 456 Α
2098 393 2300 461 gnitate
2327 365 2506 448 Patris
2527 394 2716 460 exivit,
2742 411 2877 451 nova
2913 398 3118 453 semina
3142 409 3197 454 et
3218 401 3366 470 regni
3397 401 3659 459 caelorum

430 466 592 520 καινά
632 469 921 542 σπέρματα
975 477 1068 529 καὶ
1115 477 1386 547 βασιλείας
1429 480 1670 551 οὐρανῶν
1723 485 1996 554 μυστήρια

2097 487 2349 556 mysteria
2379 487 2554 543 fauste
2575 490 2948 557 nuntiaturus,
2977 500 3032 546 et
3059 466 3304 562 supernis
3332 494 3424 548 Dei
3460 497 3657 550 minis-

430 559 935 632 εὐαγγελιούμενος,
958 570 1070 631 τοῖς
1099 586 1158 621 τε
1196 572 1316 624 κατ’
1338 572 1566 644 οὐρανὸν
1599 573 1692 626 τοῦ
1727 574 1860 628 Θεοῦ
1893 575 1999 628 λει-

2097 579 2196 633 tris
2239 578 2528 634 humanum
2572 596 2739 651 genus
2783 559 3210 638 consociaturus.
3259 585 3408 640 Hanc
3431 601 3558 657 ergo
3589 589 3658 644 ob

427 655 678 723 τουργοῖς
700 653 759 708 τὸ
788 657 897 711 τῶν
919 659 1218 730 ἀνθρώπων
1255 664 1504 732 συνάψων
1535 665 1692 733 γένος
1711 683 1725 696 ·
1755 667 1845 719 ἐπὶ
1878 667 1999 720 τού-

432 762 479 764 __
499 763 503 764 ν
530 763 537 764 ,
600 743 623 764 τ
737 748 751 764 1
908 752 920 764 ο
967 754 980 764 ι
1084 753 1094 764 ι
1177 756 1188 764 .
1247 755 1259 764 ι
1332 755 1358 764 ρ.
1636 758 1659 764 ..
1723 758 1743 764 Α
1843 759 1856 764 -
1911 759 1920 764 -

2096 684 2311 724 causam
2341 670 2487 725 solus
2516 671 2631 740 ipse
2686 687 2718 727 e
2761 682 2987 741 paterno
3029 689 3194 744 regno
3231 653 3517 743 processit:
3555 677 3657 744 Qui

428 762 540 808 τοις
566 748 657 800 οὖν
684 748 842 818 μόνος
861 752 1022 818 αὐτὸς
1045 753 1141 826 τὴν
1165 755 1273 808 ἀπὸ
1290 755 1397 809 τῶν
1423 758 1700 827 πατρικῶν
1719 758 1997 828 βασιλείων

2096 768 2273 814 autem
2337 761 2545 815 semina
2599 760 2718 828 ejus
2759 773 3108 830 exceperunt,
3167 764 3220 820 bi
3276 782 3400 823 suas
3450 769 3657 825 animas

427 837 660 891 ἐποιεῖτο
685 838 861 905 ἔξοδον
877 859 891 874 ·
921 845 972 896 οἰ
997 844 1053 896 δὲ
1075 845 1142 898 τά
1168 847 1298 918 παρ’
1325 847 1486 901 αὐτοῦ
1515 848 1800 922 σπέρματα
1825 867 1996 904 κατα-

2094 850 2239 906 velut
2283 866 2440 920 agros
2479 851 2678 907 cultori
2714 851 2887 908 Verbo
2912 856 3289 924 exbibuerunl,
3332 869 3387 915 et
3419 876 3548 918 aure
3573 863 3656 918 fa-

427 924 706 996 δεξάμενοι
751 928 849 994 τὰς
881 932 1091 988 ἑαυτῶν
1120 934 1298 1006 ψυχὰς
1329 933 1418 991 οἷα
1456 937 1520 1008 δὴ
1555 938 1736 1011 χώρας
1767 939 1997 1010 γεωργῷ

1473 939 1520 1008 ἰὴ
1555 938 1736 1011 χώρας
1767 939 1997 1010 γεωργῷ
2095 950 2282 997 ventes
2304 942 2526 998 caeleste
2557 957 2742 998 semen
2771 945 3120 1003 admiserunt.

429 1022 687 1089 παρεῖχον
717 1020 795 1092 τῷ
832 1022 1009 1094 Λόγῳ,
1054 1027 1147 1081 καὶ
1175 1026 1263 1080 διὰ
1288 1027 1397 1082 τῶν
1435 1030 1612 1083 ἀκοῶν
1634 1030 1724 1085 τὸν
1747 1033 1996 1104 οὐράνιον

428 1109 752 1180 ὑπεδέχοντο
790 1113 1011 1185 σπόρον.

497 1200 560 1267 El
609 1201 710 1272 μὲν
751 1199 842 1258 οὖν
875 1207 985 1276 (10)
1026 1208 1074 1260 οἱ
1118 1207 1546 1280 μαθητευόμενοι
1580 1214 1708 1283 μιᾶς
1755 1214 1997 1286 ὑπῆρχον

2166 1187 2223 1240 Si
2249 1186 2462 1256 quidem
2493 1187 2674 1256 itaque
2695 1187 3002 1246 Christiana
3027 1191 3269 1248 doctrina
3300 1196 3522 1264 eruditi,
3549 1214 3656 1256 uno

429 1293 832 1364 προαιρέσεως,
910 1297 1058 1349 οὐδὲν
1124 1277 1296 1371 γὲχρῆν
1351 1277 1645 1372 διακρίνειν
1705 1305 1800 1357 καὶ
1855 1277 1998 1374 ’ἀέρο-

2096 1277 2392 1346 eodemqne
2423 1281 2705 1348 proposito
2729 1291 2929 1348 essent,
2965 1283 3097 1338 nihil
3123 1299 3256 1355 Opus
3287 1296 3431 1344 esset
3458 1291 3658 1348 discer-

431 1383 600 1455 ρίζειν
642 1385 860 1451 τούτους
891 1387 987 1441 ἀπ’
1031 1367 1294 1462 ἀλλήλων·
1335 1367 1521 1464 ἐπειδὴ
1556 1394 1613 1448 δὲ
1651 1395 1804 1468 παρὰ
1834 1367 1997 1450 πᾶσιν

2097 1382 2226 1422 nere
2257 1367 2394 1423 inter
2419 1370 2562 1438 ipsos
2591 1385 2654 1425 ac
2683 1386 2957 1440 separare.
3000 1375 3150 1432 Nunc
3203 1379 3328 1446 quia
3357 1381 3411 1434 in
3444 1384 3657 1440 cunctis

429 1475 733 1548 ἀνθρώποις
782 1481 815 1549 ἡ
884 1479 978 1532 τοῦ
1035 1457 1378 1548 αὐτεξουσίου
1446 1457 1665 1556 ὲκ-ράτει
1733 1457 1993 1558 δύναμις,

2097 1457 2403 1515 hominibus
2429 1459 2584 1515 liberi
2612 1461 2829 1518 arbitrii
2863 1465 2942 1518 vis
2972 1466 3248 1534 praevalet,
3273 1468 3471 1540 aliique
3501 1472 3658 1528 aliter

428 1567 577 1621 ἄλλοι
653 1587 712 1623 τε
777 1548 951 1636 άλλως
1025 1573 1236 1638 ἑαυτοῖς
1301 1575 1394 1629 καλ⁹
1461 1548 1539 1647 τῶ
1608 1548 1996 1649 καταϐληθέντί

2097 1548 2275 1604 indole
2298 1565 2392 1604 sua
2409 1551 2664 1620 jactoque
2686 1554 2826 1608 intra
2857 1569 2985 1610 suas
3008 1557 3218 1613 animas
3246 1561 3428 1617 divino
3451 1565 3659 1620 semine

428 1664 547 1725 ταῖς
593 1661 788 1733 ψυχαῖς
832 1663 1069 1736 οὐρανίῳ
1122 1666 1306 1738 σπόρῳ
1350 1643 1803 1741 κατακέχρηνται,
1838 1643 1994 1724 ἐἰκό-

2100 1649 2350 1709 utuntur;
2403 1643 2523 1700 ideo
2567 1655 2737 1712 recte,
2793 1655 2976 1718 utpote
3026 1650 3119 1705 Dei
3183 1651 3437 1718 Verbum,
3492 1655 3655 1711 futuri

426 1770 534 1818 τως
574 1749 664 1808 οἷα
709 1754 843 1808 Θεοῦ
889 1733 1060 1826 Λόγος
1108 1757 1206 1829 τὴν
1231 1733 1454 1827 γνῶσιν
1506 1733 1848 1833 προείληφὼς
1887 1764 1994 1816 τῶν
2029 1741 2066 1794 Β

2029 1741 2066 1794 Β
2096 1733 2376 1788 scientiam
2410 1752 2812 1809 praaoccupans,
2854 1740 2981 1808 quid
3024 1742 3213 1797 semini
3243 1758 3344 1799 suo
3390 1745 3533 1801 inter
3560 1748 3655 1802 ho-

430 1845 750 1917 μελλόντων,
813 1847 973 1902 ὁποῖα
1007 1826 1276 1903 πείσεται
1309 1851 1390 1914 εἰς
1440 1826 1757 1924 ἀνθρώπους
1787 1855 1816 1906 ὁ
1863 1855 1993 1926 παρ’

2098 1826 2268 1881 mines
2288 1842 2478 1895 sparso
2500 1842 2820 1888 eventurum
2849 1833 2940 1899 sit,
2961 1836 3226 1903 praedicit.
3257 1835 3454 1894 Casum
3480 1841 3661 1912 itaque

427 1938 590 1992 αὐτοῦ
624 1940 823 2012 σπόρος
855 1943 1056 2004 πεσὼν,
1086 1940 1349 2005 θεσπίζει.
1383 1942 1592 1996 Πτῶσιν
1624 1945 1754 2013 γοῦν
1782 1945 1997 2018 θαυμα-

2097 1919 2322 1974 mirifice
2377 1920 2609 1989 appellat
2657 1922 2960 1979 cmlestium
3017 1927 3281 1980 seminum
3329 1929 3380 1983 in
3417 1929 3662 1989 homines

430 2028 569 2090 στῶς
610 2029 709 2096 τὴν
758 2029 1060 2100 καταδολὴν
1089 2028 1194 2084 τῶν
1219 2031 1485 2101 οὐρανίων
1526 2033 1855 2104 σπερμάτων
1899 2035 1996 2104 τὴν

2095 2009 2506 2077 projectionem.
2537 2013 2789 2084 Duosque
2821 2015 2978 2071 docet
3019 2016 3134 2072 fore
3169 2019 3538 2088 recipientium
3572 2038 3661 2079 se-

429 2121 508 2183 εἰς
526 2120 622 2174 ἀνθ
632 2119 845 2193 ρώπους
865 2121 1135 2192 ὠνόμασε·
1165 2123 1259 2182 καὶ
1279 2123 1343 2195 δὴ
1373 2123 1465 2178 δύο
1484 2101 1738 2195 τάγματα
1767 2127 1876 2180 τῶν
1906 2101 1997 2180 τόν

2097 2116 2216 2154 men
2241 2101 2457 2158 ordines
2496 2118 2508 2154 :
2539 2106 2772 2174 priorem
2804 2106 3014 2162 illorum
3052 2112 3142 2179 qui
3178 2112 3453 2168 cmlestem
3494 2131 3657 2171 voca-

429 2211 630 2281 σπόρον
677 2212 1122 2284 καταδεξαμένων
1152 2194 1389 2278 ἔσεσθαι,
1420 2194 1677 2269 διδάσκει·
1731 2219 1997 2289 πρότερον

2099 2194 2297 2248 tionem
2321 2196 2520 2264 sortiti,
2548 2213 2644 2267 per
2667 2201 3168 2268 socordiamjamen
3198 2217 3360 2274 atque
3390 2205 3655 2275 ignaviam

428 2304 489 2358 τὸ
505 2303 612 2358 τῶν
639 2305 890 2371 καταξιου
899 2305 1072 2376 μένων
1092 2305 1188 2376 μὲν
1211 2305 1314 2377 τῆς
1341 2306 1583 2377 κλήσεως
1606 2307 1704 2379 τῆς
1725 2309 1994 2378 οὐρανίου,

2096 2289 2266 2356 gratia
2307 2289 2612 2344 excidunt:
2646 2293 2940 2349 secundum
2990 2297 3238 2352 ordinem
3291 2299 3502 2354 illorum
3563 2305 3655 2370 qui

427 2393 495 2448 δι’
518 2393 844 2466 ἀπροσεξίαν
871 2395 928 2447 δὲ
968 2395 1061 2450 καὶ
1088 2394 1360 2467 ρᾳθυμίαν
1402 2395 1503 2466 τῆς
1556 2396 1776 2468 χάριτος
1813 2398 1999 2452 ἀπολι-

2095 2392 2278 2433 semen
2337 2382 2554 2452 egregio
2610 2381 2788 2438 fructu
2839 2385 3218 2455 multiplicant.
3246 2387 3380 2444 Tres
3407 2405 3571 2460 porro
3603 2393 3657 2448 in

429 2485 772 2539 σθαινόντων·
823 2485 1073 2560 δεύτερον
1111 2486 1170 2540 δὲ
1205 2485 1267 2539 τὸ
1306 2487 1413 2541 τῶν
1458 2487 1997 2553 πολυπλασιαζὼτων

2097 2477 2328 2539 utroque
2371 2472 2560 2528 ordine
2597 2473 2930 2533 dilferentias
2963 2477 3169 2531 statuit.
3201 2476 3333 2534 Nam
3372 2491 3424 2536 et
3451 2483 3539 2550 qui
3571 2499 3660 2539 se-

426 2576 518 2629 τὸν
563 2577 761 2650 σπόρον
807 2578 865 2630 ὲν
905 2578 1137 2647 ἀγαθαῖς
1182 2578 1596 2650 καρποφορίαις.
1653 2581 1812 2651 Τρεῖς
1838 2580 1895 2632 δὲ
1940 2582 1998 2633 ὲν

2097 2573 2218 2612 men
2275 2563 2624 2630 pessumdant
2653 2603 2667 2626 ,
2729 2567 2868 2621 haud
2910 2568 3024 2636 pari
3063 2569 3220 2624 modo
3265 2571 3654 2641 exstinguunt:

429 2664 675 2736 ἑκατέρῳ
713 2666 952 2735 τάγματι
1009 2666 1268 2737 διαφορὰς
1299 2667 1531 2737 τίθησιν·
1580 2669 1711 2721 οἵτε
1751 2668 1859 2740 γὰρ
1907 2670 1997 2726 τὸν

2095 2652 2440 2723 vicissimque
2465 2656 2500 2710 ii
2532 2657 2620 2725 qui
2657 2657 2784 2712 illud
2819 2659 3096 2724 excolunt,
3127 2676 3194 2716 ex
3218 2676 3392 2732 eoque
3421 2664 3656 2721 fructum

430 2755 626 2828 σπόρον
658 2755 984 2820 ἀπολλύντες
1023 2758 1121 2829 οὐχ
1149 2760 1332 2830 ὅμοιον
1363 2758 1568 2829 ἴσχουσι
1600 2759 1697 2830 τῆς
1727 2759 1999 2822 ἀπωλείας

2098 2746 2342 2815 gignunt,
2394 2747 2536 2802 haud
2572 2749 2688 2816 pari
2723 2750 2970 2805 ubertate
3007 2762 3151 2807 sunt.
3203 2753 3425 2824 Insuper
3469 2771 3661 2813 causa:

429 2847 520 2901 τὸν
534 2847 753 2920 τρόπον·
777 2848 828 2902 οῖ
851 2850 897 2901 τ’
931 2845 997 2902 αὖ
1040 2849 1409 2922 γεωργοῦντες
1439 2850 1621 2916 αὐτὸν,
1662 2850 1760 2904 καὶ
1794 2850 1884 2904 τὸν
1939 2849 2000 2916 ἐξ

2098 2837 2261 2890 etiam
2306 2836 2488 2906 lapsus
2536 2852 2721 2893 eorum
2774 2841 2866 2910 qui
2920 2855 3103 2896 semen
3159 2847 3658 2914 pessumdederulrt.

426 2942 593 2997 αὐτοῦ
650 2943 994 3016 ποριζόμενοι
1044 2945 1273 3015 καρπὸν,
1326 2945 1427 2998 οὐκ
1468 2943 1586 3017 ίσην
1633 2944 1998 3016 ἀποφέρονται

2099 2929 2276 2983 divina
2307 2931 2616 3000 provisione
2649 2933 2809 2988 sistit.
2841 2934 2974 2988 Nam
3020 2935 3105 2990 vel
3139 2937 3332 3000 ignavo
3363 2939 3659 2996 incustodi-

427 3037 527 3107 τὴν
575 3025 858 3108 εὐπορίαν·
895 3038 974 3089 ἔτι
1006 3037 1139 3109 πρὸς
1180 3037 1390 3102 τούτοις
1433 3037 1647 3102 καὶτὰς
1671 3037 1850 3101 αἰτίας
1899 3037 1998 3109 τῆς
2027 3091 2065 3109 Α

2027 3091 2065 3109 Α
2103 3029 2184 3076 tas
2212 3022 2422 3076 animas
2445 3038 2570 3078 suas
2591 3037 2711 3079 esse
2733 3025 2989 3092 sinentes,
3039 3025 3232 3094 iniecta
3259 3029 3310 3084 in
3336 3029 3434 3086 has
3456 3033 3659 3089 semina

484 3091 494 3107 ι
717 3091 729 3108 ι
1051 3091 1064 3109 ι
1120 3091 1139 3101 -
1370 3091 1387 3102 -
1477 3091 1481 3092 ν
1594 3091 1597 3092 ν
1626 3091 1644 3102 σ
1830 3091 1848 3101 υ
1955 3091 1995 3109 ι.

430 3127 798 3191 ἀποπτῶσεως
830 3127 938 3181 τῶν
968 3126 1060 3180 τὸν
1101 3128 1298 3199 σπόρον
1321 3127 1662 3182 ἀπολλύντιιιν
1696 3127 1998 3199 προγνώσει
2025 3091 2067 3150 C

2025 3091 2067 3150 (ἶ
2100 3112 2420 3179 auniserunt,
2450 3115 2783 3184 rapientibus
2812 3116 3019 3173 scilicet
3045 3132 3110 3173 ex
3135 3119 3373 3188 ipsorum
3399 3133 3578 3178 mente
3598 3139 3661 3178 ac

431 3216 582 3288 θεῖκῇ
636 3217 986 3288 παρίστησιν·
1027 3217 1060 3290 ἢ
1093 3217 1202 3290 γάρ
1237 3217 1326 3271 διὰ
1349 3218 1618 3290 ῥᾳθυμίας
1659 3218 2000 3288 ἀφυλάκτους

2100 3203 2357 3258 memoria
2393 3203 2625 3260 inimicis
2652 3205 2973 3274 quibusdam
3007 3218 3170 3277 atque
3205 3211 3476 3268 insidiosis
3502 3214 3661 3284 spiri-

428 3309 527 3373 τὰς
572 3310 779 3364 ἑαυτῶν
837 3308 1014 3380 ψυχὰς
1068 3309 1441 3374 ἀπολιπόντες,
1485 3310 1554 3362 τὰ
1595 3310 2001 3381 καταϐληθέντα

2102 3293 2244 3349 tibus
2273 3295 2540 3362 malisque
2569 3295 2926 3364 damonibus,
2971 3299 3065 3368 qui
3098 3299 3152 3354 in
3186 3301 3286 3357 hoc
3323 3304 3466 3359 circa
3498 3305 3655 3361 tellu-

429 3401 610 3464 αὐτοῖς
645 3401 886 3472 σωτήρια
942 3399 1230 3470 σπέρματα
1257 3397 1683 3462 ἀπολωλέκασιν,
1720 3399 2001 3471 ἁρπασάν-

2100 3400 2210 3440 rem
2241 3401 2367 3442 aere
2391 3387 2654 3443 volitant:
2679 3388 2762 3443 vel
2782 3389 2944 3444 etiam
2969 3389 3324 3449 fraudulentis
3353 3395 3661 3455 hominibus

426 3507 533 3544 των
577 3489 726 3544 αὐτά
761 3490 826 3544 ἐκ
865 3490 964 3562 τῆς
1015 3487 1193 3543 αὐτῶν
1241 3488 1477 3552 διανοίας
1525 3505 1583 3542 τε
1624 3489 1716 3541 καὶ
1757 3489 1996 3560 μνήμης,

2099 3492 2163 3534 ac
2186 3479 2486 3544 fallacibus,
2520 3479 2604 3534 vel
2637 3481 2928 3536 contrariis
2956 3483 3169 3537 veritati
3201 3484 3498 3551 doctrinis;
3537 3505 3657 3559 quze

430 3579 642 3651 ἐχθρῶν
681 3598 842 3635 τινων
886 3582 980 3635 καὶ
1027 3578 1326 3634 ἐπιϐούλων
1367 3579 1484 3648 ήτοι
1545 3578 1866 3649 πνευμάτων
1906 3578 1999 3631 καὶ

2097 3570 2277 3626 omnia
2311 3570 2611 3626 caelestium
2635 3572 2914 3628 volucrum
2944 3575 3160 3629 nomine
3190 3575 3514 3645 indigitavit.
3561 3579 3657 3636 Vel

427 3672 696 3742 δαιμόνων
728 3672 977 3743 πονηρῶν
1009 3671 1101 3726 τὸν
1143 3669 1420 3742 περίγειον
1456 3668 1816 3739 διιπταμένων
1839 3670 1995 3740 ἀέρα,

2097 3659 2260 3714 etiam
2287 3664 2520 3716 secundo
2546 3659 2664 3716 loco
2691 3661 2926 3716 avaritia
2968 3671 3022 3716 et
3075 3664 3363 3733 voluptatis
3399 3666 3657 3736 studium,

427 3765 461 3835 ἢ
493 3763 704 3835 ἀνδρῶν
731 3765 939 3836 γοήτων
985 3765 1079 3817 καὶ
1102 3762 1415 3835 ἀπατηλῶν,
1444 3759 1477 3832 ἧ
1526 3759 1696 3828 λόγων
1743 3760 1999 3814 ἐναντίων

2096 3759 2150 3805 et
2197 3748 2361 3804 varia:
2389 3751 2573 3806 mundi
2603 3766 2763 3816 cum,
2806 3767 2942 3823 quas
2982 3754 3166 3821 spinas
3194 3756 3348 3820 dixit,
3391 3771 3572 3812 semen
3603 3760 3657 3814 in

428 3857 496 3927 τῇ
530 3854 775 3931 ἀληθείᾳ·
799 3854 835 3908 ἀ
858 3853 922 3925 δὴ
942 3854 1161 3908 πετεινά
1191 3853 1422 3927 οὐρανοῦ
1438 3851 1739 3922 ὠνόμασεν·
1775 3850 2000 3922 ἢδεύτε-

2098 3841 2229 3911 ipsis
2273 3841 2443 3896 emori
2483 3853 2702 3912 cogunt.
2735 3841 2830 3898 Vel
2859 3843 3089 3914 denique
3123 3847 3279 3902 tertio
3309 3847 3449 3913 loco,
3475 3863 3660 3919 perse-

432 3963 526 4019 ρον
565 3946 652 4000 διὰ
691 3946 1050 4017 φιλαργυρίαν
1091 3947 1184 3999 καὶ
1211 3945 1538 4015 φιληδονίαν,
1567 3943 1655 3997 διά
1685 3959 1744 3998 τε
1777 3942 1875 4005 τὰς
1901 3940 1996 3995 τοῦ

2097 3933 2372 3988 cutionum
2418 3948 2480 3988 ac
2507 3947 2885 4003 pressurarum
2919 3937 3211 3990 certamina
3252 3953 3354 3993 non
3391 3940 3661 3996 sustineu-o

431 4038 546 4110 βίου
568 4037 1100 4110 φιλοπραγμοσύνας,
1127 4037 1162 4092 ἃ
1191 4037 1255 4108 δὴ
1279 4036 1518 4099 ἀκάνθας
1555 4034 1878 4096 ἀπεκάλεσε,
1907 4032 1998 4088 τὸν

2098 4033 2196 4089 tes,
2227 4040 2362 4094 quas
2391 4033 2553 4080 aestus
2581 4027 2796 4081 nomine
2824 4027 2875 4080 in
2903 4026 3152 4096 parabola
3184 4029 3491 4100 appellavit,
3512 4047 3662 4088 coar-

427 4133 489 4185 ὲν
515 4130 695 4192 αὐτοῖς
727 4129 927 4200 σπόρον
957 4128 1724 4201 ἀποπνιγῆναιπεποιήκασιν·
1756 4125 1788 4197 ἢ
1817 4125 1997 4197 τρίτον

2095 4119 2207 4190 guti
2239 4127 2365 4173 sunt
2392 4117 2534 4173 haud
2569 4117 2675 4174 alte
2723 4118 2777 4172 in
2818 4119 3027 4175 illorum
3071 4122 3246 4176 anima
3284 4137 3466 4177 semen
3496 4124 3658 4180 fuisse

429 4223 683 4294 διωγμῶν
715 4223 809 4276 καὶ
857 4223 1227 4294 περιστάσεων
1251 4222 1376 4284 τοὺς
1410 4219 1627 4288 ἀγῶνας
1647 4219 1743 4289 οὐχ
1772 4218 1997 4289 ὐπομεί-

2097 4207 2414 4274 radicatum,
2437 4207 2532 4262 sed
2573 4208 2626 4262 in
2656 4207 2939 4277 superﬁcie
2969 4210 3336 4265 tantummodo
3368 4225 3432 4265 ac
3461 4213 3659 4280 specie,

436 4332 644 4378 ναντες,
673 4314 708 4368 ἃ
729 4314 792 4384 δὴ
825 4313 916 4366 καὶ
942 4311 1195 4366 καύσωνα
1226 4311 1312 4364 διά
1343 4312 1442 4381 τῆς
1475 4309 1790 4382 παραϐολῆς
1827 4325 1996 4380 προσ-

2095 4298 2243 4353 brevi
2282 4307 2520 4366 tempore
2547 4295 2863 4361 cﬂloruisse,
2901 4305 2956 4352 et
3003 4312 3139 4352 vana
3189 4298 3358 4366 plebis
3403 4299 3657 4368 opinione

431 4411 608 4469 εἶπεν,
641 4404 1062 4478 ἀπηλέγχθησαν
1094 4404 1168 4474 μὴ
1200 4402 1339 4456 κατά
1367 4401 1526 4472 βάθος
1555 4400 1652 4471 τῆς
1679 4400 1855 4453 αὐτῶν
1892 4398 1994 4468 ψυ-
2027 4423 2070 4476 D

2027 4423 2070 4476 ι)
2099 4390 2312 4446 habitos
2335 4404 2456 4444 esse
2480 4389 2722 4443 homines
2740 4387 2912 4459 frugi;
2939 4403 3075 4457 quos
3091 4389 3179 4442 diu
3198 4388 3424 4443 latentes
3448 4390 3658 4443 demum

428 4502 530 4572 χῆς
568 4500 658 4553 τὸν
697 4499 897 4569 σπόρον
948 4494 1327 4568 ἐρριζωμένοι,
1366 4492 1480 4545 ἀλλ’
1509 4490 1567 4556 ἐξ
1609 4491 1871 4560 ἐπιπολῆς
1904 4488 1997 4543 καὶ

2102 4481 2325 4545 revelat,
2363 4479 2503 4549 ignis
2525 4480 2694 4536 inetar
2725 4480 3034 4549 explorans,
3061 4489 3114 4533 et
3151 4479 3372 4534 minime
3401 4479 3661 4550 genuinos

435 4591 590 4662 μέχρι
605 4589 698 4643 τοῦ
720 4591 894 4644 δοκεῖν
921 4587 995 4652 ὡς
1014 4585 1150 4658 πρός
1177 4601 1298 4638 τινα
1333 4583 1520 4654 καιρὸν
1552 4582 1752 4644 ἀνθεῖν,
1786 4583 1880 4635 καὶ
1927 4583 1994 4652 τῇ

2101 4590 2400 4647 coarguens
2453 4584 2680 4642 tempus,
2732 4575 2873 4646 quod
2903 4583 3089 4629 mstum
3125 4583 3250 4644 apto
3278 4574 3538 4630 vocabulo
3564 4588 3659 4643 ap-

431 4683 538 4736 τῶν
577 4681 785 4735 πολλῶν
832 4680 1100 4750 φαντασία
1155 4677 1476 4738 σπουδαίους
1499 4669 1634 4726 εἶναι
1661 4672 1994 4744 νομίζεσθαι·

966 4680 1100 4749 ἀσία
1155 4677 1476 4738 σπουδαίους
1499 4669 1634 4726 εἶναι
1661 4672 1994 4744 νομίζεσθαι·
2099 4668 2613 4739 pellavitScrvator.

429 4773 524 4839 οὓς
551 4774 645 4828 καὶ
693 4771 886 4844 μακρῷ
919 4770 1181 4834 λαθόντας
1217 4770 1390 4841 χρόνῳ
1421 4766 1647 4828 ἐπιστὰς
1699 4761 2002 4835 ἀπήλεγξεν
2035 4759 2387 4834 όπυρωτικὸς
2419 4761 2513 4814 καὶ
2535 4759 2642 4814 τῶν
2701 4759 2763 4812 οὐ
2813 4757 3050 4828 γνησίων
3073 4756 3433 4827 διελεγκτικὺς
3451 4757 3658 4829 καιρὸς,

429 4868 488 4924 ὃν
502 4867 567 4941 δὴ
588 4866 843 4923 καύσωνα
862 4865 1164 4928 εὐθυὸόλως
1189 4867 1218 4917 ὁ
1249 4865 1437 4935 Σωτὴρ
1457 4863 1730 4934 ὠνόμασε.

1098 4982 1178 5036 ιθ·
1201 4981 1337 5052 (ιι).
2813 4969 2957 5026 XIX.

511 5077 572 5131 '0
623 5077 682 5130 δὲ
718 5093 878 5139 αυτος
909 5073 1113 5140 εδίδαξε
1159 5074 1256 5144 τὴν
1287 5072 1465 5126 αἰτίαν
1516 5071 1582 5124 δι’
1623 5070 1690 5141 ἣν
1708 5071 1819 5132 τοῖς
1866 5067 1999 5139 πλή-

2167 5067 2297 5123 Item
2326 5067 2573 5123 Christus
2602 5077 2821 5120 causam
2847 5061 3032 5116 docuit
3050 5077 3147 5116 cur
3172 5075 3237 5115 ao
3261 5059 3661 5116 multitudinem

433 5169 548 5221 θεσι
603 5168 669 5221 δι’
703 5166 1036 5238 αἰνιγμάτων
1065 5167 1190 5228 τοὺς
1234 5165 1424 5233 λόγους
1465 5163 1767 5234 παρεδίδου·
1817 5161 1999 5225 αὐτοῖς

2095 5175 2203 5214 non
2251 5161 2455 5226 absque
2509 5157 2816 5227 aenigmate-
2845 5153 3199 5222 loqueretur:
3234 5153 3509 5222 discipulis
3549 5153 3665 5222 qui-

436 5260 535 5330 μὲν
567 5259 810 5329 ἐφεῖσθαι
846 5257 1012 5312 εἰπὼν
1040 5257 1109 5310 τὰ
1141 5259 1412 5328 μυστήρια
1440 5256 1537 5326 τῆς
1566 5254 1659 5308 τοῦ
1678 5251 1812 5307 Θεοῦ
1847 5251 1996 5322 βασι-

2097 5251 2218 5306 dem
2248 5249 2467 5304 concedi
2491 5248 2698 5308 dicens.
2725 5255 2782 5300 nt
2805 5245 3054 5317 mysteria
3081 5245 3225 5311 regni
3251 5244 3340 5298 Dei
3364 5245 3660 5308 discerent,

433 5350 580 5415 λείας
597 5349 905 5422 μανθάνειν,
937 5350 1010 5420 μὴ
1043 5347 1278 5403 δίδοσθαι
1297 5349 1355 5402 δὲ
1377 5348 1622 5410 ὲκείνοις,
1659 5348 1783 5408 τοὺς
1808 5345 1994 5414 ὄχλους

2103 5357 2206 5396 non
2244 5351 2422 5396 tamen
2457 5340 2647 5396 turbis.
2704 5339 2793 5392 Ait
2816 5337 2962 5392 enim
2997 5354 3010 5389 :
3042 5333 3138 5390 Est
3169 5344 3343 5390 autem
3372 5337 3482 5390 hac
3509 5349 3665 5404 para-

532 5556 618 5629 ιο)
647 5553 779 5614 Cod.
801 5555 866 5613 Α.
889 5554 928 5609 ι.
948 5553 1155 5629 ιῆηι).
1186 5551 1598 5629 Sequentiahaec
1629 5563 1750 5629 cum
1785 5560 1989 5616 przece-
2166 5545 2280 5628 (ιι)
2318 5544 2451 5629 qod.
2503 5543 2563 5598 L.
2619 5539 2881 5629 f.ﬁl6,_b.
2911 5533 3668 5629 Eon-ferantun“manentia,

437 5605 1295 5694 δεηῖἶύυὲἐῖιὲζὲὸὶιὶιὲἱὶίζἀίεις·
1319 5637 1427 5694 non
1467 5619 1654 5673 videt?
1682 5605 1989 5686 quanquam
2098 5629 2150 5672 ut
2172 5605 2299 5687 ‘jam
2326 5617 2460 5682 dixi,
2504 5631 2624 5672 cum
2661 5613 2882 5683 Syriaca
2911 5609 3263 5680 Tltwphania,
3297 5621 3374 5674 tv,
3396 5605 3488 5660 33.

437 5699 494 5754 in
518 5698 712 5768 codice,
738 5690 951 5758 nonnisi
980 5696 1182 5751 nudum
1215 5690 1429 5747 Eusebii
1475 5703 1670 5744 nomen
1709 5698 1918 5758 gerunt.
