4190 6406
613 321 716 380 6τ9

1312 306 1580 363 EUSEBll
1619 301 2094 362 CIESABIEN‘SIS
2130 303 2276 358 OPP.
2324 300 2502 356 PARS
2539 299 2630 356 lV.
2671 328 2736 341 ο·-
2775 299 3190 356 DOGMATICA.

3757 296 3864 352 680

614 439 734 494 boia
765 452 784 492 :
809 434 998 491 Semen
1020 428 1317 485 cauet-bum
1345 426 1464 492 Dei,
1492 425 1659 480 etc.“
1681 405 2028 478 —-—l)iversos
2053 421 2173 475 ani-
2201 429 2221 484 Α

2296 441 2542 512 ἰηλώσας·
2555 441 2658 512 ἔφη
2676 441 2800 513 γάρ·
2813 442 2977 495 Ἔστι
2993 441 3061 494 δὲ
3072 442 3221 508 αὕτη
3243 441 3280 508 ἡ
3299 435 3625 509 παραϐολή·
3644 435 3862 507 Ὁξσπό-

615 543 825 585 marum
848 524 1065 581 habitus
1093 522 1146 574 in
1169 520 1234 574 iis
1264 518 1356 587 qui
1379 518 1678 572 doctrinam
1705 513 1820 582 ejus
1848 512 2182 580 subsequen-

618 633 670 676 te
696 630 935 688 tempore
957 612 1261 683 suscepturi
1289 619 1468 676 erant,
1500 619 1646 662 recte
1667 606 1953 659 admodum
1987 603 2186 658 revelat

614 710 895 768 Dominus.
927 707 1062 760 Tres
1094 701 1348 756 videlicet
1392 699 1614 755 ordines
1645 697 1919 752 hominum
1949 694 2064 749 fore
2097 695 2182 748 di-

616 800 713 864 cit,
741 797 829 867 qui
865 795 1120 850 doctrinae
1147 807 1256 845 sua:
1285 804 1464 843 semen
1493 788 1632 840 haud
1659 788 1792 840 bene
1810 783 2184 852 siutreceptu-

617 894 684 948 ri.
710 889 843 943 Tres
864 887 1102 943 vicissim
1127 884 1459 954 egregiorum
1486 878 1762 933 hominum
1792 878 2006 941 choros,
2037 877 2188 932 bona:

621 993 778 1038 terra!
823 981 994 1035 instar
1035 974 1292 1030 doctrina:
1327 972 1556 1026 fructum
1591 970 1804 1024 uberem
1849 983 1911 1023 ac
1939 968 2188 1036 multipli-

620 1085 796 1129 Catum
827 1071 1086 1126 edituros.
1111 1068 1252 1134 Ergo
1281 1064 1397 1119 illos
1419 1065 1508 1132 qui
1530 1060 1672 1131 jacta
1705 1062 1755 1116 in
1780 1062 2012 1115 animam
2036 1076 2186 1114 suam

620 1167 822 1221 semina
855 1160 1229 1231 pessumdant,
1279 1170 1471 1212 causas
1501 1155 1699 1208 habere
1735 1154 1862 1206 dicit
1889 1163 2018 1209 tres.
2056 1151 2186 1206 Nam

618 1258 702 1311 vel
751 1255 930 1308 mundi
962 1252 1124 1315 curis,
1176 1263 1239 1302 ac
1287 1262 1470 1300 rerum
1515 1245 1734 1299 minime
1762 1245 2188 1300 necessariarum

620 1349 818 1414 studio,
869 1355 922 1400 et
959 1343 1147 1413 Opibus
1174 1339 1490 1407 deliciisque
1517 1337 1781 1407 impliciti,
1823 1350 2006 1392 semen
2035 1351 2191 1391 suum

621 1443 934 1500 obruentes,
980 1433 1148 1504 spinis
1198 1431 1592 1502 quodammodo
1625 1428 1888 1485 suffocare
1917 1430 2188 1484 videntur.

629 1532 720 1585 Vel
753 1530 970 1584 minime
1008 1527 1058 1579 in
1097 1524 1292 1579 mentis
1318 1537 1430 1579 sum
1457 1521 1826 1591 penetralibus
1868 1529 2082 1590 recepto
2107 1536 2194 1574 se-

624 1623 788 1686 mine,
833 1617 1080 1672 celeriter
1109 1615 1478 1683 exstinguunt,
1523 1613 1784 1681 angustiis
1813 1611 2068 1680 correpti.
2097 1611 2194 1664 Vel

629 1712 785 1765 tertio
828 1709 1059 1777 denique
1110 1719 1276 1760 causa
1321 1703 1601 1758 amittendi
1654 1702 1761 1756 dati
1809 1702 2032 1758 seminis
2091 1701 2190 1758 sibi

2274 551 2385 601 ρος
2407 531 2578 586 ἐστὶν
2599 536 2632 586 ό
2657 534 2837 601 λόγος
2871 532 2977 587 τοῦ
3010 533 3178 597 Θεοῦ,
3211 551 3265 586 κ.
3297 550 3347 586 τ.
3367 529 3612 602 λ.-(12)
3637 528 3748 592 Τάς
3802 531 3862 581 ἐν

2281 627 2478 696 ψυχαῖς
2501 624 2773 698 ’διαφορὰς
2813 623 2920 678 τῶν
2949 624 3047 696 τὴν
3079 624 3426 678 διδασκαλίαν
3459 621 3620 677 αὑτοῦ
3645 620 3864 692 μελλόν-

2282 732 2388 769 των
2414 714 2764 784 ὑποδέχεσθαι
2802 715 2860 767 ἐν
2884 717 2995 778 τοῖς
3031 714 3169 786 μετὰ
3199 715 3371 770 ταῦτα
3395 716 3604 787 χρόνοις
3642 709 3699 766 εὖ
3722 709 3866 783 μάλα

2284 807 2546 875 ὲκγυμνοῖ
2560 806 2588 856 ό
2608 805 2831 875 Κύριος·
2857 806 2950 859 καλ⁸
2972 807 3099 878 τρία
3130 809 3227 878 μὲν
3240 807 3497 878 τάγματα
3525 808 3631 860 τῶν
3659 808 3716 858 οὐ
3737 815 3868 876 γνη-

2287 898 2415 961 σίως
2454 897 2544 951 τὸν
2584 899 2784 968 σπόρον
2816 899 2914 969 τῆς
2941 899 3104 952 αὐτοῦ
3137 901 3481 963 διδασκαλίας
3499 898 3868 970 παραδεχομέ-

2287 1011 2391 1047 νων
2437 991 2655 1044 ἕσεσθαι
2713 992 3095 1063 προαγορεύει·
3155 995 3303 1062 τρεῖς
3341 991 3599 1054 ὡσαύτως
3649 989 3867 1058 ἀγαθῶν

2285 1083 2478 1154 χοροὺς
2510 1081 2617 1134 τῶν
2666 1082 2824 1153 δίκην
2854 1083 3066 1151 εὐγείου
3090 1081 3270 1155 χώρας
3293 1082 3733 1155 πολυφορούντων
3774 1083 3868 1134 καὶ

2289 1171 2834 1236 πολυπλασιαζόντων
2875 1174 2966 1228 τὸν
2990 1174 3166 1242 λόγον,
3200 1175 3320 1227 Τῶν
3357 1175 3454 1245 μὲν
3471 1172 3561 1228 οὖν
3594 1173 3869 1226 ἀπολλύν-

2289 1285 2394 1321 των
2441 1268 2508 1321 τά
2556 1268 3004 1339 καταϐαλλόμενα
3043 1273 3108 1340 τῇ
3161 1269 3340 1322 αὐτῶν
3385 1269 3527 1340 ψυχῇ
3583 1269 3868 1340 σπέρματα

2289 1359 2467 1422 αἰτίας
2517 1356 2654 1413 εἶναί
2709 1377 2838 1431 φησι
2881 1363 3051 1431 τρεῖς·
3081 1362 3114 1432 ἢ
3150 1361 3259 1434 γὰρ
3305 1362 3410 1414 ὑπὸ
3440 1361 3734 1432 φροντίδων
3776 1359 3868 1412 τοῦ

2295 1447 2430 1518 βίου,
2449 1450 2544 1502 καὶ
2579 1453 2676 1520 τῆς
2707 1450 2856 1522 παρὰ
2882 1450 2951 1504 τὰ
2985 1452 3059 1523 μὴ
3079 1453 3348 1521 ἀναγκαῖα
3382 1454 3639 1524 σπουδῆς,
3686 1451 3788 1505 ὑπό
3809 1470 3869 1506 τε

2294 1540 2525 1594 πλούτου
2565 1543 2660 1595 καὶ
2692 1544 2924 1612 τρυφῆς,
2987 1543 3430 1614 καταχωννύντες
3463 1544 3554 1597 τὸν
3595 1545 3652 1599 ὲν
3689 1543 3871 1606 αὐτοῖς

2295 1631 2494 1702 σπόρον
2525 1632 2731 1686 ἐοίκασι
2752 1636 2865 1697 τοῖς
2887 1634 2992 1686 ὑπὸ
3018 1635 3265 1688 ἀκανθῶν
3297 1636 3674 1704 ἀποπνίγουσι·
3705 1636 3738 1706 ἢ
3772 1635 3872 1687 οὐκ

2295 1724 2404 1776 ἀπὸ
2442 1723 2639 1794 βάθους
2680 1725 2919 1789 διανοίας
2975 1726 3138 1781 αὐτὸν
3182 1725 3636 1798 παραδεξάμενοι,
3681 1726 3872 1780 θᾶττον

625 1806 778 1866 tiunt,
816 1803 939 1857 dum
967 1800 1173 1869 patulas
1199 1814 1357 1853 aures
1403 1799 1645 1868 prmbent
1685 1797 1995 1852 hominibus
2045 1796 2193 1852 deci-

2296 1815 2716 1871 ἀποσϐέννυνται
2762 1818 3138 1888 περιστάσεως
3180 1796 3608 1890 καταλαϐούσης·
3655 1819 3687 1890 ἢ
3732 1820 3875 1872 κατά

623 1895 801 1965 piendi
828 1893 1101 1958 studiosis,
1128 1893 1346 1962 ctjacta
1389 1891 1441 1945 in
1471 1891 1683 1946 illorum
1717 1890 1951 1944 anitnam
1983 1891 2192 1945 semina

624 1986 932 2056 diripiendi.
963 1985 1088 2040 ΠἘο
1124 1985 1288 2056 igitur
1316 1983 1610 2040 secundum
1639 1998 1792 2037 suam
1826 1982 2188 2052 provisiouem

626 2076 968 2147 a_Servatore
998 2074 1252 2143 praedicta
1284 2073 1522 2127 fuerunt.
1551 2072 1640 2126 Sic
1662 2081 1840 2126 autem
1873 2086 1985 2125 rem
2013 2086 2071 2126 se
2094 2071 2193 2124 lia-

626 2170 752 2221 here
778 2166 1267 2234 exploratissimum
1300 2173 1406 2219 est.
1427 2163 1579 2217 llaud
1599 2163 1756 2217 aliter
1781 2163 1920 2216 enim
1954 2162 2193 2217 nonnulli

624 2257 882 2311 excidunt
914 2255 1186 2324 religionis
1213 2254 1476 2316 doctrina,
1519 2253 1621 2308 nisi
1647 2253 1831 2323 aliquo
1866 2268 1896 2308 e
1923 2251 2194 2322 prredictis

627 2348 694 2402 ab
716 2362 781 2402 eo
804 2348 991 2401 modis.
1029 2345 1287 2399 Similiter
1319 2344 1556 2399 melioris
1580 2360 1794 2414 quoque
1819 2344 2045 2410 ordinis,
2078 2343 2199 2397 illo-

627 2453 746 2491 rum
775 2436 986 2491 scilicet
1015 2436 1107 2504 qui
1132 2435 1355 2490 caeleste
1384 2449 1605 2504 regnum
1642 2444 1768 2490 sunt
1790 2435 2057 2505 adepturi,
2087 2443 2195 2489 tres

627 2529 830 2584 classes
856 2527 1136 2582 Mattltaeus
1166 2525 1392 2581 sistit".
1421 2525 1612 2581 Cuncti
1637 2527 1779 2580 enim
1805 2525 1871 2580 ab
1890 2542 1994 2580 uno
2023 2536 2198 2580 satore

628 2631 683 2674 et
705 2618 935 2690 agricola
966 2619 1019 2672 in
1048 2617 1329 2672 animabus
1357 2618 1488 2680 suis,
1514 2631 1614 2671 ceu
1643 2616 1907 2671 fertilibus
1934 2617 2198 2686 bonisque

627 2712 774 2779 agris
794 2750 808 2776 ,
838 2724 1000 2762 unum
1031 2708 1278 2778 idemque
1309 2714 1582 2776 receptam
1616 2719 1823 2769 semen,
1861 2721 1957 2776 pro
1997 2707 2198 2761 viribus

628 2801 914 2866 excolunt;
971 2815 1145 2870 neque
1183 2810 1358 2853 tamen
1408 2801 1524 2869 pari
1562 2814 1787 2853 numero
1819 2799 2194 2868 multiplicant,

628 2907 816 2945 verum
845 2891 1131 2961 plurimam
1185 2889 1381 2957 singuli
1429 2889 1480 2942 in
1516 2889 1671 2943 bouis
1698 2890 1809 2943 suis
1841 2889 2197 2944 dill‘ereutiam

630 2999 738 3054 pra:
779 2998 836 3037 se
864 2982 1059 3037 ferunt.
1109 2975 1223 3035 Etsi
1251 2980 1394 3035 enim
1428 2995 1591 3034 unum
1624 2981 1723 3034 fuit
1749 2981 1801 3034 itt
1833 2980 1914 3034 his
1949 2982 2200 3035 omnibus

587 3093 592 3098 ·
631 3091 836 3142 semen,
871 3090 1010 3129 unus
1033 3075 1159 3129 item
1191 3074 1439 3143 idemque
1463 3083 1631 3140 sator,
1670 3090 1774 3129 non
1809 3086 1987 3129 tamen
2015 3077 2198 3146 singu-

633 3170 801 3221 lorum
829 3166 1086 3220 sedulitas
1117 3181 1180 3220 ac
1215 3165 1461 3220 voluntas
1493 3180 1675 3235 parem
1711 3167 1764 3218 in
1794 3167 2041 3221 omnibus
2081 3168 2191 3221 fru-
2225 3149 2266 3205 (ἶ

632 3269 774 3314 ctum
809 3257 1030 3326 protulit
1064 3271 1078 3308 :
1110 3257 1458 3326 quamobrem
1496 3271 1561 3309 ne
1601 3255 1942 3324 agricultura:
1984 3258 2198 3326 quidem

636 3351 839 3405 reditus
868 3363 964 3417 par
994 3347 1191 3417 ubique
1222 3346 1322 3400 fuit
1347 3364 1361 3400 :
1389 3345 1480 3400 sed
1508 3345 1599 3399 alii
1634 3346 1847 3414 triginta
1879 3347 2197 3410 retulerunt,

633 3442 723 3494 alii
762 3439 1094 3508 trigesimum
1122 3449 1402 3490 numerum
1444 3434 1808 3504 duplicaruut,
1849 3435 1938 3488 alii
1969 3435 2201 3505 denique.

634 3533 818 3586 labore
840 3530 1229 3601 praecellentes,
1256 3526 1611 3594 centuplicem
1656 3525 1886 3580 fructum
1915 3526 2196 3584 dederunt.

631 3623 788 3679 Prior
809 3637 936 3692 ergo
956 3622 1047 3676 ille
1073 3620 1206 3675 ordo
1229 3620 1370 3675 baud
1394 3619 1550 3674 aliter
1575 3619 1753 3673 divina
1786 3618 2201 3675 fructiﬁcatioue

633 3715 897 3784 privatur,
938 3713 1039 3766 nisi
1069 3711 1248 3780 aliquo
1287 3725 1317 3764 e
1355 3710 1626 3779 praedictis
1657 3710 1847 3765 modis.
1881 3711 1981 3777 Qui
2021 3722 2199 3766 autem

635 3807 688 3861 in
740 3804 1008 3859 contrario
1050 3802 1241 3858 ordine
1273 3810 1416 3866 sunt,
1461 3817 1590 3871 pura
1649 3802 1827 3856 anima
1875 3811 1929 3856 et
1969 3803 2202 3873 genuino

637 3897 831 3950 mentis
857 3894 1150 3964 proposito,
1193 3893 1416 3948 salutari
1457 3902 1670 3962 recepto
1709 3893 1932 3959 semine,
1965 3896 2198 3949 vicissim

633 4001 729 4056 pro
757 4002 868 4041 sua:
909 3985 1100 4039 anima:
1132 3983 1338 4039 viribus
1370 3983 1834 4041 fructiﬁcationem
1875 4001 2028 4041 suam
2061 3988 2200 4043 mul-

637 4079 896 4150 tiplicant.

2292 1907 2484 1978 τρίτην
2529 1909 2709 1962 αἰτίαν
2758 1908 2921 1962 αἴτιοι
2974 1910 3247 1975 ἀπωλείας
3291 1911 3640 1964 καθίστανται
3683 1911 3776 1965 ’τυῦ
3816 1915 3874 1966 ἐν

2295 1998 2477 2061 αὐτοῖς
2513 2000 2739 2072 σπόρου,
2774 2001 2873 2065 τὰς
2909 2003 3089 2055 αὐτῶν
3137 2003 3307 2066 ἀκοὰς
3347 2004 3646 2067 ἐκδιδόντες
3669 2005 3874 2067 άνέτως

2291 2091 2405 2152 τοῖς
2433 2089 2706 2163 ἐξαπατᾷν
2737 2093 2980 2146 ἐθέλουσι
3017 2094 3110 2147 καὶ
3132 2095 3474 2165 ὑφαρπάζειν
3499 2095 3570 2149 τά
3593 2099 3649 2150 ἐν
3679 2099 3744 2168 τῇ
3777 2097 3876 2149 αύ-

2292 2179 2400 2233 τῶν
2433 2181 2574 2252 ψυχῇ
2629 2185 3042 2254 καταϐληθέντα
3079 2186 3386 2257 σπέρματα.
3431 2187 3616 2243 Ταῦτα
3657 2189 3755 2259 μὲν
3781 2183 3876 2242 οὖν

2295 2270 2437 2323 κατὰ
2472 2273 2777 2343 πρόγνωσιν
2806 2275 2882 2347 τῷ
2915 2278 3125 2349 Σωτῆρι
3161 2279 3510 2350 προλέλεκτο·
3547 2283 3660 2344 τοῖς
3692 2280 3747 2333 δὲ
3781 2279 3875 2352 ἔρ-

2295 2379 2413 2429 γοις
2441 2362 2612 2428 οὕτως
2632 2366 2823 2436 ἔχοντα
2855 2369 2886 2438 ή
2927 2368 3181 2440 ἐνάργεια
3205 2371 3556 2442 παρίστησιν·
3587 2371 3684 2424 ούκ
3702 2371 3876 2434 ἄλλως

2296 2454 2402 2526 γὰρ
2436 2457 2761 2512 ὲκπίπτουσί
2783 2479 2926 2525 τινες
2947 2462 3040 2515 τοῦ
3062 2462 3160 2532 τῆς
3193 2462 3500 2526 θεοσεϐείας
3531 2463 3689 2533 λόγου
3705 2465 3736 2535 ἢ
3754 2463 3875 2516 καθ’

2297 2547 2392 2602 ἕνα
2417 2549 2525 2602 τῶν
2559 2551 2650 2604 ὑπ’
2679 2553 2843 2606 αὐτοῦ
2878 2555 3297 2628 προρρηθέντων
3327 2557 3562 2627 τρόπων.
3610 2555 3875 2618 Ὡσαύτως

2297 2637 2355 2691 δὲ
2389 2640 2482 2692 καὶ⁹
2519 2640 2612 2694 τοῦ
2644 2643 2951 2712 κρείττονος
2971 2645 3246 2716 τάγματος
3274 2645 3384 2698 τῶν
3408 2645 3742 2715 τευξομένων
3777 2644 3876 2714 τῆς

2297 2731 2544 2801 οὐρανίου
2587 2732 2862 2802 βασιλείας
2894 2739 3042 2805 τρεῖς
3075 2732 3212 2789 εἶναι
3244 2735 3427 2801 τάξεις
3470 2737 3708 2809 παρίστη
3738 2737 3876 2791 κατά

2298 2822 2596 2888 Ματθαῖον,
2627 2825 2842 2878 πάντων
2863 2827 2959 2896 μὲν
2987 2827 3076 2897 ὑφ’
3103 2827 3222 2892 ἐνὸς
3244 2828 3487 2901 σπορέως
3503 2845 3561 2882 τε
3587 2830 3680 2884 καὶ
3707 2847 3873 2900 γεωρ-

2298 2914 2396 2982 γοῦ
2443 2918 2562 2978 ταῖς
2600 2916 2779 2969 αὐτῶν
2809 2918 3025 2988 ψυχαῖς,
3062 2915 3148 2972 οἶα
3183 2919 3245 2989 δὴ
3277 2920 3480 2992 χώραις
3521 2921 3750 2990 εὐγείοις
3787 2922 3875 2974 καὶ

2299 3000 2546 3068 ἀγαθαῖς,
2580 3005 2676 3056 ἕνα
2717 3007 2810 3057 καὶ
2848 3007 2937 3058 τὸν
2998 3008 3156 3061 αὐτὸν
3188 3010 3627 3082 ύποδεδεγμένων
3659 3012 3876 3083 σπόρον,

2300 3092 2732 3162 γεωργησάντων
2743 3094 2798 3146 δὲ
2813 3096 2971 3148 αὐτὸν
2999 3097 3396 3170 κατάδύναμιν,
3415 3101 3859 3155 πολυπλασιασάν

2299 3197 2405 3233 των
2439 3199 2498 3233 τε
2527 3182 2624 3252 οὐχ
2648 3184 2868 3253 ὁμοίως.
2901 3185 3035 3239 ἀλλὰ
3085 3186 3344 3259 πλείστην
3375 3189 3618 3244 ἑκάστων
3648 3189 3872 3254 ἐνδειξα·

2304 3270 2477 3340 μένων
2506 3273 2563 3324 ἐν
2612 3274 2836 3342 ἀγαθοῖς
2889 3275 3168 3346 διαφοράν·
3197 3280 3245 3331 εί
3272 3279 3334 3350 δὴ
3363 3274 3443 3344 εἷς
3480 3280 3579 3351 μὲν
3624 3277 3692 3352 ἦν
3720 3284 3876 3335 πᾶσιν

2301 3363 2481 3425 αὖτοῖς
2513 3365 2542 3416 ό
2588 3364 2806 3435 σπόρος,
2840 3361 2915 3429 εἷς
2947 3367 3002 3419 δὲ
3034 3369 3126 3420 καὶ
3155 3371 3182 3421 ό
3204 3369 3362 3434 αὐτὸς
3390 3371 3644 3441 σπορεὺς,
3676 3373 3737 3425 οὐ
3775 3373 3876 3443 μὴν

2299 3452 2366 3504 τὰ
2395 3455 2452 3520 ἐξ
2479 3455 2795 3524 ἐπιμελείας
2826 3459 2926 3528 τῆς
2960 3459 3190 3513 ἑκάστου
3220 3462 3607 3534 προαιρέσεως,
3639 3464 3730 3516 ἴσα
3768 3465 3876 3527 τοῖς

2305 3544 2467 3595 πᾶσιν
2498 3545 2799 3616 ἐπορίζετο·
2859 3547 2939 3601 διὸ
2981 3548 3101 3601 οὐδὲ
3150 3551 3177 3601 ὀ
3225 3550 3325 3619 τῆς
3361 3551 3633 3621 γεωργίας
3673 3552 3877 3620 καρπὸς

2303 3634 2485 3703 ὅμοιος
2521 3637 2671 3707 παρὰ
2699 3640 2810 3702 τοῖς
2839 3641 3001 3692 πᾶσιν
3016 3635 3104 3711 ἦν·
3129 3640 3306 3694 ἀλλ’οἱ
3337 3641 3433 3710 μὲν
3462 3643 3879 3712 τριακοντάχουν

2304 3723 2733 3798 ὲκαρποφόρουν,
2769 3732 2816 3782 οἱ
2855 3730 2911 3783 δὲ
2944 3731 3096 3802 παρά
3127 3731 3347 3795 τούτους
3388 3731 3794 3796 ἐδιπλασίαζον,
3833 3735 3878 3784 oi

2304 3813 2360 3866 δὲ
2391 3817 2816 3887 ὑπερϐάλλοντες
2843 3824 2908 3892 τῇ
2930 3823 3212 3893 φιλοπονίᾳ
3238 3823 3626 3893 ἐκατοντάχουν
3647 3824 3735 3876 τὸν
3757 3841 3878 3896 κάρ

2307 3906 2406 3958 πὸν
2427 3908 2766 3965 ἀπεδίδοσαν.
2808 3914 3032 3967 Ἐκεῖνοι
3063 3915 3160 3985 μὲν
3189 3910 3280 3968 οὖν
3307 3915 3406 3968 οὐκ
3428 3914 3600 3978 ἄλλως
3619 3915 3719 3985 τῆς
3744 3917 3878 3967 κατὰ

2304 3997 2434 4051 Θεὸν
2470 4001 2746 4073 στέρονται
2767 4006 3142 4078 καρποφορίας
3174 4005 3206 4077 ἢ
3236 4007 3356 4060 καθ’
3379 4008 3474 4060 ἕνα
3501 4006 3608 4060 τῶν
3629 4007 3878 4076 λελεγμέ-

2303 4105 2408 4143 νων
2435 4093 2673 4163 τρόπων·
2703 4096 2824 4150 οἱδὲ
2860 4098 3115 4162 ἐναντίως
3140 4099 3369 4162 ἐκείνοις
3393 4099 3744 4171 διακείμενοι,
3781 4120 3879 4155 κα-

635 4172 776 4242 θαρᾷ
811 4171 954 4242 ψυχῇ
978 4188 1070 4224 και
1107 4170 1420 4241 προαιρέσει
1460 4169 1657 4242 γνησίᾳ
1693 4170 1784 4224 τὸν
1824 4173 2086 4241 σωτήριον
2139 4173 2522 4252 ὑποδεξάμενοι
2580 4189 2798 4261 σπόρον,
2843 4190 3005 4244 πάλιν
3081 4191 3221 4245 κατά
3294 4191 3520 4264 δύναμιν
3557 4169 3655 4265 τῆς
3706 4196 3879 4249 αὐτῶν

634 4267 809 4338 ψυχῆς
840 4264 1335 4328 πολυπλασιάζουσι
1359 4266 1484 4329 τοὺς
1510 4265 1717 4319 ἑαυτῶν
1737 4265 1998 4337 καρπούς.

706 4362 928 4417 Etiamsi
975 4361 1346 4426 saecularibus,
1386 4351 1589 4434 inquit,
1668 4363 1880 4418 nonnisi
1915 4377 2011 4433 per
2046 4379 2201 4434 para~

2377 4368 2488 4439 (l5)
2513 4371 2577 4422 Εί
2603 4370 2695 4424 καὶ
2714 4371 2782 4424 τά
2801 4371 3054 4442 μάλιστα,
3087 4375 3239 4444 φησι,
3272 4378 3383 4440 τοῖς
3409 4375 3512 4440 ἔξω
3532 4376 3620 4429 διὰ
3641 4377 3879 4447 παραϐο-

637 4451 814 4507 bolam
847 4451 987 4505 facta
1015 4451 1175 4505 verba
1208 4460 1352 4515 sunt,
1386 4459 1444 4503 ut
1473 4451 1712 4505 videntes
1742 4465 1845 4504 non
1875 4451 2120 4517 videant,
2147 4463 2202 4508 et

639 4543 918 4598 audientes
947 4557 1053 4598 non
1087 4541 1387 4612 intelligant
1427 4551 1644 4612 propter
1671 4557 1825 4598 suam
1855 4544 2200 4602 incredulita-

637 4646 780 4702 tem;
811 4634 1162 4690 nihilominus
1185 4635 1376 4704 cuique
1399 4634 1561 4704 digno
1589 4645 1729 4690 totus
1751 4652 1928 4693 sermo
1955 4639 2057 4694 erit
2079 4655 2200 4708 per-

639 4728 875 4798 spicuus.
906 4724 1038 4780 Nam
1071 4740 1168 4779 nec
1204 4724 1419 4780 lucerna
1467 4734 1527 4779 ut
1565 4740 1632 4781 ne
1663 4726 1836 4782 luceat
1872 4729 2196 4797 incenditur,

637 4836 809 4890 neque
869 4828 926 4873 ut
963 4819 1064 4873 sub
1101 4817 1274 4872 modio
1304 4817 1386 4871 vel
1423 4818 1561 4873 lecto
1587 4819 2046 4874 condatur”:ita
2067 4821 2201 4877 nihil

638 4906 772 4961 adeo
793 4906 897 4960 erit
930 4905 1319 4969 absconditum,
1349 4913 1406 4959 ut
1437 4905 1563 4960 nulli
1610 4909 1828 4962 omnino
1875 4909 2194 4965 innotescat.

639 4997 729 5050 Sic
754 4997 918 5050 etiam
951 4997 1208 5051 caelorum
1253 4999 1400 5067 regni
1452 4999 1702 5069 mysteria
1746 5016 1843 5069 per
1887 5001 2194 5069 pnrabolam

639 5088 798 5152 dicta,
854 5089 954 5142 etsi
1009 5088 1131 5142 ﬁdei
1171 5098 1459 5144 extraneos
1524 5089 1711 5157 latent,
1751 5107 1977 5162 quorum
2034 5095 2198 5150 etiam

638 5193 796 5230 causa
856 5176 1090 5231 involute
1151 5187 1276 5232 sunt
1307 5179 1535 5247 prolata,
1575 5197 1681 5236 non
1731 5191 1910 5238 tamen
1960 5184 2198 5252 impene-

640 5266 883 5319 trabilem
926 5267 1173 5320 munibus
1211 5283 1428 5322 sensum
1463 5270 1755 5326 habebunt.
1803 5273 1877 5326 Ita
1918 5289 2046 5344 ergo
2078 5269 2203 5329 sunt

639 5354 800 5418 dicta,
832 5364 939 5410 uta
963 5357 1136 5425 dignis
1160 5359 1526 5414 tantummodo
1554 5373 1970 5430 cognoscantur.
2002 5364 2201 5431 Quam-

637 5446 820 5500 obrem
848 5461 960 5512 vos,
989 5447 1230 5517 discipuli
1269 5450 1393 5514 mei,
1421 5460 1474 5504 ct
1503 5455 1724 5508 cernitis
1749 5463 1803 5508 et
1831 5455 2027 5510 auditis
2056 5473 2203 5510 men-

2307 4457 2404 4528 λῆς
2439 4459 2652 4530 εἴρηται
2673 4461 2741 4514 τά
2774 4461 3063 4535 λεγόμενα,
3083 4467 3171 4519 ἵνα
3204 4466 3491 4536 βλέποντες
3518 4467 3591 4539 μὴ
3620 4467 3877 4537 βλέπωσι,

2309 4549 2403 4600 καὶ
2436 4549 2724 4614 ἀκούοντες
2761 4554 2834 4623 μὴ
2888 4555 3110 4608 συνιῶσι
3151 4555 3239 4608 διὰ
3263 4555 3360 4627 τὴν
3396 4557 3652 4610 ἀπιστίαν
3680 4560 3878 4624 αὐτῶν,

2306 4638 2440 4691 ἀλλὰ
2469 4644 2584 4704 τοῖς
2615 4659 2678 4710 γε
2706 4643 2874 4708 ἀξίοις
2908 4647 3082 4716 σαφὴς
3105 4646 3254 4700 ἔσται
3278 4650 3383 4711 πᾶς
3407 4648 3582 4716 λόγος.
3610 4649 3745 4703 Οὔτε
3775 4652 3879 4720 γὰρ

2305 4727 2494 4799 λύχνος
2532 4731 2623 4783 ἐπὶ
2653 4731 2731 4801 τῷ
2777 4735 2850 4806 μὴ
2892 4736 3103 4803 φαίνειν
3151 4736 3468 4803 ἐξάπτεται,
3513 4739 3621 4792 οὐδ’
3675 4740 3768 4792 ἐπὶ
3804 4741 3878 4812 τᾷ·

2307 4820 2673 4876 καλύπτεσθαι
2711 4825 2815 4878 ὑπὸ
2845 4827 3022 4896 μόδιον
3068 4827 3100 4898 ἤ
3159 4829 3366 4899 κλίνην·
3413 4829 3594 4882 οὐκέτι
3642 4832 3879 4901 κρυπτὸν

2306 4913 2458 4968 ἔσται
2483 4915 2655 4987 πάντη
2673 4915 2956 4982 λανθάνον,
2990 4920 3066 4983 ὡς
3099 4919 3172 4990 μή
3206 4937 3316 4973 τισι
3350 4921 3480 4990 γοῦν
3499 4921 3879 4992 γνωρίζεσθαι·

2303 5002 2474 5067 οὕτως
2523 5006 2617 5058 καὶ
2666 5006 2736 5059 τά
2768 5008 2865 5078 τῆς
2897 5010 3172 5079 βασιλείας
3201 5011 3308 5065 τῶν
3340 5013 3579 5084 οὐρανῶν
3609 5015 3879 5085 μυστήρια

2303 5096 2391 5149 διά
2417 5098 2730 5170 παραϐολῆς
2753 5100 3037 5170 λεγόμενα,
3067 5104 3114 5155 εί
3144 5105 3238 5156 καὶ
3261 5106 3386 5168 τοὺς
3402 5105 3507 5172 ἔξω
3521 5106 3618 5177 τῆς
3646 5107 3879 5171 πίστεως

2305 5188 2581 5255 λανθάνει,
2605 5190 2671 5242 δι’
2704 5191 2799 5254 οὓς
2822 5194 2914 5245 καί
2939 5194 3465 5266 ἐπικεκαλυμμένως
3497 5197 3731 5269 εἴρηται,
3766 5199 3880 5252 ἀλλ’

2297 5281 2358 5332 οὐ
2396 5283 2507 5343 τοῖς
2540 5283 2704 5334 πᾶσιν
2730 5283 3039 5354 ἀπόρρητον
3067 5286 3305 5357 περιέξει
3333 5287 3424 5342 τὸν
3462 5288 3604 5343 νοῦν·
3634 5289 3879 5344 λέλεκται

2297 5371 2429 5438 γοῦν
2458 5373 2533 5436 ὡς
2581 5373 2646 5426 ἂν
2695 5375 2878 5443 μόνοις
2929 5380 3042 5440 τοῖς
3085 5378 3258 5445 ἀξίοις
3302 5379 3636 5453 γνωρίζοιτο.
3681 5383 3878 5455 Διόπερ

2300 5463 2481 5532 ὑμεῖς,
2504 5468 2550 5518 oi
2573 5467 2694 5534 ἐμοὶ
2717 5467 2976 5538 μαθηταὶ,
3007 5472 3099 5526 καὶ
3124 5472 3347 5542 βλέπετε
3373 5477 3467 5529 καὶ
3503 5477 3726 5530 ἀκούετε
3763 5478 3878 5530 δια-

637 5533 707 5587 tis
731 5533 902 5588 oculis
934 5543 1092 5604 atque
1121 5538 1341 5591 auribus
1373 5539 1670 5607 puriﬁcatis
1713 5557 1771 5596 ea
1807 5560 1926 5612 qua:
1958 5547 2204 5600 multitu-

2299 5553 2443 5618 νοίας
2473 5533 2767 5629 ὀφθαλμοῖς
2803 5533 2896 5614 καὶ
2939 5533 3042 5616 ὠσὶ
3075 5533 3507 5638 κεκαθαρμένοις
3541 5571 3609 5624 τὰ
3643 5570 3719 5641 μὴ
3761 5571 3878 5634 τοῖς

699 5627 746 5661 ⁸⁸
767 5627 900 5686 Luc.
927 5645 1043 5697 vm,
1069 5633 1154 5685 ll.
1231 5632 1273 5662 ⁸³
1313 5633 1502 5687 Matth.
1536 5637 1761 5700 “"35.

706 5723 818 5792 (te)
849 5725 978 5784 Cod.
1017 5727 1080 5782 Α.
1115 5727 1151 5780 r.
1190 5726 1304 5780 tet.
1335 5726 1465 5783 Cod.
1500 5730 1559 5784 L.
1601 5733 1635 5784 ι.
1673 5733 1756 5786 ιθ.
1800 5738 1852 5790 (ς.

1841 5641 1884 5671 ⁵ο
1924 5638 2295 5709 Luc.vm,16.

2278 5738 2388 5809 (l5)
2417 5739 2548 5796 Cod.
2576 5741 2641 5796 A.
2673 5741 2709 5798 ι.
2748 5745 2951 5815 124,».
2985 5747 3114 5804 Cod.
3156 5748 3216 5803 L.
3251 5749 3287 5804 ι’.
3322 5751 3405 5806 is.

3903 4520 3926 4566 Ι
