4000 6398
187 347 290 401 881

1563 336 1650 391 DE
1686 332 2154 393 THEOPHANIA.

189 465 323 520 πᾶσι
356 460 698 534 καταληπτάο
736 460 865 535 ὑμῖν
903 459 1010 532 γὰρ
1033 461 1146 524 τοῖς
1189 457 1370 531 ἔχουσι
1400 459 1500 532 τὴν
1558 461 1636 523 εἰς
1667 459 1766 530 ἐμὲ

1888 457 1980 514 lini
2032 453 2385 528 intelligihilia
2421 469 2524 509 non
2551 460 2694 508 sunt.
2732 448 2896 508 Vobis
2939 448 3108 517 enim,
3144 450 3236 521 qui
3264 450 3319 507 in
3354 466 3442 508 me

192 557 372 611 πίστιν
408 556 503 610 καὶ
530 556 565 625 ἡ
586 554 694 608 τῶν
715 554 1040 626 ἀπορρήτων
1077 548 1508 622 προστεθήσεται
1538 549 1760 618 γνῶσιςο

191 651 302 710 τοῖς
327 648 385 703 δὲ
422 647 498 720 μὴ
519 646 698 700 πίστιν
717 645 928 715 ἔχουσιν
958 641 1242 713 εἰλικρινῆ,
1279 641 1767 713 προσποιουμένοις

191 741 248 796 δὲ
274 740 440 811 ἔχειν,
497 739 634 811 πρὸς
661 737 722 792 τὸ
755 737 919 809 μηδὲν
975 735 1136 788 πλέον
1183 735 1248 788 ὲκ
1286 733 1394 788 τῶν
1441 733 1768 808 παραϐολῶν

198 829 573 901 γινώσκεσθαι,
595 829 685 883 καὶ
711 828 967 900 στέρησις
983 826 1137 882 ἔσται
1151 826 1246 882 τοῦ
1278 825 1563 890 δοκοῦντος
1585 825 1770 891 αὐτοῖς

191 923 478 995 ὑπάρχειν,
517 916 867 990 ἐλεγχθείσης
897 919 1079 974 αὐτῶν
1127 921 1187 974 ἐν
1225 918 1402 991 καιρῷ
1453 918 1553 990 τῆς
1603 935 1772 990 προσ·

194 1013 418 1084 ποιήτου
453 1011 706 1073 πίστεως.

284 1104 344 1156 '0
375 1102 484 1174 γὰρ
541 1101 732 1172 χρόνος
788 1100 1006 1155 πάντων
1057 1099 1293 1170 ἔλεγχοςο
1351 1100 1456 1155 κᾶν
1508 1095 1602 1154 οὖν
1633 1099 1772 1172 πρὸς

194 1195 374 1265 ὀλίγον
399 1197 432 1266 ή
462 1195 583 1248 καθ’
623 1193 776 1266 ὑμῶν
811 1193 1003 1266 ἰσχύσῃ
1039 1193 1261 1266 διαϐολὴ
1299 1194 1392 1248 καὶ
1417 1193 1771 1264 συκοφαντία,

193 1289 310 1344 ἀλλ’
363 1287 534 1341 ἐπιὼν
579 1289 609 1341 6
649 1287 858 1359 μακρὸς
893 1288 1104 1359 χρόνος,
1139 1288 1235 1341 καὶ
1278 1287 1656 1358 διαλάμπουσα
1704 1286 1774 1340 δι’

196 1381 349 1454 ὑμῶν
366 1382 530 1435 πᾶσιν
546 1378 853 1452 ἀνθρώποις
870 1379 1310 1451 καταϐαλλομένη
1320 1378 1656 1448 διδασκαλία(
1667 1378 1686 1430 l
1699 1377 1772 1448 1),

196 1475 263 1528 τὰ
318 1474 415 1528 νῦν
475 1474 614 1538 τέως
661 1473 994 1528 λανθάνοντα
1027 1474 1153 1536 τοὺς
1216 1471 1444 1532 πολλοὺς
1497 1470 1775 1542 ἐκλάμψαι

196 1567 431 1640 ποιήσει,
463 1565 560 1620 καὶ
586 1565 712 1624 τοὺς
770 1565 1114 1635 συκοφάντας
1145 1563 1373 1634 ἐλέγξει.
1420 1563 1654 1617 Βλέπετε
1683 1558 1777 1616 οὖν

197 1659 316 1724 πῶς
349 1659 596 1714 ἀκούετεο
627 1659 656 1712 6
677 1657 816 1729 ἔχων
858 1658 968 1730 γὰρ
993 1656 1290 1710 σπουδαίαν
1324 1655 1643 1728 προαίρεσιν
1682 1655 1778 1728 λή-

1865 548 2113 611 creditis,
2163 560 2485 602 arcanorum
2547 559 2762 616 quoque
2813 543 3101 614 adjicictur
3140 542 3356 600 notitia.
3403 543 3444 600 li

1868 646 2046 692 autem
2101 635 2193 706 qui
2243 650 2432 705 puram
2487 635 2648 690 fidem
2700 651 2808 691 non
2857 633 3083 700 habent,
3125 634 3223 689 sed
3276 635 3444 690 simu-

1867 728 2002 794 lant,
2023 737 2381 798 praeterquam
2405 729 2547 799 quod
2575 728 2708 784 nihil
2739 727 2807 782 de
2823 726 3100 796 parabolis
3125 725 3446 798 intelligent,

1868 835 1934 878 eo
1961 821 2123 878 etiam
2160 819 2536 890 spoliahuutur
2579 822 2722 892 quod
2758 819 3012 875 videntur
3056 818 3280 886 habere,
3323 834 3446 875 cum

1871 914 2085 972 illorum
2115 913 2240 971 ﬂeta
2269 913 2404 970 fides
2439 914 2636 970 idoneo
2665 921 2908 984 tempore
2937 923 3280 983 coarguetur.

1943 1102 1986 1136 ³³
2020 1100 2154 1157 Nam
2201 1109 2413 1171 tempus
2441 1110 2635 1156 cuneta
2691 1100 2964 1169 coarguit.
3012 1097 3237 1155 Etiamsi
3283 1097 3448 1170 igitur

1873 1196 2138 1258 tantisper
2167 1191 2477 1248 criminatio
2495 1191 2579 1246 vel
2605 1190 2876 1247 calumnia
2904 1193 3168 1248 adversus
3190 1205 3286 1247 vos
3311 1191 3450 1246 forte

1875 1286 2225 1358 praevaleat;
2285 1294 2342 1339 at
2399 1285 2738 1353 subsequens
2806 1284 3072 1356 prolixum
3135 1295 3346 1353 tempus
3395 1293 3449 1339 et

1875 1379 2153 1450 Splendida
2184 1394 2279 1450 per
2311 1393 2407 1433 vos
2434 1379 2646 1434 cunctis
2696 1378 3004 1433 hominibus
3047 1377 3319 1449 impertita
3353 1377 3450 1434 do-

1878 1472 2079 1538 ctrina,
2107 1486 2170 1527 ea
2198 1486 2318 1541 quae
2369 1486 2514 1527 nunc
2538 1469 2739 1526 multos
2786 1469 2978 1536 latent,
3039 1471 3349 1528 illucescere
3377 1471 3452 1528 fa-

1879 1565 2005 1630 ciet,
2063 1572 2121 1619 et
2176 1563 2600 1619 calumniatores
2661 1562 2970 1632 redarguet.
3027 1563 3454 1620 Animadvertite

1879 1657 2046 1729 igitur
2084 1655 2360 1728 quomodo
2416 1655 2669 1711 audiatis.
2736 1653 2872 1708 Nam
2918 1654 3008 1724 qui
3057 1655 3222 1710 habet
3253 1655 3454 1710 bonum

197 1753 356 1824 ψεται
387 1749 704 1822 Πνεύματος
732 1750 893 1824 χάριν
923 1749 1018 1804 καὶ
1046 1749 1236 1819 σοφίας
1268 1749 1362 1803 καὶ⁸
1380 1747 1655 1818 γνώσεως,
1685 1749 1778 1801 καὶ

1888 1749 2240 1820 propositum,
2282 1746 2510 1816 accipiet
2554 1745 2788 1816 Spiritus
2816 1744 3046 1816 gratiam
3079 1753 3135 1799 et
3169 1745 3449 1815 sapientia:

112 1857 116 1860 ’
197 1815 355 1912 άξίαν
380 1844 488 1898 τῶν
517 1815 696 1898 πόνων
859 1815 1233 1915 ἀμοιϐήνίκαὶ
1264 1841 1322 1906 δς
1347 1815 1414 1897 ἂν
1432 1840 1508 1914 μὴ
1537 1841 1656 1914 ἔχῃ,
1686 1842 1781 1896 καὶ

1888 1857 1950 1897 ac
1999 1841 2264 1906 scientiae,
2317 1841 2648 1911 dignamque
2709 1839 2955 1894 laborum
3011 1839 3359 1895 mercedem:
3403 1838 3457 1895 ei

197 1936 225 1990 6
253 1937 402 1991 δοκεῖ
421 1937 585 2009 ἔχειν,
609 1935 906 2010 ἀρθήσεται
929 1937 1022 1990 ἀπ’
1040 1934 1226 1990 αὑτοῦ·
1247 1935 1316 1989 τὰ
1341 1935 1450 2008 γάρ
1472 1937 1536 1989 ὲκ
1569 1935 1782 2004 φύσεως

196 2027 331 2099 ἡμῖν
362 2027 570 2090 ἐνόντα,
596 2027 630 2098 ἢ
664 2026 750 2080 διὰ
777 2026 998 2099 χάριτος
1023 2025 1264 2091 δοθέντα,
1297 2025 1392 2080 ἐὰν
1429 2027 1506 2099 μὴ
1535 2026 1623 2080 διὰ
1653 2044 1781 2080 συν-

201 2120 358 2191 εχοῦς
387 2120 662 2192 προσοχῆς
691 2119 786 2173 καὶ
832 2118 1070 2190 σπουδῆς
1111 2119 1398 2188 φιλοπόνου
1437 2117 1781 2191 φυλάξωμεν,

203 2213 379 2269 ταῦτα
418 2211 904 2285 ξημιωθησόμεθα,
936 2212 996 2265 ού
1028 2212 1188 2284 μόνον
1225 2213 1391 2284 μηδὲν
1427 2212 1783 2284 προσλαμϐά-

203 2325 406 2372 νοντες,
449 2307 583 2360 ἀλλά
625 2305 1103 2378 προσαπολλύντες
1134 2307 1228 2362 καὶ
1267 2306 1304 2362 ἃ.
1331 2307 1474 2378 ἔχειν
1501 2306 1780 2378 ὲδόξαμεν’

204 2400 298 2456 καὶ
324 2397 390 2453 αὖ
418 2399 478 2463 ὃς
493 2398 681 2469 ἔχειτὸ
705 2397 863 2466 φύσει
891 2398 1116 2469 εύήκοον
1146 2398 1284 2471 πρὸς
1304 2397 1394 2452 τὸν
1417 2397 1596 2467 λόγον,
1611 2397 1786 2468 τούτῳ

205 2493 300 2546 καὶ
325 2494 353 2546 6
371 2492 530 2561 λόγος
552 2489 820 2562 ἀληθινῶς
838 2490 1060 2553 δίδοται,
1094 2491 1188 2544 καὶ
1217 2490 1570 2563 προσγίνεται
1600 2493 1668 2562 τῇ
1695 2506 1789 2559 φυ-

206 2587 331 2656 σικῇ
369 2583 578 2638 συνέσει
615 2582 678 2636 τὸ
721 2583 785 2636 ἐκ
819 2581 966 2646 θείας
993 2583 1310 2654 ἀκροάσεως
1360 2582 1540 2652 σοφόν.
1589 2584 1686 2646 Ὃς
1729 2580 1786 2633 δὲ

203 2678 304 2731 οὐκ
330 2677 444 2748 ἔχει
468 2677 529 2730 τὸ
571 2676 661 2730 διὰ
698 2676 798 2747 τῆς
852 2675 912 2742 ἐξ
939 2675 1115 2746 ἀρχῆς
1140 2675 1501 2747 δημιουργίας
1545 2674 1787 2747 ὑπάρχον

203 2769 354 2840 αύτῷ
388 2768 525 2822 σῶον
566 2766 984 2838 φυλαττόμενον,
1021 2765 1150 2829 ἴσως
1197 2766 1257 2818 τὸ
1287 2765 1421 2837 μηδὲ
1453 2766 1577 2820 νοῦν
1612 2765 1788 2838 ἔχοντι

203 2861 548 2925 καθίσταται,
573 2858 944 2932 φρενοϐλαϐὴς
969 2858 1074 2912 ὑπὸ
1098 2857 1194 2912 τοῦ
1219 2859 1460 2931 πονηροῦ
1477 2859 1784 2930 γενόμενος·

204 2952 456 3022 καθάπερ
493 2952 587 3005 καὶ
613 2953 642 3004 6
683 2951 808 3015 τοὺς
836 2949 1148 3022 ὀφθαλμοὺς
1176 2950 1332 3022 ἔχων,
1373 2953 1424 3004 εί
1468 2951 1543 3024 μὴ
1578 2952 1787 3022 βλέποι,

207 3043 322 3108 ίσος
372 3042 452 3114 τῷ
500 3042 686 3114 τυφλῷ
717 3043 1027 3115 γεγένηταιο
1072 3043 1165 3097 καὶ
1221 3044 1355 3114 φαίη
1405 3062 1490 3109 τις
1521 3045 1586 3099 ἂν
1629 3047 1788 3101 αὑτὸν

1883 1947 2012 1988 vero
2037 1933 2130 2004 qui
2161 1948 2268 1988 non
2297 1933 2483 1997 habet,
2513 1930 2676 1988 etiam
2708 1933 2760 1986 id
2787 1931 2932 2001 quod
2985 1932 3197 1987 videtur
3229 1931 3454 1995 habere,

1883 2025 2182 2081 auferetur.
2216 2025 2431 2082 Etenim
2455 2040 2576 2094 quae
2608 2025 2929 2081 naturaliter
2956 2026 3113 2082 nobis
3140 2026 3346 2091 insunt,
3374 2023 3458 2082 vei

1885 2117 2055 2190 gratis
2089 2118 2213 2173 data
2237 2125 2388 2183 sunt,
2423 2118 2524 2172 nisi
2562 2117 2860 2173 continenti
2890 2119 3213 2186 attentione,
3245 2118 3458 2175 studio-

1883 2225 1990 2280 que
2018 2210 2286 2266 industrio
2333 2209 3086 2277 custodiamus,amittemus,
3143 2225 3250 2266 non
3296 2214 3457 2268 modo

1889 2300 2025 2356 nihil
2057 2300 2280 2371 insuper
2305 2299 2656 2370 accipientes,
2703 2315 2893 2355 verum
2923 2299 3087 2355 etiam
3120 2315 3310 2356 eorum
3336 2316 3459 2372 qua:

1891 2389 2095 2444 habere
2156 2390 2504 2460 putabamus,
2557 2391 2940 2446 detrimentum
2983 2391 3270 2460 patientes.
3316 2391 3460 2448 Sane

1887 2479 1979 2549 qui
2013 2479 2081 2534 ad
2115 2479 2425 2559 doctrinam
2461 2481 2789 2536 audiendam
2829 2482 3010 2538 alacer
3041 2491 3148 2548 est,
3202 2482 3330 2538 huic
3373 2498 3460 2538 re-

1887 2584 2017 2640 apse
2046 2570 2293 2625 doctrina
2323 2570 2574 2638 traditur,
2602 2582 2660 2627 et
2699 2571 2845 2626 illius
2876 2573 3112 2628 naturali
3149 2573 3459 2644 intelligen-

1890 2664 1978 2719 tiae
2021 2663 2233 2719 accedit
2264 2663 2460 2718 divina:
2497 2663 2748 2720 lectionis
2789 2665 3081 2736 sapientia.
3127 2666 3230 2733 Qui
3278 2678 3460 2722 autem

1883 2755 1998 2826 jam
2030 2755 2156 2811 inde
2195 2771 2226 2810 a
2268 2755 2525 2826 primava
2560 2757 2838 2812 creatione
2863 2757 3042 2812 datam
3090 2758 3324 2814 indolem
3355 2775 3463 2816 uon

1890 2847 2055 2902 habet
2102 2845 2451 2915 incolumem,
2507 2847 2596 2902 hic
2643 2863 2740 2918 par
2796 2858 2979 2904 mente
3040 2852 3248 2906 carenti
3281 2859 3386 2916 est,
3429 2868 3460 2905 ιι

1891 2939 2030 2994 malo
2089 2939 2336 2996 daemone
2392 2954 2583 2996 vecors
2645 2937 2895 2998 effectus.
2955 2941 3108 2998 Sicut
3143 2955 3200 2999 et
3249 2943 3337 3000 ille
3371 2945 3464 3013 qui

1892 3033 2079 3088 oculos
2113 3033 2322 3089 habens
2340 3033 2474 3088 nihil
2510 3045 2690 3090 tamen
2729 3034 2898 3104 videt,
2929 3052 3027 3106 par
3048 3052 3194 3092 caeco
3221 3047 3330 3104 est,
3359 3055 3468 3094 Ille-

208 3137 523 3213 ἀφῃρῆσθαι
557 3136 665 3190 τῶν
693 3137 1003 3210 ὀφθαλμῶνο
1060 3138 1234 3204 οὕτως
1262 3141 1313 3193 οἱ
1346 3139 1528 3194 πολλοὶ
1555 3141 1622 3194 δι’
1663 3143 1784 3194 ἐαυ-

1894 3126 2106 3192 ritoque
2137 3125 2348 3181 dicetur
2396 3126 2568 3182 oculis
2620 3128 2867 3184 orbatus.
2907 3128 3000 3184 Sic
3026 3129 3281 3185 nitnirum
3314 3133 3466 3188 tuttlti

208 3232 332 3301 τοὺς
350 3231 486 3302 πρὸς
513 3229 605 3283 τὸν
619 3229 773 3298 λόγον
795 3230 1065 3285 ἀσύνετον
1083 3232 1164 3286 ὅτι
1182 3233 1302 3286 οὐδὲ
1323 3235 1422 3307 τὴν
1442 3234 1614 3307 ἀρχὴν
1631 3252 1790 3308 προσ-

209 3326 426 3398 έχοντες
485 3323 814 3388 ἁκούουσιν,
863 3322 979 3378 ἀλλ’
1047 3325 1362 3398 ἀπέρριψαν
1391 3328 1647 3400 ιάμελείᾳ
1705 3329 1795 3384 τὸν

219 3415 396 3486 λόγον.

889 3531 954 3584 κο
987 3531 1118 3603 (ιιι).

293 3643 634 3716 ’Υπογράφει
662 3660 727 3712 γε
757 3642 862 3717 μὴν
891 3643 1127 3698 ἐνταῦθα
1161 3642 1369 3716 σπορὲα
1400 3641 1595 3698 ἑαυτὸν
1623 3643 1652 3696 6
1681 3641 1796 3697 Κύ-

212 3757 346 3813 ριος,
373 3739 549 3810 κῆπον
575 3738 632 3792 δὲ
651 3737 906 3810 ὀνομάζει
937 3737 1028 3792 τὸν
1046 3737 1247 3810 κόσμον
1271 3737 1400 3808 (ιιι).
1420 3737 1795 3808 Αἰνιττόμενος

212 3831 269 3885 δὲ
311 3831 411 3901 τὴν
444 3833 499 3884 ὲν
545 3829 622 3901 τῷ
657 3831 844 3902 σπόρῳ
888 3830 1118 3901 δύναμιν
1151 3829 1312 3883 ὁποία
1354 3847 1439 3895 τις
1468 3830 1576 3903 εἴη,
1609 3831 1796 3902 κόκκῳ

215 3923 486 3986 σινάπεως
530 3922 691 3977 αὑτὸν
728 3922 1087 3994 παραϐάλλει,
1117 3922 1176 3987 ὃς
1203 3909 1312 3976 τῶν
1341 3923 1470 3995 παρ’
1488 3922 1796 3995 ἀνθρώποις

214 4017 408 4084 λόγων,
437 4014 762 4086 Ἑλληνικῶν
781 4034 842 4070 τε
875 4017 966 4070 καὶ
997 4015 1364 4089 βαρϐαρικῶν,
1392 4017 1500 4071 τῶν
1522 4016 1586 4089 δὴ
1607 4017 1796 4086 σοφίαν

216 4107 335 4162 τινὰ
363 4107 456 4161 τοῦ
512 4109 704 4173 αἰῶνος
728 4108 916 4163 τούτου
953 4110 1382 4181 προϊσχομένων,
1437 4111 1800 4182 σμικρότατος

216 4200 354 4256 ε’ναι
392 4200 540 4255 δοκεί
567 4202 661 4255 καὶ
693 4201 1096 4266 εὐτελέστατος,
1125 4200 1352 4272 δύναμίν
1377 4217 1440 4270 γε
1477 4202 1583 4272 μὴν
1606 4201 1667 4254 οὐ
1700 4199 1798 4273 τὴν

217 4293 483 4365 τυχοῦσαν
516 4295 572 4348 ὲν
621 4294 798 4366 ἑαυτῷ
832 4294 1004 4365 φέρει.
1036 4294 1146 4347 Καὶ
1186 4293 1335 4348 ἐστιν
1373 4297 1402 4348 6
1441 4294 1603 4358 αὐτὸς
1655 4296 1800 4358 σῖτος

221 4387 341 4460 μὲν,
387 4387 508 4442 καθ’
539 4386 568 4440 6
612 4386 800 4459 ψυχῶν
838 4387 1101 4460 τρόφιμός
1131 4388 1270 4452 ἐστι,
1304 4388 1396 4443 καὶ
1429 4387 1634 4459 τροφῆς
1699 4387 1800 4458 τῆς

1893 3215 2109 3284 propria
2145 3215 2299 3285 culpa
2336 3215 2560 3272 hebetes
2587 3218 2654 3272 ad
2684 3219 2990 3275 doctrinam
3019 3232 3168 3286 sunt,
3189 3223 3318 3292 quia
3353 3221 3466 3290 jam

1892 3305 2016 3361 inde
2038 3307 2106 3362 ah
2138 3307 2292 3364 initio
2316 3309 2505 3365 audire
2547 3309 2695 3365 illam
2727 3322 3046 3381 reuuerunt,
3077 3315 3173 3370 sed
3200 3314 3470 3370 socordia

1893 3414 1988 3456 sua
2012 3400 2346 3470 abjecerunt.

2627 3537 2749 3598 XX.

1974 3650 2112 3710 Dicit
2161 3669 2220 3710 se
2267 3655 2373 3712 hoc
2397 3653 2647 3715 loco“."
2665 3655 2925 3713 Dominus
2971 3668 3231 3726 satorem,
3281 3673 3469 3729 agrum

1901 3755 2082 3800 autem
2119 3756 2387 3802 terrarum
2419 3749 2630 3802 orbem.
2685 3746 2758 3804 Ut
2803 3758 2986 3803 autem
3029 3760 3232 3820 quanta
3279 3748 3472 3804 semini

1898 3838 1982 3892 vis
2011 3838 2082 3893 sit
2111 3837 2273 3893 insita
2303 3839 2515 3904 innuat,
2548 3854 2718 3908 grano
2753 3840 2957 3911 sinapis
2994 3840 3124 3895 illud
3155 3847 3471 3910 comparat:

1897 3931 2041 4002 quod
2064 3933 2298 4002 quidem,
2323 3936 2468 3988 inter
2486 3931 2764 3987 hominum
2791 3933 2858 3988 do
2869 3933 3092 3997 ctriuas,
3119 3933 3232 3990 sive
3255 3931 3474 3988 Graecas

1899 4027 2014 4080 sive
2048 4025 2389 4090 barbaricas,
2415 4035 2682 4096 quotquot
2713 4025 3034 4096 sapientiam
3055 4025 3291 4097 aliquam
3315 4023 3475 4093 hujus

1901 4107 2082 4172 saeculi
2118 4133 2230 4188 pra:
2267 4134 2326 4174 se
2356 4117 2561 4185 ferunt,
2599 4117 2887 4173 minimum
2922 4131 3045 4173 esse
3075 4119 3289 4174 videtur
3314 4128 3477 4189 atque

1904 4211 2252 4276 vilissimum,
2283 4227 2458 4282 neque
2485 4203 2662 4269 tamen
2702 4211 2984 4283 vulgarem
3020 4213 3278 4267 virtutem
3304 4213 3476 4266 conti-

1903 4311 2016 4356 net.
2064 4299 2160 4357 Est
2206 4312 2387 4359 autem
2432 4303 2521 4358 illa
2560 4304 2832 4372 doctrina,
2869 4302 3201 4364 frumentum
3256 4301 3475 4372 quidem

1903 4403 2172 4465 quatenus
2201 4395 2505 4451 animarum
2539 4375 2722 4451 nutrix
2750 4403 2854 4458 est,
2901 4405 2957 4450 et
2992 4393 3267 4449 alimoniae
3300 4409 3331 4448 a
3369 4392 3478 4446 Deo

219 4482 370 4554 παρὰ
426 4480 503 4552 τῷ
559 4483 678 4554 θεῷ
732 4480 1080 4552 παρεκτικός·
1138 4481 1336 4544 κόκκος
1390 4479 1447 4533 δὲ
1503 4481 1784 4546 σινάπεως,

1904 4488 2047 4542 data
2079 4487 2364 4552 ministra;
2390 4503 2618 4558 granum
2651 4502 2784 4543 vero
2826 4486 3051 4558 sinapis,
3084 4496 3355 4556 quatenus
3384 4500 3474 4541 se-

220 4573 341 4626 καθ⁹
381 4573 410 4626 6
439 4572 770 4647 βραχύτατος
833 4570 931 4643 μὲν
984 4569 1236 4624 ἁπάντων
1291 4568 1399 4622 τῶν
1443 4568 1784 4639 σπερμάτων·

1909 4579 2114 4634 minum
2144 4580 2387 4636 omnium
2416 4590 2504 4637 est
2539 4580 2938 4636 tenuissimum.
2996 4578 3182 4648 Neque
3209 4578 3357 4634 enim
3395 4586 3480 4632 est

219 4669 338 4724 οὐδὲ
395 4669 504 4741 γάρ
562 4671 708 4722 ἐστιν
760 4666 888 4720 άλλο
931 4665 1042 4719 τῶν
1094 4663 1187 4717 ἐπὶ
1243 4664 1347 4734 γῆς
1388 4659 1784 4730 καταϐαλλομέ-

1904 4673 2053 4729 aliud
2084 4690 2151 4729 ex
2177 4675 2265 4732 his
2290 4690 2414 4746 qua
2460 4677 2513 4731 in
2577 4685 2782 4731 terram
2839 4675 3201 4746 projiciuutur
3250 4675 3477 4731 semiui-

219 4780 324 4816 νων
362 4762 693 4836 σπερμάτων
728 4759 916 4814 τούτου
945 4761 1010 4831 τῇ
1051 4757 1372 4831 σμικρότητι
1415 4752 1784 4828 συγκρίνεσθαι

1907 4768 2031 4834 hus,
2073 4767 2236 4838 hujus
2274 4769 2528 4839 parvitati
2579 4768 3028 4838 comparandum,
3079 4767 3153 4823 ita
3176 4778 3234 4824 ut
3275 4776 3478 4839 puncto

218 4853 532 4926 δυνάμενον,
565 4851 651 4907 διὰ
678 4851 741 4906 τὸ
774 4851 980 4922 κέντρῳ
1006 4849 1258 4909 ἐοικέναι,
1281 4848 1376 4901 καὶ
1401 4846 1582 4917 σχεδὸν
1611 4845 1784 4916 άτόμιε

1908 4858 2086 4916 simile
2117 4861 2208 4929 sit,
2237 4869 2294 4916 et
2326 4861 2466 4916 velut
2500 4872 2684 4917 atomo
2713 4871 2770 4916 et
2796 4862 2916 4916 sine
2947 4861 3194 4931 partibus
3221 4863 3482 4932 corpori;

220 4947 312 5001 καὶ
339 4948 538 5019 άμερεῖ
583 4944 816 5017 σώματιο
862 4944 1012 5014 ὅμως
1060 4942 1116 4996 δὲ
1149 4943 1230 5006 είς
1277 4941 1530 4995 τοσοῦτον
1572 4939 1784 5013 μέγεθος

1907 4959 1964 5008 et
2017 4961 2196 5007 tamen
2252 4952 2306 5007 in
2354 4963 2558 5008 tantam
2597 4954 2874 5008 excrescit
2917 4952 3371 5023 magnitudinem,
3424 4963 3480 5008 ut

222 5039 544 5103 ἐπιδίδωσιν,
577 5039 652 5104 ὡς
706 5039 814 5091 πᾶν
853 5037 915 5092 τὸ
943 5035 1052 5091 τῶν
1079 5033 1324 5106 λαχάνων
1353 5033 1588 5104 καλύψαι
1618 5035 1784 5101 γένος.

1903 5057 2067 5098 omne
2104 5043 2312 5100 olerum
2337 5059 2508 5116 genus
2539 5053 2781 5115 superet.
2814 5042 2967 5110 Quod
3000 5041 3246 5114 profecto
3275 5045 3482 5100 habere

226 5131 292 5184 Ὃ
310 5131 374 5201 δὴ
403 5131 494 5183 καὶ
523 5131 653 5184 αὐτὸ
675 5130 900 5184 ἔκϐασιν
925 5129 1106 5200 ἔργοις
1121 5129 1304 5191 αὐτοῖς
1325 5127 1612 5200 σύμφωνον
1629 5126 1784 5193 ἓδειξι

1909 5134 2118 5190 exitum
2196 5151 2390 5193 revera
2453 5150 2752 5192 consonum
2807 5135 3264 5205 praedictionibus
3309 5146 3467 5192 osten

228 5225 340 5285 ταῖς
389 5211 771 5295 προρρήσεσινδ
823 5222 1018 5277 αὐτίκα
1047 5221 1180 5292 γοῦν
1211 5221 1511 5293 ὀφθαλμοῖς
1563 5220 1784 5291 πάρεστι

1905 5225 2010 5281 dit.
2073 5228 2218 5284 Ecce
2275 5229 2423 5284 enim
2471 5227 2642 5284 oculis
2705 5237 2954 5298 spectare
3013 5227 3162 5296 licet,
3214 5229 3488 5300 quomodo

225 5314 691 5388 παραλαμϐάνειν,
720 5315 796 5380 ὡς
827 5319 856 5370 6
889 5316 1086 5381 σπόρος
1112 5317 1142 5370 6
1167 5313 1540 5385 εὐαγγελικὸς,
1585 5311 1784 5384 σπειρό

1908 5321 2280 5393 evangelicum
2331 5337 2540 5389 semen,
2589 5320 2691 5377 sub
2722 5321 2856 5392 ipsis
2907 5322 3135 5377 sationis
3176 5323 3486 5390 primordiis

245 5456 312 5491 ἰο
333 5457 377 5488 ⁶¹
411 5451 607 5508 Matth.
639 5465 762 5514 χιιι,
790 5449 854 5504 3|
883 5446 1056 5514 ;Luc.
1087 5461 1208 5514 XIII,
1236 5448 1322 5504 l9.

255 5654 268 5679 :
296 5580 410 5679 (if)
435 5581 766 5679 Ιξξιιιιὲι-ιιᾞιι
799 5583 916 5640 haec
966 5583 1112 5641 belle
1153 5599 1275 5641 cum
1313 5584 1656 5658 Tneopltania
1692 5589 1784 5663 Sy-

1904 5592 2095 5679 codice
2121 5593 2268 5679 tur.
2298 5593 2432 5650 ιθιε
2485 5591 2675 5679 βιϐλίῳ
2695 5570 2941 5679 τετάρτῳ
2973 5592 3330 5679 ρεοφανείας,
3354 5604 3480 5649 cum

227 5652 823 5748 'E’;_"_‘:._5‘;-_
1455 5652 1466 5658 ·
1576 5728 1600 5748 ,
1723 5652 1753 5748 :
1903 5665 2086 5748 suum
2119 5652 2573 5748 aﬁtvmauuieri
2614 5652 2957 5748 sequi-pa
2988 5664 3040 5735 βο

301 5723 421 5810 (ξδὶ
455 5723 674 5810 Grande
721 5728 824 5810 hoc
876 5724 1265 5810 fragmentum,
1315 5742 1488 5810 usque
1513 5728 1606 5810 .ad
1627 5729 1791 5810 verba
1975 5736 2092 5810 (16)
2127 5736 2221 5794 Sic
2245 5737 2300 5794 in
2336 5723 2695 5807 Theophani;
2714 5723 2966 5810 Syriaca,
2988 5723 3075 5803 ἰν,
3113 5731 3206 5790 54.

229 5791 643 5866 ὑποδεξαμένων
693 5795 876 5861 αὐτόν,
929 5791 1271 5866 pérspicuum
1319 5791 1458 5870 gerit
1489 5799 1704 5858 titulum
1739 5801 1794 5859 in

552 5890 826 5953 Parum.
867 5890 986 5955 Gn.
1030 5892 1266 5956 XXIV.
3079 5885 3163 5950 22
