4190 6406
583 335 680 394 583

1215 337 1484 396 EUSEBII
1521 333 2002 393 CESARIENSIS
2042 335 2191 392 UPP.
2235 335 2412 390 PARS
2451 336 2540 394 IV.
2581 367 2650 376 —
2689 335 3112 394 DOGMATICA.

3725 343 3832 400 684

579 461 849 518 invisibile
876 461 1058 528 fuerit,
1087 473 1136 518 et
1169 477 1282 532 pra:
1309 463 1558 518 doctrina
1601 462 1842 530 qualibet
1873 475 1997 514 vere
2047 475 2098 514 m

2210 487 2223 521 ι
2257 477 2416 531 μενος
2439 461 2534 531 μὲν
2569 461 2626 514 ὲν
2647 461 2841 532 ἀρχαῖς
2877 459 3086 532 ἀφανὴς
3107 457 3195 532 ἦν,
3227 463 3320 516 καὶ
3355 461 3572 520 πάντων
3595 463 3672 528 ὡς
3703 465 3836 538 ἀλη-

577 557 782 610 nimum
823 567 876 610 et
929 555 1480 626 contemptissimum.
1537 554 1740 610 Deinde
1775 567 1904 608 vero
1935 561 2148 606 tantum

573 649 719 717 cepit
755 649 1176 716 incrementum,
1197 657 1257 704 ut
1283 649 1598 703 universum
1622 651 1810 702 orbem
1833 644 2146 714 repleverit.

573 739 702 794 Fui:
725 753 856 811 ergo
901 755 1092 796 revera
1143 755 1240 810 per
1286 747 1512 796 cunctas
1562 745 1754 808 gentes
1805 749 1994 790 semen
2044 735 2149 790 hoc

571 833 748 902 majus
801 849 962 904 quam
1015 833 1332 905 Graecorum
1383 840 1437 887 et
1464 831 1818 886 barbarorum
1853 827 2144 898 sapientia,

567 939 730 992 quam
767 924 1050 980 Matthqu
1079 923 1322 978 oleribus
1359 919 1720 990 comparavit,
1769 917 2142 973 inﬁrmitatem

567 1017 642 1070 ita
686 1025 742 1070 et
788 1015 1306 1086 corruptibilitatem
1351 1015 1708 1068 humanarum
1767 1011 2139 1067 doctrinarum

562 1107 898 1175 signiﬁcans.
929 1105 1176 1176 Namque
1225 1115 1278 1160 et
1317 1105 1458 1174 apud
1497 1102 1790 1173 prophetas
1837 1103 2039 1158 dictum
2070 1100 2141 1158 de

561 1204 694 1272 ipsis
745 1213 882 1258 est:
939 1200 1214 1268 Tanquam
1265 1200 1442 1266 fenum
1497 1199 1738 1252 uelociter
1791 1206 2050 1264 arescent,
2087 1205 2138 1250 et

557 1295 995 1364 quemadmodum
1024 1293 1170 1348 olera
1201 1292 1481 1346 herbarum
1533 1293 1638 1345 cito
1663 1291 1904 1344 decident
1931 1289 1998 1342 ⁵⁸.
2027 1288 2138 1343 Hu-

555 1383 852 1452 juscemodi
877 1393 1004 1438 sunt
1050 1381 1416 1453 sophistarum
1449 1395 1512 1435 ac
1539 1379 1986 1450 philosolthorum
2017 1378 2120 1434 de-

557 1479 753 1532 ctrina:
788 1477 1358 1546 disciplinaque,qu:e
1405 1473 1720 1543 aliquandiu
1768 1472 2124 1533 herbescunt,

553 1569 818 1638 brevique
863 1579 1106 1636 tempore
1157 1565 1374 1628 ﬂorent,
1415 1565 1512 1622 sed
1567 1579 1671 1621 non
1699 1564 1790 1620 diu
1823 1571 1946 1634 post
1975 1563 2128 1618 exci-

553 1663 685 1716 dunt
721 1677 816 1732 per
839 1677 898 1716 se
919 1662 1050 1731 ipste
1077 1671 1386 1730 corruptae:
1419 1660 1491 1714 ita
1521 1669 1580 1714 ut
1605 1655 1738 1714 alibi
1790 1656 1919 1713 {eno
1967 1666 2132 1712 tecto-

551 1769 670 1808 rum
695 1763 974 1822 comparet
1020 1767 1112 1807 eas
1137 1751 1304 1808 David
1333 1753 1400 1816 “,
1431 1749 1598 1822 quod,
1629 1749 1946 1822 priusquam
1976 1748 2128 1806 evel.

547 1843 713 1908 latur,
737 1843 848 1913 jam
877 1845 1110 1898 exaruit.

616 1934 755 1990 Sunt
819 1935 936 1990 ista:
985 1935 1152 2006 igitur
1211 1933 1538 2003 sapientium
1593 1931 1756 2003 hujus
1794 1929 1976 1987 saeculi
2023 1929 2122 1986 do-

557 2027 774 2092 ctrina,
809 2029 1038 2084 inﬁrmae
1083 2028 1335 2082 nimirum
1387 2038 1444 2082 et
1489 2027 1772 2090 oleraceae,
1811 2025 1934 2082 feno
1965 2023 2120 2080 ﬂore-

543 2119 715 2173 scenti
765 2121 996 2174 similes.
1027 2119 1198 2176 Secus
1219 2135 1350 2175 vero
1384 2120 1624 2174 omnium
1653 2119 1934 2174 minimum
1963 2127 2021 2172 et
2051 2127 2124 2172 te-

543 2211 867 2268 nuissimum
907 2215 1050 2268 inter
1075 2213 1308 2278 semina,
1359 2214 1510 2283 regni
1557 2213 1818 2268 nimirum
1853 2211 2118 2266 cmlorum

538 2305 914 2375 evangelicum
947 2305 1196 2371 verbum,
1245 2321 1370 2361 acre
1421 2306 1786 2374 mordensque
1831 2304 1998 2358 veluti
2043 2303 2119 2359 si-

541 2397 694 2466 napi,
725 2397 868 2467 quod
899 2407 1076 2452 tamen
1123 2397 1280 2469 longe
1319 2397 1585 2460 excrevit,
1629 2406 1685 2451 et
1739 2397 1994 2452 humana:
2023 2412 2114 2450 sa-

537 2488 758 2556 pientia:
786 2489 1041 2559 superius
1077 2491 1282 2545 evasit:
1320 2499 1484 2559 atque
1525 2488 1580 2544 in
1627 2489 1798 2544 altum
1837 2491 2112 2544 sublatum

535 2577 716 2632 omnia
765 2577 879 2634 loca
921 2579 1231 2650 occupavit,
1283 2579 1358 2634 ita
1395 2589 1456 2634 ut
1497 2593 1694 2650 magna
1741 2579 1905 2633 arbor
1937 2594 2004 2634 ex
2045 2593 2112 2634 eo

533 2669 606 2720 sit
649 2680 794 2734 orta,
827 2669 958 2736 .cmli
997 2671 1278 2725 volucrum
1323 2683 1498 2740 capax
1543 2671 1636 2740 qui
1673 2671 1726 2726 in
1777 2669 1896 2740 ejus
1943 2671 2110 2725 ramis

487 2829 492 2834 _
531 2761 857 2816 consistunt.
893 2761 1033 2817 Olim
1063 2763 1116 2817 id
1153 2764 1371 2834 quidem
1401 2763 1746 2832 simplicibus
1775 2764 1956 2819 verbis
1983 2763 2106 2818 Ser-

531 2854 734 2908 vatoris
781 2867 912 2908 voce
959 2853 1208 2923 prolatis,
1265 2855 1450 2909 divina
1509 2855 1968 2924 prognosticaque
1997 2856 2110 2910 vir-

530 2955 650 2998 tute
681 2947 1098 3014 przedicebatur.
1134 2945 1253 3001 Jam
1281 2961 1412 3002 vero
1447 2947 1500 3002 in
1532 2947 1692 3016 quale
1727 2958 2104 3018 quantumque

527 3051 664 3106 opus
715 3037 994 3106 praedictio
1030 3039 1383 3108 processerit,
1440 3049 1815 3111 quantumque
1865 3043 2104 3098 creverit

527 3129 791 3184 doctrinae
823 3145 952 3194 vox,
1003 3131 1110 3186 dici
1146 3145 1246 3200 pro
1291 3131 1556 3203 dignitate
1585 3149 1690 3188 non
1723 3143 1916 3202 potest.
1959 3133 2102 3190 Tan-

527 3231 639 3278 tum
675 3223 856 3294 itaque
895 3238 1184 3295 progressu
1220 3225 1482 3294 temporis
1507 3225 1748 3282 salutare
1780 3241 1966 3282 semen
1997 3229 2102 3281 vir-

523 3323 692 3371 tutem
725 3317 989 3382 exseruit,
1033 3318 1416 3387 utgerminata
1451 3333 1520 3373 ex
1557 3317 1651 3374 illo
1689 3317 1874 3384 arbor,
1908 3320 1962 3375 id
1991 3330 2098 3389 est,

523 3407 748 3462 fundata
782 3423 812 3460 a
843 3407 1137 3464 Servatore
1161 3425 1258 3479 per
1300 3410 1612 3466 universam
1669 3419 1872 3467 terram
1919 3411 2102 3468 Eccle-

519 3501 623 3568 sia,
661 3511 858 3556 cuucta
889 3501 1008 3559 loca
1039 3502 1382 3574 oppleverit;
1420 3504 1474 3558 in
1509 3503 1626 3574 ejus
1658 3506 1828 3561 ramis
1848 3505 1972 3562 cmli
2002 3521 2100 3562 vo-

519 3593 698 3648 lucres
749 3595 1016 3662 habitent,
1073 3595 1253 3666 angeli
1309 3596 1420 3650 diri
1485 3597 1697 3654 scilicet
1744 3609 1801 3653 et
1842 3597 2097 3653 cmlestes

517 3687 789 3756 potentiae,
851 3703 972 3758 qua:
1023 3697 1226 3742 terram
1301 3687 1653 3745 invisibiliter
1723 3691 2092 3756 discurrunt;

518 3779 758 3847 itemque
794 3781 990 3832 animae
1019 3789 1226 3833 sanch
1255 3777 1367 3832 alte
1392 3777 1723 3848 gradientes,
1758 3778 1809 3833 id
1839 3787 1942 3840 est,
1981 3779 2093 3832 vita

513 3885 788 3938 sensuque
819 3870 1036 3924 sublimi
1075 3885 1140 3925 ac
1171 3869 1382 3924 cmiesti
1412 3871 1672 3940 praeditis.
1705 3869 1952 3941 Namque
1996 3871 2094 3926 has

513 3973 572 4017 et
603 3977 710 4016 non
742 3961 892 4016 aliud
921 3960 1192 4031 quidlibet
1221 3963 1470 4017 denotari
1498 3977 1529 4016 a
1557 3961 1684 4019 caeli
1718 3963 1935 4030 avibus,
1966 3963 2092 4020 Ser-

519 4057 729 4111 vatoris
752 4055 873 4112 haec
918 4055 1178 4126 parabola
1235 4055 1529 4126 significat.
1579 4055 1734 4112 Sicut
1780 4060 2092 4113 econtrario

511 4149 567 4202 in
591 4145 850 4216 parabola
873 4147 1221 4202 seminatoris
1254 4149 1516 4204 vocabulo
1545 4151 1749 4214 avium,
1771 4149 2089 4206 insidiantes

511 4241 826 4296 hominibus
849 4239 1120 4308 potentias
1167 4239 1485 4306 denotabat.
1537 4243 1654 4314 pari
1701 4241 1965 4298 vocabulo
2013 4243 2092 4298 di-

507 4345 638 4387 cens
703 4347 831 4387 aves
869 4331 992 4387 coeli
1044 4333 1342 4404 diripuisse
1391 4349 1576 4390 semen
1621 4335 1827 4406 jactum
1876 4335 1944 4392 iis
1990 4337 2084 4406 qui

506 4423 658 4493 iuxta
701 4426 845 4478 viam
880 4423 1012 4478 illud
1043 4435 1429 4496 susceperant.

1225 4515 1368 4572 XXI.

572 4607 751 4676 Atque
799 4607 913 4661 haec
953 4607 1266 4662 necessario
1328 4605 1591 4664 Servator
1642 4607 1923 4679 discipulis
1969 4610 2078 4666 suis

503 4697 881 4763 mandabat”,
913 4699 1159 4752 morbum
1185 4697 1568 4767 gravissimum
1595 4697 1839 4769 ipsorum
1864 4700 2080 4766 animae,

503 4797 768 4844 tumorem
801 4799 968 4859 atque
978 4789 1302 4857 iactantiam
1321 4803 1544 4858 sanans,
1572 4801 1868 4860 vetansque
1898 4804 2084 4848 osten-

503 4881 801 4946 tationem,
853 4895 923 4934 ne
958 4881 1228 4935 ullatenus
1284 4881 1698 4948 extollerentur,
1749 4896 1886 4939 neve
1951 4883 2082 4952 quid

501 4983 758 5038 magnum
787 4981 884 5024 aut
923 4971 1220 5040 superbum
1251 4973 1320 5027 de
1365 4987 1426 5028 se
1469 4973 1874 5032 existimarent.
1907 4977 2080 5036 Docet

498 5071 712 5126 contra,
747 5061 919 5115 nostri
947 5076 1069 5118 esse
1094 5062 1308 5117 arbitrii
1339 5063 1394 5118 in
1430 5078 1658 5136 regnum
1685 5067 1940 5138 introire,
1985 5080 2080 5127 aut

497 5168 678 5208 secus.
707 5151 840 5207 Nam
874 5155 942 5222 si,
973 5163 1030 5209 ut
1051 5155 1250 5210 dicitur
1273 5155 1414 5226 apud
1443 5155 1785 5226 Mattlueum,
1827 5165 2079 5222 conversi

495 5245 693 5300 llamus
743 5243 890 5299 sicut
925 5245 1157 5314 parvuli,
1206 5247 1420 5302 malitia
1471 5251 1686 5306 scilicet
1730 5255 1964 5324 parvuli,
2021 5267 2080 5312 ut

491 5337 570 5390 ait
614 5337 909 5406 Apostolus
953 5337 1041 5405 “;
1088 5347 1144 5394 et
1185 5341 1232 5394 si
1287 5342 1389 5397 hoc
1448 5357 1678 5411 regnum
1727 5348 2078 5406 admittemus

494 5444 647 5486 more
684 5431 950 5501 simplicis
972 5443 1028 5488 et
1053 5433 1186 5490 nulli
1227 5437 1405 5492 adhuc
1441 5439 1572 5492 vitio
1600 5440 1767 5496 dediti
1820 5441 2070 5511 infantis,

493 5522 617 5576 etsi
653 5525 946 5592 puritatem
997 5537 1162 5596 atque
1200 5527 1568 5584 innocentiam
1617 5532 1841 5600 puerilis
1894 5538 2072 5592 aetatis

2253 553 2360 617 θῶς
2383 553 2761 617 εὐτελέστατος
2787 554 2880 606 καὶ
2915 554 3272 626 σμικρότατος
3310 555 3502 626 λόγων·
3541 555 3747 629 προῖὼν
3775 561 3832 616 δὲ

2251 643 2502 698 τοσοῦτον
2545 643 2868 698 ἐπιδέδωκεν
2899 643 3067 716 αὔξης
3091 661 3152 697 τε
3187 645 3278 698 καὶ
3310 645 3593 716 μεγέθους,
3627 647 3704 712 ὡς
3731 647 3832 721 τήν

2251 737 2540 808 σύμπασαν
2565 737 2888 808 οἰκουμένην
2909 737 3214 810 πληρῶσαι.
3244 738 3471 807 Γέγονεν
3491 735 3585 793 οὖν
3613 739 3830 812 ἀληθῶς

2250 831 2451 902 μείζων
2493 831 2592 901 τῆς
2623 831 2776 902 παρά
2799 833 2934 884 πᾶσι
2967 833 3080 895 τοῖς
3111 831 3320 886 ἔθνεσιν
3350 831 3575 902 Ἕλλησί
3617 849 3679 885 τε
3733 834 3828 888 καὶ

2247 923 2540 996 βαρϐάροις
2575 923 2784 993 σοφίας,
2817 923 2884 995 ἣν
2914 923 3164 994 λαχάνοις
3185 921 3324 977 κατά
3351 923 3627 979 Ματθαῖον
3649 941 3828 997 παρα-

2245 1015 2496 1087 ϐέϐληκε,
2526 1017 2587 1070 τὸ
2615 1016 2838 1078 ἀσθενὲς
2863 1017 2958 1070 καὶ
2990 1017 3312 1088 φθοριμαῖον
3327 1017 3436 1070 τῶν
3461 1018 3587 1089 παρ’
3613 1017 3824 1090 ἀνθρὼ-

2243 1125 2364 1173 ποις
2405 1110 2744 1182 μαθημάτων
2764 1103 2866 1164 ὧδε
2900 1109 3263 1182 αἰνιξάμενος.
3305 1110 3459 1164 Ἐπεὶ
3483 1112 3579 1164 καὶ
3605 1113 3664 1164 ὲν
3691 1127 3824 1181 προ-

2241 1207 2438 1276 φήταις
2461 1205 2678 1272 ἐλέγετο
2717 1205 2846 1276 περὶ
2891 1204 3090 1257 αὐτῶν·
3129 1205 3222 1270 Ὡς
3261 1205 3475 1274 χόρτος
3495 1205 3650 1274 ταχὺ
3673 1205 3820 1260 ἀπο·

2239 1295 2744 1364 ξτιρανθήσονται,
2777 1295 2974 1362 καίὼς
3003 1295 3242 1366 λάχανα
3271 1297 3460 1365 χλόης
3487 1297 3640 1366 ταχὺ
3673 1297 3821 1350 ἁπο-

2235 1389 2584 1443 πεσοῦνται.
2617 1387 2852 1442 Τοιαῦτα
2885 1388 2941 1442 δὲ
2971 1387 3040 1441 τά
3087 1387 3354 1458 σοφιστῶν
3385 1389 3482 1442 καὶ
3515 1389 3820 1460 φιλοσόφων

2237 1481 2536 1552 μαθήματα
2561 1483 2656 1535 καὶ
2679 1481 3041 1552 παιδεύματα,
3077 1481 3214 1553 πρὸς
3235 1481 3426 1553 καιρὸν
3444 1482 3541 1552 μὲν
3568 1482 3818 1552 χλοάζον-

2231 1589 2319 1634 τα.
2340 1573 2434 1627 καὶ
2463 1575 2598 1646 πρὸς
2626 1575 2806 1643 ὀλίγον
2842 1574 3128 1636 ἀνθοῦντα,
3157 1576 3258 1628 οὐκ
3287 1578 3368 1640 είς
3399 1576 3610 1648 μακρὸν
3635 1576 3690 1628 δὲ
3719 1578 3814 1630 ὲκ-

2231 1667 2517 1731 πίπτοντα,
2547 1667 2642 1722 καὶ
2667 1665 2725 1733 ἐξ
2759 1667 2968 1722 ἑαυτῶν
3002 1667 3354 1740 φθειρόμενα·
3395 1668 3470 1732 ὠς
3505 1671 3564 1723 ἐν
3605 1669 3814 1740 ἑτέροις

2229 1761 2406 1833 χόρτῳ
2433 1761 2684 1832 δομάτων
2709 1761 3008 1832 ἀφομοιοῦν
3037 1760 3196 1826 αὐτά,
3231 1761 3290 1826 ὃς
3321 1762 3428 1834 πρὸ
3477 1761 3572 1816 τοῦ
3603 1763 3812 1816 ἐκσπα-

2153 1827 2202 1888 B
2231 1827 2418 1924 ἔθῆνάι
2443 1827 2734 1925 ἐξηράνθη.

2307 1946 2469 2000 Ἀλλά
2511 1947 2580 2000 τά
2615 1947 2713 2018 μὲν
2737 1947 2887 2018 παρά
2915 1949 3028 2010 τοῖς
3058 1946 3210 2020 παρὰ
3239 1945 3334 2000 τοῦ
3361 1946 3558 2011 αἰῶνος
3611 1946 3806 2001 τούτου

2221 2039 2466 2104 τοιαῦτα,
2521 2039 2721 2110 ἀσθενῆ
2767 2040 2861 2092 καὶ
2901 2039 3202 2112 λαχανώδη,
3247 2041 3340 2093 καὶ
3367 2041 3543 2113 χόρτῳ
3592 2037 3810 2092 εὐθαλεῖ

2221 2135 2640 2206 παρεικασμένα
2675 2133 2994 2206 μαθήματα·
3021 2135 3052 2186 ό
3085 2135 3142 2187 δὲ
3175 2133 3510 2206 βραχύτατος
3541 2134 3635 2188 καὶ
3669 2133 3806 2188 πάν-

2218 2243 2326 2280 των
2377 2226 2485 2279 τῶν
2517 2227 2848 2297 σπερμάτων
2903 2229 3244 2300 μικρότατος,
3295 2230 3390 2298 τῆι,
3421 2228 3530 2281 τῶν
3557 2227 3802 2299 οὐρανῶν

2219 2319 2493 2390 βασιλείας
2529 2319 2958 2390 καταγγελτικὸς
3003 2319 3179 2388 λόγος,
3215 2321 3414 2392 δριμὺς
3469 2319 3570 2390 μὲν
3599 2320 3693 2372 καὶ
3723 2319 3804 2372 δε-

2217 2413 2402 2476 κτικὸς
2447 2411 2700 2484 καθάπερ
2746 2412 2808 2466 τὸ
2841 2413 3048 2484 σίνηπι,
3083 2413 3234 2484 ὅμως
3259 2413 3316 2466 δὲ
3363 2411 3674 2483 ὑπερανέση
3707 2413 3802 2466 καὶ

2215 2503 2582 2577 ὐπερηύξησε,
2617 2505 2880 2578 κρείττων
2907 2506 3006 2576 τῆς
3037 2507 3094 2559 ὲν
3125 2505 3431 2576 ἀνθρώποις
3461 2504 3800 2575 ἀποδειχθεὶς

2215 2597 2423 2666 σοφίας·
2451 2599 2545 2650 καὶ
2592 2597 2668 2661 ὡς
2697 2597 2930 2668 ὑψωθεὶς
2959 2598 3136 2652 πάντα
3187 2597 3352 2650 τόπον
3395 2596 3684 2666 ἐκάλυψεν,
3721 2597 3798 2660 ὡς

2211 2691 2304 2742 καὶ
2336 2691 2547 2762 δένδρον
2586 2691 3010 2761 ἀποτελεσθῆναι
3036 2691 3178 2762 μέγα
3205 2691 3264 2756 ea
3284 2691 3472 2749 αὐτοῦ.
3489 2691 3794 2762 χωρητικὸν

2209 2780 2472 2834 πετεινῶν
2521 2780 2754 2853 οὐρανοῦ
2803 2780 3290 2850 κατασκηνούντων
3331 2782 3389 2832 ὲν
3421 2782 3531 2842 τοῖς
3579 2778 3796 2843 κλάδοις

2206 2873 2392 2927 αὐτοῦ·
2419 2873 2586 2928 πάλαι
2613 2873 2713 2945 μὲν
2741 2873 2846 2927 ὐπὸ
2869 2873 2966 2943 τῆς
3005 2872 3270 2944 σωτηρίου
3286 2873 3388 2942 γῆς
3411 2871 3586 2941 ψιλοῖς
3617 2871 3683 2940 ei}
3693 2887 3796 2940 μα-

2205 2981 2310 3030 σιν,
2337 2965 2504 3036 ὲνθέῳ
2531 2983 2594 3034 γε
2625 2967 2730 3038 μὴν
2753 2967 2848 3020 καὶ
2881 2965 3276 3037 προγνωστικῷ
3305 2963 3531 3034 δυνάμει
3561 2979 3794 3034 προανε-

2205 3062 2451 3126 φωνεῖτο.
2493 3061 2580 3124 Ὠς
2601 3060 2644 3114 δ’
2677 3063 2755 3124 είς
2781 3061 2916 3131 ἔργα
2943 3059 3368 3131 προκεχώρηκεν
3459 3058 3788 3129 πρόγνωσις,

2203 3153 2284 3216 εἰς
2332 3151 2501 3222 αὐξην
2527 3169 2586 3206 τε
2615 3153 2882 3225 προῆλθεν
2913 3155 2945 3224 ὴ
2984 3151 3134 3223 φωνὴ
3179 3151 3274 3204 τοῦ
3317 3150 3497 3219 λόγου,
3541 3151 3641 3204 οὐκ
3677 3149 3788 3203 ἔστι

2205 3243 2324 3296 κατ’
2357 3244 2512 3310 ἀξίαν
2552 3245 2744 3296 εἰπεῖν·
2777 3242 3046 3313 τοσαύτην
3083 3239 3214 3310 γοῦν
3245 3241 3276 3292 ό
3301 3240 3565 3310 σωτήριος
3591 3238 3788 3308 σπόρος

2203 3335 2262 3388 ὲν
2291 3337 2402 3398 τοῖς
2431 3333 2568 3405 μετά
2619 3333 2792 3386 ταῦτα
2829 3333 3039 3404 χρόνοις
3077 3321 3434 3385 ἐπιδέδεικται
3467 3329 3688 3401 ἀρετήν.
3711 3329 3786 3395 ὡς

2203 3427 2261 3481 τὸ
2289 3428 2348 3493 ἐξ
2377 3427 2541 3482 αὐτοῦ
2563 3427 2696 3497 φυὲν
2719 3427 2952 3497 δένδρον,
2980 3425 3140 3479 τοῦτο
3165 3425 3208 3479 δ’
3233 3424 3300 3478 ἂν
3329 3425 3411 3495 εἴη
3439 3425 3472 3494 ἡ
3514 3422 3784 3494 πανταχοῦ

2200 3519 2303 3590 γῆς
2333 3518 2589 3590 ἱδρυμένη
2613 3517 2776 3570 αὐτοῦ
2810 3517 3127 3590 Ἐκκλησία,
3165 3515 3233 3570 τὰ
3270 3515 3447 3568 πάντα
3473 3514 3780 3586 πληρῶσαι·

2199 3612 2337 3666 ὥστε
2369 3614 2426 3665 ἐν
2443 3617 2553 3676 τοῖς
2573 3612 2783 3674 κλάδοις
2797 3611 2966 3684 αὐτῆς
2999 3611 3423 3683 κατασκηνῶσαι
3460 3607 3528 3664 τά
3561 3609 3782 3662 πετεινά

2197 3706 2291 3760 τοῦ
2350 3705 2601 3778 οὐρανοῦ.
2649 3703 2912 3773 ἀγγέλους
2942 3703 3140 3776 δηλαδὴ
3173 3703 3350 3768 θείους
3382 3703 3476 3756 καλ⁹
3525 3703 3780 3772 οὐρανίας

2195 3799 2472 3870 δυνάμεις,
2512 3797 2610 3860 τὰς
2639 3797 2768 3870 περὶ
2797 3797 2900 3867 γῆν
2932 3797 3154 3866 ἀφανῶς
3189 3795 3567 3866 διιπταμένας,
3600 3795 3778 3865 ψυχάς

2194 3907 2254 3942 τε
2283 3890 2442 3958 ἁγίας
2469 3889 2564 3942 καὶ
2592 3887 3058 3960 μετεωροπόρους,
3085 3887 3185 3958 βίῳ
3209 3887 3301 3940 καὶ
3318 3888 3622 3958 φρονήματι
3649 3903 3778 3958 μετ-

2194 3979 2416 4051 αρσίους
2449 3978 2545 4032 καὶ
2587 3979 2886 4049 οὐρανίους·
2925 3979 3128 4042 ταύτας
3195 3977 3305 4050 γὰρ
3355 3975 3490 4032 εἶναι
3523 3979 3618 4032 καὶ
3653 3979 3774 4032 οὐδὲ

2191 4073 2354 4136 ἄλλας
2373 4072 2442 4126 τά
2464 4073 2684 4126 πετεινά
2716 4073 2810 4128 τοῦ
2843 4073 3071 4146 οὐρανοῦ
3111 4073 3427 4145 ήσωτήριος
3454 4073 3511 4128 ὲν
3563 4073 3772 4139 τούτοις

2191 4164 2412 4236 ᾐνίξατο
2462 4165 2760 4237 παραϐολή·
2815 4165 2892 4229 ὡς
2943 4165 3177 4236 ἔμπαλιν
3215 4165 3301 4220 διά
3321 4167 3418 4238 τῆς
3445 4165 3540 4220 τοῦ
3571 4167 3772 4240 σπόρου

2191 4255 2290 4318 τάς
2323 4255 2642 4321 ἐπιϐούλους
2663 4257 2772 4312 τῶν
2791 4257 3092 4330 ἀνθρώπων
3121 4258 3308 4329 ἐδήλου
3325 4258 3600 4328 δυνάμεις,
3627 4264 3772 4332 ὀμω-

2189 4346 2370 4418 νύμως
2401 4347 2622 4402 πετεινά
2653 4349 2883 4420 ούρανοῦ
2919 4352 3096 4422 φήσας
3136 4349 3494 4422 διηρπακέναι
3525 4353 3616 4406 τὸν
3639 4355 3763 4407 σπό-

2193 4455 2282 4509 ρον
2303 4439 2411 4492 τῶν
2430 4439 2580 4512 παρά
2616 4439 2713 4510 τὴν
2747 4439 2863 4494 ὁδὸν
2887 4440 3298 4511 ὑποδεξαμένων
3331 4443 3512 4496 αὐτόν.

2843 4531 2952 4584 ΚΑ·
2983 4531 3116 4602 (t7).

2263 4621 2372 4676 Καὶ
2396 4621 2569 4678 ταῦτα
2613 4624 2670 4678 δὲ
2709 4625 3024 4694 ἀναγκαίως
3051 4627 3078 4680 ὁ
3111 4625 3299 4699 Σωτὴρ
3333 4629 3443 4691 τοῖς
3473 4627 3636 4680 αὐτοῦ
3666 4645 3768 4697 μα-

2191 4713 2381 4784 θηταῖς
2418 4715 2738 4787 παρεδίδου,
2787 4717 2942 4770 νόσον
2983 4717 3408 4789 ἀργαλεωτάτην
3451 4719 3550 4790 τῆς
3584 4717 3767 4772 αὐτῶν

2187 4805 2386 4877 ψυχῆς,
2423 4807 2728 4878 χαυνότητά
2772 4825 2831 4862 τε
2883 4810 2978 4863 καὶ
3019 4808 3337 4874 ἀλαζονείαν
3379 4807 3626 4882 ἰώμενος,
3675 4811 3764 4864 καὶ

2188 4899 2413 4953 κωλύων
2441 4900 2500 4952 τὸ
2535 4900 2894 4972 μεγάλαυχον,
2951 4901 3025 4966 ὡς
3078 4901 3144 4956 ἂν
3200 4905 3408 4976 μήποτε
3457 4903 3766 4976 ἐπαρθεῖεν,

2191 4993 2328 5064 μηδέ
2361 5009 2412 5046 τι
2439 4993 2582 5064 μέγα
2617 4993 2754 5064 μηδὲ
2784 4995 3129 5065 ὑπερήφανον
3163 4995 3292 5068 περὶ
3324 4995 3530 5050 ἑαυτῶν
3567 4997 3758 5067 φρονή-

2189 5101 2361 5139 σαιεν.
2393 5085 2644 5140 Διδάσκει
2667 5086 2724 5138 δὲ
2747 5086 3002 5156 ἄντικρυς
3022 5087 3106 5156 ἐφ’
3125 5089 3254 5158 ἡμῖν
3275 5087 3486 5142 κεῖσθαι
3507 5089 3568 5142 τὸ
3597 5089 3768 5142 εἰσελ-

2189 5177 2320 5242 θεῖν,
2351 5178 2384 5249 ἣ
2419 5177 2516 5250 μὴ,
2551 5179 2632 5242 είς
2657 5177 2755 5249 τὴν
2783 5179 3054 5249 βασιλείαν
3089 5181 3180 5232 τοῦ
3217 5179 3370 5234 Θεοῦ.
3399 5183 3460 5235 Εἰ
3487 5182 3594 5255 γὰρ
3626 5181 3764 5236 κατὰ

2183 5265 2275 5318 τὸν
2303 5267 2580 5321 Ματθαῖον
2599 5267 2930 5340 στραφέντες
2969 5269 3263 5340 γενοίμεθα
3290 5271 3448 5335 ὼςτά
3485 5275 3656 5342 νήπια
3691 5277 3758 5346 τῇ

2185 5359 2352 5430 κακίᾳ.
2383 5361 2738 5432 νηπιάζοντες
2767 5361 2910 5415 κατά
2951 5363 3042 5416 τὸν
3087 5363 3427 5430 ’Δπόστολον,
3465 5368 3559 5420 καὶ
3592 5371 3639 5420 εί
3669 5367 3758 5420 δε-

2179 5449 2409 5522 χοίμεθα
2443 5452 2542 5522 τὴν
2579 5451 2859 5521 βασιλείαν
2903 5453 2980 5516 ὡς
3031 5453 3238 5506 ἁπλοῦν
3278 5457 3371 5508 καὶ
3396 5457 3762 5528 ἀπειρόκακον

2181 5541 2411 5608 παιδίον,
2445 5545 2538 5596 καὶ
2571 5544 2696 5596 εἰτὸ
2721 5544 2960 5616 καθαρὸν
2989 5546 3082 5600 καὶ
3109 5548 3368 5618 ἀμίαντον
3394 5551 3490 5622 τῆς
3508 5549 3761 5622 παιδικῆς

525 5631 528 5634 ·
559 5613 608 5646 ⁸³
629 5613 720 5672 Ps.
747 5631 936 5683 Iun,
971 5617 1028 5672 2.
1103 5619 1152 5650 ³⁵
1184 5619 1272 5675 Ps.
1311 5635 1542 5688 curm,
1584 5625 1640 5677 6.
1713 5627 1760 5657 ⁸⁵
1777 5627 1972 5684 Matth.
2003 5646 2160 5701 xvtu,
2183 5633 2237 5688 5.
2318 5635 2406 5690 “l
2438 5637 2562 5692 Cor.
2595 5653 2709 5705 xrv,
2731 5637 2823 5694 20.

561 5708 672 5780 (17-)
713 5707 769 5762 In
825 5711 1014 5766 codice
1061 5711 1128 5780 Α.
1181 5710 1220 5764 l'.
1269 5711 1394 5766 245.
1457 5714 1509 5768 b.
1567 5715 1752 5774 titulus
1803 5723 2064 5778 mendose

491 5779 727 5850 scriptus
751 5781 1050 5837 Εὐσεϐίου
1077 5779 1360 5852 δευτέρας
1387 5783 1737 5854 θεοφάνους.
1766 5791 1884 5847 sine
1905 5794 2070 5850 dubio

2171 5729 2526 5814 corrigendos
2544 5731 2806 5787 Εὐσεϐίου
2827 5732 2870 5787 δ’
2891 5729 3240 5814 Θεοφαγείας,
3261 5731 3475 5792 Eusebii
3499 5735 3550 5792 in
3567 5745 3758 5810 quarta

2180 5795 2556 5862 Theoyhauiw.
