4190 6406
431 369 538 426 685
1767 381 1865 438 DE
1901 383 2368 446 THEOI’HANIA.
3583 402 3688 459 686

430 487 646 558 ἡλικίας
678 487 1012 564 ξηλώσομεν,
1057 495 1472 570 είσελευσόμεθα
1515 501 1595 563 είς
1628 501 1832 573 αὑτήν·
1864 505 1989 559 ma

2107 508 2498 577 adamabimus,
2567 512 2618 566 in
2669 526 2894 585 regnum
2943 512 3332 574 introlbimus:
3381 517 3490 576 imo
3517 523 3683 577 etiam

428 581 522 634 καὶ
546 579 643 635 ἐὰν
674 584 1074 657 εύνουχίσωμεν
1105 589 1327 654 ἑαυτοὺς
1352 590 1438 644 διά
1469 591 1567 664 τὴν
1593 592 1868 664 βασιλείαν
1897 597 1989 650 τῶι

2109 600 2158 654 si
2205 611 2415 656 nosmet
2471 611 2698 670 propter
2732 579 2970 673 regnum
3023 607 3289 664 cmlorum
3355 613 3684 681 spadonahi-

425 672 702 742 οὐρανῶν·
737 675 877 729 οὕτω
910 678 1018 750 γάρ
1056 697 1139 743 τις
1185 681 1434 752 ἐκτεμὼν
1471 685 1568 755 τῆς
1601 685 1794 740 ἐαυτοῦ
1826 687 1989 760 ψυχῆς

2109 707 2228 746 mns
2263 692 2376 764 (l8)
2405 710 2420 758 ;
2453 695 2532 749 sic
2562 695 2707 750 enim
2739 672 2904 750 horno
2934 699 3235 765 praecidens
3277 716 3343 756 ex
3373 672 3554 758 anima
3582 720 3684 760 sua

427 764 536 816 πᾶν
566 765 627 817 τὸ
648 766 871 840 αίσχρὸν
895 773 990 824 καὶ
1016 771 1312 827 ἀκόλαστον
1345 774 1538 840 πάθος,
1575 780 1623 831 εί
1657 780 1750 833 καὶ
1779 781 1878 852 τὴν
1909 783 1989 836 τοῐ

2108 793 2318 854 turpem
2371 789 2671 857 quamlibet
2729 801 2786 845 et
2847 793 3298 863 intemperantem
3351 796 3678 865 missionem,

426 853 679 926 σώματος
724 859 937 928 ἡλικίαν
997 864 1356 936 προϐεϐηκὼς
1401 867 1488 940 εἴη
1532 869 1690 942 ἀνὴρ,
1745 876 2004 945 στραφεὶς

423 944 618 1013 γένοιτ’
635 948 700 1002 ἂν
719 949 796 1014 ὡς
823 953 1052 1008 παιδίον.
1075 957 1136 1009 El
1168 957 1226 1011 δὲ
1263 959 1427 1029 μηδὲν
1441 961 1645 1015 τούτων
1675 944 2000 1038 πράξαιμεν,

421 1037 692 1109 ἀποφάσει
729 1043 824 1096 τοῦ
871 1045 1125 1120 Σωτῆρος
1168 1050 1685 1124 ὑποϐληθησόμεθα,
1731 1056 1869 1127 μετὰ
1907 1058 2000 1111 τοῦ

427 1129 574 1201 ἀμὴν
599 1132 1042 1207 ἀποφηναμένου,
1070 1142 1150 1194 ὅτι
1182 1144 1228 1196 εί
1246 1143 1320 1214 μὴ
1352 1144 1660 1218 πράξαιμεν
1681 1148 1874 1215 ταῦτα,
1901 1151 2002 1204 οὐκ

427 1219 578 1278 ἔσται
607 1224 739 1295 ἡμῖν
768 1228 1040 1302 είσιτητδν
1072 1234 1153 1296 εἰς
1185 1234 1284 1306 τὴν
1307 1235 1600 1306 βασιλείαν.

1071 1323 1178 1374 KB'
1207 1323 1341 1397 (19).

498 1405 689 1478 Ὁμοία
734 1409 790 1463 δὲ
837 1412 988 1484 παρὰ
1018 1414 1096 1486 τῷ
1139 1417 1403 1491 Ματθαίῳ
1453 1425 1633 1476 κεῖται
1689 1424 1995 1498 παραϐολή.

417 1495 663 1569 Ὠσπερ,
713 1502 821 1575 γάρ
861 1521 1048 1576 φησιν,
1092 1505 1379 1580 ἄνθρωπος
1420 1513 1717 1585 ἀποδημῶν
1771 1495 1998 1570 ἐκάλεσε

413 1591 539 1674 τοὺς
571 1591 734 1658 ἰδίους
763 1594 1002 1663 δούλους,
1038 1601 1132 1654 καὶ
1235 1602 1334 1673 μὲν
1359 1603 1527 1658 ἔδωκε
1552 1607 1712 1659 πέντε
1737 1609 1994 1674 τάλαντα,

412 1673 456 1748 ᾧ
504 1682 560 1736 δὲ
592 1683 703 1749 δύο,
744 1680 788 1755 ᾧ
811 1689 866 1742 δὲ
900 1691 992 1743 ἐν’
1026 1695 1146 1747 ἐπεὶ
1192 1696 1360 1750 πολλὰ
1397 1699 1654 1770 τυγχάνει
1721 1701 1792 1756 τά
1842 1705 1998 1776 χαρί-

411 1789 592 1845 σματα
620 1776 864 1851 διάφοροί
884 1800 942 1836 τε
969 1783 1062 1837 τοῦ
1092 1786 1245 1855 ἁγίου
1269 1789 1583 1862 Πνεῦματος
1609 1795 1663 1848 αί
1686 1794 1994 1866 διαιρέσεις,

2104 878 2206 931 etsi
2264 880 2508 947 corporis
2559 891 2720 936 aelate
2785 884 2896 953 jam
2947 885 3032 939 vir
3073 885 3333 953 evaserit,
3381 900 3681 943 conversus

2106 966 2198 1021 (iet
2235 977 2488 1038 tanquam
2516 987 2670 1041 puer.
2696 973 2790 1027 Sin
2819 990 2948 1030 vero
2974 974 3109 1029 nihil
3133 976 3327 1030 horum
3361 976 3678 1041 fecerimus.

2115 1059 2426 1116 Servatoris
2477 1065 2761 1119 sententiae
2816 1067 3190 1135 subjiciemur,
3253 1082 3374 1122 cum
3437 1068 3676 1126 dictione

2110 1166 2271 1206 amen
2308 1153 2735 1222 interminantis,
2767 1158 2910 1225 quod
2937 1159 3037 1213 nisi
3074 1159 3144 1212 ita
3183 1173 3280 1214 nos
3325 1161 3675 1232 gesserimus,

2101 1260 2209 1299 non
2239 1246 2444 1314 patebit
2473 1247 2630 1303 nobis
2657 1250 2725 1303 ad
2752 1264 2975 1317 regnum
3002 1250 3282 1307 introitus.

2802 1339 2968 1398 XXII.

2175 1420 2284 1478 Par
2338 1425 2479 1494 apud
2534 1425 2850 1482 Mattlizeum
2896 1445 3114 1500 quoque
3154 1440 3336 1488 exstat
3388 1431 3672 1503 parabola.

2098 1515 2312 1571 Etenim
2345 1517 2529 1582 homo,
2564 1527 2623 1570 ut
2660 1519 2756 1583 ait,
2790 1534 3018 1592 peregre
3048 1522 3425 1592 proficiscens,
3463 1528 3675 1581 vocavit

2099 1622 2290 1664 servos
2335 1621 2496 1677 suos;
2528 1621 2583 1665 et
2619 1611 2709 1665 uni
2741 1613 2960 1682 quidem
2993 1614 3139 1668 dedit
3173 1615 3417 1687 quinque
3449 1619 3670 1685 talenta,

2099 1697 2256 1753 alteri
2286 1700 2416 1764 duo,
2448 1700 2609 1756 tertio
2628 1702 2861 1772 denique
2889 1717 3057 1760 unum
3083 1707 3130 1738 δ’
3156 1721 3171 1771 ;
3202 1711 3330 1776 quia
3357 1709 3522 1764 multa
3546 1721 3674 1764 sunt

2101 1789 2270 1856 dona,
2298 1799 2352 1845 et
2377 1791 2608 1848 diversa:
2635 1794 2813 1849 sancti
2859 1793 3100 1865 Spiritus
3138 1798 3518 1868 diribitiones,
3552 1801 3676 1856 uni‘
3791 1825 3794 1828 ’

411 1867 626 1942 ἑκάστῳ
643 1870 700 1924 δέ
728 1872 930 1930 δίδοται
955 1878 1093 1949 πρὸς
1119 1879 1181 1932 τὸ
1208 1883 1485 1955 συμφέρον
1505 1901 1517 1914 ·
1537 1885 1747 1953 γένοιτο
1770 1888 1835 1941 ἄν
1859 1906 1986 1943 ποτε

2097 1881 2296 1952 cuique
2337 1893 2518 1939 autem
2556 1885 2716 1940 datur
2733 1891 3150 1959 proutexpedit.
3171 1890 3447 1963 Contiugit
3475 1895 3672 1966 quippe

411 1959 441 2011 ό
479 1958 579 2028 μέν
607 1979 693 2025 τις
722 1963 843 2027 ἐνὸς
886 1966 1110 2039 μέτοχος
1142 1972 1500 2045 χαρίσματος,
1531 1977 1560 2028 ό
1583 1976 1639 2030 δὲ
1671 1977 1836 2044 δυοῖν,
1875 1981 1905 2031 ό
1931 1979 1986 2033 δὲ

410 2054 672 2110 πλειόνων
695 2073 710 2089 ⁶
740 2059 911 2127 οὕτως
941 2061 1034 2118 οὖν
1055 2068 1286 2141 εἴρηται,
1312 2069 1390 2142 τῷ
1414 2074 1512 2143 μὲν
1549 2075 1790 2130 δεδόσθαι
1823 2077 1986 2131 πέντε

407 2150 664 2217 τάλαντα,
696 2153 964 2212 τοσούτων
997 2165 1352 2235 χαρισμάτων
1376 2166 1462 2220 διὰ
1487 2168 1582 2222 τοῦ
1625 2170 1778 2238 ἁγίου
1814 2172 1984 2225 Πνεύ-

411 2257 580 2311 ματος
634 2243 1256 2323 αὑτῷδεδωρημένωνο
1293 2257 1465 2330 ἐτέρῳ
1513 2259 1569 2312 δὲ
1617 2261 1678 2314 ού
1723 2262 1981 2331 τοσαῦτα,

405 2334 520 2387 ἀλλ’
549 2335 608 2389 ἒν
645 2338 805 2409 μόνον
855 2338 1094 2410 δέδοται,
1154 2346 1213 2413 δς
1255 2350 1501 2417 πλείονος
1537 2355 1687 2424 τύχοι
1721 2355 1786 2410 ἂν
1820 2375 1985 2415 κατα-

405 2428 661 2498 κρίσεως,
700 2434 779 2487 ὃτι
821 2436 954 2507 μηδὲ
985 2439 1155 2494 πολλά
1191 2442 1429 2515 εἰληφὼς
1469 2446 1545 2511 ὼς
1582 2448 1888 2519 ἁποκνῆσαι
1916 2454 1981 2524 τῇ

403 2518 510 2570 τῶν
527 2520 786 2576 πλειόνων
800 2526 1050 2599 ἐργασίᾳ,
1068 2530 1187 2584 οὐδὲ
1210 2533 1304 2585 τοῦ
1326 2534 1442 2599 ἐνὸς
1464 2537 1554 2590 τὸν
1570 2539 1780 2610 καρπὸν
1799 2543 1983 2612 ἐπορίι

407 2627 556 2675 σατο,
584 2614 753 2686 ἀργὸν
779 2616 835 2669 δὲ
868 2619 1000 2672 αὐτὸ
1043 2621 1304 2690 φυλάξας,
1337 2627 1428 2681 καὶ
1463 2629 1537 2700 μὴ
1579 2631 1837 2702 μεταδοὺς
1869 2633 1985 2687 ἐτέ-

409 2719 540 2774 ροις,
562 2709 884 2780 στερήσεται
905 2711 999 2766 καὶ
1010 2715 1199 2770 τούτου
1218 2718 1358 2772 κατά
1383 2720 1480 2793 τὴν
1503 2725 1764 2794 σωτήριον
1779 2726 1986 2795 ἀπόφα-

405 2813 507 2861 σιν,
526 2799 838 2871 ἐλέγχοντος
853 2805 1014 2860 αὐτὸν
1031 2807 1125 2861 τοῦ
1147 2811 1331 2881 κριτοῦ
1346 2813 1613 2886 ἐπὶάργίᾳ
1627 2816 1720 2868 καὶ
1731 2816 1980 2888 όκνηρίᾳ,

402 2891 495 2944 καὶ
532 2892 770 2965 φοϐερὰν
791 2896 1018 2968 ἀπειλὴν
1059 2899 1152 2952 καὶ
1181 2901 1360 2971 κρίσιν
1394 2905 1668 2975 ἀπότομον
1684 2905 1980 2962 κατάύτοῦ

401 2978 741 3052 ἐκφέροντος.
775 2985 839 3036 Oi
865 2985 920 3038 δὲ
942 2988 1036 3040 καὶ
1065 2989 1326 3044 πλειόνων
1354 2992 1448 3045 τοῦ
1475 2995 1631 3063 ἁγίου
1663 2997 1983 3068 Πνεύματος

401 3070 691 3144 ἠξιωμένοι
721 3077 1104 3148 χαρισμάτων,
1151 3077 1267 3136 εἶτα
1297 3083 1500 3139 τούτων
1525 3087 1616 3141 τὸν
1651 3090 1860 3162 καρπὸν
1891 3090 1981 3144 διὰ

397 3167 495 3237 τῆς
524 3170 830 3241 πρακτικῆς
857 3173 1122 3241 ἐργασίας
1143 3175 1694 3244 πολυπλασιάσαντες,
1721 3182 1862 3236 κατά
1887 3184 1980 3237 τὸν

2090 1974 2382 2045 aliquando
2417 1987 2476 2031 ut
2511 1977 2708 2048 aliquis
2769 1995 2875 2034 uno
2907 1982 3046 2038 dono
3077 1985 3334 2053 potiatur,
3363 1986 3574 2043 duobus
3601 1987 3672 2042 ιιι·

2089 2075 2190 2129 ter,
2228 2068 2372 2122 alius
2406 2053 2640 2138 denique
2672 2070 2942 2140 pluribus.
2981 2074 3075 2128 Sic
3133 2091 3264 2145 ergo
3308 2077 3510 2132 dictum
3558 2088 3666 2142 est,

2087 2158 2180 2213 alii
2216 2159 2432 2228 quidem
2465 2161 2589 2215 data
2625 2161 2793 2218 fuisse
2829 2165 3070 2234 quinque
3095 2168 3321 2234 talenta,
3379 2171 3504 2241 quia
3543 2173 3670 2226 totis

2087 2249 2208 2303 dem
2253 2251 2427 2304 sancti
2487 2252 2728 2322 Spiritus
2797 2255 2938 2309 dona
2972 2257 3043 2310 illi
3080 2257 3340 2314 attributa
3383 2269 3542 2316 sunt:
3575 2262 3665 2318 alil

2087 2352 2270 2398 autem
2301 2346 2442 2399 haud
2492 2347 2737 2411 totidem,
2775 2350 2870 2406 sed
2898 2366 3064 2404 unum
3099 2351 3288 2406 datum
3337 2351 3542 2418 fuisse;
3572 2357 3664 2424 qui

2086 2437 2390 2507 graviorem
2423 2439 2834 2495 damnationem
2867 2441 3126 2512 perferet,
3156 2445 3280 2513 quia
3321 2462 3443 2501 cum
3494 2449 3662 2502 multa

2087 2544 2194 2582 non
2244 2531 2568 2598 accepisset,
2621 2546 2689 2586 ne
2743 2532 2882 2588 forte
2930 2535 2997 2590 ad
3049 2538 3338 2606 operosius
3389 2541 3662 2610 negotium

2086 2625 2366 2690 torperet;
2408 2621 2759 2677 nihilominus
2789 2639 2856 2679 ne
2886 2639 2951 2678 ex
2996 2642 3103 2681 uno
3155 2629 3370 2698 quidem
3425 2629 3658 2686 fructum

2088 2713 2373 2778 retulerit;
2409 2718 2551 2783 quod
2581 2730 2705 2770 cum
2739 2716 2886 2772 iners
2917 2719 3294 2788 custodiverit,
3340 2735 3514 2792 neque
3540 2723 3662 2778 aliis

2087 2803 2249 2860 fuerit
2287 2806 2613 2876 impertitus,
2665 2807 2768 2864 hoc
2812 2811 2929 2880 ipso
2978 2812 3318 2882 Spoliabitnr,
3361 2817 3660 2871 secundum

2085 2895 2392 2954 Servatoris
2418 2899 2662 2967 effatum,
2695 2904 2991 2958 damnante
3013 2921 3136 2959 enm
3160 2905 3346 2976 judice
3372 2908 3439 2962 de
3469 2923 3662 2964 socor-

2084 2989 2171 3043 dia
2232 3001 2395 3060 atque
2447 2993 2682 3062 ignavia,
2737 2995 3119 3067 terribilesque
3167 3000 3340 3056 minas
3379 3010 3436 3056 et
3482 3002 3659 3058 diram

2084 3082 2410 3135 sententiam
2448 3082 2712 3136 adversus
2742 3099 2867 3138 eum
2900 3084 3130 3140 ferente.
3178 3085 3281 3152 Qui
3319 3103 3449 3143 vero
3505 3089 3659 3159 plura

2084 3173 2254 3227 sancti
2289 3174 2525 3242 Spiritus
2550 3189 2774 3230 munera
2818 3177 3007 3232 collata
3034 3178 3361 3247 habuerunt,
3383 3191 3438 3236 et
3466 3182 3661 3239 deinde

398 3259 584 3332 καιρὸν
616 3261 717 3332 τῆς
745 3263 852 3316 τῶν
885 3263 1057 3333 λόγων
1088 3275 1401 3340 συνάρσεως
1432 3271 1611 3337 δεξιᾶς
1649 3274 1742 3327 καὶ
1768 3274 1980 3346 ἀγαθῆς

2090 3264 2276 3319 harum
2315 3267 2554 3321 fructum
2597 3282 2830 3338 operoso
2866 3269 3055 3325 labore
3097 3271 3552 3342 multiplicarunt,
3603 3275 3659 3330 hi

400 3354 704 3424 μαρτυρίας
736 3355 1036 3422 τεύξονται.
1076 3360 1163 3412 Ἑν
1187 3359 1389 3430 ὀλίγοις
1421 3363 1530 3435 γάρ
1556 3364 1980 3436 δοκιμασθέντας

2090 3371 2188 3424 quo
2219 3366 2464 3426 tempore
2494 3359 2766 3414 rationum
2809 3361 2917 3415 dati
2953 3372 3009 3416 et
3050 3363 3261 3432 accepti
3292 3363 3519 3420 collatio
3545 3366 3656 3430 fiet,

395 3447 507 3509 τοῖς
540 3446 678 3501 κατὰ
709 3448 802 3502 τὸν
826 3450 1097 3506 ἐνεστῶτα
1125 3451 1257 3523 βίον,
1287 3455 1548 3525 μειζόνων
1576 3460 1684 3510 τῶν
1714 3459 1852 3513 κατὰ
1885 3461 1978 3512 τόν

2090 3449 2314 3502 faustum
2356 3451 2668 3520 bonumque
2695 3452 3066 3507 testimonium
3124 3454 3381 3510 referent.
3415 3455 3658 3527 Namque

399 3537 657 3606 μέλλοντα
669 3540 842 3594 αἰῶνα
854 3543 948 3595 καὶ
963 3543 1228 3614 οὐρανίων
1249 3548 1274 3598 ἐ
1284 3547 1497 3601 πάθλων
1511 3550 1854 3615 καταξιώσει.
1873 3552 1977 3606 Τὸν

2090 3541 2132 3592 in
2162 3540 2353 3608 paucis
2377 3541 2658 3609 probatos,
2697 3542 2750 3596 in
2781 3554 3047 3613 prasente
3079 3545 3338 3600 nimirum
3369 3547 3504 3614 vita,
3534 3564 3655 3602 ma-

392 3627 449 3681 δὲ
467 3631 700 3702 πονηρὸν
717 3634 810 3685 καὶ
829 3633 1059 3705 ὀκνηρὸν
1084 3636 1266 3691 δοῦλον
1292 3639 1516 3708 ἐλέγξας
1539 3642 1631 3694 ἐπὶ
1654 3645 1718 3714 τῇ
1743 3643 1976 3716 πονηρίᾳ

2090 3632 2284 3690 joribus
2318 3631 2371 3684 in
2404 3631 2585 3686 futuro
2632 3632 2832 3687 sarculo
2863 3644 2918 3687 et
2943 3634 3261 3690 caelestibus
3301 3637 3542 3703 praemiis
3583 3637 3657 3691 dl.

397 3723 490 3774 καὶ
513 3724 590 3792 τῷ
605 3724 768 3796 ὄκνῳ,
782 3728 848 3797 τῇ
868 3728 1220 3802 προσηκούσῃ
1235 3731 1548 3802 παραδώσει
1561 3733 1685 3805 δίκῃ
1700 3751 1713 3765 ο
1745 3736 1974 3806 ὀκνηρὸν

2090 3722 2334 3792 ςιιιιιιίιιιι·
2361 3722 2645 3778 Dominus.
2681 3725 2747 3778 At
2782 3739 2911 3780 vero
2945 3741 3180 3795 nequam
3231 3742 3452 3782 servum
3491 3739 3548 3784 et
3575 3731 3656 3800 pi-

399 3815 500 3883 μὲν
527 3816 694 3869 αὑτὸν
717 3818 887 3872 εἰπὼν
918 3821 1006 3874 διὰ
1035 3820 1097 3874 τὸ
1131 3822 1296 3893 μηδὲν
1322 3824 1570 3896 ἐθελῆσαι
1611 3825 1718 3878 τῶν
1747 3825 1974 3879 δεόντων

2090 3829 2252 3882 ςνιιιιι,
2290 3815 2535 3868 incusata
2563 3814 2680 3884 ejus
2705 3817 3055 3886 improbitate
3077 3827 3131 3873 et
3149 3818 3386 3888 ignavia,
3415 3835 3654 3892 congrua

393 3905 759 3976 ἐργάσασθαι,
801 3912 1036 3984 πονηρὸν
1073 3911 1131 3967 δὲ
1167 3913 1256 3967 διὰ
1285 3913 1347 3968 τὸ
1385 3917 1653 3988 τολμῆσαι
1695 3917 1858 3986 φάναι
1895 3917 1973 3989 τῷ

2090 3921 2234 3962 mena
2269 3906 2500 3974 afﬁciet;
2548 3912 2828 3965 socordem
2875 3925 2999 3965 eum
3024 3911 3342 3982 (appellans,
3368 3914 3495 3984 quia
3529 3913 3651 3970 olli-

391 3995 585 4050 ἐαυτοῦ
620 3998 812 4072 κυρίῳ,
852 4003 1132 4075 Αὐστηρὸς
1175 4001 1227 4059 εἷ
1262 4006 1564 4079 ἄνθρωπος,
1592 4011 1685 4064 καὶ
1715 4009 1784 4063 τά
1820 4009 1968 4080 ἐξῆς.

2090 4000 2216 4054 :ium
2249 4015 2359 4054 non
2385 4002 2700 4070 praestiterit
2730 4020 2745 4069 ;
2784 4017 3014 4073 nequam
3046 4013 3252 4071 autem,
3278 4005 3402 4076 quia
3435 4006 3654 4062 domino

405 4084 734 4156 Ἀπελέγξας
764 4090 892 4159 γοῦν
907 4092 1067 4147 αὐτὸν
1093 4095 1357 4167 πρότερον
1381 4097 1457 4162 ὼς
1474 4099 1967 4167 ἐναντιολογοῦντα,

2090 4107 2172 4145 suo
2208 4092 2394 4148 dicere
2423 4109 2588 4150 ausus
2630 4093 3112 4163 fuerit,§Austerus
3137 4111 3198 4151 es
3227 4097 3410 4162 homo,
3441 4106 3497 4152 et
3531 4099 3653 4154 rell-

391 4178 486 4231 καὶ
519 4180 582 4232 ἐκ
605 4179 696 4233 τοῦ
725 4182 992 4254 στόματος
1026 4188 1363 4260 κατακρίνας
1403 4191 1588 4256 αὐτὸν,
1616 4193 1718 4258 ὅτι,
1765 4194 1968 4267 καίπερ

2090 4201 2197 4254 μω.
2227 4186 2395 4257 Igitur
2430 4203 2495 4244 eo
2525 4199 2784 4259 coarguto
2811 4190 2956 4259 quod
3009 4191 3370 4261 repugnantia
3400 4191 3652 4262 loquere-

389 4271 550 4324 αὐτὸν
569 4273 842 4346 αὐστηρὸν
862 4277 956 4329 καὶ
979 4278 1357 4351 ἀπαραίτητον
1389 4282 1583 4354 κριτὴν
1605 4279 1742 4338 εἶναι
1765 4286 1966 4356 φήσας,

2096 4294 2181 4344 ur,
2208 4289 2265 4334 et
2287 4297 2354 4335 ex
2381 4296 2476 4336 ore
2503 4281 2621 4350 ejus
2652 4281 2944 4346 damnans,
2974 4283 3100 4352 quia
3131 4299 3254 4338 cum
3305 4298 3428 4339 eum
3473 4293 3652 4339 auste-

390 4362 540 4433 ὅμως
571 4367 973 4438 κατεφρόνησεν
1017 4371 1092 4434 ὡς
1135 4371 1300 4442 μηδὲν
1333 4374 1534 4442 ἀγαθὸν
1569 4374 1790 4447 θελῆσαι
1822 4379 1966 4448 πρᾶ-

2090 4385 2192 4424 ·ιιιιι
2219 4380 2272 4424 et
2302 4371 2693 4427 inexorabilem
2721 4371 2958 4441 judicem
2993 4389 3115 4428 esse
3149 4375 3401 4438 dixisset,
3458 4374 3653 4430 nihilo-

389 4453 496 4520 ξαι,
521 4456 864 4531 δικαιοτάτην
884 4459 1078 4526 ἐξοίσει
1100 4464 1198 4534 τὴν
1221 4465 1341 4516 κατ’
1372 4465 1537 4519 αὑτοῦ
1563 4466 1763 4537 ψῆφον,
1791 4469 1968 4539 σκότῳ

2090 4464 2260 4516 minus
2289 4471 2400 4516 tam
2449 4463 2612 4518 fuerit
2640 4464 2918 4532 negligens
2950 4473 3006 4519 ut
3033 4465 3169 4520 nihil
3211 4481 3376 4536 agere
3409 4467 3536 4522 boui
3568 4482 3650 4522 vo-

389 4549 666 4620 παραδοὺς
721 4551 881 4606 αὑτὸν
931 4552 1204 4628 ἐξωτάτῳ,
1259 4558 1336 4621 ὼς
1377 4559 1440 4611 οὐ
1483 4559 1640 4629 μόνον
1666 4560 1834 4631 ἀργὸν
1866 4563 1962 4614 καὶ

2092 4555 2257 4616 uerit,
2291 4552 2656 4621 iustissimam
2694 4555 2833 4610 feret
2874 4555 2927 4609 in
2955 4570 3078 4610 eum
3113 4555 3471 4620 sententiam,
3510 4566 3649 4612 tene-

388 4641 647 4712 πονηρὸν,
701 4643 836 4698 ἀλλὰ
878 4647 970 4700 καὶ
1017 4649 1233 4720 ἀχρεῖον
1275 4651 1370 4702 καὶ
1416 4651 1722 4720 ἀπόϐλητον
1755 4651 1959 4708 δοῦλον.

2090 4643 2254 4697 nebris
2307 4643 2674 4699 exterioribus
2720 4659 2846 4698 eum
2910 4644 3154 4710 tradens,
3213 4660 3318 4698 non
3378 4647 3539 4700 modo
3592 4655 3648 4700 ut

387 4732 539 4798 Δόξει
571 4734 671 4804 μὲν
691 4731 782 4789 οὖν
808 4737 1152 4811 ἀπεριέργως
1172 4741 1296 4793 ὅσον
1324 4741 1415 4794 ἐπὶ
1443 4743 1508 4812 τῇ
1527 4741 1815 4814 ἀκολουθίᾳ
1839 4745 1967 4814 περὶ

2090 4734 2353 4789 ocordem
2384 4743 2439 4788 et
2465 4750 2716 4804 nequam.
2747 4750 2934 4790 verum
2967 4735 3133 4790 etiam
3172 4745 3230 4790 ut
3269 4735 3516 4790 inutilem
3555 4739 3648 4791 do-

386 4822 482 4876 τοῦ
522 4823 688 4895 μηδὲν
714 4829 1110 4900 ἐργασαμένου,
1138 4831 1274 4885 ἀλλά
1309 4831 1725 4903 ἀποκρύψαντος
1764 4833 1825 4886 τὸ
1866 4833 1964 4886 τά-

2090 4842 2264 4896 noque
2310 4826 2622 4895 pellendum
2671 4826 2952 4882 famulum.
2997 4827 3283 4882 Videbitur
3322 4842 3453 4897 ergo
3485 4842 3648 4897 appa-

389 4915 582 4971 λαντον
601 4959 614 4982 ,
638 4919 784 4974 τοῦτ’
818 4923 1090 4994 είρῆσθαι·
1120 4925 1243 4976 ἐπεὶ
1276 4924 1333 4977 δὲ
1359 4923 1420 4977 τὸ
1446 4926 1526 4987 είς
1546 4925 1690 4994 ἡμᾶς
1701 4919 1834 4995 ἧκον
1851 4924 1963 4995 (20)

2090 4927 2269 4985 enter,
2300 4917 2444 4972 haud
2475 4919 2610 4973 satis
2635 4931 2890 4973 accurate
2925 4918 3067 4988 quod
3091 4918 3284 4972 attinet
3305 4921 3370 4972 ad
3392 4933 3647 4973 sensuum

401 5009 710 5082 Ἑϐραϊκοῖς
774 5014 1149 5085 χαρακτῆρσιν
1192 5013 1520 5083 Εὐαγγέλιον
1574 5014 1672 5086 τὴν
1732 5014 1963 5086 ἀπειλὴν

2090 5011 2373 5081 tequelam,
2409 5009 2512 5064 hoc
2547 5011 2613 5065 de
2658 5010 2751 5064 illo
2783 5011 2953 5063 fuisse
3004 5009 3208 5063 dictum
3232 5011 3324 5078 qui
3359 5009 3492 5064 nihil
3518 5027 3646 5080 ope-

389 5101 448 5154 ού
487 5105 629 5158 κατὰ
659 5104 754 5158 τοῦ
797 5105 1214 5178 ἀποκρύψαντος
1245 5107 1471 5178 ἐπῆγεν,
1517 5107 1653 5162 ἀλλά
1695 5107 1836 5162 κατά
1869 5108 1962 5162 τοῦ

2090 5120 2206 5160 rans
2262 5104 2526 5158 talentum
2580 5102 2888 5157 abscondit.
2949 5102 3108 5158 Certe
3156 5105 3301 5173 quod
3365 5103 3645 5161 Hebraicis

458 5193 503 5225 ⁸⁷
537 5195 724 5251 Matth.
766 5213 894 5262 xxv,
918 5199 1005 5253 M.

459 5287 750 5370 (1.8).Utor
784 5290 884 5345 hoc
899 5293 1100 5373 verbo,
1133 5292 1380 5373 quodest
1412 5291 1463 5346 in
1502 5290 1951 5373 fragmentis-auo
2105 5285 2240 5373 709)
2457 5299 2677 5373 $909“?
2731 5285 2920 5373 Ῐέιβθθίδ
2953 5285 3529 5373 Ξῗ³8¹¹¹⁰¹¹¹¹ἶῖ¹¹Ρ⁵9¹¹⁸
3576 5293 3645 5373 εδδ

389 5355 714 5442 titjuissiinis
742 5363 944 5448 V‘eteris
967 5355 1110 5445 italae
1142 5355 1474 5448 mantnnxtx,
1496 5355 1661 5448 φῶ.
1682 5378 1766 5448 me
1791 5361 1951 5414 editis
2055 5355 2241 5448 verba;
2275 5365 2548 5448 (ξιξεριῆ
2582 5355 2897 5448 apage?
2941 5355 3537 5448 fixi}.__gerit'_titulum
3567 5366 3642 5448 “in

385 5443 506 5510 cuin
530 5431 717 5510 _sauct_i
752 5432 1039 5501 Augustini
1070 5433 1304 5510 genuino
1335 5424 1593 5510 Spe-culo}
1626 5433 1813 5510 _it_‘_ll"e
1856 5445 1951 5482 νο·

2090 5428 2244 5510 edice
2273 5424 2488 5510 A3254.
2598 5424 2896 5510 Ειῖναεϐζρυ
2924 5427 2992 5492 β.
3029 5424 3358 5510 r'curtihsiglis
3384 5447 3544 5510 supra
3563 5431 3642 5503 β.)

385 5500 636 5578 caltulnnt
689 5503 742 5578 in
777 5494 915 5578 _.an
955 5494 1168 5578 quoque
1225 5494 1492 5572 glossario
1534 5494 1740 5578 Spicil:
1781 5511 1821 5554 t.
1869 5514 1951 5565 nt,

2090 5494 2420 5578 ἱερξαιςξίας
2452 5509 2482 5577 ξ.
2509 5494 2746 5578 Eusebii,
2778 5497 2913 5578 [aluo
2942 5494 3128 5578 qtuirto
3157 5494 3533 5578 ζίιίοριιιιςιξιε.

380 5567 502 5651 jure
532 5572 723 5641 scripsi
751 5575 930 5627 :'Sunt
968 5567 1544 5651 ipadones',netc.,_qui
1575 5567 1628 5627 se
1667 5575 1805 5641 ipsos
1831 5587 1956 5651 δρα·
2077 5641 2090 5651 _
2127 5567 2239 5651 ('22)
2269 5568 2442 5651 Ιῧιξέιιι
2471 5567 2522 5651 ig
2552 5567 2771 5651 Syriaca
2803 5567 3260 5651 Theophilum-lib.
3293 5585 3366 5651 tv,
3402 5570 3642 5651 [glans

384 5635 708 5722 {ornauerint
742 5658 956 5722 propter
979 5635 1216 5722 regnum.
1238 5635 1370 5722 Quo
1395 5635 1808 5722 pio__sensu,_et
1842 5635 1960 5722 qui-

2090 5635 2155 5693 ιρι
2181 5637 2449 5722 Eusebius
2481 5635 2760 5722 Evangelii
2793 5635 3075 5722 exeniplar
3113 5635 3641 5722 Hebraicisliduest

383 5710 506 5783 (lein
548 5711 653 5767 huc
711 5707 1056 5783 respiciens;
1075 5716 1238 5769 etiam
1277 5707 1658 5768 'Ter’tullianus
1690 5707 1785 5767 De
1829 5707 1956 5767 culi.
2059 5709 2338 5783 Syriacis)
2393 5707 2586 5761 litteris
2614 5709 2892 5783 scripturn.
2932 5707 3050 5764 Jam
3094 5719 3220 5783 vero
3249 5725 3370 5763 cum
3410 5711 3462 5763 in
3494 5708 3640 5783 __\l_:_it.

531 5795 606 5849 ιι,
624 5783 778 5853 dixit,
796 5776 852 5840 ie
875 5776 1194 5855 spadonatui
1217 5785 1487 5854 assignant
1515 5795 1727 5854 propter
1746 5798 1961 5850 regnum
2063 5776 2390 5863 bibliotheca
2415 5785 2582 5863 codex
2605 5776 3071 5863 exstetﬁyriacus
3111 5779 3210 5833 sub
3234 5795 3458 5834 numero
3494 5776 3640 5848 XIX,

390 5846 506 5903 Dei.
593 5846 600 5849 ⁷
763 5846 775 5853 ⁷
902 5846 914 5855 ’
1325 5846 1347 5854 ⁷
1515 5846 1525 5854 ”
1613 5846 1623 5854 ”
1800 5846 1823 5850 ⁷⁷
2065 5852 2278 5914 priscus
2321 5850 2456 5906 adeo
2499 5859 2558 5906 ut
2603 5849 2821 5907 Eusebii
2854 5846 3088 5906 'aatatem
3137 5863 3424 5917 exaequare
3484 5846 3640 5908 posse
