  <div class='ocr_page' id='page_1' title='image "/cluster/home/n/w/nwhite01/storage/ocr_20150623/24/hvd.32044073501108/351.png"; bbox 0 0 4000 6398; ppageno 0'>
   <div class='ocr_carea' id='block_1_1' title="bbox 543 374 650 431">
    <p class='ocr_par' dir='ltr' id='par_1_1' title="bbox 543 374 650 431">
     <span class='ocr_line' id='line_1_1' title="bbox 543 374 650 431; baseline -0.037 0"><span class='ocrx_word' id='word_1_1' title='bbox 543 374 650 431; x_wconf 77' lang='grc'><strong>687</strong></span> 
     </span>
    </p>
   </div>
   <div class='ocr_carea' id='block_1_2' title="bbox 1279 346 3159 420">
    <p class='ocr_par' dir='ltr' id='par_1_2' title="bbox 1279 346 3159 420">
     <span class='ocr_line' id='line_1_2' title="bbox 1279 346 3159 420; baseline -0.009 -1"><span class='ocrx_word' id='word_1_2' title='bbox 1279 361 1545 420; x_wconf 82' lang='lat' dir='ltr'><strong>EUSEBII</strong></span> <span class='ocrx_word' id='word_1_3' title='bbox 1582 356 2053 415; x_wconf 55' lang='lat' dir='ltr'><strong>CJESARIENSIS</strong></span> <span class='ocrx_word' id='word_1_4' title='bbox 2089 355 2241 412; x_wconf 83' lang='lat' dir='ltr'><strong>OPP.</strong></span> <span class='ocrx_word' id='word_1_5' title='bbox 2286 353 2464 409; x_wconf 78' lang='lat' dir='ltr'><strong>PARS</strong></span> <span class='ocrx_word' id='word_1_6' title='bbox 2503 352 2592 407; x_wconf 80' lang='lat' dir='ltr'><strong>IV.</strong></span> <span class='ocrx_word' id='word_1_7' title='bbox 2630 379 2701 392; x_wconf 91' lang='lat'><strong>—</strong></span> <span class='ocrx_word' id='word_1_8' title='bbox 2738 346 3159 404; x_wconf 78' lang='lat' dir='ltr'><strong>DOGMATICA.</strong></span> 
     </span>
    </p>
   </div>
   <div class='ocr_carea' id='block_1_3' title="bbox 3696 345 3807 396">
    <p class='ocr_par' dir='ltr' id='par_1_3' title="bbox 3696 345 3807 396">
     <span class='ocr_line' id='line_1_3' title="bbox 3696 345 3807 396; baseline 0 0"><span class='ocrx_word' id='word_1_9' title='bbox 3696 345 3807 396; x_wconf 72' lang='grc' dir='ltr'>σκδ</span> 
     </span>
    </p>
   </div>
   <div class='ocr_carea' id='block_1_4' title="bbox 544 460 2134 558">
    <p class='ocr_par' dir='ltr' id='par_1_4' title="bbox 544 477 2112 558">
     <span class='ocr_line' id='line_1_4' title="bbox 544 477 2112 558; baseline -0.008 -15"><span class='ocrx_word' id='word_1_10' title='bbox 544 492 743 547; x_wconf 90' lang='lat' dir='ltr'><strong>litteris</strong></span> <span class='ocrx_word' id='word_1_11' title='bbox 794 487 1166 558; x_wconf 88' lang='lat' dir='ltr'><strong>conscriptum</strong></span> <span class='ocrx_word' id='word_1_12' title='bbox 1210 481 1565 552; x_wconf 74' lang='lat' dir='ltr'><strong>EVangelium</strong></span> <span class='ocrx_word' id='word_1_13' title='bbox 1615 480 1681 533; x_wconf 87' lang='lat' dir='ltr'><strong>ad</strong></span> <span class='ocrx_word' id='word_1_14' title='bbox 1726 494 1825 533; x_wconf 91' lang='lat' dir='ltr'><strong>nos</strong></span> <span class='ocrx_word' id='word_1_15' title='bbox 1881 477 2112 540; x_wconf 80' lang='lat' dir='ltr'><strong>devenit,</strong></span> 
     </span>
    </p>
   </div>
   <div class='ocr_carea' id='block_1_5' title="bbox 2238 460 3809 558">
    <p class='ocr_par' dir='ltr' id='par_1_5' title="bbox 2238 460 3809 542">
     <span class='ocr_line' id='line_1_5' title="bbox 2238 460 3809 542; baseline -0.01 -15"><span class='ocrx_word' id='word_1_16' title='bbox 2238 472 2443 537; x_wconf 69' lang='grc' dir='ltr'>ίσὼτως</span> <span class='ocrx_word' id='word_1_17' title='bbox 2482 472 2755 542; x_wconf 77' lang='grc' dir='ltr'>ὲξηκότος.</span> <span class='ocrx_word' id='word_1_18' title='bbox 2798 471 2961 541; x_wconf 80' lang='grc' dir='ltr'>Τρεῖς</span> <span class='ocrx_word' id='word_1_19' title='bbox 2985 468 3095 538; x_wconf 84' lang='grc' dir='ltr'><strong>γὰρ</strong></span> <span class='ocrx_word' id='word_1_20' title='bbox 3124 464 3353 527; x_wconf 76' lang='grc' dir='ltr'><strong>δούλους</strong></span> <span class='ocrx_word' id='word_1_21' title='bbox 3399 462 3639 534; x_wconf 76' lang='grc' dir='ltr'><strong>περιεῖχε</strong></span> <span class='ocrx_word' id='word_1_22' title='bbox 3660 501 3679 525; x_wconf 90' lang='grc'><strong>,</strong></span> <span class='ocrx_word' id='word_1_23' title='bbox 3711 460 3809 513; x_wconf 67' lang='grc' dir='ltr'>τὸν</span> 
     </span>
    </p>
   </div>
   <div class='ocr_carea' id='block_1_6' title="bbox 548 568 2116 642">
    <p class='ocr_par' dir='ltr' id='par_1_6' title="bbox 548 568 2116 642">
     <span class='ocr_line' id='line_1_6' title="bbox 548 568 2116 642; baseline -0.012 0"><span class='ocrx_word' id='word_1_24' title='bbox 548 588 728 642; x_wconf 84' lang='lat' dir='ltr'><strong>minas</strong></span> <span class='ocrx_word' id='word_1_25' title='bbox 777 583 897 638; x_wconf 89' lang='lat' dir='ltr'><strong>illas</strong></span> <span class='ocrx_word' id='word_1_26' title='bbox 946 580 1093 636; x_wconf 85' lang='lat' dir='ltr'><strong>haud</strong></span> <span class='ocrx_word' id='word_1_27' title='bbox 1140 587 1333 634; x_wconf 81' lang='lat' dir='ltr'><strong>contra</strong></span> <span class='ocrx_word' id='word_1_28' title='bbox 1364 573 1995 636; x_wconf 86' lang='lat' dir='ltr'><strong>talcntioccultatorem,</strong></span> <span class='ocrx_word' id='word_1_29' title='bbox 2024 568 2116 625; x_wconf 90' lang='lat' dir='ltr'><strong>sed</strong></span> 
     </span>
    </p>
   </div>
   <div class='ocr_carea' id='block_1_7' title="bbox 546 660 2119 737">
    <p class='ocr_par' dir='ltr' id='par_1_7' title="bbox 546 660 2119 737">
     <span class='ocr_line' id='line_1_7' title="bbox 546 660 2119 737; baseline -0.014 -1"><span class='ocrx_word' id='word_1_30' title='bbox 546 690 738 737; x_wconf 86' lang='lat' dir='ltr'><strong>contra</strong></span> <span class='ocrx_word' id='word_1_31' title='bbox 767 675 1044 731; x_wconf 76' lang='lat' dir='ltr'><strong>luxuriose</strong></span> <span class='ocrx_word' id='word_1_32' title='bbox 1072 671 1345 727; x_wconf 83' lang='lat' dir='ltr'><strong>viventem</strong></span> <span class='ocrx_word' id='word_1_33' title='bbox 1394 667 1652 724; x_wconf 91' lang='lat' dir='ltr'><strong>intendit.</strong></span> <span class='ocrx_word' id='word_1_34' title='bbox 1688 665 1823 721; x_wconf 86' lang='lat' dir='ltr'><strong>Tres</strong></span> <span class='ocrx_word' id='word_1_35' title='bbox 1857 664 2003 717; x_wconf 91' lang='lat' dir='ltr'><strong>enim</strong></span> <span class='ocrx_word' id='word_1_36' title='bbox 2044 660 2119 719; x_wconf 85' lang='lat' dir='ltr'><strong>ibi</strong></span> 
     </span>
    </p>
   </div>
   <div class='ocr_carea' id='block_1_8' title="bbox 548 754 2122 843">
    <p class='ocr_par' dir='ltr' id='par_1_8' title="bbox 548 754 2122 843">
     <span class='ocr_line' id='line_1_8' title="bbox 548 754 2122 843; baseline -0.013 -14"><span class='ocrx_word' id='word_1_37' title='bbox 548 778 1016 843; x_wconf 74' lang='lat' dir='ltr'><strong>reprzesentantur</strong></span> <span class='ocrx_word' id='word_1_38' title='bbox 1041 767 1223 827; x_wconf 84' lang='lat' dir='ltr'><strong>servi;</strong></span> <span class='ocrx_word' id='word_1_39' title='bbox 1249 765 1388 819; x_wconf 86' lang='lat' dir='ltr'><strong>alius</strong></span> <span class='ocrx_word' id='word_1_40' title='bbox 1422 761 1624 818; x_wconf 89' lang='lat' dir='ltr'><strong>domini</strong></span> <span class='ocrx_word' id='word_1_41' title='bbox 1654 757 2011 815; x_wconf 81' lang='lat' dir='ltr'><strong>substantiam</strong></span> <span class='ocrx_word' id='word_1_42' title='bbox 2034 754 2122 809; x_wconf 81' lang='lat' dir='ltr'><strong>de-</strong></span> 
     </span>
    </p>
   </div>
   <div class='ocr_carea' id='block_1_9' title="bbox 546 846 2123 916">
    <p class='ocr_par' dir='ltr' id='par_1_9' title="bbox 546 846 2123 916">
     <span class='ocr_line' id='line_1_9' title="bbox 546 846 2123 916; baseline -0.009 -5"><span class='ocrx_word' id='word_1_43' title='bbox 546 874 747 916; x_wconf 89' lang='lat' dir='ltr'><strong>vorans</strong></span> <span class='ocrx_word' id='word_1_44' title='bbox 776 873 901 914; x_wconf 88' lang='lat' dir='ltr'><strong>cum</strong></span> <span class='ocrx_word' id='word_1_45' title='bbox 932 854 1310 913; x_wconf 81' lang='lat' dir='ltr'><strong>meretricibus</strong></span> <span class='ocrx_word' id='word_1_46' title='bbox 1332 863 1388 907; x_wconf 90' lang='lat' dir='ltr'><strong>et</strong></span> <span class='ocrx_word' id='word_1_47' title='bbox 1407 849 1759 914; x_wconf 88' lang='lat' dir='ltr'><strong>saltricibus;</strong></span> <span class='ocrx_word' id='word_1_48' title='bbox 1792 846 1931 901; x_wconf 87' lang='lat' dir='ltr'><strong>alter</strong></span> <span class='ocrx_word' id='word_1_49' title='bbox 1952 856 2123 915; x_wconf 87' lang='lat' dir='ltr'><strong>opere</strong></span> 
     </span>
    </p>
   </div>
   <div class='ocr_carea' id='block_1_10' title="bbox 546 934 2122 1020">
    <p class='ocr_par' dir='ltr' id='par_1_10' title="bbox 546 934 2122 1020">
     <span class='ocr_line' id='line_1_10' title="bbox 546 934 2122 1020; baseline -0.011 -13"><span class='ocrx_word' id='word_1_50' title='bbox 546 949 950 1020; x_wconf 81' lang='lat' dir='ltr'><strong>multiplicans;</strong></span> <span class='ocrx_word' id='word_1_51' title='bbox 981 947 1176 1002; x_wconf 87' lang='lat' dir='ltr'><strong>tertius</strong></span> <span class='ocrx_word' id='word_1_52' title='bbox 1195 944 1457 999; x_wconf 83' lang='lat' dir='ltr'><strong>talentum</strong></span> <span class='ocrx_word' id='word_1_53' title='bbox 1473 941 1780 998; x_wconf 85' lang='lat' dir='ltr'><strong>occultans.</strong></span> <span class='ocrx_word' id='word_1_54' title='bbox 1811 936 2015 993; x_wconf 78' lang='lat' dir='ltr'><strong>Deinde</strong></span> <span class='ocrx_word' id='word_1_55' title='bbox 2041 934 2122 990; x_wconf 90' lang='lat' dir='ltr'><strong>ait</strong></span> 
     </span>
    </p>
   </div>
   <div class='ocr_carea' id='block_1_11' title="bbox 546 1032 2120 1111">
    <p class='ocr_par' dir='ltr' id='par_1_11' title="bbox 546 1032 2120 1111">
     <span class='ocr_line' id='line_1_11' title="bbox 546 1032 2120 1111; baseline -0.009 -14"><span class='ocrx_word' id='word_1_56' title='bbox 546 1058 712 1097; x_wconf 92' lang='lat' dir='ltr'><strong>unum</strong></span> <span class='ocrx_word' id='word_1_57' title='bbox 742 1041 962 1111; x_wconf 88' lang='lat' dir='ltr'><strong>quidem</strong></span> <span class='ocrx_word' id='word_1_58' title='bbox 1012 1037 1275 1094; x_wconf 86' lang='lat' dir='ltr'><strong>benevole</strong></span> <span class='ocrx_word' id='word_1_59' title='bbox 1322 1044 1632 1104; x_wconf 73' lang='lat' dir='ltr'><strong>exceptum,</strong></span> <span class='ocrx_word' id='word_1_60' title='bbox 1671 1032 1897 1087; x_wconf 87' lang='lat' dir='ltr'><strong>alterum</strong></span> <span class='ocrx_word' id='word_1_61' title='bbox 1934 1042 2120 1098; x_wconf 86' lang='lat' dir='ltr'><strong>repre-</strong></span> 
     </span>
    </p>
   </div>
   <div class='ocr_carea' id='block_1_12' title="bbox 547 1121 2119 1194">
    <p class='ocr_par' dir='ltr' id='par_1_12' title="bbox 547 1121 2119 1194">
     <span class='ocr_line' id='line_1_12' title="bbox 547 1121 2119 1194; baseline -0.012 0"><span class='ocrx_word' id='word_1_62' title='bbox 547 1138 779 1194; x_wconf 83' lang='lat' dir='ltr'><strong>hensum</strong></span> <span class='ocrx_word' id='word_1_63' title='bbox 813 1131 1211 1193; x_wconf 88' lang='lat' dir='ltr'><strong>tantummodo,</strong></span> <span class='ocrx_word' id='word_1_64' title='bbox 1238 1129 1458 1184; x_wconf 90' lang='lat' dir='ltr'><strong>tertium</strong></span> <span class='ocrx_word' id='word_1_65' title='bbox 1485 1128 1537 1182; x_wconf 92' lang='lat' dir='ltr'><strong>in</strong></span> <span class='ocrx_word' id='word_1_66' title='bbox 1561 1124 1775 1180; x_wconf 89' lang='lat' dir='ltr'><strong>vincula</strong></span> <span class='ocrx_word' id='word_1_67' title='bbox 1794 1121 2119 1193; x_wconf 79' lang='lat' dir='ltr'><strong>conjectum.</strong></span> 
     </span>
    </p>
   </div>
   <div class='ocr_carea' id='block_1_13' title="bbox 546 1216 2121 1303">
    <p class='ocr_par' dir='ltr' id='par_1_13' title="bbox 546 1216 2121 1303">
     <span class='ocr_line' id='line_1_13' title="bbox 546 1216 2121 1303; baseline -0.013 -14"><span class='ocrx_word' id='word_1_68' title='bbox 546 1233 797 1303; x_wconf 80' lang='lat' dir='ltr'><strong>Ambigo.</strong></span> <span class='ocrx_word' id='word_1_69' title='bbox 841 1245 915 1283; x_wconf 88' lang='lat' dir='ltr'><strong>an</strong></span> <span class='ocrx_word' id='word_1_70' title='bbox 942 1227 1084 1283; x_wconf 78' lang='lat' dir='ltr'><strong>forte</strong></span> <span class='ocrx_word' id='word_1_71' title='bbox 1116 1226 1258 1296; x_wconf 90' lang='lat' dir='ltr'><strong>apud</strong></span> <span class='ocrx_word' id='word_1_72' title='bbox 1297 1222 1611 1278; x_wconf 68' lang='lat' dir='ltr'><strong>Mattliaeum</strong></span> <span class='ocrx_word' id='word_1_73' title='bbox 1646 1228 1762 1291; x_wconf 89' lang='lat' dir='ltr'><strong>post</strong></span> <span class='ocrx_word' id='word_1_74' title='bbox 1813 1216 2121 1273; x_wconf 88' lang='lat' dir='ltr'><strong>absolutum</strong></span> 
     </span>
    </p>
   </div>
   <div class='ocr_carea' id='block_1_14' title="bbox 549 1307 2124 1394">
    <p class='ocr_par' dir='ltr' id='par_1_14' title="bbox 549 1307 2124 1394">
     <span class='ocr_line' id='line_1_14' title="bbox 549 1307 2124 1394; baseline -0.013 -14"><span class='ocrx_word' id='word_1_75' title='bbox 549 1333 738 1381; x_wconf 89' lang='lat' dir='ltr'><strong>contra</strong></span> <span class='ocrx_word' id='word_1_76' title='bbox 769 1323 1018 1394; x_wconf 86' lang='lat' dir='ltr'><strong>ignavum</strong></span> <span class='ocrx_word' id='word_1_77' title='bbox 1051 1331 1269 1373; x_wconf 90' lang='lat' dir='ltr'><strong>servum</strong></span> <span class='ocrx_word' id='word_1_78' title='bbox 1322 1327 1658 1376; x_wconf 76' lang='lat' dir='ltr'><strong>sermonem,</strong></span> <span class='ocrx_word' id='word_1_79' title='bbox 1706 1325 1825 1380; x_wconf 74' lang='lat' dir='ltr'><strong>quae</strong></span> <span class='ocrx_word' id='word_1_80' title='bbox 1876 1307 2124 1378; x_wconf 86' lang='lat' dir='ltr'><strong>sequitur</strong></span> 
     </span>
    </p>
   </div>
   <div class='ocr_carea' id='block_1_15' title="bbox 545 1399 2124 1480">
    <p class='ocr_par' dir='ltr' id='par_1_15' title="bbox 545 1399 2124 1480">
     <span class='ocr_line' id='line_1_15' title="bbox 545 1399 2124 1480; baseline -0.013 -7"><span class='ocrx_word' id='word_1_81' title='bbox 545 1415 840 1480; x_wconf 82' lang='lat' dir='ltr'><strong>sententia,</strong></span> <span class='ocrx_word' id='word_1_82' title='bbox 875 1414 1015 1468; x_wconf 84' lang='lat' dir='ltr'><strong>haud</strong></span> <span class='ocrx_word' id='word_1_83' title='bbox 1045 1412 1097 1465; x_wconf 93' lang='lat' dir='ltr'><strong>in</strong></span> <span class='ocrx_word' id='word_1_84' title='bbox 1126 1408 1292 1472; x_wconf 84' lang='lat' dir='ltr'><strong>hunc,</strong></span> <span class='ocrx_word' id='word_1_85' title='bbox 1339 1406 1433 1460; x_wconf 89' lang='lat' dir='ltr'><strong>sed</strong></span> <span class='ocrx_word' id='word_1_86' title='bbox 1466 1420 1562 1473; x_wconf 85' lang='lat' dir='ltr'><strong>per</strong></span> <span class='ocrx_word' id='word_1_87' title='bbox 1590 1402 1946 1474; x_wconf 88' lang='lat' dir='ltr'><strong>epanalepsin</strong></span> <span class='ocrx_word' id='word_1_88' title='bbox 1980 1399 2124 1454; x_wconf 84' lang='lat' dir='ltr'><strong>dicta</strong></span> 
     </span>
    </p>
   </div>
   <div class='ocr_carea' id='block_1_16' title="bbox 547 1491 2124 1557">
    <p class='ocr_par' dir='ltr' id='par_1_16' title="bbox 547 1491 2124 1557">
     <span class='ocr_line' id='line_1_16' title="bbox 547 1491 2124 1557; baseline -0.01 0"><span class='ocrx_word' id='word_1_89' title='bbox 547 1503 711 1557; x_wconf 86' lang='lat' dir='ltr'><strong>fuerit</strong></span> <span class='ocrx_word' id='word_1_90' title='bbox 774 1500 1034 1556; x_wconf 85' lang='lat' dir='ltr'><strong>adversus</strong></span> <span class='ocrx_word' id='word_1_91' title='bbox 1106 1495 1481 1552; x_wconf 88' lang='lat' dir='ltr'><strong>comedentem</strong></span> <span class='ocrx_word' id='word_1_92' title='bbox 1539 1502 1594 1546; x_wconf 91' lang='lat' dir='ltr'><strong>et</strong></span> <span class='ocrx_word' id='word_1_93' title='bbox 1647 1491 1920 1546; x_wconf 87' lang='lat' dir='ltr'><strong>bibentem</strong></span> <span class='ocrx_word' id='word_1_94' title='bbox 1996 1500 2124 1543; x_wconf 91' lang='lat' dir='ltr'><strong>cum</strong></span> 
     </span>
    </p>
   </div>
   <div class='ocr_carea' id='block_1_17' title="bbox 547 1594 802 1651">
    <p class='ocr_par' dir='ltr' id='par_1_17' title="bbox 547 1594 802 1651">
     <span class='ocr_line' id='line_1_17' title="bbox 547 1594 802 1651; baseline -0.008 -1"><span class='ocrx_word' id='word_1_95' title='bbox 547 1594 802 1651; x_wconf 84' lang='lat' dir='ltr'><strong>ebriosis.</strong></span> 
     </span>
    </p>
   </div>
   <div class='ocr_carea' id='block_1_18' title="bbox 619 1668 2125 1753">
    <p class='ocr_par' dir='ltr' id='par_1_18' title="bbox 619 1668 2125 1753">
     <span class='ocr_line' id='line_1_18' title="bbox 619 1668 2125 1753; baseline -0.012 -14"><span class='ocrx_word' id='word_1_96' title='bbox 619 1684 745 1739; x_wconf 65' lang='lat' dir='ltr'><strong>Haec</strong></span> <span class='ocrx_word' id='word_1_97' title='bbox 792 1682 959 1753; x_wconf 89' lang='lat' dir='ltr'><strong>igitur</strong></span> <span class='ocrx_word' id='word_1_98' title='bbox 1014 1680 1087 1735; x_wconf 85' lang='lat' dir='ltr'><strong>ita</strong></span> <span class='ocrx_word' id='word_1_99' title='bbox 1124 1679 1263 1747; x_wconf 91' lang='lat' dir='ltr'><strong>apud</strong></span> <span class='ocrx_word' id='word_1_100' title='bbox 1315 1677 1627 1731; x_wconf 79' lang='lat' dir='ltr'><strong>Mattlneum</strong></span> <span class='ocrx_word' id='word_1_101' title='bbox 1698 1671 1842 1726; x_wconf 86' lang='lat' dir='ltr'><strong>dicta</strong></span> <span class='ocrx_word' id='word_1_102' title='bbox 1906 1668 2125 1724; x_wconf 72' lang='lat' dir='ltr'><strong>fuerunt</strong></span> 
     </span>
    </p>
   </div>
   <div class='ocr_carea' id='block_1_19' title="bbox 548 1761 2127 1836">
    <p class='ocr_par' dir='ltr' id='par_1_19' title="bbox 548 1761 2127 1836">
     <span class='ocr_line' id='line_1_19' title="bbox 548 1761 2127 1836; baseline -0.01 -6"><span class='ocrx_word' id='word_1_103' title='bbox 548 1776 604 1832; x_wconf 92' lang='lat' dir='ltr'><strong>in</strong></span> <span class='ocrx_word' id='word_1_104' title='bbox 630 1785 816 1831; x_wconf 89' lang='lat' dir='ltr'><strong>monte</strong></span> <span class='ocrx_word' id='word_1_105' title='bbox 843 1773 1118 1836; x_wconf 85' lang='lat' dir='ltr'><strong>Olearum,</strong></span> <span class='ocrx_word' id='word_1_106' title='bbox 1140 1771 1229 1825; x_wconf 89' lang='lat' dir='ltr'><strong>ubi</strong></span> <span class='ocrx_word' id='word_1_107' title='bbox 1253 1770 1515 1826; x_wconf 77' lang='lat' dir='ltr'><strong>Senator</strong></span> <span class='ocrx_word' id='word_1_108' title='bbox 1535 1780 1660 1821; x_wconf 90' lang='lat' dir='ltr'><strong>cum</strong></span> <span class='ocrx_word' id='word_1_109' title='bbox 1688 1761 1968 1832; x_wconf 83' lang='lat' dir='ltr'><strong>discipulis</strong></span> <span class='ocrx_word' id='word_1_110' title='bbox 1990 1775 2127 1816; x_wconf 49' lang='lat' dir='ltr'><strong>con.</strong></span> 
     </span>
    </p>
   </div>
   <div class='ocr_carea' id='block_1_20' title="bbox 548 1852 2126 1924">
    <p class='ocr_par' dir='ltr' id='par_1_20' title="bbox 548 1852 2126 1924">
     <span class='ocr_line' id='line_1_20' title="bbox 548 1852 2126 1924; baseline -0.012 0"><span class='ocrx_word' id='word_1_111' title='bbox 548 1868 748 1924; x_wconf 84' lang='lat' dir='ltr'><strong>sistens</strong></span> <span class='ocrx_word' id='word_1_112' title='bbox 778 1868 842 1922; x_wconf 87' lang='lat' dir='ltr'><strong>de</strong></span> <span class='ocrx_word' id='word_1_113' title='bbox 868 1865 1052 1921; x_wconf 88' lang='lat' dir='ltr'><strong>mundi</strong></span> <span class='ocrx_word' id='word_1_114' title='bbox 1099 1860 1569 1920; x_wconf 89' lang='lat' dir='ltr'><strong>consummatione</strong></span> <span class='ocrx_word' id='word_1_115' title='bbox 1610 1856 1936 1913; x_wconf 88' lang='lat' dir='ltr'><strong>disserebat.</strong></span> <span class='ocrx_word' id='word_1_116' title='bbox 1979 1852 2126 1908; x_wconf 61' lang='lat' dir='ltr'><strong>Prae-</strong></span> 
     </span>
    </p>
   </div>
   <div class='ocr_carea' id='block_1_21' title="bbox 553 1950 2127 2027">
    <p class='ocr_par' dir='ltr' id='par_1_21' title="bbox 553 1950 2127 2027">
     <span class='ocr_line' id='line_1_21' title="bbox 553 1950 2127 2027; baseline -0.011 -12"><span class='ocrx_word' id='word_1_117' title='bbox 553 1960 757 2015; x_wconf 88' lang='lat' dir='ltr'><strong>dictam</strong></span> <span class='ocrx_word' id='word_1_118' title='bbox 794 1967 974 2012; x_wconf 92' lang='lat' dir='ltr'><strong>autem</strong></span> <span class='ocrx_word' id='word_1_119' title='bbox 1000 1956 1315 2027; x_wconf 86' lang='lat' dir='ltr'><strong>parabolam</strong></span> <span class='ocrx_word' id='word_1_120' title='bbox 1346 1954 1495 2011; x_wconf 86' lang='lat' dir='ltr'><strong>solus</strong></span> <span class='ocrx_word' id='word_1_121' title='bbox 1525 1950 1704 2007; x_wconf 85' lang='lat' dir='ltr'><strong>Lucas</strong></span> <span class='ocrx_word' id='word_1_122' title='bbox 1731 1952 2127 2027; x_wconf 86' lang='lat' dir='ltr'><strong>commemorat</strong></span> 
     </span>
    </p>
   </div>
   <div class='ocr_carea' id='block_1_22' title="bbox 550 2026 2127 2120">
    <p class='ocr_par' dir='ltr' id='par_1_22' title="bbox 550 2026 2127 2120">
     <span class='ocr_line' id='line_1_22' title="bbox 550 2026 2127 2120; baseline -0.011 -12"><span class='ocrx_word' id='word_1_123' title='bbox 550 2061 811 2120; x_wconf 87' lang='lat' dir='ltr'><strong>tanquam</strong></span> <span class='ocrx_word' id='word_1_124' title='bbox 870 2026 1068 2103; x_wconf 83' lang='lat' dir='ltr'><strong>dictam</strong></span> <span class='ocrx_word' id='word_1_125' title='bbox 1103 2064 1131 2101; x_wconf 90' lang='lat' dir='ltr'><strong>a</strong></span> <span class='ocrx_word' id='word_1_126' title='bbox 1189 2047 1484 2102; x_wconf 84' lang='lat' dir='ltr'><strong>Servatore</strong></span> <span class='ocrx_word' id='word_1_127' title='bbox 1537 2059 1645 2113; x_wconf 92' lang='lat' dir='ltr'><strong>quo</strong></span> <span class='ocrx_word' id='word_1_128' title='bbox 1682 2026 1931 2110; x_wconf 75' lang='lat' dir='ltr'><strong>tempore</strong></span> <span class='ocrx_word' id='word_1_129' title='bbox 1984 2037 2127 2107; x_wconf 87' lang='lat' dir='ltr'><strong>apud</strong></span> 
     </span>
    </p>
   </div>
   <div class='ocr_carea' id='block_1_23' title="bbox 555 2127 2128 2208">
    <p class='ocr_par' dir='ltr' id='par_1_23' title="bbox 555 2127 2128 2208">
     <span class='ocr_line' id='line_1_23' title="bbox 555 2127 2128 2208; baseline -0.007 -16"><span class='ocrx_word' id='word_1_130' title='bbox 555 2138 962 2193; x_wconf 88' lang='lat' dir='ltr'><strong>Hiericbuntem</strong></span> <span class='ocrx_word' id='word_1_131' title='bbox 990 2136 1221 2208; x_wconf 78' lang='lat' dir='ltr'><strong>degebat</strong></span> <span class='ocrx_word' id='word_1_132' title='bbox 1250 2136 1322 2190; x_wconf 78' lang='grc'><strong>⁸⁸.</strong></span> <span class='ocrx_word' id='word_1_133' title='bbox 1353 2134 1535 2204; x_wconf 85' lang='lat' dir='ltr'><strong>Quare</strong></span> <span class='ocrx_word' id='word_1_134' title='bbox 1571 2147 1670 2187; x_wconf 90' lang='lat' dir='ltr'><strong>nec</strong></span> <span class='ocrx_word' id='word_1_135' title='bbox 1701 2129 1950 2186; x_wconf 88' lang='lat' dir='ltr'><strong>eamdem</strong></span> <span class='ocrx_word' id='word_1_136' title='bbox 1986 2127 2128 2182; x_wconf 83' lang='lat' dir='ltr'><strong>hanc</strong></span> 
     </span>
    </p>
   </div>
   <div class='ocr_carea' id='block_1_24' title="bbox 551 2219 2129 2299">
    <p class='ocr_par' dir='ltr' id='par_1_24' title="bbox 551 2219 2129 2299">
     <span class='ocr_line' id='line_1_24' title="bbox 551 2219 2129 2299; baseline -0.01 -10"><span class='ocrx_word' id='word_1_137' title='bbox 551 2247 675 2289; x_wconf 86' lang='lat' dir='ltr'><strong>cum</strong></span> <span class='ocrx_word' id='word_1_138' title='bbox 702 2231 789 2284; x_wconf 89' lang='lat' dir='ltr'><strong>illa</strong></span> <span class='ocrx_word' id='word_1_139' title='bbox 817 2244 936 2285; x_wconf 90' lang='lat' dir='ltr'><strong>esse</strong></span> <span class='ocrx_word' id='word_1_140' title='bbox 960 2229 1262 2299; x_wconf 87' lang='lat' dir='ltr'><strong>putandum</strong></span> <span class='ocrx_word' id='word_1_141' title='bbox 1287 2235 1393 2292; x_wconf 89' lang='lat' dir='ltr'><strong>est,</strong></span> <span class='ocrx_word' id='word_1_142' title='bbox 1422 2224 1682 2296; x_wconf 91' lang='lat' dir='ltr'><strong>quoniam</strong></span> <span class='ocrx_word' id='word_1_143' title='bbox 1711 2236 1833 2293; x_wconf 60' lang='lat' dir='ltr'><strong>quae</strong></span> <span class='ocrx_word' id='word_1_144' title='bbox 1868 2219 1921 2274; x_wconf 93' lang='lat' dir='ltr'><strong>in</strong></span> <span class='ocrx_word' id='word_1_145' title='bbox 1947 2219 2129 2275; x_wconf 89' lang='lat' dir='ltr'><strong>amba-</strong></span> 
     </span>
    </p>
   </div>
   <div class='ocr_carea' id='block_1_25' title="bbox 553 2311 2125 2391">
    <p class='ocr_par' dir='ltr' id='par_1_25' title="bbox 553 2311 2125 2391">
     <span class='ocr_line' id='line_1_25' title="bbox 553 2311 2125 2391; baseline -0.01 -11"><span class='ocrx_word' id='word_1_146' title='bbox 553 2326 656 2381; x_wconf 84' lang='lat' dir='ltr'><strong>bus</strong></span> <span class='ocrx_word' id='word_1_147' title='bbox 687 2323 961 2391; x_wconf 83' lang='lat' dir='ltr'><strong>leguntur,</strong></span> <span class='ocrx_word' id='word_1_148' title='bbox 1004 2321 1145 2376; x_wconf 90' lang='lat' dir='ltr'><strong>haud</strong></span> <span class='ocrx_word' id='word_1_149' title='bbox 1178 2319 1372 2375; x_wconf 83' lang='lat' dir='ltr'><strong>similia</strong></span> <span class='ocrx_word' id='word_1_150' title='bbox 1425 2325 1574 2373; x_wconf 80' lang='lat' dir='ltr'><strong>sunt.</strong></span> <span class='ocrx_word' id='word_1_151' title='bbox 1604 2313 1701 2370; x_wconf 82' lang='lat' dir='ltr'><strong>Hic</strong></span> <span class='ocrx_word' id='word_1_152' title='bbox 1749 2312 1893 2368; x_wconf 91' lang='lat' dir='ltr'><strong>enim</strong></span> <span class='ocrx_word' id='word_1_153' title='bbox 1941 2311 2125 2367; x_wconf 87' lang='lat' dir='ltr'><strong>decem</strong></span> 
     </span>
    </p>
   </div>
   <div class='ocr_carea' id='block_1_26' title="bbox 552 2400 2125 2479">
    <p class='ocr_par' dir='ltr' id='par_1_26' title="bbox 552 2400 2125 2479">
     <span class='ocr_line' id='line_1_26' title="bbox 552 2400 2125 2479; baseline -0.01 -7"><span class='ocrx_word' id='word_1_154' title='bbox 552 2416 816 2472; x_wconf 84' lang='lat' dir='ltr'><strong>dicuntur</strong></span> <span class='ocrx_word' id='word_1_155' title='bbox 843 2413 1012 2479; x_wconf 83' lang='lat' dir='ltr'><strong>servi,</strong></span> <span class='ocrx_word' id='word_1_156' title='bbox 1037 2411 1147 2467; x_wconf 90' lang='lat' dir='ltr'><strong>illic</strong></span> <span class='ocrx_word' id='word_1_157' title='bbox 1170 2410 1314 2465; x_wconf 87' lang='lat' dir='ltr'><strong>haud</strong></span> <span class='ocrx_word' id='word_1_158' title='bbox 1350 2410 1464 2478; x_wconf 84' lang='lat' dir='ltr'><strong>pari</strong></span> <span class='ocrx_word' id='word_1_159' title='bbox 1500 2419 1749 2461; x_wconf 88' lang='lat' dir='ltr'><strong>numero.</strong></span> <span class='ocrx_word' id='word_1_160' title='bbox 1798 2402 1900 2458; x_wconf 81' lang='lat' dir='ltr'><strong>Hic</strong></span> <span class='ocrx_word' id='word_1_161' title='bbox 1929 2400 2125 2471; x_wconf 75' lang='lat' dir='ltr'><strong>singuli</strong></span> 
     </span>
    </p>
   </div>
   <div class='ocr_carea' id='block_1_27' title="bbox 552 2496 2125 2579">
    <p class='ocr_par' dir='ltr' id='par_1_27' title="bbox 552 2496 2125 2579">
     <span class='ocr_line' id='line_1_27' title="bbox 552 2496 2125 2579; baseline -0.01 -16"><span class='ocrx_word' id='word_1_162' title='bbox 552 2506 794 2579; x_wconf 87' lang='lat' dir='ltr'><strong>singulas</strong></span> <span class='ocrx_word' id='word_1_163' title='bbox 821 2505 998 2561; x_wconf 87' lang='lat' dir='ltr'><strong>minas</strong></span> <span class='ocrx_word' id='word_1_164' title='bbox 1019 2502 1313 2574; x_wconf 87' lang='lat' dir='ltr'><strong>accipiunt,</strong></span> <span class='ocrx_word' id='word_1_165' title='bbox 1341 2500 1452 2556; x_wconf 91' lang='lat' dir='ltr'><strong>illic</strong></span> <span class='ocrx_word' id='word_1_166' title='bbox 1471 2499 1610 2555; x_wconf 88' lang='lat' dir='ltr'><strong>alius</strong></span> <span class='ocrx_word' id='word_1_167' title='bbox 1633 2497 1874 2567; x_wconf 88' lang='lat' dir='ltr'><strong>quinque</strong></span> <span class='ocrx_word' id='word_1_168' title='bbox 1904 2496 2125 2562; x_wconf 80' lang='lat' dir='ltr'><strong>talenta,</strong></span> 
     </span>
    </p>
   </div>
   <div class='ocr_carea' id='block_1_28' title="bbox 568 2586 2132 2663">
    <p class='ocr_par' dir='ltr' id='par_1_28' title="bbox 568 2586 2132 2663">
     <span class='ocr_line' id='line_1_28' title="bbox 568 2586 2132 2663; baseline -0.009 -10"><span class='ocrx_word' id='word_1_169' title='bbox 568 2600 707 2655; x_wconf 83' lang='lat' dir='ltr'><strong>alter</strong></span> <span class='ocrx_word' id='word_1_170' title='bbox 733 2598 862 2663; x_wconf 92' lang='lat' dir='ltr'><strong>duo,</strong></span> <span class='ocrx_word' id='word_1_171' title='bbox 897 2596 1091 2652; x_wconf 89' lang='lat' dir='ltr'><strong>tertius</strong></span> <span class='ocrx_word' id='word_1_172' title='bbox 1110 2608 1273 2650; x_wconf 91' lang='lat' dir='ltr'><strong>unum</strong></span> <span class='ocrx_word' id='word_1_173' title='bbox 1304 2592 1523 2663; x_wconf 89' lang='lat' dir='ltr'><strong>accipit.</strong></span> <span class='ocrx_word' id='word_1_174' title='bbox 1569 2590 1667 2646; x_wconf 86' lang='lat' dir='ltr'><strong>Hic</strong></span> <span class='ocrx_word' id='word_1_175' title='bbox 1699 2590 1791 2659; x_wconf 90' lang='lat' dir='ltr'><strong>qui</strong></span> <span class='ocrx_word' id='word_1_176' title='bbox 1820 2586 2132 2657; x_wconf 85' lang='lat' dir='ltr'><strong>decuplavit</strong></span> 
     </span>
    </p>
   </div>
   <div class='ocr_carea' id='block_1_29' title="bbox 560 2679 2128 2757">
    <p class='ocr_par' dir='ltr' id='par_1_29' title="bbox 560 2679 2128 2757">
     <span class='ocr_line' id='line_1_29' title="bbox 560 2679 2128 2757; baseline -0.009 -10"><span class='ocrx_word' id='word_1_177' title='bbox 560 2692 790 2757; x_wconf 87' lang='lat' dir='ltr'><strong>minam,</strong></span> <span class='ocrx_word' id='word_1_178' title='bbox 818 2689 972 2744; x_wconf 89' lang='lat' dir='ltr'><strong>audit</strong></span> <span class='ocrx_word' id='word_1_179' title='bbox 1000 2704 1017 2743; x_wconf 87' lang='lat'><strong>:</strong></span> <span class='ocrx_word' id='word_1_180' title='bbox 1052 2685 1224 2756; x_wconf 87' lang='lat' dir='ltr'><strong>Euge,</strong></span> <span class='ocrx_word' id='word_1_181' title='bbox 1250 2696 1410 2740; x_wconf 85' lang='lat' dir='ltr'><strong>serve</strong></span> <span class='ocrx_word' id='word_1_182' title='bbox 1445 2683 1587 2738; x_wconf 87' lang='lat' dir='ltr'><strong>bone</strong></span> <span class='ocrx_word' id='word_1_183' title='bbox 1617 2688 1672 2736; x_wconf 87' lang='lat' dir='ltr'><strong>et</strong></span> <span class='ocrx_word' id='word_1_184' title='bbox 1693 2679 1888 2743; x_wconf 89' lang='lat' dir='ltr'><strong>ﬁdelis,</strong></span> <span class='ocrx_word' id='word_1_185' title='bbox 1914 2679 2038 2748; x_wconf 87' lang='lat' dir='ltr'><strong>quia</strong></span> <span class='ocrx_word' id='word_1_186' title='bbox 2074 2679 2128 2733; x_wconf 93' lang='lat' dir='ltr'><strong>in</strong></span> 
     </span>
    </p>
   </div>
   <div class='ocr_carea' id='block_1_30' title="bbox 566 2772 2131 2844">
    <p class='ocr_par' dir='ltr' id='par_1_30' title="bbox 566 2772 2131 2844">
     <span class='ocr_line' id='line_1_30' title="bbox 566 2772 2131 2844; baseline -0.008 -8"><span class='ocrx_word' id='word_1_187' title='bbox 566 2779 795 2836; x_wconf 89' lang='lat' dir='ltr'><strong>minimo</strong></span> <span class='ocrx_word' id='word_1_188' title='bbox 822 2778 970 2833; x_wconf 81' lang='lat' dir='ltr'><strong>fuisti</strong></span> <span class='ocrx_word' id='word_1_189' title='bbox 1000 2775 1195 2841; x_wconf 91' lang='lat' dir='ltr'><strong>ﬁdelis,</strong></span> <span class='ocrx_word' id='word_1_190' title='bbox 1225 2784 1344 2831; x_wconf 91' lang='lat' dir='ltr'><strong>csto</strong></span> <span class='ocrx_word' id='word_1_191' title='bbox 1368 2782 1692 2844; x_wconf 84' lang='lat' dir='ltr'><strong>potestatem</strong></span> <span class='ocrx_word' id='word_1_192' title='bbox 1728 2772 1935 2826; x_wconf 79' lang='lat' dir='ltr'><strong>habens</strong></span> <span class='ocrx_word' id='word_1_193' title='bbox 1972 2783 2131 2840; x_wconf 88' lang='lat' dir='ltr'><strong>super</strong></span> 
     </span>
    </p>
   </div>
   <div class='ocr_carea' id='block_1_31' title="bbox 554 2863 2132 2937">
    <p class='ocr_par' dir='ltr' id='par_1_31' title="bbox 554 2863 2132 2937">
     <span class='ocr_line' id='line_1_31' title="bbox 554 2863 2132 2937; baseline -0.008 -9"><span class='ocrx_word' id='word_1_194' title='bbox 554 2874 742 2928; x_wconf 86' lang='lat' dir='ltr'><strong>decem</strong></span> <span class='ocrx_word' id='word_1_195' title='bbox 774 2872 956 2927; x_wconf 89' lang='lat' dir='ltr'><strong>urbes.</strong></span> <span class='ocrx_word' id='word_1_196' title='bbox 976 2869 1077 2937; x_wconf 87' lang='lat' dir='ltr'><strong>Qui</strong></span> <span class='ocrx_word' id='word_1_197' title='bbox 1106 2878 1287 2926; x_wconf 87' lang='lat' dir='ltr'><strong>autem</strong></span> <span class='ocrx_word' id='word_1_198' title='bbox 1318 2882 1385 2924; x_wconf 77' lang='lat' dir='ltr'><strong>ex</strong></span> <span class='ocrx_word' id='word_1_199' title='bbox 1413 2883 1515 2923; x_wconf 87' lang='lat' dir='ltr'><strong>una</strong></span> <span class='ocrx_word' id='word_1_200' title='bbox 1544 2865 1673 2921; x_wconf 80' lang='lat' dir='ltr'><strong>fecit</strong></span> <span class='ocrx_word' id='word_1_201' title='bbox 1701 2864 1961 2935; x_wconf 86' lang='lat' dir='ltr'><strong>quinque.</strong></span> <span class='ocrx_word' id='word_1_202' title='bbox 1980 2863 2132 2919; x_wconf 88' lang='lat' dir='ltr'><strong>simi-</strong></span> 
     </span>
    </p>
   </div>
   <div class='ocr_carea' id='block_1_32' title="bbox 567 2956 2130 3031">
    <p class='ocr_par' dir='ltr' id='par_1_32' title="bbox 567 2956 2130 3031">
     <span class='ocr_line' id='line_1_32' title="bbox 567 2956 2130 3031; baseline -0.007 -12"><span class='ocrx_word' id='word_1_203' title='bbox 567 2962 697 3019; x_wconf 88' lang='lat' dir='ltr'><strong>liter</strong></span> <span class='ocrx_word' id='word_1_204' title='bbox 711 2960 862 3017; x_wconf 90' lang='lat' dir='ltr'><strong>audit</strong></span> <span class='ocrx_word' id='word_1_205' title='bbox 894 2975 910 3015; x_wconf 88' lang='lat'><strong>:</strong></span> <span class='ocrx_word' id='word_1_206' title='bbox 941 2960 1021 3017; x_wconf 84' lang='lat' dir='ltr'><strong>&#39;l‘u</strong></span> <span class='ocrx_word' id='word_1_207' title='bbox 1049 2974 1265 3031; x_wconf 90' lang='lat' dir='ltr'><strong>quoque</strong></span> <span class='ocrx_word' id='word_1_208' title='bbox 1297 2972 1458 3029; x_wconf 87' lang='lat' dir='ltr'><strong>supra</strong></span> <span class='ocrx_word' id='word_1_209' title='bbox 1520 2957 1757 3027; x_wconf 90' lang='lat' dir='ltr'><strong>quinque</strong></span> <span class='ocrx_word' id='word_1_210' title='bbox 1807 2956 1967 3010; x_wconf 88' lang='lat' dir='ltr'><strong>urbes</strong></span> <span class='ocrx_word' id='word_1_211' title='bbox 1990 2963 2130 3009; x_wconf 91' lang='lat' dir='ltr'><strong>esto.</strong></span> 
     </span>
    </p>
   </div>
   <div class='ocr_carea' id='block_1_33' title="bbox 559 3049 2134 3122">
    <p class='ocr_par' dir='ltr' id='par_1_33' title="bbox 559 3049 2134 3122">
     <span class='ocr_line' id='line_1_33' title="bbox 559 3049 2134 3122; baseline -0.004 -13"><span class='ocrx_word' id='word_1_212' title='bbox 559 3050 620 3109; x_wconf 85' lang='lat' dir='ltr'><strong>In</strong></span> <span class='ocrx_word' id='word_1_213' title='bbox 650 3052 979 3108; x_wconf 87' lang='lat' dir='ltr'><strong>talentorum</strong></span> <span class='ocrx_word' id='word_1_214' title='bbox 1012 3066 1142 3108; x_wconf 87' lang='lat' dir='ltr'><strong>vero</strong></span> <span class='ocrx_word' id='word_1_215' title='bbox 1158 3051 1415 3122; x_wconf 85' lang='lat' dir='ltr'><strong>parabola</strong></span> <span class='ocrx_word' id='word_1_216' title='bbox 1442 3049 1726 3104; x_wconf 90' lang='lat' dir='ltr'><strong>dicebatur</strong></span> <span class='ocrx_word' id='word_1_217' title='bbox 1752 3065 1769 3105; x_wconf 90' lang='lat'><strong>:</strong></span> <span class='ocrx_word' id='word_1_218' title='bbox 1791 3060 1946 3119; x_wconf 85' lang='lat' dir='ltr'><strong>euge,</strong></span> <span class='ocrx_word' id='word_1_219' title='bbox 1978 3061 2134 3102; x_wconf 85' lang='lat' dir='ltr'><strong>serve</strong></span> 
     </span>
    </p>
   </div>
   <div class='ocr_carea' id='block_1_34' title="bbox 560 3132 2205 3236">
    <p class='ocr_par' dir='ltr' id='par_1_34' title="bbox 560 3132 2205 3236">
     <span class='ocr_line' id='line_1_34' title="bbox 560 3132 2205 3236; baseline -0.007 -35"><span class='ocrx_word' id='word_1_220' title='bbox 560 3145 733 3210; x_wconf 88' lang='lat' dir='ltr'><strong>bone;</strong></span> <span class='ocrx_word' id='word_1_221' title='bbox 763 3145 816 3199; x_wconf 92' lang='lat' dir='ltr'><strong>in</strong></span> <span class='ocrx_word' id='word_1_222' title='bbox 846 3144 1034 3214; x_wconf 89' lang='lat' dir='ltr'><strong>paucis</strong></span> <span class='ocrx_word' id='word_1_223' title='bbox 1059 3143 1209 3199; x_wconf 80' lang='lat' dir='ltr'><strong>inisti</strong></span> <span class='ocrx_word' id='word_1_224' title='bbox 1240 3140 1432 3210; x_wconf 89' lang='lat' dir='ltr'><strong>ﬁdelis,</strong></span> <span class='ocrx_word' id='word_1_225' title='bbox 1462 3155 1628 3211; x_wconf 86' lang='lat' dir='ltr'><strong>super</strong></span> <span class='ocrx_word' id='word_1_226' title='bbox 1657 3132 1829 3195; x_wconf 81' lang='lat' dir='ltr'><strong>multa</strong></span> <span class='ocrx_word' id='word_1_227' title='bbox 1858 3148 1913 3195; x_wconf 92' lang='lat' dir='ltr'><strong>te</strong></span> <span class='ocrx_word' id='word_1_228' title='bbox 1935 3137 2136 3195; x_wconf 89' lang='lat' dir='ltr'><strong>consti-</strong></span> <span class='ocrx_word' id='word_1_229' title='bbox 2162 3176 2205 3236; x_wconf 62' lang='grc' dir='ltr'>Ο</span> 
     </span>
    </p>
   </div>
   <div class='ocr_carea' id='block_1_35' title="bbox 562 3233 1656 3309">
    <p class='ocr_par' dir='ltr' id='par_1_35' title="bbox 562 3233 1656 3309">
     <span class='ocr_line' id='line_1_35' title="bbox 562 3233 1656 3309; baseline -0.006 -13"><span class='ocrx_word' id='word_1_230' title='bbox 562 3249 712 3296; x_wconf 88' lang='lat' dir='ltr'><strong>tuam</strong></span> <span class='ocrx_word' id='word_1_231' title='bbox 737 3257 755 3308; x_wconf 89' lang='lat'><strong>;</strong></span> <span class='ocrx_word' id='word_1_232' title='bbox 784 3240 927 3296; x_wconf 88' lang='lat' dir='ltr'><strong>intra</strong></span> <span class='ocrx_word' id='word_1_233' title='bbox 956 3239 1011 3293; x_wconf 87' lang='lat' dir='ltr'><strong>in</strong></span> <span class='ocrx_word' id='word_1_234' title='bbox 1036 3237 1292 3309; x_wconf 75' lang='lat' dir='ltr'><strong>gaudium</strong></span> <span class='ocrx_word' id='word_1_235' title='bbox 1324 3235 1527 3292; x_wconf 88' lang='lat' dir='ltr'><strong>domini</strong></span> <span class='ocrx_word' id='word_1_236' title='bbox 1556 3233 1656 3290; x_wconf 92' lang='lat' dir='ltr'><strong>tui.</strong></span> 
     </span>
    </p>
   </div>
   <div class='ocr_carea' id='block_1_36' title="bbox 632 3504 2142 3583">
    <p class='ocr_par' dir='ltr' id='par_1_36' title="bbox 632 3504 2142 3583">
     <span class='ocr_line' id='line_1_36' title="bbox 632 3504 2142 3583; baseline -0.008 -13"><span class='ocrx_word' id='word_1_237' title='bbox 632 3514 747 3583; x_wconf 79' lang='lat' dir='ltr'><strong>Age</strong></span> <span class='ocrx_word' id='word_1_238' title='bbox 790 3526 923 3568; x_wconf 67' lang='lat' dir='ltr'><strong>vero</strong></span> <span class='ocrx_word' id='word_1_239' title='bbox 967 3509 1239 3580; x_wconf 61' lang='lat' dir='ltr'><strong>parabolas</strong></span> <span class='ocrx_word' id='word_1_240' title='bbox 1280 3504 1714 3579; x_wconf 76' lang='lat' dir='ltr'><strong>explanationem</strong></span> <span class='ocrx_word' id='word_1_241' title='bbox 1768 3505 1834 3560; x_wconf 87' lang='lat' dir='ltr'><strong>ad</strong></span> <span class='ocrx_word' id='word_1_242' title='bbox 1884 3519 2142 3576; x_wconf 86' lang='lat' dir='ltr'><strong>compen-</strong></span> 
     </span>
    </p>
   </div>
   <div class='ocr_carea' id='block_1_37' title="bbox 557 3600 2141 3670">
    <p class='ocr_par' dir='ltr' id='par_1_37' title="bbox 557 3600 2141 3670">
     <span class='ocr_line' id='line_1_37' title="bbox 557 3600 2141 3670; baseline -0.007 -7"><span class='ocrx_word' id='word_1_243' title='bbox 557 3607 707 3663; x_wconf 85' lang='lat' dir='ltr'><strong>dium</strong></span> <span class='ocrx_word' id='word_1_244' title='bbox 738 3604 1118 3670; x_wconf 80' lang='lat' dir='ltr'><strong>conferentes,</strong></span> <span class='ocrx_word' id='word_1_245' title='bbox 1151 3602 1223 3657; x_wconf 90' lang='lat' dir='ltr'><strong>ita</strong></span> <span class='ocrx_word' id='word_1_246' title='bbox 1254 3602 1514 3658; x_wconf 91' lang='lat' dir='ltr'><strong>dicimus.</strong></span> <span class='ocrx_word' id='word_1_247' title='bbox 1549 3600 1976 3656; x_wconf 83' lang='lat' dir='ltr'><strong>Arbitrabantur</strong></span> <span class='ocrx_word' id='word_1_248' title='bbox 2006 3613 2141 3653; x_wconf 82' lang='lat' dir='ltr'><strong>non-</strong></span> 
     </span>
    </p>
   </div>
   <div class='ocr_carea' id='block_1_38' title="bbox 559 3689 2141 3770">
    <p class='ocr_par' dir='ltr' id='par_1_38' title="bbox 559 3689 2141 3770">
     <span class='ocr_line' id='line_1_38' title="bbox 559 3689 2141 3770; baseline -0.006 -14"><span class='ocrx_word' id='word_1_249' title='bbox 559 3700 711 3769; x_wconf 89' lang='lat' dir='ltr'><strong>nulli,</strong></span> <span class='ocrx_word' id='word_1_250' title='bbox 738 3699 915 3770; x_wconf 91' lang='lat' dir='ltr'><strong>primo</strong></span> <span class='ocrx_word' id='word_1_251' title='bbox 946 3695 1259 3752; x_wconf 82' lang='lat' dir='ltr'><strong>Servatoris</strong></span> <span class='ocrx_word' id='word_1_252' title='bbox 1280 3693 1451 3750; x_wconf 89' lang='lat' dir='ltr'><strong>nostri</strong></span> <span class='ocrx_word' id='word_1_253' title='bbox 1481 3692 1714 3747; x_wconf 87' lang='lat' dir='ltr'><strong>adventu</strong></span> <span class='ocrx_word' id='word_1_254' title='bbox 1759 3705 1985 3760; x_wconf 80' lang='lat' dir='ltr'><strong>regnum</strong></span> <span class='ocrx_word' id='word_1_255' title='bbox 2020 3689 2141 3761; x_wconf 81' lang='lat' dir='ltr'><strong>ejus</strong></span> 
     </span>
    </p>
   </div>
   <div class='ocr_carea' id='block_1_39' title="bbox 558 3783 2142 3862">
    <p class='ocr_par' dir='ltr' id='par_1_39' title="bbox 558 3783 2142 3862">
     <span class='ocr_line' id='line_1_39' title="bbox 558 3783 2142 3862; baseline -0.008 -12"><span class='ocrx_word' id='word_1_256' title='bbox 558 3794 698 3862; x_wconf 79' lang='lat' dir='ltr'><strong>fore,</strong></span> <span class='ocrx_word' id='word_1_257' title='bbox 728 3793 892 3862; x_wconf 89' lang='lat' dir='ltr'><strong>idque</strong></span> <span class='ocrx_word' id='word_1_258' title='bbox 915 3800 1045 3845; x_wconf 91' lang='lat' dir='ltr'><strong>tunc</strong></span> <span class='ocrx_word' id='word_1_259' title='bbox 1072 3788 1417 3857; x_wconf 90' lang='lat' dir='ltr'><strong>incepturum</strong></span> <span class='ocrx_word' id='word_1_260' title='bbox 1452 3783 1842 3841; x_wconf 78' lang='lat' dir='ltr'><strong>existimabant</strong></span> <span class='ocrx_word' id='word_1_261' title='bbox 1866 3783 2049 3839; x_wconf 89' lang='lat' dir='ltr'><strong>statim</strong></span> <span class='ocrx_word' id='word_1_262' title='bbox 2076 3797 2142 3838; x_wconf 87' lang='lat' dir='ltr'><strong>ac</strong></span> 
     </span>
    </p>
   </div>
   <div class='ocr_carea' id='block_1_40' title="bbox 560 3875 2142 3956">
    <p class='ocr_par' dir='ltr' id='par_1_40' title="bbox 560 3875 2142 3956">
     <span class='ocr_line' id='line_1_40' title="bbox 560 3875 2142 3956; baseline -0.007 -14"><span class='ocrx_word' id='word_1_263' title='bbox 560 3885 935 3956; x_wconf 85' lang='lat' dir='ltr'><strong>Hierosolyma</strong></span> <span class='ocrx_word' id='word_1_264' title='bbox 996 3881 1357 3936; x_wconf 67' lang='lat' dir='ltr'><strong>ascendisset.</strong></span> <span class='ocrx_word' id='word_1_265' title='bbox 1398 3878 1548 3934; x_wconf 83' lang='lat' dir='ltr'><strong>Adeo</strong></span> <span class='ocrx_word' id='word_1_266' title='bbox 1605 3876 1726 3931; x_wconf 91' lang='lat' dir='ltr'><strong>illos</strong></span> <span class='ocrx_word' id='word_1_267' title='bbox 1780 3875 2142 3931; x_wconf 85' lang='lat' dir='ltr'><strong>admiratione</strong></span> 
     </span>
    </p>
   </div>
   <div class='ocr_carea' id='block_1_41' title="bbox 557 3965 2142 4047">
    <p class='ocr_par' dir='ltr' id='par_1_41' title="bbox 557 3965 2142 4047">
     <span class='ocr_line' id='line_1_41' title="bbox 557 3965 2142 4047; baseline -0.006 -15"><span class='ocrx_word' id='word_1_268' title='bbox 557 3976 913 4047; x_wconf 87' lang='lat' dir='ltr'><strong>perculerant</strong></span> <span class='ocrx_word' id='word_1_269' title='bbox 957 3980 1173 4043; x_wconf 87' lang='lat' dir='ltr'><strong>patrata</strong></span> <span class='ocrx_word' id='word_1_270' title='bbox 1218 3970 1288 4027; x_wconf 87' lang='lat' dir='ltr'><strong>ab</strong></span> <span class='ocrx_word' id='word_1_271' title='bbox 1350 3970 1472 4041; x_wconf 88' lang='lat' dir='ltr'><strong>ipso</strong></span> <span class='ocrx_word' id='word_1_272' title='bbox 1524 3967 1807 4024; x_wconf 86' lang='lat' dir='ltr'><strong>miracula.</strong></span> <span class='ocrx_word' id='word_1_273' title='bbox 1865 3965 2142 4023; x_wconf 79' lang='lat' dir='ltr'><strong>Adversus</strong></span> 
     </span>
    </p>
   </div>
   <div class='ocr_carea' id='block_1_42' title="bbox 561 4057 2143 4137">
    <p class='ocr_par' dir='ltr' id='par_1_42' title="bbox 561 4057 2143 4137">
     <span class='ocr_line' id='line_1_42' title="bbox 561 4057 2143 4137; baseline -0.006 -14"><span class='ocrx_word' id='word_1_274' title='bbox 561 4068 707 4124; x_wconf 85' lang='lat' dir='ltr'><strong>hanc</strong></span> <span class='ocrx_word' id='word_1_275' title='bbox 721 4066 1036 4137; x_wconf 84' lang='lat' dir='ltr'><strong>opinionem</strong></span> <span class='ocrx_word' id='word_1_276' title='bbox 1064 4062 1327 4119; x_wconf 83' lang='lat' dir='ltr'><strong>Servator</strong></span> <span class='ocrx_word' id='word_1_277' title='bbox 1351 4061 1542 4125; x_wconf 86' lang='lat' dir='ltr'><strong>docet,</strong></span> <span class='ocrx_word' id='word_1_278' title='bbox 1583 4058 1726 4115; x_wconf 88' lang='lat' dir='ltr'><strong>haud</strong></span> <span class='ocrx_word' id='word_1_279' title='bbox 1761 4067 1889 4114; x_wconf 85' lang='lat' dir='ltr'><strong>ante</strong></span> <span class='ocrx_word' id='word_1_280' title='bbox 1914 4073 1944 4113; x_wconf 91' lang='lat' dir='ltr'><strong>a</strong></span> <span class='ocrx_word' id='word_1_281' title='bbox 1980 4057 2143 4113; x_wconf 86' lang='lat' dir='ltr'><strong>Patre</strong></span> 
     </span>
    </p>
   </div>
   <div class='ocr_carea' id='block_1_43' title="bbox 560 4148 2141 4229">
    <p class='ocr_par' dir='ltr' id='par_1_43' title="bbox 560 4148 2141 4229">
     <span class='ocr_line' id='line_1_43' title="bbox 560 4148 2141 4229; baseline -0.009 -13"><span class='ocrx_word' id='word_1_282' title='bbox 560 4175 623 4217; x_wconf 84' lang='lat' dir='ltr'><strong>se</strong></span> <span class='ocrx_word' id='word_1_283' title='bbox 650 4172 876 4229; x_wconf 89' lang='lat' dir='ltr'><strong>regnum</strong></span> <span class='ocrx_word' id='word_1_284' title='bbox 908 4164 1287 4225; x_wconf 88' lang='lat' dir='ltr'><strong>accepturum,</strong></span> <span class='ocrx_word' id='word_1_285' title='bbox 1327 4167 1491 4222; x_wconf 86' lang='lat' dir='ltr'><strong>quam</strong></span> <span class='ocrx_word' id='word_1_286' title='bbox 1532 4166 1761 4222; x_wconf 86' lang='lat' dir='ltr'><strong>peregre</strong></span> <span class='ocrx_word' id='word_1_287' title='bbox 1804 4149 1873 4205; x_wconf 89' lang='lat' dir='ltr'><strong>ab</strong></span> <span class='ocrx_word' id='word_1_288' title='bbox 1902 4148 2141 4205; x_wconf 86' lang='lat' dir='ltr'><strong>homini-</strong></span> 
     </span>
    </p>
   </div>
   <div class='ocr_carea' id='block_1_44' title="bbox 562 4241 2143 4312">
    <p class='ocr_par' dir='ltr' id='par_1_44' title="bbox 562 4241 2143 4312">
     <span class='ocr_line' id='line_1_44' title="bbox 562 4241 2143 4312; baseline -0.008 -2"><span class='ocrx_word' id='word_1_289' title='bbox 562 4256 665 4310; x_wconf 81' lang='lat' dir='ltr'><strong>bus</strong></span> <span class='ocrx_word' id='word_1_290' title='bbox 691 4251 761 4308; x_wconf 88' lang='lat' dir='ltr'><strong>ad</strong></span> <span class='ocrx_word' id='word_1_291' title='bbox 791 4250 1010 4305; x_wconf 82' lang='lat' dir='ltr'><strong>Patrem</strong></span> <span class='ocrx_word' id='word_1_292' title='bbox 1041 4248 1261 4305; x_wconf 89' lang='lat' dir='ltr'><strong>abierit.</strong></span> <span class='ocrx_word' id='word_1_293' title='bbox 1300 4245 1355 4301; x_wconf 91' lang='lat' dir='ltr'><strong>Id</strong></span> <span class='ocrx_word' id='word_1_294' title='bbox 1386 4260 1518 4301; x_wconf 88' lang='lat' dir='ltr'><strong>vero</strong></span> <span class='ocrx_word' id='word_1_295' title='bbox 1550 4246 1657 4301; x_wconf 90' lang='lat' dir='ltr'><strong>bac</strong></span> <span class='ocrx_word' id='word_1_296' title='bbox 1701 4243 1954 4312; x_wconf 87' lang='lat' dir='ltr'><strong>parabola</strong></span> <span class='ocrx_word' id='word_1_297' title='bbox 1996 4241 2143 4298; x_wconf 84' lang='lat' dir='ltr'><strong>aﬁir-</strong></span> 
     </span>
    </p>
   </div>
   <div class='ocr_carea' id='block_1_45' title="bbox 563 4336 2143 4410">
    <p class='ocr_par' dir='ltr' id='par_1_45' title="bbox 563 4336 2143 4410">
     <span class='ocr_line' id='line_1_45' title="bbox 563 4336 2143 4410; baseline -0.011 -9"><span class='ocrx_word' id='word_1_298' title='bbox 563 4345 733 4401; x_wconf 84' lang='lat' dir='ltr'><strong>ntavit</strong></span> <span class='ocrx_word' id='word_1_299' title='bbox 761 4344 955 4403; x_wconf 86' lang='lat' dir='ltr'><strong>dicens</strong></span> <span class='ocrx_word' id='word_1_300' title='bbox 987 4358 1004 4399; x_wconf 84' lang='lat'><strong>:</strong></span> <span class='ocrx_word' id='word_1_301' title='bbox 1036 4340 1211 4396; x_wconf 80' lang='lat' dir='ltr'><strong>Homo</strong></span> <span class='ocrx_word' id='word_1_302' title='bbox 1235 4338 1455 4410; x_wconf 77' lang='lat' dir='ltr'><strong>quidam</strong></span> <span class='ocrx_word' id='word_1_303' title='bbox 1490 4336 1682 4393; x_wconf 78' lang='lat' dir='ltr'><strong>nobilis</strong></span> <span class='ocrx_word' id='word_1_304' title='bbox 1711 4337 1839 4391; x_wconf 76' lang='lat' dir='ltr'><strong>abiit</strong></span> <span class='ocrx_word' id='word_1_305' title='bbox 1881 4336 1937 4390; x_wconf 78' lang='lat' dir='ltr'><strong>in</strong></span> <span class='ocrx_word' id='word_1_306' title='bbox 1970 4336 2143 4406; x_wconf 67' lang='lat' dir='ltr'><strong>regio.</strong></span> 
     </span>
    </p>
   </div>
   <div class='ocr_carea' id='block_1_46' title="bbox 562 4426 2141 4503">
    <p class='ocr_par' dir='ltr' id='par_1_46' title="bbox 562 4426 2141 4503">
     <span class='ocr_line' id='line_1_46' title="bbox 562 4426 2141 4503; baseline -0.008 -11"><span class='ocrx_word' id='word_1_307' title='bbox 562 4452 679 4492; x_wconf 77' lang='lat' dir='ltr'><strong>nem</strong></span> <span class='ocrx_word' id='word_1_308' title='bbox 705 4434 1070 4503; x_wconf 75' lang='lat' dir='ltr'><strong>longinquam,</strong></span> <span class='ocrx_word' id='word_1_309' title='bbox 1098 4440 1153 4485; x_wconf 85' lang='lat' dir='ltr'><strong>ut</strong></span> <span class='ocrx_word' id='word_1_310' title='bbox 1175 4428 1431 4498; x_wconf 76' lang='lat' dir='ltr'><strong>acciperet</strong></span> <span class='ocrx_word' id='word_1_311' title='bbox 1455 4427 1555 4482; x_wconf 84' lang='lat' dir='ltr'><strong>sibi</strong></span> <span class='ocrx_word' id='word_1_312' title='bbox 1579 4443 1819 4497; x_wconf 77' lang='lat' dir='ltr'><strong>regnum,</strong></span> <span class='ocrx_word' id='word_1_313' title='bbox 1845 4435 1894 4481; x_wconf 77' lang='lat' dir='ltr'><strong>et</strong></span> <span class='ocrx_word' id='word_1_314' title='bbox 1917 4426 2141 4492; x_wconf 80' lang='lat' dir='ltr'><strong>rediret;</strong></span> 
     </span>
    </p>
   </div>
   <div class='ocr_carea' id='block_1_47' title="bbox 2224 553 3933 639">
    <p class='ocr_par' dir='ltr' id='par_1_47' title="bbox 2224 553 3933 639">
     <span class='ocr_line' id='line_1_47' title="bbox 2224 553 3933 639; baseline -0.011 -18"><span class='ocrx_word' id='word_1_315' title='bbox 2224 570 2320 639; x_wconf 82' lang='grc' dir='ltr'>μὲν</span> <span class='ocrx_word' id='word_1_316' title='bbox 2367 566 2749 636; x_wconf 76' lang='grc' dir='ltr'>καταφαγόντα</span> <span class='ocrx_word' id='word_1_317' title='bbox 2793 563 2892 633; x_wconf 79' lang='grc' dir='ltr'>τὴν</span> <span class='ocrx_word' id='word_1_318' title='bbox 2935 558 3170 631; x_wconf 81' lang='grc' dir='ltr'>ὓπαρξιν</span> <span class='ocrx_word' id='word_1_319' title='bbox 3212 554 3307 610; x_wconf 78' lang='grc' dir='ltr'>τοῦ</span> <span class='ocrx_word' id='word_1_320' title='bbox 3354 554 3615 608; x_wconf 80' lang='grc' dir='ltr'><strong>δεσπότου</strong></span> <span class='ocrx_word' id='word_1_321' title='bbox 3662 553 3809 622; x_wconf 74' lang='grc' dir='ltr'>μετὰ</span> <span class='ocrx_word' id='word_1_322' title='bbox 3927 585 3933 589; x_wconf 86' lang='lat'><strong><em>-</em></strong></span> 
     </span>
    </p>
   </div>
   <div class='ocr_carea' id='block_1_48' title="bbox 2218 644 3811 733">
    <p class='ocr_par' dir='ltr' id='par_1_48' title="bbox 2218 644 3811 733">
     <span class='ocr_line' id='line_1_48' title="bbox 2218 644 3811 733; baseline -0.011 -19"><span class='ocrx_word' id='word_1_323' title='bbox 2218 659 2436 733; x_wconf 84' lang='grc' dir='ltr'>πορνῶν</span> <span class='ocrx_word' id='word_1_324' title='bbox 2477 660 2571 712; x_wconf 75' lang='grc' dir='ltr'>καὶ</span> <span class='ocrx_word' id='word_1_325' title='bbox 2601 654 2969 726; x_wconf 86' lang='grc' dir='ltr'>αὐλητρίδων,</span> <span class='ocrx_word' id='word_1_326' title='bbox 3009 651 3100 705; x_wconf 78' lang='grc' dir='ltr'>τὸν</span> <span class='ocrx_word' id='word_1_327' title='bbox 3145 650 3203 703; x_wconf 78' lang='grc' dir='ltr'>δὲ</span> <span class='ocrx_word' id='word_1_328' title='bbox 3245 644 3811 733; x_wconf 68' lang='grc' dir='ltr'>πολλαπλασιάσαντα</span> 
     </span>
    </p>
   </div>
   <div class='ocr_carea' id='block_1_49' title="bbox 2218 728 3812 819">
    <p class='ocr_par' dir='ltr' id='par_1_49' title="bbox 2218 728 3812 819">
     <span class='ocr_line' id='line_1_49' title="bbox 2218 728 3812 819; baseline -0.009 -20"><span class='ocrx_word' id='word_1_329' title='bbox 2218 728 2318 817; x_wconf 78' lang='grc' dir='ltr'>τὴν</span> <span class='ocrx_word' id='word_1_330' title='bbox 2357 745 2639 819; x_wconf 71' lang='grc' dir='ltr'>ἐργασίαν,</span> <span class='ocrx_word' id='word_1_331' title='bbox 2657 743 2747 798; x_wconf 79' lang='grc' dir='ltr'>τὸν</span> <span class='ocrx_word' id='word_1_332' title='bbox 2768 742 2825 797; x_wconf 78' lang='grc' dir='ltr'>δὲ</span> <span class='ocrx_word' id='word_1_333' title='bbox 2842 738 3270 810; x_wconf 77' lang='grc' dir='ltr'>κατακρύψαντα</span> <span class='ocrx_word' id='word_1_334' title='bbox 3288 736 3349 791; x_wconf 75' lang='grc' dir='ltr'><strong>τὸ</strong></span> <span class='ocrx_word' id='word_1_335' title='bbox 3368 736 3652 789; x_wconf 59' lang='grc' dir='ltr'>τάλαντον</span> <span class='ocrx_word' id='word_1_336' title='bbox 3683 728 3812 786; x_wconf 75' lang='grc' dir='ltr'>εἶτα</span> 
     </span>
    </p>
   </div>
   <div class='ocr_carea' id='block_1_50' title="bbox 2219 823 3811 910">
    <p class='ocr_par' dir='ltr' id='par_1_50' title="bbox 2219 823 3811 910">
     <span class='ocr_line' id='line_1_50' title="bbox 2219 823 3811 910; baseline -0.011 -17"><span class='ocrx_word' id='word_1_337' title='bbox 2219 839 2310 893; x_wconf 79' lang='grc' dir='ltr'>τὸν</span> <span class='ocrx_word' id='word_1_338' title='bbox 2342 838 2440 910; x_wconf 83' lang='grc' dir='ltr'>μὲν</span> <span class='ocrx_word' id='word_1_339' title='bbox 2474 832 2970 907; x_wconf 81' lang='grc' dir='ltr'>ἀποδεχθῆναι,τὸν</span> <span class='ocrx_word' id='word_1_340' title='bbox 2999 831 3057 885; x_wconf 77' lang='grc' dir='ltr'>δὲ</span> <span class='ocrx_word' id='word_1_341' title='bbox 3094 828 3410 901; x_wconf 79' lang='grc' dir='ltr'><strong>μεμφθῆναι</strong></span> <span class='ocrx_word' id='word_1_342' title='bbox 3431 823 3727 898; x_wconf 81' lang='grc' dir='ltr'>μόνον,τδν</span> <span class='ocrx_word' id='word_1_343' title='bbox 3750 823 3811 876; x_wconf 62' lang='grc' dir='ltr'><strong>δ’(</strong></span> 
     </span>
    </p>
   </div>
   <div class='ocr_carea' id='block_1_51' title="bbox 2223 919 3809 1000">
    <p class='ocr_par' dir='ltr' id='par_1_51' title="bbox 2223 919 3809 1000">
     <span class='ocr_line' id='line_1_51' title="bbox 2223 919 3809 1000; baseline -0.013 -13"><span class='ocrx_word' id='word_1_344' title='bbox 2223 928 2644 1000; x_wconf 66' lang='grc' dir='ltr'>συγκλασθῆναι</span> <span class='ocrx_word' id='word_1_345' title='bbox 2700 923 3080 997; x_wconf 87' lang='grc' dir='ltr'>δεσμωτηρίῳ.</span> <span class='ocrx_word' id='word_1_346' title='bbox 3138 921 3473 990; x_wconf 77' lang='grc' dir='ltr'>Ἐφίστημι,</span> <span class='ocrx_word' id='word_1_347' title='bbox 3545 919 3765 988; x_wconf 80' lang='grc' dir='ltr'>μήποτε</span> <span class='ocrx_word' id='word_1_348' title='bbox 3794 954 3809 979; x_wconf 84' lang='grc'><strong>,</strong></span> 
     </span>
    </p>
   </div>
   <div class='ocr_carea' id='block_1_52' title="bbox 2222 1006 3813 1085">
    <p class='ocr_par' dir='ltr' id='par_1_52' title="bbox 2222 1006 3813 1085">
     <span class='ocr_line' id='line_1_52' title="bbox 2222 1006 3813 1085; baseline -0.01 -12"><span class='ocrx_word' id='word_1_349' title='bbox 2222 1020 2365 1073; x_wconf 86' lang='grc' dir='ltr'>κατὰ</span> <span class='ocrx_word' id='word_1_350' title='bbox 2389 1021 2480 1073; x_wconf 81' lang='grc' dir='ltr'>τὸν</span> <span class='ocrx_word' id='word_1_351' title='bbox 2499 1018 2793 1077; x_wconf 86' lang='grc' dir='ltr'>Ματθαῖον,</span> <span class='ocrx_word' id='word_1_352' title='bbox 2818 1013 2956 1085; x_wconf 86' lang='grc' dir='ltr'>μετά</span> <span class='ocrx_word' id='word_1_353' title='bbox 2978 1012 3078 1085; x_wconf 83' lang='grc' dir='ltr'><strong>τὴν</strong></span> <span class='ocrx_word' id='word_1_354' title='bbox 3101 1009 3493 1081; x_wconf 84' lang='grc' dir='ltr'>συμπληρωσιν</span> <span class='ocrx_word' id='word_1_355' title='bbox 3517 1007 3613 1061; x_wconf 77' lang='grc' dir='ltr'>τοῦ</span> <span class='ocrx_word' id='word_1_356' title='bbox 3643 1006 3813 1074; x_wconf 73' lang='grc' dir='ltr'>λόγου</span> 
     </span>
    </p>
   </div>
   <div class='ocr_carea' id='block_1_53' title="bbox 2222 1098 3812 1186">
    <p class='ocr_par' dir='ltr' id='par_1_53' title="bbox 2222 1098 3812 1186">
     <span class='ocr_line' id='line_1_53' title="bbox 2222 1098 3812 1186; baseline -0.01 -19"><span class='ocrx_word' id='word_1_357' title='bbox 2222 1113 2320 1186; x_wconf 84' lang='grc' dir='ltr'>τὴν</span> <span class='ocrx_word' id='word_1_358' title='bbox 2349 1112 2489 1166; x_wconf 83' lang='grc' dir='ltr'>κατὰ</span> <span class='ocrx_word' id='word_1_359' title='bbox 2505 1110 2600 1166; x_wconf 77' lang='grc' dir='ltr'>τοῦ</span> <span class='ocrx_word' id='word_1_360' title='bbox 2633 1110 2799 1181; x_wconf 81' lang='grc' dir='ltr'>μηδὲν</span> <span class='ocrx_word' id='word_1_361' title='bbox 2814 1106 3191 1180; x_wconf 74' lang='grc' dir='ltr'>ἰργασαμένου</span> <span class='ocrx_word' id='word_1_362' title='bbox 3223 1107 3257 1175; x_wconf 82' lang='grc' dir='ltr'>ἡ</span> <span class='ocrx_word' id='word_1_363' title='bbox 3287 1103 3414 1174; x_wconf 80' lang='grc' dir='ltr'><strong>ἑξῆς</strong></span> <span class='ocrx_word' id='word_1_364' title='bbox 3438 1098 3812 1171; x_wconf 74' lang='grc' dir='ltr'><strong>ἐπιλεγομένη</strong></span> 
     </span>
    </p>
   </div>
   <div class='ocr_carea' id='block_1_54' title="bbox 2222 1190 3815 1275">
    <p class='ocr_par' dir='ltr' id='par_1_54' title="bbox 2222 1190 3815 1275">
     <span class='ocr_line' id='line_1_54' title="bbox 2222 1190 3815 1275; baseline -0.009 -17"><span class='ocrx_word' id='word_1_365' title='bbox 2222 1204 2420 1275; x_wconf 86' lang='grc' dir='ltr'>ἀπειλὴ</span> <span class='ocrx_word' id='word_1_366' title='bbox 2446 1203 2506 1256; x_wconf 84' lang='grc' dir='ltr'>οὑ</span> <span class='ocrx_word' id='word_1_367' title='bbox 2532 1202 2661 1272; x_wconf 71' lang='grc' dir='ltr'>περὶ</span> <span class='ocrx_word' id='word_1_368' title='bbox 2694 1199 2883 1263; x_wconf 79' lang='grc' dir='ltr'>αὑτοῦ,</span> <span class='ocrx_word' id='word_1_369' title='bbox 2919 1197 3057 1252; x_wconf 81' lang='grc' dir='ltr'>ἀλλὰ</span> <span class='ocrx_word' id='word_1_370' title='bbox 3090 1197 3219 1268; x_wconf 74' lang='grc' dir='ltr'>περὶ</span> <span class='ocrx_word' id='word_1_371' title='bbox 3256 1194 3353 1249; x_wconf 82' lang='grc' dir='ltr'>τοῦ</span> <span class='ocrx_word' id='word_1_372' title='bbox 3382 1194 3651 1266; x_wconf 72' lang='grc' dir='ltr'>προτέρου</span> <span class='ocrx_word' id='word_1_373' title='bbox 3682 1190 3815 1245; x_wconf 77' lang='grc' dir='ltr'>κατ’</span> 
     </span>
    </p>
   </div>
   <div class='ocr_carea' id='block_1_55' title="bbox 2222 1284 3817 1367">
    <p class='ocr_par' dir='ltr' id='par_1_55' title="bbox 2222 1284 3817 1367">
     <span class='ocr_line' id='line_1_55' title="bbox 2222 1284 3817 1367; baseline -0.009 -16"><span class='ocrx_word' id='word_1_374' title='bbox 2222 1294 2561 1367; x_wconf 76' lang='grc' dir='ltr'>ἐπανάληψιν</span> <span class='ocrx_word' id='word_1_375' title='bbox 2581 1293 2830 1346; x_wconf 83' lang='grc' dir='ltr'>λέλεκται</span> <span class='ocrx_word' id='word_1_376' title='bbox 2853 1289 2946 1345; x_wconf 77' lang='grc' dir='ltr'><strong>τοῦ</strong></span> <span class='ocrx_word' id='word_1_377' title='bbox 2971 1289 3240 1353; x_wconf 79' lang='grc' dir='ltr'>ἐσθίοντος</span> <span class='ocrx_word' id='word_1_378' title='bbox 3267 1286 3360 1341; x_wconf 59' lang='grc' dir='ltr'><strong>καὶ⁸</strong></span> <span class='ocrx_word' id='word_1_379' title='bbox 3390 1287 3635 1351; x_wconf 80' lang='grc' dir='ltr'>πίνοντος</span> <span class='ocrx_word' id='word_1_380' title='bbox 3668 1284 3817 1356; x_wconf 68' lang='grc' dir='ltr'>μετὰ</span> 
     </span>
    </p>
   </div>
   <div class='ocr_carea' id='block_1_56' title="bbox 2224 1388 2689 1461">
    <p class='ocr_par' dir='ltr' id='par_1_56' title="bbox 2224 1388 2689 1461">
     <span class='ocr_line' id='line_1_56' title="bbox 2224 1388 2689 1461; baseline -0.013 -16"><span class='ocrx_word' id='word_1_381' title='bbox 2224 1391 2330 1445; x_wconf 82' lang='grc' dir='ltr'><strong>τῶν</strong></span> <span class='ocrx_word' id='word_1_382' title='bbox 2365 1388 2689 1461; x_wconf 82' lang='grc' dir='ltr'>μεθυόντων.</span> 
     </span>
    </p>
   </div>
   <div class='ocr_carea' id='block_1_57' title="bbox 2295 1654 3813 1732">
    <p class='ocr_par' dir='ltr' id='par_1_57' title="bbox 2295 1654 3813 1732">
     <span class='ocr_line' id='line_1_57' title="bbox 2295 1654 3813 1732; baseline -0.005 -17"><span class='ocrx_word' id='word_1_383' title='bbox 2295 1662 2481 1716; x_wconf 75' lang='grc' dir='ltr'>Ταῦτα</span> <span class='ocrx_word' id='word_1_384' title='bbox 2536 1661 2637 1732; x_wconf 80' lang='grc' dir='ltr'>μὲν</span> <span class='ocrx_word' id='word_1_385' title='bbox 2680 1656 2772 1715; x_wconf 78' lang='grc' dir='ltr'>οὖν</span> <span class='ocrx_word' id='word_1_386' title='bbox 2810 1659 2985 1724; x_wconf 68' lang='grc' dir='ltr'>οὕτως</span> <span class='ocrx_word' id='word_1_387' title='bbox 3017 1659 3228 1731; x_wconf 76' lang='grc' dir='ltr'>εἴρηται</span> <span class='ocrx_word' id='word_1_388' title='bbox 3285 1660 3436 1728; x_wconf 80' lang='grc' dir='ltr'>παρά</span> <span class='ocrx_word' id='word_1_389' title='bbox 3490 1654 3585 1709; x_wconf 78' lang='grc' dir='ltr'><strong>τοῦ</strong></span> <span class='ocrx_word' id='word_1_390' title='bbox 3641 1657 3813 1710; x_wconf 77' lang='grc' dir='ltr'>Ματ-</span> 
     </span>
    </p>
   </div>
   <div class='ocr_carea' id='block_1_58' title="bbox 2227 1749 3817 1825">
    <p class='ocr_par' dir='ltr' id='par_1_58' title="bbox 2227 1749 3817 1825">
     <span class='ocr_line' id='line_1_58' title="bbox 2227 1749 3817 1825; baseline -0.006 -15"><span class='ocrx_word' id='word_1_391' title='bbox 2227 1755 2378 1810; x_wconf 88' lang='grc' dir='ltr'>θαίου</span> <span class='ocrx_word' id='word_1_392' title='bbox 2405 1754 2499 1808; x_wconf 74' lang='grc' dir='ltr'><strong>ἐπὶ</strong></span> <span class='ocrx_word' id='word_1_393' title='bbox 2528 1753 2621 1807; x_wconf 83' lang='grc' dir='ltr'>τοῦ</span> <span class='ocrx_word' id='word_1_394' title='bbox 2647 1754 2808 1825; x_wconf 75' lang='grc' dir='ltr'>ὅρους</span> <span class='ocrx_word' id='word_1_395' title='bbox 2852 1752 2960 1804; x_wconf 85' lang='grc' dir='ltr'>τῶν</span> <span class='ocrx_word' id='word_1_396' title='bbox 2998 1751 3244 1815; x_wconf 82' lang='grc' dir='ltr'>Ἐλαιῶν,</span> <span class='ocrx_word' id='word_1_397' title='bbox 3267 1749 3360 1803; x_wconf 81' lang='grc' dir='ltr'><strong>τοῦ</strong></span> <span class='ocrx_word' id='word_1_398' title='bbox 3408 1750 3665 1819; x_wconf 77' lang='grc' dir='ltr'>Σωτῆρος</span> <span class='ocrx_word' id='word_1_399' title='bbox 3698 1750 3817 1810; x_wconf 79' lang='grc' dir='ltr'>τοῖς</span> 
     </span>
    </p>
   </div>
   <div class='ocr_carea' id='block_1_59' title="bbox 2227 1841 3817 1918">
    <p class='ocr_par' dir='ltr' id='par_1_59' title="bbox 2227 1841 3817 1918">
     <span class='ocr_line' id='line_1_59' title="bbox 2227 1841 3817 1918; baseline -0.006 -17"><span class='ocrx_word' id='word_1_400' title='bbox 2227 1846 2389 1901; x_wconf 79' lang='grc' dir='ltr'>αὑτοῦ</span> <span class='ocrx_word' id='word_1_401' title='bbox 2448 1846 2717 1918; x_wconf 83' lang='grc' dir='ltr'>μαθηταῖς</span> <span class='ocrx_word' id='word_1_402' title='bbox 2759 1846 3010 1908; x_wconf 87' lang='grc' dir='ltr'>συνόντος</span> <span class='ocrx_word' id='word_1_403' title='bbox 3064 1843 3158 1897; x_wconf 74' lang='grc' dir='ltr'>καὶ</span> <span class='ocrx_word' id='word_1_404' title='bbox 3210 1842 3281 1897; x_wconf 78' lang='grc' dir='ltr'>τὰ</span> <span class='ocrx_word' id='word_1_405' title='bbox 3314 1841 3441 1913; x_wconf 77' lang='grc' dir='ltr'>περὶ</span> <span class='ocrx_word' id='word_1_406' title='bbox 3477 1841 3578 1912; x_wconf 82' lang='grc' dir='ltr'>τῆς</span> <span class='ocrx_word' id='word_1_407' title='bbox 3620 1856 3817 1894; x_wconf 72' lang='grc' dir='ltr'>συντε-</span> 
     </span>
    </p>
   </div>
   <div class='ocr_carea' id='block_1_60' title="bbox 2227 1935 3818 2013">
    <p class='ocr_par' dir='ltr' id='par_1_60' title="bbox 2227 1935 3818 2013">
     <span class='ocr_line' id='line_1_60' title="bbox 2227 1935 3818 2013; baseline -0.005 -17"><span class='ocrx_word' id='word_1_408' title='bbox 2227 1942 2378 2005; x_wconf 86' lang='grc' dir='ltr'>λείας</span> <span class='ocrx_word' id='word_1_409' title='bbox 2426 1939 2977 2013; x_wconf 78' lang='grc' dir='ltr'>προδιαστελλομένου</span> <span class='ocrx_word' id='word_1_410' title='bbox 3008 1953 3023 1968; x_wconf 73' lang='grc' dir='ltr'><strong>ο</strong></span> <span class='ocrx_word' id='word_1_411' title='bbox 3076 1937 3176 2010; x_wconf 81' lang='grc' dir='ltr'>τὴν</span> <span class='ocrx_word' id='word_1_412' title='bbox 3208 1936 3267 1990; x_wconf 81' lang='grc' dir='ltr'>δὲ</span> <span class='ocrx_word' id='word_1_413' title='bbox 3300 1935 3672 2007; x_wconf 81' lang='grc' dir='ltr'>προκειμένην</span> <span class='ocrx_word' id='word_1_414' title='bbox 3713 1951 3818 1988; x_wconf 75' lang='grc' dir='ltr'>πα-</span> 
     </span>
    </p>
   </div>
   <div class='ocr_carea' id='block_1_61' title="bbox 2230 2029 3817 2107">
    <p class='ocr_par' dir='ltr' id='par_1_61' title="bbox 2230 2029 3817 2107">
     <span class='ocr_line' id='line_1_61' title="bbox 2230 2029 3817 2107; baseline -0.003 -21"><span class='ocrx_word' id='word_1_415' title='bbox 2230 2033 2461 2107; x_wconf 82' lang='grc' dir='ltr'>ραϐολὴν</span> <span class='ocrx_word' id='word_1_416' title='bbox 2492 2032 2652 2103; x_wconf 89' lang='grc' dir='ltr'>μόνος</span> <span class='ocrx_word' id='word_1_417' title='bbox 2674 2034 2888 2097; x_wconf 77' lang='grc' dir='ltr'>Λουκᾶς</span> <span class='ocrx_word' id='word_1_418' title='bbox 2929 2031 3433 2103; x_wconf 83' lang='grc' dir='ltr'>ἀπεμνημόνευσεν,</span> <span class='ocrx_word' id='word_1_419' title='bbox 3465 2030 3540 2093; x_wconf 82' lang='grc' dir='ltr'><strong>ὡς</strong></span> <span class='ocrx_word' id='word_1_420' title='bbox 3572 2029 3671 2082; x_wconf 77' lang='grc' dir='ltr'>τοῦ</span> <span class='ocrx_word' id='word_1_421' title='bbox 3704 2030 3817 2082; x_wconf 55' lang='grc' dir='ltr'><strong>Σω.</strong></span> 
     </span>
    </p>
   </div>
   <div class='ocr_carea' id='block_1_62' title="bbox 2227 2110 3818 2196">
    <p class='ocr_par' dir='ltr' id='par_1_62' title="bbox 2227 2110 3818 2196">
     <span class='ocr_line' id='line_1_62' title="bbox 2227 2110 3818 2196; baseline -0.003 -20"><span class='ocrx_word' id='word_1_422' title='bbox 2227 2124 2393 2196; x_wconf 85' lang='grc' dir='ltr'>τῆρος</span> <span class='ocrx_word' id='word_1_423' title='bbox 2429 2122 2710 2195; x_wconf 80' lang='grc' dir='ltr'>εἰρηκότος</span> <span class='ocrx_word' id='word_1_424' title='bbox 2736 2122 2905 2193; x_wconf 77' lang='grc' dir='ltr'>αὐτὴν</span> <span class='ocrx_word' id='word_1_425' title='bbox 2920 2121 3042 2176; x_wconf 86' lang='grc' dir='ltr'>καθ’</span> <span class='ocrx_word' id='word_1_426' title='bbox 3066 2122 3124 2176; x_wconf 85' lang='grc' dir='ltr'>ὃν</span> <span class='ocrx_word' id='word_1_427' title='bbox 3153 2121 3341 2193; x_wconf 85' lang='grc' dir='ltr'>χρόνον</span> <span class='ocrx_word' id='word_1_428' title='bbox 3368 2118 3438 2174; x_wconf 75' lang='grc' dir='ltr'><strong>ἐν’</strong></span> <span class='ocrx_word' id='word_1_429' title='bbox 3467 2110 3691 2191; x_wconf 75' lang='grc' dir='ltr'>Ἰεριχδῐ</span> <span class='ocrx_word' id='word_1_430' title='bbox 3719 2119 3818 2181; x_wconf 71' lang='grc' dir='ltr'><strong>τὰς</strong></span> 
     </span>
    </p>
   </div>
   <div class='ocr_carea' id='block_1_63' title="bbox 2227 2212 3820 2287">
    <p class='ocr_par' dir='ltr' id='par_1_63' title="bbox 2227 2212 3820 2287">
     <span class='ocr_line' id='line_1_63' title="bbox 2227 2212 3820 2287; baseline -0.003 -19"><span class='ocrx_word' id='word_1_431' title='bbox 2227 2214 2508 2287; x_wconf 72' lang='grc' dir='ltr'>διατριϐὰς</span> <span class='ocrx_word' id='word_1_432' title='bbox 2563 2217 2814 2268; x_wconf 69' lang='grc' dir='ltr'>ἐποιεῖτο.</span> <span class='ocrx_word' id='word_1_433' title='bbox 2861 2214 3061 2287; x_wconf 83' lang='grc' dir='ltr'>Διόπερ</span> <span class='ocrx_word' id='word_1_434' title='bbox 3107 2212 3229 2267; x_wconf 77' lang='grc' dir='ltr'>οὐδὲ</span> <span class='ocrx_word' id='word_1_435' title='bbox 3274 2212 3373 2283; x_wconf 76' lang='grc' dir='ltr'>τὴν</span> <span class='ocrx_word' id='word_1_436' title='bbox 3405 2212 3574 2284; x_wconf 79' lang='grc' dir='ltr'>αὐτὴν</span> <span class='ocrx_word' id='word_1_437' title='bbox 3627 2212 3820 2285; x_wconf 76' lang='grc' dir='ltr'>ἐκείνῃ</span> 
     </span>
    </p>
   </div>
   <div class='ocr_carea' id='block_1_64' title="bbox 2228 2300 3820 2377">
    <p class='ocr_par' dir='ltr' id='par_1_64' title="bbox 2228 2300 3820 2377">
     <span class='ocr_line' id='line_1_64' title="bbox 2228 2300 3820 2377; baseline -0.003 -17"><span class='ocrx_word' id='word_1_438' title='bbox 2228 2305 2432 2377; x_wconf 82' lang='grc' dir='ltr'>ταύτην</span> <span class='ocrx_word' id='word_1_439' title='bbox 2489 2300 2629 2358; x_wconf 78' lang='grc' dir='ltr'>εἶναι</span> <span class='ocrx_word' id='word_1_440' title='bbox 2660 2304 3017 2376; x_wconf 77' lang='grc' dir='ltr'>ὑποληπτέον,</span> <span class='ocrx_word' id='word_1_441' title='bbox 3044 2305 3168 2358; x_wconf 69' lang='grc' dir='ltr'>ἐπεὶ</span> <span class='ocrx_word' id='word_1_442' title='bbox 3202 2304 3338 2377; x_wconf 80' lang='grc' dir='ltr'>μηδὲ</span> <span class='ocrx_word' id='word_1_443' title='bbox 3396 2303 3463 2358; x_wconf 78' lang='grc' dir='ltr'>τὰ</span> <span class='ocrx_word' id='word_1_444' title='bbox 3513 2305 3573 2358; x_wconf 72' lang='grc' dir='ltr'>ὲν</span> <span class='ocrx_word' id='word_1_445' title='bbox 3628 2304 3820 2365; x_wconf 79' lang='grc' dir='ltr'>αὐτοῖς</span> 
     </span>
    </p>
   </div>
   <div class='ocr_carea' id='block_1_65' title="bbox 2230 2396 3821 2472">
    <p class='ocr_par' dir='ltr' id='par_1_65' title="bbox 2230 2396 3821 2472">
     <span class='ocr_line' id='line_1_65' title="bbox 2230 2396 3821 2472; baseline -0.003 -20"><span class='ocrx_word' id='word_1_446' title='bbox 2230 2399 2505 2472; x_wconf 84' lang='grc' dir='ltr'>φερόμενα</span> <span class='ocrx_word' id='word_1_447' title='bbox 2559 2400 2722 2468; x_wconf 81' lang='grc' dir='ltr'>ὅμοια</span> <span class='ocrx_word' id='word_1_448' title='bbox 2773 2399 3049 2469; x_wconf 81' lang='grc' dir='ltr'>τυγχάνει.</span> <span class='ocrx_word' id='word_1_449' title='bbox 3091 2396 3353 2451; x_wconf 80' lang='grc' dir='ltr'>Ἐνταῦθα</span> <span class='ocrx_word' id='word_1_450' title='bbox 3409 2396 3510 2468; x_wconf 80' lang='grc' dir='ltr'>μὲν</span> <span class='ocrx_word' id='word_1_451' title='bbox 3539 2396 3658 2468; x_wconf 78' lang='grc' dir='ltr'><strong>γὰρ</strong></span> <span class='ocrx_word' id='word_1_452' title='bbox 3681 2396 3821 2449; x_wconf 77' lang='grc' dir='ltr'>δέκα</span> 
     </span>
    </p>
   </div>
   <div class='ocr_carea' id='block_1_66' title="bbox 2230 2489 3824 2562">
    <p class='ocr_par' dir='ltr' id='par_1_66' title="bbox 2230 2489 3824 2562">
     <span class='ocr_line' id='line_1_66' title="bbox 2230 2489 3824 2562; baseline -0.003 -17"><span class='ocrx_word' id='word_1_453' title='bbox 2230 2492 2478 2562; x_wconf 84' lang='grc' dir='ltr'>λέγονται</span> <span class='ocrx_word' id='word_1_454' title='bbox 2503 2491 2701 2556; x_wconf 79' lang='grc' dir='ltr'>δοῦλοι,</span> <span class='ocrx_word' id='word_1_455' title='bbox 2737 2492 2853 2544; x_wconf 78' lang='grc' dir='ltr'>ἐκεῖ</span> <span class='ocrx_word' id='word_1_456' title='bbox 2884 2490 2940 2543; x_wconf 84' lang='grc' dir='ltr'>δὲ</span> <span class='ocrx_word' id='word_1_457' title='bbox 2989 2491 3050 2544; x_wconf 72' lang='grc' dir='ltr'>οὐ</span> <span class='ocrx_word' id='word_1_458' title='bbox 3081 2489 3325 2544; x_wconf 83' lang='grc' dir='ltr'>τοσοῦτοι</span> <span class='ocrx_word' id='word_1_459' title='bbox 3345 2506 3359 2520; x_wconf 74' lang='grc'><strong><em>⁸</em></strong></span> <span class='ocrx_word' id='word_1_460' title='bbox 3395 2490 3490 2543; x_wconf 77' lang='grc' dir='ltr'>καὶ</span> <span class='ocrx_word' id='word_1_461' title='bbox 3515 2489 3763 2543; x_wconf 79' lang='grc' dir='ltr'>ἐνταῦθα</span> <span class='ocrx_word' id='word_1_462' title='bbox 3795 2491 3824 2541; x_wconf 84' lang='grc' dir='ltr'><strong>ό</strong></span> 
     </span>
    </p>
   </div>
   <div class='ocr_carea' id='block_1_67' title="bbox 2232 2580 3823 2653">
    <p class='ocr_par' dir='ltr' id='par_1_67' title="bbox 2232 2580 3823 2653">
     <span class='ocr_line' id='line_1_67' title="bbox 2232 2580 3823 2653; baseline -0.001 -18"><span class='ocrx_word' id='word_1_463' title='bbox 2232 2580 2419 2647; x_wconf 74' lang='grc' dir='ltr'>καθεὶς</span> <span class='ocrx_word' id='word_1_464' title='bbox 2471 2581 2575 2636; x_wconf 82' lang='grc' dir='ltr'>ἀνὰ</span> <span class='ocrx_word' id='word_1_465' title='bbox 2630 2581 2758 2653; x_wconf 87' lang='grc' dir='ltr'>μίαν</span> <span class='ocrx_word' id='word_1_466' title='bbox 2787 2583 2924 2652; x_wconf 80' lang='grc' dir='ltr'>μνᾶν</span> <span class='ocrx_word' id='word_1_467' title='bbox 2956 2580 3243 2652; x_wconf 84' lang='grc' dir='ltr'>λαμϐάνει.</span> <span class='ocrx_word' id='word_1_468' title='bbox 3277 2581 3394 2633; x_wconf 76' lang='grc' dir='ltr'>ἐκεῖ</span> <span class='ocrx_word' id='word_1_469' title='bbox 3442 2580 3500 2633; x_wconf 86' lang='grc' dir='ltr'>δὲ</span> <span class='ocrx_word' id='word_1_470' title='bbox 3531 2582 3560 2632; x_wconf 83' lang='grc' dir='ltr'><strong>ό</strong></span> <span class='ocrx_word' id='word_1_471' title='bbox 3600 2580 3706 2652; x_wconf 77' lang='grc' dir='ltr'>μέν</span> <span class='ocrx_word' id='word_1_472' title='bbox 3740 2599 3823 2646; x_wconf 77' lang='grc' dir='ltr'><strong>τις</strong></span> 
     </span>
    </p>
   </div>
   <div class='ocr_carea' id='block_1_68' title="bbox 2234 2670 3825 2743">
    <p class='ocr_par' dir='ltr' id='par_1_68' title="bbox 2234 2670 3825 2743">
     <span class='ocr_line' id='line_1_68' title="bbox 2234 2670 3825 2743; baseline -0.001 -16"><span class='ocrx_word' id='word_1_473' title='bbox 2234 2674 2395 2728; x_wconf 81' lang='grc' dir='ltr'>πέντε</span> <span class='ocrx_word' id='word_1_474' title='bbox 2422 2673 2678 2737; x_wconf 80' lang='grc' dir='ltr'>τάλαντα,</span> <span class='ocrx_word' id='word_1_475' title='bbox 2702 2674 2731 2725; x_wconf 88' lang='grc' dir='ltr'><strong>ό</strong></span> <span class='ocrx_word' id='word_1_476' title='bbox 2761 2672 2819 2726; x_wconf 86' lang='grc' dir='ltr'>δὲ</span> <span class='ocrx_word' id='word_1_477' title='bbox 2844 2672 2956 2735; x_wconf 89' lang='grc' dir='ltr'>δύο,</span> <span class='ocrx_word' id='word_1_478' title='bbox 2979 2675 3007 2727; x_wconf 84' lang='grc' dir='ltr'>ὁ</span> <span class='ocrx_word' id='word_1_479' title='bbox 3029 2672 3085 2726; x_wconf 84' lang='grc' dir='ltr'>δὲ</span> <span class='ocrx_word' id='word_1_480' title='bbox 3123 2672 3201 2725; x_wconf 80' lang='grc' dir='ltr'><strong>ἓν.</strong></span> <span class='ocrx_word' id='word_1_481' title='bbox 3236 2673 3347 2726; x_wconf 76' lang='grc' dir='ltr'><strong>Καὶ</strong></span> <span class='ocrx_word' id='word_1_482' title='bbox 3384 2670 3621 2725; x_wconf 78' lang='grc' dir='ltr'>ἐνταῦθα</span> <span class='ocrx_word' id='word_1_483' title='bbox 3640 2674 3670 2725; x_wconf 88' lang='grc' dir='ltr'><strong>ό</strong></span> <span class='ocrx_word' id='word_1_484' title='bbox 3725 2674 3825 2743; x_wconf 74' lang='grc' dir='ltr'><strong>μέν</strong></span> 
     </span>
    </p>
   </div>
   <div class='ocr_carea' id='block_1_69' title="bbox 2232 2759 3826 2836">
    <p class='ocr_par' dir='ltr' id='par_1_69' title="bbox 2232 2759 3826 2836">
     <span class='ocr_line' id='line_1_69' title="bbox 2232 2759 3826 2836; baseline 0 -17"><span class='ocrx_word' id='word_1_485' title='bbox 2232 2783 2316 2830; x_wconf 87' lang='grc' dir='ltr'><strong>τις</strong></span> <span class='ocrx_word' id='word_1_486' title='bbox 2374 2763 2814 2830; x_wconf 82' lang='grc' dir='ltr'>δεκαπλασιάσας</span> <span class='ocrx_word' id='word_1_487' title='bbox 2861 2763 2959 2836; x_wconf 79' lang='grc' dir='ltr'>τὴν</span> <span class='ocrx_word' id='word_1_488' title='bbox 3016 2765 3152 2836; x_wconf 81' lang='grc' dir='ltr'>μνᾶν</span> <span class='ocrx_word' id='word_1_489' title='bbox 3213 2763 3419 2831; x_wconf 82' lang='grc' dir='ltr'>ἀκούει,</span> <span class='ocrx_word' id='word_1_490' title='bbox 3464 2759 3577 2830; x_wconf 84' lang='grc' dir='ltr'><strong>Εὖ,</strong></span> <span class='ocrx_word' id='word_1_491' title='bbox 3635 2763 3826 2819; x_wconf 67' lang='grc' dir='ltr'>δοῦλε</span> 
     </span>
    </p>
   </div>
   <div class='ocr_carea' id='block_1_70' title="bbox 2234 2856 3827 2928">
    <p class='ocr_par' dir='ltr' id='par_1_70' title="bbox 2234 2856 3827 2928">
     <span class='ocr_line' id='line_1_70' title="bbox 2234 2856 3827 2928; baseline -0.001 -16"><span class='ocrx_word' id='word_1_492' title='bbox 2234 2857 2418 2928; x_wconf 77' lang='grc' dir='ltr'>ἀγαθὲ</span> <span class='ocrx_word' id='word_1_493' title='bbox 2440 2858 2537 2911; x_wconf 75' lang='grc' dir='ltr'>καὶ</span> <span class='ocrx_word' id='word_1_494' title='bbox 2569 2856 2769 2921; x_wconf 84' lang='grc' dir='ltr'>πιστέ,</span> <span class='ocrx_word' id='word_1_495' title='bbox 2796 2856 2884 2910; x_wconf 83' lang='grc' dir='ltr'>ὅτι</span> <span class='ocrx_word' id='word_1_496' title='bbox 2908 2858 2978 2909; x_wconf 81' lang='grc' dir='ltr'><strong>ἐν</strong></span> <span class='ocrx_word' id='word_1_497' title='bbox 3009 2857 3311 2924; x_wconf 76' lang='grc' dir='ltr'><strong>ἐλαχίστῳ</strong></span> <span class='ocrx_word' id='word_1_498' title='bbox 3342 2856 3557 2923; x_wconf 84' lang='grc' dir='ltr'>πιστὸς</span> <span class='ocrx_word' id='word_1_499' title='bbox 3576 2856 3827 2925; x_wconf 71' lang='grc' dir='ltr'>ἐγένου,</span> 
     </span>
    </p>
   </div>
   <div class='ocr_carea' id='block_1_71' title="bbox 2238 2946 3827 3018">
    <p class='ocr_par' dir='ltr' id='par_1_71' title="bbox 2238 2946 3827 3018">
     <span class='ocr_line' id='line_1_71' title="bbox 2238 2946 3827 3018; baseline -0.001 -16"><span class='ocrx_word' id='word_1_500' title='bbox 2238 2950 2361 3004; x_wconf 83' lang='grc' dir='ltr'>ισθι</span> <span class='ocrx_word' id='word_1_501' title='bbox 2414 2948 2703 3014; x_wconf 79' lang='grc' dir='ltr'>ἐξουσίαν</span> <span class='ocrx_word' id='word_1_502' title='bbox 2747 2950 2904 3018; x_wconf 78' lang='grc' dir='ltr'><strong>ἔχων</strong></span> <span class='ocrx_word' id='word_1_503' title='bbox 2952 2948 3154 3001; x_wconf 79' lang='grc' dir='ltr'><strong>ἐπάνω</strong></span> <span class='ocrx_word' id='word_1_504' title='bbox 3204 2946 3352 3002; x_wconf 79' lang='grc' dir='ltr'>δέκα</span> <span class='ocrx_word' id='word_1_505' title='bbox 3397 2948 3674 3002; x_wconf 71' lang='grc' dir='ltr'>πόλεωνσ</span> <span class='ocrx_word' id='word_1_506' title='bbox 3710 2952 3743 3002; x_wconf 80' lang='grc' dir='ltr'><strong>ϐ</strong></span> <span class='ocrx_word' id='word_1_507' title='bbox 3775 2949 3827 3001; x_wconf 75' lang='grc' dir='ltr'>δὲ</span> 
     </span>
    </p>
   </div>
   <div class='ocr_carea' id='block_1_72' title="bbox 2236 3039 3828 3115">
    <p class='ocr_par' dir='ltr' id='par_1_72' title="bbox 2236 3039 3828 3115">
     <span class='ocr_line' id='line_1_72' title="bbox 2236 3039 3828 3115; baseline -0.001 -19"><span class='ocrx_word' id='word_1_508' title='bbox 2236 3042 2335 3115; x_wconf 84' lang='grc' dir='ltr'><strong>τὴν</strong></span> <span class='ocrx_word' id='word_1_509' title='bbox 2370 3042 2497 3113; x_wconf 86' lang='grc' dir='ltr'>μίαν</span> <span class='ocrx_word' id='word_1_510' title='bbox 2530 3042 2690 3096; x_wconf 83' lang='grc' dir='ltr'>πέντε</span> <span class='ocrx_word' id='word_1_511' title='bbox 2732 3042 2964 3113; x_wconf 83' lang='grc' dir='ltr'>ποιήσας</span> <span class='ocrx_word' id='word_1_512' title='bbox 3004 3039 3211 3105; x_wconf 79' lang='grc' dir='ltr'>ἀκούει,</span> <span class='ocrx_word' id='word_1_513' title='bbox 3236 3040 3343 3095; x_wconf 78' lang='grc' dir='ltr'>Καί</span> <span class='ocrx_word' id='word_1_514' title='bbox 3370 3039 3451 3094; x_wconf 86' lang='grc' dir='ltr'>σὺ</span> <span class='ocrx_word' id='word_1_515' title='bbox 3475 3041 3656 3109; x_wconf 77' lang='grc' dir='ltr'>γίνου</span> <span class='ocrx_word' id='word_1_516' title='bbox 3684 3041 3828 3094; x_wconf 74' lang='grc' dir='ltr'>ἐπό-</span> 
     </span>
    </p>
   </div>
   <div class='ocr_carea' id='block_1_73' title="bbox 2238 3131 3829 3204">
    <p class='ocr_par' dir='ltr' id='par_1_73' title="bbox 2238 3131 3829 3204">
     <span class='ocr_line' id='line_1_73' title="bbox 2238 3131 3829 3204; baseline -0.002 -16"><span class='ocrx_word' id='word_1_517' title='bbox 2238 3152 2321 3188; x_wconf 77' lang='grc' dir='ltr'><strong>νω</strong></span> <span class='ocrx_word' id='word_1_518' title='bbox 2348 3134 2527 3188; x_wconf 76' lang='grc' dir='ltr'>πέντε</span> <span class='ocrx_word' id='word_1_519' title='bbox 2552 3135 2806 3188; x_wconf 69' lang='grc' dir='ltr'><strong>πόλεων.</strong></span> <span class='ocrx_word' id='word_1_520' title='bbox 2860 3134 2949 3186; x_wconf 85' lang='grc' dir='ltr'>Ἐν</span> <span class='ocrx_word' id='word_1_521' title='bbox 2979 3132 3035 3185; x_wconf 88' lang='grc' dir='ltr'>δὲ</span> <span class='ocrx_word' id='word_1_522' title='bbox 3066 3135 3133 3204; x_wconf 79' lang='grc' dir='ltr'><strong>τῇ</strong></span> <span class='ocrx_word' id='word_1_523' title='bbox 3166 3131 3277 3185; x_wconf 87' lang='grc' dir='ltr'><strong>τῶν</strong></span> <span class='ocrx_word' id='word_1_524' title='bbox 3315 3132 3593 3185; x_wconf 83' lang='grc' dir='ltr'>ταλάντων</span> <span class='ocrx_word' id='word_1_525' title='bbox 3640 3150 3829 3203; x_wconf 68' lang='grc' dir='ltr'>παραυ</span> 
     </span>
    </p>
   </div>
   <div class='ocr_carea' id='block_1_74' title="bbox 2239 3225 3830 3299">
    <p class='ocr_par' dir='ltr' id='par_1_74' title="bbox 2239 3225 3830 3299">
     <span class='ocr_line' id='line_1_74' title="bbox 2239 3225 3830 3299; baseline 0 -19"><span class='ocrx_word' id='word_1_526' title='bbox 2239 3227 2367 3299; x_wconf 80' lang='grc' dir='ltr'>ϐολῇ</span> <span class='ocrx_word' id='word_1_527' title='bbox 2431 3227 2667 3296; x_wconf 75' lang='grc' dir='ltr'>ἐλέγετο,</span> <span class='ocrx_word' id='word_1_528' title='bbox 2722 3226 2831 3290; x_wconf 82' lang='grc' dir='ltr'><strong>Εὖ,</strong></span> <span class='ocrx_word' id='word_1_529' title='bbox 2893 3225 3076 3280; x_wconf 75' lang='grc' dir='ltr'>δοῦλε</span> <span class='ocrx_word' id='word_1_530' title='bbox 3132 3226 3347 3296; x_wconf 79' lang='grc' dir='ltr'>ἀγαθὲ,</span> <span class='ocrx_word' id='word_1_531' title='bbox 3388 3226 3486 3280; x_wconf 77' lang='grc' dir='ltr'><strong>ἐπὶ</strong></span> <span class='ocrx_word' id='word_1_532' title='bbox 3530 3227 3716 3297; x_wconf 57' lang='grc' dir='ltr'>ὀλίγα</span> <span class='ocrx_word' id='word_1_533' title='bbox 3758 3228 3830 3294; x_wconf 79' lang='grc' dir='ltr'><strong>ἦ(</strong></span> 
     </span>
    </p>
   </div>
   <div class='ocr_carea' id='block_1_75' title="bbox 2238 3316 3833 3386">
    <p class='ocr_par' dir='ltr' id='par_1_75' title="bbox 2238 3316 3833 3386">
     <span class='ocr_line' id='line_1_75' title="bbox 2238 3316 3833 3386; baseline 0.001 -14"><span class='ocrx_word' id='word_1_534' title='bbox 2238 3319 2475 3386; x_wconf 84' lang='grc' dir='ltr'>πιστὸς,</span> <span class='ocrx_word' id='word_1_535' title='bbox 2501 3319 2600 3373; x_wconf 78' lang='grc' dir='ltr'><strong>ἐπὶ</strong></span> <span class='ocrx_word' id='word_1_536' title='bbox 2633 3317 2882 3373; x_wconf 74' lang='grc' dir='ltr'><em>πολλῶν</em></span> <span class='ocrx_word' id='word_1_537' title='bbox 2914 3334 2989 3373; x_wconf 84' lang='grc' dir='ltr'><strong>σε</strong></span> <span class='ocrx_word' id='word_1_538' title='bbox 3016 3316 3402 3386; x_wconf 72' lang='grc' dir='ltr'>καταστήσωο</span> <span class='ocrx_word' id='word_1_539' title='bbox 3452 3318 3705 3375; x_wconf 70' lang='grc' dir='ltr'>εἰσελθε</span> <span class='ocrx_word' id='word_1_540' title='bbox 3748 3323 3833 3386; x_wconf 76' lang='grc' dir='ltr'>εἰς</span> 
     </span>
    </p>
   </div>
   <div class='ocr_carea' id='block_1_76' title="bbox 2238 3410 3129 3481">
    <p class='ocr_par' dir='ltr' id='par_1_76' title="bbox 2238 3410 3129 3481">
     <span class='ocr_line' id='line_1_76' title="bbox 2238 3410 3129 3481; baseline -0.001 -16"><span class='ocrx_word' id='word_1_541' title='bbox 2238 3412 2355 3480; x_wconf 72' lang='grc' dir='ltr'>τὴν</span> <span class='ocrx_word' id='word_1_542' title='bbox 2378 3410 2572 3481; x_wconf 80' lang='grc' dir='ltr'>χαρὰν</span> <span class='ocrx_word' id='word_1_543' title='bbox 2596 3412 2704 3467; x_wconf 82' lang='grc' dir='ltr'>τοῦ</span> <span class='ocrx_word' id='word_1_544' title='bbox 2735 3412 2957 3479; x_wconf 67' lang='grc' dir='ltr'>Κιιρίου</span> <span class='ocrx_word' id='word_1_545' title='bbox 2991 3428 3129 3465; x_wconf 89' lang='grc' dir='ltr'>σου.</span> 
     </span>
    </p>
   </div>
   <div class='ocr_carea' id='block_1_77' title="bbox 2308 3502 3827 3576">
    <p class='ocr_par' dir='ltr' id='par_1_77' title="bbox 2308 3502 3827 3576">
     <span class='ocr_line' id='line_1_77' title="bbox 2308 3502 3827 3576; baseline 0 -18"><span class='ocrx_word' id='word_1_546' title='bbox 2308 3505 2419 3576; x_wconf 87' lang='grc' dir='ltr'><strong>Τήν</strong></span> <span class='ocrx_word' id='word_1_547' title='bbox 2452 3521 2517 3573; x_wconf 91' lang='grc' dir='ltr'><strong>γε</strong></span> <span class='ocrx_word' id='word_1_548' title='bbox 2572 3503 2680 3576; x_wconf 83' lang='grc' dir='ltr'>μὴν</span> <span class='ocrx_word' id='word_1_549' title='bbox 2734 3505 2816 3568; x_wconf 89' lang='grc' dir='ltr'><strong>είς</strong></span> <span class='ocrx_word' id='word_1_550' title='bbox 2873 3502 2974 3575; x_wconf 80' lang='grc' dir='ltr'>τὴν</span> <span class='ocrx_word' id='word_1_551' title='bbox 3015 3502 3328 3575; x_wconf 85' lang='grc' dir='ltr'>παραϐολὴν</span> <span class='ocrx_word' id='word_1_552' title='bbox 3373 3502 3679 3575; x_wconf 75' lang='grc' dir='ltr'>ἑρμηνείαν</span> <span class='ocrx_word' id='word_1_553' title='bbox 3711 3506 3827 3558; x_wconf 75' lang='grc' dir='ltr'>ἐπι·</span> 
     </span>
    </p>
   </div>
   <div class='ocr_carea' id='block_1_78' title="bbox 2238 3595 3832 3669">
    <p class='ocr_par' dir='ltr' id='par_1_78' title="bbox 2238 3595 3832 3669">
     <span class='ocr_line' id='line_1_78' title="bbox 2238 3595 3832 3669; baseline -0.001 -18"><span class='ocrx_word' id='word_1_554' title='bbox 2238 3595 2559 3667; x_wconf 84' lang='grc' dir='ltr'>τεμνόμενοί</span> <span class='ocrx_word' id='word_1_555' title='bbox 2593 3613 2774 3668; x_wconf 84' lang='grc' dir='ltr'>φαμεν</span> <span class='ocrx_word' id='word_1_556' title='bbox 2797 3611 2812 3627; x_wconf 86' lang='grc'><strong>·</strong></span> <span class='ocrx_word' id='word_1_557' title='bbox 2856 3595 3155 3649; x_wconf 81' lang='grc' dir='ltr'>’Υπέλαϐόν</span> <span class='ocrx_word' id='word_1_558' title='bbox 3183 3612 3328 3659; x_wconf 86' lang='grc' dir='ltr'>τινες</span> <span class='ocrx_word' id='word_1_559' title='bbox 3356 3595 3496 3649; x_wconf 77' lang='grc' dir='ltr'>κατὰ</span> <span class='ocrx_word' id='word_1_560' title='bbox 3524 3596 3631 3668; x_wconf 78' lang='grc' dir='ltr'>τὴν</span> <span class='ocrx_word' id='word_1_561' title='bbox 3679 3597 3832 3669; x_wconf 79' lang='grc' dir='ltr'>πρώ-</span> 
     </span>
    </p>
   </div>
   <div class='ocr_carea' id='block_1_79' title="bbox 2237 3687 3835 3761">
    <p class='ocr_par' dir='ltr' id='par_1_79' title="bbox 2237 3687 3835 3761">
     <span class='ocr_line' id='line_1_79' title="bbox 2237 3687 3835 3761; baseline -0.001 -17"><span class='ocrx_word' id='word_1_562' title='bbox 2237 3707 2338 3761; x_wconf 90' lang='grc' dir='ltr'><strong>την</strong></span> <span class='ocrx_word' id='word_1_563' title='bbox 2355 3688 2448 3742; x_wconf 81' lang='grc' dir='ltr'>τοῦ</span> <span class='ocrx_word' id='word_1_564' title='bbox 2473 3689 2725 3760; x_wconf 82' lang='grc' dir='ltr'>Σωτῆρος</span> <span class='ocrx_word' id='word_1_565' title='bbox 2750 3687 2908 3760; x_wconf 79' lang='grc' dir='ltr'>ἡμῶν</span> <span class='ocrx_word' id='word_1_566' title='bbox 2946 3688 3250 3760; x_wconf 79' lang='grc' dir='ltr'>παρουσίαν</span> <span class='ocrx_word' id='word_1_567' title='bbox 3279 3687 3379 3758; x_wconf 82' lang='grc' dir='ltr'>τὴν</span> <span class='ocrx_word' id='word_1_568' title='bbox 3413 3687 3704 3757; x_wconf 82' lang='grc' dir='ltr'>βασιλείαν</span> <span class='ocrx_word' id='word_1_569' title='bbox 3736 3692 3835 3743; x_wconf 67' lang='grc' dir='ltr'><strong>αὒ-</strong></span> 
     </span>
    </p>
   </div>
   <div class='ocr_carea' id='block_1_80' title="bbox 2238 3778 3836 3855">
    <p class='ocr_par' dir='ltr' id='par_1_80' title="bbox 2238 3778 3836 3855">
     <span class='ocr_line' id='line_1_80' title="bbox 2238 3778 3836 3855; baseline -0.001 -18"><span class='ocrx_word' id='word_1_570' title='bbox 2238 3782 2332 3837; x_wconf 85' lang='grc' dir='ltr'><strong>τοῡ</strong></span> <span class='ocrx_word' id='word_1_571' title='bbox 2364 3781 2689 3853; x_wconf 82' lang='grc' dir='ltr'>γενήσεσθαι</span> <span class='ocrx_word' id='word_1_572' title='bbox 2708 3798 2722 3812; x_wconf 74' lang='grc' dir='ltr'><strong>ο</strong></span> <span class='ocrx_word' id='word_1_573' title='bbox 2749 3782 2854 3836; x_wconf 67' lang='grc' dir='ltr'>καὶ</span> <span class='ocrx_word' id='word_1_574' title='bbox 2886 3779 3043 3835; x_wconf 82' lang='grc' dir='ltr'>τοῦτο</span> <span class='ocrx_word' id='word_1_575' title='bbox 3094 3778 3342 3851; x_wconf 72' lang='grc' dir='ltr'>ἐνόμιζον</span> <span class='ocrx_word' id='word_1_576' title='bbox 3369 3780 3586 3835; x_wconf 76' lang='grc' dir='ltr'>ἔσεσθαι</span> <span class='ocrx_word' id='word_1_577' title='bbox 3650 3799 3836 3855; x_wconf 77' lang='grc' dir='ltr'>παρα-</span> 
     </span>
    </p>
   </div>
   <div class='ocr_carea' id='block_1_81' title="bbox 2240 3871 3836 3945">
    <p class='ocr_par' dir='ltr' id='par_1_81' title="bbox 2240 3871 3836 3945">
     <span class='ocr_line' id='line_1_81' title="bbox 2240 3871 3836 3945; baseline -0.004 -14"><span class='ocrx_word' id='word_1_578' title='bbox 2240 3874 2427 3945; x_wconf 83' lang='grc' dir='ltr'>χρῆμα</span> <span class='ocrx_word' id='word_1_579' title='bbox 2448 3874 2568 3928; x_wconf 83' lang='grc' dir='ltr'>τότε</span> <span class='ocrx_word' id='word_1_580' title='bbox 2595 3872 2814 3928; x_wconf 75' lang='grc' dir='ltr'>ἐπειδὰν</span> <span class='ocrx_word' id='word_1_581' title='bbox 2847 3871 3009 3943; x_wconf 75' lang='grc' dir='ltr'>ἐπιϐῇ</span> <span class='ocrx_word' id='word_1_582' title='bbox 3038 3875 3151 3935; x_wconf 81' lang='grc' dir='ltr'>τοῖς</span> <span class='ocrx_word' id='word_1_583' title='bbox 3193 3872 3584 3944; x_wconf 77' lang='grc' dir='ltr'>Ἱεροσολύμοις</span> <span class='ocrx_word' id='word_1_584' title='bbox 3602 3890 3621 3903; x_wconf 86' lang='grc'><strong>·</strong></span> <span class='ocrx_word' id='word_1_585' title='bbox 3654 3873 3836 3938; x_wconf 74' lang='grc' dir='ltr'>οὕτως</span> 
     </span>
    </p>
   </div>
   <div class='ocr_carea' id='block_1_82' title="bbox 2241 3962 3836 4037">
    <p class='ocr_par' dir='ltr' id='par_1_82' title="bbox 2241 3962 3836 4037">
     <span class='ocr_line' id='line_1_82' title="bbox 2241 3962 3836 4037; baseline 0 -19"><span class='ocrx_word' id='word_1_586' title='bbox 2241 3964 2567 4037; x_wconf 73' lang='grc' dir='ltr'>ἐξέπληττον</span> <span class='ocrx_word' id='word_1_587' title='bbox 2614 3964 2810 4029; x_wconf 79' lang='grc' dir='ltr'>αὐτοὺς</span> <span class='ocrx_word' id='word_1_588' title='bbox 2849 3964 2906 4017; x_wconf 79' lang='grc' dir='ltr'>αἱ</span> <span class='ocrx_word' id='word_1_589' title='bbox 2950 3963 3266 4034; x_wconf 86' lang='grc' dir='ltr'>θεοσημείαι</span> <span class='ocrx_word' id='word_1_590' title='bbox 3313 3963 3405 4017; x_wconf 80' lang='grc' dir='ltr'><strong>ὑπ’</strong></span> <span class='ocrx_word' id='word_1_591' title='bbox 3436 3962 3603 4018; x_wconf 78' lang='grc' dir='ltr'>αὑτοῦ</span> <span class='ocrx_word' id='word_1_592' title='bbox 3641 3980 3836 4018; x_wconf 81' lang='grc' dir='ltr'>συντε-</span> 
     </span>
    </p>
   </div>
   <div class='ocr_carea' id='block_1_83' title="bbox 2240 4049 3836 4129">
    <p class='ocr_par' dir='ltr' id='par_1_83' title="bbox 2240 4049 3836 4129">
     <span class='ocr_line' id='line_1_83' title="bbox 2240 4049 3836 4129; baseline 0 -20"><span class='ocrx_word' id='word_1_593' title='bbox 2240 4055 2518 4127; x_wconf 85' lang='grc' dir='ltr'>λούμεναι.</span> <span class='ocrx_word' id='word_1_594' title='bbox 2558 4055 2702 4129; x_wconf 78' lang='grc' dir='ltr'>Πρὸς</span> <span class='ocrx_word' id='word_1_595' title='bbox 2726 4054 2790 4125; x_wconf 81' lang='grc' dir='ltr'>δὴ</span> <span class='ocrx_word' id='word_1_596' title='bbox 2810 4049 2905 4109; x_wconf 84' lang='grc' dir='ltr'>οὖν</span> <span class='ocrx_word' id='word_1_597' title='bbox 2933 4053 3138 4125; x_wconf 85' lang='grc' dir='ltr'>ταύτην</span> <span class='ocrx_word' id='word_1_598' title='bbox 3168 4054 3267 4126; x_wconf 73' lang='grc' dir='ltr'>τὴν</span> <span class='ocrx_word' id='word_1_599' title='bbox 3293 4054 3548 4109; x_wconf 82' lang='grc' dir='ltr'>ὑπόνοιαν</span> <span class='ocrx_word' id='word_1_600' title='bbox 3567 4056 3595 4108; x_wconf 80' lang='grc' dir='ltr'><strong>ό</strong></span> <span class='ocrx_word' id='word_1_601' title='bbox 3636 4056 3836 4126; x_wconf 62' lang='grc' dir='ltr'>Σωτὴρ</span> 
     </span>
    </p>
   </div>
   <div class='ocr_carea' id='block_1_84' title="bbox 2241 4144 3838 4218">
    <p class='ocr_par' dir='ltr' id='par_1_84' title="bbox 2241 4144 3838 4218">
     <span class='ocr_line' id='line_1_84' title="bbox 2241 4144 3838 4218; baseline -0.001 -19"><span class='ocrx_word' id='word_1_602' title='bbox 2241 4145 2502 4211; x_wconf 83' lang='grc' dir='ltr'>διδάσκει,</span> <span class='ocrx_word' id='word_1_603' title='bbox 2533 4146 2609 4217; x_wconf 86' lang='grc' dir='ltr'>μὴ</span> <span class='ocrx_word' id='word_1_604' title='bbox 2642 4146 2903 4218; x_wconf 87' lang='grc' dir='ltr'>πρότερον</span> <span class='ocrx_word' id='word_1_605' title='bbox 2930 4144 3092 4199; x_wconf 76' lang='grc' dir='ltr'>αὐτὸν</span> <span class='ocrx_word' id='word_1_606' title='bbox 3134 4144 3286 4217; x_wconf 78' lang='grc' dir='ltr'>παρὰ</span> <span class='ocrx_word' id='word_1_607' title='bbox 3324 4144 3417 4199; x_wconf 79' lang='grc' dir='ltr'>τοῦ</span> <span class='ocrx_word' id='word_1_608' title='bbox 3460 4145 3687 4217; x_wconf 72' lang='grc' dir='ltr'>Πατρὸς</span> <span class='ocrx_word' id='word_1_609' title='bbox 3737 4147 3838 4216; x_wconf 69' lang='grc' dir='ltr'>τὴν</span> 
     </span>
    </p>
   </div>
   <div class='ocr_carea' id='block_1_85' title="bbox 2244 4237 3839 4311">
    <p class='ocr_par' dir='ltr' id='par_1_85' title="bbox 2244 4237 3839 4311">
     <span class='ocr_line' id='line_1_85' title="bbox 2244 4237 3839 4311; baseline -0.001 -19"><span class='ocrx_word' id='word_1_610' title='bbox 2244 4238 2520 4309; x_wconf 82' lang='grc' dir='ltr'>βασιλείαν</span> <span class='ocrx_word' id='word_1_611' title='bbox 2563 4237 2960 4311; x_wconf 72' lang='grc' dir='ltr'>ἀπολήψεσθαι,</span> <span class='ocrx_word' id='word_1_612' title='bbox 3006 4239 3036 4309; x_wconf 80' lang='grc' dir='ltr'>ἢ</span> <span class='ocrx_word' id='word_1_613' title='bbox 3099 4238 3197 4310; x_wconf 82' lang='grc' dir='ltr'>τὴν</span> <span class='ocrx_word' id='word_1_614' title='bbox 3243 4238 3553 4310; x_wconf 80' lang='grc' dir='ltr'>ἀποδημίαν</span> <span class='ocrx_word' id='word_1_615' title='bbox 3605 4237 3715 4310; x_wconf 79' lang='grc' dir='ltr'>τὴν</span> <span class='ocrx_word' id='word_1_616' title='bbox 3778 4240 3839 4305; x_wconf 73' lang='grc' dir='ltr'>ἐξ</span> 
     </span>
    </p>
   </div>
   <div class='ocr_carea' id='block_1_86' title="bbox 2242 4328 3838 4404">
    <p class='ocr_par' dir='ltr' id='par_1_86' title="bbox 2242 4328 3838 4404">
     <span class='ocr_line' id='line_1_86' title="bbox 2242 4328 3838 4404; baseline -0.002 -19"><span class='ocrx_word' id='word_1_617' title='bbox 2242 4330 2546 4404; x_wconf 85' lang='grc' dir='ltr'>ἀνθρώπων</span> <span class='ocrx_word' id='word_1_618' title='bbox 2578 4329 2713 4404; x_wconf 73' lang='grc' dir='ltr'>πρὸς</span> <span class='ocrx_word' id='word_1_619' title='bbox 2758 4329 2847 4384; x_wconf 85' lang='grc' dir='ltr'>τὸν</span> <span class='ocrx_word' id='word_1_620' title='bbox 2897 4329 3116 4401; x_wconf 80' lang='grc' dir='ltr'>Πατέρα</span> <span class='ocrx_word' id='word_1_621' title='bbox 3173 4328 3502 4382; x_wconf 88' lang='grc' dir='ltr'>στείλασθαι.</span> <span class='ocrx_word' id='word_1_622' title='bbox 3552 4328 3739 4383; x_wconf 74' lang='grc' dir='ltr'>Τοῦτο</span> <span class='ocrx_word' id='word_1_623' title='bbox 3778 4329 3838 4382; x_wconf 75' lang='grc' dir='ltr'>δὲ</span> 
     </span>
    </p>
   </div>
   <div class='ocr_carea' id='block_1_87' title="bbox 2242 4422 3838 4495">
    <p class='ocr_par' dir='ltr' id='par_1_87' title="bbox 2242 4422 3838 4495">
     <span class='ocr_line' id='line_1_87' title="bbox 2242 4422 3838 4495; baseline -0.003 -17"><span class='ocrx_word' id='word_1_624' title='bbox 2242 4423 2332 4478; x_wconf 82' lang='grc' dir='ltr'>διὰ</span> <span class='ocrx_word' id='word_1_625' title='bbox 2372 4423 2474 4495; x_wconf 80' lang='grc' dir='ltr'>τῆς</span> <span class='ocrx_word' id='word_1_626' title='bbox 2523 4423 2838 4494; x_wconf 83' lang='grc' dir='ltr'>παραϐολῆς</span> <span class='ocrx_word' id='word_1_627' title='bbox 2890 4424 3164 4495; x_wconf 80' lang='grc' dir='ltr'>παρίστη,</span> <span class='ocrx_word' id='word_1_628' title='bbox 3216 4422 3389 4491; x_wconf 78' lang='grc' dir='ltr'>λέγων</span> <span class='ocrx_word' id='word_1_629' title='bbox 3410 4438 3425 4453; x_wconf 87' lang='grc'><strong>·</strong></span> <span class='ocrx_word' id='word_1_630' title='bbox 3489 4422 3838 4489; x_wconf 70' lang='grc' dir='ltr'>Ἄνθρωπός</span> 
     </span>
    </p>
   </div>
   <div class='ocr_carea' id='block_1_88' title="bbox 561 4511 2134 4594">
    <p class='ocr_par' dir='ltr' id='par_1_88' title="bbox 561 4516 2134 4594">
     <span class='ocr_line' id='line_1_88' title="bbox 561 4516 2134 4594; baseline -0.008 -11"><span class='ocrx_word' id='word_1_631' title='bbox 561 4525 799 4583; x_wconf 77' lang='lat' dir='ltr'><strong>nobilem</strong></span> <span class='ocrx_word' id='word_1_632' title='bbox 830 4523 1050 4594; x_wconf 87' lang='lat' dir='ltr'><strong>quidem</strong></span> <span class='ocrx_word' id='word_1_633' title='bbox 1076 4529 1250 4579; x_wconf 81' lang='lat' dir='ltr'><strong>semet</strong></span> <span class='ocrx_word' id='word_1_634' title='bbox 1282 4519 1561 4590; x_wconf 89' lang='lat' dir='ltr'><strong>appellans</strong></span> <span class='ocrx_word' id='word_1_635' title='bbox 1599 4526 1816 4588; x_wconf 88' lang='lat' dir='ltr'><strong>propter</strong></span> <span class='ocrx_word' id='word_1_636' title='bbox 1865 4516 2134 4573; x_wconf 86' lang='lat' dir='ltr'><strong>carnalem</strong></span> 
     </span>
    </p>
   </div>
   <div class='ocr_carea' id='block_1_89' title="bbox 2238 4511 3839 4594">
    <p class='ocr_par' dir='ltr' id='par_1_89' title="bbox 2243 4511 3839 4586">
     <span class='ocr_line' id='line_1_89' title="bbox 2243 4511 3839 4586; baseline -0.002 -17"><span class='ocrx_word' id='word_1_637' title='bbox 2243 4533 2332 4583; x_wconf 85' lang='grc' dir='ltr'><strong>τις</strong></span> <span class='ocrx_word' id='word_1_638' title='bbox 2381 4515 2635 4586; x_wconf 80' lang='grc' dir='ltr'>εὐγενὴς</span> <span class='ocrx_word' id='word_1_639' title='bbox 2684 4515 2975 4583; x_wconf 72' lang='grc' dir='ltr'>ἐπορεύθη</span> <span class='ocrx_word' id='word_1_640' title='bbox 3020 4516 3109 4581; x_wconf 79' lang='grc' dir='ltr'>εις</span> <span class='ocrx_word' id='word_1_641' title='bbox 3164 4512 3365 4583; x_wconf 79' lang='grc' dir='ltr'>χώραν</span> <span class='ocrx_word' id='word_1_642' title='bbox 3414 4511 3685 4581; x_wconf 77' lang='grc' dir='ltr'>μακρὰν,</span> <span class='ocrx_word' id='word_1_643' title='bbox 3729 4516 3839 4567; x_wconf 81' lang='lat' dir='ltr'><strong>.la-</strong></span> 
     </span>
    </p>
   </div>
   <div class='ocr_carea' id='block_1_90' title="bbox 563 4609 2143 4686">
    <p class='ocr_par' dir='ltr' id='par_1_90' title="bbox 563 4609 2143 4686">
     <span class='ocr_line' id='line_1_90' title="bbox 563 4609 2143 4686; baseline -0.008 -11"><span class='ocrx_word' id='word_1_644' title='bbox 563 4619 903 4675; x_wconf 87' lang='lat' dir='ltr'><strong>nativitatem</strong></span> <span class='ocrx_word' id='word_1_645' title='bbox 956 4631 1121 4686; x_wconf 86' lang='lat' dir='ltr'><strong>quam</strong></span> <span class='ocrx_word' id='word_1_646' title='bbox 1159 4629 1229 4671; x_wconf 79' lang='lat' dir='ltr'><strong>ex</strong></span> <span class='ocrx_word' id='word_1_647' title='bbox 1262 4613 1603 4676; x_wconf 81' lang='lat' dir='ltr'><strong>Abrahamo,</strong></span> <span class='ocrx_word' id='word_1_648' title='bbox 1650 4610 1858 4677; x_wconf 87' lang='lat' dir='ltr'><strong>lsaaco,</strong></span> <span class='ocrx_word' id='word_1_649' title='bbox 1914 4609 2143 4675; x_wconf 85' lang='lat' dir='ltr'><strong>Jacobo,</strong></span> 
     </span>
    </p>
   </div>
   <div class='ocr_carea' id='block_1_91' title="bbox 562 4701 2145 4780">
    <p class='ocr_par' dir='ltr' id='par_1_91' title="bbox 562 4701 2145 4780">
     <span class='ocr_line' id='line_1_91' title="bbox 562 4701 2145 4780; baseline -0.006 -13"><span class='ocrx_word' id='word_1_650' title='bbox 562 4711 788 4777; x_wconf 75' lang='lat' dir='ltr'><strong>Doride,</strong></span> <span class='ocrx_word' id='word_1_651' title='bbox 821 4719 986 4780; x_wconf 88' lang='lat' dir='ltr'><strong>atque</strong></span> <span class='ocrx_word' id='word_1_652' title='bbox 1014 4710 1208 4764; x_wconf 85' lang='lat' dir='ltr'><strong>horum</strong></span> <span class='ocrx_word' id='word_1_653' title='bbox 1242 4703 1481 4777; x_wconf 86' lang='lat' dir='ltr'><strong>posteris</strong></span> <span class='ocrx_word' id='word_1_654' title='bbox 1507 4702 1736 4760; x_wconf 90' lang='lat' dir='ltr'><strong>sortitus</strong></span> <span class='ocrx_word' id='word_1_655' title='bbox 1776 4714 1917 4758; x_wconf 90' lang='lat' dir='ltr'><strong>erat.</strong></span> <span class='ocrx_word' id='word_1_656' title='bbox 1961 4701 2145 4769; x_wconf 82' lang='lat' dir='ltr'><strong>Quare</strong></span> 
     </span>
    </p>
   </div>
   <div class='ocr_carea' id='block_1_92' title="bbox 561 4795 2143 4866">
    <p class='ocr_par' dir='ltr' id='par_1_92' title="bbox 561 4795 2143 4866">
     <span class='ocr_line' id='line_1_92' title="bbox 561 4795 2143 4866; baseline -0.008 -5"><span class='ocrx_word' id='word_1_657' title='bbox 561 4815 617 4861; x_wconf 89' lang='lat' dir='ltr'><strong>et</strong></span> <span class='ocrx_word' id='word_1_658' title='bbox 645 4805 919 4861; x_wconf 89' lang='lat' dir='ltr'><strong>hominem</strong></span> <span class='ocrx_word' id='word_1_659' title='bbox 947 4817 1007 4859; x_wconf 89' lang='lat' dir='ltr'><strong>se</strong></span> <span class='ocrx_word' id='word_1_660' title='bbox 1062 4799 1383 4857; x_wconf 80' lang='lat' dir='ltr'><strong>nominavit.</strong></span> <span class='ocrx_word' id='word_1_661' title='bbox 1415 4798 1549 4852; x_wconf 85' lang='lat' dir='ltr'><strong>Dum</strong></span> <span class='ocrx_word' id='word_1_662' title='bbox 1581 4811 1710 4852; x_wconf 85' lang='lat' dir='ltr'><strong>vero</strong></span> <span class='ocrx_word' id='word_1_663' title='bbox 1740 4795 1817 4849; x_wconf 86' lang='lat' dir='ltr'><strong>ait</strong></span> <span class='ocrx_word' id='word_1_664' title='bbox 1841 4795 2143 4866; x_wconf 77' lang='lat' dir='ltr'><strong>profectum</strong></span> 
     </span>
    </p>
   </div>
   <div class='ocr_carea' id='block_1_93' title="bbox 563 4886 2142 4968">
    <p class='ocr_par' dir='ltr' id='par_1_93' title="bbox 563 4886 2142 4968">
     <span class='ocr_line' id='line_1_93' title="bbox 563 4886 2142 4968; baseline -0.009 -15"><span class='ocrx_word' id='word_1_665' title='bbox 563 4899 618 4954; x_wconf 88' lang='lat' dir='ltr'><strong>in</strong></span> <span class='ocrx_word' id='word_1_666' title='bbox 650 4898 922 4968; x_wconf 86' lang='lat' dir='ltr'><strong>regionem</strong></span> <span class='ocrx_word' id='word_1_667' title='bbox 954 4893 1328 4964; x_wconf 86' lang='lat' dir='ltr'><strong>longinquam,</strong></span> <span class='ocrx_word' id='word_1_668' title='bbox 1361 4904 1520 4945; x_wconf 88' lang='lat' dir='ltr'><strong>suum</strong></span> <span class='ocrx_word' id='word_1_669' title='bbox 1569 4887 1623 4942; x_wconf 89' lang='lat' dir='ltr'><strong>in</strong></span> <span class='ocrx_word' id='word_1_670' title='bbox 1658 4886 1856 4942; x_wconf 74' lang='lat' dir='ltr'><strong>cmlum</strong></span> <span class='ocrx_word' id='word_1_671' title='bbox 1900 4887 1966 4942; x_wconf 88' lang='lat' dir='ltr'><strong>de</strong></span> <span class='ocrx_word' id='word_1_672' title='bbox 2001 4894 2142 4939; x_wconf 88' lang='lat' dir='ltr'><strong>terra</strong></span> 
     </span>
    </p>
   </div>
   <div class='ocr_carea' id='block_1_94' title="bbox 565 4977 2146 5054">
    <p class='ocr_par' dir='ltr' id='par_1_94' title="bbox 565 4977 2146 5054">
     <span class='ocr_line' id='line_1_94' title="bbox 565 4977 2146 5054; baseline -0.006 -13"><span class='ocrx_word' id='word_1_673' title='bbox 565 4986 800 5041; x_wconf 88' lang='lat' dir='ltr'><strong>reditum</strong></span> <span class='ocrx_word' id='word_1_674' title='bbox 838 4983 1195 5054; x_wconf 70' lang='lat' dir='ltr'><strong>signiﬁcavit.</strong></span> <span class='ocrx_word' id='word_1_675' title='bbox 1241 4980 1464 5036; x_wconf 83' lang='lat' dir='ltr'><strong>Addens</strong></span> <span class='ocrx_word' id='word_1_676' title='bbox 1521 4977 1774 5048; x_wconf 88' lang='lat' dir='ltr'><strong>denique.</strong></span> <span class='ocrx_word' id='word_1_677' title='bbox 1807 4990 1867 5032; x_wconf 87' lang='lat' dir='ltr'><strong>se</strong></span> <span class='ocrx_word' id='word_1_678' title='bbox 1920 4986 2146 5047; x_wconf 88' lang='lat' dir='ltr'><strong>accepto</strong></span> 
     </span>
    </p>
   </div>
   <div class='ocr_carea' id='block_1_95' title="bbox 566 5068 2144 5145">
    <p class='ocr_par' dir='ltr' id='par_1_95' title="bbox 566 5068 2144 5145">
     <span class='ocr_line' id='line_1_95' title="bbox 566 5068 2144 5145; baseline -0.004 -15"><span class='ocrx_word' id='word_1_679' title='bbox 566 5091 737 5145; x_wconf 88' lang='lat' dir='ltr'><strong>regno</strong></span> <span class='ocrx_word' id='word_1_680' title='bbox 764 5088 1133 5139; x_wconf 83' lang='lat' dir='ltr'><strong>reversurum,</strong></span> <span class='ocrx_word' id='word_1_681' title='bbox 1177 5072 1473 5130; x_wconf 84' lang='lat' dir='ltr'><strong>secundam</strong></span> <span class='ocrx_word' id='word_1_682' title='bbox 1524 5084 1680 5126; x_wconf 89' lang='lat' dir='ltr'><strong>suam</strong></span> <span class='ocrx_word' id='word_1_683' title='bbox 1729 5068 2144 5136; x_wconf 87' lang='lat' dir='ltr'><strong>tbeophaniam,</strong></span> 
     </span>
    </p>
   </div>
   <div class='ocr_carea' id='block_1_96' title="bbox 566 5158 2147 5235">
    <p class='ocr_par' dir='ltr' id='par_1_96' title="bbox 566 5158 2147 5235">
     <span class='ocr_line' id='line_1_96' title="bbox 566 5158 2147 5235; baseline -0.003 -16"><span class='ocrx_word' id='word_1_684' title='bbox 566 5166 858 5234; x_wconf 80' lang='lat' dir='ltr'><strong>gloriosam</strong></span> <span class='ocrx_word' id='word_1_685' title='bbox 884 5176 1047 5235; x_wconf 87' lang='lat' dir='ltr'><strong>atque</strong></span> <span class='ocrx_word' id='word_1_686' title='bbox 1070 5163 1329 5235; x_wconf 75' lang='lat' dir='ltr'><strong>regalem,</strong></span> <span class='ocrx_word' id='word_1_687' title='bbox 1357 5160 1652 5217; x_wconf 85' lang='lat' dir='ltr'><strong>denotavit.</strong></span> <span class='ocrx_word' id='word_1_688' title='bbox 1684 5158 1855 5215; x_wconf 84' lang='lat' dir='ltr'><strong>Porro</strong></span> <span class='ocrx_word' id='word_1_689' title='bbox 1878 5159 2147 5230; x_wconf 68' lang='lat' dir='ltr'><strong>praedictae</strong></span> 
     </span>
    </p>
   </div>
   <div class='ocr_carea' id='block_1_97' title="bbox 571 5250 2145 5327">
    <p class='ocr_par' dir='ltr' id='par_1_97' title="bbox 571 5250 2145 5327">
     <span class='ocr_line' id='line_1_97' title="bbox 571 5250 2145 5327; baseline -0.006 -16"><span class='ocrx_word' id='word_1_690' title='bbox 571 5268 817 5327; x_wconf 85' lang='lat' dir='ltr'><strong>tempore</strong></span> <span class='ocrx_word' id='word_1_691' title='bbox 844 5255 1305 5324; x_wconf 85' lang='lat' dir='ltr'><strong>peregrinationis</strong></span> <span class='ocrx_word' id='word_1_692' title='bbox 1331 5266 1523 5308; x_wconf 84' lang='lat' dir='ltr'><strong>servos</strong></span> <span class='ocrx_word' id='word_1_693' title='bbox 1553 5250 1699 5307; x_wconf 88' lang='lat' dir='ltr'><strong>illius</strong></span> <span class='ocrx_word' id='word_1_694' title='bbox 1730 5250 1862 5306; x_wconf 90' lang='lat' dir='ltr'><strong>dicit</strong></span> <span class='ocrx_word' id='word_1_695' title='bbox 1890 5258 2145 5319; x_wconf 84' lang='lat' dir='ltr'><strong>acceptas</strong></span> 
     </span>
    </p>
   </div>
   <div class='ocr_carea' id='block_1_98' title="bbox 570 5343 2148 5415">
    <p class='ocr_par' dir='ltr' id='par_1_98' title="bbox 570 5343 2148 5415">
     <span class='ocr_line' id='line_1_98' title="bbox 570 5343 2148 5415; baseline -0.004 -10"><span class='ocrx_word' id='word_1_696' title='bbox 570 5350 747 5405; x_wconf 86' lang='lat' dir='ltr'><strong>minas</strong></span> <span class='ocrx_word' id='word_1_697' title='bbox 803 5349 1021 5405; x_wconf 84' lang='lat' dir='ltr'><strong>diverso</strong></span> <span class='ocrx_word' id='word_1_698' title='bbox 1067 5362 1323 5404; x_wconf 84' lang='lat' dir='ltr'><strong>successu</strong></span> <span class='ocrx_word' id='word_1_699' title='bbox 1381 5345 1551 5400; x_wconf 84' lang='lat' dir='ltr'><strong>fuisse</strong></span> <span class='ocrx_word' id='word_1_700' title='bbox 1612 5344 1917 5415; x_wconf 87' lang='lat' dir='ltr'><strong>negotiatos</strong></span> <span class='ocrx_word' id='word_1_701' title='bbox 1947 5361 1962 5399; x_wconf 91' lang='lat'><strong>:</strong></span> <span class='ocrx_word' id='word_1_702' title='bbox 1995 5343 2148 5399; x_wconf 84' lang='lat' dir='ltr'><strong>cives</strong></span> 
     </span>
    </p>
   </div>
   <div class='ocr_carea' id='block_1_99' title="bbox 571 5435 2148 5512">
    <p class='ocr_par' dir='ltr' id='par_1_99' title="bbox 571 5435 2148 5512">
     <span class='ocr_line' id='line_1_99' title="bbox 571 5435 2148 5512; baseline -0.004 -13"><span class='ocrx_word' id='word_1_703' title='bbox 571 5457 699 5499; x_wconf 78' lang='lat' dir='ltr'><strong>vero</strong></span> <span class='ocrx_word' id='word_1_704' title='bbox 726 5442 970 5512; x_wconf 86' lang='lat' dir='ltr'><strong>ejusdem</strong></span> <span class='ocrx_word' id='word_1_705' title='bbox 1009 5441 1114 5510; x_wconf 89' lang='lat' dir='ltr'><strong>ipsi</strong></span> <span class='ocrx_word' id='word_1_706' title='bbox 1163 5438 1426 5507; x_wconf 81' lang='lat' dir='ltr'><strong>infensos,</strong></span> <span class='ocrx_word' id='word_1_707' title='bbox 1460 5438 1624 5493; x_wconf 88' lang='lat' dir='ltr'><strong>missa</strong></span> <span class='ocrx_word' id='word_1_708' title='bbox 1678 5446 1801 5509; x_wconf 91' lang='lat' dir='ltr'><strong>post</strong></span> <span class='ocrx_word' id='word_1_709' title='bbox 1843 5450 1966 5492; x_wconf 90' lang='lat' dir='ltr'><strong>eum</strong></span> <span class='ocrx_word' id='word_1_710' title='bbox 2001 5435 2148 5510; x_wconf 88' lang='lat' dir='ltr'><strong>lega-</strong></span> 
     </span>
    </p>
   </div>
   <div class='ocr_carea' id='block_1_100' title="bbox 641 5555 1111 5621">
    <p class='ocr_par' dir='ltr' id='par_1_100' title="bbox 641 5555 1111 5621">
     <span class='ocr_line' id='line_1_100' title="bbox 641 5555 1111 5621; baseline -0.011 -7"><span class='ocrx_word' id='word_1_711' title='bbox 641 5558 687 5591; x_wconf 79' lang='lat'>“</span> <span class='ocrx_word' id='word_1_712' title='bbox 717 5557 845 5614; x_wconf 86' lang='lat' dir='ltr'><strong>Luc.</strong></span> <span class='ocrx_word' id='word_1_713' title='bbox 880 5572 993 5621; x_wconf 77' lang='lat' dir='ltr'><strong>xu,</strong></span> <span class='ocrx_word' id='word_1_714' title='bbox 1023 5555 1111 5610; x_wconf 72' lang='grc'><strong>19.</strong></span> 
     </span>
    </p>
   </div>
   <div class='ocr_carea' id='block_1_101' title="bbox 574 5652 2137 5724">
    <p class='ocr_par' dir='ltr' id='par_1_101' title="bbox 574 5652 2137 5724">
     <span class='ocr_line' id='line_1_101' title="bbox 574 5652 2137 5724; baseline 0.003 -17"><span class='ocrx_word' id='word_1_715' title='bbox 574 5657 862 5721; x_wconf 76' lang='lat' dir='ltr'><strong>videatur;</strong></span> <span class='ocrx_word' id='word_1_716' title='bbox 914 5652 1070 5721; x_wconf 86' lang='lat' dir='ltr'><strong>isque</strong></span> <span class='ocrx_word' id='word_1_717' title='bbox 1122 5652 1301 5724; x_wconf 88' lang='lat' dir='ltr'><strong>lingua</strong></span> <span class='ocrx_word' id='word_1_718' title='bbox 1362 5652 1647 5710; x_wconf 59' lang='lat' dir='ltr'><strong>Palaestina</strong></span> <span class='ocrx_word' id='word_1_719' title='bbox 1721 5656 1995 5711; x_wconf 85' lang='lat' dir='ltr'><strong>contineat</strong></span> <span class='ocrx_word' id='word_1_720' title='bbox 2061 5672 2137 5711; x_wconf 86' lang='lat' dir='ltr'><strong>ss.</strong></span> 
     </span>
    </p>
   </div>
   <div class='ocr_carea' id='block_1_102' title="bbox 574 5724 2136 5797">
    <p class='ocr_par' dir='ltr' id='par_1_102' title="bbox 574 5724 2136 5797">
     <span class='ocr_line' id='line_1_102' title="bbox 574 5724 2136 5797; baseline 0.001 -18"><span class='ocrx_word' id='word_1_721' title='bbox 574 5726 883 5797; x_wconf 80' lang='lat' dir='ltr'><strong>Evangelia,</strong></span> <span class='ocrx_word' id='word_1_722' title='bbox 924 5724 1119 5794; x_wconf 89' lang='lat' dir='ltr'><strong>cupide</strong></span> <span class='ocrx_word' id='word_1_723' title='bbox 1154 5725 1399 5797; x_wconf 59' lang='lat' dir='ltr'><strong>consului</strong></span> <span class='ocrx_word' id='word_1_724' title='bbox 1430 5740 1557 5797; x_wconf 82' lang='lat' dir='ltr'><strong>num</strong></span> <span class='ocrx_word' id='word_1_725' title='bbox 1603 5725 1676 5780; x_wconf 90' lang='lat' dir='ltr'><strong>ibi</strong></span> <span class='ocrx_word' id='word_1_726' title='bbox 1732 5727 1845 5797; x_wconf 78' lang='lat' dir='ltr'><strong>haec</strong></span> <span class='ocrx_word' id='word_1_727' title='bbox 1879 5727 2136 5795; x_wconf 75' lang='lat' dir='ltr'><strong>parabole</strong></span> 
     </span>
    </p>
   </div>
   <div class='ocr_carea' id='block_1_103' title="bbox 572 5794 2134 5868">
    <p class='ocr_par' dir='ltr' id='par_1_103' title="bbox 572 5794 2134 5868">
     <span class='ocr_line' id='line_1_103' title="bbox 572 5794 2134 5868; baseline 0 -15"><span class='ocrx_word' id='word_1_728' title='bbox 572 5797 648 5853; x_wconf 80' lang='lat' dir='ltr'><strong>ita</strong></span> <span class='ocrx_word' id='word_1_729' title='bbox 664 5794 954 5868; x_wconf 62' lang='lat' dir='ltr'><strong>legeretur,</strong></span> <span class='ocrx_word' id='word_1_730' title='bbox 983 5803 1043 5853; x_wconf 89' lang='lat' dir='ltr'><strong>ut</strong></span> <span class='ocrx_word' id='word_1_731' title='bbox 1072 5796 1235 5853; x_wconf 83' lang='lat' dir='ltr'><strong>modo</strong></span> <span class='ocrx_word' id='word_1_732' title='bbox 1258 5797 1335 5852; x_wconf 85' lang='lat' dir='ltr'><strong>ait</strong></span> <span class='ocrx_word' id='word_1_733' title='bbox 1357 5794 1622 5852; x_wconf 82' lang='lat' dir='ltr'><strong>Eusebius</strong></span> <span class='ocrx_word' id='word_1_734' title='bbox 1648 5812 1662 5863; x_wconf 87' lang='lat'><strong>;</strong></span> <span class='ocrx_word' id='word_1_735' title='bbox 1687 5796 1780 5854; x_wconf 85' lang='lat' dir='ltr'><strong>sed</strong></span> <span class='ocrx_word' id='word_1_736' title='bbox 1801 5794 2134 5854; x_wconf 87' lang='lat' dir='ltr'><strong>contrarium</strong></span> 
     </span>
    </p>
   </div>
   <div class='ocr_carea' id='block_1_104' title="bbox 2252 4603 3838 4672">
    <p class='ocr_par' dir='ltr' id='par_1_104' title="bbox 2252 4603 3838 4672">
     <span class='ocr_line' id='line_1_104' title="bbox 2252 4603 3838 4672; baseline -0.002 -11"><span class='ocrx_word' id='word_1_737' title='bbox 2252 4607 2379 4661; x_wconf 68' lang='grc' dir='ltr'>ϐεῐν</span> <span class='ocrx_word' id='word_1_738' title='bbox 2442 4604 2632 4672; x_wconf 82' lang='grc' dir='ltr'>ἐαυτῷ</span> <span class='ocrx_word' id='word_1_739' title='bbox 2699 4606 3027 4670; x_wconf 69' lang='grc' dir='ltr'>,βασιλείαν</span> <span class='ocrx_word' id='word_1_740' title='bbox 3095 4605 3193 4659; x_wconf 79' lang='grc' dir='ltr'><strong>καὶ</strong></span> <span class='ocrx_word' id='word_1_741' title='bbox 3261 4603 3645 4671; x_wconf 68' lang='grc' dir='ltr'>ὑποστρέψαι</span> <span class='ocrx_word' id='word_1_742' title='bbox 3664 4620 3681 4635; x_wconf 75' lang='grc' dir='ltr'><strong>ο</strong></span> <span class='ocrx_word' id='word_1_743' title='bbox 3747 4606 3838 4659; x_wconf 78' lang='grc' dir='ltr'><strong>εὑ-</strong></span> 
     </span>
    </p>
   </div>
   <div class='ocr_carea' id='block_1_105' title="bbox 2250 4695 3839 4773">
    <p class='ocr_par' dir='ltr' id='par_1_105' title="bbox 2250 4695 3839 4773">
     <span class='ocr_line' id='line_1_105' title="bbox 2250 4695 3839 4773; baseline -0.002 -19"><span class='ocrx_word' id='word_1_744' title='bbox 2250 4701 2384 4773; x_wconf 80' lang='grc' dir='ltr'>γενῆ</span> <span class='ocrx_word' id='word_1_745' title='bbox 2429 4700 2526 4773; x_wconf 85' lang='grc' dir='ltr'>μὲν</span> <span class='ocrx_word' id='word_1_746' title='bbox 2563 4700 2755 4754; x_wconf 80' lang='grc' dir='ltr'>ἑαυτὸν</span> <span class='ocrx_word' id='word_1_747' title='bbox 2809 4697 2989 4752; x_wconf 85' lang='grc' dir='ltr'>καλῶν</span> <span class='ocrx_word' id='word_1_748' title='bbox 3037 4697 3126 4752; x_wconf 85' lang='grc' dir='ltr'><strong>διὰ</strong></span> <span class='ocrx_word' id='word_1_749' title='bbox 3175 4696 3273 4769; x_wconf 71' lang='grc' dir='ltr'>τὴν</span> <span class='ocrx_word' id='word_1_750' title='bbox 3312 4695 3454 4750; x_wconf 71' lang='grc' dir='ltr'>κατὰ</span> <span class='ocrx_word' id='word_1_751' title='bbox 3512 4696 3702 4767; x_wconf 79' lang='grc' dir='ltr'>σάρκα</span> <span class='ocrx_word' id='word_1_752' title='bbox 3748 4697 3839 4767; x_wconf 80' lang='grc' dir='ltr'><strong>γέ-</strong></span> 
     </span>
    </p>
   </div>
   <div class='ocr_carea' id='block_1_106' title="bbox 2250 4787 3839 4866">
    <p class='ocr_par' dir='ltr' id='par_1_106' title="bbox 2250 4787 3839 4866">
     <span class='ocr_line' id='line_1_106' title="bbox 2250 4787 3839 4866; baseline -0.004 -17"><span class='ocrx_word' id='word_1_753' title='bbox 2250 4811 2394 4849; x_wconf 91' lang='grc' dir='ltr'>νεσιν</span> <span class='ocrx_word' id='word_1_754' title='bbox 2446 4793 2505 4859; x_wconf 80' lang='grc' dir='ltr'>ἐξ</span> <span class='ocrx_word' id='word_1_755' title='bbox 2554 4792 2799 4866; x_wconf 84' lang='grc' dir='ltr'>Ἀϐραὰμ</span> <span class='ocrx_word' id='word_1_756' title='bbox 2833 4792 2927 4847; x_wconf 73' lang='grc' dir='ltr'>καὶ</span> <span class='ocrx_word' id='word_1_757' title='bbox 2971 4790 3157 4846; x_wconf 71' lang='grc' dir='ltr'>Ἰσαὰκ</span> <span class='ocrx_word' id='word_1_758' title='bbox 3215 4790 3309 4843; x_wconf 76' lang='grc' dir='ltr'>καὶ</span> <span class='ocrx_word' id='word_1_759' title='bbox 3366 4787 3593 4853; x_wconf 83' lang='grc' dir='ltr'>Ἰακὼϐ,</span> <span class='ocrx_word' id='word_1_760' title='bbox 3654 4789 3727 4843; x_wconf 74' lang='grc' dir='ltr'>ἐκ</span> <span class='ocrx_word' id='word_1_761' title='bbox 3779 4807 3839 4842; x_wconf 77' lang='grc' dir='ltr'><strong>τε</strong></span> 
     </span>
    </p>
   </div>
   <div class='ocr_carea' id='block_1_107' title="bbox 2250 4881 3841 4955">
    <p class='ocr_par' dir='ltr' id='par_1_107' title="bbox 2250 4881 3841 4955">
     <span class='ocr_line' id='line_1_107' title="bbox 2250 4881 3841 4955; baseline -0.003 -15"><span class='ocrx_word' id='word_1_762' title='bbox 2250 4887 2415 4941; x_wconf 72' lang='grc' dir='ltr'>Δαϐὶδ</span> <span class='ocrx_word' id='word_1_763' title='bbox 2442 4888 2535 4942; x_wconf 78' lang='grc' dir='ltr'>καὶ</span> <span class='ocrx_word' id='word_1_764' title='bbox 2565 4886 2676 4941; x_wconf 83' lang='grc' dir='ltr'><strong>τῶν</strong></span> <span class='ocrx_word' id='word_1_765' title='bbox 2697 4886 2884 4940; x_wconf 88' lang='grc' dir='ltr'>τούτου</span> <span class='ocrx_word' id='word_1_766' title='bbox 2915 4883 3172 4955; x_wconf 87' lang='grc' dir='ltr'>διαδόχων</span> <span class='ocrx_word' id='word_1_767' title='bbox 3196 4882 3569 4954; x_wconf 82' lang='grc' dir='ltr'>γεγενημένην</span> <span class='ocrx_word' id='word_1_768' title='bbox 3586 4898 3603 4913; x_wconf 88' lang='grc'><strong>·</strong></span> <span class='ocrx_word' id='word_1_769' title='bbox 3628 4881 3723 4936; x_wconf 74' lang='grc' dir='ltr'><strong>διὸ</strong></span> <span class='ocrx_word' id='word_1_770' title='bbox 3747 4885 3841 4935; x_wconf 66' lang='grc' dir='ltr'><strong>καὶ</strong></span> 
     </span>
    </p>
   </div>
   <div class='ocr_carea' id='block_1_108' title="bbox 2249 4974 3840 5052">
    <p class='ocr_par' dir='ltr' id='par_1_108' title="bbox 2249 4974 3840 5052">
     <span class='ocr_line' id='line_1_108' title="bbox 2249 4974 3840 5052; baseline -0.004 -17"><span class='ocrx_word' id='word_1_771' title='bbox 2249 4979 2534 5052; x_wconf 82' lang='grc' dir='ltr'>ἄνθρωπον</span> <span class='ocrx_word' id='word_1_772' title='bbox 2558 4979 2748 5034; x_wconf 75' lang='grc' dir='ltr'>ἑαυτὸν</span> <span class='ocrx_word' id='word_1_773' title='bbox 2770 4975 3040 5049; x_wconf 77' lang='grc' dir='ltr'>ὠνόμαζε.</span> <span class='ocrx_word' id='word_1_774' title='bbox 3074 4975 3262 5044; x_wconf 87' lang='grc' dir='ltr'>Λέγων</span> <span class='ocrx_word' id='word_1_775' title='bbox 3287 4974 3364 5043; x_wconf 81' lang='grc' dir='ltr'>δὲ,</span> <span class='ocrx_word' id='word_1_776' title='bbox 3396 4975 3735 5043; x_wconf 80' lang='grc' dir='ltr'>Ἐπορεύθη</span> <span class='ocrx_word' id='word_1_777' title='bbox 3755 4979 3840 5041; x_wconf 77' lang='grc' dir='ltr'>εἰς</span> 
     </span>
    </p>
   </div>
   <div class='ocr_carea' id='block_1_109' title="bbox 2251 5067 3843 5145">
    <p class='ocr_par' dir='ltr' id='par_1_109' title="bbox 2251 5067 3843 5145">
     <span class='ocr_line' id='line_1_109' title="bbox 2251 5067 3843 5145; baseline -0.003 -19"><span class='ocrx_word' id='word_1_778' title='bbox 2251 5072 2450 5142; x_wconf 81' lang='grc' dir='ltr'>χώραν</span> <span class='ocrx_word' id='word_1_779' title='bbox 2474 5072 2731 5143; x_wconf 81' lang='grc' dir='ltr'>μακρὰν,</span> <span class='ocrx_word' id='word_1_780' title='bbox 2760 5074 2860 5145; x_wconf 79' lang='grc' dir='ltr'>τὴν</span> <span class='ocrx_word' id='word_1_781' title='bbox 2887 5072 2996 5127; x_wconf 82' lang='grc' dir='ltr'><strong>ἀπὸ</strong></span> <span class='ocrx_word' id='word_1_782' title='bbox 3016 5071 3119 5142; x_wconf 77' lang='grc' dir='ltr'>γῆς</span> <span class='ocrx_word' id='word_1_783' title='bbox 3146 5072 3228 5135; x_wconf 88' lang='grc' dir='ltr'><strong>είς</strong></span> <span class='ocrx_word' id='word_1_784' title='bbox 3248 5069 3472 5142; x_wconf 79' lang='grc' dir='ltr'>οὐρανὸν</span> <span class='ocrx_word' id='word_1_785' title='bbox 3501 5067 3697 5123; x_wconf 74' lang='grc' dir='ltr'>ἄνοδον</span> <span class='ocrx_word' id='word_1_786' title='bbox 3720 5071 3843 5123; x_wconf 71' lang='grc' dir='ltr'>ἑαυ-</span> 
     </span>
    </p>
   </div>
   <div class='ocr_carea' id='block_1_110' title="bbox 2246 5158 3844 5238">
    <p class='ocr_par' dir='ltr' id='par_1_110' title="bbox 2246 5158 3844 5238">
     <span class='ocr_line' id='line_1_110' title="bbox 2246 5158 3844 5238; baseline -0.004 -20"><span class='ocrx_word' id='word_1_787' title='bbox 2246 5165 2340 5218; x_wconf 80' lang='grc' dir='ltr'>τοῦ</span> <span class='ocrx_word' id='word_1_788' title='bbox 2359 5167 2649 5237; x_wconf 74' lang='grc' dir='ltr'>ἐσήμανεν.</span> <span class='ocrx_word' id='word_1_789' title='bbox 2668 5164 2969 5238; x_wconf 81' lang='grc' dir='ltr'>Ἐπιφὲρων</span> <span class='ocrx_word' id='word_1_790' title='bbox 2988 5164 3047 5217; x_wconf 84' lang='grc' dir='ltr'>δὲ</span> <span class='ocrx_word' id='word_1_791' title='bbox 3072 5162 3152 5227; x_wconf 81' lang='grc' dir='ltr'>τὸ,</span> <span class='ocrx_word' id='word_1_792' title='bbox 3178 5158 3386 5221; x_wconf 74' lang='grc' dir='ltr'>λαϐεῖν</span> <span class='ocrx_word' id='word_1_793' title='bbox 3415 5162 3635 5216; x_wconf 72' lang='grc' dir='ltr'>ἑαυτοῦ</span> <span class='ocrx_word' id='word_1_794' title='bbox 3660 5162 3844 5227; x_wconf 67' lang='grc' dir='ltr'>,βασε-</span> 
     </span>
    </p>
   </div>
   <div class='ocr_carea' id='block_1_111' title="bbox 2247 5255 3841 5328">
    <p class='ocr_par' dir='ltr' id='par_1_111' title="bbox 2247 5255 3841 5328">
     <span class='ocr_line' id='line_1_111' title="bbox 2247 5255 3841 5328; baseline -0.003 -16"><span class='ocrx_word' id='word_1_795' title='bbox 2247 5259 2426 5313; x_wconf 68' lang='grc' dir='ltr'>λείαν</span> <span class='ocrx_word' id='word_1_796' title='bbox 2456 5259 2555 5314; x_wconf 81' lang='grc' dir='ltr'><strong>καὶ</strong></span> <span class='ocrx_word' id='word_1_797' title='bbox 2583 5256 2985 5327; x_wconf 74' lang='grc' dir='ltr'>ὑποστρέψαι,</span> <span class='ocrx_word' id='word_1_798' title='bbox 3006 5255 3105 5328; x_wconf 82' lang='grc' dir='ltr'><strong>τὴν</strong></span> <span class='ocrx_word' id='word_1_799' title='bbox 3140 5256 3397 5326; x_wconf 87' lang='grc' dir='ltr'>δευτέραν</span> <span class='ocrx_word' id='word_1_800' title='bbox 3429 5255 3598 5308; x_wconf 79' lang='grc' dir='ltr'>αὐτοῦ</span> <span class='ocrx_word' id='word_1_801' title='bbox 3638 5255 3841 5328; x_wconf 77' lang='grc' dir='ltr'>θεοφά-</span> 
     </span>
    </p>
   </div>
   <div class='ocr_carea' id='block_1_112' title="bbox 2249 5346 3843 5423">
    <p class='ocr_par' dir='ltr' id='par_1_112' title="bbox 2249 5346 3843 5423">
     <span class='ocr_line' id='line_1_112' title="bbox 2249 5346 3843 5423; baseline 0 -21"><span class='ocrx_word' id='word_1_802' title='bbox 2249 5366 2416 5409; x_wconf 88' lang='grc' dir='ltr'>νειαν.</span> <span class='ocrx_word' id='word_1_803' title='bbox 2436 5349 2535 5423; x_wconf 81' lang='grc' dir='ltr'>τὴν</span> <span class='ocrx_word' id='word_1_804' title='bbox 2563 5348 2769 5414; x_wconf 76' lang='grc' dir='ltr'>ἔνδοξον</span> <span class='ocrx_word' id='word_1_805' title='bbox 2789 5352 2884 5403; x_wconf 72' lang='grc' dir='ltr'>καὶ</span> <span class='ocrx_word' id='word_1_806' title='bbox 2908 5347 3212 5420; x_wconf 82' lang='grc' dir='ltr'>βασιλικὴν.</span> <span class='ocrx_word' id='word_1_807' title='bbox 3238 5346 3499 5419; x_wconf 82' lang='grc' dir='ltr'>παρίστη.</span> <span class='ocrx_word' id='word_1_808' title='bbox 3534 5347 3705 5402; x_wconf 77' lang='grc' dir='ltr'>Ἀλλὰ</span> <span class='ocrx_word' id='word_1_809' title='bbox 3735 5349 3843 5419; x_wconf 76' lang='grc' dir='ltr'><strong>γὰρ</strong></span> 
     </span>
    </p>
   </div>
   <div class='ocr_carea' id='block_1_113' title="bbox 2250 5438 3853 5516">
    <p class='ocr_par' dir='ltr' id='par_1_113' title="bbox 2250 5438 3853 5516">
     <span class='ocr_line' id='line_1_113' title="bbox 2250 5438 3853 5516; baseline 0 -20"><span class='ocrx_word' id='word_1_810' title='bbox 2250 5443 2389 5497; x_wconf 83' lang='grc' dir='ltr'>κατὰ</span> <span class='ocrx_word' id='word_1_811' title='bbox 2412 5443 2509 5516; x_wconf 83' lang='grc' dir='ltr'>τὴν</span> <span class='ocrx_word' id='word_1_812' title='bbox 2530 5443 2806 5515; x_wconf 87' lang='grc' dir='ltr'>λεχθεῖσαν</span> <span class='ocrx_word' id='word_1_813' title='bbox 2826 5440 3131 5513; x_wconf 83' lang='grc' dir='ltr'>ἀποδημίαν</span> <span class='ocrx_word' id='word_1_814' title='bbox 3152 5441 3279 5504; x_wconf 74' lang='grc' dir='ltr'>τοὺς</span> <span class='ocrx_word' id='word_1_815' title='bbox 3303 5440 3399 5511; x_wconf 81' lang='grc' dir='ltr'>μὲν</span> <span class='ocrx_word' id='word_1_816' title='bbox 3425 5438 3592 5493; x_wconf 77' lang='grc' dir='ltr'>αὑτοῦ</span> <span class='ocrx_word' id='word_1_817' title='bbox 3617 5439 3814 5496; x_wconf 78' lang='grc' dir='ltr'>δούλου</span> <span class='ocrx_word' id='word_1_818' title='bbox 3827 5459 3853 5503; x_wconf 81' lang='grc' dir='ltr'><strong>ς</strong></span> 
     </span>
    </p>
   </div>
   <div class='ocr_carea' id='block_1_114' title="bbox 2247 5645 3849 5781">
    <p class='ocr_par' dir='ltr' id='par_1_114' title="bbox 2247 5645 3849 5781">
     <span class='ocr_line' id='line_1_114' title="bbox 2247 5645 3849 5781; baseline -0.002 -71"><span class='ocrx_word' id='word_1_819' title='bbox 2247 5654 2485 5725; x_wconf 87' lang='lat' dir='ltr'><strong>comperi</strong></span> <span class='ocrx_word' id='word_1_820' title='bbox 2509 5653 2629 5781; x_wconf 34' lang='lat' dir='ltr'><strong>alita</strong></span> <span class='ocrx_word' id='word_1_821' title='bbox 2657 5664 2713 5711; x_wconf 91' lang='lat' dir='ltr'><strong>ut</strong></span> <span class='ocrx_word' id='word_1_822' title='bbox 2740 5652 2804 5711; x_wconf 89' lang='lat' dir='ltr'><strong>de</strong></span> <span class='ocrx_word' id='word_1_823' title='bbox 2830 5651 2939 5709; x_wconf 88' lang='lat' dir='ltr'><strong>alio</strong></span> <span class='ocrx_word' id='word_1_824' title='bbox 2964 5648 3265 5722; x_wconf 83' lang='lat' dir='ltr'><strong>exemplari</strong></span> <span class='ocrx_word' id='word_1_825' title='bbox 3289 5647 3542 5719; x_wconf 86' lang='lat' dir='ltr'><strong>loquatur</strong></span> <span class='ocrx_word' id='word_1_826' title='bbox 3566 5645 3849 5707; x_wconf 73' lang='lat' dir='ltr'><strong>Eusebius</strong></span> 
     </span>
     <span class='ocr_line' id='line_1_115' title="bbox 2247 5740 2588 5781; baseline -0.006 0"><span class='ocrx_word' id='word_1_827' title='bbox 2247 5741 2471 5781; x_wconf 75' lang='lat' dir='ltr'><strong>necesse</strong></span> <span class='ocrx_word' id='word_1_828' title='bbox 2492 5740 2541 5781; x_wconf 76' lang='grc' dir='ltr'><strong>ει</strong></span> <span class='ocrx_word' id='word_1_829' title='bbox 2573 5761 2588 5779; x_wconf 78' lang='grc' dir='ltr'><strong>ο</strong></span> 
     </span>
    </p>
   </div>
   <div class='ocr_carea' id='block_1_115' title="bbox 2246 5740 2588 5786">
    <p class='ocr_par' dir='ltr' id='par_1_115' title="bbox 2246 5740 2588 5786">
     <span class='ocr_line' id='line_1_116' title="bbox 2246 5740 2588 5786; baseline -0.009 -4"><span class='ocrx_word' id='word_1_830' title='bbox 2246 5741 2471 5786; x_wconf 77' lang='lat' dir='ltr'><strong>necesse</strong></span> <span class='ocrx_word' id='word_1_831' title='bbox 2492 5740 2588 5782; x_wconf 76' lang='grc' dir='ltr'>ειι.</span> 
     </span>
    </p>
   </div>
  </div>
