4190 6406
511 350 620 405 895

1218 347 1484 404 EUSEBII
1522 337 1990 400 (LESARIENSIS
2026 336 2175 389 OPP.
2217 333 2396 391 PARS
2431 334 2521 392 IV.
2555 365 2624 378 --
2663 333 3079 391 DOGMATICA.

3642 329 3748 387 696

513 480 648 520 Iona
678 463 891 518 lumbos
921 460 1223 533 prmincti,
1264 460 1494 530 panibus
1529 453 2072 530 azymisdegnstatis,

2183 447 2390 516 τροφῆς
2419 464 2479 500 τε
2512 445 2734 518 ἀζύμων
2780 445 2957 516 ἄρτων
2991 444 3350 514 μετίσχοντες,
3385 456 3478 494 και
3503 439 3633 504 πόας
3657 458 3762 494 πιι

449 602 461 612 .
512 555 712 625 intybis
735 556 901 611 etiam
925 553 1208 625 appositis,
1234 552 1302 608 de
1340 554 1457 608 loco
1495 551 1549 606 in
1577 551 1776 616 locum,
1824 547 1874 602 id
1898 555 1980 601 est
2011 546 2079 599 de

511 646 889 719 Egyptiornm
924 647 1145 717 regione
1170 645 1226 700 ln
1249 645 1546 709 desertum,
1575 641 1926 698 transierunt.
1956 638 2082 694 Haec

510 738 585 792 illi
620 752 782 807 agere
833 736 887 791 in
937 734 1207 790 mandatis
1237 735 1565 798 habuernnt,
1605 747 1728 787 cum
1768 729 1914 785 caede
1961 728 2080 784 ovis

509 842 732 897 esuque.
798 826 1160 892 Quamobrem
1218 825 1306 880 illa
1372 840 1436 879 ex
1493 822 1728 896 Egypto
1776 821 2074 890 digressio,

510 931 708 972 nomen
740 915 1023 986 fecitapud
1053 916 1304 971 Hebrteos
1332 915 1472 972 festo
1495 917 1782 971 transitus.
1809 915 2076 971 Caeterum

513 1008 626 1062 haec
662 1008 715 1062 in
746 1008 914 1078 figura
955 1007 1061 1063 illis
1089 1007 1512 1079 contingebant;
1547 1006 1716 1062 nostri
1747 1016 1927 1062 autem
1954 1021 2079 1076 gra-

509 1101 580 1152 tia
613 1099 816 1169 scripta
848 1100 1063 1153 fuerunt
1095 1101 1160 1153 “.
1189 1100 1364 1168 Atque
1401 1101 1473 1153 ita
1511 1097 1710 1154 Paulus
1751 1097 2078 1168 interpreta-

509 1201 616 1258 tur,
654 1192 781 1246 dum
813 1192 1178 1264 symbolarum
1205 1199 1443 1246 veterum
1479 1191 1761 1246 veritatem
1789 1191 1872 1244 his
1901 1189 2077 1244 verbis

507 1279 678 1347 aperit
711 1298 727 1334 :
766 1296 888 1334 nam
923 1278 1132 1334 Pascha
1170 1290 1403 1334 nostrum
1439 1281 1742 1334 immolatus
1786 1291 1860 1334 est
1891 1277 2076 1334 Chris-

507 1379 589 1423 tus
623 1369 691 1424 ".
719 1371 949 1424 Causam
989 1386 1120 1424 vero
1158 1370 1314 1438 hujus
1357 1371 1669 1426 immolandi
1711 1371 1948 1442 Baptista
1995 1372 2077 1428 sic

504 1461 722 1516 exhibet
753 1463 938 1532 dicens
969 1478 982 1514 :
1023 1462 1155 1515 Ecce
1177 1463 1353 1533 Agnus
1390 1461 1511 1525 Dei,
1541 1478 1653 1515 ecce
1683 1464 1773 1532 qui
1801 1461 1931 1515 tollit
1960 1480 2078 1530 pec-

505 1563 623 1604 cata
675 1553 854 1605 mundi
894 1553 960 1606 ⁸³.
1007 1551 1216 1622 Reapse
1260 1552 1506 1611 victima.
1535 1554 1795 1606 malorum
1837 1554 2075 1607 omnium

505 1643 839 1708 remedium,
894 1644 1008 1696 neci
1054 1643 1308 1698 traditum
1354 1643 1453 1696 fuit
1496 1644 1799 1699 Servatoris
1856 1658 2072 1712 corpus,

503 1735 644 1805 quod
706 1734 878 1788 instar
923 1735 1266 1804 expiationis,
1323 1735 1490 1790 totius
1560 1736 1743 1790 nmndi
1793 1745 2072 1805 peccatum

507 1825 751 1880 abstulit.
809 1824 1101 1891 Propterea
1152 1825 1322 1881 Isaias
1376 1826 1520 1881 clare
1574 1825 2077 1881 exclamavitzﬂic

503 1928 715 1986 peccata
747 1927 925 1972 nostra
956 1915 1078 1986 fert,
1105 1927 1151 1971 et
1174 1932 1271 1985 pro
1304 1918 1454 1971 nobis
1475 1918 1674 1986 patitur
1705 1917 1770 1972 “.

574 2099 629 2154 2.
669 2099 840 2170 llujns
885 2115 1014 2169 ergo
1048 2101 1302 2164 victimae,
1364 2099 1416 2154 id
1472 2109 1555 2156 cst
1617 2101 1924 2158 Servatoris
1985 2117 2074 2172 qm

502 2195 722 2264 proprio
749 2192 1015 2264 sanguine
1070 2194 1362 2247 humanum
1409 2208 1580 2262 genus
1613 2195 1864 2258 salvavil,
1918 2195 2077 2251 intel-

503 2284 821 2340 lectualibns
887 2283 1024 2353 pasti
1076 2283 1370 2348 carnibus,
1423 2283 1674 2338 videlicet
1735 2285 2075 2354 dogmatibus

502 2387 665 2445 atque
721 2374 982 2429 doctrinis
1038 2374 1298 2429 cmlorum
1364 2388 1587 2445 regnum
1661 2376 2074 2442 nuntiantibus,

503 2468 713 2523 deliciis
745 2467 938 2522 merito
975 2467 1177 2523 divinis
1205 2467 1542 2522 deliciamnr.
1586 2465 1692 2522 Sed
1722 2478 1773 2522 et
1807 2466 1912 2522 ﬁde
1943 2484 2072 2540 erga

501 2561 819 2631 sanguinem
865 2559 1006 2629 ejus,
1060 2575 1219 2629 quem
1257 2575 1353 2629 pro
1401 2570 1586 2616 nostra
1640 2563 1815 2616 salute
1875 2561 2072 2632 lytrum

503 2652 716 2717 obtulit,
747 2653 942 2706 anima.-
976 2651 1186 2718 domos,
1228 2653 1280 2706 id
1310 2663 1396 2707 est
1425 2667 1678 2721 corpora,
1703 2653 2071 2723 obsignantes,

501 2763 662 2802 omne
693 2763 866 2818 genus
911 2747 1281 2801 insidiantium
1307 2748 1608 2802 daemonum
1627 2763 1656 2801 a
1686 2747 1837 2802 nobis
1855 2748 2075 2803 submo-

503 2854 736 2904 veinus,
801 2839 1174 2907 transitusque
1233 2839 1632 2893 solemnitatem
1692 2838 2070 2906 celebrantes,

502 2931 736 2984 transire
791 2929 856 2984 ad
917 2930 1098 2983 divina
1155 2931 1455 2992 studemus,
1519 2929 1681 2983 veluti
1731 2930 1858 2985 olim
1901 2930 1974 2984 illi
2019 2931 2070 2984 in

500 3022 776 3077 desertum
807 3036 874 3075 ex
902 3019 1137 3090 Egypto
1154 3019 1599 3090 commigrarunt.
1637 3017 1711 3072 Ita
1743 3034 1840 3073 nos
1857 3034 2071 3091 quoque

2180 536 2374 608 κρίδων
2429 537 2878 608 προσφερόμενοι,
2934 537 3096 588 τόπον
3129 536 3193 588 ἐκ
3238 533 3402 587 τόπου
3463 531 3743 597 διέϐαινον,

2176 628 2268 682 τὸν
2289 628 2396 682 ἀπὸ
2419 630 2520 700 τῆς
2550 629 2862 698 Αἰγυπτίων
2889 630 2992 702 γῆς
3033 629 3126 681 ἐπὶ
3155 626 3252 700 τὴν
3291 626 3510 700 ἔρημον.
3559 624 3746 678 Ταῦτα

2178 721 2307 790 γοῦν
2332 721 2515 786 αὐτοῖς
2548 722 2681 793 ὁμοῦ
2701 725 2766 794 τῇ
2798 722 2891 777 τοῦ
2923 721 3195 793 προϐάτου
3218 722 3396 790 σφαγῇ
3423 736 3483 773 τε
3510 717 3606 773 καὶ
3631 734 3748 789 τρο-

2177 817 2250 886 φῇ
2281 814 2539 885 πράττειν
2583 815 2986 888 νενομοθέτητο.
3025 815 3216 868 Ἔνθεν
3263 815 3296 884 ἠ
3358 811 3416 879 ἐξ
3468 810 3742 880 Αἰγύπτου

2178 905 2480 975 μετάϐασις
2506 906 2603 978 τὴν
2638 907 2745 960 τῶν
2791 906 3152 978 διαϐατηρίων
3208 906 3388 968 αὐτοῖς
3432 900 3743 972 ἐπωνυμίαν

2177 997 2436 1070 ἐπλήρου.
2503 1001 2645 1054 Ἀλλ’
2701 1001 2929 1064 ἐκείνοις
2987 1001 3086 1072 μὲν
3125 998 3368 1062 τυπικῶς
3413 996 3586 1050 ταῦτα
3627 1011 3746 1049 συν-

2177 1088 2410 1153 έϐαινεν,
2457 1090 2670 1163 ἐγράφη
2713 1091 2771 1145 δὲ
2817 1092 2883 1146 δι’
2926 1094 3091 1164 ἡμᾶς.
3144 1090 3251 1145 Καί
3293 1107 3355 1160 γε
3401 1085 3744 1161 διερμηνεύει

2176 1181 2387 1247 Παῦλος
2406 1182 2512 1235 τῶν
2545 1182 2790 1237 παλαιῶν
2843 1183 3124 1256 συμϐόλων
3158 1181 3450 1252 διαφαίνων
3481 1181 3580 1252 τὴν
3609 1178 3744 1248 άλή-

2177 1272 2325 1328 θειαν
2351 1273 2417 1327 δι’
2441 1269 2516 1329 ὧν
2543 1292 2673 1346 φησι
2691 1293 2704 1307 ·
2742 1276 2850 1331 Καὶ
2880 1276 2990 1345 γὰρ
3030 1273 3097 1329 τὸ
3122 1273 3334 1344 Πάσχα
3359 1271 3526 1343 ἡμῶν
3568 1271 3742 1340 ἐτύθη

2175 1367 2444 1433 Χριστός.
2476 1366 2618 1422 Τὸδὲ
2644 1368 2814 1421 αῐτιον
2837 1367 2930 1422 τοῦ
2951 1367 3174 1439 τυθῆναι
3199 1364 3360 1421 αὑτὸν
3384 1366 3412 1417 ό
3439 1360 3745 1432 Βαπτιστὴς

2175 1456 2502 1528 παρίστησιν
2521 1457 2688 1514 εἰπών
2706 1476 2720 1490 ’
2759 1458 2870 1513 Ἴδε
2895 1462 2928 1514 ό
2965 1459 3168 1528 Ἀμνός
3192 1456 3300 1511 τοῦ
3329 1455 3476 1510 Θεοῦ
3508 1457 3542 1508 ό
3563 1457 3746 1520 αἴρων

2175 1548 2291 1616 τὴν
2308 1550 2598 1618 ἁμαρτίαν
2619 1552 2726 1607 τοῦ
2749 1553 2996 1621 κόσμου.
3021 1551 3132 1606 Καὶ
3163 1551 3273 1622 γὰρ
3311 1549 3537 1619 σφάγιον
3561 1546 3744 1600 κακῶν

2173 1641 2429 1695 ἁπάντων
2458 1643 2826 1715 ἀποτρόπαιον
2866 1643 2928 1697 τὺ
2956 1644 3115 1714 σῶμα
3151 1641 3212 1695 τὸ
3243 1641 3505 1713 σωτήρων
3533 1637 3611 1710 τῷ
3647 1637 3742 1691 θα-

2179 1733 2325 1804 νάτῳ
2356 1735 2690 1807 παρεδίδοτο.
2717 1736 2744 1788 ὃ
2767 1735 2832 1806 δὴ
2877 1734 3172 1806 καθαρσίου
3199 1733 3352 1803 δίκην
3402 1730 3497 1784 τοῦ
3545 1727 3748 1792 παντὸς

2111 1791 2151 1848 Β
2180 1791 2364 1899 ἁφείλε
2384 1791 2592 1900 κόσμου
2615 1791 2714 1902 τὴν
2742 1791 3046 1901 ἁμαρτίανὶ
3089 1791 3328 1899 κέκραγε
3369 1825 3498 1894 γοῦν
3543 1823 3744 1896 τηλαυ-

2177 1922 2289 1991 γῶς
2330 1922 2595 1986 Ἡσαΐας·
2657 1917 2844 1988 Οὗτος
2874 1922 2981 1988 τὰς
3027 1921 3315 1990 ἁμαρτίας
3365 1916 3532 1989 ἡμῶν
3583 1915 3746 1986 φέρει

2175 2015 2272 2068 καὶ
2294 2015 2425 2082 περὶ
2460 2013 2630 2084 ἡμῶν
2663 2012 2963 2069 ὀδυνᾶται.

2247 2106 2312 2178 β’.
2349 2107 2549 2161 Τούτου
2587 2107 2652 2179 δὴ
2691 2107 2783 2161 τοῦ
2818 2106 3081 2179 σωτηρίου
3116 2105 3352 2176 θύματος
3406 2101 3499 2157 τοῦ
3530 2101 3605 2173 τῷ
3631 2100 3745 2171 ἰδίῳ

2175 2204 2368 2274 αἵματι
2405 2202 2467 2256 τὸ
2519 2203 2736 2258 πάντων
2788 2197 3090 2272 ἀνθρώπων
3131 2198 3284 2268 γένος
3323 2193 3744 2264 ἀνασωσαμένου

2171 2297 2292 2359 ταῖς
2347 2294 2592 2363 λογικαίς
2635 2293 2792 2365 σαρξὶ
2845 2292 3166 2364 τρεφόμενοι
3185 2328 3202 2355 ,
3257 2286 3538 2358 μαθήμασι
3589 2284 3749 2356 δηλαο

2172 2385 2236 2457 δὴ
2265 2386 2359 2438 καὶ
2385 2385 2563 2454 λόγοις
2586 2382 2855 2454 βασιλείας
2878 2378 3121 2453 οὐρανῶν
3143 2376 3606 2445 καταγγελτικοῖς,
3644 2374 3744 2443 τὴν

2173 2477 2314 2531 κατὰ
2362 2476 2494 2530 Θεὸν
2544 2476 2767 2539 εἰκότως
2813 2473 3105 2546 τρυφῶμεν
3155 2470 3382 2542 τρυφήν.
3449 2464 3608 2520 tam
3651 2463 3745 2517 κα)⁵

2173 2569 2351 2623 πίστει
2383 2567 2477 2622 τοῦ
2500 2568 2730 2639 αἵματος
2757 2564 2943 2628 αὐτοῦ,
2966 2564 2996 2618 ό
3013 2563 3076 2634 δὴ
3103 2562 3295 2633 λύτρον
3318 2559 3459 2631 ὑπὲρ
3486 2558 3586 2629 τῆς
3618 2559 3746 2629 ημεο

2172 2666 2339 2736 τέρας
2369 2663 2687 2719 άντιδέδωκε
2735 2661 3041 2733 σωτηρίας,
3071 2660 3198 2720 τοὺς
3226 2657 3403 2728 ψυχῆς
3459 2655 3637 2717 οἴκους
3678 2653 3746 2706 τὰ

2174 2756 2400 2826 σώματα
2424 2753 2975 2825 κατασημαινόμενοι,
3005 2752 3112 2804 πᾶν
3138 2749 3294 2819 γένος
3325 2747 3591 2818 δαιμόνων
3622 2746 3745 2798 ὲπι-

2173 2846 2380 2900 ϐούλων
2402 2846 2462 2910 ἐξ
2499 2845 2709 2899 ἑαυτῶν
2737 2842 3114 2912 ἀπελαύνομεν
3134 2856 3148 2870 ⁸
3182 2843 3279 2895 καὶ
3307 2839 3403 2910 τὴν
3437 2839 3544 2892 τῶν
3568 2835 3750 2892 διαϐαι-

2170 2939 2373 3012 τηρίων
2405 2939 2596 3011 ἑορτὴν
2638 2937 3028 3002 ἐπιτελοῦντες,
3082 2935 3372 2991 διαϐαίνειν
3437 2931 3747 3004 μελετῶμεν

2172 3029 2264 3083 ἐπὶ
2296 3027 2362 3082 τὰ
2395 3028 2533 3095 θεῖα,
2568 3029 2642 3092 ὼς
2672 3027 2838 3081 πάλαι
2862 3027 2961 3097 τῆς
3009 3025 3284 3095 Αἰγύπτου
3315 3018 3748 3095 μεταϐεϐηκότες

502 3114 705 3171 invium
728 3112 999 3181 quoddam
1023 3112 1405 3180 desertumque
1433 3125 1462 3164 a
1488 3110 1672 3164 multis
1692 3111 1792 3165 iter
1815 3111 2066 3175 facimus,

2174 3121 2267 3173 ἐπὶ
2296 3121 2393 3186 τὴν
2422 3119 2646 3190 ἔρημον.
2677 3117 2862 3188 Ταύτῃ
2901 3116 3030 3185 γοῦν
3068 3115 3162 3169 καὶ
3187 3115 3346 3186 ἡμεῖς
3380 3109 3574 3184 ἀτριϐῆ
3625 3124 3747 3200 τινα

504 3217 658 3260 vetus
680 3204 966 3275 irreligiosi
1001 3205 1206 3259 erroris
1239 3201 1564 3258 fermentum
1592 3204 1772 3258 anima
1801 3204 2071 3274 expellen-

503 3313 605 3371 tes,
651 3287 889 3371 verbaque
933 3299 1114 3368 intyba
1149 3313 1333 3353 amaro
1381 3305 1438 3353 et
1471 3297 1683 3353 insuavi
1732 3297 1874 3352 victu
1913 3297 2070 3352 simul

501 3402 855 3464 opponentes.
892 3390 1132 3462 Tempus
1180 3403 1400 3460 quoque
1430 3387 1791 3443 solemnitatis
1818 3396 2074 3458 opportu-

502 3501 628 3540 num
659 3493 764 3548 est,
793 3482 934 3537 haud
971 3481 1022 3535 in
1066 3482 1302 3536 medium
1338 3480 1571 3534 hiemem
1608 3479 1911 3545 incurrens,
1952 3497 2073 3550 quae

501 3578 672 3635 tristis
733 3585 849 3643 est;
911 3591 1085 3644 neque
1136 3572 1373 3628 vicissim
1423 3574 1474 3626 in
1525 3572 1756 3626 mediam
1801 3583 2071 3639 aestatem,

501 3685 611 3741 quo
666 3679 908 3739 tempore
959 3667 1173 3724 fervens
1233 3665 1564 3731 solstitium,
1624 3666 1957 3719 versantium
2017 3665 2070 3720 in

501 3764 649 3834 agris
677 3771 1015 3816 venustatem
1049 3759 1275 3821 deterit;
1317 3758 1479 3812 nimis
1519 3759 1648 3811 item
1694 3756 1915 3827 prolixa:
1947 3769 2074 3814 sunt

503 3855 671 3920 hora‘,
733 3851 878 3906 haud
938 3851 1109 3918 mquis
1160 3849 1402 3919 partibus
1465 3848 1669 3903 divisae.
1728 3848 1832 3903 Sed
1900 3866 2074 3920 neque

503 3942 810 3999 autumnale
856 3942 1238 4011 aequinoctium
1279 3939 1574 4009 jucundum
1631 3952 1909 4009 aspectum
1959 3958 2072 4013 prae

501 4051 561 4089 se
593 4034 735 4097 fert,
773 4034 994 4086 viduato
1024 4047 1178 4100 agro,
1230 4042 1285 4086 et
1333 4030 1447 4086 suis
1499 4029 1761 4088 fruetibus
1817 4045 2070 4104 tanquam

504 4125 629 4180 [iliis
690 4124 939 4193 spoliato.
989 4123 1245 4192 Superest
1307 4141 1374 4178 ex
1422 4126 1505 4179 his
1564 4128 1686 4180 anni
1743 4129 2072 4196 temporibus

501 4217 682 4272 laetum
715 4231 831 4281 ver,
872 4215 1014 4284 quod
1062 4215 1228 4269 totius
1275 4215 1425 4280 anni,
1468 4232 1564 4270 ceu
1615 4203 1863 4288 corporis
1911 4230 2073 4289 caput

498 4317 605 4373 est,
640 4321 762 4362 cum
805 4306 882 4361 sol
928 4307 1156 4375 primam
1208 4307 1368 4361 stadii
1420 4308 1503 4360 sui
1547 4319 1755 4376 partem
1808 4309 2069 4371 decurrit,

500 4403 626 4458 luna
667 4409 845 4455 autem
887 4400 1093 4470 pariter
1129 4398 1284 4468 pleno
1327 4400 1477 4456 orbis
1524 4402 1606 4456 sui
1657 4403 1858 4474 lmnine
1898 4403 2072 4458 noctis

499 4507 718 4548 cursum
752 4491 802 4545 in
829 4490 1065 4545 lucidum
1093 4489 1449 4545 transformat
1477 4491 1638 4546 diem.
1672 4493 1798 4556 Ver,
1830 4493 2072 4564 inquam,

500 4582 811 4638 hiemalium
870 4583 1230 4636 lonitruorum
1298 4583 1735 4639 terriculamenta
1801 4584 2072 4650 discutit,

498 4673 656 4744 longa
700 4672 1010 4743 (noctium)
1075 4672 1364 4728 interstitia
1401 4674 1561 4738 tollit,
1605 4689 1870 4743 aquarum
1901 4693 2074 4732 exun-

497 4765 744 4821 dationes
776 4765 1014 4820 cohibet.
1056 4762 1286 4835 Jamque
1335 4780 1470 4819 nova
1513 4765 1829 4834 splendente
1867 4769 2074 4824 sereni-

499 4865 631 4922 tate,
665 4857 953 4927 tranqnilla
991 4856 1122 4910 ﬁunt
1157 4857 1537 4926 navigantibus
1566 4859 1760 4922 maria,
1795 4860 2068 4929 sudusqne

497 4963 593 5004 aer
620 4960 761 5004 terra
790 4951 893 5004 iter
922 4948 1267 5004 facientibus.
1299 4948 1565 5019 Regiones
1599 4949 1816 5004 interim
1848 4952 1898 5005 in
1924 4953 2070 5021 agris

493 5042 848 5113 gravidantur
915 5043 1214 5096 seminibus
1249 5083 1265 5108 ,
1330 5052 1384 5097 et
1457 5042 1724 5098 fructibus
1799 5055 2069 5100 ttnnentes

495 5133 742 5193 arbores,
793 5132 889 5188 Dei
944 5132 1101 5189 donis
1150 5145 1461 5197 exornatur,
1516 5135 1768 5200 agricolis
1826 5136 2069 5192 laborant

494 5222 802 5276 mercedem
839 5223 891 5276 in
924 5224 1301 5279 benedictione
1325 5224 1582 5292 praebent.

2179 3213 2272 3266 καὶ
2305 3211 2400 3282 ῑρη
2411 3228 2508 3281 μον
2531 3213 2642 3275 τοῖς
2661 3209 2873 3272 πολλοῖς
2896 3206 3222 3278 στελλόμεθα
3247 3203 3489 3276 πορείαν,
3514 3199 3746 3256 παλαιὰν

2179 3302 2354 3374 ζύμην
2422 3303 2580 3356 ἀθέου
2636 3302 2842 3372 πλάνης
2909 3300 3010 3370 τῆς
3077 3297 3246 3368 αὐτῆς
3294 3295 3473 3368 ψυχῆς
3541 3292 3747 3364 ὲξόριον

2182 3395 2524 3466 ποιούμενοι,
2559 3396 2652 3447 καὶ
2685 3393 2784 3457 τὰς
2814 3390 3034 3462 ἀληθεῖς
3069 3389 3322 3460 πικρίδας
3369 3387 3457 3442 διὰ
3505 3386 3604 3458 τῆς
3653 3403 3744 3438 πι-

2179 3489 2316 3561 κρᾶς
2358 3487 2451 3540 καὶ
2495 3486 2745 3555 ἀλγεινῆς
2801 3483 3011 3554 διαίτης
3067 3481 3512 3554 προσφερόμενοι.
3561 3478 3671 3530 Καὶ
3716 3478 3745 3529 ό

2178 3581 2364 3653 καιρὸς
2393 3579 2449 3634 δὲ
2479 3580 2576 3651 τῆς
2604 3578 2792 3650 ἑορτῆς
2825 3577 3078 3648 εὔκαιρος
3098 3616 3112 3640 ,
3145 3576 3242 3630 ούκ
3273 3577 3328 3628 ὲν
3379 3573 3516 3645 μέση
3545 3569 3748 3641 χειμῶ-

2178 3693 2266 3738 νος
2291 3674 2410 3745 ῶρᾳ
2444 3672 2793 3744 παρηγμένος
2814 3689 2826 3702 ’
2857 3671 3082 3737 στυγνὸς
3116 3669 3224 3740 γὰρ
3247 3660 3399 3730 οὗτος
3419 3683 3431 3696 ο
3476 3664 3588 3718 ἀλλ’
3642 3661 3744 3715 οὐδ’

2179 3766 2235 3816 ἐν
2261 3764 2410 3835 μέσῳ
2441 3763 2586 3834 θέρει
2611 3760 2940 3830 κατάλληλος
2971 3755 3059 3830 ἦν,
3091 3758 3211 3812 καθ’
3239 3757 3295 3811 ὃν
3352 3758 3385 3828 ἠ
3433 3753 3607 3826 τροπὴ
3635 3751 3744 3820 (24)

2179 3857 2602 3928 φλεγμαίνουσα,
2642 3855 2750 3908 τῶν
2803 3857 2923 3909 κατ’
2976 3853 3178 3926 ἀγροὺς
3237 3847 3599 3923 σχολαζόντων
3652 3862 3748 3898 πε-

2181 3950 2468 4018 ριαιρεῖται
2517 3945 2579 4000 τὸ
2641 3945 2832 4009 κάλλος
2854 3962 2868 3975 ·
2923 3943 3234 3997 πλεονεκτεί
3285 3940 3340 3993 δὲ
3376 3937 3470 3994 καὶ
3524 3935 3592 3989 τὰ
3637 3933 3746 3986 τῶν

2178 4039 2356 4112 ὡρῶν,
2391 4039 2490 4091 ούκ
2522 4036 3021 4109 ἐπαμφοτερίζοντα
3041 4038 3106 4106 τῇ
3135 4031 3404 4104 ἰσομοιρίᾳ
3432 4029 3562 4099 (25)·
3621 4043 3747 4098 μετ-

2177 4130 2391 4203 οπώρου
2412 4131 2521 4203 γὰρ
2554 4129 2762 4202 τροπῆς
2795 4129 2895 4182 οὑκ
2945 4125 3244 4198 ἐπιτερπὴς
3273 4126 3306 4195 ἡ
3338 4123 3453 4186 θέα,
3480 4117 3744 4193 χηρευού-

2180 4240 2280 4294 σης
2316 4223 2414 4293 μὲν
2446 4224 2544 4294 τῆς
2566 4221 2769 4294 χώρας,
2797 4220 2904 4274 τῶν
2948 4220 2994 4274 δ’
3027 4219 3236 4274 οἰκείων
3293 4215 3517 4289 καρπῶν
3568 4213 3643 4276 ὼς
3679 4211 3745 4264 ἂν

2176 4316 2381 4368 τέκνων
2421 4312 2887 4385 ἀπεστερημένης.
2920 4313 3060 4384 Ἔαρ
3114 4311 3178 4381 δὴ
3241 4307 3482 4361 λείπεται
3533 4306 3592 4359 τὸ
3623 4321 3749 4374 φαι-

2176 4406 2320 4478 δρὸν,
2349 4406 2376 4458 ὃ
2401 4405 2464 4476 δὴ
2484 4407 2576 4459 τοῦ
2606 4405 2804 4469 παντὸς
2831 4406 2981 4467 ἔτους
3019 4401 3226 4473 κεφαλή
3255 4418 3338 4464 τις
3368 4395 3456 4453 οἷα
3500 4397 3746 4467 σώματος
3822 4391 3837 4406 ⁸

2108 4501 2152 4555 D
2179 4500 2412 4570 ἡγεῖται,
2451 4498 2600 4570 ἡλίου
2659 4498 2756 4569 μὲν
2800 4497 2864 4566 δὴ
2912 4497 3036 4568 άρτι
3067 4495 3128 4548 τὸ
3153 4494 3364 4568 πρῶτον
3392 4491 3582 4563 τμῆμα
3607 4489 3748 4542 διιπ-

2176 4590 2452 4653 πεύοντος,
2489 4589 2715 4661 σελήνης
2753 4589 2796 4641 δ’
2830 4591 2894 4641 ὲκ
2933 4587 3275 4659 παραλλήλου
3321 4585 3616 4654 πλησιφαεί
3668 4579 3746 4652 τῷ

2175 4682 2315 4751 φωτὶ
2336 4682 2426 4735 τὸν
2453 4681 2551 4752 τῆς
2579 4681 2769 4744 νυκτὸς
2795 4681 2991 4753 δρόμον
3016 4683 3094 4743 εἰς
3117 4678 3372 4751 λαμπρὰν
3410 4671 3747 4748 μεθαρμοζο-

2179 4776 2345 4848 μένης
2389 4777 2623 4848 ἡμέραν.
2683 4775 2853 4828 Τοῦτο
2898 4772 3013 4826 λύει
3056 4773 3154 4844 μὲν
3203 4770 3425 4826 κτύπων
3453 4765 3745 4839 χειμερίων

2177 4867 2421 4940 φόϐητρα
2448 4867 2580 4936 (26),
2601 4865 2715 4918 λύει
2738 4865 2794 4919 δε
2821 4863 3005 4936 μακρὰ
3027 4863 3386 4934 διαστήματα,
3415 4857 3747 4929 πλημμύρας

2176 4956 2383 5010 ὑδάτων
2417 4951 2756 5024 μεταϐάλλει.
2798 4953 2937 5022 Ἤδη
2985 4951 3040 5004 δὲ
3086 4952 3286 5021 νεαρᾶς
3334 4946 3745 5017 ὲπιλαμπούσης

2178 5045 2415 5117 αἰθρίας,
2444 5044 2650 5116 γαλήνη
2680 5044 2777 5114 μὲν
2815 5045 2928 5106 τοῖς
2952 5039 3336 5096 θαλαττεύουσι
3370 5038 3654 5107 καθίστησι
3680 5033 3748 5088 τὰ

2180 5136 2412 5206 πελάγη,
2445 5134 2614 5188 εῦδιον
2640 5135 2695 5188 δὲ
2721 5134 2857 5206 ἀέρα
2879 5136 2986 5197 τοῖς
3016 5131 3155 5188 κατὰ
3181 5131 3284 5204 γῆν
3327 5130 3625 5202 ὁδοιπόροις
3662 5131 3746 5182 ὲν-

2177 5229 2381 5282 δίδωσι.
2414 5228 2600 5301 Χῶραι
2629 5226 2673 5280 δ’
2703 5229 2760 5280 ἐν
2805 5225 2978 5296 τούτῳ
3025 5225 3146 5278 κατ’
3193 5221 3394 5294 ἀγροὺς
3449 5217 3747 5290 ἐγκύμονες

493 5315 845 5386 σπερμάτων,
880 5317 974 5371 καὶ
1034 5317 1263 5386 καρπῶν
1315 5318 1641 5392 σπαργῶντα
1685 5321 1826 5390 φυτὰ
1868 5326 1977 5388 τοῖς
2007 5327 2070 5378 ὲκ
2108 5323 2242 5378 Θεοῦ
2309 5324 2501 5396 δώροις
2565 5321 2925 5393 ἀγαλλόμενα,
2963 5321 3223 5393 γεωργοῖς
3258 5323 3432 5372 πόνων
3456 5315 3557 5379 τὰς
3589 5314 3747 5386 ἀμοι-

489 5409 592 5475 ϐὰς
620 5410 678 5465 ὲν
698 5411 971 5481 εὐλογίαις
998 5413 1243 5484 παρέχει.

564 5503 611 5536 ⁸⁸
648 5502 664 5556 Ι
697 5503 821 5560 Cor.
855 5521 912 5572 χ,
945 5507 1032 5560 ll.
1110 5507 1152 5539 “
1188 5507 1203 5560 Ι
1234 5508 1362 5564 Cor.
1391 5524 1445 5573 v,
1472 5508 1520 5562 7.

510 5621 515 5628 -
561 5598 674 5671 (⁸26)
691 5597 824 5654 Cod.
851 5599 1132 5656 evidenter
1148 5604 1344 5674 τροφή,
1371 5603 1660 5660 manifesto
1676 5615 1853 5660 tamen
1873 5607 2057 5661 incmlc

490 5683 588 5738 pro
617 5672 814 5738 τροπή.

555 5688 647 5723 οτ

559 5672 974 5810 ἱέἓςοιτῗὲᾆηίιηι·
1007 5742 1306 5812 priscorum
1362 5757 1542 5807 more,
1587 5744 1728 5812 apud
1768 5759 1904 5812 quos
1938 5761 2060 5799 cum

488 5819 594 5866 tam
625 5821 811 5868 aestate
846 5827 1008 5874 quam
1054 5813 1231 5870 hieme
1275 5814 1391 5870 dies
1439 5815 1699 5870 duodenis
1739 5815 1888 5872 horis
1931 5830 2062 5871 cou-

1599 5510 1642 5541 ⁶²
1665 5508 1819 5564 Joan.
1854 5512 1998 5578 t,‘29.
2076 5513 2122 5544 ⁸⁵³
2143 5509 2264 5566 lsai.
2292 5523 2408 5572 Lllt,
2437 5505 2494 5560 Δ.

2175 5614 2324 5658 stare
2363 5603 2629 5664 deberet,
2693 5598 2778 5653 hae
2822 5597 3134 5652 necessario
3194 5601 3379 5648 aestate
3431 5589 3739 5659 longiores.

2171 5675 2350 5730 hieme
2380 5671 2655 5743 br_oviores
2680 5670 3155 5743 computabantnr.
3193 5735 3225 5743 η
3361 5733 3374 5743 ,
3402 5733 3413 5743 _

2245 5743 2358 5811 (26)
2407 5739 2682 5811 Ᾱῦειυοείε
2728 5733 2872 5795 enim
2907 5738 2960 5794 iu
3004 5735 3312 5809 regionibus
3361 5733 3538 5788 hieme
3574 5733 3742 5784 etiam

2172 5809 2407 5868 tonitrua
2436 5809 2751 5867 audiuntur.
