4000 6398
17 453 60 492 ~11.
73 459 92 494 ι

17 561 76 582 .:,._~‘

36 646 92 682 i3:

49 681 53 692 ί
73 687 77 696 ‹

17 726 92 754 ,ὧι

133 372 204 418 υυ
213 371 241 418 7

1275 365 1365 420 DE
1406 363 1899 423 SOLEIINITATE
1937 363 2298 421 PASCIIALI.

3298 359 3404 420 698

207 491 279 550 γ’.
311 476 484 548 Οὗτος
524 485 556 538 ὁ
587 485 688 555 τῆς
729 484 923 556 ἑορτῆς
976 483 1197 556 καιρὸς,
1254 485 1572 554 Αἰγυπτίοις
1629 486 1728 558 μὲν

1901 488 1956 543 5.
2012 486 2123 541 Hoc
2159 483 2518 540 solemnitatis
2567 491 2779 552 tempus
2834 480 3098 553 Egyptiis
3133 483 3407 554 quidem,

132 576 360 648 ϐλεθρον
388 579 502 640 τοῖς
534 577 802 650 δαιμόνων
852 577 1046 648 φίλοις,
1099 577 1373 650 Ἑϐραίοις
1421 577 1480 632 δὲ
1529 579 1721 650 ἑορτά-

134 667 292 734 ζουσι
353 669 436 741 τῷ
483 670 622 742 Θεῷ,
668 670 855 724 κακῶν
913 669 1225 742 ἐλευθερίαν
1274 670 1594 742 προὺξένει⁹
1633 666 1723 726 οὗ-

17 751 93 852 ;
134 779 230 827 τος
257 759 502 834 (ἰδ’)-ἦν
540 763 705 828 αὐτὸς
738 766 965 828 ἐκεῖνος,
990 763 1020 816 ό
1040 762 1105 834 δὴ
1136 763 1230 816 καὶ
1260 764 1353 818 ἐπὶ
1371 763 1472 835 τῆς
1500 762 1722 835 πρώτης

29 859 96 930 ς’
137 855 234 910 τοῦ
269 857 468 922 παντὸς
487 857 846 928 κοσμογονίας
893 855 1284 930 τετηρημένος,
1310 856 1433 911 καθ’
1473 855 1533 908 δν
1572 859 1606 928 ἡ
1646 855 1720 927 τῆ

143 1047 306 1119 Ρανδς
330 1021 422 1101 κάλ
435 1046 505 1117 γῆ
518 1063 593 1100 πα
601 1045 876 1117 ρήχθησαν
893 1021 1182 1099 καὶ-πάντα
1203 1042 1273 1098 τὰ
1292 1044 1349 1098 ἐν
1362 1044 1564 1107 αὐτοῖς’
1583 1040 1722 1096 κατά

29 1131 50 1202 ’ἶ
69 1131 88 1155 ί
139 1138 332 1193 τοῦτον
351 1140 444 1191 καὶ
469 1136 700 1208 όΣωτὴρ
727 1135 824 1189 τοῦ
851 1134 1164 1207 σύμπαντος
1194 1135 1398 1206 κόσμου
1423 1132 1484 1188 τὸ
1517 1135 1615 1206 τῆς
1643 1136 1722 1188 οξ-

19 1199 80 1246 1‘19
87 1221 91 1226 -

14 1306 36 1348 β
51 1309 89 1357 ἵνα

139 951 467 1024 ἐϐλάστησε,
494 952 615 1007 καθ’
636 951 695 1006 δν
718 953 766 1006 οί
795 951 1080 1024 φωστῆρες
1107 950 1372 1020 ἐγένοντο,
1390 950 1512 1004 καθ’
1538 949 1598 1003 ὃν
1631 950 1724 1003 οὐ-

138 1227 297 1292 κείας
316 1227 507 1299 ἑορτῆς
531 1227 805 1292 ἐξετέλεσε
825 1227 999 1298 μυστὴ
1009 1243 1142 1297 ριον,
1171 1227 1264 1281 καί⁵
1280 1227 1379 1298 τὴν
1399 1225 1722 1298 οἰκουμένην

141 1324 256 1394 (ΞἸ)
270 1325 299 1378 ό
323 1323 495 1394 μέγας
523 1321 767 1395 φωστὴρ,
789 1321 1068 1386 εὐσεϐείας
1088 1322 1284 1391 αὐγαῖς
1305 1319 1720 1392 κατελάμπρυνε

22 1403 45 1481 a.
138 1413 238 1468 καὶ
253 1413 317 1486 δὴ
330 1411 601 1482 γενέθλιον
621 1412 827 1482 κόσμου
843 1412 873 1464 ό
888 1410 1076 1482 καιρὸς
1097 1409 1376 1482 περιέχειν
1389 1408 1550 1462 ἔοικε.
1566 1408 1723 1463 Κατὰ

14 1477 78 1528 ’ἀεὶ

133 1507 328 1561 τοῦτον
357 1506 414 1562 δὲ
451 1506 544 1560 τὸν
572 1506 764 1578 καιρὸν
789 1506 884 1558 καὶ
906 1504 1075 1568 τύπος
1105 1503 1354 1564 ἐτελεῖτο,
1383 1501 1446 1556 τὸ
1494 1501 1724 1556 παλαιὸν

23 1592 82 1634 δῖ’
135 1597 354 1668 Πάσχα,
378 1596 407 1650 ὃ
440 1598 533 1651 καὶ
563 1597 911 1668 διαϐατήριον
932 1594 1146 1666 εἴρηται
1172 1610 1186 1625 '
1229 1592 1366 1647 ἀλλὰ
1393 1594 1488 1648 καὶ
1516 1592 1722 1664 προϐά-

19 1683 76 1735 ’τε
133 1709 234 1744 τυυ
266 1690 482 1761 σφαγῆς
507 1687 776 1760 σύμϐολον
799 1687 992 1760 ἔφερεν
1016 1703 1027 1713 ’
1068 1685 1203 1740 ἀλλὰ
1227 1685 1321 1740 καὶ
1355 1683 1564 1756 τροφῆς
1595 1683 1724 1749 ἀξύ-

13 1777 36 1822 ῖυ
55 1779 78 1811 τε
140 1799 261 1852 μων
286 1782 466 1853 ἀρτων
496 1779 738 1851 ᾐνίττετο
769 1777 970 1832 εἰκόνα.
996 1776 1180 1832 Ταῦτα
1201 1775 1258 1828 δὲ
1292 1775 1384 1829 ἐπὶ
1405 1774 1503 1838 τὴν
1547 1774 1724 1845 σωτή-

14 1859 72 1918 ii
139 1889 259 1946 ριον
289 1872 482 1945 ἑορτὴν
527 1871 742 1925 ἅπαντα
780 1867 1215 1942 συνεπληροῦτο⁹
1245 1867 1385 1921 τότε
1423 1865 1533 1936 γὰρ
1582 1864 1717 1936 ’κρέ’

1836 1873 2024 1927 ratoris
2073 1871 2419 1927 solemnitate
2473 1869 2742 1936 completa
2808 1879 2959 1924 sunt.
3019 1867 3266 1940 Namque
3324 1869 3412 1925 illa

14 1957 80 2018 ⁵³4³
137 1963 302 2016 ϐάτον
327 1961 490 2026 αὐτὸς
517 1956 587 2032 ἦν
621 1959 742 2014 καθ’
780 1959 808 2013 δ
849 1958 1157 2031 περιέκειτο
1185 1957 1368 2029 σῶμα.
1406 1956 1576 2019 Αὐτὸς
1625 1954 1720 2008 καὶ

1836 1966 1960 2031 )vis,
2020 1965 2136 2035 ipse
2188 1973 2327 2026 erat,
2372 1972 2642 2032 quatenus
2705 1975 2906 2030 corpus
2967 1960 3412 2030 circumpositum

13 2330 82 2379 in:

135 2055 292 2127 ἥλιος
319 2055 686 2127 δικαιοσύνης,
719 2053 876 2126 ἔαρος
907 2053 1042 2124 δῆτα
1085 2053 1231 2105 θείου
1294 2051 1388 2104 καὶ
1445 2049 1717 2123 σωτηρίου

14 2143 79 2203 κέ
139 2148 352 2222 τροπῆς
382 2149 491 2202 ἀπὸ
518 2147 776 2218 χειρόνων
805 2147 898 2200 ἐπὶ
930 2145 999 2199 τά
1025 2145 1256 2216 κρείττω
1279 2141 1370 2197 τὸν
1394 2140 1504 2194 τῶν
1519 2137 1724 2212 ἀνθρώ-

142 2259 263 2297 πων
295 2241 408 2311 βίον
457 2239 835 2310 διαλαϐούσης.
863 2238 1178 2306 Αἰγυπτίων
1208 2235 1305 2308 μὲν
1331 2232 1578 2304 δαίμοσιν
1613 2232 1723 2284 εἰσ-

143 2337 225 2390 έτι
250 2337 344 2389 καὶ
384 2335 478 2388 νῦν
497 2332 743 2404 θεήλατοι
787 2333 1047 2405 μάστιγες
1088 2328 1557 2398 καταπέμπονται,
1601 2322 1722 2379 λαοὶ

14 2422 84 2484 ’ἲλπ
141 2427 200 2480 δὲ
235 2425 508 2497 πανταχοῦ
537 2425 643 2496 γῆς
669 2424 943 2486 οἰκοῦντες
976 2422 1076 2493 τὴν
1107 2419 1256 2489 σφῶν
1279 2416 1589 2488 ἐλευθερίαν
1623 2413 1722 2486 τὴν

13 2519 82 2562 λιι

146 2524 212 2575 ὲκ
234 2521 334 2590 τῆς
382 2517 752 2582 πολυπ),ανοῦς
773 2515 1062 2587 ἀθεότητος
1095 2510 1352 2586 ἐορτάζου
1361 2528 1433 2564 σι.
1459 2507 1580 2562 Τῶν
1601 2507 1726 2560 λαο-

14 2609 82 2659 νζες·
145 2609 364 2662 πλανῶν
391 2609 448 2661 δὲ
490 2608 815 2678 πνευμάτων
866 2603 1232 2675 πεπαυμένων
1251 2645 1267 2663 .
1322 2601 1418 2655 κειὶ
1460 2598 1726 2671 Χειμῶνος

14 2709 80 2775 ίῆςιε
147 2701 355 2766 κακῶν,
385 2700 588 2754 καινῶν
621 2698 850 2769 καρπῶν
893 2697 1122 2768 εὐφορία
1141 2694 1416 2768 διαφόροις
1457 2692 1728 2765 χαρίσμαο

15 2802 23 2812 ο

14 2816 77 2840 θιιλνῖ

14 2909 76 2960 ηε

147 2811 232 2848 σιν
262 2792 420 2862 ἁγίου
436 2791 754 2863 Πνεύματος
777 2789 875 2862 τὴν
925 2789 1251 2861 Ἐκκλησίαν
1290 2787 1386 2840 τοῦ
1418 2786 1554 2841 Θεοῦ
1608 2802 1731 2838 στε-

143 2887 332 2956 φανοίο
364 2885 459 2940 καὶ
487 2883 673 2948 ἁπλῶς
706 2883 814 2937 πᾶν
841 2881 998 2952 γένος
1023 2880 1329 2956 ανθρώπων
1375 2879 1468 2932 ἐπὶ
1494 2878 1556 2932 τὸ
1587 2877 1729 2950 ἠμέ-

17 3013 27 3038 ,
142 2994 300 3049 τερον
327 2975 726 3048 μεταϐέϐληται
746 2990 760 3005 ο
789 2974 964 3047 χῶραι
989 2973 1047 3027 δέ
1070 2975 1264 3035 πᾶσαι,
1289 2971 1426 3042 πρὸς
1443 2970 1540 3024 τοῦ
1557 2987 1733 3041 γεωρ-

14 3078 74 3132 Si.

144 3069 246 3139 γοῦ
301 3069 470 3138 Λόγου
513 3068 613 3140 τῆς
643 3067 782 3122 κατὰ
833 3066 1012 3138 ψυχὴν
1059 3064 1336 3137 γεωργίας
1356 3063 1635 3134 τυχοῦσαι,
1662 3061 1732 3116 τὰ

25 3167 70 3238 ;-.;'
144 3163 325 3235 ὡραῖα
363 3161 462 3234 τῆς
504 3160 706 3233 ἀρετῆς
746 3158 880 3231 ἄνθη
913 3158 1342 3230 βεϐλαστήκασιν
1368 3173 1384 3189 ο
1441 3155 1576 3211 ἀλλὰ
1637 3155 1731 3208 κα)⁸

14 3269 70 3319 5;:
146 3257 259 3310 τῶν
281 3255 378 3309 τοῦ
423 3255 648 3317 σκότους
685 3252 872 3307 κακῶν
918 3249 1375 3323 ἠλευθερωμένοι,
1438 3248 1614 3320 φωτὸς
1666 3247 1726 3301 ἐν

1836 3237 1934 3334 que
1984 3237 2222 3317 tenebris
2279 3263 2548 3316 malorum
2611 3260 2819 3328 erepti,
2880 3259 3000 3314 luce
3052 3258 3196 3328 digni
3251 3256 3420 3312 habili

147 3350 332 3422 ἡμέρᾳ
358 3347 494 3403 Θεοῦ
518 3347 772 3420 γνώσεως
808 3344 1245 3419 κατηξιὼθημεν.

226 3443 290 3498 δ’.
305 3440 542 3496 Τοιαῦτα
570 3439 641 3494 τὰ
659 3439 819 3494 καινά
838 3437 1137 3511 μαθήματα
1159 3436 1326 3493 πάλαι
1345 3437 1443 3510 μὲν
1469 3438 1556 3493 διὰ
1589 3455 1729 3510 συμ-

147 3536 320 3590 ϐόλων
361 3533 788 3606 ὲπεσκιασμένα,
842 3531 1036 3587 νεωστὶ
1085 3531 1143 3587 δὲ
1171 3533 1253 3595 εἰς
1284 3531 1400 3602 φῶς
1459 3533 1732 3588 ἀνακεκα-

146 3627 420 3699 λυμμένα.
452 3629 561 3682 Καὶ
587 3627 652 3700 δὴ
683 3627 778 3680 καὶ
804 3628 968 3697 ἡμεῖς
988 3624 1049 3678 τὸ
1085 3623 1377 3693 κεφάλαιον
1414 3624 1516 3695 τῆς
1539 3624 1732 3696 ἑορτῆς

149 3723 366 3778 κύκλων
398 3721 510 3795 (28)
544 3721 811 3794 περιόδοις
834 3719 953 3773 καθ’
970 3719 1200 3773 ἕκαστον
1217 3719 1333 3782 ἔτος
1347 3718 1734 3790 ἀναζωπυροῦ-

32 3841 60 3879 ς
155 3832 276 3880 μεν,
295 3814 567 3886 προέορτα
607 3813 705 3885 μὲν
739 3811 1201 3884 προπαρασκευῆς
1219 3811 1383 3866 ἕνεκα
1403 3811 1502 3882 τὴν
1534 3828 1734 3864 τεσσα-

153 3907 388 3982 ρακονθή
398 3924 462 3978 με
470 3924 562 3980 ρον
575 3906 806 3976 ἄσκησιν
825 3905 1042 3976 παραλα
1051 3904 1343 3975 μϐάνοντες
1362 3902 1503 3957 κατὰ
1521 3903 1612 3956 τὸν
1627 3901 1736 3956 τῶν

155 4001 328 4070 ἁγίων
362 4000 520 4070 ζῆλον
551 3998 829 4062 Μωῠσὲως
860 3997 954 4052 καί¹
993 3996 1193 4061 Ἡλίου,
1223 3997 1322 4067 τὴν
1342 3995 1399 4049 δέ
1427 3995 1618 4068 ἑορτὴν
1641 3995 1737 4048 αὺ-

154 4096 255 4165 τὴν
276 4096 356 4158 εἰς
387 4093 618 4163 άληστον
657 4091 828 4145 αἰῶνα
859 4089 1260 4161 ἀνανεούμενοι.
1290 4087 1400 4161 Τὴν
1437 4087 1567 4157 γοῦν
1601 4086 1738 4157 πρὸς

154 4190 247 4242 τὸν
301 4186 434 4239 Θεὸν
468 4183 692 4256 πορείαν
742 4181 1105 4252 στελλόμενοι,
1153 4179 1253 4244 τὰς
1305 4181 1406 4251 μὲν
1446 4178 1618 4250 ὀσφῦς
1675 4174 1736 4233 εὖ

161 4280 307 4354 μάλα
340 4276 526 4349 δεσμῷ
587 4274 940 4348 σωφροσύνης
982 4272 1368 4345 περιδούμεθα,
1421 4272 1492 4326 τὰ
1536 4272 1593 4327 δὲ
1642 4273 1741 4345 τῆς

150 4372 335 4446 ,ψυχῆς
387 4369 691 4440 βαδίσματα
727 4369 784 4421 ἐν
816 4365 1086 4437 ἀσφαλείᾳ
1132 4365 1514 4434 φυλάττοντες,
1550 4363 1741 4439 ὥσπερ

159 4469 220 4519 ὲν
247 4464 554 4535 ὑποδήμασι
606 4462 671 4535 δὴ
716 4462 807 4514 τὸν
839 4461 1037 4533 δρόμον
1083 4459 1184 4530 τῆς
1213 4458 1464 4531 οὐρανίου
1499 4459 1744 4530 κλήσεως

1824 590 2012 650 utpote
2048 579 2356 632 daemonum
2380 576 2600 640 amicis,
2627 574 2898 638 exitium;
2934 572 3176 632 Hebraeis
3220 589 3401 635 autem

1823 673 1993 730 Deum
2029 671 2168 726 festo
2191 672 2300 725 ritu
2331 668 2754 732 celebrantibus,
2775 669 3038 723 malorum
3069 669 3228 724 finem
3262 681 3402 726 attu-

1821 765 1901 821 lit.
1935 765 2048 820 ﬂoc
2091 764 2388 818 idemerat
2420 761 2546 816 anni
2577 771 2813 831 tempus,
2856 758 2998 828 quod
3032 760 3087 814 in
3132 761 3404 834 primitiva

1820 860 1986 914 etiam
2022 857 2260 912 universi
2297 855 2572 909 creatione
2617 852 2970 917 decurrebat,
3011 868 3121 923 quo
3165 864 3407 926 tempore

1824 960 1970 1006 terra
2017 949 2359 1020 germinavit,
2409 956 2464 1001 et
2524 945 2814 1000 luminaria
2868 945 3195 1000 exstiterunt
3241 962 3257 1001 :
3299 961 3408 1016 quo

1823 1051 2068 1110 tempore
2096 1039 2314 1104 caelum,
2349 1047 2527 1105 terra,
2568 1045 2624 1090 et
2660 1037 2844 1090 omnia
2879 1052 3003 1107 quae
3040 1036 3093 1091 in
3132 1039 3214 1094 eis
3248 1049 3406 1109 sunt,

1821 1132 2081 1204 producta
2121 1130 2363 1185 fuerunt.
2395 1128 2508 1183 Iloe
2535 1128 2651 1198 ipso
2684 1137 2927 1198 tempore
2960 1129 3196 1186 universi
3221 1131 3405 1187 mundi

1823 1225 2081 1281 Servator
2111 1221 2472 1278 solemnitatis
2500 1236 2610 1276 sua:
2641 1221 2958 1291 mysterium
2985 1221 3214 1294 peregit;
3245 1232 3409 1295 atque

1822 1319 2008 1372 orbem
2041 1325 2309 1370 terrarum
2347 1313 2615 1367 luminare
2655 1328 2906 1379 magnum
2939 1328 3082 1369 verre
3132 1315 3410 1386 religionis

1823 1409 2205 1480 splendoribus
2233 1406 2559 1469 illustravit,
2592 1405 2891 1474 mundique
2941 1407 3122 1462 natale
3150 1410 3410 1466 reducere

1795 1503 1997 1558 ‘visum
2033 1509 2138 1558 est.
2189 1499 2300 1554 Hoc
2333 1507 2580 1569 tempore
2617 1497 2786 1566 figura
2821 1499 3223 1566 perﬁciebatur,
3255 1512 3410 1558 vetus

1825 1594 2078 1650 nimirum
2107 1591 2317 1646 Pascha
2345 1605 2440 1646 seu
2476 1590 2739 1643 transitus
2776 1607 2790 1644 :
2826 1590 3048 1660 insuper
3076 1593 3240 1646 etiam
3273 1607 3413 1665 sym-

1823 1684 2006 1740 bolum
2035 1698 2188 1738 erasae
2211 1683 2328 1737 ovis
2360 1683 2559 1744 flebat;
2583 1681 2818 1750 denique
2857 1682 3033 1753 azymi
3067 1685 3222 1752 panis
3263 1700 3412 1749 esus,

1825 1776 2076 1846 imaginis
2105 1773 2385 1844 cujusdam
2422 1773 2598 1827 instar
2623 1781 2760 1827 erat.
2798 1774 2928 1840 Quae
2971 1775 3152 1828 omnia
3183 1776 3235 1830 in
3287 1776 3414 1831 Ser-

1824 2058 2078 2113 bahebat.
2111 2057 2230 2126 Ipse
2263 2055 2428 2109 etiam
2456 2053 2536 2107 sol
2559 2051 2784 2120 justitia:
2811 2095 2826 2118 ,
2863 2067 2989 2107 cum
3020 2052 3132 2122 jam
3163 2069 3258 2107 ver
3281 2054 3417 2142 divi-

1826 2166 1909 2206 me
1937 2150 2300 2218 salutarisque
2331 2147 2712 2204 conversionis
2740 2161 2770 2200 a
2809 2146 3174 2202 deterioribus
3215 2146 3269 2200 in
3297 2162 3415 2202 me-

1825 2244 1984 2307 liora,
2023 2243 2302 2298 hominum
2349 2238 2592 2294 moribus
2635 2239 2973 2308 supervenit.
3037 2237 3414 2311 [Egyptiorum

1824 2336 2013 2404 utique
2051 2334 2388 2388 daetnonibus
2445 2347 2593 2384 nunc
2625 2331 2790 2384 etiam
2833 2330 3006 2401 plagae
3032 2332 3411 2400 imponuntur,

1828 2427 2010 2499 pOpttIi
2035 2427 2236 2497 ubique
2268 2435 2539 2480 terrarum
2576 2422 2880 2478 incolentes
2907 2423 3220 2479 libertatem
3261 2438 3416 2479 suam

1827 2537 1856 2575 a
1909 2518 2232 2576 multiformi
2291 2515 2711 2585 irreligiositatis
2743 2529 2933 2569 errore
2987 2515 3233 2571 hilariter
3275 2516 3419 2573 cele-

1827 2615 2007 2669 brant.
2079 2611 2418 2680 Compressis
2462 2623 2592 2679 ergo
2647 2607 3030 2677 deceptoribus
3094 2607 3413 2678 populorum

1829 2706 2112 2777 spiritibus
2151 2713 2205 2759 et
2253 2702 2519 2758 malormn
2575 2701 2776 2762 hieme,
2826 2715 3086 2755 novorum
3137 2699 3414 2756 fructuum

1831 2800 2047 2853 ubertas
2068 2795 2234 2850 variis
2279 2795 2451 2849 sancti
2500 2793 2743 2864 Spiritus
2785 2793 2943 2847 donis
2979 2793 3073 2847 Dei
3114 2792 3415 2848 Ecclesiam

1831 2898 2098 2955 exornat;
2154 2898 2320 2958 atque
2372 2895 2435 2941 ut
2488 2885 2802 2941 summatim
2853 2883 3056 2950 dicam,
3103 2885 3416 2941 universum

1833 2982 2115 3038 hominum
2165 2996 2337 3051 genus
2391 2978 2459 3034 ad
2522 2987 2709 3048 partes
2785 2987 3004 3033 nostras
3083 2977 3417 3037 transilivit;

1833 3085 2043 3132 cuncta:
2075 3075 2326 3147 regiones
2352 3089 2381 3128 a
2418 3073 2600 3128 Verbo
2627 3071 2866 3143 agricola
2911 3072 3106 3126 anima:
3152 3070 3418 3124 culturam

1835 3179 2093 3240 expertae,
2120 3168 2379 3240 pulchros
2404 3167 2625 3222 virtutis
2647 3166 2810 3222 ﬂores
2836 3165 3211 3237 germinarunt
3245 3179 3262 3219 :
3296 3178 3422 3217 nos-

1833 3356 2032 3410 fuimus
2053 3371 2158 3425 qua
2193 3353 2280 3409 die
2316 3353 2407 3408 Dei
2443 3351 2694 3407 notitiam
2727 3351 3025 3406 hausimus.

1900 3447 1953 3501 4.
1988 3445 2109 3500 Haec
2150 3455 2277 3500 sunt
2302 3459 2436 3499 nova
2471 3443 2822 3510 documenta,
2857 3442 2984 3496 olim
3026 3440 3242 3512 quidem
3278 3454 3421 3514 sym-

1832 3539 1969 3595 bolis
1994 3539 2336 3598 obumbrata,
2365 3550 2535 3605 nuper
2566 3545 2746 3588 autem
2775 3535 2827 3589 in
2859 3535 3034 3590 lucem
3072 3532 3419 3587 manifestam

1833 3631 2063 3701 prolata.
2094 3629 2160 3685 Et
2199 3629 2414 3698 quidem
2455 3643 2557 3682 nos
2578 3627 2741 3681 etiam
2779 3627 2993 3680 initium
3032 3625 3192 3694 hujus
3230 3625 3422 3679 solent-

1836 3725 2021 3782 uitatis
2071 3724 2344 3795 cyclorum
2392 3720 2628 3794 periodis
2668 3720 2894 3792 singulis
2945 3720 3102 3774 annis
3146 3719 3422 3773 instaura-

1838 3837 1998 3886 tnus;
2035 3832 2159 3875 ante
2209 3821 2406 3874 festum
2460 3817 2701 3889 quidem,
2753 3817 3166 3888 prmparationis
3217 3831 3422 3881 causa,

1837 3913 2304 3984 qnadragesimale
2325 3912 2648 3966 exercitium
2669 3920 3033 3977 assumentes,
3048 3919 3266 3966 sanctos
3287 3908 3422 3981 Moy'

1837 4021 1952 4060 sem
1987 4015 2041 4058 et
2072 4001 2276 4058 Heliam
2315 4002 2609 4066 imitantes,
2643 4001 2815 4071 ipsum
2848 4015 2975 4056 vero
3000 4001 3194 4054 festum
3216 4014 3312 4069 per
3344 3998 3423 4052 in-

1838 4095 2099 4152 cessabile
2131 4110 2302 4150 aevum
2358 4103 2682 4164 repetentes.
2742 4091 2880 4160 Ergo
2921 4092 3116 4147 itinere
3145 4091 3211 4146 ad
3255 4090 3422 4144 Deum

1840 4199 2113 4261 suscepto,
2147 4188 2361 4243 lumbos
2405 4189 2650 4258 apprime
2695 4187 3071 4257 temperantia:
3120 4202 3254 4240 zona
3291 4201 3424 4255 prae-

1840 4283 2132 4353 ciugimus,
2179 4282 2374 4336 anima:
2423 4295 2552 4335 vero
2614 4295 2835 4350 gressus
2889 4287 3044 4334 caute
3099 4279 3424 4342 munientes,

1845 4386 2103 4444 tanquam
2133 4373 2356 4428 calceati
2391 4370 2634 4427 cmlestis
2663 4371 2966 4425 vocationis
3012 4384 3230 4424 cursum
3277 4368 3428 4422 insti-

1847 4467 2051 4522 tuimus
2081 4483 2095 4518 :
2129 4466 2390 4536 virgaque
2441 4463 2606 4517 divini
2659 4462 2834 4527 verbi,
2888 4477 2994 4516 non
3051 4461 3168 4514 sine
3208 4472 3424 4529 precum

161 4557 673 4630 παρασκευάζομεν·
708 4554 978 4626 βακτηρίᾳ
1016 4552 1074 4606 δὲ
1107 4551 1267 4622 λόγου
1300 4550 1446 4605 θείου
1478 4552 1537 4605 ἐν
1568 4550 1735 4622 εὐχῶν

1849 4562 2068 4623 virtute,
2115 4559 2182 4613 ad
2232 4556 2571 4626 repellendos
2610 4559 2796 4612 hostes
2843 4566 3090 4617 utentes,
3122 4568 3244 4606 cum
3277 4551 3426 4606 omni

155 4652 386 4722 δυνάμει
434 4649 571 4721 πρὸς
625 4649 837 4720 ἄμυναν
878 4645 1088 4719 ἐχθρῶν
1135 4643 1431 4717 χρώμενοι,
1461 4645 1558 4698 σὺν
1594 4644 1743 4717 πάσῃ

161 4744 441 4819 προθυμίᾳ
467 4741 812 4814 διαϐαίνομεν
834 4742 932 4812 τὴν
948 4742 1027 4804 είς
1043 4739 1307 4810 οὐρανοὺς
1331 4739 1599 4812 φέρουσαν
1625 4738 1742 4792 διά-

161 4839 341 4902 ϐασιν,
374 4835 692 4898 σπεύδοντες
718 4834 826 4887 άπὸ
849 4832 958 4886 τῶν
990 4831 1116 4903 τῇδε
1153 4830 1246 4884 ἐπὶ
1274 4830 1344 4883 τά
1369 4831 1613 4902 οὐράνια,
1648 4829 1744 4885 καὶ

160 4931 270 4984 ἀπὸ
288 4929 433 5000 ζωῆς
461 4928 664 5001 θνητῆς
687 4927 779 4981 ἐπὶ
812 4926 911 4998 τὴν
944 4925 1230 4980 ἀθάνατονι
1263 4921 1406 4977 οὕτω
1435 4923 1546 4994 γὰρ
1573 4923 1745 4977 διαδέ-

165 5022 312 5086 ξεται
357 5022 505 5093 ἡμᾶς
533 5020 781 5076 ἐντεῦθεν
821 5019 890 5074 τὰ
931 5018 1259 5090 διαϐατήρια
1307 5012 1367 5070 εὖ
1424 5016 1519 5070 καὶ
1567 5015 1747 5081 καλῶς

165 5113 556 5183 διαϐεϐηκότας
599 5113 731 5184 ἄλλη
779 5130 864 5177 τις
899 5112 1100 5184 μείζων
1148 5112 1330 5183 ἐορτή’
1367 5110 1746 5182 Πεντηκοστῆν

165 5205 336 5274 αὐτὴν
370 5204 597 5277 ἐπίκλην
630 5205 896 5278 Ἑϐραίων
926 5204 1114 5269 παῖδες
1157 5201 1535 5276 ὀνομάζουσιν,
1563 5202 1746 5256 εἰκόνα

174 5297 446 5356 φέρουσαν
490 5297 588 5367 τῆς
635 5297 744 5352 τῶν
787 5297 1033 5369 οὐρανῶν
1084 5293 1377 5366 βασιλείας.
1413 5295 1576 5364 Λέγει
1618 5295 1749 5366 γοῦν

245 5393 292 5423 ⁸⁸
319 5393 479 5448 Deut.
506 5409 616 5458 rm,
641 5395 700 5452 9.

240 5483 378 5555 (9.6“)
400 5486 701 5552 Sequentes
730 5483 978 5538 versiculi
1007 5484 1254 5538 undecim
1283 5499 1454 5553 usque
1476 5487 1540 5555 ad
1564 5486 1625 5540 τὺ
1650 5504 1749 5540 πα-

168 5555 319 5609 λαιὸν
386 5555 596 5625 Πάσχα,
643 5557 880 5608 citantur
926 5571 992 5609 ea:
1058 5555 1284 5609 Eusebio
1317 5555 1406 5618 [De
1461 5554 1742 5624 Puschate,

175 5625 440 5700 Εὐσεϐίου
467 5625 595 5698 περὶ
619 5625 714 5700 τού
749 5625 962 5700 Πάσχα,
991 5625 1155 5680 etiam
1189 5643 1217 5678 a
1235 5626 1748 5700 _Ma_cario__Chryso-

171 5697 398 5766 repit:th
429 5697 480 5750 in
519 5695 615 5752 sua
665 5697 867 5750 inedita
896 5695 1109 5766 catena
1146 5697 1268 5752 eod.
1297 5697 1358 5751 Ε.
1397 5695 1435 5750 f.
1469 5696 1559 5763 95,
1601 5695 1656 5761 Ιὶ,
1691 5709 1746 5752 et

172 5765 388 5833 quidem
413 5782 522 5821 non
549 5766 666 5821 sine
700 5766 884 5820 verbis
923 5765 1083 5833 paulo
1113 5766 1359 5836 pluribus
1383 5783 1542 5835 quam
1589 5784 1617 5822 a
1653 5768 1744 5822 Ni-

171 5847 326 5907 ceta;
367 5837 720 5911 quamobrem
752 5851 817 5892 ex
859 5836 1092 5894 Eusebio
1122 5836 1302 5909 potius
1339 5839 1457 5910 ipso
1483 5853 1645 5908 quam
1676 5854 1744 5896 ex

1848 4653 2130 4708 alacritate
2163 4651 2230 4706 ad
2282 4651 2547 4706 ferentem
2587 4651 2638 4705 in
2683 4651 2851 4704 ccelos
2896 4646 3221 4710 transitum,
3247 4644 3314 4696 ab
3344 4643 3430 4699 his

1849 4743 2050 4800 infimis
2073 4743 2138 4798 ad
2167 4758 2426 4813 superna,
2459 4758 2490 4796 a
2530 4740 2742 4796 mortali
2788 4739 2896 4794 vita
2927 4737 2994 4792 ad
3052 4735 3430 4790 immortalita-

1853 4846 1958 4890 tem
1986 4851 2366 4907 properamus.
2387 4835 2478 4890 Sic
2507 4835 2649 4891 enim
2679 4840 2901 4903 peracto
2921 4828 3152 4886 feliciter
3173 4827 3428 4893 transitu,

1850 4931 2018 4998 major
2043 4928 2145 4983 alia
2172 4928 2406 4998 excipiet
2424 4943 2522 4984 nos
2535 4926 2850 4982 solemnitas
2866 4926 3047 4994 (quam
3072 4921 3428 4978 Pentecosten

1850 5021 2081 5077 Hebraei
2107 5020 2412 5091 nominant)
2451 5020 2601 5089 regni
2623 5019 2884 5074 caelorum
2915 5016 3206 5086 imaginem
3240 5028 3351 5083 prie
3372 5028 3432 5068 se

1851 5113 2053 5168 ferens.
2083 5111 2175 5166 Ait
2209 5109 2393 5180 itaque
2429 5109 2641 5179 Moyses
2679 5105 2804 5162 :Ex
2833 5122 2935 5176 quo
2979 5105 3166 5175 falcem
3202 5105 3256 5158 in
3300 5119 3432 5158 mes-

1849 5223 1956 5262 sem
1983 5205 2212 5267 miseris,
2238 5203 2541 5257 numerabis
2575 5203 2669 5255 tibi
2698 5212 2886 5272 septem
2932 5199 3306 5265 hebdomadas,
3337 5214 3428 5252 nov

1854 5316 2047 5371 vosque
2077 5315 2238 5368 panes
2284 5313 2349 5352 ea:
2383 5312 2514 5350 nova
2538 5311 2704 5350 messe
2729 5309 2986 5364 propone:
3021 5301 3143 5347 ante
3169 5291 3336 5348 Deum
3361 5291 3428 5344 “.

1858 5483 2042 5538 Nireta
2070 5480 2315 5535 hausisse
2343 5479 2557 5532 videtur
2578 5476 2866 5534 Macarius.

1927 5553 2060 5625 (εἴη
2080 5551 2219 5625 βριιο
2250 5549 2620 5625 τὴνιῠφηλιον.

1926 5614 2059 5694 (Ξεθ
2079 5621 2219 5694 Dicit
2257 5614 2484 5692 cy‘clum'
2515 5619 2867 5694 paschalernl,
2897 5616 3195 5694 cuiusmodi
3250 5614 3433 5694 plures

1856 5695 1909 5749 in
1936 5686 2193 5760 'antiquis
2221 5686 2590 5746 monumentis
2623 5700 2730 5745 tam
2761 5691 2983 5760 scriptis
3011 5701 3174 5760 quam
3201 5686 3432 5760 sculptis

1852 5756 2598 5833 exstant;Vidcsisiluscript.
2624 5762 2744 5818 chr.
2779 5756 2919 5830 apud
2954 5776 3076 5827 nos,
3105 5756 3300 5828 Script.
3332 5763 3430 5812 uel.

1855 5845 1892 5892 t.
1938 5835 2002 5899 ν.
2037 5850 2090 5900 p.
2123 5833 2191 5889 70
2216 5842 2272 5893 et
2301 5832 2426 5888 472.
