4190 6406
525 333 630 386 οιιθ

1201 321 1472 376 EUSEBII
1512 320 1986 378 CESABIENSIS
2023 321 2118 378 0P1

2221 321 2396 380 PARS
2430 319 2522 376 IV.
2569 349 2636 360 —
2671 309 3096 372 DOGMATICA.

3685 309 3798 364 70.0

529 452 882 522 Siguiticabat
905 465 1100 520 nempe
1145 451 1464 519 prophetica
1501 451 1602 504 hac
1631 449 1800 518 ﬁgura
1835 464 1930 518 per
1972 463 2114 504 rues-

2221 448 2477 519 Μωῦσῆς·
2538 441 2904 514 Ἀρχομένου
2925 455 3042 494 σου
3079 435 3377 506 δρέπανον
3417 435 3509 490 ἐπ’
3545 435 3796 504 ἄμητον,

527 559 642 602 sem
673 543 892 614 quidem
929 545 1270 598 vocationem
1301 542 1566 613 gentium,
1589 556 1686 610 per
1716 555 1882 594 novos
1919 556 2108 610 panes,

528 637 737 690 animas
765 634 966 689 Christi
997 634 1205 690 meritis
1227 633 1440 688 oblatas
1467 633 1596 698 Deo,
1637 631 2016 701 ecclesiasque
2041 648 2108 684 ex

527 728 762 783 ethnicis
787 725 1068 791 cauillatus,
1099 741 1326 796 quarum
1375 739 1540 780 causa
1587 723 1878 778 maximum
1909 722 2108 778 t‘esmm

530 821 674 888 apud
703 819 994 889 benignum
1027 820 1192 872 Deum
1227 818 1306 871 tit.
1331 816 1575 884 Namque
1601 815 1956 870 rationalibus
1979 830 2110 886 apo-

530 913 788 968 stolorum
821 912 1054 966 falcibus
1083 910 1340 972 demessi,
1375 909 1587 962 cunctis
1616 907 1814 976 ubique
1841 919 2108 962 terrarqu

530 1003 779 1060 ecclesiis
841 1012 1098 1071 tauquam
1149 1003 1202 1054 in
1237 1017 1362 1054 area
1419 999 1676 1076 globatim
1732 1001 2108 1069 congregatis,

531 1096 783 1154 concordi
819 1096 942 1150 ﬁdei
981 1095 1248 1150 sententia
1298 1091 1608 1161 corporali,
1638 1089 1752 1144 sale
1800 1090 2106 1146 divinarum

533 1188 900 1244 doctrinarum
947 1200 1010 1238 ac
1043 1183 1441 1252 disciplinarum
1473 1181 1695 1246 conditi,
1727 1197 1864 1249 aqua
1897 1192 1952 1234 et
1991 1181 2110 1252 igne

533 1277 708 1332 sancti
769 1275 998 1344 Spiritus
1057 1272 1376 1342 regenerati,
1429 1286 1596 1340 panes
1635 1272 1844 1328 escales
1880 1269 2108 1340 jucundi

534 1367 782 1436 gratique
815 1365 924 1421 Deo
955 1381 1051 1434 per
1077 1364 1351 1420 Christum
1386 1361 1683 1418 oﬂ‘crimur.

2214 541 2364 594 ἑπτὰ
2397 536 2730 607 ἑϐδομάδας
2774 531 3124 602 ἀριθμήσας
3169 528 3427 595 σεαυτῷ,
3471 529 3570 583 καί
3621 529 3800 596 νέους

2215 630 2436 698 ἄρτους
2459 628 2527 682 ἐκ
2544 627 2698 680 νέων
2713 623 2954 694 ἀμήτων
2973 619 3346 690 παραθήσεις
3371 619 3451 685 τῷ
3475 619 3617 685 Θεῷ.
3641 620 3798 693 Ἐδή-

2213 721 2306 776 λου
2331 721 2388 774 δέ
2417 721 2527 786 ἄρα
2569 715 2892 790 προφητικῷ
2918 713 3074 784 τύπῳ
3099 713 3310 784 ἄμητον
3354 713 3454 783 μὲν
3483 712 3592 766 τῶν
3629 711 3800 766 ἐθνῶν

2213 815 2314 886 τὴν
2354 813 2568 882 κλῆσιν,
2603 810 2754 873 νέους
2773 809 2831 862 δέ
2865 807 3060 878 ἄρτους
3085 805 3184 869 τὰς
3207 805 3295 859 διὰ
3317 803 3553 877 Χριστοῦ
3581 802 3658 874 τῷ
3683 803 3806 874 Θεῷ

2215 903 2723 977 προσενηνεγμένας
2749 901 2945 972 ψυχὰς,
2967 901 3066 961 τάς
3091 915 3150 951 τε
3175 897 3233 964 ἐξ
3258 897 3424 951 ἐθνῶν
3486 895 3802 967 ἐκκλησίας,

2214 998 2300 1066 ἐφ’
2333 993 2422 1061 αἶς
2469 996 2632 1068 ἑορτὴ
2682 993 2912 1066 μεγίστη
2947 992 3027 1064 τῷ
3063 989 3430 1062 φιλανθρώπῳ
3467 989 3588 1060 Θεῷ
3615 1007 3806 1046 συντε-

2211 1091 2403 1143 λεῖται·
2453 1089 2504 1142 οἳ
2548 1091 2668 1152 ταῖς
2707 1087 2814 1140 τῶν
2861 1085 3171 1140 ἀποστόλων
3209 1084 3455 1152 λογικαῖς
3495 1083 3798 1156 δρεπάναις

2212 1179 2574 1252 θερισθέντες,
2620 1181 2714 1232 καὶ
2751 1177 2938 1250 ὥσπερ
2967 1179 3046 1240 εἰς
3077 1177 3221 1240 ἄλως
3241 1176 3340 1239 τὰς
3367 1174 3678 1244 ἁπανταχοῦ
3704 1175 3808 1245 γῆς

2211 1272 2540 1342 Ἐκκλησίας
2573 1269 2926 1342 συναχθέντες
2963 1270 3052 1340 ὑφ’
3083 1269 3162 1334 ἓν,
3189 1268 3456 1340 ὁμοφώνῳ
3477 1287 3538 1322 τε
3571 1269 3806 1322 διαθέσει

2213 1365 2449 1428 πίστεως
2489 1363 3048 1435 σωματοποιηθέντες,
3085 1363 3180 1416 καὶ
3211 1363 3334 1417 ἁλσὶ
3381 1361 3640 1426 τοῖςάπὺ
3697 1363 3808 1416 τῶν

535 1459 693 1517 θείων
721 1461 892 1530 λόγων
947 1459 1262 1530 μαθήμασιν
1294 1457 1698 1536 ἐξαρτυθὼτες,
1732 1458 1798 1512 δι’
1838 1457 2030 1522 ὕδατός
2063 1475 2122 1512 τε
2160 1460 2256 1512 καὶ
2305 1460 2478 1531 πυρὸς
2522 1459 2678 1528 ἁγίου
2745 1458 3059 1529 Πνεύματος
3120 1456 3596 1526 ἀναγεννηθέντες,
3651 1455 3808 1528 ἄρτοι

533 1557 793 1628 τρόφιμοι
825 1557 1114 1626 προσηνεῖς
1147 1555 1240 1607 καὶ
1265 1554 1486 1624 ἀρεστοί
1518 1552 1597 1624 τῷ
1623 1553 1742 1625 Θεῷ
1765 1554 1856 1608 διὰ
1883 1553 2118 1626 Χριστοῦ
2161 1554 2604 1626 προσφερόμεθα.

607 1649 661 1704 5.
687 1649 779 1703 Sic
803 1663 932 1718 ergo
983 1645 1318 1716 prOpheticis
1349 1645 1546 1714 Moysis
1591 1648 1850 1718 symbolis
1897 1647 1949 1700 in
1997 1663 2110 1702 rem

2282 1655 2356 1702 ε’.
2388 1647 2569 1719 Ταύτῃ
2609 1663 2684 1716 πη
2719 1644 2826 1698 τῶν
2855 1645 3004 1716 παρά
3037 1645 3262 1698 Μωῦσεῖ
3287 1640 3641 1714 προφητικῶν
3669 1657 3808 1712 συμ-

535 1756 718 1796 veram
757 1740 1030 1795 sanctiore
1076 1737 1270 1793 eti‘ectu
1305 1737 1534 1802 collatis,
1574 1739 1836 1794 laetiorem
1883 1754 1983 1794 nos
2028 1755 2118 1796 so-

538 1833 876 1886 lemnitatem
929 1843 1091 1898 agere
1146 1829 1444 1883 traditione
1487 1829 1798 1895 didicimus,
1856 1847 1956 1887 ceu
2003 1831 2116 1900 jam

536 1937 656 1974 rum
718 1920 1012 1975 Servatore
1062 1928 1250 1974 nostro
1305 1919 1627 1984 coadunati,
1673 1919 1900 1988 ejusque
1957 1934 2118 1989 regno

537 2013 798 2066 fruentes.
825 2011 1120 2081 Propterea
1147 2011 1295 2064 nullo
1315 2010 1472 2064 nobis
1491 2010 1676 2064 labore
1693 2016 1932 2066 ascetico
1953 2011 2116 2066 atteri

537 2106 676 2158 intra
729 2103 832 2157 hoc
863 2102 1059 2157 festum
1098 2103 1435 2166 conceditur,
1474 2103 1570 2156 sed
1622 2113 1852 2172 sperata:
1878 2104 1929 2157 in
1958 2103 2120 2158 cmlis

537 2196 734 2264 quietis
773 2195 1060 2262 imaginem
1104 2197 1368 2250 exhibere
1431 2195 1708 2250 docemur.
1737 2197 1916 2262 Quare
1942 2211 2040 2250 nec
2065 2197 2116 2250 in

539 2287 790 2357 precibus
857 2301 1002 2356 genu
1065 2289 1356 2354 llectimus,
1403 2301 1580 2357 neque
1631 2287 1738 2342 cibi
1790 2288 2118 2343 abstinentia

538 2387 752 2434 nosmet
789 2377 1100 2449 allligimus.
1138 2380 1350 2436 Etenim
1393 2397 1512 2445 eos,
1559 2381 1756 2450 quibus
1789 2381 1840 2434 in
1881 2382 1991 2436 Deo
2037 2397 2122 2437 re-

539 2469 796 2539 surgendi
830 2469 1003 2539 gratia
1030 2469 1272 2537 fuit,jam
1303 2487 1409 2526 non
1439 2471 1598 2526 decet
1627 2474 1802 2528 denuo
1825 2473 1972 2526 humi
1997 2488 2120 2538 pro-

545 2562 808 2616 cumbere
839 2576 854 2626 ;
885 2576 1006 2624 nec,
1037 2562 1382 2628 passionibus
1420 2563 1696 2626 liberatos,
1729 2563 1880 2632 paria
1913 2563 2118 2632 perpeti

541 2671 662 2708 cum
719 2653 1006 2724 mancipiis
1041 2655 1420 2728 cupiditatum.
1470 2655 1835 2721 Quamobrem
1865 2665 1988 2726 post
2015 2657 2118 2710 Pa-

543 2748 672 2801 scha
707 2747 1068 2802 Pentecosten
1111 2757 1318 2816 septem
1351 2748 1705 2802 hebdomadis
1733 2748 1954 2818 integris
1975 2749 2119 2802 cele-

545 2835 766 2890 bramus
798 2853 814 2901 ;
851 2836 990 2889 sicut
1045 2835 1302 2904 praevium
1337 2834 1588 2890 Paschati
1639 2845 1853 2904 tempus
1889 2838 2123 2907 quadra—

543 2925 817 2995 gesimalis
850 2927 1090 2980 exercitii
1159 2941 1253 2980 sex
1301 2925 1655 2981 hebdomadis
1690 2928 1917 2982 viriliter
1957 2929 2122 2986 susti—

542 3018 780 3072 nuimus.
834 3017 970 3072 Nam
1021 3019 1270 3072 senarius
1321 3034 1577 3073 nmnerus
1634 3029 1913 3087 actuosus,
1941 3031 2000 3075 ut
2047 3021 2119 3075 ita

541 3107 741 3174 dicam,
769 3117 855 3163 est
883 3116 936 3162 et
971 3107 1180 3162 efficax.
1219 3107 1344 3162 Ideo
1389 3119 1444 3162 et
1485 3125 1580 3163 sex
1633 3107 1826 3163 diebus
1870 3110 2117 3164 universa

545 3199 686 3255 Deus
727 3200 1035 3254 condidisse
1081 3201 1303 3255 dicitur.
1357 3199 1658 3256 Laboribus
1703 3209 1882 3255 autem
1934 3202 1985 3255 in
2029 3203 2117 3257 illa

546 3293 794 3346 toleratis
845 3292 1042 3346 merito
1101 3293 1356 3348 succedet
1408 3293 1642 3348 secunda
1691 3295 2010 3349 solemnitas
2065 3295 2116 3350 in

542 3391 752 3450 septem
805 3383 1178 3448 hebdomadis,
1207 3383 1566 3456 multiplicata
1599 3385 1756 3440 nobis
1783 3387 1990 3455 requie,
2023 3403 2117 3442 cu-

539 3473 628 3540 jus
653 3466 954 3544 symbolum
983 3476 1321 3544 septenarius
1362 3492 1621 3532 numerus
1650 3487 1754 3532 est.
1787 3476 1904 3532 Non
1939 3487 2117 3532 tamen

543 3577 610 3618 ex
659 3564 744 3618 his
793 3573 1002 3634 septem
1045 3566 1400 3622 hebdomadis
1439 3566 1790 3622 Pentecostes
1831 3584 1923 3622 seu
1959 3571 2120 3637 quin-

543 3655 910 3724 quagenarius
955 3671 1216 3711 numerus
1253 3655 1585 3712 adamussim
1633 3657 1922 3713 coniicitur
1951 3676 1966 3724 ;
1996 3675 2117 3714 nam

545 3757 816 3816 postrema
871 3747 1166 3804 excedente
1224 3749 1486 3813 monade,
1526 3749 1579 3802 in
1633 3749 1733 3804 hac
1781 3751 2118 3806 solemnissi-

549 3853 695 3891 mum
727 3837 932 3892 Christi
962 3839 1304 3894 ascendentis
1349 3840 1492 3893 diem
1537 3841 1902 3910 obsignamus.
1929 3842 2120 3898 Merito

548 3927 714 3998 igitur
751 3939 960 3984 sancta:
985 3929 1340 3986 Pentecostes
1383 3929 1574 3986 diebus
1613 3931 1844 3988 futuram
1881 3936 2117 4004 requiem

547 4029 1022 4086 repraesentantes,
1057 4021 1192 4076 laetis
1219 4023 1418 4076 animis
1447 4039 1658 4088 sumus,
1699 4025 1966 4096 simulque
1995 4041 2117 4080 cor-

546 4111 664 4180 pori
721 4111 954 4180 quietem
1005 4111 1364 4182 indulgemus,
1411 4116 1566 4184 quasi
1614 4133 1734 4171 cum
1767 4116 1979 4188 Sponso
2005 4119 2117 4188 jam

546 4217 846 4266 versemur,
879 4203 1108 4273 ideoque
1139 4205 1293 4260 nobis
1316 4205 1568 4275 jejnuare
1611 4225 1718 4263 non
1761 4209 1940 4266 liceat.

617 4297 670 4350 6.
697 4295 804 4350 Sed
857 4305 1033 4350 tamen
1075 4301 1218 4368 quod
1257 4303 1401 4355 sacri
1439 4303 1790 4372 evangelista:
1820 4305 2121 4362 Servatoris

548 4387 852 4457 passionem
892 4389 1036 4444 circa
1093 4391 1212 4446 dies
1243 4407 1560 4462 azymorum
1605 4393 1812 4449 Iudaici
1848 4395 2126 4454 Paschalis

545 4479 844 4548 cauligisse
868 4491 1113 4540 narrent.
1153 4497 1310 4537 nemo
1344 4485 1630 4539 dubitabit.
1655 4485 1778 4541 Haec
1799 4488 1942 4542 enim
1967 4503 2126 4543 causa

547 4575 725 4629 fuerat
773 4574 910 4642 legis
949 4591 978 4628 a
1027 4575 1209 4646 Moyse
1261 4573 1402 4640 latze,
1437 4591 1556 4644 qua:
1600 4575 1798 4629 dicitur
1837 4578 2124 4644 paschalis.

545 4665 682 4723 Nam
717 4669 840 4738 quia
877 4668 1065 4738 Agnus
1118 4667 1248 4729 Dei,
1283 4678 1536 4737 tanquam
1563 4669 1715 4732 ovis,
1767 4671 1834 4723 ab
1865 4670 1995 4738 ipsis
2027 4669 2124 4724 Ju—

547 4763 677 4818 dteis
723 4763 787 4817 ad
834 4763 1035 4818 caedem
1089 4762 1363 4817 ducendus
1412 4769 1548 4824 erat,
1577 4777 1736 4830 quam
1774 4761 1842 4816 ob
1873 4779 2120 4817 commu-

547 4869 668 4909 nem
721 4855 996 4908 hominum
1049 4854 1277 4908 salutem
1336 4868 1594 4924 passurus
1641 4863 1780 4916 erat,
1829 4854 1968 4909 haud
2017 4855 2123 4910 alio

545 4961 704 5014 quam
731 4945 987 5014 przedicto
1017 4953 1283 5014 tempore,
1313 4943 1454 4998 Deus
1497 4943 1730 4997 futuram
1766 4960 1878 4999 rem
1903 4947 2124 5002 demort-

545 5035 786 5090 strativis
830 5035 1093 5106 symbolis
1125 5051 1535 5104 praeoccupans.
1580 5035 1669 5090 illo
1703 5039 1819 5108 ipso
1860 5047 2120 5109 tempore,

547 5128 690 5196 quod
733 5127 1076 5183 volventibus
1132 5144 1399 5182 annorum
1445 5129 1725 5196 periodis,
1771 5146 2122 5188 occursurum

547 5227 685 5278 erat,
719 5219 1055 5273 matcrialem
1089 5221 1156 5275 ab
1205 5220 1407 5277 Iudaeis
1451 5239 1648 5291 agnum
1687 5223 1956 5279 immolari
1995 5242 2126 5295 pra:-

548 5311 691 5381 cepit
729 5327 744 5364 :
784 5311 944 5380 idque
975 5312 1042 5366 ab
1071 5314 1150 5368 eis
1189 5315 1419 5380 singulis
1467 5315 1626 5370 annis
1661 5317 1964 5372 facritatum
2003 5318 2124 5386 fuit,

548 5403 720 5458 donec
778 5404 1045 5473 completa
1097 5409 1297 5461 veritas
1337 5417 1549 5463 veteres
1595 5409 1860 5480 imagines
1889 5413 2122 5466 circum-

548 5496 786 5566 scripsit.
827 5496 1185 5564 Quamobrem
1222 5517 1287 5556 ex
1335 5501 1426 5554 illo
1463 5511 1710 5572 tempore
1753 5503 1890 5572 apud
1941 5514 2126 5574 gentes

547 5591 764 5657 quidem
799 5605 926 5646 vera
965 5595 1344 5662 mysteriorum
1381 5605 1564 5650 manet
1595 5597 1952 5662 solemnitas;
1985 5599 2123 5665 apud

547 5675 767 5734 Judteos
795 5691 971 5736 autem
1000 5699 1066 5738 ne
1095 5685 1335 5755 ipsorum
1359 5687 1577 5754 quidem
1613 5686 1978 5754 symbolorum
2009 5705 2122 5741 mc-

550 5771 721 5826 moria
745 5785 1009 5842 superest,
1029 5787 1212 5845 erepto
1232 5777 1297 5834 iis
1330 5779 1444 5834 loco
1474 5779 1561 5834 ubi
1585 5779 1704 5834 testi
1729 5781 1885 5834 ritum
1911 5795 2128 5852 perage-

2219 1739 2390 1792 6όλων
2424 1740 2503 1802 εἰς
2545 1739 2681 1809 ἔργα
2725 1739 3073 1808 σεμνοτέροις
3103 1738 3217 1798 τοῖς
3255 1734 3660 1805 ἀποτελέσμασι
3699 1751 3808 1803 χω-

2221 1831 2474 1904 ρούντων,
2505 1829 2655 1884 αὐτοί
2685 1847 2749 1898 γε
2783 1829 2888 1899 μὴν
2911 1829 3010 1899 τήν
3040 1826 3232 1898 ἑορτὴν
3263 1825 3625 1898 φαιδροτέραν
3655 1823 3810 1891 ἄγειν

2221 1923 2656 1996 παρειλήφαμεν,
2691 1920 2766 1984 ὡς
2819 1920 2886 1974 ἂν
2917 1919 2996 1990 τῷ
3051 1919 3264 1990 Σωτῆρι
3319 1915 3808 1988 συναγηγερμένοι,

2219 2013 2316 2067 καὶ
2343 2014 2440 2084 τῆς
2466 2011 2630 2084 αὐτοῦ
2657 2011 2931 2081 βασιλείας
2961 2008 3345 2072 ἀπολαύοντες.
3377 2008 3468 2061 Διὸ
3499 2007 3684 2060 οὐκέτι
3713 2023 3812 2058 πο-

2219 2104 2429 2158 νεῖσθαι
2461 2103 2600 2157 κατά
2622 2102 2781 2173 τήνδε
2803 2102 2900 2172 τὴν
2925 2099 3116 2170 ἑορτὴν
3146 2096 3595 2169 συγχωρούμεθα,
3625 2095 3727 2166 τῆς
3763 2093 3811 2146 δ”

2219 2195 2584 2266 ἐλπιζομένης
2612 2197 2669 2248 ἐν
2701 2195 2949 2266 οὐρανοῖς
2978 2189 3340 2253 ἀναπαύσεως
3371 2189 3472 2259 τὴν
3501 2187 3687 2240 εἰκόνα
3715 2185 3812 2255 φέ-

2222 2305 2334 2360 ρειν
2363 2286 2744 2357 διδασκόμεθα·
2777 2284 2900 2339 ὅθεν
2931 2284 3038 2338 οὐδ’
3077 2284 3136 2336 ἐν
3173 2285 3292 2345 ταῖς
3321 2281 3506 2351 εὐχαῖς
3533 2279 3664 2346 γόνυ
3696 2277 3812 2332 κλί⁹

2219 2398 2404 2451 νομεν,
2455 2379 2566 2432 οὐδ’
2605 2379 2842 2442 ἀσιτίαις
2897 2374 3369 2444 καταπονούμεθα·
3405 2373 3530 2435 τοὺς
3561 2371 3670 2442 γάρ
3707 2369 3808 2438 τῆς

2221 2473 2363 2527 κατὰ
2393 2472 2525 2525 Θεὸν
2559 2471 2906 2534 ἀναστάσεως
2955 2468 3288 2540 ἠξιωμένους
3319 2465 3496 2520 οὐκέτ’
3525 2459 3681 2528 αὖθις
3701 2457 3812 2516 οἷόν

2220 2582 2280 2618 τε
2305 2564 2398 2617 ἐπὶ
2435 2565 2537 2634 γῆς
2563 2564 2800 2617 πίπτεινο
2835 2563 2956 2616 οὑδέ
2987 2563 3112 2625 τοὺς
3140 2560 3247 2614 τῶν
3287 2558 3474 2612 παθῶν
3505 2555 3814 2627 ἠλευθερω-

2225 2657 2418 2727 μένους
2449 2657 2518 2710 τά
2551 2657 2640 2710 ἴσα
2675 2655 2906 2726 πάσχειν
2941 2658 3052 2717 τοῖς
3081 2649 3656 2721 καταδεδουλωμένοις.
3721 2647 3814 2702 Διδ
3901 2692 3910 2702 .

2225 2747 2361 2817 μετὰ
2387 2748 2448 2800 τὸ
2481 2747 2670 2818 Πάσχα
2699 2746 2798 2818 τὴν
2825 2743 3204 2816 Πεντηκοστὴν
3233 2745 3290 2797 ἐν
3337 2741 3628 2813 ἑϐδομάσιν
3671 2739 3815 2825 ἐπτά

2221 2838 2453 2902 τελείαις
2487 2837 2837 2910 ἑορτάζομεν,
2861 2837 2952 2890 τὸν
2989 2837 3087 2908 μέν
3115 2834 3380 2908 πρότερον
3397 2833 3568 2886 αἰῶνα
3581 2833 3678 2902 τῆς
3707 2833 3814 2904 πρὸ

2223 2931 2318 2986 τοῦ
2363 2931 2553 3001 Πάσχα
2603 2928 3182 3001 τεσσαρακονθημέρου
3226 2927 3612 2996 συνασκήσεως
3651 2926 3710 2978 ἐν
3751 2923 3814 2990 ἓξ

2151 3000 2196 3060 C
2229 3000 2522 3094 ἑόδομάσιν
2574 3000 2974 3094 ἀνδρισάμενοι·
3011 3019 3289 3091 πρακτικὴ
3315 3017 3426 3089 γὰρ
3459 3019 3492 3088 ή
3543 3016 3670 3082 ἑξὰς
3721 3017 3816 3070 καὶ

2227 3117 2575 3186 ἐνεργητική·
2599 3116 2679 3168 διὸ
2704 3116 2796 3168 καὶ
2827 3116 2887 3168 ἐν
2917 3111 2976 3177 ἓξ
3001 3111 3238 3185 ἡμέραις
3257 3114 3285 3164 ό
3311 3111 3441 3174 Θεὸς
3459 3109 3815 3182 πεποιηκέναι

2227 3208 2448 3276 λέγεται
2475 3207 2544 3260 τὰ
2573 3207 2884 3278 σύμπαντα.
2917 3205 3056 3267 Τοὺς
3083 3204 3125 3256 δ’
3152 3206 3210 3258 ἐν
3243 3204 3425 3276 ἐκείνῃ
3458 3203 3653 3265 πόνους
3671 3201 3815 3256 εἰκό-

2225 3301 2390 3370 τωςή
2424 3298 2650 3368 δευτέρα
2695 3297 2858 3369 ἑορτὴ
2892 3298 2950 3350 ἐν
2990 3296 3282 3366 ἑϐδομάσιν
3317 3295 3458 3348 ἑπτὰ
3497 3293 3816 3358 διαδέξεται,

2228 3389 2810 3460 πολυπλασιαζομὲνης
2867 3391 2994 3458 ἡμῖν
3047 3388 3148 3456 τῆς
3191 3386 3572 3450 ἀναπαύσεως,
3625 3381 3694 3458 ἧς
3747 3385 3818 3438 τά

2229 3483 2474 3554 σύμῧολα
2521 3486 2555 3555 ἠ
2609 3481 2842 3552 ἑϐδομὰς
2881 3482 3170 3553 σημαίνειν
3217 3480 3380 3534 θέλει.
3437 3481 3510 3534 Οὐ
3569 3481 3676 3551 μὴν
3717 3479 3812 3533 ἐπὶ

2225 3574 2428 3638 ταύτας
2453 3575 2481 3628 ὁ
2509 3575 2607 3646 τῆς
2658 3573 3042 3644 ΙΙεντηκοστῆς
3093 3573 3324 3644 ἀριθμὸς
3378 3573 3614 3626 ἵσταται·
3647 3573 3820 3642 ὑπερ-

2227 3666 2514 3731 ακοντίσας
2567 3666 2625 3720 δὲ
2647 3667 2748 3728 τὰς
2783 3665 2924 3718 ἑπτά
2965 3664 3286 3734 ἑϐδομάδας,
3339 3663 3526 3734 μονάδι
3565 3667 3630 3734 τῇ
3677 3663 3820 3734 μετὰ

2225 3759 2426 3823 ταύτας
2461 3759 2668 3831 ὑστάτῃ
2713 3757 2810 3828 τὴν
2853 3756 3147 3828 πανέορτον
3181 3755 3394 3826 ἡμέραν
3435 3756 3536 3825 τῆς
3580 3755 3816 3826 Χριστοῦ

2226 3851 2538 3923 ἀναλήψεως
2567 3846 3041 3920 ἐπισφραγίζεται.
3077 3847 3316 3911 Εἰκότως
3339 3849 3447 3919 ἄρα
3479 3848 3537 3900 ἐν
3561 3851 3682 3911 ταῖς
3711 3847 3816 3918 τῆς

2229 3945 2387 4013 ἁγίας
2417 3943 2797 4013 Πεντήκοστῆς
2825 3942 3056 4014 ἡμέραις
3077 3940 3172 4012 τὴν
3195 3941 3490 4012 μέλλουσαν
3511 3941 3818 3996 ἀνάπαυσιν

2226 4037 2638 4109 διαγράφοντες,
2673 4038 2773 4101 τὰς
2814 4037 2991 4108 ψυχὰς
3047 4035 3378 4106 γαννύμεθα,
3429 4037 3524 4090 καὶ
3565 4036 3624 4088 τὸ
3657 4035 3818 4106 σῶμα

2226 4129 2649 4200 διαναπαύομεν,
2679 4130 2755 4194 ὼς
2791 4129 2856 4182 ἂν
2873 4130 3020 4200 αύτῴ
3045 4128 3292 4191 συνόντες
3322 4127 3421 4200 ἤδη
3454 4127 3533 4199 τῷ
3559 4127 3814 4200 Νυμφίῳ,

2228 4222 2323 4276 καὶ
2361 4221 2644 4293 νηστεύειν
2681 4223 2756 4292 μὴ
2779 4221 3083 4292 δυνάμενοι.

2302 4321 2378 4380 ς’.
2432 4314 2582 4385 Πλὴν
2611 4315 2694 4368 ὅτι
2721 4317 2771 4367 οἰ
2827 4315 2958 4386 ἱεροί
3017 4313 3401 4382 εὑαγγελισταὶ
3445 4311 3508 4364 τὸ
3553 4313 3818 4384 σωτήριον

2233 4406 2406 4470 πάθος
2429 4381 2571 4461 κατά
2614 4406 2714 4470 τὰς
2757 4381 2969 4477 ἡμέρας
2998 4405 3090 4458 τοῦ
3133 4381 3428 4459 Ἰουδαϊκοῦ
3463 4404 3654 4476 Πάσχα
3686 4381 3850 4458 πῶν,

2229 4498 2456 4570 ἀζύμων
2509 4498 2801 4569 ἱστόρησαν
2836 4497 3142 4565 γεγονέναι,
3183 4495 3360 4559 οὐδεὶς
3389 4494 3454 4550 ἂν
3495 4495 3816 4566 ὰμφιὸάλοι·

2227 4589 2387 4642 τοῦτο
2406 4589 2515 4662 γὰρ
2543 4585 2612 4662 ἦν
2643 4589 2738 4642 τοῦ
2775 4589 2944 4661 νόμου
2975 4588 3070 4642 τοῦ
3110 4589 3261 4660 παρὰ
3291 4591 3516 4643 Μωῦσεῖ
3539 4592 3668 4660 περὶ
3723 4588 3818 4642 τοῦ

2227 4681 2419 4752 Πάσχα
2468 4681 2758 4752 λεγομένου
2804 4682 2994 4736 αίτιον.
3069 4681 3285 4752 Ἐπειδὴ
3334 4681 3444 4752 γάρ
3505 4681 3728 4752 ιἔμελλεν
3789 4684 3820 4736 ό

2237 4775 2432 4846 Ἀμνὸς
2473 4775 2566 4828 τοῦ
2592 4773 2728 4828 Θεοῦ
2775 4774 2852 4838 ὡς
2889 4774 3158 4846 πρόϐατον
3209 4773 3302 4828 ἐπὶ
3339 4775 3553 4845 σφαγὴν
3585 4775 3816 4843 ἄγεσθαι

2221 4870 2355 4940 παρ’
2377 4867 2558 4930 αὐτοῖς
2604 4867 2898 4931 Ἰουδαίοις,
2931 4867 3026 4920 καὶ
3069 4866 3226 4920 τοῦτο
3257 4867 3488 4940 πάσχειν
3522 4867 3662 4939 ὑπὲρ
3707 4868 3810 4940 τῆς

2225 4959 2410 5030 κοινῆς
2461 4958 2676 5012 πάντων
2729 4957 3032 5028 ἀνθρωπων
3083 4959 3379 5030 σωτηρίας,
3407 4959 3504 5012 οὐκ
3537 4959 3724 5012 ἄλλοτε
3779 4959 3814 5030 ἢ

2225 5050 2368 5102 κατά
2404 5049 2494 5102 τὸν
2514 5047 2841 5117 δηλούμενον
2873 5047 3089 5120 καιρὸν,
3140 5047 3426 5120 προλαϐὼν
3451 5048 3513 5102 τὸ
3547 5048 3736 5119 μέλλον
3787 5049 3818 5102 ὁ

2225 5141 2358 5204 Θεὸς
2390 5140 2479 5194 διὰ
2507 5157 2568 5194 συ
2577 5140 2788 5210 μϐόλων
2817 5139 3121 5203 εἰκονικῶς,
3148 5142 3269 5194 κατ’
3299 5141 3461 5194 αὑτὸν
3495 5143 3702 5196 ἐκεῖνον
3726 5141 3818 5196 τὸν

2231 5233 2494 5304 μέλλοντά
2531 5249 2662 5284 ποτε
2715 5230 2856 5284 κατά
2883 5233 3090 5302 χρόνων
3125 5233 3405 5305 περιόδους
3429 5233 3816 5306 ἐπιστήσεσθαι

2227 5325 2438 5394 καιρὸν,
2493 5324 2660 5393 ἀμνὸν
2733 5324 2880 5396 παρὰ
2950 5325 3223 5389 Ἰουδαίοις
3288 5325 3546 5395 αἰσθητὸν
3593 5326 3816 5380 ἐκέλευε

2229 5417 2468 5470 θύεσθαι·
2495 5417 2588 5471 καὶ
2618 5416 2775 5470 τοῦτο
2799 5419 2981 5482 αὐτοῖς
3011 5420 3129 5472 κατ’
3157 5419 3400 5472 ἐνιαυτὸν
3438 5418 3692 5480 ἐτελεῖτο,
3713 5417 3816 5480 ἓως

2228 5510 2262 5579 ἡ
2295 5508 2523 5579 ἀλήθεια
2554 5507 3036 5578 άποπληρωθεῖσα,
3067 5509 3168 5572 τὰς
3209 5507 3445 5572 παλαιάς
3473 5508 3688 5571 εἰκόνας
3721 5523 3814 5560 πε-

2232 5599 2543 5670 ριέγραψεν,
2575 5601 2736 5654 Ὅθεν
2765 5601 2823 5667 ἐξ
2852 5601 3060 5654 ἐκείνου
3094 5601 3245 5671 παρὰ
3284 5602 3382 5673 μὲν
3415 5603 3528 5664 τοῖς
3553 5600 3814 5670 ἓθνεσινή

2233 5691 2436 5762 ἀληθὴς
2463 5693 2571 5746 τῶν
2604 5695 2918 5766 μυστηρίων
2961 5695 3300 5764 κεκράτηκεν
3337 5693 3520 5765 ἑορτὴ,
3558 5693 3711 5764 παρά
3754 5691 3814 5746 δὲ

2249 5781 2519 5848 Ἰουδαίοις
2545 5782 2723 5838 οὐκέτι
2762 5785 2869 5838 οὐδ’
2901 5783 3076 5840 αὐτῶν
3110 5787 3142 5854 ἡ
3177 5785 3361 5856 μνήμη
3393 5783 3498 5838 τῶν
3529 5781 3818 5854 συμϐόλων
