4190 6406
344 360 439 415 7M

1475 359 1558 416 DE
1601 349 2092 416 εοιΕΜΝιτΑτε
2126 363 2482 421 PASCHALI.

3497 364 3600 421 702

341 481 686 549 φυλάττεται,
713 497 775 533 πε
787 477 1118 552 ριῃρημένου
1158 479 1338 534 αὐτῶν
1366 479 1456 533 τοῦ
1491 481 1654 535 τόπου
1685 482 1744 534 ὲν
1780 473 1825 548 ᾧ
1853 482 1921 535 τὰ

2031 499 2084 538 re
2100 485 2236 554 jussi
2278 486 2511 540 fuerant.
2527 483 2923 539 Convenienter
2951 481 3136 551 utique
3164 480 3339 535 divina
3358 479 3602 552 Evange-

342 574 436 644 τῆς
480 573 672 643 ἑορτῆς
713 573 983 626 τελεῖσθαι
1025 572 1432 644 νενομοθέτητο.
1465 571 1703 638 Εἰκότως
1748 573 1858 632 ἄρα
1889 576 1923 645 ἡ

341 665 456 718 θεία
476 664 584 718 τῶν
613 664 956 734 Εὑαγγελίων
981 665 1169 735 γραφὴ
1198 665 1342 718 κατὰ
1362 665 1452 717 τὸν
1471 665 1660 736 χρόνον
1681 665 1928 719 τῶνἸου·

343 755 538 810 δαῖκῶν
561 754 788 826 ἀζύμων
817 755 1140 809 πεπονθέναι
1171 755 1305 825 φησι
1330 755 1422 809 τὸν
1447 757 1693 827 Σωτῆρα·
1738 756 1924 826 ἐπειδὴ

343 848 436 902 καὶ
464 847 582 900 τότε
611 849 686 911 ὡς
731 848 1000 920 πρόϐατον
1026 849 1118 901 ὲπὶ
1145 846 1358 918 σφαγὴν
1385 847 1523 918 ἤχθη
1551 849 1672 910 ταῖς
1707 852 1926 919 προφη-

345 942 519 1004 τικαῖς
544 940 850 1004 ἀκολούθως
875 942 1099 1010 φωναῖς.

411 1031 477 1095 ζ’.
535 1034 645 1086 Καὶ
670 1036 717 1086 οἱ
755 1033 855 1104 μὲν
910 1033 1050 1088 κατά
1100 1031 1339 1086 Μωῦσέα
1384 1031 1532 1097 ἅπαξ
1581 1031 1678 1084 τοῦ
1726 1032 1926 1096 παντὸς

343 1121 492 1187 έτους
517 1124 784 1193 πρόϐατον
823 1124 919 1177 τοῦ
957 1125 1149 1194 Πάσχα
1174 1123 1330 1177 ἔθυον
1359 1123 1922 1195 τεσσαρεσκαιδεκάτῃ

343 1217 434 1272 τοῦ
464 1217 680 1289 πρώτου
731 1219 918 1289 μηνὸς,
943 1217 1004 1271 τὸ
1037 1218 1174 1288 πρὸς
1195 1217 1454 1290 ἑσπέραν·
1489 1218 1652 1287 ἡμεῖς
1673 1216 1727 1269 δὲ
1755 1216 1802 1267 οἱ
1823 1215 1926 1284 τῆς

344 1310 550 1380 Καινῆς
593 1310 863 1382 Διαθήκης
896 1310 980 1378 ἐφ’
1028 1310 1263 1380 ἑκάστης
1295 1309 1578 1380 Κυριακῆς
1610 1307 1818 1378 ἡμέρας
1865 1305 1926 1359 τὸ

345 1400 551 1454 ἑαυτῶν
580 1401 770 1470 Πάσχα
788 1399 1089 1462 τελοῦντες,
1125 1400 1234 1452 ΑΕΙ
1276 1399 1412 1452 ΤΟΥ
1437 1397 1755 1450 ΣΩΜΑΤΟΣ
1787 1394 1922 1448 ΤυΥ

344 1492 681 1545 ΣΩΤΗΡΙΟΥ
717 1491 1251 1551 ΕΜΦΟΡΟΥΜΕΘΑ,
1301 1490 1411 1542 AEI
1446 1489 1585 1541 ΤΟΥ
1619 1487 1930 1541 ΑΙΜΑΤΟΣ

343 1583 478 1636 ΤΟΥ
501 1582 863 1635 ΠΡΟΒΑΤΟΥ
883 1580 1552 1635 ΜΕΤΑΛΑΜΒΑΝΟΜΕΝ
1567 1579 1699 1649 (29),
1718 1577 1805 1632 ἀεί
1828 1577 1925 1642 τὰς

342 1674 512 1743 ὀσφῦς
537 1675 636 1744 τῆς
669 1673 877 1726 ἑαυτῶν
905 1673 1083 1744 ψυχῆς
1107 1672 1299 1744 ἁγνείᾳ
1333 1672 1426 1726 καὶ
1455 1669 1778 1744 σωφροσύνῃ
1823 1687 1922 1722 πε-

344 1765 703 1839 ριεζώσμεθα,
735 1768 821 1820 ἀεὶ
843 1768 966 1830 τοὺς
985 1767 1149 1830 πόδας
1173 1763 1666 1838 παρεσκευάσμεθα
1698 1765 1755 1816 ἐν
1789 1765 1925 1817 ἐτοι-

345 1858 516 1931 μασία
543 1859 635 1912 τοῦ
665 1858 1016 1926 Εὑαγγελίου,
1045 1859 1132 1911 ἀεὶ
1167 1857 1266 1919 τὰς
1294 1856 1593 1928 βακτηρίας
1618 1855 1813 1926 έχομεν
1865 1855 1923 1907 ἐν

342 1953 463 2014 ταῖς
490 1950 665 2022 χερσὶ,
693 1951 788 2004 καὶ
830 1953 895 2020 τῇ
943 1949 1120 2020 ῥάϐδῳ
1147 1951 1210 2021 τῇ
1243 1952 1305 2002 ὲκ
1322 1947 1476 2019 ῥίζης
1511 1947 1710 1999 Ἰεσσαὶ
1732 1946 1924 2015 προελ-

343 2040 510 2114 θούση
541 2040 1024 2112 ἐπαναπαυόμεθα,
1044 2041 1128 2094 ἀεὶ
1159 2041 1258 2110 τῆς
1288 2039 1560 2108 Αἰγύπτου
1586 2037 1924 2118 ἀπαλλαττόο

345 2133 502 2205 μεθα,
533 2134 615 2186 ἀεὶ
647 2133 743 2205 τὴν
773 2133 1006 2204 ἐρημίαν
1026 2131 1120 2186 τοῦ
1149 2131 1486 2204 ἀνθρωπείου
1523 2130 1638 2200 βίου
1665 2128 1928 2200 μεταδιώ-

350 2244 532 2297 κομεν,
567 2227 654 2281 ἀεὶ
677 2228 774 2300 τὴν
806 2226 940 2296 πρὸς
961 2225 1093 2279 Θεὸν
1122 2226 1344 2295 πορείαν
1380 2223 1727 2294 στελλόμεθα,
1748 2222 1833 2274 ἀεὶ
1859 2221 1926 2274 τά

346 2320 667 2391 διαϐατήρια
699 2319 1047 2390 ἑορτάζομεν.
1087 2318 1274 2372 Ταῦτα
1307 2317 1416 2390 γάρ
1453 2317 1633 2370 πάντα
1661 2315 1758 2385 οὐχ
1781 2312 1928 2377 ἅπαξ

354 2408 434 2466 τοῦ
470 2411 622 2475 ἔτους
646 2413 904 2484 πράττειν
936 2412 1103 2483 ἡμᾶς,
1139 2409 1224 2464 ἀεὶ
1249 2410 1421 2463 δὲκαὶ
1447 2407 1536 2464 διὰ
1580 2409 1759 2478 πάσης
1788 2406 1928 2477 ἡμέ-

349 2520 446 2574 ρας
472 2506 500 2557 ό
532 2502 882 2572 εύαγγελικὸς
908 2503 1063 2571 λόγος
1101 2502 1365 2573 βούλεται.
1401 2499 1490 2553 Διὸ
1511 2499 1605 2553 καὶ
1634 2498 1753 2552 καθ’
1794 2498 1926 2550 ἑκά-

349 2611 478 2666 στην
522 2594 791 2666 ἑϐδομάδα
833 2593 930 2666 τὴν
958 2593 1053 2647 τοῦ
1089 2593 1282 2664 Πάσχα
1303 2593 1397 2645 τοῦ
1442 2591 1712 2664 ἡμετέρου
1735 2591 1927 2661 ἑορτὴν

355 2687 488 2741 κατὰ
521 2688 621 2758 τὴν
668 2688 934 2759 σωτήριον
967 2686 1062 2738 καὶ
1091 2685 1377 2756 Κυριακὴν
1407 2684 1618 2754 ἡμέραν
1651 2681 1928 2734 ἐπιτελοῦ-

351 2798 449 2850 μεν
479 2779 569 2834 τοῦ
599 2778 851 2850 ἀληθινοῦ
882 2777 1153 2849 προϐάτου
1171 2820 1186 2843 ,
1213 2777 1278 2828 δι’
1305 2769 1365 2829 οὗ
1395 2773 1672 2844 ὲλυτρὼθη
1683 2792 1801 2845 μεν,
1860 2772 1930 2827 τά

351 2871 624 2940 μυστήρια
658 2867 1124 2939 άποπληροῦντες⁶
1171 2866 1264 2920 καὶ
1293 2865 1416 2918 οὒτε
1443 2863 1504 2916 τὸ
1534 2863 1692 2932 σῶμα
1727 2861 1928 2933 σιδήρῳ

350 2950 768 3032 περιτέμνομεν,
794 2962 892 3031 τῆς
919 2960 1165 3031 δὲψυχῆς
1188 2958 1266 3029 τῷ
1297 2955 1545 3029 τμητικῷ
1570 2955 1710 3026 λόγῳ
1747 2957 1928 3008 πᾶσαν

353 3052 744 3124 τεεριαιροῦμεν
778 3051 994 3106 κακίαν·
1017 3050 1140 3104 οὔτε
1163 3051 1498 3120 σωματικοῖς
1530 3045 1760 3116 ἀζύμοις
1788 3043 1929 3116 χρώ-

353 3145 510 3221 μεθα,
547 3145 728 3215 μῦνοις
751 3143 808 3196 δὲ
835 3146 948 3206 τοῖς
981 3144 1080 3211 τῆς
1113 3139 1462 3212 εἱλικρινείας
1505 3139 1600 3192 καὶ
1645 3136 1924 3208 ἀληθείας.

361 3237 426 3290 Ἥ
461 3237 616 3308 χάρις
645 3236 773 3307 γὰρ,
806 3237 951 3307 ἡμᾶς
991 3235 1088 3304 τῆς
1113 3230 1484 3304 γεγηρακυίας
1518 3227 1929 3299 ἐλευθερώσασα

352 3327 659 3398 συνηθείας,
693 3328 784 3380 τὸν
814 3327 998 3381 καινὸν
1022 3325 1304 3396 ἄνθρωπον
1334 3322 1648 3394 παρέδωκεν
1675 3322 1807 3391 ἡμῖν
1838 3319 1931 3372 τὸν

350 3419 489 3473 κατά
509 3420 640 3473 Θεὸν
663 3418 972 3482 κτισθέντα,
1000 3417 1197 3471 καὶτὸν
1223 3415 1406 3469 καινὸν
1429 3414 1614 3484 νόμον,
1647 3413 1839 3483 καινήν
1871 3427 1931 3462 τε

2028 578 2218 632 liorum
2286 579 2554 646 scriptura
2603 577 2949 632 Judaicorum
3001 589 3314 646 azymorum
3360 584 3600 643 tempore

2027 684 2242 738 passum
2277 668 2622 722 Servatorem
2655 667 2808 731 dicit,
2827 665 2952 734 quia
2973 676 3102 720 tunc
3131 679 3321 734 reapse
3347 673 3599 734 tanquam

2029 762 2148 815 ovis
2179 760 2244 812 ad
2280 760 2481 814 caedem
2515 759 2705 814 ductus
2733 757 2837 813 fuit
2869 757 3196 829 propheticis
3216 756 3450 813 oraculis
3469 772 3605 812 con-

2027 859 2309 907 sentanee.
2978 857 2990 870 ‘

2102 1011 2156 1067 7.
2190 1011 2256 1062 Ει
2293 1009 2489 1079 Moysrs
2523 1009 2737 1076 quidem
2775 1007 2993 1062 asseclae
3036 1008 3200 1062 semel
3239 1008 3291 1062 in
3333 1023 3476 1062 anno
3510 1023 3607 1078 pa—

2029 1103 2266 1158 schalem
2319 1117 2473 1156 ovem
2532 1101 2907 1167 immolabant,
2945 1110 3135 1170 quarta
3187 1101 3393 1155 decima
3444 1101 3602 1170 primi

2027 1197 2230 1252 mensis
2281 1197 2388 1256 die.
2418 1196 2559 1248 circa
2610 1208 2912 1260 vesperum.
2946 1191 3055 1246 Nos
3100 1202 3276 1244 autem
3309 1190 3452 1261 [Novi
3480 1191 3606 1245 Fae-

2027 1292 2171 1345 deris
2224 1289 2504 1352 homines,
2536 1286 2831 1342 Dominicis
2874 1286 3087 1340 cunctis
3150 1287 3338 1340 diebus
3396 1285 3599 1340 Pascha

2029 1393 2274 1436 nostrum
2323 1381 2704 1442 celebrantes,
2742 1393 3071 1432 SERVATORIS
3123 1394 3360 1433 CORPURE
3403 1395 3602 1433 εειινειι

2035 1490 2327 1536 SATIAIIUB,
2369 1489 2574 1528 SEMPEB
2633 1487 2927 1527 SANGUINEM
2990 1485 3110 1526 AGNI
3161 1488 3602 1527 PARTICIPAIUS:

2028 1569 2239 1622 lumbos
2262 1581 2478 1636 semper
2516 1565 2711 1619 anima:
2752 1577 2950 1619 nostra:
2983 1565 3232 1619 castitate
3268 1573 3323 1617 et
3348 1563 3605 1617 modestia

2027 1661 2658 1730 praecingimus,semper
2680 1657 2903 1726 pedibus
2927 1657 3097 1725 parati
3133 1671 3318 1710 smnus
3341 1655 3406 1708 ad
3437 1654 3608 1708 Evan-

2029 1753 2150 1824 gelii
2183 1753 2540 1822 procinctum,
2565 1765 2776 1820 semper
2816 1751 3036 1804 baculos
3076 1765 3234 1803 manu
3269 1759 3528 1813 tenemus,
3554 1756 3608 1800 et

2029 1846 2192 1915 virgae
2217 1847 2282 1898 de
2318 1844 2500 1898 radice
2523 1841 2688 1897 Jessaa
2711 1841 3035 1910 germinanti
3068 1840 3347 1912 iungendo
3376 1839 3608 1907 quiesci-

2029 1954 2169 2002 mus,
2202 1937 2439 2007 Egypto
2471 1951 2684 2003 semper
2736 1935 3058 1997 alienamur,
3101 1946 3311 1998 semper
3357 1931 3606 1992 humanae

2028 2031 2152 2083 vitae
2193 2030 2532 2084 solitudinem
2564 2037 2858 2087 sectamur,
2880 2038 3094 2093 semper
3122 2023 3315 2075 itinere
3343 2021 3408 2074 ad
3440 2019 3604 2073 Deum

2029 2123 2317 2185 tendimus,
2350 2135 2565 2190 semper
2588 2118 2847 2173 transitus
2878 2115 3073 2170 festum
3097 2114 3457 2169 celebramus.
3480 2112 3608 2168 H330

2027 2215 2171 2270 enim
2207 2214 2350 2268 haud
2402 2213 2566 2268 semel
2607 2210 2918 2281 quotannis,
2944 2209 3037 2262 sed
3086 2222 3298 2276 semper
3342 2205 3605 2272 singulis-

2027 2323 2134 2376 que
2178 2308 2369 2360 diebus
2404 2321 2432 2358 a
2491 2304 2648 2358 nobis
2689 2302 2803 2355 ﬁeri
2861 2299 3208 2368 evangelicus
3261 2311 3439 2351 sermo
3467 2295 3606 2348 vult.

2028 2400 2318 2468 Propterea
2355 2398 2583 2466 singulis
2627 2394 2982 2449 hebdomadis
3027 2390 3303 2462 paschalis
3334 2387 3504 2442 nostri
3534 2387 3608 2439 fe-

2029 2503 2192 2555 stum,
2218 2489 2494 2544 Dominica
2522 2486 2820 2540 Salvatoris
2852 2485 2938 2538 die
2967 2483 3291 2553 peragimus,
3315 2481 3430 2534 veri
3457 2479 3606 2546 agni,

2030 2602 2124 2655 per
2151 2599 2310 2654 quem
2336 2581 2546 2636 liberati
2575 2580 2791 2642 fuitnus,
2825 2578 3077 2647 mysteria
3109 2573 3470 2630 celebrantes.
3497 2570 3606 2626 Ne-

2027 2691 2134 2743 que
2161 2687 2364 2742 corpus
2420 2671 2570 2724 ferro
2598 2669 3078 2732 circumcidiu‘tus,
3119 2665 3212 2719 sed
3250 2673 3408 2718 acuta
3457 2661 3608 2716 verbi

2029 2761 2321 2829 evangelici
2351 2760 2466 2813 acie
2510 2768 2759 2812 cunctam
2811 2757 3005 2809 anima:
3051 2755 3307 2807 malitiam
3339 2752 3610 2807 abscindi-

2030 2867 2170 2907 nms.
2199 2851 2384 2922 Neque
2419 2850 2697 2920 corporeis
2730 2847 2938 2918 azymis
2983 2848 3206 2912 utimur,
3246 2845 3340 2900 sed
3381 2844 3611 2899 sinceri-

2031 2945 2157 3000 tatis
2188 2946 2562 2999 tantummodo
2583 2957 2648 2997 ac
2669 2943 2939 2997 veritatis.
2965 2938 3153 2994 Gratia
3184 2938 3330 2992 enim
3362 2953 3484 3007 qua:
3512 2951 3612 2992 nos

2027 3036 2303 3092 veteribus
2336 3036 2582 3090 moribus
2633 3033 2916 3099 liberavit,
2959 3048 3156 3087 novum
3193 3031 3349 3086 nobis
3391 3030 3610 3085 tradidit

2029 3131 2330 3194 heminam,
2353 3129 2443 3199 qui
2472 3129 2767 3183 secundum
2805 3128 2969 3180 Deum
2999 3124 3249 3179 conditus
3279 3133 3384 3185 est,
3415 3136 3608 3175 novam
3707 3173 3711 3175 .

2036 3221 2242 3290 legem,
2274 3234 2467 3273 novam
2519 3217 2982 3273 circumcisionem
3003 3255 3021 3281 ,
3061 3229 3254 3268 novum
3287 3211 3492 3266 Pascha
3513 3251 3530 3276 ,
3557 3218 3614 3265 et

2040 3313 2190 3368 illum
2219 3313 2308 3383 qui
2339 3313 2391 3366 in
2435 3311 2755 3366 abscondito
2778 3308 2995 3379 .ludteus
3030 3308 3198 3360 est“.
3231 3303 3323 3360 Sic
3353 3319 3451 3360 nos
3476 3304 3613 3358 anti-

2038 3421 2269 3476 quorum
2298 3413 2601 3470 temporum
2623 3401 2753 3472 jugo
2783 3400 3048 3455 relevatos
3071 3398 3294 3452 dimisit.

351 3511 671 3586 περιτομὴν,
689 3512 874 3567 καινόν
899 3529 959 3565 τε
982 3512 1194 3582 Πάσχα,
1219 3510 1313 3564 καὶ
1346 3509 1437 3563 τὸν
1455 3509 1512 3562 ὲν
1541 3506 1768 3582 κρυπτῷ
1813 3504 2094 3574 Ἰουδαῖονχ
2160 3499 2302 3554 οὕτω
2333 3498 2550 3553 καὶτῶν
2569 3495 2812 3550 παλαιῶν
2871 3495 3076 3566 καιρῶν
3105 3493 3420 3563 ἐλευθέρους
3467 3492 3613 3562 ἡμᾶς

351 3604 553 3673 ἀφῆκε.

421 3704 492 3768 η’.
522 3695 668 3768 Πλὴν
689 3693 783 3749 τοῦ
836 3693 1247 3763 θεοφιλεστάτου
1299 3691 1582 3762 βασιλέως,
1637 3690 1802 3762 μέσου
1831 3691 1932 3761 τῆς

354 3789 515 3858 ἁγίας
547 3788 760 3840 συνόδου
794 3784 1262 3859 προκαθεζομένου
1291 3784 1424 3853 (50),
1467 3783 1543 3848 ὠς
1579 3782 1814 3854 ἦχθηείς
1839 3781 1937 3853 μέ-

357 3899 450 3935 σον
481 3881 541 3934 τὸ
565 3881 692 3951 περὶ
725 3878 817 3931 τοῦ
846 3881 1036 3950 Πάσχα
1065 3878 1302 3949 ζήτημα,
1330 3876 1544 3946 ἐλέγετο
1577 3876 1674 3947 μὲν
1705 3875 1807 3928 ὅσα
1838 3875 1936 3928 καὶ

357 3974 572 4043 ἐλέγετο
605 3971 733 4043 (51)·
753 3972 1090 4026 δπλεονέκτει
1115 3971 1171 4024 δὲ
1184 3969 1261 4043 τῷ
1277 3968 1468 4040 πλήθει
1492 3969 1599 4022 τῶν
1627 3968 1939 4021 ἐπισκόπων

357 4067 393 4139 ἡ
432 4065 766 4138 τριπλασίων
826 4069 987 4138 μοῖρα
1022 4063 1120 4134 τῆς
1152 4063 1279 4134 ὅλης
1321 4061 1644 4132 οἰκουμένης
1674 4059 1937 4130 ἑτέρωθεν

356 4159 731 4215 ἀντιτείνουσα
783 4161 896 4221 τοῖς
942 4158 1040 4227 τῆς
1083 4155 1366 4225 ἀνατολῆς
1397 4152 1620 4225 ἀρκτῷα
1663 4151 1772 4223 γὰρ
1800 4150 1936 4222 ὁμοῦ

356 4252 452 4307 καὶ
477 4249 842 4323 μεσημϐρινὰ,
880 4250 972 4302 καὶ
998 4249 1064 4302 τὰ
1113 4247 1255 4301 κατά
1287 4246 1480 4300 δύοντα
1506 4245 1656 4317 ἥλιον
1689 4244 1837 4315 ἔθνη,
1871 4246 1936 4315 τῇ

358 4344 650 4415 συμφωνίᾳ
704 4341 1046 4414 φραξάμενα,
1079 4340 1179 4411 τὴν
1233 4338 1481 4393 ἐναντίαν
1533 4335 1780 4391 ἁνθεῖλκε
1826 4335 1938 4397 τοῖς

356 4438 455 4508 τῆς
485 4436 625 4506 ἑῴας
671 4435 768 4507 τὴν
799 4432 1032 4487 παλαιὰν
1063 4431 1387 4486 διεκδικοῦσι
1433 4429 1738 4500 συνήθειαν.
1773 4427 1938 4490 Τέλος

357 4529 414 4582 δὲ
446 4527 604 4597 λόγου
648 4523 795 4594 εἶξαν
823 4527 872 4579 οί
901 4525 1222 4580 ἀνατολικοίο
1271 4525 1364 4578 καὶ
1412 4522 1553 4576 οὓτω
1585 4521 1684 4594 μία
1703 4517 1936 4591 Χριστοῦ

2111 3684 2167 3739 8.
2198 3683 2584 3738 Verumtamen
2617 3693 2740 3731 cum
2772 3677 2881 3730 Deo
2911 3673 3294 3730 dilectissimus
3321 3671 3612 3740 imperator

2041 3786 2230 3834 sancta
2259 3774 2463 3846 synodo
2486 3787 2669 3826 coram
2695 3769 2903 3822 medius
2937 3767 3168 3830 sederet,
3203 3773 3473 3820 commota
3508 3762 3614 3817 illic

2041 3869 2108 3924 de
2140 3867 2404 3922 Paschate
2435 3861 2755 3933 quaestione,
2783 3858 2922 3913 dixit
2961 3873 3022 3912 ea
3054 3872 3174 3926 qua:
3206 3855 3360 3910 dixit.
3401 3854 3614 3908 Praeva-

2044 3961 2224 4014 lcbant
2258 3966 2440 4010 autem
2472 3961 2584 4008 tres
2607 3967 2670 4005 ex
2698 3959 2929 4017 quatuor
2964 3951 3206 4016 partibus
3237 3947 3614 4015 episcoporum

2045 4052 2098 4106 iu
2141 4060 2253 4103 toto
2293 4047 2516 4111 mundo,
2551 4044 2642 4112 qui
2673 4040 3042 4097 Orientalibus
3087 4038 3356 4107 episcopis
3393 4043 3614 4090 contra-

2047 4142 2185 4196 rium
2220 4137 2549 4194 sentiebant.
2578 4131 2713 4188 Nam
2753 4131 3174 4202 Septentrionis,
3213 4127 3416 4189 Austri,
3454 4130 3614 4180 item-

2045 4251 2149 4304 que
2195 4231 2512 4288 Occidentis
2549 4227 2729 4300 populi
2760 4226 3052 4282 concordia
3080 4238 3174 4277 sua
3226 4220 3460 4276 roborati
3486 4234 3612 4274 sen-

2047 4325 2268 4380 tentiam
2298 4321 2561 4394 gerebant
2608 4320 2885 4374 adversam
2930 4315 3318 4377 Orientalibus,
3347 4313 3436 4382 qui
3469 4319 3614 4364 vele-

2049 4436 2160 4474 rem
2191 4432 2343 4471 suam
2380 4414 2826 4469 consuetudinem
2858 4411 3168 4464 tuebantur.
3196 4405 3301 4459 Sed
3333 4412 3616 4457 cesserunt

2044 4511 2260 4566 demum
2309 4505 2648 4570 Orientales;
2680 4516 2842 4574 atque
2883 4503 2956 4556 ita
2988 4515 3092 4554 una
3122 4497 3324 4552 Christi
3368 4494 3507 4549 facta
3533 4503 3616 4548 est

359 4587 582 4692 γέγονεν
615 4587 795 4691 ἑορτήο
820 4619 913 4672 καὶ
955 4617 1096 4671 οὕτω
1130 4617 1237 4670 τῶν
1272 4615 1372 4686 μὲν
1405 4587 1767 4684 κυριοκτόνων
1802 4608 1930 4663 ἀπέ-

2045 4603 2360 4660 solemnitas
2397 4617 2411 4666 ;
2443 4601 2523 4654 sic
2556 4615 2585 4652 a
2629 4595 2836 4650 Domini
2882 4591 3212 4649 occisoribus
3266 4587 3612 4648 recedentes,

361 4675 586 4786 άτησαν,
614 4675 725 4776 τοὶς
750 4675 806 4765 δὲ
845 4709 1120 4782 ὁμοδόξοις
1161 4675 1528 4779 συνηφθησαν·
1562 4707 1596 4779 ἡ
1634 4704 1795 4776 φύσις
1837 4702 1930 4774 γὰι

2057 4693 2292 4770 propria:
2313 4691 2591 4762 religionis
2621 4688 2924 4746 hominibus
2968 4682 3203 4753 copulati
3235 4688 3378 4735 sunt.
3409 4675 3613 4732 Natura

432 4896 476 4928 ⁸⁸
495 4893 654 4951 Rom.
688 4911 749 4959 ιι,
782 4894 875 4950 9.9.

433 5055 546 5125 (‘29)
589 5054 665 5108 En
699 5053 915 5107 Eusebii
943 5054 1216 5125 egregium
1246 5052 1312 5125 de
1342 5055 1686 5125 sacrosancta
1726 5045 1938 5125 Eucha-

363 5117 542 5188 ristia,
569 5133 732 5195 prout
755 5139 874 5195 eam
905 5117 1016 5195 nos
1037 5117 1292 5178 catholici
1323 5123 1643 5195 conﬁtemur
1676 5128 1731 5172 et
1757 5117 1939 5195 credie

365 5212 508 5258 mus,
547 5189 937 5249 testimonium.
977 5193 1223 5263 Undique
1271 5195 1415 5249 enim
1462 5191 1594 5245 mihi
1634 5189 1939 5263 suppeditat

365 5263 448 5335 (ut
488 5256 666 5319 verbis
695 5263 954 5319 Tullianis
989 5276 1110 5317 utar
1137 5256 1270 5317 'Pro
1308 5264 1638 5335 Scauro._n.
1671 5256 1764 5335 22)
1795 5256 1937 5327 quod

363 5328 465 5406 pro
487 5335 691 5390 Christi
725 5335 1058 5390 humanitate
1090 5337 1190 5389 sub
1230 5332 1605 5388 eucharisticis
1641 5328 1772 5383 velis
1798 5342 1936 5398 prte-

368 5413 524 5459 sente
558 5406 760 5467 dicam,
809 5421 1136 5474 quocunque
1172 5421 1278 5458 non
1335 5406 1492 5457 modo
1536 5416 1711 5474 mens,
1755 5413 1943 5474 verum

367 5477 530 5529 etiam
567 5475 709 5529 oculi
745 5469 1061 5540 inciderint,
1083 5476 1136 5529 in
1171 5474 1462 5529 Eusebium
1481 5469 1934 5540 puta,Cyrillum,

369 5546 767 5613 Sophrouium.
816 5539 1165 5615 Eutychium,
1219 5543 1614 5615 Nicephorum,
1650 5539 1944 5615 _Luculen-

372 5611 529 5678 tium,
562 5616 806 5684 aliosque
833 5635 858 5668 a
894 5611 982 5670 me
1011 5617 1189 5669 editos
1225 5611 1474 5684 auctores
1518 5612 1598 5666 vel
1644 5611 1943 5684 fragmenta

373 5685 639 5754 ipsormn,
663 5681 731 5739 ut
747 5687 859 5740 suis
892 5687 1025 5740 locis
1063 5683 1454 5754 adnotavi.__De
1482 5681 1753 5754 mysterio
1763 5693 1950 5754 corpo-

375 5749 454 5810 ris
481 5756 683 5813 Christi
733 5757 996 5812 Eusebius
1026 5757 1190 5810 etiam
1233 5755 1286 5808 in
1330 5749 1688 5819 Theonhania,
1725 5749 1814 5805 lib.
1863 5764 1944 5819 ut.

374 5824 464 5894 61,
495 5828 584 5896 qui
625 5826 842 5884 brevior
893 5827 1040 5884 locus
1082 5826 1262 5888 lumen
1305 5817 1592 5880 plurimum
1627 5821 1695 5877 ab
1737 5823 1839 5881 hoc
1872 5817 1945 5875 De

2045 5040 2294 5111 paschale
2326 5041 2554 5111 tractatu
2596 5027 2842 5111 accipit._
2919 5090 3270 5111 Abduc“
3323 5084 3513 5111 un“
3562 5085 3575 5111 ε

2118 5084 2540 5180 {allidit—uitur
2583 5084 2772 5180 atictiir
2811 5095 2878 5180 de
2911 5084 3514 5180 ponslar'ttiuonhilag‘no

2046 5157 2862 5251 δγιιὸιίο-Πῖιῖᾆέιιεηιιιεξιιίιξνξεά
2904 5163 3097 5251 _huu_rilli
3130 5162 3248 5214 loco
3273 5157 3531 5251 sedente,

2046 5227 2597 5305 Itiéié?é..ié"t§hséb.
2628 5242 2681 5294 iu
2719 5239 2836 5292 Vita
2872 5235 2987 5305 ejus
3013 5233 3105 5287 lib.
3148 5247 3233 5298 ιιι,
3271 5227 3338 5282 10
3362 5242 3536 5297 seqq.,
3563 5235 3620 5282 et

2047 5323 2344 5392 praesertim
2377 5318 2462 5370 l8.
2540 5382 2574 5392 _
2686 5390 2692 5392 _
2781 5380 2813 5392 γ.
2861 5378 2872 5390 ,
2914 5391 2917 5392 ν
3159 5370 3294 5392 un)
3329 5367 3522 5392 Enn”

2253 5367 2504 5456 1535i."
2534 5378 2874 5461 Opimianum
2900 5373 3130 5461 epistola
3157 5370 3298 5461 apud

2059 5439 2382 5516 Vix—Coth
2427 5471 2511 5518 ιιι,
2541 5452 2728 5507 17-20.
2758 5451 2898 5504 Idem
2934 5439 3357 5518 Constantinus
3379 5439 3464 5492 die
3504 5439 3620 5518 ipso

2052 5507 2692 5585 lt’a‘schwavtis—isermonem
2739 5523 2804 5573 ad
2853 5527 3067 5572 sanctos
3112 5515 3299 5568 habuit
3339 5507 3616 5585 (cap.1_).

2361 5577 2804 5666 religiosissimus
2835 5577 3383 5666 ittt'peratoranu’t‘tttm
3415 5577 3617 5666 Pascha

2054 5650 2372 5727 celebraret,
2408 5650 2605 5719 dicitur
2637 5663 2688 5714 in
2724 5662 2840 5729 ejus
2875 5650 2993 5710 Vita
3022 5657 3115 5711 lib.
3149 5671 3220 5729 tv,
3249 5651 3342 5717 9.2.,
3372 5650 3618 5720 precibus

2057 5754 2276 5810 nempe,
2305 5735 2585 5808 splendido
2615 5727 2782 5799 cultu,
2813 5740 2867 5786 et
2895 5727 3278 5798 cleemosynis.
