4190 6406
542 330 646 384 703

1212 319 1486 379 EUSEBII
1523 311 2001 375 CAESARlE'NSlS
2037 309 2190 366 OPP.
2231 303 2410 362 PARS
2443 303 2537 361 IV.
2577 331 2647 343 —
2677 297 3099 356 DOGMATICA.

3707 287 3812 346 701

541 449 686 502 enim
713 443 917 500 similia
973 443 1143 500 trahit
1177 442 1246 499 ad
1289 442 1510 497 similia.
1534 440 1689 507 Quod
1730 438 1777 492 si
1823 437 1946 506 quis
1975 435 2157 496 dicat;

2250 427 2368 481 λκει
2404 423 2476 478 τὰ
2503 424 2664 495 ὅμοια
2690 419 2827 491 πρὸς
2861 417 2930 472 τά
2943 419 3129 490 ὃμοια.
3158 413 3295 470 Είδέ
3315 430 3401 478 τις
3438 409 3815 507 εἴποι,ιξ›ςάρα

542 538 804 607 scriptum
837 551 962 592 esse
995 553 1010 592 :
1038 533 1220 590 Prima
1243 547 1557 606 azymorum
1589 531 1674 586 die
1703 528 2021 584 accedentes
2043 525 2126 578 di-

2228 514 2642 590 γέγραπται·Τῇ
2656 511 2846 584 πρώτη
2860 509 3045 582 ἡμέρᾳ
3059 507 3170 561 τῶν
3189 506 3293 570 άζύ
3303 522 3420 576 μων
3431 501 3818 576 προσελθόντες

544 593 736 702 scipiili
765 631 1028 687 dixerunt
1058 593 1362 692 Servatori,
1387 625 1618 682 Ubinam
1643 622 1724 676 vis
1745 633 2000 691 paremus
2031 617 2126 672 tibi

2250 611 2278 662 μί
2311 605 2551 681 μαθηταὶ
2579 599 2731 658 εἷπον
2747 601 2824 674 τῷ
2841 599 3078 672 Σωτῆρι,
3096 597 3208 652 Ποῦ
3234 596 3414 659 θέλεις
3441 593 3820 702 ἑτοιμάσωμέν

549 726 880 780 manducare
909 722 1118 778 Pascha
1148 720 1172 775 i
1197 719 1288 775 illo
1319 726 1501 773 autem
1523 718 1660 771 duos
1687 714 1918 770 misitrad
1938 725 2131 782 quem-

547 820 694 884 dam,
721 827 781 872 ut
809 816 858 871 ei
884 816 1127 870 dicerent
1158 829 1172 866 :
1200 811 1356 881 Apud
1399 819 1452 866 te
1484 809 1626 864 facio
1658 807 1893 872 Pascha;
1924 821 2022 860 nos
2047 819 2132 860 re.

548 909 896 978 spondemus,
927 922 1034 961 non
1084 905 1186 960 hoc
1222 905 1391 962 fuisse
1439 909 1794 972 praeceptum,
1833 905 1926 955 sed
1960 900 2132 954 histo-

551 1004 686 1058 riam
725 1016 848 1057 esse
881 1001 956 1055 rei
1001 1007 1162 1071 gestae
1221 1007 1464 1065 tempore
1508 1010 1615 1064 quo
1651 994 1912 1048 Servatur
1940 1007 2133 1061 passus

550 1102 653 1149 est.
679 1093 837 1148 Aliud
863 1106 994 1147 vero
1031 1101 1115 1146 est
1141 1089 1374 1158 priscam
1409 1102 1522 1141 rem
1580 1099 1828 1151 narrare,
1867 1083 2008 1138 aliud
2047 1082 2134 1138 le-

552 1202 674 1258 gem
705 1185 870 1251 ferre,
902 1193 958 1239 et
988 1182 1243 1237 mandata
1277 1179 1508 1251 posteris
1541 1179 1778 1234 tradere.

625 1369 680 1424 9.
711 1367 818 1424 Sed
849 1381 1022 1437 neque
1065 1364 1326 1419 Servator
1357 1378 1479 1416 cum
1511 1359 1711 1416 Judmis
1743 1361 1950 1417 Pascha
1994 1359 2137 1416 cele-

556 1459 735 1514 bravit
764 1457 1034 1527 passionis
1080 1470 1191 1510 sua:
1240 1462 1506 1522 tempore.
1546 1453 1659 1506 Non
1705 1451 1853 1506 enim
1903 1452 2027 1532 dum
2057 1452 2134 1506 illi

557 1566 715 1606 ovem
758 1549 1129 1608 immolabant,
1155 1547 1270 1616 ipse
1299 1560 1515 1616 quoque
1546 1560 1668 1598 cum
1701 1545 1816 1599 suis
1857 1543 2137 1613 discipulis

561 1640 840 1714 proprium
863 1639 1070 1693 Pascha
1100 1637 1327 1707 peregit.
1369 1634 1505 1690 Nam
1546 1635 1620 1690 illi
1653 1635 1742 1689 die
1782 1635 2136 1702 Parasceves,

561 1736 614 1790 in
659 1748 764 1803 qua
811 1731 1119 1801 patiebatur
1170 1729 1450 1795 Servatur,
1480 1729 1866 1794 celebrabant;
1903 1732 2046 1784 unde
2083 1740 2137 1784 et
2169 1785 2213 1840 Β

562 1842 723 1880 nemo
751 1824 1062 1896 praetorium
1104 1834 1188 1879 est
1234 1823 1540 1891 ingressus,
1577 1823 1672 1877 sed
1715 1822 1920 1877 Pilatus
1947 1823 2014 1878 ad
2044 1837 2140 1878 eos

561 1914 730 1968 exivit
765 1932 778 1970 :
820 1915 1069 1970 Christus
1101 1923 1279 1967 autem
1329 1913 1415 1967 die
1456 1913 1678 1966 omninu
1712 1914 1900 1983 quinta
1936 1914 2139 1969 hebdo-

562 2008 734 2059 madae
766 2021 887 2061 cum
926 2007 1203 2074 discipulis
1235 2006 1533 2071 discubuit,
1563 2015 1620 2060 et
1651 2021 1986 2060 convesceus
2018 2006 2090 2060 ait
2123 2021 2139 2061 :

564 2098 840 2151 Desiderio
888 2099 1183 2153 desideravi
1220 2098 1316 2152 hoc
1358 2095 1570 2152 Pascha
1622 2099 1942 2152 manducare
1970 2099 2141 2152 vobis.

565 2206 704 2243 enm.
749 2188 938 2244 Viden'
965 2190 1243 2259 quomodo
1289 2189 1550 2244 Servator
1599 2190 1741 2244 hami
1779 2205 1898 2243 cum
1944 2189 2146 2244 ludatis

568 2282 769 2338 Pascha
797 2283 1250 2342 manducaverit?
1281 2283 1416 2350 Quia
1453 2298 1650 2337 novum
1685 2283 1815 2350 quid
1847 2282 1976 2337 illud
2004 2292 2144 2344 erat,

565 2385 619 2430 et
659 2391 688 2430 a
721 2385 980 2430 consueto
1006 2373 1234 2430 Judaico
1281 2389 1432 2430 more
1471 2374 1772 2430 abhorrens
1795 2416 1810 2438 ,
1835 2373 2146 2430 necessario

567 2467 769 2520 institit
817 2467 1046 2521 dicendo
1078 2482 1097 2521 :
1143 2465 1412 2520 Desiderio
1463 2467 1754 2521 desideravi
1802 2466 1898 2519 hoc
1941 2462 2147 2519 Pascha

566 2559 884 2613 manducare
905 2559 1190 2620 vobiscum,
1223 2569 1503 2627 antequam
1527 2560 1702 2627 patiar
1725 2558 1790 2609 ⁸⁸.
1810 2557 1946 2610 Nam
1971 2557 2148 2625 prisca

570 2648 656 2702 illa
691 2648 773 2702 vel
805 2649 982 2718 potius
1007 2651 1312 2716 antiquata,
1339 2663 1459 2717 quae
1485 2664 1607 2703 cum
1638 2647 1843 2703 ludatis
1881 2648 2150 2702 comedis-

2231 717 2314 754 σοι
2333 698 2526 768 φαγεῖν
2563 694 2626 748 τὸ
2656 693 2884 762 Πάσχα;
2915 691 2973 746 '0
3003 689 3060 744 δὲ
3086 689 3224 761 πρὸς
3242 687 3493 742 τὸνδεῖνα
3507 685 3818 752 ἀπέστειλε,

2232 790 2608 866 παραγγείλας
2640 790 2837 846 εἰπεῖν·
2887 786 3033 860 Πρὸς
3065 786 3125 840 σὲ
3154 782 3294 839 ποιῶ
3331 781 3392 835 τὸ
3424 780 3637 850 Πάσχα·
3665 778 3822 852 ἐροῦ-

2236 907 2356 962 μεν,
2385 889 2469 942 ὂτι
2519 883 2677 938 τοῦτο
2713 880 3082 955 παράγγελμα
3122 879 3224 932 οὐκ
3257 875 3427 938 ἐστιν,
3460 873 3575 928 ἀλλ’
3612 872 3824 945 ἱστορία

2235 979 2560 1053 πράγματος
2584 972 2990 1045 συμϐεϐηκότος
3015 967 3161 1024 κατὰ
3182 966 3273 1019 τὸν
3304 964 3398 1018 τοῦ
3423 962 3694 1036 σωτηρίου
3715 962 3823 1016 πά-

2235 1071 2361 1132 θους
2400 1067 2611 1140 καιρόν.
2664 1066 2892 1135 Ἕτερον
2937 1061 2994 1114 δέ
3049 1063 3166 1114 ὲστι
3215 1057 3278 1111 τὸ
3327 1056 3566 1111 παλαιὰν
3625 1055 3826 1127 πρᾶξιν

2233 1158 2558 1231 διηγεῖσθαι,
2614 1155 2710 1210 καί
2741 1155 2929 1226 ἓτερον
2959 1151 3020 1206 τὸ
3065 1149 3376 1219 νομοθετεῖν
3403 1149 3498 1203 καὶ
3523 1149 3636 1212 τοῖς
3688 1145 3827 1200 μετὰ

2234 1250 2406 1306 ταῦτα
2443 1247 2822 1322 παραγγελίας
2847 1244 3301 1317 καταλιμπάνειν.

2307 1383 2373 1440 θ’.
2421 1384 2582 1438 Ἀλλά
2615 1383 2710 1438 καὶ⁸
2751 1384 2780 1437 ό
2815 1379 3008 1452 Σωτὴρ
3055 1379 3116 1433 οὗ
3153 1376 3292 1450 μετὰ
3347 1373 3615 1430 Ἰουδαίων
3637 1371 3828 1427 ὲπετέ-

2235 1477 2358 1531 λεσε
2416 1477 2478 1530 τὸ
2533 1475 2727 1546 Πάσχα
2777 1472 2919 1528 κατὰ
2973 1471 3064 1525 τὸν
3127 1469 3318 1542 καιρὸν
3370 1466 3464 1520 τοῦ
3529 1466 3659 1520 ἰδίου
3720 1466 3827 1520 πά-

2239 1567 2384 1634 θους.
2435 1569 2508 1621 Οὐ
2549 1567 2658 1640 γὰρ
2696 1566 2784 1620 ὅτε
2840 1563 2994 1618 ἔθυον
3027 1563 3226 1616 ἐκεῖνοι
3272 1561 3334 1615 τὸ
3363 1557 3655 1631 πρόϐατον,
3705 1557 3829 1640 τότε

2239 1660 2336 1714 καὶ
2396 1658 2560 1722 αὐτὸς
2624 1657 2761 1727 μετὰ
2811 1654 2921 1708 τῶν
2988 1653 3151 1707 αὐτοῦ
3216 1648 3472 1722 μαθητῶν
3518 1647 3581 1703 τὸ
3635 1635 3832 1701 ἑαυτοῦ

2242 1755 2415 1825 ἠγαγε
2457 1751 2671 1822 Πάσχα·
2721 1750 2769 1803 οἱ
2830 1748 2928 1821 μὲν
2975 1747 3083 1818 γάρ
3135 1744 3276 1799 κατὰ
3307 1743 3406 1814 τὴν
3445 1739 3831 1814 Παρασκευὴν,

2241 1849 2300 1900 ὲν
2456 1843 2724 1898 πέπονθεν
2781 1845 2810 1897 ό
2872 1842 3086 1913 Σωτὴρ,
3147 1839 3293 1893 τοῦτ’
3353 1837 3658 1909 ἔπραττον·
3709 1833 3835 1896 ὅθεν

2241 1934 2363 1988 οὐδὲ
2411 1932 2656 2004 εἰσῆλθον
2699 1933 2777 1996 είς
2833 1931 2894 1985 τὸ
2947 1927 3298 2003 πραιτώριον,
3348 1927 3462 1981 ἀλλ’
3516 1927 3545 1979 ό
3600 1925 3834 1988 Πιλάτος

2245 2019 2382 2091 πρὸς
2428 2020 2628 2084 αὐτοὺς
2673 2018 2888 2086 ἔξεισιν·
2949 2017 3112 2081 αὐτὸς
3159 2017 3215 2071 δὲ
3268 2017 3375 2089 πρὸ
3425 2015 3553 2086 ὅλης
3619 2013 3834 2087 ἡμέρας

2243 2113 2310 2182 τῇ
2377 2111 2605 2184 πέμπτῃ
2666 2110 2761 2165 τοῦ
2803 2109 3080 2165 Σαδδάτου
3134 2111 3246 2173 τοῖς
3304 2107 3573 2179 μαθηταῖς
3615 2104 3834 2159 συνανέο

2246 2220 2413 2267 κειτο,
2479 2203 2574 2257 καὶ
2644 2201 2938 2256 συνεσθίων
2996 2201 3179 2264 αὐτοῖς
3245 2200 3447 2267 ἔλεγεν·
3521 2198 3835 2267 Ἐπιθυμίᾳ

2245 2295 2598 2364 ἐπεθύμησα
2643 2293 2820 2348 τοῦτο
2852 2294 2920 2348 τὸ
2969 2293 3189 2363 Πάσχα
3232 2291 3446 2363 φαγεῖν
3477 2292 3618 2364 μεθ’,
3649 2288 3834 2360 ὑμῶν.

2259 2387 2423 2459 Ὁρᾷς
2493 2388 2642 2451 ὅπως
2711 2389 2740 2441 ό
2807 2387 3001 2460 Σωτὴρ
3075 2386 3137 2440 οὐ
3217 2385 3356 2456 μετὰ
3434 2384 3707 2438 ’Ῑουδαιων
3776 2380 3836 2434 τὸ

2249 2479 2442 2549 Πάσχα
2479 2479 2701 2551 ἧσθιενς
2747 2479 2968 2552 Ἐπειδὴ
3006 2478 3193 2532 καινὸν
3214 2473 3281 2548 ἧν
3309 2479 3485 2530 ὲκείνο
3505 2474 3601 2529 καί
3635 2473 3837 2540 ξενίζον

2251 2572 2403 2644 παρά
2435 2571 2503 2626 τά
2528 2571 2733 2644 συνήθη
2774 2572 2868 2625 καὶ
2911 2569 3178 2625 Ἰουδαϊκὰ
3210 2569 3329 2641 ἔθη,
3361 2567 3674 2638 ἀναγκαίως
3711 2565 3836 2619 ἐπέ-

2255 2680 2452 2734 στησεν
2502 2662 2707 2716 εἰπών·
2758 2663 3067 2732 Ἐπιθυμίᾳ
3116 2661 3470 2730 ἐπεθύμησα
3527 2658 3703 2712 τοῦτο
3771 2655 3838 2709 τὸ

570 2745 678 2796 set.
703 2752 807 2790 non
837 2746 996 2790 erant
1031 2735 1412 2792 desiderabilia
1443 2754 1458 2790 :
1501 2751 1699 2790 novum
1736 2745 1916 2791 autem
1952 2747 2153 2808 myste-

2253 2755 2470 2826 Πάσχα
2487 2755 2699 2826 φαγεῖν
2723 2756 2854 2825 μεθ’
2877 2753 3064 2825 ὑμῶν,
3097 2753 3212 2824 πρὸ
3249 2753 3357 2808 τοῦ
3391 2769 3470 2823 με
3511 2749 3748 2804 παθεῖν·
3769 2749 3839 2804 τὰ

571 2829 710 2884 rium
741 2827 876 2886 Novi
905 2829 986 2885 sui
1009 2828 1274 2892 Fmderis.
1307 2829 1446 2898 quod
1477 2828 1758 2898 discipulis
1788 2829 2017 2899 propriis
2046 2838 2152 2883 tra-

2256 2847 2355 2918 μὲν
2391 2847 2501 2918 γὰρ
2542 2846 2747 2901 παλαιὰ
2784 2846 2888 2918 ἢθη
2938 2845 3068 2899 ὄντα
3100 2846 3194 2898 καὶ
3225 2841 3674 2913 πεπαλαιωμένα,
3715 2840 3749 2895 ἃ
3773 2840 3839 2912 δὴ

573 2921 756 2986 debat,
799 2919 1162 2975 desiderabile
1213 2919 1410 2974 merito
1459 2919 1560 2989 ipsi
1607 2928 1726 2972 erat
1760 2934 1775 2970 :
1814 2919 1940 2988 quia
1995 2918 2151 2973 multi

2258 2938 2398 3010 μετὰ
2441 2938 2706 2992 Ἰουδαίων
2744 2938 2969 3010 ἤσθιεν,
3041 2937 3143 2992 οὐκ
3189 2932 3258 3008 ἦν
3309 2933 3658 3005 ὲπιθυμητά·
3704 2931 3765 2985 τὸ
3783 2930 3840 2983 δὲ

573 3021 698 3066 ante
723 3026 849 3067 eum
892 3013 1166 3082 prophetae
1195 3027 1260 3066 ac
1292 3011 1420 3080 justi
1463 3012 1647 3066 videre
1669 3021 1988 3081 optaverant
2018 3009 2152 3065 Novi

2255 3009 2442 3084 καινὸν
2475 3009 2774 3103 μυστήριον
2811 3031 2911 3100 τῆς
2939 3030 3151 3100 Καινῆς
3180 3027 3344 3082 αὑτοῦ
3374 3025 3671 3098 Διαθήκης,
3710 3024 3738 3077 ὃ
3774 3023 3840 3096 δὴ

485 3143 492 3150 .
574 3103 820 3160 Fmderis
854 3105 1110 3174 mysteria
1139 3118 1152 3156 :
1190 3105 1364 3173 ipsum
1399 3103 1506 3158 imo
1532 3102 1765 3157 Verbum
1812 3118 2151 3159 communem

2259 3121 2534 3192 μετεδίδου
2562 3102 2675 3186 τοῖς
2701 3121 2890 3176 ἑαυτοῦ
2928 3122 3218 3194 μαθηταῖς,
3239 3119 3573 3191 ἐπιθυμητὸν
3604 3113 3672 3188 ἦν
3694 3115 3843 3188 αὐτῷ

575 3195 801 3250 munem
853 3211 1080 3266 Ρτοτευε
1129 3197 1322 3252 sulcus
1343 3235 1360 3262 ο
1392 3196 1704 3266 ηινειετῑιιιη
1741 3196 2008 3264 ῑηάθδδίο
2042 3213 2153 3268 quo
2257 3213 2482 3278 εἰκότως
2501 3231 2514 3244 ·
2539 3214 2661 3267 ἐπεὶ
2685 3213 2868 3267 πολλοὶ
2894 3214 3001 3286 πρὸ
3031 3211 3194 3268 αὑτοῦ
3222 3211 3498 3282 προφῆται
3519 3210 3614 3262 καὶ
3647 3208 3843 3261 δίκαιοι

574 3305 765 3344 omnes
787 3290 1034 3346 homines
1070 3289 1267 3345 festum
1307 3299 1465 3344 erant
1494 3291 1690 3351 acturi.
1721 3290 1881 3359 idque
1925 3291 2025 3345 sibi
2059 3291 2154 3345 de-

2255 3307 2610 3379 ἐπεθύμησαν
2648 3307 2774 3379 ἰδεῖν
2799 3307 2868 3362 τά
2895 3307 2991 3378 τῆς
3015 3307 3159 3371 Νέας
3198 3305 3474 3376 Διαθήκης
3527 3302 3800 3374 μυστήρια
3823 3317 3838 3332 ·

577 3382 875 3437 sideratum
899 3398 1020 3437 esse
1053 3383 1343 3439 fatebatur.
1358 3383 1518 3438 Certe
1554 3382 1753 3453 Moysis
1778 3381 1982 3438 Pascha
2009 3383 2152 3439 haud

2259 3395 2354 3448 καὶ
2389 3377 2551 3459 αὐτὸς
2579 3394 2636 3448 δὲ
2657 3377 2686 3448 ό
2710 3394 2900 3464 Λόγος,
2941 3377 3172 3450 πάντοτε
3204 3393 3372 3465 διψῶν
3394 3395 3492 3466 τὴν
3516 3392 3702 3464 κοινὴν
3738 3408 3843 3443 σω·-

577 3477 792 3531 cunctis
831 3476 1083 3543 gentibus
1118 3477 1368 3531 idoneum
1414 3485 1553 3542 erat,
1583 3476 2019 3546 quandoquidem
2049 3492 2157 3532 uno

2257 3486 2475 3558 τηρίαν,
2509 3488 2806 3560 μυστήριον
2832 3487 3140 3560 παρεδίδου,
3169 3487 3233 3540 δι’
3257 3481 3319 3542 οὗ
3348 3486 3548 3549 πάντες
3566 3483 3845 3556 ἄνθρωποι

579 3568 631 3621 in
666 3568 873 3631 loco,id
891 3579 972 3623 est
999 3567 1406 3640 Hierosolymis,
1429 3568 1540 3623 fieri
1560 3567 1768 3637 jussum
1801 3578 1941 3624 erat.
1960 3569 2157 3636 Quam-

2263 3578 2486 3650 ἐμελλον
2534 3578 2832 3651 ἑορτάζειν,
2890 3578 3229 3652 ἐπιθυμητὸν
3289 3577 3448 3632 τοῦτο
3495 3576 3644 3648 αὑτῷ
3703 3571 3844 3628 εἶναι

578 3661 765 3715 obrem
808 3661 950 3715 haud
1005 3671 1126 3715 erat
1163 3660 1540 3715 desiderabile.
1575 3659 1680 3715 Sed
1713 3659 2023 3716 Servatoris
2048 3676 2157 3732 my-

2263 3670 2602 3743 ὡμολόγησε.
2646 3668 2718 3724 Τὸ
2768 3670 2867 3741 μὲν
2899 3671 3180 3735 Μωῦσέως
3235 3671 3438 3742 Πάσχα
3490 3670 3590 3741 οὐχ
3634 3667 3844 3740 ἥρμοζε

579 3755 803 3808 sierium
843 3751 1084 3806 in-Novo
1131 3751 1358 3806 Fmdere
1409 3753 1620 3806 cunctis
1675 3752 1986 3809 hominibus
2029 3769 2157 3809 con-

2267 3765 2404 3818 πᾶσι
2438 3767 2550 3828 τοῖς
2571 3764 2691 3818 τότε
2720 3761 2898 3818 ἔθνεσι
2918 3779 2934 3794 ·
2967 3763 3084 3828 πῶς
3104 3764 3212 3837 γάρ
3235 3763 3429 3829 ;όπότε
3451 3763 3540 3832 ὑφ’
3558 3762 3654 3814 ἕνα
3674 3759 3846 3814 τόπον

581 3861 797 3914 gruum,
814 3844 937 3913 jure
975 3847 1182 3913 optimo
1205 3845 1570 3899 desiderabile
1595 3852 1733 3898 erat.

2267 3854 2358 3907 τὸν
2397 3857 2455 3907 ὲν
2494 3857 2558 3926 τῇ
2600 3854 2955 3928 Ἰερουσαλὴμ
2987 3855 3255 3908 τελεῖσθαι
3298 3845 3717 3926 νενομοθέτητο·
3764 3849 3848 3904 διὸ

578 3937 679 3990 οάκ
723 3933 791 4006 ἦν
831 3935 1195 4008 ἐπιθυμητόν·
1225 3936 1285 3990 τδ
1327 3935 1384 3988 δὲ
1417 3936 1685 4008 σωτήριον
1720 3937 2019 4010 μυστήριον
2053 3939 2147 4012 τῆς
2184 3942 2390 4018 Καινῆς
2451 3946 2744 4019 Διαθήκης,
2805 3947 2968 4000 πᾶσιν
3000 3946 3307 4020 ἀνθρώποις
3332 3947 3593 4020 ἁρμόζον,
3623 3929 3846 4007 εἰκότως

580 4032 730 4104 αὐτῷ
760 4032 1094 4104 ἐπιθυμητὸν
1126 4025 1216 4104 ἦν.
1380 4107 1383 4111 Ι

655 4125 741 4177 ll).
779 4123 887 4178 Sed
942 4124 1055 4193 ipse
1101 4123 1317 4192 quidem
1373 4131 1661 4191 antequam
1705 4130 2004 4191 pateretur,
2031 4139 2156 4180 cum

2340 4134 2389 4180 ι’.
2431 4127 2568 4181 Ἀλλ’
2609 4128 2773 4193 αὐτὸς
2805 4129 2924 4200 μὲν,
2958 4129 3063 4201 πρὸ
3083 4127 3178 4183 τοῦ
3213 4129 3424 4193 παθεῖν,
3459 4129 3556 4183 σὺν
3579 4131 3692 4195 τοῖς
3715 4131 3813 4183 ὲαυ
3842 4163 3854 4198 χ

583 4216 696 4271 suis
727 4216 1004 4286 discipulis
1043 4215 1248 4270 Pascha
1277 4215 1534 4278 comedit,
1566 4213 1871 4284 festumque
1893 4217 2021 4287 egit,
2050 4234 2156 4272 non

2263 4220 2358 4273 τοῦ
2397 4219 2663 4293 μαθηταῖς
2701 4221 2872 4291 ἔφαγε
2902 4222 2962 4275 τὸ
2990 4223 3202 4292 Πάσχα,
3243 4223 3338 4275 καὶ
3372 4221 3469 4294 τὴν
3497 4223 3690 4296 ἑορτὴν
3715 4225 3848 4292 ὲπεέ

584 4323 706 4361 cum
733 4307 954 4365 .ludaeis.
985 4307 1197 4377 Reapse
1227 4317 1512 4377 postquam
1540 4311 1654 4376 ipse
1697 4321 1923 4378 vespere
1961 4307 2157 4363 festum

2264 4311 2503 4376 τέλεσεν,
2538 4313 2598 4365 οὐ
2624 4313 2764 4384 μετὰ
2795 4312 2904 4366 τῶν
2952 4313 3250 4367 Ἰουδαίων·
3275 4313 3634 4386 ἑορτάσαντος
3655 4314 3711 4367 δὲ
3742 4316 3854 4382 αὑέ

585 4404 935 4468 celebrasset,
967 4403 1250 4472 poutilices
1278 4419 1402 4458 cum
1449 4405 1723 4474 proditore
1767 4419 1960 4459 manus
1998 4409 2046 4459 ei
2079 4405 2162 4458 in-

582 4497 828 4566 jecerunt
858 4512 872 4548 :
909 4512 1014 4550 non
1046 4495 1192 4550 enim
1219 4495 1290 4549 illi
1316 4509 1382 4550 eo
1404 4510 1630 4564 vespere
1674 4493 1876 4550 Pascha
1915 4494 2163 4548 comede-

586 4592 754 4654 haut;
797 4589 1034 4659 alioquin
1087 4590 1156 4644 ab
1209 4589 1324 4658 ejus
1377 4587 1754 4657 persecutione
1802 4587 2160 4657 quievissent.

585 4680 756 4746 Quem
787 4694 912 4734 mox
942 4688 1156 4750 captum
1205 4680 1270 4734 ad
1320 4677 1535 4747 Caiphae
1589 4679 1811 4733 domum
1845 4679 2109 4732 duxerunt
2145 4692 2160 4743 ;

585 4773 676 4828 ubi
716 4787 909 4827 exacta
941 4780 1124 4838 nocte,
1161 4771 1511 4825 illucescente
1559 4769 1647 4824 die
1684 4769 2020 4840 congregati,
2054 4768 2165 4838 pri-

587 4883 730 4921 mam
776 4866 830 4920 in
859 4881 980 4920 eum
1019 4865 1421 4920 damnationem
1475 4864 1737 4918 tulerunt.
1768 4863 1972 4918 Deinde
2016 4863 2164 4919 illinc

587 4972 868 5027 surgentes
885 4975 1004 5012 cum
1021 4959 1172 5029 plebe
1186 4958 1432 5013 eumdem
1452 4956 1518 5011 ad
1541 4956 1772 5012 Pilatum
1795 4955 1838 4987 ⁸⁷
1861 4963 2162 5012 traxerunt.

588 5051 739 5104 Tunc
787 5062 966 5106 autem
1016 5053 1094 5106 ait
1144 5049 1423 5120 Scriptura
1468 5050 1521 5104 in
1560 5048 1872 5117 praetorium
1911 5063 2007 5104 eos
2054 5064 2162 5104 non

589 5144 874 5210 introisse;
916 5161 984 5200 ne
1010 5147 1111 5199 sub
1143 5145 1418 5199 etlmicum
1454 5152 1655 5198 tectum
1695 5142 1947 5212 ingressi,
1975 5151 2034 5195 ut
2069 5158 2164 5211 pu-

589 5236 798 5302 tabant,
843 5237 1278 5306 inquinarentur,
1302 5237 1395 5292 sed
1426 5235 1546 5304 puri
1582 5245 1862 5290 manentes
1901 5233 1953 5288 bi
1986 5233 2164 5304 impu-

590 5327 814 5395 rissimi,
869 5341 1093 5397 vespere
1141 5329 1459 5384 imminente
1508 5327 1718 5382 Pascha
1768 5326 2164 5394 comederent;

591 5421 642 5475 In
677 5422 769 5492 qui
798 5421 1027 5477 culicem
1075 5423 1423 5486 exculantes,
1455 5420 1721 5477 camelum
1759 5419 2060 5490 glutiebant
2096 5421 2164 5486 ⁸⁸,

591 5513 791 5581 quique
841 5512 1051 5567 animas
1099 5513 1259 5567 simul
1311 5522 1365 5568 et
1399 5527 1627 5584 corpora
1676 5511 1988 5566 Servatoris
2021 5513 2167 5567 caede

595 5602 906 5674 impiabant,
954 5603 1054 5658 sub
1101 5614 1303 5660 tectum
1353 5603 1562 5675 ingredi
1614 5603 1830 5658 reveriti
1879 5613 2042 5669 sunt;
2070 5605 2163 5658 sed

2259 4402 2354 4456 τοῦ
2386 4403 2643 4475 ἑσπέρας,
2675 4407 2723 4457 οἱ
2749 4405 3023 4477 ἀρχιερεῖς
3059 4406 3175 4476 ἅμα
3208 4404 3286 4476 τῷ
3321 4406 3551 4478 προδότῃ
3588 4407 3854 4461 ἐπιστάν-ι

2261 4511 2373 4558 τες,
2405 4495 2668 4549 ὲπέὸαλον
2699 4496 2785 4549 ἐπ’
2811 4496 2974 4550 αὑτὸν
3012 4497 3110 4560 τὰς
3133 4500 3349 4570 χεῖρας·
3386 4498 3449 4551 οὐ
3500 4499 3608 4571 γὰρ
3655 4500 3844 4570 ἧσθιον

2262 4586 2418 4640 αὐτοὶ
2457 4587 2595 4640 κατὰ
2635 4588 2734 4659 τὴν
2778 4587 3019 4660 ἑσπέραν
3051 4588 3110 4641 τὸ
3143 4588 3368 4658 Πάσχα·
3416 4584 3452 4660 ἦ
3505 4589 3614 4662 γὰρ
3647 4589 3712 4643 ἂν
3747 4591 3844 4663 την

2265 4677 2457 4750 σχολὴν
2485 4679 2612 4751 περὶ
2642 4679 2802 4732 αὑτὸν
2835 4675 2997 4750 εἶχον·
3045 4679 3139 4732 καὶ
3185 4679 3319 4752 δῆτα
3354 4681 3709 4746 συλλαϐόντες
3741 4685 3848 4737 ὰπ-

2263 4770 2469 4841 ηγαγον
2498 4772 2579 4834 εἰς
2603 4770 2700 4843 τὴν
2723 4771 2900 4826 οἰκίαν
2929 4770 3024 4825 τοῦ
3041 4772 3285 4841 Καῖάφα,
3323 4771 3848 4848 ἑνθαδιανυκτερεύ-

2265 4878 2476 4926 σαντες,
2505 4863 2580 4927 ὡς
2620 4863 2805 4935 ἡμέρα
2839 4863 3076 4932 ἐγένετο,
3114 4865 3478 4936 συνήχθησαν,
3510 4866 3604 4919 καὶ
3619 4851 3847 4939 ἀνακρί-

2263 4971 2446 5008 νουσιν
2468 4955 2630 5010 αὐτὸν
2657 4956 2920 5028 πρότερον
2942 4973 2954 4984 ·
2981 4951 3100 5010 εἷτα
3135 4959 3274 5028 μετά
3309 4959 3481 5013 ταῦτα
3511 4958 3845 5024 ἀναστάντες

2263 5046 2380 5116 ἅμα
2412 5048 2487 5117 τῷ
2520 5046 2712 5119 πλήθει
2731 5049 2936 5118 ἤγαγον
2967 5046 3129 5100 αὑτὸν
3144 5048 3280 5119 πρὸς
3300 5050 3551 5104 Πιλάτον.
3589 5051 3699 5104 Καὶ
3722 5049 3844 5103 τότε

2266 5141 2430 5211 φησὶν
2457 5143 2490 5211 η
2522 5140 2734 5211 Γραφὴ,
2767 5141 2848 5192 ὃτι
2881 5137 2956 5209 μὴ
2998 5140 3247 5210 εἰσῆλθον
3282 5142 3363 5206 είς
3399 5141 3460 5195 τὸ
3485 5140 3842 5214 πραιτώριον,

2265 5234 2351 5286 ἵνα
2384 5231 2447 5304 δὴ
2488 5234 2584 5306 μὴ,
2621 5234 2726 5288 ὑπὸ
2768 5236 2965 5307 στέγην
3008 5233 3324 5305 Ἑλληνικὴν
3365 5234 3730 5300 εἰσελθόντες,
3768 5233 3845 5299 ὥς

2263 5339 2327 5392 γε
2351 5323 2540 5394 ᾤοντο,
2567 5323 2850 5394 μιανθῶσι,
2883 5314 3118 5397 καθαροὶ
3135 5325 3192 5379 δὲ
3226 5324 3570 5396 μείναντεςοὶ
3599 5326 3850 5396 παμμία-

2269 5432 2372 5488 ροι,
2408 5415 2646 5488 ἑσπέρας
2683 5417 3006 5490 ἐπιστάσης,
3053 5417 3280 5488 φάγοιεν
3323 5417 3391 5471 τὸ
3421 5418 3635 5490 Πάσχα,
3671 5419 3721 5470 oi
3751 5417 3846 5472 τὸν

2265 5509 2503 5565 κώνωπα
2529 5510 2854 5576 διυλίζοντες
2872 5551 2887 5576 ,
2925 5512 3025 5584 τὴν
3054 5511 3111 5565 δὲ
3150 5511 3395 5584 κάμηλον
3424 5512 3844 5576 καταπίνοντες,

2265 5602 2315 5654 oi.
2336 5602 2433 5666 τὰς
2461 5600 2635 5674 ψυχὰς
2657 5604 2838 5668 αὐτοῖς
2869 5603 3084 5676 σώμασι
3114 5603 3254 5658 κατὰ
3282 5604 3374 5658 τοῦ
3402 5603 3654 5676 Σωτῆρος
3690 5619 3846 5675 μιαι-

662 5786 708 5821 ⁸⁸
730 5785 860 5844 Luc.
892 5803 1026 5850 xxu,
1057 5787 1140 5846 15.
1217 5787 1260 5820 ⁸⁷
1289 5783 1445 5842 Joan.
1471 5800 1620 5853 xvm,
1644 5784 1732 5840 28.
1801 5785 1845 5816 ⁸⁸
1886 5785 2072 5840 Matth.
2102 5799 2236 5840 mn
2257 5825 2270 5841 .
2301 5784 2392 5840 24.
