4190 6406
593 321 696 376 707

1295 276 1562 373 Bessan
1603 311 2073 372 casamcasns
2111 311 2261 370 OPP.
2303 311 2479 367 rans
2516 310 2607 369 tv.
2648 339 2716 352 —
2751 309 3172 368 DOGMATICA.

3737 307 3843 364 708

593 470 3808 506 W

1029 645 1110 725 “’
1186 653 1987 788 ΕΥΣΕΒΙΟΥ
2061 654 2436 789 ΤΟΥ
2488 649 3398 790 ΠΑΜΦΙΛΟΥ

2157 887 2292 941 ΤΩΝ

680 1048 757 1123 (ε)
783 1057 1083 1144 ΚΑΤΑ
1153 1051 1836 1143 ΜΑΡΚΕΛΛΟΥ
1906 1053 2132 1140 ΤΟΥ
2204 1053 2420 1139 ΤΗΣ
2493 1050 2992 1142 ΑΓΚΥΡΑΣ
3064 1053 3735 1143 ΕΠΙΣΚΟΠΟΥ

1836 1246 2396 1371 ΒΙΒΛΟΣ
2450 1243 2604 1369 Α’.

1339 1644 2096 1803 EUSEBII
2173 1638 3093 1800 PAMPHILI

833 1927 1444 2022 ADVERSUS
1515 1927 2250 2021 MARCELLUM
2326 1925 2839 2020 ANCYBJE
2911 1927 3590 2022 EPISCOPUM

1665 2146 2080 2259 LIBER
2167 2143 2742 2259 PRIMUS.

1232 2497 1384 2553 CAP.
1429 2497 1470 2554 Ι.

2922 2509 3083 2565 ΚΕΦ.
3119 2508 3163 2562 Α
3182 2549 3200 2566 .

582 2584 935 2654 Quandonam
975 2589 1228 2644 incitatus
1287 2589 1578 2674 Marcellus
1625 2594 1888 2662 ejusmodi
1947 2594 2139 2647 librum

2248 2599 2458 2653 Πόθεν
2485 2599 2822 2671 ὁριώμενος
2859 2604 2892 2655 ὁ
2941 2601 3293 2674 Μάρκελλος
3351 2601 3514 2656 τουτὲ
3574 2601 3644 2656 τὸ
3691 2604 3828 2674 Σύπω

1161 2661 1550 2730 conscripserit.

647 2759 707 2820 ἧι
744 2753 1021 2808 Materiam
1066 2753 1140 2808 illi
1175 2755 1478 2824 subjectam
1514 2766 1568 2812 et
1601 2756 1756 2827 quasi
1803 2756 1928 2828 styli
1981 2773 2145 2828 argu-

641 2898 699 2956 >14
726 2891 822 2949 Ed.
843 2891 1044 2957 Paris.,
1065 2907 1189 2963 pag.
1219 2894 1270 2950 l.

641 3035 717 3104 (-l)
741 3032 1057 3104 Eivo'sé’lov.
1095 3033 1239 3087 Libri
1289 3033 1444 3090 istius
1479 3044 1632 3104 pater
1662 3034 1946 3099 Eusebius,
1981 3033 2144 3088 Pam-

570 3103 702 3178 phili
747 3104 997 3172 martyris
1039 3103 1409 3178 familiaricae
1443 3103 1500 3178 et
1543 3106 1861 3177 cognomine
1896 3105 2140 3178 insignis,

571 3173 746 3231 iratior
778 3183 880 3245 est,
912 3188 1072 3245 quam
1108 3184 1165 3228 ut
1205 3175 1564 3230 illustratione
1607 3173 1790 3230 nostra
1819 3173 2143 3245 egeat.’E_c-

570 3244 860 3317 rlesiasticn
897 3244 1150 3317 historia,
1182 3254 1236 3298 et
1277 3245 1476 3311 scripta
1514 3247 1602 3300 illa
1642 3243 2010 3317 στρωμᾱτὼδη
2063 3243 2143 3298 De

567 3313 1033 3386 praeparationem
1056 3314 1504 3386 demonstratione
1533 3313 1854 3386 evangelica,
1896 3313 2014 3384 quae
2056 3323 2140 3386 te-

570 3395 764 3440 runtur
805 3385 1042 3437 omnium
1099 3385 1436 3442 eruditorum
1491 3389 1773 3452 manibus,
1819 3400 2014 3441 nomen
2062 3385 2135 3452 illi

569 3454 916 3525 magnificum
971 3469 1277 3525 peperere.
1345 3455 1456 3513 Hoc
1511 3465 1690 3510 autem
1761 3456 1931 3525 ipsius
1979 3451 2145 3508 Κατὰ

564 3522 925 3594 Μαρκέλλου
958 3522 1304 3595 cicada-mra,
1347 3527 1534 3596 paucis
1564 3527 1722 3582 hodie
1752 3522 2023 3596 cognitum
2064 3526 2144 3580 vel

569 3599 635 3651 de
669 3597 906 3656 nomine.
939 3597 1282 3664 paucissimis
1319 3598 1513 3665 opinor
1538 3598 1732 3652 lectum
1763 3608 1863 3658 est,
1897 3598 1979 3651 vel
2013 3611 2146 3648 ocu-

569 3667 637 3721 lis
671 3666 866 3720 alicubi
921 3677 1260 3738 usurpatum.
1300 3667 1416 3722 Vidi
1458 3683 1560 3738 ego
1617 3676 1889 3738 catalogos
1953 3666 2145 3738 biblio-

571 3739 872 3800 thecarmn,
926 3752 1025 3807 per
1074 3737 1380 3807 Europam,
1433 3737 2142 3807 celebriorum'plttrimos:

571 3823 832 3876 nusquam
863 3805 1036 3873 reperi
1069 3806 1352 3860 Eusebium
1386 3819 1571 3861 contra
1620 3805 1950 3860 Marcellum.
1996 3806 2140 3861 Vidit

567 3853 1907 3945 i;;;;.:‘.'.'.'n.iagi;‘54.};Jama:{nfw'dmini
1937 3853 2134 3942 ῑιθιιιιάν
2170 3853 2214 3912 ³

565 3958 621 4019 et
649 3947 1089 4019 bibliothecarum
1117 3948 1356 4019 omnium
1391 3963 1611 4019 vorago,
1644 3945 1965 4019 Franciscus
1997 3945 2136 4019 Tur:

567 4018 770 4087 r_ianus.
811 4014 1052 4087 rlilemini
1109 4017 1251 4068 enim
1313 4014 1652 4087 legisse'me
1707 4018 1759 4070 in
1827 4016 1982 4087 hujus
2015 4017 2138 4087 rviri

570 4085 918 4154 Dogmaticis,
954 4087 1169 4139 Eusebii
1197 4085 1557 4141 testimonium
1601 4098 1787 4142 contra
1825 4085 2137 4141 Marcellum

571 4158 880 4226 recitatum.
914 4155 1076 4209 Libro
1112 4155 1255 4209 enim
1296 4159 1474 4219 tertio.
1517 4171 1637 4226 pag.
1674 4157 1779 4211 175
1803 4197 1817 4219 ,
1854 4158 1928 4210 ait
1966 4157 2139 4210 Euse-

568 4224 718 4278 bium
758 4224 1007 4280 Marcello
1039 4227 1293 4280 hatretico
1321 4224 1678 4296 exprobrare,
1712 4231 1764 4281 iit
1801 4228 1939 4281 libro
1977 4244 2136 4293 quem

566 4297 829 4367 adversus
869 4312 989 4367 eum
1017 4296 1269 4362 scripsit,
1305 4297 1453 4367 illum
1504 4297 1813 4367 Scripturas
1862 4297 2134 4354 niutilare.

565 4365 632 4419 Et
655 4374 802 4420 certe
831 4366 1099 4434 ohjectum
1128 4377 1210 4418 est
1236 4367 1303 4421 ab
1332 4364 1564 4422 Eusebio
1589 4364 1729 4422 istud
1757 4384 1772 4423 :
1803 4375 1858 4421 ut
1891 4368 2138 4422 videatur

565 4435 867 4508 Turriauus
895 4439 1035 4490 hunc
1069 4436 1279 4508 legisse.
1325 4436 1430 4491 Sed
1475 4448 1529 4492 et
1565 4440 1702 4508 apud
1736 4438 2003 4508 antiquos
2044 4453 2134 4490 ra-

567 4507 776 4562 rissima
815 4507 932 4575 ejus
985 4508 1209 4560 mentio.
1238 4505 1352 4560 Non
1385 4505 1614 4562 habetur
1653 4509 1703 4562 in
1732 4507 1907 4562 Photii
1936 4507 2137 4576 Μυήσ-

564 4579 720 4629 biblo.
763 4576 997 4648 [fugerat
1033 4577 1339 4647 Hieronymi
1370 4579 1726 4648 diligentiam.
1757 4578 1917 4632 Solus
1941 4616 1955 4641 ,
1993 4579 2134 4646 quod

562 4647 751 4708 sciam,
779 4645 1032 4701 SuCrates
1056 4645 1356 4713 posteritati
1379 4645 1677 4702 transmisit
1696 4690 1712 4715 ,
1741 4649 1982 4702 recitatis
2009 4645 2133 4703 hinc

563 4719 832 4772 nonnullis
866 4716 1160 4781 αὐτολεξεί,
1209 4718 1371 4785 hujus
1412 4721 1761 4773 mentionem.
1807 4719 1999 4771 Attulit
2035 4733 2129 4770 au-

563 4798 669 4840 tem
702 4788 751 4840 in
785 4805 909 4842 eum
943 4792 1124 4854 linem,
1146 4789 1762 4852 utauctorem,Arianea
1796 4789 2016 4858 fuligine
2040 4790 2134 4842 de-

563 4859 853 4928 nigratum,
891 4859 1184 4913 dealbaret.
1222 4861 1326 4913 Sed
1361 4861 1584 4924 frustra,
1621 4861 1793 4928 inquit
1831 4859 2132 4912 illustrissi-

563 4943 682 4980 mus
707 4927 971 4983 Baronius
994 4931 1058 4982 ad
1086 4944 1287 4982 annum
1323 4929 1446 4984 Jesu
1479 4927 1838 4994 Christi540,
1867 4940 2003 4985 sect.
2039 4929 2127 4991 59,

558 4995 870 5066 [Ethiopem
926 5000 1068 5052 enim
1125 5010 1351 5053 conatur
1394 5001 1663 5056 dealbare.
1717 4999 2014 5053 Fatendum
2045 5011 2131 5052 est

560 5067 704 5120 hunc
755 5069 1122 5123 doctissimum
1174 5069 1457 5122 Annalium
1495 5073 1864 5135 conditorem,
1901 5070 2130 5124 Eusebio

560 5139 760 5204 passim
785 5154 902 5210 sese
928 5141 1156 5210 prodere
1190 5142 1532 5210 iniquiorem.
1571 5142 1651 5195 An
1689 5156 1815 5195 vero
1841 5155 2126 5195 censuram

2624 2760 2655 2762 __
2785 2689 3017 2742 ιιοαμμα
3046 2672 3290 2743 ἐγραψεο

2335 2760 2399 2813 Ἦ
2530 2760 2784 2826 ὑπόθεσις
2810 2763 2958 2835 αὑτῷ
2978 2764 3076 2836 τῆς
3105 2763 3324 2835 γραφῆς
3351 2764 3672 2837 μισαδελφία
3698 2782 3826 2819 κατ’

2251 3033 2490 3100 scripsit.
2523 3029 2680 3086 Ratio
2720 3029 2950 3085 nominis
2981 3045 3008 3084 a
3033 3028 3274 3096 subjecto
3298 3031 3485 3100 roperis
3518 3031 3822 3093 deducitur.

2250 3103 2325 3157 lta
2353 3099 2495 3157 enim
2527 3103 2578 3156 in
2614 3101 2875 3171 prommio
2903 3101 3057 3170 primi
3087 3100 3229 3171 libri,
3255 3099 3355 3153 ubi
3381 3101 3540 3156 docet
3575 3118 3672 3156 cur
3705 3115 3823 3169 post

2249 3173 2550 3257 nadesqtv
2580 3169 2775 3257 nudam
2806 3169 3098 3257 sententia:
3119 3169 3513 3257 Marcelliatrezc
3534 3212 3550 3236 ,
3584 3173 3803 3257 ad‘éks}

2248 3240 2345 3316 xm}
2369 3259 2463 3313 per
2479 3243 2796 3314 ἀντίρρησιν
2815 3240 3132 3304 accesserit,
3159 3241 3233 3310 μή
3258 3241 3377 3294 ποτ’
3414 3241 3524 3314 ἄρα
3564 3243 3709 3307 τινὲς
3726 3240 3824 3317 τῆς

2260 3311 2810 3381 Ἐκκλησιαστικῆς
2833 3312 3143 3384 θεολογίας
3165 3311 3507 3384 ὑποσυρξξεν.
3535 3312 3827 3384 Utriusque

2264 3331 2810 3381 ἰικκνιησιαστικης
2833 3331 3143 3381 σεοαιογιας
3165 3331 3507 3384 υποσυρειεν.
3538 3331 3826 3385 utriusque

2245 3387 2418 3455 partis
2447 3385 2506 3438 τὸ
2533 3382 3267 3455 ὑποκείμενον,κίιι-ειιίδιοιδ
3285 3384 3350 3437 ad
3381 3381 3694 3455 Flaccillum
3729 3386 3826 3442 de-

2243 3452 2534 3518 dicatoria,
2569 3452 2882 3525 exponitur.
2919 3452 3026 3525 Sed
3061 3455 3126 3525 de
3160 3453 3656 3525 hocAtotonegotio
3679 3496 3696 3522 ,
3727 3472 3825 3525 per

2241 3537 2424 3594 partes
2471 3525 2636 3579 multo
2672 3523 3220 3594 meliusvi_debimus.
3248 3521 3473 3588 Quando
3495 3521 3534 3587 ,⁷
3562 3535 3618 3581 et
3653 3521 3818 3594 quoto

2241 3590 2387 3650 anno
2413 3597 2514 3650 hoc
2545 3595 2802 3663 scriptum
2837 3593 2906 3647 ab
2933 3590 3169 3646 Eusebio
3194 3633 3209 3656 ,
3258 3608 3361 3646 non
3400 3603 3634 3649 constat.
3671 3590 3822 3650 Con-

2242 3676 2350 3720 srat
2388 3673 2506 3732 post
2554 3665 2840 3720 concilium
2889 3663 3164 3716 Nicaenum
3206 3678 3223 3717 :
3263 3672 3386 3732 post
3427 3665 3635 3719 obitum
3675 3667 3821 3720 Con-

2242 3735 2488 3801 stantini,
2522 3734 2894 3805 queanrazci
2933 3734 3237 3805 adulantes,
3263 3734 3448 3788 nescio
3476 3748 3592 3801 cur,
3623 3747 3819 3791 vocant

2247 3803 2616 3884 ζςοιειῖόστολὸιιἶ
2662 3803 3106 3884 Meminitnenim
3170 3803 3284 3884 ipse
3337 3806 3820 3884 auclo_r,_in_ﬁne

2246 3877 2365 3930 Iihri
2393 3877 2640 3942 secundi,
2666 3875 2882 3931 concilii
2923 3872 3503 3942 Constantinopolitani
3527 3917 3542 3941 ,
3577 3876 3816 3931 habitum

2243 3949 2369 4000 illud
2409 3947 2700 4002 coincilium
2750 3947 2817 3999 ab
2849 3945 3068 4013 Arianis
3120 3944 3390 4013 episcrupis
3411 3987 3423 4010 ,
3454 3958 3645 4000 contra
3672 3947 3820 4000 Mar-

2240 4018 2458 4082 cellum,
2489 4032 2632 4070 anno
2669 4015 2856 4070 ultimo
2881 4012 3245 4080 Constantini,
3278 4012 3544 4069 etChriSIi
3569 4016 3695 4070 556.
3734 4018 3815 4073 Ita

2239 4102 2461 4141 necesse
2497 4096 2600 4149 est,
2651 4089 2753 4140 hoc
2794 4099 2824 4138 e
2874 4085 3162 4156 postremis
3193 4085 3279 4156 ab
3317 4084 3548 4140 Eusebio
3587 4089 3812 4156 scriptis

2241 4158 2428 4212 fuisse.
2459 4156 2591 4211 Nam
2614 4197 2630 4223 ,
2661 4169 2720 4210 ιιι
2749 4155 2933 4209 retulit
2979 4155 3330 4208 doctissimus
3363 4157 3648 4210 Annalium
3679 4155 3805 4212 cum

2238 4229 2402 4292 ditur.
2430 4228 2482 4280 in
2517 4229 2650 4281 vivis
2682 4242 2802 4280 esse
2829 4225 2989 4280 desiit
3014 4225 3278 4280 Eusebius
3311 4225 3579 4295 Pamphili
3618 4229 3684 4281 ad
3711 4245 3814 4282 an-

2242 4313 2369 4350 num
2401 4297 2600 4352 Christi
2640 4296 2779 4359 540,
2807 4306 3059 4350 currente
3100 4297 3212 4363 jam
3255 4296 3448 4365 quinto
3489 4312 3632 4350 anno
3671 4297 3815 4352 Cou-

2236 4369 2424 4421 stantii
2485 4368 2732 4422 Caesaris.
2769 4367 2823 4420 Si
2873 4367 2925 4418 in
2971 4367 3055 4418 his
3101 4381 3229 4435 ergo
3287 4365 3439 4420 libris
3495 4369 3811 4434 reperiatur

2237 4436 2326 4491 hic
2371 4438 2603 4507 scriptor
2659 4437 2724 4490 ad
2796 4435 3171 4508 Ἀρειρμαγίαν
3235 4435 3531 4508 inclinare,
3587 4439 3654 4492 de
3704 4454 3812 4505 qua

2236 4505 2537 4575 quaestione
2575 4509 2631 4561 ὲν
2681 4510 2794 4570 τοῖς
2825 4505 2987 4561 me
3009 4505 3175 4578 μέρος
3198 4546 3213 4571 ,
3266 4506 3619 4578 decisumest
3653 4509 3812 4578 plane

2234 4587 2513 4633 certamen
2544 4580 2608 4632 de
2633 4579 2735 4632 lide
2759 4577 3056 4632 Enselnana
3079 4586 3196 4644 post
3224 4578 3488 4645 synodum
3512 4577 3810 4645 Nicaanam,

2236 4651 2302 4703 de
2327 4664 2431 4717 qua
2465 4663 2550 4702 me
2583 4650 2764 4702 fateor
2792 4649 3189 4717 subdubitasse.
3230 4646 3642 4703 MONTACUTIUS.

2307 4716 2385 4787 ('2)
2436 4720 2597 4772 Κατὰ
2644 4718 3002 4787 Μαρκέλλου
3058 4716 3169 4786 τῆς
3231 4718 3542 4788 Ἀγκύρας.
3598 4719 3810 4776 Galatia

2234 4799 2352 4843 erat
2377 4792 2578 4852 omnis,
2606 4793 2678 4842 uti
2728 4791 2853 4843 olim
2882 4789 3054 4843 Gallia
3079 4828 3094 4854 ,
3130 4789 3303 4842 divisa
3363 4791 3414 4840 iu
3447 4800 3630 4858 partes
3675 4802 3803 4845 tres.

2240 4859 2410 4912 Unam
2449 4858 2760 4914 incolebant
2801 4859 3055 4923 Trocmi,
3095 4858 3320 4912 alteram
3367 4858 3646 4915 Tolistubii
3694 4865 3810 4916 sive

2235 4929 2629 4998 Tolistobogii,
2662 4930 2878 4984 tertiam
2925 4931 3018 4999 qui
3070 4927 3399 4998 Tectosages
3449 4931 3804 4996 dicebantur;

2233 5000 2392 5070 hujus
2424 5003 2595 5068 partis
2625 4999 2935 5070 metropolis
2967 5005 3086 5052 erat
3120 5001 3352 5070 Ancyra.
3383 5000 3578 5055 Strabo
3622 5003 3672 5054 in
3707 5018 3757 5054 tv
3788 5019 3804 5055 :

2231 5069 2410 5156 Τξιῶν
2439 5071 2608 5156 ἐξχτων
2641 5069 2834 5156 ὲβνῶν,
2865 5068 3011 5156 ἓςνοὲξ
3039 5068 3248 5156 αὺτιῖιγζ
3267 5069 3330 5122 τὸ
3363 5071 3806 5156 περὶηἋχκύρᾳν

2231 5139 2404 5202 πόλιν,
2452 5141 2808 5209 Τεκτοσάγων
2883 5139 3120 5207 λέγεται.
3176 5142 3325 5194 Hanc
3386 5139 3716 5209 Apollonius
3753 5147 3804 5199 in

563 5211 664 5281 hoc
685 5209 901 5281 indocto
925 5205 1631 5277 importunam'exercuerit,
1662 5213 1904 5266 dicemus
1927 5212 1978 5262 in
2008 5211 2126 5264 loco
2154 5205 2200 5266 C
2233 5213 2440 5266 Caricis
2453 5215 2594 5281 apud
2613 5205 3024 5281 Stephanumab
3044 5213 3297 5266 anchoris
3318 5205 3514 5266 dictam
3540 5223 3804 5280 autumat,

563 5278 660 5349 ᾳὺν
676 5276 813 5348 Θεῷ.
845 5276 1073 5342 Interea,
1094 5282 1355 5349 quidquid
1379 5285 1447 5335 sit
1471 5283 1536 5336 de
1558 5283 1767 5335 Eusebii
1793 5281 2122 5344 Arianismo,

561 5347 665 5420 hoc
703 5347 954 5414 constat,
1015 5347 1411 5405 vel’Socratico
1461 5354 1769 5406 testimonio
1798 5393 1814 5417 ,
1851 5352 2122 5420 gentinum

561 5417 705 5471 illius
746 5420 910 5472 fetum
949 5433 1069 5490 esse
1104 5421 1268 5475 libros
1301 5438 1437 5490 quos
1469 5422 1681 5484 damus,
1721 5437 1818 5476 nec
1845 5417 2125 5475 mentitum

559 5490 961 5562 inscriptionem
1004 5491 1299 5545 Εὐσεϐίου
1339 5491 1447 5545 τοῦ
1487 5495 1826 5562 Παμφίλου,
1855 5494 2131 5561 subrepti-

561 5560 694 5612 tium
728 5561 959 5628 aliquem
993 5565 1381 5616 tenebrionem.
1408 5563 1556 5631 Opus
1578 5560 1746 5632 purro
1776 5566 1945 5632 ipsmn
1986 5565 2129 5617 inte-

553 5645 736 5700 grum,
763 5631 1004 5699 quinque
1035 5631 1184 5685 libris
1206 5645 1395 5686 auctor
1421 5635 1735 5702 complexus
1764 5631 1847 5686 est
1875 5649 1888 5684 :
1924 5634 2131 5702 priores

556 5703 692 5754 duos
751 5701 1070 5770 simpliciter
1118 5705 1280 5758 Κατὰ
1335 5701 1732 5770 Μαρκέλλου.
1767 5714 1878 5757 tres
1930 5701 2128 5757 autem

553 5774 879 5840 posteriores
923 5773 1061 5842 Περὶ
1114 5775 1630 5843 ἐκκλησιαστικῆς
1688 5772 1998 5844 θεολογίας
2045 5776 2128 5828 in-

3708 5301 3805 5338 uas

2302 5350 2378 5422 (5)
2437 5351 2760 5418 Ὑπόθεσις,
2806 5351 3198 5420 μισαδελφία.
3237 5351 3522 5418 ’Υπόθεσις
3575 5299 3801 5410 Ιιοοψξῗιῗ

2231 5422 2353 5477 loco
2411 5439 2516 5496 non
2570 5435 2657 5496 est
2711 5423 3042 5496 substratqu
3078 5423 3306 5487 homini,
3329 5435 3383 5477 et
3419 5425 3480 5478 τὸ
3512 5424 3805 5496 ὑποκείμεέ

2230 5509 2341 5557 νον,
2375 5494 2469 5550 sed
2494 5492 2658 5546 animi
2710 5494 3066 5562 propositum,
3106 5503 3157 5547 et
3197 5496 3483 5550 consilium
3531 5492 3803 5550 scribendi

2232 5574 2415 5631 ntpute
2478 5563 2599 5617 ὅθεν
2665 5561 2986 5635 ὁρμώμενος
3037 5566 3269 5618 accessit
3316 5566 3381 5617 ad
3429 5567 3800 5622 scribendum.

2235 5635 2357 5688 Vult
2381 5635 2524 5688 enim
2555 5634 2818 5689 Eusebius
2841 5634 3178 5698 Marcellum,
3205 5637 3328 5690 odio
3356 5638 3640 5704 percitum,
3671 5651 3803 5691 con-

2234 5716 2314 5759 tra
2347 5709 2620 5760 Asterium
2650 5719 2702 5760 et
2723 5718 2960 5778 casteros
2987 5706 3254 5778 calamum
3287 5707 3611 5778 stt'ittxisse;
3655 5707 3802 5778 quod

2233 5778 2403 5845 gratis
2432 5780 2500 5834 ab
2531 5793 2597 5834 eo
2627 5777 2848 5843 dicitur,
2886 5792 2992 5833 non
3025 5776 3304 5841 probatur.
3341 5776 3409 5831 Μ.
3537 5775 3548 5790 ’
