4190 6406
436 271 538 324 715

1551 265 1828 318 CONTRA
1862 262 2288 319 MARCELLUM
2327 264 2454 321 LIB.
2497 265 2538 320 1.

3566 269 3672 327 714

435 386 617 457 μένοις
635 402 650 416 '
679 385 997 443 καὶτούτων
1026 385 1272 450 ἐκείνοις,
1318 377 1392 439 ὧν
1417 383 1648 455 μάλιστα
1679 384 1752 445 ⁵δι’
1797 384 1997 456 ἀρετὴν
2026 388 2073 446 Α

2026 388 2073 446 Α
2101 385 2200 440 bus
2231 385 2394 440 fetam
2437 384 2739 448 venenatis,
2779 397 2979 454 susque
3013 385 3185 455 deque
3243 385 3452 456 habuit,
3498 403 3563 445 ac
3616 393 3667 445 in

434 475 766 541 θεοσεϐείας,
791 476 964 546 λόγων
995 495 1052 530 τε
1085 475 1243 530 θείων
1268 475 1576 546 ἀσκήσεως,
1605 477 1638 545 ή
1682 475 1836 545 φήμη
1876 473 1996 526 καθ’

429 567 577 638 ὅλης,
602 566 678 630 ὡς
710 569 904 632 είπεῖν,
932 567 1112 640 ᾄδεται
1160 567 1259 639 τῆς
1304 566 1642 638 οἰκουμένης.
1673 565 1888 618 Τούτων
1941 564 1999 618 δὲ

431 657 610 711 αὐτῶν
651 657 750 728 οὑχ
799 657 946 724 ἀπαξ
987 657 1228 728 ἐμνήσθη
1279 656 1481 720 κακῶς,
1519 654 1776 718 πολλάκις
1813 655 1870 708 δὲ
1904 653 1999 708 καὶ

431 746 718 818 διαφόρως,
747 747 845 811 τὰς
873 750 992 802 κατ’
1033 749 1207 801 αὐτῶν
1234 747 1480 811 διαϐολάς
1518 764 1576 798 τε
1604 746 1696 800 καὶ
1731 763 1998 816 συκοφανο

431 835 550 900 τίας
566 836 796 905 ἀφειδῶς
826 838 1206 908 πεποιημένος.
1240 839 1375 910 Ἤδη
1407 837 1462 890 δὲ
1492 837 1587 893 καὶ
1617 839 1774 909 ἀραῖς
1803 837 2000 910 κέχρη-

429 946 518 984 ται
558 930 674 982 κατ’
701 930 899 994 αὑτῶν,
929 924 1015 984 οἷα
1039 930 1309 999 γυναικῶν
1325 933 1382 985 έν
1402 931 1569 1003 μάχῃ,
1596 931 1999 1003 λοιδορούμενος

431 1021 525 1074 καὶ
581 1020 932 1092 ἐπαρώμενος
974 1021 1084 1095 (15)
1136 1025 1248 1086 τοῖς
1295 1022 1459 1094 μηδὲν
1497 1024 1656 1077 αὑτὸν
1694 1023 1994 1094 ἠδικηκόσι.

430 1110 538 1175 Διὸ,
559 1111 652 1164 καὶ
667 1111 807 1181 πέρα
821 1111 914 1165 τοῦ
930 1111 1156 1177 δέοντος,
1174 1113 1252 1174 είς
1271 1111 1478 1184 μακρὸν
1491 1112 1637 1183 αὑτῷ
1652 1113 1744 1166 κα).
1765 1112 1998 1183 ἄμετρον

431 1204 602 1274 μῆκος
618 1202 870 1267 ἐξέπεσεν
884 1205 915 1274 ἠ
934 1203 1194 1275 γραφή.(1
1205 1203 1257 1275 6)
1275 1205 1358 1268 Ὡς
1379 1205 1539 1274 μόνον
1555 1204 1701 1258 ἐπῶν
1714 1203 1878 1273 ἐγγύς
1894 1221 1996 1256 που

433 1295 639 1366 μυρίων
659 1295 749 1348 τὸν
765 1296 1020 1364 ἀνάλογον
1035 1295 1448 1366 ἀπαρτισθῆναι.
1471 1295 1707 1357 Εἰκότως
1728 1289 1840 1358 οὖν,
1858 1293 1998 1347 κατὰ

427 1385 533 1439 τῶν
568 1386 736 1454 ἁγίων
771 1386 865 1438 τοῦ
893 1387 1026 1441 Θεοῦ
1059 1387 1384 1459 λειτουργῶν
1420 1389 1725 1460 κακήγορον
1753 1388 1998 1456 γλῶτταν

427 1477 642 1543 ὀξύνας,
671 1479 766 1532 καὶ
797 1479 859 1533 τὸ
905 1479 1218 1544 ἀνευλαϐὲς,
1243 1481 1335 1534 καὶ
1374 1480 1573 1550 ἄφοϐον
1609 1481 1997 1553 προγυμνάσας

427 1572 486 1624 ὲν
513 1570 743 1635 τούτοις,
782 1570 1008 1643 προῖὼν,
1043 1571 1100 1638 ἐξ
1148 1567 1216 1643 ἦς
1273 1569 1600 1644 προύκοψεν,
1651 1573 1735 1624 ἐπ’
1775 1572 1904 1626 αὑτὸ
1937 1573 1998 1625 τὸ

426 1663 846 1732 κορυφαιότατον
876 1662 970 1716 τοῦ
1001 1662 1218 1726 παντὸς,
1246 1661 1336 1715 τὸν
1363 1663 1620 1733 μονογενῆ
1654 1663 1748 1715 καὶ
1781 1663 1998 1734 ἀγαπη-

2101 477 2198 532 Dei
2232 476 2570 540 sacerdotes,
2611 476 2813 530 frustra
2856 476 3071 545 quidem
3115 487 3170 532 et
3199 477 3496 547 incassum,
3530 477 3668 535 iram

2099 575 2278 623 tamen
2319 565 2508 621 eli‘udit
2549 565 2912 620 ebullientem.
2957 565 3139 636 Neque
3187 566 3346 629 illos.
3402 569 3468 623 de
3513 567 3670 638 plebe

2101 661 2284 715 nescio
2317 673 2474 728 quos,
2527 659 2619 713 sed
2671 659 2815 727 ipsos
2863 658 2983 713 illos
3013 657 3102 729 qui
3141 675 3235 728 per
3284 660 3376 714 Dei
3412 660 3663 729 gratiam,

2101 753 2280 807 divina
2319 753 2494 820 plane,
2527 753 2630 806 hoc
2677 760 2777 814 εει,
2849 751 3061 804 vivendi
3121 750 3490 821 philosophica
3533 768 3668 820 qua-

2101 844 2224 899 dam
2264 844 2499 907 ratione,
2547 843 2778 896 nominis
2811 843 3184 898 celebritatem
3235 842 3336 897 sibi
3381 858 3667 912 compara-

2099 944 2308 989 verant.
2349 933 2462 988 Nec
2498 934 2652 988 vivos
2692 933 3064 987 tantummodo
3109 943 3164 988 et
3209 935 3454 990 videntes
3496 935 3666 1005 impe-

2101 1026 2238 1092 tivit,
2272 1024 2367 1081 sed
2397 1025 2506 1096 jam
2545 1025 2740 1080 dudum
2787 1035 2841 1078 et
2891 1024 2943 1078 in
2983 1024 3202 1081 Christo
3259 1025 3667 1081 obdormisren-

2099 1125 2179 1172 tes
2211 1131 2446 1185 :eosque
2474 1130 2582 1184 prae
2617 1115 2846 1178 caeteris,
2889 1130 3024 1184 quos
3072 1117 3211 1170 inter
3243 1126 3466 1171 caeteras
3497 1119 3664 1173 virtu-

2100 1214 2178 1261 tes
2215 1208 2395 1275 pietas
2426 1206 2478 1259 in
2520 1207 2684 1259 Deum
2713 1205 3154 1268 commendabat,
3182 1216 3237 1260 et
3267 1221 3541 1260 sacrarum
3572 1208 3664 1260 lit-

2099 1307 2333 1353 terarum
2388 1298 2685 1353 exercitata
2739 1298 2990 1362 scientia,
3033 1314 3128 1365 per
3161 1310 3427 1353 terrarum
3472 1301 3662 1354 orbem

2097 1391 2431 1446 clarissimos
2475 1400 2796 1459 propagarat
2829 1406 2843 1443 :
2871 1391 2966 1445 sed
3010 1405 3108 1444 nec
3149 1406 3251 1443 uua
3307 1400 3511 1446 tantum
3541 1394 3662 1447 vice

2097 1482 2390 1536 conviciari
2425 1492 2730 1546 contentus,
2766 1496 2909 1550 saepe
2930 1483 3219 1551 repositas,
3250 1483 3506 1552 varieque
3528 1498 3664 1538 con-

2097 1570 2275 1637 ﬁctas,
2309 1571 2582 1639 improbus
2613 1571 2945 1641 sycophanta
2967 1610 2983 1637 ,
3013 1570 3315 1624 calumnias
3359 1573 3476 1626 sine
3503 1574 3663 1627 modo

2098 1664 2391 1734 congessit,
2424 1673 2478 1716 et
2540 1678 2789 1716 mensura
2827 1678 2842 1714 :
2880 1663 2973 1718 sed
3005 1671 3058 1716 et
3096 1663 3557 1718 exsecrationibus
3582 1664 3664 1716 in-

423 1752 515 1806 τὸν
551 1754 674 1806 Υίὺν
711 1753 804 1808 τοῦ
847 1753 1001 1818 Θεοῦ,
1036 1753 1309 1817 τοιαύταις
1350 1752 1528 1817 ἀθέοις
1578 1753 1686 1824 (17)
1712 1752 1993 1806 ὑποϐαλὼν
2024 1740 2070 1800 Β

2024 1740 2070 1800 Β
2096 1768 2258 1823 super
2295 1769 2410 1821 eos,
2439 1764 2498 1808 ut
2528 1753 2854 1808 inttlierculae
2900 1755 2951 1808 in
2985 1754 3116 1808 rixis
3157 1762 3212 1808 et
3237 1752 3434 1822 jurgiis
3463 1753 3659 1821 solent,

427 1840 817 1913 βλασφημίαις,
851 1844 969 1906 οἵας
1021 1843 1215 1914 μικρὸν
1244 1842 1488 1914 ὕστερον,
1517 1843 1680 1896 αὑτοῦ
1717 1843 1990 1913 λέγοντος,

424 1933 539 1984 ἀλλ’
561 1935 661 1987 οὑκ
690 1934 844 2004 ἐμοῦ,
877 1935 1082 2005 βέλτιον
1124 1933 1360 1988 ἀκούειν.
1393 1935 1469 2005 Τῇ
1497 1934 1552 1988 δέ
1591 1952 1654 2004 γε
1695 1936 1991 2008 παραθέσει

422 2027 531 2079 τῶν
563 2027 727 2080 αὑτοῦ
760 2027 1016 2101 ῥημάτων
1043 2028 1403 2100 χρησάμενος,
1449 2027 1559 2098 (18)
1609 2029 1772 2100 μέχρι
1804 2029 1991 2082 τούτου

427 2118 691 2188 στήσομαι
724 2117 860 2182 τέως
891 2118 1029 2190 πρὸς
1066 2119 1378 2173 ἐναντίωσιν
1417 2119 1510 2171 καὶ
1557 2119 1866 2193 ἀνατροπὴν
1891 2120 1989 2172 αὑ-

424 2208 532 2260 τῶν
558 2225 572 2239 ο
609 2209 670 2262 οὑ
708 2212 952 2281 μακροὺς
977 2211 1196 2280 ἐπάγων
1225 2213 1432 2282 λόγους,
1463 2213 1541 2286 τῷ
1572 2215 1707 2286 μήτε
1748 2213 1874 2276 τοὺς
1900 2212 1993 2266 ἄν·

421 2299 554 2371 δρας
592 2301 715 2365 τοὺς
741 2301 830 2354 ὑπ’
857 2301 1018 2354 αὑτοῦ
1066 2302 1556 2376 βλασφημηθέντας
1590 2303 1700 2376 (19)
1743 2304 1992 2373 ἀγνῶτάς

421 2406 570 2454 τινας
601 2387 738 2445 εἶναι
773 2392 865 2446 καὶ
888 2395 1131 2462 ἀφανεῖς,
1167 2395 1524 2467 γνωρίζεσθαι
1568 2397 1624 2450 δὲ
1655 2397 1805 2468 παρά
1833 2397 1987 2460 πᾶσι,

422 2481 516 2532 καὶ
548 2482 882 2547 σιωπῶντας,
904 2485 1040 2554 μήτε
1065 2485 1162 2556 τὴν
1189 2485 1269 2548 εἰς
1296 2484 1386 2538 τὸν
1424 2486 1656 2557 Χριστὸν
1707 2484 1800 2540 τοῦ
1855 2485 1990 2540 Θεοῦ

423 2571 771 2644 βλασφημίαν
821 2573 930 2643 (‘20)
969 2575 1312 2646 ἀμφήριστον
1360 2593 1478 2630 τινα
1505 2578 1598 2630 καὶ
1625 2576 1990 2649 ἀγνοουμένην

423 2664 709 2736 ὑπάρχειν,
745 2663 821 2728 ὡς
864 2664 1063 2736 πολλῆς
1101 2685 1247 2732 τινος
1295 2669 1389 2722 καὶ
1442 2668 1807 2738 λογικωτέρας
1853 2669 1989 2741 πρὸς

420 2757 637 2828 ἔλεγχον
666 2759 920 2831 δεηθῆναι
938 2760 1193 2831 σπουδῆςο
1227 2761 1366 2814 οὕτω
1387 2761 1496 2832 (21)
1519 2761 1575 2815 δὲ
1601 2763 1732 2815 πᾶσι
1751 2763 1863 2826 τοῖς
1891 2762 1991 2833 τῆς

423 2849 880 2921 ὲκκλησιαστικῆς
925 2850 1146 2924 χάριτος
1193 2852 1553 2924 μετειληχόσι,
1591 2857 1804 2927 μικροῖς
1851 2855 1985 2926 ὁμοῦ

421 2943 514 2996 καὶ
542 2942 818 3013 μεγάλοις,
855 2945 968 3007 καὶ,
1015 2945 1145 2998 αὑτὸ
1191 2946 1369 3016 μόνον,
1424 2947 1692 3018 λεχθεῖσα,
1724 2947 1989 3019 πρόδηλος

421 3034 757 3106 καθέστηκεν
780 3037 813 3107 ἡ
839 3036 930 3089 τοῦ
966 3035 1115 3103 ξένου
1141 3037 1329 3091 τούτου
1362 3038 1607 3108 θεολόγου
1635 3039 1980 3109 καινοφωνία.

421 3126 511 3179 Διὸ
543 3125 797 3198 βραχέσιν
820 3127 930 3198 (29.)
957 3128 1121 3192 αὑτὸς
1146 3129 1303 3199 μόνον
1337 3129 1818 3202 παρασημειώσεσι
1852 3132 1985 3204 χρή-

420 3232 600 3286 σομαι,
629 3216 803 3289 είρμῷ
827 3217 919 3270 κα).
943 3217 1091 3284 τάξει
1122 3221 1507 3290 σωματοποιῶν
1534 3221 1622 3276 τὸν
1647 3221 1824 3290 λόγον,
1850 3222 1984 3276 ὑπο-

422 3307 820 3379 σημαινόμενός
847 3326 906 3361 τε
931 3308 1061 3361 αὐτὸ
1091 3307 1247 3380 μόνον
1272 3310 1332 3364 τὸ
1358 3311 1664 3384 παράλογον
1691 3312 1798 3365 τῶν
1816 3314 1985 3384 ἐμφε-

423 3398 680 3469 ρομένων.
711 3401 848 3471 Πρὶν
887 3401 932 3454 δ’
979 3401 1072 3454 ἐπὶ
1118 3400 1218 3466 τὰς
1266 3402 1430 3457 αὑτοῦ
1483 3404 1727 3475 χωρῆσαι
1775 3406 1977 3476 φωνάς,

416 3489 726 3558 ἀναγκαίως
743 3495 854 3556 τοῖς
875 3493 1356 3565 ἐντυγχάνουσιτῷ
1379 3495 1471 3549 τοῦ
1494 3495 1681 3564 ἀνδρὸς
1701 3499 1980 3569 συγγράμ-

420 3597 548 3652 ματι
577 3583 1031 3657 συμϐουλεύσαιμ’
1055 3585 1141 3648 ἂν,
1179 3585 1246 3657 (εξ
1281 3585 1338 3638 δὲ
1365 3586 1477 3657 (25)
1535 3587 1768 3656 μάλιστα
1807 3589 1846 3639 Γ
1848 3589 1979 3641 αλα-

415 3671 524 3724 τῶν
545 3666 653 3726 εἶέν
681 3677 866 3738 τινες,)
891 3674 965 3746 μὴ
981 3677 1124 3747 ἀμνη
1135 3679 1312 3747 μονεῖν
1334 3677 1430 3748 τῆς
1457 3677 1606 3740 θείας
1633 3679 1812 3749 φωνῆς
1839 3676 1985 3733 Παύ-

416 3760 509 3815 λου
544 3779 635 3827 τος
673 3765 991 3826 ἀποστόλου,
1024 3768 1082 3831 ὃς
1119 3768 1301 3832 αὑτοῖς
1332 3767 1596 3832 Γαλάταις
1624 3769 1848 3840 γράφων
1880 3787 1985 3824 πα-

417 3845 567 3919 ρῄνει
628 3849 715 3920 μὴ
780 3854 1194 3922 μετατίθεσθαι
1264 3855 1383 3910 ἀπὸ
1445 3855 1551 3911 τοῦ
1614 3856 1985 3926 καλέσαντος

411 3939 636 4009 αὐτοὺς
663 3944 733 3997 ἐν
758 3943 951 4014 χάριτι
979 3946 1236 4015 Χριστοῦ
1262 3951 1348 4014 εὶς
1367 3947 1571 4018 ἕτερον
1593 3949 1981 4021 Εὐαγγέλιον,

411 4238 510 4310 φία
533 4236 963 4310 Christianorum
994 4258 1008 4296 :
1039 4249 1093 4297 et
1123 4241 1265 4298 inter
1297 4257 1410 4309 eos,
1445 4252 1506 4297 ut
1526 4242 1762 4299 Isidorus
1806 4243 1961 4299 Pelu~

409 4309 553 4385 siota
588 4309 845 4385 loquitur,
875 4311 925 4364 οἱ
976 4309 1294 4385 μονάζοντες
1344 4315 1661 4385 κορυφαῖοιη
1699 4313 1962 4385 Describit

411 4380 680 4434 hominem
712 4380 1012 4436 istiusmodi
1058 4381 1319 4437 Nazianz.
1370 4380 1506 4438 orat;
1538 4399 1596 4437 ιιι
1624 4383 1819 4438 Contra
1867 4384 1963 4438 Ju-

410 4447 632 4524 lianunt,
669 4463 790 4520 pag.
815 4450 910 4524 '17,
954 4459 1011 4524 et
1061 4461 1202 4524 orat.
1255 4452 1346 4524 ἓξ,
1379 4469 1501 4524 pag.
1531 4454 1658 4524 479,
1709 4455 1774 4506 ad
1814 4453 1966 4522 cujus

409 4520 670 4573 amussim
717 4521 1014 4592 examinati
1068 4521 1226 4588 hujus
1282 4520 1504 4592 Eusebii
1555 4520 1963 4592 Pancratiastxe,

409 4602 558 4642 mera
576 4586 944 4643 mendicabula
974 4586 1335 4647 invenientur.
1364 4591 1437 4646 M.

481 4658 594 4733 αξ)
622 4656 830 4733 Scripsi
853 4661 1011 4731 ὲπαρ.
1046 4663 1327 4733 ῃιεοίνιιΙε.
1355 4662 1732 4733 ἐπαιρόμενος.

477 4728 589 4804 (16)
615 4728 724 4804 ΔὨς
749 4729 940 4797 μόνον
959 4728 1304 4804 ἐπῶν.Ει-ιιῐ
1346 4733 1398 4804 in
1440 4728 1678 4804 Iliargine
1715 4732 1853 4787 ὅλον.
1902 4733 1965 4787 Ει

409 4798 628 4854 tolerari
675 4811 874 4874 potest,
903 4804 1007 4874 sed
1051 4803 1224 4869 potior
1251 4798 1772 4874 scripturafjtévov,
1811 4814 1865 4856 ut
1893 4805 1964 4857 sit

405 4881 594 4924 sensus
627 4879 734 4942 aut
757 4871 971 4924 unicum
998 4872 1138 4924 istud
1170 4887 1330 4940 opus,
1363 4873 1502 4940 quod
1531 4871 1701 4926 solum
1725 4875 1961 4942 scripsit,

406 4946 484 5010 tot
507 4941 752 5010 versibus
780 4941 1110 5006 constiterit;
1149 4959 1273 4995 nam
1301 4958 1396 5010 pro
1423 4943 1707 5010 ἀνάλογον,
1741 4941 1962 4998 omnino

403 5007 709 5090 legendum,
741 5009 842 5064 loci
876 5013 1190 5076 mutatione,
1216 5007 1497 5081 ἵναλόγον.
1530 5007 1673 5068 Μζ-
1697 5013 1811 5068 Duo
1836 5014 1960 5068 vitia

403 5091 636 5132 οοιτειι.

474 5146 594 5224 (ΙΔἹΑ).
613 5147 974 5224 Α’Υπορῖαλὼν.
998 5149 1151 5224 Lego,
1170 5151 1482 5206 ὑποϐάλλει.
1512 5151 1619 5224 Hoc
1649 5164 1728 5224 est
1758 5153 1959 5224 προῖὼν

403 5215 918 5294 6Mﬂ1551_l“0rle
943 5215 1104 5274 etiam
1139 5222 1237 5290 legi
1263 5224 1459 5291 poterit
1484 5215 1813 5294 προὺκυψενξ
1857 5224 1958 5278 Le-

402 5288 630 5362 gendum
672 5289 821 5358 ἑξῆς.
844 5305 964 5362 una
1000 5305 1155 5362 voce,
1185 5288 1238 5346 et
1263 5288 1642 5362 'una-partic.,
1676 5288 1958 5349 ὑποϐαλών

401 5358 660 5432 dependet
677 5373 716 5432 Δει
748 5360 894 5414 verb.
912 5358 1252 5432 Ῠπροῠκοψεν.

469 5427 788 5498 (18))11έχρι
821 5427 994 5483 τοῦτὸ
1031 5427 1350 5502 aegide-par.
1383 5431 1629 5502 Quinque
1681 5433 1832 5490 libris
1876 5435 1959 5488 in-

400 5497 644 5551 stitutum
675 5516 830 5552 suum
860 5511 1040 5553 contra
1071 5497 1380 5555 Marcellum
1409 5497 1670 5559 Eusebius
1699 5505 1952 5559 absolvit.

401 5570 451 5643 I_n
479 5569 688 5643 duobus
729 5571 874 5643 hisce
901 5571 1190 5643 prioribus,
1212 5575 1278 5642 τῇ
1313 5572 1608 5643 παραθέσει
1633 5573 1742 5628 τῶν
1787 5574 1953 5628 αὑτοῦ

399 5637 656 5712 ῥημάτων
681 5637 962 5712 κέχρηται,
998 5639 1102 5693 hoc
1130 5650 1211 5695 est
1241 5637 1538 5710 q'uod'vult.
1571 5643 1626 5696 lu
1657 5647 1827 5700 tribus
1870 5661 1957 5700 se-

399 5709 680 5774 quentibus
714 5748 730 5773 ,
778 5709 869 5778 qui
949 5709 1319 5765 inscribuntur
1377 5712 1451 5766 De
1491 5714 1748 5784 theologia
1793 5718 1954 5770 eccle-

710 5801 979 5866 ΡΑτιιοι..
1027 5801 1142 5864 Gn.
1191 5802 1421 5864 XXIV.

2095 1845 2415 1908 insectatur,
2452 1845 2697 1899 homines
2723 1846 2866 1899 nulla
2913 1861 3149 1914 unquam
3191 1845 3382 1912 injuria
3432 1845 3531 1913 ipsi
3563 1860 3659 1900 co-

2094 1938 2296 2008 gnitos.
2329 1937 2504 2006 Atque
2547 1937 2673 1990 hinc
2711 1936 2953 2006 profecto
2993 1941 3193 1991 factum
3228 1946 3330 2004 est,
3362 1947 3422 1992 ut
3458 1937 3512 1991 in
3557 1937 3662 1991 im-

2094 2043 2335 2083 mensum
2377 2028 2511 2083 adeo
2546 2027 2688 2082 illius
2712 2029 3015 2083 excreverit
3055 2030 3253 2096 oratio,
3304 2046 3426 2085 cum
3453 2030 3519 2084 ad
3564 2031 3660 2085 de-

2094 2119 2205 2172 cies
2247 2117 2392 2173 mille
2438 2131 2631 2172 versus
2675 2133 2810 2187 opus
2867 2117 2992 2172 illud
3044 2120 3264 2175 unicum
3317 2121 3656 2176 intumuerit.

2093 2206 2233 2274 Quid
2269 2206 2534 2260 miramur
2577 2217 2778 2273 autem,
2809 2209 2853 2262 si
2889 2223 3009 2263 cum
3063 2208 3300 2278 linguam
3337 2209 3472 2263 adeo
3504 2225 3657 2264 suam

2093 2297 2146 2353 in
2194 2307 2414 2352 sanctos
2465 2298 2556 2351 Dei
2610 2299 2918 2354 sacerdotes
2970 2298 3268 2364 exacuerit,
3325 2299 3659 2368 impiumque

2092 2387 2374 2443 audaciam
2412 2403 2588 2453 suam,
2631 2389 2696 2444 ad
2731 2389 2874 2444 hunc
2919 2389 3157 2456 modum,
3215 2389 3368 2459 quasi
3406 2405 3660 2461 progym-

2091 2487 2362 2542 nasmate,
2391 2479 2721 2546 exercuerit,
2767 2480 2903 2532 adeo
2935 2494 3155 2548 gressus
3187 2480 3517 2548 promorterit
3553 2480 3659 2533 im-

2090 2569 2331 2638 pietatis,
2363 2578 2421 2623 ut
2473 2571 2690 2623 tandem
2751 2570 2894 2640 quod
2940 2581 3101 2639 caput
3155 2579 3240 2625 est
3284 2579 3449 2639 atque
3497 2585 3658 2639 apex,

2089 2661 2425 2730 unigenitum
2482 2670 2537 2716 ct
2596 2661 2848 2716 dilectum
2906 2663 2998 2718 Dei
3057 2662 3295 2729 Filium,
3368 2663 3657 2718 illiusmodi

2089 2752 2449 2823 blasphemiis
2492 2754 2604 2808 suis
2655 2752 2970 2822 subiecerit,
3000 2770 3135 2824 quas
3164 2769 3288 2808 mox
3331 2754 3502 2825 ipsius
3529 2770 3656 2809 ver-

2090 2845 2196 2910 bis,
2252 2860 2357 2899 non
2410 2856 2588 2899 autem
2635 2845 2812 2908 meis,
2857 2845 3057 2900 relatas
3111 2845 3339 2900 audietis
3370 2860 3384 2897 ι
3413 2845 3463 2898 id
3511 2845 3656 2900 enim

2093 2939 2262 2992 satius
2299 2952 2422 2992 esse
2448 2937 2651 3008 judico.
2681 2936 2809 3003 Quae
2839 2947 3127 3006 postquam
3158 2936 3276 3006 ipsa
3323 2936 3402 2991 sic
3448 2937 3516 2990 ab
3567 2935 3657 2991 illo

2089 3030 2302 3098 prolata
2352 3031 2442 3084 ubi
2481 3033 2684 3101 scripto
2731 3029 3144 3100 consignavero,
3179 3029 3409 3084 ulterius
3457 3029 3509 3082 in
3555 3028 3658 3084 hoc

2088 3121 2227 3176 libro
2278 3137 2384 3175 non
2442 3121 2777 3190 progrediar,
2824 3121 2890 3175 ad
2939 3121 3027 3175 illa
3073 3120 3362 3176 refellenda
3418 3121 3656 3174 refutan-

2089 3213 2224 3266 dave
2253 3230 2266 3266 :
2302 3213 2394 3267 sed
2426 3226 2528 3266 nec
2553 3228 2686 3282 opus
2709 3223 2792 3266 est
2818 3214 3118 3268 orationem
3161 3213 3495 3268 contexendo
3527 3225 3655 3281 pro~

2087 3305 2305 3372 ducere,
2363 3321 2485 3360 cum
2543 3304 2652 3358 sint
2704 3304 2806 3368 illi,
2860 3319 2995 3373 quos
3037 3304 3297 3361 conviciis
3360 3302 3652 3364 laceravit,

2093 3397 2400 3464 neutiquam
2451 3394 2616 3464 ignoti
2659 3394 2744 3447 vel
2779 3395 3068 3464 ignobiles,
3127 3395 3216 3449 sed
3268 3402 3540 3460 utcunque
3574 3391 3654 3445 si-

2088 3485 2255 3540 lentio
2283 3499 2342 3540 se
2376 3483 2716 3549 contineant,
2753 3485 2993 3537 omnium
3022 3477 3115 3538 ore
3147 3493 3201 3538 et
3235 3497 3484 3538 sermone
3507 3481 3652 3537 cele-

2085 3577 2225 3632 brati
2262 3594 2275 3630 :
2309 3592 2542 3647 cumque
2569 3576 2684 3642 illa,
2715 3590 2877 3644 quam
2919 3577 2970 3630 in
3004 3575 3278 3630 Christum
3315 3575 3406 3630 Dei
3435 3582 3650 3630 eructa-

2081 3669 2178 3732 vit,
2213 3668 2548 3739 blasphemia
2590 3671 2724 3722 adeo
2768 3669 2838 3722 sit
2875 3667 3156 3721 manifesta
3208 3676 3264 3721 et
3296 3667 3348 3720 in
3398 3665 3650 3724 confesso

2079 3768 2281 3834 posita,
2319 3774 2380 3818 ut
2427 3765 2494 3818 ad
2549 3764 2697 3819 illam
2752 3764 3132 3820 revincendam
3174 3763 3446 3817 exactiore
3470 3762 3650 3832 aliqua

2081 3856 2365 3927 diligentia
2415 3872 2522 3911 non
2568 3858 2641 3912 sit
2682 3871 2838 3927 Opus.
2879 3856 3084 3925 Quippe
3125 3855 3218 3922 qui
3255 3853 3489 3908 divinam
3525 3864 3648 3922 gra-

2085 3948 2209 4003 tiam
2250 3949 2304 4005 in
2354 3949 2592 4006 Ecclesia
2632 3949 2970 4015 delibarunt,
3002 3947 3176 4016 parvi,
3221 3944 3450 4009 minimi,
3488 3956 3646 4013 imag-

2072 4243 2306 4366 ἒξαιιὶιία,
2340 4243 2406 4298 ad
2441 4243 2755 4299 ἐναντίωσιν
2791 4242 2967 4296 αυτῶν
2995 4249 3051 4298 et
3082 4239 3393 4312 ἀνατροπὴν
3419 4240 3643 4296 descen-

2108 4325 2166 4366 ιι.

2067 4315 2166 4368 dit.

2139 4382 2252 4454 (19)
2285 4382 2454 4454 Vulgo
2479 4383 2755 4452 ἀγνώτους
2787 4384 2954 4448 τινός.
2985 4381 3125 4454 Dein
3170 4381 3224 4435 in
3271 4393 3412 4434 corr.
3448 4395 3463 4433 :
3497 4379 3640 4450 Lege

2068 4452 2480 4526 πανηγυρίζειν.
2514 4455 2672 4509 Forte
2699 4456 2815 4526 loco
2835 4452 3218 4526 γνωρίζεσθαι.

2140 4519 2252 4598 (21))
2278 4519 2700 4598 ξἎμερ-ήριο-τον.
2733 4519 2859 4579 Hoc
2876 4519 2967 4578 est’
2984 4523 3120 4588 quod
3145 4522 3281 4574 vult.
3329 4519 3460 4598 Cum
3493 4532 3634 4598 non.

2069 4586 2244 4668 [ιιιίΙῷ
2277 4586 2608 4668 hzéresésita
2653 4596 2763 4668 sint
2799 4586 3236 4668 comparatm,_ut
3261 4603 3364 4642 non
3405 4586 3635 4668 nisi‘dif-

2067 4664 2278 4719 ﬁculter
2317 4665 2531 4732 agnosci
2563 4676 2618 4719 et
2663 4664 2989 4730 deprehendi
3024 4661 3254 4732 possint,
3287 4669 3343 4712 et
3379 4661 3472 4732 _v_ix
3515 4665 3634 4732 tan-

2067 4739 2186 4788 dem
2211 4750 2318 4808 _pro
2348 4724 2641 4789 hwresibus
2671 4724 2968 4808 habeantur
2997 4724 3115 4783 z'ait
3141 4729 3286 4808 illam
3314 4743 3343 4781 a
3379 4724 3631 4808 Marcello

2065 4795 2338 4858 cxcul'tam
2364 4812 2416 4858 et
2441 4814 2786 4872 propagatum
2809 4804 2928 4870 ejus
2951 4815 3070 4872 esse
3097 4799 3328 4872 generis,
3357 4806 3413 4848 ut
3445 4795 3524 4849 vel
3562 4795 3628 4847 de

2064 4873 2235 4940 prima
2265 4872 2418 4933 facie,
2443 4870 2671 4928 aur—ibus
2696 4871 3084 4937 audita,oculis
3098 4870 3313 4940 scripto
3349 4873 3628 4934 usurpata,

2062 4938 2162 5010 pro
2183 4944 2394 5005 haeresi,
2419 4943 2688 4996 communi
2716 4942 2990 4996 hominum
3008 4941 3067 5010 in
3095 4938 3332 5010 Ecclesia
3364 4950 3627 5010 consensu

2064 5008 2349 5066 habeatur.
2405 5011 2564 5066 Certe
2621 5012 2706 5066 illa
2759 5027 2917 5081 quam
2970 5009 3221 5063 Marcello
3262 5008 3629 5081 ascripserant

2061 5081 2270 5147 Ariani,
2300 5094 2416 5136 erat
2461 5083 2579 5150 ejus
2621 5077 2869 5152 generis;
2933 5091 2988 5134 at
3017 5091 3223 5152 utrum
3260 5077 3429 5129 illam.
3467 5087 3624 5152 prout

2062 5152 2236 5224 eidem
2270 5152 2342 5207 illi
2368 5148 2736 5223 objectabat”,
2762 5154 2964 5224 foveret
2997 5150 3315 5224 Marcellus,
3342 5148 3629 5224 quamplu-

2061 5222 2218 5276 rimis
2255 5239 2357 5276 non
2393 5213 2570 5278 minus
2616 5225 2666 5277 in
2704 5213 2963 5287 religione
2995 5221 3220 5292 lynceis,
3264 5213 3423 5292 quam
3455 5213 3624 5268 Euse-

2061 5293 2183 5346 bius
2239 5304 2353 5347 erat
2386 5334 2402 5360 ,
2454 5310 2558 5348 non
2594 5294 2784 5362 patuit,
2833 5293 2971 5347 Julio
3015 5287 3579 5363 'ponlilici'_lioniapo
3609 5325 3624 5343 .

2058 5363 2360 5417 Athanasio
2428 5361 2816 5428 Alexandrino,
2864 5363 3288 5434 WilliAhzeresunt
3345 5361 3623 5434 ῥαιστῆρι,

2059 5434 2469 5500 quamplurimis
2499 5435 2618 5487 aliis
2654 5449 2666 5484 :
2704 5425 2931 5487 concilio
2968 5430 3278 5485 Sartliceusi
3314 5425 3422 5484 ιιύιι
3449 5425 3623 5494 lique~

2064 5501 2198 5555 bat:
2235 5502 2286 5554 ni
2321 5501 2602 5558 Marcellus
2627 5504 3025 5559 absolvebatur.
3062 5500 3112 5556 Μ

2130 5570 2241 5639 (ει)
2275 5571 2399 5625 Dele
2427 5572 2505 5627 δέ.

2129 5640 2241 5711 (‘22)
2271 5641 2463 5711 _Scribe
2485 5643 2633 5698 αὑτό.

2129 5648 2220 5711 (22
2274 5648 2463 5696 Scribe
2485 5661 2511 5695 α

2126 5648 2241 5781 (25)
2267 5709 2404 5779 Lege
2426 5713 2511 5784 δή.
