4190 6406
548 312 656 372 ⁷115

1189 273 1193 277 ’
1230 310 1496 368 Ευεειιιι
1534 307 1995 367 οΑεεΑιιιεΝειε
2037 306 2126 364 0p

2227 303 2405 362 PARS
2440 303 2532 362 IV.
2568 336 2638 347 —
2673 305 3093 363 DOGMATICA.

3688 306 3790 363 7h)

547 435 628 499 ni,
670 433 964 488 novitatem
1021 429 1366 497 insolentem,
1414 432 1574 501 hujus
1619 430 1806 500 nuperi
1862 426 2115 497 theologi,

2224 426 2332 482 οὐκ
2358 424 2491 479 ἔστι
2530 426 2641 495 γὰρ
2669 426 2844 490 ἄλλο,
2885 425 2961 489 ὡς
2990 423 3153 488 αὐτός
3187 440 3352 495 φησιν
3372 440 3384 454 ’
3420 425 3474 479 εί
3507 423 3593 494 μή
3633 424 3792 492 τινές

548 521 633 578 vel
648 532 924 592 acceptam
952 520 1138 591 primis
1165 521 1402 587 auribus,
1421 533 1701 590 agnovere.
1732 517 1882 573 Hanc
1902 518 1969 572 ob
1991 532 2120 571 cau-

540 600 664 670 sam
684 612 1022 668 adhibiturus
1050 627 1169 668 sum
1199 611 1554 667 brevissimus
1584 610 1841 680 quasdam
1869 609 2121 678 designa-

551 705 724 762 tiones
755 719 924 769 meas,
959 703 1224 759 orationis
1263 703 1534 773 quoddam
1570 717 1791 770 corpus,
1840 701 2029 755 ordine
2068 707 2123 754 et

551 796 858 852 methodico
931 811 1219 867 progressu
1292 804 1706 851 concatenatum
1762 793 2122 856 constituens,

550 901 658 957 quo
692 901 809 955 quae
855 890 922 940 ab
956 885 1047 939 illo
1087 884 1456 955 proferuntur,
1489 898 1647 952 quam
1698 882 1808 936 sint
1858 880 1927 935 ab
1975 881 2122 935 omni

549 980 760 1034 ratione
794 978 987 1045 aliena,
1031 977 1271 1049 pateﬁat.
1323 975 1522 1032 Verum
1558 985 1845 1045 antequam
1902 975 1954 1028 in
2010 990 2121 1030 me-

551 1072 696 1125 dium
747 1069 862 1138 ejus
898 1071 1060 1125 verba
1105 1070 1402 1141 pr0tulero,
1440 1068 1808 1122 admonendos
1849 1068 1971 1121 illos
1999 1081 2123 1122 esse

550 1178 738 1217 omnes
780 1164 1054 1228 existimo,
1109 1162 1175 1216 ad
1231 1175 1458 1230 quorum
1506 1174 1701 1214 manus
1730 1160 1833 1214 hoc
1882 1174 2123 1228 praesens

551 1253 724 1321 ipsius
755 1253 1016 1322 scriptum
1064 1250 1389 1320 pervenerit,
1414 1265 1479 1305 eo
1509 1249 1681 1320 magis
1726 1251 1769 1305 si
1796 1248 1904 1304 sint
1930 1250 1997 1303 de
2022 1247 2125 1304 Ga-

550 1345 679 1399 latia
707 1345 947 1410 oriundi,
985 1348 1043 1407 »Β
1080 1358 1146 1397 ne
1175 1343 1343 1397 velint
1374 1343 1567 1396 divinae
1594 1341 1738 1395 beati
1776 1338 1928 1396 Pauli
1969 1342 2123 1398 vocis

525 1452 790 1511 ‘unquam
834 1435 1100 1498 oblivisci,
1137 1449 1241 1503 qua
1291 1432 1509 1488 Galatas
1538 1433 1682 1497 ipsos
1707 1433 2120 1501 adhortabatur,

550 1544 620 1582 ne
650 1530 717 1582 ab
759 1541 823 1581 eo
858 1527 948 1596 qui
983 1526 1035 1579 in
1067 1522 1267 1578 Christi
1317 1523 1544 1593 gratiam
1595 1524 1809 1578 vocavit
1863 1524 2023 1595 ipsos,
2053 1524 2123 1577 ad

551 1619 701 1672 aliud
734 1616 1078 1687 Evangelium
1119 1614 1537 1698 transferantur,
1588 1633 1706 1671 cum
1749 1632 1946 1683 revera,
1981 1616 2123 1686 quod

550 1710 706 1762 docet
734 1709 826 1772 ibi,
861 1722 963 1760 non
1008 1708 1074 1759 sit
1126 1707 1272 1760 aliud
1316 1706 1481 1760 ullum
1510 1707 1857 1777 evangelium,
1889 1706 2003 1770 sed,
2031 1707 2121 1776 qui

2225 519 2382 571 εἰσιν
2407 520 2461 571 οἱ
2500 515 2914 585 ταράσσοντες
2941 514 3183 580 αὐτοὺς,
3224 513 3325 568 καί
3373 513 3653 582 θέλοντες
3693 532 3788 585 μευ

2222 607 2549 677 ταστρέψαι
2584 608 2649 662 τὸ
2680 607 3052 680 Εὑαγγέλιον
3080 605 3187 661 τοῦ
3224 607 3502 675 Χριστοῦ.
3541 606 3799 679 Κὰκείνῳ

2223 698 2278 752 δὲ
2317 698 2631 766 ἀναγκαίως
2666 699 2954 768 προσέχειν
2978 698 3071 751 τὸν
3099 697 3242 765 νοῦν,
3272 698 3341 751 δι’
3362 691 3423 752 οῦ
3453 697 3549 752 καὶ
3601 698 3798 753 ἑαυτοῦ

2224 789 2632 860 καθαπτόμενος
2663 790 2692 841 ό
2723 790 2975 853 τοσοῦτος
3009 789 3346 853 Ἀπόστολος,
3380 791 3461 853 είς
3484 788 3799 861 δυσώπησιν

2222 880 2330 934 τῶν
2364 879 2707 952 διαστρέφειν
2736 881 2862 944 τοὺς
2905 880 3107 953 ἄνδρας
3141 879 3518 952 πειρωμένων,
3548 879 3798 952 προσετί-
3847 918 3859 957 ιη

2225 973 2305 1026 θει
2345 971 2548 1041 λέγων·
2597 970 2781 1025 Ἀλλὰ
2813 969 2929 1025 κᾶν
2984 972 3175 1041 ἡμεῖς,
3204 972 3257 1044 ἧς
3283 971 3538 1042 ἄγγελος
3575 971 3648 1037 ἐξ
3693 973 3798 1027 οὐ-
3858 962 3871 978 ³

2215 1063 2409 1132 ρανοῦ
2453 1062 2595 1132 ὑμῖν
2643 1064 3128 1134 εὐαγγελίσηται,
3160 1065 3296 1132 παρ’
3339 1063 3371 1117 ὃ
3408 1064 3798 1134 εὐηγγελισάρ

2219 1159 2369 1227 μεθα
2389 1155 2551 1226 ὑμῖν,
2579 1154 2841 1225 ἀνάθεμα
2874 1155 3009 1227 (23*)
3034 1156 3209 1210 ἔστω.
3241 1157 3306 1209 Ὃ
3338 1154 3402 1227 δὴ
3442 1155 3800 1211 ἐπαναλαᾶὶη

2222 1247 2464 1319 δευτεροῖ
2486 1245 2742 1316 φάσκων·
2790 1246 2883 1312 Ὠς
2930 1245 3386 1316 προειρήκαμεν,
3419 1246 3519 1301 καὶ
3538 1247 3667 1317 ἇρτι
3689 1248 3799 1302 πάι

2221 1342 2321 1393 λιν
2349 1338 2524 1410 λέγω,
2546 1339 2712 1405 εἴτις
2737 1337 2891 1408 ὑμᾶς
2909 1339 3388 1409 εὐαγγελίσηται,
3419 1340 3554 1409 παρ’
3584 1340 3617 1395 ὃ
3653 1355 3800 1411 παρα

2221 1430 2479 1495 ελάϐετε,
2508 1430 2775 1500 ἀνάθεμα
2799 1429 3045 1485 ﬁdem.“
3071 1431 3129 1484 δὲ
3164 1425 3232 1502 ἦν
3254 1430 3429 1495 τοῦτο,
3472 1432 3601 1504 παρ’
3630 1433 3660 1486 ὃ
3685 1433 3798 1503 (24)

2223 1524 2321 1577 οὐκ
2371 1519 2439 1595 ἦν
2486 1523 2798 1593 εὐαγγέλιον
2860 1522 3011 1595 [ἄλλο
3037 1523 3558 1597 εὐαγγελίσασθαι];
3601 1523 3672 1579 Ἦ
3695 1542 3800 1581 που

2225 1617 2441 1680 πάντως
2492 1615 2625 1669 αὐτὸ
2670 1617 2862 1681 ἐκεῖνο,
2893 1615 2922 1669 δ
2948 1615 3061 1686 (25)
3095 1615 3160 1688 δὴ
3202 1618 3315 1681 τοῖς
3363 1616 3531 1671 αὐτοῦ
3574 1618 3800 1690 παραδι-

2223 1708 2346 1772 δοὺς
2412 1706 2681 1778 μαθηταῖς
2734 1710 2762 1762 ὁ
2826 1706 3017 1779 Σωτὴρ
3061 1707 3478 1780 ἀναγέγραπται
3532 1709 3799 1782 εἰρηκώς·

552 1801 858 1854 conturbent
888 1797 1030 1863 illos,
1059 1800 1331 1862 exsistant,
1359 1809 1405 1851 et
1440 1798 1531 1867 qui
1583 1796 1867 1867 transferre
1906 1798 2118 1865 cupiant

2224 1799 2615 1868 Πορευθέντες
2647 1800 3059 1869 μαθητεύσατε
3117 1799 3314 1854 πάντα
3355 1802 3429 1856 τὰ
3473 1801 3639 1871 ἔθνη,
3680 1803 3801 1868 ,ϐαι

552 1888 749 1943 Christi
787 1888 1129 1959 Evangelium
1159 1890 1196 1941 ι.
1225 1888 1355 1942 illud
1385 1895 1562 1942 autem
1592 1887 1645 1941 in
1678 1886 1867 1956 primis
1896 1897 1952 1941 et
1985 1896 2114 1942 ante

550 1983 731 2035 omnia
780 1983 1164 2037 attendendum
1202 1981 1398 2045 fuerat,
1429 1982 1573 2049 quod
1620 1994 1720 2035 nec
1752 1980 1853 2036 sibi
1904 1982 2122 2051 quidem

552 2075 856 2146 pepercerit
915 2075 1004 2129 ille
1044 2083 1226 2128 tantus
1267 2073 1578 2143 Apostolus,
1611 2073 1704 2129 sed
1748 2075 1817 2128 ad
1851 2074 1968 2129 illos
2001 2089 2120 2144 per-

550 2167 845 2224 movendos
876 2178 931 2221 et
979 2166 1404 2231 convincendos,
1439 2166 1532 2237 qui
1580 2164 1803 2221 Galatas
1831 2166 2126 2220 conturba-

551 2260 702 2322 bant,
754 2257 1011 2330 adjecerit
1039 2274 1052 2308 :
1080 2257 1305 2312 Etiamsi
1352 2258 1430 2311 vel
1462 2273 1556 2310 nos
1598 2254 1676 2309 vel
1707 2256 1770 2309 de
1829 2255 1957 2309 ctulo
1985 2256 2126 2309 vobis

552 2348 772 2419 angelus
806 2347 958 2400 aliud
1009 2346 1285 2401 annuntiet
1344 2346 1710 2416 Euangelium,
1764 2355 1954 2414 pneter
1992 2345 2127 2399 illud

549 2440 689 2509 quod
706 2439 824 2508 jam
850 2437 1274 2508 praedicavimus,
1320 2438 1604 2492 anathema
1652 2436 1717 2491 sit
1738 2440 1783 2493 '.
1818 2436 1929 2491 Nec
1959 2436 2127 2493 semel

552 2532 797 2601 posuisse
843 2539 1151 2594 contentus,
1185 2529 1433 2600 reponit,
1470 2528 1624 2595 Quod
1641 2531 1759 2599 jam
1805 2530 1951 2597 prius
1995 2529 2125 2593 dixi,

552 2634 600 2678 et
634 2627 822 2679 iterum
851 2625 1123 2685 denuntio,
1159 2623 1202 2677 si
1236 2624 1351 2693 quis
1394 2622 1537 2677 uobis
1568 2621 1903 2691 evangelizet,
1938 2632 2130 2690 prater

552 2721 606 2773 id
633 2722 771 2786 quod
798 2716 1095 2785 accepistis,
1125 2716 1408 2769 anathema
1436 2714 1501 2769 sit
1523 2714 1564 2767 ⁸.
1588 2712 1722 2767 lllud
1748 2721 1927 2768 autem
1954 2714 2129 2768 Evan-

551 2810 751 2882 gelium
803 2811 1077 2879 quodnam
1110 2808 1213 2861 fuit
1267 2806 1410 2877 quod
1452 2813 1801 2876 acceperant,
1842 2814 1897 2860 et
1933 2814 2131 2875 praeter

550 2903 697 2973 quod
726 2917 832 2956 non
875 2910 991 2956 erat
1017 2900 1161 2955 aliud
1197 2898 1631 2954 annuutiandum
1652 2898 1679 2952 ’ἶ
1706 2896 1969 2967 Equidem
1999 2895 2132 2952 illud

551 2996 726 3063 ipsum
775 2993 920 3062 quod
956 2991 1239 3063 discipulis
1270 2990 1385 3045 suis
1417 2990 1676 3045 Dominus
1727 2988 2018 3045 tradidisse
2050 2988 2131 3044 di-

553 3087 717 3149 citur,
773 3085 861 3140 ubi
896 3084 971 3139 ait
999 3102 1014 3139 ι
1055 3082 1290 3152 Profecti
1323 3081 1499 3137 docete
1524 3097 1700 3135 omnes
1746 3092 1942 3153 gentes,
1971 3080 2135 3151 bapti-

552 3184 732 3229 zantes
763 3190 852 3228 eos
914 3174 969 3227 in
1002 3171 1211 3227 nomine
1259 3168 1462 3235 Patris,
1504 3180 1551 3225 et
1606 3167 1759 3234 Filii,
1806 3178 1855 3225 et
1901 3167 2132 3239 Spiritus

552 3266 719 3319 sancti
740 3263 781 3317 ⁸.
814 3262 980 3319 Nobis
1011 3262 1201 3332 utique
1234 3263 1374 3318 hanc
1403 3262 1636 3333 gratiam
1676 3263 1728 3319 in
1759 3266 2133 3334 cognoscenda

551 3366 902 3413 sacrosancta
938 3355 1208 3411 Trinitate
1240 3356 1395 3410 solus
1446 3355 1535 3412 ille
1590 3355 1722 3412 solis
1775 3354 2033 3427 patefecit
2078 3357 2131 3411 in

553 3452 647 3507 illa
674 3461 857 3507 nostra
889 3451 1114 3522 mystica
1144 3451 1588 3523 regeneratione,
1619 3464 1742 3506 cum
1770 3465 1871 3505 nec
1896 3449 2130 3521 Moyses,

554 3555 655 3598 nec
706 3542 996 3613 quisquam
1053 3541 1181 3597 olim
1247 3540 1659 3613 prophetarum,
1710 3542 1879 3612 priori
1932 3540 2132 3612 populo

552 3633 715 3705 hujus
749 3633 1023 3689 exstiterit
1065 3633 1403 3689 administer.
1436 3633 1518 3688 Ad
1568 3632 1660 3687 Dei
1689 3632 1889 3703 quippe
1929 3631 2126 3686 Filium

553 3738 719 3796 atque
765 3725 913 3780 illum
953 3726 1128 3781 solum
1182 3726 1514 3796 pertinebat,
1571 3725 1709 3779 hanc
1759 3740 1790 3779 a
1831 3722 1994 3778 Patre
2031 3738 2129 3778 suo

553 3817 783 3890 gratiam
813 3816 1121 3873 hominibus
1163 3817 1430 3872 universis
1474 3818 1851 3871 annuntiatam
1888 3830 2130 3870 commu-

552 3911 737 3966 nicare
765 3924 780 3965 :
816 3924 939 3965 cum
967 3909 1050 3964 lex
1071 3925 1162 3980 per
1195 3902 1433 3981 Moysem
1458 3909 1583 3964 data
1618 3909 1799 3978 fuerit,
1820 3910 1996 3981 gratia
2030 3925 2127 3962 au-

555 4013 657 4056 tem
694 4009 745 4055 et
791 4002 980 4055 veritas
1032 4017 1125 4070 per
1172 3999 1356 4056 Iesum
1410 4000 1674 4056 Christum
1695 4001 1737 4065 ',
1771 4015 2003 4072 eumque
2040 4014 2128 4054 so-

554 4092 697 4156 lum,
750 4099 934 4162 utpote
984 4089 1185 4147 Filium
1237 4092 1598 4164 unigenitum.
1651 4091 1959 4159 Quocirca,
2024 4105 2129 4146 nec

628 4290 695 4356 >3
716 4285 818 4341 Ed.
851 4284 1053 4356 Paris.,
1083 4299 1206 4356 pag.
1237 4285 1293 4340 ὅ.

628 4340 854 4422 Γεειζι,
879 4355 933 4421 6,
969 4340 1051 4411 7."
1084 4340 1101 4356 '
1128 4340 1313 4413 "ibid.
1340 4355 1394 4413 8.
1506 4357 1525 4387 ³
1557 4355 1689 4412 ibid.
1725 4356 1779 4413 9.

520 4667 524 4671 -
623 4625 893 4698 (25‘)31_t|p-
920 4627 1097 4698 Eam

644 4696 871 4767 24)'Mp.
914 4696 988 4751 ίσ.
1024 4697 1106 4750 ὅτι
1144 4698 1264 4762 οὐκ,
1319 4696 1481 4752 verba
1522 4697 1648 4752 ἄλλο
1670 4698 2126 4768 εὐαγγελίσασθαι

553 4768 817 4839 glossema
847 4768 1083 4839 sapiunt.

627 4837 739 4909 (25)
775 4836 940 4909 V'nlgo
967 4838 1045 4891 δέ.

964 4839 1176 4980 ﬁeri)”
1198 4909 1294 4962 διὰ
1316 4979 1319 4980 ν
1340 4907 1449 4977 τῆς
1475 4909 1799 4979 μυστικῆς.
1822 4907 1950 4980 ‘Hoc
1971 4910 2084 4964 vult
2110 4925 2120 4959 :

552 4976 679 5033 ante
719 4976 1144 5046 συγκατάϐασιν
1192 4990 1248 5032 ct
1292 4976 1440 5033 illam
1478 4976 1541 5034 in
1593 4976 1765 5035 carne,
1816 4976 2122 5035 Servatoris

552 5048 723 5102 nostri
737 5048 1199 5120 οἰκονομίαν,ριιε
1218 5050 1408 5104 invenit
1426 5063 1631 5104 omnem
1658 5049 1794 5120 uiam
1808 5049 2121 5120 disciplinae,

549 5131 595 5171 et
625 5118 841 5188 tradidit
864 5118 1016 5172 illum
1056 5119 1221 5174 Jacob
1265 5135 1425 5188 puero
1476 5135 1591 5181 suo,
1621 5127 1669 5172 et
1720 5118 1891 5172 Israel
1932 5118 2122 5175 dilecto

549 5204 668 5249 suo,
702 5187 1029 5260 doctrinam
1061 5189 1229 5260 illam,
1266 5187 1334 5242 in
1390 5188 1628 5260 Ecclesia
1686 5187 1991 5260 §_ta66n'co_v,
2053 5189 2119 5244 de

550 5268 899 5312 sacrosancta
932 5258 1230 5328 fl‘rinitate,
1287 5274 1549 5328 nusquam
1596 5259 1650 5328 in
1685 5257 1874 5313 Veteri
1920 5257 2118 5314 Testa-~

550 5337 754 5408 ruente,
776 5342 870 5396 per
898 5326 1133 5408 illoysetn
1149 5339 1242 5408 aut
1264 5326 1892 5408 prophetasdugaaorurn
1924 5330 2119 5408 popqu

550 5397 864 5465 revelatam.
898 5397 1063 5465 Cujus
1095 5397 1524 5455 rationem—libro
1551 5414 1612 5453 Ill
1644 5400 1717 5453 De
1744 5397 2116 5454 ecclesitheol.

515 5508 521 5521 ε
550 5468 625 5520 ait
653 5464 822 5540 fuisse
852 5464 1031 5538 populi
1054 5466 1219 5540 illius,
1251 5484 1413 5540 quem
1457 5470 1809 5524 erudiendum
1863 5485 2117 5540 suscepe-

550 5546 653 5610 rat,
683 5538 940 5610 traditum
963 5539 1091 5602 sibi.
1116 5554 1146 5593 a
1176 5538 1286 5595 Deo
1314 5541 1369 5594 in
1397 5540 1738 5610 disciplinam
1768 5540 2001 5610 Moyses,
2023 5538 2111 5610 ad

549 5598 908 5682 i_dutolatriarn
960 5598 1278 5682 ἐπιρρεπές,
1328 5620 1379 5665 et
1415 5598 1617 5682 βίονξιιι
1674 5598 1908 5682 appellat
1963 5598 2016 5665 in
2062 5608 2113 5665 α’

2224 5607 2269 5682 i_n
2296 5598 2476 5682 libello
2507 5605 2581 5682 lle
2624 5607 2716 5659 im.
2758 5620 2808 5682 et
2850 5598 3153 5682 ιιριιὶίξίυεὶΔ
3190 5625 3208 5662 :

545 5674 785 5743 ἁποδειξ.
816 5674 1195 5750 αἱγυπτιάκόν.
1237 5674 1425 5745 Certe,
1448 5682 1499 5735 in
1535 5674 1723 5736 Veteri
1746 5674 2112 5736 'Testamento

2224 5676 2454 5750 fiesfies
2478 5675 2636 5750 φύσις
2667 5682 2728 5729 τὸ
2747 5676 2846 5748 τῆς
2862 5678 3104 5750 Initio:
3139 5678 3352 5747 ἐπέγνω
3389 5674 3529 5750 and?

544 5763 814 5820 nusquam
845 5753 1113 5821 reperitur
1160 5751 1412 5822 explicita
1467 5760 1521 5806 et
1564 5750 1816 5808 distincta
1870 5751 2109 5807 mvsterii

2223 1890 2524 1958 πτίζοντες
2570 1890 2790 1958 αὐτοὺς
2824 1892 2912 1958 είς
2955 1890 3023 1945 τὸ
3053 1891 3240 1962 ὄνομα
3266 1892 3373 1947 τοῦ
3420 1892 3674 1962 Πατρός,
3707 1893 3803 1949 καί

2222 1980 2330 2034 τοῦ
2365 1980 2520 2046 Υίοῦ,
2552 1980 2652 2059 καὶ
2682 1980 2788 2035 τοῦ
2823 1981 2996 2051 ἁγίου
3028 1983 3392 2052 Πνεύματος.
3433 1982 3650 2056 Ταύτην
3698 1985 3803 2056 γάρ

2225 2074 2355 2144 ἡμῖν
2386 2072 2484 2145 τὴν
2517 2073 2674 2145 χάριν
2690 2072 2791 2143 τῆς
2824 2071 3077 2143 γνώσεως
3115 2074 3215 2145 τῆς
3247 2075 3408 2145 ἁγίας
3435 2076 3664 2148 Τριάδος
3692 2076 3802 2147 (26)

2230 2166 2388 2237 μόνος
2409 2167 2570 2230 αὐτὸς
2595 2166 2682 2220 διὰ
2714 2166 2816 2238 τῆς
2864 2167 3129 2239 μυστικῆς
3165 2168 3461 2241 δεδώρηται
3509 2171 3805 2242 ἀναγεννή·

2229 2276 2384 2324 σεως,
2416 2257 2538 2313 οὔτε
2564 2259 2841 2324 Μωῦσέως
2882 2260 3005 2315 οὔτε
3049 2261 3343 2334 προφητῶν
3380 2279 3524 2327 τινος
3548 2262 3627 2334 τῷ
3674 2279 3805 2334 προι

2226 2349 2369 2422 τέρῳ
2394 2350 2509 2422 λαῷ
2531 2350 2733 2424 ταύτην
2762 2352 3426 2427 διακονησαμένου.Μόνῳ
3453 2353 3563 2427 γὰρ
3597 2355 3802 2428 ἔπρεπε

2226 2443 2304 2513 τῷ
2318 2442 2435 2513 Υίῷ
2464 2442 2557 2496 τοῦ
2604 2442 2739 2496 Θεοῦ
2785 2442 2884 2515 τὴν
2927 2443 3198 2517 πατρικὴν
3253 2445 3455 2499 ἅπασιν
3500 2446 3802 2519 ἀνθρώποις

2228 2533 2680 2602 εὐαγγελίσασθαι
2703 2534 2893 2605 χάριν
2927 2535 3221 2608 ἐπειδήπερ
3241 2538 3275 2590 ὁ
3302 2537 3486 2605 νόμος
3515 2536 3614 2591 διὰ
3634 2541 3804 2592 Mati)-

2229 2624 2385 2691 σέως
2416 2625 2615 2693 ἐδόθη,
2649 2623 2748 2679 διὰ
2791 2624 2861 2678 δὲ
2884 2626 3076 2696 μόνου
3107 2625 3301 2694 Ἰησοῦ
3351 2627 3458 2681 τοῦ
3519 2625 3803 2696 Χριστοῦ,

2229 2717 2306 2782 ὡς
2333 2717 2421 2772 διὰ
2451 2717 2769 2790 μονογενοῦς
2818 2718 2972 2783 Υἱοῦ,
3016 2720 3054 2788 ἡ
3107 2717 3278 2788 χάρις
3319 2717 3420 2773 καὶ
3466 2721 3504 2788 ή
3556 2720 3804 2787 ἀλήθεια

2228 2809 2486 2880 ἐγένετο.
2513 2809 2705 2864 Ἔνθεν
2728 2810 2951 2874 εἰκότως
2983 2813 3011 2864 ὁ
3062 2810 3158 2882 μὲν
3186 2810 3561 2883 παιδαγωγοῦ
3585 2813 3804 2880 τρόπον

2230 2898 2640 2971 νηπιάζοντιτῷ
2671 2900 2921 2972 προτέρῳ
2945 2900 3061 2972 λαῷ
3097 2904 3334 2973 στοιχεῖα
3356 2902 3456 2973 τῆς
3497 2902 3673 2976 ἀρχῆς
3699 2903 3804 2958 τῶν

2229 2990 2324 3045 τοῦ
2357 2990 2493 3045 Θεοῦ
2521 2992 2805 3063 παρεδίδου
2835 2991 3051 3063 λογίων,
3101 2992 3362 3046 πολυθέου
3390 2993 3488 3066 μὲν
3530 2994 3804 3067 άπείργων

2235 3082 2465 3155 πλάνης,
2486 3083 2619 3138 Θεὸν
2667 3084 2724 3137 δέ
2769 3083 3058 3157 κηρύττων
3103 3084 3199 3138 ἕνα
3245 3085 3403 3156 μόνον
3427 3085 3623 3140 ειδέναι
3642 3103 3655 3117 ο
3686 3089 3719 3159 ή
3748 3088 3804 3141 δὲ

2236 3176 2501 3248 σωτήριος
2554 3175 2714 3248 χάρις
2758 3176 3128 3250 ὑπερκόσμιόν
3168 3194 3288 3230 τινα
3359 3178 3454 3231 καὶ
3512 3178 3806 3250 ἀγγελικὴν

2233 3269 2365 3340 ἡμῖν
2397 3268 2709 3341 παρέχουσα
2747 3268 2967 3338 γνῶσιν,
3012 3268 3074 3322 τὸ
3100 3269 3265 3323 πάλαι
3321 3269 3398 3341 τῷ
3420 3271 3671 3344 προτέρῳ
3697 3270 3806 3343 λαῷ

2235 3359 2592 3431 σεσιγημένον
2630 3361 2929 3432 μυστήριον
2958 3361 3258 3431 ἀναφανδὸν
3301 3359 3683 3428 ὲξεκάλυπτεν,
3714 3363 3793 3417 αὐ·

2230 3455 2323 3507 τὸν
2338 3454 2429 3507 τὸν
2454 3454 2712 3508 ἐπέκεινα
2744 3453 2852 3508 τῶν
2900 3453 3037 3508 ὅλων
3065 3454 3217 3520 Θεὸν,
3250 3455 3340 3509 τὸν
3384 3459 3495 3521 τοῖς
3528 3455 3691 3511 πάλαι
3712 3458 3806 3513 ἅν-

2231 3544 2468 3618 θρώποις
2516 3545 2877 3618 ἐγνωσμένον,
2919 3546 3050 3600 Θεὸν
3091 3546 3208 3618 ἅμα
3268 3548 3359 3601 καὶ
3406 3548 3624 3620 Πατέρα
3668 3543 3805 3604 εἶναι

2232 3635 2325 3689 τοῦ
2369 3635 2499 3689 Υἱοῦ
2559 3636 2651 3690 τοῦ
2704 3636 3025 3708 μονογενοῦς
3067 3636 3431 3709 κηρύττουσι,
3477 3639 3576 3710 τήν
3612 3655 3672 3692 τε
3713 3638 3805 3692 τοῦ

2234 3726 2389 3796 ἁγίου
2422 3724 2739 3798 Πνεύματος
2768 3726 2858 3780 διὰ
2887 3727 2981 3782 τοῦ
3014 3727 3142 3781 Υἱοῦ
3190 3731 3303 3790 τοῖς
3349 3728 3521 3793 ἀξίοις
3553 3731 3805 3800 ἐπιχορη-

2232 3816 2401 3886 γοῦσα
2425 3815 2670 3888 δύναμιν.
2702 3816 2836 3888 (26*)
2858 3816 3016 3889 Αὐτῷ
3049 3834 3166 3882 πως
3194 3817 3293 3890 τὴν
3320 3818 3479 3887 ἁγίαν
3508 3818 3603 3873 καὶ
3632 3835 3805 3889 μακα-

2237 3910 2356 3982 ρίαν
2387 3911 2481 3963 ttat
2517 3911 2780 3983 μυστικὴν
2796 3910 3003 3983 Τριάδα
3029 3910 3243 3982 Πατρὺς
3264 3911 3357 3964 καὶ
3374 3908 3504 3963 Υίοῦ
3536 3909 3631 3964 καὶ
3654 3908 3807 3979 ἁγίου

2233 4002 2549 4073 Πνεύματος
2578 4005 2658 4067 εἰς
2698 4004 2964 4074 σωτήριον
2999 4002 3187 4055 ἐλπίδα
3213 3999 3303 4056 διὰ
3334 4001 3430 4073 τῆς
3477 4002 3535 4054 ἐν
3589 3999 3806 4073 Χριστῷ

2234 4093 2645 4165 ἀναγεννήσεως
2695 4095 2728 4164 ἡ
2761 4093 2857 4147 τοῦ
2900 4093 3036 4147 Θεοῦ
3084 4092 3377 4164 Ἐκκλησία
3417 4091 3808 4166 παραλαϐοῦσα

1882 4358 1904 4389 ⁸
1935 4357 2325 4422 Mattb.xxvnt,
2360 4357 2448 4412 l9.
2524 4357 2546 4389 '
2575 4355 2732 4412 Joan.
2776 4358 2929 4421 ι,17.

2162 4632 2208 4687 Ι)
2238 4626 2395 4700 i_stius
2419 4629 2651 4700 mentio;
2700 4626 2794 4681 sed
2824 4626 3251 4698 αίνιγματώδης,
3274 4636 3327 4700 et
3358 4629 3806 4700 ἐγκεκρυμμένη.

2238 4697 2367 4751 Erat
2386 4695 2747 4769 enint__adhuc
2780 4695 2989 4769 tempus
3026 4695 3547 4769 καταπετάσματος,
3570 4695 3806 4753 nondum

2235 4768 2429 4821 remoti
2463 4765 2588 4834 veli,
2612 4776 2667 4821 et
2684 4766 3105 4836 ἀποκαλύψεως.
3130 4768 3309 4823 Citant
3339 4765 3390 4823 i'u
3416 4770 3606 4836 primis
3632 4770 3805 4822 ortho-

2236 4838 2361 4908 doxi
2393 4837 2600 4901 Patres,
2638 4837 2767 4892 illud
2823 4838 2875 4891 iu
2928 4839 3193 4908 principio
3241 4838 3468 4894 Genesis
3517 4836 3806 4908 [faciamus

2235 4906 2518 4980 hominem,
2561 4916 2689 4980 etc.,
2751 4908 2817 4980 de
2865 4906 2969 4977 qua
3030 4906 3490 4980 pﬁCELMBasiltus
3525 4907 3806 4980 Seleuciae.

2235 4976 2689 5066 Ξῗξνὲφθςιῆείνυξ
2713 4976 3093 5066 cummi
3122 4978 3323 5047 γνῶσις
3336 4980 3403 5066 “si
3438 4978 3633 5066 sunt
3652 4995 3679 5066 ﬁ
3706 4979 3807 5066 re“

2232 5046 2306 5119 μὴ
2336 5045 2625 5121 ξενιξέσθω
2657 5042 3030 5121 διδασκομένη
3068 5042 3318 5121 ῦσῇςρον,
3340 5042 3415 5103 ὧν
3454 5051 3513 5103 ἐν
3550 5051 3617 5120 τῇ
3654 5052 3796 5121 ποιή-

2232 5066 2306 5119 μη
2336 5066 2625 5111 ςενιςεσσω
2657 5066 2980 5119 οιοασκομεν
3068 5066 3309 5121 υστερον,
3340 5066 3415 5103 ων
3454 5066 3513 5103 εν
3550 5066 3617 5120 τῃ
3654 5066 3796 5121 ποιη-

2230 5134 2312 5203 σει
2341 5117 2439 5189 τὴν
2474 5119 2701 5203 invitsng
2720 5116 2956 5197 ἐδέξατο.
2984 5066 3120 5173 ᾎῑαε
3139 5118 3527 5203 Tertullianum
3558 5122 3805 5203 adverrsus

2230 5186 2519 5258 [’raxéam.
2550 5186 2901 5258 Epiphanius
2921 5204 3030 5242 rem
3058 5204 3153 5256 per
3177 5190 3377 5258 gradus
3402 5189 3642 5243 deducit.
3683 5186 3804 5242 Una

2227 5255 2437 5321 Deitas,
2480 5258 2748 5326 inquiens,
2783 5274 2816 5308 a
2851 5256 3032 5326 Moyse
3060 5255 3336 5327 ’prw'ct'pue
3376 5260 3696 5311 annuntiata
3728 5274 3805 5311 est

2228 5342 2573 5397 personarum
2599 5327 2855 5390 dualitas,
2885 5332 3207 5382 uehementer
3231 5348 3263 5383 ιι
3304 5328 3566 5397 prophetis
3606 5330 3803 5395 prwdi-

2221 5395 2362 5467 cata,
2394 5395 2631 5467 Trinitas
2652 5411 2769 5467 uero
2795 5412 3162 5467 personarum,
3221 5395 3503 5467 manifesta
3539 5397 3685 5467 facta
3730 5408 3803 5452 est

2218 5467 2273 5520 in
2305 5465 2620 5535 Euangeliis.
2656 5462 2781 5520 Haec
2812 5466 2900 5520 ille
2932 5468 2983 5520 iu
3032 5471 3324 5533 Ancorato,
3368 5462 3518 5522 unde
3539 5462 3803 5521 'doctiss‘t-

2220 5552 2339 5608 tuus
2394 5535 2669 5608 Nyssettus
2724 5550 2905 5597 vocat,
2942 5540 3309 5608 cognitionem
3346 5537 3489 5591 κατὰ
3531 5537 3803 5608 πρόϐασιν

3271 5608 3426 5661 Κατὰ
3449 5608 3751 5679 πρόϐασιν,

3511 5680 3708 5802 τίέριον.
3736 5677 3802 5729 Μ.

3511 5748 3539 5802 ό
3577 5764 3635 5802 εν
3662 5763 3801 5802 πως.

2285 5746 2423 5817 (26‘)
2466 5746 2633 5801 Αὺτώ
2664 5746 2811 5801 πων.
2859 5746 3021 5804 Forte
3066 5746 3635 5818 Ιεεειιιιυιῐι,ἀὺτόθεν
3662 5763 3801 5812 πως,

3460 5878 3467 5886 ι
