4190 6406
567 355 666 410 719

1197 347 1458 406 EUSEBH
1501 345 1976 404 CZESARIENSIS
2016 346 2166 401 OPP.
2207 343 2388 400 PARS
2409 341 2516 398 Ἰν.
2551 373 2620 382 -—
2659 341 3088 400 DOGMATICA.

3709 307 3813 400 τεο

565 474 700 530 uitio
728 473 796 529 de
827 471 966 528 Filio
1013 469 1134 534 Dei,
1163 469 1324 540 longe
1359 469 1611 538 quiddam
1677 469 1850 536 majus
1895 477 1948 522 et
2000 481 2132 536 prae.

2244 465 2309 520 ἔτ’
2335 466 2400 519 ἂν
2433 465 2835 536 ὁμολογήσειεν,
2879 464 3190 536 ἐρωτηθείς.
3221 465 3283 518 Εἰ
3331 464 3388 518 δὲ
3433 465 3507 537 μὴ
3537 466 3814 532 Ἰουδαῖος,

567 565 804 620 stantius
830 561 1093 622 exhibuit,
1123 575 1229 630 qua
1258 561 1552 614 edocemur
1579 557 1726 612 illum
1766 559 1936 628 ipsum
1969 557 2136 611 Deum

567 657 784 712 Patrem
813 663 1030 710 exstare
1081 652 1342 722 unigeniti
1370 650 1514 716 Filii,
1541 651 1630 719 qui
1664 649 1943 704 verissime
1971 647 2140 704 Filius

571 750 666 811 sit,
693 748 850 800 vivus
881 745 1108 800 exsistat
1153 753 1209 797 et
1264 742 1584 798 subsistens.
1628 741 1758 795 Nam
1793 741 2140 810 quemadmo-

571 842 698 892 dmn
735 857 748 892 :
787 837 947 890 Pater
973 839 1134 890 vitam
1165 827 1422 902 in'seipso
1473 833 1651 896 habet,
1687 831 1914 887 docebat
1945 831 2144 902 Unige-

571 933 720 985 nitus
773 932 887 998 ipse
933 929 1049 990 Dei,
1083 929 1159 980 ita
1207 942 1408 996 quoque
1457 927 1512 978 in
1555 927 1724 994 seipse
1761 923 1934 978 Filius
1987 925 2140 980 habet

569 1022 732 1074 vitam
757 1021 799 1075 ⁸.
837 1018 904 1072 Ut
951 1017 1022 1072 ita
1057 1017 1218 1071 Pater
1254 1031 1382 1070 vere
1427 1015 1645 1084 quidem
1701 1014 1859 1070 Pater
1887 1015 2138 1082 exsistat,

575 1129 682 1168 non
735 1121 912 1164 autem
969 1111 1136 1164 verbo
1199 1118 1354 1162 tenus
1383 1106 1542 1160 Pater
1599 1104 1793 1161 falsata
1853 1117 2141 1176 usurpatns

577 1204 942 1258 nominatione
973 1220 986 1255 :
1017 1203 1110 1254 sed
1140 1200 1368 1253 veritate
1397 1207 1452 1250 et
1485 1198 1664 1268 reipsa
1723 1199 1983 1268 unigeniti
2019 1196 2140 1251 Filii

575 1298 736 1351 Pater
765 1315 776 1348 :
807 1305 860 1348 et
893 1305 950 1348 nt
979 1293 1148 1348 Filius
1197 1292 1268 1344 sit
1317 1293 1490 1360 reipsa
1547 1292 1711 1344 etiam
1761 1289 1951 1346 Filius.
1985 1288 2144 1355 Quis-

576 1390 699 1459 quis
757 1398 934 1440 autem
989 1385 1182 1439 Filium
1217 1385 1416 1438 nudum
1451 1398 1572 1437 esse
1607 1380 1826 1436 Verbum
1863 1382 2144 1436 existima-

579 1478 739 1542 verit,
798 1485 890 1528 aut
945 1473 1281 1528 solummodo
1345 1471 1562 1525 Verbum
1613 1470 2056 1534 confirmaverit,
2091 1479 2144 1522 et

583 1568 712 1623 illud
753 1567 1066 1636 frequenter
1091 1579 1190 1618 suo
1226 1578 1322 1618 ore
1363 1564 1729 1632 usurpaverit,
1769 1560 1990 1614 Verbum
2025 1571 2145 1613 tan-

577 1659 856 1714 tummodo
915 1655 1210 1720 exstitisse,
1241 1655 1406 1719 intus,
1455 1658 1582 1708 dum
1613 1654 1953 1716 censisteret,
1988 1654 2144 1722 quie-

577 1760 761 1804 scente
789 1762 888 1802 suo
923 1745 1084 1798 Patre
1115 1762 1128 1797 :
1163 1754 1442 1814 Operatum
1475 1757 1602 1798 vero
1639 1744 1778 1798 idem
1815 1745 1985 1813 ipsum
2017 1742 2145 1797 Ver-

2240 559 2353 614 ἀλλ’
2384 559 2694 612 ἐπισκόπων
2711 575 2794 622 τις
2819 558 3020 628 ταύτην
3039 557 3174 630 (30')
3193 559 3484 626 siccaverat
3512 558 3610 622 τὴν
3637 557 3812 623 δόξαν,

2239 653 2409 720 Λόγον
2445 651 2606 704 αὐτὸν
2651 651 2812 720 μόνον
2867 649 3041 712 διδοὺς
3089 649 3364 720 ἡνωμένον
3397 647 3474 720 τῷ
3499 648 3617 720 Θεῷ
3642 667 3655 679 ·
3701 651 3812 718 (5|)

2240 745 2334 796 καὶ
2369 743 2552 796 τοῦτον
2603 737 2740 794 εἶναι
2774 741 2941 794 ἀΐδιον
2973 742 3068 794 καὶ
3101 741 3425 812 ἀγέννητον,
3478 741 3536 796 ἓν
3583 761 3641 795 τε
3675 740 3814 796 εἶναι

2241 831 2350 902 (32)
2367 833 2462 885 καὶ
2473 830 2662 886 ταύτὸν
2679 830 2754 901 τῷ
2770 829 2891 899 Θεῷ
2905 829 3132 899 ὀνόμασι
3152 829 3248 900 μὲν
3262 830 3560 901 διαφόροις,
3577 831 3692 883 Πατ
3701 829 3810 900 ρὸς,

2242 925 2336 976 καὶ
2377 923 2507 976 Υίοῦ
2547 921 2976 994 χρηματίζοντα,
3007 923 3164 986 οὐσία
3205 922 3260 974 δὲ
3307 922 3402 975 καὶ
3435 921 3729 975 ὑποστάσει
3757 921 3814 974 ἓν

2239 1015 2387 1068 ὅντα’
2419 1013 2534 1076 πῶς
2563 1013 2623 1065 ού
2649 1013 2807 1082 δῆλος
2827 1012 2893 1065 ἂν
2921 1011 3130 1080 γένοιτο
3153 1011 3263 1084 (55)
3290 1013 3382 1066 τὸν
3409 1013 3507 1084 μὲν
3530 1013 3816 1067 Σαδέλλιον

2241 1106 2620 1176 ὑποδυόμενος·
2649 1105 2746 1176 τῆς
2775 1105 2830 1158 δὲ
2873 1106 2930 1158 ἐν
2959 1105 3179 1177 Χριστῷ
3209 1105 3463 1175 γνώσεώς
3503 1125 3560 1159 τε
3590 1107 3681 1160 καὶ
3715 1107 3813 1178 χά-

2247 1215 2389 1268 ριτος
2417 1198 2840 1267 ἡλλοτριωμένος
2881 1197 3050 1262 ;Ούδὲ
3095 1197 3202 1269 γὰρ
3242 1197 3443 1270 ζητεῖν,
3483 1199 3601 1251 οὐδὲ
3643 1201 3816 1270 ἀμφι-

2243 1288 2478 1354 ϐάλλειν,
2525 1288 2632 1340 οὐδ’
2681 1287 2892 1359 ἐρωτᾷν
2941 1291 3054 1352 τοῖς
3111 1289 3471 1360 βουλομένοις,
3525 1290 3572 1342 εί
3613 1285 3682 1361 ἦν
3723 1291 3818 1342 καὶ

2243 1379 2418 1451 προῆν
2467 1381 2496 1433 ὁ
2532 1377 2823 1450 μονογενὴς
2882 1379 3004 1442 Υἱὸς
3056 1379 3148 1432 τοῦ
3196 1379 3351 1448 Θεοῦ,
3389 1384 3416 1434 ὁ
3441 1382 3540 1452 τῆς
3597 1382 3821 1453 Ἐκκλη-

2245 1473 2366 1536 σίας
2395 1471 2504 1542 (⁵54)
2543 1472 2825 1543 ἐπιτρέποι
2853 1473 2919 1526 ἂν
2951 1472 3166 1541 θεσμός·
3197 1472 3600 1546 ὁμολογουμένῃ
3648 1473 3704 1527 δὲ
3723 1475 3818 1527 καὶ

2243 1563 2597 1635 ἀναμφιϐόλῳ
2615 1565 2792 1617 πίστει
2819 1565 2914 1617 σὺν
2949 1562 3126 1632 πολλῷ
3159 1563 3272 1633 (55)
3303 1563 3396 1616 καὶ
3431 1565 3713 1636 παρρησίᾳ
3741 1565 3820 1618 δι-

2243 1655 2430 1708 δάσκει
2463 1656 2553 1708 τὸν
2583 1655 2714 1710 Θεὸν
2757 1657 2974 1727 Πατέρα
3021 1651 3160 1708 εἶναι
3207 1653 3334 1708 Υίοῢ
3369 1655 3459 1708 τοῦ
3499 1656 3818 1727 μονογενοῦς

2245 1749 2546 1819 ὁμολογεῖν,
2587 1749 2681 1803 καὶ
2726 1751 2864 1820 μήτε
2910 1749 3000 1802 τὸν
3039 1749 3256 1820 Πατέρα
3285 1747 3412 1801 Υίὸν
3436 1744 3595 1812 εἶναι,
3639 1749 3670 1819 ἢ
3707 1749 3818 1821 (36)

578 1843 729 1903 bum,
757 1853 878 1891 cum
927 1847 1210 1890 creaturas
1254 1834 1544 1905 efligiaret,
1567 1838 1792 1904 perinde
1819 1851 1882 1890 ac
1907 1852 2002 1906 per
2029 1851 2148 1890 orn-

2248 1841 2342 1894 καὶ
2365 1841 2456 1893 τὸν
2497 1841 2626 1894 Υίὸν
2657 1819 2877 1912 Πατέρα
2897 1840 3156 1911 νομίζειν·
3186 1819 3321 1895 ἀλλὰ
3343 1841 3434 1895 τὸν
3475 1843 3571 1912 μὲν
3587 1819 3820 1913 ἀγέννηὲ

581 1932 668 1982 nia
700 1929 750 1982 in
781 1925 1090 1980 hominibus
1121 1923 1258 1978 solet
1289 1924 1406 1978 fieri
1437 1943 1451 1991 ;
1483 1926 1570 1978 tibi
1603 1925 1654 1979 in
1709 1926 2146 1994 conquiescenti-

2247 1950 2338 1985 τον
2361 1934 2464 1986 ,καὶ
2496 1932 2663 1986 ἀΐδιον
2689 1933 2780 1986 καὶ
2797 1932 3028 2004 ἄναρχον
3045 1934 3140 1986 κα).
3161 1933 3376 2004 πρῶτον
3402 1935 3494 1988 κα).
3525 1935 3683 2005 μόνον
3710 1936 3823 1988 Πα-

579 2021 683 2072 bus
731 2016 930 2072 otiatur
989 2013 1244 2078 Verbum,
1295 2023 1554 2083 operatur
1585 2023 1762 2068 autem
1793 2015 1845 2068 in
1881 2014 2150 2084 loquenti-

2247 2025 2383 2096 τέρα
2438 2023 2634 2076 σέϐειν·
2685 2023 2776 2077 τὸν
2817 2023 2874 2077 δὲ
2901 2025 2964 2077 ἐκ
2993 2023 3088 2077 τοῦ
3121 2023 3331 2097 Πατρδς
3369 2027 3688 2098 γεννηθῆναι
3729 2025 3824 2080 καὶ

583 2112 684 2164 bus
711 2123 726 2162 :
763 2109 810 2164 is
836 2106 1075 2175 profecto
1107 2105 1384 2175 conspirat
1409 2105 1850 2160 manifestissime
1875 2121 1996 2160 cum
2021 2120 2146 2161 sen-

592 2202 756 2255 tentia
807 2199 1138 2262 Judazorum,
1172 2199 1516 2268 abnegatque
1543 2214 1689 2263 eum,
1727 2199 1818 2270 qui
1868 2215 1992 2254 vere
2055 2200 2148 2256 Dei

581 2294 750 2348 Filius
781 2303 884 2348 est.
915 2291 970 2346 Si
997 2291 1118 2360 quis
1146 2289 1390 2345 Judazum
1417 2291 1855 2362 interrogaverit,
1887 2307 1955 2346 an
1982 2291 2149 2347 Deum

583 2397 737 2456 putet
770 2385 1004 2440 Verbum
1063 2399 1224 2439 suum
1293 2383 1819 2450 babere?0mnino,
1861 2395 2009 2440 certe
2065 2399 2150 2440 re-

583 2495 886 2550 sponsurus
935 2489 1039 2542 est,
1100 2488 1250 2546 puto.
1285 2477 1540 2533 Libenter
1577 2479 1843 2546 siquidem
1874 2478 2154 2549 profitetur

582 2571 820 2636 Judzeus,
853 2585 958 2626 non
995 2569 1216 2624 Verbum
1249 2571 1427 2634 modo,
1453 2571 1582 2640 quin
1623 2569 1791 2625 Verba
1829 2570 2031 2624 infinita
2059 2571 2155 2624 lia-

585 2667 714 2720 bere
759 2665 948 2719 Deum.
992 2662 1146 2730 Quod
1197 2661 1242 2717 si
1296 2662 1474 2716 adhuc
1507 2662 1696 2726 instes,
1731 2676 1799 2714 an
1833 2659 2028 2714 Filium
2061 2662 2156 2715 ba-

585 2755 742 2811 beat?
776 2771 880 2810 non
908 2764 994 2809 est
1027 2756 1128 2810 hoc
1155 2753 1398 2822 perinde,
1429 2766 1570 2818 reor,
1617 2749 1990 2806 confessurus.
2031 2750 2150 2806 Jam

587 2862 735 2910 vero,
761 2846 804 2900 si
839 2859 942 2898 non
977 2843 1200 2899 Iudaeus
1223 2843 1514 2912 quispiam,
1543 2843 1634 2896 sed
1681 2843 1728 2896 is
1787 2843 1877 2910 qui
1927 2841 2000 2895 sit
2030 2856 2152 2897 cum

583 2938 939 3005 episcopatu,
995 2935 1146 2988 illam
1205 2933 1472 2987 invexerit
1517 2932 1862 3003 opinionem,
1922 2929 2154 2986 Verbum

585 3042 702 3082 esse
755 3027 906 3081 illum
943 3067 959 3090 ,
1017 3026 1114 3080 sed
1179 3025 1287 3080 Deo
1367 3027 1739 3080 tantummodo
1823 3023 2152 3078 adunitum:

589 3125 646 3182 νΙ<
677 3126 939 3172 :rternum
974 3126 1148 3169 tamen
1179 3127 1232 3170 et
1261 3115 1580 3182 ingenitum,
1621 3130 1788 3170 unum
1821 3123 1981 3185 atque
2011 3115 2152 3169 idem

583 3227 811 3268 numero
843 3227 962 3266 cum
1013 3211 1143 3278 Deo,
1174 3211 1478 3266 nominibus
1517 3211 1744 3266 diversis
1782 3210 1959 3266 Patris
1995 3219 2154 3282 atque

587 3304 704 3358 Filii
735 3315 1074 3372 usurpatmn,
1107 3303 1404 3358 substantia
1434 3312 1606 3357 tamen
1633 3303 1773 3359 idem
1801 3312 1856 3357 et
1881 3303 2154 3374 hypostasi

667 3451 723 3508 ὦ
763 3445 856 3498 Ed.
895 3443 1064 3498 Paris.
1119 3459 1240 3514 pag.
1272 3445 1322 3496 5.

663 3545 680 3570 δ
715 3541 868 3596 Juan.
909 3556 958 3602 ν,
991 3541 1079 3593 26.

593 3741 830 3813 ἐνεργῶν
853 3740 930 3804 δέ,
959 3742 1018 3813 ἐν
1037 3739 1112 3813 τῷ
1143 3739 1237 3813 τὴν
1261 3739 1438 3813 κτίσιν
1464 3737 1830 3813 δημιουργεῖν.
1864 3735 1906 3789 Ε
1931 3749 2160 3813 εεαᾳοιιτ

597 3804 764 3876 tibus,
790 3825 978 3864 vocem
1009 3804 1154 3863 illam
1197 3804 1457 3878 ’ἡμετέρῳ
1495 3804 1762 3878 librarius
1825 3804 2164 3878 transcripsit

593 3873 822 3938 otiosus.
843 3881 1046 3950 [Delevi
1078 3873 1562 3950 eam.'|'M.—-'-lnfra
1594 3876 1841 3938 Ἰουδαῖος
1856 3873 1930 3927 ὢν
1949 3873 2164 3944 scripsi.

668 3952 804 4023 (ὅθ’)
832 3949 1002 4019 Vulgo
1043 3949 1274 4016 εἰσάγοι.

663 4045 776 4114 (Si)
805 4041 916 4097 Καὶ
956 4040 1171 4094 τοῦτον
1215 4037 1367 4114 εἶναι
1426 4041 1636 4114 ἀΐδιρνῌ
1653 4039 1758 4096 καί
1785 4107 1796 4114 _
1816 4039 2162 4114 ἀγέννητον.

641 4107 817 4179 τιιιρε,
835 4121 1099 4181 quatenus
1121 4121 1240 4164 erat
1262 4114 1313 4164 in
1339 4111 1469 4172 Deo,
1498 4109 1646 4181 αύτῷ
1674 4107 1868 4181 συνὼν,
1889 4107 2167 4181 ἡνωμένος

591 4182 760 4252 αὐτῷ.
794 4179 928 4235 Nam
970 4179 1234 4252 alioquin,
1263 4181 1479 4252 ascribit
1510 4179 1798 4252 Eusebius
1847 4181 1987 4252 banc
2043 4179 2162 4248 opi-

597 4247 810 4306 nionem
837 4247 1111 4313 Marcello,
1127 4253 1268 4318 quod
1291 4249 1742 4319 quemadmodum
1759 4257 1911 4302 extra
1929 4247 2164 4319 Patrem,

597 4335 792 4388 nempe
817 4323 868 4374 in
892 4321 1149 4382 creando,
1181 4318 1459 4388 inceperat
1501 4335 1664 4374 esse:
1697 4319 1777 4374 sic
1805 4327 1860 4373 et
1878 4318 2016 4388 olim
2067 4319 2166 4373 de-

597 4387 805 4446 sineret
835 4405 958 4445 esse
996 4391 1136 4458 quod
1187 4387 1324 4454 erat,
1365 4403 1420 4444 et
1453 4390 1504 4442 in
1545 4388 1770 4442 nihilum
1801 4387 2156 4457 redigeretur.

597 4461 766 4528 Quam
795 4475 942 4524 vere,
969 4461 1240 4514 nescimus
1270 4471 1452 4514 :eerte
1483 4459 1744 4514 Eusebius
1765 4459 1851 4512 hic
1875 4459 2161 4528 arianizat,

597 4527 689 4602 qui
716 4531 887 4600 Λόγον
910 4530 1418 4602 attitovcssenegat
1454 4540 1510 4585 et
1559 4531 1612 4584 in
1661 4529 1938 4600 ἀγεννήτῳ
1987 4527 2158 4593 ludit;

595 4599 740 4671 quod
763 4599 1034 4655 faciebant
1067 4599 1162 4654 illi.
1207 4599 1278 4655 Μ.

671 4692 782 4764 (52)
813 4693 924 4747 Καὶ
953 4691 1148 4745 ταύτόν
1177 4692 1294 4747 loco
1347 4691 1441 4744 καὶ
1465 4690 1628 4745 αὐτόν
1658 4690 1778 4748 dedi
1803 4707 1817 4756 ;
1858 4690 1927 4746 cf.
1963 4707 2013 4761 p.
2045 4689 2077 4744 6
2105 4689 2166 4752 D,

589 4779 650 4834 'p.
677 4763 710 4818 8
733 4763 798 4830 C,
835 4773 939 4818 etc.

667 4855 778 4924 (55)
813 4853 922 4907 Τὸν

597 4921 1025 4978 ΙιυιιοΜετςεΗο
1058 4923 1532 4992 objectatauctor,
1573 4925 1662 4992 qui
1689 4921 1856 4992 Libya
1884 4921 2167 4986 oriundus,

595 4994 928 5047 Ptnlemaide
965 4989 1245 5056 nimirum,
1286 4989 1442 5047 Νοειί
1484 4989 1805 5062 discipulus
1827 5000 1966 5052 erat,
2001 5008 2028 5044 a
2056 5005 2169 5060 quo

599 5065 930 5130 impietatem
958 5073 1240 5131 acceptam
1273 5063 1422 5116 auxit
1450 5073 1505 5117 et
1533 5062 1798 5124 dilatavit,
1837 5071 1894 5114 ut
1937 5075 2034 5113 usu
2080 5076 2169 5115 so—

597 5135 670 5186 let
704 5133 886 5186 venire
923 5134 974 5186 in
1008 5132 1298 5188 haereticis.
1341 5131 1487 5186 Vixit
1513 5135 1658 5186 circa
1707 5146 1907 5185 annum
1955 5131 2165 5184 Domini

594 5204 720 5256 260.
749 5203 1072 5256 Trinitatem
1093 5205 1143 5256 in
1177 5203 1336 5256 unius
1353 5217 1596 5271 persona:
1619 5203 1900 5270 angustias
1923 5210 2169 5255 coarcta-

599 5279 693 5338 vit,
726 5283 779 5325 et
810 5273 865 5324 in
901 5273 1064 5324 tribus
1091 5273 1382 5336 vocabulis,
1415 5273 1749 5326 trinomiuem
1785 5273 1970 5334 Deum,
1991 5271 2168 5323 crede-

593 5343 683 5396 bat
715 5359 734 5395 :
773 5359 890 5394 cum
924 5339 1156 5395 Ecclesia
1179 5359 1206 5395 e
1232 5353 1434 5407 contra,
1459 5352 1562 5396 tres
1600 5343 1957 5403 subsistentes,
1992 5355 2164 5404 veras,

593 5416 846 5482 integras,
872 5423 917 5464 et
941 5411 1198 5479 perfectas
1223 5427 1493 5480 personas,
1513 5413 1776 5481 indefessa
1799 5429 1918 5467 voce
1933 5425 2166 5481 pronuu.

591 5481 805 5544 tiet,ait
829 5482 885 5534 Β.
928 5482 1302 5549 Hieronymus.
1335 5481 1405 5534 Μ.

565 5615 568 5618 Α
665 5550 780 5622 (54)
821 5549 1146 5622 Ἐτξιτρέπει
1183 5552 1424 5620 θεσμός.
1471 5551 1601 5605 Erat
1644 5551 1786 5606 enim
1825 5553 1878 5622 in
1921 5551 2169 5622 confesso

594 5616 851 5690 poeittim,
880 5616 1018 5692 εἶναι
1057 5631 1112 5676 et
1157 5616 1401 5692 προεῖναι
1441 5623 1532 5675 τὸν
1566 5622 1738 5690 Λόγον
1781 5621 1874 5675 τοῦ
1921 5621 2076 5688 Θεοῦ,
2115 5632 2170 5676 et

595 5709 716 5760 qua:
745 5691 910 5763 semel
951 5701 1107 5744 erant
1128 5691 1307 5745 πίστει
1332 5692 1723 5763 παραδοθέντα,
1759 5708 1864 5746 non
1892 5699 2051 5747 erant
2077 5707 2168 5745 vo-

597 5763 768 5818 canda
800 5762 856 5817 in
887 5763 1242 5832 quaestionem
1281 5762 1502 5828 iterum,
1527 5777 1632 5818 non
1657 5765 1722 5818 de
1753 5763 1822 5820 iis
1857 5763 2166 5833 disquiren-

962 4853 1080 4922 μὲν
1112 4851 1438 4908 Σαϐἐλλιον
1469 4851 1896 4922 ὑποδυόμενος.
1946 4852 2170 4922 Semper

2254 2115 2574 2185 ὑποστῆναι,
2621 2115 2716 2168 καὶ
2744 2113 2903 2185 μόνον
2951 2114 3078 2167 Υίὸν
3110 2113 3218 2184 (57)
3254 2117 3512 2189 μονογενῆ
3557 2114 3695 2171 εἶναι
3742 2135 3825 2170 πι-

2253 2204 2461 2259 στεύειν
2475 2205 2606 2258 Θεὸν
2632 2223 2690 2258 τε
2714 2205 2873 2260 αὑτὸν
2890 2207 2965 2270 ὡς
2981 2206 3194 2277 ἀληθῶς
3209 2207 3336 2261 Υίὸν
3365 2207 3492 2261 ὄντα
3513 2209 3668 2274 Θεοῦ,
3685 2227 3824 2278 γνω-

2254 2296 2440 2366 ρίζειν.
2455 2297 2518 2348 Εἰ
2530 2296 2592 2368 δὴ
2612 2295 2720 2368 (58)
2735 2293 2826 2352 οὖν
2839 2297 3045 2361 τούτοις
3065 2297 3159 2368 μὲν
3173 2299 3282 2368 ('59)
3299 2299 3592 2369 ἀντιλέγων
3608 2319 3690 2364 τις
3709 2301 3826 2370 φαί-

2251 2401 2412 2448 νοιτο,
2449 2383 2619 2454 Λόγον
2645 2385 2702 2439 δὲ
2731 2385 2864 2438 Θεοῦ
2898 2385 3096 2457 ὁμοίως
3121 2385 3198 2456 τῷ
3229 2388 3285 2439 ὲν
3314 2387 3618 2459 ἀνθρώποις
3639 2389 3824 2443 τοῦτον

2253 2475 2504 2544 ὁρίζοιτο,
2531 2476 2630 2528 οὐκ
2658 2476 2853 2529 ἐννοῶν
2877 2475 2995 2529 οὐδὲ
3020 2475 3382 2548 λογιζόμενος,
3419 2481 3494 2544 ὡς
3515 2481 3663 2536 οὐδὲν
3718 2482 3825 2554 χρὴ

2254 2567 2602 2637 θνητὸν,ούδὲ
2639 2564 2971 2638 ἀνθρώπινον
2998 2567 3076 2638 τῷ
3113 2567 3367 2622 ἐπέκεινα
3400 2569 3506 2622 τῶν
3531 2569 3668 2622 ὅλων
3697 2571 3828 2625 ἀνα-

2252 2658 2456 2712 τιθέναι
2479 2657 2616 2728 Θεῷ,
2647 2657 2755 2710 οὐδ’
2774 2657 2910 2722 ὅλως
2931 2675 2982 2712 τι
3003 2658 3110 2712 τῶν
3136 2662 3215 2724 είς
3241 2661 3513 2734 ἡμετέραν
3528 2662 3827 2734 ἐνθύμησιν

2255 2749 2528 2812 ἀνιόντων,
2548 2749 2651 2803 κᾶν
2681 2750 2736 2802 ai
2764 2749 2902 2802 θεῖαι
2933 2749 2970 2800 Γ
2977 2751 3166 2820 pateat,
3195 2751 3379 2823 ὥσπερ
3413 2752 3563 2816 τινὰς
3602 2753 3828 2823 νηπίους

2255 2841 2696 2910 παιδαγωγοῢσαι
2721 2841 2844 2905 τοὺς
2877 2842 3319 2912 ἐντυγχάνοντας,
3351 2843 3830 2917 ἀνθρωπινώτερον

2256 2933 2383 3006 περὶ
2416 2932 2578 2986 αὑτοῦ
2601 2933 2712 3004 (40)
2761 2933 3130 3001 διαλέγωνται,
3173 2938 3356 3006 χεῖρας
3405 2935 3572 3008 αὐτῷ,
3611 2938 3704 2990 καὶ
3733 2937 3830 2990 7:6-

2255 3025 2370 3091 δας,
2394 3027 2485 3080 καὶ
2509 3026 2838 3096 ὀφθαλμοὺς,
2875 3027 2968 3080 καὶ
2985 3027 3184 3097 φωνὰς,
3217 3029 3309 3080 καὶ
3345 3027 3555 3097 λόγους,
3591 3031 3684 3083 καὶ
3707 3031 3828 3084 στό-

2261 3137 2424 3192 ματα,
2468 3121 2562 3173 κα).
2617 3119 2925 3191 πρόσωπον,
2961 3121 3054 3174 καὶ
3097 3121 3264 3194 μυρία
3307 3121 3441 3174 ἄλλα
3489 3121 3710 3175 τοιαῦτα
3741 3141 3832 3176 πε-

2265 3211 2604 3282 ριάπτουσαι·
2637 3208 2674 3262 ἃ.
2702 3208 2764 3280 δὴ
2789 3208 2899 3280 (4-1)
2941 3209 3206 3281 προσήκει
3239 3210 3564 3282 μεταφέρειν
3591 3211 3682 3264 ἐπὶ
3715 3210 3832 3262 θεο-

2261 3305 2491 3374 πρεπεῖς
2517 3301 2744 3367 ἐννοίας,
2777 3302 2928 3356 οὐδὲν
2961 3300 3152 3373 θνητὸν
3177 3302 3284 3356 οὐδ’
3307 3301 3642 3372 ἀνθρώπινον
3667 3304 3726 3357 ἐν
3754 3299 3831 3373 τῷ

2269 3733 2392 3801 duim
2423 3731 2869 3800 ambigendumve
2913 3747 2928 3785 :
2965 3731 3172 3801 optimo
3203 3731 3468 3796 instituto,
3517 3741 3572 3786 et
3621 3747 3831 3790 summo

2269 3800 2523 3872 Ecclesia:
2547 3801 2690 3856 bono
2724 3802 2778 3855 in
2809 3817 2962 3856 usum
2988 3800 3310 3872 revocando.
3349 3801 3483 3855 Nam
3533 3802 3831 3872 cuicunque

2272 3871 2523 3936 Cerdoni,
2556 3873 2778 3938 sartori,
2805 3871 3023 3942 textori,
3043 3872 3109 3924 de
3145 3873 3306 3942 rebus
3341 3872 3511 3928 sacris
3535 3871 3830 3942 garriendi,

2275 3951 2467 3996 contra
2523 3957 2610 3996 res
2661 3957 2848 3997 sacras
2895 3941 3198 4012 insanienti}
3233 3941 3455 4012 impune
3481 3941 3829 4012 permittitur,

2275 4023 2588 4080 usurpatur,
2607 4012 2779 4065 ἄδεια.
2803 4012 3024 4082 Videtur
3043 4010 3415 4082 ltic_Eusebins
3439 4010 3680 4082 jugulum
3723 4013 3832 4066 sal-

2274 4091 2380 4134 tem
2401 4079 2572 4154 i’psum
2594 4091 2777 4154 petere
2791 4081 3104 4154 Arianismi,
3131 4079 3258 4154 Erat
3274 4081 3416 4154 enim
3439 4079 3707 4154 illud‘Arii
3729 4082 3802 4154 ψή
3829 4119 3834 4124 -

2273 4146 2468 4221 φισμα,
2503 4151 2556 4204 in
2591 4146 2779 4219 primis
2805 4146 3158 4222 κυριώτατον,
3185 4146 3265 4220 ἦν
3293 4149 3390 4205 ὅτε
3422 4153 3532 4206 οὐκ
3558 4148 3661 4222 ἦν,
3687 4146 3830 4222 quod

2271 4219 2486 4273 videtur
2515 4236 2714 4288 negare
2739 4236 2752 4274 :
2783 4219 3094 4276 sed'revera
3123 4219 3350 4284 videtur,
3379 4239 3502 4274 nam
3529 4219 3592 4276 et
3614 4219 3750 4276 εἶναι
3777 4233 3833 4276 et

2269 4294 2512 4361 προεῖναι
2538 4293 2836 4346 concedere
2858 4290 3006 4361 illum
3041 4299 3310 4361 poterant,
3337 4301 3398 4361 et»
3419 4305 3604 4344 revera
3633 4308 3833 4346 conce-

2268 4359 2487 4432 debant,
2519 4375 2616 4414 nec
2644 4360 3040 4432 tametrabilla
3088 4359 3216 4432 δόξᾳ
3271 4359 3438 4432 κυρίᾳ
3485 4361 3831 4432 recedebant,

2265 4429 2370 4500 πρὸ
2391 4431 2596 4510 χρόνων
2626 4425 2764 4510 εἶναι
2795 4429 2885 4482 τὸν
2934 4429 3058 4510 Ἰξὶὸν
3091 4425 3296 4510 ἔλεγον,
3321 4425 3674 4510 ,Ξέποιῆσθαι
3705 4425 3834 4510 μένέ-

2197 4505 2239 4558 D
2267 4499 2369 4564 τοι,
2393 4499 2488 4554 καὶ
2508 4500 2604 4553 ἕνα
2632 4499 2739 4553 τῶν
2775 4500 3087 4571 κτισμάτων
3127 4499 3287 4571 αὑτὸν
3317 4499 3614 4566 ἐδίδασκον,
3661 4499 3719 4556 ut
3759 4502 3836 4555 lo-

2315 4573 2458 4624 uitur
2492 4587 2717 4640 magnus
2739 4568 3088 4636 Athanasius,
3125 4568 3200 4622 De
3242 4573 3440 4638 synodo
3471 4573 3830 4640 Ariminemi.

2272 4639 2494 4710 Nempe,
2539 4639 2664 4695 ante
2706 4640 2841 4696 alias
2889 4655 3076 4694 omnes
3125 4649 3406 4694 creaturas
3457 4639 3655 4694 factum
3699 4639 3834 4694 fate-

2271 4710 2491 4775 bantur,
2524 4725 2630 4764 non
2653 4721 2849 4781 tamen
2893 4709 2960 4763 ab
3001 4720 3226 4781 aeterno.
3261 4707 3469 4781 Infinita
3511 4711 3707 4781 quippe
3737 4725 3834 4766 sa:-

2477 4749 2491 4775 ,
2525 4739 2630 4764 IIUII
2674 4739 2849 4764 lillllCIl
2893 4739 2960 4763 il”
3001 4739 3226 4763 ωιειιιυο
3261 4739 3469 4764 ιιιιιιιιιᾰι
3511 4739 3707 4775 quippe
3737 4739 3834 4766 δατ·

2271 4781 2387 4834 cula
2403 4781 2454 4833 in
2478 4779 2779 4834 aeternitate
2796 4778 3148 4849 κοσμοποιίαν
3168 4778 3835 4836 antevertisse‘docebant.

2269 4851 2450 4918 Atque
2482 4851 2556 4903 ita
2591 4849 2856 4903 Eusebius
2881 4850 2937 4903 in
2971 4849 3092 4918 fidei
3126 4863 3235 4903 sum
3274 4849 3511 4914 ἐκθέσει,
3537 4863 3697 4918 quam
3738 4851 3834 4904 Ec-

2271 4915 2449 4989 cﬁleSiae
2517 4919 2766 4984 ascribit,
2819 4918 2984 4989 Deum
3038 4915 3254 4989 Patrem
3313 4915 3609 4989 ἀγέννητον
3659 4931 3835 4982 vocat,

2270 4988 2311 5060 Ε
2320 4990 2467 5042 ilium
2493 4989 2690 5043 fatetur
2713 4989 2874 5060 μόνον
2889 4987 2982 5040 καὶ
3001 4987 3294 5060 μονογενῆ,
3309 5005 3414 5060 non
3433 4987 3613 5060 autem
3631 4989 3834 5060 ἀϊδίως.

2271 5059 2376 5112 Sed
2409 5075 2507 5112 nec
2541 5061 2627 5112 illa
2662 5057 2781 5125 qua:
2806 5073 2928 5112 mox
2964 5057 3224 5120 annectit,
3261 5057 3394 5111 Θεόν
3443 5076 3502 5111 τε
3545 5059 3729 5124 αὑτὸν,
3765 5059 3834 5124 ὠς

2269 5127 2484 5198 ἀληθῶς
2507 5129 2632 5182 Υἱὸν
2657 5128 2786 5181 ὄντα
2823 5125 2982 5193 Θεοῦ,
3017 5126 3322 5197 γνωρίζειν,
3351 5129 3418 5182 ab
3452 5130 3760 5183 Ariauismo
3780 5131 3834 5182 il-

2272 5199 2377 5250 lum
2406 5201 2732 5260 excludunt;
2755 5213 2880 5252 nam
2905 5199 3089 5251 Ariani
3120 5200 3460 5266 bocdabant,
3489 5202 3581 5252 sed
3601 5209 3836 5252 creatum

2270 5277 2445 5321 tamen
2470 5285 2484 5332 ;
2520 5279 2574 5322 et
2600 5270 2665 5321 de
2692 5269 2791 5321 οὐκ
2816 5266 2984 5320 ὅντων
3017 5267 3489 5324 videAtltau.orat.
3521 5283 3604 5324 ut.
3625 5266 3696 5324 Μ.

2342 5338 2452 5411 (35)
2488 5337 2688 5411 Θάρσει
2719 5337 2836 5411 loco
2868 5336 3058 5408 θράσει
3084 5352 3150 5395 ex
3185 5353 3326 5394 corr.
3363 5341 3560 5411 recepi.

2343 5410 2456 5476 (56)
2497 5407 2622 5462 Dele
2644 5407 2763 5460 καί.

2341 5479 2452 5550 (57)
2483 5477 2652 5550 Vulgo
2684 5478 2779 5550 καὶ
2805 5494 2926 5549 μον.

2343 5547 2454 5618 (se;
2483 5547 2651 5618 Vulgo
2688 5548 2766 5618 δέ.

2339 5617 2452 5691 (ξε)
2484 5617 2655 5691 Υυιεο
2677 5617 2997 5691 evntem»

2341 5687 2454 5762 (40)
2484 5687 2654 5762 Vulgo
2675 5687 3030 5762 διαλέγονται.

2343 5747 2454 5830 (ιι)
2491 5747 2660 5815 Vinio
2687 5759 2750 5812 δέ.
