4000 6398
14 125 296 442 Λ

1273 399 1551 460 CONTRA
1587 395 2020 454 MARCELLUM
2057 395 2185 454 LIB.
2231 395 2268 453 Ι.
3287 391 3386 448 75C

143 509 381 575 πλείους,
399 509 601 565 ὡσανεὶ
627 503 887 584 περιττὰς
906 515 1000 568 καὶ
1030 513 1119 568 διά
1143 512 1252 568 τῶν
1300 510 1480 566 αὐτῶν
1507 508 1717 581 χωρού-

1822 522 1918 578 per
1943 523 2001 563 se
2034 523 2138 563 non
2175 507 2476 564 subsistens
2527 521 2690 562 unum
2739 515 2899 575 atque
2926 505 3069 562 idem
3115 520 3237 560 cum
3283 505 3388 560 Dec

143 619 264 666 σας,
287 601 747 674 ὗπερθησόμενος.
776 605 888 676 Πρὸ
914 605 969 659 δὲ
989 606 1087 676 τῆς
1117 606 1225 659 τῶν
1252 602 1554 676 εἰρημένων
1585 603 1717 655 ἁπο-

1821 599 2124 663 exsistens;
2158 613 2330 668 neque
2358 599 2501 654 enim
2532 598 2636 654 hoc
2675 605 2834 666 pacto
2874 596 3140 650 mediator
3181 594 3388 664 aliquo-

142 689 360 758 δείξεως
391 686 544 764 οἶμαι
573 692 681 747 δεῖν
709 695 767 748 ὲν
801 694 1035 766 πρώτοις
1073 696 1418 767 παραστῆσαι
1465 695 1578 756 τοῖς
1626 693 1716 745 ὲνο

1822 707 1942 745 rum
1969 705 2091 746 esse
2131 699 2360 758 poterat.
2394 689 2525 744 Erat
2564 699 2741 744 autem
2763 729 2778 754 ,
2809 697 2864 742 et
2905 687 3055 756 prius
3083 693 3233 754 erat,
3267 694 3387 740 tan-

143 781 501 851 τυγχάνουσιν
529 784 634 848 ὅτι,
673 786 806 856 μηδὲ
856 786 954 850 τὰς
1012 787 1331 859 προχείρους
1375 786 1546 850 λέξεις
1604 785 1712 837 τῶν

1820 797 1982 852 quam
2012 781 2216 836 scilicet
2243 779 2415 834 Filius
2440 781 2760 850 unigenitus,
2786 779 2971 850 plenus
3009 777 3182 848 gratia
3209 785 3258 830 et
3298 791 3388 830 ve-

143 869 304 925 θείων
329 871 619 946 ὲξηκρίὸου
653 875 1114 947 ἀναγνωσμάτων,
1154 877 1231 940 ὡς
1246 877 1311 930 ἂν
1345 877 1562 947 γνωσθῇ
1607 879 1718 940 τοῖς

1825 875 1980 927 ritate
2004 874 2071 927 ’°.
2107 871 2460 927 lntermedias
2508 881 2684 926 autem
2737 880 2919 943 partes
2972 869 3255 939 supplebat
3292 882 3389 922 suo

143 956 228 1014 ετι
257 960 418 1014 αὑτὸν
445 962 748 1031 ἀγνοοῦσιν,
779 965 958 1027 ὁποῖός
989 983 1074 1029 τις
1092 964 1188 1032 ὣν,
1213 967 1304 1020 ἐπὶ
1325 965 1422 1037 τὴν
1444 965 1551 1020 τῶν
1571 966 1719 1037 είρη-

1826 961 1996 1030 Patri,
2030 979 2153 1019 cum
2189 962 2490 1019 ministerio
2520 963 2852 1032 angelorum,
2885 963 3056 1031 legem
3084 960 3389 1016 hominibus

146 1049 325 1122 μένων
358 1054 602 1126 προήχθη
627 1055 850 1126 τόλμαν.

1824 1053 2214 1124 promulgaret.
2238 1051 2340 1119 Qui
2372 1053 2601 1108 docebat
2638 1053 2954 1122 ignorantes
2980 1061 3036 1107 et
3072 1051 3391 1114 ineruditos,

146 1146 480 1218 theologicas
521 1151 588 1205 de
635 1150 726 1206 Dei
775 1151 912 1207 Filio
981 1152 1236 1222 rationes,
1286 1152 1572 1224 Apostolus
1643 1151 1784 1206 idem
1826 1151 2163 1220 consignavit
2205 1153 2273 1206 ad
2324 1150 2484 1206 istum
2532 1150 2748 1204 modum
2801 1149 3084 1221 inquiens,
3131 1147 3388 1203 Mediam

184 1247 322 1292 utem
361 1255 465 1294 non
509 1250 588 1296 est
621 1244 776 1298 unius
817 1244 1093 1298 mediator.
1125 1244 1312 1315 Neque
1351 1254 1497 1300 certe
1534 1251 1724 1298 natura
1765 1241 1840 1296 rei
1890 1243 2089 1312 patitur
2160 1241 2513 1297 mediatorem
2578 1243 2646 1298 de
2689 1256 2797 1296 uno
2839 1255 3110 1312 quoquam
3157 1239 3388 1297 deilniri.

168 1327 268 1382 deo
319 1345 424 1385 non
462 1342 544 1386 est
586 1333 748 1390 unius
802 1333 1027 1404 alicujus
1068 1337 1191 1402 iste,
1219 1336 1314 1392 sed
1378 1335 1588 1392 medius
1650 1335 1961 1390 necessario
2009 1333 2149 1388 inter
2176 1333 2330 1399 duos,
2357 1333 2424 1388 ab
2456 1344 2686 1404 utroque
2731 1334 2994 1397 diversus,
3023 1348 3250 1404 quorum
3279 1343 3388 1389 sta-

171 1419 315 1474 uitnr
344 1421 632 1477 mediator.
657 1421 774 1480 Non
801 1433 1040 1498 estergo
1066 1425 1486 1482 existimandum
1515 1465 1532 1491 ,
1563 1425 1708 1495 hunc
1743 1439 1863 1480 esse
1893 1424 2057 1480 Deum
2106 1423 2292 1490 illum,
2356 1425 2448 1496 qui
2516 1434 2602 1481 est
2649 1441 2808 1496 supra
2853 1427 3032 1480 omnia
3067 1426 3210 1481 Deus
3247 1443 3261 1480 :
3296 1441 3390 1480 ne-

143 1513 270 1568 dum
309 1513 376 1569 de
423 1530 648 1572 numero
686 1517 996 1588 angelorum
1037 1517 1311 1590 aliquem:
1342 1518 1436 1574 sed
1480 1517 1712 1573 medium
1751 1526 2105 1587 utrorumque
2142 1526 2197 1572 et
2262 1517 2648 1582 mediatorem,
2691 1518 2887 1588 quippe
2930 1533 3052 1572 eum
3107 1518 3248 1573 inter
3291 1516 3390 1572 Pa-

143 1614 284 1660 trem
315 1621 469 1661 suum
497 1617 551 1662 et
579 1609 795 1680 angelos
838 1612 1136 1667 intercedat
1175 1611 1400 1666 medius.
1438 1611 1522 1666 Ad
1553 1614 1799 1666 eumdem
1839 1612 2051 1665 modum
2081 1611 2298 1676 iterum,
2345 1611 2437 1666 ubi
2469 1611 2560 1667 Dei
2602 1620 2764 1682 atque
2816 1611 3093 1667 hominum
3127 1611 3391 1667 mediator

144 1696 206 1752 lit
259 1699 398 1752 inter
446 1699 691 1756 ordinem
742 1707 1032 1772 utrumque
1092 1701 1466 1768 intermedius,
1496 1702 1693 1758 nullius
1750 1704 1940 1758 borum
1979 1713 2081 1770 est,
2113 1705 2378 1759 exsistens
2415 1705 2694 1759 mediator.
2731 1703 2845 1759 Non
2886 1713 2968 1759 est
3032 1704 3120 1759 ille
3160 1720 3298 1759 unus
3337 1715 3389 1760 et

145 1789 298 1845 solus
351 1791 490 1848 Deus
536 1809 554 1848 :
603 1808 713 1848 non
745 1793 941 1861 homo,
986 1809 1092 1864 quo
1146 1795 1306 1852 modo
1350 1794 1531 1851 caeteri
1577 1794 1821 1850 homines
1875 1803 2022 1849 sunt.
2064 1795 2201 1862 Quid
2256 1797 2506 1860 tandem,
2563 1797 2606 1851 si
2669 1796 2802 1851 nihil
2859 1797 3088 1863 horum,
3145 1796 3390 1852 exsistit?

145 1881 308 1938 Certe
364 1883 455 1938 Dei
515 1883 682 1940 Filius
726 1885 1054 1955 unigenitus,
1089 1884 1198 1954 jam
1251 1889 1575 1945 constitutus
1636 1888 1731 1943 Dei
1779 1895 1829 1942 et
1889 1888 2164 1943 hominum
2222 1887 2488 1943 mediator
2539 1909 2552 1943 :
2612 1889 2739 1942 olim
2779 1904 2908 1944 vero
2971 1895 3030 1952 ὥ
3089 1887 3190 1943 sub
3252 1900 3389 1944 tem-

145 1975 369 2048 poribus
412 1977 681 2045 Mosaicis,
731 1979 820 2033 Dei
865 1980 1129 2035 mediator
1172 1992 1226 2036 et
1268 1983 1604 2051 angelorum.
1679 1981 1805 2037 Haec
1862 1989 1990 2036 sunt
2050 1981 2139 2036 illa
2179 1995 2300 2051 quae
2344 1997 2571 2052 magnus
2627 1981 2911 2052 Apostolus
2949 1981 3038 2035 ille
3076 1981 3140 2034 ad
3175 1980 3391 2038 Galatas

147 2067 430 2136 scripturae
485 2069 722 2135 tradidit,
780 2067 889 2124 Lex
941 2087 1032 2137 per
1081 2070 1292 2139 angelos
1351 2073 1618 2139 ordinata,
1688 2073 1740 2126 in
1804 2087 1965 2124 manu
2037 2073 2367 2136 mediatoris,
2433 2073 2682 2142 inquiens
2741 2072 3064 2126 :Medtator
3102 2074 3258 2125 unius
3293 2070 3390 2124 alia

149 2158 302 2229 cujus
342 2175 447 2213 non
477 2169 552 2215 est
582 2175 610 2223 _:
642 2159 778 2215 Deus
835 2173 1008 2216 autem
1058 2177 1192 2218 unus
1236 2175 1336 2219 est.
1367 2163 1518 2220 Unus
1553 2165 1734 2234 itaque
1771 2163 1913 2218 Deus
1940 2172 2045 2229 est,
2067 2176 2121 2219 et
2163 2181 2301 2220 unus
2349 2167 2618 2221 mediator
2651 2166 2746 2221 Dei
2813 2176 2976 2236 atque
3004 2166 3308 2227 hominum,
3341 2173 3389 2217 et

150 2251 392 2308 omnium
442 2253 664 2325 insuper
707 2268 1132 2326 generatorum:
1173 2259 1262 2330 qui
1300 2273 1404 2312 non
1447 2275 1593 2314 nunc
1617 2260 1846 2329 primum
1911 2262 2298 2316 exordiebatur
2351 2259 2733 2316 mediationem
2773 2274 2925 2314 suam
2989 2260 3054 2312 ad
3135 2257 3390 2322 salutem,

152 2341 247 2396 sed
277 2341 404 2398 olim
436 2345 689 2398 exstabat
714 2346 1000 2411 mediator,
1032 2363 1153 2403 cum
1194 2349 1428 2404 nondum
1463 2349 1602 2404 inter
1634 2350 1880 2407 homines
1908 2361 2072 2407 natus
2095 2361 2446 2408 versaretur:
2473 2352 2614 2421 quod
2651 2351 2764 2421 jam
2829 2351 3002 2421 prius,
3067 2351 3118 2405 in
3185 2364 3390 2404 sermo-

153 2446 223 2486 ne
253 2432 680 2490 demonstratum
728 2448 830 2492 est.
876 2437 1000 2495 llaec
1031 2450 1158 2496 sunt
1200 2440 1290 2495 illa
1341 2457 1460 2511 quae
1494 2442 1732 2498 breviter
1769 2455 1823 2500 et
1851 2461 1948 2517 per
1974 2445 2351 2516 compendium
2379 2444 2588 2500 Galatis
2628 2445 2980 2515 proponimus
3040 2444 3388 2499 consideran-

153 2523 244 2590 da,
287 2539 354 2579 ex
379 2525 467 2580 illa
501 2528 615 2594 ipsa
649 2531 713 2584 ad
739 2530 960 2587 Galatas
999 2534 1225 2603 epistola
1256 2533 1433 2599 Pauli,
1462 2536 1513 2588 in
1545 2551 1647 2605 qna
1712 2537 1833 2593 fidei
1878 2539 2134 2594 salutaris
2168 2537 2257 2592 illa
2303 2538 2528 2608 mystica
2560 2537 2874 2592 continetur
2915 2535 3276 2606 regeneratio,
3338 2535 3390 2587 in

156 2620 363 2674 nomine
390 2617 593 2689 Patris,
620 2635 667 2678 et
691 2623 822 2679 Filii
850 2637 896 2680 et
935 2626 1163 2696 Spiritus
1186 2631 1380 2684 sancti.
1412 2629 1562 2696 Quae,
1594 2641 1954 2704 praeterquam
1996 2633 2138 2704 quod
2200 2633 2311 2688 sint
2378 2632 2572 2688 litteris
2614 2632 2810 2688 divinis
2883 2632 3222 2701 consignata,
3269 2641 3390 2686 sunt

152 2711 315 2766 etiam
347 2716 523 2771 adhuc
557 2717 814 2787 majorem
837 2721 890 2774 in
913 2724 1129 2776 modum
1157 2723 1474 2779 Conﬁrmata
1542 2740 1637 2794 per
1695 2727 2041 2783 traditionem
2087 2727 2368 2784 catholicae
2422 2727 2696 2792 Ecclesiae,
2762 2742 2882 2798 qua:
2917 2745 2945 2782 a
2994 2729 3098 2782 line
3134 2727 3200 2781 ad
3233 2725 3390 2780 linem

155 2811 429 2860 terrarum
465 2809 804 2875 diﬂunditur,
873 2827 995 2882 qua;
1066 2830 1162 2886 per
1223 2831 1328 2870 non
1367 2819 1626 2888 scriptam
1667 2820 2012 2875 traditionem
2057 2835 2339 2875 sacrarum
2381 2820 2788 2890 Scripturarum
2843 2820 3154 2876 testimonia
3185 2816 3388 2873 contir-

155 2904 268 2947 rnat
311 2906 368 2951 et
407 2899 682 2971 obsignat.
714 2900 834 2957 Jam
871 2918 1004 2960 vero
1035 2920 1244 2977 tempus
1269 2917 1351 2962 est
1382 2917 1441 2962 ut
1479 2909 1734 2980 deinceps
1756 2910 1991 2966 Marcelli
2027 2913 2189 2967 verba
2218 2914 2269 2968 in
2311 2915 2543 2968 medium
2569 2913 2906 2985 proferamus
2937 2920 2992 2966 et
3018 2927 3140 2982 quae
3170 2911 3391 2983 polliciti

153 2999 362 3052 smnus,
407 2990 888 3060 demonstratione,
941 3011 1306 3066 proponamus
1368 3002 1563 3070 quibus
1616 3001 1703 3055 illa
1743 3003 2046 3060 clarissime
2097 3019 2487 3076 pr0ponnntur,
2518 3024 2640 3078 qua:
2663 3016 2792 3062 sunt
2847 3024 2874 3062 a
2936 3008 3090 3063 nobis
3130 3008 3392 3064 haetenus

153 3081 552 3150 disputata;ne
580 3087 703 3154 quis
723 3097 871 3156 putet
895 3102 989 3157 per
1015 3089 1378 3145 calumniandi
1448 3092 1742 3160 libidinem,
1783 3110 1906 3152 esse
1963 3098 2077 3154 haec
2128 3099 2182 3154 in
2243 3099 2390 3154 illum
2428 3109 2702 3171 congesta.
2749 3098 3192 3170 Quandoquidem
3263 3114 3392 3154 vero

153 3175 286 3230 mihi
337 3181 670 3247 propositum
726 3181 798 3234 sit
847 3182 1085 3236 breviter
1150 3183 1239 3237 illa
1281 3185 1612 3254 describere,
1668 3204 1785 3258 qua:
1823 3201 1948 3246 sunt
1981 3193 2047 3247 ab
2077 3208 2142 3248 co
2173 3195 2337 3260 dicta,
2364 3212 2466 3248 non
2503 3205 2678 3250 tamen
2707 3194 2825 3249 ideo
2851 3194 3124 3263 sigillatini
3154 3205 3208 3249 et
3231 3195 3393 3250 verbo

13 1077 184 1289 ‘22

159 3273 315 3322 tenus
339 3268 426 3322 illa
454 3269 688 3325 arbitror
710 3272 763 3325 in
788 3275 1036 3342 praesenti
1067 3290 1187 3330 esse
1218 3278 1571 3334 recensenda.
1594 3278 1824 3336 Tantum
1861 3282 1947 3337 illa
1978 3299 2096 3353 quae
2139 3287 2408 3356 prtecipua
2475 3296 2620 3352 sunt,
2681 3297 2736 3340 et
2784 3301 3000 3341 causam
3073 3287 3390 3355 continent,

153 3361 448 3427 advocabo,
485 3365 863 3430 praetermissis
905 3368 1350 3438 quamplurimis,
1389 3386 1488 3426 nec
1536 3375 1880 3439 necessariis,
1905 3386 1960 3432 et
1988 3378 2040 3431 in
2072 3379 2213 3433 idem
2243 3379 2416 3448 ipsum
2489 3379 2921 3435 recurrentibus.
2979 3375 3140 3433 Prius
3215 3389 3392 3433 tamen

151 3469 314 3524 quam
351 3455 419 3508 ad
455 3470 568 3510 rem
610 3458 916 3528 aggrediar,
945 3474 1041 3529 per
1080 3459 1592 3518 demonstrationem
1625 3481 1846 3522 necesse
1870 3476 1954 3522 est
1983 3469 2170 3524 lectori
2206 3470 2396 3526 faciam
2451 3469 2822 3534 manifestum,
2875 3483 2979 3522 non
3033 3467 3199 3524 fuisse
3250 3471 3394 3524 hunc

148 3548 427 3606 hominem
461 3560 768 3604 assecutum
827 3551 1131 3605 divinarum
1177 3552 1480 3609 litterarum
1546 3567 1781 3613 mentem
1821 3568 1874 3614 et
1922 3563 2286 3630 sententiam,
2329 3563 2526 3617 nedum
2556 3577 2678 3618 cum
2725 3570 2899 3616 essent
2950 3560 3257 3631 cuicunque
3291 3561 3392 3617 ob-

149 3642 250 3697 vim
277 3656 292 3696 :
322 3648 381 3693 ut
414 3637 489 3693 illi
521 3641 611 3709 qui
647 3643 916 3712 ignorant,
946 3643 1068 3713 quis
1099 3653 1155 3698 et
1184 3645 1359 3713 qualis
1390 3644 1462 3698 sit
1509 3645 1705 3715 adhuc,
1745 3649 2047 3722 intelligant
2087 3652 2322 3718 tandem,
2350 3663 2550 3722 quanta
2592 3667 2715 3707 cum
2753 3651 2974 3706 audacia
3014 3652 3081 3707 ad
3125 3654 3238 3723 ipsa
3277 3653 3394 3709 haec

147 3731 364 3801 scriptis
393 3734 702 3802 proruperit
731 3735 1177 3791 commendanda.

794 3827 954 3880 ΚΕΦ.
997 3827 1073 3880 Β”.
1747 3843 1791 3887 ιι

1747 3843 1791 3887 ιι
2469 3831 2620 3887 CAP.
2670 3830 2734 3886 ll.

795 3843 954 3880 λιιι».
999 3843 1039 3877 υ
1059 3868 1073 3880 .

244 3920 366 3973 Ὅτι
398 3919 541 3973 οὐδὲ
565 3921 672 3986 τὰς
705 3921 867 3985 θείας
885 3920 1200 3988 ἐξηκρίϐου
1225 3923 1468 3992 ι’ραςράς
1492 3924 1621 3994 (66).
1747 3843 1791 3899 Β

1776 3846 1791 3897 ι
2469 3843 2620 3887 CAP.
2670 3843 2734 3896 ll,

1861 3923 2014 3990 Quod
2057 3939 2149 3978 nec
2189 3939 2369 3977 sacras
2411 3921 2718 3992 Scripturas
2756 3924 2885 3978 satis
2930 3933 3108 3978 exacte
3143 3923 3356 3978 calleat.

217 4013 424 4066 Αὐτίκα
455 4012 499 4065 δ’
528 4006 641 4075 οὖν,
675 4011 768 4064 τοῦ
792 4013 1074 4084 προφήτου
1111 4015 1378 4084 Ζαχαρίου
1413 4015 1552 4068 κατά
1596 4017 1722 4083 τοὺς

1895 4012 2029 4068 Cum
2062 4013 2322 4082 propheta
2352 4012 2660 4078 Zacharias,
2695 4013 2741 4068 is
2775 4013 3031 4068 nimirum
3061 4013 3153 4084 qui
3187 4025 3393 4085 tempo-

144 4103 246 4174 τῆς
276 4103 533 4158 ἐπανόδου
568 4103 791 4174 χρόνους
812 4103 912 4173 τῆς
937 4103 1044 4156 ἀπὸ
1071 4104 1385 4169 Βαϐυλῶνος
1409 4107 1716 4178 γενομένου,

1827 4121 1885 4159 re
1920 4105 2124 4160 reditus
2151 4120 2180 4160 e
2212 4104 2478 4176 Babylone
2510 4104 2630 4169 fuit,
2660 4106 2987 4161 mentionem
3019 4106 3216 4163 alicubi
3239 4108 3283 4138 ’ί
3312 4106 3391 4162 ia-

157 4196 333 4268 Ἰησοῦ
365 4213 424 4249 τε
461 4197 930 4267 μνημονεύσαντος
959 4194 1054 4250 τοῦ
1084 4197 1274 4267 ἱερέως
1318 4195 1413 4250 τοῦ
1459 4199 1716 4268 μεγάλου,

1825 4197 1934 4252 ciat
1975 4193 2100 4253 Jesu
2131 4198 2407 4268 pontificis
2455 4198 2602 4253 illius
2637 4199 2854 4268 magni,
2891 4199 3095 4254 scilicet
3125 4198 3390 4256 Josedeco

143 4285 342 4360 δηλαδὴ
371 4287 464 4341 τοῦ
497 4287 612 4342 υἱοῦ
681 4288 945 4353 Ἰωσεδὲκ,
980 4288 1038 4351 ὃς
1097 4287 1212 4359 ἆμα
1268 4289 1570 4360 Ζοροϐάϐελ
1612 4289 1718 4344 τῶν

1823 4290 2009 4359 geniti,
2033 4289 2123 4361 qui
2160 4305 2262 4345 una
2303 4305 2425 4346 cum
2473 4288 2825 4355 Zorobabele,
2855 4291 3158 4362 principatu
3202 4291 3392 4362 funge-

21 4401 36 4482 '
142 4379 252 4482 ἀπὸ
276 4377 592 4444 Βαϐυλῶνος
644 4379 1046 4433 ἐπανελθόντων
1095 4381 1358 4452 ἡγήσατο,
1394 4382 1423 4434 ὁ
1474 4399 1597 4451 γενν

1823 4382 1985 4437 batur
2035 4383 2177 4438 inter
2204 4381 2438 4449 Iudaeos,
2471 4384 2561 4454 qui
2603 4383 2669 4438 de
2716 4383 2985 4456 Babylone
3049 4384 3392 4438 reverteban-

142 4463 298 4534 οὗτος
335 4471 428 4524 καὶ
485 4471 796 4542 θαυμαστὸς
845 4472 1196 4543 ὑπογραφεὺς
1239 4471 1392 4525 ταῦτ’
1424 4475 1717 4544 ἀγνοήσας,

1829 4485 1936 4542 tur,
1966 4475 2263 4545 praeclarus
2294 4475 2396 4530 iste
2425 4485 2480 4530 et
2507 4475 2766 4531 mirilicus
2792 4489 2922 4530 sane
2941 4475 3174 4544 scriptor
3193 4479 3250 4538 »Β
3288 4474 3388 4528 ho-

141 4561 322 4633 τίθησι
355 4562 453 4634 μὲν
477 4562 570 4616 τοῦ
594 4562 862 4634 Ζαχαρίου
911 4562 1008 4633 τὴν
1039 4563 1203 4630 λέξιν,
1233 4564 1299 4617 δι’
1329 4559 1397 4636 ἧς
1452 4565 1721 4637 μέμνηται

1827 4581 1947 4620 rum
1986 4567 2225 4621 omnium
2275 4567 2514 4636 ignarus,
2546 4563 2826 4621 Zachariae
2861 4564 3025 4620 verba
3053 4564 3265 4633 quidem
3299 4563 3384 4617 illa

21 4557 34 4816 ι
141 4561 322 4633 τίθησι
355 4562 453 4634 μὲν
477 4562 570 4616 τοῦ
594 4562 862 4634 Ζαχαρίου
911 4562 1008 4633 τὴν
1039 4563 1203 4630 λέξιν,
1233 4564 1299 4617 δι’
1329 4559 1397 4636 ἧς
1452 4565 1601 4636 μέμν·

140 4653 237 4708 τοῦ
272 4653 469 4726 Ἰησοῦ,
508 4653 724 4725 μακρὰν
754 4654 929 4725 δὲτῆς
967 4656 1206 4726 ἱστορίας
1245 4655 1600 4720 ἀκοντισθεὶς,

140 4761 259 4816 γειν
287 4746 448 4800 αὑτὸν
480 4747 747 4816 ὑπείληφε
777 4745 890 4816 (67)
927 4747 1054 4816 περὶ
1099 4747 1273 4816 Ἰησοῦ
1299 4746 1577 4810 Μωὺσέως

1827 4581 1947 4620 rum
1986 4567 2225 4621 omnium
2275 4567 2514 4636 ignarus,
2546 4563 2826 4621 Zachariae
2861 4564 3025 4620 verba
3053 4564 3265 4633 quidem
3299 4563 3384 4617 illa

1829 4659 1978 4722 citat,
2012 4673 2132 4727 quae
2175 4655 2302 4711 Jesu
2353 4657 2498 4712 illius
2543 4655 2924 4721 meminerunt,
2955 4654 3048 4710 sed
3079 4669 3107 4708 a
3141 4669 3300 4709 sensu
3334 4662 3388 4707 et

1827 4748 2098 4802 sententia
2138 4747 2467 4803 narrationis
2515 4747 2661 4804 illius
2699 4747 2902 4803 recedit
2941 4760 3102 4816 quam
3134 4743 3385 4813 longissi-

140 4761 259 4818 γειν
287 4746 448 4800 αὑτὸν
480 4747 747 4818 ὑπείληφε
777 4745 890 4818 (67)
927 4747 1054 4819 περὶ
1099 4747 1273 4818 Ἰησοῦ
1299 4746 1577 4810 Μωὺσέως
1607 4746 1720 4802 δια-

1870 4748 2098 4802 Ξιιιειιιίο
2138 4747 2467 4803 narrationis
2515 4747 2661 4804 illius
2699 4747 2902 4803 recedit
2941 4760 3102 4816 quam
3134 4743 3385 4813 longissi-
3439 4739 3450 4752 ‘

216 4847 274 4905 >14
303 4841 400 4896 Ed.
437 4841 636 4906 Paris,
672 4857 789 4911 pag.
825 4842 880 4896 9.

217 4918 276 4976 iis
319 4913 412 4966 Ed.
456 4910 808 4982 Paris.,'pag.
845 4910 930 4966 l0.

209 5005 257 5037 ³⁸
291 4998 451 5056 Joan.
477 5016 517 5065 ι,
547 4998 634 5056 Η.
686 5004 728 5034 ²¹
759 5001 925 5056 Zach.
959 5017 1042 5068 tu,
1072 5001 1122 5055 l.

213 5112 620 5184 (66)7Continet
647 5112 765 5184 hoc
803 5125 967 5182 caput
1006 5113 1374 5169 velitationem
1420 5114 1711 5183 quamdam
1743 5100 1784 5159 Ο

1817 5113 2060 5184 ἐνόησεν.
2104 5111 2276 5178 Male;
2339 5120 2592 5165 etnlerum
2645 5111 2802 5164 codd.
2842 5107 3063 5162 ὲλάθετο
3106 5108 3224 5164 loco
3268 5109 3390 5164 ἔλα-

142 5185 285 5258 inter
311 5182 623 5258 Marcellum
651 5193 706 5236 et
750 5183 1062 5258 Eusebium,
1105 5185 1168 5238 de
1214 5184 1344 5258 locis
1386 5182 1710 5258 quibusdam
1823 5182 1995 5258 θενέῌ
2040 5255 2084 5258 _
2365 5249 2389 5258 _
2420 5253 2469 5258 __
2518 5254 2541 5258 μ
2609 5246 2622 5258 ¹
2743 5247 2768 5258 ἢ
2841 5248 2902 5258 μ
3072 5247 3118 5258 Η

144 5256 196 5310 in
221 5253 520 5321 Scripturis
548 5254 912 5328 sacrosanctis
942 5268 1225 5328 perperam
1269 5246 1576 5328 intellectis,
1606 5255 1712 5328 sal-

1819 5322 1833 5328 _
1891 5251 2003 5328 (67)
2032 5249 2171 5320 Περὶ
2199 5249 2392 5328 Ἰῃσοβ
2411 5246 2706 5328 Μωυσέως
2733 5247 3034 5328 διαδόχου.
3059 5247 3145 5328 Ait
3166 5247 3389 5328 Marcel-

145 5335 252 5379 tem
284 5320 358 5376 uti
390 5331 580 5376 nostro
610 5323 894 5375 videbatur
944 5320 1192 5385 Eusebio,
1247 5341 1276 5378 a
1327 5323 1600 5378 Marcello.
1652 5324 1707 5377 In
1819 5320 2196 5384 lum,l'ocume
2241 5320 2694 5374 Zacharimtertio
2718 5320 3388 5388 capit_.,vcrs.l,ubiagi-

144 5395 344 5465 quibus
377 5391 693 5466 plerumque
725 5391 1036 5466 λεπτολογξῖ
1080 5396 1108 5446 ὁ
1156 5392 1718 5466 ξυγγραφεὺς,λειηιιο

1826 5393 1996 5466 tnrde
2028 5389 2152 5446 Jesu
2183 5389 2460 5466 Josedeci,_
2483 5388 2734 5466 pontiﬁce
2772 5385 3031 5466 inlsrael,
3062 5389 3114 5441 in
3143 5385 3330 5442 reditu
3357 5405 3389 5443 e

143 5455 269 5519 l'ana
297 5455 518 5532 caprina
548 5455 740 5527 litigat.
777 5455 1059 5516 Concludit
1083 5455 1425 5528 antem-cum,
1454 5455 1546 5533 qui
1574 5462 1706 5517 adeo
1825 5463 2117 5531 Babylone,
2149 5462 2216 5514 ab
2259 5475 2321 5513 co
2349 5460 2411 5511 de
2437 5455 2584 5513 Jésu.
2622 5455 2755 5512 Nam
2789 5458 2985 5581 Morsis
3018 5471 3386 5512 successorem

147 5533 432 5581 rmeriliter
466 5531 846 5581 hallucinelur.
893 5533 1110 5581 minime
1147 5535 1470 5581 audiendum
1497 5548 1620 5581 esse
1666 5535 1720 5581 in
1828 5541 2128 5581 accentum.
2160 5531 2317 5581 Certe
2341 5529 2489 5581 valde
2525 5539 2644 5581 erat
2681 5529 2871 5581 Mareel
2900 5546 2962 5581 us
2994 5527 3200 5581 ἠλίθιος
3223 5537 3277 5580 et
3302 5529 3386 5580 in-

147 5527 432 5608 pneriliter
466 5531 846 5608 hallucinetur,
893 5533 1110 5608 minime
1147 5527 1620 5608 audiepdum'esse
1666 5535 1721 5608 in
1828 5527 2128 5608 acceptum.
2160 5531 2317 5608 Certe
2333 5529 2489 5608 _v_alde
2525 5539 2644 5608 erat
2681 5527 2962 5608 Marcellus
2994 5527 3200 5597 ἠλίθιος
3223 5529 3386 5608 etin-

141 5598 194 5657 ἱοι
229 5604 296 5676 de
335 5602 497 5676 rebus
532 5601 850 5676 tlieologieis
884 5603 1498 5676 disserente:n._Text_u_ns
1543 5604 1615 5656 illi
1640 5603 1726 5676 ‘de
1831 5598 2188 5676 ianti‘ssimns,
2219 5601 2264 5654 si
2295 5599 2344 5652 id
2370 5599 2442 5676 ita
2477 5598 2664 5676 volunt
2693 5599 2858 5654 verba
2892 5599 3008 5665 ejus
3033 5613 3164 5676 quae.
3194 5598 3388 5676 recitat

141 5673 439 5743 Scripturis
483 5671 622 5744 male
650 5669 852 5744 accepti
889 5682 1202 5744 sequuntur.
1240 5672 1385 5744 M.—-—
1417 5673 1534 5726 Mox
1566 5673 1724 5744 vulgo
1833 5672 1946 5744 ipse
1971 5671 2250 5744 Eusebius,
2281 5684 2384 5744 non
2418 5669 2518 5744 |_ioc
2549 5670 2800 5744 evincunt
2835 5687 2848 5722 :
2879 5669 3223 5744 neque_eni_m
3267 5675 3383 5744 sta-

137 5761 249 5814 γιν.
267 5735 344 5814 ὀί
375 5740 678 5813 ἀρχιερέως
711 5735 828 5796 loco
853 5741 947 5794 τοῦ
959 5735 1003 5814 μί.
1031 5751 1084 5796 et
1129 5740 1378 5814 Ἰωσηδὲκ
1405 5754 1457 5796 et
1485 5735 1717 5814 Ζορο6ἀ‹

1832 5735 1948 5814 tim,
1973 5740 2063 5814 ubi
2093 5747 2276 5814 egerat
2309 5739 2373 5792 de
2417 5736 2540 5814 Jesu
2574 5737 2838 5814 pontifice
2878 5735 3019 5814 apud
3057 5735 3376 5814 zacliar_iatii

31 5829 62 5844 ’ί
140 5803 262 5884 ὁηλ.
318 5803 586 5868 Porro-in
633 5803 774 5869 corr.
816 5816 902 5868 ed.
955 5812 1012 5866 ι».
1055 5831 1071 5864 ι
1127 5813 1184 5866 Ιι.
1223 5803 1496 5882 estnam.
1538 5803 1568 5864 ι’
1594 5814 1611 5865 1η

1832 5812 1918 5865 illa
1948 5803 2231 5873 subitiiert,
2265 5824 2382 5876 ipse
2411 5803 2769 5866 calumniatur
2800 5803 3084 5865 Eusebius.
3116 5806 3197 5860 ὅτι
3217 5803 3380 5864 αὐτὸς
