  <div class='ocr_page' id='page_1' title='image "/cluster/home/n/w/nwhite01/storage/ocr_20150623/24/hvd.32044073501108/373.png"; bbox 0 0 4190 6406; ppageno 0'>
   <div class='ocr_carea' id='block_1_1' title="bbox 539 334 636 390">
    <p class='ocr_par' dir='ltr' id='par_1_1' title="bbox 539 334 636 390">
     <span class='ocr_line' id='line_1_1' title="bbox 539 334 636 390; baseline 0.021 -2"><span class='ocrx_word' id='word_1_1' title='bbox 539 334 636 390; x_wconf 78' lang='grc'><strong>7³51</strong></span> 
     </span>
    </p>
   </div>
   <div class='ocr_carea' id='block_1_2' title="bbox 1220 329 3126 390">
    <p class='ocr_par' dir='ltr' id='par_1_2' title="bbox 1220 329 3126 390">
     <span class='ocr_line' id='line_1_2' title="bbox 1220 329 3126 390; baseline 0.002 -4"><span class='ocrx_word' id='word_1_2' title='bbox 1220 329 1490 386; x_wconf 85' lang='lat' dir='ltr'><strong>EUSEBII</strong></span> <span class='ocrx_word' id='word_1_3' title='bbox 1529 331 2010 388; x_wconf 62' lang='lat' dir='ltr'><strong>CESABIENSIS</strong></span> <span class='ocrx_word' id='word_1_4' title='bbox 2049 330 2202 386; x_wconf 81' lang='lat' dir='ltr'><strong>OPP.</strong></span> <span class='ocrx_word' id='word_1_5' title='bbox 2244 331 2427 388; x_wconf 80' lang='lat' dir='ltr'><strong>PARS</strong></span> <span class='ocrx_word' id='word_1_6' title='bbox 2465 332 2556 389; x_wconf 65' lang='grc' dir='ltr'>ιν.</span> <span class='ocrx_word' id='word_1_7' title='bbox 2595 364 2666 378; x_wconf 92' lang='grc'><strong>-</strong></span> <span class='ocrx_word' id='word_1_8' title='bbox 2707 332 3126 390; x_wconf 75' lang='lat' dir='ltr'><strong>DOGMATICA.</strong></span> 
     </span>
    </p>
   </div>
   <div class='ocr_carea' id='block_1_3' title="bbox 3695 337 3798 393">
    <p class='ocr_par' dir='ltr' id='par_1_3' title="bbox 3695 337 3798 393">
     <span class='ocr_line' id='line_1_3' title="bbox 3695 337 3798 393; baseline 0 -1"><span class='ocrx_word' id='word_1_9' title='bbox 3695 337 3798 393; x_wconf 65' lang='lat'><strong>7&#39;52</strong></span> 
     </span>
    </p>
   </div>
   <div class='ocr_carea' id='block_1_4' title="bbox 537 439 2131 521">
    <p class='ocr_par' dir='ltr' id='par_1_4' title="bbox 537 449 2119 521">
     <span class='ocr_line' id='line_1_4' title="bbox 537 449 2119 521; baseline -0.003 -13"><span class='ocrx_word' id='word_1_10' title='bbox 537 469 642 510; x_wconf 85' lang='lat' dir='ltr'><strong>me.</strong></span> <span class='ocrx_word' id='word_1_11' title='bbox 673 450 809 507; x_wconf 86' lang='lat' dir='ltr'><strong>Nam</strong></span> <span class='ocrx_word' id='word_1_12' title='bbox 840 449 1024 508; x_wconf 81' lang='lat' dir='ltr'><strong>Jesum</strong></span> <span class='ocrx_word' id='word_1_13' title='bbox 1059 449 1209 506; x_wconf 90' lang='lat' dir='ltr'><strong>illum</strong></span> <span class='ocrx_word' id='word_1_14' title='bbox 1237 452 1410 506; x_wconf 86' lang='lat' dir='ltr'><strong>voluit</strong></span> <span class='ocrx_word' id='word_1_15' title='bbox 1444 451 1533 506; x_wconf 82' lang='lat' dir='ltr'><strong>liic</strong></span> <span class='ocrx_word' id='word_1_16' title='bbox 1559 451 1913 521; x_wconf 81' lang='lat' dir='ltr'><strong>intelligi,qui</strong></span> <span class='ocrx_word' id='word_1_17' title='bbox 1951 449 2119 520; x_wconf 81' lang='lat' dir='ltr'><strong>Moysi</strong></span> 
     </span>
    </p>
   </div>
   <div class='ocr_carea' id='block_1_5' title="bbox 2241 439 3798 521">
    <p class='ocr_par' dir='ltr' id='par_1_5' title="bbox 2241 439 3798 521">
     <span class='ocr_line' id='line_1_5' title="bbox 2241 439 3798 521; baseline 0.001 -19"><span class='ocrx_word' id='word_1_18' title='bbox 2241 449 2400 519; x_wconf 70' lang='grc' dir='ltr'>ἰόχου.</span> <span class='ocrx_word' id='word_1_19' title='bbox 2430 449 2541 501; x_wconf 80' lang='grc' dir='ltr'>Καὶ</span> <span class='ocrx_word' id='word_1_20' title='bbox 2593 448 2753 503; x_wconf 77' lang='grc' dir='ltr'>πάλιν</span> <span class='ocrx_word' id='word_1_21' title='bbox 2781 451 2874 502; x_wconf 80' lang='grc' dir='ltr'>τοῦ</span> <span class='ocrx_word' id='word_1_22' title='bbox 2905 439 3568 520; x_wconf 46' lang='grc' dir='ltr'>’Ᾱποστόλοῶγράῲαντος</span> <span class='ocrx_word' id='word_1_23' title='bbox 3626 451 3684 504; x_wconf 85' lang='grc' dir='ltr'>ὲν</span> <span class='ocrx_word' id='word_1_24' title='bbox 3731 453 3798 521; x_wconf 76' lang='grc' dir='ltr'>τῇ</span> 
     </span>
    </p>
   </div>
   <div class='ocr_carea' id='block_1_6' title="bbox 536 542 2118 613">
    <p class='ocr_par' dir='ltr' id='par_1_6' title="bbox 536 542 2118 613">
     <span class='ocr_line' id='line_1_6' title="bbox 536 542 2118 613; baseline -0.003 -13"><span class='ocrx_word' id='word_1_25' title='bbox 536 544 861 600; x_wconf 84' lang='lat' dir='ltr'><strong>succedebat</strong></span> <span class='ocrx_word' id='word_1_26' title='bbox 901 542 1230 599; x_wconf 77' lang='lat' dir='ltr'><strong>immediate.</strong></span> <span class='ocrx_word' id='word_1_27' title='bbox 1276 542 1524 606; x_wconf 85' lang='lat' dir='ltr'><strong>Deinde,</strong></span> <span class='ocrx_word' id='word_1_28' title='bbox 1563 558 1685 596; x_wconf 83' lang='lat' dir='ltr'><strong>cum</strong></span> <span class='ocrx_word' id='word_1_29' title='bbox 1723 543 2027 613; x_wconf 74' lang='lat' dir='ltr'><strong>Apostolus.</strong></span> <span class='ocrx_word' id='word_1_30' title='bbox 2066 542 2118 595; x_wconf 92' lang='lat' dir='ltr'><strong>in</strong></span> 
     </span>
    </p>
   </div>
   <div class='ocr_carea' id='block_1_7' title="bbox 537 632 2121 708">
    <p class='ocr_par' dir='ltr' id='par_1_7' title="bbox 537 632 2121 708">
     <span class='ocr_line' id='line_1_7' title="bbox 537 632 2121 708; baseline -0.006 -15"><span class='ocrx_word' id='word_1_31' title='bbox 537 638 628 694; x_wconf 88' lang='lat' dir='ltr'><strong>illa</strong></span> <span class='ocrx_word' id='word_1_32' title='bbox 654 651 774 708; x_wconf 76' lang='lat' dir='ltr'><strong>qua:</strong></span> <span class='ocrx_word' id='word_1_33' title='bbox 801 646 886 690; x_wconf 85' lang='lat' dir='ltr'><strong>est</strong></span> <span class='ocrx_word' id='word_1_34' title='bbox 936 637 1001 690; x_wconf 88' lang='lat' dir='ltr'><strong>ad</strong></span> <span class='ocrx_word' id='word_1_35' title='bbox 1030 635 1250 692; x_wconf 79' lang='lat' dir='ltr'><strong>Galatas</strong></span> <span class='ocrx_word' id='word_1_36' title='bbox 1283 635 1520 704; x_wconf 86' lang='lat' dir='ltr'><strong>Epistola</strong></span> <span class='ocrx_word' id='word_1_37' title='bbox 1563 634 1790 698; x_wconf 84' lang='lat' dir='ltr'><strong>scribat,</strong></span> <span class='ocrx_word' id='word_1_38' title='bbox 1825 632 2121 686; x_wconf 79' lang='lat' dir='ltr'><strong>Jerusatem</strong></span> 
     </span>
    </p>
   </div>
   <div class='ocr_carea' id='block_1_8' title="bbox 537 724 2122 797">
    <p class='ocr_par' dir='ltr' id='par_1_8' title="bbox 537 724 2122 797">
     <span class='ocr_line' id='line_1_8' title="bbox 537 724 2122 797; baseline -0.002 -19"><span class='ocrx_word' id='word_1_39' title='bbox 537 744 658 797; x_wconf 71' lang='lat' dir='ltr'><strong>quia</strong></span> <span class='ocrx_word' id='word_1_40' title='bbox 707 741 916 781; x_wconf 84' lang='lat' dir='ltr'><strong>sursum</strong></span> <span class='ocrx_word' id='word_1_41' title='bbox 959 738 1068 791; x_wconf 89' lang='lat' dir='ltr'><strong>est,</strong></span> <span class='ocrx_word' id='word_1_42' title='bbox 1097 727 1264 779; x_wconf 86' lang='lat' dir='ltr'><strong>libera</strong></span> <span class='ocrx_word' id='word_1_43' title='bbox 1311 736 1422 790; x_wconf 90' lang='lat' dir='ltr'><strong>est,</strong></span> <span class='ocrx_word' id='word_1_44' title='bbox 1463 741 1580 796; x_wconf 68' lang='lat' dir='ltr'><strong>quae</strong></span> <span class='ocrx_word' id='word_1_45' title='bbox 1627 735 1860 778; x_wconf 85' lang='lat' dir='ltr'><strong>nostrum</strong></span> <span class='ocrx_word' id='word_1_46' title='bbox 1910 724 2122 793; x_wconf 81' lang='lat' dir='ltr'><strong>quidem</strong></span> 
     </span>
    </p>
   </div>
   <div class='ocr_carea' id='block_1_9' title="bbox 541 814 2120 884">
    <p class='ocr_par' dir='ltr' id='par_1_9' title="bbox 541 814 2120 884">
     <span class='ocr_line' id='line_1_9' title="bbox 541 814 2120 884; baseline -0.004 -14"><span class='ocrx_word' id='word_1_47' title='bbox 541 819 776 870; x_wconf 88' lang='lat' dir='ltr'><strong>omnium</strong></span> <span class='ocrx_word' id='word_1_48' title='bbox 807 827 973 870; x_wconf 88' lang='lat' dir='ltr'><strong>mater</strong></span> <span class='ocrx_word' id='word_1_49' title='bbox 1007 828 1080 870; x_wconf 82' lang='lat' dir='ltr'><strong>est</strong></span> <span class='ocrx_word' id='word_1_50' title='bbox 1106 819 1190 881; x_wconf 82' lang='grc'><strong>²²;</strong></span> <span class='ocrx_word' id='word_1_51' title='bbox 1229 816 1320 870; x_wconf 86' lang='lat' dir='ltr'><strong>hic</strong></span> <span class='ocrx_word' id='word_1_52' title='bbox 1353 815 1514 878; x_wconf 87' lang='lat' dir='ltr'><strong>idem,</strong></span> <span class='ocrx_word' id='word_1_53' title='bbox 1553 829 1647 882; x_wconf 89' lang='lat' dir='ltr'><strong>per</strong></span> <span class='ocrx_word' id='word_1_54' title='bbox 1685 814 2120 884; x_wconf 77' lang='lat' dir='ltr'><strong>imprudentiam,</strong></span> 
     </span>
    </p>
   </div>
   <div class='ocr_carea' id='block_1_10' title="bbox 545 906 2124 980">
    <p class='ocr_par' dir='ltr' id='par_1_10' title="bbox 545 906 2124 980">
     <span class='ocr_line' id='line_1_10' title="bbox 545 906 2124 980; baseline -0.004 -16"><span class='ocrx_word' id='word_1_55' title='bbox 545 919 640 964; x_wconf 88' lang='lat' dir='ltr'><strong>aut</strong></span> <span class='ocrx_word' id='word_1_56' title='bbox 673 911 814 980; x_wconf 87' lang='lat' dir='ltr'><strong>quod</strong></span> <span class='ocrx_word' id='word_1_57' title='bbox 844 912 1076 976; x_wconf 75' lang='lat' dir='ltr'><strong>ignoret,</strong></span> <span class='ocrx_word' id='word_1_58' title='bbox 1115 909 1200 964; x_wconf 84' lang='lat' dir='ltr'><strong>vel</strong></span> <span class='ocrx_word' id='word_1_59' title='bbox 1229 919 1378 965; x_wconf 87' lang='lat' dir='ltr'><strong>certe</strong></span> <span class='ocrx_word' id='word_1_60' title='bbox 1418 907 1600 964; x_wconf 89' lang='lat' dir='ltr'><strong>sciens</strong></span> <span class='ocrx_word' id='word_1_61' title='bbox 1635 906 1929 976; x_wconf 81' lang='lat' dir='ltr'><strong>volensque</strong></span> <span class='ocrx_word' id='word_1_62' title='bbox 1961 906 2124 960; x_wconf 85' lang='lat' dir='ltr'><strong>verba</strong></span> 
     </span>
    </p>
   </div>
   <div class='ocr_carea' id='block_1_11' title="bbox 545 995 2126 1070">
    <p class='ocr_par' dir='ltr' id='par_1_11' title="bbox 545 995 2126 1070">
     <span class='ocr_line' id='line_1_11' title="bbox 545 995 2126 1070; baseline -0.004 -13"><span class='ocrx_word' id='word_1_63' title='bbox 545 1001 634 1057; x_wconf 87' lang='lat' dir='ltr'><strong>illa</strong></span> <span class='ocrx_word' id='word_1_64' title='bbox 659 1002 940 1070; x_wconf 81' lang='lat' dir='ltr'><strong>depravat,</strong></span> <span class='ocrx_word' id='word_1_65' title='bbox 971 1001 1094 1054; x_wconf 92' lang='lat' dir='ltr'><strong>dum</strong></span> <span class='ocrx_word' id='word_1_66' title='bbox 1131 1000 1196 1054; x_wconf 88' lang='lat' dir='ltr'><strong>ad</strong></span> <span class='ocrx_word' id='word_1_67' title='bbox 1231 1000 1390 1054; x_wconf 90' lang='lat' dir='ltr'><strong>istum</strong></span> <span class='ocrx_word' id='word_1_68' title='bbox 1422 999 1641 1052; x_wconf 88' lang='lat' dir='ltr'><strong>modum</strong></span> <span class='ocrx_word' id='word_1_69' title='bbox 1675 996 1864 1054; x_wconf 82' lang='lat' dir='ltr'><strong>scribit</strong></span> <span class='ocrx_word' id='word_1_70' title='bbox 1889 1014 1904 1050; x_wconf 89' lang='lat'><strong>:</strong></span> <span class='ocrx_word' id='word_1_71' title='bbox 1929 995 2126 1050; x_wconf 85' lang='lat' dir='ltr'><strong>Nostra</strong></span> 
     </span>
    </p>
   </div>
   <div class='ocr_carea' id='block_1_12' title="bbox 543 1087 2127 1158">
    <p class='ocr_par' dir='ltr' id='par_1_12' title="bbox 543 1087 2127 1158">
     <span class='ocr_line' id='line_1_12' title="bbox 543 1087 2127 1158; baseline -0.004 -10"><span class='ocrx_word' id='word_1_72' title='bbox 543 1104 722 1148; x_wconf 69' lang='lat' dir='ltr'><strong>aiizem</strong></span> <span class='ocrx_word' id='word_1_73' title='bbox 743 1091 1046 1146; x_wconf 80' lang='lat' dir='ltr'><strong>Jerusalem</strong></span> <span class='ocrx_word' id='word_1_74' title='bbox 1083 1105 1293 1144; x_wconf 85' lang='lat' dir='ltr'><strong>sursum</strong></span> <span class='ocrx_word' id='word_1_75' title='bbox 1328 1099 1424 1144; x_wconf 87' lang='lat' dir='ltr'><strong>est.</strong></span> <span class='ocrx_word' id='word_1_76' title='bbox 1459 1089 1583 1158; x_wconf 83' lang='lat' dir='ltr'><strong>Ipsa</strong></span> <span class='ocrx_word' id='word_1_77' title='bbox 1621 1089 1757 1142; x_wconf 87' lang='lat' dir='ltr'><strong>enim</strong></span> <span class='ocrx_word' id='word_1_78' title='bbox 1786 1089 1840 1142; x_wconf 85' lang='lat' dir='ltr'><strong>in</strong></span> <span class='ocrx_word' id='word_1_79' title='bbox 1883 1087 2127 1142; x_wconf 81' lang='lat' dir='ltr'><strong>servitute</strong></span> 
     </span>
    </p>
   </div>
   <div class='ocr_carea' id='block_1_13' title="bbox 547 1179 2128 1254">
    <p class='ocr_par' dir='ltr' id='par_1_13' title="bbox 547 1179 2128 1254">
     <span class='ocr_line' id='line_1_13' title="bbox 547 1179 2128 1254; baseline -0.003 -16"><span class='ocrx_word' id='word_1_80' title='bbox 547 1197 622 1240; x_wconf 82' lang='lat' dir='ltr'><strong>est</strong></span> <span class='ocrx_word' id='word_1_81' title='bbox 645 1203 761 1239; x_wconf 83' lang='lat' dir='ltr'><strong>cum</strong></span> <span class='ocrx_word' id='word_1_82' title='bbox 789 1186 918 1254; x_wconf 79' lang='lat' dir='ltr'><strong>ﬁliis</strong></span> <span class='ocrx_word' id='word_1_83' title='bbox 945 1186 1076 1238; x_wconf 84' lang='lat' dir='ltr'><strong>suis.</strong></span> <span class='ocrx_word' id='word_1_84' title='bbox 1116 1183 1301 1238; x_wconf 86' lang='lat' dir='ltr'><strong>Tertio</strong></span> <span class='ocrx_word' id='word_1_85' title='bbox 1329 1183 1416 1236; x_wconf 91' lang='lat' dir='ltr'><strong>ubi</strong></span> <span class='ocrx_word' id='word_1_86' title='bbox 1441 1181 1658 1236; x_wconf 87' lang='lat' dir='ltr'><strong>Petrum</strong></span> <span class='ocrx_word' id='word_1_87' title='bbox 1683 1181 1762 1237; x_wconf 87' lang='lat' dir='ltr'><strong>sic</strong></span> <span class='ocrx_word' id='word_1_88' title='bbox 1786 1179 1982 1235; x_wconf 74' lang='lat' dir='ltr'><strong>affatur</strong></span> <span class='ocrx_word' id='word_1_89' title='bbox 2003 1179 2128 1236; x_wconf 86' lang='lat' dir='ltr'><strong>Ser-</strong></span> 
     </span>
    </p>
   </div>
   <div class='ocr_carea' id='block_1_14' title="bbox 547 1269 2136 1343">
    <p class='ocr_par' dir='ltr' id='par_1_14' title="bbox 547 1269 2136 1343">
     <span class='ocr_line' id='line_1_14' title="bbox 547 1269 2136 1343; baseline -0.006 -11"><span class='ocrx_word' id='word_1_90' title='bbox 547 1289 704 1334; x_wconf 87' lang='lat' dir='ltr'><strong>vator</strong></span> <span class='ocrx_word' id='word_1_91' title='bbox 731 1277 806 1330; x_wconf 77' lang='lat'><strong>“2</strong></span> <span class='ocrx_word' id='word_1_92' title='bbox 831 1277 928 1328; x_wconf 84' lang='lat' dir='ltr'><strong>Abi</strong></span> <span class='ocrx_word' id='word_1_93' title='bbox 949 1275 1012 1328; x_wconf 89' lang='lat' dir='ltr'><strong>de</strong></span> <span class='ocrx_word' id='word_1_94' title='bbox 1033 1283 1144 1343; x_wconf 85' lang='lat' dir='ltr'><strong>post</strong></span> <span class='ocrx_word' id='word_1_95' title='bbox 1171 1289 1269 1338; x_wconf 82' lang='lat' dir='ltr'><strong>me,</strong></span> <span class='ocrx_word' id='word_1_96' title='bbox 1305 1273 1514 1337; x_wconf 86' lang='lat' dir='ltr'><strong>Satan;</strong></span> <span class='ocrx_word' id='word_1_97' title='bbox 1545 1272 1794 1328; x_wconf 80' lang='lat' dir='ltr'><strong>seandalo</strong></span> <span class='ocrx_word' id='word_1_98' title='bbox 1829 1273 1966 1324; x_wconf 85' lang='lat' dir='ltr'><strong>enim</strong></span> <span class='ocrx_word' id='word_1_99' title='bbox 1999 1269 2136 1324; x_wconf 82' lang='lat' dir='ltr'><strong>milii-</strong></span> 
     </span>
    </p>
   </div>
   <div class='ocr_carea' id='block_1_15' title="bbox 547 1361 2128 1434">
    <p class='ocr_par' dir='ltr' id='par_1_15' title="bbox 547 1361 2128 1434">
     <span class='ocr_line' id='line_1_15' title="bbox 547 1361 2128 1434; baseline -0.006 -11"><span class='ocrx_word' id='word_1_100' title='bbox 547 1385 758 1434; x_wconf 87' lang='lat' dir='ltr'><strong>es,cum</strong></span> <span class='ocrx_word' id='word_1_101' title='bbox 777 1383 878 1422; x_wconf 88' lang='lat' dir='ltr'><strong>non</strong></span> <span class='ocrx_word' id='word_1_102' title='bbox 903 1367 1074 1434; x_wconf 78' lang='lat' dir='ltr'><strong>sapias</strong></span> <span class='ocrx_word' id='word_1_103' title='bbox 1107 1380 1166 1418; x_wconf 91' lang='lat' dir='ltr'><strong>ea</strong></span> <span class='ocrx_word' id='word_1_104' title='bbox 1190 1379 1307 1433; x_wconf 66' lang='grc' dir='ltr'>(μίαν</span> <span class='ocrx_word' id='word_1_105' title='bbox 1338 1363 1432 1416; x_wconf 95' lang='lat' dir='ltr'><strong>Dei</strong></span> <span class='ocrx_word' id='word_1_106' title='bbox 1455 1372 1600 1428; x_wconf 89' lang='lat' dir='ltr'><strong>sunt,</strong></span> <span class='ocrx_word' id='word_1_107' title='bbox 1625 1362 1712 1416; x_wconf 89' lang='lat' dir='ltr'><strong>sed</strong></span> <span class='ocrx_word' id='word_1_108' title='bbox 1743 1377 1859 1430; x_wconf 69' lang='lat' dir='ltr'><strong>quia</strong></span> <span class='ocrx_word' id='word_1_109' title='bbox 1881 1370 2000 1416; x_wconf 80' lang='lat' dir='ltr'><strong>sunt</strong></span> <span class='ocrx_word' id='word_1_110' title='bbox 2031 1361 2128 1414; x_wconf 80' lang='lat' dir='ltr'><strong>lio-</strong></span> 
     </span>
    </p>
   </div>
   <div class='ocr_carea' id='block_1_16' title="bbox 550 1453 2132 1525">
    <p class='ocr_par' dir='ltr' id='par_1_16' title="bbox 550 1453 2132 1525">
     <span class='ocr_line' id='line_1_16' title="bbox 550 1453 2132 1525; baseline -0.004 -13"><span class='ocrx_word' id='word_1_111' title='bbox 550 1461 778 1525; x_wconf 86' lang='lat' dir='ltr'><strong>minum,</strong></span> <span class='ocrx_word' id='word_1_112' title='bbox 807 1458 1027 1512; x_wconf 83' lang='lat' dir='ltr'><strong>minime</strong></span> <span class='ocrx_word' id='word_1_113' title='bbox 1079 1455 1380 1524; x_wconf 76' lang='lat' dir='ltr'><strong>intelligens</strong></span> <span class='ocrx_word' id='word_1_114' title='bbox 1419 1455 1688 1523; x_wconf 84' lang='lat' dir='ltr'><strong>quomodo</strong></span> <span class='ocrx_word' id='word_1_115' title='bbox 1731 1456 1844 1508; x_wconf 55' lang='lat' dir='ltr'><strong>haec</strong></span> <span class='ocrx_word' id='word_1_116' title='bbox 1884 1453 2132 1508; x_wconf 84' lang='lat' dir='ltr'><strong>dicantur</strong></span> 
     </span>
    </p>
   </div>
   <div class='ocr_carea' id='block_1_17' title="bbox 552 1544 2129 1619">
    <p class='ocr_par' dir='ltr' id='par_1_17' title="bbox 552 1544 2129 1619">
     <span class='ocr_line' id='line_1_17' title="bbox 552 1544 2129 1619; baseline -0.004 -14"><span class='ocrx_word' id='word_1_117' title='bbox 552 1552 619 1605; x_wconf 88' lang='lat' dir='ltr'><strong>ad</strong></span> <span class='ocrx_word' id='word_1_118' title='bbox 657 1548 994 1619; x_wconf 85' lang='lat' dir='ltr'><strong>Apostolum,</strong></span> <span class='ocrx_word' id='word_1_119' title='bbox 1032 1556 1126 1601; x_wconf 88' lang='lat' dir='ltr'><strong>aut</strong></span> <span class='ocrx_word' id='word_1_120' title='bbox 1153 1561 1441 1616; x_wconf 82' lang='lat' dir='ltr'><strong>quorsum,</strong></span> <span class='ocrx_word' id='word_1_121' title='bbox 1485 1546 1716 1600; x_wconf 80' lang='lat' dir='ltr'><strong>allirmat</strong></span> <span class='ocrx_word' id='word_1_122' title='bbox 1750 1546 1816 1598; x_wconf 86' lang='lat' dir='ltr'><strong>ad</strong></span> <span class='ocrx_word' id='word_1_123' title='bbox 1859 1544 2129 1600; x_wconf 87' lang='lat' dir='ltr'><strong>diabolum</strong></span> 
     </span>
    </p>
   </div>
   <div class='ocr_carea' id='block_1_18' title="bbox 553 1635 2133 1710">
    <p class='ocr_par' dir='ltr' id='par_1_18' title="bbox 553 1635 2133 1710">
     <span class='ocr_line' id='line_1_18' title="bbox 553 1635 2133 1710; baseline -0.003 -16"><span class='ocrx_word' id='word_1_124' title='bbox 553 1655 676 1695; x_wconf 89' lang='lat' dir='ltr'><strong>esse</strong></span> <span class='ocrx_word' id='word_1_125' title='bbox 697 1640 861 1694; x_wconf 89' lang='lat' dir='ltr'><strong>dicta.</strong></span> <span class='ocrx_word' id='word_1_126' title='bbox 883 1637 1199 1710; x_wconf 73' lang='lat' dir='ltr'><strong>Huiusmodi</strong></span> <span class='ocrx_word' id='word_1_127' title='bbox 1235 1637 1320 1691; x_wconf 91' lang='lat' dir='ltr'><strong>ille</strong></span> <span class='ocrx_word' id='word_1_128' title='bbox 1343 1637 1792 1695; x_wconf 81' lang='lat' dir='ltr'><strong>liallucinationes</strong></span> <span class='ocrx_word' id='word_1_129' title='bbox 1821 1635 1982 1691; x_wconf 87' lang='lat' dir='ltr'><strong>simul</strong></span> <span class='ocrx_word' id='word_1_130' title='bbox 2003 1649 2133 1690; x_wconf 92' lang='lat' dir='ltr'><strong>con-</strong></span> 
     </span>
    </p>
   </div>
   <div class='ocr_carea' id='block_1_19' title="bbox 557 1729 2130 1802">
    <p class='ocr_par' dir='ltr' id='par_1_19' title="bbox 557 1729 2130 1802">
     <span class='ocr_line' id='line_1_19' title="bbox 557 1729 2130 1802; baseline -0.003 -16"><span class='ocrx_word' id='word_1_131' title='bbox 557 1741 736 1802; x_wconf 81' lang='lat' dir='ltr'><strong>gestas</strong></span> <span class='ocrx_word' id='word_1_132' title='bbox 784 1745 888 1785; x_wconf 89' lang='lat' dir='ltr'><strong>una</strong></span> <span class='ocrx_word' id='word_1_133' title='bbox 943 1731 1100 1785; x_wconf 91' lang='lat' dir='ltr'><strong>modo</strong></span> <span class='ocrx_word' id='word_1_134' title='bbox 1158 1729 1381 1800; x_wconf 87' lang='lat' dir='ltr'><strong>periodo</strong></span> <span class='ocrx_word' id='word_1_135' title='bbox 1423 1729 1868 1799; x_wconf 84' lang='lat' dir='ltr'><strong>comprehendit,</strong></span> <span class='ocrx_word' id='word_1_136' title='bbox 1909 1729 2130 1783; x_wconf 85' lang='lat' dir='ltr'><strong>totidem</strong></span> 
     </span>
    </p>
   </div>
   <div class='ocr_carea' id='block_1_20' title="bbox 2223 538 3803 612">
    <p class='ocr_par' dir='ltr' id='par_1_20' title="bbox 2223 538 3803 612">
     <span class='ocr_line' id='line_1_20' title="bbox 2223 538 3803 612; baseline -0.001 -18"><span class='ocrx_word' id='word_1_137' title='bbox 2223 541 2359 612; x_wconf 84' lang='grc' dir='ltr'>πρὸς</span> <span class='ocrx_word' id='word_1_138' title='bbox 2406 539 2652 603; x_wconf 81' lang='grc' dir='ltr'><strong>Γαλάτας</strong></span> <span class='ocrx_word' id='word_1_139' title='bbox 2709 539 2963 610; x_wconf 76' lang='grc' dir='ltr'><strong>ἐπιστολῇ</strong></span> <span class='ocrx_word' id='word_1_140' title='bbox 3019 538 3206 592; x_wconf 80' lang='grc' dir='ltr'>τοῦτον</span> <span class='ocrx_word' id='word_1_141' title='bbox 3247 539 3339 592; x_wconf 87' lang='grc' dir='ltr'><strong>τὸν</strong></span> <span class='ocrx_word' id='word_1_142' title='bbox 3384 539 3614 609; x_wconf 83' lang='grc' dir='ltr'>τρόπον·</span> <span class='ocrx_word' id='word_1_143' title='bbox 3651 541 3712 595; x_wconf 85' lang='grc' dir='ltr'><strong><em>Ἡ</em></strong></span> <span class='ocrx_word' id='word_1_144' title='bbox 3735 541 3803 593; x_wconf 67' lang='grc' dir='ltr'>δὲ</span> 
     </span>
    </p>
   </div>
   <div class='ocr_carea' id='block_1_21' title="bbox 2223 629 3840 700">
    <p class='ocr_par' dir='ltr' id='par_1_21' title="bbox 2223 629 3840 700">
     <span class='ocr_line' id='line_1_21' title="bbox 2223 629 3840 700; baseline 0.001 -15"><span class='ocrx_word' id='word_1_145' title='bbox 2223 632 2345 685; x_wconf 78' lang='grc' dir='ltr'><strong>ἅνω</strong></span> <span class='ocrx_word' id='word_1_146' title='bbox 2379 631 2768 700; x_wconf 73' lang='grc' dir='ltr'>Ἰερουσαλὴμ</span> <span class='ocrx_word' id='word_1_147' title='bbox 2807 630 3093 698; x_wconf 78' lang='grc' dir='ltr'>ἐλευθέρα</span> <span class='ocrx_word' id='word_1_148' title='bbox 3130 629 3302 685; x_wconf 77' lang='grc' dir='ltr'>ἐστὶν</span> <span class='ocrx_word' id='word_1_149' title='bbox 3321 671 3335 694; x_wconf 93' lang='grc'><strong>,</strong></span> <span class='ocrx_word' id='word_1_150' title='bbox 3369 631 3501 698; x_wconf 81' lang='grc' dir='ltr'>ἥτις</span> <span class='ocrx_word' id='word_1_151' title='bbox 3523 630 3653 685; x_wconf 77' lang='grc' dir='ltr'>ἐστὶ</span> <span class='ocrx_word' id='word_1_152' title='bbox 3685 633 3770 700; x_wconf 80' lang='grc' dir='ltr'>μή</span> <span class='ocrx_word' id='word_1_153' title='bbox 3797 667 3804 672; x_wconf 85' lang='grc'><strong><em>-</em></strong></span> <span class='ocrx_word' id='word_1_154' title='bbox 3833 685 3840 696; x_wconf 35' lang='grc' dir='ltr'>ε</span> 
     </span>
    </p>
   </div>
   <div class='ocr_carea' id='block_1_22' title="bbox 2223 709 3842 794">
    <p class='ocr_par' dir='ltr' id='par_1_22' title="bbox 2223 709 3842 794">
     <span class='ocr_line' id='line_1_22' title="bbox 2223 709 3842 794; baseline 0.001 -18"><span class='ocrx_word' id='word_1_155' title='bbox 2223 739 2334 791; x_wconf 81' lang='grc' dir='ltr'><strong>τηρ</strong></span> <span class='ocrx_word' id='word_1_156' title='bbox 2353 719 2522 792; x_wconf 72' lang='grc' dir='ltr'><strong>ἡμῶν</strong></span> <span class='ocrx_word' id='word_1_157' title='bbox 2543 721 2856 777; x_wconf 81' lang='grc' dir='ltr'><em>ἁπάντων·</em></span> <span class='ocrx_word' id='word_1_158' title='bbox 2899 721 3106 786; x_wconf 79' lang='grc' dir='ltr'>ἔλαθεν,</span> <span class='ocrx_word' id='word_1_159' title='bbox 3134 723 3167 793; x_wconf 81' lang='grc' dir='ltr'>ἢ</span> <span class='ocrx_word' id='word_1_160' title='bbox 3228 722 3328 776; x_wconf 82' lang='grc' dir='ltr'><strong>οὐκ</strong></span> <span class='ocrx_word' id='word_1_161' title='bbox 3359 723 3598 794; x_wconf 78' lang='grc' dir='ltr'>ἐνόησεν,</span> <span class='ocrx_word' id='word_1_162' title='bbox 3640 723 3673 794; x_wconf 78' lang='grc' dir='ltr'><strong>ἢ</strong></span> <span class='ocrx_word' id='word_1_163' title='bbox 3711 725 3804 777; x_wconf 73' lang='grc' dir='ltr'>καὶ</span> <span class='ocrx_word' id='word_1_164' title='bbox 3833 709 3842 730; x_wconf 33' lang='grc' dir='ltr'><strong>ἲ</strong></span> 
     </span>
    </p>
   </div>
   <div class='ocr_carea' id='block_1_23' title="bbox 2225 811 3806 883">
    <p class='ocr_par' dir='ltr' id='par_1_23' title="bbox 2225 811 3806 883">
     <span class='ocr_line' id='line_1_23' title="bbox 2225 811 3806 883; baseline 0.001 -17"><span class='ocrx_word' id='word_1_165' title='bbox 2225 813 2365 867; x_wconf 77' lang='grc' dir='ltr'>ἑκὼν</span> <span class='ocrx_word' id='word_1_166' title='bbox 2397 813 2708 883; x_wconf 78' lang='grc' dir='ltr'><strong>διαστρέφει</strong></span> <span class='ocrx_word' id='word_1_167' title='bbox 2741 811 2832 866; x_wconf 85' lang='grc' dir='ltr'>τὸν</span> <span class='ocrx_word' id='word_1_168' title='bbox 2857 813 3011 881; x_wconf 89' lang='grc' dir='ltr'>λόγον</span> <span class='ocrx_word' id='word_1_169' title='bbox 3037 813 3262 883; x_wconf 87' lang='grc' dir='ltr'>γράφων</span> <span class='ocrx_word' id='word_1_170' title='bbox 3281 831 3294 843; x_wconf 90' lang='grc'><strong>·</strong></span> <span class='ocrx_word' id='word_1_171' title='bbox 3343 815 3406 867; x_wconf 84' lang='grc' dir='ltr'>Ἡ</span> <span class='ocrx_word' id='word_1_172' title='bbox 3451 812 3519 866; x_wconf 83' lang='grc' dir='ltr'>δὲ</span> <span class='ocrx_word' id='word_1_173' title='bbox 3550 813 3806 883; x_wconf 73' lang='grc' dir='ltr'>ἡμετέρα</span> 
     </span>
    </p>
   </div>
   <div class='ocr_carea' id='block_1_24' title="bbox 2235 906 3804 978">
    <p class='ocr_par' dir='ltr' id='par_1_24' title="bbox 2235 906 3804 978">
     <span class='ocr_line' id='line_1_24' title="bbox 2235 906 3804 978; baseline -0.001 -14"><span class='ocrx_word' id='word_1_174' title='bbox 2235 909 2641 978; x_wconf 73' lang='grc' dir='ltr'>Ἰερουσαλὴμ,</span> <span class='ocrx_word' id='word_1_175' title='bbox 2668 907 2790 962; x_wconf 82' lang='grc' dir='ltr'><strong>ἄνω</strong></span> <span class='ocrx_word' id='word_1_176' title='bbox 2817 907 2952 961; x_wconf 80' lang='grc' dir='ltr'>ἐστι</span> <span class='ocrx_word' id='word_1_177' title='bbox 2970 923 2984 937; x_wconf 91' lang='grc'><strong>·</strong></span> <span class='ocrx_word' id='word_1_178' title='bbox 3022 906 3132 978; x_wconf 84' lang='grc'><strong>(68)</strong></span> <span class='ocrx_word' id='word_1_179' title='bbox 3181 907 3331 974; x_wconf 85' lang='grc' dir='ltr'>αὕτη</span> <span class='ocrx_word' id='word_1_180' title='bbox 3357 907 3469 976; x_wconf 79' lang='grc' dir='ltr'>γὰρ</span> <span class='ocrx_word' id='word_1_181' title='bbox 3529 907 3804 962; x_wconf 70' lang='grc' dir='ltr'>δουλεύει</span> 
     </span>
    </p>
   </div>
   <div class='ocr_carea' id='block_1_25' title="bbox 2221 995 3804 1073">
    <p class='ocr_par' dir='ltr' id='par_1_25' title="bbox 2221 995 3804 1073">
     <span class='ocr_line' id='line_1_25' title="bbox 2221 995 3804 1073; baseline -0.001 -17"><span class='ocrx_word' id='word_1_182' title='bbox 2221 1003 2372 1073; x_wconf 80' lang='grc' dir='ltr'>μετὰ</span> <span class='ocrx_word' id='word_1_183' title='bbox 2398 1002 2515 1055; x_wconf 85' lang='grc' dir='ltr'><strong>τῶν</strong></span> <span class='ocrx_word' id='word_1_184' title='bbox 2559 1000 2784 1054; x_wconf 83' lang='grc' dir='ltr'>τέκνων</span> <span class='ocrx_word' id='word_1_185' title='bbox 2832 999 3040 1069; x_wconf 82' lang='grc' dir='ltr'><strong>αὐτῆς.</strong></span> <span class='ocrx_word' id='word_1_186' title='bbox 3074 1000 3185 1053; x_wconf 76' lang='grc' dir='ltr'>Καὶ</span> <span class='ocrx_word' id='word_1_187' title='bbox 3238 995 3392 1063; x_wconf 77' lang='grc' dir='ltr'>αὖθις</span> <span class='ocrx_word' id='word_1_188' title='bbox 3423 1000 3516 1054; x_wconf 78' lang='grc' dir='ltr'>τοῦ</span> <span class='ocrx_word' id='word_1_189' title='bbox 3556 1001 3804 1072; x_wconf 80' lang='grc' dir='ltr'>Σωτῆρος</span> 
     </span>
    </p>
   </div>
   <div class='ocr_carea' id='block_1_26' title="bbox 2229 1092 3802 1167">
    <p class='ocr_par' dir='ltr' id='par_1_26' title="bbox 2229 1092 3802 1167">
     <span class='ocr_line' id='line_1_26' title="bbox 2229 1092 3802 1167; baseline -0.001 -20"><span class='ocrx_word' id='word_1_190' title='bbox 2229 1094 2384 1167; x_wconf 74' lang='grc' dir='ltr'>ἡμῶν</span> <span class='ocrx_word' id='word_1_191' title='bbox 2409 1093 2489 1163; x_wconf 83' lang='grc' dir='ltr'>τῷ</span> <span class='ocrx_word' id='word_1_192' title='bbox 2511 1093 2705 1165; x_wconf 83' lang='grc' dir='ltr'>Πέτρῳ</span> <span class='ocrx_word' id='word_1_193' title='bbox 2735 1092 3042 1164; x_wconf 78' lang='grc' dir='ltr'><strong>εἰρηκότος·</strong></span> <span class='ocrx_word' id='word_1_194' title='bbox 3064 1092 3174 1162; x_wconf 89' lang='lat'><strong>(69)</strong></span> <span class='ocrx_word' id='word_1_195' title='bbox 3205 1093 3419 1161; x_wconf 76' lang='grc' dir='ltr'>Ὕπαγε</span> <span class='ocrx_word' id='word_1_196' title='bbox 3448 1093 3639 1146; x_wconf 82' lang='grc' dir='ltr'><strong>ὀπίσω</strong></span> <span class='ocrx_word' id='word_1_197' title='bbox 3661 1111 3802 1162; x_wconf 85' lang='grc' dir='ltr'>μου,</span> 
     </span>
    </p>
   </div>
   <div class='ocr_carea' id='block_1_27' title="bbox 2229 1177 3808 1251">
    <p class='ocr_par' dir='ltr' id='par_1_27' title="bbox 2229 1177 3808 1251">
     <span class='ocr_line' id='line_1_27' title="bbox 2229 1177 3808 1251; baseline 0.001 -15"><span class='ocrx_word' id='word_1_198' title='bbox 2229 1181 2494 1239; x_wconf 79' lang='grc' dir='ltr'><strong>Σατανᾶ·</strong></span> <span class='ocrx_word' id='word_1_199' title='bbox 2557 1180 2908 1236; x_wconf 71' lang='grc' dir='ltr'><em>σκάνδαλον</em></span> <span class='ocrx_word' id='word_1_200' title='bbox 2965 1177 3026 1235; x_wconf 80' lang='grc' dir='ltr'>εἴ</span> <span class='ocrx_word' id='word_1_201' title='bbox 3073 1181 3220 1251; x_wconf 79' lang='grc' dir='ltr'>ἐμοὶ,</span> <span class='ocrx_word' id='word_1_202' title='bbox 3249 1182 3339 1235; x_wconf 85' lang='grc' dir='ltr'>ὅτι</span> <span class='ocrx_word' id='word_1_203' title='bbox 3379 1184 3450 1237; x_wconf 85' lang='grc' dir='ltr'>οὐ</span> <span class='ocrx_word' id='word_1_204' title='bbox 3471 1182 3711 1251; x_wconf 69' lang='grc' dir='ltr'>φρονεῖς</span> <span class='ocrx_word' id='word_1_205' title='bbox 3733 1184 3808 1238; x_wconf 79' lang='grc' dir='ltr'>τὰ</span> 
     </span>
    </p>
   </div>
   <div class='ocr_carea' id='block_1_28' title="bbox 2229 1271 3808 1340">
    <p class='ocr_par' dir='ltr' id='par_1_28' title="bbox 2229 1271 3808 1340">
     <span class='ocr_line' id='line_1_28' title="bbox 2229 1271 3808 1340; baseline -0.001 -13"><span class='ocrx_word' id='word_1_206' title='bbox 2229 1274 2337 1328; x_wconf 89' lang='grc' dir='ltr'>τοῦ</span> <span class='ocrx_word' id='word_1_207' title='bbox 2373 1273 2542 1338; x_wconf 82' lang='grc' dir='ltr'><strong>Θεοῦ,</strong></span> <span class='ocrx_word' id='word_1_208' title='bbox 2565 1274 2724 1328; x_wconf 74' lang='grc' dir='ltr'><strong>ἀλλὰ</strong></span> <span class='ocrx_word' id='word_1_209' title='bbox 2741 1274 2813 1328; x_wconf 82' lang='grc' dir='ltr'>τὰ</span> <span class='ocrx_word' id='word_1_210' title='bbox 2841 1271 2959 1327; x_wconf 82' lang='grc' dir='ltr'>τῶν</span> <span class='ocrx_word' id='word_1_211' title='bbox 2979 1272 3324 1340; x_wconf 77' lang='grc' dir='ltr'><strong>ἀνθρώπων,</strong></span> <span class='ocrx_word' id='word_1_212' title='bbox 3357 1273 3416 1326; x_wconf 85' lang='grc' dir='ltr'>οὺ</span> <span class='ocrx_word' id='word_1_213' title='bbox 3451 1275 3630 1336; x_wconf 79' lang='grc' dir='ltr'>συνεὶς</span> <span class='ocrx_word' id='word_1_214' title='bbox 3657 1274 3808 1337; x_wconf 80' lang='grc' dir='ltr'><strong>ὅπως</strong></span> 
     </span>
    </p>
   </div>
   <div class='ocr_carea' id='block_1_29' title="bbox 2231 1363 3808 1437">
    <p class='ocr_par' dir='ltr' id='par_1_29' title="bbox 2231 1363 3808 1437">
     <span class='ocr_line' id='line_1_29' title="bbox 2231 1363 3808 1437; baseline 0.001 -19"><span class='ocrx_word' id='word_1_215' title='bbox 2231 1367 2260 1418; x_wconf 78' lang='grc' dir='ltr'>ὁ</span> <span class='ocrx_word' id='word_1_216' title='bbox 2287 1365 2442 1435; x_wconf 80' lang='grc' dir='ltr'><strong>λόγος</strong></span> <span class='ocrx_word' id='word_1_217' title='bbox 2470 1366 2654 1437; x_wconf 76' lang='grc' dir='ltr'>εἴρητο</span> <span class='ocrx_word' id='word_1_218' title='bbox 2687 1365 2823 1435; x_wconf 82' lang='grc' dir='ltr'>πρὸς</span> <span class='ocrx_word' id='word_1_219' title='bbox 2852 1365 2942 1418; x_wconf 86' lang='grc' dir='ltr'>τὸν</span> <span class='ocrx_word' id='word_1_220' title='bbox 2987 1365 3320 1429; x_wconf 80' lang='grc' dir='ltr'>Ἀπόστολον,</span> <span class='ocrx_word' id='word_1_221' title='bbox 3353 1366 3448 1418; x_wconf 81' lang='grc' dir='ltr'>καὶ</span> <span class='ocrx_word' id='word_1_222' title='bbox 3506 1363 3594 1418; x_wconf 82' lang='grc' dir='ltr'>διὰ</span> <span class='ocrx_word' id='word_1_223' title='bbox 3647 1364 3808 1420; x_wconf 77' lang='grc' dir='ltr'>ποίαν</span> 
     </span>
    </p>
   </div>
   <div class='ocr_carea' id='block_1_30' title="bbox 2233 1455 3803 1528">
    <p class='ocr_par' dir='ltr' id='par_1_30' title="bbox 2233 1455 3803 1528">
     <span class='ocr_line' id='line_1_30' title="bbox 2233 1455 3803 1528; baseline -0.003 -18"><span class='ocrx_word' id='word_1_224' title='bbox 2233 1458 2432 1520; x_wconf 75' lang='grc' dir='ltr'>αἰτίαν,</span> <span class='ocrx_word' id='word_1_225' title='bbox 2469 1457 2605 1528; x_wconf 81' lang='grc' dir='ltr'>πρὸς</span> <span class='ocrx_word' id='word_1_226' title='bbox 2659 1457 2748 1512; x_wconf 82' lang='grc' dir='ltr'><strong>τὸν</strong></span> <span class='ocrx_word' id='word_1_227' title='bbox 2805 1455 3049 1510; x_wconf 77' lang='grc' dir='ltr'>διάϐολον</span> <span class='ocrx_word' id='word_1_228' title='bbox 3102 1456 3273 1510; x_wconf 85' lang='grc' dir='ltr'>ταῦτα</span> <span class='ocrx_word' id='word_1_229' title='bbox 3314 1455 3560 1527; x_wconf 83' lang='grc' dir='ltr'><strong>λελέχθαι</strong></span> <span class='ocrx_word' id='word_1_230' title='bbox 3617 1456 3803 1527; x_wconf 78' lang='grc' dir='ltr'>φησὶν,</span> 
     </span>
    </p>
   </div>
   <div class='ocr_carea' id='block_1_31' title="bbox 2233 1547 3810 1620">
    <p class='ocr_par' dir='ltr' id='par_1_31' title="bbox 2233 1547 3810 1620">
     <span class='ocr_line' id='line_1_31' title="bbox 2233 1547 3810 1620; baseline -0.002 -17"><span class='ocrx_word' id='word_1_231' title='bbox 2233 1547 2366 1620; x_wconf 81' lang='grc' dir='ltr'>ὁμοῦ</span> <span class='ocrx_word' id='word_1_232' title='bbox 2405 1549 2468 1620; x_wconf 81' lang='grc' dir='ltr'>δὴ</span> <span class='ocrx_word' id='word_1_233' title='bbox 2511 1547 2738 1602; x_wconf 80' lang='grc' dir='ltr'>τοιαῦτα</span> <span class='ocrx_word' id='word_1_234' title='bbox 2789 1547 3084 1619; x_wconf 81' lang='grc' dir='ltr'>σφάλματα</span> <span class='ocrx_word' id='word_1_235' title='bbox 3113 1548 3218 1601; x_wconf 80' lang='grc' dir='ltr'>ὑπὸ</span> <span class='ocrx_word' id='word_1_236' title='bbox 3276 1547 3401 1618; x_wconf 83' lang='grc' dir='ltr'>μίαν</span> <span class='ocrx_word' id='word_1_237' title='bbox 3433 1547 3613 1619; x_wconf 86' lang='grc' dir='ltr'>τίθησι</span> <span class='ocrx_word' id='word_1_238' title='bbox 3653 1563 3810 1618; x_wconf 88' lang='grc' dir='ltr'>περι-</span> 
     </span>
    </p>
   </div>
   <div class='ocr_carea' id='block_1_32' title="bbox 2235 1638 3810 1712">
    <p class='ocr_par' dir='ltr' id='par_1_32' title="bbox 2235 1638 3810 1712">
     <span class='ocr_line' id='line_1_32' title="bbox 2235 1638 3810 1712; baseline -0.002 -17"><span class='ocrx_word' id='word_1_239' title='bbox 2235 1641 2428 1712; x_wconf 83' lang='grc' dir='ltr'>κοπὴν,</span> <span class='ocrx_word' id='word_1_240' title='bbox 2450 1640 2724 1706; x_wconf 77' lang='grc' dir='ltr'>αὐτολεξεὶ</span> <span class='ocrx_word' id='word_1_241' title='bbox 2750 1640 2938 1694; x_wconf 79' lang='grc' dir='ltr'>τοῦτον</span> <span class='ocrx_word' id='word_1_242' title='bbox 2967 1641 3194 1709; x_wconf 76' lang='grc' dir='ltr'>γράφων</span> <span class='ocrx_word' id='word_1_243' title='bbox 3213 1639 3304 1692; x_wconf 80' lang='grc' dir='ltr'>τὸν</span> <span class='ocrx_word' id='word_1_244' title='bbox 3324 1638 3520 1711; x_wconf 85' lang='grc' dir='ltr'>τρόπον</span> <span class='ocrx_word' id='word_1_245' title='bbox 3543 1657 3556 1669; x_wconf 90' lang='grc'><strong>·</strong></span> <span class='ocrx_word' id='word_1_246' title='bbox 3622 1657 3642 1692; x_wconf 71' lang='grc' dir='ltr'>ι</span> <span class='ocrx_word' id='word_1_247' title='bbox 3687 1640 3810 1694; x_wconf 86' lang='grc' dir='ltr'>Ὅτι</span> 
     </span>
    </p>
   </div>
   <div class='ocr_carea' id='block_1_33' title="bbox 2243 1729 3814 1803">
    <p class='ocr_par' dir='ltr' id='par_1_33' title="bbox 2243 1729 3814 1803">
     <span class='ocr_line' id='line_1_33' title="bbox 2243 1729 3814 1803; baseline 0 -18"><span class='ocrx_word' id='word_1_248' title='bbox 2243 1751 2260 1784; x_wconf 78' lang='lat' dir='ltr'><strong>t</strong></span> <span class='ocrx_word' id='word_1_249' title='bbox 2291 1732 2348 1785; x_wconf 81' lang='grc' dir='ltr'>δὲ</span> <span class='ocrx_word' id='word_1_250' title='bbox 2379 1731 2534 1785; x_wconf 81' lang='grc' dir='ltr'>οὐδὲν</span> <span class='ocrx_word' id='word_1_251' title='bbox 2576 1731 2746 1803; x_wconf 79' lang='grc' dir='ltr'>δνομα</span> <span class='ocrx_word' id='word_1_252' title='bbox 2779 1732 2960 1802; x_wconf 72' lang='grc' dir='ltr'>μεῖζον</span> <span class='ocrx_word' id='word_1_253' title='bbox 3003 1730 3176 1802; x_wconf 76' lang='grc' dir='ltr'>Ἰησοῦ</span> <span class='ocrx_word' id='word_1_254' title='bbox 3229 1731 3336 1784; x_wconf 81' lang='grc' dir='ltr'>τῶν</span> <span class='ocrx_word' id='word_1_255' title='bbox 3403 1732 3494 1784; x_wconf 73' lang='grc' dir='ltr'><strong>ἐπὶ</strong></span> <span class='ocrx_word' id='word_1_256' title='bbox 3553 1729 3651 1801; x_wconf 82' lang='grc' dir='ltr'><strong>τῆς</strong></span> <span class='ocrx_word' id='word_1_257' title='bbox 3707 1730 3814 1801; x_wconf 79' lang='grc' dir='ltr'><strong>γῆς</strong></span> 
     </span>
    </p>
   </div>
   <div class='ocr_carea' id='block_1_34' title="bbox 555 1817 2131 1896">
    <p class='ocr_par' dir='ltr' id='par_1_34' title="bbox 555 1820 2131 1892">
     <span class='ocr_line' id='line_1_34' title="bbox 555 1820 2131 1892; baseline -0.004 -11"><span class='ocrx_word' id='word_1_258' title='bbox 555 1829 700 1881; x_wconf 90' lang='lat' dir='ltr'><strong>enim</strong></span> <span class='ocrx_word' id='word_1_259' title='bbox 727 1827 904 1882; x_wconf 84' lang='lat' dir='ltr'><strong>verbis</strong></span> <span class='ocrx_word' id='word_1_260' title='bbox 927 1825 1170 1878; x_wconf 88' lang='lat' dir='ltr'><strong>disertim</strong></span> <span class='ocrx_word' id='word_1_261' title='bbox 1195 1823 1386 1877; x_wconf 87' lang='lat' dir='ltr'><strong>scribit</strong></span> <span class='ocrx_word' id='word_1_262' title='bbox 1423 1841 1434 1876; x_wconf 91' lang='lat'>:</span> <span class='ocrx_word' id='word_1_263' title='bbox 1467 1841 1484 1874; x_wconf 73' lang='grc' dir='ltr'><strong>ι</strong></span> <span class='ocrx_word' id='word_1_264' title='bbox 1511 1820 1726 1876; x_wconf 84' lang='lat' dir='ltr'><strong>Nullum</strong></span> <span class='ocrx_word' id='word_1_265' title='bbox 1753 1836 1914 1892; x_wconf 90' lang='lat' dir='ltr'><strong>porro</strong></span> <span class='ocrx_word' id='word_1_266' title='bbox 1937 1835 2131 1876; x_wconf 91' lang='lat' dir='ltr'><strong>nomen</strong></span> 
     </span>
    </p>
   </div>
   <div class='ocr_carea' id='block_1_35' title="bbox 2241 1817 3812 1896">
    <p class='ocr_par' dir='ltr' id='par_1_35' title="bbox 2242 1822 3812 1896">
     <span class='ocr_line' id='line_1_35' title="bbox 2242 1822 3812 1896; baseline 0 -20"><span class='ocrx_word' id='word_1_267' title='bbox 2242 1844 2261 1876; x_wconf 75' lang='grc' dir='ltr'><strong>ι</strong></span> <span class='ocrx_word' id='word_1_268' title='bbox 2301 1823 2707 1896; x_wconf 80' lang='grc' dir='ltr'><strong>ὀνομασθέντων</strong></span> <span class='ocrx_word' id='word_1_269' title='bbox 2739 1824 2948 1893; x_wconf 81' lang='grc' dir='ltr'>γέγονε,</span> <span class='ocrx_word' id='word_1_270' title='bbox 2979 1825 3242 1896; x_wconf 85' lang='grc' dir='ltr'>μαρτυρεῖ</span> <span class='ocrx_word' id='word_1_271' title='bbox 3263 1823 3360 1894; x_wconf 79' lang='grc' dir='ltr'>μὲν</span> <span class='ocrx_word' id='word_1_272' title='bbox 3382 1823 3442 1876; x_wconf 84' lang='grc' dir='ltr'><strong>τὸ</strong></span> <span class='ocrx_word' id='word_1_273' title='bbox 3459 1822 3812 1893; x_wconf 84' lang='grc' dir='ltr'>Εὑαγγέλιον,</span> 
     </span>
    </p>
   </div>
   <div class='ocr_carea' id='block_1_36' title="bbox 563 1911 2132 1992">
    <p class='ocr_par' dir='ltr' id='par_1_36' title="bbox 563 1911 2132 1992">
     <span class='ocr_line' id='line_1_36' title="bbox 563 1911 2132 1992; baseline -0.003 -21"><span class='ocrx_word' id='word_1_274' title='bbox 563 1939 583 1971; x_wconf 76' lang='grc' dir='ltr'><strong>ι</strong></span> <span class='ocrx_word' id='word_1_275' title='bbox 635 1919 724 1992; x_wconf 73' lang='grc' dir='ltr'><strong>[Β.</strong></span> <span class='ocrx_word' id='word_1_276' title='bbox 757 1917 798 1991; x_wconf 89' lang='grc'><strong>1]</strong></span> <span class='ocrx_word' id='word_1_277' title='bbox 836 1917 1189 1973; x_wconf 82' lang='lat' dir='ltr'><strong>excellentius</strong></span> <span class='ocrx_word' id='word_1_278' title='bbox 1227 1927 1464 1980; x_wconf 83' lang='lat' dir='ltr'><strong>exstare,</strong></span> <span class='ocrx_word' id='word_1_279' title='bbox 1481 1931 1638 1986; x_wconf 83' lang='lat' dir='ltr'><strong>quam</strong></span> <span class='ocrx_word' id='word_1_280' title='bbox 1665 1924 1748 1968; x_wconf 90' lang='lat' dir='ltr'><strong>est</strong></span> <span class='ocrx_word' id='word_1_281' title='bbox 1771 1929 1961 1970; x_wconf 88' lang='lat' dir='ltr'><strong>nomen</strong></span> <span class='ocrx_word' id='word_1_282' title='bbox 1983 1911 2132 1980; x_wconf 79' lang='lat' dir='ltr'><strong>Jesu,</strong></span> 
     </span>
    </p>
   </div>
   <div class='ocr_carea' id='block_1_37' title="bbox 563 2008 2137 2080">
    <p class='ocr_par' dir='ltr' id='par_1_37' title="bbox 563 2008 2137 2080">
     <span class='ocr_line' id='line_1_37' title="bbox 563 2008 2137 2080; baseline -0.003 -15"><span class='ocrx_word' id='word_1_283' title='bbox 563 2033 580 2065; x_wconf 81' lang='grc' dir='ltr'><strong>ι</strong></span> <span class='ocrx_word' id='word_1_284' title='bbox 631 2013 772 2068; x_wconf 90' lang='lat' dir='ltr'><strong>inter</strong></span> <span class='ocrx_word' id='word_1_285' title='bbox 806 2013 1142 2080; x_wconf 65' lang='lat' dir='ltr'><strong>omnia-qua:</strong></span> <span class='ocrx_word' id='word_1_286' title='bbox 1185 2011 1237 2063; x_wconf 91' lang='lat' dir='ltr'><strong>in</strong></span> <span class='ocrx_word' id='word_1_287' title='bbox 1289 2011 1449 2064; x_wconf 89' lang='lat' dir='ltr'><strong>terris</strong></span> <span class='ocrx_word' id='word_1_288' title='bbox 1493 2008 1873 2072; x_wconf 84' lang='lat' dir='ltr'><strong>nominantur,</strong></span> <span class='ocrx_word' id='word_1_289' title='bbox 1909 2015 2137 2060; x_wconf 85' lang='lat' dir='ltr'><strong>testatur</strong></span> 
     </span>
    </p>
   </div>
   <div class='ocr_carea' id='block_1_38' title="bbox 564 2100 2136 2172">
    <p class='ocr_par' dir='ltr' id='par_1_38' title="bbox 564 2100 2136 2172">
     <span class='ocr_line' id='line_1_38' title="bbox 564 2100 2136 2172; baseline -0.002 -17"><span class='ocrx_word' id='word_1_290' title='bbox 564 2123 582 2155; x_wconf 73' lang='grc' dir='ltr'><strong>ι</strong></span> <span class='ocrx_word' id='word_1_291' title='bbox 627 2119 690 2158; x_wconf 89' lang='lat' dir='ltr'><strong>eo</strong></span> <span class='ocrx_word' id='word_1_292' title='bbox 745 2104 863 2159; x_wconf 93' lang='lat' dir='ltr'><strong>loco</strong></span> <span class='ocrx_word' id='word_1_293' title='bbox 899 2101 1272 2172; x_wconf 79' lang='lat' dir='ltr'><strong>Evangelium,</strong></span> <span class='ocrx_word' id='word_1_294' title='bbox 1313 2101 1401 2156; x_wconf 88' lang='lat' dir='ltr'><strong>ubi</strong></span> <span class='ocrx_word' id='word_1_295' title='bbox 1453 2100 1676 2154; x_wconf 81' lang='lat' dir='ltr'><strong>Mariam</strong></span> <span class='ocrx_word' id='word_1_296' title='bbox 1729 2100 1796 2154; x_wconf 88' lang='lat' dir='ltr'><strong>ad</strong></span> <span class='ocrx_word' id='word_1_297' title='bbox 1835 2101 1976 2154; x_wconf 86' lang='lat' dir='ltr'><strong>hunc</strong></span> <span class='ocrx_word' id='word_1_298' title='bbox 2021 2113 2136 2152; x_wconf 90' lang='lat' dir='ltr'><strong>mo-</strong></span> 
     </span>
    </p>
   </div>
   <div class='ocr_carea' id='block_1_39' title="bbox 565 2188 2136 2264">
    <p class='ocr_par' dir='ltr' id='par_1_39' title="bbox 565 2188 2136 2264">
     <span class='ocr_line' id='line_1_39' title="bbox 565 2188 2136 2264; baseline -0.003 -18"><span class='ocrx_word' id='word_1_299' title='bbox 565 2213 584 2246; x_wconf 68' lang='grc' dir='ltr'><strong>ι</strong></span> <span class='ocrx_word' id='word_1_300' title='bbox 634 2197 758 2248; x_wconf 90' lang='lat' dir='ltr'><strong>dum</strong></span> <span class='ocrx_word' id='word_1_301' title='bbox 790 2193 1013 2264; x_wconf 81' lang='lat' dir='ltr'><strong>angelus</strong></span> <span class='ocrx_word' id='word_1_302' title='bbox 1053 2193 1349 2262; x_wconf 87' lang='lat' dir='ltr'><strong>alloquitur</strong></span> <span class='ocrx_word' id='word_1_303' title='bbox 1378 2209 1392 2245; x_wconf 91' lang='lat'>:</span> <span class='ocrx_word' id='word_1_304' title='bbox 1421 2190 1504 2244; x_wconf 88' lang='lat' dir='ltr'><strong>Ne</strong></span> <span class='ocrx_word' id='word_1_305' title='bbox 1529 2192 1712 2244; x_wconf 79' lang='lat' dir='ltr'><strong>timeas</strong></span> <span class='ocrx_word' id='word_1_306' title='bbox 1744 2199 1916 2244; x_wconf 86' lang='lat' dir='ltr'><strong>autem</strong></span> <span class='ocrx_word' id='word_1_307' title='bbox 1939 2188 2136 2252; x_wconf 79' lang='lat' dir='ltr'><strong>Maria,</strong></span> 
     </span>
    </p>
   </div>
   <div class='ocr_carea' id='block_1_40' title="bbox 564 2280 2138 2354">
    <p class='ocr_par' dir='ltr' id='par_1_40' title="bbox 564 2280 2138 2354">
     <span class='ocr_line' id='line_1_40' title="bbox 564 2280 2138 2354; baseline -0.003 -16"><span class='ocrx_word' id='word_1_308' title='bbox 564 2305 586 2338; x_wconf 73' lang='grc' dir='ltr'><strong>ι</strong></span> <span class='ocrx_word' id='word_1_309' title='bbox 630 2287 869 2340; x_wconf 83' lang='lat' dir='ltr'><strong>inreuisti</strong></span> <span class='ocrx_word' id='word_1_310' title='bbox 908 2287 1046 2340; x_wconf 87' lang='lat' dir='ltr'><strong>enim</strong></span> <span class='ocrx_word' id='word_1_311' title='bbox 1091 2286 1316 2354; x_wconf 84' lang='lat' dir='ltr'><strong>gratiam</strong></span> <span class='ocrx_word' id='word_1_312' title='bbox 1347 2283 1484 2351; x_wconf 86' lang='lat' dir='ltr'><strong>apud</strong></span> <span class='ocrx_word' id='word_1_313' title='bbox 1519 2280 1852 2337; x_wconf 82' lang='lat' dir='ltr'><strong>Deum.Ecce</strong></span> <span class='ocrx_word' id='word_1_314' title='bbox 1883 2281 2138 2349; x_wconf 85' lang='lat' dir='ltr'><strong>concipies</strong></span> 
     </span>
    </p>
   </div>
   <div class='ocr_carea' id='block_1_41' title="bbox 565 2371 2138 2446">
    <p class='ocr_par' dir='ltr' id='par_1_41' title="bbox 565 2371 2138 2446">
     <span class='ocr_line' id='line_1_41' title="bbox 565 2371 2138 2446; baseline -0.006 -13"><span class='ocrx_word' id='word_1_315' title='bbox 565 2397 588 2433; x_wconf 69' lang='grc' dir='ltr'>ι</span> <span class='ocrx_word' id='word_1_316' title='bbox 633 2381 686 2432; x_wconf 87' lang='lat' dir='ltr'><strong>in</strong></span> <span class='ocrx_word' id='word_1_317' title='bbox 725 2388 904 2443; x_wconf 88' lang='lat' dir='ltr'><strong>utero,</strong></span> <span class='ocrx_word' id='word_1_318' title='bbox 932 2387 977 2430; x_wconf 89' lang='lat' dir='ltr'><strong>et</strong></span> <span class='ocrx_word' id='word_1_319' title='bbox 1015 2378 1188 2446; x_wconf 82' lang='lat' dir='ltr'><strong>paries</strong></span> <span class='ocrx_word' id='word_1_320' title='bbox 1221 2375 1414 2444; x_wconf 81' lang='lat' dir='ltr'><strong>ﬁlium,</strong></span> <span class='ocrx_word' id='word_1_321' title='bbox 1449 2383 1498 2428; x_wconf 86' lang='lat' dir='ltr'><strong>et</strong></span> <span class='ocrx_word' id='word_1_322' title='bbox 1541 2374 1748 2428; x_wconf 79' lang='lat' dir='ltr'><strong>vocabis</strong></span> <span class='ocrx_word' id='word_1_323' title='bbox 1789 2389 1974 2426; x_wconf 82' lang='lat' dir='ltr'><strong>nomen</strong></span> <span class='ocrx_word' id='word_1_324' title='bbox 2025 2371 2138 2440; x_wconf 83' lang='lat' dir='ltr'><strong>ejus</strong></span> 
     </span>
    </p>
   </div>
   <div class='ocr_carea' id='block_1_42' title="bbox 569 2463 2140 2536">
    <p class='ocr_par' dir='ltr' id='par_1_42' title="bbox 569 2463 2140 2536">
     <span class='ocr_line' id='line_1_42' title="bbox 569 2463 2140 2536; baseline -0.005 -11"><span class='ocrx_word' id='word_1_325' title='bbox 569 2489 590 2525; x_wconf 75' lang='grc' dir='ltr'><strong>ι</strong></span> <span class='ocrx_word' id='word_1_326' title='bbox 636 2471 844 2526; x_wconf 87' lang='lat' dir='ltr'><strong>.lesum.</strong></span> <span class='ocrx_word' id='word_1_327' title='bbox 883 2467 988 2522; x_wconf 82' lang='lat' dir='ltr'><strong>Hic</strong></span> <span class='ocrx_word' id='word_1_328' title='bbox 1011 2471 1106 2522; x_wconf 85' lang='lat' dir='ltr'><strong>erit</strong></span> <span class='ocrx_word' id='word_1_329' title='bbox 1131 2482 1376 2536; x_wconf 86' lang='lat' dir='ltr'><strong>magnus,</strong></span> <span class='ocrx_word' id='word_1_330' title='bbox 1402 2476 1448 2520; x_wconf 91' lang='lat' dir='ltr'><strong>et</strong></span> <span class='ocrx_word' id='word_1_331' title='bbox 1481 2466 1622 2532; x_wconf 81' lang='lat' dir='ltr'><strong>ﬁlius</strong></span> <span class='ocrx_word' id='word_1_332' title='bbox 1649 2464 1908 2518; x_wconf 86' lang='lat' dir='ltr'><strong>Altissimi</strong></span> <span class='ocrx_word' id='word_1_333' title='bbox 1937 2463 2140 2517; x_wconf 77' lang='lat' dir='ltr'><strong>uocabi-</strong></span> 
     </span>
    </p>
   </div>
   <div class='ocr_carea' id='block_1_43' title="bbox 567 2554 2144 2627">
    <p class='ocr_par' dir='ltr' id='par_1_43' title="bbox 567 2554 2144 2627">
     <span class='ocr_line' id='line_1_43' title="bbox 567 2554 2144 2627; baseline -0.004 -13"><span class='ocrx_word' id='word_1_334' title='bbox 567 2580 590 2614; x_wconf 83' lang='grc'><strong>‹</strong></span> <span class='ocrx_word' id='word_1_335' title='bbox 631 2571 716 2614; x_wconf 84' lang='lat' dir='ltr'><strong>tur</strong></span> <span class='ocrx_word' id='word_1_336' title='bbox 741 2559 809 2614; x_wconf 76' lang='lat'><strong>“.</strong></span> <span class='ocrx_word' id='word_1_337' title='bbox 839 2558 958 2625; x_wconf 85' lang='lat' dir='ltr'><strong>Quo</strong></span> <span class='ocrx_word' id='word_1_338' title='bbox 996 2558 1048 2612; x_wconf 92' lang='lat' dir='ltr'><strong>in</strong></span> <span class='ocrx_word' id='word_1_339' title='bbox 1081 2557 1222 2620; x_wconf 86' lang='lat' dir='ltr'><strong>loco,</strong></span> <span class='ocrx_word' id='word_1_340' title='bbox 1259 2557 1401 2627; x_wconf 84' lang='lat' dir='ltr'><strong>quod</strong></span> <span class='ocrx_word' id='word_1_341' title='bbox 1439 2555 1752 2626; x_wconf 82' lang='lat' dir='ltr'><strong>pronuntiat</strong></span> <span class='ocrx_word' id='word_1_342' title='bbox 1792 2554 2034 2624; x_wconf 77' lang='lat' dir='ltr'><strong>angelus,</strong></span> <span class='ocrx_word' id='word_1_343' title='bbox 2063 2563 2144 2608; x_wconf 87' lang='lat' dir='ltr'><strong>te-</strong></span> 
     </span>
    </p>
   </div>
   <div class='ocr_carea' id='block_1_44' title="bbox 569 2641 2142 2719">
    <p class='ocr_par' dir='ltr' id='par_1_44' title="bbox 569 2641 2142 2719">
     <span class='ocr_line' id='line_1_44' title="bbox 569 2641 2142 2719; baseline -0.004 -12"><span class='ocrx_word' id='word_1_344' title='bbox 569 2671 591 2706; x_wconf 75' lang='grc'><strong>(</strong></span> <span class='ocrx_word' id='word_1_345' title='bbox 639 2661 812 2707; x_wconf 87' lang='lat' dir='ltr'><strong>statur</strong></span> <span class='ocrx_word' id='word_1_346' title='bbox 840 2659 894 2704; x_wconf 89' lang='lat' dir='ltr'><strong>et</strong></span> <span class='ocrx_word' id='word_1_347' title='bbox 923 2648 1206 2719; x_wconf 85' lang='lat' dir='ltr'><strong>prophetia</strong></span> <span class='ocrx_word' id='word_1_348' title='bbox 1243 2647 1537 2711; x_wconf 75' lang='lat' dir='ltr'><strong>Zachariae,</strong></span> <span class='ocrx_word' id='word_1_349' title='bbox 1573 2645 1660 2716; x_wconf 90' lang='lat' dir='ltr'><strong>qui</strong></span> <span class='ocrx_word' id='word_1_350' title='bbox 1697 2647 1762 2700; x_wconf 93' lang='lat' dir='ltr'><strong>de</strong></span> <span class='ocrx_word' id='word_1_351' title='bbox 1795 2641 1894 2698; x_wconf 81' lang='lat' dir='ltr'><strong>hoc</strong></span> <span class='ocrx_word' id='word_1_352' title='bbox 1927 2645 2142 2700; x_wconf 89' lang='lat' dir='ltr'><strong>nomine</strong></span> 
     </span>
    </p>
   </div>
   <div class='ocr_carea' id='block_1_45' title="bbox 573 2733 2140 2798">
    <p class='ocr_par' dir='ltr' id='par_1_45' title="bbox 573 2733 2140 2798">
     <span class='ocr_line' id='line_1_45' title="bbox 573 2733 2140 2798; baseline -0.004 -6"><span class='ocrx_word' id='word_1_353' title='bbox 573 2761 592 2792; x_wconf 78' lang='grc' dir='ltr'><strong>ι</strong></span> <span class='ocrx_word' id='word_1_354' title='bbox 641 2743 712 2795; x_wconf 85' lang='lat' dir='ltr'><strong>ita</strong></span> <span class='ocrx_word' id='word_1_355' title='bbox 743 2740 869 2796; x_wconf 92' lang='lat' dir='ltr'><strong>olim</strong></span> <span class='ocrx_word' id='word_1_356' title='bbox 887 2739 1213 2794; x_wconf 81' lang='lat' dir='ltr'><strong>vaticinatus</strong></span> <span class='ocrx_word' id='word_1_357' title='bbox 1237 2747 1319 2792; x_wconf 88' lang='lat' dir='ltr'><strong>est</strong></span> <span class='ocrx_word' id='word_1_358' title='bbox 1341 2756 1354 2792; x_wconf 89' lang='lat'>:</span> <span class='ocrx_word' id='word_1_359' title='bbox 1379 2737 1442 2790; x_wconf 85' lang='lat' dir='ltr'><strong>Et</strong></span> <span class='ocrx_word' id='word_1_360' title='bbox 1465 2736 1692 2790; x_wconf 77' lang='lat' dir='ltr'><strong>ostendit</strong></span> <span class='ocrx_word' id='word_1_361' title='bbox 1713 2735 1840 2788; x_wconf 85' lang='lat' dir='ltr'><strong>mihi</strong></span> <span class='ocrx_word' id='word_1_362' title='bbox 1866 2733 2140 2798; x_wconf 84' lang='lat' dir='ltr'><strong>Dominus,</strong></span> 
     </span>
    </p>
   </div>
   <div class='ocr_carea' id='block_1_46' title="bbox 573 2831 2144 2903">
    <p class='ocr_par' dir='ltr' id='par_1_46' title="bbox 573 2831 2144 2903">
     <span class='ocr_line' id='line_1_46' title="bbox 573 2831 2144 2903; baseline -0.003 -17"><span class='ocrx_word' id='word_1_363' title='bbox 573 2852 592 2886; x_wconf 76' lang='grc' dir='ltr'><strong>ι</strong></span> <span class='ocrx_word' id='word_1_364' title='bbox 641 2834 848 2903; x_wconf 87' lang='lat' dir='ltr'><strong>inquit,</strong></span> <span class='ocrx_word' id='word_1_365' title='bbox 879 2831 1064 2885; x_wconf 75' lang='lat' dir='ltr'><strong>Iesum</strong></span> <span class='ocrx_word' id='word_1_366' title='bbox 1107 2831 1426 2886; x_wconf 85' lang='lat' dir='ltr'><strong>sacerdotem</strong></span> <span class='ocrx_word' id='word_1_367' title='bbox 1473 2843 1722 2897; x_wconf 87' lang='lat' dir='ltr'><strong>magnum</strong></span> <span class='ocrx_word' id='word_1_368' title='bbox 1766 2836 1990 2882; x_wconf 80' lang='lat' dir='ltr'><strong>stantem</strong></span> <span class='ocrx_word' id='word_1_369' title='bbox 2025 2837 2144 2882; x_wconf 85' lang='lat' dir='ltr'><strong>ante</strong></span> 
     </span>
    </p>
   </div>
   <div class='ocr_carea' id='block_1_47' title="bbox 571 2917 2144 2994">
    <p class='ocr_par' dir='ltr' id='par_1_47' title="bbox 571 2917 2144 2994">
     <span class='ocr_line' id='line_1_47' title="bbox 571 2917 2144 2994; baseline -0.004 -15"><span class='ocrx_word' id='word_1_370' title='bbox 571 2943 594 2979; x_wconf 70' lang='grc' dir='ltr'><strong>ε</strong></span> <span class='ocrx_word' id='word_1_371' title='bbox 642 2925 830 2994; x_wconf 77' lang='lat' dir='ltr'><strong>[aciem</strong></span> <span class='ocrx_word' id='word_1_372' title='bbox 875 2923 1047 2992; x_wconf 78' lang='lat' dir='ltr'><strong>angeli</strong></span> <span class='ocrx_word' id='word_1_373' title='bbox 1102 2921 1334 2975; x_wconf 82' lang='lat' dir='ltr'><strong>Domini.</strong></span> <span class='ocrx_word' id='word_1_374' title='bbox 1383 2917 1567 2974; x_wconf 88' lang='lat' dir='ltr'><strong>Stabat</strong></span> <span class='ocrx_word' id='word_1_375' title='bbox 1621 2935 1777 2990; x_wconf 82' lang='lat' dir='ltr'><strong>porro</strong></span> <span class='ocrx_word' id='word_1_376' title='bbox 1825 2919 2066 2973; x_wconf 85' lang='lat' dir='ltr'><strong>diabolus</strong></span> <span class='ocrx_word' id='word_1_377' title='bbox 2113 2936 2144 2972; x_wconf 89' lang='lat' dir='ltr'><strong>a</strong></span> 
     </span>
    </p>
   </div>
   <div class='ocr_carea' id='block_1_48' title="bbox 575 3011 2144 3080">
    <p class='ocr_par' dir='ltr' id='par_1_48' title="bbox 575 3011 2144 3080">
     <span class='ocr_line' id='line_1_48' title="bbox 575 3011 2144 3080; baseline -0.003 -11"><span class='ocrx_word' id='word_1_378' title='bbox 575 3037 595 3069; x_wconf 77' lang='grc' dir='ltr'><strong>ι</strong></span> <span class='ocrx_word' id='word_1_379' title='bbox 641 3019 840 3072; x_wconf 75' lang='lat' dir='ltr'><strong>dextris</strong></span> <span class='ocrx_word' id='word_1_380' title='bbox 884 3015 1050 3080; x_wconf 86' lang='lat' dir='ltr'><strong>illius,</strong></span> <span class='ocrx_word' id='word_1_381' title='bbox 1101 3025 1154 3068; x_wconf 88' lang='lat' dir='ltr'><strong>ut</strong></span> <span class='ocrx_word' id='word_1_382' title='bbox 1216 3014 1295 3066; x_wconf 87' lang='lat' dir='ltr'><strong>illi</strong></span> <span class='ocrx_word' id='word_1_383' title='bbox 1344 3012 1728 3066; x_wconf 86' lang='lat' dir='ltr'><strong>adversaretur.</strong></span> <span class='ocrx_word' id='word_1_384' title='bbox 1780 3011 1924 3065; x_wconf 80' lang='lat' dir='ltr'><strong>Dixit</strong></span> <span class='ocrx_word' id='word_1_385' title='bbox 1971 3019 2144 3066; x_wconf 83' lang='lat' dir='ltr'><strong>autent</strong></span> 
     </span>
    </p>
   </div>
   <div class='ocr_carea' id='block_1_49' title="bbox 576 3101 2144 3171">
    <p class='ocr_par' dir='ltr' id='par_1_49' title="bbox 576 3101 2144 3171">
     <span class='ocr_line' id='line_1_49' title="bbox 576 3101 2144 3171; baseline -0.003 -11"><span class='ocrx_word' id='word_1_386' title='bbox 576 3129 594 3160; x_wconf 77' lang='grc' dir='ltr'><strong>ι</strong></span> <span class='ocrx_word' id='word_1_387' title='bbox 646 3109 897 3164; x_wconf 82' lang='lat' dir='ltr'><strong>Dominus</strong></span> <span class='ocrx_word' id='word_1_388' title='bbox 922 3109 988 3159; x_wconf 84' lang='lat' dir='ltr'><strong>ad</strong></span> <span class='ocrx_word' id='word_1_389' title='bbox 1021 3105 1318 3167; x_wconf 86' lang='lat' dir='ltr'><strong>Diabolum,</strong></span> <span class='ocrx_word' id='word_1_390' title='bbox 1352 3103 1609 3156; x_wconf 78' lang='lat' dir='ltr'><strong>Dominus</strong></span> <span class='ocrx_word' id='word_1_391' title='bbox 1641 3103 1730 3171; x_wconf 88' lang='lat' dir='ltr'><strong>qui</strong></span> <span class='ocrx_word' id='word_1_392' title='bbox 1753 3101 1902 3171; x_wconf 84' lang='lat' dir='ltr'><strong>elegit</strong></span> <span class='ocrx_word' id='word_1_393' title='bbox 1924 3102 2144 3157; x_wconf 85' lang='lat' dir='ltr'><strong>Jerusa-</strong></span> 
     </span>
    </p>
   </div>
   <div class='ocr_carea' id='block_1_50' title="bbox 577 3191 2147 3265">
    <p class='ocr_par' dir='ltr' id='par_1_50' title="bbox 577 3191 2147 3265">
     <span class='ocr_line' id='line_1_50' title="bbox 577 3191 2147 3265; baseline -0.004 -12"><span class='ocrx_word' id='word_1_394' title='bbox 577 3219 596 3252; x_wconf 74' lang='grc' dir='ltr'><strong>ι</strong></span> <span class='ocrx_word' id='word_1_395' title='bbox 645 3201 744 3252; x_wconf 89' lang='lat' dir='ltr'><strong>lem</strong></span> <span class='ocrx_word' id='word_1_396' title='bbox 777 3201 1002 3265; x_wconf 80' lang='lat' dir='ltr'><strong>increpet</strong></span> <span class='ocrx_word' id='word_1_397' title='bbox 1037 3207 1081 3249; x_wconf 88' lang='lat' dir='ltr'><strong>te</strong></span> <span class='ocrx_word' id='word_1_398' title='bbox 1097 3195 1164 3248; x_wconf 76' lang='lat'><strong>“.</strong></span> <span class='ocrx_word' id='word_1_399' title='bbox 1184 3193 1406 3260; x_wconf 85' lang='lat' dir='ltr'><strong>Quando</strong></span> <span class='ocrx_word' id='word_1_400' title='bbox 1429 3202 1605 3246; x_wconf 87' lang='lat' dir='ltr'><strong>autem</strong></span> <span class='ocrx_word' id='word_1_401' title='bbox 1631 3192 1775 3245; x_wconf 89' lang='lat' dir='ltr'><strong>illum</strong></span> <span class='ocrx_word' id='word_1_402' title='bbox 1801 3191 2147 3264; x_wconf 58' lang='lat' dir='ltr'><strong>increpabat?</strong></span> 
     </span>
    </p>
   </div>
   <div class='ocr_carea' id='block_1_51' title="bbox 575 3283 2145 3352">
    <p class='ocr_par' dir='ltr' id='par_1_51' title="bbox 575 3283 2145 3352">
     <span class='ocr_line' id='line_1_51' title="bbox 575 3283 2145 3352; baseline -0.003 -9"><span class='ocrx_word' id='word_1_403' title='bbox 575 3308 598 3343; x_wconf 75' lang='grc' dir='ltr'><strong>ι</strong></span> <span class='ocrx_word' id='word_1_404' title='bbox 643 3287 798 3342; x_wconf 82' lang='lat' dir='ltr'><strong>Tunc</strong></span> <span class='ocrx_word' id='word_1_405' title='bbox 842 3287 1096 3342; x_wconf 90' lang='lat' dir='ltr'><strong>nimirum</strong></span> <span class='ocrx_word' id='word_1_406' title='bbox 1133 3301 1256 3340; x_wconf 92' lang='lat' dir='ltr'><strong>cum</strong></span> <span class='ocrx_word' id='word_1_407' title='bbox 1299 3284 1556 3339; x_wconf 89' lang='lat' dir='ltr'><strong>dilectum</strong></span> <span class='ocrx_word' id='word_1_408' title='bbox 1605 3284 1674 3338; x_wconf 88' lang='lat' dir='ltr'><strong>ab</strong></span> <span class='ocrx_word' id='word_1_409' title='bbox 1717 3283 1834 3352; x_wconf 89' lang='lat' dir='ltr'><strong>ipso</strong></span> <span class='ocrx_word' id='word_1_410' title='bbox 1874 3284 2145 3338; x_wconf 86' lang='lat' dir='ltr'><strong>hominem</strong></span> 
     </span>
    </p>
   </div>
   <div class='ocr_carea' id='block_1_52' title="bbox 577 3375 2148 3446">
    <p class='ocr_par' dir='ltr' id='par_1_52' title="bbox 577 3375 2148 3446">
     <span class='ocr_line' id='line_1_52' title="bbox 577 3375 2148 3446; baseline -0.004 -10"><span class='ocrx_word' id='word_1_411' title='bbox 577 3399 600 3436; x_wconf 70' lang='grc' dir='ltr'><strong>ε</strong></span> <span class='ocrx_word' id='word_1_412' title='bbox 649 3379 824 3434; x_wconf 86' lang='lat' dir='ltr'><strong>Verbo</strong></span> <span class='ocrx_word' id='word_1_413' title='bbox 853 3394 951 3434; x_wconf 91' lang='lat' dir='ltr'><strong>suo</strong></span> <span class='ocrx_word' id='word_1_414' title='bbox 992 3378 1302 3434; x_wconf 88' lang='lat' dir='ltr'><strong>coadunivit</strong></span> <span class='ocrx_word' id='word_1_415' title='bbox 1333 3379 1413 3444; x_wconf 87' lang='lat' dir='ltr'><strong>is,</strong></span> <span class='ocrx_word' id='word_1_416' title='bbox 1449 3376 1542 3446; x_wconf 89' lang='lat' dir='ltr'><strong>qui</strong></span> <span class='ocrx_word' id='word_1_417' title='bbox 1586 3375 1916 3438; x_wconf 84' lang='lat' dir='ltr'><strong>Jerusalem,</strong></span> <span class='ocrx_word' id='word_1_418' title='bbox 1953 3376 2148 3443; x_wconf 88' lang='lat' dir='ltr'><strong>inquit,</strong></span> 
     </span>
    </p>
   </div>
   <div class='ocr_carea' id='block_1_53' title="bbox 578 3468 2142 3541">
    <p class='ocr_par' dir='ltr' id='par_1_53' title="bbox 578 3468 2142 3541">
     <span class='ocr_line' id='line_1_53' title="bbox 578 3468 2142 3541; baseline -0.001 -17"><span class='ocrx_word' id='word_1_419' title='bbox 578 3489 601 3524; x_wconf 68' lang='grc' dir='ltr'>ι</span> <span class='ocrx_word' id='word_1_420' title='bbox 645 3471 817 3541; x_wconf 82' lang='lat' dir='ltr'><strong>elegit.</strong></span> <span class='ocrx_word' id='word_1_421' title='bbox 845 3469 993 3526; x_wconf 84' lang='lat' dir='ltr'><strong>Patet</strong></span> <span class='ocrx_word' id='word_1_422' title='bbox 1013 3479 1189 3524; x_wconf 81' lang='lat' dir='ltr'><strong>autem</strong></span> <span class='ocrx_word' id='word_1_423' title='bbox 1219 3468 1366 3524; x_wconf 90' lang='lat' dir='ltr'><strong>illum</strong></span> <span class='ocrx_word' id='word_1_424' title='bbox 1413 3469 1553 3523; x_wconf 86' lang='lat' dir='ltr'><strong>hanc</strong></span> <span class='ocrx_word' id='word_1_425' title='bbox 1579 3478 1818 3524; x_wconf 84' lang='lat' dir='ltr'><strong>nostram</strong></span> <span class='ocrx_word' id='word_1_426' title='bbox 1846 3468 2142 3524; x_wconf 80' lang='lat' dir='ltr'><strong>Jerusalem</strong></span> 
     </span>
    </p>
   </div>
   <div class='ocr_carea' id='block_1_54' title="bbox 583 3563 2153 3634">
    <p class='ocr_par' dir='ltr' id='par_1_54' title="bbox 583 3563 2153 3634">
     <span class='ocr_line' id='line_1_54' title="bbox 583 3563 2153 3634; baseline -0.001 -17"><span class='ocrx_word' id='word_1_427' title='bbox 583 3583 602 3617; x_wconf 76' lang='grc' dir='ltr'><strong>ι</strong></span> <span class='ocrx_word' id='word_1_428' title='bbox 652 3565 970 3632; x_wconf 78' lang='lat' dir='ltr'><strong>intelligere,</strong></span> <span class='ocrx_word' id='word_1_429' title='bbox 1003 3563 1067 3618; x_wconf 89' lang='lat' dir='ltr'><strong>de</strong></span> <span class='ocrx_word' id='word_1_430' title='bbox 1089 3578 1192 3634; x_wconf 90' lang='lat' dir='ltr'><strong>qua</strong></span> <span class='ocrx_word' id='word_1_431' title='bbox 1223 3563 1512 3632; x_wconf 83' lang='lat' dir='ltr'><strong>Apostolus</strong></span> <span class='ocrx_word' id='word_1_432' title='bbox 1537 3563 1798 3634; x_wconf 90' lang='lat' dir='ltr'><strong>loquitur,</strong></span> <span class='ocrx_word' id='word_1_433' title='bbox 1825 3563 2026 3617; x_wconf 83' lang='lat' dir='ltr'><strong>Nostra</strong></span> <span class='ocrx_word' id='word_1_434' title='bbox 2056 3581 2153 3616; x_wconf 84' lang='lat' dir='ltr'><strong>au-</strong></span> 
     </span>
    </p>
   </div>
   <div class='ocr_carea' id='block_1_55' title="bbox 583 3652 2154 3719">
    <p class='ocr_par' dir='ltr' id='par_1_55' title="bbox 583 3652 2154 3719">
     <span class='ocr_line' id='line_1_55' title="bbox 583 3652 2154 3719; baseline 0 -13"><span class='ocrx_word' id='word_1_435' title='bbox 583 3673 603 3706; x_wconf 74' lang='lat' dir='ltr'><strong>r</strong></span> <span class='ocrx_word' id='word_1_436' title='bbox 651 3665 748 3708; x_wconf 81' lang='lat' dir='ltr'><strong>tem</strong></span> <span class='ocrx_word' id='word_1_437' title='bbox 787 3653 1104 3719; x_wconf 81' lang='lat' dir='ltr'><strong>Jerusalem,</strong></span> <span class='ocrx_word' id='word_1_438' title='bbox 1135 3669 1344 3708; x_wconf 80' lang='lat' dir='ltr'><strong>sursum</strong></span> <span class='ocrx_word' id='word_1_439' title='bbox 1375 3662 1448 3706; x_wconf 81' lang='lat' dir='ltr'><strong>est</strong></span> <span class='ocrx_word' id='word_1_440' title='bbox 1476 3669 1493 3704; x_wconf 93' lang='lat'><strong><em>:</em></strong></span> <span class='ocrx_word' id='word_1_441' title='bbox 1525 3652 1612 3706; x_wconf 87' lang='lat' dir='ltr'><strong>illa</strong></span> <span class='ocrx_word' id='word_1_442' title='bbox 1641 3662 1821 3706; x_wconf 90' lang='lat' dir='ltr'><strong>autem</strong></span> <span class='ocrx_word' id='word_1_443' title='bbox 1865 3669 1988 3706; x_wconf 91' lang='lat' dir='ltr'><strong>cum</strong></span> <span class='ocrx_word' id='word_1_444' title='bbox 2023 3653 2154 3707; x_wconf 88' lang='lat' dir='ltr'><strong>libe-</strong></span> 
     </span>
    </p>
   </div>
   <div class='ocr_carea' id='block_1_56' title="bbox 586 3743 2155 3809">
    <p class='ocr_par' dir='ltr' id='par_1_56' title="bbox 586 3743 2155 3809">
     <span class='ocr_line' id='line_1_56' title="bbox 586 3743 2155 3809; baseline -0.001 -9"><span class='ocrx_word' id='word_1_445' title='bbox 586 3767 604 3800; x_wconf 73' lang='grc' dir='ltr'><strong>ι</strong></span> <span class='ocrx_word' id='word_1_446' title='bbox 651 3749 726 3802; x_wconf 85' lang='lat' dir='ltr'><strong>ris</strong></span> <span class='ocrx_word' id='word_1_447' title='bbox 751 3748 862 3802; x_wconf 88' lang='lat' dir='ltr'><strong>suis</strong></span> <span class='ocrx_word' id='word_1_448' title='bbox 892 3755 972 3802; x_wconf 89' lang='lat' dir='ltr'><strong>est</strong></span> <span class='ocrx_word' id='word_1_449' title='bbox 1001 3747 1052 3800; x_wconf 89' lang='lat' dir='ltr'><strong>in</strong></span> <span class='ocrx_word' id='word_1_450' title='bbox 1079 3745 1360 3800; x_wconf 88' lang='lat' dir='ltr'><strong>servitute.</strong></span> <span class='ocrx_word' id='word_1_451' title='bbox 1393 3743 1543 3797; x_wconf 92' lang='lat' dir='ltr'><strong>Tunc</strong></span> <span class='ocrx_word' id='word_1_452' title='bbox 1581 3743 1756 3809; x_wconf 91' lang='lat' dir='ltr'><strong>enim,</strong></span> <span class='ocrx_word' id='word_1_453' title='bbox 1784 3759 1905 3798; x_wconf 91' lang='lat' dir='ltr'><strong>cum</strong></span> <span class='ocrx_word' id='word_1_454' title='bbox 1953 3745 2004 3798; x_wconf 92' lang='lat' dir='ltr'><strong>in</strong></span> <span class='ocrx_word' id='word_1_455' title='bbox 2041 3760 2155 3798; x_wconf 88' lang='lat' dir='ltr'><strong>ma—</strong></span> 
     </span>
    </p>
   </div>
   <div class='ocr_carea' id='block_1_57' title="bbox 587 3835 2155 3909">
    <p class='ocr_par' dir='ltr' id='par_1_57' title="bbox 587 3835 2155 3909">
     <span class='ocr_line' id='line_1_57' title="bbox 587 3835 2155 3909; baseline 0.001 -21"><span class='ocrx_word' id='word_1_456' title='bbox 587 3856 604 3888; x_wconf 72' lang='lat' dir='ltr'><strong>i</strong></span> <span class='ocrx_word' id='word_1_457' title='bbox 655 3853 758 3909; x_wconf 81' lang='lat' dir='ltr'><strong>gna</strong></span> <span class='ocrx_word' id='word_1_458' title='bbox 813 3839 900 3892; x_wconf 88' lang='lat' dir='ltr'><strong>illa</strong></span> <span class='ocrx_word' id='word_1_459' title='bbox 933 3836 1231 3892; x_wconf 87' lang='lat' dir='ltr'><strong>Jerusalem</strong></span> <span class='ocrx_word' id='word_1_460' title='bbox 1273 3841 1450 3900; x_wconf 86' lang='lat' dir='ltr'><strong>&#39;cssct,</strong></span> <span class='ocrx_word' id='word_1_461' title='bbox 1486 3836 1588 3890; x_wconf 87' lang='lat' dir='ltr'><strong>lioc</strong></span> <span class='ocrx_word' id='word_1_462' title='bbox 1621 3845 1726 3900; x_wconf 91' lang='lat' dir='ltr'><strong>est,</strong></span> <span class='ocrx_word' id='word_1_463' title='bbox 1754 3847 2062 3890; x_wconf 84' lang='lat' dir='ltr'><strong>versaretur</strong></span> <span class='ocrx_word' id='word_1_464' title='bbox 2099 3835 2155 3890; x_wconf 91' lang='lat' dir='ltr'><strong>in</strong></span> 
     </span>
    </p>
   </div>
   <div class='ocr_carea' id='block_1_58' title="bbox 2245 1905 3816 1988">
    <p class='ocr_par' dir='ltr' id='par_1_58' title="bbox 2245 1905 3816 1988">
     <span class='ocr_line' id='line_1_58' title="bbox 2245 1905 3816 1988; baseline 0.001 -20"><span class='ocrx_word' id='word_1_465' title='bbox 2245 1935 2264 1968; x_wconf 76' lang='grc' dir='ltr'><strong>ι</strong></span> <span class='ocrx_word' id='word_1_466' title='bbox 2297 1915 2428 1970; x_wconf 76' lang='grc' dir='ltr'>ἔνθα</span> <span class='ocrx_word' id='word_1_467' title='bbox 2463 1919 2492 1970; x_wconf 85' lang='grc' dir='ltr'>ὁ</span> <span class='ocrx_word' id='word_1_468' title='bbox 2528 1916 2836 1988; x_wconf 79' lang='grc' dir='ltr'>ἄγγελοςτῇ</span> <span class='ocrx_word' id='word_1_469' title='bbox 2856 1905 3088 1988; x_wconf 82' lang='grc' dir='ltr'>Μάριάμ</span> <span class='ocrx_word' id='word_1_470' title='bbox 3111 1933 3123 1946; x_wconf 92' lang='grc'><strong>·</strong></span> <span class='ocrx_word' id='word_1_471' title='bbox 3148 1915 3244 1983; x_wconf 82' lang='grc' dir='ltr'><strong>Μὴ</strong></span> <span class='ocrx_word' id='word_1_472' title='bbox 3264 1915 3472 1986; x_wconf 68' lang='grc' dir='ltr'>φοϐοῦ,</span> <span class='ocrx_word' id='word_1_473' title='bbox 3501 1914 3622 1985; x_wconf 77' lang='grc' dir='ltr'>ἔφη.</span> <span class='ocrx_word' id='word_1_474' title='bbox 3642 1911 3816 1984; x_wconf 80' lang='grc' dir='ltr'><strong>εὗρες</strong></span> 
     </span>
    </p>
   </div>
   <div class='ocr_carea' id='block_1_59' title="bbox 2243 2005 3814 2079">
    <p class='ocr_par' dir='ltr' id='par_1_59' title="bbox 2243 2005 3814 2079">
     <span class='ocr_line' id='line_1_59' title="bbox 2243 2005 3814 2079; baseline 0 -19"><span class='ocrx_word' id='word_1_475' title='bbox 2243 2029 2261 2060; x_wconf 77' lang='grc' dir='ltr'><strong>ι</strong></span> <span class='ocrx_word' id='word_1_476' title='bbox 2301 2008 2412 2079; x_wconf 76' lang='grc' dir='ltr'>γὰρ</span> <span class='ocrx_word' id='word_1_477' title='bbox 2443 2008 2620 2078; x_wconf 81' lang='grc' dir='ltr'>χάριν</span> <span class='ocrx_word' id='word_1_478' title='bbox 2653 2009 2811 2077; x_wconf 82' lang='grc' dir='ltr'>παρὰ</span> <span class='ocrx_word' id='word_1_479' title='bbox 2841 2007 2948 2062; x_wconf 87' lang='grc' dir='ltr'>τοῦ</span> <span class='ocrx_word' id='word_1_480' title='bbox 2979 2007 3126 2062; x_wconf 84' lang='grc' dir='ltr'><strong>Θεοῦ</strong></span> <span class='ocrx_word' id='word_1_481' title='bbox 3145 2024 3158 2038; x_wconf 97' lang='grc'><strong>·</strong></span> <span class='ocrx_word' id='word_1_482' title='bbox 3185 2007 3286 2060; x_wconf 74' lang='grc' dir='ltr'><strong>καὶ</strong></span> <span class='ocrx_word' id='word_1_483' title='bbox 3336 2005 3464 2060; x_wconf 72' lang='grc' dir='ltr'>ἰδοὺ</span> <span class='ocrx_word' id='word_1_484' title='bbox 3518 2007 3814 2077; x_wconf 68' lang='grc' dir='ltr'><strong>συλλή-ψῃ</strong></span> 
     </span>
    </p>
   </div>
   <div class='ocr_carea' id='block_1_60' title="bbox 2243 2098 3818 2171">
    <p class='ocr_par' dir='ltr' id='par_1_60' title="bbox 2243 2098 3818 2171">
     <span class='ocr_line' id='line_1_60' title="bbox 2243 2098 3818 2171; baseline -0.001 -18"><span class='ocrx_word' id='word_1_485' title='bbox 2243 2121 2261 2153; x_wconf 71' lang='grc' dir='ltr'>ς</span> <span class='ocrx_word' id='word_1_486' title='bbox 2295 2103 2365 2156; x_wconf 87' lang='grc' dir='ltr'><strong>ὲν</strong></span> <span class='ocrx_word' id='word_1_487' title='bbox 2403 2101 2636 2171; x_wconf 71' lang='grc' dir='ltr'>γαστρὶ,</span> <span class='ocrx_word' id='word_1_488' title='bbox 2667 2101 2764 2154; x_wconf 79' lang='grc' dir='ltr'><strong>καὶ</strong></span> <span class='ocrx_word' id='word_1_489' title='bbox 2791 2100 2932 2170; x_wconf 75' lang='grc' dir='ltr'>τέξῃ</span> <span class='ocrx_word' id='word_1_490' title='bbox 2967 2101 3120 2162; x_wconf 75' lang='grc' dir='ltr'>υἱὸν,</span> <span class='ocrx_word' id='word_1_491' title='bbox 3151 2099 3250 2154; x_wconf 78' lang='grc' dir='ltr'><strong>καὶ</strong></span> <span class='ocrx_word' id='word_1_492' title='bbox 3271 2098 3552 2166; x_wconf 73' lang='grc' dir='ltr'>καλέσεις</span> <span class='ocrx_word' id='word_1_493' title='bbox 3587 2099 3654 2152; x_wconf 85' lang='grc' dir='ltr'>τὸ</span> <span class='ocrx_word' id='word_1_494' title='bbox 3692 2099 3818 2152; x_wconf 80' lang='grc' dir='ltr'><strong>ὅνο-</strong></span> 
     </span>
    </p>
   </div>
   <div class='ocr_carea' id='block_1_61' title="bbox 2243 2189 3817 2264">
    <p class='ocr_par' dir='ltr' id='par_1_61' title="bbox 2243 2189 3817 2264">
     <span class='ocr_line' id='line_1_61' title="bbox 2243 2189 3817 2264; baseline -0.003 -17"><span class='ocrx_word' id='word_1_495' title='bbox 2243 2213 2264 2247; x_wconf 76' lang='grc' dir='ltr'><strong>σ</strong></span> <span class='ocrx_word' id='word_1_496' title='bbox 2297 2213 2382 2264; x_wconf 82' lang='grc' dir='ltr'><strong>μα</strong></span> <span class='ocrx_word' id='word_1_497' title='bbox 2395 2193 2580 2248; x_wconf 87' lang='grc' dir='ltr'>αὐτοῦ</span> <span class='ocrx_word' id='word_1_498' title='bbox 2606 2195 2859 2263; x_wconf 82' lang='grc' dir='ltr'><strong>Ἰησοῦν.</strong></span> <span class='ocrx_word' id='word_1_499' title='bbox 2877 2189 3064 2260; x_wconf 79' lang='grc' dir='ltr'>θῦτος</span> <span class='ocrx_word' id='word_1_500' title='bbox 3092 2195 3262 2248; x_wconf 79' lang='grc' dir='ltr'>ἔσται</span> <span class='ocrx_word' id='word_1_501' title='bbox 3309 2192 3518 2262; x_wconf 72' lang='grc' dir='ltr'>μέγας,</span> <span class='ocrx_word' id='word_1_502' title='bbox 3552 2191 3650 2245; x_wconf 75' lang='grc' dir='ltr'><strong>καὶ</strong></span> <span class='ocrx_word' id='word_1_503' title='bbox 3686 2189 3817 2257; x_wconf 82' lang='grc' dir='ltr'><strong>υἱὸς</strong></span> 
     </span>
    </p>
   </div>
   <div class='ocr_carea' id='block_1_62' title="bbox 2247 2282 3820 2356">
    <p class='ocr_par' dir='ltr' id='par_1_62' title="bbox 2247 2282 3820 2356">
     <span class='ocr_line' id='line_1_62' title="bbox 2247 2282 3820 2356; baseline -0.001 -18"><span class='ocrx_word' id='word_1_504' title='bbox 2247 2307 2263 2338; x_wconf 78' lang='grc' dir='ltr'><strong>ι</strong></span> <span class='ocrx_word' id='word_1_505' title='bbox 2313 2287 2604 2355; x_wconf 76' lang='grc' dir='ltr'>Ὑψίστου</span> <span class='ocrx_word' id='word_1_506' title='bbox 2637 2286 3024 2354; x_wconf 78' lang='grc' dir='ltr'>κληθήσεται.</span> <span class='ocrx_word' id='word_1_507' title='bbox 3057 2285 3225 2356; x_wconf 83' lang='grc' dir='ltr'>Δῆλον</span> <span class='ocrx_word' id='word_1_508' title='bbox 3248 2285 3304 2338; x_wconf 88' lang='grc' dir='ltr'><strong>δέ</strong></span> <span class='ocrx_word' id='word_1_509' title='bbox 3327 2286 3442 2337; x_wconf 80' lang='grc' dir='ltr'>ἐστι</span> <span class='ocrx_word' id='word_1_510' title='bbox 3475 2285 3568 2336; x_wconf 78' lang='grc' dir='ltr'><strong>καὶ</strong></span> <span class='ocrx_word' id='word_1_511' title='bbox 3592 2282 3698 2337; x_wconf 72' lang='grc' dir='ltr'><strong>ἀπὸ</strong></span> <span class='ocrx_word' id='word_1_512' title='bbox 3717 2282 3820 2353; x_wconf 80' lang='grc' dir='ltr'><strong>τῆς</strong></span> 
     </span>
    </p>
   </div>
   <div class='ocr_carea' id='block_1_63' title="bbox 2248 2373 3819 2449">
    <p class='ocr_par' dir='ltr' id='par_1_63' title="bbox 2248 2373 3819 2449">
     <span class='ocr_line' id='line_1_63' title="bbox 2248 2373 3819 2449; baseline -0.002 -21"><span class='ocrx_word' id='word_1_513' title='bbox 2248 2397 2264 2428; x_wconf 86' lang='grc' dir='ltr'><strong>ι</strong></span> <span class='ocrx_word' id='word_1_514' title='bbox 2305 2377 2396 2432; x_wconf 82' lang='grc' dir='ltr'>τοῦ</span> <span class='ocrx_word' id='word_1_515' title='bbox 2425 2378 2694 2449; x_wconf 78' lang='grc' dir='ltr'>Ζαχαρίου</span> <span class='ocrx_word' id='word_1_516' title='bbox 2728 2376 3084 2447; x_wconf 76' lang='grc' dir='ltr'>προφητείας,</span> <span class='ocrx_word' id='word_1_517' title='bbox 3118 2375 3282 2430; x_wconf 82' lang='grc' dir='ltr'>πάλαι</span> <span class='ocrx_word' id='word_1_518' title='bbox 3317 2375 3445 2446; x_wconf 76' lang='grc' dir='ltr'>περὶ</span> <span class='ocrx_word' id='word_1_519' title='bbox 3481 2373 3576 2427; x_wconf 83' lang='grc' dir='ltr'>τοῦ</span> <span class='ocrx_word' id='word_1_520' title='bbox 3618 2373 3819 2444; x_wconf 71' lang='grc' dir='ltr'>ὀνόμα-</span> 
     </span>
    </p>
   </div>
   <div class='ocr_carea' id='block_1_64' title="bbox 2247 2465 3822 2540">
    <p class='ocr_par' dir='ltr' id='par_1_64' title="bbox 2247 2465 3822 2540">
     <span class='ocr_line' id='line_1_64' title="bbox 2247 2465 3822 2540; baseline 0.01 -22"><span class='ocrx_word' id='word_1_521' title='bbox 2247 2487 2264 2518; x_wconf 85' lang='grc'>‹</span> <span class='ocrx_word' id='word_1_522' title='bbox 2295 2485 2384 2532; x_wconf 85' lang='grc' dir='ltr'>τος</span> <span class='ocrx_word' id='word_1_523' title='bbox 2403 2469 2593 2522; x_wconf 84' lang='grc' dir='ltr'>τούτου</span> <span class='ocrx_word' id='word_1_524' title='bbox 2631 2467 3108 2540; x_wconf 81' lang='grc' dir='ltr'>προφητευσάσης·</span> <span class='ocrx_word' id='word_1_525' title='bbox 3153 2465 3376 2532; x_wconf 77' lang='grc' dir='ltr'>Ἕδειξε</span> <span class='ocrx_word' id='word_1_526' title='bbox 3415 2465 3526 2536; x_wconf 73' lang='grc' dir='ltr'>γάρ</span> <span class='ocrx_word' id='word_1_527' title='bbox 3547 2483 3669 2536; x_wconf 72' lang='grc' dir='ltr'>μοι.</span> <span class='ocrx_word' id='word_1_528' title='bbox 3714 2481 3822 2536; x_wconf 80' lang='grc' dir='ltr'><strong>φη-</strong></span> 
     </span>
    </p>
   </div>
   <div class='ocr_carea' id='block_1_65' title="bbox 2248 2556 3823 2629">
    <p class='ocr_par' dir='ltr' id='par_1_65' title="bbox 2248 2556 3823 2629">
     <span class='ocr_line' id='line_1_65' title="bbox 2248 2556 3823 2629; baseline 0 -17"><span class='ocrx_word' id='word_1_529' title='bbox 2248 2580 2266 2612; x_wconf 81' lang='grc' dir='ltr'><strong>ι</strong></span> <span class='ocrx_word' id='word_1_530' title='bbox 2307 2562 2358 2614; x_wconf 75' lang='grc' dir='ltr'>σὶ</span> <span class='ocrx_word' id='word_1_531' title='bbox 2377 2601 2390 2624; x_wconf 89' lang='grc'><strong>,</strong></span> <span class='ocrx_word' id='word_1_532' title='bbox 2420 2562 2634 2629; x_wconf 82' lang='grc' dir='ltr'>Κύριος</span> <span class='ocrx_word' id='word_1_533' title='bbox 2675 2561 2909 2629; x_wconf 82' lang='grc' dir='ltr'>Ἰησοῦν</span> <span class='ocrx_word' id='word_1_534' title='bbox 2923 2561 3029 2614; x_wconf 82' lang='grc' dir='ltr'><strong>τὸν</strong></span> <span class='ocrx_word' id='word_1_535' title='bbox 3047 2559 3202 2628; x_wconf 78' lang='grc' dir='ltr'>ἱερέα</span> <span class='ocrx_word' id='word_1_536' title='bbox 3225 2557 3333 2612; x_wconf 83' lang='grc' dir='ltr'><strong>τὸν</strong></span> <span class='ocrx_word' id='word_1_537' title='bbox 3351 2559 3562 2629; x_wconf 76' lang='grc' dir='ltr'>μέγαν,</span> <span class='ocrx_word' id='word_1_538' title='bbox 3591 2556 3823 2612; x_wconf 74' lang='grc' dir='ltr'>ἑστῶτα</span> 
     </span>
    </p>
   </div>
   <div class='ocr_carea' id='block_1_66' title="bbox 2249 2649 3822 2722">
    <p class='ocr_par' dir='ltr' id='par_1_66' title="bbox 2249 2649 3822 2722">
     <span class='ocr_line' id='line_1_66' title="bbox 2249 2649 3822 2722; baseline -0.002 -18"><span class='ocrx_word' id='word_1_539' title='bbox 2249 2671 2268 2704; x_wconf 85' lang='grc'>‹</span> <span class='ocrx_word' id='word_1_540' title='bbox 2299 2652 2412 2722; x_wconf 85' lang='grc' dir='ltr'><strong>πρὸ</strong></span> <span class='ocrx_word' id='word_1_541' title='bbox 2443 2653 2768 2720; x_wconf 82' lang='grc' dir='ltr'>προσώπου</span> <span class='ocrx_word' id='word_1_542' title='bbox 2788 2652 3046 2722; x_wconf 74' lang='grc' dir='ltr'>ἀγγέλου</span> <span class='ocrx_word' id='word_1_543' title='bbox 3071 2653 3310 2720; x_wconf 83' lang='grc' dir='ltr'>Κυρίου.</span> <span class='ocrx_word' id='word_1_544' title='bbox 3337 2651 3446 2704; x_wconf 78' lang='grc' dir='ltr'><strong>Καὶ</strong></span> <span class='ocrx_word' id='word_1_545' title='bbox 3473 2653 3506 2704; x_wconf 82' lang='grc' dir='ltr'><strong>ό</strong></span> <span class='ocrx_word' id='word_1_546' title='bbox 3543 2649 3822 2716; x_wconf 79' lang='grc' dir='ltr'>διάϐολος</span> 
     </span>
    </p>
   </div>
   <div class='ocr_carea' id='block_1_67' title="bbox 2249 2742 3822 2811">
    <p class='ocr_par' dir='ltr' id='par_1_67' title="bbox 2249 2742 3822 2811">
     <span class='ocr_line' id='line_1_67' title="bbox 2249 2742 3822 2811; baseline -0.002 -15"><span class='ocrx_word' id='word_1_547' title='bbox 2249 2762 2268 2796; x_wconf 74' lang='grc' dir='ltr'><strong>ι</strong></span> <span class='ocrx_word' id='word_1_548' title='bbox 2301 2745 2564 2811; x_wconf 75' lang='grc' dir='ltr'>εἱστήκει</span> <span class='ocrx_word' id='word_1_549' title='bbox 2591 2745 2660 2797; x_wconf 81' lang='grc' dir='ltr'><strong><em>ἐκ</em></strong></span> <span class='ocrx_word' id='word_1_550' title='bbox 2687 2743 2902 2809; x_wconf 84' lang='grc' dir='ltr'><strong>δεξιῶν</strong></span> <span class='ocrx_word' id='word_1_551' title='bbox 2938 2743 3146 2807; x_wconf 85' lang='grc' dir='ltr'>αὐτοῦ,</span> <span class='ocrx_word' id='word_1_552' title='bbox 3175 2743 3280 2798; x_wconf 79' lang='grc' dir='ltr'>τοῦ</span> <span class='ocrx_word' id='word_1_553' title='bbox 3305 2742 3671 2798; x_wconf 81' lang='grc' dir='ltr'><strong>ἀντικεῖσθαι</strong></span> <span class='ocrx_word' id='word_1_554' title='bbox 3713 2743 3822 2794; x_wconf 85' lang='grc' dir='ltr'><strong>αὺ-</strong></span> 
     </span>
    </p>
   </div>
   <div class='ocr_carea' id='block_1_68' title="bbox 2251 2831 3822 2904">
    <p class='ocr_par' dir='ltr' id='par_1_68' title="bbox 2251 2831 3822 2904">
     <span class='ocr_line' id='line_1_68' title="bbox 2251 2831 3822 2904; baseline -0.003 -18"><span class='ocrx_word' id='word_1_555' title='bbox 2251 2856 2269 2886; x_wconf 71' lang='lat' dir='ltr'><strong>i</strong></span> <span class='ocrx_word' id='word_1_556' title='bbox 2305 2835 2404 2900; x_wconf 85' lang='grc' dir='ltr'><strong>τῷ.</strong></span> <span class='ocrx_word' id='word_1_557' title='bbox 2437 2835 2546 2890; x_wconf 79' lang='grc' dir='ltr'><strong>Καὶ</strong></span> <span class='ocrx_word' id='word_1_558' title='bbox 2577 2831 2706 2888; x_wconf 78' lang='grc' dir='ltr'>εἷπε</span> <span class='ocrx_word' id='word_1_559' title='bbox 2729 2836 2944 2904; x_wconf 85' lang='grc' dir='ltr'>Κύριος</span> <span class='ocrx_word' id='word_1_560' title='bbox 2997 2833 3146 2903; x_wconf 79' lang='grc' dir='ltr'><strong>πρὸς</strong></span> <span class='ocrx_word' id='word_1_561' title='bbox 3181 2833 3290 2886; x_wconf 88' lang='grc' dir='ltr'><strong>τὸν</strong></span> <span class='ocrx_word' id='word_1_562' title='bbox 3307 2831 3622 2886; x_wconf 75' lang='grc' dir='ltr'>διάϐολον·</span> <span class='ocrx_word' id='word_1_563' title='bbox 3669 2831 3822 2882; x_wconf 78' lang='grc' dir='ltr'><strong>Ἐπι-</strong></span> 
     </span>
    </p>
   </div>
   <div class='ocr_carea' id='block_1_69' title="bbox 2252 2919 3824 2996">
    <p class='ocr_par' dir='ltr' id='par_1_69' title="bbox 2252 2919 3824 2996">
     <span class='ocr_line' id='line_1_69' title="bbox 2252 2919 3824 2996; baseline -0.005 -17"><span class='ocrx_word' id='word_1_564' title='bbox 2252 2947 2270 2979; x_wconf 85' lang='grc'><strong><em>‹</em></strong></span> <span class='ocrx_word' id='word_1_565' title='bbox 2304 2926 2546 2996; x_wconf 82' lang='grc' dir='ltr'>τιμήσαι</span> <span class='ocrx_word' id='word_1_566' title='bbox 2597 2929 2813 2995; x_wconf 83' lang='grc' dir='ltr'>Κύριος</span> <span class='ocrx_word' id='word_1_567' title='bbox 2857 2926 2928 2979; x_wconf 83' lang='grc' dir='ltr'><strong>ἐν</strong></span> <span class='ocrx_word' id='word_1_568' title='bbox 2981 2925 3115 2988; x_wconf 80' lang='grc' dir='ltr'>σοὶ,</span> <span class='ocrx_word' id='word_1_569' title='bbox 3169 2928 3202 2979; x_wconf 87' lang='grc' dir='ltr'><strong>ό</strong></span> <span class='ocrx_word' id='word_1_570' title='bbox 3247 2921 3648 2992; x_wconf 75' lang='grc' dir='ltr'>ἐκλεξάμενος</span> <span class='ocrx_word' id='word_1_571' title='bbox 3707 2919 3824 2987; x_wconf 75' lang='grc' dir='ltr'><strong>τὴν</strong></span> 
     </span>
    </p>
   </div>
   <div class='ocr_carea' id='block_1_70' title="bbox 2253 3013 3822 3090">
    <p class='ocr_par' dir='ltr' id='par_1_70' title="bbox 2253 3013 3822 3090">
     <span class='ocr_line' id='line_1_70' title="bbox 2253 3013 3822 3090; baseline -0.004 -20"><span class='ocrx_word' id='word_1_572' title='bbox 2253 3038 2270 3070; x_wconf 75' lang='grc' dir='ltr'><strong>ι</strong></span> <span class='ocrx_word' id='word_1_573' title='bbox 2319 3019 2724 3089; x_wconf 74' lang='grc' dir='ltr'>Ἰερουσαλήμ.</span> <span class='ocrx_word' id='word_1_574' title='bbox 2770 3019 2908 3072; x_wconf 84' lang='grc' dir='ltr'>Πότε</span> <span class='ocrx_word' id='word_1_575' title='bbox 2950 3018 3059 3090; x_wconf 86' lang='grc' dir='ltr'>γὰρ</span> <span class='ocrx_word' id='word_1_576' title='bbox 3101 3015 3250 3087; x_wconf 84' lang='grc' dir='ltr'>αὐτῷ</span> <span class='ocrx_word' id='word_1_577' title='bbox 3283 3015 3648 3086; x_wconf 74' lang='grc' dir='ltr'>ἐπετίμησεν;</span> <span class='ocrx_word' id='word_1_578' title='bbox 3695 3013 3822 3064; x_wconf 84' lang='grc' dir='ltr'>Ὅτε</span> 
     </span>
    </p>
   </div>
   <div class='ocr_carea' id='block_1_71' title="bbox 2255 3102 3824 3180">
    <p class='ocr_par' dir='ltr' id='par_1_71' title="bbox 2255 3102 3824 3180">
     <span class='ocr_line' id='line_1_71' title="bbox 2255 3102 3824 3180; baseline -0.003 -20"><span class='ocrx_word' id='word_1_579' title='bbox 2255 3127 2272 3160; x_wconf 81' lang='grc' dir='ltr'><strong>ι</strong></span> <span class='ocrx_word' id='word_1_580' title='bbox 2313 3109 2403 3162; x_wconf 80' lang='grc' dir='ltr'>τὸν</span> <span class='ocrx_word' id='word_1_581' title='bbox 2443 3109 2792 3180; x_wconf 79' lang='grc' dir='ltr'>ἀγαπηθέντα</span> <span class='ocrx_word' id='word_1_582' title='bbox 2823 3109 2914 3162; x_wconf 84' lang='grc' dir='ltr'><strong>ὑπ’</strong></span> <span class='ocrx_word' id='word_1_583' title='bbox 2959 3107 3124 3162; x_wconf 78' lang='grc' dir='ltr'>αὐτοῦ</span> <span class='ocrx_word' id='word_1_584' title='bbox 3169 3105 3470 3178; x_wconf 82' lang='grc' dir='ltr'>ἄνθρωπον,</span> <span class='ocrx_word' id='word_1_585' title='bbox 3503 3104 3582 3174; x_wconf 83' lang='grc' dir='ltr'><strong>τῷ</strong></span> <span class='ocrx_word' id='word_1_586' title='bbox 3631 3102 3824 3157; x_wconf 74' lang='grc' dir='ltr'>ἑαυτοῦ</span> 
     </span>
    </p>
   </div>
   <div class='ocr_carea' id='block_1_72' title="bbox 2256 3198 3824 3272">
    <p class='ocr_par' dir='ltr' id='par_1_72' title="bbox 2256 3198 3824 3272">
     <span class='ocr_line' id='line_1_72' title="bbox 2256 3198 3824 3272; baseline -0.002 -21"><span class='ocrx_word' id='word_1_587' title='bbox 2256 3221 2271 3251; x_wconf 80' lang='grc' dir='ltr'><strong>ι</strong></span> <span class='ocrx_word' id='word_1_588' title='bbox 2319 3202 2521 3272; x_wconf 77' lang='grc' dir='ltr'>συνῆψε</span> <span class='ocrx_word' id='word_1_589' title='bbox 2550 3203 2706 3272; x_wconf 85' lang='grc' dir='ltr'>Λόγῳ</span> <span class='ocrx_word' id='word_1_590' title='bbox 2739 3204 2766 3254; x_wconf 87' lang='grc' dir='ltr'>ὁ</span> <span class='ocrx_word' id='word_1_591' title='bbox 2793 3200 3170 3272; x_wconf 77' lang='grc' dir='ltr'>ἐκλεξάμενος,</span> <span class='ocrx_word' id='word_1_592' title='bbox 3203 3201 3357 3272; x_wconf 74' lang='grc' dir='ltr'>φησὶ,</span> <span class='ocrx_word' id='word_1_593' title='bbox 3413 3198 3512 3269; x_wconf 76' lang='grc' dir='ltr'><strong>τὴν</strong></span> <span class='ocrx_word' id='word_1_594' title='bbox 3554 3198 3824 3268; x_wconf 83' lang='grc' dir='ltr'>Ἰερουσα-</span> 
     </span>
    </p>
   </div>
   <div class='ocr_carea' id='block_1_73' title="bbox 2259 3283 3826 3363">
    <p class='ocr_par' dir='ltr' id='par_1_73' title="bbox 2259 3283 3826 3363">
     <span class='ocr_line' id='line_1_73' title="bbox 2259 3283 3826 3363; baseline -0.001 -20"><span class='ocrx_word' id='word_1_595' title='bbox 2259 3310 2276 3342; x_wconf 77' lang='grc' dir='ltr'><strong>ι</strong></span> <span class='ocrx_word' id='word_1_596' title='bbox 2311 3291 2454 3362; x_wconf 84' lang='grc' dir='ltr'>λὴμ,</span> <span class='ocrx_word' id='word_1_597' title='bbox 2509 3290 2666 3362; x_wconf 83' lang='grc' dir='ltr'>δῆλον</span> <span class='ocrx_word' id='word_1_598' title='bbox 2697 3292 2777 3344; x_wconf 82' lang='grc' dir='ltr'><strong>ὅτι</strong></span> <span class='ocrx_word' id='word_1_599' title='bbox 2809 3292 3014 3363; x_wconf 86' lang='grc' dir='ltr'>ταύτην</span> <span class='ocrx_word' id='word_1_600' title='bbox 3047 3291 3144 3361; x_wconf 76' lang='grc' dir='ltr'>τὴν</span> <span class='ocrx_word' id='word_1_601' title='bbox 3181 3291 3454 3361; x_wconf 79' lang='grc' dir='ltr'>ἡμετέραν</span> <span class='ocrx_word' id='word_1_602' title='bbox 3491 3289 3617 3358; x_wconf 73' lang='grc' dir='ltr'>περὶ</span> <span class='ocrx_word' id='word_1_603' title='bbox 3671 3283 3739 3360; x_wconf 86' lang='grc' dir='ltr'><strong>ἦς</strong></span> <span class='ocrx_word' id='word_1_604' title='bbox 3797 3286 3826 3338; x_wconf 79' lang='grc' dir='ltr'><strong>ὁ</strong></span> 
     </span>
    </p>
   </div>
   <div class='ocr_carea' id='block_1_74' title="bbox 2260 3377 3827 3453">
    <p class='ocr_par' dir='ltr' id='par_1_74' title="bbox 2260 3377 3827 3453">
     <span class='ocr_line' id='line_1_74' title="bbox 2260 3377 3827 3453; baseline -0.001 -21"><span class='ocrx_word' id='word_1_605' title='bbox 2260 3399 2278 3431; x_wconf 71' lang='grc' dir='ltr'><strong>ι</strong></span> <span class='ocrx_word' id='word_1_606' title='bbox 2321 3381 2637 3444; x_wconf 85' lang='grc' dir='ltr'>Ἀπόστολος</span> <span class='ocrx_word' id='word_1_607' title='bbox 2666 3381 2830 3450; x_wconf 85' lang='grc' dir='ltr'>λέγει·</span> <span class='ocrx_word' id='word_1_608' title='bbox 2867 3383 2930 3434; x_wconf 84' lang='grc' dir='ltr'><em>Ἥ</em></span> <span class='ocrx_word' id='word_1_609' title='bbox 2969 3381 3026 3434; x_wconf 85' lang='grc' dir='ltr'>δὲ</span> <span class='ocrx_word' id='word_1_610' title='bbox 3063 3382 3306 3453; x_wconf 79' lang='grc' dir='ltr'>ἡμετέρα</span> <span class='ocrx_word' id='word_1_611' title='bbox 3341 3378 3692 3452; x_wconf 77' lang='grc' dir='ltr'>Ἰερουσαλὴμ</span> <span class='ocrx_word' id='word_1_612' title='bbox 3719 3377 3827 3432; x_wconf 74' lang='grc' dir='ltr'><strong>ἄνω</strong></span> 
     </span>
    </p>
   </div>
   <div class='ocr_carea' id='block_1_75' title="bbox 2265 3471 3826 3545">
    <p class='ocr_par' dir='ltr' id='par_1_75' title="bbox 2265 3471 3826 3545">
     <span class='ocr_line' id='line_1_75' title="bbox 2265 3471 3826 3545; baseline -0.001 -20"><span class='ocrx_word' id='word_1_613' title='bbox 2265 3493 2282 3524; x_wconf 77' lang='grc' dir='ltr'><strong>ι</strong></span> <span class='ocrx_word' id='word_1_614' title='bbox 2321 3473 2466 3526; x_wconf 77' lang='grc' dir='ltr'>ἐστίν</span> <span class='ocrx_word' id='word_1_615' title='bbox 2489 3490 2502 3502; x_wconf 90' lang='grc'><strong>·</strong></span> <span class='ocrx_word' id='word_1_616' title='bbox 2541 3473 2677 3545; x_wconf 76' lang='grc' dir='ltr'>αὕτη</span> <span class='ocrx_word' id='word_1_617' title='bbox 2723 3474 2832 3545; x_wconf 86' lang='grc' dir='ltr'><strong>γὰρ</strong></span> <span class='ocrx_word' id='word_1_618' title='bbox 2865 3473 3102 3527; x_wconf 85' lang='grc' dir='ltr'>δουλεύει</span> <span class='ocrx_word' id='word_1_619' title='bbox 3143 3473 3280 3544; x_wconf 86' lang='grc' dir='ltr'>μετὰ</span> <span class='ocrx_word' id='word_1_620' title='bbox 3329 3473 3438 3526; x_wconf 85' lang='grc' dir='ltr'><strong>τῶν</strong></span> <span class='ocrx_word' id='word_1_621' title='bbox 3489 3473 3694 3525; x_wconf 82' lang='grc' dir='ltr'>τέκνων</span> <span class='ocrx_word' id='word_1_622' title='bbox 3731 3471 3826 3524; x_wconf 83' lang='grc' dir='ltr'>αὐ-</span> 
     </span>
    </p>
   </div>
   <div class='ocr_carea' id='block_1_76' title="bbox 2265 3563 3820 3637">
    <p class='ocr_par' dir='ltr' id='par_1_76' title="bbox 2265 3563 3820 3637">
     <span class='ocr_line' id='line_1_76' title="bbox 2265 3563 3820 3637; baseline -0.004 -19"><span class='ocrx_word' id='word_1_623' title='bbox 2265 3585 2284 3618; x_wconf 78' lang='grc' dir='ltr'><strong>ι</strong></span> <span class='ocrx_word' id='word_1_624' title='bbox 2319 3566 2435 3635; x_wconf 85' lang='grc' dir='ltr'>τῆς.</span> <span class='ocrx_word' id='word_1_625' title='bbox 2495 3564 2806 3637; x_wconf 83' lang='grc' dir='ltr'>Τηνικαῦτα</span> <span class='ocrx_word' id='word_1_626' title='bbox 2853 3565 2980 3637; x_wconf 82' lang='grc' dir='ltr'>γὰρ,</span> <span class='ocrx_word' id='word_1_627' title='bbox 3003 3566 3060 3617; x_wconf 86' lang='grc' dir='ltr'>ὲν</span> <span class='ocrx_word' id='word_1_628' title='bbox 3105 3568 3170 3636; x_wconf 81' lang='grc' dir='ltr'>τῇ</span> <span class='ocrx_word' id='word_1_629' title='bbox 3209 3565 3416 3637; x_wconf 80' lang='grc' dir='ltr'>μεγάλῃ</span> <span class='ocrx_word' id='word_1_630' title='bbox 3457 3564 3591 3633; x_wconf 79' lang='grc' dir='ltr'>αὐτῇ</span> <span class='ocrx_word' id='word_1_631' title='bbox 3636 3563 3820 3632; x_wconf 81' lang='grc' dir='ltr'>Ἰερου-</span> 
     </span>
    </p>
   </div>
   <div class='ocr_carea' id='block_1_77' title="bbox 2267 3649 3828 3727">
    <p class='ocr_par' dir='ltr' id='par_1_77' title="bbox 2267 3649 3828 3727">
     <span class='ocr_line' id='line_1_77' title="bbox 2267 3649 3828 3727; baseline -0.003 -19"><span class='ocrx_word' id='word_1_632' title='bbox 2267 3674 2284 3708; x_wconf 84' lang='grc'><em>‹</em></span> <span class='ocrx_word' id='word_1_633' title='bbox 2329 3655 2528 3727; x_wconf 80' lang='grc' dir='ltr'>σαλὴμ,</span> <span class='ocrx_word' id='word_1_634' title='bbox 2565 3655 2840 3709; x_wconf 86' lang='grc' dir='ltr'>τουτέστιν</span> <span class='ocrx_word' id='word_1_635' title='bbox 2871 3657 2929 3708; x_wconf 84' lang='grc' dir='ltr'>ὲν</span> <span class='ocrx_word' id='word_1_636' title='bbox 2958 3659 3024 3727; x_wconf 82' lang='grc' dir='ltr'>τῇ</span> <span class='ocrx_word' id='word_1_637' title='bbox 3057 3657 3302 3727; x_wconf 71' lang='grc' dir='ltr'>ἡμετέρᾳ.</span> <span class='ocrx_word' id='word_1_638' title='bbox 3345 3654 3636 3725; x_wconf 67' lang='grc' dir='ltr'>Ἐκκλησία</span> <span class='ocrx_word' id='word_1_639' title='bbox 3681 3649 3828 3720; x_wconf 88' lang='grc' dir='ltr'>γενό-</span> 
     </span>
    </p>
   </div>
   <div class='ocr_carea' id='block_1_78' title="bbox 2267 3747 3823 3818">
    <p class='ocr_par' dir='ltr' id='par_1_78' title="bbox 2267 3747 3823 3818">
     <span class='ocr_line' id='line_1_78' title="bbox 2267 3747 3823 3818; baseline -0.004 -18"><span class='ocrx_word' id='word_1_640' title='bbox 2267 3767 2284 3798; x_wconf 85' lang='grc'>‹</span> <span class='ocrx_word' id='word_1_641' title='bbox 2331 3765 2510 3818; x_wconf 86' lang='grc' dir='ltr'>μενος,</span> <span class='ocrx_word' id='word_1_642' title='bbox 2541 3749 2840 3818; x_wconf 68' lang='grc' dir='ltr'>ἐπετίμησε</span> <span class='ocrx_word' id='word_1_643' title='bbox 2875 3747 2950 3817; x_wconf 81' lang='grc' dir='ltr'><strong>τῷ</strong></span> <span class='ocrx_word' id='word_1_644' title='bbox 2981 3748 3230 3818; x_wconf 82' lang='grc' dir='ltr'>διαϐόλῳ,</span> <span class='ocrx_word' id='word_1_645' title='bbox 3279 3748 3420 3801; x_wconf 85' lang='grc' dir='ltr'>κατὰ</span> <span class='ocrx_word' id='word_1_646' title='bbox 3457 3747 3554 3816; x_wconf 79' lang='grc' dir='ltr'>τὴν</span> <span class='ocrx_word' id='word_1_647' title='bbox 3621 3760 3823 3815; x_wconf 82' lang='grc' dir='ltr'>προφη-</span> 
     </span>
    </p>
   </div>
   <div class='ocr_carea' id='block_1_79' title="bbox 2269 3832 3830 3908">
    <p class='ocr_par' dir='ltr' id='par_1_79' title="bbox 2269 3832 3830 3908">
     <span class='ocr_line' id='line_1_79' title="bbox 2269 3832 3830 3908; baseline -0.002 -20"><span class='ocrx_word' id='word_1_648' title='bbox 2269 3855 2287 3888; x_wconf 77' lang='grc' dir='ltr'><strong>ι</strong></span> <span class='ocrx_word' id='word_1_649' title='bbox 2323 3836 2473 3890; x_wconf 81' lang='grc' dir='ltr'>τείαν</span> <span class='ocrx_word' id='word_1_650' title='bbox 2517 3836 2683 3891; x_wconf 82' lang='grc' dir='ltr'>εἰπών</span> <span class='ocrx_word' id='word_1_651' title='bbox 2711 3855 2723 3870; x_wconf 93' lang='grc'><strong>·</strong></span> <span class='ocrx_word' id='word_1_652' title='bbox 2762 3839 3009 3892; x_wconf 76' lang='grc' dir='ltr'><strong>Ἀπελθε</strong></span> <span class='ocrx_word' id='word_1_653' title='bbox 3051 3839 3242 3892; x_wconf 82' lang='grc' dir='ltr'><strong>ὀπίσω</strong></span> <span class='ocrx_word' id='word_1_654' title='bbox 3265 3856 3406 3908; x_wconf 83' lang='grc' dir='ltr'>μου,</span> <span class='ocrx_word' id='word_1_655' title='bbox 3443 3833 3710 3890; x_wconf 81' lang='grc' dir='ltr'>Σατανᾶ·</span> <span class='ocrx_word' id='word_1_656' title='bbox 3743 3832 3830 3886; x_wconf 81' lang='grc' dir='ltr'>ὅτι</span> 
     </span>
    </p>
   </div>
   <div class='ocr_carea' id='block_1_80' title="bbox 667 3970 2919 4038">
    <p class='ocr_par' dir='ltr' id='par_1_80' title="bbox 667 3970 2919 4038">
     <span class='ocr_line' id='line_1_80' title="bbox 667 3970 2919 4038; baseline 0 -12"><span class='ocrx_word' id='word_1_657' title='bbox 667 3974 713 4006; x_wconf 83' lang='grc'><strong>¹¹</strong></span> <span class='ocrx_word' id='word_1_658' title='bbox 743 3972 861 4026; x_wconf 87' lang='lat' dir='ltr'><strong>Gal.</strong></span> <span class='ocrx_word' id='word_1_659' title='bbox 899 3988 970 4037; x_wconf 85' lang='lat' dir='ltr'><strong>IV,</strong></span> <span class='ocrx_word' id='word_1_660' title='bbox 998 3971 1088 4026; x_wconf 74' lang='lat'><strong>‘36.</strong></span> <span class='ocrx_word' id='word_1_661' title='bbox 1165 3972 1212 4002; x_wconf 75' lang='grc'><strong>⁸³</strong></span> <span class='ocrx_word' id='word_1_662' title='bbox 1245 3971 1434 4026; x_wconf 81' lang='lat' dir='ltr'><strong>Matth.</strong></span> <span class='ocrx_word' id='word_1_663' title='bbox 1479 3987 1590 4036; x_wconf 74' lang='lat' dir='ltr'><strong>xw,</strong></span> <span class='ocrx_word' id='word_1_664' title='bbox 1618 3971 1710 4025; x_wconf 75' lang='grc'><strong>25.</strong></span> <span class='ocrx_word' id='word_1_665' title='bbox 1787 3971 1832 4002; x_wconf 71' lang='grc'><strong>’⁵</strong></span> <span class='ocrx_word' id='word_1_666' title='bbox 1853 3970 1985 4025; x_wconf 87' lang='lat' dir='ltr'><strong>Luc.</strong></span> <span class='ocrx_word' id='word_1_667' title='bbox 2007 3987 2045 4036; x_wconf 83' lang='grc' dir='ltr'><strong>ι,</strong></span> <span class='ocrx_word' id='word_1_668' title='bbox 2078 3970 2264 4026; x_wconf 71' lang='lat'><strong>50-52.</strong></span> <span class='ocrx_word' id='word_1_669' title='bbox 2343 3973 2386 4004; x_wconf 78' lang='lat'>”</span> <span class='ocrx_word' id='word_1_670' title='bbox 2417 3971 2642 4027; x_wconf 81' lang='lat' dir='ltr'><strong>Zacliar.</strong></span> <span class='ocrx_word' id='word_1_671' title='bbox 2672 3988 2756 4036; x_wconf 88' lang='lat' dir='ltr'><strong>In,</strong></span> <span class='ocrx_word' id='word_1_672' title='bbox 2795 3971 2844 4038; x_wconf 79' lang='lat' dir='ltr'><strong>l,</strong></span> <span class='ocrx_word' id='word_1_673' title='bbox 2865 3971 2919 4026; x_wconf 73' lang='grc' dir='ltr'><strong>Ξ.</strong></span> 
     </span>
    </p>
   </div>
   <div class='ocr_carea' id='block_1_81' title="bbox 587 4103 2156 4178">
    <p class='ocr_par' dir='ltr' id='par_1_81' title="bbox 587 4103 2156 4178">
     <span class='ocr_line' id='line_1_81' title="bbox 587 4103 2156 4178; baseline 0.018 -4"><span class='ocrx_word' id='word_1_674' title='bbox 587 4105 790 4178; x_wconf 71' lang='grc' dir='ltr'>ἢξιὼθη</span> <span class='ocrx_word' id='word_1_675' title='bbox 823 4106 1136 4174; x_wconf 84' lang='grc' dir='ltr'>εἰσαγαγεῖν</span> <span class='ocrx_word' id='word_1_676' title='bbox 1172 4103 1264 4157; x_wconf 82' lang='grc' dir='ltr'><strong>τὸν</strong></span> <span class='ocrx_word' id='word_1_677' title='bbox 1303 4104 1431 4158; x_wconf 73' lang='grc' dir='ltr'>λαὸν</span> <span class='ocrx_word' id='word_1_678' title='bbox 1457 4105 1672 4178; x_wconf 13' lang='grc' dir='ltr'><strong>είῑςίέὴν</strong></span> <span class='ocrx_word' id='word_1_679' title='bbox 1703 4105 1863 4174; x_wconf 69' lang='grc' dir='ltr'>ἁγίαν</span> <span class='ocrx_word' id='word_1_680' title='bbox 1904 4105 2156 4178; x_wconf 55' lang='grc' dir='ltr'><strong>τῆν’-θεά</strong></span> 
     </span>
    </p>
   </div>
   <div class='ocr_carea' id='block_1_82' title="bbox 589 4175 2152 4246">
    <p class='ocr_par' dir='ltr' id='par_1_82' title="bbox 589 4175 2152 4246">
     <span class='ocr_line' id='line_1_82' title="bbox 589 4175 2152 4246; baseline -0.001 -15"><span class='ocrx_word' id='word_1_681' title='bbox 589 4175 707 4232; x_wconf 77' lang='lat' dir='ltr'><strong>aliis</strong></span> <span class='ocrx_word' id='word_1_682' title='bbox 729 4175 1058 4244; x_wconf 77' lang='lat' dir='ltr'><strong>interpositis</strong></span> <span class='ocrx_word' id='word_1_683' title='bbox 1085 4191 1099 4227; x_wconf 90' lang='lat'>:</span> <span class='ocrx_word' id='word_1_684' title='bbox 1131 4184 1184 4230; x_wconf 86' lang='lat' dir='ltr'><strong>et</strong></span> <span class='ocrx_word' id='word_1_685' title='bbox 1211 4178 1424 4228; x_wconf 87' lang='lat' dir='ltr'><strong>tandem</strong></span> <span class='ocrx_word' id='word_1_686' title='bbox 1464 4177 1530 4230; x_wconf 87' lang='lat' dir='ltr'><strong>de</strong></span> <span class='ocrx_word' id='word_1_687' title='bbox 1550 4175 1732 4246; x_wconf 81' lang='lat' dir='ltr'><strong>Moyse</strong></span> <span class='ocrx_word' id='word_1_688' title='bbox 1755 4179 1851 4240; x_wconf 88' lang='lat' dir='ltr'><strong>ait,</strong></span> <span class='ocrx_word' id='word_1_689' title='bbox 1885 4175 1981 4230; x_wconf 80' lang='lat' dir='ltr'><strong>nec</strong></span> <span class='ocrx_word' id='word_1_690' title='bbox 2003 4176 2152 4230; x_wconf 90' lang='lat' dir='ltr'><strong>illum</strong></span> 
     </span>
    </p>
   </div>
   <div class='ocr_carea' id='block_1_83' title="bbox 591 4245 2156 4316">
    <p class='ocr_par' dir='ltr' id='par_1_83' title="bbox 591 4245 2156 4316">
     <span class='ocr_line' id='line_1_83' title="bbox 591 4245 2156 4316; baseline -0.003 -12"><span class='ocrx_word' id='word_1_691' title='bbox 591 4250 792 4304; x_wconf 91' lang='lat' dir='ltr'><strong>dictum</strong></span> <span class='ocrx_word' id='word_1_692' title='bbox 823 4261 942 4300; x_wconf 87' lang='lat' dir='ltr'><strong>esse</strong></span> <span class='ocrx_word' id='word_1_693' title='bbox 980 4247 1152 4316; x_wconf 86' lang='grc' dir='ltr'>μέγαν</span> <span class='ocrx_word' id='word_1_694' title='bbox 1190 4245 1321 4314; x_wconf 90' lang='lat' dir='ltr'><strong>:qui</strong></span> <span class='ocrx_word' id='word_1_695' title='bbox 1357 4255 1534 4299; x_wconf 86' lang='lat' dir='ltr'><strong>tamen</strong></span> <span class='ocrx_word' id='word_1_696' title='bbox 1583 4245 1656 4299; x_wconf 81' lang='lat' dir='ltr'><strong>ita</strong></span> <span class='ocrx_word' id='word_1_697' title='bbox 1689 4261 1918 4315; x_wconf 77' lang='lat' dir='ltr'><strong>magnus</strong></span> <span class='ocrx_word' id='word_1_698' title='bbox 1941 4257 1996 4300; x_wconf 92' lang='lat' dir='ltr'><strong>et</strong></span> <span class='ocrx_word' id='word_1_699' title='bbox 2033 4247 2156 4316; x_wconf 83' lang='lat' dir='ltr'><strong>illu-</strong></span> 
     </span>
    </p>
   </div>
   <div class='ocr_carea' id='block_1_84' title="bbox 591 4314 2146 4380">
    <p class='ocr_par' dir='ltr' id='par_1_84' title="bbox 591 4314 2146 4380">
     <span class='ocr_line' id='line_1_84' title="bbox 591 4314 2146 4380; baseline -0.003 -8"><span class='ocrx_word' id='word_1_700' title='bbox 591 4319 722 4372; x_wconf 87' lang='lat' dir='ltr'><strong>stris</strong></span> <span class='ocrx_word' id='word_1_701' title='bbox 748 4325 884 4380; x_wconf 86' lang='lat' dir='ltr'><strong>erat,</strong></span> <span class='ocrx_word' id='word_1_702' title='bbox 917 4314 991 4369; x_wconf 74' lang='lat' dir='ltr'><strong>ut</strong></span> <span class='ocrx_word' id='word_1_703' title='bbox 1027 4317 1120 4370; x_wconf 90' lang='lat' dir='ltr'><strong>Dei</strong></span> <span class='ocrx_word' id='word_1_704' title='bbox 1177 4329 1368 4370; x_wconf 87' lang='lat' dir='ltr'><strong>servus</strong></span> <span class='ocrx_word' id='word_1_705' title='bbox 1409 4317 1702 4380; x_wconf 89' lang='lat' dir='ltr'><strong>diceretur,</strong></span> <span class='ocrx_word' id='word_1_706' title='bbox 1745 4314 1858 4370; x_wconf 82' lang='lat' dir='ltr'><strong>tum</strong></span> <span class='ocrx_word' id='word_1_707' title='bbox 1911 4317 1976 4371; x_wconf 91' lang='lat' dir='ltr'><strong>de</strong></span> <span class='ocrx_word' id='word_1_708' title='bbox 2021 4314 2146 4370; x_wconf 80' lang='lat' dir='ltr'><strong>Jesu</strong></span> 
     </span>
    </p>
   </div>
   <div class='ocr_carea' id='block_1_85' title="bbox 592 4386 2145 4456">
    <p class='ocr_par' dir='ltr' id='par_1_85' title="bbox 592 4386 2145 4456">
     <span class='ocr_line' id='line_1_85' title="bbox 592 4386 2145 4456; baseline -0.003 -12"><span class='ocrx_word' id='word_1_709' title='bbox 592 4389 776 4453; x_wconf 83' lang='lat' dir='ltr'><strong>Nave;</strong></span> <span class='ocrx_word' id='word_1_710' title='bbox 805 4401 904 4440; x_wconf 84' lang='lat' dir='ltr'><strong>nec</strong></span> <span class='ocrx_word' id='word_1_711' title='bbox 928 4386 1078 4440; x_wconf 91' lang='lat' dir='ltr'><strong>illum</strong></span> <span class='ocrx_word' id='word_1_712' title='bbox 1109 4388 1282 4456; x_wconf 84' lang='grc' dir='ltr'>μέγαν</span> <span class='ocrx_word' id='word_1_713' title='bbox 1321 4386 1446 4439; x_wconf 85' lang='lat' dir='ltr'><strong>licet</strong></span> <span class='ocrx_word' id='word_1_714' title='bbox 1479 4387 1729 4456; x_wconf 82' lang='lat' dir='ltr'><strong>pupulum</strong></span> <span class='ocrx_word' id='word_1_715' title='bbox 1772 4386 2064 4456; x_wconf 76' lang='lat' dir='ltr'><strong>induxerat</strong></span> <span class='ocrx_word' id='word_1_716' title='bbox 2092 4387 2145 4440; x_wconf 89' lang='lat' dir='ltr'><strong>in</strong></span> 
     </span>
    </p>
   </div>
   <div class='ocr_carea' id='block_1_86' title="bbox 593 4454 2142 4524">
    <p class='ocr_par' dir='ltr' id='par_1_86' title="bbox 593 4454 2142 4524">
     <span class='ocr_line' id='line_1_86' title="bbox 593 4454 2142 4524; baseline -0.003 -12"><span class='ocrx_word' id='word_1_717' title='bbox 593 4467 794 4512; x_wconf 87' lang='lat' dir='ltr'><strong>terram</strong></span> <span class='ocrx_word' id='word_1_718' title='bbox 853 4454 1252 4524; x_wconf 77' lang='lat' dir='ltr'><strong>promissionis,</strong></span> <span class='ocrx_word' id='word_1_719' title='bbox 1309 4465 1363 4510; x_wconf 89' lang='lat' dir='ltr'><strong>et</strong></span> <span class='ocrx_word' id='word_1_720' title='bbox 1409 4456 1509 4508; x_wconf 87' lang='lat' dir='ltr'><strong>alia</strong></span> <span class='ocrx_word' id='word_1_721' title='bbox 1551 4454 1818 4511; x_wconf 74' lang='lat' dir='ltr'><strong>inii-acula</strong></span> <span class='ocrx_word' id='word_1_722' title='bbox 1871 4455 2142 4509; x_wconf 71' lang='lat' dir='ltr'><strong>ctIecerat.</strong></span> 
     </span>
    </p>
   </div>
   <div class='ocr_carea' id='block_1_87' title="bbox 2271 4100 3832 4178">
    <p class='ocr_par' dir='ltr' id='par_1_87' title="bbox 2271 4100 3832 4178">
     <span class='ocr_line' id='line_1_87' title="bbox 2271 4100 3832 4178; baseline -0.004 -18"><span class='ocrx_word' id='word_1_723' title='bbox 2271 4107 2485 4178; x_wconf 89' lang='lat' dir='ltr'><strong>quidem</strong></span> <span class='ocrx_word' id='word_1_724' title='bbox 2519 4106 2922 4178; x_wconf 82' lang='lat' dir='ltr'><strong>cohonestatur.</strong></span> <span class='ocrx_word' id='word_1_725' title='bbox 2959 4103 3136 4178; x_wconf 87' lang='lat' dir='ltr'><strong>Quod,</strong></span> <span class='ocrx_word' id='word_1_726' title='bbox 3167 4114 3224 4178; x_wconf 79' lang='lat' dir='ltr'><strong>ut</strong></span> <span class='ocrx_word' id='word_1_727' title='bbox 3249 4115 3302 4158; x_wconf 90' lang='lat' dir='ltr'><strong>et</strong></span> <span class='ocrx_word' id='word_1_728' title='bbox 3327 4105 3431 4178; x_wconf 78' lang='lat' dir='ltr'><strong>alia</strong></span> <span class='ocrx_word' id='word_1_729' title='bbox 3464 4103 3532 4178; x_wconf 79' lang='lat' dir='ltr'><strong>de</strong></span> <span class='ocrx_word' id='word_1_730' title='bbox 3559 4100 3832 4178; x_wconf 77' lang='lat' dir='ltr'><strong>Jesu_ibi-</strong></span> 
     </span>
    </p>
   </div>
   <div class='ocr_carea' id='block_1_88' title="bbox 2261 4171 3832 4248">
    <p class='ocr_par' dir='ltr' id='par_1_88' title="bbox 2261 4171 3832 4248">
     <span class='ocr_line' id='line_1_88' title="bbox 2261 4171 3832 4248; baseline -0.004 -17"><span class='ocrx_word' id='word_1_731' title='bbox 2261 4171 2381 4231; x_wconf 75' lang='lat' dir='ltr'><strong>dem</strong></span> <span class='ocrx_word' id='word_1_732' title='bbox 2410 4179 2576 4248; x_wconf 77' lang='lat' dir='ltr'><strong>dicta,</strong></span> <span class='ocrx_word' id='word_1_733' title='bbox 2605 4175 2688 4248; x_wconf 12' lang='grc' dir='ltr'>τάκ</span> <span class='ocrx_word' id='word_1_734' title='bbox 2725 4176 2894 4248; x_wconf 79' lang='grc' dir='ltr'>μικρὰ</span> <span class='ocrx_word' id='word_1_735' title='bbox 2929 4171 3023 4248; x_wconf 53' lang='grc' dir='ltr'>καὶ</span> <span class='ocrx_word' id='word_1_736' title='bbox 3051 4176 3371 4248; x_wconf 70' lang='grc' dir='ltr'>φαινόμενα</span> <span class='ocrx_word' id='word_1_737' title='bbox 3409 4173 3531 4248; x_wconf 48' lang='grc' dir='ltr'>ἀντὶ</span> <span class='ocrx_word' id='word_1_738' title='bbox 3581 4171 3832 4248; x_wconf 62' lang='grc' dir='ltr'>μεγάλςυν</span> 
     </span>
    </p>
   </div>
   <div class='ocr_carea' id='block_1_89' title="bbox 2261 4243 3825 4318">
    <p class='ocr_par' dir='ltr' id='par_1_89' title="bbox 2261 4243 3825 4318">
     <span class='ocr_line' id='line_1_89' title="bbox 2261 4243 3825 4318; baseline -0.004 -18"><span class='ocrx_word' id='word_1_739' title='bbox 2261 4247 2436 4318; x_wconf 76' lang='grc' dir='ltr'>καὶμὴ</span> <span class='ocrx_word' id='word_1_740' title='bbox 2459 4243 2894 4318; x_wconf 76' lang='grc' dir='ltr'>βλεπομένὶυν,”ἱιι</span> <span class='ocrx_word' id='word_1_741' title='bbox 2921 4243 3146 4308; x_wconf 76' lang='lat' dir='ltr'><strong>JesulMa</strong></span> <span class='ocrx_word' id='word_1_742' title='bbox 3157 4243 3248 4299; x_wconf 71' lang='lat' dir='ltr'><strong>riae</strong></span> <span class='ocrx_word' id='word_1_743' title='bbox 3272 4245 3726 4318; x_wconf 71' lang='lat' dir='ltr'><strong>adimplebauitur.</strong></span> <span class='ocrx_word' id='word_1_744' title='bbox 3751 4243 3825 4318; x_wconf 62' lang='grc' dir='ltr'><strong>Μτ</strong></span> 
     </span>
    </p>
   </div>
   <div class='ocr_carea' id='block_1_90' title="bbox 2259 4312 3832 4388">
    <p class='ocr_par' dir='ltr' id='par_1_90' title="bbox 2259 4312 3832 4388">
     <span class='ocr_line' id='line_1_90' title="bbox 2259 4312 3832 4388; baseline -0.005 -14"><span class='ocrx_word' id='word_1_745' title='bbox 2259 4349 2326 4358; x_wconf 93' lang='lat'><strong>--</strong></span> <span class='ocrx_word' id='word_1_746' title='bbox 2351 4312 2518 4373; x_wconf 73' lang='lat' dir='ltr'><strong>Codd.</strong></span> <span class='ocrx_word' id='word_1_747' title='bbox 2569 4312 2663 4370; x_wconf 67' lang='grc' dir='ltr'>τοῦ</span> <span class='ocrx_word' id='word_1_748' title='bbox 2707 4318 2892 4381; x_wconf 82' lang='grc' dir='ltr'>Μωσ.,</span> <span class='ocrx_word' id='word_1_749' title='bbox 2933 4319 3055 4371; x_wconf 88' lang='lat' dir='ltr'><strong>dein</strong></span> <span class='ocrx_word' id='word_1_750' title='bbox 3085 4319 3240 4388; x_wconf 77' lang='lat' dir='ltr'><strong>vulgo</strong></span> <span class='ocrx_word' id='word_1_751' title='bbox 3269 4315 3359 4367; x_wconf 86' lang='grc' dir='ltr'><strong>τὸν</strong></span> <span class='ocrx_word' id='word_1_752' title='bbox 3385 4332 3472 4386; x_wconf 93' lang='grc' dir='ltr'>τρ.</span> <span class='ocrx_word' id='word_1_753' title='bbox 3499 4312 3709 4380; x_wconf 80' lang='grc' dir='ltr'>τοῦτον,</span> <span class='ocrx_word' id='word_1_754' title='bbox 3741 4313 3832 4383; x_wconf 88' lang='lat' dir='ltr'><strong>qui</strong></span> 
     </span>
    </p>
   </div>
   <div class='ocr_carea' id='block_1_91' title="bbox 2253 4388 2642 4442">
    <p class='ocr_par' dir='ltr' id='par_1_91' title="bbox 2253 4388 2642 4442">
     <span class='ocr_line' id='line_1_91' title="bbox 2253 4388 2642 4442; baseline 0.003 -1"><span class='ocrx_word' id='word_1_755' title='bbox 2253 4388 2509 4442; x_wconf 81' lang='grc' dir='ltr'>ἁπάντων</span> <span class='ocrx_word' id='word_1_756' title='bbox 2533 4403 2642 4442; x_wconf 81' lang='grc' dir='ltr'>οιιι.</span> 
     </span>
    </p>
   </div>
   <div class='ocr_carea' id='block_1_92' title="bbox 2324 4453 3832 4532">
    <p class='ocr_par' dir='ltr' id='par_1_92' title="bbox 2324 4453 3832 4532">
     <span class='ocr_line' id='line_1_92' title="bbox 2324 4453 3832 4532; baseline -0.005 -20"><span class='ocrx_word' id='word_1_757' title='bbox 2324 4461 2436 4532; x_wconf 66' lang='grc' dir='ltr'><strong>(ϐζς)</strong></span> <span class='ocrx_word' id='word_1_758' title='bbox 2459 4459 2618 4524; x_wconf 81' lang='grc' dir='ltr'><strong>Αὕτη</strong></span> <span class='ocrx_word' id='word_1_759' title='bbox 2651 4457 2758 4532; x_wconf 62' lang='grc' dir='ltr'>γᾴρ</span> <span class='ocrx_word' id='word_1_760' title='bbox 2775 4455 3079 4532; x_wconf 69' lang='grc' dir='ltr'>δουλεύει.</span> <span class='ocrx_word' id='word_1_761' title='bbox 3127 4455 3252 4510; x_wconf 61' lang='lat' dir='ltr'><strong>llaec</strong></span> <span class='ocrx_word' id='word_1_762' title='bbox 3286 4463 3370 4532; x_wconf 83' lang='lat' dir='ltr'><strong>est</strong></span> <span class='ocrx_word' id='word_1_763' title='bbox 3401 4453 3578 4532; x_wconf 67' lang='lat' dir='ltr'><strong>altera</strong></span> <span class='ocrx_word' id='word_1_764' title='bbox 3607 4468 3832 4532; x_wconf 78' lang='lat' dir='ltr'><strong>accusa-</strong></span> 
     </span>
    </p>
   </div>
   <div class='ocr_carea' id='block_1_93' title="bbox 593 4524 3830 4596">
    <p class='ocr_par' dir='ltr' id='par_1_93' title="bbox 593 4524 3830 4596">
     <span class='ocr_line' id='line_1_93' title="bbox 593 4524 3830 4596; baseline -0.002 -14"><span class='ocrx_word' id='word_1_765' title='bbox 593 4529 754 4582; x_wconf 80' lang='lat' dir='ltr'><strong>Certe</strong></span> <span class='ocrx_word' id='word_1_766' title='bbox 790 4526 1092 4592; x_wconf 88' lang='lat' dir='ltr'><strong>obscurius,</strong></span> <span class='ocrx_word' id='word_1_767' title='bbox 1143 4536 1198 4580; x_wconf 90' lang='lat' dir='ltr'><strong>et</strong></span> <span class='ocrx_word' id='word_1_768' title='bbox 1253 4525 1579 4588; x_wconf 84' lang='grc' dir='ltr'>ἀσυνδὲτως,</span> <span class='ocrx_word' id='word_1_769' title='bbox 1629 4529 1744 4580; x_wconf 80' lang='lat' dir='ltr'><strong>haec</strong></span> <span class='ocrx_word' id='word_1_770' title='bbox 1795 4535 2072 4594; x_wconf 90' lang='lat' dir='ltr'><strong>ponuntur</strong></span> <span class='ocrx_word' id='word_1_771' title='bbox 2125 4541 2152 4578; x_wconf 87' lang='lat' dir='ltr'><strong>a</strong></span> <span class='ocrx_word' id='word_1_772' title='bbox 2187 4535 2230 4588; x_wconf 91' lang='lat' dir='ltr'><strong>D</strong></span> <span class='ocrx_word' id='word_1_773' title='bbox 2261 4524 2352 4583; x_wconf 57' lang='lat' dir='ltr'><strong>tio&#39;.</strong></span> <span class='ocrx_word' id='word_1_774' title='bbox 2380 4524 2552 4584; x_wconf 82' lang='lat' dir='ltr'><strong>Locus</strong></span> <span class='ocrx_word' id='word_1_775' title='bbox 2582 4524 2667 4582; x_wconf 84' lang='lat' dir='ltr'><strong>est</strong></span> <span class='ocrx_word' id='word_1_776' title='bbox 2693 4528 2809 4582; x_wconf 85' lang='lat' dir='ltr'><strong>Gal.</strong></span> <span class='ocrx_word' id='word_1_777' title='bbox 2841 4543 2912 4590; x_wconf 85' lang='lat' dir='ltr'><strong>iv,</strong></span> <span class='ocrx_word' id='word_1_778' title='bbox 2941 4528 3035 4592; x_wconf 70' lang='lat'><strong>26,</strong></span> <span class='ocrx_word' id='word_1_779' title='bbox 3074 4542 3231 4596; x_wconf 89' lang='lat' dir='ltr'><strong>quem</strong></span> <span class='ocrx_word' id='word_1_780' title='bbox 3273 4525 3458 4596; x_wconf 86' lang='lat' dir='ltr'><strong>alludit</strong></span> <span class='ocrx_word' id='word_1_781' title='bbox 3505 4525 3604 4578; x_wconf 89' lang='lat' dir='ltr'><strong>hoc</strong></span> <span class='ocrx_word' id='word_1_782' title='bbox 3637 4524 3830 4596; x_wconf 68' lang='lat' dir='ltr'><strong>modo:</strong></span> 
     </span>
    </p>
   </div>
   <div class='ocr_carea' id='block_1_94' title="bbox 595 4596 2149 4663">
    <p class='ocr_par' dir='ltr' id='par_1_94' title="bbox 595 4596 2149 4663">
     <span class='ocr_line' id='line_1_94' title="bbox 595 4596 2149 4663; baseline -0.001 -11"><span class='ocrx_word' id='word_1_783' title='bbox 595 4597 874 4660; x_wconf 79' lang='lat' dir='ltr'><strong>Marcello,</strong></span> <span class='ocrx_word' id='word_1_784' title='bbox 924 4605 982 4650; x_wconf 93' lang='lat' dir='ltr'><strong>ut</strong></span> <span class='ocrx_word' id='word_1_785' title='bbox 1023 4597 1221 4651; x_wconf 77' lang='lat' dir='ltr'><strong>exinde</strong></span> <span class='ocrx_word' id='word_1_786' title='bbox 1267 4597 1550 4652; x_wconf 65' lang='lat' dir='ltr'><strong>calumniae</strong></span> <span class='ocrx_word' id='word_1_787' title='bbox 1595 4597 1706 4650; x_wconf 89' lang='lat' dir='ltr'><strong>sint</strong></span> <span class='ocrx_word' id='word_1_788' title='bbox 1755 4596 2022 4663; x_wconf 80' lang='lat' dir='ltr'><strong>exposita,</strong></span> <span class='ocrx_word' id='word_1_789' title='bbox 2057 4597 2149 4651; x_wconf 89' lang='lat' dir='ltr'><strong>sed</strong></span> 
     </span>
    </p>
   </div>
   <div class='ocr_carea' id='block_1_95' title="bbox 595 4667 2151 4734">
    <p class='ocr_par' dir='ltr' id='par_1_95' title="bbox 595 4667 2151 4734">
     <span class='ocr_line' id='line_1_95' title="bbox 595 4667 2151 4734; baseline -0.001 -13"><span class='ocrx_word' id='word_1_790' title='bbox 595 4685 702 4722; x_wconf 90' lang='lat' dir='ltr'><strong>non</strong></span> <span class='ocrx_word' id='word_1_791' title='bbox 735 4667 966 4722; x_wconf 80' lang='lat' dir='ltr'><strong>infertur</strong></span> <span class='ocrx_word' id='word_1_792' title='bbox 1017 4667 1347 4730; x_wconf 84' lang='lat' dir='ltr'><strong>necessario,</strong></span> <span class='ocrx_word' id='word_1_793' title='bbox 1394 4667 1536 4734; x_wconf 87' lang='lat' dir='ltr'><strong>quod</strong></span> <span class='ocrx_word' id='word_1_794' title='bbox 1591 4667 1988 4720; x_wconf 85' lang='lat' dir='ltr'><strong>accusationem</strong></span> <span class='ocrx_word' id='word_1_795' title='bbox 2022 4683 2151 4720; x_wconf 92' lang='lat' dir='ltr'><strong>con-</strong></span> 
     </span>
    </p>
   </div>
   <div class='ocr_carea' id='block_1_96' title="bbox 596 4735 2155 4805">
    <p class='ocr_par' dir='ltr' id='par_1_96' title="bbox 596 4735 2155 4805">
     <span class='ocr_line' id='line_1_96' title="bbox 596 4735 2155 4805; baseline -0.001 -13"><span class='ocrx_word' id='word_1_796' title='bbox 596 4739 774 4792; x_wconf 90' lang='lat' dir='ltr'><strong>stituit</strong></span> <span class='ocrx_word' id='word_1_797' title='bbox 803 4737 1183 4791; x_wconf 87' lang='lat' dir='ltr'><strong>Eusebiauam.</strong></span> <span class='ocrx_word' id='word_1_798' title='bbox 1237 4737 1508 4802; x_wconf 88' lang='lat' dir='ltr'><strong>Secundo,</strong></span> <span class='ocrx_word' id='word_1_799' title='bbox 1539 4745 1600 4789; x_wconf 89' lang='lat' dir='ltr'><strong>ut</strong></span> <span class='ocrx_word' id='word_1_800' title='bbox 1625 4737 1716 4789; x_wconf 89' lang='lat' dir='ltr'><strong>ille</strong></span> <span class='ocrx_word' id='word_1_801' title='bbox 1739 4735 1916 4800; x_wconf 83' lang='lat' dir='ltr'><strong>Jcsus,</strong></span> <span class='ocrx_word' id='word_1_802' title='bbox 1950 4737 2016 4791; x_wconf 88' lang='lat' dir='ltr'><strong>de</strong></span> <span class='ocrx_word' id='word_1_803' title='bbox 2049 4751 2155 4805; x_wconf 86' lang='lat' dir='ltr'><strong>quo</strong></span> 
     </span>
    </p>
   </div>
   <div class='ocr_carea' id='block_1_97' title="bbox 599 4805 2157 4876">
    <p class='ocr_par' dir='ltr' id='par_1_97' title="bbox 599 4805 2157 4876">
     <span class='ocr_line' id='line_1_97' title="bbox 599 4805 2157 4876; baseline -0.003 -14"><span class='ocrx_word' id='word_1_804' title='bbox 599 4808 863 4872; x_wconf 85' lang='lat' dir='ltr'><strong>meminit,</strong></span> <span class='ocrx_word' id='word_1_805' title='bbox 885 4817 1005 4876; x_wconf 89' lang='lat' dir='ltr'><strong>post</strong></span> <span class='ocrx_word' id='word_1_806' title='bbox 1037 4805 1269 4875; x_wconf 77' lang='lat' dir='ltr'><strong>Moysem</strong></span> <span class='ocrx_word' id='word_1_807' title='bbox 1293 4805 1474 4873; x_wconf 79' lang='lat' dir='ltr'><strong>fuerit,</strong></span> <span class='ocrx_word' id='word_1_808' title='bbox 1494 4822 1557 4860; x_wconf 85' lang='lat' dir='ltr'><strong>ex</strong></span> <span class='ocrx_word' id='word_1_809' title='bbox 1593 4806 1758 4861; x_wconf 88' lang='lat' dir='ltr'><strong>animi</strong></span> <span class='ocrx_word' id='word_1_810' title='bbox 1798 4807 1915 4874; x_wconf 85' lang='lat' dir='ltr'><strong>ejus</strong></span> <span class='ocrx_word' id='word_1_811' title='bbox 1937 4819 2157 4861; x_wconf 88' lang='lat' dir='ltr'><strong>senten—</strong></span> 
     </span>
    </p>
   </div>
   <div class='ocr_carea' id='block_1_98' title="bbox 601 4875 2158 4931">
    <p class='ocr_par' dir='ltr' id='par_1_98' title="bbox 601 4875 2158 4931">
     <span class='ocr_line' id='line_1_98' title="bbox 601 4875 2158 4931; baseline -0.001 -1"><span class='ocrx_word' id='word_1_812' title='bbox 601 4880 672 4931; x_wconf 86' lang='lat' dir='ltr'><strong>tia</strong></span> <span class='ocrx_word' id='word_1_813' title='bbox 715 4876 808 4930; x_wconf 85' lang='grc' dir='ltr'><strong>τοῦ</strong></span> <span class='ocrx_word' id='word_1_814' title='bbox 837 4875 1120 4931; x_wconf 82' lang='lat' dir='ltr'><strong>Josedcci:</strong></span> <span class='ocrx_word' id='word_1_815' title='bbox 1159 4886 1334 4928; x_wconf 69' lang='lat' dir='ltr'><strong>tanton</strong></span> <span class='ocrx_word' id='word_1_816' title='bbox 1367 4891 1472 4929; x_wconf 90' lang='lat' dir='ltr'><strong>non</strong></span> <span class='ocrx_word' id='word_1_817' title='bbox 1529 4878 1710 4929; x_wconf 88' lang='lat' dir='ltr'><strong>statim</strong></span> <span class='ocrx_word' id='word_1_818' title='bbox 1755 4879 2024 4930; x_wconf 83' lang='lat' dir='ltr'><strong>evincitur</strong></span> <span class='ocrx_word' id='word_1_819' title='bbox 2069 4876 2158 4929; x_wconf 86' lang='lat' dir='ltr'><strong>ille</strong></span> 
     </span>
    </p>
   </div>
   <div class='ocr_carea' id='block_1_99' title="bbox 599 4943 2160 5010">
    <p class='ocr_par' dir='ltr' id='par_1_99' title="bbox 599 4943 2160 5010">
     <span class='ocr_line' id='line_1_99' title="bbox 599 4943 2160 5010; baseline -0.003 -8"><span class='ocrx_word' id='word_1_820' title='bbox 599 4963 775 5002; x_wconf 86' lang='lat' dir='ltr'><strong>error.</strong></span> <span class='ocrx_word' id='word_1_821' title='bbox 804 4946 934 5000; x_wconf 81' lang='lat' dir='ltr'><strong>Nam</strong></span> <span class='ocrx_word' id='word_1_822' title='bbox 973 4961 1156 5000; x_wconf 85' lang='lat' dir='ltr'><strong>verum</strong></span> <span class='ocrx_word' id='word_1_823' title='bbox 1184 4957 1287 5006; x_wconf 72' lang='lat' dir='ltr'><strong>est,</strong></span> <span class='ocrx_word' id='word_1_824' title='bbox 1319 4948 1460 4998; x_wconf 87' lang='lat' dir='ltr'><strong>liuuc</strong></span> <span class='ocrx_word' id='word_1_825' title='bbox 1493 4943 1699 5010; x_wconf 86' lang='lat' dir='ltr'><strong>Jesum,</strong></span> <span class='ocrx_word' id='word_1_826' title='bbox 1737 4963 1840 4999; x_wconf 88' lang='lat' dir='ltr'><strong>una</strong></span> <span class='ocrx_word' id='word_1_827' title='bbox 1885 4962 2005 5000; x_wconf 90' lang='lat' dir='ltr'><strong>cum</strong></span> <span class='ocrx_word' id='word_1_828' title='bbox 2059 4945 2160 4998; x_wconf 84' lang='lat' dir='ltr'><strong>Zo-</strong></span> 
     </span>
    </p>
   </div>
   <div class='ocr_carea' id='block_1_100' title="bbox 601 5015 2159 5086">
    <p class='ocr_par' dir='ltr' id='par_1_100' title="bbox 601 5015 2159 5086">
     <span class='ocr_line' id='line_1_100' title="bbox 601 5015 2159 5086; baseline -0.001 -15"><span class='ocrx_word' id='word_1_829' title='bbox 601 5017 853 5072; x_wconf 83' lang='lat' dir='ltr'><strong>robabelc</strong></span> <span class='ocrx_word' id='word_1_830' title='bbox 883 5017 1133 5086; x_wconf 73' lang='lat' dir='ltr'><strong>populum</strong></span> <span class='ocrx_word' id='word_1_831' title='bbox 1173 5015 1540 5068; x_wconf 81' lang='lat' dir='ltr'><strong>introduxisse</strong></span> <span class='ocrx_word' id='word_1_832' title='bbox 1575 5018 1625 5069; x_wconf 94' lang='lat' dir='ltr'><strong>in</strong></span> <span class='ocrx_word' id='word_1_833' title='bbox 1673 5027 1870 5070; x_wconf 85' lang='lat' dir='ltr'><strong>terram</strong></span> <span class='ocrx_word' id='word_1_834' title='bbox 1923 5019 2159 5086; x_wconf 91' lang='lat' dir='ltr'><strong>promis-</strong></span> 
     </span>
    </p>
   </div>
   <div class='ocr_carea' id='block_1_101' title="bbox 602 5084 2162 5158">
    <p class='ocr_par' dir='ltr' id='par_1_101' title="bbox 602 5084 2162 5158">
     <span class='ocr_line' id='line_1_101' title="bbox 602 5084 2162 5158; baseline -0.001 -17"><span class='ocrx_word' id='word_1_835' title='bbox 602 5087 770 5141; x_wconf 87' lang='lat' dir='ltr'><strong>sionis</strong></span> <span class='ocrx_word' id='word_1_836' title='bbox 799 5103 814 5140; x_wconf 88' lang='lat'><strong>:</strong></span> <span class='ocrx_word' id='word_1_837' title='bbox 849 5084 953 5158; x_wconf 70' lang='lat' dir='ltr'><strong>non</strong></span> <span class='ocrx_word' id='word_1_838' title='bbox 979 5087 1042 5158; x_wconf 87' lang='lat' dir='ltr'><strong>de</strong></span> <span class='ocrx_word' id='word_1_839' title='bbox 1069 5084 1304 5158; x_wconf 53' lang='lat' dir='ltr'><strong>(Egyptu</strong></span> <span class='ocrx_word' id='word_1_840' title='bbox 1331 5086 1604 5148; x_wconf 79' lang='lat' dir='ltr'><strong>reducem,</strong></span> <span class='ocrx_word' id='word_1_841' title='bbox 1623 5097 1715 5138; x_wconf 91' lang='lat' dir='ltr'><strong>aut</strong></span> <span class='ocrx_word' id='word_1_842' title='bbox 1738 5084 1954 5158; x_wconf 81' lang='lat' dir='ltr'><strong>deserto</strong></span> <span class='ocrx_word' id='word_1_843' title='bbox 1983 5103 2162 5158; x_wconf 82' lang='lat' dir='ltr'><strong>egres-</strong></span> 
     </span>
    </p>
   </div>
   <div class='ocr_carea' id='block_1_102' title="bbox 607 5155 2163 5226">
    <p class='ocr_par' dir='ltr' id='par_1_102' title="bbox 607 5155 2163 5226">
     <span class='ocr_line' id='line_1_102' title="bbox 607 5155 2163 5226; baseline 0 -16"><span class='ocrx_word' id='word_1_844' title='bbox 607 5173 748 5220; x_wconf 88' lang='lat' dir='ltr'><strong>sum,</strong></span> <span class='ocrx_word' id='word_1_845' title='bbox 782 5157 876 5210; x_wconf 89' lang='lat' dir='ltr'><strong>sed</strong></span> <span class='ocrx_word' id='word_1_846' title='bbox 916 5155 1190 5226; x_wconf 85' lang='lat' dir='ltr'><strong>Babylone</strong></span> <span class='ocrx_word' id='word_1_847' title='bbox 1225 5169 1501 5226; x_wconf 69' lang='lat' dir='ltr'><strong>reversum</strong></span> <span class='ocrx_word' id='word_1_848' title='bbox 1550 5171 1587 5226; x_wconf 10' lang='lat' dir='ltr'><strong>e7</strong></span> <span class='ocrx_word' id='word_1_849' title='bbox 1609 5157 1945 5224; x_wconf 87' lang='lat' dir='ltr'><strong>captivitate.</strong></span> <span class='ocrx_word' id='word_1_850' title='bbox 2001 5155 2163 5226; x_wconf 74' lang='lat' dir='ltr'><strong>quue</strong></span> 
     </span>
    </p>
   </div>
   <div class='ocr_carea' id='block_1_103' title="bbox 607 5223 2166 5296">
    <p class='ocr_par' dir='ltr' id='par_1_103' title="bbox 607 5223 2166 5296">
     <span class='ocr_line' id='line_1_103' title="bbox 607 5223 2166 5296; baseline -0.001 -16"><span class='ocrx_word' id='word_1_851' title='bbox 607 5229 782 5280; x_wconf 76' lang='lat' dir='ltr'><strong>fassus</strong></span> <span class='ocrx_word' id='word_1_852' title='bbox 811 5237 894 5280; x_wconf 88' lang='lat' dir='ltr'><strong>est</strong></span> <span class='ocrx_word' id='word_1_853' title='bbox 920 5223 1168 5296; x_wconf 77' lang='lat' dir='ltr'><strong>ipsemet,</strong></span> <span class='ocrx_word' id='word_1_854' title='bbox 1198 5227 1226 5278; x_wconf 87' lang='grc' dir='ltr'><strong>ό</strong></span> <span class='ocrx_word' id='word_1_855' title='bbox 1253 5223 1346 5296; x_wconf 71' lang='grc' dir='ltr'><strong>τοῦ</strong></span> <span class='ocrx_word' id='word_1_856' title='bbox 1387 5223 1706 5296; x_wconf 55' lang='grc' dir='ltr'>Παμφίλου,</span> <span class='ocrx_word' id='word_1_857' title='bbox 1745 5226 1821 5280; x_wconf 88' lang='lat' dir='ltr'><strong>ait</strong></span> <span class='ocrx_word' id='word_1_858' title='bbox 1842 5229 1986 5281; x_wconf 90' lang='lat' dir='ltr'><strong>cnim</strong></span> <span class='ocrx_word' id='word_1_859' title='bbox 2022 5246 2034 5280; x_wconf 93' lang='lat'>:</span> <span class='ocrx_word' id='word_1_860' title='bbox 2069 5223 2166 5291; x_wconf 70' lang='grc' dir='ltr'><strong>⁸⁵ος</strong></span> 
     </span>
    </p>
   </div>
   <div class='ocr_carea' id='block_1_104' title="bbox 607 5295 2167 5369">
    <p class='ocr_par' dir='ltr' id='par_1_104' title="bbox 607 5295 2167 5369">
     <span class='ocr_line' id='line_1_104' title="bbox 607 5295 2167 5369; baseline 0.001 -19"><span class='ocrx_word' id='word_1_861' title='bbox 607 5297 724 5366; x_wconf 75' lang='grc' dir='ltr'>ἅμα</span> <span class='ocrx_word' id='word_1_862' title='bbox 768 5295 1070 5369; x_wconf 47' lang='grc' dir='ltr'>Ζοροϐάϐελ</span> <span class='ocrx_word' id='word_1_863' title='bbox 1099 5295 1207 5369; x_wconf 78' lang='grc' dir='ltr'><strong>τῶν</strong></span> <span class='ocrx_word' id='word_1_864' title='bbox 1247 5295 1357 5369; x_wconf 45' lang='lat' dir='ltr'><strong>ego</strong></span> <span class='ocrx_word' id='word_1_865' title='bbox 1401 5295 1718 5369; x_wconf 78' lang='grc' dir='ltr'>Βαϐυλῶνος</span> <span class='ocrx_word' id='word_1_866' title='bbox 1767 5297 2167 5351; x_wconf 77' lang='grc' dir='ltr'>ἐπανελθόντων</span> 
     </span>
    </p>
   </div>
   <div class='ocr_carea' id='block_1_105' title="bbox 603 5366 2167 5439">
    <p class='ocr_par' dir='ltr' id='par_1_105' title="bbox 603 5366 2167 5439">
     <span class='ocr_line' id='line_1_105' title="bbox 603 5366 2167 5439; baseline 0 -20"><span class='ocrx_word' id='word_1_867' title='bbox 603 5366 910 5439; x_wconf 41' lang='grc' dir='ltr'>ήγήσατότη</span> <span class='ocrx_word' id='word_1_868' title='bbox 935 5366 1050 5439; x_wconf 73' lang='lat' dir='ltr'><strong>Hoc</strong></span> <span class='ocrx_word' id='word_1_869' title='bbox 1089 5367 1204 5439; x_wconf 80' lang='lat' dir='ltr'><strong>vult</strong></span> <span class='ocrx_word' id='word_1_870' title='bbox 1251 5366 1558 5439; x_wconf 76' lang='lat' dir='ltr'><strong>Marcellus,</strong></span> <span class='ocrx_word' id='word_1_871' title='bbox 1591 5368 1794 5420; x_wconf 89' lang='lat' dir='ltr'><strong>nullum</strong></span> <span class='ocrx_word' id='word_1_872' title='bbox 1844 5383 2036 5422; x_wconf 89' lang='lat' dir='ltr'><strong>nomen</strong></span> <span class='ocrx_word' id='word_1_873' title='bbox 2068 5371 2167 5439; x_wconf 71' lang='lat' dir='ltr'><strong>ali-</strong></span> 
     </span>
    </p>
   </div>
   <div class='ocr_carea' id='block_1_106' title="bbox 609 5435 2166 5506">
    <p class='ocr_par' dir='ltr' id='par_1_106' title="bbox 609 5435 2166 5506">
     <span class='ocr_line' id='line_1_106' title="bbox 609 5435 2166 5506; baseline 0.001 -16"><span class='ocrx_word' id='word_1_874' title='bbox 609 5435 824 5506; x_wconf 79' lang='lat' dir='ltr'><strong>quando</strong></span> <span class='ocrx_word' id='word_1_875' title='bbox 858 5435 1120 5491; x_wconf 90' lang='lat' dir='ltr'><strong>illustrius</strong></span> <span class='ocrx_word' id='word_1_876' title='bbox 1153 5437 1205 5490; x_wconf 89' lang='lat' dir='ltr'><strong>in</strong></span> <span class='ocrx_word' id='word_1_877' title='bbox 1239 5439 1397 5500; x_wconf 83' lang='lat' dir='ltr'><strong>terris</strong></span> <span class='ocrx_word' id='word_1_878' title='bbox 1423 5436 1614 5501; x_wconf 81' lang='lat' dir='ltr'><strong>fuisse,</strong></span> <span class='ocrx_word' id='word_1_879' title='bbox 1645 5453 1805 5506; x_wconf 88' lang='lat' dir='ltr'><strong>quam</strong></span> <span class='ocrx_word' id='word_1_880' title='bbox 1839 5453 2030 5493; x_wconf 90' lang='lat' dir='ltr'><strong>nomen</strong></span> <span class='ocrx_word' id='word_1_881' title='bbox 2073 5435 2166 5492; x_wconf 82' lang='lat' dir='ltr'><strong>Je-</strong></span> 
     </span>
    </p>
   </div>
   <div class='ocr_carea' id='block_1_107' title="bbox 611 5507 2169 5574">
    <p class='ocr_par' dir='ltr' id='par_1_107' title="bbox 611 5507 2169 5574">
     <span class='ocr_line' id='line_1_107' title="bbox 611 5507 2169 5574; baseline 0.001 -14"><span class='ocrx_word' id='word_1_882' title='bbox 611 5521 704 5560; x_wconf 85' lang='lat' dir='ltr'><strong>sus</strong></span> <span class='ocrx_word' id='word_1_883' title='bbox 734 5517 872 5572; x_wconf 77' lang='lat' dir='ltr'><strong>erat,</strong></span> <span class='ocrx_word' id='word_1_884' title='bbox 905 5508 1029 5574; x_wconf 87' lang='lat' dir='ltr'><strong>quia</strong></span> <span class='ocrx_word' id='word_1_885' title='bbox 1061 5507 1207 5560; x_wconf 90' lang='lat' dir='ltr'><strong>solus</strong></span> <span class='ocrx_word' id='word_1_886' title='bbox 1238 5507 1304 5568; x_wconf 82' lang='lat' dir='ltr'><strong>is.</strong></span> <span class='ocrx_word' id='word_1_887' title='bbox 1333 5509 1421 5574; x_wconf 87' lang='lat' dir='ltr'><strong>qui</strong></span> <span class='ocrx_word' id='word_1_888' title='bbox 1450 5523 1515 5561; x_wconf 87' lang='lat' dir='ltr'><strong>eo</strong></span> <span class='ocrx_word' id='word_1_889' title='bbox 1547 5509 1765 5562; x_wconf 88' lang='lat' dir='ltr'><strong>nomine</strong></span> <span class='ocrx_word' id='word_1_890' title='bbox 1791 5511 2108 5570; x_wconf 85' lang='lat' dir='ltr'><strong>vocabatur,</strong></span> <span class='ocrx_word' id='word_1_891' title='bbox 2141 5509 2169 5561; x_wconf 89' lang='grc' dir='ltr'>ὁ</span> 
     </span>
    </p>
   </div>
   <div class='ocr_carea' id='block_1_108' title="bbox 605 5576 2170 5647">
    <p class='ocr_par' dir='ltr' id='par_1_108' title="bbox 605 5576 2170 5647">
     <span class='ocr_line' id='line_1_108' title="bbox 605 5576 2170 5647; baseline 0.001 -17"><span class='ocrx_word' id='word_1_892' title='bbox 605 5576 698 5630; x_wconf 79' lang='grc' dir='ltr'>τοῦ</span> <span class='ocrx_word' id='word_1_893' title='bbox 741 5577 1006 5640; x_wconf 72' lang='grc' dir='ltr'>Ἰωσεδὲκ,</span> <span class='ocrx_word' id='word_1_894' title='bbox 1029 5579 1288 5647; x_wconf 82' lang='lat' dir='ltr'><strong>sacerdos</strong></span> <span class='ocrx_word' id='word_1_895' title='bbox 1313 5584 1537 5647; x_wconf 75' lang='lat' dir='ltr'><strong>magnus</strong></span> <span class='ocrx_word' id='word_1_896' title='bbox 1564 5581 1893 5642; x_wconf 86' lang='lat' dir='ltr'><strong>nominatur,</strong></span> <span class='ocrx_word' id='word_1_897' title='bbox 1938 5579 2170 5647; x_wconf 63' lang='lat' dir='ltr'><strong>propbe«</strong></span> 
     </span>
    </p>
   </div>
   <div class='ocr_carea' id='block_1_109' title="bbox 611 5646 2170 5717">
    <p class='ocr_par' dir='ltr' id='par_1_109' title="bbox 611 5646 2170 5717">
     <span class='ocr_line' id='line_1_109' title="bbox 611 5646 2170 5717; baseline -0.001 -16"><span class='ocrx_word' id='word_1_898' title='bbox 611 5649 716 5703; x_wconf 89' lang='lat' dir='ltr'><strong>tice</strong></span> <span class='ocrx_word' id='word_1_899' title='bbox 749 5649 802 5700; x_wconf 90' lang='lat' dir='ltr'><strong>in</strong></span> <span class='ocrx_word' id='word_1_900' title='bbox 833 5662 898 5700; x_wconf 90' lang='lat' dir='ltr'><strong>eo</strong></span> <span class='ocrx_word' id='word_1_901' title='bbox 925 5646 1208 5717; x_wconf 82' lang='lat' dir='ltr'><strong>designato</strong></span> <span class='ocrx_word' id='word_1_902' title='bbox 1237 5646 1350 5710; x_wconf 94' lang='lat' dir='ltr'><strong>illo,</strong></span> <span class='ocrx_word' id='word_1_903' title='bbox 1381 5646 1472 5717; x_wconf 87' lang='lat' dir='ltr'><strong>qui</strong></span> <span class='ocrx_word' id='word_1_904' title='bbox 1505 5663 1627 5702; x_wconf 90' lang='lat' dir='ltr'><strong>eum</strong></span> <span class='ocrx_word' id='word_1_905' title='bbox 1661 5649 1912 5704; x_wconf 89' lang='lat' dir='ltr'><strong>indueret</strong></span> <span class='ocrx_word' id='word_1_906' title='bbox 1939 5646 2170 5702; x_wconf 83' lang='lat' dir='ltr'><strong>carnem</strong></span> 
     </span>
    </p>
   </div>
   <div class='ocr_carea' id='block_1_110' title="bbox 611 5716 2171 5788">
    <p class='ocr_par' dir='ltr' id='par_1_110' title="bbox 611 5716 2171 5788">
     <span class='ocr_line' id='line_1_110' title="bbox 611 5716 2171 5788; baseline -0.001 -18"><span class='ocrx_word' id='word_1_907' title='bbox 611 5727 874 5788; x_wconf 82' lang='lat' dir='ltr'><strong>nostram,</strong></span> <span class='ocrx_word' id='word_1_908' title='bbox 910 5731 1134 5788; x_wconf 79' lang='lat' dir='ltr'><strong>magnus</strong></span> <span class='ocrx_word' id='word_1_909' title='bbox 1163 5716 1375 5788; x_wconf 84' lang='lat' dir='ltr'><strong>iuturus</strong></span> <span class='ocrx_word' id='word_1_910' title='bbox 1403 5716 1565 5788; x_wconf 78' lang='lat' dir='ltr'><strong>apud</strong></span> <span class='ocrx_word' id='word_1_911' title='bbox 1599 5719 1785 5784; x_wconf 85' lang='lat' dir='ltr'><strong>Deum,</strong></span> <span class='ocrx_word' id='word_1_912' title='bbox 1833 5719 2026 5788; x_wconf 76' lang='lat' dir='ltr'><strong>angelo</strong></span> <span class='ocrx_word' id='word_1_913' title='bbox 2061 5717 2171 5772; x_wconf 84' lang='lat' dir='ltr'><strong>Ga-</strong></span> 
     </span>
    </p>
   </div>
   <div class='ocr_carea' id='block_1_111' title="bbox 2265 4591 3830 4667">
    <p class='ocr_par' dir='ltr' id='par_1_111' title="bbox 2265 4591 3830 4667">
     <span class='ocr_line' id='line_1_111' title="bbox 2265 4591 3830 4667; baseline -0.006 -15"><span class='ocrx_word' id='word_1_914' title='bbox 2265 4600 2518 4652; x_wconf 87' lang='lat' dir='ltr'><strong>Dominus</strong></span> <span class='ocrx_word' id='word_1_915' title='bbox 2550 4601 2774 4662; x_wconf 85' lang='lat' dir='ltr'><strong>increpet</strong></span> <span class='ocrx_word' id='word_1_916' title='bbox 2807 4609 2875 4659; x_wconf 85' lang='lat' dir='ltr'><strong>te,</strong></span> <span class='ocrx_word' id='word_1_917' title='bbox 2904 4591 3130 4657; x_wconf 75' lang='lat' dir='ltr'><strong>Satana,</strong></span> <span class='ocrx_word' id='word_1_918' title='bbox 3163 4595 3264 4667; x_wconf 62' lang='lat' dir='ltr'><strong>(ait</strong></span> <span class='ocrx_word' id='word_1_919' title='bbox 3307 4593 3530 4664; x_wconf 81' lang='lat' dir='ltr'><strong>angelus</strong></span> <span class='ocrx_word' id='word_1_920' title='bbox 3551 4591 3830 4667; x_wconf 66' lang='lat' dir='ltr'><strong>_a_pud__Za-</strong></span> 
     </span>
    </p>
   </div>
   <div class='ocr_carea' id='block_1_112' title="bbox 2257 4662 3834 4736">
    <p class='ocr_par' dir='ltr' id='par_1_112' title="bbox 2257 4662 3834 4736">
     <span class='ocr_line' id='line_1_112' title="bbox 2257 4662 3834 4736; baseline -0.004 -14"><span class='ocrx_word' id='word_1_921' title='bbox 2257 4671 2521 4735; x_wconf 78' lang='lat' dir='ltr'><strong>rliariain)</strong></span> <span class='ocrx_word' id='word_1_922' title='bbox 2550 4671 2639 4732; x_wconf 87' lang='lat' dir='ltr'><strong>qui</strong></span> <span class='ocrx_word' id='word_1_923' title='bbox 2673 4669 2821 4736; x_wconf 74' lang='lat' dir='ltr'><strong>elegit</strong></span> <span class='ocrx_word' id='word_1_924' title='bbox 2858 4662 3402 4736; x_wconf 53' lang='lat' dir='ltr'><strong>Jerusalemllaclif</strong></span> <span class='ocrx_word' id='word_1_925' title='bbox 3424 4664 3625 4736; x_wconf 13' lang='lat'><strong>“1.72),</strong></span> <span class='ocrx_word' id='word_1_926' title='bbox 3675 4662 3834 4734; x_wconf 86' lang='grc' dir='ltr'>δῆλον</span> 
     </span>
    </p>
   </div>
   <div class='ocr_carea' id='block_1_113' title="bbox 2256 4734 3834 4809">
    <p class='ocr_par' dir='ltr' id='par_1_113' title="bbox 2256 4734 3834 4809">
     <span class='ocr_line' id='line_1_113' title="bbox 2256 4734 3834 4809; baseline -0.005 -17"><span class='ocrx_word' id='word_1_927' title='bbox 2256 4741 2339 4809; x_wconf 82' lang='grc' dir='ltr'>ὅτι</span> <span class='ocrx_word' id='word_1_928' title='bbox 2389 4734 2592 4809; x_wconf 83' lang='grc' dir='ltr'>ταύτην</span> <span class='ocrx_word' id='word_1_929' title='bbox 2646 4734 3088 4809; x_wconf 17' lang='grc' dir='ltr'>τὴνήήμετέραν,</span> <span class='ocrx_word' id='word_1_930' title='bbox 3113 4737 3286 4809; x_wconf 85' lang='lat' dir='ltr'><strong>inquit</strong></span> <span class='ocrx_word' id='word_1_931' title='bbox 3333 4734 3834 4809; x_wconf 41' lang='grc' dir='ltr'>Μειςοειιιιεέῃυυιιι</span> 
     </span>
    </p>
   </div>
   <div class='ocr_carea' id='block_1_114' title="bbox 2259 4803 3833 4875">
    <p class='ocr_par' dir='ltr' id='par_1_114' title="bbox 2259 4803 3833 4875">
     <span class='ocr_line' id='line_1_114' title="bbox 2259 4803 3833 4875; baseline -0.005 -13"><span class='ocrx_word' id='word_1_932' title='bbox 2259 4803 2648 4863; x_wconf 75' lang='lat' dir='ltr'><strong>commemorat</strong></span> <span class='ocrx_word' id='word_1_933' title='bbox 2680 4803 2971 4875; x_wconf 63' lang='lat' dir='ltr'><strong>Apo§tolus</strong></span> <span class='ocrx_word' id='word_1_934' title='bbox 3024 4803 3223 4874; x_wconf 81' lang='lat' dir='ltr'><strong>(Galat.</strong></span> <span class='ocrx_word' id='word_1_935' title='bbox 3284 4822 3361 4864; x_wconf 84' lang='lat' dir='ltr'><strong>tv.</strong></span> <span class='ocrx_word' id='word_1_936' title='bbox 3415 4805 3508 4866; x_wconf 70' lang='lat'><strong>25,</strong></span> <span class='ocrx_word' id='word_1_937' title='bbox 3562 4803 3698 4875; x_wconf 67' lang='lat'><strong>26.),</strong></span> <span class='ocrx_word' id='word_1_938' title='bbox 3737 4803 3833 4875; x_wconf 81' lang='lat' dir='ltr'><strong>ubi</strong></span> 
     </span>
    </p>
   </div>
   <div class='ocr_carea' id='block_1_115' title="bbox 2260 4873 3835 4948">
    <p class='ocr_par' dir='ltr' id='par_1_115' title="bbox 2260 4873 3835 4948">
     <span class='ocr_line' id='line_1_115' title="bbox 2260 4873 3835 4948; baseline -0.004 -16"><span class='ocrx_word' id='word_1_939' title='bbox 2260 4881 2360 4944; x_wconf 86' lang='lat' dir='ltr'><strong>ait,</strong></span> <span class='ocrx_word' id='word_1_940' title='bbox 2395 4879 2458 4934; x_wconf 86' lang='grc' dir='ltr'>Ἡ</span> <span class='ocrx_word' id='word_1_941' title='bbox 2482 4878 2550 4931; x_wconf 84' lang='grc' dir='ltr'>δὲ</span> <span class='ocrx_word' id='word_1_942' title='bbox 2586 4873 2842 4948; x_wconf 68' lang='grc' dir='ltr'>ἡμετέρα</span> <span class='ocrx_word' id='word_1_943' title='bbox 2874 4873 3263 4944; x_wconf 74' lang='grc' dir='ltr'>Ἰερουσαλὴμ</span> <span class='ocrx_word' id='word_1_944' title='bbox 3297 4873 3639 4948; x_wconf 44' lang='grc' dir='ltr'><strong>ἅνω-εστὶν,</strong></span> <span class='ocrx_word' id='word_1_945' title='bbox 3683 4873 3835 4940; x_wconf 81' lang='grc' dir='ltr'>αὕτη</span> 
     </span>
    </p>
   </div>
   <div class='ocr_carea' id='block_1_116' title="bbox 2261 4945 3835 5020">
    <p class='ocr_par' dir='ltr' id='par_1_116' title="bbox 2261 4945 3835 5020">
     <span class='ocr_line' id='line_1_116' title="bbox 2261 4945 3835 5020; baseline -0.006 -16"><span class='ocrx_word' id='word_1_946' title='bbox 2261 4951 2370 5020; x_wconf 73' lang='grc' dir='ltr'>γὰρ</span> <span class='ocrx_word' id='word_1_947' title='bbox 2396 4945 2692 5004; x_wconf 67' lang='grc' dir='ltr'>δουλεύει.</span> <span class='ocrx_word' id='word_1_948' title='bbox 2727 4945 2858 5020; x_wconf 73' lang='lat' dir='ltr'><strong>Haec</strong></span> <span class='ocrx_word' id='word_1_949' title='bbox 2899 4953 2948 5000; x_wconf 86' lang='lat' dir='ltr'><strong>in</strong></span> <span class='ocrx_word' id='word_1_950' title='bbox 2999 4951 3262 5020; x_wconf 71' lang='lat' dir='ltr'><strong>servitute</strong></span> <span class='ocrx_word' id='word_1_951' title='bbox 3289 4957 3393 5020; x_wconf 78' lang='lat' dir='ltr'><strong>est.</strong></span> <span class='ocrx_word' id='word_1_952' title='bbox 3577 4960 3612 5020; x_wconf 53' lang='grc' dir='ltr'><strong>ξ</strong></span> <span class='ocrx_word' id='word_1_953' title='bbox 3645 4958 3835 5020; x_wconf 73' lang='lat' dir='ltr'><strong>nempe</strong></span> 
     </span>
    </p>
   </div>
   <div class='ocr_carea' id='block_1_117' title="bbox 2265 5013 3835 5087">
    <p class='ocr_par' dir='ltr' id='par_1_117' title="bbox 2265 5013 3835 5087">
     <span class='ocr_line' id='line_1_117' title="bbox 2265 5013 3835 5087; baseline -0.006 -13"><span class='ocrx_word' id='word_1_954' title='bbox 2265 5013 2572 5083; x_wconf 69' lang='lat' dir='ltr'><strong>ierrestris;</strong></span> <span class='ocrx_word' id='word_1_955' title='bbox 2601 5021 2692 5073; x_wconf 88' lang='lat' dir='ltr'><strong>illa</strong></span> <span class='ocrx_word' id='word_1_956' title='bbox 2735 5021 2788 5071; x_wconf 90' lang='lat' dir='ltr'><strong>iu</strong></span> <span class='ocrx_word' id='word_1_957' title='bbox 2834 5017 3118 5074; x_wconf 67' lang='lat' dir='ltr'><strong>Palaestina</strong></span> <span class='ocrx_word' id='word_1_958' title='bbox 3145 5033 3162 5084; x_wconf 87' lang='lat'><strong>;</strong></span> <span class='ocrx_word' id='word_1_959' title='bbox 3194 5016 3542 5087; x_wconf 86' lang='lat' dir='ltr'><strong>apertissime</strong></span> <span class='ocrx_word' id='word_1_960' title='bbox 3573 5013 3835 5068; x_wconf 85' lang='lat' dir='ltr'><strong>Eusebius</strong></span> 
     </span>
    </p>
   </div>
   <div class='ocr_carea' id='block_1_118' title="bbox 2263 5088 2649 5146">
    <p class='ocr_par' dir='ltr' id='par_1_118' title="bbox 2263 5088 2649 5146">
     <span class='ocr_line' id='line_1_118' title="bbox 2263 5088 2649 5146; baseline -0.016 0"><span class='ocrx_word' id='word_1_961' title='bbox 2263 5092 2562 5146; x_wconf 84' lang='lat' dir='ltr'><strong>Cavillatur.</strong></span> <span class='ocrx_word' id='word_1_962' title='bbox 2603 5088 2649 5140; x_wconf 83' lang='grc' dir='ltr'>Μ</span> 
     </span>
    </p>
   </div>
   <div class='ocr_carea' id='block_1_119' title="bbox 2337 5150 3836 5228">
    <p class='ocr_par' dir='ltr' id='par_1_119' title="bbox 2337 5150 3836 5228">
     <span class='ocr_line' id='line_1_119' title="bbox 2337 5150 3836 5228; baseline -0.007 -14"><span class='ocrx_word' id='word_1_963' title='bbox 2337 5160 2449 5228; x_wconf 67' lang='lat' dir='ltr'><strong>(Gil)</strong></span> <span class='ocrx_word' id='word_1_964' title='bbox 2482 5160 2699 5228; x_wconf 79' lang='grc' dir='ltr'>Ὕπαγε</span> <span class='ocrx_word' id='word_1_965' title='bbox 2720 5159 2910 5210; x_wconf 80' lang='grc' dir='ltr'><strong>ὀπίσω</strong></span> <span class='ocrx_word' id='word_1_966' title='bbox 2927 5175 3068 5226; x_wconf 83' lang='grc' dir='ltr'>μου,</span> <span class='ocrx_word' id='word_1_967' title='bbox 3103 5153 3358 5210; x_wconf 82' lang='grc' dir='ltr'>Σατανᾶ.</span> <span class='ocrx_word' id='word_1_968' title='bbox 3387 5155 3594 5228; x_wconf 67' lang='lat' dir='ltr'><strong>Dictum</strong></span> <span class='ocrx_word' id='word_1_969' title='bbox 3631 5150 3836 5228; x_wconf 67' lang='lat' dir='ltr'><strong>Domini</strong></span> 
     </span>
    </p>
   </div>
   <div class='ocr_carea' id='block_1_120' title="bbox 2268 5222 3825 5298">
    <p class='ocr_par' dir='ltr' id='par_1_120' title="bbox 2268 5222 3825 5298">
     <span class='ocr_line' id='line_1_120' title="bbox 2268 5222 3825 5298; baseline -0.006 -14"><span class='ocrx_word' id='word_1_970' title='bbox 2268 5222 2574 5285; x_wconf 51' lang='lat' dir='ltr'><strong>Sei&#39;va&#39;toris</strong></span> <span class='ocrx_word' id='word_1_971' title='bbox 2601 5222 2822 5284; x_wconf 74' lang='lat' dir='ltr'><strong>Petrum</strong></span> <span class='ocrx_word' id='word_1_972' title='bbox 2871 5222 3170 5295; x_wconf 74' lang='lat' dir='ltr'><strong>apostolum</strong></span> <span class='ocrx_word' id='word_1_973' title='bbox 3199 5223 3668 5298; x_wconf 78' lang='grc' dir='ltr'>προσφωνοῦντος.</span> <span class='ocrx_word' id='word_1_974' title='bbox 3701 5222 3825 5275; x_wconf 81' lang='lat' dir='ltr'><strong>Mar-</strong></span> 
     </span>
    </p>
   </div>
   <div class='ocr_carea' id='block_1_121' title="bbox 2267 5291 3836 5367">
    <p class='ocr_par' dir='ltr' id='par_1_121' title="bbox 2267 5291 3836 5367">
     <span class='ocr_line' id='line_1_121' title="bbox 2267 5291 3836 5367; baseline -0.007 -12"><span class='ocrx_word' id='word_1_975' title='bbox 2267 5303 2433 5356; x_wconf 72' lang='lat' dir='ltr'><strong>cellus</strong></span> <span class='ocrx_word' id='word_1_976' title='bbox 2485 5302 2556 5354; x_wconf 87' lang='lat' dir='ltr'><strong>ita</strong></span> <span class='ocrx_word' id='word_1_977' title='bbox 2613 5291 3024 5367; x_wconf 70' lang='lat' dir='ltr'><strong>interpretatur,</strong></span> <span class='ocrx_word' id='word_1_978' title='bbox 3059 5307 3115 5350; x_wconf 92' lang='lat' dir='ltr'><strong>ut</strong></span> <span class='ocrx_word' id='word_1_979' title='bbox 3157 5291 3282 5358; x_wconf 59' lang='lat' dir='ltr'><strong>vos,</strong></span> <span class='ocrx_word' id='word_1_980' title='bbox 3341 5291 3566 5367; x_wconf 85' lang='lat' dir='ltr'><strong>Sataua,</strong></span> <span class='ocrx_word' id='word_1_981' title='bbox 3615 5307 3720 5346; x_wconf 89' lang='lat' dir='ltr'><strong>non</strong></span> <span class='ocrx_word' id='word_1_982' title='bbox 3773 5291 3836 5344; x_wconf 87' lang='lat' dir='ltr'><strong>ad</strong></span> 
     </span>
    </p>
   </div>
   <div class='ocr_carea' id='block_1_122' title="bbox 2267 5365 3838 5437">
    <p class='ocr_par' dir='ltr' id='par_1_122' title="bbox 2267 5365 3838 5437">
     <span class='ocr_line' id='line_1_122' title="bbox 2267 5365 3838 5437; baseline -0.008 -11"><span class='ocrx_word' id='word_1_983' title='bbox 2267 5373 2508 5434; x_wconf 83' lang='lat' dir='ltr'><strong>Petrum,</strong></span> <span class='ocrx_word' id='word_1_984' title='bbox 2533 5365 2794 5433; x_wconf 79' lang='lat' dir='ltr'><strong>ultimate,</strong></span> <span class='ocrx_word' id='word_1_985' title='bbox 2827 5377 2920 5422; x_wconf 85' lang='lat' dir='ltr'><strong>aut</strong></span> <span class='ocrx_word' id='word_1_986' title='bbox 2943 5369 3317 5437; x_wconf 76' lang='lat' dir='ltr'><strong>personaliter,</strong></span> <span class='ocrx_word' id='word_1_987' title='bbox 3339 5365 3431 5420; x_wconf 88' lang='lat' dir='ltr'><strong>sed</strong></span> <span class='ocrx_word' id='word_1_988' title='bbox 3463 5367 3528 5416; x_wconf 89' lang='lat' dir='ltr'><strong>ad</strong></span> <span class='ocrx_word' id='word_1_989' title='bbox 3561 5367 3838 5437; x_wconf 72' lang='lat' dir='ltr'><strong>Satanam,</strong></span> 
     </span>
    </p>
   </div>
   <div class='ocr_carea' id='block_1_123' title="bbox 2269 5433 3838 5510">
    <p class='ocr_par' dir='ltr' id='par_1_123' title="bbox 2269 5433 3838 5510">
     <span class='ocr_line' id='line_1_123' title="bbox 2269 5433 3838 5510; baseline -0.006 -17"><span class='ocrx_word' id='word_1_990' title='bbox 2269 5444 2360 5510; x_wconf 89' lang='lat' dir='ltr'><strong>qui</strong></span> <span class='ocrx_word' id='word_1_991' title='bbox 2398 5443 2446 5494; x_wconf 88' lang='lat' dir='ltr'><strong>ei</strong></span> <span class='ocrx_word' id='word_1_992' title='bbox 2497 5433 2786 5494; x_wconf 76' lang='lat' dir='ltr'><strong>consilium</strong></span> <span class='ocrx_word' id='word_1_993' title='bbox 2837 5433 2968 5492; x_wconf 85' lang='lat' dir='ltr'><strong>illud</strong></span> <span class='ocrx_word' id='word_1_994' title='bbox 2994 5447 3383 5510; x_wconf 73' lang='lat' dir='ltr'><strong>suggesserat,</strong></span> <span class='ocrx_word' id='word_1_995' title='bbox 3413 5439 3702 5510; x_wconf 70' lang='lat' dir='ltr'><strong>referatur.</strong></span> <span class='ocrx_word' id='word_1_996' title='bbox 3737 5433 3838 5498; x_wconf 82' lang='lat' dir='ltr'><strong>Qui</strong></span> 
     </span>
    </p>
   </div>
   <div class='ocr_carea' id='block_1_124' title="bbox 2271 5505 3836 5576">
    <p class='ocr_par' dir='ltr' id='par_1_124' title="bbox 2271 5505 3836 5576">
     <span class='ocr_line' id='line_1_124' title="bbox 2271 5505 3836 5576; baseline -0.008 -11"><span class='ocrx_word' id='word_1_997' title='bbox 2271 5505 2318 5566; x_wconf 82' lang='lat' dir='ltr'><strong>si</strong></span> <span class='ocrx_word' id='word_1_998' title='bbox 2349 5511 2574 5575; x_wconf 88' lang='lat' dir='ltr'><strong>erravit,</strong></span> <span class='ocrx_word' id='word_1_999' title='bbox 2605 5520 2755 5564; x_wconf 87' lang='lat' dir='ltr'><strong>certe</strong></span> <span class='ocrx_word' id='word_1_1000' title='bbox 2779 5525 2885 5563; x_wconf 92' lang='lat' dir='ltr'><strong>non</strong></span> <span class='ocrx_word' id='word_1_1001' title='bbox 2927 5505 3226 5574; x_wconf 34' lang='lat' dir='ltr'><strong>solusfsed</strong></span> <span class='ocrx_word' id='word_1_1002' title='bbox 3257 5521 3378 5561; x_wconf 89' lang='lat' dir='ltr'><strong>cum</strong></span> <span class='ocrx_word' id='word_1_1003' title='bbox 3412 5505 3595 5558; x_wconf 87' lang='lat' dir='ltr'><strong>multis</strong></span> <span class='ocrx_word' id='word_1_1004' title='bbox 3637 5512 3690 5576; x_wconf 82' lang='lat' dir='ltr'><strong>et</strong></span> <span class='ocrx_word' id='word_1_1005' title='bbox 3727 5518 3836 5576; x_wconf 53' lang='grc' dir='ltr'>ιιιειχ</span> 
     </span>
    </p>
   </div>
   <div class='ocr_carea' id='block_1_125' title="bbox 2271 5573 3839 5651">
    <p class='ocr_par' dir='ltr' id='par_1_125' title="bbox 2271 5573 3839 5651">
     <span class='ocr_line' id='line_1_125' title="bbox 2271 5573 3839 5651; baseline -0.006 -17"><span class='ocrx_word' id='word_1_1006' title='bbox 2271 5583 2390 5651; x_wconf 82' lang='lat' dir='ltr'><strong>guis</strong></span> <span class='ocrx_word' id='word_1_1007' title='bbox 2421 5573 2737 5634; x_wconf 75' lang='lat' dir='ltr'><strong>doctaribus</strong></span> <span class='ocrx_word' id='word_1_1008' title='bbox 2767 5581 2854 5634; x_wconf 89' lang='lat' dir='ltr'><strong>hic</strong></span> <span class='ocrx_word' id='word_1_1009' title='bbox 2880 5573 3102 5634; x_wconf 79' lang='lat' dir='ltr'><strong>erravit.</strong></span> <span class='ocrx_word' id='word_1_1010' title='bbox 3129 5578 3348 5651; x_wconf 79' lang='lat' dir='ltr'><strong>Antiqui</strong></span> <span class='ocrx_word' id='word_1_1011' title='bbox 3373 5577 3518 5629; x_wconf 85' lang='lat' dir='ltr'><strong>enim</strong></span> <span class='ocrx_word' id='word_1_1012' title='bbox 3553 5573 3839 5627; x_wconf 72' lang='lat' dir='ltr'><strong>orthodos‘</strong></span> 
     </span>
    </p>
   </div>
   <div class='ocr_carea' id='block_1_126' title="bbox 2275 5648 3820 5710">
    <p class='ocr_par' dir='ltr' id='par_1_126' title="bbox 2275 5648 3820 5710">
     <span class='ocr_line' id='line_1_126' title="bbox 2275 5648 3820 5710; baseline -0.008 -6"><span class='ocrx_word' id='word_1_1013' title='bbox 2275 5648 2427 5704; x_wconf 69' lang='lat' dir='ltr'><strong>inulti</strong></span> <span class='ocrx_word' id='word_1_1014' title='bbox 2457 5655 2507 5703; x_wconf 93' lang='lat' dir='ltr'><strong>in</strong></span> <span class='ocrx_word' id='word_1_1015' title='bbox 2534 5652 2724 5705; x_wconf 82' lang='lat' dir='ltr'><strong>eodem</strong></span> <span class='ocrx_word' id='word_1_1016' title='bbox 2763 5667 2884 5704; x_wconf 89' lang='lat' dir='ltr'><strong>cum</strong></span> <span class='ocrx_word' id='word_1_1017' title='bbox 2917 5651 3009 5703; x_wconf 89' lang='lat' dir='ltr'><strong>illo</strong></span> <span class='ocrx_word' id='word_1_1018' title='bbox 3042 5663 3252 5710; x_wconf 86' lang='lat' dir='ltr'><strong>errore,</strong></span> <span class='ocrx_word' id='word_1_1019' title='bbox 3281 5648 3324 5700; x_wconf 85' lang='lat' dir='ltr'><strong>si</strong></span> <span class='ocrx_word' id='word_1_1020' title='bbox 3368 5659 3522 5698; x_wconf 86' lang='lat' dir='ltr'><strong>error</strong></span> <span class='ocrx_word' id='word_1_1021' title='bbox 3547 5653 3688 5706; x_wconf 86' lang='lat' dir='ltr'><strong>erat,</strong></span> <span class='ocrx_word' id='word_1_1022' title='bbox 3723 5657 3820 5694; x_wconf 83' lang='lat' dir='ltr'><strong>ver</strong></span> 
     </span>
    </p>
   </div>
   <div class='ocr_carea' id='block_1_127' title="bbox 2275 5712 3844 5786">
    <p class='ocr_par' dir='ltr' id='par_1_127' title="bbox 2275 5712 3844 5786">
     <span class='ocr_line' id='line_1_127' title="bbox 2275 5712 3844 5786; baseline -0.006 -13"><span class='ocrx_word' id='word_1_1023' title='bbox 2275 5723 2556 5774; x_wconf 79' lang='lat' dir='ltr'><strong>sabantur.</strong></span> <span class='ocrx_word' id='word_1_1024' title='bbox 2599 5719 2834 5774; x_wconf 81' lang='lat' dir='ltr'><strong>Hilarius</strong></span> <span class='ocrx_word' id='word_1_1025' title='bbox 2864 5720 3144 5786; x_wconf 80' lang='lat' dir='ltr'><strong>distinguit</strong></span> <span class='ocrx_word' id='word_1_1026' title='bbox 3171 5719 3272 5772; x_wconf 86' lang='lat' dir='ltr'><strong>hoc</strong></span> <span class='ocrx_word' id='word_1_1027' title='bbox 3303 5717 3462 5770; x_wconf 87' lang='lat' dir='ltr'><strong>modo</strong></span> <span class='ocrx_word' id='word_1_1028' title='bbox 3493 5731 3508 5766; x_wconf 85' lang='lat'><strong><em>:</em></strong></span> <span class='ocrx_word' id='word_1_1029' title='bbox 3557 5712 3702 5786; x_wconf 63' lang='lat' dir='ltr'><strong>Vade</strong></span> <span class='ocrx_word' id='word_1_1030' title='bbox 3733 5723 3844 5778; x_wconf 76' lang='lat' dir='ltr'><strong>post</strong></span> 
     </span>
    </p>
   </div>
   <div class='ocr_carea' id='block_1_128' title="bbox 608 5781 3832 5858">
    <p class='ocr_par' dir='ltr' id='par_1_128' title="bbox 608 5781 3832 5858">
     <span class='ocr_line' id='line_1_128' title="bbox 608 5781 3832 5858; baseline -0.001 -14"><span class='ocrx_word' id='word_1_1031' title='bbox 608 5786 773 5844; x_wconf 75' lang='lat' dir='ltr'><strong>briele</strong></span> <span class='ocrx_word' id='word_1_1032' title='bbox 805 5781 1154 5844; x_wconf 75' lang='lat' dir='ltr'><strong>internuntio.</strong></span> <span class='ocrx_word' id='word_1_1033' title='bbox 1179 5781 1511 5858; x_wconf 68' lang='lat' dir='ltr'><strong>designatur.</strong></span> <span class='ocrx_word' id='word_1_1034' title='bbox 1535 5786 1653 5855; x_wconf 85' lang='lat' dir='ltr'><strong>Quo</strong></span> <span class='ocrx_word' id='word_1_1035' title='bbox 1693 5781 1845 5845; x_wconf 84' lang='lat' dir='ltr'><strong>titulo</strong></span> <span class='ocrx_word' id='word_1_1036' title='bbox 1879 5781 1944 5844; x_wconf 68' lang='lat' dir='ltr'><strong>ne</strong></span> <span class='ocrx_word' id='word_1_1037' title='bbox 1965 5787 2174 5856; x_wconf 81' lang='lat' dir='ltr'><strong>Moyses</strong></span> <span class='ocrx_word' id='word_1_1038' title='bbox 2279 5807 2377 5857; x_wconf 83' lang='lat' dir='ltr'><strong>me,</strong></span> <span class='ocrx_word' id='word_1_1039' title='bbox 2423 5792 2588 5847; x_wconf 83' lang='lat' dir='ltr'><strong>Satau</strong></span> <span class='ocrx_word' id='word_1_1040' title='bbox 2609 5807 2628 5858; x_wconf 88' lang='lat'><strong><em>;</em></strong></span> <span class='ocrx_word' id='word_1_1041' title='bbox 2682 5792 2809 5845; x_wconf 81' lang='lat' dir='ltr'><strong>milii</strong></span> <span class='ocrx_word' id='word_1_1042' title='bbox 2837 5781 3088 5845; x_wconf 77' lang='lat' dir='ltr'><strong>scandala</strong></span> <span class='ocrx_word' id='word_1_1043' title='bbox 3120 5805 3171 5844; x_wconf 80' lang='lat' dir='ltr'><strong>es</strong></span> <span class='ocrx_word' id='word_1_1044' title='bbox 3205 5787 3418 5856; x_wconf 79' lang='lat' dir='ltr'><strong>(Matth.</strong></span> <span class='ocrx_word' id='word_1_1045' title='bbox 3469 5801 3579 5852; x_wconf 78' lang='lat' dir='ltr'><strong>im,</strong></span> <span class='ocrx_word' id='word_1_1046' title='bbox 3621 5781 3734 5854; x_wconf 69' lang='grc'><strong>25),</strong></span> <span class='ocrx_word' id='word_1_1047' title='bbox 3770 5791 3832 5835; x_wconf 75' lang='grc' dir='ltr'>ιιι</span> 
     </span>
    </p>
   </div>
  </div>
