4190 6406
577 329 680 388 739

1253 314 1526 374 ausum
1559 287 2042 373 cmsammsis
2079 313 2231 372 opp.
2272 315 2454 370 PARS
2491 315 2580 372 ιν.
2625 349 2687 359 -
2729 314 3153 374 DOGMATICA.

3737 317 3831 375 τι(

580 464 600 497 ι
647 443 714 500 ad
747 440 997 497 eumdem
1045 440 1262 496 modum
1313 448 1368 494 et
1400 437 1604 502 Christi
1653 436 1815 491 etiam
1853 437 2152 490 secundum

2259 435 2509 507 εχούσης·
2553 437 2646 492 Ἐκ
2670 435 2930 506 γαστρὸς
2956 435 3070 504 πρὸ
3088 437 3400 505 ἑωσφόρον
3420 434 3728 506 ἑτέντησά
3743 454 3834 494 σε.

581 557 600 588 ι
647 549 867 592 carnem
904 533 1289 595 oeconomiam,
1322 545 1418 600 per
1451 545 1614 599 quem
1661 542 1832 598 genus
1871 527 2001 581 illud
2033 527 2152 598 pio-

583 642 601 676 ι
651 639 768 678 rum
799 633 853 676 et
879 621 1172 676 colentium
1207 623 1396 684 Deum,
1439 621 1505 674 ad
1545 619 1890 687 adoptionem
1923 617 2156 672 ﬁliorum

582 731 603 763 ι
651 713 1034 781 praeordinavit
1053 711 1098 741 ⁸³
1119 751 1133 775 ,
1166 710 1341 779 posito
1386 709 1477 763 illo
1505 710 1657 778 prius
1685 707 2058 772 fundamento,
2083 707 2158 762 ita

583 823 604 858 ι
649 809 788 875 apud
819 821 976 860 suum
1018 805 1256 858 animum
1301 803 1581 858 statuisse.
1617 801 1768 857 Hanc
1806 801 1876 856 ob
1909 816 2156 866 causam,

585 913 606 948 ι
653 895 939 965 Apostolus
965 910 1060 963 per
1097 894 1358 963 Spiritum
1392 901 1667 955 sanctum,
1697 889 1980 946 manifeste
2011 892 2158 945 illum

586 1012 606 1042 ‹
649 1001 804 1046 vocat
835 989 1031 1044 Filium
1057 987 1148 1040 Dei
1173 987 1458 1056 praevisum
1490 993 1544 1038 et
1567 983 2153 1054 przedeterminatum.»

585 1085 650 1139 Et
686 1085 791 1138 alio
823 1083 939 1136 loco
969 1099 981 1135 :
1023 1099 1040 1131 ι
1079 1081 1176 1136 llic
1209 1088 1292 1133 est
1341 1077 1430 1130 ille
1461 1075 1526 1129 de
1555 1091 1662 1144 quo
1694 1075 1910 1131 dicebat
1941 1075 2157 1141 Paulus,

589 1195 608 1227 ι
657 1175 1053 1244 przeordinatus
1087 1173 1252 1226 Filius
1279 1172 1396 1225 Dei.
1427 1190 1445 1222 ι
1475 1169 1659 1238 Neque
1699 1187 1882 1226 vocem
1925 1180 2162 1224 tantum-

523 1286 529 1292 ·
585 1266 744 1322 modo
775 1265 1089 1334 depravavit
1117 1263 1286 1316 hocin
1325 1263 1444 1316 loco
1467 1263 1804 1332 ahAposwlo
1829 1274 2160 1330 usurpatam,

585 1360 679 1414 sed
719 1367 771 1412 et
805 1359 974 1426 ipsam
1006 1355 1122 1425 ejus
1167 1363 1398 1410 tuentem
1451 1371 1546 1425 per
1584 1356 1724 1408 illius
1761 1353 2162 1424 praepositionis

583 1465 680 1522 pro
739 1451 1149 1519 appositionem.
1215 1446 1339 1501 Istis
1375 1461 1554 1502 autent
1613 1457 1738 1503 sunt
1800 1462 2054 1518 germana
2111 1456 2159 1502 et

587 1543 820 1613 genuina
873 1557 991 1610 qua:
1047 1551 1101 1594 et
1157 1541 1208 1593 in
1263 1540 1490 1595 Psalmis
1544 1545 1846 1596 attentavit.
1891 1541 2021 1595 Nam
2073 1540 2162 1596 ubi

585 1635 824 1696 dicitur,
863 1634 938 1687 De
983 1643 1126 1686 utero
1171 1643 1295 1686 ante
1334 1633 1635 1701 Luciferum
1680 1635 1833 1704 genui
1875 1644 1943 1700 te,
1971 1639 2030 1698 >14
2064 1635 2162 1686 atl-

587 1728 942 1782 ditamentum
975 1728 1214 1795 adhibet,
1246 1729 1390 1798 quod
1441 1743 1703 1796 nusquam
1751 1727 1802 1782 in
1837 1726 2050 1782 Psalmo
2080 1744 2164 1782 re-

2257 528 2285 580 ὁ
2344 527 2400 578 δὲ
2459 527 2738 582 κάνταῦθα
2807 527 3093 600 προσθήκῃ
3129 527 3405 599 ’κέχρηται
3458 530 3522 598 τῇ
3578 527 3833 600 μηδαμῶς

2259 619 2627 692 ὲμφερομὲνῃ,
2669 621 2805 692 πρὸς
2839 620 2899 673 τὺ
2942 619 3400 691 καταμέμφεσθαι
3426 619 3502 692 τῷ
3535 619 3610 692 μὴ
3644 619 3834 691 ὁμοίως

2259 712 2408 782 αὑτῷ
2439 713 2722 782 φάσκοντι·
2769 712 3105 766 Ἐπάκουσον
3125 708 3218 766 οὖν
3245 713 3392 775 ὅπως
3418 711 3624 782 γράφει
3645 711 3819 780 λέγων

2267 824 2284 856 ι
2327 804 2424 858 Διὰ
2456 803 2614 857 τοῦτο
2655 803 2855 866 τοίνυν,
2897 803 3043 856 δοκεῖ
3078 821 3168 875 μοι
3203 803 3383 866 καλῶς
3423 803 3566 873 ἔχειν
3599 821 3674 868 τι,
3715 803 3834 875 περὶ

2268 915 2284 947 ι
2324 891 2397 950 ὧν
2429 897 2561 968 μηδέ
2587 913 2672 948 πω
2699 897 2960 968 πρότερον
2987 896 3096 967 ('77)
3129 896 3332 965 διῆλθε,
3367 897 3483 948 νυνὶ
3539 895 3784 950 διελθεῖν.
3819 915 3835 947 ι

2262 989 2344 1042 Τὰ
2388 989 2497 1060 γὰρ
2530 994 2758 1043 πλεῖστα
2797 989 2905 1044 τῶν
2937 990 3028 1042 ὑπ’
3062 989 3226 1042 αὐτοῦ
3261 989 3604 1060 γραφέντων,
3645 990 3709 1042 ὲκ
3736 989 3838 1042 τῶν

2261 1083 2359 1154 ἤδη
2386 1083 2802 1154 προειρημένων
2840 1085 2970 1153 ἡμῖν
3008 1084 3196 1150 γέγονε
3229 1081 3383 1152 δῆλα.
3433 1083 3526 1136 Ἐκ
3562 1081 3838 1151 γαστρὸς,

2263 1176 2416 1247 φησι,
2444 1176 2556 1244 πρὸ
2587 1176 2894 1244 ἑωσφόρον
2917 1175 3026 1248 (78)
3047 1174 3416 1245 ἐξεγέννησά
3443 1191 3536 1228 σε.
3558 1177 3718 1246 ᾭετο
3735 1174 3839 1247 γὰρ

2263 1269 2480 1331 πάντως
2507 1287 2608 1320 που
2635 1269 2757 1340 τὴν,
2787 1269 2865 1335 ἐξ,
2897 1267 3154 1339 πρόθεσιν
3183 1268 3481 1322 κλαπεῖσαν
3517 1268 3824 1339 συνδραμεῖ-

2265 1361 2385 1414 σθαι
2423 1363 2489 1431 τῇ
2539 1361 2639 1429 τῆς
2677 1360 2945 1432 αἱρέσεως
2989 1359 3203 1431 γνώμῃ.
3255 1360 3364 1423 Διὸ,
3404 1360 3466 1414 τὸ
3507 1357 3840 1432 κυριώτατον

2261 1455 2360 1523 τῆς
2385 1453 2652 1523 συλλαϐῆς
2669 1451 2886 1516 ἐξελὼν,
2912 1451 3010 1522 τὴν
3030 1451 3264 1522 ἀρχαίαν
3294 1450 3458 1504 αὑτοῦ
3485 1451 3840 1522 ἀναγέννησιν

2266 1546 2507 1617 σημῆναι
2548 1545 2836 1616 ἐϐουλήθη.
2873 1545 2984 1599 Καὶ
3018 1545 3318 1614 ἐπειδήπερ
3357 1547 3414 1597 ὲν
3449 1542 3658 1606 τούτοις
3691 1545 3840 1612 ἰσχυ-

2269 1635 2375 1710 ρῶς
2425 1635 2714 1688 διετείνετο
2763 1635 2892 1706 περὶ
2947 1634 3038 1688 τοῦ
3095 1636 3294 1688 οἰκείου
3356 1633 3692 1704 σφάλματος,
3753 1633 3842 1687 τὸν

2265 1726 2439 1799 ὀρθῶς
2455 1726 2740 1799 γράψαντα
2771 1725 3145 1798 μεμψάμενος,
3167 1727 3316 1780 οὐδὲν
3339 1726 3500 1790 αὐτὸς
3524 1725 3693 1779 εἰπὼν
3731 1727 3843 1789 τοῖς

586 1822 832 1890 peritnr,
863 1833 920 1874 ut
951 1820 1053 1875 illis
1093 1822 1164 1874 ita
1209 1829 1388 1889 posset
1441 1821 1746 1874 obtrectare
1766 1859 1780 1884 ,
1813 1820 1904 1889 qui
1938 1836 2040 1874 non
2071 1837 2161 1890 pa-

2267 1820 2670 1890 ἐντυγχάνουσι,
2693 1820 2793 1891 τὴν
2819 1817 2987 1890 αὐτὴν
3014 1819 3112 1890 τῆς
3133 1818 3489 1887 ἀναγνώσεως
3511 1817 3844 1889 παραδίδωσι

589 1915 668 1968 ria
724 1929 846 1967 ctnn
901 1913 1016 1982 ipso
1069 1913 1397 1968 sentiebant.
1443 1912 1676 1968 Attende
1737 1927 1864 1967 vero
1919 1929 2162 1982 quamam

587 2005 696 2061 sint
729 2022 848 2076 quae
898 2007 1104 2062 scribit.
1156 2004 1246 2077 [Β.
1279 2003 1508 2076 ΧΧΙΙΙ.]
1563 2023 1582 2057 ι
1643 2003 1794 2058 lianc
1832 2005 1901 2060 ob
1945 2021 2163 2060 causam

595 2119 614 2151 ι
655 2099 794 2166 ideo,
829 2099 1042 2154 videtur
1076 2098 1204 2152 mihi
1237 2097 1440 2166 aliquid
1479 2099 1702 2152 omnino
1733 2097 2018 2152 dicendum
2045 2114 2166 2153 esse

594 2211 612 2244 ι
654 2193 719 2246 de
743 2207 810 2248 eo
837 2193 978 2260 quod
1018 2205 1280 2259 nusquatu
1327 2191 1505 2246 adhuc
1551 2190 1673 2246 alibi
1711 2191 1942 2259 positum
1977 2201 2080 2246 est.
2140 2211 2159 2244 ι

593 2281 781 2354 Magna
817 2298 943 2352 pars
974 2283 1171 2336 etenim
1201 2282 1268 2336 ab
1302 2282 1392 2338 illo
1428 2282 1725 2350 positorum
1757 2321 1772 2347 ,
1819 2296 1886 2336 ex
1917 2289 2044 2336 ante
2073 2297 2166 2335 no-

591 2379 674 2432 bis
699 2374 856 2431 dictis
892 2373 1172 2430 manifesta
1199 2385 1344 2428 sunt.
1394 2374 1469 2428 De
1493 2375 1772 2440 utera,ait,
1802 2385 1920 2429 ante
1955 2373 2168 2446 Lucife-

593 2484 705 2520 rum
740 2467 895 2536 genui
922 2475 972 2519 te
1003 2465 1069 2518 ³⁵.
1123 2463 1388 2534 Opinatns
1420 2477 1505 2520 est
1549 2476 1730 2520 autem
1763 2466 1905 2520 hanc
1947 2477 2166 2521 senten-

591 2561 746 2624 tiam,
783 2558 1168 2628 praepositione
1221 2558 1310 2611 illa
1361 2556 1444 2622 ἐξ,
1497 2557 1640 2612 clam
1705 2557 1847 2612 furto
1873 2559 2164 2624 subducta,

591 2668 712 2707 cum
737 2651 990 2706 hmretica
1027 2651 1195 2721 ipsius
1233 2651 1486 2720 opinione
1531 2652 1987 2720 conspiraturam.
2023 2651 2168 2717 Quo-

589 2745 732 2798 circa
755 2744 843 2798 ubi
885 2743 1143 2813 syllabam
1179 2741 1321 2808 illam
1353 2741 1924 2812 congruentissimam,
1947 2741 2014 2797 de
2037 2757 2168 2796 voce

587 2845 866 2890 exemerat
893 2834 1363 2904 regenerationem
1403 2835 1520 2903 ejus
1552 2833 1856 2902 antiquam,
1891 2849 1990 2889 nec
2020 2833 2166 2890 aliud

589 2927 925 2996 quidquam,
979 2927 1084 2980 hoc
1133 2925 1346 2980 volebat
1379 2926 1498 2980 loco
1547 2926 1864 2981 indicatam.
1906 2926 2165 2994 Quando-

588 3017 805 3086 quidem
856 3031 985 3071 vcro
1017 3017 1476 3071 vehementiorem
1543 3018 1596 3071 in
1651 3019 1868 3073 modum
1925 3035 2021 3088 pro
2067 3035 2166 3074 suo

2269 1911 2594 1984 μαρτυρίαν.
2646 1909 2858 1983 Προϊὼν
2906 1911 2950 1963 δ’
3001 1907 3157 1974 αὖθις
3197 1913 3224 1963 ὁ
3271 1911 3451 1975 αὐτὸς,
3501 1910 3710 1978 εἰσάγει
3753 1908 3846 1964 τὸν

2267 2004 2494 2075 Σωτῆρα
2524 2004 2780 2072 λέγοντα·
2840 2001 2980 2072 Ἐγώ
3013 2005 3128 2072 εἰμι
3172 2005 3210 2070 ἠ
3249 2001 3458 2071 ἡμέρα·
3492 1995 3592 2054 ὧδέ
3625 2019 3700 2072 πη
3745 2001 3846 2070 φά-

2267 2114 2444 2150 σκων·
2487 2115 2504 2148 ι
2545 2096 2778 2158 Σκότους
2814 2093 2922 2166 γὰρ
2953 2095 3104 2158 ὄντος
3145 2095 3430 2166 πρότερον,
3471 2093 3560 2146 διὰ
3599 2093 3699 2164 τὴν
3748 2091 3848 2162 τῆς

2271 2208 2288 2238 ι
2329 2187 2638 2251 θεοσεϐείας
2665 2187 2908 2255 ἄγνοιαν,
2943 2186 3043 2256 τῆς
3069 2186 3124 2238 δὲ
3151 2186 3363 2258 ἡμέρας
3401 2184 3688 2254 φαίνεσθαι
3717 2184 3846 2254 μελ-

2265 2279 2480 2351 λούσης,
2535 2278 2682 2348 Ἔγὼ
2717 2277 2826 2348 γάρ
2853 2280 2990 2348 εἰμι,
3027 2277 3211 2348 φησὶν,
3253 2277 3291 2344 ἡ
3326 2276 3514 2347 ἡμέρα
3539 2277 3668 2346 (79).
3701 2296 3718 2327 ι
3757 2277 3849 2329 ΕΞ-

2265 2375 2438 2438 κὸτως
2463 2373 2554 2426 τὸν
2586 2373 2790 2444 ἀστέρα
2829 2373 3102 2442 ἑωσφόρον
3140 2372 3413 2444 ὀνομάζει.
3445 2373 3556 2426 Καὶ
3587 2374 3646 2426 ὲν
3676 2371 3847 2445 ἑτέρῳ

2265 2471 2416 2538 τόπῳ
2449 2466 2609 2538 φησίν
2630 2483 2641 2495 ·
2669 2486 2688 2516 ‹
2712 2466 2926 2536 Ἐπειδὴ
2947 2465 3084 2536 μετά
3098 2465 3194 2536 τὴν
3217 2467 3315 2536 τῆς
3337 2465 3846 2538 σαρκὸςάνάληψιν,

2273 2579 2291 2611 ‹
2331 2557 2564 2630 Χριστός
2605 2574 2662 2609 τε
2697 2557 2790 2610 καὶ
2850 2555 3056 2626 Ἰησοῦς
3097 2555 3444 2627 κηρύττεται,
3483 2556 3595 2628 ζωή
3649 2575 3708 2609 τε
3749 2555 3848 2610 καὶ

2265 2653 2383 2716 ὁδὸς
2419 2651 2514 2704 καὶ
2545 2650 2746 2721 ἡμέρα.
2789 2671 2807 2702 ι
2857 2650 2968 2702 Καὶ
3001 2645 3156 2712 αὖθις
3185 2647 3390 2721 προῖὼν
3423 2648 3514 2702 τοῦ
3551 2648 3848 2703 ἀποστόλου

2265 2743 2445 2812 τίθησι
2475 2741 2554 2806 τὸ,
2596 2742 2662 2795 Ἡ
2687 2739 2756 2792 δὲ
2787 2739 3044 2809 ἡμετέρα
3081 2739 3471 2810 Ἰερουσαλὴμ
3499 2739 3620 2793 ἄνω
3651 2741 3847 2795 ἐστίν.

2268 2835 2378 2888 Καὶ
2408 2836 2460 2887 τί
2493 2852 2560 2906 με
2587 2833 2670 2886 δεῖ
2705 2833 2992 2905 μηκύνειν,
3028 2833 3201 2904 παρὸν
3229 2833 3306 2903 τῷ
3326 2833 3634 2904 βουλομένῳ
3650 2835 3713 2886 ἐκ
3739 2834 3849 2890 τῶν

2270 2925 2681 2998 προειρημένων
2725 2925 2795 2978 τὰ
2840 2923 3199 2996 παραπλήσια
3231 2925 3295 2977 ἐκ
3340 2924 3434 2977 τοῦ
3475 2923 3674 2988 παντὸς
3720 2942 3852 2994 συγ-

2269 3019 2594 3090 γράμματος
2623 3017 3001 3086 ἀναλέγεσθαι,
3043 3018 3136 3069 καὶ
3179 3016 3238 3068 τὸ
3272 3017 3494 3089 εὐχερὲς
3522 3017 3616 3069 τοῦ
3661 3018 3852 3090 ἀνδρὸς

589 3110 677 3164 hic
701 3123 889 3164 errore
921 3109 1320 3164 concertaverit
1349 3151 1364 3177 ,
1397 3109 1490 3164 illo
1523 3109 1857 3180 reprehenso
1894 3111 1984 3181 qui
2021 3122 2161 3168 recte

2271 3110 2613 3164 ἐποπτεύειν.
2661 3111 2750 3177 Ἐξ
2772 3105 2840 3184 ἧς
2867 3109 3149 3182 εὐχερείας
3181 3109 3403 3164 ἀκούσει
3424 3109 3590 3164 αὑτοῦ
3621 3109 3730 3182 (80)
3759 3111 3852 3166 τὸν

662 3228 722 3287 νΒ
756 3223 853 3278 Ed.
883 3222 1080 3285 Paris.,
1115 3237 1234 3294 pag.
1267 3221 1352 3277 15.

657 3317 702 3348 ³⁸
727 3315 869 3372 Psal.
892 3329 980 3380 cx,
1016 3315 1068 3369 9.
1164 3313 1211 3345 ³³
1239 3311 1378 3369 Psal.
1409 3330 1493 3370 cur
1513 3354 1528 3380 ,
1560 3315 1611 3369 5.

660 3502 772 3570 (77)
809 3499 1081 3572 Διῆλθεν.
1113 3499 1256 3569 Lege
1289 3499 1502 3572 διῆλθον
1549 3499 1626 3572 [et
1656 3499 1749 3572 sic
1795 3499 1848 3572 in
1889 3516 2031 3556 corr.
2060 3501 2148 3554 ed.

716 3583 770 3634 et
813 3571 1066 3647 transfer,
1109 3572 1289 3623 videor
1319 3571 1474 3647 mihi,
1509 3571 1600 3624 nec
1647 3571 1869 3640 injuria,
1911 3572 2150 3647 dicturus

588 3640 936 3714 ᾀρίοηᾳιιοά
963 3657 1221 3714 nusquam
1257 3642 1404 3714 ialibi
1443 3651 1754 3714 persecutus
1799 3657 1932 3695 sum.
1980 3640 2149 3714 Dese

589 3710 876 3768 Marcellus
925 3713 1069 3766 enim
1127 3710 1406 3776 loquitur:
1441 3712 1486 3764 is
1537 3721 1716 3766 autem
1765 3726 1924 3778 quem
1967 3721 2022 3764 et
2061 3712 2146 3764 hie

590 3785 836 3853 designat
879 3783 1015 3853 ipse,
1072 3789 1130 3853 et
1180 3795 1340 3853 quem
1397 3779 1661 3853 Eusebius
1696 3779 2052 3853 intelligebat,
2093 3782 2144 3832 in

587 3853 667 3924 τῷ
810 3923 818 3924 7
837 3849 1222 3924 ὁμοίωςῄαύτῷ
1249 3851 1531 3924 φλάσκονςι,
1564 3851 1809 3904 Asterius
1837 3849 1941 3910 est,
1969 3865 2150 3924 quem,

589 3921 930 3990 cumprimis
969 3922 1227 3976 Arianam
1281 3921 1528 3974 haeresim
1564 3929 2014 3990 propugnantem,
2053 3923 2152 3973 hoc

583 4009 690 4047 suo
732 3993 952 4060 scripto,
989 3991 1130 4059 quod
1167 3991 1402 4044 traducit
1443 3992 1735 4060 Eusebius.
1769 3991 2150 4055 exagitandam

592 4065 693 4116 sibi
727 4059 1012 4115 Marcellus
1055 4063 1310 4129 suscepit.
1330 4062 1406 4115 M.
1427 4061 1682 4129 —Supra
1712 4059 1854 4129 ἔχειν
1877 4061 1978 4122 ἔτι,
1996 4060 2076 4125 ιιι.

658 4133 769 4204 (78)
791 4129 1251 4204 "ligarat-moras
1275 4129 1484 4204 Fa_teor_
1507 4147 1592 4204 mc
1622 4146 1854 4204 sensum
1885 4132 1984 4186 loci
2037 4149 2141 4204 non

588 4200 829 4272 assequi.
869 4201 1055 4254 Dicere
1095 4200 1285 4272 debuit
1328 4200 1614 4272 Eusebius.
1645 4201 1950 4272 Marcellum
1993 4203 2145 4254 addi-

585 4269 1195 4341 disse'pratpositionem
1228 4269 1412 4341 eiad
1443 4269 1888 4341 éyévvqan‘lam
1919 4281 1979 4341 et
2004 4272 2144 4324 LXX

588 4353 643 4398 et
685 4340 894 4408 omnes,
949 4341 1146 4409 legunt,
1187 4341 1282 4412 vel
1310 4340 1628 4410 ἐγέννησα,
1673 4340 1752 4394 vel
1795 4340 2144 4412 γεγέννινηκα,

588 4413 776 4468 nullibi
819 4414 1018 4467 mentio
1058 4411 1453 4480 prtcpositionis
1504 4411 1665 4476 illius,
1695 4411 2004 4478 quatn'vult
2047 4415 2139 4464 ad-

588 4485 758 4538 ditam
789 4497 818 4536 a
855 4481 1134 4545 Marcello;
1171 4481 1265 4534 sed
1313 4493 1672 4551 praeterquam
1704 4483 1846 4548 quod
1877 4498 1978 4536 vox
2011 4481 2143 4535 κλα-

2264 3502 2465 3574 tjonem
2497 3504 2767 3572 improbet
2791 3520 2806 3557 :
2829 3501 3164 3574 Augustinus
3189 3509 3368 3574 tamen
3392 3509 3446 3556 et
3471 3501 3560 3554 alii
3589 3505 3841 3570 probant.

2259 3571 2456 3643 Quidni
2481 3574 2504 3627 ?
2532 3571 2653 3628 cum
2671 3575 2830 3628 unius
2846 3571 3195 3643 ejusdemque
3219 3573 3343 3634 loci,
3363 3581 3552 3627 contra
3574 3589 3733 3642 quam
3753 3591 3852 3627 vo.

2257 3640 2377 3696 lunt
2395 3643 2690 3698 Novatores
2711 3640 2901 3708 nostri,
2917 3643 3096 3712 plures
3116 3645 3395 3712 iidemque
3429 3640 3722 3698 secundum
3759 3645 3848 3698 lit-

2257 3721 2428 3792 teram
2473 3729 2665 3769 sensus
2705 3715 2852 3769 reddi
2909 3711 3138 3784 possint.
3163 3713 3237 3768 Μ.
3262 3741 3330 3752 --
3349 3711 3468 3766 Mox
3501 3713 3658 3784 vulgo
3681 3730 3847 3785 σεμν-

2257 3799 2400 3838 υναι.

2335 3854 2446 3924 (79)
2477 3853 2752 3919 Εἰκότως,
2787 3853 2900 3908 τὸν
2948 3854 3192 3922 ἀστέρα.
3227 3851 3348 3906 litec
3381 3863 3506 3924 sunt
3537 3851 3838 3919 ἀσύστατα,

2265 3921 2620 3984 forte'decst,
2678 3927 2890 3990 ἑαυτόν,
2943 3935 3000 3978 ιιι
3056 3921 3316 3993 legamus,
3375 3923 3600 3986 εἰκότως
3648 3926 3844 3978 ἑαυτὸν

2261 3993 2464 4065 ἀστέρα
2497 3994 2772 4064 ἑωσφόρον
2810 3995 3088 4064 ὀνομάζει.
3143 3996 3272 4065 ane
3337 4009 3460 4065 mox
3509 4006 3836 4065 sequuntur,

2262 4063 2594 4148 transposita‘
2637 4063 2799 4148 sunt.‘
2845 4063 3394 4148 Legendum,‘é1tst6:l1
3432 4065 3572 4148 μετά
3608 4063 3706 4148 τῂν
3739 4067 3842 4148 τῆς

2261 4131 2517 4214 ι’νιιιεὸέ.
2547 4133 2642 4214 τὴν
2677 4135 2828 4214 μετὰ.
2856 4131 2976 4205 τῆς]
3029 4133 3230 4204 σαρκὸς
3274 4131 3558 4214 ἀνάληψιν,
3611 4131 3848 4214 Χριστός

2245 4219 2306 4255 τε
2323 4207 2421 4277 καὶ
2457 4205 2663 4277 Ἰησοῦς
2694 4205 3366 4277 κηρύττεται-ς-ειιιιιθιιιιιι
3393 4205 3492 4273 τῆς
3508 4206 3843 4274 οἰκονομίας,

2245 4283 2302 4328 et
2323 4269 2791 4344 ’συγκαταϐάσεώς
2831 4276 2964 4330 tituli
3025 4274 3094 4328 M.

2324 4343 2435 4415 (80)
2460 4345 2568 4398 Τὸν
2583 4345 2940 4415 Σολομῶ-ντα
2962 4343 3272 4416 [Σολομῶνα
3299 4343 3481 4415 codd.]
3504 4345 3842 4414 προφήτην.

2253 4413 2429 4468 Grave
2463 4417 2670 4471 crimen
2721 4413 2930 4471 scilicet
2949 4413 3339 4480 [Salomonent
3387 4413 3705 4485 prophetam
3741 4413 3840 4468 uo-

2259 4485 2692 4556 minasseiqnasi
2742 4503 2878 4548 non.
2913 4486 3004 4554 qui
3059 4486 3347 4540 character
3383 4495 3467 4539 est
3520 4487 3840 4556 prephetim,

587 4557 802 4615 πεῖσαν,
838 4553 962 4625 l'ur_ti
1002 4551 1422 4625 subtractionetn
1479 4553 1678 4625 potius,
1715 4568 1876 4620 quam
1917 4553 2150 4625 additio-
2187 4553 2230 4608 υ
2259 4555 2471 4610 locutus
2501 4551 2680 4610 fuerat
2735 4557 2790 4610 in
2845 4551 3046 4625 Spiritu
3095 4567 3306 4617 sancto,
3351 4565 3446 4625 aut
3479 4551 3838 4625 salteittCan-

587 4641 710 4680 nent
740 4625 877 4679 clam
911 4623 1104 4676 factam
1139 4623 1437 4690 signiticet:
1461 4621 1585 4684 quid
1619 4623 1746 4674 illud
1783 4632 1864 4676 est
1895 4641 1907 4676 :
1939 4621 1998 4676 τὸ
2025 4640 2148 4675 καιν-

589 4693 852 4766 ριώτατον
880 4691 997 4764 (sir)
1018 4692 1116 4766 τῆς
1142 4690 1415 4766 συλλαϐῆς
1444 4690 1672 4760 team?
1710 4692 1940 4766 Sensum
1965 4697 2152 4766 vid_eor

588 4762 1106 4820 isseettttts.'Ariani
1141 4765 1312 4816 locum
1352 4762 1514 4828 hunc,
1551 4779 1656 4816 non
1699 4765 1764 4817 de
1788 4774 1988 4816 atterna
2027 4762 2146 4818 Filii

585 4837 958 4900 generatione,
996 4836 1090 4886 sed
1114 4834 1180 4886 dc
1217 4834 1500 4900 temporali
1553 4834 1927 4887 incarnatione
1969 4849 2148 4901 eapse-

585 4908 735 4968 bant,
769 4915 828 4958 ut
851 4905 915 4958 de
947 4916 1102 4956 noctu
1131 4913 1290 4956 natus
1313 4903 1524 4956 dicatur
1550 4917 1674 4956 ante
1703 4915 1950 4958 exortum
1979 4907 2147 4959 stella:

585 4977 895 5038 matutinae;
953 4976 1164 5026 videtur
1201 4975 1341 5026 hunc
1389 4989 1628 5034 sensum.
1659 4982 1712 5026 et
1749 4975 1885 5027 hanc
1926 4984 2139 5028 senten-

587 5047 714 5096 tiam
747 5061 1056 5112 Oppugnare
1092 5043 1376 5097 Marcellus
1404 5062 1416 5095 :
1442 5057 1496 5098 ct
1537 5045 1601 5096 ad
1624 5053 1880 5096 aeternam
1917 5059 2144 5112 genera-

589 5111 964 5168 tionem’Ftlii
1027 5115 1114 5168 Dei
1176 5116 1240 5167 de
1297 5116 1596 5166 substantia
1641 5111 1820 5166 Patris
1877 5111 2142 5180 retulisse,

585 5201 744 5250 quam
781 5185 864 5256 hic
894 5195 1046 5238 vocat
1090 5183 1633 5256 Eusebiusﬁpxaiav
1659 5183 2036 5256 ἀναγέννησιν,
2066 5187 2145 5239 vel

581 5255 696 5308 ἅνω
732 5255 968 5324 γένεσιν,
997 5254 1300 5326 et‘legisse,
1339 5254 1683 5326 ἐξεγέννησα,
1741 5254 1924 5323 utpote
1955 5257 2005 5310 in
2037 5271 2142 5324 qua

583 5341 714 5378 voce
762 5329 933 5393 ttlugis
989 5323 1286 5394 relﬁcaciter
1334 5323 1602 5394 resultet,
1649 5327 1700 5378 id
1745 5327 1884 5394 quod
1929 5323 2143 5380 volebat

581 5397 845 5448 stabilire.
883 5397 956 5448 De
983 5393 1142 5465 Patre
1171 5410 1290 5460 suo,
1325 5393 1448 5448 Filii
1478 5393 1878 5465 generationem
1913 5397 2140 5462 Scilicet,

585 5465 870 5528 Eusebius,
911 5465 1024 5518 Arii
1077 5463 1278 5529 fautor,
1321 5463 1508 5520 ansam
1552 5467 1745 5534 arripit
1779 5467 2138 5522 calumniandi

547 5534 925 5606 tMarcellum.
969 5535 1146 5589 Posita
1197 5547 1376 5590 autem
1433 5539 1520 5606 illa
1579 5539 2042 5606 interpretatione,
2077 5540 2141 5592 de

580 5617 781 5660 aeterna
809 5605 931 5659 Filii
968 5608 1338 5675 generatione,
1370 5605 1504 5660 nihil
1539 5619 1688 5661 certe
1722 5605 1965 5674 impedit,
1996 5625 2139 5677 quo-

581 5678 759 5748 minus
788 5677 854 5730 ad
895 5677 1126 5748 litteram
1172 5683 1471 5748 exponetur
1506 5677 1677 5740 locus,
1711 5679 1776 5732 de
1809 5678 2014 5731 carnali
2049 5694 2134 5748 ge-

581 5747 860 5801 neratione
893 5746 1014 5801 Filii
1053 5747 1283 5800 hominis
1317 5762 1329 5796 :
1358 5748 1449 5816 qui
1490 5749 1556 5802 de
1589 5759 1747 5801 nocte
1793 5746 2133 5802 nascebatur.

579 5817 754 5887 Quam
789 5819 914 5874 licet
943 5816 1360 5882 Chrysostomus
1391 5821 1445 5870 in
1497 5817 1638 5873 Psut.
1669 5833 1778 5881 cut,
1812 5821 2136 5890 interpreta-

2263 4625 2426 4696 ticunt
2480 4627 2814 4680 canticorum
2865 4623 2968 4679 non
3021 4625 3158 4678 foret
3209 4624 3394 4696 γραφὴ
3450 4623 3838 4696 προφητώδης.

2260 4695 2434 4750 Locus
2464 4711 2623 4763 quem
2653 4699 2788 4760 vult,
2826 4696 3056 4750 habetur
3103 4696 3156 4748 in
3203 4695 3468 4764 principio
3496 4695 3844 4750 ’l’ro’verhio-

2253 4781 2395 4820 rum.
2439 4765 2579 4832 Quae
2623 4769 2842 4836 quidem
2893 4767 3180 4836 Proverbia
3224 4767 3568 4819 sanctissime
3598 4777 3840 4833 sttmpta,

2252 4852 2356 4909 non
2389 4846 2513 4890 sunt
2544 4835 2897 4909 προφητεῖαι.
2943 4835 3048 4890 Sed
3092 4836 3390 4909 prophetae,
3424 4837 3676 4909 generali
3707 4853 3844 4904 qua-

2250 4907 2373 4959 dam
2405 4905 2947 4972 notion'e,vocantur
2977 4922 3164 4958 (mines
3200 4905 3298 4956 viri
3350 4910 3545 4958 sancti.
3597 4906 3840 4974 Pmphe—

2255 4978 2342 5030 tite
2368 4987 2520 5040 sunt,
2544 4979 2707 5031 etiam
2737 4981 2802 5030 de
2829 4977 3128 5046 pratteritis
3155 4977 3424 5038 notiones,
3458 4977 3622 5030 etiam
3653 4977 3842 5030 νουθε-

2255 5047 2389 5113 σίαι,
2437 5057 2495 5100 ut
2530 5049 2645 5102 ista:
2689 5045 2838 5110 sunt,
2891 5045 3259 5108 θεόπνευστοι,
3302 5046 3682 5114 characteres;
3713 5059 3844 5103 sunt

2247 5129 2398 5172 certe
2429 5117 2640 5172 diversa
2669 5116 3021 5188 χαρισμάτων
3055 5131 3287 5185 genera,
3312 5119 3406 5170 sed
3447 5132 3727 5186 nunquam
3761 5119 3838 5172 ita

2247 5189 2348 5240 fuit
2373 5197 2680 5242 coarctatus
2707 5187 2944 5256 Spiritus
2964 5199 3210 5251 sanctus,
3236 5189 3368 5254 quin
3395 5187 3486 5254 qui
3517 5203 3624 5240 nuo
3655 5189 3840 5257 aliquo

2247 5273 2446 5327 genere
2472 5259 2739 5326 praecipue
2767 5259 3127 5320 excoleretur,
3157 5257 3201 5310 is
3233 5266 3288 5308 et
3315 5258 3462 5310 aliud
3511 5259 3755 5322 haberet,
3789 5263 3836 5311 si

2247 5331 2300 5380 in
2352 5329 2650 5382 remissiori
2691 5331 2882 5396 gradu.
2933 5327 3066 5380 Nam
3121 5337 3177 5380 et
3234 5327 3464 5395 apostoli
3527 5332 3838 5396 prephetati

2245 5409 2394 5466 supt,
2424 5409 2477 5453 et
2519 5399 2866 5465 evangelista:
2897 5399 3178 5466 prophetia
3228 5399 3500 5452 adornati.
3535 5399 3666 5450 Illud
3701 5414 3836 5451 vero

2247 5469 2527 5523 ridiculum
2549 5477 2653 5540 est,
2678 5470 2819 5540 quod
2845 5485 2949 5521 non
2980 5467 3267 5540 περιῆλθεν
3285 5471 3341 5522 ὲν
3377 5469 3672 5538 μηλωταῖς.
3699 5467 3838 5521 Nam

2244 5553 2366 5600 nec,
2392 5541 2483 5608 qui
2519 5539 2596 5592 sic
2645 5539 2828 5592 amicti
2877 5539 3323 5604 obambulabant,
3358 5547 3638 5608 propheta:
3677 5551 3840 5592 erant

2242 5623 2434 5662 omnes
2463 5629 2477 5661 ;
2512 5623 2608 5662 nec
2653 5610 2932 5678 propheta:
2993 5613 3080 5678 qui
3118 5612 3354 5673 Inerant,
3376 5625 3568 5662 onmes
3593 5609 3673 5663 sic
3698 5611 3837 5661 aun-

2242 5679 2313 5748 ςειί
2339 5678 2781 5748 obambulabant.
2825 5679 3020 5748 lneptit
3053 5695 3181 5748 ergo
3209 5681 3315 5746 hic,
3351 5695 3456 5733 non
3492 5691 3702 5732 tantum
3742 5693 3838 5734 ca-

2243 5746 2590 5822 lumniatore
2625 5747 2718 5801 τοῦ
2781 5746 3066 5820 Παμῲίλου
3125 5746 3432 5808 ιι-ιιοκ
3489 5749 3653 5804 αὑτοῦ
3713 5755 3836 5822 post

2241 5819 2576 5888 προφητείας
2607 5835 2716 5878 cui.
2755 5819 2934 5878 codd.
3403 5845 3408 5858 ε
