4190 6406
376 283 470 337 ιιι
1506 284 1783 344 comas
1827 283 2258 343 MARCELLUM
2296 284 2427 343 LIB.
2471 266 2520 343 ιζ
3518 292 3633 357 ‘m

375 400 661 471 Σολομῶνα
690 404 975 477 προφήτην
1002 405 1401 474 ἀποκαλοῦντος
1421 409 1703 474 πολλάκις,
1726 408 1822 463 καὶ
1846 408 1942 471 τὰς

2049 407 2366 477 scripserat,
2393 406 2523 463 nihil
2548 416 2729 465 tamen
2758 409 3116 480 attulit'novi,
3144 412 3240 470 sed
3271 412 3460 472 lectori
3515 420 3631 475 cui-

374 494 668 566 παροιμίας
700 496 1038 569 προφητείας
1075 498 1452 571 ὀνομάζοντος.
1503 502 1713 572 Ὠσπερ
1754 496 1847 555 οὖν
1892 501 1942 553 ὲν

2054 512 2270 568 cunque
2297 499 2439 553 idem
2469 513 2565 569 per
2594 500 2777 555 omnia
2809 501 3035 559 exhibet
3068 506 3457 563 testimonium.
3489 507 3631 564 Per-

370 581 451 653 οἷς
481 605 665 659 φησιν’
706 607 725 639 ι
768 588 971 642 Τούτου
1018 590 1130 661 γὰρ
1158 591 1319 664 χάριν
1348 594 1378 647 6
1407 592 1711 662 ἀγιώτατος
1735 593 1950 665 προφή-

375 699 394 732 s
432 697 534 752 της
556 677 833 750 Σολομὼν,
856 678 1146 743 δέξασθαί
1162 698 1224 735 τε
1246 682 1512 753 στροφὰς
1535 685 1733 753 λόγων
1755 685 1891 753 ἔφη·
1924 703 1942 735 ι

368 772 466 826 καὶ
505 771 688 825 πάλιν·
745 790 765 822 ι
813 770 1044 838 Ῥήσεις
1086 788 1152 826 τε
1174 772 1384 844 σοφῶν
1425 775 1527 829 καὶ
1564 775 1880 845 αἰνίγματα
1924 794 1944 828 ι

367 861 471 933 τὴν
525 861 821 934 παροιμίαν
871 862 1207 934 προφητείαν
1272 865 1561 937 ὀνομάζει-
1609 867 1706 920 καὶ
1760 862 1944 931 αὖθις*

375 972 395 1007 ι
437 955 530 1008 Διό
561 972 649 1026 μοι
682 956 830 1010 δοκεῖ
862 958 891 1011 6
920 955 1232 1026 σοφώτατος
1260 952 1413 1022 οὗτος
1443 960 1731 1031 προφήτης
1762 958 1857 1013 καὶ
1881 957 1951 1012 τὰ

375 1065 396 1099 s
433 1046 625 1118 πρῶτα
663 1047 882 1118 ῥήματα
911 1046 1013 1118 τῆς
1054 1048 1393 1120 προφητείας
1442 1048 1829 1122 παροιμιωδῶς
1872 1049 1951 1102 εἱ-

375 1158 397 1190 s
436 1139 678 1211 ρηκέναι.
717 1157 737 1191 s
774 1138 885 1192 Kal.
929 1137 1181 1211 δεύτερον
1209 1139 1286 1204 δὲ,
1335 1140 1430 1193 καὶ
1457 1140 1663 1213 τρίτον,
1696 1140 1790 1194 καὶ
1822 1139 1949 1194 πολ-

369 1230 546 1294 λάκις,
584 1229 659 1293 ὡς
691 1228 845 1300 ἔφην,
874 1229 1031 1284 τοῦτο
1062 1233 1225 1296 ποιεῖ,
1260 1230 1469 1301 ἀγνοῶν
1501 1231 1591 1285 ὅτι
1629 1230 1949 1301 διαιρέσεις

368 1320 750 1393 χαρισμάτων
784 1321 964 1386 είσὶν,
1001 1324 1052 1375 εί
1094 1323 1191 1376 καὶ
1238 1323 1303 1377 τὸ
1338 1323 1486 1379 αὐτὸ
1538 1323 1794 1393 πνεῦμα.
1837 1322 1948 1376 Καὶ

364 1415 535 1482 ἄλλῳ
575 1414 693 1484 μὲν
720 1413 947 1468 δίδοται
983 1415 1165 1485 λόγος
1192 1417 1433 1485 σοφίας,
1469 1418 1610 1471 κατὰ
1656 1417 1746 1471 τὸν
1790 1416 1948 1469 Ἀπό-

368 1506 573 1573 στολον,
608 1506 774 1571 ἄλλῳ
798 1510 980 1577 λόγος
1010 1508 1284 1579 γνώσεως
1318 1509 1468 1564 κατὰ
1496 1509 1563 1564 τὸ
1587 1508 1733 1564 αὐτὸ
1764 1510 1947 1563 πνεῦ-

363 1616 467 1669 μα,
515 1599 694 1668 ἑτέρῳ
738 1601 942 1667 πίστις
979 1600 1049 1655 ἐν
1092 1600 1172 1666 τῷ
1216 1600 1377 1667 αὐτῷ
1419 1603 1728 1671 πνεύματι,
1781 1601 1948 1672 ἄλλῳ

365 1692 717 1761 προφητεία.
764 1691 963 1765 Διόπερ
996 1694 1025 1745 6
1070 1690 1320 1763 Σολομὼν
1352 1692 1543 1761 σοφίας
1579 1691 1677 1763 μὲν
1709 1691 1947 1763 εἰληφὼς

2050 589 2447 659 gitdeinceps,
2495 601 2552 646 et
2580 592 2876 648 introducit
2928 594 3196 652 dicentem
3245 596 3626 665 Servatorem,

2057 699 2075 731 ι
2112 679 2223 749 Ego
2268 696 2386 736 sum
2429 682 2544 737 dies
2583 698 2597 737 :
2635 702 2653 735 ι
2700 686 2864 738 verba
2921 696 3100 741 autem
3155 687 3320 756 ipsius
3367 691 3435 746 ad
3483 691 3624 747 hunc

2052 771 2267 827 modum
2316 787 2374 827 se
2428 773 2678 829 habent:
2722 794 2741 825 ι
2799 775 2935 831 Cum
2995 776 3086 849 [[ἰ.
3142 776 3336 851 ΧΧῩ.]
3389 783 3626 837 tenebrae

2055 882 2075 916 ι
2114 865 2263 934 prius
2292 863 2602 919 obtinerent
2651 877 2871 935 propter
2904 868 3083 923 cultus
3135 869 3303 924 divini
3332 870 3629 941 ignoratio-

2055 974 2074 1007 ι
2112 970 2257 1022 nem,
2276 955 2365 1009 ubi
2409 954 2525 1010 dies
2544 955 2654 1025 jam
2677 965 2822 1010 esset
2839 956 2890 1010 in
2910 959 3211 1029 propinquo
3239 964 3465 1027 oritura.
3488 963 3626 1033 Ego,

2055 1064 2075 1098 ι
2119 1046 2317 1116 inquit,
2346 1046 2465 1102 dies
2494 1063 2653 1113 suun,
2681 1065 2699 1097 ι
2740 1046 2848 1103 Nec
2880 1047 3078 1115 injuria
3132 1052 3372 1119 stellam,
3409 1054 3627 1112 Lucife-

2050 1155 2168 1193 rum
2249 1140 2562 1208 appellavit.
2634 1140 2752 1195 Alio
2801 1140 3054 1215 deinceps
3110 1143 3227 1200 loco
3273 1146 3344 1200 ita
3398 1147 3571 1217 inquit
3605 1167 3621 1182 υ

2052 1228 2144 1302 [ιι.
2177 1228 2441 1285 xxxvu.
2470 1230 2542 1285 cf.
2577 1232 2802 1302 pag.8i,
2823 1232 2910 1306 B.]
2940 1236 3416 1309 «Quandoquidem
3448 1253 3477 1291 ει
3501 1255 3624 1295 sus-

2055 1340 2075 1373 s
2116 1332 2270 1392 cepta
2316 1322 2481 1377 semel
2520 1340 2705 1389 carne,
2731 1324 2979 1382 Christus
3010 1329 3168 1383 simul
3198 1346 3319 1387 esse
3339 1331 3496 1389 Jesus
3522 1346 3625 1390 an»

2055 1431 2074 1465 ι
2115 1415 2429 1468 nuntiatur:
2461 1415 2564 1469 vita
2596 1427 2649 1471 et
2672 1416 2777 1482 via,
2815 1428 2977 1489 atque
3011 1421 3147 1475 dies.
3182 1441 3200 1473 ι
3238 1422 3621 1495 Pergitporro,

2051 1514 2106 1559 et
2142 1506 2355 1560 tandem
2397 1507 2464 1559 ah
2496 1506 2758 1577 Apustolo
2793 1509 2864 1562 ita
2889 1520 3185 1568 mutuatur.
3224 1513 3422 1569 Nostra
3446 1525 3622 1571 autem

2048 1597 2343 1651 Jerusalem
2368 1615 2577 1652 sursum
2613 1610 2709 1653 est.
2754 1600 2891 1667 Quid
2941 1613 3121 1658 autem
3166 1605 3250 1659 his
3281 1606 3483 1663 diutius
3522 1623 3624 1679 ego

2054 1689 2327 1742 immorari
2362 1691 2531 1745 debeo
2549 1692 2572 1744 ?
2589 1690 2771 1747 Cuivis
2791 1695 2987 1749 etenim
3005 1736 3019 1760 ,
3046 1698 3132 1751 cui
3168 1697 3359 1752 saltem
3383 1698 3621 1765 libuerit,

364 1789 609 1855 χάρισμα
635 1784 1071 1857 μεμαρτύρηται.
1101 1785 1210 1839 Καὶ
1241 1784 1424 1839 ἔδωκε
1451 1784 1561 1857 (81)
1592 1784 1701 1854 γὰρ
1729 1786 1942 1853 Κύριος

2045 1782 2280 1850 proclive
2329 1792 2434 1845 εει,
2478 1783 2627 1838 hisce
2663 1800 2780 1853 quae
2809 1786 2950 1840 dicta
2979 1797 3285 1857 suntquam
3325 1788 3619 1857 simillima,

363 1872 444 1941 τῷ
472 1874 775 1943 Σολομῶνι
807 1877 1054 1945 σοφίαν,
1099 1876 1175 1940 ὡς
1206 1877 1238 1947 ἡ
1271 1876 1460 1946 Γραφή
1495 1893 1645 1945 φησι,
1682 1877 1780 1929 καί
1809 1876 1945 1929 ἐσο-

363 1967 552 2037 φίσθη
601 1967 752 2037 ὑπὲρ
783 1968 1014 2035 πάντας
1033 1968 1385 2036 ἀνθρώπους
1406 1984 1420 1998 ·
1454 1966 1592 2021 Οὔτε
1622 1967 1678 2021 δὲ
1706 1968 1796 2020 τὸν
1831 1966 1943 2037 βίον

362 2058 700 2131 προφητικὸν
729 2058 997 2130 ἐσχηκὼς,
1045 2057 1170 2113 οὔτε
1205 2059 1297 2113 τὸν
1329 2058 1430 2129 τῆς
1462 2058 1797 2131 προφητείας
1839 2075 1941 2131 xa-

366 2130 634 2217 ρακτῆρα,
675 2145 765 2199 τὸν
798 2146 906 2201 ἀπὸ
945 2146 1039 2200 τοῦ
1090 2145 1234 2201 Τάδε
1261 2147 1423 2217 λέγει
1463 2130 1697 2216 Κύριος,
1740 2147 1848 2200 τῶν
1881 2130 1943 2200 Ὠ

362 2237 731 2309 ὁμοιοτρόπων
767 2237 1183 2310 γνωριζόμενον,
1214 2238 1303 2292 διά
1353 2238 1462 2293 τῶν
1496 2238 1711 2293 οἰκείων
1743 2238 1943 2310 ἐμφαί-

364 2344 443 2381 νει
470 2327 659 2397 λόγων.
706 2329 764 2383 'U
791 2330 847 2382 δὲ
876 2331 1079 2384 τούτων
1113 2331 1263 2385 οὐδὲν
1302 2330 1444 2396 ἰδὼν,
1477 2330 1666 2403 ὥσπερ
1699 2350 1750 2385 τι
1783 2349 1940 2404 χαρι-

366 2418 587 2489 ζόμενος
614 2421 692 2492 τῷ
719 2422 872 2494 ἀνδρὶ
900 2425 1186 2495 προφήτην
1209 2423 1372 2478 αὐτὸν
1403 2423 1579 2489 καλεῖ,
1609 2423 1670 2477 ού
1718 2425 1937 2489 συνιεὶς,

364 2512 446 2566 ὅτι
468 2515 515 2566 οἱ
546 2515 818 2585 προφῆται
841 2515 1168 2584 περιῆλθον
1186 2515 1257 2568 ἐν
1264 2515 1589 2585 μηλωταῖς,
1610 2516 1681 2569 ἐν
1698 2516 1941 2586 αἰγείοις

364 2603 678 2674 δέρμασιν,
695 2608 1142 2677 ὑστερούμενοι,
1169 2608 1524 2677 θλιϐόμενοι,
1539 2610 1940 2678 κακουχούμε-

363 2712 479 2751 νοι.
513 2698 624 2752 Καὶ
659 2698 758 2762 τάς
790 2698 1095 2770 Παροιμίας
1131 2698 1188 2754 δὲ
1222 2697 1386 2752 αὐτοῦ
1430 2699 1767 2771 προφητείαν
1799 2699 1937 2753 εἶναι

363 2785 532 2857 λέγει,
580 2790 629 2842 εἰ
670 2788 916 2861 μηδαμοῦ
952 2790 1052 2862 τῆς
1098 2790 1248 2854 θείας
1295 2790 1517 2862 Γραφῆς
1561 2790 1935 2863 διδασκούσης,

363 2880 529 2934 αὐτοῦ
562 2880 619 2935 δὲ
651 2880 744 2935 τοῦ
780 2881 1093 2953 σοφωτάτου
1128 2884 1224 2938 σὺν
1259 2882 1387 2953 θείῳ
1430 2883 1723 2956 πνεύματι,
1766 2882 1939 2958 ταύτῃ

368 2973 464 3044 μὲν
504 2974 571 3044 τῇ
622 2972 787 3045 βίϐλῳ
832 2975 1138 3048 Παροιμίας
1176 2975 1285 3046 (82)
1315 2975 1484 3048 ὄνομα
1507 2975 1721 3039 θέντος,
1765 2978 1833 3047 τῇ
1882 2976 1938 3029 δὲ

363 3064 549 3137 ἑτέρᾳ,
576 3062 1024 3137 Ἐκκλησιαστής
1053 3066 1146 3119 καὶ
1164 3067 1230 3137 τῇ
1245 3065 1425 3139 τρίτῃ,
1457 3068 1729 3137 ’ᾼσματα
1749 3067 1940 3138 ἀσμᾴ-

2049 1873 2151 1928 alia
2180 1890 2394 1945 quoque
2424 1877 2627 1932 inﬁnita
2677 1877 2927 1944 colligere
2959 1880 3026 1933 ab
3062 1879 3152 1934 illo
3174 1880 3287 1951 eius
3309 1896 3495 1951 opere,
3521 1883 3621 1939 ob-

2049 1975 2262 2021 servata
2291 2006 2306 2030 ,
2342 1969 2487 2021 unde
2515 1968 2755 2022 hominis
2803 1969 3071 2023 inscitiam
3108 1970 3621 2030 animadvertamus.

2049 2053 2187 2112 Huc
2219 2073 2433 2129 quoque
2461 2057 2687 2127 factum,
2742 2071 2800 2115 ut
2829 2060 3172 2117 Salomouem
3207 2066 3519 2133 prophetam
3546 2066 3624 2120 in-

2051 2147 2363 2217 digitaverit
2394 2188 2410 2214 ,
2448 2159 2503 2202 ut
2532 2159 2584 2204 et
2626 2152 2910 2219 proverbia
2962 2151 3303 2221 Prophetiam
3357 2168 3464 2208 non
3513 2170 3620 2210 una

2049 2241 2186 2294 vice.
2222 2238 2383 2295 Verbi
2410 2242 2583 2309 gratia
2604 2282 2620 2308 ,
2645 2243 2710 2295 ad
2745 2242 2891 2297 hunc
2915 2244 3131 2297 modum
3183 2246 3259 2297 ait
3287 2261 3302 2297 :
3337 2243 3513 2314 Hujus
3545 2235 3637 2301 rei.

2047 2348 2208 2385 causa
2234 2334 2596 2386 sanctissimus
2632 2334 2883 2403 propheta
2914 2333 3168 2389 Salomon
3190 2336 3265 2389 ait
3297 2349 3319 2391 :
3342 2336 3424 2389 Ad
3445 2337 3622 2391 susci-

2045 2426 2290 2493 piendam
2332 2426 2679 2479 eruditionem
2725 2425 2983 2480 doctrinae
3006 2427 3363 2482 ":etiterum
3396 2444 3412 2481 :
3448 2426 3619 2483 Verba

2044 2517 2380 2584 sapientium,
2412 2525 2459 2571 et
2506 2517 2782 2587 (enigmata
2810 2517 2879 2575 ³⁸.
2910 2516 3205 2572 Proverbia
3232 2558 3249 2584 ,
3278 2518 3616 2587 prophetiam

2046 2607 2355 2676 appellavit.
2385 2600 2582 2661 lterum
2615 2624 2628 2660 :
2660 2624 2679 2658 ι
2713 2604 2795 2662 0b
2822 2606 2962 2661 hanc
2984 2622 3204 2663 causam
3226 2608 3440 2664 videtur
3482 2609 3616 2664 mihi

2050 2717 2070 2750 ι
2102 2699 2534 2765 sapientissimus
2557 2699 2644 2754 hic
2674 2700 2936 2769 propheta
2958 2700 3130 2769 prima
3170 2701 3338 2755 verba
3387 2700 3619 2769 prophe-

2050 2808 2069 2843 ι
2112 2791 2198 2847 tiae
2245 2807 2357 2846 sua
2407 2791 2823 2862 proverbialiter
2871 2792 3201 2847 enuntiasse.
3261 2810 3280 2843 ι
3329 2790 3615 2859 Secundo,

2045 2882 2209 2954 igitur
2241 2892 2297 2937 et
2331 2885 2491 2938 tertio
2526 2883 2744 2954 sacpius.
2795 2884 2877 2939 uti
2908 2884 3111 2939 dictum
3152 2894 3256 2951 est,
3297 2885 3397 2940 hoc
3420 2883 3490 2938 ab
3526 2883 3618 2939 illo

2045 2972 2117 3027 ita
2144 2974 2343 3028 factum
2373 2986 2478 3028 est.
2510 2973 2729 3045 Ignorat
2750 2974 2963 3029 interim
2987 2975 3329 3029 diversitates
3348 2971 3616 3029 donorum

2044 3078 2192 3131 esse,
2220 3064 2344 3119 licet
2380 3066 2519 3119 idem
2545 3065 2781 3136 Spiritus
2823 3066 2914 3121 sit.
2955 3063 3061 3119 Uni
3086 3066 3293 3135 quidem
3315 3066 3618 3119 conceditur

362 3171 501 3218 των,
535 3154 635 3208 οὐκ
667 3155 839 3220 ἀθεεὶ,
891 3156 1011 3210 οὐδὲ
1050 3156 1376 3229 ἀνθρωπίνῳ
1420 3156 1664 3229 λογισμῷ
1713 3155 1938 3219 ταύταις

2045 3157 2248 3211 verbum
2308 3157 2579 3224 sapientia:
2607 3197 2622 3221 ,
2675 3156 2972 3212 secundum
3025 3157 3167 3226 quod
3201 3155 3490 3226 Apostolus
3516 3156 3612 3221 ait,

363 3247 742 3313 ὲπιόἀλλοντος
778 3252 897 3313 ταῖς
928 3250 1251 3323 ὲπιγορίαις.
1305 3250 1464 3304 Ἀλλά
1495 3249 1591 3304 καὶ
1623 3248 1793 3322 αὐτὴν
1838 3248 1937 3322 τὴν

365 3338 717 3411 θεόπνευστον
767 3340 932 3395 αὐτοῦ
962 3339 1207 3413 Τραφὴν,
1260 3342 1326 3396 δι’
1384 3339 1713 3413 Ἑλληνικῶν
1746 3340 1939 3409 πειρᾶ-

361 3447 454 3484 ται
482 3431 591 3502 (85)
628 3432 1085 3505 παραδειγμάτων
1119 3432 1465 3506 ἑρμηνεύειν,
1495 3433 1596 3487 οὐκ
1629 3430 1940 3495 ἐπακούσας

360 3521 575 3577 Παύλου
612 3523 704 3575 τοῦ
754 3522 1056 3577 ἀποστόλου
1099 3523 1367 3592 λέγοντος
1428 3522 1616 3593 Ἡμεῖς
1657 3521 1726 3575 δὲ
1771 3523 1843 3576 οὐ
1871 3519 1939 3574 τὸ

362 3612 599 3683 πνεῦμα
640 3612 748 3667 τοῦ
784 3615 1014 3684 κόσμου
1048 3614 1359 3685 ἐλάϐομεν,
1403 3614 1565 3669 ἀλλὰ
1600 3614 1667 3667 τὸ
1706 3611 1940 3682 πνεῦμα

365 3703 433 3757 τὸ
451 3705 520 3757 ἐκ
554 3704 658 3759 τοῦ
687 3705 854 3772 Θεοῦ,
879 3707 980 3760 ἵνα
1009 3705 1226 3777 ῖδωμεν
1266 3707 1338 3760 τὰ
1368 3706 1488 3763 ὑπὸ
1520 3706 1626 3760 τοῦ
1659 3704 1805 3759 Θεοῦ
1834 3718 1941 3758 κα-

357 3794 645 3863 ρισθέντα
672 3796 844 3866 ἡμῖν’
876 3797 916 3852 d
938 3796 1035 3852 καὶ
1052 3798 1376 3869 λαλοῦμεν,
1406 3800 1517 3851 οὐκ
1546 3797 1615 3850 ὲν
1644 3793 1942 3860 διδακτοῖς

364 3888 745 3958 ἀνθρωπίνης
792 3892 1014 3961 σοφίας
1061 3893 1284 3964 λόγοις,
1337 3892 1472 3948 ἀλλ’
1523 3892 1594 3945 ἐν
1643 3889 1943 3956 διδακτοῖς

365 3983 713 4052 Πνεύματος
779 3985 975 4055 ἁγίου,
1035 3985 1406 4057 πνευματικὰ
1476 3982 1941 4056 (πνευματικοῖς)

364 4075 815 4144 συγκρίνοντες.
856 4076 1125 4147 Ψυχικὸς
1169 4076 1238 4130 δὲ
1268 4076 1577 4145 ἅνθρωπος
1603 4076 1675 4129 οὐ
1707 4073 1944 4143 δέχεται

358 4170 439 4224 τὰ
465 4168 572 4223 τοῦ
590 4170 936 4240 Πνεῦματος
957 4169 1063 4225 τοῦ
1086 4169 1254 4237 Θεοῦ,
1271 4167 1586 4240 μωρίατὰρ
1608 4165 1769 4232 αὐτῷ
1788 4165 1941 4229 ἐστι,

363 4263 464 4317 καὶ
500 4266 571 4318 οὐ
598 4263 848 4319 δύναται
886 4264 1108 4336 γνῶναι
1143 4263 1233 4318 ὅτι
1254 4259 1669 4331 πνευματικῶς
1698 4259 1946 4329 ἀνακρί-

432 4374 848 4480 ςξυὲέεῗὲπὲη
875 4377 1117 4480 Pauli;

504 4446 662 4503 Prov.
691 4464 739 4512 ι,
762 4449 818 4504 3.
876 4446 890 4448 “
926 4449 946 4480 ³

365 4770 797 4846 cuilulraivulgo
822 4773 1024 4846 κακόχ.
1057 4783 1113 4825 et
1134 4773 1234 4837 τάς
1250 4789 1311 4846 τε
1342 4790 1474 4846 παρ.
1506 4770 1694 4846 αύτοῦ.

438 4842 550 4915 (8‘2)
586 4842 925 4915 ΔΠαροιμίας
994 4842 1456 4915 ὀνομασθέντος.
1507 4843 1651 4913 Lege
1701 4843 1940 4915 divisim,

366 4911 1223 4987 naporum;[scripsi‘rzapolutat
1268 4923 1323 4967 et
1376 4917 1551 4987 recepi
1594 4911 1793 4987 Evoua
1826 4912 1947 4966 θέν-

365 4981 494 5056 τοξς
522 4981 571 5037 εἰ
609 4981 792 5037 addito
827 4981 961 5056 ίκαι-
997 4981 1212 5056 tolerari
1260 4983 1461 5056 potest]
1504 4981 1707 5056 ὄνομα
1737 4982 1942 5056 θέντος.

368 5054 663 5109 Delendum
716 5066 878 5120 porro
908 5052 1036 5105 illud
1055 5054 1101 5105 εί
1124 5069 1138 5117 ;
1164 5063 1218 5107 et
1242 5052 1351 5106 tota
1387 5052 1680 5113 sententia.
1705 5055 1785 5108 sic
1813 5069 1945 5107 con-

367 5125 636 5197 cipienda,
657 5123 1178 5197 τάς-τε-παροιμίας
1214 5122 1401 5197 αὑτοῦ,
1422 5124 1779 5197 ,προφητείαν
1810 5120 1945 5197 εἶναι

367 5190 786 5269 λέγει-μηδαμοῦ
816 5193 916 5263 τῆς
942 5190 1091 5269 θείας
1120 5190 1748 5269 Ιξραῌςῆςῄδιδασκούσηψ
1782 5194 1944 5269 αὑτοῦ

336 5326 343 5329 τ
435 5263 539 5339 Δτοῦ
568 5262 906 5339 σοφωτάτου,
926 5262 1038 5339 μσὺν
1066 5262 1193 5339 θείῴ
1218 5262 1512 5339 Πνεύματι,
1543 5262 1942 5339 ταύτηνμὲνᾲτῇ

340 5326 346 5391 ξ
370 5317 551 5407 βίϐλῳί
568 5317 905 5406 Παροιμίαςί
924 5332 1093 5402 ὄνομα
1120 5317 1323 5407 θέντος,
1540 5317 1945 5407 ἔτέῗρᾷκὲκκληί

368 5406 613 5475 σιαστήν.
645 5408 796 5470 Quod
825 5420 1011 5475 verum
1051 5414 1152 5475 est.
1186 5406 1303 5458 Non
1328 5406 1471 5459 enim
1495 5406 1943 5473 suntadjectitite

342 5473 769 5545 inscriptiones,
820 5476 910 5528 sed
952 5473 1021 5545 ab
1072 5474 1315 5545 ipsumet
1373 5486 1592 5545 auctore
1647 5491 1938 5545 expressae.

337 5544 504 5607 {Tum
542 5542 845 5612 sequitur,
885 5542 981 5597 κοιλ⁵
1027 5544 1129 5597 οὐκ
1167 5544 1339 5598 ἀθεεί.
1379 5544 1491 5599 Hoc
1543 5555 1647 5609 est,
1684 5542 1787 5598 non
1824 5547 1942 5599 sine

334 5613 970 5707 ‘ttittnittehxm-p-‘tigsofi
999 5613 1261 5707 γνωμηςἱ
1278 5626 1337 5669 ιιι
1366 5615 1660 5687 Hesychius
1689 5617 1930 5687 exponit.

361 5683 442 5742 Μ.
465 5714 540 5757 Σ
566 5683 694 5737 Dem
721 5683 876 5757 vulgo
895 5684 976 5757 ti);
1007 5683 1196 5757 τᾼσμᾴ

322 5736 553 5829 κῆδε)
608 5736 1105 5825 Παράδὲιγμᾶτών
1121 5736 1519 5826 ’ἐρᾖὶινεύειη
1580 5755 1801 5814 Morbus
1852 5764 1936 5813 est

1006 4446 1134 4502 ibid.
1173 4446 1228 4501 6.
1286 4442 1329 4476 ³⁷
1358 4444 1529 4502 lCor.
1568 4460 1669 4512 xu,
1695 4445 1782 4503 lO.
1859 4445 1905 4478 ³⁸
1933 4444 1997 4500 lll
2033 4443 2165 4515 Reg.
2200 4442 2363 4508 ν,12.

2038 3247 2193 3301 alteri
2216 3246 2424 3301 verbum
2452 3247 2830 3317 intelligentia,
2854 3248 3151 3301 secundum
3184 3247 3433 3301 eumdem
3468 3249 3617 3317 Apo-

2040 3340 2239 3396 stolum
2273 3356 2285 3393 :
2313 3339 2410 3392 alii
2452 3339 2588 3408 ﬁdes
2613 3356 2704 3407 per
2732 3342 2966 3393 eumdem
2998 3339 3239 3407 spiritum
3266 3354 3284 3393 :
3309 3339 3466 3393 alteri
3494 3355 3619 3409 pro-

2040 3432 2215 3502 phetia
2238 3430 2304 3485 ³⁷.
2345 3430 2599 3485 Salomon
2621 3438 2803 3483 autem
2836 3430 3036 3483 donum
3064 3429 3274 3498 accepit
3310 3430 3615 3498 sapientiae,

2041 3535 2099 3579 ut
2124 3524 2415 3593 Scriptura:
2452 3522 2756 3576 testimonio
2805 3521 3186 3589 comprobatur
3222 3534 3239 3575 :
3281 3525 3338 3584 ὦ
3376 3519 3444 3573 Ει
3472 3520 3617 3574 dedit

2041 3614 2296 3670 Dominus
2311 3613 2623 3682 sapientiora
2650 3609 2923 3667 Sulomoni
2954 3612 3023 3678 “,
3046 3623 3093 3666 et
3118 3621 3228 3666 erat
3250 3612 3488 3667 omnibus
3515 3610 3614 3667 Ito-

2043 3703 2269 3756 minibus
2286 3701 2576 3771 sapientior
2593 3700 2660 3756 ³³.
2695 3698 2873 3756 Vitam
2899 3709 3078 3755 autem
3110 3701 3481 3771 propheticam
3506 3714 3617 3757 non

2046 3795 2366 3851 instituebat
2400 3815 2412 3849 :
2450 3809 2627 3863 neque
2668 3794 2777 3849 ullo
2806 3795 3124 3849 charactere
3156 3793 3473 3864 prophetico
3497 3802 3618 3849 erat

2045 3888 2338 3960 insignitus
2371 3907 2385 3944 :
2416 3889 2608 3959 quales
2656 3896 2853 3954 erant,
2911 3885 3039 3940 Hac
3062 3887 3187 3940 dicit
3241 3886 3521 3952 Dominus,
3562 3894 3620 3941 et

2042 3982 2170 4037 huic
2194 3982 2403 4038 similes
2434 3997 2451 4036 :
2486 3995 2647 4052 atque
2693 3981 2798 4036 hoc
2831 3996 2897 4035 es
2925 3980 3012 4048 iis,
3050 3995 3172 4050 quae
3198 3978 3439 4050 scripsit,
3482 3980 3619 4034 satis

2043 4073 2233 4141 liquet.
2263 4072 2572 4140 Marcellus,
2622 4073 2727 4129 hoc
2772 4073 2995 4128 minime
3025 4071 3408 4128 animadverso
3430 4111 3446 4135 .
3492 4082 3618 4128 tan-

2044 4180 2208 4235 quam
2231 4166 2279 4223 ei
2310 4166 2380 4220 de
2420 4181 2518 4221 suo
2563 4166 2781 4238 elargiri
2811 4165 2975 4221 vellet
3001 4164 3205 4235 aliquid
3232 4204 3248 4230 ,
3294 4166 3617 4236 prophetam

2045 4258 2196 4314 illum
2245 4258 2564 4329 indigitabat
2596 4275 2611 4312 :
2646 4258 2868 4315 minime
2894 4258 3114 4314 interim
3167 4260 3456 4328 meminit,
3490 4274 3619 4331 pro-

2475 4442 2520 4474 "
2552 4439 2613 4495 Ill
2641 4441 2773 4513 Reg.
2804 4456 2877 4506 tv,
2907 4441 2997 4497 51.

436 4699 552 4825 (8|?
575 4699 689 4770 Γάρ
716 4707 772 4754 et
795 4697 871 4763 ὡς
895 4713 1006 4757 om.
1040 4700 1202 4784 vulgo
1233 4742 1248 4768 ,
1290 4701 1414 4757 dein
1467 4702 1626 4773 vulgo
1644 4701 1946 4783 -Zoitout‘bv-
1975 4708 2020 4763 D
2049 4699 2272 4756 omnino
2305 4698 2489 4762 animi,
2526 4698 2682 4784 quasi
2720 4696 3052 4780 prohibitum
3078 4704 3222 4752 esset
3247 4696 3316 4780 ab
3338 4698 3618 4767 Apostolo,

436 4817 439 4825 .
466 4772 522 4825 lu
553 4789 607 4825 ra
640 4770 797 4825 vultto
822 4773 1024 4825 κακόν.
1057 4783 1113 4825 et
1134 4789 1234 4825 τας
1250 4789 1311 4825 τε
1342 4790 1474 4825 παο.
1506 4773 1694 4825 αὐτου.
2049 4771 2068 4825 Ι
2103 4770 2230 4825 Cor.
2266 4786 2330 4825 ιι.
2366 4768 2453 4825 12.
2480 4769 2549 4824 ab
2580 4768 2850 4825 Asuvutus
2878 4783 2941 4821 ea
2981 4777 3166 4821 mutuo
3197 4783 3466 4825 accipere.
3496 4787 3618 4825 otiae

2049 4771 2068 4825 Ι
2103 4770 2230 4826 Cor.
2266 4786 2330 4830 tt.
2366 4768 2453 4831 ιε,
2480 4768 2555 4824 ab
2580 4768 2850 4839 Aﬂgyptiis
2872 4783 2941 4840 ea
2981 4777 3166 4821 mutuo
3183 4770 3466 4840 accipere,
3496 4787 3619 4840 qua:

2049 4842 2431 4900 conducerent,
2474 4841 2539 4891 ad
2589 4837 3003 4899 exstrui-udum,
3035 4850 3085 4890 et
3126 4837 3616 4894 adornandum'ta-

2050 4910 2425 4964 beruaculum.
2461 4909 2628 4975 Quasi
2664 4911 2889 4976 ipsemet
2923 4906 3142 4969 Paulus,
3169 4925 3271 4961 nun
3298 4911 3363 4962 de
3397 4909 3617 4963 Menan-

2048 4983 2168 5045 dro,
2218 4983 2406 5044 Arato,
2453 4975 2791 5047 Epimenide,
2838 4977 2921 5049 vel
2945 4978 3277 5049 Callimacho
3308 4975 3531 5049 γνώμας
3560 4989 3618 5035 et

2048 5050 2447 5120 ἀποφθέγματα
2498 5046 2855 5120 nititunretnr.
2889 5046 3052 5112 Quasi
3084 5046 3347 5120 Eusebius
3370 5046 3613 5120 ipsenou

2050 5115 2187 5172 foret
2230 5115 2482 5189 scriptor.
2510 5119 2557 5172 si
2596 5119 2716 5185 quis
2741 5117 2879 5170 alius
2910 5115 3331 5189 στρωματώδης,
3357 5115 3448 5186 qui
3477 5119 3616 5172 ἀπό·

2045 5189 2211 5255 δειξιν
2249 5188 2392 5243 illam
2422 5189 2825 5260 Evangelieam,
2865 5189 3139 5239 tessellato
3173 5188 3261 5260 illo
3288 5203 3451 5260 opere
3482 5205 3617 5260 προ-

2047 5261 2419 5331 παρασκευῆς.
2457 5256 2881 5331 emendatiorem
2935 5260 3122 5317 multo,
3140 5268 3208 5331 Aet
3238 5256 3620 5331 διδακτικωτέ-

2048 5325 2146 5402 ραν
2175 5348 2279 5402 non
2308 5325 2660 5402 credidisset;
2692 5328 2936 5402 setl‘baec
2977 5335 3102 5402 sunt
3132 5325 3403 5390 facticiiis,
3435 5330 3621 5402 ειῌάν-

2042 5395 2302 5468 τιλογίας.
2357 5399 2516 5453 Certe
2580 5396 2840 5467 quidquid
2897 5395 3157 5468 Eusebius
3217 5398 3619 5467 συκοφαντίζει,

2046 5488 2150 5524 ιιοιι
2173 5466 2181 5468 ⁷
2206 5479 2289 5523 est
2342 5470 2392 5522 in
2440 5486 2505 5523 eo
2541 5466 3019 5537 reprehendendus
3038 5466 3346 5530 Marcellus,
3366 5466 3517 5537 quod
3551 5470 3620 5522 ad

2043 5540 2416 5595 Salomouiaca
2468 5539 2758 5592 Proverbia
2809 5537 3095 5591 szecnlares
3137 5538 3361 5601 litteras,
3391 5548 3446 5592 et
3493 5538 3621 5591 ἀνα-

2040 5609 2358 5681 γνώσματα,
2385 5619 2441 5659 ut
2470 5619 2649 5674 vocat,
2668 5607 2954 5679 Ἐλληνικά
2988 5608 3251 5664 attulerit.
3276 5607 3344 5662 Μ.
3376 5639 3444 5681 -έ-
3465 5608 3617 5681 Dein.

2043 5677 2205 5749 vulgo
2266 5678 2361 5749 ml
2389 5681 2503 5735 Etet
2533 5695 2642 5736 om.
2710 5677 2872 5747 vulgo
2932 5681 3345 5743 πνευματικοῖς.
3393 5677 3624 5730 deuictus

2042 5748 2203 5823 vulgo
2228 5748 2441 5822 γράψας
