4190 6406
633 252 737 340 πε
1299 271 1574 332 EUSEBII
1611 273 2091 331 cassamsusm
2127 273 2277 331 ore.
2317 275 2498 332 rans
2535 273 2626 334 tv.
2667 307 2736 318 -
2774 275 3194 334 DOGMATICA.
3757 281 3863 340 ω

628 399 818 468 phetas
845 391 1184 450 circumiisse
1211 391 1426 448 melotis
1479 393 1709 449 amictos
1737 401 1792 448 et
1820 393 2046 448 haedinis
2079 394 2196 463 pel-
2225 407 2258 464 Α

2296 411 2480 448 νεῖαι.
2513 396 2624 450 Καὶ
2654 394 2824 449 ταῦτα
2856 396 2914 450 δὲ
2941 397 3212 470 ἀγνοήσας
3242 397 3270 450 ὁ
3303 397 3567 465 γενναῖος,
3607 399 3865 455 πειρᾶται

628 487 765 542 libus
790 526 806 552 ,
849 499 1070 555 egeiios,
1104 499 1411 555 oppressos,
1453 485 1787 556 angustiatos
1805 485 1870 539 ιθ.
1905 484 2192 542 Proverbia

2293 485 2428 555 ἡμῖν
2467 483 2526 549 ἐξ
2574 483 2901 554 Ἑλληνικῶν
2941 485 3382 556 ἀναγνωσμάτων
3421 484 3520 558 τὴν
3557 483 3666 539 τῶν
3710 485 3868 546 θείων

626 577 1034 648 prophetiarum
1065 576 1286 632 nomine
1327 577 1592 651 designat,
1628 591 1750 631 cum
1789 591 2056 646 nusquam
2093 578 2193 634 hoc

2296 575 2612 646 Παροιμιῶν
2639 576 2875 631 διάνοιαν
2907 578 3274 650 προστιθέναι,
3307 576 3493 632 τοῦτον
3520 577 3746 651 γράφων
3768 581 3868 634 αὑ-

626 669 874 723 docuerit
903 667 1183 736 Scriptura
1233 649 1390 722 sacra
1419 706 1435 732 ,
1483 669 1576 722 sed
1609 676 1798 722 auctor
1842 666 1955 735 ipse
1981 667 2196 735 sapien-

2295 669 2407 730 τοῖς
2437 668 2502 739 ρή
2511 684 2642 738 μασι
2667 667 2758 720 τὸν
2785 668 3006 741 τρόπον.

628 761 876 818 tissimus
945 770 1000 814 et
1056 759 1264 830 Spiritu
1301 760 1523 830 insuper
1572 769 1760 813 sancto
1829 759 2128 828 praeditus,
2190 757 2476 813 Proverbia
2525 761 2887 816 nominaverit
2917 778 2932 816 :
2961 770 3022 815 ut
3068 760 3300 817 alterum
3355 762 3551 818 librum
3601 761 3870 818 Ecclesia-

627 865 740 910 sten
772 867 791 906 :
829 853 1044 908 tertium
1093 851 1372 906 Canticum
1417 851 1738 904 canticorum
1769 865 1787 903 :
1815 864 1951 919 quos
1976 851 2196 922 scriptis
2233 850 2383 906 hisce
2445 851 2630 908 titulos
2694 869 2798 907 non
2827 851 3066 907 humana
3101 852 3312 908 ratione
3339 852 3538 923 aliqua,
3563 854 3658 910 sed
3695 853 3871 908 nni'ni-

627 966 697 1005 ne
742 949 936 1004 ductus
965 990 979 1014 ,
1008 947 1280 1018 apposuit.
1351 944 1505 1002 Hanc
1548 945 1718 1014 ipsam
1769 960 1930 1016 porro
1995 945 2258 1001 divinitus
2296 945 2614 1015 inspiratam
2652 947 2978 1016 scripturam
3009 946 3243 1004 ethnicis
3282 946 3558 1002 illustrare
3602 936 3870 1018 exemplis

627 1041 746 1095 vult
771 1039 1015 1110 neglecta
1037 1039 1280 1110 Apostoli
1319 1037 1473 1092 Pauli
1516 1051 1648 1093 voce
1672 1037 1788 1104 illa,
1813 1035 1926 1092 Nos
1948 1038 2188 1106 spiritum
2226 1037 2387 1108 hujus
2457 1039 2642 1092 mundi
2711 1055 2812 1092 non
2865 1038 3158 1108 accepimus
3183 1077 3200 1104 ,
3237 1039 3328 1092 sed
3381 1038 3625 1108 spiritum
3674 1041 3763 1109 qui
3804 1055 3870 1094 ea:

632 1137 737 1191 Deo
761 1147 858 1202 est,
889 1147 970 1201 ut,
992 1152 1108 1207 quae
1141 1145 1260 1188 sunt
1295 1153 1326 1188 a
1365 1134 1471 1188 Deo
1511 1133 1658 1189 nobis
1700 1134 1897 1188 donata
1925 1135 2293 1203 dignoscamus
2317 1149 2336 1186 :
2361 1143 2408 1188 et
2469 1151 2585 1202 quae
2629 1132 2913 1204 loquimur,
2981 1150 3084 1188 non
3145 1143 3264 1188 sunt
3309 1133 3364 1185 in
3394 1133 3650 1186 docilibus
3689 1133 3871 1186 huma-

629 1243 710 1281 ηαξ
733 1227 1005 1296 sapientia:
1030 1227 1218 1294 verbis,
1245 1227 1334 1281 sed
1365 1225 1598 1289 Spiritus
1625 1225 1794 1280 sancti
1815 1225 1905 1295 qui
1941 1223 2192 1280 discernit
2229 1225 2552 1294 spiritantia.
2585 1223 2847 1279 Animalis
2879 1225 3030 1280 homo
3075 1240 3179 1278 non
3260 1226 3476 1295 percipit
3511 1241 3630 1296 qua:
3693 1241 3728 1278 α
3761 1222 3871 1280 Deo

627 1328 770 1384 sunt,
794 1319 1018 1374 stultitia
1054 1323 1238 1390 quippe
1265 1321 1503 1374 videntur
1523 1320 1623 1388 ipsi
1655 1335 1674 1373 :
1705 1334 1866 1388 neque
1901 1327 2066 1386 potest
2108 1319 2397 1388 intelligere
2440 1334 2525 1384 ea,
2587 1317 2728 1388 quod
2791 1318 3137 1386 spiritualiter
3199 1304 3568 1373 discernuntur
3619 1317 3688 1370 “.
3745 1314 3872 1371 Haec

627 1415 713 1468 vir
763 1415 1012 1484 egregius
1045 1430 1166 1468 cum
1201 1415 1430 1484 ignoret,
1473 1413 1877 1468 Proverbiorum
1908 1415 2236 1470 sententiam
2277 1423 2330 1468 et
2369 1413 2783 1483 intelligentiam
2836 1419 3068 1468 conatur
3127 1424 3460 1482 paganorum
3493 1411 3712 1482 scriptis
3749 1394 3872 1466 illuc

629 1515 826 1562 strare.
863 1503 942 1558 ita
973 1506 1120 1560 enim
1164 1507 1384 1562 disertis
1421 1506 1599 1561 verbis
1621 1508 1715 1562 ait.

1266 1601 1419 1656 CAP.
1458 1599 1543 1656 IlI.

862 1691 1103 1748 Marcelli
1135 1691 1200 1744 de
1231 1690 1516 1760 proverbiis
1545 1694 1684 1758 apud
1715 1687 1944 1746 Grtrcos.
2041 1709 2044 1713 '

702 1805 720 1840 ι
759 1785 872 1840 Non
917 1794 1000 1838 est
1033 1799 1059 1836 a
1092 1781 1408 1852 proposito,
1445 1788 1502 1831 ut
1535 1779 1796 1843 arbitror,
1828 1780 2062 1834 alienum
2089 1820 2104 1846 ,
2150 1780 2196 1836 si

633 1901 650 1934 ι
691 1894 860 1947 pauca
891 1875 1258 1932 recensuerim
1310 1873 1362 1926 in
1402 1872 1688 1941 praesenti,
1714 1887 1832 1941 qute
1861 1882 1985 1928 sunt
2014 1872 2067 1927 in
2099 1887 2196 1928 usu

632 1989 651 2022 ι
689 1968 832 2038 apud
870 1967 1109 2030 Graecos,
1165 1962 1469 2031 proverbia.
1517 1961 1655 2016 Sane
1693 1962 1768 2016 vel
1802 1973 2037 2016 mortuus
2086 1973 2194 2030 est,

632 2079 652 2113 ι
699 2059 774 2114 vel
807 2059 1008 2112 litteras
1043 2059 1210 2110 docet.
1265 2054 1443 2107 Prima
1483 2055 1698 2124 quidem
1750 2053 1888 2108 facie
1929 2058 2196 2125 putaverit

632 2173 648 2198 ι
689 2149 956 2220 quispiam
987 2147 1090 2202 hoc
1123 2146 1486 2214 proverbium,
1528 2149 1586 2208 iis
1637 2145 1687 2198 in
1721 2144 2018 2200 litterarum
2068 2161 2196 2216 pro-

633 2262 652 2295 ι
688 2243 925 2308 fessores
972 2247 1324 2307 usurpatum,
1374 2235 1528 2306 quasi
1569 2251 1671 2289 non
1727 2235 1882 2290 aliter
1927 2238 2066 2308 apud
2100 2253 2194 2294 eos

631 2353 651 2386 ι
687 2335 884 2388 litterae
911 2333 1256 2387 docerentur.
1293 2327 1405 2399 Ego
1431 2339 1632 2392 autem,
1682 2328 1873 2398 inquit,
1907 2329 2068 2384 didici
2093 2331 2195 2386 hoc

631 2445 650 2478 ‹
687 2441 790 2479 non
824 2425 896 2480 ita
927 2437 985 2476 se
1019 2421 1239 2475 habere.
1273 2419 1378 2474 Sed
1410 2429 1695 2490 propterea
1714 2421 1878 2490 quod,
1903 2435 2022 2475 cum
2055 2437 2192 2490 pra:—

631 2536 650 2569 ι
696 2517 767 2572 lio
795 2515 1154 2570 Athenienses
1185 2512 1352 2567 Siculi
1397 2513 1661 2576 vicerant,
1711 2511 1854 2566 solos
1910 2511 2031 2566 illos
2085 2513 2191 2568 vita

631 2626 649 2660 ι
687 2609 916 2662 ιΙοηειιοε
939 2614 1253 2666 servarent,
1280 2602 1369 2672 qui
1407 2601 1601 2656 litteris
1646 2612 1802 2656 erant
1835 2603 2104 2668 instructi,
2135 2613 2195 2658 ut

631 2715 649 2748 ι
689 2697 874 2751 liberis
901 2699 1015 2750 suis
1061 2703 1426 2766 praeceptores
1476 2693 1596 2746 illos
1647 2693 1934 2759 haberent,
1962 2704 2190 2750 cieteros

630 2807 648 2839 ι
688 2801 816 2840 vero
845 2800 1034 2840 omnes
1076 2795 1250 2838 morte
1305 2782 1628 2837 multabant.
1670 2783 1803 2836 Cum
1835 2797 1962 2837 vero
2000 2798 2030 2838 e
2055 2799 2192 2854 prae-

631 2893 650 2928 t
689 2876 763 2929 lio
789 2873 1004 2944 quidam
1035 2871 1378 2942 aufugientes
1411 2871 1628 2925 domum
1673 2881 2084 2936 remeaverant,
2119 2873 2188 2927 ab

631 2985 650 3018 ι
690 2964 1115 3020 Atheniensibus
1167 2964 1488 3033 interrogati
1529 2964 1594 3018 de
1647 2963 1838 3017 amicis
1865 2965 2189 3034 quibusdam
2217 2948 2258 3004 (ἶ

629 3077 649 3110 ι
687 3059 800 3112 suis
828 3067 917 3111 aut
950 3055 1208 3110 allinitate
1251 3055 1572 3125 conjunctis,
1624 3056 1900 3121 dicebant,
1944 3055 2088 3112 Sane
2117 3059 2191 3111 vel

629 3169 648 3202 ί
683 3163 919 3205 mortuus
954 3157 1050 3212 est,
1097 3147 1176 3200 vel
1209 3148 1411 3202 litteras
1439 3148 1605 3201 docet.
1658 3147 1794 3214 Quid
1826 3149 1954 3204 illud
1984 3160 2190 3217 autem,

629 3266 646 3296 ι
683 3243 855 3312 Capra
881 3242 1152 3312 gladium,
1184 3242 1284 3295 sibi
1313 3240 1486 3294 velit?
1521 3239 1708 3294 Nonne
1739 3243 2080 3311 proverbium
2111 3243 2192 3298 di-

628 3354 646 3386 ι
687 3335 828 3388 citur
857 3333 924 3387 de
949 3347 1039 3396 eo,
1074 3329 1166 3400 qui
1201 3345 1320 3398 qua)
1345 3329 1412 3384 de
1447 3329 1562 3400 ipso
1583 3330 1857 3395 dicuntur,
1882 3341 2035 3386 antea
2061 3349 2192 3403 pra:-

627 3443 644 3474 ‹
687 3423 862 3477 vidit?
897 3431 1181 3492 propterea
1229 3419 1370 3488 quod
1402 3435 1564 3490 capra
1601 3420 1956 3487 immolanda,
1991 3423 2186 3478 intueri

627 3536 644 3567 ι
686 3515 820 3570 solet
844 3514 1100 3584 gladium.
1143 3511 1253 3566 Hoc
1281 3512 1524 3582 profecto
1549 3528 1611 3568 ex
1641 3514 1879 3582 antiquis
1917 3514 2041 3568 nulli
2064 3531 2190 3586 pro-

625 3628 643 3660 ι
687 3608 891 3662 didere.
953 3605 1138 3675 Neque
1197 3605 1340 3658 enim
1395 3605 1500 3659 hoc
1551 3619 1713 3659 sensu
1773 3607 2189 3674 proverbialiter

628 3719 644 3750 i
687 3705 1060 3768 usurparetur.
1091 3698 1220 3752 Erat
1249 3697 1394 3751 enim
1443 3694 1600 3749 facile
1639 3705 1693 3751 et
1741 3697 1915 3751 cuivis
1968 3697 2186 3752 obvium

625 3809 644 3842 ι
687 3791 789 3843 hoc
824 3803 853 3842 e
879 3803 938 3844 re
967 3796 1152 3842 natum
1194 3787 1648 3842 animadvertere.
1699 3785 2010 3856 Usurpatur
2057 3803 2187 3842 vero

623 3901 641 3932 ι
679 3882 744 3935 de
769 3881 832 3934 iis
849 3880 936 3949 qui
963 3880 1158 3934 malum
1179 3878 1525 3948 sibimetipsis
1557 3889 1869 3950 procurant.
1905 3879 2041 3935 Nam
2069 3879 2186 3936 Me-

624 3995 642 4027 ι
679 3975 778 4030 dea
831 3975 1074 4030 Corinthi
1106 3983 1388 4044 postquam
1447 3973 1645 4030 liberos
1697 3987 1824 4028 suos
1869 3989 1966 4029 sua
2019 3989 2182 4028 manu

626 4085 644 4118 ι
683 4068 1058 4130 interemerat,
1090 4065 1288 4119 dicitur
1331 4079 1397 4118 eo
1423 4063 1540 4119 loco
1569 4065 1872 4121 occultasse
1900 4065 2132 4121 cultrum
2165 4082 2180 4120 :

625 4175 643 4208 ι
684 4156 884 4212 secutis
915 4170 1041 4210 vero
1068 4155 1400 4225 temporibus
1421 4154 1641 4222 factum,
1675 4163 1735 4210 ut
1763 4156 2028 4211 Corinthii
2059 4171 2182 4211 ora-

623 4267 642 4298 σ
679 4248 800 4303 culo
826 4247 1035 4313 moniti,
1071 4263 1288 4318 capram
1326 4250 1531 4318 nigram
1587 4247 1868 4304 immolare
1901 4249 2180 4314 deberent,

622 4361 642 4398 ‹
678 4339 790 4408 ubi,
827 4356 947 4396 cum
978 4341 1154 4398 cultro
1175 4341 1616 4406 destituerentur,
1630 4355 1791 4411 capra
1819 4341 2045 4411 pedibus
2069 4343 2182 4398 suis

689 4476 748 4532 ἢ(
773 4457 885 4519 Ed.
921 4459 1094 4524 Paris,
1127 4473 1251 4529 pag.
1277 4457 1367 4513 15.

687 4557 732 4589 ⁵⁸
776 4555 939 4611 llebr.
966 4570 1042 4619 xi,
1073 4550 1163 4607 57.
1237 4549 1282 4582 “
1313 4547 1334 4603 Ι
1372 4547 1500 4605 Cor.
1527 4565 1589 4614 ll,
1621 4549 1710 4605 12.

684 4669 797 4742 (84)
832 4665 1008 4742 Falsa
1026 4665 1254 4742 ρλίτφνο

683 4733 794 4814 (85)
832 4733 982 4792 Ἀλλ’
1087 4733 1395 4814 τέθνηκεν,
1541 4733 1810 4814 διδὰ-σκει
1846 4733 2173 4804 γράμματα,

615 4805 874 4866 ΝοὶείΌε
921 4821 988 4860 ex
1048 4807 1294 4871 historia,
1339 4816 1394 4859 et
1451 4805 1782 4860 Plutarcho:
1813 4819 1972 4871 quam
2032 4815 2180 4860 recte

614 4880 898 4937 Marcellus
963 4878 1286 4945 explicabat.
1359 4875 1582 4930 Videndi
1631 4874 2112 4946 παροιμιογράφοι,
2150 4889 2180 4928 a

611 4951 910 5008 reverenda
961 4947 1248 5000 admodum
1301 4955 1356 4999 et
1405 4945 1708 5000 clarissimo
1742 4945 1800 5000 P.
1849 4945 2177 5000 A.’Schotto

609 5022 772 5082 editi;
809 5019 904 5073 sed
961 5017 1112 5070 locus
1161 5014 1216 5068 in
1271 5015 1455 5070 codice
1487 5031 1589 5068 oon
1618 5024 1853 5069 constat.
1890 5015 2021 5070 Nam
2048 5018 2176 5084 quid

613 5093 699 5143 iila
739 5089 838 5144 sibi
870 5087 1076 5148 volunt,
1108 5084 1230 5137 ἐπεὶ
1263 5085 1358 5138 καὶ
1384 5085 1570 5154 ἕτερός
1605 5101 1708 5154 τις,
1738 5085 1897 5147 forte,
1933 5087 2052 5140 ἐπεὶ
2082 5087 2174 5140 καὶ

614 5158 1015 5242 μ-ὴ,έτέεευς.τις
1171 5156 1302 5242 πειρί
1327 5153 1538 5242 una
1557 5153 1684 5242 eo:
1723 5155 1766 5242 δῖ
1799 5155 2019 5242 sine:
2047 5155 2173 5226 εφην

611 5223 766 5284 τοῧτο
805 5223 848 5280 ’δ’
873 5227 971 5296 οὑχ
1003 5224 1174 5289 οὕτως
1206 5223 1368 5298 ἔχειν,
1399 5223 1512 5298 ἀλλ’
1542 5225 1616 5288 ὡς
1635 5225 1684 5277 οἱ
1713 5225 1781 5278 τὰ
1807 5223 2174 5298 ὑπομνήματα

612 5295 1198 5371 γράψαντεςίέφασαν.
1237 5295 1517 5371 ΠἘπειδνή.
1575 5299 1753 5360 Certe,
1812 5297 1864 5371 in
1918 5295 2174 5371 miserant

611 5367 940 5424 eruditorum
967 5370 1243 5421 hominum
1271 5369 1655 5429 conditionem,
1689 5383 1792 5420 non
1826 5367 2005 5434 inepte
2040 5370 2167 5420 ada-

611 5443 1102 5518 giuin‘nsurpatui‘,
1139 5438 1228 5506 qui
1279 5437 1594 5518 plerumque
1624 5437 1798 5490 ἄσιτοι
1833 5436 2167 5518 ἁναδώρῃτοι

612 5507 934 5582 ἐξορμίζουσι
988 5507 1167 5582 μέλος,
1203 5517 1259 5560 ut
1289 5511 1354 5582 de
1389 5517 1761 5582 se__ttietnorat
1811 5519 1996 5582 auctor
2021 5507 2169 5576 Ety-

613 5577 896 5652 iitotogici;
928 5577 999 5633 ει
1015 5581 1080 5632 de
1109 5577 1390 5632 Lactantio
1422 5577 1557 5652 oliui
1582 5579 2017 5652 adspicis-saris
2058 5593 2171 5652 ina-

611 5647 782 5721 gisiro
812 5665 1041 5709 nierum,
1067 5657 1384 5721 usurpatum
1422 5647 1955 5721 l'uit_bucis,_fungis.
1990 5651 2170 5721 fatuis,

612 5716 775 5776 asinis
795 5716 1245 5792 μυστηριοφόροις
1277 5717 1646 5787 grassantibus
1679 5718 1742 5772 ad
1777 5716 2027 5784 honores,
2057 5718 2175 5773 aliis

2953 1592 3109 1646 ΚΕΦ.
3149 1591 3222 1644 Γθ.

2295 1688 2655 1757 Μαρκέλλου
2693 1685 2826 1754 περὶ
2871 1684 2990 1738 τῶν·
3034 1687 3173 1752 παρ’
3221 1683 3482 1751 ’Ἕλλησι
3521 1683 3864 1754 παροιμιῶν.

2372 1800 2390 1832 ι
2427 1779 2590 1832 Οὐδὲν
2627 1776 2734 1849 γὰρ
2759 1777 2956 1831 ἄτοπον
2989 1771 3142 1846 οἶμαι
3175 1777 3231 1830 ἐν
3260 1775 3340 1846 τῷ
3367 1775 3594 1846 παρόντι
3621 1775 3729 1846 (84)
3757 1775 3867 1828 ὀλί-

2303 1893 2320 1925 ι
2361 1889 2455 1941 γον
2477 1870 2586 1923 τῶν
2614 1869 2808 1936 ἔξωθεν
2825 1869 3133 1939 ὑπομνῆσαι
3151 1867 3454 1938 παροιμιῶν
3483 1865 3614 1936 (85).
3649 1868 3808 1921 Ἀλλ’
3825 1867 3864 1936 ἦ

2303 1983 2322 2014 ‹
2366 1962 2649 2030 τέθνηκεν
2663 1963 2700 2029 ἢ
2718 1960 2982 2014 διδάσκει
3006 1959 3548 2030 γράμματαπαύτην
3561 1960 3659 2030 τὴν
3677 1976 3866 2030 παροι-

2277 2073 2324 2154 .C
2352 2054 2479 2124 μίαν
2503 2053 2636 2123 πρὸς
2651 2052 2749 2124 μὲν
2771 2053 2830 2104 τὸ
2849 2053 3167 2124 φαινόμενον
3179 2051 3278 2124 τοῦ
3300 2051 3644 2123 γράμματος,
3661 2051 3864 2104 ὑπολὰι-

2305 2143 2324 2197 ἱ
2351 2147 2433 2198 6οι
2454 2147 2516 2200 ἄν
2533 2163 2615 2208 τις
2636 2144 2778 2196 κατὰ
2791 2143 2899 2196 τῶν
2913 2143 3212 2214 γράμματα
3225 2144 3576 2197 διδασκόντων
3595 2143 3860 2216 εἰρῆσθαι·

2303 2257 2320 2288 ι
2362 2239 2481 2290 ἐπεὶ
2506 2238 2600 2291 καὶ¹
2633 2237 2817 2310 ἕτερός
2855 2254 2936 2300 τις
2969 2237 3074 2290 τῶν
3124 2242 3256 2309 παρ’
3297 2241 3476 2301 αὐτοῖς
3524 2238 3765 2291 ἐδίδασκε
3793 2239 3866 2294 τὰ

2302 2349 2319 2379 ι
2351 2333 2672 2401 γράμματα.
2725 2330 2865 2400 Ἐγὼ
2892 2333 2934 2385 δ’
2973 2331 3219 2402 ἐφοίτων,
3243 2331 3367 2403 ἔφη,
3403 2331 3464 2384 τὸ
3499 2330 3544 2384 δ’
3561 2333 3659 2402 οὐχ
3691 2331 3866 2394 οὕτως

2301 2439 2318 2468 ι
2361 2419 2522 2490 ἔχειν,
2557 2421 2606 2473 οἱ
2647 2419 2714 2472 τὰ
2744 2421 3110 2492 ὑπομνήματα
3139 2421 3445 2492 γράψαντες
3477 2420 3704 2490 ἔφασαν.
3727 2421 3862 2474 Ἀλλ’

2298 2528 2320 2563 s
2353 2513 2539 2584 ἐπειδὴ
2583 2511 2891 2586 Ἀθηναίους
2923 2512 3237 2566 Σικελιῶται
3271 2529 3432 2582 φασιν
3472 2513 3691 2585 πολέμῳ
3715 2516 3867 2586 νική-

2298 2623 2317 2655 ‹
2359 2621 2574 2668 σαντες,
2627 2605 2816 2675 μόνους
2858 2603 3058 2668 ἔσωζον
3095 2606 3222 2668 τοὺς
3265 2603 3509 2656 παιδείαν
3557 2605 3867 2676 σκηπτομέ-

2301 2713 2318 2746 t
2353 2712 2496 2760 νους,
2543 2695 2890 2760 διδασκάλους
2943 2697 3136 2760 αὐτοὺς
3183 2699 3296 2760 τοῖς
3350 2699 3538 2750 παισὶν
3597 2697 3822 2765 ἄγοντες
3845 2738 3860 2764 ,

2299 2807 2318 2838 s
2354 2787 2478 2850 τοὺς
2500 2787 2556 2841 δὲ
2587 2787 2778 2852 ἄλλους
2809 2789 3013 2851 πάντας
3034 2789 3284 2860 ἐφόνευον
3308 2805 3322 2820 ο
3355 2787 3412 2855 ἐξ
3438 2789 3614 2842 αὐτῶν
3634 2789 3690 2842 δέ
3711 2807 3865 2853 τινας

2299 2895 2319 2928 ‹
2361 2878 2650 2946 φυγόντας,
2687 2879 2777 2932 καὶ
2811 2879 3217 2946 ἐπανελθόντας,
3251 2880 3634 2952 ἐρωτωμένους
3673 2899 3730 2933 τε
3769 2881 3862 2934 ὑπ’

2298 2987 2316 3020 t
2370 2969 2667 3040 Ἀθηναίων
2701 2971 2826 3042 περί
2853 2989 3010 3025 τινων
3037 2973 3398 3045 διαφερόντων
3431 2977 3630 3041 αὐτοῖς,
3657 2977 3864 3048 ἔφασαν

2299 3081 2317 3112 t
2366 3061 2665 3133 εἰρηκέναι,
2697 3063 2862 3116 Ἀλλ’
2900 3063 2938 3132 ἢ
2971 3063 3272 3133 τέθνηκεν,
3303 3067 3340 3135 ἣ
3363 3066 3632 3122 διδάσκει
3681 3070 3862 3140 πράμ-

2299 3192 2316 3224 ι
2350 3173 2668 3243 ματα.Τίδὲ
2685 3174 2852 3227 καὶτὸ
2869 3173 2997 3246 (86),
3013 3176 3123 3242 Αἲξ
3137 3177 3576 3250 τὴν-μάχαιραν,
3596 3183 3865 3253 νομίσειεν

2299 3284 2317 3316 s
2363 3264 2425 3318 ἄν
2467 3282 2549 3328 τις
2595 3265 2679 3317 ἵνα
2720 3263 2797 3317 θῶ
2829 3265 3091 3337 πρότερον
3123 3267 3188 3319 τὰ
3215 3268 3350 3340 ,περὶ
3391 3269 3560 3340 αὐτῆς
3595 3269 3864 3341 λεγόμενα

2299 3374 2316 3405 ι
2363 3355 2578 3420 πάντως
2613 3372 2736 3420 που,
2771 3355 2858 3408 διὰ
2907 3355 3008 3426 (τὸ)
3057 3357 3155 3428 τὴν
3195 3357 3460 3429 θυομένην
3491 3357 3619 3428 αἶγα
3653 3363 3734 3424 είς
3766 3361 3864 3431 τὴν

2296 3465 2315 3498 t
2359 3449 2628 3518 μάχαιραν
2660 3449 2888 3521 ἁφορᾷν,
2932 3450 3180 3522 εἰρῆσθαι
3231 3450 3330 3521 τὴν
3375 3452 3689 3522 παροιμίαν.
3723 3453 3862 3507 Ἀλλ’

2296 3561 2314 3590 ι
2357 3541 2417 3594 οὐ
2449 3533 2767 3604 τινὲς’τοῦτ’
2802 3542 3005 3612 ἔφασαν
3034 3544 3082 3594 ol
3117 3542 3366 3597 παλαιοί·
3387 3544 3508 3597 οὐδὲ
3533 3543 3638 3617 γὰρ
3669 3563 3860 3616 παροι-

2295 3651 2313 3684 t
2354 3631 2451 3702 μία
2479 3626 2546 3703 ἦν
2575 3633 2641 3686 ἂν
2667 3635 2700 3704 ἡ
2731 3633 2996 3704 λεχθεῖσα,
3022 3633 3136 3702 εἴγε
3157 3634 3302 3686 τοῦθ’
3326 3635 3496 3698 οὕτως
3520 3632 3653 3706 εἶχε,
3683 3637 3861 3706 (τοῦτο

2295 3744 2312 3774 ι
2347 3723 2456 3794 γὰρ
2507 3724 2796 3778 ἀκόλουθον
2843 3721 2909 3797 ἦν
2959 3727 3022 3780 ἐκ
3064 3727 3171 3779 τῶν
3227 3727 3564 3798 φαινομένων
3616 3729 3858 3801 ὲννοεῖν,)

2295 3835 2312 3866 ι
2353 3815 2468 3868 ἀλλ’
2498 3817 2589 3869 ἐπὶ
2627 3815 2733 3869 τῶν
2765 3818 2974 3883 ἑαυτοῖς
3007 3819 3151 3872 κακὰ
3183 3819 3582 3891 προξενούντων
3612 3821 3859 3893 εἰρῆσθαι

2293 3939 2312 3972 ι
2355 3921 2510 3974 τοῦτό
2559 3939 2711 3992 φασι.
2757 3923 2892 3976 Φασὶ
2949 3923 3057 3997 γὰρ
3098 3925 3340 3996 Μηδείαν
3391 3929 3446 3980 ὲν
3499 3927 3746 4000 Κορίνθῳ
3788 3927 3858 3983 τὰ

2293 4047 2310 4078 ι
2348 4025 2516 4080 τέκνα
2562 4027 2956 4082 ἀποκτείνασαν
2978 4068 2994 4094 ,
3052 4029 3398 4101 κατακρύψαι
3435 4029 3534 4102 τὴν
3583 4031 3858 4106 μάχαιραν

2295 4149 2314 4182 s
2353 4131 2559 4185 αὐτόθι.
2607 4133 2744 4197 Τοὺς
2773 4133 2830 4186 δὲ
2867 4133 3206 4205 Κορινθίους,
3242 4135 3382 4190 κατὰ
3407 4137 3649 4208 χρησμὸν
3680 4137 3859 4202 αὐτοῖς

2293 4255 2312 4290 ι
2351 4237 2594 4304 δοθέντα,
2627 4235 2760 4308 αῐγα
2799 4241 3054 4311 μέλαιναν
3089 4241 3454 4310 ἐναγίζοντας,
3497 4243 3721 4316 ἀπορεῖν
3751 4261 3858 4316 μα-

2297 4364 2315 4398 ι
2353 4346 2565 4418 χαίρας.
2611 4347 2722 4418 Τὴν
2762 4347 2820 4401 δὲ
2863 4342 3015 4417 αἶγα,
3065 4347 3397 4403 σκάλλουσαν
3442 4348 3521 4420 τῷ
3573 4349 3693 4404 ποδὶ
3721 4349 3857 4420 (87),

2282 4679 2390 4720 non
2424 4663 2523 4718 sibi
2545 4661 2776 4718 debitos.
2797 4661 2928 4716 Nam
2954 4661 3038 4717 vel
3063 4661 3244 4732 pueris
3261 4661 3615 4717 informandis
3635 4677 3854 4732 vacare,

2284 4735 2366 4789 νει
2405 4735 2762 4801 inediaperire
2789 4743 3020 4803 Oportet.
3061 4731 3110 4785 Μ
3135 4764 3204 4773 -
3227 4732 3344 4785 Mox
3365 4732 3520 4803 vulgo
3546 4733 3857 4789 sescena.)

2285 4816 2340 4859 ct
2365 4805 2482 4858 Σικ.
2509 4805 2688 4874 νικήσ.
2711 4802 2913 4874 πολέσι
2939 4803 3240 4874 φεύγοντας
3264 4814 3317 4856 et
3342 4817 3450 4874 om.
3472 4802 3783 4874 εἰρηκέναι.

2355 4874 2467 4944 (86)
2501 4873 2746 4942 Ali-[chr
2774 4873 3096 4942 μάχαιραν.
3143 4873 3315 4927 Locus
3343 4873 3479 4944 haud
3521 4888 3722 4934 sanus;
3755 4889 3855 4944 ego

2289 4942 2396 4998 non
2437 4946 2683 5006 restituo,
2718 4947 2854 4998 verti
2903 4957 2959 4997 ut
2999 4947 3168 5012 potui,
3218 4945 3310 4997 sed
3345 4942 3588 4996 mihimet
3631 4959 3734 4996 non
3768 4942 3856 4998 sa-

2286 5013 2480 5068 tisl‘eci.
2523 5013 2750 5076 Nedum,
2789 5015 2923 5079 scio,
2975 5016 3114 5068 aliis.
3165 5015 3338 5082 ipsum
3389 5013 3758 5080 proverbium,
3799 5025 3854 5067 et

2283 5084 2520 5152 aliunde,
2550 5092 2603 5138 et
2643 5085 2732 5138 hic
2765 5087 2927 5136 etiam
2979 5085 3116 5139 satis
3161 5083 3482 5155 liquetpsed
3525 5083 3613 5155 illa
3645 5083 3854 5155 προὸδι-

2283 5169 2396 5226 καὶ
2410 5170 2509 5226 non
2539 5169 2859 5226 magnopere
2886 5155 2950 5206 ad
2979 5170 3088 5226 rem
3116 5151 3338 5208 faciunt.
3436 5181 3502 5190 --
3537 5153 3665 5226 Dein
3691 5151 3854 5226 vulgo

2279 5223 2532 5295 εἰρῆσθαι
2561 5223 2666 5294 μὴν
2690 5221 2868 5295 ἂίΘεῷ
2908 5233 2962 5278 et
2991 5224 3228 5284 πάντων.
3257 5235 3310 5276 et
3345 5225 3493 5295 deest
3520 5223 3600 5276 τό.

2354 5291 2464 5362 (87)
2493 5291 2752 5360 Μὴδὲίας
2781 5291 3076 5363 ἀπλευρεῑινκ
3106 5295 3241 5364 Quid
3276 5295 3335 5364 ipsi
3365 5293 3606 5364 legamus
3635 5291 3852 5364 ἀνορύτ-

2279 5363 2432 5418 τεινῖ
2453 5369 2592 5435 apud
2612 5365 2830 5435 Suidain
2863 5365 3076 5435 legitur,
3099 5363 3191 5429 αἲξ
3211 5363 3374 5417 δοῦσα
3396 5365 3492 5435 τὴν
3529 5363 3808 5435 μάχαιραν
3832 5379 3846 5392 ·

2275 5438 2434 5498 male,
2476 5433 2595 5488 dele
2645 5432 2808 5487 δοῦσα
2865 5432 2940 5498 ὡς
2978 5434 3169 5505 rimi-ro;
3225 5432 3546 5505 redundant
3577 5432 3718 5496 ista,
3751 5449 3850 5488 nec

2275 5517 2400 5558 sunt
2429 5505 2516 5559 hic
2555 5507 2884 5558 necessaria.
2926 5504 3054 5572 Quae
3103 5513 3428 5574 sequuntur.
3457 5504 3649 5557 νίιίοείι
3679 5514 3843 5568 sum;

2275 5574 2416 5629 forte
2472 5575 3130 5654 legetiduiii,_s_ipqpévriq,
3162 5575 3258 5630 καὶ
3283 5575 3406 5654 τίνα
3434 5591 3493 5626 π.
3527 5591 3581 5628 α.
3607 5590 3683 5652 γὶ,
3715 5585 3846 5639 etc.,

2279 5645 2670 5718 μνημονεῦσαι.
2689 5645 2778 5698 ἵνα.
2791 5645 3086 5718 Ἀστέριον,
3103 5655 3158 5700 et
3171 5645 3354 5700 statim
3371 5645 3774 5718 προσποιουντα
3793 5654 3850 5718 et

2279 5713 2734 5783 κατασκευάζειν,
2765 5718 2841 5771 ait
2871 5713 3166 5782 Asterium,
3233 5713 3584 5772 arcularibus
3645 5713 3847 5770 litteris
