4190 6406
391 365 498 422 ἰιίὸ

1529 360 1814 419 CONTRA
1851 360 2282 418 MARCELLUM
2325 363 2456 420 LIB.
2499 363 2539 418 Ι.

3550 377 3658 433 748

400 509 417 540 1
458 506 556 548 την
611 486 852 560 Μηδείας
895 487 1145 560 ἀνευρεῖν
1186 487 1496 560 μάχαιραν,
1553 486 1646 541 καί⁵
1695 487 1832 559 αὐτῇ
1883 505 1975 541 τυ-

2089 504 2108 537 1
2152 497 2356 541 terram
2383 501 2583 542 eruens
2605 526 2620 552 ,
2655 486 2806 544 illum
2837 488 3154 546 Medeanum
3182 492 3492 566 detegebat,
3551 514 3662 570 quo

398 588 423 632 ς
465 580 645 634 (τιναι.

476 590 489 632 .‘
531 595 564 631 ν
631 620 645 633 .

476 590 626 724 ιηἸέιι
641 671 697 724 δὲ
728 670 809 733 τὸ,
839 671 1011 736 Ἀλις
1056 668 1256 740 δρυὸς,
1291 668 1578 740 σημαίνεις
1607 669 1740 739 φησί
1777 684 1881 732 τις’
1917 669 1978 722 οὐ

405 779 425 814 1
464 761 575 834 γὰρ
606 762 832 816 δυνατὸν
864 764 929 816 ὲκ
949 761 1044 816 τοῦ
1068 761 1357 833 προχείρου
1378 759 1702 831 γιγνώσκειν
1717 761 1818 833 τὴν
1839 777 1979 829 παρ-

407 871 426 905 1
464 854 668 925 οιμίαν.
699 856 762 908 Oi
797 854 1038 920 παλαιοὶ,
1069 854 1144 918 ὡς
1171 854 1401 924 ἔφασαν,
1439 852 1546 927 πρὸ
1576 853 1675 924 τῆς
1709 853 1804 906 τοῦ
1832 852 1978 906 σίτου

407 964 426 997 1
467 947 764 1018 γεωργίας,
815 945 1346 1018 βαλανηφαγοῦντες,
1381 945 1591 1017 ἐπειδὴ.
1618 945 1697 1010 ὡς
1727 945 1916 1016 ᾤοντο,
1950 947 1980 997 ὁ

404 1057 426 1090 1
469 1040 680 1110 καρπὸς
705 1033 861 1106 οὗτος
890 1040 1116 1113 ὕστερον
1147 1039 1368 1112 εὑρέθη,
1403 1039 1596 1110 ἐκείνῳ
1623 1037 1979 1111 προσέχοντες

407 1148 427 1182 1
465 1130 558 1184 τὸν
603 1131 726 1185 νοῦν
765 1133 859 1186 καί⁵
897 1135 965 1205 τῇ
1014 1132 1285 1204 μεταϐολῇ
1328 1129 1780 1204 προσχαίροντες,
1817 1130 1981 1194 Ἅλις

407 1239 429 1271 ‹
468 1221 670 1289 δρυὸς,
707 1222 914 1294 ἔλεγον.
960 1225 1069 1278 Καὶ
1101 1223 1259 1279 τοῦτο
1299 1223 1398 1295 τὴν
1445 1221 1742 1294 παροιμίαν
1775 1221 1979 1290 ἔφασαν

395 1329 426 1364 1
463 1308 621 1368 εἶναι.
661 1310 826 1379 Αὖθίς
869 1332 929 1368 τε
974 1315 1167 1388 ἐτέρας
1206 1314 1538 1385 παροιμίας,
1581 1313 1687 1367 ὑπὸ
1715 1312 1981 1366 πλείστων

398 1423 426 1457 1
465 1405 574 1460 τῶν
603 1407 732 1481 παρ’
762 1409 946 1473 αὐτοῖς
975 1407 1154 1478 σοφῶν
1185 1410 1245 1462 ὲν
1273 1407 1548 1472 πλείστοις
1579 1407 1675 1460 καὶ
1703 1407 1981 1479 διαφόροις

396 1513 426 1548 1
463 1495 689 1566 βιϐλίοις
729 1499 1045 1572 εἰρημένης,
1081 1500 1204 1554 τίνα
1254 1499 1382 1572 περὶ
1421 1498 1590 1570 αὐτῆς
1620 1497 1977 1570 γεγράφασιν,

399 1605 425 1640 1
461 1589 512 1641 οί
552 1589 653 1654 τὰς
687 1591 987 1663 παροιμίας
1032 1589 1364 1664 ἑρμηνεῦσαι
1407 1590 1778 1664 προελόμενοι,
1815 1590 1981 1658 ἀναγ-

401 1699 423 1731 1
465 1684 619 1736 καῖον
661 1682 775 1756 (88)
821 1685 880 1738 ὲν
921 1683 1002 1756 τῷ
1043 1685 1267 1756 παρόντι
1301 1683 1688 1756 μνημονεῦσαι.
1731 1683 1868 1737 Ἀλλ’
1914 1684 1979 1736 ἵν’

402 1791 423 1825 1
459 1773 768 1847 ὲλέγξωμεν
807 1777 1102 1849 Ἀστέριον,
1151 1778 1246 1830 καὶ
1274 1777 1384 1830 ἀπὸ
1427 1777 1536 1832 τῶν
1580 1775 1779 1842 ἔξωθεν
1819 1777 1980 1831 αὐτὸν

402 1885 421 1918 1
468 1866 806 1939 μαθημάτων
839 1870 1016 1924 εἰδότα
1055 1871 1152 1940 μὲν
1193 1870 1436 1943 ἀκριϐῶς
1463 1872 1524 1924 τὸ
1555 1872 1656 1942 τῆς
1683 1872 1981 1944 παροιμίας

402 1977 421 2010 1
460 1960 753 2034 ἐξαίρετον,
776 1963 834 2018 ἐν
855 1962 912 2017 δὲ
931 1963 1009 2035 τῷ
1031 1964 1257 2034 παρόντι
1283 1964 1507 2032 ἄγνοιαν
1523 1964 1980 2036 προσποιηθέντα,

396 2069 422 2104 1
463 2051 552 2106 ἵνα
587 2053 649 2106 τὸ
695 2053 888 2108 ἑαυτοῦ
927 2053 1173 2126 βούλημα
1206 2053 1296 2108 διὰ
1321 2055 1420 2125 τῆς
1452 2052 1546 2108 τοῦ
1579 2053 1981 2126 παροιμιώδους

403 2163 421 2196 1
463 2145 626 2217 ῥητοῦ
666 2149 913 2218 χρήσεως
941 2147 1179 2210 πιθανῶς
1202 2145 1632 2210 κατασκευάζειν
1654 2146 1801 2220 δόξῃ.
1825 2147 1980 2199 Ἐστι

402 2247 421 2281 1
461 2230 539 2298 δὲ,
574 2233 860 2287 Γλαύκου
891 2233 1096 2304 τέχνη’
1119 2233 1322 2306 ταύτης
1358 2235 1407 2287 οί
1439 2233 1637 2299 ἔξωθεν
1683 2236 1837 2306 σοφοὶ
1881 2235 1980 2306 τῆς

395 2343 422 2376 1
462 2326 758 2397 παροιμίας
789 2327 1264 2398 μνημονεύσαντες
1288 2329 1560 2400 διαφόρως
1591 2327 1758 2399 αὐτὴν
1785 2326 1981 2400 ἐξηγή-

402 2437 421 2468 ‹
461 2435 638 2473 σαντο.
689 2419 746 2473 ’0
783 2419 884 2490 μὲν
927 2419 1035 2492 γὰρ
1071 2419 1250 2473 αὐτῶν
1289 2437 1373 2483 τις
1408 2419 1510 2490 ἔφη
1533 2461 1547 2483 ,
1591 2418 1830 2473 Γλαῦκόν
1859 2437 1979 2473 τινα

403 2530 421 2560 1
463 2512 801 2581 ἐπιστήμονα
834 2512 1029 2582 τέχνης
1058 2511 1201 2573 τινὸς
1243 2510 1524 2580 γεγονότα,
1568 2510 1776 2564 πολλῶν
1811 2507 1978 2565 οὖσαν

401 2623 421 2653 1
461 2603 938 2675 θαυμασιωτάτην,
973 2602 1266 2658 ἀπολέσθαι
1303 2605 1419 2675 ἅμα
1439 2603 1578 2673 (88⁴)
1608 2604 1801 2674 ἐκείνῳ
1841 2605 1978 2657 κατὰ

403 2715 421 2745 1
464 2696 753 2761 θάλατταν,
787 2697 1010 2768 μηδενός
1040 2715 1126 2750 πω
1149 2697 1500 2770 διακηκοότος
1534 2697 1722 2767 αὐτῆς.
1755 2698 1978 2768 Ἕτερος

401 2807 422 2839 1
461 2789 538 2850 δὲ,
569 2789 668 2860 τὴν
692 2791 777 2842 ἐπ’
805 2791 972 2862 ἄκρον
1008 2789 1276 2861 μουσικῆς
1307 2790 1596 2861 ἐμπειρίαν
1621 2791 1977 2861 μαρτυρήσας

394 2897 421 2928 1
459 2877 536 2948 τῷ
586 2879 840 2951 Γλαύκῳ,
894 2881 1021 2943 τοὺς
1076 2878 1620 2942 κατασκευασθέντας
1668 2880 1760 2932 ὑπ’
1811 2878 1974 2932 αὑτοῦ

401 2987 422 3019 1
465 2969 680 3033 δίσκους
724 2969 954 3040 χαλκοῦς
999 2986 1129 3040 φησι
1176 2969 1468 3040 τέσσαρας,
1499 2968 1632 3041 πρὸς
1654 2968 1716 3020 τὸ
1762 2967 1974 3038 ἐμμελῆ

402 3078 421 3110 1
463 3078 584 3114 τινα
615 3061 713 3131 τῆς
761 3061 1035 3132 κρούσεως
1077 3060 1176 3133 τὴν
1215 3061 1533 3131 συμφωνίαν
1575 3060 1683 3113 τῶν
1724 3059 1976 3129 φθόγγων

401 3171 421 3203 1
463 3153 772 3207 ἁποτελεῖνο
812 3153 961 3206 ἐνθεν
993 3171 1052 3206 τε
1086 3153 1335 3225 εἰρῆσθαι
1364 3153 1463 3226 τὴν
1496 3152 1816 3225 παροιμίαν.
1846 3151 1975 3204 Ἀλ-
2004 3191 2043 3244 C

402 3263 420 3295 1
461 3245 549 3308 λος
597 3245 653 3298 δέ
697 3263 780 3310 τις
833 3247 1195 3300 Ἀλυαττικῶν
1243 3245 1602 3316 ἁναθεμόιτων
1642 3246 1804 3316 φησὶν
1845 3247 1973 3299 ἀνα-

397 3357 419 3388 ‹
460 3337 671 3390 κεῖσθαι
719 3337 984 3409 κρατῆρα⁸
1021 3340 1114 3392 καὶ
1173 3339 1577 3410 ύποκρατήριον
1633 3336 1970 3407 θαυμάσιον,

400 3450 418 3481 1
464 3429 704 3483 Γλαύκου
741 3428 871 3482 Χίου
903 3428 1132 3500 ποίημα.
1179 3431 1405 3500 Ἕτερος
1431 3428 1508 3492 δὲ,
1544 3427 1782 3480 Γλαῦκον
1811 3427 1973 3481 αὑτὸν

391 3540 420 3574 1
459 3523 732 3576 ἀναθεῖναι
759 3525 838 3586 είς
880 3522 1114 3592 Δελφοὺς
1139 3523 1370 3593 τρίποδα
1409 3521 1664 3592 χαλκοῦν,
1699 3519 1842 3574 οῦτω
1873 3521 1971 3591 δη-

399 3637 418 3668 1
459 3619 863 3690 μιουργήσαντα
906 3619 1020 3678 τοῖς
1061 3615 1280 3686 παχέως
1325 3632 1383 3667 τε
1450 3614 1812 3685 κρουομένου,
1847 3614 1974 3676 τούς

400 3729 419 3760 1
457 3727 514 3762 τε
545 3710 729 3774 πόδας,
777 3708 860 3778 ἐφ’
911 3701 987 3760 ὧν
1021 3707 1242 3778 βέϐηκε,
1303 3707 1398 3760 καὶ
1441 3709 1533 3761 τὸν
1577 3707 1690 3760 ἇνω
1730 3706 1974 3777 περικεί-

398 3821 420 3851 ‹
461 3819 636 3871 μενον,
670 3802 764 3854 καὶ
795 3803 894 3873 τὴν
923 3801 1192 3871 στεφάνην
1230 3800 1327 3871 τὴν
1356 3801 1449 3854 ἐπὶ
1484 3800 1578 3854 τοῦ
1605 3799 1848 3872 λέϐητος,
1877 3802 1973 3854 καὶ

400 3913 420 3943 1
457 3894 554 3956 τὰς
607 3893 830 3965 ῥάϐδους
869 3893 958 3947 διὰ
1006 3893 1169 3964 μέσου
1214 3892 1583 3962 τεταγμένας,
1639 3890 1970 3960 φθέγγεσθαι

402 4003 420 4035 1
458 3985 622 4056 λύρας
656 3987 824 4056 φωνῇ.
861 3985 969 4037 Καὶ
997 3979 1151 4047 αὖθις
1181 3984 1388 4056 ἔτερος,
1419 3983 1526 4036 ἀπὸ
1557 3981 1796 4035 Γλαύκου
1828 3983 1969 4046 τινὸς

396 4097 419 4129 1
461 4077 708 4145 δόξαντός
748 4097 800 4132 τι
836 4077 994 4131 πλέον
1026 4077 1380 4149 πεποιηκέναι
1405 4075 1656 4148 εἰρῆσθαι
1698 4075 1796 4147 τὴν
1831 4093 1970 4146 παρ-

395 4190 419 4220 1
457 4172 661 4242 οιμίαν.

469 4490 488 4521 1
533 4472 692 4541 Ὁρᾷς
715 4470 847 4540 (89),
878 4471 1025 4533 ὅπως
1053 4469 1114 4523 τὺ
1140 4470 1396 4541 δυσχερὲς
1423 4469 1524 4540 τῆς
1549 4473 1845 4542 παροιμίας
1875 4473 1969 4525 καὶ

2085 598 2105 630 1
2144 578 2550 634 immolabatur.

2155 689 2176 722 1
2211 669 2280 723 At
2317 669 2445 738 quid
2471 669 2573 725 hoc
2603 669 2706 725 sibi
2736 671 2872 736 vult,
2896 672 3105 743 inquiet
3126 675 3346 746 aliquis,
3372 677 3445 733 De
3464 695 3660 750 quercu

2087 782 2106 812 1
2145 762 2272 816 satis
2289 762 2313 816 .9
2333 760 2448 816 Non
2477 773 2562 817 est
2593 761 2752 818 facile
2773 765 2945 820 cuivis
2966 767 3160 823 obvius
3188 768 3413 838 hujusce
3442 787 3659 842 prover-

2087 874 2104 903 1
2149 853 2239 915 bii.
2270 868 2482 910 sensus.
2519 853 2692 909 Prisci
2734 855 2809 910 illi
2856 859 3151 926 quondam,
3201 871 3328 918 ante
3359 864 3659 934 agricultu-

2091 963 2107 992 1
2157 959 2270 996 ram
2324 943 2697 1011 adinventam,
2729 945 3017 1018 glandibus
3064 953 3443 1012 vescebantur.
3496 955 3658 1014 Post-

2086 1056 2104 1086 1
2147 1052 2309 1106 quam
2361 1052 2492 1092 vero
2540 1036 2723 1109 fruges
2797 1041 3046 1111 deinceps
3113 1046 3384 1114 prodiere,
3419 1049 3658 1106 animum

2089 1148 2106 1178 1
2155 1127 2304 1182 hisce
2363 1128 2698 1198 applicantes
2751 1131 3004 1187 dixerunt
3054 1135 3339 1204 Oblectati,
3378 1139 3453 1195 De
3501 1158 3660 1212 quer-

2089 1244 2104 1271 1
2146 1222 2391 1274 cusatis.
2445 1223 2623 1292 Atque
2685 1223 2824 1277 hanc
2877 1240 2997 1280 esse
3047 1237 3286 1284 mentem
3331 1243 3390 1288 et
3439 1247 3657 1291 senten-

2089 1330 2105 1360 1
2149 1311 2278 1364 tiam
2348 1314 2617 1382 proverbii
2687 1315 2992 1384 prodidere.
3068 1317 3300 1378 Necesse
3365 1338 3544 1383 autem
3604 1332 3659 1387 in

2090 1421 2108 1452 1
2147 1406 2394 1473 praesenti
2451 1405 2752 1472 habemus,
2821 1408 3049 1464 alterius
3107 1411 3382 1479 cujusdam
3437 1435 3663 1488 prover-

2088 1515 2106 1547 1
2148 1499 2216 1552 bii
2273 1499 2599 1553 mentionem
2644 1499 2825 1554 facere
2855 1542 2873 1566 ,
2919 1505 3063 1571 quod
3120 1504 3174 1560 in
3238 1508 3424 1565 multis
3481 1523 3538 1566 et
3585 1514 3663 1569 di-

2091 1608 2109 1639 1
2150 1591 2322 1646 versis
2349 1593 2669 1648 auctoribus
2712 1593 2921 1649 Graecis
2976 1597 3312 1657 babetur:et
3339 1604 3468 1672 quid
3496 1608 3661 1664 etiam

2090 1701 2108 1731 1
2149 1683 2214 1736 de
2275 1683 2465 1738 eodem
2543 1685 2615 1740 illi
2687 1690 2966 1742 memoriae
3027 1693 3335 1760 prodidere.
3403 1696 3520 1753 Non
3590 1703 3664 1760 ob

2089 1791 2106 1823 1
2147 1773 2307 1828 aliam
2335 1791 2574 1836 causam,
2613 1794 2773 1846 quam
2823 1790 2881 1832 ut
2929 1781 3205 1838 Asterium
3237 1790 3548 1846 convictum
3579 1803 3663 1850 te-

2087 1884 2108 1918 1
2150 1882 2373 1922 neamus
2402 1885 2416 1922 :
2445 1869 2558 1938 qui,
2590 1885 2736 1937 cum,
2785 1887 2893 1941 qua
2924 1882 3006 1927 est
3050 1876 3359 1934 eruditione
3401 1883 3663 1950 preditus

2091 1978 2110 2010 1
2145 1961 2414 2027 saeculari,
2442 1963 2798 2030 proverbialis
2818 1968 3103 2023 sententiae
3129 1974 3497 2038 praestantiam
3533 1991 3659 2036 cum

2089 2069 2107 2101 1
2145 2052 2338 2120 primis
2366 2053 2654 2124 intelligat,
2687 2055 2737 2109 in
2776 2060 3028 2127 praesenti
3064 2071 3246 2117 tamen
3281 2064 3426 2122 illius
3460 2083 3570 2138 pra:
3600 2086 3660 2127 se

2090 2160 2107 2190 1
2150 2141 2254 2195 fert
2286 2143 2682 2213 ignorantiam,
2733 2155 2788 2199 ut
2819 2161 2917 2217 per
2947 2149 3073 2204 dicti
3113 2151 3255 2208 illius
3301 2161 3661 2224 proverbialis

2090 2250 2107 2284 1
2146 2248 2301 2286 usuin
2329 2249 2483 2289 suam
2519 2234 2691 2304 ipsius
2714 2237 3050 2294 voluntatem
3089 2253 3145 2298 et
3167 2248 3494 2302 sententiam
3533 2267 3657 2320 prn-

2087 2345 2106 2376 1
2148 2325 2399 2381 babiliter
2425 2337 2673 2384 astruere
2695 2330 2965 2386 videatur.
2993 2331 3091 2389 Est
3115 2347 3295 2392 autem
3321 2339 3470 2407 illud,
3489 2341 3658 2399 Glau-

2087 2436 2106 2466 1
2143 2418 2191 2470 ci
2214 2435 2304 2472 ars
2327 2459 2344 2482 ,
2376 2418 2528 2488 cujus
2556 2435 2680 2475 cum
2710 2424 3056 2480 meminerint
3090 2429 3288 2484 eruditi
3337 2433 3478 2501 apud
3507 2435 3658 2491 Grc-

2087 2527 2106 2559 1
2141 2523 2236 2564 cos
2280 2510 2433 2564 tnnlti
2459 2550 2476 2575 ,
2518 2513 2764 2568 diversas
2797 2514 3101 2572 retulerunt
3152 2519 3651 2592 interpretationes.

2089 2620 2106 2650 1
2148 2607 2207 2665 »Β
2237 2601 2336 2656 Est
2373 2605 2518 2658 enim
2543 2605 2636 2672 qui
2684 2605 2862 2672 docet,
2890 2607 3156 2666 Glaucum
3192 2614 3470 2672 exstitisse
3513 2622 3652 2675 artis

2083 2710 2106 2742 1
2143 2691 2421 2761 cujusdam
2454 2695 2692 2750 maxime
2724 2699 2967 2752 omnium
3012 2701 3347 2761 admirandze
3384 2710 3653 2777 peritissi-

2087 2802 2104 2833 1
2145 2800 2311 2852 mum,
2339 2801 2442 2839 una
2467 2802 2586 2841 cum
2615 2795 2734 2843 arte
2771 2805 2866 2844 sua
2899 2791 3208 2857 interiisse,
3239 2799 3375 2853 mari
3405 2800 3656 2858 submer-

2085 2896 2104 2927 1
2141 2892 2257 2931 sum
2284 2917 2300 2941 ,
2328 2877 2460 2931 nulli
2488 2893 2713 2948 prorsus
2744 2881 3018 2951 impertita
3045 2884 3289 2953 ejusdem
3323 2893 3651 2962 cognitione.

2085 2989 2104 3020 1
2139 2969 2290 3026 Alius
2311 2971 2702 3040 peritissimum
2733 2973 2967 3029 musices
3000 2977 3275 3033 exstitisse
3305 2980 3490 3048 docet,
3513 2990 3655 3041 etab

2086 3082 2102 3113 1
2143 3077 2208 3117 eo
2247 3063 2428 3118 discos
2481 3079 2651 3120 aereos
2680 3075 2915 3134 quatuor
2941 3065 3148 3124 ali‘abre
3181 3075 3538 3144 compositos,
3599 3090 3658 3133 nt

2086 3174 2102 3206 1
2144 3155 2337 3225 pulsati
2392 3157 2683 3226 quamdam
2736 3159 3114 3229 symphoniam
3171 3178 3306 3220 sono
3369 3183 3658 3226 numeroso

2084 3268 2102 3298 1
2140 3249 2405 3308 ederent;
2467 3257 2633 3318 atque
2702 3250 2828 3306 hinc
2902 3255 3246 3321 proverbium
3311 3272 3651 3330 usurpatum.

2075 3345 2102 3390 ‘1
2142 3337 2402 3403 Tertius,
2462 3342 2602 3394 inter
2675 3341 2818 3397 dona
2880 3342 3154 3415 Halyattis
3229 3347 3362 3419 Lydi
3432 3352 3656 3424 Delphis

2083 3451 2099 3480 1
2141 3431 2384 3486 oblatum
2411 3473 2425 3494 ,
2473 3439 2528 3486 et
2565 3432 2804 3488 mirandi
2847 3438 3029 3504 operis
3085 3440 3406 3498 subcratera
3463 3460 3651 3514 quem-

2083 3543 2101 3574 1
2141 3527 2284 3588 dam,
2353 3523 2541 3578 Glauci
2611 3524 2729 3579 Chii
2816 3543 2974 3596 opus.
3037 3530 3320 3598 Quartus,
3383 3533 3647 3594 Glaucum

2084 3633 2101 3664 1
2140 3616 2314 3684 ipsmn
2357 3616 2574 3686 Delphis
2607 3618 2872 3675 obtulisse
2899 3633 3090 3676 narrat
3115 3639 3321 3680 δεηθείη)
3355 3628 3646 3698 tripodem,

2080 3726 2100 3758 1
2141 3708 2214 3760 ita
2239 3707 2592 3764 fabrefactam
2617 3749 2633 3774 ,
2673 3721 2731 3765 ut
2773 3712 2947 3782 siquis
2986 3718 3312 3774 crassiorem
3344 3721 3396 3775 in
3430 3725 3647 3779 modum

2081 3819 2098 3849 1
2133 3801 2378 3854 eamdem
2425 3801 2690 3869 pulsaret,
2733 3804 2816 3858 vel
2870 3807 3035 3874 pedes
3069 3809 3121 3864 in
3177 3811 3375 3880 quibus
3427 3819 3648 3887 stabat,

2078 3912 2098 3942 1
2133 3893 2214 3947 vel
2239 3895 2381 3962 quod
2424 3910 2637 3950 sursum
2689 3909 2810 3952 erat
2849 3901 3252 3968 redimiculum,
3283 3907 3365 3961 vel
3393 3925 3649 3968 coronam

2076 4004 2098 4034 1
2132 3986 2289 4039 lebeti
2326 3987 2753 4044 circmnductam
2783 4030 2798 4054 ,
2851 4003 2946 4048 aut
2995 3993 3238 4066 virgulas
3289 4015 3387 4070 per
3413 4005 3649 4061 medium

2078 4095 2098 4128 1
2133 4093 2254 4133 sese
2301 4079 2695 4148 distendentes,
2752 4083 2881 4154 lyra:
2957 4101 3148 4143 sonum
3207 4105 3649 4162 repraesentaret.

2077 4186 2096 4219 1
2135 4169 2287 4224 Alius
2317 4181 2594 4240 postremo
2628 4176 2975 4242 proverbium
3004 4180 3284 4236 existimat
3322 4189 3596 4255 usurpari,
3620 4206 3651 4244 a

2077 4278 2094 4308 1
2129 4258 2338 4313 Glauco
2382 4261 2616 4329 quodam
2656 4264 2986 4330 deductum,
3018 4268 3111 4335 qui
3162 4269 3392 4324 scientia
3423 4281 3652 4332 Caeteros

2075 4370 2092 4399 1
2131 4351 2511 4406 antecellebat.

2145 4485 2166 4516 1
2211 4465 2414 4520 Videtis
2441 4477 2618 4521 autem
2655 4471 3069 4536 proverbiorum
3097 4472 3470 4532 difﬁcultatem
3493 4478 3648 4534 exin-

394 4580 418 4612 1
448 4562 536 4615 διὰ
566 4563 755 4616 τούτου
799 4561 1100 4626 δείκνυται,
1131 4561 1219 4616 διὰ
1246 4561 1341 4615 τοῦ
1380 4562 1513 4633 μηδὲ
1556 4563 1650 4614 ἐπὶ
1675 4563 1774 4632 τῆς
1801 4563 1968 4635 αὐτῆς

2077 4575 2097 4606 ‹
2135 4557 2202 4610 de
2235 4555 2372 4610 satis
2401 4556 2651 4624 patefieri
2682 4598 2697 4620 ,
2741 4561 2886 4627 quod
2934 4576 3276 4631 nequaquam
3324 4566 3651 4636 interpretes

399 4673 418 4707 1
455 4655 749 4727 ἑρμηνείας
775 4655 965 4725 στῆναι
1008 4655 1133 4718 τοὺς
1168 4655 1266 4724 τὴν
1313 4653 1610 4724 παροιμίαν
1647 4654 1847 4725 ταύτην
1882 4657 1969 4722 ἐξ·

391 4766 416 4799 1
438 4745 742 4820 ηγήσασθαι
764 4745 1137 4817 βουληθέντας.
1151 4743 1306 4796 Οῦτω
1323 4743 1650 4814 δυσεύρητόν
1665 4760 1716 4795 τι
1737 4744 1968 4814 πρᾶγμα

395 4858 415 4890 1
451 4838 513 4891 τὸ
537 4839 635 4908 τῆς
661 4836 955 4909 παροιμίας
979 4835 1073 4889 καὶ
1098 4833 1246 4905 παρὰ
1273 4836 1384 4894 τοῖς
1419 4831 1614 4896 ἔξωθεν
1637 4827 1775 4886 εἶναι
1798 4833 1962 4886 δοκεῖ.

396 4950 414 4983 1
454 4931 542 4984 Διὸ
568 4931 660 4983 καί
684 4947 767 4993 τις
793 4927 900 4982 τῶν
929 4927 1060 4997 παρ’
1087 4927 1270 4988 αὐτοῖς
1298 4924 1497 4993 σοφῶν,
1527 4923 1846 4993 συναγαγὼν
1871 4925 1968 4989 τὰς

355 5179 360 5183 _
462 5110 520 5169 >11
553 5097 651 5155 Ed.
688 5095 884 5160 Paris.,
917 5109 1037 5163 pag.
1062 5091 1148 5147 16.

379 5257 698 5335 emditum_;_
735 5265 886 5335 recte
915 5273 930 5335 ξ
955 5261 1070 5309 erat
1115 5253 1262 5335 enim
1303 5253 1551 5335 sophista
1593 5253 1952 5335 professione,

383 5341 440 5386 et
469 5337 598 5383 ante
639 5325 1134 5388 Christianismum,
1160 5325 1341 5378 ludum
1379 5323 1429 5376 in
1450 5323 1784 5393 Cappadocia
1825 5338 1956 5392 ape-

384 5407 589 5454 ruerat.
620 5394 780 5451 M.—
800 5395 999 5466 Addidi
1024 5409 1088 5448 ex
1119 5395 1278 5466 codd.
1315 5395 1608 5466 μάχαιραν,
1633 5394 1772 5466 unde
1797 5408 1957 5461 supra

383 5469 500 5552 λέγ.
517 5469 625 5542 γάρ
643 5468 759 5523 loco
780 5465 915 5538 φασὶ
935 5465 1044 5538 γάρ
1060 5465 1274 5537 scripsi,
1291 5477 1344 5520 et
1359 5465 1428 5518 τά
1447 5464 1568 5520 ante
1593 5464 1757 5518 τέκνα
1773 5479 1958 5519 ποθεν

383 5558 567 5680 ωἲὲ8)
607 5609 776 5680 Vulgo
825 5607 1144 5678 ἀναγκαίως
1199 5617 1254 5661 et
1303 5622 1427 5662 mox
1472 5625 1713 5680 παρασκ.
1767 5617 1956 5662 contra

383 5684 541 5737 codd.
579 5681 851 5736 Posterius
873 5684 978 5734 iam
1009 5680 1113 5749 Mp.
1155 5693 1300 5749 corr.

456 5753 593 5824 (88')
627 5751 735 5820 Mp.
783 5767 900 5824 γρ(
928 5747 1133 5822 ἐκείνῃ.
1181 5747 1303 5824 Μρι
1332 5747 1492 5824 vulgo
1517 5765 1620 5824 που
1648 5747 1958 5824 διαδεδωκό-

382 5819 477 5886 τος
525 5819 710 5876 contra
767 5819 926 5876 codd.
982 5819 1195 5890 (ιιιΓπω
1221 5819 1369 5874 διακ.
1399 5822 1546 5890 dant.
1599 5819 1766 5873 l’orro
1821 5823 1958 5890 male

385 5893 546 5968 vulgo
567 5891 778 5964 ἀκρῶν,
797 5894 941 5962 quod
959 5888 1027 5947 es
1057 5893 1179 5948 cod.
1207 5889 1450 5959 correxi,
1473 5904 1539 5946 ex
1561 5905 1666 5960 quo
1689 5889 1807 5945 dein
1827 5888 1959 5960 χαλ-

672 6014 944 6070 ΡΔτιιοι..
975 6013 1096 6070 Gn.
1134 6011 1179 6067 Χ
1200 6007 1362 6068 Χιν.

2079 4668 2098 4698 1
2142 4647 2302 4716 hujus
2329 4651 2488 4705 unius
2513 4652 2786 4718 proverbii
2825 4653 2967 4706 inter
3009 4669 3068 4708 se
3111 4655 3163 4708 in
3193 4657 3381 4710 eadem
3429 4663 3650 4728 exposi-

2079 4759 2096 4790 1
2139 4741 2292 4796 tione
2326 4744 2691 4796 consentiant.
2725 4743 2876 4798 Adeo
2913 4759 2998 4797 res
3027 4757 3142 4799 erat
3169 4747 3256 4800 illa
3295 4748 3652 4807 inextricabi-

2079 4857 2096 4888 1
2133 4835 2202 4892 lis
2233 4837 2415 4891 habita
2444 4838 2586 4907 apud
2617 4850 2857 4894 exteros.
2885 4837 3154 4904 Quocirca
3195 4844 3334 4896 inter
3373 4859 3467 4899 cos
3507 4863 3649 4902 unus

2071 4950 2098 4982 1
2139 4931 2405 5002 sapientia
2443 4944 2496 4988 et
2519 4933 2826 4989 eruditione
2853 4944 3144 5003 praestans,
3187 4937 3238 4988 in
3283 4951 3451 4990 animi
3481 4939 3648 4994 colle-

2062 5249 2193 5373 gygg
2227 5263 2323 5318 pro
2351 5247 2550 5319 χαλκοῦ
2577 5257 2630 5302 et
2662 5249 2799 5320 πρός
2844 5264 2941 5318 pro
2975 5247 3082 5318 τι·ρό
3109 5258 3162 5303 et
3199 5265 3252 5300 τι
3285 5263 3384 5320 pro
3415 5268 3500 5317 τις
3527 5264 3646 5324 pos;

2125 5320 2251 5460 5(.89)
2287 5388 2472 5458 Ὁρᾷς,
2493 5389 2655 5456 ὅπως
2672 5389 2737 5442 τὸ
2760 5389 3074 5458 δυσχερές.
3106 5389 3229 5445 Haec
3246 5391 3314 5448 de
3329 5393 3647 5458 dimcultate

2067 5461 2486 5516 Proverbiorum
2516 5478 2546 5514 a
2575 5477 2659 5515 me
2685 5460 2815 5515 olim
2874 5475 3093 5530 accepta
3127 5463 3209 5516 vir
3249 5465 3434 5522 multis
3469 5472 3648 5526 nomi-

2068 5532 2228 5586 nibus
2274 5531 2632 5594 clarissimus,
2663 5531 2908 5586 Andreas
2958 5531 3241 5599 Schottus,
3276 5533 3503 5593 inseruit
3532 5554 3646 5596 sum

2055 5602 2402 5676 .praefationi,
2436 5611 2562 5656 ante
2610 5601 2904 5676 Proverbia
2935 5601 3180 5676 Zenobii,
3221 5603 3560 5676 Diogeniani,
3588 5622 3646 5667 et

2063 5672 2316 5728 aliorum.
2347 5674 2486 5727 Sunt
2536 5684 2714 5726 autem
2775 5672 2874 5726 ista
2904 5674 3109 5737 omnia,
3142 5691 3246 5728 non
3277 5672 3515 5741 Eusebii,
3549 5672 3644 5736 Sed

2065 5744 2305 5798 Mareelti
2357 5744 2425 5797 ab
2462 5741 2694 5798 Eusebio
2739 5745 2956 5814 quidem
2987 5746 3151 5798 relata
3180 5761 3192 5796 :
3219 5759 3458 5801 erratum
3499 5760 3581 5805 est
3610 5769 3640 5806 a

2065 5829 2171 5877 me,
2192 5817 2279 5884 qui
2307 5815 2380 5866 illi
2402 5815 2609 5878 optimo
2640 5816 2756 5870 viro
2784 5815 3024 5870 miserim
3059 5826 3118 5869 ttt
3147 5815 3472 5873 Eusebiana.
3494 5818 3544 5876 Μ
3571 5847 3642 5862 οι-
3738 5817 3742 5821 ’

2065 5885 2197 5939 Dein
2235 5885 2391 5956 vulgo
2416 5884 2503 5938 διὰ
2533 5885 2613 5942 τό.

3287 5998 3362 6058 Ξθ
