4190 6406
590 394 690 452 74Ἱ

1298 381 1566 442 EUSEBII
1605 380 2084 439 C/ESARIENSIS
2112 377 2262 434 OPP.
2305 379 2484 434 PARS
2513 378 2601 433 IV.
2633 409 2702 419 —
2730 376 3156 433 DOGMATICA.

3744 379 3849 434 763

596 527 613 559 ι
646 506 750 561 ctis
787 501 973 558 multis
1018 500 1294 587 variisque
1333 498 1674 569 proverbiis.
1708 499 1761 552 in
1794 499 1979 552 eadem
2010 510 2171 550 com-

2279 513 2295 544 ι
2337 494 2439 547 ὑπὸ
2458 494 2666 547 πολλῶν
2688 493 2782 547 καὶ
2804 492 3077 563 διαφόρως
3098 491 3381 562 λεχθείσας
3415 491 3733 565 παροιμίας,
3771 493 3849 554 είς

594 617 612 649 ι
652 604 925 649 mentatns
973 600 1099 659 est;
1142 591 1355 645 duobus
1405 589 1562 644 libris
1623 589 1873 653 metrica,
1932 597 2168 657 quatuor

594 708 612 741 ι
648 704 775 743 vero
793 685 1031 741 numeris
1052 685 1225 738 soluta
1255 683 1540 755 proverbia
1566 681 1858 753 explicans.
1876 679 2171 736 Parmmias

593 799 611 831 ι
648 791 827 833 autem
874 776 1104 847 gentiles
1130 817 1144 839 ,
1184 776 1450 830 sententia
1492 774 1711 845 quidem
1741 787 1879 837 mea,
1933 773 2003 826 ob
2048 785 2167 825 eam

593 891 612 922 ι
651 885 873 924 causam
896 872 1009 921 btet:
1040 868 1153 936 ipsa
1187 868 1565 931 nominarunt,
1595 865 1739 935 quod
1776 864 2167 935 sapientissimi

594 981 614 1013 ι
656 960 968 1018 Salomonis
1019 959 1313 1013 Proverbia
1367 958 1607 1027 legerant
1651 965 1707 1012 et
1768 956 2167 1021 intellexerant,

596 1071 616 1102 c
655 1068 761 1105 non
796 1064 917 1105 esse
952 1064 1066 1102 rem
1097 1048 1268 1102 cuivis
1299 1048 1515 1102 obviam
1546 1049 1612 1101 de
1642 1045 1817 1115 prima
1848 1045 1988 1101 facie
2016 1063 2161 1100 ('Otll-

597 1165 614 1195 ι
656 1144 994 1213 prehendere
1011 1140 1225 1194 illorum
1250 1155 1465 1194 sensum
1486 1153 1502 1191 :
1523 1138 1720 1193 vellent
1742 1149 1922 1193 autem
1942 1139 2167 1206 imitari,

597 1257 614 1286 ι
653 1248 819 1306 atque
862 1236 934 1289 ita
990 1235 1204 1288 fuerant
1249 1234 1441 1286 imitati
1487 1232 1859 1303 propheticam
1897 1234 2168 1288 scribendi

599 1347 617 1377 ι
659 1326 1131 1382 consuetudinem.
1163 1324 1408 1391 Cumque
1456 1338 1651 1378 nomen
1698 1322 1902 1378 nullum
1951 1333 2173 1393 possent.

599 1439 618 1471 ι
656 1420 836 1491 aptius
894 1426 989 1472 aut
1049 1416 1463 1471 convenientins
1527 1416 1809 1484 invenire,
1875 1416 2170 1473 Proverbia

600 1533 619 1564 ι
656 1528 813 1567 suum
850 1525 986 1580 opus
1038 1510 1419 1580 indigitarunt.
1477 1528 1517 1589 »ἱ

664 1606 839 1673 Atque
878 1604 948 1654 ita
985 1601 1049 1654 ad
1078 1602 1220 1655 hunc
1250 1604 1467 1655 modum
1504 1598 1792 1656 Marcellus
1813 1610 2046 1657 conatur
2075 1601 2174 1657 Ec-

592 1695 815 1749 clesiam
837 1694 929 1746 Dei
945 1692 1349 1762 Scripturarum
1378 1692 1789 1763 intelligentiam
1815 1696 2041 1748 docere:
2059 1693 2175 1748 Ion-

594 1803 717 1856 gain
760 1799 891 1839 vero
922 1784 1078 1838 istam
1100 1792 1157 1839 et
1202 1785 1437 1854 ineptam
1478 1786 1612 1838 adeo
1648 1800 1966 1855 sermonum
2002 1786 2173 1856 ipsius

591 1888 649 1932 et
681 1874 1008 1947 superﬂuam
1033 1876 1228 1931 seriem
1264 1878 1402 1944 ideo:
1427 1876 1598 1930 visum
1634 1885 1715 1931 est
1767 1887 2085 1942 contexere,
2112 1890 2169 1934 ut

593 1969 888 2023 amentiam
917 1968 1511 2023 hominismanifestatn
1541 1968 1786 2034 reddere,
1814 1968 2167 2038 multiplicem

593 2076 810 2130 quoque
836 2070 892 2115 et
931 2061 1365 2129 intempestivam
1407 2062 1702 2117 vanitatem
1749 2077 1962 2132 possem
1990 2103 2006 2128 ,
2062 2078 2170 2130 qua

596 2155 787 2217 utitur,
816 2154 951 2207 satis
971 2152 1189 2221 quidem
1222 2167 1345 2206 cum
1385 2168 1576 2223 pompa
1605 2194 1620 2217 ,
1656 2154 1797 2225 quod
1852 2154 2169 2209 steculareat

595 2247 792 2299 attinet
825 2246 1230 2309 eruditionem;
1263 2246 1407 2313 quod
1437 2246 1749 2315 Scripturas
1778 2258 1957 2302 autem
1987 2262 2171 2301 sacras

593 2336 1122 2406 concernit,jejuue.
1143 2337 1297 2403 Quod
1325 2337 1369 2391 si
1404 2352 1615 2393 memor
1640 2338 1834 2393 fuisset
1863 2339 2173 2410 apostoliczc

594 2429 1027 2495 admonitionis,
1079 2431 1146 2482 ad
1178 2428 1321 2483 hanc
1373 2437 1579 2482 tantum
1631 2430 1903 2499 proiectus
1960 2433 2171 2485 vanitao

597 2531 703 2576 tem
738 2559 754 2583 ,
814 2534 1158 2590 nequaquam
1226 2520 1551 2589 procidisset
1598 2535 1615 2575 :
1672 2525 1865 2577 suadet
1924 2534 2105 2576 autem
2156 2562 2171 2585 ,

596 2622 654 2665 ut
710 2612 854 2681 loqui
907 2611 1133 2665 velimus
1158 2653 1173 2675 ,
1214 2627 1334 2680 qua:
1373 2621 1498 2666 sunt
1539 2613 1693 2667 nobis
1730 2615 2130 2666 communicata
2156 2653 2171 2675 ,

598 2710 658 2768 ὦ
706 2720 808 2757 non
861 2704 917 2756 in
961 2702 1281 2756 docibilibus
1343 2703 1590 2757 humana:
1646 2704 1923 2771 sapientia:
1972 2705 2171 2767 verbis,

594 2797 684 2850 sed
724 2797 777 2850 in
818 2797 885 2849 iis
918 2811 1035 2865 qua:
1069 2812 1100 2847 a
1136 2793 1341 2865 Spiritu
1371 2793 1549 2847 doceri
1576 2793 1766 2857 solent,
1801 2795 1855 2847 in
1887 2795 2089 2863 Spiritu
2124 2806 2173 2848 et

596 2904 718 2942 rum
751 2886 1116 2956 spiritualibus
1140 2882 1791 2940 discernenda“.Minitne
1803 2897 2021 2953 quoque
2037 2884 2177 2953 cepit

595 2982 737 3051 quod
767 2982 1028 3049 scriptum
1059 2989 1143 3033 est
1171 2998 1183 3031 :
1215 2978 1473 3032 Animalia
1495 2980 1649 3032 homo
1680 2995 1782 3032 non
1812 2980 2032 3047 percipit
2059 2993 2177 3047 qua:

596 3087 715 3127 sunt
746 3071 976 3139 Spiritus
999 3071 1111 3125 Dei.
1141 3070 1382 3126 Stultitia
1414 3070 1605 3141 quippe
1630 3071 1733 3138 ipsi
1757 3079 1876 3123 sunt
1896 3082 1915 3121 :
1936 3079 1984 3123 et
2003 3069 2176 3137 nequit

2279 607 2295 637 ι
2339 589 2507 651 αὑτάς
2536 588 2809 659 γέγραφεν
2836 586 2895 653 ἒξ
2920 586 3030 655 (90)
3051 585 3250 655 βιϐλίαο
3287 584 3380 638 δύο
3412 585 3509 655 μὲν
3542 585 3649 636 τῶν
3680 585 3833 654 ἐμμέ-

2279 699 2297 730 ι
2339 697 2502 751 τρων,
2531 681 2639 733 τῶν
2668 680 2723 733 δὲ
2752 680 3008 751 ἀμέτρων
3034 679 3297 749 τέσσαρα.
3330 677 3543 741 Ταύτας
3571 677 3627 729 δὲ
3661 694 3838 748 παροι-

2279 795 2297 825 ι
2343 775 2471 845 μίας
2511 774 2801 845 ὠνόμασαν
2843 774 2892 827 οἱ
2939 772 3136 840 ἔξωθεν
3172 771 3239 825 δι’
3278 771 3429 825 οὐδὲν
3471 770 3680 843 ἕτερον,
3730 771 3847 841 ἐμοὶ

2279 886 2296 917 ι
2332 868 2528 930 δοκεῖν,
2563 867 2676 920 ἀλλ’
2721 866 2908 937 ἐπειδὴ
2934 868 3053 929 ταῖς
3079 863 3173 918 τοῦ
3203 864 3514 934 σοφωτάτου
3541 862 3851 933 Σολομῶνος

2280 979 2296 1008 ι
2338 960 2665 1030 Παροιμίαις
2696 959 3026 1029 ἐντυχόντες.
3059 957 3152 1010 καὶ
3182 956 3401 1025 γνόντες
3447 955 3514 1007 δι’
3545 953 3743 1017 αὐτῶν,
3770 954 3851 1005 ὃτι

2283 1072 2297 1103 ι
2335 1052 2487 1104 οὐδέν
2518 1054 2665 1104 ἐστιν
2691 1052 2755 1103 ἐκ
2781 1050 2876 1103 τοῦ
2907 1052 3196 1121 προχείρου
3229 1049 3415 1118 σαφῶς
3438 1048 3548 1101 τῶν
3576 1050 3633 1102 ὲν
3662 1050 3852 1111 αὑταῖς

2280 1163 2297 1194 ι
2335 1145 2638 1216 εἰρημένων
2673 1143 2883 1215 μαθεῖν,
2918 1143 3011 1196 καὶ
3038 1142 3193 1195 αὐτοὶ
3220 1141 3454 1211 ζηλῶσαι
3498 1140 3560 1193 τὸ
3593 1158 3853 1212 προφητι-

2281 1258 2297 1288 ι
2339 1238 2434 1290 κον
2460 1234 2809 1307 βουληθέντες
2837 1235 3092 1306 γράμμα,
3128 1233 3218 1286 τὸν
3248 1233 3409 1286 αὑτὸν
3435 1234 3626 1303 ἐκείνῳ
3653 1233 3855 1301 γεγρα-

2281 1348 2298 1381 t
2336 1311 2467 1399 φασι
2492 1328 2711 1400 τρόπον.
2745 1325 2897 1391 Εἶτα,
2933 1327 3009 1390 ὡς
3041 1326 3207 1398 μηδὲν
3239 1326 3425 1398 ἕτερον
3457 1325 3627 1394 ὄνομα
3650 1324 3854 1396 κυριώ-

2280 1441 2298 1474 ι
2334 1439 2492 1494 τερον
2539 1421 2748 1475 ἐκείνου
2798 1419 3084 1489 ἐπινοῆσαι
3130 1417 3466 1490 δυνηθέντες,
3510 1418 3604 1471 καὶ
3644 1415 3853 1479 ταύτας

2280 1533 2299 1566 ι
2341 1513 2645 1586 Παροιμίας
2678 1513 2985 1584 ὠνόμασαν.
3018 1530 3037 1562 ι

2344 1607 2443 1660 Διά
2474 1605 2729 1659 τοιούτων
2757 1603 3074 1677 Μάρκελλος
3107 1601 3466 1675 παραθέσεων
3489 1601 3588 1674 τὴν
3629 1599 3856 1671 Ἐκκλη-

2278 1700 2398 1753 σίαν
2425 1699 2520 1752 τοῦ
2552 1698 2687 1751 Θεοῦ
2720 1698 2990 1752 διδάσκειν
3018 1695 3117 1759 τάς
3145 1694 3533 1757 θεοπνεύστους
3559 1695 3698 1746 νοεῖν
3731 1710 3853 1745 πει-

2278 1793 2436 1863 ρᾶται
2463 1791 2704 1862 Γραφάς.
2743 1790 2913 1860 Ὅλην
2958 1789 3017 1842 δὲ
3050 1787 3255 1857 ταύτην
3286 1784 3603 1857 παρεθέμην
3634 1784 3732 1855 τὴν
3762 1802 3858 1854 μα-

2273 1883 2412 1955 κρὰν
2441 1884 2535 1937 καὶ
2565 1869 2850 1952 ἀδόλεσχον
2884 1878 3312 1952 περιττολογίαν,
3337 1866 3855 1948 δεῖξαι’βυυλόμενο;
3900 1873 3907 1881 ’

2272 1970 2435 2026 αὑτοῦ
2462 1971 2561 2041 τὴν
2589 1969 2772 2023 ἄνοιαν
2794 1970 2893 2041 τῆς
2920 1969 3120 2039 πολλῆς
3145 1968 3238 2021 καὶ
3264 1968 3495 2039 ἀκαίρου
3517 1967 3851 2038 φιλοτιμίας,

2272 2059 2305 2138 ᾖ
2333 2063 2595 2136 κέχρηται
2628 2064 2657 2115 ὁ
2689 2062 2851 2135 ἀνὴρ,
2884 2060 2994 2114 τῶν
3031 2061 3130 2132 μὲν
3170 2060 3498 2131 Ἑλληνικῶν
3538 2059 3711 2128 λόγων
3737 2062 3858 2112 ἐπι-

2272 2155 2575 2217 δεικτικῶς,
2605 2153 2712 2207 τῶν
2737 2154 2795 2206 δὲ
2827 2152 2986 2205 θείων
3015 2151 3361 2223 ἀμνημόνως.
3391 2152 3465 2204 Ub
3487 2149 3598 2221 γὰρ
3629 2153 3695 2205 ἄν
3727 2168 3857 2204 ποτε

2273 2244 2353 2306 είς
2379 2241 2648 2313 τοσαύτην
2678 2241 2936 2306 ἐξέπιπτε
2961 2240 3249 2313 φλυαρίαν,
3279 2243 3326 2293 εί
3350 2239 3458 2294 τῶν
3483 2241 3856 2294 ἀποστολικῶν

2274 2308 3117 2406 ἐμέμνητδπαραγγελμάτωνξ
3159 2333 3225 2397 δι’
3274 2325 3349 2386 ὧν
3408 2335 3666 2404 παραινεῖ
3722 2333 3857 2404 χρῆ-

2273 2446 2379 2493 ναι,
2433 2428 2502 2480 τὰ
2557 2426 2662 2480 ὐπό
2715 2425 2809 2480 τοῦ
2866 2424 3002 2478 θεοῦ
3062 2425 3389 2496 χαρισθέντα
3447 2426 3577 2495 ἡμῖν
3630 2424 3810 2477 λαλεῖν
3840 2464 3854 2485 ,

2273 2523 2382 2574 οὐκ
2402 2521 2472 2573 ἐν
2497 2518 2800 2585 διδακτοῖς
2820 2518 3198 2587 ἀνθρωπίνης
3228 2518 3448 2586 σοφίας
3467 2517 3692 2585 λόγοις,
3721 2516 3856 2569 ἀλλ’

2272 2612 2341 2664 ἐν
2356 2610 2655 2676 διδακτοῖς
2670 2611 3040 2679 Πνεύματος,
3057 2607 3426 2677 πνευματικὰ
3442 2607 3859 2676 πνευματικοῖς

2274 2702 2733 2773 συγκρίνοντας.
2758 2701 2892 2754 Οὐδὲ
2923 2704 3123 2773 νοήσας
3146 2701 3294 2764 ὅπως
3322 2700 3514 2771 ἐλέχθη
3554 2700 3635 2762 τὸ,
3672 2702 3857 2769 Ψυχι-

2275 2789 2383 2856 κὸς
2415 2788 2724 2857 ἄνθρωπος
2772 2791 2843 2843 οὐ
2883 2789 3118 2859 δέχεται
3148 2788 3220 2843 τὰ
3249 2789 3355 2842 τοῦ
3380 2791 3724 2859 Πνεύματος
3754 2790 3859 2842 τοῦ

2278 2883 2447 2937 Θεοῦ.
2481 2884 2684 2951 Μωρία
2705 2882 2815 2953 γὰρ
2837 2881 2997 2947 αὐτῷ
3015 2884 3168 2936 ἐστι·
3197 2882 3294 2935 καὶ
3324 2881 3394 2935 οὐ
3432 2881 3679 2936 δύναται
3711 2882 3859 2952 γνῶ-

2276 2991 2409 3038 ναι,
2458 2975 2548 3027 ὅτι
2606 2973 3015 3043 πνευματικῶς
3080 2975 3482 3043 ἀνακρίνεται.
3562 2973 3743 3028 Ταῦτα
3803 2974 3861 3026 δὲ

2278 3067 2569 3136 ἀγνοήσα·,
2630 3068 2755 3129 τοὺς
2819 3064 3083 3135 Ἐλλήνων
3137 3066 3335 3133 σοφοὺς
3383 3065 3619 3119 ὑπέλαϐε
3663 3064 3863 3134 γνῶσιν

595 3166 692 3218 illa
728 3163 1035 3232 intelligere,
1080 3175 1354 3232 propterea
1397 3161 1539 3232 quod
1592 3161 1970 3215 discernuntur
2020 3166 2148 3229 spirt

2280 3160 2569 3230 ἐσχηκέναι
2607 3160 2705 3230 τῆς
2740 3159 2846 3213 ὑπὸ
2866 3157 2959 3211 τοῦ
2995 3158 3129 3211 Θεοῦ
3163 3158 3240 3229 τῷ
3282 3159 3556 3230 Σολομῶνι
3585 3159 3862 3231 χαρισθεί-

596 3257 813 3309 tnaliter
834 3253 921 3307 δ”.
974 3254 1098 3308 lltec
1127 3268 1248 3307 cum
1310 3255 1587 3320 ignoraret
1626 3252 1735 3314 ille,
1769 3252 1979 3321 putavit
2028 3265 2175 3307 certe

591 3346 908 3401 Grtccortttn
942 3346 1217 3415 sapientes
1255 3344 1528 3415 cognitam
1563 3344 1822 3398 habuisse
1851 3344 2173 3412 sapientiam

597 3434 766 3501 illatn,
799 3451 958 3504 quam
991 3438 1129 3490 Deus
1162 3435 1444 3489 Salomoni
1491 3435 1864 3504 itnpertiverat
1896 3453 1907 3486 :
1946 3444 1999 3488 et
2029 3435 2175 3503 quod

596 3527 868 3595 cognitam
915 3528 1181 3581 haberent
1211 3525 1381 3585 illam.
1413 3524 1787 3595 propheticum
1828 3526 2172 3595 scripturam,

598 3628 655 3673 ιιι
693 3619 869 3689 inquit
905 3619 1016 3680 ille.
1051 3618 1311 3672 imitatos.
1337 3617 1454 3684 Quo
1484 3633 1615 3672 vero
1641 3627 1800 3688 pacto
1836 3619 1949 3672 lieri
1978 3621 2172 3687 putuit,

598 3719 657 3765 ut
692 3711 954 3765 animales
1023 3711 1268 3764 homines
1316 3709 1389 3763 illi
1444 3709 1623 3763 divina
1675 3721 2071 3780 cognoscerent
2122 3718 2176 3765 et

596 3801 834 3855 :enmlati
861 3809 1069 3865 essent,
1096 3815 1220 3853 cum
1254 3798 1553 3868 spiritualia
1582 3800 1940 3868 spiritualiter
1974 3800 2177 3855 discer-

597 3906 730 3947 nere
782 3893 1090 3960 nequirent.
1137 3901 1193 3945 et
1242 3893 1309 3944 ab
1345 3892 1607 3960 Apostolo
1674 3892 1944 3947 sancitum
2010 3907 2173 3960 esset,

598 3983 894 4037 Animalem
946 3982 1207 4035 hominem
1238 3998 1342 4035 non
1384 3998 1574 4051 capere
1624 3999 1743 4054 qua:
1784 3995 1905 4038 sunt
1944 3985 2176 4055 Spiritus

598 4074 737 4139 Dei;
789 4085 843 4129 et
871 4075 1047 4128 adhuc
1077 4072 1147 4127 ab
1179 4072 1369 4127 eodem
1397 4082 1686 4141 statuatur,
1735 4074 2042 4148 ~Animalern
2071 4095 2175 4131 non

596 4181 750 4234 posse
798 4165 1102 4232 spirituulia
1142 4164 1459 4234 intelligere,
1513 4181 1574 4218 eo
1629 4168 1771 4236 quod
1824 4168 2177 4238 spiritttaliter

596 4258 1006 4313 discernantur?
1029 4258 1110 4311 Ad
1137 4259 1451 4328 Oppositum
1504 4274 1632 4314 vero
1674 4260 1932 4330 Apostolo
1971 4262 2058 4316 hic
2094 4263 2177 4316 vir

596 4350 849 4420 egregius
891 4350 967 4404 ait
997 4348 1352 4405 :Graecorutn
1400 4350 1724 4407 collectores
1764 4354 2173 4421 proverbiorum

596 4441 665 4494 ad
689 4441 941 4497 eumdem
992 4441 1209 4495 modum
1244 4441 1552 4511 scripsisse,
1583 4458 1691 4512 quo
1723 4441 2004 4499 Salomon.
2028 4428 2174 4501 ~Ver-

2282 3264 2381 3316 σης
2408 3246 2597 3316 σοφίας
2622 3287 2637 3309 ,
2669 3247 2763 3300 καὶ
2789 3247 3015 3315 γνόντας
3046 3246 3287 3318 ζηλῶσαι
3322 3248 3382 3301 τὸ
3409 3250 3760 3321 προφητικὸν,
3788 3251 3863 3313 ὡς

2280 3343 2440 3406 αὐτός
2469 3360 2621 3413 φησι,
2647 3345 2900 3415 γράμμα.
2930 3342 3041 3398 Καὶ⁸
3074 3346 3191 3409 πῶς
3211 3341 3313 3399 οἶοί
3334 3348 3381 3400 τ’
3401 3343 3536 3418 ἦσαν
3563 3348 3771 3416 γνῶναι
3797 3348 3865 3402 τὰ

2282 3436 2398 3488 θεῖα
2437 3437 2531 3489 κςιι)⁸
2566 3434 2806 3507 ζηλῶσαι
2837 3438 2886 3489 οἱ
2917 3438 3163 3509 ψυχικοί,
3210 3439 3306 3493 καὶ
3333 3440 3433 3493 οὐκ
3466 3439 3666 3505 εἰδότες
3698 3458 3862 3496 πνευ-

2285 3526 2491 3597 ματικά
2534 3527 2645 3599 (91)
2678 3534 3067 3600 πνευματικοῖς
3148 3530 3479 3605 συγκρίνειν,
3542 3532 3636 3585 τοῦ
3718 3532 3864 3585 θείου

2294 3618 2615 3672 Ἀποστόλου
2648 3622 3090 3693 άποῃναμένου,
3129 3624 3399 3694 Ψυχικὸν
3435 3624 3750 3693 ἄνθρωπον
3778 3627 3864 3695 μὴ

2280 3710 2559 3778 δέχεσθαι
2583 3715 2654 3766 τὰ
2677 3713 2785 3766 τοῦ
2807 3716 3151 3785 Πνεύματος
3174 3715 3279 3770 τοῦ
3304 3716 3452 3770 Θεοῦ
3471 3733 3485 3747 ο
3519 3717 3612 3770 τοῦ
3633 3718 3677 3769 δ’
3701 3718 3864 3771 αὐτοῦ

2282 3805 2571 3874 φήσαντος,
2614 3804 2709 3872 Μὴ
2740 3804 3034 3860 δύνασθαι
3074 3806 3294 3877 γνῶναι
3340 3808 3448 3862 τὸν
3492 3809 3760 3879 ψυχικὸν
3795 3813 3865 3863 τὰ

2282 3895 2669 3963 πνευματικὰ,
2697 3895 2784 3947 ὅτι
2819 3898 3234 3967 πνευματικῶς
3270 3901 3685 3967 ἀνακρίνεται·
3721 3902 3811 3953 ἀνι
3825 3920 3867 3952 ι-

2279 3985 2516 4053 δοξάζων
2541 3988 2569 4039 ὁ
2589 3990 2832 4055 γενναῖος
2868 3988 2946 4059 τῷ
2989 3990 3297 4062 ’Δποστόλῳ
3332 3994 3553 4063 φάσκει,
3587 3992 3678 4046 τὸν
3707 3994 3866 4048 αὐτὸν

2280 4080 2481 4151 τρόπον
2518 4078 2597 4150 τῷ
2622 4080 2892 4151 Σολομῶνι
2915 4085 3248 4155 γεγραφέναι
3275 4086 3401 4149 τοὺς
3419 4085 3519 4150 τὰς
3551 4087 3865 4150 Ἑλληνικὰς

2282 4172 2583 4243 παροιμίας
2614 4174 3038 4243 πεποιημένους.
3084 4176 3245 4245 Λέγει
3277 4177 3334 4230 δὲ
3373 4174 3467 4232 οὖν
3512 4179 3605 4231 ἐπὶ
3633 4179 3861 4247 λέξεως·

2288 4281 2306 4313 ι
2356 4261 2572 4333 Ἐπειδὴ
2600 4266 2719 4326 ταῖς
2747 4262 2837 4315 τοῦ
2862 4266 3173 4333 σοφωτάτου
3202 4266 3513 4338 Σολομῶνος
3540 4268 3864 4340 Παροιμίαις

2288 4373 2306 4404 ι
2350 4353 2680 4425 ἐντυχόντες,
2717 4355 2812 4407 καὶ
2853 4355 3073 4424 γνόντες
3123 4357 3187 4411 δι’
3212 4359 3391 4413 αὐτῶν
3434 4360 3516 4414 δτι
3543 4361 3695 4415 οὐδέν
3719 4362 3866 4414 ἐστιν

2288 4467 2306 4499 ι
2347 4449 2413 4501 ἐκ
2440 4447 2533 4500 τοῦ
2557 4447 2847 4519 προχείρου
2875 4447 2989 4517 (92)
3013 4449 3198 4518 σαφῶς
3214 4451 3322 4504 τῶν
3344 4454 3402 4505 ὲν
3423 4454 3613 4517 αὐταῖς
3638 4455 3865 4525 εἰρημέ-

598 4533 763 4587 hatitn
813 4533 1055 4602 loquitur
1088 4533 1155 4587 ad
1202 4532 1348 4588 hunc
1383 4534 1600 4587 modum
1630 4552 1645 4588 :
1683 4552 1703 4586 ι
1729 4535 2173 4606 Quandoquidem

2287 4561 2304 4592 ι
2344 4556 2452 4593 νων
2476 4538 2687 4610 μαθεῖν,
2713 4542 2807 4593 καὶ
2835 4541 2988 4593 αὐτοὶ
3012 4540 3253 4613 ζηλῶσαι
3281 4544 3342 4597 τὸ
3373 4548 3711 4618 προφητικὸν
3747 4547 3867 4617 βου-

604 4644 621 4677 ι
670 4625 723 4679 in
758 4624 1054 4680 Proverbia
1088 4624 1396 4680 Salomonis
1422 4625 1813 4695 sapientissimi
1842 4626 2172 4696 inciderant,

603 4737 621 4770 ι
668 4728 723 4773 et
774 4732 840 4774 ex
896 4717 1109 4772 illorum
1165 4726 1535 4786 cognoverant
1587 4716 1844 4783 lectione,
1883 4717 2176 4775 dilliculter

604 4831 624 4863 ι
671 4811 963 4865 admodum
1021 4812 1088 4864 de
1132 4810 1304 4879 prima
1355 4808 1493 4862 facie
1524 4807 1739 4864 illorum
1770 4826 1993 4866 sensum
2027 4827 2175 4868 com-

605 4922 623 4955 ι
671 4902 932 4974 prehendi
959 4916 1138 4972 posse,
1176 4901 1373 4957 vellent
1408 4910 1587 4955 autem
1629 4903 2000 4972 propheticum
2032 4907 2171 4959 scri-

604 5014 623 5045 ι
671 4997 828 5049 bendi
881 4994 1144 5049 rationem
1175 4993 1341 5059 .illant
1373 4995 1639 5060 aemulari,
1672 4995 1737 5047 ad
1768 4995 2017 5051 eumdem
2050 5015 2168 5054 mo-

672 5185 731 5242 »Β
772 5179 871 5235 Ed.
902 5178 1101 5245 Paris”
1130 5194 1254 5249 pag.
1288 5177 1372 5233 17.

668 5357 782 5429 (90)
820 5359 925 5425 Εἰς
956 5359 1145 5425 αὑτὰς
1173 5357 1547 5429 γεγραφέναι.
1591 5356 1749 5412 Deest
1790 5356 2036 5429 λέγεται,
2089 5359 2173 5413 vel

598 5427 727 5500 quid
751 5427 947 5483 Simile.
981 5430 1054 5481 De
1084 5432 1186 5483 huc
1218 5427 1485 5500 lucorvvide
1510 5430 1575 5484 Β.
1609 5430 1665 5486 Ρ.
1691 5432 1755 5482 Α.
1781 5427 2088 5500 Schuttunt,
2121 5430 2174 5483 itt

602 5498 917 5573 praelatione
950 5500 1016 5573 ad
1050 5501 1277 5568 Adagia.
1299 5499 1505 5573 M.—-ln
1531 5500 1650 5554 cod.
1681 5516 1710 5551 a
1737 5515 1951 5573 sec._tn.
1971 5498 2177 5573 γέγρατ

597 5568 790 5644 φενλέξ
828 5568 1098 5644 quodpro
1126 5571 1461 5644 γεγραφέναι
1476 5581 1540 5644 ει
1564 5586 1728 5644 supra
1771 5569 1878 5644 ὑπό
1918 5571 2035 5644 loco
2069 5568 2177 5622 ἀπό

594 5639 714 5697 dedi
739 5644 904 5711 idem
947 5639 1145 5711 6’7ante
1175 5639 1372 5706 ἔξωθεν
1406 5640 1601 5695 delevi.
1635 5640 1763 5693 Dein
1799 5640 2009 5711 vulgo};
2051 5651 2178 5693 ante

594 5707 782 5801 ἐπειδὴ
823 5720 875 5797 εξ
926 5709 1290 5797 ξολομιῖθντος.
1338 5713 1524 5799 Porro.
1557 5710 1716 5801 vulsit!)
1764 5707 2178 5801 ὲντυζχάνοντες

594 5785 689 5839 καὶ
715 5779 781 5836 διδ
813 5780 991 5835 αὐτῶν
1020 5779 1378 5851 γινώσκοντες
1409 5790 1462 5837 et
1495 5781 1569 5845 ὡς
1595 5779 1747 5835 οὐδέν
1776 5790 1831 5837 et
1854 5779 2177 5843 διδακτικοῑς

593 5872 685 5909 πν.
712 5850 984 5922 πνεύματι
1015 5850 1128 5923 καί.

2286 4650 2303 4683 ι
2344 4631 2597 4703 ληθέντες
2652 4630 2906 4702 γράμμα,
2962 4632 3052 4686 τὸν
3113 4634 3275 4687 αὐτὸν
3324 4636 3519 4707 ἐκείνῳ
3558 4638 3866 4711 γεγράφασι

2286 4739 2304 4772 ι
2341 4720 2564 4793 τρόπον.
2600 4740 2617 4771 ι
2659 4720 2863 4791 Σκέψαι
2895 4721 2951 4773 δὲ
2990 4722 3085 4775 καὶ
3110 4723 3284 4788 ἄλλως
3319 4725 3378 4792 ἐξ
3415 4726 3595 4781 αὐτῶν
3628 4728 3734 4781 τῶν
3764 4745 3868 4781 πα-

2285 4814 2576 4886 ραθέσεων,
2611 4815 2734 4867 ὅσον
2768 4816 2865 4884 τῆς
2906 4814 3165 4885 ἀληθείας
3192 4818 3514 4889 διήμαρτεν,
3543 4819 3713 4874 είπὼν
3741 4823 3866 4884 τοὺς

2282 4908 2410 4977 παρ’
2453 4905 2698 4976 Ἕλλησι,
2741 4906 2833 4959 τὸν
2879 4907 3040 4961 αὑτὸν
3092 4907 3169 4979 τῷ
3211 4910 3485 4981 Σολομῶνι
3531 4914 3867 4984 γεγραφέναι

2276 5000 2497 5072 τρόπον.
2538 5000 2595 5053 Ὀ
2632 4998 2729 5070 μὲν
2756 4999 2865 5071 γὰρ
2904 4999 3176 5072 Σολομὼν,
3223 5002 3543 5077 θεοδωρήτῳ
3587 5006 3746 5078 σοφίᾳ
3785 5023 3869 5057 κι-

2260 5179 2307 5210 ⁶¹
2344 5178 2359 5233 Ι
2392 5179 2519 5234 Cor.
2545 5192 2608 5245 tt,
2639 5178 2723 5231 15.
2801 5177 2866 5208 δ”
2897 5177 3028 5233 ibid.
3061 5180 3147 5237 14.

2354 5359 2468 5430 (9i)
2521 5360 2819 5427 Πνεύματι
2891 5361 3336 5431 πνευματικοῖς.
3406 5361 3746 5430 Legendnm,
3810 5373 3867 5419 nt

2283 5431 2771 5504 SlitlllllanCllalllr
2795 5447 2859 5484 ex
2892 5433 3173 5500 Apustuln,
3193 5436 3538 5504 πνευματικά
3568 5449 3838 5502 πνευματι

2285 5500 2416 5564 κῶς.
2468 5498 2592 5553 Haec
2627 5511 2806 5571 autem
2859 5498 3163 5571 importune
3207 5498 3464 5557 dicnhlur
3505 5504 3572 5554 ab
3611 5498 3864 5565 Ειιένυιυ,

2283 5574 2407 5640 quia
2436 5569 2726 5651 ἐριστικῶς
2750 5569 2998 5651 ςνειειιιιιι,
3022 5588 3117 5640 pru
3138 5575 3549 5651 πνευματικοῖς,
3572 5576 3687 5642 lege
3702 5590 3865 5627 πνευ-

2288 5640 2556 5713 ματικῶςΣ
2577 5640 2733 5713 Μη-
2762 5641 2890 5713 Dein
2920 5649 3077 5711 vulgo
3099 5646 3211 5706 τοῖς
3243 5640 3651 5713 πεποιημένοις.

2357 5710 2469 5781 (93)
2511 5711 2615 5784 Mp.
2654 5711 2722 5764 ῖσ.
2750 5710 3079 5784 καισαφῶς.
3106 5716 3245 5784 ln'ra
3276 5710 3627 5784 νυιεοένεκα
3654 5723 3710 5767 et
3728 5730 3865 5784 προ-

2283 5782 2685 5861 ενηνεγμένοις,
2709 5793 2760 5837 et
2784 5783 2941 5836 τοῦτό
2963 5782 3013 5851 γ’
3045 5794 3100 5838 et
3142 5782 3177 5836 ἃ.
3203 5784 3282 5847 δέ,
3320 5782 3517 5841 είάλλ*
3545 5784 3645 5850 ὡς,
3676 5795 3727 5839 et
3771 5782 3868 5839 ἐπὶ

2285 5868 2397 5908 του.
