4000 6398
69 320 207 377 ’15Σῦ
1242 314 1519 373 CONTRA
1562 310 1994 370 MARCELLUM
2031 313 2156 369 LIB.
2199 316 2239 369 Ι.
3263 312 3368 368 75*

76 458 102 491 ι
152 437 301 493 Θεδκ
367 438 796 511 παντοκράτορα,
848 438 944 492 καὶ
981 439 1059 501 εἰς
1100 437 1192 493 τὸν
1243 438 1372 492 Υίὸν
1399 437 1563 493 αὑτοῦ
1605 437 1694 493 τὸν

1800 437 1935 493 velle
1991 438 2362 493 contradicere
2411 436 2636 508 singulis
2683 437 2950 507 partibus,
2991 452 3112 506 qum
3171 441 3223 493 in
3261 439 3367 494 llde

79 548 105 582 ι
160 529 451 607 μονογενῆ
475 529 628 595 Θεὸν,
659 530 752 584 τὸν
782 530 984 602 Κύριον
1018 529 1173 601 ἡμῶν
1207 529 1412 600 Ἰησοῦν
1437 528 1689 602 Χριστὸν,

1800 530 1976 585 niinus
2006 539 2150 607 recte
2182 529 2394 584 fuerant
2428 529 2650 584 saucita:
2681 545 2695 583 :
2730 547 2750 581 ι
2795 528 3026 583 Credere
3048 530 3189 583 enim
3215 545 3276 584 se
3310 530 3366 585 in

80 639 110 675 ε
156 604 268 677 καὶ
298 623 385 686 εἰς
415 621 475 676 τὸ
507 621 731 693 Πνεῦμα
763 622 823 675 τὸ
852 622 1006 691 ἅγιον
1028 638 1042 652 ⁸
1081 641 1099 673 ι
1135 621 1228 676 καί
1274 639 1457 694 φησιν,
1500 624 1565 675 ὲκ
1585 621 1693 674 τῶν

1801 641 1819 674 ι
1870 604 2043 679 Deum
2066 621 2279 676 Patrem
2308 622 2752 691 omnipotentem.
2784 631 2840 678 et
2880 621 2934 676 in
2962 621 3159 677 Filium
3195 622 3367 693 ipsius

78 715 270 772 Θεξων
318 716 557 788 Γραφῶν
613 714 984 787 μεμαθηκέναι
1026 714 1214 769 τοῦτον
1259 715 1350 769 τὸν
1382 715 1480 787 τῆς
1512 714 1695 769 θεοσε-

1800 735 1819 767 ι
1866 712 2205 784 unigenitum
2271 713 2461 779 Deum,
2520 713 2810 768 Dominum
2873 722 3122 768 nostrum
3181 713 3365 770 Jesnm

78 808 263 873 ϐείας
284 808 512 882 τρόπον.
553 804 693 878 Ἐγὼ
723 808 799 871 δὲ,
831 809 959 861 ὅταν
992 808 1090 879 μὲν
1117 807 1273 861 τοῦτο
1299 807 1452 881 λέγῃ,
1502 807 1695 861 ἀποδέ-

83 918 278 974 χομαι
302 901 511 973 σφόδρα
528 900 596 954 τὰ
615 900 899 970 λεγόμενα.
922 899 1114 963 Κοινὸς
1135 900 1246 971 γὰρ
1266 892 1423 964 οὗτος
1440 898 1694 954 ἁπάντων

85 993 268 1067 ἡμῶν
329 997 433 1066 τῆς
495 991 802 1055 θεοσεϐείας
854 992 883 1043 6
942 990 1161 1060 τρόπος·
1232 991 1547 1045 Πιστεύεη·
1607 992 1694 1056 είς

85 1085 371 1155 Πατέρα,
411 1085 507 1139 καὶ
551 1083 705 1146 Υἱὸν,
751 1082 851 1141 καί
894 1084 1065 1153 ἄτιον
1100 1083 1359 1152 Πνεῦμα.
1402 1083 1567 1136 Ὅταν
1611 1082 1690 1148 δὲ,

89 1177 177 1248 μὴ
203 1176 316 1246 τῆς
340 1174 493 1240 θείας
524 1175 919 1253 ἐστοχασμένος
949 1176 1249 1247 δυνάμεως,
1279 1173 1695 1247 ἀνθρωπικώτε-

86 1286 195 1339 ρον
226 1269 372 1339 ἡμῖν
402 1268 491 1322 διά
523 1284 667 1332 τινος
693 1268 940 1338 ἐντέχνου
975 1267 1226 1338 θεωρίας,
1259 1266 1348 1320 τόν
1381 1284 1441 1319 τε
1473 1267 1694 1338 Πατέρα

88 1360 334 1430 Πατέρα
363 1358 517 1433 λέγῃ,
546 1361 641 1413 καὶ
671 1359 762 1413 τὸν
789 1360 916 1412 Υίὸν
938 1358 1085 1420 Υἱὸν,
1113 1359 1214 1413 οὐκ
1235 1358 1308 1411 ἔτ’
1330 1360 1572 1429 ἐπαινεῖν
1595 1360 1694 1431 τὴν

94 1451 371 1523 τοιαύτην
405 1450 636 1522 θεωρίαν
667 1452 964 1505 ἀκίνδυνον.
1017 1451 1115 1505 Διὰ
1170 1451 1278 1523 γὰρ
1313 1452 1411 1521 τῆς
1443 1450 1694 1522 τοιαύτης

88 1542 349 1615 Θεωρίας
377 1541 475 1614 τὴν
508 1542 603 1595 νῦν
636 1543 817 1605 αὐτοῖς
860 1541 1247 1612 ὲπινοουμένην
1297 1541 1508 1612 αἵρεσιν
1538 1538 1696 1607 αὐξά-

98 1634 297 1688 νεσθαι
328 1633 616 1704 συμϐαίνει
637 1649 652 1664 ’
680 1632 869 1704 ῶσπερ
902 1633 1087 1702 σαφῶς
1114 1632 1375 1699 ἐπιδεῖξαι
1405 1632 1585 1704 ῥᾴδιον
1611 1626 1692 1685 οἷ-

1799 1628 2006 1682 cemodi
2052 1627 2590 1696 contemplationem.
2622 1629 2726 1684 Per
2756 1628 2896 1684 hanc
2925 1632 3123 1685 etenim
3157 1633 3372 1687 contin-

96 1743 206 1796 μαι
233 1726 303 1779 ἐκ
330 1726 442 1779 τῶν
471 1724 635 1780 αὐτοῦ
666 1725 857 1795 λόγων.
889 1726 1030 1796 Ἔφη
1066 1724 1174 1795 γὰρ
1206 1724 1442 1794 τὸνμὲν
1463 1723 1695 1791 Πατέρα

1800 1719 1898 1788 git,
1935 1719 2185 1774 haeresim
2216 1718 2288 1775 ab
2319 1719 2425 1774 illis
2467 1719 2817 1776 adinventam
2849 1722 3242 1778 incrementum
3275 1740 3370 1778 su-

94 1783 234 1872 δεῖν
258 1816 500 1886 ἀληθῶς
535 1783 767 1885 Πατέρα
807 1783 1260 1885 εἶναι’νριλίζέιν,
1290 1783 1386 1869 καὶ
1415 1814 1522 1869 τὸν
1559 1783 1692 1870 risv

1799 1824 1980 1877 mere;
2009 1812 2151 1880 quod
2188 1810 2349 1866 facile
2377 1826 2462 1865 me
2491 1827 2649 1882 posse
2696 1813 3075 1868 demonstrare
3114 1816 3366 1879 arbitror,

93 1909 352 1987 ἀληθῶς
405 1912 572 1964 Υιόν·
620 1911 717 1964 καί
767 1908 834 1964 τὸ
885 1908 1056 1979 ἅγιον
1098 1907 1339 1977 Πνεῦμα
1388 1909 1690 1972 ὡσαύτως.

1799 1903 2072 1971 productis
2099 1919 2218 1972 qua:
2244 1902 2313 1958 ab
2334 1903 2424 1958 illo
2455 1905 2597 1960 dicta
2630 1913 2777 1959 sunt.
2812 1905 2901 1978 [Β.
2936 1905 3095 1978 LIX.]
3124 1907 3369 1962 Allirmat

94 2000 296 2055 Ταῦτα
317 2003 348 2056 6
372 2000 692 2074 Μάρκελλος
721 2000 853 2073 πρὸς
889 1999 1181 2070 Ἀστέριον,
1198 2000 1298 2052 οὐκ
1327 1999 1691 2070 ἀρεσκόμενος

1799 1995 1939 2048 enim
1976 1998 2121 2064 quod
2154 1997 2363 2050 omnino
2395 1998 2462 2051 sit
2504 2014 2709 2053 necesse
2755 1996 2971 2052 Patrem
3004 2000 3245 2068 conﬁteri
3282 2017 3370 2056 ve-

98 2092 184 2163 τῷ
226 2093 323 2146 τὸν
357 2092 576 2164 Πατέρα
617 2091 725 2145 δεῖν
756 2090 969 2162 ἀληθῶς
1001 2092 1221 2162 Πατέρα
1253 2092 1554 2162 ὁμολογεῖν,
1598 2091 1694 2145 καὶ

1799 2088 1996 2141 raciter
2045 2105 2156 2143 esse
2190 2088 2403 2144 Patrem
2429 2106 2447 2143 :
2468 2101 2516 2145 et
2553 2089 2755 2145 Filium
2789 2093 2859 2146 ad
2890 2094 3126 2147 eumdem
3156 2097 3370 2148 modum

101 2185 198 2238 τὸν
229 2185 366 2238 Υίὸν
392 2183 609 2256 ἀληθῶς
657 2183 804 2249 Υἰὸν,
855 2184 948 2236 καὶ
977 2184 1037 2236 τὸ
1074 2184 1226 2252 ἅγιον
1255 2182 1479 2254 Πνεῦμα
1514 2183 1695 2238 ὡσαύ-

1799 2195 1909 2234 esu
1938 2177 2140 2233 Filium
2167 2197 2302 2247 vere,
2337 2198 2429 2235 nec
2466 2198 2572 2235 non
2595 2193 2645 2235 et
2680 2180 2936 2251 Spiritum
2965 2197 3226 2240 sanctum.
3249 2186 3370 2241 llmc

1800 826 1819 860 ι
1863 806 2164 870 Christum,
2196 813 2254 859 et
2306 805 2363 859 in
2414 805 2674 876 Spiritum
2722 815 3013 863 sanctum:
3047 824 3066 859 ι
3096 808 3281 877 aitque
3309 822 3368 862 se

1796 901 2040 955 edoctum
2075 915 2106 953 e
2133 899 2305 954 sacris
2346 899 2539 955 litteris
2566 899 2710 954 hanc
2742 899 2958 967 pietatis
2983 898 3211 955 formam
3230 900 3369 954 didi-

1797 988 1952 1044 cisse.
1975 987 2106 1055 Qnae
2135 990 2215 1043 sic
2249 991 2316 1043 ab
2353 987 2445 1042 illo
2469 988 2636 1055 dicta,
2670 989 3046 1046 luhentissimo
3068 989 3368 1060 amplector
3413 1020 3420 1027 -

1796 1080 1996 1134 animo.
2035 1080 2128 1135 Est
2153 1080 2297 1136 enim
2325 1080 2631 1136 communis
2662 1082 2777 1136 hmc
2806 1082 3052 1136 omnium
3104 1081 3226 1137 lldei
3257 1081 3370 1135 for—
3412 1104 3423 1123 ι

1797 1170 1970 1225 mula:
1993 1168 2217 1225 Credere
2234 1171 2289 1225 in
2310 1171 2544 1239 Patrem,
2570 1180 2618 1226 et
2637 1169 2864 1240 Filium,
2891 1184 2939 1227 et
2959 1172 3221 1242 Spiritum
3237 1191 3365 1228 san-

1796 1272 1955 1315 ctum.
1988 1262 2058 1314 At
2093 1262 2406 1325 cumidem,
2434 1264 2733 1331 potentiam
2761 1272 2816 1318 et
2854 1264 2961 1317 vim
2995 1265 3234 1319 divinam
3269 1266 3368 1319 mi-

1798 1354 1942 1407 nime
1980 1354 2293 1417 advertens,
2324 1354 2566 1408 humano
2600 1369 2752 1409 more
2795 1370 2891 1423 per
2944 1356 3366 1426 speculationem

1795 1446 2082 1515 quamdam
2107 1445 2324 1501 Patrem
2347 1446 2478 1501 dicit
2504 1446 2758 1514 Patrem;
2786 1447 2980 1502 Filium
3006 1449 3230 1516 Filium,
3259 1467 3367 1506 non

1797 1537 2020 1608 perinde
2049 1546 2164 1593 tuto
2188 1538 2411 1593 laudare
2434 1538 2564 1593 mihi
2594 1554 2692 1609 par
2730 1548 2833 1604 est,
2866 1541 3005 1595 hanc
3035 1545 3152 1610 ejus
3180 1541 3367 1611 hujus—

104 2294 239 2339 τως.
267 2275 433 2330 Ὅθεν
466 2275 595 2349 ἑξῆς
635 2275 724 2330 διὰ
774 2275 1124 2346 μακροτέρων
1168 2274 1557 2339 ἀνασκευάζειν
1603 2276 1693 2329 τὸν

107 2368 244 2439 περὶ
277 2366 483 2421 τούτων
531 2369 783 2438 πειρᾶται
812 2365 987 2436 λόγον.
1024 2365 1190 2420 Ψιλὸν
1215 2366 1324 2439 γὰρ
1372 2368 1466 2421 καὶ
1496 2369 1575 2439 τῷ
1603 2369 1696 2423 ἁν-

106 2456 371 2529 θρωπείῳ
398 2456 542 2528 λόγῳ
559 2458 765 2527 ὅμοιον,
789 2457 909 2527 οὐχὶ
930 2456 986 2510 δὲ
1015 2456 1139 2510 Υἱὸν
1158 2455 1373 2527 ἀληθῶς
1394 2456 1568 2522 ζῶντα
1602 2458 1695 2510 καὶ

108 2548 420 2618 ὑφεστῶτα,
473 2549 564 2602 τὸν
602 2548 834 2620 Χριστὸν
867 2544 1004 2601 εἶναι
1039 2547 1318 2619 ὁμολογεῖν
1345 2547 1537 2604 ἐθέλει.
1587 2550 1696 2602 Καὶ

106 2639 303 2712 ἐπειδὴ
324 2639 525 2710 ταύτην
549 2634 669 2692 εἷπε
698 2638 1029 2693 ἐπινοεῖσθαι
1061 2637 1156 2693 νῦν
1182 2638 1412 2710 αἵρεσιν,
1434 2638 1692 2704 δεικτέον,

107 2732 186 2797 ὡς
216 2732 445 2805 προῖὼν,
462 2732 766 2804 Ὠριγένους
782 2732 876 2786 τοῦ
906 2713 1071 2784 πάλαι
1087 2731 1162 2800 (2)
1176 2732 1465 2803 γενομένου
1488 2733 1697 2804 μέμνη-

108 2840 202 2879 ται
243 2825 321 2888 ὡς
355 2822 735 2896 ὁμοδοξοῦντος
763 2827 875 2889 τοῖς
909 2824 1026 2879 νυνὶ
1054 2825 1193 2896 πρὸς
1219 2823 1383 2877 αὐτοῦ
1411 2823 1694 2879 διαϐαλλο-

116 2918 319 2988 μένοις.
359 2915 499 2987 Ἐγὼ
523 2917 581 2971 δὲ
607 2919 702 2972 καὶ
739 2917 1043 2989 Ὠριγὲνους
1074 2916 1460 2988 παλαιωτέρων
1487 2916 1695 2988 ἀνδρῶν

115 3010 390 3075 πλείστοις
411 3011 557 3075 ὅσοις
583 3010 1055 3083 ὲκκλησιαστικοῖς
1088 3010 1516 3082 συγγράμμασιν
1546 3012 1694 3065 ἐντε-

1800 2282 1987 2325 cnutra
2014 2273 2289 2326 Asterium
2324 2273 2606 2328 Marcellus
2646 2273 2899 2341 allirmat,
2940 2293 3043 2331 non
3083 2287 3372 2334 contentus

1800 2364 2043 2433 posuisse
2100 2365 2151 2418 in
2200 2365 2474 2431 confesso,
2537 2366 2748 2423 Patrem
2804 2371 3199 2438 agnoscendum
3248 2386 3371 2428 esse

1799 2457 2016 2511 Patrem
2049 2459 2339 2521 veraciter,
2366 2458 2562 2513 Filium
2593 2474 2715 2515 esse
2748 2459 2974 2526 Filium,
3022 2472 3075 2517 et
3108 2462 3369 2533 Spiritum

1802 2561 2048 2607 sanctum
2076 2552 2143 2606 ad
2173 2550 2421 2606 eumdem
2454 2553 2695 2606 modum.
2719 2551 2856 2608 Hinc
2890 2552 3091 2608 factum
3125 2564 3183 2607 ut
3212 2555 3369 2609 dein-

1801 2658 1927 2713 ceps
1964 2643 2017 2697 in
2053 2644 2516 2714 consequentibus
2546 2643 2792 2700 refellere
2830 2654 3054 2700 conetur
3104 2647 3244 2701 hanc
3275 2660 3375 2714 po-

1802 2737 2071 2791 sitionem.
2104 2734 2231 2791 Vult
2267 2736 2412 2791 enim
2467 2736 2746 2791 Christum
2798 2740 3199 2808 agnoscendum
3249 2752 3372 2794 esse

1802 2829 2001 2881 uudmn
2033 2829 2258 2884 verbum
2294 2838 2348 2886 et
2383 2829 2619 2884 humano
2641 2829 3108 2897 consimillimum,
3139 2846 3245 2885 non
3278 2846 3376 2885 au-

1805 2929 1909 2975 tem
1956 2919 2148 2976 Filium
2190 2936 2310 2977 esse
2346 2920 2440 2977 Dei
2486 2921 2664 2976 vivum
2704 2930 2760 2977 et
2796 2922 3205 2979 subsistentem.
3235 2923 3369 2979 Cum

1801 3025 1933 3065 vero
1959 3012 2145 3067 abillo
2174 3013 2379 3068 dictum
2428 3015 2519 3080 sit,
2559 3016 2871 3085 nuperrime
2924 3015 3066 3070 hanc
3120 3017 3369 3072 haeresim

115 3102 352 3173 τύχηκα,
378 3104 691 3158 ἐπισκόπων
722 3120 782 3157 τε
804 3104 899 3159 καὶ
922 3103 1153 3159 συνόδων
1178 3103 1485 3167 ἐπιστολαῖς
1513 3104 1695 3174 διαφό-

1801 3105 2161 3172 excogitatam
2185 3104 2376 3171 fuisse,
2413 3111 2471 3170 ᾖ
2502 3108 2895 3162 ostendendum
2934 3117 3037 3174 est,
3060 3107 3368 3180 Origenem,

36 3196 45 3209 '
122 3212 255 3267 ροις,
290 3196 565 3268 πρόπαλαι
597 3197 944 3268 γραφείσαις,
976 3196 1044 3250 δι’
1072 3189 1146 3250 ὧν
1179 3192 1259 3261 εἷς
1296 3197 1388 3250 καὶ
1419 3199 1448 3250 6
1479 3197 1640 3261 αὐτὸς
1666 3199 1695 3251 6

1803 3196 1952 3251 illum
1985 3197 2158 3267 ipsum
2181 3198 2273 3268 qui
2298 3198 2433 3253 vixit
2455 3214 2581 3255 cum
2609 3199 2907 3269 majoribus
2932 3202 3152 3266 nostris,
3174 3203 3241 3255 ab
3270 3201 3374 3256 hoc

120 3284 220 3355 τῆς
248 3286 480 3351 πίστεως
508 3287 794 3359 χαρακτὴρ
827 3287 1231 3341 ἀποδείκνυται.
1257 3288 1372 3340 Οὐκ
1393 3287 1567 3359 ὀρθῶς
1586 3288 1697 3360 ἄρα

120 3377 471 3450 διαϐέϐληκεν
503 3378 673 3435 εἰπὼν
728 3379 1057 3434 ἐπινοεῖσθαι
1090 3381 1188 3451 τὴν
1216 3379 1310 3435 νῦν
1344 3381 1555 3452 αἵρεσιν
1591 3382 1696 3456 ὑπὸ

121 3468 229 3524 τῶν
251 3470 702 3543 διαϐαλλομένων.
720 3472 877 3526 Μετὰ
894 3471 1067 3527 ταῦτα
1095 3473 1289 3544 μικρὸν
1315 3472 1612 3544 προελθὼν,
1631 3475 1692 3527 οὐ

36 3584 37 3587 η
120 3562 213 3617 τὸν
238 3563 510 3635 Ἀστέριον
537 3564 715 3635 μόνον,
739 3564 873 3618 ἀλλὰ
895 3564 987 3617 καὶ
1013 3563 1105 3617 τὸν
1125 3563 1297 3635 μέγαν
1310 3563 1568 3617 Εὑσὲϐιον
1593 3564 1692 3635 (5),

122 3649 185 3711 οὗ
239 3656 338 3727 τῆς
397 3656 701 3728 ἐπισκοπῆς
753 3655 1002 3710 πλεῖσται
1057 3655 1150 3709 καὶ
1204 3655 1480 3725 διαφανεῖς
1529 3657 1701 3727 ἐπαρ-

126 3746 236 3818 χίαι
282 3764 340 3800 τε
384 3749 479 3801 καὶ
526 3748 710 3811 πόλεις
747 3747 1204 3819 μετεποιήθησαν,
1241 3746 1425 3811 κακῶς
1448 3746 1700 3818 ἀγορεύει

36 3872 38 3879 ›
127 3833 307 3891 τοῦτον
331 3836 422 3889 τὸν
454 3837 652 3909 τρόπον
673 3854 686 3867 ’
720 3854 739 3889 ι
782 3837 1116 3908 ’Υπομνήσω
1140 3836 1196 3890 δέ
1222 3853 1304 3900 σε,
1328 3829 1403 3891 ὧν
1431 3836 1594 3900 αὐτὸς
1613 3837 1699 3905 γέ-

36 3956 37 3969 ι
135 3946 153 3981 ι
195 3945 367 4001 γραφε
395 3930 779 4001 συνιστάμενος
805 3933 915 3994 τοῖς
941 3928 1128 3994 κακῶς
1148 3929 1254 3983 ὑπὸ
1282 3928 1541 3983 Εὐσεϐίου
1563 3946 1699 4001 γρα-

135 4040 154 4073 ι
198 4023 461 4091 φεῖσι,ῖνα
475 4022 638 4094 γνῷς,
662 4024 745 4077 ὅτι
776 4024 1067 4093 ἀφίσταται
1093 4021 1279 4091 σαφῶς
1305 4021 1406 4092 τῆς
1428 4022 1698 4094 προτέρας

137 4133 154 4166 ι
199 4114 551 4185 ἀπαγγελίας.
587 4115 838 4189 Γέγραφε
867 4115 978 4188 γὰρ
1009 4116 1200 4179 αὐταῖς
1250 4113 1458 4180 λέξεσιν
1494 4113 1692 4179 οὕτως’

206 4327 261 4388 Et
292 4321 387 4378 Ed.
425 4322 622 4388 Paris.,
646 4340 765 4395 pag.
800 4323 892 4378 20.

139 4507 289 4569 Deus,
312 4519 476 4577 verus
496 4504 712 4577 quidem
746 4520 852 4577 non
876 4505 1239 4577 ,ἀίδιος-δοριξ
1271 4503 1695 4577 apuil_Atliana-

1800 4504 2001 4577 ψηφον-

139 4577 293 4640 sium,
333 4574 582 4645 inquiunt
607 4575 814 4639 Ariani,
839 4576 887 4627 εί
925 4575 1107 4629 seu“:
1144 4574 1277 4645 Θεὸν
1310 4573 1566 4645 ἀληθινὸν
1610 4574 1699 4645 λέ-

139 4663 285 4716 γουσι
318 4643 587 4717 τὸνζΥίδν,
606 4645 667 4699 οὐ
696 4645 857 4699 λυπεῖ
879 4647 1044 4717 ἡμᾶς·
1070 4644 1358 4717 γενόμενος
1377 4643 1487 4717 τερ
1511 4643 1699 4717 ἀληθι-

36 4738 37 4743 η
140 4714 221 4780 νός
249 4718 376 4772 ἐστι.
402 4714 495 4770 Sic
516 4715 595 4770 illi
624 4714 1698 4771 nebulonesludebant‘val‘re.Marcellus

36 4804 39 4833 Δ
142 4798 371 4867 assuetus
399 4786 611 4867 illorum
629 4787 858 4867 techinis
898 4787 1000 4867 hoc
1031 4786 1219 4867 tetigit
1252 4800 1267 4839 :
1306 4787 1533 4867 pupugit
1561 4801 1698 4867 ergo

141 4858 226 4913 τὸν
249 4858 456 4930 ,σαπρόν
487 4855 795 4930 Eusehi_u_n_i,
823 4857 1049 4930 et_hi_nc
1074 4854 1164 4910 illa
1204 4854 1696 4930 imma_n_i_s_'calutit-

144 4929 224 4984 nia
246 4929 295 4981 in
321 4924 636 4996 enimquasi
666 4926 862 4981 Filium
894 4926 988 4982 Dei
1021 4942 1125 4982 non
1153 4940 1342 4996 revera
1360 4924 1556 4996 Filium
1581 4941 1699 4982 cre-

147 4999 285 5068 deret
312 4998 420 5059 ille,
443 4994 536 5066 qui
589 5012 694 5052 non
727 4996 1095 5068 oppugnabat.
1124 4994 1374 5068 ἀληθινὸν
1400 4995 1530 5068 Υίόν
1562 4996 1693 5051 sim-

149 5066 363 5135 pliciter,
390 5070 483 5120 sed
516 5075 726 5121 tantum
756 5066 1052 5123 secundum
1081 5066 1317 5122 mentem
1339 5066 1693 5131 Arianorum,

151 5138 232 5205 qui
279 5151 460 5190 verum
491 5135 684 5202 Deum,
715 5151 901 5192 verum
956 5136 1173 5202 Filium,
1197 5151 1382 5190 verum
1433 5137 1691 5201 Verbum,

151 5221 198 5259 et
224 5205 390 5260 omnia
420 5207 489 5260 de
530 5221 597 5261 eo
639 5220 766 5262 vera
813 5207 1141 5273 fatebantur,
1177 5208 1273 5264 sed
1310 5206 1582 5273 ὑπούλως,
1604 5217 1691 5261 ut-

155 5284 265 5344 pote
284 5290 381 5344 non
411 5288 674 5330 aeternum
717 5280 811 5332 sed
854 5288 1119 5334 creatum.
1153 5292 1265 5332 non
1302 5277 1557 5344 ὀμούσιον
1594 5279 1689 5332 sed

154 5343 584 5418 trepoiiqtov,_ad
631 5361 927 5418 summum_
956 5347 1280 5418 ὁμοιούσιον.
1337 5343 1410 5405 Μ.
1461 5378 1533 5418 -ξ-
1573 5345 1699 5402 Mox

159 5413 253 5491 μβ.
295 5413 459 5491 τύπον
485 5416 612 5491 loco_
632 5415 854 5491 spei-nov,
896 5413 1021 5472 dein
1047 5420 1208 5490 vulgo
1248 5421 1399 5476 deest
1439 5417 1538 5491 μέν
1577 5427 1701 5488 post

36 5504 39 5547 ξ
155 5485 268 5557 ὅταν
286 5495 339 5557 et
360 5485 685 5557 infragvulgo
704 5487 801 5557 Πν.
828 5486 1001 5556 ἅγιον.

220 5556 286 5627 t2)
330 5554 664 5627 Ὠριτέζουξ-
695 5556 802 5612 τοῦ
838 5554 1045 5613 πάλαι.
1093 5554 1213 5613 Jam
1261 5569 1389 5615 ante
1409 5556 1697 5627 Origenem

160 5625 493 5697 recensuerat
523 5625 788 5683 Eusebius
834 5629 976 5684 inter
1003 5643 1098 5683 eos
1130 5644 1268 5697 quos
1295 5632 1412 5685 vult
1464 5625 1695 5683 Marcel-

160 5695 258 5769 lum
288 5696 648 5769 proscidisse;
687 5698 778 5754 hic
826 5713 956 5769 ergo
989 5698 1056 5754 ad
1087 5695 1328 5753 eamdem
1374 5699 1695 5769 sententiam

163 5766 250 5836 sit,
277 5766 553 5839 Origeuem
575 5770 643 5826 ab
667 5783 733 5826 eo
774 5766 1087 5827 accusatum
1128 5769 1289 5826 veluti
1316 5770 1532 5827 Arianis
1559 5768 1699 5841 σύμ-

1802 3288 1922 3359 ipso
1968 3288 2244 3358 Marcello,
2275 3291 2329 3345 iu
2365 3306 2623 3362 processu
2672 3293 2942 3348 sermonis
2988 3294 3281 3358 introduci,
3316 3303 3372 3347 ut

1800 3381 2045 3436 eamdem
2088 3381 2360 3439 foventem
2411 3385 2687 3453 opinionis
2730 3386 3077 3452 sententiam,
3115 3402 3234 3440 cum
3280 3388 3370 3443 iis.

1800 3488 1936 3541 quos
1966 3484 2208 3530 accusat.
2241 3474 2357 3547 Ego
2392 3488 2575 3534 autem
2625 3478 3014 3551 scriptionibus
3039 3479 3372 3535 ecclesiasti—

1799 3566 1880 3621 cis
1910 3568 2329 3638 quamplurimis
2357 3570 2633 3639 perlectis,
2668 3574 2738 3627 ab
2770 3572 3004 3644 Origene
3042 3571 3367 3642 antiquiori-

1802 3656 1901 3712 bus
1939 3657 2068 3712 olim
2114 3658 2452 3715 elaboratis:
2481 3670 2536 3716 et
2566 3662 2814 3733 epistolis
2852 3662 3088 3718 diversis
3135 3661 3371 3733 synodo-

1800 3763 1918 3802 rum
1959 3759 2016 3805 et
2067 3750 2452 3820 episcoporum
2485 3755 2707 3811 nomine
2740 3753 3002 3825 scriptis:
3028 3755 3082 3810 in
3117 3753 3224 3809 illis
3258 3753 3372 3813 sin-

1798 3840 1940 3915 gulis
1990 3844 2240 3899 eumdem
2300 3845 2423 3901 ﬁdei
2475 3847 2790 3914 charactera
2827 3862 2924 3918 per
2951 3848 3133 3902 omnia
3188 3846 3377 3917 depre-

1805 3932 1988 3987 hendi.
2022 3932 2092 3989 Ut
2120 3950 2342 3993 necesse
2373 3938 2447 3993 sit
2481 3938 2633 3993 illum
2678 3955 2869 4010 parum
2901 3939 3198 3996 secundum
3231 3940 3375 3994 veri-

1806 4032 1973 4079 tatem
2029 4026 2172 4083 hanc
2231 4030 2635 4087 accusationem
2688 4033 3023 4099 instituisse,
3058 4030 3374 4103 nuperrime

1803 4116 1962 4173 istam
1980 4119 2231 4177 haeresim
2257 4122 2626 4182 adinventam.
2653 4123 2984 4182 Procedente
3006 4140 3167 4196 porro
3189 4123 3375 4195 paula-

2034 4504 2172 4579 Quid
2201 4504 2269 4559 de
2308 4503 2401 4579 illo
2442 4504 2787 4579 χαλκεντέρῳ
2817 4504 3110 4579 scripserat
3149 4504 3372 4560 Marcel-

1800 4573 1909 4647 lus,
1938 4591 2041 4630 non
2078 4574 2265 4647 liquet.
2299 4573 2812 4647 CerteAthauasius
2842 4573 3241 4647 illiusadvocat
3279 4584 3372 4647 Ate-

1798 4643 2149 4708 stimoniutn,’
2198 4645 2249 4698 itt
2281 4660 2389 4712 quo
2426 4643 2722 4768 διαρῤΊδην
2755 4643 2883 4699 illud
2903 4645 3238 4725 _Arianornnt
3263 4644 3371 4769 ιζήο

1799 4735 1998 4769 ωισιια.
2027 4711 2095 4769 ἦν
2117 4716 2207 4769 ὅτε
2236 4715 2337 4769 οὐκ
2359 4711 2449 4769 ἦν.
2474 4715 2604 4769 relel
2633 4727 2740 4769 lltll‘
2765 4725 2821 4769 et
2840 4716 3100 4769 relicitur.
3119 4713 3265 4767 M.-—
3312 4733 3371 4768 u-

1799 4735 1998 4789 φισμα,
2027 4711 2095 4789 ἦν
2117 4716 2207 4770 ὅτε
2236 4711 2337 4789 οὐκ
2359 4711 2449 4785 ἦν,
2474 4711 2740 4789 refellitur
2765 4725 2821 4769 et
2840 4713 3100 4789 rejicitur.
3119 4711 3373 4789 M.—_—Sti—

1799 4783 1991 4858 ρτθίὒς
2012 4783 2140 4842 ante
2166 4783 2403 4858 προῖὼνξ
2441 4785 2578 4858 infra
2603 4788 2632 4841 6
2657 4794 2784 4858 ante
2811 4785 2973 4849 αὑτός
3008 4785 3164 4858 vulgo
3194 4784 3368 4858 deest.

1869 4858 1945 4932 (3)
1991 4858 2105 4912 Τὸν
2142 4858 2337 4927 μέγαν
2381 4858 2692 4910 Εὐσέϐιον.
2751 4858 2981 4921 Semper
3024 4858 3125 4909 hoc
3165 4858 3371 4924 elogio,

1803 4929 1945 5007 [tunc
1974 4929 2295 5007 alastorem;
2331 4925 2588 5007 hicgvero
2630 4934 2853 5007 apparet
2900 4925 3048 5007 illum
3093 4924 3372 5007 designari

1799 4996 2292 5054 Nicomediensem.
2328 4995 2459 5051 Erat
2493 4996 2637 5051 enim
2665 4993 3074 5065 episcopatuum
3108 4993 3370 5065 desultor,

1798 5068 2131 5140 Berytensis,
2180 5066 2646 5140 Nicomediensis,
2681 5064 3316 5140 (gotistanI‘inopolitauus
3355 5084 3369 5119 :

1795 5135 1919 5195 etsi
1952 5147 2099 5195 recte
2130 5138 2372 5200 memini,
2395 5137 2631 5191 ambitor
2662 5135 2788 5190 olim
2826 5136 3178 5190 Antiochense
3206 5135 3371 5190 sedis.

1796 5208 1959 5277 Quasi
1991 5211 2094 5264 hoc
2116 5209 2168 5261 in
2194 5221 2261 5264 eo
2286 5207 2444 5262 laude
2472 5205 2652 5261 fuerat
2682 5206 2927 5275 dignum,
2955 5207 3026 5260 ita
3057 5205 3126 5258 ab
3153 5204 3373 5277 hocal-

1798 5273 1915 5336 tero
1966 5278 2199 5335 Eusebio
2252 5273 3042 5343 commemoratur{obiectum
3076 5282 3159 5329 est
3184 5273 3235 5330 ei
3271 5275 3374 5330 hoc

1803 5352 2003 5419 ipsum,
2032 5346 2344 5419 ambitionis
2371 5346 2611 5419 animali,
2638 5362 2734 5419 per
2762 5345 3200 5419 Constantinum,
3233 5359 3374 5419 non-

1802 5413 1928 5475 dum
1955 5413 2331 5501 ἅρειανίξοντα
2363 5435 2376 5471 :
2421 5417 2468 5500 is
2495 5431 2619 5471 eum
2644 5413 2906 5541 depingit
2950 5416 3090 5486 apud
3124 5413 3376 5496 Theudo-

1803 5501 1907 5541 ret.
1930 5492 2167 5541 nondum
2217 5489 2285 5541 ab
2311 5487 2402 5541 illo
2436 5498 2708 5541 Inescatus
2756 5486 2830 5541 th.
2862 5503 2913 5541 ι.
2940 5501 3064 5541 can.
3101 5483 3171 5539 20
3199 5500 3216 5541 :
3251 5486 3374 5539 vute

1803 5501 1907 5544 ret.
1930 5483 2167 5556 nondum
2217 5489 2285 5543 ab
2311 5487 2402 5542 illo
2436 5486 2708 5542 inescatus
2733 5483 2913 5553 lihft,
2940 5483 3064 5556 cap.
3101 5483 3171 5539 20
3199 5500 3216 5552 ;
3251 5485 3374 5556 vide

1801 5553 2082 5627 epistolam
2136 5556 2392 5614 Ecclesia:
2434 5559 2811 5613 Alexandrina;
2857 5553 3290 5628 apud-Athanas.
3318 5554 3373 5628 in

1802 5624 1957 5700 April.
1993 5628 2140 5700 inde
2154 5631 2274 5700 ejus
2302 5629 2595 5700 desultoria
2627 5624 3240 5700 ambitione.M.—llein
3260 5624 3375 5700 vul-

1797 5692 1868 5772 go
1894 5693 1970 5757 ὧν
2012 5692 2265 5772 αὐτὸς’γ.
2315 5697 2756 5772 συνεσταλμένος.
2808 5698 2923 5772 ΜΡ.
2956 5716 3047 5772 γρ.
3088 5692 3375 5750 συνεσταλι

1804 5769 1999 5842 μένως,
2023 5771 2162 5828 idem
2193 5785 2316 5828 mox
2333 5787 2425 5843 γρ.
2450 5769 2778 5840 ἐπαγγελίας
2807 5770 2927 5826 loco
2952 5769 3124 5837 ἀπαγ.

2223 4854 2347 4927 far
2381 4855 2692 4910 Εὐσέϐιον.
2751 4855 2981 4927 Semper
3024 4856 3125 4927 hoc
3165 4854 3371 4927 elogio,
