4190 6406
576 331 682 384 758

1211 331 1482 390 EUSEBII
1521 335 1992 396 CESABIENSIS
2027 337 2149 395 OPP

2256 339 2406 396 ’ΔΗΒ
2445 337 2538 394 Π.
2575 369 2652 380 -—
2687 335 3112 394 DOGMATICA.

3733 331 3846 387 75$
3871 362 3880 372 ι

573 443 666 534 tim
697 457 967 512 sermone,
999 449 1069 503 ad
1106 450 1250 504 illam
1275 465 1463 509 contra
1494 458 1766 512 Asterium
1803 460 2145 528 calumniam,

2256 481 2276 514 ι
2324 462 2398 515 Τὸ
2430 461 2539 534 γὰρ
2559 460 2853 530 κεφάλαιον
2877 455 3016 512 εἶναι
3043 458 3141 528 τῆς
3165 455 3453 524 ἐπιστολῆς
3477 452 3572 506 ἐπὶ
3595 453 3696 524 τὴν
3714 451 3842 522 βου-

573 531 791 590 Et.sebii
841 553 1060 608 quoque
1098 544 1347 610 adjunxit
1377 553 1780 606 accusationem
1817 569 1833 607 :
1867 551 2014 608 illius
2045 553 2154 608 Eu-

569 625 730 690 senii,
759 642 918 696 quem
945 631 1048 686 sibi
1083 637 1435 705 quamplures
1467 641 1721 698 civitates
1751 653 1807 696 et
1837 647 2148 712 provinciae,

571 719 879 806 omittat-tque
920 721 1258 792 clarissitttw,
1291 729 1603 799 episcopum
1651 734 2018 800 postularunt.
2059 733 2150 806 [Β.

572 803 768 879 XXIX]
801 829 820 861 ι
849 811 1136 870 Revocabo
1163 827 1246 882 te,.
1265 819 1460 888 inquit,
1493 822 1546 876 itt
1575 824 1888 878 memoriam
1942 803 2149 882 cortu—tm

573 917 590 946 ι
641 915 762 966 ιμιίο
790 905 1034 973 scripsit,
1075 907 1202 963 licet
1227 911 1415 968 timide
1439 918 1786 972 consentiens
1809 919 2009 974 cumiis
2035 935 2156 988 qua:

496 1073 506 1082 .
575 1009 592 1040 ι
639 993 841 1064 scripta
893 1011 1050 1052 erant
1104 1001 1350 1072 improbe
1391 1007 1464 1060 ab
1491 1007 1738 1076 Eusebio,
1771 1021 1826 1062 ut
1859 1025 2154 1082 cognoscas

499 1093 506 1112 ί
572 1099 590 1128 ι
637 1097 760 1136 eum
795 1089 1086 1146 manifesto
1119 1108 1147 1146 a
1181 1095 1348 1163 priori
1397 1112 1495 1152 suo
1543 1101 1814 1170 promisso
1869 1103 2150 1160 resiliisse.

575 1191 592 1222 ι
641 1173 888 1234 Totidem
909 1183 1051 1236 enim
1085 1188 1267 1240 verbis
1299 1188 1514 1259 reliquit
1543 1194 1800 1263 scriptum
1827 1213 1840 1247 :
1874 1196 2044 1266 Caput
2069 1207 2152 1252 et-

575 1286 592 1316 (
639 1271 782 1322 cuitu
816 1274 1060 1341 epistola:
1083 1287 1162 1332 est
1188 1280 1343 1345 illud,
1377 1283 1443 1336 ad
1470 1284 1646 1341 Patris
1679 1287 2048 1343 consilium-et
2069 1304 2156 1344 vo-

574 1379 592 1410 c
643 1361 900 1418 luntatem
971 1367 1094 1422 Filii
1148 1374 1548 1440 generationem
1607 1377 1944 1434 referendam
1991 1395 2148 1436 esse:

576 1471 592 1500 σ
643 1457 788 1512 nullo
819 1471 996 1512 autem
1027 1473 1197 1530 pacto-
1223 1463 1314 1518 Dei
1359 1467 1660 1538 genituram
1707 1472 1942 1540 passioni
1985 1475 2153 1528 ascri--

576 1565 592 1595 ι
641 1549 890 1604 beodam.
919 1555 1094 1621 Atque
1129 1557 1230 1611 hoc
1259 1567 1341 1616 est
1379 1559 1506 1616 illud
1537 1564 1677 1631 quod
1709 1564 1764 1617 in
1797 1565 2012 1634 scriptis
2041 1567 2154 1623 suis

577 1659 593 1688 ι
643 1643 1048 1706 prudentissimi
1079 1649 1244 1700 nostri
1281 1649 1469 1705 Patres
1495 1655 1842 1710 sanciverunt
1871 1659 2030 1712 :dmn
2061 1661 2156 1714 de-

578 1751 594 1780 ι
642 1732 844 1788 cliuant
867 1737 1238 1793 bmreticorum
1271 1741 1702 1815 impietates,qui
1731 1746 1962 1802 filiorum
1991 1752 2158 1820 passi-

2261 571 2278 604 ι
2325 551 2422 624 λὴν
2453 551 2531 623 (4)
2553 552 2646 605 τοῦ
2686 550 2900 621 Πατρὸς
2925 549 3239 617 ἀνενεγκεῖν
3277 545 3370 600 τοῦ
3399 544 3526 598 Υἱοῦ
3555 545 3655 614 τὴν
3684 545 3841 612 γένε-

2262 663 2280 696 ι
2329 661 2434 708 σιν,
2467 645 2564 697 καὶ
2598 643 2674 714 μὴ
2709 641 2880 706 πάθος
2905 640 3182 710 ἀποφῆναι
3221 638 3316 692 τοῦ
3351 637 3486 691 Θεοῦ
3519 637 3619 705 τὴν
3651 631 3838 706 γονῆν.

2262 759 2278 790 ι
2325 740 2502 809 Ὅπερ
2515 739 2566 790 οἱ
2585 737 2885 805 σοφώτατοι
2903 734 2980 807 (5)
3003 735 3110 787 τῶν
3127 719 3272 787 Πατέ
3280 748 3406 802 ρων,
3425 733 3482 784 ὲν
3498 731 3610 793 τοῖς
3621 728 3842 791 οἰκείοις

2261 853 2280 884 ε
2329 833 2700 902 συντάγμασιν
2747 828 3109 899 ἀπεφήναντο,
3145 825 3508 895 φυλαξάμενοι
3548 822 3660 876 τῶν
3691 822 3842 890 αἱρε-

2261 947 2280 978 ‹
2325 925 2494 980 τικῶν
2522 924 2619 996 τὴν
2643 922 2916 986 ἀσέϐειαν,
2943 921 2992 974 οἶ
3013 918 3331 990 σωματικήν
3351 933 3472 970 τινα
3493 917 3586 969 καὶ
3611 915 3840 984 παθητι-

2261 1040 2278 1070 ι
2325 1018 2428 1090 κὴν
2465 1016 2869 1086 κατεψεύσαντο
2903 1013 2998 1067 τοῦ
3029 1011 3162 1066 Θεοῦ
3213 1013 3313 1083 τὴν
3343 1008 3712 1077 τεκνογονίαν,
3738 1007 3854 1070 τὰς,

2261 1131 2278 1162 ε
2325 1109 2596 1182 προσολὰς
2626 1106 3064 1180 δογματίζοντες.
3099 1123 3118 1156 ι
3145 1105 3254 1158 Καὶ
3285 1104 3422 1176 πρὸς
3440 1103 3642 1166 ταύτας
3661 1102 3716 1154 δὲ
3738 1101 3850 1164 τὰς.

2257 1202 2460 1272 φωνὰς,
2485 1199 2686 1273 πολλὴν
2715 1198 2842 1269 ἑξῆς
2872 1198 3104 1250 ποιεῖται
3129 1194 3227 1264 τὴν
3253 1193 3590 1263 ἀντίρρησιν,
3629 1187 3745 1259 μεθ’
3769 1189 3838 1256 ἣν

2255 1293 2608 1347 ὲπισυνάπτει
2660 1290 2868 1358 λέγων⁹
2913 1309 2932 1341 ι
2979 1289 3140 1342 Ὥστε
3177 1283 3542 1356 συνηγορῆσαι
3589 1280 3854 1352 Εὑσεϐίῳ.

2262 1405 2280 1437 ι
2329 1383 2808 1455 κακῶςχράψαντι
2832 1380 3152 1452 βουλόμενος
3198 1377 3492 1450 Ἀστέριος,
3528 1374 3742 1445 φύσεώς
3773 1391 3836 1427 τε

2262 1497 2278 1530 ι
2327 1477 2561 1549 Πατρός,
2607 1478 2700 1530 καὶ
2741 1474 2956 1544 φύσεως
2979 1472 3275 1543 ἀγεννήτου
3307 1468 3706 1540 μνημονεύσας,
3736 1467 3834 1520 αὐ-

2261 1591 2277 1622 ι
2323 1571 2414 1633 τὸς
2437 1567 2613 1638 ἑαυτῷ
2639 1569 2940 1638 κατήγορος
2972 1565 3183 1634 γέγονε.
3213 1561 3354 1614 Πολὺ
3387 1559 3494 1631 γὰρ
3529 1559 3737 1629 βέλτιον
3767 1553 3838 1628 ἦν

2260 1682 2280 1714 ι
2323 1662 2384 1716 τὸ
2415 1661 2585 1725 πάθος
2613 1659 2708 1713 τοῦ
2739 1660 3005 1730 νοήματος
3031 1654 3313 1718 Εὐσεὸίου,
3335 1654 3410 1718 ὡς
3439 1651 3600 1716 αὐτὸς
3628 1653 3830 1722 γέγρα-

2263 1775 2279 1806 ι
2329 1771 2448 1823 φεν,
2487 1755 2544 1807 ὲν
2580 1749 2918 1824 βραχυλογία·
2943 1749 3193 1819 κείμενον
3222 1745 3575 1812 ἀνεξέταστον
3615 1743 3838 1796 καταλι-

577 1847 594 1878 ι
640 1843 735 1880 vas
758 1833 1140 1900 etcorporales
1159 1838 1536 1904 generationes
1562 1841 1613 1893 in
1641 1838 1752 1895 Deo
1780 1855 1880 1910 per
1911 1842 2149 1898 emissio-

2260 1866 2279 1899 ι
2323 1849 2470 1909 πεῖν,
2504 1845 2536 1916 ἥ
2569 1844 2796 1917 τοιαύτῃ
2826 1841 3026 1914 θεωρίᾳ
3060 1841 3402 1912 χρησάμενον
3439 1838 3499 1891 τὺ
3529 1835 3850 1908 πανοῦργον-

577 1937 594 1967 ι
645 1935 738 1976 nes
768 1923 1305 1980 comminiscuntur.)
1341 1929 1488 1996 Quas
1510 1945 1690 1994 voces,
1711 1933 1762 1986 in
1795 1934 2148 2003 sequentibus

535 2051 550 2060 .
581 2011 848 2068 latissime
877 2017 1121 2070 cont‘utat
1151 2033 1164 2072 :
1191 2020 1388 2088 quibus
1419 2022 1687 2078 subnectit
1715 2025 1767 2078 in
1795 2023 1910 2080 tunc
1937 2025 2100 2081 verba
2132 2045 2146 2080 :

576 2123 593 2152 ι
649 2103 796 2159 Unde
837 2123 959 2162 cum
1000 2111 1234 2166 Eusebio
1264 2114 1471 2167 erranti
1503 2123 1867 2170 consentanea
1897 2131 1996 2186 per
2023 2132 2145 2172 om-

579 2217 594 2246 ι
647 2199 734 2250 uia
763 2201 1008 2255 Asterius
1036 2207 1300 2272 posuerit,
1335 2205 1526 2274 injecta
1561 2209 1838 2264 mentione
1867 2211 1932 2264 de
1953 2219 2148 2264 natura

575 2309 592 2338 ε
643 2289 841 2358 Patris,
878 2302 928 2346 ct
957 2294 1177 2363 ingeniti
1211 2307 1429 2364 natura,
1467 2298 1580 2367 ipse
1611 2300 1811 2355 suimet
1863 2311 2148 2356 accusator

574 2400 592 2430 ι
642 2383 886 2438 exsistit:
909 2385 1170 2452 siquidem
1200 2390 1436 2444 omnino
1453 2389 1815 2460 praestitisset,
1833 2393 2148 2449 Eusebianm

575 2491 594 2519 ι
640 2475 925 2528 sententia:
953 2477 1284 2543 passionem,
1318 2479 1394 2534 uti
1433 2479 1657 2550 scripsit
1685 2481 1824 2550 ipse,
1853 2482 2148 2553 inexplica-

573 2582 591 2609 ε
641 2573 748 2617 tam
777 2567 1118 2622 etzbrevitate
1165 2571 1474 2628 conclusam
1513 2575 1952 2642 praetermisisse,
1983 2590 2144 2644 quam

573 2674 590 2704 ι
641 2672 738 2725 per
770 2658 1148 2728 hujuscemodi
1205 2665 1717 2734 contemplationem
1775 2677 2048 2721 versatam
2081 2667 2146 2720 il-

574 2767 592 2798 ε
643 2750 747 2802 lam
781 2751 1130 2821 scriptiooem
1153 2755 1206 2808 in
1233 2753 1404 2810 lucem
1440 2757 1752 2826 protulisse.
1786 2775 1804 2809 ι
1835 2759 1954 2812 Post
1975 2773 2144 2827 pauca

569 2844 880 2900 subnectit:
919 2864 938 2897 ι
971 2845 1026 2900 In
1087 2851 1340 2916 prmsenti
1413 2851 1847 2905 examinabimus
1901 2867 2066 2904 unum
2117 2867 2148 2906 e

574 2952 592 2982 ι
647 2935 830 2988 inultis
857 2936 923 2990 ab
948 2937 1168 2992 Asterie
1197 2941 1516 3009 positorum.
1541 2941 1630 2996 Ait
1652 2943 1794 2998 enim
1827 2961 1842 3002 ;
1869 2943 2018 2996 Alius
2040 2953 2145 3008 est,

2259 1959 2278 1991 ι
2326 1938 2420 1992 τοῦ
2446 1937 2772 2008 γράμματος
2804 1936 2884 1997 είς
2907 1934 3022 2002 φῶς
3045 1933 3290 2001 ἀγαγεῖν.
3333 1949 3350 1984 ι
3388 1928 3497 1983 Καὶ
3529 1927 3644 2000 μεθ’
3671 1928 3840 2008 ἕτερα

2253 1987 2832 2099 έπιλέγειῗῑὶκῖυνῖδὲ
2864 1987 3208 2095 έέετάσωμεν
3233 2024 3292 2077 ’ἐν
3317 2041 3368 2076 τι
3401 1987 3562 2094 ῥητόν
3589 2020 3698 2074 τῶν

2257 2143 2276 2174 ι
2335 2122 2608 2194 Ἀστερίου
2626 2119 2966 2192 γραφέντων.
3002 2118 3144 2188 Ἔφη
3179 2116 3288 2188 γὰρ
3309 2110 3482 2178 οὗτος·
3505 2113 3697 2176 ’Ἄλλος
3733 2113 3832 2183 μὲν

2256 2233 2274 2264 ι
2321 2213 2466 2267 ἔστιν
2502 2215 2530 2266 ό
2558 2210 2770 2282 Πατὴρ,
2801 2210 2830 2261 ὁ
2857 2209 3117 2278 γεννήσας
3152 2207 3214 2273 ἐξ
3243 2205 3406 2260 αὐτοῦ
3446 2205 3535 2260 τὸν
3571 2204 3832 2276 μονογενῆ

2256 2323 2274 2356 ι
2321 2305 2493 2372 Λόγον
2529 2303 2623 2356 καὶ
2654 2299 2994 2372 πρωτότοκον
3029 2301 3206 2370 πάσης
3232 2297 3480 2360 κτίσεως.
3522 2296 3834 2367 Ἀμφότερα

2253 2416 2271 2448 α
2319 2393 2561 2464 συνάψας
2581 2393 2846 2463 γέγραφε,
2885 2389 3144 2463 μονογενῆ
3173 2389 3266 2442 καὶ
3295 2387 3636 2459 πρωτότοκον
3656 2403 3670 2416 ’
3697 2385 3830 2438 πολ-

2253 2509 2270 2540 ι
2315 2487 2415 2558 λῆς
2439 2487 2812 2556 ἐναντιότητος
2852 2486 2909 2537 έν
2937 2487 3048 2546 τοῖς
3088 2483 3346 2553 ὀνόμασιν
3391 2479 3558 2549 οὔσης
3597 2479 3830 2543 τούτοις,

2251 2599 2268 2630 ι
2317 2579 2392 2642 ὡς
2415 2578 2533 2632 ἔστι
2563 2577 2742 2650 ῥᾴδιον
2761 2575 2854 2630 καὶ
2881 2578 2994 2639 τοῖς
3029 2574 3232 2645 σφόδρα
3269 2572 3571 2643 δυσμαθέσι
3599 2573 3821 2640 γνῶναι.

2251 2691 2270 2726 ι
2315 2672 2483 2743 Δῆλον
2503 2669 2612 2742 γὰρ
2633 2671 2712 2724 ὅτι
2729 2672 2756 2724 ὁ
2777 2667 3108 2739 Μονογενὴς,
3135 2668 3183 2720 εἰ
3206 2665 3372 2728 ὅντως
3402 2665 3694 2736 μονογενὴς
3719 2665 3826 2737 εἴη,

2253 2781 2270 2813 ι
2312 2763 2412 2814 οὐκ
2449 2760 2530 2813 ἐτι
2561 2760 2901 2832 πρωτότοκος
2929 2753 3066 2812 εἶναι
3093 2755 3336 2822 δύναται,
3365 2758 3458 2810 καὶ
3490 2757 3518 2809 ὁ
3551 2755 3834 2827 Πρωτότο-

2253 2873 2270 2905 ι
2319 2871 2433 2916 κος,
2523 2851 2886 2922 πρωτότοκος,
2923 2850 2983 2905 οὐ
3027 2849 3248 2904 δύναται
3281 2848 3572 2920 μονογενὴς
3599 2843 3757 2902 εἶναι.
3805 2867 3822 2898 ι

2245 2945 2356 2999 Καὶ
2381 2947 2438 2998 έν
2461 2943 2671 3007 τούτοις
2701 2944 2759 2997 δὲ
2793 2944 2884 2997 τὸν
2921 2943 3198 3014 Ἀστέριον
3229 2943 3468 2996 αἰτιᾶται
3503 2940 3702 3011 μάτην.
3751 2939 3840 2992 Ού.

575 3045 592 3074 ι
641 3027 806 3089 enim,
825 3027 915 3095 qui
941 3029 1114 3098 gignit
1138 3029 1321 3097 Pater,
1345 3032 1412 3086 de
1437 3048 1514 3099 se,
1535 3034 1867 3104 unigenitum
1887 3033 2142 3100 Verbum,

2256 3039 2356 3110 γὰρ
2379 3037 2564 3102 αὑτοῦ,
2595 3036 2732 3092 ἀλλά
2756 3037 2854 3110 τῆς
2883 3036 3034 3100 θείας
3065 3036 3287 3108 Γραφῆς
3335 3034 3629 3104 ἐτύγχανον
3687 3028 3828 3086 εἶναι

575 3136 592 3166 ι
639 3129 694 3171 ct
709 3119 888 3172 omnis
905 3131 1170 3175 creaturae
1185 3123 1625 3194 primOgenitum.
1641 3125 1924 3195 Copulavit
1943 3137 2148 3182 utrum-

2247 3129 2340 3182 τὸν
2363 3129 2488 3183 Υἰὸν
2512 3128 2603 3181 τοῦ
2623 3128 2759 3182 Θεοῦ
2786 3145 2916 3182 ποτε
2948 3128 3046 3198 μὲν
3067 3127 3321 3196 λέγουσαι
3341 3125 3641 3196 μονογενῆ
3668 3124 3826 3191 Flor,

573 3229 590 3260 ι
637 3225 746 3278 que
775 3212 1109 3282 unigenitum
1150 3190 1204 3268 et
1233 3190 1652 3287 primogenitum
1687 3190 1738 3272 in
1767 3219 1979 3284 eodem,
2023 3234 2147 3274 cum

2256 3219 2384 3274 ποτὲ
2410 3219 2466 3274 δὲ
2495 3221 2876 3289 Πρωτότοκον
2909 3190 3112 3286 πάσης
3140 3190 3416 3285 κτίσεως,
3435 3190 3638 3287 φωναί.-
3661 3190 3828 3280 Αὖθις

573 3321 592 3352 ι
640 3315 878 3371 pugnent
904 3319 934 3358 ο
963 3305 1232 3362 diametro
1257 3309 1371 3363 hate
1401 3309 1544 3365 inter
1573 3325 1714 3375 sese,
1749 3313 1890 3382 quod
1920 3312 2149 3381 quisque

573 3414 591 3444 ¢
637 3395 836 3463 poterit
861 3399 1075 3463 negotio
1103 3398 1268 3463 nullo,
1293 3400 1380 3454 vel
1411 3403 1816 3458 iudoctissimus
1837 3405 2146 3461 observare.

572 3505 592 3537 ι
640 3487 796 3543 Patet
822 3492 1044 3554 etenim,
1072 3491 1444 3561 Unigenituut,
1470 3497 1512 3548 si
1547 3509 1736 3550 revera
1770 3496 1932 3550 fuerit
1961 3497 2149 3568 unige-

575 3599 593 3629 ι
642 3581 808 3644 uitus,
849 3598 952 3636 non
987 3599 1144 3652 posse
1171 3594 1225 3639 et
1259 3585 1680 3656 primogenitum
1703 3585 2143 3650 esse,etPrimo-

575 3691 593 3724 ι
641 3675 879 3742 genitum
911 3691 1147 3746 quoque,
1175 3689 1444 3748 quatenus
1485 3677 1558 3733 sit
1593 3679 2002 3752 primogenitus,
2034 3697 2140 3737 non

575 3785 592 3816 ι
642 3782 802 3836 posse
831 3769 1163 3838 unigenitum
1187 3785 1328 3824 esse.
1355 3789 1374 3822 ι
1403 3769 1508 3824 Sed
1538 3769 1735 3824 frustra
1761 3771 1848 3824 hic
1869 3772 2141 3826 Asterium

567 3867 811 3913 ειυοιιειιι.
857 3858 990 3914 Nam
1040 3877 1143 3914 non
1183 3862 1270 3916 ille
1321 3879 1440 3928 sua,
1475 3863 1568 3918 sed
1599 3862 1922 3934 Scriptura-3
1952 3863 2158 3918 divinat

570 3951 732 4004 verba
779 3953 1100 4022 usurpabat.
1156 3951 1436 4008 Afﬁrmant
1469 3957 1526 4018 >14
1557 3955 1756 4010 etenim
1805 3955 1898 4009 Dei
1949 3955 2142 4008 Filium

571 4057 733 4106 nunc,
776 4061 808 4092 c.
834 4045 1176 4112 unigenitum
1208 4064 1224 4095 ι
1259 4061 1380 4100 esse
1413 4062 1428 4100 :
1457 4047 1612 4108 alias,
1639 4065 1657 4096 ι
1683 4057 1946 4100 creatura:
1968 4047 2146 4100 omnis

569 4136 1017 4206 primogenitum.
1055 4159 1074 4192 ι
1111 4141 1276 4194 Infert
1299 4140 1561 4209 deinceps
1579 4138 1670 4210 lii.
1691 4138 1924 4211 LXXVI]
1953 4158 1965 4193 :
1998 4157 2017 4192 ι
2038 4139 2144 4194 Sed

573 4247 591 4278 ι
638 4227 859 4300 insuper
883 4231 994 4296 ille,
1015 4234 1317 4301 posthabita
1335 4233 1637 4304 cognitione
1654 4247 1800 4296 vera,
1818 4233 2148 4300 speculatio-

571 4345 594 4381 ι
633 4335 754 4374 nem
785 4325 1076 4392 quamdam
1110 4324 1460 4380 artiﬁciosam
1489 4323 1904 4379 demonstravit.
1925 4323 1989 4384 Et
2021 4339 2143 4378 cum

647 4557 704 4616 ’Β
746 4549 842 4603 Ed.
874 4549 1211 4620 l"aris.,pag.
1240 4551 1329 4605 ‘Zl.

641 4759 717 4827 (4)
771 4754 902 4809 Ἐπὶ
936 4754 1051 4819 τὴν
1070 4753 1333 4827 βουλήφς.
1357 4753 1620 4827 Eusebius
1646 4769 1766 4808 cum
1785 4769 1883 4810 suo
1901 4753 2032 4814 Ario
2053 4754 2149 4812 hoc

2259 4771 2448 4826 τεχνον
2477 4753 2690 4827 _As_lerii
2735 4754 2960 4824 hujusce
3009 4771 3022 4807 :

575 4824 799 4884 docrbat
829 4827 1101 4880 Christum
1138 4841 1259 4878 esse
1291 4825 1382 4878 Dei
1415 4824 1628 4888 Filium,
1661 4840 1768 4879 non
1821 4835 2011 4879 natura
2057 4827 2150 4880 sed

576 4901 881 4956 voluntate;
914 4908 971 4948 at
1005 4911 1108 4948 non
1133 4893 1440 4956 Marcellus,
1464 4895 1556 4949 sed
1588 4911 1686 4948 nec.
1710 4893 1872 4948 Arius
1897 4894 2071 4958 πάθος
2097 4896 2151 4950 in

579 4973 684 5023 Deo
727 4965 1106 5036 admittebant,
1157 4977 1211 5019 et
1245 4981 1390 5036 mox,
1415 4965 1689 5036 παθητικὴ
1737 4964 2060 5036 τεκνογονία
2095 4967 2150 5020 in

575 5040 682 5093 Deo
719 5037 786 5091 ab
837 5035 1110 5106 haereticis
1126 5035 1462 5106 “introducta
1514 5035 1827 5106 damnatur;
1877 5035 2147 5106 προϐολάς

567 5109 765 5174 opinor
792 5107 803 5158 i
812 5125 842 5228 ἲ
841 5106 1063 5229 1telligit,
1101 5104 1190 5160 illa
1211 5107 1522 5175 blasphema
1542 5105 1898 5162 deliramenta
1923 5104 2146 5161 Gttosti-

569 5194 779 5229 uul‘tllll.
871 5217 884 5228 .

569 5194 779 5235 CUI'HIII.
812 5194 884 5229 ΠΙ.

640 5249 717 5318 (5)
759 5248 945 5314 ’Ὅπερ
1006 5245 1372 5316 σοφώτατος.
1421 5244 1728 5318 Legendum
1754 5285 1770 5311 ,
1801 5245 1852 5299 οἱ
1895 5245 2142 5318 σοφώτατ-

569 5314 674 5382 τοι,
700 5314 764 5371 ἰιι
795 5319 846 5372 iu
889 5314 1321 5386 pratredenttbus
1351 5333 1366 5383 ;
1399 5314 1716 5386 ubi'eadem
1765 5327 2043 5386 usurpata,
2075 5317 2145 5373 ab

572 5389 805 5444 Eusebio
824 5385 1222 5458 Nicotncdiensi
1251 5387 1520 5458 dicuntur.
1545 5385 1834 5458 M.--lnfra
1859 5385 2020 5456 vulgo
2047 5403 2141 5458 γρ.

568 5458 754 5522 κακῶς
779 5471 836 5511 et
876 5459 906 5510 ό
943 5457 1089 5509 Ἀστ.
1143 5456 1310 5510 Porro
1369 5456 1432 5510 Β.
1481 5456 1742 5526 γεννητοῦ·
1795 5459 1914 5512 loco
1957 5456 2138 5526 ἀγενν.

566 5544 622 5586 et
652 5530 818 5584 αὐτοῦ
849 5529 966 5582 loco
995 5528 1175 5598 ἐαυτῷ
1204 5537 1258 5582 et
1283 5527 1444 5598 βάθος
1482 5529 1598 5582 loco
1637 5528 1810 5594 πάθος
1837 5544 1978 5583 corr.
2009 5529 2142 5584 Dein

566 5603 728 5672 Volgo
775 5599 1104 5672 ἐξετάσομεν
1135 5607 1188 5652 et
1205 5598 1408 5672 μαθεῖν
1445 5599 1582 5672 loco_
1607 5599 1810 5666 γνῶναι
1849 5618 1862 5653 :
1915 5601 2145 5667 denique

565 5668 729 5739 vulgo
758 5671 942 5741 ἐτύγχ.
991 5668 1264 5742 εἶναιγὰρ
1301 5669 1425 5742 Υἱὸν
1467 5685 1517 5720 τ.
1550 5669 1612 5721 Θ.
1644 5686 1706 5728 π.
1759 5689 1814 5742 μ.
1841 5689 2048 5740 atuerer.
2083 5689 2143 5724 πε

645 5760 821 5810 πρωϊ.
851 5739 1030 5794 mm.
1067 5740 1322 5807 λέγουσαι
1351 5739 1536 5810 φάναι.

639 5809 726 5884 (.6).
769 5812 1136 5877 Ἄπεδείξατο
1155 5811 1420 5878 θείοις-ξαν.
1451 5809 1772 5883 l‘crstringit
1805 5811 2036 5884 θεωρίαν
2063 5814 2146 5868 ἐν-

2256 3311 2314 3366 δὲ
2363 3311 2620 3366 συνάπτει
2671 3309 2881 3375 τούτοις
2927 3311 3120 3378 λέγων·
3167 3330 3185 3362 ι
3249 3309 3387 3362 Ἀλλ’
3427 3309 3699 3380 ἀφέμενος
3731 3308 3830 3377 τῆς

2261 3427 2280 3457 ί
2321 3405 2555 3476 ἀληθοῦς
2582 3404 2858 3474 γνώσεως,
2884 3404 2984 3475 τὴν
3013 3402 3257 3473 ἔντεχνον
3283 3405 3414 3474 ἡμῖν
3467 3403 3562 3456 καὶ
3597 3400 3689 3454 νῦν
3721 3402 3830 3453 ἀπο

2263 3517 2280 3549 ι
2319 3496 2556 3562 εδείξατο
2585 3495 2817 3566 θεωρίαν
2857 3495 2956 3566 (ϐ).
2995 3496 3109 3549 Οὐκ
3137 3495 3275 3566 ἔχων
3303 3495 3414 3564 γὰρ
3435 3497 3500 3548 ὲκ
3529 3494 3637 3547 τῶν
3670 3491 3842 3546 θείων.

2250 3611 2268 3642 ι
2299 3589 2530 3663 Γραφῶν
2555 3589 2615 3643 τὸ
2641 3588 2834 3643 ἑαυτοῦ
2855 3589 3264 3644 κατασκευάσαι
3297 3588 3560 3660 βούλημα,
3585 3587 3676 3640 ἐπὶ
3702 3587 3831 3648 τοὺς

2249 3701 2270 3734 ς
2307 3681 2666 3751 σοφωτάτους,
2708 3682 2784 3746 ὼς
2833 3681 3026 3744 οἴεται,
3071 3681 3358 3752 ἀνατρέχει
3406 3679 3677 3750 Πατέρας,
3723 3677 3828 3746 φά-

2254 3790 2272 3822 ι
2311 3787 2456 3824 σκων
2513 3771 2652 3842 ὅπερ
2681 3773 2730 3825 οί
2768 3770 3065 3841 σοφώτατοι
3095 3769 3201 3824 τῶν
3229 3769 3486 3840 Πατέρων
3517 3770 3573 3821 ὲν
3605 3770 3716 3830 τοῖς
3753 3767 3830 3820 oi-

2255 3883 2273 3914 (
2313 3865 2480 3928 κείοις
2533 3864 2903 3935 συντάγμασιν
2941 3865 3305 3934 ἀπεφήναντο.
3360 3861 3656 3930 Ἀπόφασιν
3689 3861 3830 3914 ἀπο-

2259 3978 2276 4008 ι
2318 3954 2591 4026 πεφάνθαι
2615 3957 2738 4019 τοὺς
2759 3956 2951 4010 ἑαυτοῦ
2977 3956 3228 4026 Πατέρας
3255 3954 3528 4026 Ἀστέριός
3547 3970 3701 4023 φησι,
3733 3953 3834 4006 καὶ

2259 4069 2277 4101 ι
2321 4050 2498 4121 δόγμα
2543 4052 2672 4122 περὶ
2723 4050 2858 4103 Θεοῦ
2915 4049 3247 4121 γεγραφέναι
3306 4048 3414 4102 ἀπὸ
3476 4048 3572 4119 τῆς
3625 4047 3832 4109 οἰκείας

2260 4159 2278 4192 ι
2315 4141 2522 4194 ἑαυτῶν
2555 4141 2948 4212 προαιρέσεως.
2984 4140 3057 4192 Τὸ
3089 4139 3197 4212 γὰρ
3223 4139 3318 4193 τοῦ
3347 4139 3611 4210 δόγματος
3638 4137 3836 4207 δνομα,

2263 4251 2282 4282 ί
2321 4232 2420 4303 τῆς
2447 4231 2793 4304 ἀνθρωπίνης
2819 4232 3000 4303 ἔχεται
3023 4231 3215 4304 βουλῆς
3233 4249 3293 4285 τε
3318 4232 3411 4286 καὶ
3435 4231 3678 4302 γνώμης.
3709 4223 3830 4282 ’Ότι

2261 4343 2278 4376 ι
2316 4323 2374 4378 δὲ
2404 4323 2549 4384 τοῦθ’
2601 4324 2772 4390 οὕτως
2804 4323 2937 4404 ἔχει,
2971 4329 3240 4402 μαρτυρεῖ
3280 4326 3376 4400 μὲν
3405 4327 3534 4396 ἡμῖν
3566 4324 3766 4394 ἱκανῶς
3796 4325 3828 4394 ή

3075 4763 3278 4825 utpote
3305 4753 3650 4824 sophisticam
3698 4753 3830 4808 olim

2259 4823 2508 4895 professi.
2549 4825 2656 4880 Sed
2693 4827 2778 4879 hic
2810 4823 2961 4881 deest
2990 4841 3090 4895 vox
3129 4823 3294 4878 αὐτοῦ
3320 4841 3333 4855 ’
3362 4823 3543 4879 statim
3593 4825 3828 4892 corrige,

2260 4893 2534 4965 ἀπόφασιν
2568 4895 2969 4966 ἀποπεφᾶσθαι.
3001 4893 3252 4966 lntelligit
3292 4905 3492 4966 autem,
3529 4907 3588 4948 ut
3626 4905 3766 4966 patet
3799 4910 3834 4966 ο

2259 4964 2632 5037 sequentibus,
2648 4965 2956 5037 Qrigenem,
2977 4979 3138 5037 quem
3170 4964 3342 5020 videri
3369 4964 3616 5037 volebant
3639 4964 3828 5037 Ariani

2257 5033 2452 5102 seculi,
2489 5047 2549 5090 ut
2579 5047 2633 5089 et
2663 5034 2975 5104 Dionysium
2997 5033 3450 5104 Alexandrinum.
3485 5033 3614 5088 Post
3633 5033 3832 5087 καλούα

2255 5124 2414 5178 μενα,
2447 5107 2748 5178 addendum
2766 5103 3030 5178 δόγματα.
3061 5103 3190 5159 Vult
3212 5105 3492 5178 Marcellus
3539 5106 3829 5159 humanam

2252 5175 2619 5232 tantummodo
2676 5175 2958 5230 scientiam
2993 5177 3226 5230 humana
3273 5175 3696 5244 scita,dogmata
3734 5191 3836 5228 ιιο-

2251 5247 2444 5303 minari
2484 5265 2498 5301 :
2545 5247 2620 5301 ita
2668 5245 3082 5315 λεπτολογοῖωιν
3143 5246 3398 5316 utrinque
3457 5241 3833 5316 Ιιῖὲξηὲναν-

2251 5318 2398 5382 τίας.
2423 5315 2531 5372 Cur
2561 5317 2736 5372 locum
2784 5314 3029 5386 ApoStoli
3067 5331 3134 5371 ex
3171 5333 3208 5372 ll
3244 5314 3540 5386 adEphes.
3585 5314 3678 5379 15,
3709 5331 3833 5386 pro-

2252 5389 2491 5450 duxerit,
2519 5403 2625 5442 non
2659 5385 2852 5457 capio;
2889 5388 3210 5456 intelligam,
3243 5402 3362 5441 cum
3391 5385 3646 5457 defectus
3676 5385 3832 5457 codi-

2251 5460 2333 5514 cis
2359 5474 2426 5513 ex
2455 5457 2696 5529 Apostoli
2724 5455 2978 5529 contextu
3001 5455 3284 5529 suppletus
3302 5455 3612 5529 iuerit,_zor
3641 5456 3831 5525 νόμον

2253 5529 2370 5583 τῶν
2383 5525 2645 5582 ἐντολῶν
2659 5528 2782 5596 τοῖς
2796 5528 3050 5599 δόγμασι
3068 5525 3467 5599 καταργήσας.
3482 5527 3667 5599 Legem
3690 5543 3834 5578 utan—-

2254 5603 2500 5653 datorum
2534 5600 2590 5652 in
2621 5597 2954 5662 doqmatilitts
2994 5597 3273 5653 evacuatus.
3307 5597 3522 5653 Recitat
3573 5597 3742 5660 enim,
3773 5605 3831 5647 ut
3887 5631 3914 5662 ρ

2255 5671 2468 5731 doceat,
2511 5653 2846 5724 voccm'eam
2879 5685 2984 5724 non
3013 5685 3132 5724 esse
3183 5669 3429 5722 humana
3477 5653 3826 5726 inventionis,
3891 5653 3916 5683 ⁴’

2255 5753 2348 5796 aut
2382 5741 2688 5796 scholarum
2728 5740 3100 5794 tantummodo
3125 5738 3482 5792 smcularium.
3510 5736 3578 5790 Μ.
3609 5763 3678 5778 --
3703 5733 3826 5790 Mox

2250 5811 2406 5882 vulgo
2436 5809 2848 5882 ἁμνημονεύσας
2873 5819 2926 5864 et
2961 5811 3082 5865 dein
3107 5812 3214 5872 τοῖς
3243 5807 3526 5876 δόγμασιν.
