4190 6406
507 306 614 362 759

1156 302 1430 358 EUSEBII
1469 302 1954 360 CASSARIENSIS
1991 303 2146 362 OPP.
2188 303 2370 359 PARS
2410 305 2495 360 IV.
2540 336 2608 345 —
2647 303 3064 362 DOGMATICA.

3671 303 3777 361 760

507 433 688 478 autem
715 437 775 478 se
799 427 878 478 ita
906 421 1142 476 habent:
1179 441 1197 472 ι
1226 421 1464 492 Tempus
1499 426 1678 478 autem
1712 433 1820 486 est,
1847 432 1904 478 ut
1922 439 2088 494 pauca

2199 443 2217 475 ι
2259 425 2424 495 γεννᾷ
2455 426 2552 495 μὲν
2575 423 2632 492 ἐξ
2654 424 2819 479 αὑτοῦ
2845 427 3003 478 ὁποῖα
3021 423 3090 478 τὰ
3119 441 3228 479 των
3259 422 3418 488 ζώων⁴
3435 422 3780 494 γεννήματα,

513 537 531 566 ι
569 515 639 571 de
667 514 1050 585 praetermissis
1080 523 1412 577 attexamus,
1447 529 1568 582 quae
1618 515 1684 567 ad
1719 514 1934 569 Patrem
1968 529 2090 582 spe-

514 631 531 656 ο
567 616 733 669 ctaut,
750 615 806 660 et
823 605 1040 669 Filium,
1058 615 1113 660 et
1129 605 1388 673 Spiritum
1403 615 1672 659 sanctum.
1690 606 1764 660 De
1783 607 1937 661 Patre
1954 607 2088 672 haec,

515 720 533 743 ι
571 699 716 768 quod
770 698 1120 753 iudiv-isibilis
1151 714 1271 752 cum
1305 698 1538 752 exsistat
1571 713 1671 752 nec
1728 699 2048 754 dividendus
2073 741 2089 767 ,

513 812 531 836 ι
579 791 703 853 Filii
760 800 938 845 tamen
975 791 1138 846 Pater
1195 791 1298 856 sit;
1356 806 1460 844 non
1510 792 1766 846 emittens
1823 792 1993 853 illum,
2034 802 2092 844 ut

513 905 532 932 ι
577 901 681 939 ιιοη
730 898 890 938 nemo
941 883 1132 939 voluit.
1186 883 1320 938 Nam
1359 885 1404 940 si
1452 883 1625 940 Filius
1659 883 1836 938 Patris
1889 885 1972 938 sui
2021 886 2094 939 sit

514 997 530 1024 ι
569 976 813 1042 mnissio,
846 987 899 1031 et
923 976 970 1030 si
1001 975 1151 1030 illum
1189 979 1254 1032 de
1287 977 1466 1046 seipse
1499 977 1708 1044 genuit,
1733 977 1798 1030 ad
1826 992 1952 1032 eum
1978 991 2094 1030 mo-

513 1090 532 1120 ι
575 1071 700 1124 dum
737 1085 844 1138 quo
900 1070 965 1124 de
998 1083 1058 1124 se
1114 1069 1368 1123 animalia
1429 1071 1686 1139 gignunt,
1741 1083 1966 1124 necesse
2012 1080 2095 1124 est

514 1181 530 1210 ι
569 1170 626 1214 ιιι
684 1175 880 1231 corpus
939 1160 1029 1216 ille
1095 1160 1166 1215 sit
1225 1161 1318 1230 qui
1373 1161 1594 1226 emittit,
1649 1171 1760 1215 tum
1824 1161 1990 1215 etiam
2039 1171 2094 1216 et

516 1275 533 1304 ι
575 1253 666 1309 ille
721 1257 810 1323 qui
869 1255 1154 1310 emittitur.
1215 1275 1232 1306 ι
1298 1253 1432 1308 Τυιιι
1476 1265 1769 1324 postquam
1833 1255 1902 1308 de
1961 1253 2089 1310 Ori-

511 1347 755 1411 genianis
810 1348 910 1401 ista
986 1349 1227 1418 quaedam
1281 1347 1674 1402 interseruerat
1710 1388 1727 1412 ,
1791 1345 1957 1400 infert
2026 1346 2092 1399 ad

515 1442 658 1494 hunc
701 1441 917 1494 modum
970 1460 982 1494 :
1035 1460 1054 1491 ι
1099 1439 1330 1508 Scripsit
1369 1439 1635 1511 Origenes
1680 1457 1784 1496 non
1827 1459 1857 1496 a
1895 1442 2094 1495 sanctis

515 1551 539 1584 ι-
581 1533 858 1602 prophetis
891 1543 942 1586 et
979 1533 1259 1602 apostolis,
1303 1535 1370 1588 de
1417 1534 1723 1589 aeternitate
1782 1533 1942 1589 Verbi
1995 1550 2093 1588 cu~

515 1642 538 1674 ι
569 1623 722 1689 piens
769 1623 1019 1689 edoceri;
1066 1624 1158 1677 sed
1202 1639 1324 1678 cum
1371 1625 1474 1679 sibi
1523 1625 1624 1694 ipsi
1659 1625 1778 1695 plus
1814 1625 2093 1680 uimioin-

518 1734 535 1764 ι
572 1714 837 1783 dulgeret,
869 1729 1037 1769 ausus
1065 1723 1148 1769 est
1177 1717 1470 1769 secundam
1513 1717 1803 1786 quamdam
1839 1717 2093 1786 liyposta-

517 1825 534 1857 ι
576 1808 659 1861 sin
693 1806 854 1862 Verbi
899 1810 1252 1864 constituere.
1284 1829 1302 1861 ι
1333 1810 1408 1864 Ita
1433 1810 1606 1865 illisce
1638 1825 1757 1878 qua:
1789 1807 2091 1862 rectissime

513 1900 581 1951 ab
605 1895 839 1968 Origene
863 1901 1007 1954 dicta
1030 1911 1179 1967 sunt,
1200 1917 1306 1956 non
1338 1903 1506 1956 licere
1521 1900 1728 1956 scilicet
1752 1898 2089 1969 corporalem

511 1992 802 2059 quamdam
822 2002 878 2046 et
906 1993 1178 2062 passivam
1207 1995 1616 2062 generationem
1641 1991 1940 2047 divinitatis
1968 1989 2089 2044 Filii

514 2081 606 2136 Dei
637 2084 998 2151 comminisci,
1052 2101 1147 2153 per
1196 2085 1297 2140 ista
1331 2084 1692 2150 contradicit,
1741 2095 1796 2138 et
1839 2083 2090 2150 inprimis

509 2176 653 2246 quod
698 2177 1012 2248 bypostasin
1039 2179 1370 2233 concesserit
1413 2178 1576 2232 Filio.
1608 2179 1771 2231 Addit
1799 2175 2089 2247 Origeneni

514 2266 814 2322 maledictis
848 2269 1132 2338 impetens,
1161 2280 1216 2323 et
1247 2280 1392 2324 recte
1418 2269 1487 2322 ab
1517 2269 1612 2324 illo
1643 2270 1836 2339 positis
1869 2279 2088 2321 contra-

511 2360 698 2414 dicens
729 2380 741 2414 :
782 2379 800 2412 ι
836 2362 1121 2431 Origenes,
1152 2363 1348 2431 inquit,
1388 2363 1516 2417 dum
1554 2363 1668 2416 haec
1714 2360 1932 2430 scriptis
1977 2361 2090 2414 suis

517 2469 537 2500 ε
574 2452 814 2518 mandat,
845 2454 1078 2522 propriis
1107 2454 1220 2510 suis
1260 2455 1430 2507 utitur
1464 2453 1862 2508 assertionibus
1892 2470 1904 2504 :
1941 2453 1991 2504 id
2027 2450 2091 2503 li-

515 2561 532 2591 ι
574 2552 703 2610 quet
759 2555 967 2608 autem,
1005 2549 1149 2613 quod
1187 2561 1292 2600 nou
1347 2561 1449 2599 una
1499 2555 1707 2599 tantum
1766 2545 1920 2605 vice,
1960 2558 2089 2596 suas

512 2652 535 2686 ε
570 2637 738 2703 ipsius
756 2638 1021 2693 subvertit
1049 2642 1381 2694 assertiones
1403 2655 1419 2702 ;
1441 2651 1779 2707 consequens
1798 2648 1976 2690 autem
2005 2645 2091 2689 est

513 2750 530 2780 ι
571 2731 659 2784 illa
713 2730 800 2786 hic
853 2733 974 2787 ideo
1033 2746 1486 2798 commemorare,
1531 2747 1651 2800 (pne
1708 2731 1836 2785 alibi
1869 2731 1936 2783 de
1978 2730 2089 2784 Deo

513 2841 532 2872 ο
562 2823 711 2877 dicit.
745 2842 768 2875 ι
806 2823 885 2877 Ad
923 2825 1036 2878 haec
1069 2826 1237 2878 verba
1264 2834 1446 2878 autem
1477 2823 1709 2878 scribit:
1742 2842 1760 2873 ι
1796 2821 1911 2876 Νοιι
1945 2824 2087 2877 enim

513 2933 533 2963 ι
570 2915 930 2984 ιιιοαιρίιεεεε
959 2915 1120 2971 Pater
1148 2917 1308 2982 Deus,
1327 2933 1391 2969 eo
1418 2917 1584 2986 quod,
1606 2927 1664 2969 ut
1686 2917 2090 2972 iuterbomines

514 3024 531 3055 ι
580 3006 697 3060 fieri
734 3006 892 3068 solet.
934 3006 1098 3062 Pater
1136 3023 1256 3062 esse
1299 3009 1642 3078 nequiverat.
1690 3007 1825 3062 Nam
1872 3010 1916 3063 si
1950 3023 2094 3062 sem-

513 3117 531 3150 ε
568 3114 662 3164 per
699 3099 976 3170 perfectus
1029 3100 1304 3156 exstiterit
1355 3099 1518 3167 Deus,
1561 3111 1618 3155 et
1655 3111 1921 3172 potestate
1959 3118 2090 3172 prte-

512 3209 531 3242 ι
574 3191 741 3255 ditus,
779 3200 838 3246 ut
881 3192 1180 3256 llatPater,
1221 3203 1276 3247 et
1309 3193 1354 3247 si
1415 3200 1636 3262 praestet
1690 3203 1748 3248 ut
1806 3196 1877 3248 sit
1927 3194 2088 3250 Pater

513 3302 532 3332 ι
567 3281 935 3350 hujuscemodi
965 3282 1109 3348 Filii,
1139 3288 1266 3337 dum
1303 3298 1418 3337 rem
1443 3282 1644 3348 diﬂ'ert,
1670 3298 1729 3338 se
1757 3293 1907 3339 tanto
1948 3286 2087 3340 bono

515 3393 534 3425 σ
572 3376 772 3443 privat,
801 3383 860 3428 ut
889 3387 995 3428 non
1023 3374 1095 3429 sit
1135 3373 1259 3427 Filii
1308 3372 1490 3428 Pater.
1525 3375 1678 3442 Quod
1729 3375 1867 3430 idem
1919 3386 1976 3430 et
2021 3375 2089 3430 de

514 3484 534 3520 ι
576 3466 780 3536 Spiritu
807 3476 1000 3522 sancto
1028 3464 1524 3536 poteritalﬁrmari.
1551 3485 1571 3517 ›
1594 3465 1694 3532 Qui
1731 3466 1927 3520 factum
1948 3467 2086 3532 ideo,

510 3572 571 3616 ut
602 3576 724 3616 cum
750 3560 1016 3632 Origenes
1050 3561 1123 3615 ita
1156 3559 1472 3629 scripserit,
1493 3559 1706 3623 beatus,
1744 3559 1817 3613 illi
1843 3569 1902 3614 ut
1935 3560 2088 3616 vide-

511 3665 618 3719 tur,
645 3653 904 3711 Paulinus
935 3652 1333 3710 existimaverit
1361 3668 1467 3706 non
1494 3667 1618 3708 esse
1659 3652 1876 3722 quidem
1911 3652 1962 3706 in
2001 3662 2088 3706 tu-

509 3757 621 3802 tum
665 3747 769 3803 hoc
789 3747 1065 3803 occultare
1096 3760 1112 3799 :
1142 3749 1209 3801 ad
1261 3760 1388 3801 suas
1419 3753 1600 3799 tamen
1639 3743 1926 3812 opiniones
1956 3758 2090 3800 con-

509 3840 808 3895 firmaudas
844 3854 972 3894 usus
1006 3837 1172 3894 fuerit
1201 3836 1492 3892 contrariis
1512 3836 1615 3901 ;de
1645 3836 1844 3905 quibus
1878 3851 1944 3891 ne
1965 3833 2090 3891 Ori-

507 3946 672 4002 genes
701 3941 852 3987 certe
883 3931 1002 4000 ipse
1030 3930 1330 3985 reddiderit
1361 3928 1627 3982 rationem
1653 3927 1677 3981 τ
1708 3926 1969 3982 Mentitus
2003 3937 2089 3984 est

508 4028 689 4075 autem
717 4019 772 4074 in
813 4020 934 4076 istis
955 4018 1262 4085 ’slarcellus,
1291 4017 1605 4090 Origenem,
1627 4019 1785 4087 quasi
1819 4019 1921 4073 sibi
1958 4034 2090 4073 cou-

509 4112 676 4166 traria
707 4121 971 4178 tueretur,
999 4127 1122 4167 cum
1166 4127 1274 4166 non
1315 4111 1582 4182 intelligat
1638 4109 1787 4165 illuni
1820 4126 1917 4180 per
1941 4111 2090 4178 prio-

507 4219 623 4259 rem
659 4218 814 4259 suam
865 4204 1293 4276 propositionem
1351 4205 1644 4270 docuisse,
1705 4203 1924 4260 Patrem
1967 4205 2089 4260 sine

505 4310 735 4368 corpore
761 4307 817 4352 et
840 4300 985 4352 omni
1014 4298 1268 4367 passione
1293 4306 1549 4360 exstare;
1582 4312 1680 4367 per
1705 4299 1944 4352 secundo
1964 4297 2087 4354 loco

508 4391 766 4460 positam,
801 4389 998 4446 Filium
1027 4407 1208 4456 suum,
1239 4407 1349 4447 non
1385 4393 1437 4447 in
1462 4401 1706 4463 tempore
1723 4392 1965 4462 quidem,
1990 4393 2085 4448 sed

2201 536 2219 567 ι
2261 518 2473 589 ἀνάγκη
2506 518 2666 589 σῶμα
2708 514 2849 572 εἶναι
2886 518 2976 572 τὸν
3006 517 3347 589 προϐαλόντα
3380 517 3473 569 καὶ
3508 516 3600 569 τὸν
3647 532 3782 585 προ-

2200 632 2216 664 ι
2260 610 2612 682 ϐεϐλημένον.
2649 630 2666 663 ι
2698 607 2810 665 Εἴθ’
2838 612 2966 682 ἑξῆς
2995 611 3133 683 μετὰ
3152 612 3251 682 τὴν
3280 610 3390 663 τῶν
3435 607 3781 680 Ὥριγενειῶν

2195 704 2389 774 φωνῶν
2438 703 2754 776 παράθεσιν,
2794 705 3046 776 ἐπιφέρει
3087 703 3283 772 λέγων’
3343 720 3360 754 ι
3397 700 3582 755 Ταῦτα
3631 700 3778 770 Ὠρι-

2201 815 2220 848 ι
2255 797 2420 868 γένης
2450 798 2715 868 γέγραφε,
2749 796 2822 868 μὴ
2854 797 3004 870 παρά
3037 797 3143 851 τῶν
3184 795 3345 868 ἱερῶν
3382 794 3674 866 προφητῶν
3716 808 3780 846 τε

2203 908 2221 940 ι
2257 889 2352 942 καὶ
2384 889 2696 943 ἀποστόλων
2725 890 2855 961 περὶ
2880 891 2976 960 τῆς
2999 889 3302 960 ἀῖδιὸτητος
3327 887 3422 941 τοῦ
3461 887 3635 955 Λόγου
3675 903 3782 957 μου·

2203 1001 2220 1030 ι
2264 981 2375 1035 θεῖν
2419 980 2700 1053 βουληθείς
2721 1000 2734 1013 ·
2764 982 2878 1036 ἀλλ’
2911 981 3090 1053 ἐαυτῷ
3127 979 3374 1044 δεδωκὼς
3414 979 3618 1044 πλεῖον,
3657 978 3786 1032 δευ-

2205 1090 2224 1122 ε
2260 1073 2423 1142 τέραν
2483 1073 2740 1126 ὑπόθεσιν
2808 1073 3175 1145 διηγήσασθαι
3204 1073 3300 1126 τοῦ
3355 1072 3530 1140 Λόγου
3584 1070 3781 1143 μαθεῖν

2203 1184 2220 1215 ι
2265 1165 2454 1236 τολμᾷ.
2489 1185 2510 1217 ι
2541 1165 2653 1219 Καὶ
2676 1165 2886 1229 τούτοις
2907 1165 2963 1218 δὲ
2989 1167 3102 1229 τοῖς
3129 1165 3234 1218 ὑπὸ
3274 1164 3581 1235 Ὠριγένους
3603 1163 3786 1236 ὀρθῶς

2197 1255 2528 1327 εἰρημένοις,
2580 1258 2709 1327 περὶ
2745 1255 2840 1309 τοῦ
2889 1255 2963 1327 μὴ
2994 1255 3106 1309 δεῖν
3152 1257 3472 1327 σωματικήν
3515 1272 3639 1308 τινα
3685 1254 3782 1307 καὶ

2198 1347 2506 1419 παθητικὴν
2537 1347 2942 1418 ὑπολαμϐάνειν
2973 1348 3073 1418 τῆς
3102 1346 3353 1419 θεότητος
3377 1347 3470 1400 τοῦ
3497 1347 3628 1400 Υἱοῦ
3657 1347 3782 1414 γέν-

2197 1457 2353 1510 νησιν
2418 1439 2721 1507 ἀντιλέγει,
2804 1438 3020 1509 μάλισθ’
3082 1440 3165 1494 ὅτι
3224 1439 3304 1510 τῷ
3381 1438 3494 1509 Υἱῷ
3547 1439 3790 1492 δέδωκεν

2196 1533 2514 1596 ὑπόστασιν,
2543 1534 2636 1584 καὶ
2661 1531 2934 1604 ἐπιφέρει,
2979 1533 3074 1586 τὸν
3123 1531 3375 1603 Ὠριγένη
3406 1531 3568 1584 πάλιν
3598 1530 3782 1592 κακῶς

2195 1623 2388 1693 λέγων,
2414 1626 2529 1688 τοῖς
2555 1641 2613 1678 τε
2640 1625 2730 1677 ὑπ’
2759 1622 2924 1678 αὐτοῦ
2949 1623 3126 1695 ὀρθῶς
3144 1627 3437 1695 γραφεῖσιν
3463 1624 3780 1691 ἀντιλέγων,

2198 1716 2255 1767 ἐν
2305 1715 2536 1778 τούτοις·
2597 1733 2614 1766 ι
2658 1715 2781 1768 Ὅτι
2819 1715 2896 1769 τὰ
2944 1715 3169 1769 τοιαῦτα
3206 1716 3436 1786 γράφων
3501 1715 3782 1786 Ὠριγένης

2207 1826 2226 1856 ο
2266 1807 2418 1870 ἰδίοις
2445 1807 2644 1878 ἐχρῆτο
2681 1806 2935 1876 δόγμασι,
2959 1806 3119 1877 δῆλον
3147 1807 3241 1875 ἀφ’
3270 1800 3344 1860 ὧν
3376 1808 3469 1861 καὶ
3491 1805 3560 1860 τά
3587 1804 3784 1860 ἑαυτοῦ

2205 1922 2221 1953 ι
2258 1900 2555 1972 ἀνατρέπει
2590 1899 2870 1962 πολλάκις·
2907 1901 2964 1951 ὲν
3008 1900 3136 1968 γοῦν
3169 1900 3341 1972 ἑτέρῳ
3391 1900 3576 1971 χωρίῳ
3624 1899 3784 1968 ἅτινα

2206 2017 2223 2048 ι
2263 1996 2391 2065 περὶ
2433 1993 2570 2047 Θεοῦ
2614 1993 2781 2063 λέγει,
2835 1993 3127 2048 ἀκόλουθόν
3164 1995 3311 2046 ἐστιν
3362 1993 3693 2063 ὑπομνῆσαι.
3758 2010 3776 2042 ι

2199 2088 2404 2159 Γράφει
2433 2086 2488 2139 δὲ
2522 2085 2714 2149 οὕτως⁶
2762 2105 2781 2136 σ
2818 2086 2893 2139 Οὐ
2927 2086 3034 2157 γὰρ
3060 2088 3089 2138 6
3132 2084 3265 2148 Θεὸς
3293 2083 3482 2154 Πατὴρ
3514 2078 3651 2135 εἶναι
3679 2082 3782 2153 ἤρ-

2206 2199 2222 2230 ι
2259 2179 2408 2246 ξατο,
2438 2178 2802 2250 κωλυόμενος,
2832 2178 2907 2242 ὡς
2935 2180 2985 2231 οἱ
3008 2177 3283 2249 γινόμενοι
3311 2176 3544 2246 πατέρες
3569 2173 3781 2246 ἂνθρω-

2204 2291 2220 2321 ι
2259 2289 2370 2335 ποι,
2393 2270 2497 2324 ὑπὸ
2518 2270 2612 2324 τοῦ
2647 2271 2721 2342 μὴ
2743 2269 3004 2324 δύνασθαί
3030 2287 3116 2323 πω
3139 2270 3248 2339 (l0)
3275 2269 3511 2338 πατέρες
3531 2263 3687 2321 εἶναι.
3718 2267 3782 2319 Εἰ

2204 2383 2220 2413 ι
2259 2364 2366 2436 γὰρ
2390 2363 2476 2418 ἀεὶ
2503 2363 2710 2428 τέλειος
2731 2367 2759 2420 6
2785 2363 2938 2428 Θεὸς,
2970 2363 3065 2416 καὶ
3093 2361 3356 2434 πάρεστιν
3383 2361 3530 2432 αὐτῷ
3555 2359 3786 2431 δύναμις

2204 2479 2220 2509 ι
2258 2458 2352 2512 τοῦ
2393 2458 2614 2529 Πατέρα
2647 2459 2810 2512 αὑτὸν
2860 2453 3021 2524 εἶναι,
3067 2459 3160 2512 καὶ
3209 2456 3373 2510 καλὸν
3426 2454 3587 2508 αὑτὸν
3644 2448 3781 2506 εἶναι

2203 2571 2220 2601 ι
2260 2550 2480 2620 Πατέρα
2506 2548 2748 2603 τοιούτου
2769 2549 2925 2613 Υἱοῦ,
2948 2549 3330 2613 ἀναϐάλλεται,
3367 2547 3460 2601 καὶ
3492 2546 3588 2600 τοῦ
3615 2544 3781 2598 καλοῦ

2203 2662 2220 2694 ι
2260 2643 2449 2696 ἑαυτὸν
2485 2643 2790 2713 στηρίσκει,
2841 2644 2936 2696 καὶ
2963 2642 3039 2707 ὡς
3066 2641 3210 2695 ἔστιν
3254 2642 3450 2702 εἰπεῖν,
3498 2640 3558 2703 ἐξ
3589 2635 3649 2692 οὗ
3693 2637 3786 2691 δύ-

2203 2752 2220 2783 ι
2261 2749 2418 2787 ναται
2463 2731 2654 2803 Πατὴρ
2696 2729 2832 2785 εἶναι
2881 2731 3028 2786 Υίοῦ.
3094 2731 3168 2784 Τὸ
3212 2730 3345 2784 αὐτὸ
3391 2729 3640 2800 μέντοιγε
3687 2728 3783 2780 καὶ

2203 2844 2219 2874 ι
2262 2825 2392 2898 περὶ
2439 2826 2534 2880 τοῦ
2568 2827 2724 2895 ἁγίου
2768 2824 3086 2896 Πνεύματος
3133 2823 3374 2876 λεκτέον.
3418 2841 3436 2873 ι
3491 2821 3615 2884 Πῶς
3663 2816 3786 2880 οὖν,

2210 2917 2518 2988 Ὠριγένους
2562 2919 2653 2971 καὶ
2696 2915 2853 2970 τοῦτο
2899 2915 3231 2987 γράψαντος,
3263 2919 3292 2969 ὁ
3333 2915 3620 2987 μακάριος,
3658 2913 3780 2966 κατ’

2195 3011 2379 3073 αὑτὸν,
2409 3009 2674 3074 Παυλῖνος
2699 3007 2860 3062 τοῦτο
2895 3007 2992 3079 μὲν
3033 3007 3456 3079 ἀποκρύψασθαι
3491 3008 3590 3061 οὑκ
3629 3007 3782 3060 ἀκίν-

2195 3100 2350 3153 δυνον
2379 3100 2620 3170 ἐνόμισε,
2675 3098 2981 3171 χρήσασθαι
3029 3099 3087 3152 δὲ
3135 3101 3215 3163 εἰς
3265 3097 3610 3169 κατασκευὴν
3671 3098 3790 3151 τῶνα

2196 3192 2374 3264 ἐαυτῷ
2405 3193 2706 3247 δοκούντων
2755 3194 2868 3256 τοῖς
2905 3191 3169 3255 ἐναντίοις
3205 3191 3339 3264 (ll),
3371 3191 3448 3254 ὡς
3475 3191 3596 3245 οὑδὲ
3617 3190 3781 3244 αὑτὸν

2194 3287 2260 3341 ἂν
2300 3287 2569 3358 Ὡριγένη,
2598 3285 2652 3339 εἴ
2683 3303 2736 3338 τι
2772 3285 2864 3339 τὸν
2892 3285 3051 3354 λόγον
3079 3283 3373 3339 ἀποδοῦναι
3405 3285 3631 3338 δυνατὸν
3676 3279 3777 3356 ἧν;

2210 3381 2295 3432 Ἑν
2333 3378 2543 3442 τούτοις
2578 3379 2606 3430 6
2637 3376 2976 3448 Μάρκελλος,
3021 3375 3240 3429 ἐναντία
3287 3375 3453 3445 φάναι
3498 3373 3648 3445 αὑτῷ
3688 3373 3780 3426 τὸν

2208 3471 2456 3542 Ὠριγένη
2487 3467 2674 3534 εἰπὼν,
2707 3467 3099 3538 κατεψεύσατο,
3134 3467 3208 3540 μὴ
3235 3466 3481 3539 δυνηθεὶς
3518 3467 3777 3529 συνιέναι,

2193 3563 2269 3627 ὠς
2299 3563 2386 3618 διὰ
2422 3563 2520 3634 μὲν
2548 3566 2648 3632 τῆς
2678 3563 2951 3634 προτέρας
3000 3561 3358 3634 παραθέσεως
3392 3561 3455 3614 τὸ
3488 3559 3782 3630 ἀσώματον

2194 3655 2291 3710 καὶ
2317 3655 2525 3720 ἀπαθὲς
2557 3655 2650 3709 τοῦ
2680 3655 2894 3728 Πατρδς
2935 3653 3149 3726 ἐδήλου,
3179 3653 3269 3708 διὰ
3297 3654 3355 3707 δὲ
3385 3653 3488 3723 τῆς
3519 3653 3782 3725 δευτέρας

2193 3747 2255 3800 τὺ
2288 3749 2362 3820 μὴ
2414 3748 2608 3819 χρόνῳ,
2643 3746 2748 3820 πρὸ
2789 3746 3006 3800 πάντων
3051 3745 3110 3799 δὲ
3146 3744 3358 3801 αἰώνων
3387 3744 3476 3798 τὸν
3525 3745 3650 3799 Υἰδν
3682 3761 3780 3812 γε-

2194 3839 2536 3909 γεννηκέναι.
2564 3834 2730 3903 Αὖθις
2757 3837 2814 3892 δὲ
2846 3837 2964 3910 μεθ’
2994 3837 3080 3890 ’ἑτε
3091 3854 3159 3910 ρα
3181 3837 3312 3908 περὶ
3340 3835 3434 3890 τοῦ
3471 3836 3793 3908 Ὠριγένους·

2193 3935 2222 3985 ὁ
2252 3931 2413 3994 αὐτὸς
2441 3929 2616 3984 ταῦτα
2640 3931 2845 4002 γράφει
2871 3948 2885 3960 ο
2916 3949 2933 3981 ι
2967 3929 3184 3993 Καίτοι,
3211 3930 3258 3982 εξ
3284 3928 3367 3981 δεῖ
3387 3927 3618 4000 τάληθὲς
3652 3927 3779 3999 περὶ

2201 4043 2219 4075 ι
2267 4022 2574 4095 Ὧριγένους
2598 4022 2793 4087 εἰπεῖν,
2828 4021 2988 4074 τοῦτο
3021 4022 3289 4093 προσήκει
3315 4019 3522 4089 λέγειν,
3546 4020 3628 4073 ὅτι
3653 4020 3786 4092 ἄρτι

2201 4134 2219 4166 ι
2257 4115 2364 4168 τῶν
2395 4113 2535 4168 κατὰ
2563 4112 2882 4183 φιλοσοφίαν
2904 4113 3146 4175 ἀποστάς
3179 4112 3537 4183 μαθημάτων,
3559 4111 3782 4173 καὶτοῖς

2200 4228 2217 4259 ι
2250 4206 2414 4272 θείοις
2426 4207 2683 4279 ὁμιλῆσαι
2695 4205 3054 4278 προελόμενος
3068 4205 3270 4273 λόγοις,
3289 4204 3397 4276 πρὸ
3407 4203 3506 4272 τῆς
3520 4201 3780 4275 ἀκριϐοῦς

2201 4321 2219 4352 ι
2259 4300 2364 4354 τῶν
2389 4299 2621 4372 Γραφῶν
2643 4297 3018 4369 καταλήψεως,
3043 4297 3131 4351 διὰ
3147 4296 3208 4350 τὸ
3232 4296 3366 4350 πολὺ
3386 4297 3482 4350 καὶ
3498 4295 3790 4366 φιλότιμον

2201 4413 2220 4444 ι
2259 4393 2357 4464 τῆς
2383 4391 2579 4457 ἔξωθεν
2603 4389 2960 4453 παιδεύσεως,
2975 4388 3172 4442 θᾶττον
3191 4387 3285 4440 τοῦ
3306 4387 3517 4452 δέοντος
3538 4385 3781 4458 ἀρξάμε-

507 4493 634 4536 ante
671 4483 869 4538 szecula
895 4483 1079 4539 omnia
1111 4484 1492 4553 progenuisse.
1547 4485 1676 4540 Post
1708 4485 1967 4552 deinceps
2018 4485 2087 4539 de

2199 4505 2216 4538 ι
2257 4503 2346 4550 νος
2357 4484 2713 4557 ὑπογράφειν,
2731 4482 2836 4536 ὑπὸ
2847 4481 2955 4536 τῶν
2969 4481 3071 4552 τῆς
3091 4478 3407 4550 φιλοσοφίας
3427 4478 3682 4550 παρήχθη
3699 4476 3784 4529 λό-

509 4573 744 4644 Origene
781 4581 841 4639 ᾖ
888 4576 1032 4631 idem
1069 4575 1268 4630 iterum
1327 4576 1520 4631 scribit
1572 4575 1689 4649 [Β.
1731 4574 1989 4631 LXXVI“
2019 4575 2079 4648 1:

510 4684 531 4717 ι
577 4665 731 4734 Quod
755 4667 801 4722 si
833 4681 1030 4750 verum
1065 4666 1225 4723 fateri
1250 4668 1316 4723 de
1340 4666 1576 4739 Origene
1607 4668 1919 4733 debeamus,
1951 4669 2079 4723 illud

580 4805 639 4871 >14
672 4805 772 4860 Ed.
801 4804 1003 4870 Paris.,
1034 4820 1160 4877 pag.
1198 4805 1290 4861 25.

576 4948 690 5020 (10)
729 4946 827 5020 Μὴ
873 4946 1174 5020 δύνασᾷαί
1205 4960 1296 5000 πω
1340 4949 1609 5020 πατέρες.
1647 4945 1744 5002 Vel
1776 4946 1969 5018 Πατὴρ
1999 4941 2077 4999 εῖ-

503 5017 595 5075 ναι
615 5029 673 5072 ιιι
699 5018 967 5072 τιιιοιὶειιιιι
1012 5017 1303 5081 referatur,
1334 5019 1885 5086 autdistinguendum
1935 5017 2078 5086 post,

504 5109 611 5158 πω,
646 5098 772 5142 ante
795 5087 1179 5153 ἀναϐάλλεται,
1206 5089 1356 5142 deest
1383 5090 1451 5141 εἰ·
1472 5089 1587 5144 dele
1609 5088 1702 5142 καί
1725 5097 1849 5143 ante
1865 5087 2078 5148 ἑαυτόν,

502 5173 558 5215 ιιι
594 5169 718 5215 ante
750 5159 826 5222 ὡς
871 5159 974 5213 Μ.-
995 5159 1137 5212 -Μιιχ
1163 5159 1425 5227 vulgo—coit
1445 5177 1495 5215 τ.
1514 5158 1674 5226 Υἱοῦ;
1697 5160 1820 5213 dein
1844 5159 1898 5211 τί
1921 5158 2080 5212 ἀναϐ.

505 5235 595 5292 Β..
618 5230 743 5284 dein
767 5229 928 5295 vulgo
949 5229 1142 5282 ἑαυτὸν
1165 5229 1258 5282 τοῦ
1284 5246 1361 5293 κ.,
1397 5246 1556 5300 porro
1579 5230 1643 5283 Β.
1669 5227 1808 5285 εἶναι
1839 5229 1994 5292 Υἱοῦ,
2020 5230 2083 5282 οὑ

503 5303 710 5370 γίνεται
750 5301 942 5372 Πατήρ
971 5317 986 5364 ;
1019 5301 1252 5372 denique
1301 5300 1462 5370 vulgo
1509 5301 1745 5372 ἐνόμιζε.
1792 5300 1963 5372 Porro
2018 5300 2084 5355 ad

515 5369 688 5442 Ὦριγ.
715 5371 790 5426 cf.
815 5369 970 5440 Orig.
999 5384 1088 5438 op.
1120 5369 1207 5424 ed.
1241 5376 1308 5442 de
1337 5369 1524 5442 latine
1558 5369 1666 5434 t.'l,'
1698 5388 1749 5441 p.
1776 5371 1867 5426 45.

597 5440 685 5514 ll)
731 5441 861 5508 Τοῖς
893 5441 1339 5514 ἐγαντίοίιςΝιιΙι
1369 5441 1649 5496 Paulinum
1673 5440 1735 5498 ea
1763 5445 1829 5496 ab
1851 5440 2085 5514 Origene

502 5512 830 5580 mutuatum,
871 5529 992 5580 qua:
1037 5513 1138 5567 sibi
1190 5515 1651 5577 contradicerent,
1695 5526 1750 5567 et
1795 5515 1916 5567 aliis
1953 5512 2082 5566 alibi

503 5585 848 5660 dogmatibus
898 5583 1442 5660 Origeniauis,_a_deo
1497 5595 1554 5638 ut
1603 5600 1670 5639 ne
1691 5586 1820 5660 ipse
1861 5584 2081 5660 quidem

500 5654 763 5730 Origenes
812 5669 895 5730 e_a_
929 5665 1145 5730 posset:
1175 5654 1455 5730 redivivus
1489 5656 2076 5730 reconciliaregleg-en-

498 5722 628 5783 dum
655 5723 937 5798 ergofﬂv
961 5723 1082 5798 οὑδὲ
1103 5722 1180 5798 ᾖν
1209 5724 1372 5779 αὐτὸν
1405 5725 1656 5796 Ὥριγένη
1686 5725 1907 5798 ὲπὶιτὸν
1926 5723 2084 5792 λόγον

498 5791 814 5870 άποδοῦνάι,
844 5795 1068 5852 δυνατὸν
1101 5791 1188 5868 ἦν.
1215 5798 1362 5854 Sane
1391 5791 1606 5852 videtur
1647 5791 1700 5854 et
1753 5791 2086 5852 Athanasius

2195 4597 2214 4630 ι
2256 4595 2391 4648 γων,
2417 4577 2512 4632 καί
2537 4594 2658 4631 τινα
2679 4577 2748 4629 δι’
2773 4577 2970 4641 αὐτοὺς
3003 4575 3064 4628 οὐ
3100 4572 3280 4637 καλῶς
3309 4571 3574 4644 γέγραφε.
3610 4569 3780 4642 Δῆλον

2198 4689 2217 4721 ι
2255 4670 2312 4723 δέ
2347 4687 2362 4702 ·
2410 4669 2491 4722 ἔτι
2526 4667 2635 4740 γὰρ
2681 4666 2794 4721 τῶν
2844 4665 2937 4721 τοῦ
2999 4663 3288 4728 Πλάτωνος
3335 4662 3448 4735 (12)
3495 4659 3782 4735 μεμνημέ-

2181 4944 2251 4999 de
2281 4941 2532 5012 Origene
2547 4937 2738 5012 eadem
2793 4941 3096 5012 censuisse,
3122 4951 3268 5012 cum
3297 4935 3350 4989 in
3391 4933 3535 5012 libro
3569 4933 3645 5012 υς
3687 4934 3782 5012 d_e-

2182 5015 2335 5068 cretis
2364 5003 2575 5066 concilii
2605 5007 2656 5062 Ν
2665 5011 2818 5064 icazm'
2849 5009 3054 5064 scribat
3079 5027 3092 5062 :
3119 5009 3187 5060 Ἃ
3215 5006 3315 5076 μὲν
3342 5003 3453 5075 γὰρ
3476 5005 3557 5076 κῶς
3599 5004 3779 5074 ζητῶν

2183 5085 2278 5139 καὶ
2302 5081 2596 5154 γυμνάζων
2635 5078 2840 5154 ἔγραψε
2859 5118 2876 5144 ,
2900 5078 3101 5154 ταῦτα..
3118 5076 3194 5154 μη
3218 5075 3295 5141 ὡς
3334 5075 3500 5154 αὑτοῦ
3529 5076 3782 5154 φρονοῦν-

2184 5174 2276 5220 τος
2308 5145 2552 5224 λεγέσθω
2578 5145 2853 5224 ngam
2876 5149 2985 5224 τῶν
3010 5145 3146 5224 πρὸς
3172 5145 3285 5224 ἓριν
3307 5145 3776 5224 φιλονειξιούντων,

2189 5217 2359 5296 ἐν’τῷ
2384 5217 2576 5295 ’ζητεῖν
2613 5219 2805 5296 ἀδέως,
2835 5219 3033 5296 όρίζων
3057 5217 3443 5296 ’ἀ-ποφαίιριτρ.
3631 5220 3776 5296 enini

2188 5283 2486 5367 legetidavwét
2508 5283 2897 5367 distinguenda-
2917 5283 3062 5367 sunt.
3194 5283 3265 5328 1-—
3295 5289 3359 5367 R.
3381 5283 3464 5367 ῶν
3479 5286 3588 5339 οὐδ’
3615 5287 3779 5367 αὐτὸν

2185 5357 2356 5421 am.
2382 5366 2590 5428 εἴποιμι
2611 5381 2663 5416 τ.
2689 5361 2739 5414 λ.
2765 5362 2922 5416 ἀποδ.
2949 5359 3235 5422 δύνασθαι,
3263 5363 3354 5428 qui
3381 5357 3520 5412 infra
3544 5357 3778 5428 γράφειν

2188 5439 2310 5493 loco
2340 5439 2704 5508 ὑπογράφειν.
2753 5502 2776 5508 _
2934 5503 2959 5508 _
3080 5501 3130 5508 ν,
3386 5499 3419 5508 ..
3465 5499 3476 5508 .
3620 5497 3673 5508 -..

2257 5509 2368 5579 (12)
2410 5496 2532 5579 Ἔτι
2563 5496 2674 5579 γὰρ
2706 5502 2827 5579 te»;
2855 5503 2975 5579 t_o_r'3_
3002 5501 3344 5568 Πλάτωνος.
3380 5496 3777 5579 Ορίηυτῃδῆλον

2184 5582 2242 5635 δέ
2263 5568 2400 5634 έστί·
2439 5577 2548 5631 τῶν
2570 5568 2825 5649 ’γάρ-τοῦ
2869 5575 3156 5649 Πλάτωνος
3181 5569 3556 5649 μεμνημένος.
3576 5568 3775 5649 Verum

2185 5662 2270 5706 est
2299 5651 2440 5714 quod
2467 5642 2680 5704 censuit
2704 5646 2988 5702 Marcellus
3014 5648 3078 5698 de
3101 5642 3354 5714 Origene.
3374 5657 3498 5714 eum
3523 5642 3590 5714 de
3615 5642 3776 5714 scho-

2189 5723 2253 5778 lis
2305 5710 2620 5784 Platonicis,
2648 5733 2877 5789 quarum
2926 5715 3102 5771 sacris
3149 5710 3270 5769 erat
3298 5727 3407 5768 non
3447 5710 3641 5789 leviter
3671 5711 3776 5789 ini-

2190 5798 2373 5860 tiatus,
2390 5793 2487 5848 sed
2513 5802 2568 5847 ut
2595 5781 2645 5846 in
2667 5781 2922 5860 'tuargine
2944 5789 3192 5852 habetur,
3215 5781 3587 5857 μεμυημένος,
3604 5781 3776 5836 multa
