  <div class='ocr_page' id='page_1' title='image "/cluster/home/n/w/nwhite01/storage/ocr_20150623/24/hvd.32044073501108/388.png"; bbox 0 0 4190 6406; ppageno 0'>
   <div class='ocr_carea' id='block_1_1' title="bbox 427 318 524 375">
    <p class='ocr_par' dir='ltr' id='par_1_1' title="bbox 427 318 524 375">
     <span class='ocr_line' id='line_1_1' title="bbox 427 318 524 375; baseline 0.021 -2"><span class='ocrx_word' id='word_1_1' title='bbox 427 318 524 375; x_wconf 76' lang='grc'><strong>761</strong></span> 
     </span>
    </p>
   </div>
   <div class='ocr_carea' id='block_1_2' title="bbox 1548 318 2550 386">
    <p class='ocr_par' dir='ltr' id='par_1_2' title="bbox 1548 318 2550 386">
     <span class='ocr_line' id='line_1_2' title="bbox 1548 318 2550 386; baseline 0.01 -11"><span class='ocrx_word' id='word_1_2' title='bbox 1548 318 1830 376; x_wconf 80' lang='lat' dir='ltr'><strong>CONTRA</strong></span> <span class='ocrx_word' id='word_1_3' title='bbox 1869 319 2299 379; x_wconf 76' lang='lat' dir='ltr'><strong>MARCELLUM</strong></span> <span class='ocrx_word' id='word_1_4' title='bbox 2340 327 2468 384; x_wconf 84' lang='lat' dir='ltr'><strong>LIB.</strong></span> <span class='ocrx_word' id='word_1_5' title='bbox 2510 329 2550 386; x_wconf 91' lang='grc' dir='ltr'>Ι.</span> 
     </span>
    </p>
   </div>
   <div class='ocr_carea' id='block_1_3' title="bbox 3576 338 3684 395">
    <p class='ocr_par' dir='ltr' id='par_1_3' title="bbox 3576 338 3684 395">
     <span class='ocr_line' id='line_1_3' title="bbox 3576 338 3684 395; baseline 0 -1"><span class='ocrx_word' id='word_1_6' title='bbox 3576 338 3684 395; x_wconf 73' lang='lat'><strong>762</strong></span> 
     </span>
    </p>
   </div>
   <div class='ocr_carea' id='block_1_4' title="bbox 429 436 1998 527">
    <p class='ocr_par' dir='ltr' id='par_1_4' title="bbox 429 436 1998 514">
     <span class='ocr_line' id='line_1_4' title="bbox 429 436 1998 514; baseline 0.001 -20"><span class='ocrx_word' id='word_1_7' title='bbox 429 463 449 494; x_wconf 75' lang='grc' dir='ltr'><strong>ι</strong></span> <span class='ocrx_word' id='word_1_8' title='bbox 489 458 576 505; x_wconf 85' lang='grc' dir='ltr'><strong>νος</strong></span> <span class='ocrx_word' id='word_1_9' title='bbox 603 436 890 511; x_wconf 78' lang='grc' dir='ltr'><strong>δογμάτων</strong></span> <span class='ocrx_word' id='word_1_10' title='bbox 922 440 1018 495; x_wconf 79' lang='grc' dir='ltr'>καὶ</span> <span class='ocrx_word' id='word_1_11' title='bbox 1049 440 1146 512; x_wconf 71' lang='grc' dir='ltr'>τῆς</span> <span class='ocrx_word' id='word_1_12' title='bbox 1173 439 1281 494; x_wconf 80' lang='grc' dir='ltr'><strong>τῶν</strong></span> <span class='ocrx_word' id='word_1_13' title='bbox 1309 439 1492 514; x_wconf 83' lang='grc' dir='ltr'>ἀρχῶν</span> <span class='ocrx_word' id='word_1_14' title='bbox 1521 441 1672 513; x_wconf 86' lang='grc' dir='ltr'><strong>παρά</strong></span> <span class='ocrx_word' id='word_1_15' title='bbox 1704 440 1854 512; x_wconf 79' lang='grc' dir='ltr'>αὐτῷ</span> <span class='ocrx_word' id='word_1_16' title='bbox 1889 441 1998 495; x_wconf 89' lang='grc' dir='ltr'>δια-</span> 
     </span>
    </p>
   </div>
   <div class='ocr_carea' id='block_1_5' title="bbox 2105 436 3687 527">
    <p class='ocr_par' dir='ltr' id='par_1_5' title="bbox 2116 448 3687 527">
     <span class='ocr_line' id='line_1_5' title="bbox 2116 448 3687 527; baseline 0.01 -32"><span class='ocrx_word' id='word_1_17' title='bbox 2116 462 2134 495; x_wconf 73' lang='grc' dir='ltr'>ί</span> <span class='ocrx_word' id='word_1_18' title='bbox 2175 448 2464 501; x_wconf 87' lang='lat' dir='ltr'><strong>tenendum</strong></span> <span class='ocrx_word' id='word_1_19' title='bbox 2495 465 2510 514; x_wconf 89' lang='lat'><strong>;</strong></span> <span class='ocrx_word' id='word_1_20' title='bbox 2539 463 2662 502; x_wconf 90' lang='lat' dir='ltr'><strong>cum</strong></span> <span class='ocrx_word' id='word_1_21' title='bbox 2694 459 2946 505; x_wconf 89' lang='lat' dir='ltr'><strong>recenter</strong></span> <span class='ocrx_word' id='word_1_22' title='bbox 2971 451 3107 508; x_wconf 86' lang='lat' dir='ltr'><strong>adeo</strong></span> <span class='ocrx_word' id='word_1_23' title='bbox 3138 463 3252 507; x_wconf 91' lang='lat' dir='ltr'><strong>tum</strong></span> <span class='ocrx_word' id='word_1_24' title='bbox 3283 468 3314 509; x_wconf 85' lang='lat' dir='ltr'><strong>a</strong></span> <span class='ocrx_word' id='word_1_25' title='bbox 3339 453 3538 511; x_wconf 81' lang='lat' dir='ltr'><strong>scholis</strong></span> <span class='ocrx_word' id='word_1_26' title='bbox 3562 457 3687 527; x_wconf 80' lang='lat' dir='ltr'><strong>phi-</strong></span> 
     </span>
    </p>
   </div>
   <div class='ocr_carea' id='block_1_6' title="bbox 429 531 2006 606">
    <p class='ocr_par' dir='ltr' id='par_1_6' title="bbox 429 531 2006 606">
     <span class='ocr_line' id='line_1_6' title="bbox 429 531 2006 606; baseline -0.001 -21"><span class='ocrx_word' id='word_1_27' title='bbox 429 553 447 585; x_wconf 79' lang='grc' dir='ltr'><strong>ι</strong></span> <span class='ocrx_word' id='word_1_28' title='bbox 485 533 679 605; x_wconf 74' lang='grc' dir='ltr'>φορᾶς,</span> <span class='ocrx_word' id='word_1_29' title='bbox 713 532 854 600; x_wconf 79' lang='grc' dir='ltr'>Περὶ</span> <span class='ocrx_word' id='word_1_30' title='bbox 890 531 1094 602; x_wconf 73' lang='grc' dir='ltr'>ἀρχῶν</span> <span class='ocrx_word' id='word_1_31' title='bbox 1126 532 1374 606; x_wconf 79' lang='grc' dir='ltr'>γέγραφε</span> <span class='ocrx_word' id='word_1_32' title='bbox 1405 531 1628 603; x_wconf 79' lang='grc' dir='ltr'>βιϐλίον,</span> <span class='ocrx_word' id='word_1_33' title='bbox 1659 535 1753 586; x_wconf 42' lang='lat' dir='ltr'><strong>xtl.</strong></span> <span class='ocrx_word' id='word_1_34' title='bbox 1801 533 2006 604; x_wconf 87' lang='grc' dir='ltr'>ταύτην</span> 
     </span>
    </p>
   </div>
   <div class='ocr_carea' id='block_1_7' title="bbox 432 625 2007 698">
    <p class='ocr_par' dir='ltr' id='par_1_7' title="bbox 432 625 2007 698">
     <span class='ocr_line' id='line_1_7' title="bbox 432 625 2007 698; baseline 0.002 -21"><span class='ocrx_word' id='word_1_35' title='bbox 432 646 449 676; x_wconf 78' lang='grc' dir='ltr'><strong>ι</strong></span> <span class='ocrx_word' id='word_1_36' title='bbox 483 625 562 698; x_wconf 83' lang='grc' dir='ltr'>τῷ</span> <span class='ocrx_word' id='word_1_37' title='bbox 595 625 988 696; x_wconf 81' lang='grc' dir='ltr'>συγγράμματι</span> <span class='ocrx_word' id='word_1_38' title='bbox 1029 625 1125 698; x_wconf 82' lang='grc' dir='ltr'>τὴν</span> <span class='ocrx_word' id='word_1_39' title='bbox 1157 626 1470 698; x_wconf 76' lang='grc' dir='ltr'>ἐπιγραφὴν</span> <span class='ocrx_word' id='word_1_40' title='bbox 1502 625 1673 680; x_wconf 76' lang='grc' dir='ltr'>ἔθετο.</span> <span class='ocrx_word' id='word_1_41' title='bbox 1717 628 1924 697; x_wconf 84' lang='grc' dir='ltr'><strong>Δεῖγμα</strong></span> <span class='ocrx_word' id='word_1_42' title='bbox 1951 628 2007 680; x_wconf 85' lang='grc' dir='ltr'>δὲ</span> 
     </span>
    </p>
   </div>
   <div class='ocr_carea' id='block_1_8' title="bbox 427 717 2005 792">
    <p class='ocr_par' dir='ltr' id='par_1_8' title="bbox 427 717 2005 792">
     <span class='ocr_line' id='line_1_8' title="bbox 427 717 2005 792; baseline 0.001 -22"><span class='ocrx_word' id='word_1_43' title='bbox 427 739 444 770; x_wconf 72' lang='grc' dir='ltr'><strong>ι</strong></span> <span class='ocrx_word' id='word_1_44' title='bbox 488 717 648 772; x_wconf 79' lang='grc' dir='ltr'>τοῦτο</span> <span class='ocrx_word' id='word_1_45' title='bbox 678 718 935 789; x_wconf 85' lang='grc' dir='ltr'>μέγιστον</span> <span class='ocrx_word' id='word_1_46' title='bbox 963 717 1025 771; x_wconf 78' lang='grc' dir='ltr'>τὸ</span> <span class='ocrx_word' id='word_1_47' title='bbox 1056 718 1189 788; x_wconf 84' lang='grc' dir='ltr'><strong>μηδέ</strong></span> <span class='ocrx_word' id='word_1_48' title='bbox 1228 717 1448 774; x_wconf 78' lang='grc' dir='ltr'>ἄλλοθέν</span> <span class='ocrx_word' id='word_1_49' title='bbox 1495 718 1660 773; x_wconf 88' lang='grc' dir='ltr'>ποθεν</span> <span class='ocrx_word' id='word_1_50' title='bbox 1692 721 1866 792; x_wconf 82' lang='grc' dir='ltr'>ἀρχὴν</span> <span class='ocrx_word' id='word_1_51' title='bbox 1897 719 2005 774; x_wconf 84' lang='grc' dir='ltr'><strong>τῶν</strong></span> 
     </span>
    </p>
   </div>
   <div class='ocr_carea' id='block_1_9' title="bbox 427 807 2007 882">
    <p class='ocr_par' dir='ltr' id='par_1_9' title="bbox 427 807 2007 882">
     <span class='ocr_line' id='line_1_9' title="bbox 427 807 2007 882; baseline 0.001 -20"><span class='ocrx_word' id='word_1_52' title='bbox 427 832 445 861; x_wconf 74' lang='grc' dir='ltr'><strong>ι</strong></span> <span class='ocrx_word' id='word_1_53' title='bbox 484 809 684 876; x_wconf 77' lang='grc' dir='ltr'>λέξεων</span> <span class='ocrx_word' id='word_1_54' title='bbox 723 808 886 861; x_wconf 75' lang='grc' dir='ltr'>αὐτὸν</span> <span class='ocrx_word' id='word_1_55' title='bbox 921 807 953 879; x_wconf 81' lang='grc' dir='ltr'><strong>ἥ</strong></span> <span class='ocrx_word' id='word_1_56' title='bbox 993 807 1090 880; x_wconf 81' lang='grc' dir='ltr'>τὴν</span> <span class='ocrx_word' id='word_1_57' title='bbox 1131 809 1446 880; x_wconf 78' lang='grc' dir='ltr'>ἐπιγραφὴν</span> <span class='ocrx_word' id='word_1_58' title='bbox 1477 809 1572 863; x_wconf 91' lang='grc' dir='ltr'><strong>τοῦ</strong></span> <span class='ocrx_word' id='word_1_59' title='bbox 1605 809 1813 880; x_wconf 80' lang='grc' dir='ltr'>βιϐλίου</span> <span class='ocrx_word' id='word_1_60' title='bbox 1850 812 2007 882; x_wconf 86' lang='grc' dir='ltr'>ποιή-</span> 
     </span>
    </p>
   </div>
   <div class='ocr_carea' id='block_1_10' title="bbox 427 901 2003 977">
    <p class='ocr_par' dir='ltr' id='par_1_10' title="bbox 427 901 2003 977">
     <span class='ocr_line' id='line_1_10' title="bbox 427 901 2003 977; baseline 0.004 -23"><span class='ocrx_word' id='word_1_61' title='bbox 427 921 445 954; x_wconf 79' lang='grc' dir='ltr'><strong>ι</strong></span> <span class='ocrx_word' id='word_1_62' title='bbox 490 901 707 970; x_wconf 89' lang='grc' dir='ltr'>σασθαι,</span> <span class='ocrx_word' id='word_1_63' title='bbox 740 901 852 955; x_wconf 75' lang='grc' dir='ltr'>ἀλλ’</span> <span class='ocrx_word' id='word_1_64' title='bbox 882 902 989 954; x_wconf 85' lang='grc' dir='ltr'><strong>ἀπὸ</strong></span> <span class='ocrx_word' id='word_1_65' title='bbox 1021 902 1128 954; x_wconf 78' lang='grc' dir='ltr'><strong>τῶν</strong></span> <span class='ocrx_word' id='word_1_66' title='bbox 1149 902 1397 958; x_wconf 91' lang='grc' dir='ltr'>Πλάτωνι</span> <span class='ocrx_word' id='word_1_67' title='bbox 1427 903 1700 976; x_wconf 78' lang='grc' dir='ltr'><strong>ῥηθέντων</strong></span> <span class='ocrx_word' id='word_1_68' title='bbox 1719 905 2003 977; x_wconf 74' lang='grc' dir='ltr'>ῥημάτων.</span> 
     </span>
    </p>
   </div>
   <div class='ocr_carea' id='block_1_11' title="bbox 429 993 2005 1066">
    <p class='ocr_par' dir='ltr' id='par_1_11' title="bbox 429 993 2005 1066">
     <span class='ocr_line' id='line_1_11' title="bbox 429 993 2005 1066; baseline 0.004 -20"><span class='ocrx_word' id='word_1_69' title='bbox 429 1013 447 1044; x_wconf 85' lang='grc' dir='ltr'><strong>ι</strong></span> <span class='ocrx_word' id='word_1_70' title='bbox 484 994 736 1066; x_wconf 78' lang='grc' dir='ltr'><strong>Γέγραφε</strong></span> <span class='ocrx_word' id='word_1_71' title='bbox 765 993 875 1065; x_wconf 86' lang='grc' dir='ltr'><strong>γάρ</strong></span> <span class='ocrx_word' id='word_1_72' title='bbox 919 995 1219 1066; x_wconf 83' lang='grc' dir='ltr'><strong>ἀρχόμενος</strong></span> <span class='ocrx_word' id='word_1_73' title='bbox 1247 995 1438 1060; x_wconf 75' lang='grc' dir='ltr'>οὓτως-</span> <span class='ocrx_word' id='word_1_74' title='bbox 1476 998 1540 1050; x_wconf 80' lang='lat' dir='ltr'><strong>(ll</strong></span> <span class='ocrx_word' id='word_1_75' title='bbox 1584 999 2005 1062; x_wconf 81' lang='grc' dir='ltr'><strong>πεπιστευκότες</strong></span> 
     </span>
    </p>
   </div>
   <div class='ocr_carea' id='block_1_12' title="bbox 431 1087 2002 1162">
    <p class='ocr_par' dir='ltr' id='par_1_12' title="bbox 431 1087 2002 1162">
     <span class='ocr_line' id='line_1_12' title="bbox 431 1087 2002 1162; baseline 0.004 -24"><span class='ocrx_word' id='word_1_76' title='bbox 431 1106 449 1138; x_wconf 82' lang='grc' dir='ltr'><strong>ι</strong></span> <span class='ocrx_word' id='word_1_77' title='bbox 491 1089 586 1143; x_wconf 77' lang='grc' dir='ltr'>καὶ</span> <span class='ocrx_word' id='word_1_78' title='bbox 609 1088 1050 1159; x_wconf 80' lang='grc' dir='ltr'><strong>πεπιστευμένοι.</strong></span> <span class='ocrx_word' id='word_1_79' title='bbox 1067 1087 1237 1141; x_wconf 87' lang='grc' dir='ltr'>Τοῦτο</span> <span class='ocrx_word' id='word_1_80' title='bbox 1255 1087 1317 1141; x_wconf 82' lang='grc' dir='ltr'><strong>τὸ</strong></span> <span class='ocrx_word' id='word_1_81' title='bbox 1338 1087 1498 1159; x_wconf 78' lang='grc' dir='ltr'>ῥητὸν</span> <span class='ocrx_word' id='word_1_82' title='bbox 1524 1087 1696 1153; x_wconf 82' lang='grc' dir='ltr'>οὓτως</span> <span class='ocrx_word' id='word_1_83' title='bbox 1717 1090 2002 1162; x_wconf 83' lang='grc' dir='ltr'>εἰρημένον</span> 
     </span>
    </p>
   </div>
   <div class='ocr_carea' id='block_1_13' title="bbox 430 1180 2003 1253">
    <p class='ocr_par' dir='ltr' id='par_1_13' title="bbox 430 1180 2003 1253">
     <span class='ocr_line' id='line_1_13' title="bbox 430 1180 2003 1253; baseline 0.001 -20"><span class='ocrx_word' id='word_1_84' title='bbox 430 1201 449 1233; x_wconf 84' lang='grc' dir='ltr'><strong>ι</strong></span> <span class='ocrx_word' id='word_1_85' title='bbox 485 1180 666 1253; x_wconf 79' lang='grc' dir='ltr'>εὕροις</span> <span class='ocrx_word' id='word_1_86' title='bbox 692 1180 757 1234; x_wconf 81' lang='grc' dir='ltr'>ἂν</span> <span class='ocrx_word' id='word_1_87' title='bbox 791 1181 848 1234; x_wconf 85' lang='grc' dir='ltr'><strong>ἐν</strong></span> <span class='ocrx_word' id='word_1_88' title='bbox 877 1180 956 1251; x_wconf 83' lang='grc' dir='ltr'>τῷ</span> <span class='ocrx_word' id='word_1_89' title='bbox 989 1181 1210 1250; x_wconf 79' lang='grc' dir='ltr'><strong>Γοργίᾳ</strong></span> <span class='ocrx_word' id='word_1_90' title='bbox 1245 1180 1550 1245; x_wconf 86' lang='grc' dir='ltr'>Πλάτωνος.</span> <span class='ocrx_word' id='word_1_91' title='bbox 1586 1200 1604 1232; x_wconf 75' lang='grc' dir='ltr'><strong>ι</strong></span> <span class='ocrx_word' id='word_1_92' title='bbox 1645 1180 1770 1236; x_wconf 78' lang='grc' dir='ltr'>Οῦτ⁹</span> <span class='ocrx_word' id='word_1_93' title='bbox 1799 1185 1847 1236; x_wconf 88' lang='grc' dir='ltr'><strong>εἰ</strong></span> <span class='ocrx_word' id='word_1_94' title='bbox 1873 1182 2003 1251; x_wconf 74' lang='grc' dir='ltr'>ἐφέσ-</span> 
     </span>
    </p>
   </div>
   <div class='ocr_carea' id='block_1_14' title="bbox 424 1271 2002 1346">
    <p class='ocr_par' dir='ltr' id='par_1_14' title="bbox 424 1271 2002 1346">
     <span class='ocr_line' id='line_1_14' title="bbox 424 1271 2002 1346; baseline -0.001 -18"><span class='ocrx_word' id='word_1_95' title='bbox 424 1291 568 1346; x_wconf 90' lang='grc' dir='ltr'>ρετο,</span> <span class='ocrx_word' id='word_1_96' title='bbox 595 1274 826 1345; x_wconf 69' lang='grc' dir='ltr'>ἤνεγκεν</span> <span class='ocrx_word' id='word_1_97' title='bbox 857 1271 922 1327; x_wconf 82' lang='grc' dir='ltr'>ἂν</span> <span class='ocrx_word' id='word_1_98' title='bbox 959 1272 1213 1344; x_wconf 77' lang='grc' dir='ltr'>διαϐολὴν</span> <span class='ocrx_word' id='word_1_99' title='bbox 1252 1274 1519 1343; x_wconf 84' lang='grc' dir='ltr'>Ὦριγένει</span> <span class='ocrx_word' id='word_1_100' title='bbox 1543 1274 1724 1343; x_wconf 86' lang='grc' dir='ltr'>φάντι,</span> <span class='ocrx_word' id='word_1_101' title='bbox 1760 1276 1808 1327; x_wconf 86' lang='grc' dir='ltr'>οἱ</span> <span class='ocrx_word' id='word_1_102' title='bbox 1838 1291 2002 1327; x_wconf 88' lang='grc' dir='ltr'>πεπι-</span> 
     </span>
    </p>
   </div>
   <div class='ocr_carea' id='block_1_15' title="bbox 424 1364 2002 1437">
    <p class='ocr_par' dir='ltr' id='par_1_15' title="bbox 424 1364 2002 1437">
     <span class='ocr_line' id='line_1_15' title="bbox 424 1364 2002 1437; baseline -0.001 -17"><span class='ocrx_word' id='word_1_103' title='bbox 424 1365 711 1428; x_wconf 87' lang='grc' dir='ltr'>στευκότες</span> <span class='ocrx_word' id='word_1_104' title='bbox 744 1365 778 1436; x_wconf 76' lang='grc' dir='ltr'><strong>ἦ</strong></span> <span class='ocrx_word' id='word_1_105' title='bbox 805 1365 899 1419; x_wconf 69' lang='grc' dir='ltr'><strong>καί¹</strong></span> <span class='ocrx_word' id='word_1_106' title='bbox 927 1365 1368 1435; x_wconf 84' lang='grc' dir='ltr'>πεπιστευμένοι,</span> <span class='ocrx_word' id='word_1_107' title='bbox 1403 1364 1498 1419; x_wconf 75' lang='grc' dir='ltr'><strong>καὶ</strong></span> <span class='ocrx_word' id='word_1_108' title='bbox 1526 1366 1820 1434; x_wconf 61' lang='grc' dir='ltr'>συνάψαντι</span> <span class='ocrx_word' id='word_1_109' title='bbox 1854 1364 2002 1437; x_wconf 79' lang='grc' dir='ltr'>ἑξῆς,</span> 
     </span>
    </p>
   </div>
   <div class='ocr_carea' id='block_1_16' title="bbox 429 1454 2004 1529">
    <p class='ocr_par' dir='ltr' id='par_1_16' title="bbox 429 1454 2004 1529">
     <span class='ocr_line' id='line_1_16' title="bbox 429 1454 2004 1529; baseline -0.001 -20"><span class='ocrx_word' id='word_1_110' title='bbox 429 1476 448 1509; x_wconf 75' lang='grc' dir='ltr'><strong>ι</strong></span> <span class='ocrx_word' id='word_1_111' title='bbox 489 1458 588 1529; x_wconf 81' lang='grc' dir='ltr'>τὴν</span> <span class='ocrx_word' id='word_1_112' title='bbox 613 1457 774 1529; x_wconf 85' lang='grc' dir='ltr'>χάριν</span> <span class='ocrx_word' id='word_1_113' title='bbox 805 1455 901 1510; x_wconf 74' lang='grc' dir='ltr'><strong>καὶ</strong></span> <span class='ocrx_word' id='word_1_114' title='bbox 925 1456 1023 1527; x_wconf 82' lang='grc' dir='ltr'>τὴν</span> <span class='ocrx_word' id='word_1_115' title='bbox 1047 1455 1304 1527; x_wconf 85' lang='grc' dir='ltr'>ἀλήθειαν</span> <span class='ocrx_word' id='word_1_116' title='bbox 1335 1455 1401 1508; x_wconf 88' lang='grc' dir='ltr'>δι’</span> <span class='ocrx_word' id='word_1_117' title='bbox 1455 1454 1628 1524; x_wconf 80' lang='grc' dir='ltr'>Ἰησοῦ</span> <span class='ocrx_word' id='word_1_118' title='bbox 1653 1455 1888 1527; x_wconf 84' lang='grc' dir='ltr'>Χριστοῦ</span> <span class='ocrx_word' id='word_1_119' title='bbox 1915 1469 2004 1523; x_wconf 87' lang='grc' dir='ltr'>γε-</span> 
     </span>
    </p>
   </div>
   <div class='ocr_carea' id='block_1_17' title="bbox 427 1541 2004 1620">
    <p class='ocr_par' dir='ltr' id='par_1_17' title="bbox 427 1541 2004 1620">
     <span class='ocr_line' id='line_1_17' title="bbox 427 1541 2004 1620; baseline -0.002 -17"><span class='ocrx_word' id='word_1_120' title='bbox 427 1569 447 1602; x_wconf 80' lang='grc' dir='ltr'><strong>ι</strong></span> <span class='ocrx_word' id='word_1_121' title='bbox 484 1550 724 1618; x_wconf 87' lang='grc' dir='ltr'>γονέναι,</span> <span class='ocrx_word' id='word_1_122' title='bbox 759 1567 778 1600; x_wconf 82' lang='grc'><strong>›</strong></span> <span class='ocrx_word' id='word_1_123' title='bbox 831 1548 925 1600; x_wconf 75' lang='grc' dir='ltr'>καὶ</span> <span class='ocrx_word' id='word_1_124' title='bbox 972 1547 1206 1620; x_wconf 84' lang='grc' dir='ltr'>Χριστὸν</span> <span class='ocrx_word' id='word_1_125' title='bbox 1237 1541 1376 1600; x_wconf 74' lang='grc' dir='ltr'>εἶναι</span> <span class='ocrx_word' id='word_1_126' title='bbox 1410 1546 1509 1618; x_wconf 82' lang='grc' dir='ltr'>τὴν</span> <span class='ocrx_word' id='word_1_127' title='bbox 1544 1545 1820 1616; x_wconf 85' lang='grc' dir='ltr'>ἀλήθειαν,</span> <span class='ocrx_word' id='word_1_128' title='bbox 1863 1546 2004 1600; x_wconf 86' lang='grc' dir='ltr'><strong>κατά</strong></span> 
     </span>
    </p>
   </div>
   <div class='ocr_carea' id='block_1_18' title="bbox 421 1637 1996 1712">
    <p class='ocr_par' dir='ltr' id='par_1_18' title="bbox 421 1637 1996 1712">
     <span class='ocr_line' id='line_1_18' title="bbox 421 1637 1996 1712; baseline -0.001 -19"><span class='ocrx_word' id='word_1_129' title='bbox 421 1640 484 1695; x_wconf 73' lang='grc' dir='ltr'>τὸ</span> <span class='ocrx_word' id='word_1_130' title='bbox 519 1639 806 1712; x_wconf 70' lang='grc' dir='ltr'>εἰρημένον</span> <span class='ocrx_word' id='word_1_131' title='bbox 845 1639 935 1692; x_wconf 82' lang='grc' dir='ltr'>ὑπ’</span> <span class='ocrx_word' id='word_1_132' title='bbox 973 1638 1157 1692; x_wconf 77' lang='grc' dir='ltr'>αύτοῦο</span> <span class='ocrx_word' id='word_1_133' title='bbox 1195 1657 1214 1690; x_wconf 76' lang='grc' dir='ltr'><strong>ι</strong></span> <span class='ocrx_word' id='word_1_134' title='bbox 1275 1637 1415 1707; x_wconf 85' lang='grc' dir='ltr'>Ἐγώ</span> <span class='ocrx_word' id='word_1_135' title='bbox 1456 1640 1571 1710; x_wconf 84' lang='grc' dir='ltr'>εἰμι</span> <span class='ocrx_word' id='word_1_136' title='bbox 1605 1640 1637 1710; x_wconf 85' lang='grc' dir='ltr'>ἡ</span> <span class='ocrx_word' id='word_1_137' title='bbox 1680 1637 1926 1710; x_wconf 79' lang='grc' dir='ltr'>ἀλήθεια.</span> <span class='ocrx_word' id='word_1_138' title='bbox 1977 1657 1996 1690; x_wconf 74' lang='grc' dir='ltr'><strong>ι</strong></span> 
     </span>
    </p>
   </div>
   <div class='ocr_carea' id='block_1_19' title="bbox 421 1731 2004 1804">
    <p class='ocr_par' dir='ltr' id='par_1_19' title="bbox 421 1731 2004 1804">
     <span class='ocr_line' id='line_1_19' title="bbox 421 1731 2004 1804; baseline -0.001 -16"><span class='ocrx_word' id='word_1_139' title='bbox 421 1732 560 1804; x_wconf 70' lang='grc' dir='ltr'>Ποία</span> <span class='ocrx_word' id='word_1_140' title='bbox 592 1731 701 1804; x_wconf 82' lang='grc' dir='ltr'><strong>γάρ</strong></span> <span class='ocrx_word' id='word_1_141' title='bbox 731 1733 867 1804; x_wconf 84' lang='grc' dir='ltr'>πρὸς</span> <span class='ocrx_word' id='word_1_142' title='bbox 892 1731 1060 1785; x_wconf 85' lang='grc' dir='ltr'>ταῦτα</span> <span class='ocrx_word' id='word_1_143' title='bbox 1090 1732 1342 1786; x_wconf 83' lang='grc' dir='ltr'>κοινωνία</span> <span class='ocrx_word' id='word_1_144' title='bbox 1371 1733 1566 1801; x_wconf 83' lang='grc' dir='ltr'>γένοιτ’</span> <span class='ocrx_word' id='word_1_145' title='bbox 1601 1732 1666 1786; x_wconf 81' lang='grc' dir='ltr'>ἄν</span> <span class='ocrx_word' id='word_1_146' title='bbox 1703 1750 1833 1786; x_wconf 86' lang='grc' dir='ltr'>ποτε</span> <span class='ocrx_word' id='word_1_147' title='bbox 1860 1732 2004 1786; x_wconf 84' lang='grc' dir='ltr'>Πλά-</span> 
     </span>
    </p>
   </div>
   <div class='ocr_carea' id='block_1_20' title="bbox 421 1823 2003 1896">
    <p class='ocr_par' dir='ltr' id='par_1_20' title="bbox 421 1823 2003 1896">
     <span class='ocr_line' id='line_1_20' title="bbox 421 1823 2003 1896; baseline -0.002 -15"><span class='ocrx_word' id='word_1_148' title='bbox 421 1841 585 1892; x_wconf 88' lang='grc' dir='ltr'>τωνι;</span> <span class='ocrx_word' id='word_1_149' title='bbox 633 1824 797 1879; x_wconf 89' lang='grc' dir='ltr'>υύδέν</span> <span class='ocrx_word' id='word_1_150' title='bbox 847 1823 1133 1888; x_wconf 86' lang='grc' dir='ltr'>Πλάτωνος</span> <span class='ocrx_word' id='word_1_151' title='bbox 1173 1823 1318 1894; x_wconf 81' lang='grc' dir='ltr'>Περί</span> <span class='ocrx_word' id='word_1_152' title='bbox 1356 1823 1558 1893; x_wconf 74' lang='grc' dir='ltr'>ἀρχῶν</span> <span class='ocrx_word' id='word_1_153' title='bbox 1605 1823 2003 1896; x_wconf 81' lang='grc' dir='ltr'>μνημονεύεται</span> 
     </span>
    </p>
   </div>
   <div class='ocr_carea' id='block_1_21' title="bbox 425 1916 1999 1989">
    <p class='ocr_par' dir='ltr' id='par_1_21' title="bbox 425 1916 1999 1989">
     <span class='ocr_line' id='line_1_21' title="bbox 425 1916 1999 1989; baseline -0.001 -17"><span class='ocrx_word' id='word_1_154' title='bbox 425 1918 649 1989; x_wconf 77' lang='grc' dir='ltr'>βιϐλίον.</span> <span class='ocrx_word' id='word_1_155' title='bbox 693 1917 826 1970; x_wconf 79' lang='grc' dir='ltr'>Οὐδὲ</span> <span class='ocrx_word' id='word_1_156' title='bbox 871 1916 1150 1989; x_wconf 85' lang='grc' dir='ltr'>Ὠριγένης</span> <span class='ocrx_word' id='word_1_157' title='bbox 1179 1917 1379 1988; x_wconf 84' lang='grc' dir='ltr'>ὁμοίως</span> <span class='ocrx_word' id='word_1_158' title='bbox 1413 1918 1540 1988; x_wconf 82' lang='grc' dir='ltr'><strong>περί</strong></span> <span class='ocrx_word' id='word_1_159' title='bbox 1571 1917 1754 1989; x_wconf 86' lang='grc' dir='ltr'>ἀρχῶν</span> <span class='ocrx_word' id='word_1_160' title='bbox 1784 1917 1999 1985; x_wconf 79' lang='grc' dir='ltr'>ἐδόξασε</span> 
     </span>
    </p>
   </div>
   <div class='ocr_carea' id='block_1_22' title="bbox 422 2009 2000 2083">
    <p class='ocr_par' dir='ltr' id='par_1_22' title="bbox 422 2009 2000 2083">
     <span class='ocr_line' id='line_1_22' title="bbox 422 2009 2000 2083; baseline 0.001 -19"><span class='ocrx_word' id='word_1_161' title='bbox 422 2011 693 2074; x_wconf 75' lang='grc' dir='ltr'>Πλάτωνι,</span> <span class='ocrx_word' id='word_1_162' title='bbox 730 2010 760 2062; x_wconf 98' lang='lat'><strong>6</strong></span> <span class='ocrx_word' id='word_1_163' title='bbox 811 2009 936 2081; x_wconf 90' lang='grc' dir='ltr'>μίαν</span> <span class='ocrx_word' id='word_1_164' title='bbox 989 2009 1156 2081; x_wconf 86' lang='grc' dir='ltr'>μόνην</span> <span class='ocrx_word' id='word_1_165' title='bbox 1184 2010 1285 2079; x_wconf 87' lang='grc' dir='ltr'>τὴν</span> <span class='ocrx_word' id='word_1_166' title='bbox 1316 2010 1606 2080; x_wconf 82' lang='grc' dir='ltr'>ἀγέννητον</span> <span class='ocrx_word' id='word_1_167' title='bbox 1648 2011 1740 2064; x_wconf 72' lang='grc' dir='ltr'><strong>καὶ</strong></span> <span class='ocrx_word' id='word_1_168' title='bbox 1769 2011 2000 2083; x_wconf 84' lang='grc' dir='ltr'>ἄναρχον</span> 
     </span>
    </p>
   </div>
   <div class='ocr_carea' id='block_1_23' title="bbox 421 2100 2000 2175">
    <p class='ocr_par' dir='ltr' id='par_1_23' title="bbox 421 2100 2000 2175">
     <span class='ocr_line' id='line_1_23' title="bbox 421 2100 2000 2175; baseline 0 -17"><span class='ocrx_word' id='word_1_169' title='bbox 421 2105 517 2158; x_wconf 75' lang='grc' dir='ltr'>καὶ</span> <span class='ocrx_word' id='word_1_170' title='bbox 541 2103 798 2156; x_wconf 78' lang='grc' dir='ltr'>ἐπέκεινα</span> <span class='ocrx_word' id='word_1_171' title='bbox 822 2101 932 2156; x_wconf 86' lang='grc' dir='ltr'>τῶν</span> <span class='ocrx_word' id='word_1_172' title='bbox 954 2103 1090 2158; x_wconf 82' lang='grc' dir='ltr'>ὅλων</span> <span class='ocrx_word' id='word_1_173' title='bbox 1125 2102 1280 2167; x_wconf 86' lang='grc' dir='ltr'>εἰδὼς</span> <span class='ocrx_word' id='word_1_174' title='bbox 1308 2104 1506 2175; x_wconf 79' lang='grc' dir='ltr'>ἀρχὴν,</span> <span class='ocrx_word' id='word_1_175' title='bbox 1539 2104 1741 2174; x_wconf 88' lang='grc' dir='ltr'>ταύτην</span> <span class='ocrx_word' id='word_1_176' title='bbox 1768 2121 1828 2157; x_wconf 88' lang='grc' dir='ltr'><strong>τε</strong></span> <span class='ocrx_word' id='word_1_177' title='bbox 1860 2100 2000 2158; x_wconf 81' lang='grc' dir='ltr'>εἶναι</span> 
     </span>
    </p>
   </div>
   <div class='ocr_carea' id='block_1_24' title="bbox 421 2193 1994 2269">
    <p class='ocr_par' dir='ltr' id='par_1_24' title="bbox 421 2193 1994 2269">
     <span class='ocr_line' id='line_1_24' title="bbox 421 2193 1994 2269; baseline 0.002 -19"><span class='ocrx_word' id='word_1_178' title='bbox 421 2197 640 2269; x_wconf 85' lang='grc' dir='ltr'>Πατέρα</span> <span class='ocrx_word' id='word_1_179' title='bbox 657 2196 774 2259; x_wconf 80' lang='grc' dir='ltr'>ἐνὸς</span> <span class='ocrx_word' id='word_1_180' title='bbox 798 2196 1117 2268; x_wconf 78' lang='grc' dir='ltr'>μονογενοῦς</span> <span class='ocrx_word' id='word_1_181' title='bbox 1129 2197 1280 2258; x_wconf 83' lang='grc' dir='ltr'>Υἱοῦ.</span> <span class='ocrx_word' id='word_1_182' title='bbox 1300 2197 1367 2251; x_wconf 86' lang='grc' dir='ltr'>δι’</span> <span class='ocrx_word' id='word_1_183' title='bbox 1387 2193 1448 2252; x_wconf 75' lang='grc' dir='ltr'>οὗ</span> <span class='ocrx_word' id='word_1_184' title='bbox 1475 2196 1542 2252; x_wconf 82' lang='grc' dir='ltr'><strong>τά</strong></span> <span class='ocrx_word' id='word_1_185' title='bbox 1565 2198 1738 2253; x_wconf 87' lang='grc' dir='ltr'>πάντα</span> <span class='ocrx_word' id='word_1_186' title='bbox 1756 2199 1994 2268; x_wconf 86' lang='grc' dir='ltr'>γέγονεν.</span> 
     </span>
    </p>
   </div>
   <div class='ocr_carea' id='block_1_25' title="bbox 425 2290 1996 2362">
    <p class='ocr_par' dir='ltr' id='par_1_25' title="bbox 425 2290 1996 2362">
     <span class='ocr_line' id='line_1_25' title="bbox 425 2290 1996 2362; baseline 0 -18"><span class='ocrx_word' id='word_1_187' title='bbox 425 2290 571 2354; x_wconf 87' lang='grc' dir='ltr'>Ὀδε,</span> <span class='ocrx_word' id='word_1_188' title='bbox 614 2291 709 2344; x_wconf 74' lang='grc' dir='ltr'><strong>καὶ</strong></span> <span class='ocrx_word' id='word_1_189' title='bbox 761 2293 820 2344; x_wconf 90' lang='grc' dir='ltr'><strong>ἐν</strong></span> <span class='ocrx_word' id='word_1_190' title='bbox 865 2290 1076 2354; x_wconf 84' lang='grc' dir='ltr'>τούτοις</span> <span class='ocrx_word' id='word_1_191' title='bbox 1134 2290 1440 2361; x_wconf 83' lang='grc' dir='ltr'>Ὠριγένους</span> <span class='ocrx_word' id='word_1_192' title='bbox 1496 2290 1996 2362; x_wconf 75' lang='grc' dir='ltr'>καταψευσάμενος,</span> 
     </span>
    </p>
   </div>
   <div class='ocr_carea' id='block_1_26' title="bbox 426 2381 2000 2456">
    <p class='ocr_par' dir='ltr' id='par_1_26' title="bbox 426 2381 2000 2456">
     <span class='ocr_line' id='line_1_26' title="bbox 426 2381 2000 2456; baseline 0.002 -22"><span class='ocrx_word' id='word_1_193' title='bbox 426 2381 542 2453; x_wconf 78' lang='grc' dir='ltr'>μεθ’</span> <span class='ocrx_word' id='word_1_194' title='bbox 586 2383 747 2455; x_wconf 73' lang='grc' dir='ltr'>ἕτερα</span> <span class='ocrx_word' id='word_1_195' title='bbox 771 2383 1096 2456; x_wconf 86' lang='grc' dir='ltr'>προστίθησι</span> <span class='ocrx_word' id='word_1_196' title='bbox 1120 2381 1316 2451; x_wconf 69' lang='grc' dir='ltr'>λέγων’</span> <span class='ocrx_word' id='word_1_197' title='bbox 1352 2401 1370 2434; x_wconf 73' lang='grc' dir='ltr'><strong>ι</strong></span> <span class='ocrx_word' id='word_1_198' title='bbox 1413 2383 1690 2454; x_wconf 82' lang='grc' dir='ltr'>Ἀστερίου</span> <span class='ocrx_word' id='word_1_199' title='bbox 1718 2382 1826 2454; x_wconf 76' lang='grc' dir='ltr'>γὰρ</span> <span class='ocrx_word' id='word_1_200' title='bbox 1851 2385 2000 2454; x_wconf 89' lang='grc' dir='ltr'>εἰρη-</span> 
     </span>
    </p>
   </div>
   <div class='ocr_carea' id='block_1_27' title="bbox 428 2475 2000 2550">
    <p class='ocr_par' dir='ltr' id='par_1_27' title="bbox 428 2475 2000 2550">
     <span class='ocr_line' id='line_1_27' title="bbox 428 2475 2000 2550; baseline 0 -20"><span class='ocrx_word' id='word_1_201' title='bbox 428 2497 447 2530; x_wconf 81' lang='grc' dir='ltr'><strong>ι</strong></span> <span class='ocrx_word' id='word_1_202' title='bbox 480 2479 655 2543; x_wconf 86' lang='grc' dir='ltr'>κότος,</span> <span class='ocrx_word' id='word_1_203' title='bbox 676 2478 782 2550; x_wconf 81' lang='grc' dir='ltr'><strong>πρὸ</strong></span> <span class='ocrx_word' id='word_1_204' title='bbox 802 2478 910 2531; x_wconf 85' lang='grc' dir='ltr'><strong>τῶν</strong></span> <span class='ocrx_word' id='word_1_205' title='bbox 932 2475 1140 2532; x_wconf 84' lang='grc' dir='ltr'>αἰώνων</span> <span class='ocrx_word' id='word_1_206' title='bbox 1159 2475 1516 2547; x_wconf 79' lang='grc' dir='ltr'>γεγεννῆσθαι</span> <span class='ocrx_word' id='word_1_207' title='bbox 1540 2476 1631 2530; x_wconf 81' lang='grc' dir='ltr'><strong>τὸν</strong></span> <span class='ocrx_word' id='word_1_208' title='bbox 1645 2476 1838 2544; x_wconf 85' lang='grc' dir='ltr'>Λόγον,</span> <span class='ocrx_word' id='word_1_209' title='bbox 1869 2477 2000 2530; x_wconf 79' lang='grc' dir='ltr'>αὐτὸ</span> 
     </span>
    </p>
   </div>
   <div class='ocr_carea' id='block_1_28' title="bbox 427 2567 2000 2642">
    <p class='ocr_par' dir='ltr' id='par_1_28' title="bbox 427 2567 2000 2642">
     <span class='ocr_line' id='line_1_28' title="bbox 427 2567 2000 2642; baseline 0 -19"><span class='ocrx_word' id='word_1_210' title='bbox 427 2589 446 2622; x_wconf 74' lang='grc' dir='ltr'><strong>ι</strong></span> <span class='ocrx_word' id='word_1_211' title='bbox 486 2571 546 2624; x_wconf 77' lang='grc' dir='ltr'>τὸ</span> <span class='ocrx_word' id='word_1_212' title='bbox 579 2571 742 2642; x_wconf 80' lang='grc' dir='ltr'>ῥητὸν</span> <span class='ocrx_word' id='word_1_213' title='bbox 771 2570 935 2626; x_wconf 82' lang='grc' dir='ltr'>αὑτὸν</span> <span class='ocrx_word' id='word_1_214' title='bbox 973 2571 1188 2640; x_wconf 76' lang='grc' dir='ltr'>ἐλέγχει</span> <span class='ocrx_word' id='word_1_215' title='bbox 1217 2568 1566 2640; x_wconf 74' lang='grc' dir='ltr'>ψευδόμενονο</span> <span class='ocrx_word' id='word_1_216' title='bbox 1604 2567 1744 2622; x_wconf 82' lang='grc' dir='ltr'>ὥστε</span> <span class='ocrx_word' id='word_1_217' title='bbox 1777 2570 1850 2640; x_wconf 83' lang='grc' dir='ltr'>μὴ</span> <span class='ocrx_word' id='word_1_218' title='bbox 1899 2570 2000 2641; x_wconf 87' lang='grc' dir='ltr'>μό-</span> 
     </span>
    </p>
   </div>
   <div class='ocr_carea' id='block_1_29' title="bbox 429 2655 2000 2735">
    <p class='ocr_par' dir='ltr' id='par_1_29' title="bbox 429 2655 2000 2735">
     <span class='ocr_line' id='line_1_29' title="bbox 429 2655 2000 2735; baseline -0.001 -20"><span class='ocrx_word' id='word_1_219' title='bbox 429 2682 447 2715; x_wconf 78' lang='grc' dir='ltr'>σ</span> <span class='ocrx_word' id='word_1_220' title='bbox 491 2681 580 2718; x_wconf 88' lang='grc' dir='ltr'><strong>νον</strong></span> <span class='ocrx_word' id='word_1_221' title='bbox 613 2663 774 2719; x_wconf 78' lang='grc' dir='ltr'>αὐτὸν</span> <span class='ocrx_word' id='word_1_222' title='bbox 809 2663 902 2717; x_wconf 86' lang='grc' dir='ltr'><strong>τοῦ</strong></span> <span class='ocrx_word' id='word_1_223' title='bbox 943 2655 1287 2735; x_wconf 81' lang='grc' dir='ltr'>πράγματος,</span> <span class='ocrx_word' id='word_1_224' title='bbox 1317 2663 1454 2716; x_wconf 86' lang='grc' dir='ltr'><strong>ἁλλά</strong></span> <span class='ocrx_word' id='word_1_225' title='bbox 1485 2662 1581 2716; x_wconf 78' lang='grc' dir='ltr'><strong>καὶ</strong></span> <span class='ocrx_word' id='word_1_226' title='bbox 1610 2661 1704 2716; x_wconf 87' lang='grc' dir='ltr'><strong>τοῦ</strong></span> <span class='ocrx_word' id='word_1_227' title='bbox 1739 2661 2000 2733; x_wconf 85' lang='grc' dir='ltr'>γράμμα-</span> 
     </span>
    </p>
   </div>
   <div class='ocr_carea' id='block_1_30' title="bbox 428 2752 1998 2829">
    <p class='ocr_par' dir='ltr' id='par_1_30' title="bbox 428 2752 1998 2829">
     <span class='ocr_line' id='line_1_30' title="bbox 428 2752 1998 2829; baseline 0.001 -22"><span class='ocrx_word' id='word_1_228' title='bbox 428 2773 446 2807; x_wconf 80' lang='grc' dir='ltr'><strong>ι</strong></span> <span class='ocrx_word' id='word_1_229' title='bbox 487 2773 580 2820; x_wconf 90' lang='grc' dir='ltr'><strong>τος</strong></span> <span class='ocrx_word' id='word_1_230' title='bbox 599 2755 942 2829; x_wconf 86' lang='grc' dir='ltr'>διαμαρτεῖν.</span> <span class='ocrx_word' id='word_1_231' title='bbox 970 2756 1036 2809; x_wconf 89' lang='grc' dir='ltr'>Εἰ</span> <span class='ocrx_word' id='word_1_232' title='bbox 1059 2754 1190 2827; x_wconf 80' lang='grc' dir='ltr'>γὰρ,</span> <span class='ocrx_word' id='word_1_233' title='bbox 1204 2753 1318 2823; x_wconf 82' lang='grc' dir='ltr'>πρὸ</span> <span class='ocrx_word' id='word_1_234' title='bbox 1340 2754 1446 2808; x_wconf 80' lang='grc' dir='ltr'><strong>τοῦ</strong></span> <span class='ocrx_word' id='word_1_235' title='bbox 1465 2752 1679 2820; x_wconf 77' lang='grc' dir='ltr'>αἰῶνος</span> <span class='ocrx_word' id='word_1_236' title='bbox 1692 2755 1998 2823; x_wconf 81' lang='grc' dir='ltr'>ἐθεμελίω-</span> 
     </span>
    </p>
   </div>
   <div class='ocr_carea' id='block_1_31' title="bbox 427 2845 1996 2920">
    <p class='ocr_par' dir='ltr' id='par_1_31' title="bbox 427 2845 1996 2920">
     <span class='ocr_line' id='line_1_31' title="bbox 427 2845 1996 2920; baseline -0.001 -20"><span class='ocrx_word' id='word_1_237' title='bbox 427 2869 446 2900; x_wconf 82' lang='grc'><strong>«</strong></span> <span class='ocrx_word' id='word_1_238' title='bbox 486 2848 601 2903; x_wconf 77' lang='grc' dir='ltr'>σέν</span> <span class='ocrx_word' id='word_1_239' title='bbox 617 2866 715 2919; x_wconf 82' lang='grc' dir='ltr'><strong>με,</strong></span> <span class='ocrx_word' id='word_1_240' title='bbox 743 2850 907 2920; x_wconf 75' lang='grc' dir='ltr'>φησὶν</span> <span class='ocrx_word' id='word_1_241' title='bbox 929 2851 963 2920; x_wconf 83' lang='grc' dir='ltr'>ἡ</span> <span class='ocrx_word' id='word_1_242' title='bbox 990 2847 1287 2920; x_wconf 87' lang='grc' dir='ltr'>Παροιμία,</span> <span class='ocrx_word' id='word_1_243' title='bbox 1312 2846 1428 2910; x_wconf 85' lang='grc' dir='ltr'><strong>πῶς</strong></span> <span class='ocrx_word' id='word_1_244' title='bbox 1455 2846 1618 2910; x_wconf 80' lang='grc' dir='ltr'>αὐτὸς</span> <span class='ocrx_word' id='word_1_245' title='bbox 1642 2845 1996 2918; x_wconf 82' lang='grc' dir='ltr'>γεγεννῆσθαι</span> 
     </span>
    </p>
   </div>
   <div class='ocr_carea' id='block_1_32' title="bbox 428 2938 1995 3013">
    <p class='ocr_par' dir='ltr' id='par_1_32' title="bbox 428 2938 1995 3013">
     <span class='ocr_line' id='line_1_32' title="bbox 428 2938 1995 3013; baseline -0.001 -19"><span class='ocrx_word' id='word_1_246' title='bbox 428 2960 448 2994; x_wconf 74' lang='grc' dir='ltr'><strong>ι</strong></span> <span class='ocrx_word' id='word_1_247' title='bbox 484 2940 646 2996; x_wconf 84' lang='grc' dir='ltr'>αύτδν</span> <span class='ocrx_word' id='word_1_248' title='bbox 683 2940 791 3013; x_wconf 83' lang='grc' dir='ltr'><strong>πρὸ</strong></span> <span class='ocrx_word' id='word_1_249' title='bbox 819 2940 929 2995; x_wconf 84' lang='grc' dir='ltr'>τῶν</span> <span class='ocrx_word' id='word_1_250' title='bbox 959 2939 1171 2994; x_wconf 89' lang='grc' dir='ltr'>αἰώνων</span> <span class='ocrx_word' id='word_1_251' title='bbox 1215 2939 1353 3010; x_wconf 69' lang='grc' dir='ltr'>ἔφης</span> <span class='ocrx_word' id='word_1_252' title='bbox 1399 2938 1586 3010; x_wconf 72' lang='grc' dir='ltr'>ἕτερον</span> <span class='ocrx_word' id='word_1_253' title='bbox 1618 2939 1727 3010; x_wconf 75' lang='grc' dir='ltr'>γὰρ</span> <span class='ocrx_word' id='word_1_254' title='bbox 1754 2939 1861 3010; x_wconf 85' lang='grc' dir='ltr'><strong>πρὸ</strong></span> <span class='ocrx_word' id='word_1_255' title='bbox 1900 2938 1995 2992; x_wconf 88' lang='grc' dir='ltr'><strong>τοῦ</strong></span> 
     </span>
    </p>
   </div>
   <div class='ocr_carea' id='block_1_33' title="bbox 426 3032 1996 3107">
    <p class='ocr_par' dir='ltr' id='par_1_33' title="bbox 426 3032 1996 3107">
     <span class='ocr_line' id='line_1_33' title="bbox 426 3032 1996 3107; baseline -0.001 -19"><span class='ocrx_word' id='word_1_256' title='bbox 426 3055 446 3088; x_wconf 78' lang='grc' dir='ltr'><strong>ι</strong></span> <span class='ocrx_word' id='word_1_257' title='bbox 478 3034 676 3101; x_wconf 83' lang='grc' dir='ltr'>αἰῶνος</span> <span class='ocrx_word' id='word_1_258' title='bbox 702 3034 1130 3107; x_wconf 84' lang='grc' dir='ltr'>τεθεμελιῶσθαι</span> <span class='ocrx_word' id='word_1_259' title='bbox 1154 3033 1335 3096; x_wconf 76' lang='grc' dir='ltr'>αὐτὸν,</span> <span class='ocrx_word' id='word_1_260' title='bbox 1371 3034 1463 3088; x_wconf 73' lang='grc' dir='ltr'>καὶ</span> <span class='ocrx_word' id='word_1_261' title='bbox 1491 3033 1701 3105; x_wconf 70' lang='grc' dir='ltr'>ἕτερον,</span> <span class='ocrx_word' id='word_1_262' title='bbox 1738 3035 1842 3106; x_wconf 86' lang='grc' dir='ltr'><strong>πρὸ</strong></span> <span class='ocrx_word' id='word_1_263' title='bbox 1888 3032 1996 3086; x_wconf 85' lang='grc' dir='ltr'>τῶν</span> 
     </span>
    </p>
   </div>
   <div class='ocr_carea' id='block_1_34' title="bbox 2115 536 3685 618">
    <p class='ocr_par' dir='ltr' id='par_1_34' title="bbox 2115 536 3685 618">
     <span class='ocr_line' id='line_1_34' title="bbox 2115 536 3685 618; baseline 0.011 -31"><span class='ocrx_word' id='word_1_264' title='bbox 2115 555 2132 587; x_wconf 77' lang='grc' dir='ltr'><strong>ι</strong></span> <span class='ocrx_word' id='word_1_265' title='bbox 2171 536 2460 608; x_wconf 88' lang='lat' dir='ltr'><strong>losophicis</strong></span> <span class='ocrx_word' id='word_1_266' title='bbox 2489 539 2782 607; x_wconf 87' lang='lat' dir='ltr'><strong>divertens,</strong></span> <span class='ocrx_word' id='word_1_267' title='bbox 2823 542 3021 599; x_wconf 90' lang='lat' dir='ltr'><strong>litteris</strong></span> <span class='ocrx_word' id='word_1_268' title='bbox 3069 559 3129 600; x_wconf 90' lang='lat' dir='ltr'><strong>se</strong></span> <span class='ocrx_word' id='word_1_269' title='bbox 3161 545 3360 602; x_wconf 84' lang='lat' dir='ltr'><strong>divinis</strong></span> <span class='ocrx_word' id='word_1_270' title='bbox 3392 546 3685 618; x_wconf 80' lang='lat' dir='ltr'><strong>applicuis-</strong></span> 
     </span>
    </p>
   </div>
   <div class='ocr_carea' id='block_1_35' title="bbox 2113 631 3684 706">
    <p class='ocr_par' dir='ltr' id='par_1_35' title="bbox 2113 631 3684 706">
     <span class='ocr_line' id='line_1_35' title="bbox 2113 631 3684 706; baseline 0.01 -25"><span class='ocrx_word' id='word_1_271' title='bbox 2113 647 2132 681; x_wconf 74' lang='grc' dir='ltr'><strong>ι</strong></span> <span class='ocrx_word' id='word_1_272' title='bbox 2168 640 2273 696; x_wconf 83' lang='lat' dir='ltr'><strong>set,</strong></span> <span class='ocrx_word' id='word_1_273' title='bbox 2333 631 2492 686; x_wconf 84' lang='lat' dir='ltr'><strong>cilius</strong></span> <span class='ocrx_word' id='word_1_274' title='bbox 2531 647 2692 703; x_wconf 86' lang='lat' dir='ltr'><strong>quam</strong></span> <span class='ocrx_word' id='word_1_275' title='bbox 2745 651 2846 706; x_wconf 88' lang='lat' dir='ltr'><strong>par</strong></span> <span class='ocrx_word' id='word_1_276' title='bbox 2901 636 3126 705; x_wconf 89' lang='lat' dir='ltr'><strong>fuerat,</strong></span> <span class='ocrx_word' id='word_1_277' title='bbox 3184 639 3421 694; x_wconf 87' lang='lat' dir='ltr'><strong>nondum</strong></span> <span class='ocrx_word' id='word_1_278' title='bbox 3459 640 3684 696; x_wconf 91' lang='lat' dir='ltr'><strong>edoctus</strong></span> 
     </span>
    </p>
   </div>
   <div class='ocr_carea' id='block_1_36' title="bbox 2113 723 3684 802">
    <p class='ocr_par' dir='ltr' id='par_1_36' title="bbox 2113 723 3684 802">
     <span class='ocr_line' id='line_1_36' title="bbox 2113 723 3684 802; baseline 0.008 -28"><span class='ocrx_word' id='word_1_279' title='bbox 2113 742 2130 774; x_wconf 79' lang='grc' dir='ltr'><strong>ι</strong></span> <span class='ocrx_word' id='word_1_280' title='bbox 2168 723 2580 794; x_wconf 89' lang='lat' dir='ltr'><strong>Scripturarum</strong></span> <span class='ocrx_word' id='word_1_281' title='bbox 2623 733 2962 784; x_wconf 78' lang='lat' dir='ltr'><strong>exactiorem</strong></span> <span class='ocrx_word' id='word_1_282' title='bbox 3015 730 3326 796; x_wconf 76' lang='lat' dir='ltr'><strong>scientiam,</strong></span> <span class='ocrx_word' id='word_1_283' title='bbox 3366 741 3554 800; x_wconf 90' lang='lat' dir='ltr'><strong>utpote</strong></span> <span class='ocrx_word' id='word_1_284' title='bbox 3591 735 3684 802; x_wconf 91' lang='lat' dir='ltr'><strong>qni</strong></span> 
     </span>
    </p>
   </div>
   <div class='ocr_carea' id='block_1_37' title="bbox 2113 818 3688 900">
    <p class='ocr_par' dir='ltr' id='par_1_37' title="bbox 2113 818 3688 900">
     <span class='ocr_line' id='line_1_37' title="bbox 2113 818 3688 900; baseline 0.004 -29"><span class='ocrx_word' id='word_1_285' title='bbox 2113 837 2130 869; x_wconf 75' lang='grc' dir='ltr'><strong>ι</strong></span> <span class='ocrx_word' id='word_1_286' title='bbox 2173 826 2226 872; x_wconf 90' lang='lat' dir='ltr'><strong>et</strong></span> <span class='ocrx_word' id='word_1_287' title='bbox 2244 818 2600 875; x_wconf 72' lang='lat' dir='ltr'><strong>saecularibus</strong></span> <span class='ocrx_word' id='word_1_288' title='bbox 2624 821 2926 889; x_wconf 85' lang='lat' dir='ltr'><strong>disciplinis</strong></span> <span class='ocrx_word' id='word_1_289' title='bbox 2947 832 3068 879; x_wconf 89' lang='lat' dir='ltr'><strong>erat</strong></span> <span class='ocrx_word' id='word_1_290' title='bbox 3086 823 3518 900; x_wconf 74' lang='lat' dir='ltr'><strong>cumulatissime</strong></span> <span class='ocrx_word' id='word_1_291' title='bbox 3541 841 3688 880; x_wconf 84' lang='lat' dir='ltr'><strong>com-</strong></span> 
     </span>
    </p>
   </div>
   <div class='ocr_carea' id='block_1_38' title="bbox 2111 913 3683 986">
    <p class='ocr_par' dir='ltr' id='par_1_38' title="bbox 2111 913 3683 986">
     <span class='ocr_line' id='line_1_38' title="bbox 2111 913 3683 986; baseline 0.003 -23"><span class='ocrx_word' id='word_1_292' title='bbox 2111 929 2128 962; x_wconf 80' lang='grc' dir='ltr'><strong>ι</strong></span> <span class='ocrx_word' id='word_1_293' title='bbox 2167 918 2406 980; x_wconf 83' lang='lat' dir='ltr'><strong>paratus,</strong></span> <span class='ocrx_word' id='word_1_294' title='bbox 2442 913 2766 968; x_wconf 87' lang='lat' dir='ltr'><strong>accessitad</strong></span> <span class='ocrx_word' id='word_1_295' title='bbox 2804 913 3152 970; x_wconf 90' lang='lat' dir='ltr'><strong>scribendum</strong></span> <span class='ocrx_word' id='word_1_296' title='bbox 3184 934 3201 971; x_wconf 92' lang='lat'><strong>:</strong></span> <span class='ocrx_word' id='word_1_297' title='bbox 3256 915 3400 970; x_wconf 91' lang='lat' dir='ltr'><strong>unde</strong></span> <span class='ocrx_word' id='word_1_298' title='bbox 3426 931 3522 986; x_wconf 87' lang='lat' dir='ltr'><strong>per</strong></span> <span class='ocrx_word' id='word_1_299' title='bbox 3561 916 3683 983; x_wconf 93' lang='lat' dir='ltr'><strong>phi-</strong></span> 
     </span>
    </p>
   </div>
   <div class='ocr_carea' id='block_1_39' title="bbox 2111 1005 3684 1076">
    <p class='ocr_par' dir='ltr' id='par_1_39' title="bbox 2111 1005 3684 1076">
     <span class='ocr_line' id='line_1_39' title="bbox 2111 1005 3684 1076; baseline 0.003 -21"><span class='ocrx_word' id='word_1_300' title='bbox 2111 1024 2129 1055; x_wconf 73' lang='grc' dir='ltr'><strong>ι</strong></span> <span class='ocrx_word' id='word_1_301' title='bbox 2160 1005 2458 1074; x_wconf 90' lang='lat' dir='ltr'><strong>losophiam</strong></span> <span class='ocrx_word' id='word_1_302' title='bbox 2489 1006 2767 1073; x_wconf 90' lang='lat' dir='ltr'><strong>seductus,</strong></span> <span class='ocrx_word' id='word_1_303' title='bbox 2810 1008 3052 1076; x_wconf 58' lang='lat' dir='ltr'><strong>quadam</strong></span> <span class='ocrx_word' id='word_1_304' title='bbox 3077 1009 3256 1062; x_wconf 90' lang='lat' dir='ltr'><strong>minus</strong></span> <span class='ocrx_word' id='word_1_305' title='bbox 3281 1017 3429 1063; x_wconf 88' lang='lat' dir='ltr'><strong>recte</strong></span> <span class='ocrx_word' id='word_1_306' title='bbox 3451 1008 3504 1062; x_wconf 94' lang='lat' dir='ltr'><strong>in</strong></span> <span class='ocrx_word' id='word_1_307' title='bbox 3531 1007 3684 1061; x_wconf 84' lang='lat' dir='ltr'><strong>litte-</strong></span> 
     </span>
    </p>
   </div>
   <div class='ocr_carea' id='block_1_40' title="bbox 2112 1095 3683 1167">
    <p class='ocr_par' dir='ltr' id='par_1_40' title="bbox 2112 1095 3683 1167">
     <span class='ocr_line' id='line_1_40' title="bbox 2112 1095 3683 1167; baseline 0.003 -21"><span class='ocrx_word' id='word_1_308' title='bbox 2112 1114 2129 1146; x_wconf 80' lang='grc' dir='ltr'><strong>ι</strong></span> <span class='ocrx_word' id='word_1_309' title='bbox 2172 1110 2262 1151; x_wconf 87' lang='lat' dir='ltr'><strong>ras</strong></span> <span class='ocrx_word' id='word_1_310' title='bbox 2297 1095 2582 1151; x_wconf 82' lang='lat' dir='ltr'><strong>referebat.</strong></span> <span class='ocrx_word' id='word_1_311' title='bbox 2616 1095 2862 1167; x_wconf 82' lang='lat' dir='ltr'><strong>Exempli</strong></span> <span class='ocrx_word' id='word_1_312' title='bbox 2885 1097 3100 1166; x_wconf 75' lang='lat' dir='ltr'><strong>gratia:</strong></span> <span class='ocrx_word' id='word_1_313' title='bbox 3134 1096 3539 1152; x_wconf 83' lang='lat' dir='ltr'><strong>Platonicorum</strong></span> <span class='ocrx_word' id='word_1_314' title='bbox 3586 1098 3683 1152; x_wconf 86' lang='lat' dir='ltr'><strong>dn-</strong></span> 
     </span>
    </p>
   </div>
   <div class='ocr_carea' id='block_1_41' title="bbox 2110 1189 3684 1261">
    <p class='ocr_par' dir='ltr' id='par_1_41' title="bbox 2110 1189 3684 1261">
     <span class='ocr_line' id='line_1_41' title="bbox 2110 1189 3684 1261; baseline 0.004 -23"><span class='ocrx_word' id='word_1_315' title='bbox 2110 1206 2128 1238; x_wconf 79' lang='grc' dir='ltr'><strong>ι</strong></span> <span class='ocrx_word' id='word_1_316' title='bbox 2165 1195 2403 1261; x_wconf 83' lang='lat' dir='ltr'><strong>gmatum</strong></span> <span class='ocrx_word' id='word_1_317' title='bbox 2427 1203 2635 1243; x_wconf 88' lang='lat' dir='ltr'><strong>memor</strong></span> <span class='ocrx_word' id='word_1_318' title='bbox 2662 1197 2716 1244; x_wconf 86' lang='lat' dir='ltr'><strong>et</strong></span> <span class='ocrx_word' id='word_1_319' title='bbox 2737 1189 3130 1259; x_wconf 85' lang='lat' dir='ltr'><strong>principiorum</strong></span> <span class='ocrx_word' id='word_1_320' title='bbox 3162 1205 3282 1261; x_wconf 78' lang='lat' dir='ltr'><strong>qua:</strong></span> <span class='ocrx_word' id='word_1_321' title='bbox 3311 1190 3525 1245; x_wconf 86' lang='lat' dir='ltr'><strong>diversa</strong></span> <span class='ocrx_word' id='word_1_322' title='bbox 3551 1201 3684 1246; x_wconf 88' lang='lat' dir='ltr'><strong>sunt</strong></span> 
     </span>
    </p>
   </div>
   <div class='ocr_carea' id='block_1_42' title="bbox 2110 1280 3680 1354">
    <p class='ocr_par' dir='ltr' id='par_1_42' title="bbox 2110 1280 3680 1354">
     <span class='ocr_line' id='line_1_42' title="bbox 2110 1280 3680 1354; baseline 0.003 -23"><span class='ocrx_word' id='word_1_323' title='bbox 2110 1299 2128 1331; x_wconf 78' lang='grc' dir='ltr'><strong>ι</strong></span> <span class='ocrx_word' id='word_1_324' title='bbox 2160 1280 2300 1349; x_wconf 88' lang='lat' dir='ltr'><strong>apud</strong></span> <span class='ocrx_word' id='word_1_325' title='bbox 2329 1280 2504 1346; x_wconf 90' lang='lat' dir='ltr'><strong>illum,</strong></span> <span class='ocrx_word' id='word_1_326' title='bbox 2543 1281 2741 1335; x_wconf 89' lang='lat' dir='ltr'><strong>librum</strong></span> <span class='ocrx_word' id='word_1_327' title='bbox 2767 1283 3054 1352; x_wconf 89' lang='lat' dir='ltr'><strong>quemdam</strong></span> <span class='ocrx_word' id='word_1_328' title='bbox 3085 1282 3387 1354; x_wconf 84' lang='lat' dir='ltr'><strong>inscripsit,</strong></span> <span class='ocrx_word' id='word_1_329' title='bbox 3424 1281 3503 1336; x_wconf 88' lang='lat' dir='ltr'><strong>De</strong></span> <span class='ocrx_word' id='word_1_330' title='bbox 3525 1283 3680 1351; x_wconf 85' lang='lat' dir='ltr'><strong>prin-</strong></span> 
     </span>
    </p>
   </div>
   <div class='ocr_carea' id='block_1_43' title="bbox 2110 1372 3680 1445">
    <p class='ocr_par' dir='ltr' id='par_1_43' title="bbox 2110 1372 3680 1445">
     <span class='ocr_line' id='line_1_43' title="bbox 2110 1372 3680 1445; baseline 0.003 -21"><span class='ocrx_word' id='word_1_331' title='bbox 2110 1392 2127 1424; x_wconf 78' lang='grc' dir='ltr'><strong>ι</strong></span> <span class='ocrx_word' id='word_1_332' title='bbox 2159 1373 2330 1444; x_wconf 76' lang='lat' dir='ltr'><strong>cipiis.</strong></span> <span class='ocrx_word' id='word_1_333' title='bbox 2359 1372 2486 1442; x_wconf 65' lang='lat' dir='ltr'><strong>Qua:</strong></span> <span class='ocrx_word' id='word_1_334' title='bbox 2516 1374 2735 1444; x_wconf 89' lang='lat' dir='ltr'><strong>quidem</strong></span> <span class='ocrx_word' id='word_1_335' title='bbox 2770 1375 3053 1445; x_wconf 88' lang='lat' dir='ltr'><strong>inscriptio</strong></span> <span class='ocrx_word' id='word_1_336' title='bbox 3079 1385 3400 1445; x_wconf 79' lang='lat' dir='ltr'><strong>argumento</strong></span> <span class='ocrx_word' id='word_1_337' title='bbox 3427 1390 3546 1430; x_wconf 90' lang='lat' dir='ltr'><strong>esse</strong></span> <span class='ocrx_word' id='word_1_338' title='bbox 3580 1389 3680 1442; x_wconf 81' lang='lat' dir='ltr'><strong>po-</strong></span> 
     </span>
    </p>
   </div>
   <div class='ocr_carea' id='block_1_44' title="bbox 2110 1465 3676 1539">
    <p class='ocr_par' dir='ltr' id='par_1_44' title="bbox 2110 1465 3676 1539">
     <span class='ocr_line' id='line_1_44' title="bbox 2110 1465 3676 1539; baseline 0.002 -23"><span class='ocrx_word' id='word_1_339' title='bbox 2110 1485 2129 1516; x_wconf 57' lang='grc' dir='ltr'>«ι</span> <span class='ocrx_word' id='word_1_340' title='bbox 2163 1465 2289 1522; x_wconf 88' lang='lat' dir='ltr'><strong>terit</strong></span> <span class='ocrx_word' id='word_1_341' title='bbox 2327 1483 2435 1522; x_wconf 92' lang='lat' dir='ltr'><strong>non</strong></span> <span class='ocrx_word' id='word_1_342' title='bbox 2469 1466 2702 1539; x_wconf 81' lang='lat' dir='ltr'><strong>vulgari,</strong></span> <span class='ocrx_word' id='word_1_343' title='bbox 2733 1482 2838 1522; x_wconf 94' lang='lat' dir='ltr'><strong>non</strong></span> <span class='ocrx_word' id='word_1_344' title='bbox 2870 1467 3089 1522; x_wconf 81' lang='lat' dir='ltr'><strong>aliunde</strong></span> <span class='ocrx_word' id='word_1_345' title='bbox 3113 1483 3241 1521; x_wconf 90' lang='lat' dir='ltr'><strong>eum</strong></span> <span class='ocrx_word' id='word_1_346' title='bbox 3278 1481 3440 1536; x_wconf 88' lang='lat' dir='ltr'><strong>quam</strong></span> <span class='ocrx_word' id='word_1_347' title='bbox 3477 1481 3506 1520; x_wconf 90' lang='lat' dir='ltr'><strong>a</strong></span> <span class='ocrx_word' id='word_1_348' title='bbox 3555 1465 3676 1520; x_wconf 75' lang='lat' dir='ltr'><strong>Pla~</strong></span> 
     </span>
    </p>
   </div>
   <div class='ocr_carea' id='block_1_45' title="bbox 2109 1557 3678 1616">
    <p class='ocr_par' dir='ltr' id='par_1_45' title="bbox 2109 1557 3678 1616">
     <span class='ocr_line' id='line_1_45' title="bbox 2109 1557 3678 1616; baseline -0.001 -4"><span class='ocrx_word' id='word_1_349' title='bbox 2109 1579 2130 1612; x_wconf 71' lang='grc' dir='ltr'><strong>ε</strong></span> <span class='ocrx_word' id='word_1_350' title='bbox 2163 1570 2286 1616; x_wconf 89' lang='lat' dir='ltr'><strong>tone</strong></span> <span class='ocrx_word' id='word_1_351' title='bbox 2318 1575 2379 1616; x_wconf 87' lang='lat' dir='ltr'><strong>ea</strong></span> <span class='ocrx_word' id='word_1_352' title='bbox 2400 1559 2579 1616; x_wconf 80' lang='lat' dir='ltr'><strong>omnia</strong></span> <span class='ocrx_word' id='word_1_353' title='bbox 2614 1566 2938 1614; x_wconf 84' lang='lat' dir='ltr'><strong>mutuatum.</strong></span> <span class='ocrx_word' id='word_1_354' title='bbox 2965 1557 3256 1611; x_wconf 80' lang='lat' dir='ltr'><strong>Exorditur</strong></span> <span class='ocrx_word' id='word_1_355' title='bbox 3283 1567 3460 1613; x_wconf 87' lang='lat' dir='ltr'><strong>autem</strong></span> <span class='ocrx_word' id='word_1_356' title='bbox 3484 1557 3678 1611; x_wconf 85' lang='lat' dir='ltr'><strong>librum</strong></span> 
     </span>
    </p>
   </div>
   <div class='ocr_carea' id='block_1_46' title="bbox 2108 1649 3670 1720">
    <p class='ocr_par' dir='ltr' id='par_1_46' title="bbox 2108 1649 3670 1720">
     <span class='ocr_line' id='line_1_46' title="bbox 2108 1649 3670 1720; baseline 0 -17"><span class='ocrx_word' id='word_1_357' title='bbox 2108 1671 2128 1703; x_wconf 75' lang='grc' dir='ltr'><strong>ι</strong></span> <span class='ocrx_word' id='word_1_358' title='bbox 2167 1653 2233 1708; x_wconf 89' lang='lat' dir='ltr'><strong>ad</strong></span> <span class='ocrx_word' id='word_1_359' title='bbox 2271 1653 2415 1708; x_wconf 92' lang='lat' dir='ltr'><strong>hunc</strong></span> <span class='ocrx_word' id='word_1_360' title='bbox 2444 1655 2693 1708; x_wconf 88' lang='lat' dir='ltr'><strong>modum:</strong></span> <span class='ocrx_word' id='word_1_361' title='bbox 2726 1651 3075 1717; x_wconf 87' lang='lat' dir='ltr'><strong>Quicredunt</strong></span> <span class='ocrx_word' id='word_1_362' title='bbox 3102 1659 3156 1704; x_wconf 91' lang='lat' dir='ltr'><strong>et</strong></span> <span class='ocrx_word' id='word_1_363' title='bbox 3184 1649 3383 1720; x_wconf 88' lang='lat' dir='ltr'><strong>quibus</strong></span> <span class='ocrx_word' id='word_1_364' title='bbox 3405 1649 3670 1703; x_wconf 89' lang='lat' dir='ltr'><strong>creditur.</strong></span> 
     </span>
    </p>
   </div>
   <div class='ocr_carea' id='block_1_47' title="bbox 2110 1741 3682 1815">
    <p class='ocr_par' dir='ltr' id='par_1_47' title="bbox 2110 1741 3682 1815">
     <span class='ocr_line' id='line_1_47' title="bbox 2110 1741 3682 1815; baseline 0 -20"><span class='ocrx_word' id='word_1_365' title='bbox 2110 1764 2127 1795; x_wconf 78' lang='grc' dir='ltr'><strong>ι</strong></span> <span class='ocrx_word' id='word_1_366' title='bbox 2163 1744 2314 1811; x_wconf 87' lang='lat' dir='ltr'><strong>Quod</strong></span> <span class='ocrx_word' id='word_1_367' title='bbox 2332 1747 2405 1800; x_wconf 88' lang='lat' dir='ltr'><strong>ita</strong></span> <span class='ocrx_word' id='word_1_368' title='bbox 2423 1745 2624 1800; x_wconf 89' lang='lat' dir='ltr'><strong>dictum</strong></span> <span class='ocrx_word' id='word_1_369' title='bbox 2649 1744 2701 1800; x_wconf 90' lang='lat' dir='ltr'><strong>in</strong></span> <span class='ocrx_word' id='word_1_370' title='bbox 2717 1743 2912 1815; x_wconf 81' lang='lat' dir='ltr'><strong>Gorgia</strong></span> <span class='ocrx_word' id='word_1_371' title='bbox 2933 1743 3170 1798; x_wconf 87' lang='lat' dir='ltr'><strong>Platonis</strong></span> <span class='ocrx_word' id='word_1_372' title='bbox 3183 1741 3258 1812; x_wconf 88' lang='lat' dir='ltr'><strong>(p.</strong></span> <span class='ocrx_word' id='word_1_373' title='bbox 3275 1741 3381 1796; x_wconf 67' lang='grc'><strong>454</strong></span> <span class='ocrx_word' id='word_1_374' title='bbox 3396 1741 3459 1813; x_wconf 86' lang='grc' dir='ltr'>Ε)</span> <span class='ocrx_word' id='word_1_375' title='bbox 3477 1743 3682 1810; x_wconf 84' lang='lat' dir='ltr'><strong>reperi-</strong></span> 
     </span>
    </p>
   </div>
   <div class='ocr_carea' id='block_1_48' title="bbox 2115 1835 3678 1908">
    <p class='ocr_par' dir='ltr' id='par_1_48' title="bbox 2115 1835 3678 1908">
     <span class='ocr_line' id='line_1_48' title="bbox 2115 1835 3678 1908; baseline -0.003 -16"><span class='ocrx_word' id='word_1_376' title='bbox 2115 1858 2133 1892; x_wconf 81' lang='grc' dir='ltr'><strong>ι</strong></span> <span class='ocrx_word' id='word_1_377' title='bbox 2169 1847 2276 1892; x_wconf 89' lang='lat' dir='ltr'><strong>tur.</strong></span> <span class='ocrx_word' id='word_1_378' title='bbox 2313 1858 2333 1892; x_wconf 68' lang='grc' dir='ltr'><strong>ι</strong></span> <span class='ocrx_word' id='word_1_379' title='bbox 2362 1836 2418 1893; x_wconf 86' lang='lat' dir='ltr'><strong>Id</strong></span> <span class='ocrx_word' id='word_1_380' title='bbox 2441 1837 2581 1908; x_wconf 88' lang='lat' dir='ltr'><strong>quod</strong></span> <span class='ocrx_word' id='word_1_381' title='bbox 2609 1846 2668 1892; x_wconf 94' lang='lat' dir='ltr'><strong>ut</strong></span> <span class='ocrx_word' id='word_1_382' title='bbox 2693 1837 2767 1891; x_wconf 90' lang='lat' dir='ltr'><strong>ita</strong></span> <span class='ocrx_word' id='word_1_383' title='bbox 2798 1851 2922 1892; x_wconf 89' lang='lat' dir='ltr'><strong>esse</strong></span> <span class='ocrx_word' id='word_1_384' title='bbox 2949 1835 3299 1899; x_wconf 88' lang='lat' dir='ltr'><strong>concedatur,</strong></span> <span class='ocrx_word' id='word_1_385' title='bbox 3353 1835 3678 1890; x_wconf 85' lang='lat' dir='ltr'><strong>calumniam</strong></span> 
     </span>
    </p>
   </div>
   <div class='ocr_carea' id='block_1_49' title="bbox 2107 1925 3680 2002">
    <p class='ocr_par' dir='ltr' id='par_1_49' title="bbox 2107 1925 3680 2002">
     <span class='ocr_line' id='line_1_49' title="bbox 2107 1925 3680 2002; baseline -0.004 -16"><span class='ocrx_word' id='word_1_386' title='bbox 2107 1929 2328 2002; x_wconf 80' lang='lat' dir='ltr'><strong>Origeni</strong></span> <span class='ocrx_word' id='word_1_387' title='bbox 2355 1946 2459 1986; x_wconf 93' lang='lat' dir='ltr'><strong>non</strong></span> <span class='ocrx_word' id='word_1_388' title='bbox 2493 1928 2740 1993; x_wconf 78' lang='lat' dir='ltr'><strong>inferret,</strong></span> <span class='ocrx_word' id='word_1_389' title='bbox 2765 1944 2886 1983; x_wconf 89' lang='lat' dir='ltr'><strong>cum</strong></span> <span class='ocrx_word' id='word_1_390' title='bbox 2907 1929 3090 1984; x_wconf 82' lang='lat' dir='ltr'><strong>statim</strong></span> <span class='ocrx_word' id='word_1_391' title='bbox 3115 1927 3476 1998; x_wconf 78' lang='lat' dir='ltr'><strong>subjunxerit,</strong></span> <span class='ocrx_word' id='word_1_392' title='bbox 3500 1947 3518 1979; x_wconf 82' lang='grc' dir='ltr'><strong>ι</strong></span> <span class='ocrx_word' id='word_1_393' title='bbox 3543 1925 3680 1982; x_wconf 87' lang='lat' dir='ltr'><strong>Gra-</strong></span> 
     </span>
    </p>
   </div>
   <div class='ocr_carea' id='block_1_50' title="bbox 2113 2019 3673 2089">
    <p class='ocr_par' dir='ltr' id='par_1_50' title="bbox 2113 2019 3673 2089">
     <span class='ocr_line' id='line_1_50' title="bbox 2113 2019 3673 2089; baseline -0.004 -12"><span class='ocrx_word' id='word_1_394' title='bbox 2113 2043 2132 2077; x_wconf 78' lang='grc' dir='ltr'><strong>ι</strong></span> <span class='ocrx_word' id='word_1_395' title='bbox 2167 2025 2296 2079; x_wconf 90' lang='lat' dir='ltr'><strong>tiam</strong></span> <span class='ocrx_word' id='word_1_396' title='bbox 2327 2032 2382 2077; x_wconf 88' lang='lat' dir='ltr'><strong>et</strong></span> <span class='ocrx_word' id='word_1_397' title='bbox 2405 2023 2684 2077; x_wconf 84' lang='lat' dir='ltr'><strong>veritatem</strong></span> <span class='ocrx_word' id='word_1_398' title='bbox 2711 2035 2807 2089; x_wconf 84' lang='lat' dir='ltr'><strong>per</strong></span> <span class='ocrx_word' id='word_1_399' title='bbox 2821 2019 3001 2076; x_wconf 84' lang='lat' dir='ltr'><strong>Jesum</strong></span> <span class='ocrx_word' id='word_1_400' title='bbox 3026 2019 3298 2074; x_wconf 89' lang='lat' dir='ltr'><strong>Christum</strong></span> <span class='ocrx_word' id='word_1_401' title='bbox 3326 2020 3391 2073; x_wconf 89' lang='lat' dir='ltr'><strong>ad</strong></span> <span class='ocrx_word' id='word_1_402' title='bbox 3403 2020 3629 2085; x_wconf 76' lang='lat' dir='ltr'><strong>venisse,</strong></span> <span class='ocrx_word' id='word_1_403' title='bbox 3653 2037 3673 2071; x_wconf 70' lang='grc' dir='ltr'><strong>ι</strong></span> 
     </span>
    </p>
   </div>
   <div class='ocr_carea' id='block_1_51' title="bbox 2105 2111 3681 2180">
    <p class='ocr_par' dir='ltr' id='par_1_51' title="bbox 2105 2111 3681 2180">
     <span class='ocr_line' id='line_1_51' title="bbox 2105 2111 3681 2180; baseline -0.006 -8"><span class='ocrx_word' id='word_1_404' title='bbox 2105 2126 2160 2172; x_wconf 90' lang='lat' dir='ltr'><strong>ct</strong></span> <span class='ocrx_word' id='word_1_405' title='bbox 2179 2130 2298 2171; x_wconf 86' lang='lat' dir='ltr'><strong>esse</strong></span> <span class='ocrx_word' id='word_1_406' title='bbox 2311 2114 2586 2169; x_wconf 84' lang='lat' dir='ltr'><strong>Christum</strong></span> <span class='ocrx_word' id='word_1_407' title='bbox 2614 2113 2756 2166; x_wconf 91' lang='lat' dir='ltr'><strong>illam</strong></span> <span class='ocrx_word' id='word_1_408' title='bbox 2787 2113 3091 2176; x_wconf 83' lang='lat' dir='ltr'><strong>veritatem,</strong></span> <span class='ocrx_word' id='word_1_409' title='bbox 3127 2112 3419 2165; x_wconf 88' lang='lat' dir='ltr'><strong>secundum</strong></span> <span class='ocrx_word' id='word_1_410' title='bbox 3445 2112 3587 2180; x_wconf 90' lang='lat' dir='ltr'><strong>quod</strong></span> <span class='ocrx_word' id='word_1_411' title='bbox 3613 2111 3681 2164; x_wconf 89' lang='lat' dir='ltr'><strong>ab</strong></span> 
     </span>
    </p>
   </div>
   <div class='ocr_carea' id='block_1_52' title="bbox 2107 2204 3678 2281">
    <p class='ocr_par' dir='ltr' id='par_1_52' title="bbox 2107 2204 3678 2281">
     <span class='ocr_line' id='line_1_52' title="bbox 2107 2204 3678 2281; baseline -0.004 -17"><span class='ocrx_word' id='word_1_412' title='bbox 2107 2209 2226 2281; x_wconf 87' lang='lat' dir='ltr'><strong>ipso</strong></span> <span class='ocrx_word' id='word_1_413' title='bbox 2257 2209 2459 2264; x_wconf 89' lang='lat' dir='ltr'><strong>dictum</strong></span> <span class='ocrx_word' id='word_1_414' title='bbox 2489 2217 2668 2262; x_wconf 84' lang='lat' dir='ltr'><strong>exstat</strong></span> <span class='ocrx_word' id='word_1_415' title='bbox 2694 2225 2708 2262; x_wconf 88' lang='lat'><strong>:</strong></span> <span class='ocrx_word' id='word_1_416' title='bbox 2736 2225 2755 2257; x_wconf 77' lang='grc' dir='ltr'><strong>ι</strong></span> <span class='ocrx_word' id='word_1_417' title='bbox 2783 2207 2892 2276; x_wconf 84' lang='lat' dir='ltr'><strong>Ego</strong></span> <span class='ocrx_word' id='word_1_418' title='bbox 2910 2221 3026 2260; x_wconf 90' lang='lat' dir='ltr'><strong>sum</strong></span> <span class='ocrx_word' id='word_1_419' title='bbox 3056 2204 3259 2260; x_wconf 86' lang='lat' dir='ltr'><strong>veritas</strong></span> <span class='ocrx_word' id='word_1_420' title='bbox 3273 2207 3340 2257; x_wconf 73' lang='lat'><strong>&quot;.</strong></span> <span class='ocrx_word' id='word_1_421' title='bbox 3368 2224 3387 2257; x_wconf 76' lang='grc' dir='ltr'><strong>ι</strong></span> <span class='ocrx_word' id='word_1_422' title='bbox 3423 2205 3678 2272; x_wconf 65' lang='lat' dir='ltr'><strong>Quaenam</strong></span> 
     </span>
    </p>
   </div>
   <div class='ocr_carea' id='block_1_53' title="bbox 2106 2297 3683 2358">
    <p class='ocr_par' dir='ltr' id='par_1_53' title="bbox 2106 2297 3683 2358">
     <span class='ocr_line' id='line_1_53' title="bbox 2106 2297 3683 2358; baseline -0.002 -4"><span class='ocrx_word' id='word_1_423' title='bbox 2106 2317 2234 2358; x_wconf 86' lang='lat' dir='ltr'><strong>vero</strong></span> <span class='ocrx_word' id='word_1_424' title='bbox 2253 2301 2466 2355; x_wconf 87' lang='lat' dir='ltr'><strong>tandem</strong></span> <span class='ocrx_word' id='word_1_425' title='bbox 2485 2299 2797 2356; x_wconf 89' lang='lat' dir='ltr'><strong>communio</strong></span> <span class='ocrx_word' id='word_1_426' title='bbox 2814 2314 2934 2354; x_wconf 87' lang='lat' dir='ltr'><strong>cmn</strong></span> <span class='ocrx_word' id='word_1_427' title='bbox 2955 2299 3072 2354; x_wconf 79' lang='lat' dir='ltr'><strong>iSIis</strong></span> <span class='ocrx_word' id='word_1_428' title='bbox 3089 2297 3301 2352; x_wconf 88' lang='lat' dir='ltr'><strong>Platoni</strong></span> <span class='ocrx_word' id='word_1_429' title='bbox 3328 2297 3633 2353; x_wconf 86' lang='lat' dir='ltr'><strong>intercessit</strong></span> <span class='ocrx_word' id='word_1_430' title='bbox 3656 2298 3683 2351; x_wconf 66' lang='grc' dir='ltr'><strong>ἰ</strong></span> 
     </span>
    </p>
   </div>
   <div class='ocr_carea' id='block_1_54' title="bbox 2105 2389 3680 2461">
    <p class='ocr_par' dir='ltr' id='par_1_54' title="bbox 2105 2389 3680 2461">
     <span class='ocr_line' id='line_1_54' title="bbox 2105 2389 3680 2461; baseline -0.003 -13"><span class='ocrx_word' id='word_1_431' title='bbox 2105 2393 2293 2450; x_wconf 86' lang='lat' dir='ltr'><strong>Nullus</strong></span> <span class='ocrx_word' id='word_1_432' title='bbox 2318 2393 2458 2450; x_wconf 82' lang='lat' dir='ltr'><strong>liber</strong></span> <span class='ocrx_word' id='word_1_433' title='bbox 2492 2408 2520 2446; x_wconf 90' lang='lat' dir='ltr'><strong>a</strong></span> <span class='ocrx_word' id='word_1_434' title='bbox 2546 2392 2771 2448; x_wconf 86' lang='lat' dir='ltr'><strong>Platone</strong></span> <span class='ocrx_word' id='word_1_435' title='bbox 2797 2392 3033 2461; x_wconf 87' lang='lat' dir='ltr'><strong>scriptus</strong></span> <span class='ocrx_word' id='word_1_436' title='bbox 3069 2391 3172 2445; x_wconf 90' lang='lat' dir='ltr'><strong>hoc</strong></span> <span class='ocrx_word' id='word_1_437' title='bbox 3212 2390 3392 2452; x_wconf 88' lang='lat' dir='ltr'><strong>titulo,</strong></span> <span class='ocrx_word' id='word_1_438' title='bbox 3427 2389 3505 2444; x_wconf 86' lang='lat' dir='ltr'><strong>De</strong></span> <span class='ocrx_word' id='word_1_439' title='bbox 3532 2391 3680 2459; x_wconf 79' lang='lat' dir='ltr'><strong>prin-</strong></span> 
     </span>
    </p>
   </div>
   <div class='ocr_carea' id='block_1_55' title="bbox 2103 2481 3682 2554">
    <p class='ocr_par' dir='ltr' id='par_1_55' title="bbox 2103 2481 3682 2554">
     <span class='ocr_line' id='line_1_55' title="bbox 2103 2481 3682 2554; baseline -0.003 -13"><span class='ocrx_word' id='word_1_440' title='bbox 2103 2489 2276 2554; x_wconf 78' lang='lat' dir='ltr'><strong>cipiis,</strong></span> <span class='ocrx_word' id='word_1_441' title='bbox 2307 2495 2663 2541; x_wconf 82' lang='lat' dir='ltr'><strong>memoratur.</strong></span> <span class='ocrx_word' id='word_1_442' title='bbox 2689 2483 2803 2549; x_wconf 72' lang='lat' dir='ltr'><strong>Nec</strong></span> <span class='ocrx_word' id='word_1_443' title='bbox 2836 2494 2894 2538; x_wconf 90' lang='lat' dir='ltr'><strong>ut</strong></span> <span class='ocrx_word' id='word_1_444' title='bbox 2947 2483 3100 2538; x_wconf 82' lang='lat' dir='ltr'><strong>Plato</strong></span> <span class='ocrx_word' id='word_1_445' title='bbox 3132 2485 3196 2537; x_wconf 88' lang='lat' dir='ltr'><strong>de</strong></span> <span class='ocrx_word' id='word_1_446' title='bbox 3228 2483 3512 2552; x_wconf 76' lang='lat' dir='ltr'><strong>principiis</strong></span> <span class='ocrx_word' id='word_1_447' title='bbox 3559 2481 3682 2538; x_wconf 87' lang='lat' dir='ltr'><strong>Ori-</strong></span> 
     </span>
    </p>
   </div>
   <div class='ocr_carea' id='block_1_56' title="bbox 2105 2573 3680 2651">
    <p class='ocr_par' dir='ltr' id='par_1_56' title="bbox 2105 2573 3680 2651">
     <span class='ocr_line' id='line_1_56' title="bbox 2105 2573 3680 2651; baseline -0.006 -16"><span class='ocrx_word' id='word_1_448' title='bbox 2105 2594 2268 2651; x_wconf 81' lang='lat' dir='ltr'><strong>genes</strong></span> <span class='ocrx_word' id='word_1_449' title='bbox 2299 2579 2591 2639; x_wconf 84' lang='lat' dir='ltr'><strong>sentiebat,</strong></span> <span class='ocrx_word' id='word_1_450' title='bbox 2635 2576 2726 2646; x_wconf 82' lang='lat' dir='ltr'><strong>qui</strong></span> <span class='ocrx_word' id='word_1_451' title='bbox 2763 2574 3091 2646; x_wconf 88' lang='lat' dir='ltr'><strong>principium</strong></span> <span class='ocrx_word' id='word_1_452' title='bbox 3141 2575 3359 2629; x_wconf 90' lang='lat' dir='ltr'><strong>unicum</strong></span> <span class='ocrx_word' id='word_1_453' title='bbox 3392 2573 3680 2643; x_wconf 77' lang='lat' dir='ltr'><strong>ingenera-</strong></span> 
     </span>
    </p>
   </div>
   <div class='ocr_carea' id='block_1_57' title="bbox 2105 2667 3677 2740">
    <p class='ocr_par' dir='ltr' id='par_1_57' title="bbox 2105 2667 3677 2740">
     <span class='ocr_line' id='line_1_57' title="bbox 2105 2667 3677 2740; baseline -0.005 -14"><span class='ocrx_word' id='word_1_454' title='bbox 2105 2682 2242 2740; x_wconf 86' lang='lat' dir='ltr'><strong>tum,</strong></span> <span class='ocrx_word' id='word_1_455' title='bbox 2273 2671 2393 2726; x_wconf 87' lang='lat' dir='ltr'><strong>sine</strong></span> <span class='ocrx_word' id='word_1_456' title='bbox 2420 2669 2710 2740; x_wconf 77' lang='lat' dir='ltr'><strong>princi-pio,</strong></span> <span class='ocrx_word' id='word_1_457' title='bbox 2761 2683 2928 2738; x_wconf 88' lang='lat' dir='ltr'><strong>super</strong></span> <span class='ocrx_word' id='word_1_458' title='bbox 2953 2667 3158 2733; x_wconf 84' lang='lat' dir='ltr'><strong>omnia,</strong></span> <span class='ocrx_word' id='word_1_459' title='bbox 3204 2681 3326 2722; x_wconf 91' lang='lat' dir='ltr'><strong>cum</strong></span> <span class='ocrx_word' id='word_1_460' title='bbox 3373 2676 3629 2735; x_wconf 74' lang='lat' dir='ltr'><strong>agnoscat</strong></span> <span class='ocrx_word' id='word_1_461' title='bbox 3662 2708 3677 2731; x_wconf 96' lang='lat'><strong>,</strong></span> 
     </span>
    </p>
   </div>
   <div class='ocr_carea' id='block_1_58' title="bbox 2103 2757 3682 2833">
    <p class='ocr_par' dir='ltr' id='par_1_58' title="bbox 2103 2757 3682 2833">
     <span class='ocr_line' id='line_1_58' title="bbox 2103 2757 3682 2833; baseline -0.005 -16"><span class='ocrx_word' id='word_1_462' title='bbox 2103 2778 2226 2818; x_wconf 90' lang='lat' dir='ltr'><strong>eum</strong></span> <span class='ocrx_word' id='word_1_463' title='bbox 2259 2764 2433 2833; x_wconf 90' lang='lat' dir='ltr'><strong>ipsum</strong></span> <span class='ocrx_word' id='word_1_464' title='bbox 2460 2762 2650 2817; x_wconf 85' lang='lat' dir='ltr'><strong>statuit</strong></span> <span class='ocrx_word' id='word_1_465' title='bbox 2675 2775 2794 2816; x_wconf 87' lang='lat' dir='ltr'><strong>esse</strong></span> <span class='ocrx_word' id='word_1_466' title='bbox 2823 2760 3037 2815; x_wconf 87' lang='lat' dir='ltr'><strong>Patrem</strong></span> <span class='ocrx_word' id='word_1_467' title='bbox 3062 2760 3226 2815; x_wconf 89' lang='lat' dir='ltr'><strong>nnius</strong></span> <span class='ocrx_word' id='word_1_468' title='bbox 3249 2758 3508 2830; x_wconf 76' lang='lat' dir='ltr'><strong>unigeniti</strong></span> <span class='ocrx_word' id='word_1_469' title='bbox 3535 2757 3682 2824; x_wconf 84' lang='lat' dir='ltr'><strong>Filii,</strong></span> 
     </span>
    </p>
   </div>
   <div class='ocr_carea' id='block_1_59' title="bbox 2102 2848 3739 2926">
    <p class='ocr_par' dir='ltr' id='par_1_59' title="bbox 2102 2848 3739 2926">
     <span class='ocr_line' id='line_1_59' title="bbox 2102 2848 3739 2926; baseline -0.005 -17"><span class='ocrx_word' id='word_1_470' title='bbox 2102 2870 2200 2926; x_wconf 83' lang='lat' dir='ltr'><strong>per</strong></span> <span class='ocrx_word' id='word_1_471' title='bbox 2227 2869 2390 2924; x_wconf 92' lang='lat' dir='ltr'><strong>quem</strong></span> <span class='ocrx_word' id='word_1_472' title='bbox 2415 2855 2598 2908; x_wconf 91' lang='lat' dir='ltr'><strong>omnia</strong></span> <span class='ocrx_word' id='word_1_473' title='bbox 2623 2851 2769 2908; x_wconf 81' lang='lat' dir='ltr'><strong>facta</strong></span> <span class='ocrx_word' id='word_1_474' title='bbox 2803 2860 2948 2907; x_wconf 89' lang='lat' dir='ltr'><strong>sunt.</strong></span> <span class='ocrx_word' id='word_1_475' title='bbox 2977 2850 3031 2905; x_wconf 92' lang='lat' dir='ltr'><strong>ln</strong></span> <span class='ocrx_word' id='word_1_476' title='bbox 3067 2851 3186 2904; x_wconf 86' lang='lat' dir='ltr'><strong>istis</strong></span> <span class='ocrx_word' id='word_1_477' title='bbox 3222 2865 3343 2905; x_wconf 89' lang='lat' dir='ltr'><strong>cum</strong></span> <span class='ocrx_word' id='word_1_478' title='bbox 3391 2849 3680 2918; x_wconf 81' lang='lat' dir='ltr'><strong>Origenem</strong></span> <span class='ocrx_word' id='word_1_479' title='bbox 3727 2848 3739 2862; x_wconf 85' lang='grc'><strong><em>⁸</em></strong></span> 
     </span>
    </p>
   </div>
   <div class='ocr_carea' id='block_1_60' title="bbox 2103 2940 3676 3016">
    <p class='ocr_par' dir='ltr' id='par_1_60' title="bbox 2103 2940 3676 3016">
     <span class='ocr_line' id='line_1_60' title="bbox 2103 2940 3676 3016; baseline -0.006 -14"><span class='ocrx_word' id='word_1_480' title='bbox 2103 2947 2414 3012; x_wconf 88' lang='lat' dir='ltr'><strong>mentiatur,</strong></span> <span class='ocrx_word' id='word_1_481' title='bbox 2443 2946 2686 3014; x_wconf 78' lang='lat' dir='ltr'><strong>adiungit</strong></span> <span class='ocrx_word' id='word_1_482' title='bbox 2709 2953 2830 3016; x_wconf 88' lang='lat' dir='ltr'><strong>post</strong></span> <span class='ocrx_word' id='word_1_483' title='bbox 2851 2959 3021 3014; x_wconf 84' lang='lat' dir='ltr'><strong>pauca</strong></span> <span class='ocrx_word' id='word_1_484' title='bbox 3057 2942 3148 3015; x_wconf 72' lang='grc' dir='ltr'><strong>[Β.</strong></span> <span class='ocrx_word' id='word_1_485' title='bbox 3181 2941 3300 3014; x_wconf 82' lang='lat' dir='ltr'><strong>XV]</strong></span> <span class='ocrx_word' id='word_1_486' title='bbox 3332 2959 3348 2997; x_wconf 89' lang='lat'><strong>:</strong></span> <span class='ocrx_word' id='word_1_487' title='bbox 3377 2940 3676 3004; x_wconf 81' lang='lat' dir='ltr'><strong>Asterium,</strong></span> 
     </span>
    </p>
   </div>
   <div class='ocr_carea' id='block_1_61' title="bbox 2112 3034 3682 3110">
    <p class='ocr_par' dir='ltr' id='par_1_61' title="bbox 2112 3034 3682 3110">
     <span class='ocr_line' id='line_1_61' title="bbox 2112 3034 3682 3110; baseline -0.004 -20"><span class='ocrx_word' id='word_1_488' title='bbox 2112 3057 2130 3090; x_wconf 78' lang='grc' dir='ltr'><strong>ι</strong></span> <span class='ocrx_word' id='word_1_489' title='bbox 2173 3039 2265 3109; x_wconf 84' lang='lat' dir='ltr'><strong>qui</strong></span> <span class='ocrx_word' id='word_1_490' title='bbox 2299 3039 2538 3093; x_wconf 82' lang='lat' dir='ltr'><strong>affirmat</strong></span> <span class='ocrx_word' id='word_1_491' title='bbox 2567 3045 2880 3110; x_wconf 81' lang='lat' dir='ltr'><strong>generatum</strong></span> <span class='ocrx_word' id='word_1_492' title='bbox 2912 3035 3082 3091; x_wconf 87' lang='lat' dir='ltr'><strong>fuisse</strong></span> <span class='ocrx_word' id='word_1_493' title='bbox 3109 3044 3234 3090; x_wconf 88' lang='lat' dir='ltr'><strong>ante</strong></span> <span class='ocrx_word' id='word_1_494' title='bbox 3269 3034 3450 3089; x_wconf 88' lang='lat' dir='ltr'><strong>omnia</strong></span> <span class='ocrx_word' id='word_1_495' title='bbox 3486 3035 3682 3088; x_wconf 71' lang='lat' dir='ltr'><strong>smeula</strong></span> 
     </span>
    </p>
   </div>
   <div class='ocr_carea' id='block_1_62' title="bbox 427 3123 1998 3213">
    <p class='ocr_par' dir='ltr' id='par_1_62' title="bbox 427 3124 1997 3198">
     <span class='ocr_line' id='line_1_62' title="bbox 427 3124 1997 3198; baseline -0.001 -18"><span class='ocrx_word' id='word_1_496' title='bbox 427 3149 445 3180; x_wconf 78' lang='grc' dir='ltr'><strong>ι</strong></span> <span class='ocrx_word' id='word_1_497' title='bbox 485 3126 698 3184; x_wconf 89' lang='grc' dir='ltr'>αἰώνων</span> <span class='ocrx_word' id='word_1_498' title='bbox 731 3127 1110 3198; x_wconf 84' lang='grc' dir='ltr'>γεγεννῆσθαι.</span> <span class='ocrx_word' id='word_1_499' title='bbox 1140 3146 1161 3179; x_wconf 84' lang='grc'><strong>›</strong></span> <span class='ocrx_word' id='word_1_500' title='bbox 1192 3125 1375 3179; x_wconf 89' lang='grc' dir='ltr'>Ταῦτα</span> <span class='ocrx_word' id='word_1_501' title='bbox 1403 3124 1595 3189; x_wconf 87' lang='grc' dir='ltr'>εἰπὼν,</span> <span class='ocrx_word' id='word_1_502' title='bbox 1625 3126 1719 3179; x_wconf 78' lang='grc' dir='ltr'>καὶ</span> <span class='ocrx_word' id='word_1_503' title='bbox 1739 3125 1997 3196; x_wconf 75' lang='grc' dir='ltr'>προσθεὶς</span> 
     </span>
    </p>
   </div>
   <div class='ocr_carea' id='block_1_63' title="bbox 2105 3123 3683 3213">
    <p class='ocr_par' dir='ltr' id='par_1_63' title="bbox 2111 3123 3683 3201">
     <span class='ocr_line' id='line_1_63' title="bbox 2111 3123 3683 3201; baseline -0.005 -17"><span class='ocrx_word' id='word_1_504' title='bbox 2111 3151 2128 3184; x_wconf 78' lang='grc' dir='ltr'><strong>ι</strong></span> <span class='ocrx_word' id='word_1_505' title='bbox 2170 3132 2390 3196; x_wconf 84' lang='lat' dir='ltr'><strong>Filium,</strong></span> <span class='ocrx_word' id='word_1_506' title='bbox 2429 3132 2514 3188; x_wconf 85' lang='lat' dir='ltr'><strong>vel</strong></span> <span class='ocrx_word' id='word_1_507' title='bbox 2545 3133 2657 3201; x_wconf 90' lang='lat' dir='ltr'><strong>ipsa</strong></span> <span class='ocrx_word' id='word_1_508' title='bbox 2682 3130 2901 3200; x_wconf 87' lang='lat' dir='ltr'><strong>quidem</strong></span> <span class='ocrx_word' id='word_1_509' title='bbox 2925 3129 3108 3184; x_wconf 88' lang='lat' dir='ltr'><strong>littera</strong></span> <span class='ocrx_word' id='word_1_510' title='bbox 3141 3128 3424 3183; x_wconf 86' lang='lat' dir='ltr'><strong>mentitum</strong></span> <span class='ocrx_word' id='word_1_511' title='bbox 3459 3123 3683 3180; x_wconf 88' lang='lat' dir='ltr'><strong>convin-</strong></span> 
     </span>
    </p>
   </div>
   <div class='ocr_carea' id='block_1_64' title="bbox 419 3214 1999 3289">
    <p class='ocr_par' dir='ltr' id='par_1_64' title="bbox 419 3214 1999 3289">
     <span class='ocr_line' id='line_1_64' title="bbox 419 3214 1999 3289; baseline 0 -19"><span class='ocrx_word' id='word_1_512' title='bbox 419 3217 583 3289; x_wconf 72' lang='grc' dir='ltr'>ἕτερα</span> <span class='ocrx_word' id='word_1_513' title='bbox 620 3218 700 3281; x_wconf 88' lang='grc' dir='ltr'><strong>εἰς</strong></span> <span class='ocrx_word' id='word_1_514' title='bbox 745 3217 1058 3289; x_wconf 77' lang='grc' dir='ltr'>ἀνατροπὴν</span> <span class='ocrx_word' id='word_1_515' title='bbox 1093 3215 1185 3270; x_wconf 89' lang='grc' dir='ltr'><strong>τοῦ</strong></span> <span class='ocrx_word' id='word_1_516' title='bbox 1224 3215 1331 3289; x_wconf 83' lang='grc' dir='ltr'><strong>πρὸ</strong></span> <span class='ocrx_word' id='word_1_517' title='bbox 1367 3215 1476 3271; x_wconf 83' lang='grc' dir='ltr'>τῶν</span> <span class='ocrx_word' id='word_1_518' title='bbox 1498 3214 1706 3270; x_wconf 89' lang='grc' dir='ltr'>αἰώνων</span> <span class='ocrx_word' id='word_1_519' title='bbox 1749 3216 1999 3287; x_wconf 74' lang='grc' dir='ltr'>γεγεννῆο</span> 
     </span>
    </p>
   </div>
   <div class='ocr_carea' id='block_1_65' title="bbox 422 3308 1996 3380">
    <p class='ocr_par' dir='ltr' id='par_1_65' title="bbox 422 3308 1996 3380">
     <span class='ocr_line' id='line_1_65' title="bbox 422 3308 1996 3380; baseline -0.001 -16"><span class='ocrx_word' id='word_1_520' title='bbox 422 3308 546 3364; x_wconf 83' lang='grc' dir='ltr'>σθαι</span> <span class='ocrx_word' id='word_1_521' title='bbox 581 3308 674 3363; x_wconf 81' lang='grc' dir='ltr'><strong>τὸν</strong></span> <span class='ocrx_word' id='word_1_522' title='bbox 703 3309 852 3375; x_wconf 83' lang='grc' dir='ltr'>Υἰὸν,</span> <span class='ocrx_word' id='word_1_523' title='bbox 889 3309 1128 3378; x_wconf 72' lang='grc' dir='ltr'>ἐπιλέγει</span> <span class='ocrx_word' id='word_1_524' title='bbox 1157 3309 1339 3372; x_wconf 76' lang='grc' dir='ltr'>αὐτοῖς</span> <span class='ocrx_word' id='word_1_525' title='bbox 1390 3310 1649 3380; x_wconf 72' lang='grc' dir='ltr'>ῥήμασιν’</span> <span class='ocrx_word' id='word_1_526' title='bbox 1683 3328 1702 3361; x_wconf 77' lang='grc' dir='ltr'><strong>ι</strong></span> <span class='ocrx_word' id='word_1_527' title='bbox 1749 3308 1912 3377; x_wconf 78' lang='grc' dir='ltr'>Ἀξιῶ</span> <span class='ocrx_word' id='word_1_528' title='bbox 1939 3308 1996 3362; x_wconf 84' lang='grc' dir='ltr'>δὲ</span> 
     </span>
    </p>
   </div>
   <div class='ocr_carea' id='block_1_66' title="bbox 425 3401 1997 3475">
    <p class='ocr_par' dir='ltr' id='par_1_66' title="bbox 425 3401 1997 3475">
     <span class='ocr_line' id='line_1_66' title="bbox 425 3401 1997 3475; baseline 0.001 -20"><span class='ocrx_word' id='word_1_529' title='bbox 425 3419 444 3454; x_wconf 77' lang='grc' dir='ltr'><strong>ι</strong></span> <span class='ocrx_word' id='word_1_530' title='bbox 479 3402 608 3466; x_wconf 76' lang='grc' dir='ltr'>τοὺς</span> <span class='ocrx_word' id='word_1_531' title='bbox 640 3401 1068 3473; x_wconf 83' lang='grc' dir='ltr'>ἐντυγχάνοντας</span> <span class='ocrx_word' id='word_1_532' title='bbox 1099 3401 1206 3455; x_wconf 86' lang='grc' dir='ltr'><strong>τῶν</strong></span> <span class='ocrx_word' id='word_1_533' title='bbox 1245 3401 1415 3471; x_wconf 83' lang='grc' dir='ltr'>ἁγίων</span> <span class='ocrx_word' id='word_1_534' title='bbox 1439 3402 1680 3475; x_wconf 77' lang='grc' dir='ltr'>ὡσπερεὶ</span> <span class='ocrx_word' id='word_1_535' title='bbox 1707 3403 1997 3474; x_wconf 83' lang='grc' dir='ltr'>σπέρματα</span> 
     </span>
    </p>
   </div>
   <div class='ocr_carea' id='block_1_67' title="bbox 423 3494 1998 3569">
    <p class='ocr_par' dir='ltr' id='par_1_67' title="bbox 423 3494 1998 3569">
     <span class='ocr_line' id='line_1_67' title="bbox 423 3494 1998 3569; baseline -0.001 -20"><span class='ocrx_word' id='word_1_536' title='bbox 423 3516 443 3549; x_wconf 80' lang='grc' dir='ltr'><strong>ι</strong></span> <span class='ocrx_word' id='word_1_537' title='bbox 485 3495 580 3550; x_wconf 75' lang='grc' dir='ltr'><strong>καὶ</strong></span> <span class='ocrx_word' id='word_1_538' title='bbox 642 3494 817 3569; x_wconf 85' lang='grc' dir='ltr'>ἀρχὰς</span> <span class='ocrx_word' id='word_1_539' title='bbox 880 3495 1042 3568; x_wconf 86' lang='grc' dir='ltr'>τῆσδε</span> <span class='ocrx_word' id='word_1_540' title='bbox 1110 3495 1211 3567; x_wconf 84' lang='grc' dir='ltr'><strong>τῆς</strong></span> <span class='ocrx_word' id='word_1_541' title='bbox 1279 3494 1591 3567; x_wconf 76' lang='grc' dir='ltr'>ἐξηγήσεως</span> <span class='ocrx_word' id='word_1_542' title='bbox 1647 3494 1864 3567; x_wconf 83' lang='grc' dir='ltr'>ἀληθῶς</span> <span class='ocrx_word' id='word_1_543' title='bbox 1922 3497 1998 3549; x_wconf 88' lang='grc' dir='ltr'>εἰ-</span> 
     </span>
    </p>
   </div>
   <div class='ocr_carea' id='block_1_68' title="bbox 426 3587 1997 3660">
    <p class='ocr_par' dir='ltr' id='par_1_68' title="bbox 426 3587 1997 3660">
     <span class='ocr_line' id='line_1_68' title="bbox 426 3587 1997 3660; baseline 0.001 -19"><span class='ocrx_word' id='word_1_544' title='bbox 426 3605 445 3641; x_wconf 82' lang='grc' dir='ltr'><strong>ι</strong></span> <span class='ocrx_word' id='word_1_545' title='bbox 481 3588 740 3660; x_wconf 80' lang='grc' dir='ltr'>ληφότας,</span> <span class='ocrx_word' id='word_1_546' title='bbox 777 3587 1026 3653; x_wconf 83' lang='grc' dir='ltr'>πλείονας</span> <span class='ocrx_word' id='word_1_547' title='bbox 1069 3587 1370 3656; x_wconf 75' lang='grc' dir='ltr'>ἀποδείξεις</span> <span class='ocrx_word' id='word_1_548' title='bbox 1402 3587 1720 3660; x_wconf 82' lang='grc' dir='ltr'>προσθεῖναι</span> <span class='ocrx_word' id='word_1_549' title='bbox 1760 3591 1876 3653; x_wconf 83' lang='grc' dir='ltr'>τοῖς</span> <span class='ocrx_word' id='word_1_550' title='bbox 1917 3591 1997 3643; x_wconf 89' lang='grc' dir='ltr'>εἰ-</span> 
     </span>
    </p>
   </div>
   <div class='ocr_carea' id='block_1_69' title="bbox 425 3666 1998 3754">
    <p class='ocr_par' dir='ltr' id='par_1_69' title="bbox 425 3666 1998 3754">
     <span class='ocr_line' id='line_1_69' title="bbox 425 3666 1998 3754; baseline -0.001 -20"><span class='ocrx_word' id='word_1_551' title='bbox 425 3700 444 3734; x_wconf 78' lang='grc' dir='ltr'><strong>ι</strong></span> <span class='ocrx_word' id='word_1_552' title='bbox 484 3681 760 3754; x_wconf 74' lang='grc' dir='ltr'>ρημένοιςο</span> <span class='ocrx_word' id='word_1_553' title='bbox 817 3680 957 3735; x_wconf 84' lang='grc' dir='ltr'>ὥστε</span> <span class='ocrx_word' id='word_1_554' title='bbox 1007 3666 1345 3753; x_wconf 51' lang='grc' dir='ltr'>ἐτίμᾶλλον,</span> <span class='ocrx_word' id='word_1_555' title='bbox 1389 3681 1489 3744; x_wconf 86' lang='grc' dir='ltr'>τὰς</span> <span class='ocrx_word' id='word_1_556' title='bbox 1535 3679 1644 3734; x_wconf 87' lang='grc' dir='ltr'><strong>τῶν</strong></span> <span class='ocrx_word' id='word_1_557' title='bbox 1681 3678 1856 3753; x_wconf 81' lang='grc' dir='ltr'>[περί]</span> <span class='ocrx_word' id='word_1_558' title='bbox 1897 3679 1998 3752; x_wconf 83' lang='grc' dir='ltr'><strong>τὴν</strong></span> 
     </span>
    </p>
   </div>
   <div class='ocr_carea' id='block_1_70' title="bbox 424 3771 2000 3845">
    <p class='ocr_par' dir='ltr' id='par_1_70' title="bbox 424 3771 2000 3845">
     <span class='ocr_line' id='line_1_70' title="bbox 424 3771 2000 3845; baseline 0.001 -19"><span class='ocrx_word' id='word_1_559' title='bbox 424 3791 445 3826; x_wconf 79' lang='grc' dir='ltr'><strong>ι</strong></span> <span class='ocrx_word' id='word_1_560' title='bbox 478 3773 660 3826; x_wconf 85' lang='grc' dir='ltr'>πίστιν</span> <span class='ocrx_word' id='word_1_561' title='bbox 681 3772 1116 3845; x_wconf 81' lang='grc' dir='ltr'>διαστρεφόντων</span> <span class='ocrx_word' id='word_1_562' title='bbox 1135 3771 1454 3844; x_wconf 84' lang='grc' dir='ltr'>ἐλέγχεσθαι</span> <span class='ocrx_word' id='word_1_563' title='bbox 1474 3772 1842 3844; x_wconf 83' lang='grc' dir='ltr'>προαιρέσεις.</span> <span class='ocrx_word' id='word_1_564' title='bbox 1881 3773 2000 3827; x_wconf 88' lang='grc' dir='ltr'><strong>Ὄν-</strong></span> 
     </span>
    </p>
   </div>
   <div class='ocr_carea' id='block_1_71' title="bbox 426 3863 1994 3936">
    <p class='ocr_par' dir='ltr' id='par_1_71' title="bbox 426 3863 1994 3936">
     <span class='ocr_line' id='line_1_71' title="bbox 426 3863 1994 3936; baseline 0.001 -19"><span class='ocrx_word' id='word_1_565' title='bbox 426 3883 446 3917; x_wconf 79' lang='grc' dir='ltr'><strong>ι</strong></span> <span class='ocrx_word' id='word_1_566' title='bbox 477 3880 587 3928; x_wconf 88' lang='grc' dir='ltr'><strong>τως</strong></span> <span class='ocrx_word' id='word_1_567' title='bbox 609 3863 718 3936; x_wconf 82' lang='grc' dir='ltr'><strong>γάρ</strong></span> <span class='ocrx_word' id='word_1_568' title='bbox 741 3863 874 3918; x_wconf 85' lang='grc' dir='ltr'>Θεὸν</span> <span class='ocrx_word' id='word_1_569' title='bbox 899 3864 989 3918; x_wconf 81' lang='grc' dir='ltr'><strong>τὸν</strong></span> <span class='ocrx_word' id='word_1_570' title='bbox 1021 3866 1359 3936; x_wconf 85' lang='grc' dir='ltr'>γεννήσαντα</span> <span class='ocrx_word' id='word_1_571' title='bbox 1396 3865 1594 3928; x_wconf 79' lang='grc' dir='ltr'>αὐτοὺς</span> <span class='ocrx_word' id='word_1_572' title='bbox 1617 3864 1994 3934; x_wconf 85' lang='grc' dir='ltr'>ἐγκατέλιπον,</span> 
     </span>
    </p>
   </div>
   <div class='ocr_carea' id='block_1_72' title="bbox 425 3954 1992 4030">
    <p class='ocr_par' dir='ltr' id='par_1_72' title="bbox 425 3954 1992 4030">
     <span class='ocr_line' id='line_1_72' title="bbox 425 3954 1992 4030; baseline 0 -19"><span class='ocrx_word' id='word_1_573' title='bbox 425 3975 446 4010; x_wconf 70' lang='grc' dir='ltr'><strong>ι</strong></span> <span class='ocrx_word' id='word_1_574' title='bbox 478 3957 574 4011; x_wconf 80' lang='grc' dir='ltr'>καὶ</span> <span class='ocrx_word' id='word_1_575' title='bbox 618 3954 832 4028; x_wconf 79' lang='grc' dir='ltr'>ὤρυξαν</span> <span class='ocrx_word' id='word_1_576' title='bbox 867 3955 1078 4021; x_wconf 79' lang='grc' dir='ltr'>ἑαυτοῖς</span> <span class='ocrx_word' id='word_1_577' title='bbox 1116 3956 1354 4022; x_wconf 82' lang='grc' dir='ltr'>λάκκους</span> <span class='ocrx_word' id='word_1_578' title='bbox 1405 3957 1918 4030; x_wconf 86' lang='grc' dir='ltr'>συντετριμμένους.</span> <span class='ocrx_word' id='word_1_579' title='bbox 1972 3978 1992 4011; x_wconf 73' lang='grc' dir='ltr'><strong>ι</strong></span> 
     </span>
    </p>
   </div>
   <div class='ocr_carea' id='block_1_73' title="bbox 417 4046 2000 4122">
    <p class='ocr_par' dir='ltr' id='par_1_73' title="bbox 417 4046 2000 4122">
     <span class='ocr_line' id='line_1_73' title="bbox 417 4046 2000 4122; baseline 0.002 -21"><span class='ocrx_word' id='word_1_580' title='bbox 417 4046 658 4102; x_wconf 80' lang='grc' dir='ltr'>Τοιαῦτα</span> <span class='ocrx_word' id='word_1_581' title='bbox 685 4047 781 4102; x_wconf 78' lang='grc' dir='ltr'>καὶ</span> <span class='ocrx_word' id='word_1_582' title='bbox 800 4047 887 4102; x_wconf 82' lang='grc' dir='ltr'>διὰ</span> <span class='ocrx_word' id='word_1_583' title='bbox 916 4047 1122 4103; x_wconf 87' lang='grc' dir='ltr'>τούτων</span> <span class='ocrx_word' id='word_1_584' title='bbox 1145 4048 1623 4121; x_wconf 86' lang='grc' dir='ltr'>λοιδορησάμενος,</span> <span class='ocrx_word' id='word_1_585' title='bbox 1656 4048 1782 4121; x_wconf 75' lang='grc' dir='ltr'>ἑξῆς</span> <span class='ocrx_word' id='word_1_586' title='bbox 1807 4051 2000 4122; x_wconf 79' lang='grc' dir='ltr'>πειρᾶ-</span> 
     </span>
    </p>
   </div>
   <div class='ocr_carea' id='block_1_74' title="bbox 415 4139 1999 4212">
    <p class='ocr_par' dir='ltr' id='par_1_74' title="bbox 415 4139 1999 4212">
     <span class='ocr_line' id='line_1_74' title="bbox 415 4139 1999 4212; baseline 0.003 -18"><span class='ocrx_word' id='word_1_587' title='bbox 415 4157 508 4195; x_wconf 90' lang='grc' dir='ltr'><strong>ται</strong></span> <span class='ocrx_word' id='word_1_588' title='bbox 545 4139 851 4206; x_wconf 85' lang='grc' dir='ltr'>δεικνύναι,</span> <span class='ocrx_word' id='word_1_589' title='bbox 885 4141 966 4194; x_wconf 84' lang='grc' dir='ltr'>ὅτι</span> <span class='ocrx_word' id='word_1_590' title='bbox 1017 4140 1152 4212; x_wconf 81' lang='grc' dir='ltr'>μηδὲ</span> <span class='ocrx_word' id='word_1_591' title='bbox 1210 4159 1229 4193; x_wconf 83' lang='grc' dir='ltr'><strong>ι</strong></span> <span class='ocrx_word' id='word_1_592' title='bbox 1265 4139 1429 4195; x_wconf 83' lang='grc' dir='ltr'>εἰκὼν</span> <span class='ocrx_word' id='word_1_593' title='bbox 1471 4140 1564 4194; x_wconf 84' lang='grc' dir='ltr'><strong>τοῦ</strong></span> <span class='ocrx_word' id='word_1_594' title='bbox 1609 4141 1744 4196; x_wconf 89' lang='grc' dir='ltr'>Θεοῦ</span> <span class='ocrx_word' id='word_1_595' title='bbox 1790 4143 1937 4198; x_wconf 89' lang='grc' dir='ltr'>ἐστιν</span> <span class='ocrx_word' id='word_1_596' title='bbox 1970 4145 1999 4199; x_wconf 91' lang='lat'><strong>6</strong></span> 
     </span>
    </p>
   </div>
   <div class='ocr_carea' id='block_1_75' title="bbox 420 4232 1999 4308">
    <p class='ocr_par' dir='ltr' id='par_1_75' title="bbox 420 4232 1999 4308">
     <span class='ocr_line' id='line_1_75' title="bbox 420 4232 1999 4308; baseline 0.003 -22"><span class='ocrx_word' id='word_1_597' title='bbox 420 4251 442 4286; x_wconf 73' lang='grc' dir='ltr'><strong>σ</strong></span> <span class='ocrx_word' id='word_1_598' title='bbox 481 4233 630 4300; x_wconf 76' lang='grc' dir='ltr'>Υἱὸς,</span> <span class='ocrx_word' id='word_1_599' title='bbox 671 4252 691 4286; x_wconf 73' lang='grc' dir='ltr'><strong>ι</strong></span> <span class='ocrx_word' id='word_1_600' title='bbox 735 4233 910 4304; x_wconf 88' lang='grc' dir='ltr'>λέγων</span> <span class='ocrx_word' id='word_1_601' title='bbox 942 4232 1136 4298; x_wconf 79' lang='grc' dir='ltr'>οὕτως·</span> <span class='ocrx_word' id='word_1_602' title='bbox 1172 4252 1192 4287; x_wconf 78' lang='grc' dir='ltr'><strong>ι</strong></span> <span class='ocrx_word' id='word_1_603' title='bbox 1250 4234 1568 4290; x_wconf 83' lang='grc' dir='ltr'>Ἀκόλουθον</span> <span class='ocrx_word' id='word_1_604' title='bbox 1596 4234 1838 4307; x_wconf 76' lang='grc' dir='ltr'>ἡγοῦμαι</span> <span class='ocrx_word' id='word_1_605' title='bbox 1869 4236 1999 4308; x_wconf 85' lang='grc' dir='ltr'>βρα-</span> 
     </span>
    </p>
   </div>
   <div class='ocr_carea' id='block_1_76' title="bbox 420 4325 1993 4401">
    <p class='ocr_par' dir='ltr' id='par_1_76' title="bbox 420 4325 1993 4401">
     <span class='ocr_line' id='line_1_76' title="bbox 420 4325 1993 4401; baseline 0.003 -23"><span class='ocrx_word' id='word_1_606' title='bbox 420 4343 440 4378; x_wconf 81' lang='grc' dir='ltr'><strong>ι</strong></span> <span class='ocrx_word' id='word_1_607' title='bbox 477 4325 578 4396; x_wconf 88' lang='grc' dir='ltr'><strong>χέα</strong></span> <span class='ocrx_word' id='word_1_608' title='bbox 617 4326 714 4380; x_wconf 77' lang='grc' dir='ltr'>καὶ</span> <span class='ocrx_word' id='word_1_609' title='bbox 755 4326 886 4398; x_wconf 72' lang='grc' dir='ltr'>περὶ</span> <span class='ocrx_word' id='word_1_610' title='bbox 923 4325 1024 4392; x_wconf 80' lang='grc' dir='ltr'>τῆς</span> <span class='ocrx_word' id='word_1_611' title='bbox 1069 4326 1280 4391; x_wconf 83' lang='grc' dir='ltr'>εἰκόνος</span> <span class='ocrx_word' id='word_1_612' title='bbox 1327 4328 1522 4381; x_wconf 79' lang='grc' dir='ltr'>εἰπεῖν’</span> <span class='ocrx_word' id='word_1_613' title='bbox 1570 4327 1818 4400; x_wconf 64' lang='grc' dir='ltr'>γέγραφε</span> <span class='ocrx_word' id='word_1_614' title='bbox 1856 4329 1993 4401; x_wconf 77' lang='grc' dir='ltr'>γάρ’</span> 
     </span>
    </p>
   </div>
   <div class='ocr_carea' id='block_1_77' title="bbox 421 4418 1998 4491">
    <p class='ocr_par' dir='ltr' id='par_1_77' title="bbox 421 4418 1998 4491">
     <span class='ocr_line' id='line_1_77' title="bbox 421 4418 1998 4491; baseline 0.002 -19"><span class='ocrx_word' id='word_1_615' title='bbox 421 4436 442 4472; x_wconf 79' lang='grc' dir='ltr'><strong>ι</strong></span> <span class='ocrx_word' id='word_1_616' title='bbox 483 4418 677 4484; x_wconf 69' lang='grc' dir='ltr'><strong>ΙἌλλος</strong></span> <span class='ocrx_word' id='word_1_617' title='bbox 704 4419 762 4474; x_wconf 90' lang='grc' dir='ltr'><strong>δέ</strong></span> <span class='ocrx_word' id='word_1_618' title='bbox 786 4421 934 4474; x_wconf 91' lang='grc' dir='ltr'>ἐστιν</span> <span class='ocrx_word' id='word_1_619' title='bbox 964 4419 994 4472; x_wconf 85' lang='grc' dir='ltr'><strong>ὁ</strong></span> <span class='ocrx_word' id='word_1_620' title='bbox 1039 4418 1098 4486; x_wconf 77' lang='grc' dir='ltr'><strong>ἐξ</strong></span> <span class='ocrx_word' id='word_1_621' title='bbox 1125 4418 1287 4473; x_wconf 78' lang='grc' dir='ltr'>αὐτοῦ</span> <span class='ocrx_word' id='word_1_622' title='bbox 1317 4419 1615 4491; x_wconf 78' lang='grc' dir='ltr'>γεννηθεὶς,</span> <span class='ocrx_word' id='word_1_623' title='bbox 1653 4421 1714 4486; x_wconf 83' lang='grc' dir='ltr'>ὃς</span> <span class='ocrx_word' id='word_1_624' title='bbox 1747 4423 1892 4475; x_wconf 90' lang='grc' dir='ltr'>ἐστιν</span> <span class='ocrx_word' id='word_1_625' title='bbox 1918 4423 1998 4475; x_wconf 88' lang='grc' dir='ltr'>εἰ-</span> 
     </span>
    </p>
   </div>
   <div class='ocr_carea' id='block_1_78' title="bbox 2109 3218 3681 3294">
    <p class='ocr_par' dir='ltr' id='par_1_78' title="bbox 2109 3218 3681 3294">
     <span class='ocr_line' id='line_1_78' title="bbox 2109 3218 3681 3294; baseline -0.006 -15"><span class='ocrx_word' id='word_1_626' title='bbox 2109 3247 2129 3279; x_wconf 67' lang='grc' dir='ltr'><em>ς</em></span> <span class='ocrx_word' id='word_1_627' title='bbox 2167 3226 2263 3294; x_wconf 90' lang='lat' dir='ltr'><strong>cit,</strong></span> <span class='ocrx_word' id='word_1_628' title='bbox 2291 3225 2426 3280; x_wconf 90' lang='lat' dir='ltr'><strong>adeo</strong></span> <span class='ocrx_word' id='word_1_629' title='bbox 2452 3234 2643 3280; x_wconf 89' lang='lat' dir='ltr'><strong>utnon</strong></span> <span class='ocrx_word' id='word_1_630' title='bbox 2674 3222 2847 3279; x_wconf 87' lang='lat' dir='ltr'><strong>solum</strong></span> <span class='ocrx_word' id='word_1_631' title='bbox 2880 3223 2933 3276; x_wconf 90' lang='lat' dir='ltr'><strong>in</strong></span> <span class='ocrx_word' id='word_1_632' title='bbox 2961 3222 3040 3277; x_wconf 88' lang='lat' dir='ltr'><strong>rei</strong></span> <span class='ocrx_word' id='word_1_633' title='bbox 3090 3220 3345 3284; x_wconf 75' lang='lat' dir='ltr'><strong>veritate,</strong></span> <span class='ocrx_word' id='word_1_634' title='bbox 3373 3219 3467 3272; x_wconf 86' lang='lat' dir='ltr'><strong>sed</strong></span> <span class='ocrx_word' id='word_1_635' title='bbox 3507 3218 3557 3270; x_wconf 91' lang='lat' dir='ltr'><strong>in</strong></span> <span class='ocrx_word' id='word_1_636' title='bbox 3592 3232 3681 3270; x_wconf 48' lang='lat' dir='ltr'><strong>vo.</strong></span> 
     </span>
    </p>
   </div>
   <div class='ocr_carea' id='block_1_79' title="bbox 2110 3308 3680 3388">
    <p class='ocr_par' dir='ltr' id='par_1_79' title="bbox 2110 3308 3680 3388">
     <span class='ocr_line' id='line_1_79' title="bbox 2110 3308 3680 3388; baseline -0.007 -16"><span class='ocrx_word' id='word_1_637' title='bbox 2110 3339 2128 3372; x_wconf 86' lang='grc' dir='ltr'><strong>ι</strong></span> <span class='ocrx_word' id='word_1_638' title='bbox 2170 3319 2326 3374; x_wconf 87' lang='lat' dir='ltr'><strong>cibus</strong></span> <span class='ocrx_word' id='word_1_639' title='bbox 2358 3317 2490 3388; x_wconf 90' lang='lat' dir='ltr'><strong>ipsis</strong></span> <span class='ocrx_word' id='word_1_640' title='bbox 2515 3313 2876 3370; x_wconf 79' lang='lat' dir='ltr'><strong>aberraverit.</strong></span> <span class='ocrx_word' id='word_1_641' title='bbox 2907 3311 3042 3367; x_wconf 81' lang='lat' dir='ltr'><strong>Nam</strong></span> <span class='ocrx_word' id='word_1_642' title='bbox 3065 3313 3132 3376; x_wconf 90' lang='lat' dir='ltr'><strong>si,</strong></span> <span class='ocrx_word' id='word_1_643' title='bbox 3167 3311 3303 3366; x_wconf 76' lang='lat' dir='ltr'><strong>Ante</strong></span> <span class='ocrx_word' id='word_1_644' title='bbox 3337 3311 3534 3364; x_wconf 59' lang='lat' dir='ltr'><strong>satcula</strong></span> <span class='ocrx_word' id='word_1_645' title='bbox 3556 3349 3571 3372; x_wconf 95' lang='lat'><strong>,</strong></span> <span class='ocrx_word' id='word_1_646' title='bbox 3603 3308 3680 3362; x_wconf 91' lang='lat' dir='ltr'><strong>nti</strong></span> 
     </span>
    </p>
   </div>
   <div class='ocr_carea' id='block_1_80' title="bbox 2110 3403 3680 3480">
    <p class='ocr_par' dir='ltr' id='par_1_80' title="bbox 2110 3403 3680 3480">
     <span class='ocr_line' id='line_1_80' title="bbox 2110 3403 3680 3480; baseline -0.008 -16"><span class='ocrx_word' id='word_1_647' title='bbox 2110 3431 2128 3464; x_wconf 83' lang='grc' dir='ltr'><strong>ι</strong></span> <span class='ocrx_word' id='word_1_648' title='bbox 2171 3411 2416 3480; x_wconf 87' lang='lat' dir='ltr'><strong>loquitur</strong></span> <span class='ocrx_word' id='word_1_649' title='bbox 2447 3406 2867 3463; x_wconf 84' lang='lat' dir='ltr'><strong>Pr0verbiorum</strong></span> <span class='ocrx_word' id='word_1_650' title='bbox 2904 3405 3077 3470; x_wconf 89' lang='lat' dir='ltr'><strong>liber,</strong></span> <span class='ocrx_word' id='word_1_651' title='bbox 3109 3403 3357 3472; x_wconf 78' lang='lat' dir='ltr'><strong>fundavit</strong></span> <span class='ocrx_word' id='word_1_652' title='bbox 3410 3418 3513 3465; x_wconf 72' lang='lat' dir='ltr'><strong>me,</strong></span> <span class='ocrx_word' id='word_1_653' title='bbox 3554 3414 3680 3467; x_wconf 79' lang='lat' dir='ltr'><strong>quo-</strong></span> 
     </span>
    </p>
   </div>
   <div class='ocr_carea' id='block_1_81' title="bbox 2108 3491 3680 3567">
    <p class='ocr_par' dir='ltr' id='par_1_81' title="bbox 2108 3491 3680 3567">
     <span class='ocr_line' id='line_1_81' title="bbox 2108 3491 3680 3567; baseline -0.007 -11"><span class='ocrx_word' id='word_1_654' title='bbox 2108 3522 2128 3556; x_wconf 82' lang='grc' dir='ltr'><strong>ι</strong></span> <span class='ocrx_word' id='word_1_655' title='bbox 2166 3502 2328 3556; x_wconf 91' lang='lat' dir='ltr'><strong>modo</strong></span> <span class='ocrx_word' id='word_1_656' title='bbox 2358 3507 2485 3556; x_wconf 87' lang='lat' dir='ltr'><strong>ante</strong></span> <span class='ocrx_word' id='word_1_657' title='bbox 2511 3497 2709 3553; x_wconf 60' lang='lat' dir='ltr'><strong>saecula</strong></span> <span class='ocrx_word' id='word_1_658' title='bbox 2739 3496 2978 3567; x_wconf 78' lang='lat' dir='ltr'><strong>genitum</strong></span> <span class='ocrx_word' id='word_1_659' title='bbox 3010 3495 3178 3549; x_wconf 90' lang='lat' dir='ltr'><strong>fuisse</strong></span> <span class='ocrx_word' id='word_1_660' title='bbox 3208 3494 3356 3548; x_wconf 87' lang='lat' dir='ltr'><strong>illum</strong></span> <span class='ocrx_word' id='word_1_661' title='bbox 3403 3491 3631 3546; x_wconf 70' lang='lat' dir='ltr'><strong>aliirmat</strong></span> <span class='ocrx_word' id='word_1_662' title='bbox 3656 3491 3680 3545; x_wconf 77' lang='grc'>2</span> 
     </span>
    </p>
   </div>
   <div class='ocr_carea' id='block_1_82' title="bbox 2110 3584 3695 3658">
    <p class='ocr_par' dir='ltr' id='par_1_82' title="bbox 2110 3584 3695 3658">
     <span class='ocr_line' id='line_1_82' title="bbox 2110 3584 3695 3658; baseline -0.006 -11"><span class='ocrx_word' id='word_1_663' title='bbox 2110 3613 2129 3647; x_wconf 77' lang='grc' dir='ltr'><strong>ι</strong></span> <span class='ocrx_word' id='word_1_664' title='bbox 2161 3592 2320 3649; x_wconf 86' lang='lat' dir='ltr'><strong>Aliud</strong></span> <span class='ocrx_word' id='word_1_665' title='bbox 2346 3600 2430 3647; x_wconf 89' lang='lat' dir='ltr'><strong>est</strong></span> <span class='ocrx_word' id='word_1_666' title='bbox 2451 3589 2622 3658; x_wconf 88' lang='lat' dir='ltr'><strong>enim,</strong></span> <span class='ocrx_word' id='word_1_667' title='bbox 2658 3599 2785 3643; x_wconf 83' lang='lat' dir='ltr'><strong>ante</strong></span> <span class='ocrx_word' id='word_1_668' title='bbox 2806 3586 3060 3643; x_wconf 73' lang='lat' dir='ltr'><strong>steculum</strong></span> <span class='ocrx_word' id='word_1_669' title='bbox 3091 3586 3374 3641; x_wconf 89' lang='lat' dir='ltr'><strong>fundatum</strong></span> <span class='ocrx_word' id='word_1_670' title='bbox 3405 3584 3592 3649; x_wconf 87' lang='lat' dir='ltr'><strong>fuisse,</strong></span> <span class='ocrx_word' id='word_1_671' title='bbox 3625 3593 3695 3637; x_wconf 83' lang='lat' dir='ltr'><strong>et.</strong></span> 
     </span>
    </p>
   </div>
   <div class='ocr_carea' id='block_1_83' title="bbox 2109 3676 3699 3756">
    <p class='ocr_par' dir='ltr' id='par_1_83' title="bbox 2109 3676 3699 3756">
     <span class='ocr_line' id='line_1_83' title="bbox 2109 3676 3699 3756; baseline -0.005 -18"><span class='ocrx_word' id='word_1_672' title='bbox 2109 3705 2128 3738; x_wconf 84' lang='grc' dir='ltr'><strong>ι</strong></span> <span class='ocrx_word' id='word_1_673' title='bbox 2157 3687 2299 3740; x_wconf 88' lang='lat' dir='ltr'><strong>aliud</strong></span> <span class='ocrx_word' id='word_1_674' title='bbox 2326 3685 2560 3756; x_wconf 78' lang='lat' dir='ltr'><strong>genitum</strong></span> <span class='ocrx_word' id='word_1_675' title='bbox 2590 3682 2755 3752; x_wconf 75' lang='lat' dir='ltr'><strong>fuisse</strong></span> <span class='ocrx_word' id='word_1_676' title='bbox 2785 3690 2906 3734; x_wconf 80' lang='lat' dir='ltr'><strong>ante</strong></span> <span class='ocrx_word' id='word_1_677' title='bbox 2934 3677 3149 3734; x_wconf 76' lang='lat' dir='ltr'><strong>sa‘cula.</strong></span> <span class='ocrx_word' id='word_1_678' title='bbox 3181 3697 3200 3730; x_wconf 74' lang='grc' dir='ltr'><strong>ι</strong></span> <span class='ocrx_word' id='word_1_679' title='bbox 3237 3676 3362 3732; x_wconf 74' lang='lat' dir='ltr'><strong>Hzec</strong></span> <span class='ocrx_word' id='word_1_680' title='bbox 3403 3677 3491 3731; x_wconf 89' lang='lat' dir='ltr'><strong>ubi</strong></span> <span class='ocrx_word' id='word_1_681' title='bbox 3521 3676 3699 3734; x_wconf 59' lang='lat' dir='ltr'><strong>dixit,</strong></span> 
     </span>
    </p>
   </div>
   <div class='ocr_carea' id='block_1_84' title="bbox 2102 3767 3700 3847">
    <p class='ocr_par' dir='ltr' id='par_1_84' title="bbox 2102 3767 3700 3847">
     <span class='ocr_line' id='line_1_84' title="bbox 2102 3767 3700 3847; baseline -0.01 -13"><span class='ocrx_word' id='word_1_682' title='bbox 2102 3789 2157 3835; x_wconf 92' lang='lat' dir='ltr'><strong>et</strong></span> <span class='ocrx_word' id='word_1_683' title='bbox 2177 3777 2371 3847; x_wconf 77' lang='lat' dir='ltr'><strong>adjecit</strong></span> <span class='ocrx_word' id='word_1_684' title='bbox 2388 3772 2548 3830; x_wconf 88' lang='lat' dir='ltr'><strong>simul</strong></span> <span class='ocrx_word' id='word_1_685' title='bbox 2568 3772 2673 3828; x_wconf 89' lang='lat' dir='ltr'><strong>alia</strong></span> <span class='ocrx_word' id='word_1_686' title='bbox 2693 3773 2760 3826; x_wconf 86' lang='lat' dir='ltr'><strong>ad</strong></span> <span class='ocrx_word' id='word_1_687' title='bbox 2780 3771 2908 3826; x_wconf 90' lang='lat' dir='ltr'><strong>illud</strong></span> <span class='ocrx_word' id='word_1_688' title='bbox 2940 3769 3318 3833; x_wconf 84' lang='lat' dir='ltr'><strong>refellendum,</strong></span> <span class='ocrx_word' id='word_1_689' title='bbox 3339 3770 3471 3847; x_wconf 76' lang='lat' dir='ltr'><strong>Ante</strong></span> <span class='ocrx_word' id='word_1_690' title='bbox 3486 3767 3700 3820; x_wconf 42' lang='lat' dir='ltr'><strong>satcnla.</strong></span> 
     </span>
    </p>
   </div>
   <div class='ocr_carea' id='block_1_85' title="bbox 2104 3843 3674 3940">
    <p class='ocr_par' dir='ltr' id='par_1_85' title="bbox 2104 3843 3674 3940">
     <span class='ocr_line' id='line_1_85' title="bbox 2104 3843 3674 3940; baseline -0.01 -14"><span class='ocrx_word' id='word_1_691' title='bbox 2104 3843 2266 3939; x_wconf 75' lang='lat' dir='ltr'><strong>fuisse</strong></span> <span class='ocrx_word' id='word_1_692' title='bbox 2299 3877 2603 3940; x_wconf 81' lang='lat' dir='ltr'><strong>generatum</strong></span> <span class='ocrx_word' id='word_1_693' title='bbox 2629 3864 2850 3931; x_wconf 80' lang='lat' dir='ltr'><strong>Filium,</strong></span> <span class='ocrx_word' id='word_1_694' title='bbox 2897 3861 3173 3934; x_wconf 76' lang='lat' dir='ltr'><strong>subiungit</strong></span> <span class='ocrx_word' id='word_1_695' title='bbox 3215 3861 3304 3935; x_wconf 71' lang='grc' dir='ltr'><strong>[Β.</strong></span> <span class='ocrx_word' id='word_1_696' title='bbox 3335 3843 3624 3930; x_wconf 59' lang='lat' dir='ltr'><strong>LXXXIX]</strong></span> <span class='ocrx_word' id='word_1_697' title='bbox 3661 3877 3674 3912; x_wconf 90' lang='lat'><strong>:</strong></span> 
     </span>
    </p>
   </div>
   <div class='ocr_carea' id='block_1_86' title="bbox 2108 3951 3699 4026">
    <p class='ocr_par' dir='ltr' id='par_1_86' title="bbox 2108 3951 3699 4026">
     <span class='ocr_line' id='line_1_86' title="bbox 2108 3951 3699 4026; baseline -0.008 -9"><span class='ocrx_word' id='word_1_698' title='bbox 2108 3984 2127 4017; x_wconf 77' lang='grc' dir='ltr'><strong>ι</strong></span> <span class='ocrx_word' id='word_1_699' title='bbox 2154 3960 2409 4019; x_wconf 91' lang='lat' dir='ltr'><strong>Obtestor</strong></span> <span class='ocrx_word' id='word_1_700' title='bbox 2426 3960 2574 4014; x_wconf 85' lang='lat' dir='ltr'><strong>viros</strong></span> <span class='ocrx_word' id='word_1_701' title='bbox 2604 3968 2843 4024; x_wconf 90' lang='lat' dir='ltr'><strong>sanctos,</strong></span> <span class='ocrx_word' id='word_1_702' title='bbox 2873 3956 2924 4010; x_wconf 93' lang='lat' dir='ltr'><strong>in</strong></span> <span class='ocrx_word' id='word_1_703' title='bbox 2948 3969 3179 4026; x_wconf 89' lang='lat' dir='ltr'><strong>quorum</strong></span> <span class='ocrx_word' id='word_1_704' title='bbox 3214 3968 3407 4008; x_wconf 88' lang='lat' dir='ltr'><strong>manus</strong></span> <span class='ocrx_word' id='word_1_705' title='bbox 3431 3951 3536 4007; x_wconf 89' lang='lat' dir='ltr'><strong>ista</strong></span> <span class='ocrx_word' id='word_1_706' title='bbox 3559 3966 3699 4005; x_wconf 51' lang='lat' dir='ltr'><strong>mea».</strong></span> 
     </span>
    </p>
   </div>
   <div class='ocr_carea' id='block_1_87' title="bbox 2109 4043 3697 4126">
    <p class='ocr_par' dir='ltr' id='par_1_87' title="bbox 2109 4043 3697 4126">
     <span class='ocr_line' id='line_1_87' title="bbox 2109 4043 3697 4126; baseline -0.008 -16"><span class='ocrx_word' id='word_1_707' title='bbox 2109 4077 2129 4110; x_wconf 77' lang='grc' dir='ltr'><strong>ι</strong></span> <span class='ocrx_word' id='word_1_708' title='bbox 2165 4064 2291 4112; x_wconf 85' lang='lat' dir='ltr'><strong>sunt</strong></span> <span class='ocrx_word' id='word_1_709' title='bbox 2316 4060 2664 4126; x_wconf 83' lang='lat' dir='ltr'><strong>perventura,</strong></span> <span class='ocrx_word' id='word_1_710' title='bbox 2696 4059 2756 4105; x_wconf 90' lang='lat' dir='ltr'><strong>ut</strong></span> <span class='ocrx_word' id='word_1_711' title='bbox 2783 4049 2951 4104; x_wconf 87' lang='lat' dir='ltr'><strong>veluti</strong></span> <span class='ocrx_word' id='word_1_712' title='bbox 2979 4047 3070 4118; x_wconf 88' lang='lat' dir='ltr'><strong>qni</strong></span> <span class='ocrx_word' id='word_1_713' title='bbox 3099 4046 3308 4103; x_wconf 87' lang='lat' dir='ltr'><strong>semina</strong></span> <span class='ocrx_word' id='word_1_714' title='bbox 3338 4053 3392 4100; x_wconf 87' lang='lat' dir='ltr'><strong>et</strong></span> <span class='ocrx_word' id='word_1_715' title='bbox 3417 4043 3697 4114; x_wconf 75' lang='lat' dir='ltr'><strong>principia.</strong></span> 
     </span>
    </p>
   </div>
   <div class='ocr_carea' id='block_1_88' title="bbox 2109 4139 3694 4215">
    <p class='ocr_par' dir='ltr' id='par_1_88' title="bbox 2109 4139 3694 4215">
     <span class='ocr_line' id='line_1_88' title="bbox 2109 4139 3694 4215; baseline -0.011 -13"><span class='ocrx_word' id='word_1_716' title='bbox 2109 4169 2128 4202; x_wconf 72' lang='grc' dir='ltr'><strong>ι</strong></span> <span class='ocrx_word' id='word_1_717' title='bbox 2164 4150 2321 4205; x_wconf 90' lang='lat' dir='ltr'><strong>istius</strong></span> <span class='ocrx_word' id='word_1_718' title='bbox 2357 4142 2820 4215; x_wconf 87' lang='lat' dir='ltr'><strong>interpretationis</strong></span> <span class='ocrx_word' id='word_1_719' title='bbox 2841 4139 3114 4197; x_wconf 89' lang='lat' dir='ltr'><strong>veraciter</strong></span> <span class='ocrx_word' id='word_1_720' title='bbox 3141 4154 3172 4194; x_wconf 87' lang='lat' dir='ltr'><strong>a</strong></span> <span class='ocrx_word' id='word_1_721' title='bbox 3203 4153 3290 4193; x_wconf 82' lang='lat' dir='ltr'><strong>me</strong></span> <span class='ocrx_word' id='word_1_722' title='bbox 3314 4145 3533 4206; x_wconf 84' lang='lat' dir='ltr'><strong>accepta</strong></span> <span class='ocrx_word' id='word_1_723' title='bbox 3559 4151 3694 4204; x_wconf 81' lang='lat' dir='ltr'><strong>per--</strong></span> 
     </span>
    </p>
   </div>
   <div class='ocr_carea' id='block_1_89' title="bbox 2110 4229 3682 4310">
    <p class='ocr_par' dir='ltr' id='par_1_89' title="bbox 2110 4229 3682 4310">
     <span class='ocr_line' id='line_1_89' title="bbox 2110 4229 3682 4310; baseline -0.011 -15"><span class='ocrx_word' id='word_1_724' title='bbox 2110 4262 2129 4295; x_wconf 83' lang='grc' dir='ltr'><strong>ι</strong></span> <span class='ocrx_word' id='word_1_725' title='bbox 2165 4241 2429 4310; x_wconf 89' lang='lat' dir='ltr'><strong>ceperint,</strong></span> <span class='ocrx_word' id='word_1_726' title='bbox 2457 4238 2642 4309; x_wconf 90' lang='lat' dir='ltr'><strong>plures</strong></span> <span class='ocrx_word' id='word_1_727' title='bbox 2669 4234 2847 4289; x_wconf 86' lang='lat' dir='ltr'><strong>adhuc</strong></span> <span class='ocrx_word' id='word_1_728' title='bbox 2866 4231 3362 4288; x_wconf 84' lang='lat' dir='ltr'><strong>demonstrationes</strong></span> <span class='ocrx_word' id='word_1_729' title='bbox 3387 4229 3682 4297; x_wconf 77' lang='lat' dir='ltr'><strong>adjungere</strong></span> 
     </span>
    </p>
   </div>
   <div class='ocr_carea' id='block_1_90' title="bbox 2111 4322 3684 4400">
    <p class='ocr_par' dir='ltr' id='par_1_90' title="bbox 2111 4322 3684 4400">
     <span class='ocr_line' id='line_1_90' title="bbox 2111 4322 3684 4400; baseline -0.011 -12"><span class='ocrx_word' id='word_1_730' title='bbox 2111 4355 2131 4388; x_wconf 74' lang='grc' dir='ltr'><strong>ι</strong></span> <span class='ocrx_word' id='word_1_731' title='bbox 2175 4335 2342 4390; x_wconf 81' lang='lat' dir='ltr'><strong>velint</strong></span> <span class='ocrx_word' id='word_1_732' title='bbox 2367 4332 2436 4387; x_wconf 89' lang='lat' dir='ltr'><strong>ad</strong></span> <span class='ocrx_word' id='word_1_733' title='bbox 2463 4345 2527 4388; x_wconf 87' lang='lat' dir='ltr'><strong>ea</strong></span> <span class='ocrx_word' id='word_1_734' title='bbox 2562 4343 2684 4400; x_wconf 69' lang='lat' dir='ltr'><strong>quae</strong></span> <span class='ocrx_word' id='word_1_735' title='bbox 2707 4327 2854 4384; x_wconf 90' lang='lat' dir='ltr'><strong>dicta</strong></span> <span class='ocrx_word' id='word_1_736' title='bbox 2885 4333 3012 4381; x_wconf 87' lang='lat' dir='ltr'><strong>sunt</strong></span> <span class='ocrx_word' id='word_1_737' title='bbox 3041 4340 3070 4379; x_wconf 90' lang='lat' dir='ltr'><strong>a</strong></span> <span class='ocrx_word' id='word_1_738' title='bbox 3103 4339 3211 4387; x_wconf 90' lang='lat' dir='ltr'><strong>me,</strong></span> <span class='ocrx_word' id='word_1_739' title='bbox 3237 4337 3344 4394; x_wconf 89' lang='lat' dir='ltr'><strong>quo</strong></span> <span class='ocrx_word' id='word_1_740' title='bbox 3367 4322 3538 4390; x_wconf 77' lang='lat' dir='ltr'><strong>magis</strong></span> <span class='ocrx_word' id='word_1_741' title='bbox 3568 4333 3684 4373; x_wconf 89' lang='lat' dir='ltr'><strong>ma-</strong></span> 
     </span>
    </p>
   </div>
   <div class='ocr_carea' id='block_1_91' title="bbox 2112 4411 3679 4497">
    <p class='ocr_par' dir='ltr' id='par_1_91' title="bbox 2112 4411 3679 4497">
     <span class='ocr_line' id='line_1_91' title="bbox 2112 4411 3679 4497; baseline -0.011 -19"><span class='ocrx_word' id='word_1_742' title='bbox 2112 4446 2130 4478; x_wconf 85' lang='grc'><strong>‹</strong></span> <span class='ocrx_word' id='word_1_743' title='bbox 2165 4427 2354 4497; x_wconf 80' lang='lat' dir='ltr'><strong>gisqne</strong></span> <span class='ocrx_word' id='word_1_744' title='bbox 2382 4421 2556 4478; x_wconf 84' lang='lat' dir='ltr'><strong>refelli</strong></span> <span class='ocrx_word' id='word_1_745' title='bbox 2609 4420 2824 4492; x_wconf 78' lang='lat' dir='ltr'><strong>possint</strong></span> <span class='ocrx_word' id='word_1_746' title='bbox 2872 4430 3060 4472; x_wconf 90' lang='lat' dir='ltr'><strong>eormn</strong></span> <span class='ocrx_word' id='word_1_747' title='bbox 3111 4413 3392 4471; x_wconf 89' lang='lat' dir='ltr'><strong>hominum</strong></span> <span class='ocrx_word' id='word_1_748' title='bbox 3425 4411 3627 4465; x_wconf 90' lang='lat' dir='ltr'><strong>intenta</strong></span> <span class='ocrx_word' id='word_1_749' title='bbox 3662 4447 3679 4470; x_wconf 91' lang='lat'><strong>,</strong></span> 
     </span>
    </p>
   </div>
   <div class='ocr_carea' id='block_1_92' title="bbox 419 4499 1998 4587">
    <p class='ocr_par' dir='ltr' id='par_1_92' title="bbox 419 4509 1998 4587">
     <span class='ocr_line' id='line_1_92' title="bbox 419 4509 1998 4587; baseline 0.003 -25"><span class='ocrx_word' id='word_1_750' title='bbox 419 4529 439 4561; x_wconf 75' lang='grc' dir='ltr'><strong>ι</strong></span> <span class='ocrx_word' id='word_1_751' title='bbox 480 4509 592 4565; x_wconf 87' lang='grc' dir='ltr'>κὼν</span> <span class='ocrx_word' id='word_1_752' title='bbox 629 4511 723 4566; x_wconf 87' lang='grc' dir='ltr'><strong>τοῦ</strong></span> <span class='ocrx_word' id='word_1_753' title='bbox 762 4511 898 4566; x_wconf 88' lang='grc' dir='ltr'>Θεοῦ</span> <span class='ocrx_word' id='word_1_754' title='bbox 923 4511 1018 4566; x_wconf 90' lang='grc' dir='ltr'><strong>τοῦ</strong></span> <span class='ocrx_word' id='word_1_755' title='bbox 1051 4513 1303 4585; x_wconf 81' lang='grc' dir='ltr'>ἀοράτου.</span> <span class='ocrx_word' id='word_1_756' title='bbox 1332 4514 1552 4577; x_wconf 85' lang='grc' dir='ltr'>Εἰκόνος</span> <span class='ocrx_word' id='word_1_757' title='bbox 1583 4513 1671 4568; x_wconf 82' lang='grc' dir='ltr'>διὰ</span> <span class='ocrx_word' id='word_1_758' title='bbox 1697 4513 1855 4569; x_wconf 88' lang='grc' dir='ltr'>τοῦτο</span> <span class='ocrx_word' id='word_1_759' title='bbox 1902 4514 1998 4587; x_wconf 85' lang='grc' dir='ltr'>μέ-</span> 
     </span>
    </p>
   </div>
   <div class='ocr_carea' id='block_1_93' title="bbox 2105 4499 3683 4587">
    <p class='ocr_par' dir='ltr' id='par_1_93' title="bbox 2111 4499 3683 4586">
     <span class='ocr_line' id='line_1_93' title="bbox 2111 4499 3683 4586; baseline -0.01 -16"><span class='ocrx_word' id='word_1_760' title='bbox 2111 4537 2130 4570; x_wconf 86' lang='grc'><strong><em>‹</em></strong></span> <span class='ocrx_word' id='word_1_761' title='bbox 2164 4517 2362 4586; x_wconf 81' lang='lat' dir='ltr'><strong>quibus</strong></span> <span class='ocrx_word' id='word_1_762' title='bbox 2392 4513 2550 4568; x_wconf 82' lang='lat' dir='ltr'><strong>fidem</strong></span> <span class='ocrx_word' id='word_1_763' title='bbox 2581 4519 2896 4581; x_wconf 84' lang='lat' dir='ltr'><strong>pervertere</strong></span> <span class='ocrx_word' id='word_1_764' title='bbox 2921 4508 3162 4563; x_wconf 89' lang='lat' dir='ltr'><strong>solemne</strong></span> <span class='ocrx_word' id='word_1_765' title='bbox 3187 4513 3290 4562; x_wconf 89' lang='lat' dir='ltr'><strong>est.</strong></span> <span class='ocrx_word' id='word_1_766' title='bbox 3309 4501 3514 4558; x_wconf 78' lang='lat' dir='ltr'><strong>Revera</strong></span> <span class='ocrx_word' id='word_1_767' title='bbox 3538 4499 3683 4555; x_wconf 88' lang='lat' dir='ltr'><strong>enim</strong></span> 
     </span>
    </p>
   </div>
   <div class='ocr_carea' id='block_1_94' title="bbox 420 4603 1996 4679">
    <p class='ocr_par' dir='ltr' id='par_1_94' title="bbox 420 4603 1996 4679">
     <span class='ocr_line' id='line_1_94' title="bbox 420 4603 1996 4679; baseline 0.003 -24"><span class='ocrx_word' id='word_1_768' title='bbox 420 4621 440 4655; x_wconf 83' lang='grc' dir='ltr'><strong>ι</strong></span> <span class='ocrx_word' id='word_1_769' title='bbox 485 4619 682 4675; x_wconf 84' lang='grc' dir='ltr'>μνηται</span> <span class='ocrx_word' id='word_1_770' title='bbox 701 4604 813 4678; x_wconf 81' lang='grc'><strong>(15)</strong></span> <span class='ocrx_word' id='word_1_771' title='bbox 826 4603 961 4660; x_wconf 87' lang='grc' dir='ltr'>Θεοῦ</span> <span class='ocrx_word' id='word_1_772' title='bbox 985 4605 1080 4660; x_wconf 89' lang='grc' dir='ltr'><strong>τοῦ</strong></span> <span class='ocrx_word' id='word_1_773' title='bbox 1109 4606 1346 4679; x_wconf 90' lang='grc' dir='ltr'>ἀοράτου</span> <span class='ocrx_word' id='word_1_774' title='bbox 1375 4607 1672 4679; x_wconf 82' lang='grc' dir='ltr'>Ἀστέριος,</span> <span class='ocrx_word' id='word_1_775' title='bbox 1696 4606 1784 4661; x_wconf 80' lang='grc' dir='ltr'><strong>ἵνα</strong></span> <span class='ocrx_word' id='word_1_776' title='bbox 1809 4605 1996 4661; x_wconf 81' lang='grc' dir='ltr'><strong>τοσοῦ⁴</strong></span> 
     </span>
    </p>
   </div>
   <div class='ocr_carea' id='block_1_95' title="bbox 483 4783 964 4854">
    <p class='ocr_par' dir='ltr' id='par_1_95' title="bbox 483 4783 964 4854">
     <span class='ocr_line' id='line_1_95' title="bbox 483 4783 964 4854; baseline 0.002 -13"><span class='ocrx_word' id='word_1_777' title='bbox 483 4783 530 4817; x_wconf 77' lang='lat'>“</span> <span class='ocrx_word' id='word_1_778' title='bbox 562 4783 728 4841; x_wconf 82' lang='lat' dir='ltr'><strong>Joan.</strong></span> <span class='ocrx_word' id='word_1_779' title='bbox 759 4802 874 4854; x_wconf 69' lang='grc' dir='ltr'>χεν,</span> <span class='ocrx_word' id='word_1_780' title='bbox 907 4786 964 4842; x_wconf 85' lang='grc'>6.</span> 
     </span>
    </p>
   </div>
   <div class='ocr_carea' id='block_1_96' title="bbox 412 4966 1996 5040">
    <p class='ocr_par' dir='ltr' id='par_1_96' title="bbox 412 4966 1996 5040">
     <span class='ocr_line' id='line_1_96' title="bbox 412 4966 1996 5040; baseline 0.001 -18"><span class='ocrx_word' id='word_1_781' title='bbox 412 4966 660 5040; x_wconf 81' lang='lat' dir='ltr'><strong>intulisse</strong></span> <span class='ocrx_word' id='word_1_782' title='bbox 691 4967 744 5022; x_wconf 92' lang='lat' dir='ltr'><strong>in</strong></span> <span class='ocrx_word' id='word_1_783' title='bbox 775 4969 1263 5025; x_wconf 86' lang='lat' dir='ltr'><strong>commentationes</strong></span> <span class='ocrx_word' id='word_1_784' title='bbox 1294 4983 1444 5034; x_wconf 82' lang='lat' dir='ltr'><strong>suas,</strong></span> <span class='ocrx_word' id='word_1_785' title='bbox 1478 4968 1547 5024; x_wconf 86' lang='lat' dir='ltr'><strong>de</strong></span> <span class='ocrx_word' id='word_1_786' title='bbox 1570 4966 1849 5040; x_wconf 78' lang='lat' dir='ltr'><strong>religione.</strong></span> <span class='ocrx_word' id='word_1_787' title='bbox 1879 4968 1996 5025; x_wconf 86' lang='lat' dir='ltr'><strong>Un-</strong></span> 
     </span>
    </p>
   </div>
   <div class='ocr_carea' id='block_1_97' title="bbox 411 5037 1997 5110">
    <p class='ocr_par' dir='ltr' id='par_1_97' title="bbox 411 5037 1997 5110">
     <span class='ocr_line' id='line_1_97' title="bbox 411 5037 1997 5110; baseline 0.003 -18"><span class='ocrx_word' id='word_1_788' title='bbox 411 5037 479 5092; x_wconf 85' lang='lat' dir='ltr'><strong>de</strong></span> <span class='ocrx_word' id='word_1_789' title='bbox 500 5039 698 5107; x_wconf 67' lang='lat' dir='ltr'><strong>saepius</strong></span> <span class='ocrx_word' id='word_1_790' title='bbox 724 5039 907 5110; x_wconf 87' lang='lat' dir='ltr'><strong>lapsus</strong></span> <span class='ocrx_word' id='word_1_791' title='bbox 942 5051 1045 5104; x_wconf 82' lang='lat' dir='ltr'><strong>est,</strong></span> <span class='ocrx_word' id='word_1_792' title='bbox 1074 5056 1174 5095; x_wconf 92' lang='lat' dir='ltr'><strong>nec</strong></span> <span class='ocrx_word' id='word_1_793' title='bbox 1215 5041 1301 5096; x_wconf 88' lang='lat' dir='ltr'><strong>illa</strong></span> <span class='ocrx_word' id='word_1_794' title='bbox 1324 5040 1597 5096; x_wconf 83' lang='lat' dir='ltr'><strong>hominem</strong></span> <span class='ocrx_word' id='word_1_795' title='bbox 1628 5037 1730 5094; x_wconf 79' lang='lat' dir='ltr'><strong>hac</strong></span> <span class='ocrx_word' id='word_1_796' title='bbox 1758 5039 1810 5094; x_wconf 91' lang='lat' dir='ltr'><strong>in</strong></span> <span class='ocrx_word' id='word_1_797' title='bbox 1844 5050 1997 5108; x_wconf 86' lang='lat' dir='ltr'><strong>parte</strong></span> 
     </span>
    </p>
   </div>
   <div class='ocr_carea' id='block_1_98' title="bbox 409 5109 1989 5181">
    <p class='ocr_par' dir='ltr' id='par_1_98' title="bbox 409 5109 1989 5181">
     <span class='ocr_line' id='line_1_98' title="bbox 409 5109 1989 5181; baseline 0.003 -21"><span class='ocrx_word' id='word_1_798' title='bbox 409 5117 697 5181; x_wconf 68' lang='lat' dir='ltr'><strong>excusant,</strong></span> <span class='ocrx_word' id='word_1_799' title='bbox 713 5109 832 5181; x_wconf 74' lang='lat' dir='ltr'><strong>qua:</strong></span> <span class='ocrx_word' id='word_1_800' title='bbox 856 5111 1286 5181; x_wconf 87' lang='lat' dir='ltr'><strong>inresponsione</strong></span> <span class='ocrx_word' id='word_1_801' title='bbox 1303 5110 1564 5168; x_wconf 88' lang='lat' dir='ltr'><strong>Eusebius</strong></span> <span class='ocrx_word' id='word_1_802' title='bbox 1590 5109 1898 5181; x_wconf 85' lang='lat' dir='ltr'><strong>cavillatnr.</strong></span> <span class='ocrx_word' id='word_1_803' title='bbox 1918 5111 1989 5165; x_wconf 81' lang='grc' dir='ltr'>Μ.</span> 
     </span>
    </p>
   </div>
   <div class='ocr_carea' id='block_1_99' title="bbox 355 5178 1994 5268">
    <p class='ocr_par' dir='ltr' id='par_1_99' title="bbox 355 5178 1994 5268">
     <span class='ocr_line' id='line_1_99' title="bbox 355 5178 1994 5268; baseline 0.004 -37"><span class='ocrx_word' id='word_1_804' title='bbox 355 5255 362 5262; x_wconf 33' lang='lat'>.</span> <span class='ocrx_word' id='word_1_805' title='bbox 754 5180 876 5268; x_wconf 43' lang='lat' dir='ltr'><strong>loga</strong></span> <span class='ocrx_word' id='word_1_806' title='bbox 902 5178 1039 5268; x_wconf 64' lang='grc' dir='ltr'>ἔστίζ</span> <span class='ocrx_word' id='word_1_807' title='bbox 1073 5182 1201 5268; x_wconf 55' lang='grc' dir='ltr'>Βίοις</span> <span class='ocrx_word' id='word_1_808' title='bbox 1226 5182 1334 5268; x_wconf 65' lang='grc' dir='ltr'><strong>Μρἶ</strong></span> <span class='ocrx_word' id='word_1_809' title='bbox 1365 5199 1458 5254; x_wconf 87' lang='grc' dir='ltr'><strong>γρ.</strong></span> <span class='ocrx_word' id='word_1_810' title='bbox 1494 5180 1844 5268; x_wconf 69' lang='grc' dir='ltr'>μεμυημένος</span> <span class='ocrx_word' id='word_1_811' title='bbox 1861 5182 1994 5268; x_wconf 63' lang='lat' dir='ltr'><strong>rloco</strong></span> 
     </span>
    </p>
   </div>
   <div class='ocr_carea' id='block_1_100' title="bbox 412 5249 1991 5396">
    <p class='ocr_par' dir='ltr' id='par_1_100' title="bbox 412 5249 1991 5396">
     <span class='ocr_line' id='line_1_100' title="bbox 413 5249 1991 5376; baseline 0.004 -74"><span class='ocrx_word' id='word_1_812' title='bbox 413 5264 578 5372; x_wconf 58' lang='lat' dir='ltr'><strong>perv.</strong></span> <span class='ocrx_word' id='word_1_813' title='bbox 611 5249 794 5332; x_wconf 47' lang='lat' dir='ltr'><strong>Porro.</strong></span> <span class='ocrx_word' id='word_1_814' title='bbox 817 5249 1102 5333; x_wconf 49' lang='grc' dir='ltr'>Β.“τούτου</span> <span class='ocrx_word' id='word_1_815' title='bbox 1137 5249 1442 5376; x_wconf 37' lang='grc' dir='ltr'>μέγᾴηιοὼ</span> <span class='ocrx_word' id='word_1_816' title='bbox 1474 5249 1633 5335; x_wconf 78' lang='grc' dir='ltr'>τοῦτο</span> <span class='ocrx_word' id='word_1_817' title='bbox 1665 5249 1806 5322; x_wconf 70' lang='grc' dir='ltr'>μέγ.</span> <span class='ocrx_word' id='word_1_818' title='bbox 1859 5251 1991 5308; x_wconf 87' lang='lat' dir='ltr'><strong>Dein</strong></span> 
     </span>
     <span class='ocr_line' id='line_1_101' title="bbox 412 5319 1990 5396; baseline 0.006 -27"><span class='ocrx_word' id='word_1_819' title='bbox 412 5332 478 5396; x_wconf 57' lang='grc' dir='ltr'><strong>χιι</strong></span> <span class='ocrx_word' id='word_1_820' title='bbox 503 5319 698 5396; x_wconf 44' lang='grc' dir='ltr'>εει-ἀπὺ</span> <span class='ocrx_word' id='word_1_821' title='bbox 726 5337 836 5396; x_wconf 82' lang='grc' dir='ltr'><strong>των</strong></span> <span class='ocrx_word' id='word_1_822' title='bbox 854 5338 934 5396; x_wconf 80' lang='grc' dir='ltr'>τῳ</span> <span class='ocrx_word' id='word_1_823' title='bbox 964 5324 1031 5396; x_wconf 81' lang='grc' dir='ltr'><strong>Π;</strong></span> <span class='ocrx_word' id='word_1_824' title='bbox 1066 5326 1134 5396; x_wconf 78' lang='grc' dir='ltr'><strong>ρη</strong></span> <span class='ocrx_word' id='word_1_825' title='bbox 1173 5324 1230 5396; x_wconf 83' lang='grc' dir='ltr'>ὲν</span> <span class='ocrx_word' id='word_1_826' title='bbox 1259 5341 1366 5396; x_wconf 84' lang='grc' dir='ltr'><strong>των</strong></span> <span class='ocrx_word' id='word_1_827' title='bbox 1410 5326 1486 5396; x_wconf 79' lang='grc' dir='ltr'>ῤ.,</span> <span class='ocrx_word' id='word_1_828' title='bbox 1521 5321 1667 5396; x_wconf 63' lang='lat' dir='ltr'><strong>nhil)</strong></span> <span class='ocrx_word' id='word_1_829' title='bbox 1699 5323 1807 5396; x_wconf 68' lang='grc' dir='ltr'><strong>ἀπό</strong></span> <span class='ocrx_word' id='word_1_830' title='bbox 1832 5337 1990 5378; x_wconf 89' lang='lat' dir='ltr'><strong>conc.</strong></span> 
     </span>
    </p>
   </div>
   <div class='ocr_carea' id='block_1_101' title="bbox 412 5385 1992 5465">
    <p class='ocr_par' dir='ltr' id='par_1_101' title="bbox 412 5385 1992 5465">
     <span class='ocr_line' id='line_1_102' title="bbox 412 5385 1992 5465; baseline 0.006 -25"><span class='ocrx_word' id='word_1_831' title='bbox 412 5385 476 5440; x_wconf 76' lang='grc' dir='ltr'>Β.</span> <span class='ocrx_word' id='word_1_832' title='bbox 493 5385 650 5465; x_wconf 79' lang='lat' dir='ltr'><strong>_lnf_ra</strong></span> <span class='ocrx_word' id='word_1_833' title='bbox 675 5392 834 5465; x_wconf 64' lang='lat' dir='ltr'><strong>vulgo</strong></span> <span class='ocrx_word' id='word_1_834' title='bbox 854 5385 1182 5465; x_wconf 82' lang='grc' dir='ltr'>ὁμοίαν</span> <span class='ocrx_word' id='word_1_835' title='bbox 1206 5395 1234 5448; x_wconf 90' lang='lat'><strong>6</strong></span> <span class='ocrx_word' id='word_1_836' title='bbox 1268 5394 1395 5465; x_wconf 84' lang='grc' dir='ltr'>μίαν</span> <span class='ocrx_word' id='word_1_837' title='bbox 1410 5385 1479 5450; x_wconf 76' lang='grc' dir='ltr'><strong>ὀι</strong></span> <span class='ocrx_word' id='word_1_838' title='bbox 1497 5385 1790 5465; x_wconf 71' lang='grc' dir='ltr'>αὐτοῦτοῦ</span> <span class='ocrx_word' id='word_1_839' title='bbox 1815 5410 1913 5464; x_wconf 88' lang='grc' dir='ltr'><strong>πρ.</strong></span> <span class='ocrx_word' id='word_1_840' title='bbox 1937 5403 1992 5449; x_wconf 85' lang='lat' dir='ltr'><strong>et</strong></span> 
     </span>
    </p>
   </div>
   <div class='ocr_carea' id='block_1_102' title="bbox 409 5459 1706 5536">
    <p class='ocr_par' dir='ltr' id='par_1_102' title="bbox 409 5459 1706 5536">
     <span class='ocr_line' id='line_1_103' title="bbox 409 5459 1706 5536; baseline 0.004 -23"><span class='ocrx_word' id='word_1_841' title='bbox 409 5459 524 5536; x_wconf 64' lang='lat'><strong>1:96</strong></span> <span class='ocrx_word' id='word_1_842' title='bbox 538 5459 653 5536; x_wconf 63' lang='grc' dir='ltr'>τῷν</span> <span class='ocrx_word' id='word_1_843' title='bbox 673 5459 1280 5536; x_wconf 55' lang='grc' dir='ltr'>αἰώὼνέθεμελίωσειί</span> <span class='ocrx_word' id='word_1_844' title='bbox 1299 5463 1401 5536; x_wconf 60' lang='grc' dir='ltr'><strong>ἐμέ</strong></span> <span class='ocrx_word' id='word_1_845' title='bbox 1421 5473 1476 5520; x_wconf 92' lang='lat' dir='ltr'><strong>et</strong></span> <span class='ocrx_word' id='word_1_846' title='bbox 1509 5465 1608 5534; x_wconf 80' lang='grc' dir='ltr'>τῆς</span> <span class='ocrx_word' id='word_1_847' title='bbox 1628 5463 1706 5518; x_wconf 82' lang='grc' dir='ltr'><strong>δέ.</strong></span> 
     </span>
    </p>
   </div>
   <div class='ocr_carea' id='block_1_103' title="bbox 481 5530 1991 5604">
    <p class='ocr_par' dir='ltr' id='par_1_103' title="bbox 481 5530 1991 5604">
     <span class='ocr_line' id='line_1_104' title="bbox 481 5530 1991 5604; baseline 0.002 -18"><span class='ocrx_word' id='word_1_848' title='bbox 481 5530 591 5604; x_wconf 66' lang='lat'><strong>([33)</strong></span> <span class='ocrx_word' id='word_1_849' title='bbox 632 5530 1674 5604; x_wconf 69' lang='grc' dir='ltr'>Μέμνηται...”Αστέριοςζνοτιιιηόθι</span> <span class='ocrx_word' id='word_1_850' title='bbox 1714 5533 1858 5604; x_wconf 87' lang='lat' dir='ltr'><strong>quod</strong></span> <span class='ocrx_word' id='word_1_851' title='bbox 1904 5534 1991 5589; x_wconf 88' lang='lat' dir='ltr'><strong>hic</strong></span> 
     </span>
    </p>
   </div>
   <div class='ocr_carea' id='block_1_104' title="bbox 409 5599 1989 5675">
    <p class='ocr_par' dir='ltr' id='par_1_104' title="bbox 409 5599 1989 5675">
     <span class='ocr_line' id='line_1_105' title="bbox 409 5599 1989 5675; baseline 0.005 -24"><span class='ocrx_word' id='word_1_852' title='bbox 409 5600 483 5656; x_wconf 88' lang='lat' dir='ltr'><strong>ait</strong></span> <span class='ocrx_word' id='word_1_853' title='bbox 518 5599 802 5675; x_wconf 76' lang='lat' dir='ltr'><strong>Marcellus</strong></span> <span class='ocrx_word' id='word_1_854' title='bbox 830 5599 844 5656; x_wconf 70' lang='grc' dir='ltr'>ὲ</span> <span class='ocrx_word' id='word_1_855' title='bbox 880 5605 1003 5659; x_wconf 87' lang='lat' dir='ltr'><strong>ideo</strong></span> <span class='ocrx_word' id='word_1_856' title='bbox 1034 5599 1229 5660; x_wconf 83' lang='lat' dir='ltr'><strong>Filium</strong></span> <span class='ocrx_word' id='word_1_857' title='bbox 1264 5599 1441 5659; x_wconf 89' lang='lat' dir='ltr'><strong>Patris</strong></span> <span class='ocrx_word' id='word_1_858' title='bbox 1471 5599 1761 5675; x_wconf 79' lang='lat' dir='ltr'><strong>imaginem</strong></span> <span class='ocrx_word' id='word_1_859' title='bbox 1789 5603 1989 5673; x_wconf 88' lang='lat' dir='ltr'><strong>ubique</strong></span> 
     </span>
    </p>
   </div>
   <div class='ocr_carea' id='block_1_105' title="bbox 409 5673 1981 5745">
    <p class='ocr_par' dir='ltr' id='par_1_105' title="bbox 409 5673 1981 5745">
     <span class='ocr_line' id='line_1_106' title="bbox 409 5673 1981 5745; baseline 0.004 -23"><span class='ocrx_word' id='word_1_860' title='bbox 409 5673 682 5745; x_wconf 72' lang='lat' dir='ltr'><strong>urgebant</strong></span> <span class='ocrx_word' id='word_1_861' title='bbox 709 5675 970 5742; x_wconf 79' lang='lat' dir='ltr'><strong>appellari</strong></span> <span class='ocrx_word' id='word_1_862' title='bbox 1006 5677 1074 5729; x_wconf 87' lang='lat' dir='ltr'><strong>ab</strong></span> <span class='ocrx_word' id='word_1_863' title='bbox 1099 5675 1380 5744; x_wconf 85' lang='lat' dir='ltr'><strong>Apostolo,</strong></span> <span class='ocrx_word' id='word_1_864' title='bbox 1396 5684 1451 5729; x_wconf 90' lang='lat' dir='ltr'><strong>et</strong></span> <span class='ocrx_word' id='word_1_865' title='bbox 1478 5676 1556 5730; x_wconf 88' lang='lat' dir='ltr'><strong>sic</strong></span> <span class='ocrx_word' id='word_1_866' title='bbox 1577 5673 1981 5745; x_wconf 78' lang='lat' dir='ltr'><strong>appellandum,</strong></span> 
     </span>
    </p>
   </div>
   <div class='ocr_carea' id='block_1_106' title="bbox 406 5741 1987 5888">
    <p class='ocr_par' dir='ltr' id='par_1_106' title="bbox 406 5741 1987 5888">
     <span class='ocr_line' id='line_1_107' title="bbox 407 5741 1987 5813; baseline 0.004 -21"><span class='ocrx_word' id='word_1_867' title='bbox 407 5741 550 5806; x_wconf 77' lang='lat' dir='ltr'><strong>quod</strong></span> <span class='ocrx_word' id='word_1_868' title='bbox 595 5743 718 5796; x_wconf 86' lang='lat' dir='ltr'><strong>inde</strong></span> <span class='ocrx_word' id='word_1_869' title='bbox 747 5741 978 5813; x_wconf 75' lang='grc' dir='ltr'>μείωσιν</span> <span class='ocrx_word' id='word_1_870' title='bbox 1021 5747 1095 5800; x_wconf 87' lang='lat' dir='ltr'><strong>illi</strong></span> <span class='ocrx_word' id='word_1_871' title='bbox 1135 5741 1426 5801; x_wconf 64' lang='lat' dir='ltr'><strong>credebant</strong></span> <span class='ocrx_word' id='word_1_872' title='bbox 1470 5741 1682 5810; x_wconf 42' lang='lat' dir='ltr'><strong>astru&#39;i&#39;;</strong></span> <span class='ocrx_word' id='word_1_873' title='bbox 1713 5755 1766 5799; x_wconf 88' lang='lat' dir='ltr'><strong>et</strong></span> <span class='ocrx_word' id='word_1_874' title='bbox 1800 5745 1987 5810; x_wconf 86' lang='grc' dir='ltr'>οὐσίας</span> 
     </span>
     <span class='ocr_line' id='line_1_108' title="bbox 406 5809 1974 5888; baseline 0.004 -22"><span class='ocrx_word' id='word_1_875' title='bbox 406 5809 720 5881; x_wconf 81' lang='grc' dir='ltr'>ἀλλοίωσιν,</span> <span class='ocrx_word' id='word_1_876' title='bbox 746 5823 800 5870; x_wconf 92' lang='lat' dir='ltr'><strong>et</strong></span> <span class='ocrx_word' id='word_1_877' title='bbox 825 5814 1193 5886; x_wconf 80' lang='grc' dir='ltr'>ἀλλογένειαν,</span> <span class='ocrx_word' id='word_1_878' title='bbox 1228 5818 1580 5883; x_wconf 85' lang='lat' dir='ltr'><strong>creationem,</strong></span> <span class='ocrx_word' id='word_1_879' title='bbox 1608 5817 1974 5888; x_wconf 86' lang='lat' dir='ltr'><strong>posteriorita-</strong></span> 
     </span>
    </p>
   </div>
   <div class='ocr_carea' id='block_1_107' title="bbox 706 5847 1974 5885">
    <p class='ocr_par' dir='ltr' id='par_1_107' title="bbox 706 5847 1974 5885">
     <span class='ocr_line' id='line_1_109' title="bbox 706 5847 1974 5885; baseline 0.002 -15"><span class='ocrx_word' id='word_1_880' title='bbox 706 5854 720 5881; x_wconf 66' lang='grc' dir='ltr'>ι</span> <span class='ocrx_word' id='word_1_881' title='bbox 746 5847 800 5870; x_wconf 65' lang='grc' dir='ltr'>σι</span> <span class='ocrx_word' id='word_1_882' title='bbox 825 5847 1193 5885; x_wconf 58' lang='lat' dir='ltr'><strong>armarentur,</strong></span> <span class='ocrx_word' id='word_1_883' title='bbox 1228 5847 1580 5883; x_wconf 75' lang='lat' dir='ltr'><strong>ucauvucm,</strong></span> <span class='ocrx_word' id='word_1_884' title='bbox 1609 5847 1974 5885; x_wconf 70' lang='grc' dir='ltr'>μυθιυιιυιιια·</span> 
     </span>
    </p>
   </div>
   <div class='ocr_carea' id='block_1_108' title="bbox 2107 4595 3682 4673">
    <p class='ocr_par' dir='ltr' id='par_1_108' title="bbox 2107 4595 3682 4673">
     <span class='ocr_line' id='line_1_110' title="bbox 2107 4595 3682 4673; baseline -0.006 -16"><span class='ocrx_word' id='word_1_885' title='bbox 2107 4624 2127 4657; x_wconf 76' lang='grc' dir='ltr'><strong>ι</strong></span> <span class='ocrx_word' id='word_1_886' title='bbox 2167 4603 2333 4659; x_wconf 92' lang='lat' dir='ltr'><strong>Deum</strong></span> <span class='ocrx_word' id='word_1_887' title='bbox 2361 4601 2452 4673; x_wconf 87' lang='lat' dir='ltr'><strong>qui</strong></span> <span class='ocrx_word' id='word_1_888' title='bbox 2483 4599 2671 4670; x_wconf 78' lang='lat' dir='ltr'><strong>genuit</strong></span> <span class='ocrx_word' id='word_1_889' title='bbox 2701 4599 2870 4670; x_wconf 80' lang='lat' dir='ltr'><strong>ipsos,</strong></span> <span class='ocrx_word' id='word_1_890' title='bbox 2889 4595 3320 4666; x_wconf 83' lang='lat' dir='ltr'><strong>dereliquerunt,</strong></span> <span class='ocrx_word' id='word_1_891' title='bbox 3349 4601 3405 4648; x_wconf 93' lang='lat' dir='ltr'><strong>et</strong></span> <span class='ocrx_word' id='word_1_892' title='bbox 3433 4599 3682 4663; x_wconf 87' lang='lat' dir='ltr'><strong>pertusos</strong></span> 
     </span>
    </p>
   </div>
   <div class='ocr_carea' id='block_1_109' title="bbox 2110 4953 3683 5030">
    <p class='ocr_par' dir='ltr' id='par_1_109' title="bbox 2110 4953 3683 5030">
     <span class='ocr_line' id='line_1_111' title="bbox 2110 4953 3683 5030; baseline -0.008 -6"><span class='ocrx_word' id='word_1_893' title='bbox 2110 4976 2216 5024; x_wconf 88' lang='lat' dir='ltr'><strong>tem</strong></span> <span class='ocrx_word' id='word_1_894' title='bbox 2248 4976 2344 5022; x_wconf 88' lang='lat' dir='ltr'><strong>:et</strong></span> <span class='ocrx_word' id='word_1_895' title='bbox 2366 4967 2633 5023; x_wconf 83' lang='lat' dir='ltr'><strong>Eusebius</strong></span> <span class='ocrx_word' id='word_1_896' title='bbox 2663 4966 2779 5030; x_wconf 88' lang='lat' dir='ltr'><strong>ipse</strong></span> <span class='ocrx_word' id='word_1_897' title='bbox 2811 4960 3091 5030; x_wconf 90' lang='lat' dir='ltr'><strong>animitns,</strong></span> <span class='ocrx_word' id='word_1_898' title='bbox 3119 4965 3180 5030; x_wconf 90' lang='lat' dir='ltr'><strong>et_</strong></span> <span class='ocrx_word' id='word_1_899' title='bbox 3196 4953 3337 5011; x_wconf 91' lang='lat' dir='ltr'><strong>clam</strong></span> <span class='ocrx_word' id='word_1_900' title='bbox 3371 4953 3683 5030; x_wconf 82' lang='lat' dir='ltr'><strong>Arianismo</strong></span> 
     </span>
    </p>
   </div>
   <div class='ocr_carea' id='block_1_110' title="bbox 2103 5027 3681 5108">
    <p class='ocr_par' dir='ltr' id='par_1_110' title="bbox 2103 5027 3681 5108">
     <span class='ocr_line' id='line_1_112' title="bbox 2103 5027 3681 5108; baseline -0.008 -15"><span class='ocrx_word' id='word_1_901' title='bbox 2103 5040 2435 5108; x_wconf 77' lang='lat' dir='ltr'><strong>denigratns,</strong></span> <span class='ocrx_word' id='word_1_902' title='bbox 2466 5038 2577 5093; x_wconf 80' lang='grc' dir='ltr'><strong>ἀνω</strong></span> <span class='ocrx_word' id='word_1_903' title='bbox 2605 5027 2701 5090; x_wconf 72' lang='grc' dir='ltr'><strong>καί</strong></span> <span class='ocrx_word' id='word_1_904' title='bbox 2730 5033 2884 5087; x_wconf 87' lang='grc' dir='ltr'>κάτω</span> <span class='ocrx_word' id='word_1_905' title='bbox 2917 5027 3524 5108; x_wconf 47' lang='grc' dir='ltr'>στρέφει-μεηοχοοεεη</span> <span class='ocrx_word' id='word_1_906' title='bbox 3551 5041 3566 5078; x_wconf 88' lang='lat'><strong>:</strong></span> <span class='ocrx_word' id='word_1_907' title='bbox 3595 5027 3681 5108; x_wconf 48' lang='lat' dir='ltr'><strong>inf</strong></span> 
     </span>
    </p>
   </div>
   <div class='ocr_carea' id='block_1_111' title="bbox 2104 5095 3684 5170">
    <p class='ocr_par' dir='ltr' id='par_1_111' title="bbox 2104 5095 3684 5170">
     <span class='ocr_line' id='line_1_113' title="bbox 2104 5095 3684 5170; baseline -0.006 -8"><span class='ocrx_word' id='word_1_908' title='bbox 2104 5095 2263 5163; x_wconf 67' lang='lat' dir='ltr'><strong>terim</strong></span> <span class='ocrx_word' id='word_1_909' title='bbox 2299 5095 2462 5162; x_wconf 79' lang='lat' dir='ltr'><strong>etiam</strong></span> <span class='ocrx_word' id='word_1_910' title='bbox 2490 5123 2679 5161; x_wconf 88' lang='lat' dir='ltr'><strong>verum</strong></span> <span class='ocrx_word' id='word_1_911' title='bbox 2711 5113 2794 5159; x_wconf 91' lang='lat' dir='ltr'><strong>est</strong></span> <span class='ocrx_word' id='word_1_912' title='bbox 2824 5100 2965 5170; x_wconf 87' lang='lat' dir='ltr'><strong>quod</strong></span> <span class='ocrx_word' id='word_1_913' title='bbox 2987 5095 3101 5154; x_wconf 65' lang='lat' dir='ltr'><strong>&#39;hic</strong></span> <span class='ocrx_word' id='word_1_914' title='bbox 3136 5095 3392 5152; x_wconf 83' lang='lat' dir='ltr'><strong>Marcello</strong></span> <span class='ocrx_word' id='word_1_915' title='bbox 3435 5095 3684 5166; x_wconf 73' lang='lat' dir='ltr'><strong>obiectat</strong></span> 
     </span>
    </p>
   </div>
   <div class='ocr_carea' id='block_1_112' title="bbox 2103 5170 3681 5244">
    <p class='ocr_par' dir='ltr' id='par_1_112' title="bbox 2103 5170 3681 5244">
     <span class='ocr_line' id='line_1_114' title="bbox 2103 5170 3681 5244; baseline -0.009 -8"><span class='ocrx_word' id='word_1_916' title='bbox 2103 5180 2393 5244; x_wconf 76' lang='lat' dir='ltr'><strong>Eusebius,</strong></span> <span class='ocrx_word' id='word_1_917' title='bbox 2421 5177 2700 5234; x_wconf 80' lang='lat' dir='ltr'><strong>Christum</strong></span> <span class='ocrx_word' id='word_1_918' title='bbox 2746 5171 3042 5228; x_wconf 89' lang='lat' dir='ltr'><strong>secundum</strong></span> <span class='ocrx_word' id='word_1_919' title='bbox 3086 5170 3379 5244; x_wconf 78' lang='lat' dir='ltr'><strong>humanam</strong></span> <span class='ocrx_word' id='word_1_920' title='bbox 3423 5177 3681 5222; x_wconf 88' lang='lat' dir='ltr'><strong>naturam</strong></span> 
     </span>
    </p>
   </div>
   <div class='ocr_carea' id='block_1_113' title="bbox 2101 5237 3681 5331">
    <p class='ocr_par' dir='ltr' id='par_1_113' title="bbox 2101 5237 3681 5331">
     <span class='ocr_line' id='line_1_115' title="bbox 2101 5237 3681 5331; baseline -0.009 -27"><span class='ocrx_word' id='word_1_921' title='bbox 2101 5249 2296 5331; x_wconf 72' lang='lat' dir='ltr'><strong>solum,</strong></span> <span class='ocrx_word' id='word_1_922' title='bbox 2329 5237 2390 5305; x_wconf 69' lang='lat' dir='ltr'><strong>et</strong></span> <span class='ocrx_word' id='word_1_923' title='bbox 2409 5245 2924 5331; x_wconf 47' lang='lat' dir='ltr'><strong>quatenus-horno,</strong></span> <span class='ocrx_word' id='word_1_924' title='bbox 2969 5249 3028 5331; x_wconf 66' lang='lat' dir='ltr'><strong>et</strong></span> <span class='ocrx_word' id='word_1_925' title='bbox 3062 5240 3292 5331; x_wconf 50' lang='lat' dir='ltr'><strong>qllagldo.</strong></span> <span class='ocrx_word' id='word_1_926' title='bbox 3335 5237 3533 5331; x_wconf 70' lang='lat' dir='ltr'><strong>homo,</strong></span> <span class='ocrx_word' id='word_1_927' title='bbox 3569 5252 3681 5331; x_wconf 67' lang='lat' dir='ltr'><strong>non</strong></span> 
     </span>
    </p>
   </div>
   <div class='ocr_carea' id='block_1_114' title="bbox 2100 5307 3679 5390">
    <p class='ocr_par' dir='ltr' id='par_1_114' title="bbox 2100 5307 3679 5390">
     <span class='ocr_line' id='line_1_116' title="bbox 2100 5307 3679 5390; baseline -0.008 -16"><span class='ocrx_word' id='word_1_928' title='bbox 2100 5321 2252 5390; x_wconf 88' lang='lat' dir='ltr'><strong>prius</strong></span> <span class='ocrx_word' id='word_1_929' title='bbox 2282 5307 2575 5390; x_wconf 78' lang='lat' dir='ltr'><strong>imaginem</strong></span> <span class='ocrx_word' id='word_1_930' title='bbox 2597 5320 2664 5371; x_wconf 90' lang='lat' dir='ltr'><strong>ab</strong></span> <span class='ocrx_word' id='word_1_931' title='bbox 2688 5313 2908 5390; x_wconf 27' lang='lat' dir='ltr'><strong>i‘llo_dici</strong></span> <span class='ocrx_word' id='word_1_932' title='bbox 2933 5330 2946 5366; x_wconf 86' lang='lat'><strong>:</strong></span> <span class='ocrx_word' id='word_1_933' title='bbox 2969 5310 3054 5390; x_wconf 60' lang='lat' dir='ltr'><strong>ita</strong></span> <span class='ocrx_word' id='word_1_934' title='bbox 3070 5307 3679 5390; x_wconf 37' lang='lat' dir='ltr'><strong>elnd‘unt,etlagerant,</strong></span> 
     </span>
    </p>
   </div>
   <div class='ocr_carea' id='block_1_115' title="bbox 2097 5375 3673 5458">
    <p class='ocr_par' dir='ltr' id='par_1_115' title="bbox 2097 5375 3673 5458">
     <span class='ocr_line' id='line_1_117' title="bbox 2097 5375 3673 5458; baseline -0.008 -13"><span class='ocrx_word' id='word_1_935' title='bbox 2097 5375 2153 5445; x_wconf 76' lang='lat' dir='ltr'><strong>et</strong></span> <span class='ocrx_word' id='word_1_936' title='bbox 2185 5375 2766 5458; x_wconf 61' lang='lat' dir='ltr'><strong>detorquenthzeretici</strong></span> <span class='ocrx_word' id='word_1_937' title='bbox 2789 5382 2965 5458; x_wconf 84' lang='lat' dir='ltr'><strong>locum</strong></span> <span class='ocrx_word' id='word_1_938' title='bbox 3001 5380 3148 5435; x_wconf 92' lang='lat' dir='ltr'><strong>illum</strong></span> <span class='ocrx_word' id='word_1_939' title='bbox 3176 5378 3434 5458; x_wconf 79' lang='lat' dir='ltr'><strong>A_po_stoli,</strong></span> <span class='ocrx_word' id='word_1_940' title='bbox 3460 5375 3673 5458; x_wconf 56' lang='grc' dir='ltr'>(ξοίρδει.</span> 
     </span>
    </p>
   </div>
   <div class='ocr_carea' id='block_1_116' title="bbox 2097 5447 3678 5526">
    <p class='ocr_par' dir='ltr' id='par_1_116' title="bbox 2097 5447 3678 5526">
     <span class='ocr_line' id='line_1_118' title="bbox 2097 5447 3678 5526; baseline -0.009 -11"><span class='ocrx_word' id='word_1_941' title='bbox 2097 5476 2138 5520; x_wconf 86' lang='grc' dir='ltr'><strong>ι.</strong></span> <span class='ocrx_word' id='word_1_942' title='bbox 2163 5461 2264 5526; x_wconf 75' lang='grc' dir='ltr'><strong>15ς</strong></span> <span class='ocrx_word' id='word_1_943' title='bbox 2299 5447 2393 5514; x_wconf 74' lang='grc' dir='ltr'>εοὶι</span> <span class='ocrx_word' id='word_1_944' title='bbox 2416 5469 2473 5512; x_wconf 90' lang='lat' dir='ltr'><strong>nt</strong></span> <span class='ocrx_word' id='word_1_945' title='bbox 2497 5473 2624 5514; x_wconf 84' lang='lat' dir='ltr'><strong>vere</strong></span> <span class='ocrx_word' id='word_1_946' title='bbox 2653 5453 3003 5526; x_wconf 78' lang='lat' dir='ltr'><strong>Athanasius,</strong></span> <span class='ocrx_word' id='word_1_947' title='bbox 3030 5447 3431 5526; x_wconf 33' lang='lat' dir='ltr'><strong>et‘ortliodnxe,</strong></span> <span class='ocrx_word' id='word_1_948' title='bbox 3482 5447 3678 5526; x_wconf 66' lang='grc' dir='ltr'>’ᾼῒδιός</span> 
     </span>
    </p>
   </div>
   <div class='ocr_carea' id='block_1_117' title="bbox 2094 5517 3674 5611">
    <p class='ocr_par' dir='ltr' id='par_1_117' title="bbox 2094 5517 3674 5611">
     <span class='ocr_line' id='line_1_119' title="bbox 2094 5517 3674 5611; baseline -0.006 -27"><span class='ocrx_word' id='word_1_949' title='bbox 2094 5517 2262 5585; x_wconf 78' lang='grc' dir='ltr'>ἐστιν’</span> <span class='ocrx_word' id='word_1_950' title='bbox 2281 5530 2310 5580; x_wconf 92' lang='lat'><strong>6</strong></span> <span class='ocrx_word' id='word_1_951' title='bbox 2341 5527 2877 5611; x_wconf 45' lang='grc' dir='ltr'>ῌατὴρ,ήάθάνατος.</span> <span class='ocrx_word' id='word_1_952' title='bbox 2921 5522 3190 5611; x_wconf 41' lang='grc' dir='ltr'>δυνατὸςλ</span> <span class='ocrx_word' id='word_1_953' title='bbox 3203 5519 3374 5611; x_wconf 47' lang='grc' dir='ltr'><strong>φῶς,ἱ</strong></span> <span class='ocrx_word' id='word_1_954' title='bbox 3391 5517 3674 5611; x_wconf 49' lang='grc' dir='ltr'>βασιλεῦς,</span> 
     </span>
    </p>
   </div>
   <div class='ocr_carea' id='block_1_118' title="bbox 2093 5589 3676 5738">
    <p class='ocr_par' dir='ltr' id='par_1_118' title="bbox 2093 5589 3676 5738">
     <span class='ocr_line' id='line_1_120' title="bbox 2094 5589 3670 5682; baseline -0.01 -27"><span class='ocrx_word' id='word_1_955' title='bbox 2094 5589 2514 5682; x_wconf 65' lang='grc' dir='ltr'>παντοκράτωρῖ</span> <span class='ocrx_word' id='word_1_956' title='bbox 2541 5589 2708 5663; x_wconf 73' lang='grc' dir='ltr'>Θεὸς,</span> <span class='ocrx_word' id='word_1_957' title='bbox 2754 5591 3231 5681; x_wconf 37' lang='grc' dir='ltr'>κύριοςηκτιστὴς</span> <span class='ocrx_word' id='word_1_958' title='bbox 3252 5589 3398 5673; x_wconf 44' lang='grc' dir='ltr'>,και</span> <span class='ocrx_word' id='word_1_959' title='bbox 3424 5589 3670 5660; x_wconf 75' lang='grc' dir='ltr'>ποιητής.</span> 
     </span>
     <span class='ocr_line' id='line_1_121' title="bbox 2093 5657 3676 5738; baseline -0.009 -14"><span class='ocrx_word' id='word_1_960' title='bbox 2093 5671 2279 5726; x_wconf 89' lang='grc' dir='ltr'>Ταυτα</span> <span class='ocrx_word' id='word_1_961' title='bbox 2309 5665 2550 5725; x_wconf 75' lang='grc' dir='ltr'>εἶναιδεῖ</span> <span class='ocrx_word' id='word_1_962' title='bbox 2581 5672 2639 5722; x_wconf 83' lang='grc' dir='ltr'>ὲν</span> <span class='ocrx_word' id='word_1_963' title='bbox 2657 5673 2722 5738; x_wconf 81' lang='grc' dir='ltr'>τῇ</span> <span class='ocrx_word' id='word_1_964' title='bbox 2757 5666 2947 5738; x_wconf 72' lang='grc' dir='ltr'>εἰκόνι,</span> <span class='ocrx_word' id='word_1_965' title='bbox 2989 5683 3073 5720; x_wconf 88' lang='grc' dir='ltr'><strong>ινα</strong></span> <span class='ocrx_word' id='word_1_966' title='bbox 3089 5661 3336 5738; x_wconf 33' lang='grc' dir='ltr'>’ἀληθωςι</span> <span class='ocrx_word' id='word_1_967' title='bbox 3355 5661 3385 5711; x_wconf 91' lang='lat'><strong>6</strong></span> <span class='ocrx_word' id='word_1_968' title='bbox 3413 5659 3503 5738; x_wconf 70' lang='grc' dir='ltr'><strong>τόν</strong></span> <span class='ocrx_word' id='word_1_969' title='bbox 3548 5657 3676 5738; x_wconf 59' lang='grc' dir='ltr'>γίδν</span> 
     </span>
    </p>
   </div>
   <div class='ocr_carea' id='block_1_119' title="bbox 2097 5726 3677 5816">
    <p class='ocr_par' dir='ltr' id='par_1_119' title="bbox 2097 5726 3677 5816">
     <span class='ocr_line' id='line_1_122' title="bbox 2097 5726 3677 5816; baseline -0.009 -22"><span class='ocrx_word' id='word_1_970' title='bbox 2097 5741 2238 5816; x_wconf 72' lang='grc' dir='ltr'>ἰδὼν,</span> <span class='ocrx_word' id='word_1_971' title='bbox 2274 5741 2481 5816; x_wconf 26' lang='grc' dir='ltr'>ἴδῃ-καὶ</span> <span class='ocrx_word' id='word_1_972' title='bbox 2504 5741 2595 5816; x_wconf 71' lang='grc' dir='ltr'>τὸν</span> <span class='ocrx_word' id='word_1_973' title='bbox 2611 5726 2850 5810; x_wconf 59' lang='grc' dir='ltr'>Πατέρα.</span> <span class='ocrx_word' id='word_1_974' title='bbox 2881 5726 2948 5790; x_wconf 76' lang='grc' dir='ltr'>Μ.</span> <span class='ocrx_word' id='word_1_975' title='bbox 2981 5767 3049 5776; x_wconf 91' lang='lat'><strong>—-</strong></span> <span class='ocrx_word' id='word_1_976' title='bbox 3088 5726 3228 5791; x_wconf 73' lang='lat' dir='ltr'><strong>Intra</strong></span> <span class='ocrx_word' id='word_1_977' title='bbox 3254 5731 3410 5802; x_wconf 78' lang='lat' dir='ltr'><strong>vulgo</strong></span> <span class='ocrx_word' id='word_1_978' title='bbox 3437 5728 3677 5810; x_wconf 12' lang='grc' dir='ltr'>ἀοράτου-</span> 
     </span>
    </p>
   </div>
   <div class='ocr_carea' id='block_1_120' title="bbox 2091 5812 2611 5878">
    <p class='ocr_par' dir='ltr' id='par_1_120' title="bbox 2091 5812 2611 5878">
     <span class='ocr_line' id='line_1_123' title="bbox 2091 5812 2611 5878; baseline 0 -11"><span class='ocrx_word' id='word_1_979' title='bbox 2091 5813 2242 5878; x_wconf 77' lang='grc' dir='ltr'>ὄντος</span> <span class='ocrx_word' id='word_1_980' title='bbox 2269 5812 2470 5870; x_wconf 80' lang='lat' dir='ltr'><strong>omisso</strong></span> <span class='ocrx_word' id='word_1_981' title='bbox 2497 5812 2611 5867; x_wconf 74' lang='grc' dir='ltr'>τοζ.</span> 
     </span>
    </p>
   </div>
  </div>
