4000 6398
571 351 678 409 765

1241 355 1505 414 Ευδκιιίι
1543 359 2016 417 CASSARIENSIS
2053 363 2202 420 OPP.
2243 363 2418 420 PARS
2455 363 2543 422 IV.
2585 399 2652 408 --
2689 365 3110 422 DOGMATICA.

3723 365 3834 424 764

577 491 598 526 ι
635 474 736 528 sibi
774 481 962 543 puteos
991 473 1312 532 effoderunt.
1358 497 1376 529 ι
1425 483 1484 542 >3
1519 479 1602 533 Ad
1657 480 1818 535 istum
1873 497 1998 538 vero
2029 499 2112 538 mo

2247 502 2266 534 ι
2301 501 2392 537 τον
2433 483 2524 538 τὸν
2575 486 2706 538 Θεὸν
2756 485 2848 539 τοῦ
2896 486 3068 554 Λόγου
3112 485 3390 557 διαφέρειν
3435 485 3646 557 διδάξῃ,
3699 484 3830 540 ὅσον

572 563 700 618 dum
731 565 1107 632 calumniatus,
1131 577 1359 622 conatur
1382 571 1667 626 ostendere
1689 573 1741 627 in
1769 575 2136 644 sequentibus,

573 672 643 710 ne
667 658 882 725 quidem
923 677 942 710 ι
976 661 1264 726 imaginem
1320 663 1400 716 sui
1446 661 1624 719 Patris
1675 681 1795 720 esse
1855 665 2069 722 Filium.
2113 689 2131 721 ι

569 748 658 802 Ait
687 759 866 804 autem
898 749 986 822 [Β.
1021 751 1235 826 LXXX]
1267 773 1282 810 :
1323 773 1340 806 ι
1372 755 1722 828 Consequens
1754 773 1874 814 esse
1903 760 2138 815 arbitror

575 857 593 889 ι
624 843 811 907 paucis
845 845 910 897 de
965 845 1198 915 imagine
1263 847 1614 917 disceptare:
1665 850 1884 918 scripsit
1945 852 2130 907 enim:

573 950 592 982 ι
621 933 776 990 Alius
809 937 1028 1003 quidem
1063 937 1239 992 cstab
1267 939 1382 1009 ipso
1425 941 1658 1011 genitus,
1691 943 1782 1011 qui
1835 954 1919 997 est
1951 945 2135 1015 imago

571 1042 590 1074 ι
623 1025 716 1078 Dei
746 1027 1054 1083 invisibilis.
1097 1029 1342 1085 Meminit
1386 1043 1564 1086 autem
1595 1033 1847 1104 imaginis
1875 1034 1966 1089 Dei
2000 1037 2135 1091 invi-

571 1133 590 1166 ι
631 1115 804 1172 sibilis
857 1119 1123 1187 Asterius,
1176 1133 1236 1176 ut
1291 1123 1618 1179 conﬁrmare
1645 1127 1837 1195 possit,
1879 1126 2044 1182 Deum
2101 1144 2132 1182 a

571 1226 590 1258 ι
628 1205 804 1265 Verbo
853 1227 952 1266 suo
981 1213 1032 1266 in
1071 1223 1278 1269 tantum
1311 1215 1548 1282 diIi‘erre,
1587 1218 1638 1271 in
1677 1227 1934 1288 quantum
1971 1220 2135 1276 distet

571 1317 590 1347 α
627 1300 694 1353 ab
721 1301 954 1371 imagine
980 1321 1076 1358 sua
1107 1305 1333 1374 quilibet
1359 1309 1540 1363 homo.
1576 1328 1594 1360 ι
1635 1309 1813 1376 l-lisce,
1843 1323 2130 1380 postquam

567 1391 821 1446 nonnulla
851 1395 1282 1465 inter-posuisset,
1316 1399 1498 1454 addit:
1535 1421 1554 1453 ι
1596 1399 1826 1458 Omnino
1849 1403 2014 1473 igitur
2035 1421 2131 1475 pa-

569 1503 586 1532 ι
629 1493 724 1549 tet,
751 1484 1013 1554 Verbum,
1037 1505 1157 1543 cum
1183 1491 1360 1547 adhuc
1383 1507 1602 1550 carnem
1627 1494 1728 1550 sibi
1757 1505 1998 1550 nostram
2023 1513 2128 1552 non

569 1595 584 1625 ι
616 1575 971 1646 adunavcrat,
1001 1581 1145 1636 nullo
1177 1584 1356 1646 modo.
1391 1599 1488 1654 per
1512 1600 1592 1650 se,
1645 1586 1931 1658 imaginem
1959 1590 2128 1644 exsti-

567 1686 584 1714 ο
626 1666 757 1722 tisse
813 1670 1102 1725 invisibilis
1133 1671 1248 1726 Dei.
1309 1672 1415 1726 Par
1441 1687 1524 1728 est
1551 1675 1774 1744 etenim,
1823 1677 2001 1748 imago
2051 1681 2125 1734 uti

569 1775 587 1806 ι
627 1757 797 1812 oculis
817 1771 1090 1830 cernatur,
1107 1772 1166 1816 ut
1191 1778 1286 1832 per
1312 1765 1622 1836 imaginem,
1648 1767 1698 1820 id
1725 1769 1866 1836 quod
1889 1777 2000 1822 tum
2021 1785 2124 1824 non

2246 591 2264 624 ι
2303 575 2586 644 ἄνθρωπος
2634 575 2732 646 τῆς
2772 575 2968 629 ἐαυτοῦ
3018 576 3224 638 εἰκόνος
3263 575 3538 647 διαφέρειν
3573 577 3750 630 δοκεῖ.
3799 597 3820 629 ι

2238 665 2347 718 Καὶ
2379 665 2577 735 μεταξύ
2604 685 2726 720 τινα
2747 667 2938 733 εἰπὼν,
2961 669 3236 738 ἐπιφέρει·
3274 687 3292 720 ι
3321 668 3531 722 Οὐκοῦν
3553 669 3826 742 πρόδηλον

2243 775 2260 804 ι
2298 759 2378 810 ὅτι
2408 759 2515 830 πρὸ
2552 759 2652 830 τῆς
2683 759 2776 812 τοῦ
2807 759 3074 832 ἡμετέρου
3123 759 3374 830 σώματος
3407 760 3757 830 ἀναλήψεως,
3795 763 3826 814 6

2241 869 2258 902 ι
2299 851 2488 920 Λόγος,
2511 851 2631 906 καθ’
2650 853 2860 916 ἑαυτὸν,
2887 853 2986 905 οὐκ
3005 847 3073 924 ἦν
3097 851 3259 904 εἰκὼν
3286 851 3380 906 τοῦ
3400 852 3632 922 ἀοράτου
3653 852 3820 904 Θεοῦ·

2241 961 2258 993 ι
2291 941 2388 1013 τὴν
2441 942 2548 1012 γὰρ
2593 945 2778 998 εἰκόνα
2822 945 3052 1016 ὁρᾶσθαι
3103 946 3392 1016 προσήκει,
3443 945 3528 997 ἵνα
3573 944 3668 998 διὰ
3717 945 3822 1015 τῆς

2240 1051 2258 1084 ‹
2296 1034 2501 1098 εἰκόνος
2547 1035 2607 1088 τὸ
2648 1037 2783 1100 τέως
2824 1036 2898 1108 μὴ
2927 1035 3202 1107 δρώμενον
3241 1035 3470 1108 ὁρᾶσθαι
3501 1035 3752 1107 δύνηται.
3799 1055 3817 1085 ι

2233 1125 2343 1180 Καὶ
2374 1125 2636 1196 ἐπιλέγει·
2685 1145 2704 1178 ‹
2738 1127 2864 1189 Πῶς
2900 1122 2992 1180 οῦν
3027 1128 3213 1179 εἰκόνα
3251 1125 3355 1180 ’τοῦ
3399 1125 3636 1195 ἀοράτου
3677 1123 3820 1177 Θεοῦ

2239 1237 2256 1269 ι
2295 1219 2385 1272 τὸν
2416 1218 2507 1272 τοῦ
2535 1219 2670 1272 Θεοῦ
2705 1219 2876 1288 Λόγον
2921 1218 3198 1290 Ἀστέριος
3227 1214 3367 1272 εἶναι
3393 1218 3709 1289 γέγραφεν;
3747 1219 3820 1270 Αἱ

2237 1329 2256 1360 ι
2293 1309 2400 1382 γὰρ
2428 1310 2633 1374 εἰκόνες
2665 1309 2868 1364 τούτων
2893 1301 2969 1365 ὧν
2997 1313 3135 1364 εἰσιν
3169 1311 3396 1374 εἰκόνες,
3433 1312 3527 1364 καὶ
3557 1309 3818 1362 ἀπόντων

2237 1423 2255 1456 ι
2293 1403 2555 1456 δεικτικαί
2598 1405 2766 1458 εἰσιν·
2812 1402 2952 1455 ὥστε
3001 1403 3096 1455 καὶ
3142 1402 3233 1454 τὸν
3278 1401 3482 1456 ἀπόντα
3521 1401 3586 1454 δι’
3627 1402 3818 1454 αὐτῶν

2236 1515 2256 1550 ι
2293 1495 2575 1566 φαίνεσθαι
2595 1496 2792 1550 δοκεῖν.
2821 1495 2882 1548 Εἰ
2904 1495 2960 1548 δὲ
2985 1493 3076 1547 τοῦ
3100 1493 3234 1547 Θεοῦ
3261 1493 3353 1546 τοῦ
3377 1495 3610 1565 ἀοράτου
3633 1495 3813 1558 ὄντοςι

2235 1609 2252 1640 ι
2286 1589 2514 1662 ἀόρατον
2547 1583 2684 1640 εἶναι
2716 1587 2925 1640 καὶτὸν
2955 1587 3127 1654 Λόγον
3159 1586 3466 1658 συμϐαίνει,
3495 1587 3614 1650 πῶς
3645 1585 3819 1640 εἰκὼν

2232 1696 2251 1728 ι
2289 1677 2383 1732 τοῦ
2421 1677 2651 1747 ἀοράτου
2679 1675 2814 1729 Θεοῦ
2843 1677 2870 1729 6
2897 1675 3069 1745 Λόγος
3099 1675 3220 1729 καθ’
3259 1676 3448 1730 ἑαυτὸν
3476 1671 3614 1728 εἶναι
3643 1677 3818 1729 δύνα-

2234 1790 2252 1820 ι
2287 1787 2396 1834 ται,
2440 1771 2540 1822 καὶ
2572 1767 2734 1832 αὐτὸς
2776 1767 3006 1839 ἀόρατος
3045 1767 3148 1834 div;
3197 1788 3216 1820 ι
3260 1769 3370 1822 Καὶ
3411 1768 3616 1840 προῖὼν
3651 1765 3816 1834 αὖθις

567 1865 584 1896 ι
624 1859 916 1917 usurpatur
935 1827 1126 1918 oculis,
1179 1827 1347 1909 videri
1383 1827 1557 1910 tavmen
1602 1827 1796 1926 possit.
1824 1877 1844 1911 ι
1871 1861 2112 1932 Adiungit

2227 1863 2472 1935 λοιδορεῖ,
2508 1863 2681 1932 λέγων
2723 1827 2882 1918 οὕτω·
2933 1881 2952 1914 ι
2997 1862 3123 1925 Πῶς
3157 1857 3248 1917 οὖν
3293 1865 3342 1915 οἱ
3391 1863 3622 1934 πλήρεις
3653 1863 3816 1916 δόλου

559 1951 738 1994 autem
768 1939 856 2012 [R.
887 1943 1144 2008 LXXXII,
1173 1946 1242 2000 cf.
1277 1963 1327 2016 p.
1357 1947 1427 2001 55
1459 1950 1518 2014 1),
1546 1949 1612 2002 47
1643 1950 1712 2022 Α]
1746 1970 1758 2005 :
1796 1970 1813 2002 ι
1849 1953 2126 2017 Quomodo

563 2047 582 2078 ι
622 2029 784 2096 igitur
809 2033 1053 2088 Asterius
1092 2038 1368 2093 scribebat
1413 2037 1644 2094 Verbum
1697 2041 1790 2096 Dei
1843 2057 1963 2096 esse
1993 2043 2125 2098 ima-

563 2137 581 2169 ι
619 2121 796 2189 ginem
831 2123 1117 2181 invisibilis
1168 2125 1310 2182 Dei?
1364 2129 1564 2184 Eorum
1593 2133 1761 2197 enim,
1803 2143 1857 2186 et
1906 2135 2122 2202 quidem

559 2229 578 2260 ι
619 2215 857 2268 omnium
883 2218 1199 2280 universim,
1222 2221 1482 2289 imagines
1502 2226 1790 2278 ostensivae
1819 2235 1961 2291 sunt,
1993 2243 2125 2297 quo-

560 2319 582 2351 ι
621 2319 736 2356 rum
767 2319 886 2360 esse
917 2307 1179 2378 imagines
1211 2311 1582 2381 intelliguntur
1611 2336 1621 2369 :
1681 2315 1813 2370 adeo
1845 2326 1902 2370 ut
1939 2333 2032 2387 per
2060 2319 2122 2372 il-

558 2413 576 2442 ι
616 2393 714 2456 las,
753 2396 800 2449 is
829 2399 918 2465 qui
945 2409 1029 2452 est
1059 2402 1272 2468 absens,
1297 2405 1564 2459 videatur.
1591 2407 1744 2472 Quod
1767 2409 1809 2461 si
1842 2423 1970 2463 vero
2003 2409 2117 2476 Dci,

557 2502 576 2534 ι
613 2485 702 2552 qui
741 2485 898 2548 plane
933 2489 1218 2545 invisibilis
1248 2503 1350 2558 est,
1385 2493 1619 2550 Verbum
1646 2511 1862 2566 quoque
1885 2513 2004 2552 esse
2033 2500 2120 2552 in-

555 2592 574 2624 c
615 2575 824 2630 visibile
862 2581 1146 2649 contingit,
1177 2597 1286 2651 quo
1333 2597 1490 2653 pacto
1519 2595 1696 2654 potest
1726 2601 1846 2642 esse
1883 2590 2116 2646 Verbum

553 2685 572 2716 ι
620 2681 714 2734 per
743 2681 802 2720 se
853 2669 1032 2738 imago
1065 2672 1160 2726 Dei
1187 2675 1492 2743 invisibilis,
1519 2693 1641 2732 cum
1665 2690 1721 2735 et
1743 2681 1914 2750 ipsum
1935 2683 2004 2737 sit
2033 2684 2116 2737 in-

553 2773 574 2806 ιι
611 2756 867 2811 visibile?
905 2779 924 2810 ι
965 2759 1147 2828 Pergit
1209 2765 1262 2817 in
1317 2768 1667 2835 sequentibus
1723 2769 1899 2824 denuo
1929 2774 2118 2825 convi-

453 2849 476 2866 ‘
547 2847 680 2900 ciari
719 2847 813 2918 [IL
859 2849 1047 2925 XXIV]
1077 2871 1090 2907 :
1125 2872 1145 2906 ι
1185 2855 1336 2910 Unde
1369 2858 1534 2928 igitur
1564 2860 1684 2915 dolo
1719 2861 1904 2930 repleti
1941 2873 1995 2916 et
2023 2879 2116 2916 va-

553 2957 570 2988 ι
609 2937 777 3004 fritie,
813 2952 874 2996 ut
899 2959 1020 2997 cum
1055 2946 1316 3016 Apostolo
1337 2949 1382 2982 “
1413 2949 1625 3018 loquar,
1653 2952 1860 3006 dictum
1885 2955 2116 3008 transfe-

550 3045 568 3078 ι
611 3039 738 3082 runt
763 3033 830 3084 ad
855 3033 1025 3102 ipsius
1051 3036 1236 3102 Verbi,
1261 3049 1319 3092 ut
1345 3049 1555 3106 rentur,
1587 3043 1817 3110 primam
1847 3045 2114 3098 conditio-

550 3137 570 3172 ι
609 3137 753 3186 nem,
782 3137 902 3178 cum
941 3127 1006 3182 de
1033 3131 1382 3198 generatione
1413 3132 1524 3198 illa,
1559 3147 1680 3202 qua:
1701 3145 1784 3189 est
1816 3137 2110 3191 secundum

547 3229 568 3261 ι
601 3228 844 3280 carnem,
871 3216 1056 3285 David,
1083 3221 1158 3274 uti
1183 3231 1415 3287 constat,
1441 3225 1568 3278 illud
1593 3229 1868 3295 usurparit
1893 3229 1916 3280 ἱ)
1939 3229 2111 3284 »1.οιι-

543 3321 664 3374 gum
691 3309 945 3380 deinceps
965 3312 1296 3369 intertexens
1319 3331 1624 3373 sermonem
1649 3321 1726 3374 ait
1743 3319 1831 3393 Ui.
1860 3319 2106 3397 LXXV]:

551 3413 573 3448 ι
611 3397 749 3465 Quid
785 3402 852 3456 ad
879 3403 982 3458 ista
1012 3405 1175 3474 igitur
1213 3409 1459 3465 dicturus
1488 3412 1616 3466 est?
1660 3411 1817 3466 Certe
1852 3414 2105 3482 arbitror,

549 3509 567 3540 ι
601 3492 736 3546 nihil
766 3494 966 3552 habere
989 3497 1140 3552 illum
1175 3501 1318 3568 quod
1347 3505 1689 3572 respondeat.
1737 3503 1921 3574 Neque
1943 3507 2107 3562 credo

547 3599 568 3633 ι
603 3581 656 3636 iu
687 3595 872 3655 aperta
903 3589 1246 3646 confessione
1275 3607 1458 3646 coram
1478 3593 1599 3648 aliis
1625 3595 1776 3650 illum
1803 3597 2106 3666 positurum

545 3695 566 3730 ι
593 3693 713 3748 qua:
735 3685 896 3738 tacita
927 3687 1066 3755 apud
1097 3702 1157 3742 se
1186 3687 1325 3742 celat
1355 3689 1688 3758 cogitatione
1721 3707 1732 3743 :
1773 3691 1826 3745 id
1857 3693 2000 3759 quod
2026 3697 2106 3746 vi-

543 3787 566 3822 r
607 3773 736 3829 dere
764 3777 938 3832 cuivis
963 3778 1088 3833 licet
1124 3795 1190 3834 ex
1219 3781 1286 3836 iis
1312 3795 1432 3850 qua:
1462 3781 1697 3852 scripsit.
1743 3783 1970 3852 Scripsit
2005 3800 2104 3837 au-

521 3879 564 3928 _c
599 3872 702 3918 tem
735 3886 749 3922 :
805 3869 954 3925 Alius
998 3880 1084 3926 est
1115 3871 1273 3926 Pater
1317 3875 1408 3942 qui
1446 3875 1608 3945 gignit
1662 3892 1728 3931 ex
1755 3891 1814 3930 se
1866 3875 2102 3932 Verbum

541 3973 562 4006 ι
596 3959 954 4029 unigenitum,
989 3973 1043 4017 et
1097 3966 1274 4019 omnis
1331 3977 1596 4021 creaturae
1645 3969 2102 4038 primogenitum,

542 4067 562 4100 ι
605 4049 758 4105 solus
811 4055 1008 4119 solum,
1047 4057 1320 4124 perfectus
1360 4059 1693 4128 perfectum,
1743 4076 1838 4116 rex
1887 4075 2104 4130 regem,

541 4155 562 4190 ι
606 4140 866 4198 Dominus
921 4144 1231 4213 Dominum,
1283 4151 1422 4204 Deus
1481 4151 1699 4206 Demn:
1760 4143 2116 4218 substantiae,’

540 4247 560 4281 ι
601 4231 837 4298 consilii,
861 4237 1068 4304 gloriae,
1095 4242 1351 4308 potentia:
1383 4241 1670 4312 imaginem
1705 4243 2098 4298 invariabilem.

541 4339 564 4374 ‹
591 4320 720 4390 Qua:
751 4325 964 4392 quidem
1013 4330 1084 4382 ita
1131 4333 1199 4384 ab
1235 4331 1326 4386 illo
1365 4333 1564 4403 posita,
1617 4333 1906 4388 manifeste
1941 4345 2102 4388 coar-

607 4535 666 4594 ›Ῑ‹
701 4527 798 4584 Ed.
830 4527 1028 4594 Paris.,
1066 4547 1189 4602 pag.
1227 4533 1316 4589 24.
1609 4535 1656 4568 ’⁵⁸
1686 4535 1847 4592 lium.
1885 4553 1926 4602 I,
1955 4534 2050 4592 29.

2232 1977 2252 2010 ‹
2284 1959 2374 2011 καὶ
2407 1957 2773 2029 ῥᾳδιουργίας,
2803 1957 3174 2021 ἀποστολικῶς
3203 1957 3313 2028 (14)
3333 1960 3528 2018 εἰπεῖν,
3567 1959 3816 2028 μεταφέ-

2232 2071 2251 2104 ι
2290 2069 2440 2124 ρουσι
2474 2051 2533 2104 τὸ
2565 2051 2729 2122 ῥητὸν
2757 2053 2836 2114 εἰς
2861 2050 2959 2123 τὴν
2987 2053 3212 2123 πρώτην
3236 2049 3420 2114 αὑτοῦ,
3470 2051 3544 2114 ὼς
3573 2051 3812 2117 οἴονται,

2229 2161 2249 2197 ι
2287 2145 2462 2198 κτίσιν
2516 2143 2650 2214 (15),
2683 2145 2775 2198 καὶ
2819 2145 2992 2198 ταῦτα
3039 2144 3131 2196 τοῦ
3171 2142 3332 2196 Δαυῖδ
3387 2144 3494 2215 (16)
3525 2146 3661 2216 περὶ
3711 2145 3814 2215 τῆς

2228 2257 2247 2290 ι
2284 2238 2423 2291 κατὰ
2451 2238 2627 2308 σάρκα
2660 2235 2822 2290 αὐτοῦ
2862 2237 3168 2308 γεννήσεως
3199 2235 3386 2305 σαφῶς
3411 2237 3746 2307 εἰρηκότοςς
3787 2258 3808 2288 ι

2221 2326 2330 2378 Καὶ
2373 2325 2573 2395 μεταξὺ
2620 2323 2824 2377 τούτων
2862 2325 3071 2396 μακρὸν
3119 2327 3442 2390 κατατείνας
3473 2326 3634 2394 λόγον
3683 2331 3812 2382 ἐπι-

2221 2415 2408 2485 φέρει·
2457 2434 2474 2466 ι
2507 2415 2570 2468 Τί
2597 2411 2688 2468 οῦν
2718 2416 2852 2486 πρὸς
2883 2415 3054 2469 ταῦτα
3081 2416 3252 2482 λέξει;
3285 2419 3344 2470 οὐ
3380 2419 3486 2489 γὰρ
3515 2413 3680 2489 οἶμαι
3713 2422 3814 2473 αὐ-

2227 2519 2246 2554 ι
2281 2503 2373 2556 τὸν
2410 2503 2551 2574 ἔχειν
2577 2522 2628 2557 τι
2660 2505 2787 2575 περὶ
2815 2505 3005 2558 τούτου
3035 2507 3233 2574 λέγειν.
3261 2507 3426 2562 Οὐδὲν
3465 2509 3576 2582 γὰρ
3609 2512 3814 2580 σαφῶς

2225 2615 2244 2646 ‹
2279 2596 2439 2649 αὐτὸν
2468 2597 2561 2648 καὶ
2589 2597 3072 2667 ἀπαρακαλύπτως
3103 2597 3364 2668 ἡγοῦμαι,
3395 2600 3486 2652 καὶ
3513 2601 3656 2672 πρὸς
3689 2602 3810 2655 ἐτέ-

2225 2707 2242 2737 ‹
2288 2704 2412 2759 ρους
2443 2687 2772 2759 ὁμολογῆσαι
2801 2689 2866 2743 ἂν
2897 2691 3034 2760 ὅπερ
3077 2691 3236 2754 αὐτὸς
3263 2695 3320 2744 ἐν
3341 2696 3406 2763 τῇ
3437 2693 3636 2746 ἑαυτοῦ
3669 2693 3812 2766 κρύ-

2224 2797 2242 2829 ι
2281 2797 2401 2832 πτει
2425 2780 2653 2852 διανοίᾳ·
2681 2783 2758 2846 ὡς
2787 2781 2900 2836 ἔστι
2935 2783 3120 2852 σαφῶς
3147 2784 3238 2854 ἀφ’
3265 2778 3339 2836 ὧν
3367 2785 3642 2856 γέγραφε,
3677 2805 3814 2858 μαν-

2225 2890 2242 2922 ι
2279 2869 2478 2926 θάνειν.
2519 2873 2709 2937 ’Ἄλλος
2752 2875 2848 2944 μὲν
2890 2875 3018 2945 γὰρ,
3072 2877 3254 2946 φησὶν,
3291 2876 3435 2930 ἔστιν
3475 2879 3502 2929 6
3533 2879 3738 2951 Πατὴρ
3781 2882 3814 2934 ὁ

2224 2982 2242 3014 ι
2279 2965 2540 3034 γεννήσας
2567 2965 2626 3030 ἐξ
2653 2967 2816 3020 αὑτοῦ
2850 2968 2940 3020 τὸν
2977 2969 3238 3040 μονογενῆ
3261 2969 3434 3039 Λόγον
3461 2971 3556 3023 καὶ
3583 2974 3812 3042 πρωτό-

2224 3073 2242 3104 ι
2281 3071 2433 3107 τοκον
2476 3056 2692 3127 ἀπάσης
2736 3057 2984 3124 κτίσεως,
3035 3058 3193 3129 μόνος
3237 3059 3417 3130 μόνον,
3459 3059 3670 3124 τέλειος
3716 3063 3809 3115 τέ-

2225 3165 2244 3197 (
2282 3145 2442 3210 λειον,
2473 3145 2722 3216 βασιλεὺς
2745 3147 2990 3217 βασιλέα,
3013 3149 3458 3222 Κύριος-Κύριον,
3482 3144 3616 3216 Θεὸς
3639 3152 3808 3214 Θεὸν,

2223 3257 2242 3292 ι
2279 3238 2465 3302 οὐσίας
2482 3257 2540 3292 τε
2551 3241 2642 3293 καὶ
2667 3239 2878 3312 βουλῆς,
2897 3243 2989 3296 καὶ
3010 3241 3187 3313 δόξης,
3203 3243 3295 3296 καὶ
3319 3243 3606 3316 δυνάμεως
3622 3247 3808 3316 ἀπαρ-

2223 3347 2241 3382 ι
2279 3330 2540 3386 άλλακτον
2567 3331 2769 3386 εἰκόνα.
2789 3333 2976 3388 Ταῦτα
2991 3333 3059 3388 τὰ
3084 3334 3223 3406 ῥητὰ
3255 3339 3443 3406 σαφῶς
3463 3337 3562 3406 τὴν
3583 3338 3806 3408 φαύλην

2221 3439 2241 3473 ι
2275 3421 2440 3475 αὐτοῦ
2459 3423 2586 3494 περὶ
2611 3421 2864 3494 θεότητος
2889 3423 3104 3496 ἐλέγχει
3135 3425 3312 3492 δόξαν.
3337 3426 3462 3490 Πῶς
3499 3425 3612 3499 γὰρ
3635 3429 3668 3480 ὁ
3691 3429 3808 3482 Κύ-

2220 3527 2239 3560 ι
2281 3527 2392 3581 ριος
2411 3511 2692 3582 γεννηθεὶς
2725 3513 2820 3566 καὶ
2857 3512 3010 3577 Θεὸς,
3042 3513 3118 3578 ὡς
3149 3515 3312 3578 αὐτὸς
3344 3515 3632 3586 προλαϐὼν
3665 3518 3802 3587 ἔφη,

2218 3619 2238 3650 ι
2275 3599 2496 3654 δύναται
2523 3601 2686 3656 εἰκὼν
2709 3601 2842 3656 Θεοῦ
2865 3601 3035 3670 εἰναις
3070 3605 3295 3677 Ἕτερον
3316 3605 3424 3677 γὰρ
3445 3607 3612 3660 εἰκὼν
3633 3609 3803 3672 Θεοῦ,

2217 3707 2238 3741 ι
2271 3691 2366 3744 καὶ
2395 3691 2582 3763 ἕτερον
2605 3695 2634 3746 6
2655 3693 2806 3757 Θεός.
2839 3695 3000 3748 Ὥστε
3029 3697 3077 3748 εἰ
3107 3696 3204 3766 μὲν
3241 3695 3428 3762 εἰκὼν,
3466 3699 3524 3750 οὐ
3560 3698 3804 3770 Κύριος,

2214 3799 2233 3832 ι
2267 3781 2388 3835 οὐδέ
2415 3783 2566 3848 Θεὸς,
2587 3784 2702 3838 ἀλλ’
2729 3785 2894 3838 εἰκὼν
2923 3787 3130 3858 Κυρίου
3162 3789 3256 3842 καὶ
3281 3788 3438 3841 Θεοῦ·
3483 3792 3530 3842 εἰ
3580 3791 3638 3844 δὲ
3689 3793 3804 3846 Κύ-

2215 3891 2235 3925 ι
2279 3891 2394 3948 ριος
2417 3875 2588 3939 δντως
2633 3878 2728 3930 καὶ
2771 3877 2931 3942 Θεὸς,
2959 3879 3141 3932 οὐκέτι
3165 3878 3214 3950 [6
3236 3879 3440 3951 Κύριος
3465 3881 3561 3934 καὶ
3583 3884 3614 3934 ό
3635 3882 3806 3955 Θεὸς]

2215 3985 2236 4018 ί
2266 3967 2426 4020 εἰκὼν
2446 3969 2648 4040 Κυρίου
2665 3971 2759 4024 καὶ
2769 3969 2902 4022 Θεοῦ
2917 3966 3302 4026 εἷναιδύναται.
3319 3992 3337 4024 ι
3351 3973 3456 4028 Καὶ
3471 3973 3646 4028 ταῦτα
3667 3974 3808 4045 σφό-

2208 4059 2310 4131 δρα
2324 4059 2605 4114 ἀϐλεπτῶν
2621 4062 2732 4131 (17)
2749 4063 3091 4134 εἴρηκεν,οὐκ
3107 4064 3384 4136 ἐννοήσας,
3401 4065 3478 4127 ὡς
3493 4067 3592 4118 καὶ
3617 4069 3646 4118 6
3665 4067 3804 4132 Υἱὸς

2207 4152 2428 4206 δύναται
2461 4152 2702 4224 ἔμψυχός
2743 4173 2872 4208 ποτε
2921 4155 3082 4209 εἰκὼν
3119 4155 3213 4208 τοῦ
3262 4156 3394 4209 ἰδίου
3434 4157 3652 4227 Πατρὸς
3709 4159 3810 4212 λε-

2208 4243 2422 4315 χθῆναι,
2453 4245 2670 4300 ἐπειδὰν
2761 4247 2838 4318 τῷ
2877 4251 3052 4319 Πατρὶ
3083 4249 3416 4320 ὁμοιότατος.
3453 4249 3630 4303 Τοῦτο
3659 4252 3810 4318 γοῦν

2209 4335 2303 4389 καὶ
2337 4339 2370 4407 ἡ
2401 4336 2590 4409 Γραφὴ
2627 4338 2868 4394 διδάσκει
2903 4342 2936 4411 ἡ
2965 4339 3196 4409 λέγουσα
3217 4359 3230 4372 ·
3267 4339 3478 4409 Ἔζησε
3505 4339 3574 4394 δὲ
3617 4342 3810 4413 Ἀδὰμ

599 4735 715 4806 (14)
769 4731 1200 4816 ancoralia:th
1241 4741 1450 4816 εἰπεῖν.
1501 4743 1576 4798 Ita
1615 4744 1758 4798 enim
1813 4744 2105 4816 alloquitur

2222 4755 2379 4810 iturae
2411 4761 2512 4799 non
2553 4745 2802 4814 anposnit
2839 4744 3224 4816 testimOnium,
3259 4761 3356 4801 nec
3391 4745 3506 4814 ejus
3539 4745 3808 4816 applica-

529 4821 744 4874 niagum
777 4808 1020 4878 Elymum
1056 4813 1242 4866 beatus
1270 4813 1488 4881 Paulus,
1518 4816 1636 4871 Aet.
1669 4831 1784 4880 xm,
1816 4808 2008 4884 10,“.
2031 4811 2100 4870 M.

602 4939 712 5022 (l5)
753 4941 999 5012 Πρώτην
1013 4945 1201 5022 αὑτοῦ
1229 4947 1448 5022 κτίσιν.
1485 4947 1930 5022 Deitatem;dicta
1961 4953 2104 5022 πρώ-

527 5029 594 5082 τη
627 5015 802 5076 κτίσις
857 5028 1104 5081 resnectu
1158 5018 1570 5072 incarnationis.
1610 5017 1740 5072 Nam
1780 5021 1968 5074 Ariani
2005 5015 2095 5077 Fi-

528 5081 660 5158 lium
709 5084 1072 5158 prastiicabant
1103 5097 1430 5152 creamram,
1465 5089 1760 5158 secundum
1803 5091 2094 5158 deitatem;

527 5151 594 5236 ad
629 5155 876 5275 eungtiem
905 5157 1120 5211 modum
1147 5159 1284 5212 dixit
1311 5151 1667 5230 ἀναγέννησιν
1687 5201 1702 5228 ,
1729 5175 1970 5232 respectu
1997 5151 2096 5234 τῆς

527 5237 696 5274 κατω.
791 5264 806 5275 .

526 5237 696 5274 κατω.
733 5237 806 5277 ιιι.

2213 4815 2451 4886 tionem,
2489 4817 2554 4870 ad
2604 4817 2744 4886 quod
2789 4815 2985 4886 referri
3031 4815 3222 4870 debeat
3269 4817 3398 4886 illud
3431 4831 3445 4867 τ
3473 4815 3584 4868 Καὶ
3625 4816 3806 4870 τοῦτο

2209 4885 2300 4938 τοῦ
2331 4885 2508 4948 Δαυῒδ,
2540 4885 2668 4957 περὶ
2707 4886 2805 4952 τῆς
2862 4885 3002 4938 κατὰ
3045 4888 3220 4956 σάρκα
3249 4885 3413 4939 αὑτοῦ
3448 4889 3802 4956 γεννήσεως,

2211 4957 2396 5038 σαφῶς
2421 4958 2720 5028 εἰρηκότος,
2741 4957 3089 5038 M.—Scripsi
3105 4957 3303 5038 ταῦτ-ας
3321 4960 3442 5010 dein
3463 4958 3804 5038 vulgo_i‘z=:s-

2207 5027 2551 5100 ρικαλύπτως
2588 5041 2640 5082 et
2668 5027 3074 5100 Awpwttrtdc'qq
3103 5028 3395 5100 κτεΙίιιτιι
3432 5027 3590 5096 vulgo
3625 5029 3656 5078 6
3689 5047 3808 5081 κυ-

2207 5099 2336 5166 ρίως
2369 5115 2507 5166 γεν.,
2539 5097 2678 5162 ιιιιοιί
2713 5097 2814 5168 iam
2860 5097 2924 5150 Ii.
2959 5113 3074 5168 cor.
3102 5097 3152 5150 in
3197 5097 3402 5168 Κύριος
3433 5101 3552 5168 cod.
3587 5113 3802 5152 auem-

2207 5170 2360 5238 ritate
2389 5169 2656 5234 rescripsi.
2696 5167 2888 5222 Statim
2923 5167 3078 5238 vulgo
3103 5171 3132 5221 6
3167 5167 3301 5232 Θεός
3323 5180 3378 5222 et
3409 5167 3504 5220 καὶ
3523 5167 3656 5232 Θεὸς
3679 5171 3804 5223 οὐκ

2201 5237 2365 5290 εἰκὼν
2394 5257 2445 5291 κ.

2271 5309 2384 5380 (17)
2425 5309 2533 5362 Κίιί
2557 5307 2740 5362 ταῦτα
2761 5309 2996 5379 σφόδρα
3027 5307 3356 5380 ἀϐλεπτών.
3393 5307 3520 5362 Ilaec
3559 5308 3798 5365 Eusebii

597 5361 709 5450 (2111)
748 5361 1080 5450 [inimicum
1112 5367 1242 5450 τοῦ.
1269 5369 1485 5450 suam.
1524 5369 1713 5450 Τοῦτο,
1769 5371 2098 5450 Quodnam?

2222 5361 2428 5442 .ttl\li,lel
2463 5361 2752 5450 continent
2804 5361 3428 5450 supeiiiitsiaﬁMarcello
3475 5381 3794 5447 positorum

527 5429 809 5510 Ubinam?
861 5432 1002 5510 Nihil
1038 5439 1181 5510 enim
1231 5438 1314 5510 hic
1345 5441 1568 5510 citatum
1611 5429 1837 5510 legimus
1867 5459 1896 5495 e
1936 5443 2088 5496 Psal-

525 5504 662 5580 niis._
683 5505 811 5556 Illud
836 5507 1011 5580 enim.
1049 5505 1235 5580 {virago
1283 5509 1578 5580 invisibilis,
1607 5504 1957 5580 ab'Apostulo
1984 5525 2086 5576 est,

523 5574 662 5640 apud
682 5591 814 5646 eum
835 5575 1032 5646 legitur
1051 5574 1311 5638 Coluss.t.
1335 5579 1418 5633 I5.
1439 5579 1612 5633 Credo
1645 5574 1772 5636 illud
1801 5574 2085 5646 insinuari,

523 5643 717 5718 epsal.
749 5659 858 5709 eis,
883 5643 955 5718 ρο
977 5655 1124 5697 utero
1145 5655 1266 5718 ante
1283 5646 1580 5716 Luciferum
1603 5653 1754 5718 genui
1783 5665 1848 5706 te.
1867 5654 1972 5708 Sed
2005 5643 2085 5708 vel

523 5713 644 5766 libri
665 5715 906 5787 rent-rupti
937 5724 1088 5776 sunt,
1113 5714 1190 5768 vel
1211 5713 1496 5772 admodum
1519 5713 1866 5787 negligenter.
1897 5741 2086 5776 secure

521 5797 578 5836 et
625 5785 900 5847 dissolute,
937 5796 1179 5840 versatus
1225 5789 1311 5842 hic
1349 5803 1428 5842 est
1461 5785 1720 5846 Luscinus
1751 5809 1764 5844 :
1797 5796 1892 5862 qui
1939 5797 2080 5850 Scri-

2196 5465 2506 5511 censuram,
2550 5449 2906 5503 orthodoxam
2938 5462 2990 5504 ct
3021 5466 3200 5504 veram
3233 5461 3500 5515 quatenus
3543 5451 3614 5500 ad
3647 5453 3796 5502 ima-

2199 5521 2398 5582 ginem.
2425 5523 2586 5571 etiam
2621 5524 2918 5574 secundum
2952 5523 3232 5582 deitatem,
3254 5520 3420 5573 Filius
3447 5521 3530 5572 sui
3567 5519 3788 5572 Patris.

2198 5587 2380 5659 Imago
2405 5590 2548 5641 enim
2581 5592 2795 5658 proprie
2841 5600 2943 5653 est,
2981 5602 3037 5642 ut
3083 5591 3395 5656 loquuntur,
3433 5606 3554 5658 quae
3583 5603 3796 5656 proce-

2195 5660 2272 5711 dit
2303 5663 2367 5712 ad
2403 5659 2811 5712 sintilitmiim-ni
2843 5663 2889 5712 al
2917 5665 3084 5714 eritis.
3121 5659 3188 5714 M.
3223 5690 3291 5699 —
3319 5659 3447 5712 Dein
3484 5661 3646 5727 vulgo
3675 5659 3790 5712 τοῦ

2195 5739 2321 5802 ante
2349 5728 2477 5802 ἰδίου
2505 5731 2689 5802 deest.
2703 5730 2845 5802 Infra
2883 5734 3040 5802 vulgo
3065 5731 3160 5800 τὴν
3193 5729 3374 5784 εἰκόνα
3403 5731 3527 5784 Υίὸν
3555 5731 3650 5784 καὶ
3675 5728 3784 5784 ἐπ.

2191 5811 2242 5854 et
2271 5799 2606 5870 ἀπαύγασμα
2637 5799 2812 5872 δόξης.
2865 5825 2870 5830 ·
