4000 6398
259 386 354 447 τῦίῖ

1384 393 1661 450 CONTRA
1703 393 2130 451 MARCELLUM
2169 395 2295 453 LIB.
2337 383 2390 451 1.

3392 401 3513 480 766

256 504 557 574 τριάκοντα
595 506 694 560 καὶ
731 506 1009 562 διακόσια
1044 509 1168 575 ἐτη,
1202 509 1301 561 καὶ
1341 509 1634 578 ἐγέννησε
1675 510 1807 562 κατε

1933 527 1952 560 ι
1986 519 2156 580 guunt
2190 525 2354 581 quam
2387 511 2607 580 impiam
2641 519 2857 564 tueatur
2887 510 2932 566 is
2973 511 3264 568 deodeitate
3287 514 3501 583 opinio-

255 596 358 666 τὴν
387 597 554 652 ἰδέαν
590 601 780 654 αὑτοῦ
811 601 909 654 καὶ
945 601 1094 655 κατὰ
1127 600 1240 668 τὴν
1258 602 1464 657 εἰκόνα
1490 601 1697 665 αὐτοῦ,
1722 601 1820 656 καὶ

251 688 590 759 ἐπωνόμασε
618 690 684 744 τὸ
700 691 885 762 ὄνομα
900 692 1082 746 αὐτοῦ
1097 694 1243 760 Σὴθ.
1261 693 1369 744 Καὶ
1383 692 1511 764 περὶ
1527 693 1621 762 τῆς
1638 691 1824 761 Θεότη-

206 796 334 849 ἆτος
361 779 418 833 δὲ
447 779 538 833 τοῦ
574 780 706 834 Υἱοῦ
746 783 775 834 ὁ
820 781 1136 845 Ἀπόστολος
1169 780 1427 844 διδάσκει,
1463 779 1669 849 λέγων’
1715 782 1822 846 Ὃς

207 839 541 940 μορφῇ
577 871 725 925 Θεοῦ
749 871 1034 942 ὑπάρχων
1063 839 1175 941 οὐχ
1211 839 1821 942 ἁρπαγρόνῆγηὶσατο

211 973 229 1016 .-‘
252 959 310 1013 rd
336 957 488 1014 εἶναι
516 962 620 1015 ἶσα
653 960 796 1027 Θεῷ,
829 963 967 1017 ἀλλ’
1007 962 1224 1016 ἑαυτὸν
1247 961 1507 1016 ἐκένωσε
1526 979 1539 992 -
1587 962 1683 1015 καὶ
1716 962 1820 1015 πά-

211 1048 220 1058 ’
251 1053 322 1107 λιν
344 1072 357 1086 ·
398 1056 503 1121 Ὃς
530 1051 615 1108 ὢν
643 1055 1008 1125 ἀπαύγασμα
1040 1054 1147 1123 τῆς
1179 1055 1362 1124 δόξης
1388 1057 1486 1111 καὶ
1515 1055 1819 1126 χαρακτὴρ

250 1147 349 1216 τῆς
370 1148 785 1215 ὑποστάσεως.
817 1149 928 1203 Καὶ
948 1151 1006 1204 ὲν
1030 1150 1236 1222 ἑτέροις
1262 1149 1318 1203 δὲ
1341 1148 1578 1221 εἴρηται·
1614 1150 1819 1206 Ἂπαύ-

249 1257 438 1310 γασμα
465 1240 576 1310 γάρ
599 1242 729 1296 ἐστι
749 1242 947 1312 φωτὸς
961 1243 1179 1306 ἀϊδίου,
1209 1244 1308 1297 καὶ
1327 1243 1649 1311 είσοπτρον
1673 1243 1817 1308 ἀκη-

245 1331 490 1385 λίδωτον
527 1331 635 1401 τῆς
673 1334 778 1388 τοῦ
831 1334 978 1388 Θεοῦ
1012 1335 1332 1404 ἐνεργείας,
1361 1334 1459 1388 καὶ
1487 1334 1663 1388 εἰκὼν
1708 1332 1817 1402 τῆς

245 1424 602 1494 ἀγαθότητος
634 1425 840 1480 αὐτοῦ’
883 1421 1041 1489 αὖθις
1068 1425 1124 1478 δὲ
1165 1427 1193 1478 ὁ
1234 1425 1580 1489 Ἀπόστολοςο
1628 1427 1818 1478 Ἀπεκς

245 1515 563 1587 δυσάμενοι
589 1516 697 1571 τὸν
721 1517 982 1573 παλαιόν
1007 1516 1339 1586 ἄνθρωπον,
1369 1517 1467 1572 καὶ
1492 1516 1814 1586 ἐνδυσάμε-

243 1625 330 1662 νοι
351 1612 458 1662 τὸν
491 1609 653 1674 νέον,
685 1609 792 1664 τόν
817 1609 1329 1680 ἀνακαινούμενον
1355 1612 1440 1675 είς
1465 1609 1812 1678 ἐπίγνωσιν,

243 1701 364 1754 κατ’
391 1702 595 1756 είκόνα
624 1701 728 1755 τοῦ
759 1702 1098 1768 κτίσαντος,
1133 1702 1328 1771 λέγων,
1361 1701 1520 1772 δῆλός
1552 1703 1718 1764 ἐστιν,
1752 1702 1812 1754 οὐ

243 1791 334 1862 τὴν
378 1791 554 1862 σάρκα
592 1790 840 1863 εἰρῆσθαι
879 1791 1142 1846 διδάσκων
1185 1793 1284 1863 τὴν
1319 1790 1501 1845 είκόνα
1549 1786 1688 1845 εἶναι
1719 1789 1812 1843 τοῦ

242 1883 391 1938 Θεοῦ.
421 1862 678 1946 Μεταδάς
703 1862 762 1936 δὲ
792 1880 948 1948 αὖθις
971 1862 1287 1956 Μάρκελλος
1309 1884 1402 1937 ἐπὶ
1434 1885 1558 1947 τοὺς
1588 1883 1811 1936 ὲπισκό-
1843 1862 1886 1917 Β

240 1992 390 2041 πους,
425 1969 528 2030 ὦδε
567 1975 798 2048 γράφει·
839 1996 856 2028 ι
927 1976 1057 2031 Ἰδοὺ
1106 1977 1216 2050 γὰρ
1245 1977 1307 2030 τὸ
1350 1976 1493 2031 κατὰ
1539 1976 1812 2047 Ἀστέριον

245 2086 264 2119 ι
303 2069 448 2138 ἡμᾶς
482 2068 592 2139 (18)
633 2069 692 2121 οὐ
723 2068 974 2122 τοσοῦτον
1013 2069 1192 2132 λυπεῖ,
1227 2070 1276 2121 εί
1305 2067 1528 2122 τοιαῦτα
1562 2065 1808 2139 προήχθη

246 2180 262 2210 ι
300 2159 555 2231 γράφειν,
580 2159 694 2212 ἀλλ’
720 2161 798 2213 ὅτι
825 2161 918 2213 καί
947 2177 1090 2223 τινες
1115 2159 1224 2214 τῶν
1251 2160 1577 2232 προεστάναι
1596 2159 1811 2212 δοκούν-

243 2271 260 2302 ι
299 2268 408 2305 των
425 2252 522 2323 τῆς
558 2251 905 2322 Ἐκκλησίας,
923 2253 1021 2322 τῆς
1049 2252 1146 2322 μὲν
1165 2251 1530 2323 άποστολικῆς
1557 2250 1809 2304 ἐπιλαθό-

241 2357 262 2392 ι
304 2355 453 2409 μενοι
473 2339 840 2412 παραδόσεως,
874 2340 940 2393 τὰ
962 2339 1018 2393 δὲ
1052 2339 1250 2406 ἔξωθεν
1280 2340 1388 2395 τῶν
1427 2341 1585 2394 Θείων
1617 2359 1807 2415 προτι-

242 2449 263 2482 ι
307 2432 594 2502 μήσαντες,
622 2431 842 2487 τοιαῦτα
865 2450 983 2486 τινα
1012 2433 1219 2505 γράψαι
1240 2450 1299 2487 τε
1321 2433 1415 2488 καὶ
1435 2433 1640 2501 διδάξαι
1662 2434 1809 2488 ὲτόλ-

243 2541 261 2574 t
305 2540 504 2594 μησαν,
557 2523 592 2577 ἃ
640 2524 792 2577 οὐδὲν
832 2523 1051 2578 ἔλαττον
1096 2525 1197 2596 τῆς
1240 2525 1348 2580 τῶν
1394 2529 1809 2600 προειρημένων

242 2635 262 2670 ι
299 2618 478 2689 ἔχεται
507 2619 733 2690 πλάνης.
775 2640 794 2672 ι
828 2621 936 2674 Καὶ
976 2621 1092 2692 μεθ’
1121 2622 1285 2694 ἕτερα
1311 2622 1575 2692 ἐπιλέγει·
1615 2643 1632 2676 ι
1694 2624 1809 2676 Ἐν-

240 2728 260 2762 ι
298 2710 472 2781 τυχὼν
497 2711 606 2782 γὰρ
634 2713 946 2784 Ναρκίσσου
980 2713 1072 2766 τοῦ
1105 2714 1439 2783 Νερωνιάδος
1468 2716 1808 2788 προεστῶτος

239 2822 257 2854 ι
297 2805 571 2876 ἐπιστολῇ,
597 2807 662 2876 ἢν
685 2805 927 2877 γέγραφε
953 2807 1088 2878 πρὸς
1117 2809 1362 2880 Χρηστόν
1394 2809 1505 2880 (I9)
1533 2827 1673 2875 τινα,
1715 2811 1807 2864 καὶ

237 2916 256 2948 ι
297 2897 610 2969 Εὐφρόνιον,
637 2899 728 2952 καὶ
754 2898 1033 2964 Εὐσέϐιον,
1061 2900 1137 2964 ὼς
1173 2901 1350 2954 Ὀσίου
1375 2901 1472 2954 τοῦ
1505 2901 1804 2956 ἐπισκόπου

239 3005 257 3039 ι
297 2987 667 3060 ἐρωτήσαντος
699 2989 882 3055 αὐτὸν,
909 2992 981 3054 εί,
1009 2989 1197 3064 ῶσπερ
1225 2991 1482 3057 Εὐσέϐιος
1505 2995 1534 3046 ό
1560 2993 1660 3064 τῆς
1691 2995 1805 3049 Πα-

239 3101 257 3133 ι
284 3081 575 3152 ’λαιστίνης
600 3082 692 3135 δύο
719 3083 908 3147 οὐσίας
943 3079 1081 3136 εἶναι
1127 3101 1310 3155 φησιν,
1342 3083 1484 3138 οὕτω
1525 3088 1617 3140 καὶ
1642 3087 1804 3151 αὐτὸς

1931 623 1949 654 t
1989 620 2133 659 uem.
2159 604 2294 659 Nam
2326 605 2417 674 qui
2447 613 2625 675 potest
2664 603 2797 658 illud
2833 603 2973 670 ﬁeri,
3002 613 3062 658 ιιι.
3093 604 3184 674 qui
3237 605 3500 662 Dominus

1929 714 1949 748 ι
1980 709 2035 752 et
2065 698 2204 752 Deus
2229 707 2390 753 natus
2424 708 2529 763 est,
2561 698 2702 767 quod
2729 705 2844 751 eral
2873 697 2940 751 ab
2971 697 3065 751 illo
3095 697 3149 751 in
3182 699 3495 766 praeceden-

1927 810 1947 842 ι
1994 791 2136 845 tibus
2194 791 2454 859 positum,
2509 789 2601 845 Dei
2665 789 2847 859 imago
2891 789 3200 844 diceretur?
3225 789 3382 842 Aliud
3415 799 3500 844 est

1927 895 1946 928 t
1989 878 2189 947 quippe
2220 878 2358 931 Deus
2392 896 2404 930 :
2437 887 2490 932 et
2519 877 2695 946 imago
2724 878 2819 930 Dei
2852 877 3018 931 aliud.
3038 877 3178 947 Ergo
3201 879 3290 947 qui
3321 879 3500 947 imago

1925 986 1945 1020 ι
1975 979 2104 1033 est,
2142 983 2248 1022 non
2293 977 2375 1023 est
2406 969 2450 1024 is
2481 969 2665 1038 utique
2717 969 2977 1024 Dominus
3029 979 3125 1023 aut
3173 970 3345 1024 Deus:
3403 973 3498 1025 sed

1927 1079 1946 1114 t
1992 1061 2204 1116 Domini
2234 1061 2433 1129 imago,
2467 1071 2631 1130 atque
2666 1061 2783 1118 Dei.
2829 1059 2982 1126 Quod
3039 1061 3084 1116 si
3117 1061 3379 1116 Dominus
3411 1076 3499 1116 re-

1923 1173 1943 1205 (
1985 1169 2111 1207 vera
2147 1154 2215 1209 sit
2242 1165 2296 1208 et
2324 1152 2490 1218 Deus,
2518 1169 2622 1209 non
2649 1163 2826 1224 potest
2847 1167 2972 1209 esse
3000 1153 3178 1223 imago
3206 1152 3296 1208 Dei
3331 1163 3497 1224 atque

1924 1263 1944 1296 ι
1975 1244 2204 1300 Domini.
2247 1264 2264 1298 ι
2301 1243 2424 1300 Haec
2458 1246 3008 1301 inconsideratissime
3037 1245 3116 1301 sic
3159 1246 3226 1300 ab
3254 1245 3346 1300 illo
3376 1255 3492 1300 sta-

1920 1348 2174 1392 tuuntur:
2226 1338 2450 1393 minime
2497 1348 2678 1392 autem
2736 1337 3023 1404 intellexit,
3090 1350 3246 1407 posse
3295 1335 3492 1392 Filium

1922 1434 1980 1490 >14
2012 1428 2138 1494 dici,
2168 1427 2343 1482 vivam
2392 1428 2684 1498 imaginem
2727 1426 2910 1482 Patris
2955 1428 3037 1481 sui
3068 1468 3083 1493 ,
3133 1443 3255 1482 cum
3287 1428 3361 1481 sit
3395 1444 3498 1483 suo

1919 1515 2066 1572 Patri
2099 1533 2262 1587 quam
2297 1518 2629 1573 simillimus.
2681 1518 2793 1573 IIoc
2831 1530 2886 1574 et
2931 1518 3212 1588 Scriptura
3266 1528 3496 1574 testatur

1918 1609 2167 1679 inquiens
2200 1629 2213 1664 :
2259 1608 2395 1664 Vixit
2441 1623 2617 1665 autem
2652 1612 2818 1664 Adam
2841 1598 3290 1664 ducentos'annos
3325 1622 3372 1665 et
3407 1613 3498 1664 tri-

1914 1704 2080 1773 ginta,
2110 1715 2155 1758 et
2195 1707 2371 1775 genuit
2395 1706 2681 1758 secundum
2715 1705 2995 1774 imaginem
3017 1715 3065 1757 et
3092 1705 3494 1757 similitudinem

1916 1813 2066 1849 suam
2117 1797 2311 1865 ﬁlium,
2363 1814 2584 1868 eumque
2642 1799 2928 1852 nominavit
2980 1797 3104 1852 Setit
3146 1799 3211 1851 ⁸⁷.
3244 1799 3318 1852 De
3367 1797 3491 1851 Filii

1915 1898 2093 1943 autem
2125 1888 2410 1944 divinitate
2437 1890 2726 1960 Apostolus
2762 1891 2942 1954 docet,
2985 1890 3207 1945 dicens:
3242 1890 3344 1954 Qui
3376 1906 3494 1942 cum

1914 1984 1966 2034 in
2004 1980 2176 2048 forma
2214 1980 2307 2034 Dei
2345 1983 2755 2045 exsisteret,non
2791 1983 2968 2051 utique
2999 1983 3234 2050 rapinam
3268 1982 3497 2034 arbitra-

1915 2080 1997 2124 tus
2029 2081 2136 2137 est,
2161 2087 2338 2126 essese
2363 2072 2614 2141 aequalem
2647 2070 2794 2125 Deo:
2824 2071 2913 2124 sed
2948 2071 3278 2137 semetipsum
3315 2071 3497 2124 exitia-

1913 2163 2040 2215 nivit
2075 2163 2156 2227 ’⁸⁸;
2189 2173 2243 2217 et
2279 2163 2471 2217 iterum
2509 2178 2521 2214 :
2550 2162 2680 2216 Cum
2703 2173 2830 2216 esset
2860 2164 3044 2232 gloria:
3069 2164 3489 2231 respleudescen-

1913 2255 1988 2306 tia
2040 2265 2086 2307 et
2115 2256 2403 2320 emanatio,
2433 2265 2481 2309 et
2509 2257 2784 2308 character
2823 2257 3121 2324 [typostasis
3150 2257 3217 2308 δ’.
3266 2256 3331 2309 Ει
3364 2256 3492 2308 ελιίιιί

1911 2346 2110 2400 dicitur
2144 2363 2157 2399 :
2192 2345 2347 2400 Lucis
2383 2349 2571 2401 etenim
2591 2359 2802 2402 aeterna:
2834 2360 2906 2401 est
2931 2349 3216 2413 emanatio,
3237 2361 3283 2400 et
3311 2359 3495 2416 specu-

1911 2437 2019 2490 lum
2067 2437 2461 2491 immaculatum
2501 2439 2594 2492 Dei
2628 2440 2965 2507 operationis,
3009 2448 3058 2492 et
3103 2440 3277 2507 imago
3326 2439 3494 2507 ipsius

1909 2531 2157 2584 bonitatis
2184 2533 2271 2597 ll°;
2313 2539 2366 2586 et
2405 2533 2693 2602 Apostolus
2727 2532 2901 2586 adhuc
2936 2550 2948 2584 :
2991 2531 3237 2584 Devestiti
3277 2539 3494 2584 ueterem

1908 2623 2189 2687 hominem,
2222 2634 2268 2678 et
2301 2641 2490 2677 novum
2517 2624 2689 2677 induti
2719 2626 2808 2691 qui
2841 2635 3128 2677 renovatur
3159 2624 3210 2676 in
3235 2623 3495 2691 cognitio-

1908 2731 2044 2778 nem,
2092 2715 2378 2768 secundum
2412 2716 2690 2784 imaginem
2721 2715 3026 2770 Conditoris
3056 2719 3123 2767 ³¹.
3188 2716 3318 2782 Qua:
3369 2731 3494 2770 cum

1906 2805 2074 2872 dicat,
2143 2807 2274 2862 satis
2328 2816 2477 2876 patet
2539 2823 2644 2862 uou
2709 2809 2942 2863 voluisse
2995 2809 3145 2862 illum
3195 2808 3496 2879 intelligere

1907 2913 2126 2954 carnem
2160 2912 2281 2953 esse
2314 2897 2610 2964 imaginem
2643 2899 2755 2955 Dei.
2791 2898 3085 2954 Trausiens
3120 2899 3245 2954 hinc
3275 2899 3496 2955 Marcel-

1905 2988 1990 3044 lus
2012 2990 2078 3042 ad
2101 2987 2391 3058 episcopos
2417 2987 2490 3042 ita
2519 2989 2706 3043 scribit
2747 2988 2841 3060 [Β.
2877 2988 3190 3062 LXXXVII]
3227 3010 3242 3046 :
3286 3009 3304 3042 ι
3353 2990 3494 3045 Ecce

1911 3100 1931 3134 ι
1969 3097 2119 3146 vero,
2154 3098 2256 3138 non
2292 3096 2400 3138 tam
2448 3083 2647 3137 Asterii
2680 3098 2841 3138 causa
2889 3098 2988 3138 nos
3021 3098 3256 3139 maerore
3304 3083 3488 3143 allicit.

237 3194 257 3226 ι
296 3175 467 3244 λέγοι.
493 3177 702 3244 Ἕγνων
730 3177 890 3232 αὐτὸν
911 3177 1020 3248 (20)
1038 3175 1145 3231 άπὸ
1177 3177 1282 3230 τῶν
1298 3178 1635 3249 γραφέντων,
1657 3182 1806 3252 τρεῖς

1912 3193 1930 3229 ι
1971 3175 2015 3232 si
2072 3176 2198 3230 talia
2239 3175 2436 3231 litteris
2469 3176 2779 3240 mandavit,
2831 3193 2993 3247 quam
3049 3176 3190 3246 quod
3245 3173 3488 3228 nonnulli

237 3288 256 3320 ι
297 3265 434 3323 εἶναι
465 3270 737 3324 πιστεύειν
765 3271 952 3335 οὐσίας
993 3271 1436 3343 ἀποκρινόμενον.
1475 3291 1494 3324 ι
1528 3271 1692 3326 Ταῦτ’
1723 3275 1802 3327 εί-

233 3361 372 3426 πὼν,
399 3361 508 3417 ἀπὸ
543 3362 634 3416 τοῦ
671 3362 979 3436 Ναρκίσσου
1006 3365 1098 3418 ἐπὶ
1133 3363 1225 3417 τὸν
1261 3363 1519 3417 Εὐσέϐιον
1552 3365 1806 3436 μεταδαί-

230 3471 329 3520 νει,
371 3455 710 3527 κατηγορῶν,
747 3456 828 3508 δτι
855 3454 945 3508 τὸν
974 3455 1144 3525 Λόγον
1175 3455 1271 3509 τοῦ
1305 3453 1471 3519 Θεοῦ,
1505 3455 1636 3510 Θεὸν
1665 3452 1802 3510 εἶναι

226 3547 496 3618 ὁμολογεῖ.
548 3547 753 3619 Γράφει
784 3547 842 3600 δὲ
874 3547 967 3601 καὶ
993 3547 1123 3618 περὶ
1155 3546 1318 3600 αὐτοῦ
1369 3546 1542 3600 ταῦτα
1568 3565 1581 3578 ι
1634 3567 1652 3599 ι
1689 3549 1803 3600 Διε-

233 3661 251 3691 t
293 3637 405 3692 λείν
433 3639 544 3710 γὰρ
566 3639 657 3691 τὸν
682 3639 852 3707 Λόγον
887 3637 982 3691 τοῦ
1008 3637 1142 3690 Θεοῦ
1171 3637 1464 3710 τολμήσας,
1493 3638 1588 3691 καὶ
1617 3638 1806 3710 ἕτερον

232 3753 252 3786 ι
293 3734 427 3787 Θεὸν
460 3734 552 3786 τὸν
597 3731 768 3801 Λόγον
807 3731 1090 3802 ὀνομάσαι,
1141 3729 1297 3800 οὐσίᾳ
1339 3747 1398 3783 τε
1441 3731 1534 3784 καὶ
1578 3729 1802 3801 δυνάμει

233 3850 250 3880 ι
292 3825 559 3882 διεστῶτα
605 3825 699 3879 τοῦ
731 3824 974 3896 Πατρὸς,
1009 3825 1087 3886 είς
1135 3824 1264 3894 ὅσην
1313 3822 1662 3895 βλασφημίαν
1709 3825 1803 3877 ὲκ-

233 3942 250 3973 ι
293 3920 601 3984 πέπτωκεν,
635 3919 808 3973 ἔνεστι
839 3919 1022 3988 σαφῶς
1051 3917 1145 3972 ἀπ’
1171 3918 1348 3970 αὐτῶν
1375 3917 1484 3971 τῶν
1512 3917 1600 3971 ὑπ’
1641 3917 1803 3971 αὐτοῦ

232 4030 252 4063 ι
293 4012 616 4083 γραφέντων
659 4010 836 4082 ῥητῶν
886 4010 1081 4082 ῥαδίως
1125 4007 1434 4080 μανθάνειν.
1491 4029 1509 4060 ι
1554 4009 1801 4081 Γέγραφε

223 4104 284 4157 δὲ
319 4104 507 4168 αὐταῖς
527 4103 732 4168 λέξεσιν
760 4101 934 4165 οὕτως
953 4121 964 4132 ·
1000 4121 1017 4152 ι
1056 4101 1130 4154 υύ
1166 4101 1226 4172 δή
1255 4119 1356 4154 που
1380 4101 1437 4154 δὲ
1464 4103 1496 4172 ἡ
1525 4101 1687 4154 είκὼν
1710 4103 1803 4156 καὶ

227 4221 245 4250 ι
288 4198 351 4253 τὸ
385 4193 447 4252 οὗ
499 4200 645 4252 ἐστιν
695 4199 728 4268 ὴ
769 4195 949 4259 εἰκὼν,
985 4196 1042 4249 ἓν
1093 4197 1184 4250 καὶ
1227 4195 1423 4249 ταύτὸν
1468 4197 1759 4249 ἐπινοεῖται
1784 4213 1796 4226 ο

228 4311 246 4342 ι
289 4290 425 4344 ἀλλὰ
453 4291 545 4344 δύο
577 4289 674 4361 μὲν
705 4289 904 4353 οὐσίαι,
942 4289 1033 4342 καὶ
1071 4287 1164 4342 δύο
1199 4288 1496 4360 πράγματα
1518 4329 1531 4351 ,
1573 4289 1668 4341 καὶ
1712 4289 1804 4342 δύο

225 4402 244 4433 ι
287 4380 580 4452 δυνάμεις,
621 4373 696 4433 ὦν
736 4381 830 4432 καὶ
892 4376 1144 4431 τοσαῦται
1192 4375 1572 4448 προσηγορίαι.
1623 4394 1640 4426 ι
1692 4375 1802 4428 Καὶ

217 4470 399 4526 ταῦτα
459 4471 534 4534 ὼς
595 4471 774 4534 καλῶς
838 4468 1138 4524 διαϐάλλων
1208 4467 1530 4539 προστίθησι
1589 4467 1796 4536 λέγων’

1915 3292 1933 3325 ι
1979 3272 2068 3342 qui
2090 3287 2322 3343 prmesse
2339 3271 2592 3325 videntur
2608 3270 2888 3337 Ecclesiae,
2913 3271 3221 3340 apostolica:
3249 3269 3494 3323 traditio-

1911 3381 1931 3414 ι
1977 3362 2066 3416 nis
2097 3361 2274 3426 obliti,
2307 3371 2362 3415 et
2394 3361 2674 3416 saecularia
2705 3360 2901 3416 divinis
2931 3360 3302 3431 przeierentcs,
3339 3359 3490 3429 ejus-

1910 3473 1929 3504 ι
1970 3455 2178 3509 cemodi
2208 3453 2451 3523 quaedam
2487 3454 2729 3508 scribere
2760 3462 2813 3507 et
2843 3453 3038 3506 docere
3081 3452 3257 3522 palam
3291 3451 3492 3505 fuerint

1912 3563 1930 3595 ι
1978 3546 2118 3609 ausi,
2159 3561 2278 3614 quae
2301 3560 2408 3599 non
2439 3545 2620 3598 minus
2655 3559 2815 3612 quam
2841 3543 3200 3611 praecedentia
3246 3557 3487 3597 errorem

1910 3658 1928 3688 t
1978 3637 2274 3706 implicant.
2304 3656 2322 3690 ι
2346 3637 2548 3692 Deinde
2569 3637 2846 3708 subiungit
2882 3645 3004 3707 post
3029 3635 3282 3690 nonnulla
3309 3635 3488 3689 inter-

1897 3732 2081 3801 jecta:
2123 3731 2330 3785 «Incidi
2369 3730 2660 3798 aliquando
2709 3730 2762 3784 in
2820 3729 3103 3799 epistolam
3151 3745 3180 3782 a
3236 3727 3490 3781 Narcisso

1910 3845 1928 3878 ι
1975 3824 2234 3895 scriptam
2266 3823 2587 3879 Neroniadis
2613 3824 2887 3893 episcopo,
2916 3838 3077 3893 quam
3099 3822 3163 3876 ad
3194 3820 3484 3876 Chrestum

1910 3939 1928 3970 ι
1973 3918 2262 3989 quemdam
2303 3917 2501 3973 direxit
2528 3928 2583 3972 et
2612 3917 2981 3986 Euphronium
3008 3956 3022 3981 ,
3058 3925 3114 3970 et
3161 3901 3487 3977 Eusebium,

1910 4031 1928 4064 ι
1978 4012 2130 4082 quasi
2159 4011 2438 4081 proposita
2472 4011 2573 4081 ipsi
2601 4011 2668 4064 ab
2693 4008 2857 4064 IIosio
2886 4008 3140 4078 episcopo
3170 4003 3488 4074 quaestione,

1909 4123 1927 4156 ι
1977 4115 2157 4174 utrum
2206 4105 2358 4174 ipse,
2411 4103 2573 4158 veluti
2631 4101 2896 4156 Eusebius
2958 4100 3304 4165 Palaestinos,
3358 4099 3490 4154 duas

1911 4215 1928 4247 ι
1974 4197 2308 4252 substantias
2337 4195 2621 4250 fateretur.
2644 4193 2793 4248 IIanc
2819 4194 2908 4248 ubi
2938 4192 3198 4264 legeram,
3240 4193 3488 4245 animad-

1909 4306 1928 4340 ι
1978 4289 2120 4342 verti
2188 4298 2242 4342 et
2279 4288 2452 4358 ipsum
2494 4287 2699 4357 scripto
2739 4286 2830 4342 illo
2863 4301 2961 4340 suo
3014 4295 3122 4340 tres
3154 4284 3489 4340 substantias

1909 4399 1927 4431 ι
1973 4379 2194 4435 omnino
2231 4380 2506 4434 conﬁteri.
2533 4399 2552 4430 ι
2594 4378 2719 4433 Ilaec
2749 4379 2837 4432 ubi
2876 4378 3030 4445 dixit,
3060 4393 3088 4430 a
3119 4376 3374 4430 Narcisso
3421 4377 3488 4428 ad

1907 4471 2194 4527 Eusebium
2249 4471 2600 4535 transcendit,
2647 4484 2878 4539 cumque
2931 4477 3152 4524 accusat
3201 4482 3266 4522 eo
3313 4467 3490 4520 nomi-

225 4583 245 4616 ι
289 4563 418 4627 Πῶς
452 4558 544 4617 οὖν
575 4564 633 4615 οὐ
666 4562 762 4634 τὴν
792 4561 962 4632 αὐτὴν
991 4555 1132 4616 οὗτοι
1174 4563 1286 4623 τοῖς
1313 4560 1508 4625 ἔξωθεν
1535 4560 1798 4631 κακίστην

1912 4579 1990 4630 ne,
2053 4563 2193 4633 quod
2234 4561 2468 4619 Verbum
2523 4562 2616 4617 Dei
2678 4562 3000 4632 proﬁteatur
3043 4559 3232 4613 Deum.
3291 4556 3492 4611 Scribit

223 4674 243 4706 ι
286 4653 408 4707 ὁδὸν
455 4653 784 4724 τραπέντας,
821 4652 892 4706 τὰ
932 4651 1068 4706 αὐτὰ
1107 4651 1312 4718 διδάξαι
1361 4669 1420 4705 τε
1456 4655 1548 4706 καὶ
1592 4653 1796 4724 γράψαι

291 4798 353 4855 ›Ῑ‹
391 4793 491 4863 Etl.
521 4791 724 4856 Paris”
747 4807 868 4863 pag.
895 4793 986 4847 25.

1905 4665 2082 4710 autem
2118 4655 2183 4709 ad
2208 4654 2352 4710 hunc
2386 4654 2605 4710 modum
2640 4671 2654 4708 :
2703 4651 2796 4724 [Ιί.
2822 4649 3036 4722 LXXII]
3075 4667 3094 4702 ι
3119 4649 3356 4704 Verbum
3390 4642 3487 4700 Dei

291 4864 338 4895 ‘7
373 4862 511 4919 Gen.
563 4878 616 4927 ν,
665 4863 718 4918 5.
748 4861 757 4863 ⁷
794 4863 839 4894 ⁸⁸
869 4863 1062 4934 Philip.
1104 4880 1168 4930 ιι,
1205 4864 1259 4931 6,
1292 4864 1347 4918 7.
1422 4865 1466 4897 ⁸⁸
1496 4864 1663 4922 Hebr.
1688 4882 1726 4933 t,
1771 4868 1805 4922 5

1912 4867 1945 4905 ιο
1979 4864 2109 4936 Sap.
2140 4881 2209 4919 vu
2233 4905 2249 4930 ,
2280 4863 2371 4920 26.
2449 4866 2491 4896 ³¹
2522 4863 2637 4920 Col.
2677 4878 2758 4925 ιιι,
2784 4861 2837 4926 9,
2867 4861 2955 4918 IO.

293 4999 409 5126 (I8?
452 5002 534 5054 Οὐ
563 5001 858 5056 τοσοῦτον
907 4999 1065 5072 ἡμᾶς
1109 5000 1310 5057 λυπεῖ.
1366 4999 1625 5065 Scilicet,
1677 5002 1804 5070 quia

293 5083 345 5125 at
403 5072 576 5126 aicus.
627 5087 766 5126 nene
801 5088 1044 5126 natzauus
1080 5073 1166 5125 hic
1214 5073 1482 5126 Asterius.
1533 5071 1666 5126 Nam
1719 5073 1807 5126 hic

1912 5001 2162 5056 videatur
2210 5001 2298 5055 hic
2327 4999 2584 5062 Ariauus,
2627 5007 2683 5052 et
2711 5000 2778 5052 de
2805 5012 2872 5051 eo
2916 5005 3174 5064 tanquam
3218 5009 3316 5064 per
3358 5009 3486 5050 con-

1912 5081 2174 5126 temntum
2212 5071 2462 5126 loouatur
2497 5067 2804 5126 Marcellus.
2842 5067 3058 5126 opinor,
3087 5064 3249 5119 alium
3284 5065 3351 5118 ab
3380 5065 3486 5122 isto

213 5065 600 5143 eratrlaicus,
627 5087 766 5142 pene
801 5065 1053 5143 paganus
1080 5073 1166 5143 hic
1214 5073 1482 5143 Asterius.
1533 5071 1666 5143 Nam
1698 5065 1807 5126 'hic
1909 5081 2174 5143 templum
2212 5071 2462 5141 loquatur
2497 5067 2804 5132 Marcellus,
2842 5067 3058 5136 Opinor,
3087 5065 3249 5119 alium
3284 5065 3351 5118 ab
3380 5065 3486 5122 isto

212 5142 517 5211 manifeste
573 5141 816 5207 dacetur,
871 5141 976 5197 non
1036 5142 1205 5198 fuisse
1255 5142 1406 5195 illum
1468 5142 1800 5211 episcopum.

211 5209 395 5266 Porro
425 5226 492 5265 ex
531 5212 614 5266 his
663 5229 781 5279 quae
825 5225 1150 5282 sequuntur,
1185 5209 1588 5267 manifestarius
1638 5209 1804 5267 litare-

1905 5141 2364 5284 γθέἕιίξιένᾱκγν·ων
2395 5211 2598 5284 αὐτόν.
2649 5208 2912 5278 Loquitur
2946 5205 3245 5284 Marcellus
3264 5205 3488 5284 Eu-

213 5283 365 5336 ticus
391 5275 812 5350 deprehenditur
835 5275 1144 5348 Marcellus,
1173 5285 1216 5337 si
1244 5297 1368 5338 vere
1394 5283 1637 5336 rrtulerit
1662 5283 1805 5337 illius
1904 5275 2086 5347 sebio,’
2103 5292 2156 5335 et
2195 5275 2380 5334 verum
2407 5291 2510 5345 est,
2540 5275 2879 5334 fatetur—tres
2907 5277 3116 5350 οὐσίας,
3145 5277 3238 5350 sed
3263 5275 3484 5350 F_ili_um,

210 5351 366 5430 dicta
407 5346 714 5430 scriptaque
743 5354 1022 5430 Eusebius.
1042 5346 1202 5430 Me:—
1225 5353 1357 5430 Dein
1383 5354 1541 5423 vulgo
1570 5353 1804 5430 γράφειν
1907 5363 1964 5430 e_t
2011 5346 2268 5430 spiritum
2320 5363 2593 5430 sanctum
2622 5359 2838 5404 creatas
2891 5348 3252 5430 substantias:
3290 5346 3484 5427 F-iliutu

208 5433 274 5476 ct
301 5422 406 5496 τῆς
437 5422 711 5496 agros-met
737 5439 845 5479 om.
870 5425 982 5496 γάρ
1017 5423 1422 5496 νυξὶ-ἐντυχών.

294 5491 412 5561 (I9)
454 5491 611 5560 Πρὸς
638 5494 915 5562 Χρηστόν
947 5491 1098 5548 τινα.
1135 5493 1265 5547 Erat
1294 5491 1647 5562 Euphronius
1685 5494 1798 5564 epi-

209 5576 423 5632 SCOpUS
469 5565 859 5627 Autiochenus,
910 5579 1193 5619 successor
1229 5565 1464 5619 Flaccilli
1498 5586 1510 5620 :
1556 5565 1693 5632 ejus,
1724 5565 1792 5619 ad

209 5648 386 5704 quem
439 5643 550 5690 tres
603 5633 766 5689 hosce
816 5635 1144 5704 posteriores
1195 5651 1324 5689 suos
1375 5635 1540 5690 libros
1597 5645 1786 5689 contra

210 5702 570 5766 Marcellum,
628 5705 772 5759 misit
821 5702 1101 5760 Eusebius
1160 5705 1471 5772 dedicatos;
1525 5705 1787 5761 Chrestus

206 5786 356 5846 vero
381 5776 665 5846 cpiscapus
694 5776 968 5846 Nysscnus
999 5776 1051 5829 in
1085 5777 1256 5829 locum
1289 5775 1619 5844 Theognidis
1645 5775 1783 5844 pulsi

212 5859 248 5901 a
282 5845 669 5914 Constantino,
699 5845 753 5904 et,
779 5847 903 5902 olim
935 5847 1158 5917 depositi
1187 5861 1214 5900 a
1250 5846 1478 5902 concilio
1507 5868 1517 5902 :
1548 5847 1639 5902 sed
1667 5861 1788 5902 cum

1907 5416 2070 5477 Patre
2109 5423 2397 5481 minorem,
2449 5421 2710 5490 Spiritum
2761 5429 3004 5490 sanctum
3035 5416 3190 5480 Filio,
3241 5420 3386 5470 hunc
3410 5416 3482 5490 ‘in

1905 5503 2169 5562 tempore,
2217 5491 2362 5562 illum
2399 5485 2524 5562 ante
2561 5502 2829 5562 tempora,
2856 5489 3261 5562 sed‘creatutn;
3295 5485 3481 5562 statim

1904 5553 2124 5617 accusat
2149 5553 2272 5616 eum
2301 5560 2585 5615 Marcellus
2605 5553 2795 5615 de'ltoc
2823 5561 2940 5628 ipso
2964 5558 3300 5628 blasphemo,
3324 5553 3483 5628 οὐσίᾳ

1902 5634 1996 5706 καὶ
2015 5632 2240 5703 δυνάμει
2268 5631 2530 5706 διεστῶτα
2549 5629 2642 5684 τοῦ
2663 5627 2897 5706 ῌ-ατρόςἐ
2913 5627 3022 5706 Nec
3046 5627 3296 5706 atuolitur
3314 5627 3468 5706 lius-8

1902 5705 2026 5758 hius
2056 5696 2193 5756 hanc
2221 5705 2644 5770 accusationem.
2674 5701 2746 5756 M.
2773 5696 2840 5741 '—
2874 5702 3000 5754 Deiu
3035 5699 3197 5770 vulgo
3233 5696 3340 5750 ἀπὸ
3373 5696 3475 5748 τῶι

1901 5774 1993 5828 ὑπ’
2031 5772 2194 5827 αὐτοῦ
2220 5787 2271 5829 ει
2291 5767 2364 5826 ῶν
2389 5775 2481 5826 καὶ
2508 5789 2621 5826 ros.
2641 5784 2697 5828 ct
2722 5772 3045 5845 τρατιύντας.
