  <div class='ocr_page' id='page_1' title='image "/cluster/home/n/w/nwhite01/storage/ocr_20150623/24/hvd.32044073501108/392.png"; bbox 0 0 4000 6398; ppageno 0'>
   <div class='ocr_carea' id='block_1_1' title="bbox 238 353 337 410">
    <p class='ocr_par' dir='ltr' id='par_1_1' title="bbox 238 353 337 410">
     <span class='ocr_line' id='line_1_1' title="bbox 238 353 337 410; baseline 0.02 -2"><span class='ocrx_word' id='word_1_1' title='bbox 238 353 337 410; x_wconf 78' lang='lat'><strong>769</strong></span> 
     </span>
    </p>
   </div>
   <div class='ocr_carea' id='block_1_2' title="bbox 1345 350 2346 412">
    <p class='ocr_par' dir='ltr' id='par_1_2' title="bbox 1345 350 2346 412">
     <span class='ocr_line' id='line_1_2' title="bbox 1345 350 2346 412; baseline -0.001 -3"><span class='ocrx_word' id='word_1_2' title='bbox 1345 354 1629 410; x_wconf 73' lang='lat' dir='ltr'><strong>CONTRA</strong></span> <span class='ocrx_word' id='word_1_3' title='bbox 1666 352 2092 412; x_wconf 73' lang='lat' dir='ltr'><strong>MARCELLUM</strong></span> <span class='ocrx_word' id='word_1_4' title='bbox 2134 350 2262 408; x_wconf 86' lang='lat' dir='ltr'><strong>LIB.</strong></span> <span class='ocrx_word' id='word_1_5' title='bbox 2305 377 2346 408; x_wconf 68' lang='grc' dir='ltr'><strong>ι.</strong></span> 
     </span>
    </p>
   </div>
   <div class='ocr_carea' id='block_1_3' title="bbox 3377 355 3483 412">
    <p class='ocr_par' dir='ltr' id='par_1_3' title="bbox 3377 355 3483 412">
     <span class='ocr_line' id='line_1_3' title="bbox 3377 355 3483 412; baseline 0.038 -4"><span class='ocrx_word' id='word_1_6' title='bbox 3377 355 3483 412; x_wconf 80' lang='lat'><strong>770</strong></span> 
     </span>
    </p>
   </div>
   <div class='ocr_carea' id='block_1_4' title="bbox 232 467 1801 557">
    <p class='ocr_par' dir='ltr' id='par_1_4' title="bbox 232 469 1801 543">
     <span class='ocr_line' id='line_1_4' title="bbox 232 469 1801 543; baseline -0.001 -18"><span class='ocrx_word' id='word_1_7' title='bbox 232 471 458 543; x_wconf 81' lang='grc' dir='ltr'>πικρῶς,</span> <span class='ocrx_word' id='word_1_8' title='bbox 487 472 566 540; x_wconf 83' lang='grc' dir='ltr'>τῷ</span> <span class='ocrx_word' id='word_1_9' title='bbox 593 469 760 541; x_wconf 74' lang='grc' dir='ltr'>μηδὲν</span> <span class='ocrx_word' id='word_1_10' title='bbox 784 471 1026 542; x_wconf 73' lang='grc' dir='ltr'><strong>εἰρηκότι</strong></span> <span class='ocrx_word' id='word_1_11' title='bbox 1057 470 1259 532; x_wconf 88' lang='grc' dir='ltr'>πλεῖον,</span> <span class='ocrx_word' id='word_1_12' title='bbox 1289 470 1362 533; x_wconf 83' lang='grc' dir='ltr'><strong>ὡς</strong></span> <span class='ocrx_word' id='word_1_13' title='bbox 1392 470 1552 534; x_wconf 83' lang='grc' dir='ltr'>αὐτὸς</span> <span class='ocrx_word' id='word_1_14' title='bbox 1578 471 1801 542; x_wconf 76' lang='grc' dir='ltr'>γράφει,</span> 
     </span>
    </p>
   </div>
   <div class='ocr_carea' id='block_1_5' title="bbox 1906 467 3484 557">
    <p class='ocr_par' dir='ltr' id='par_1_5' title="bbox 1907 467 3484 539">
     <span class='ocr_line' id='line_1_5' title="bbox 1907 467 3484 539; baseline 0.003 -14"><span class='ocrx_word' id='word_1_15' title='bbox 1907 470 2186 535; x_wconf 71' lang='lat' dir='ltr'><strong>transiret,</strong></span> <span class='ocrx_word' id='word_1_16' title='bbox 2216 471 2284 534; x_wconf 53' lang='lat' dir='ltr'><strong>.in</strong></span> <span class='ocrx_word' id='word_1_17' title='bbox 2312 467 2540 524; x_wconf 81' lang='lat' dir='ltr'><strong>ecclesia</strong></span> <span class='ocrx_word' id='word_1_18' title='bbox 2563 468 2987 524; x_wconf 84' lang='lat' dir='ltr'><strong>concionaretur</strong></span> <span class='ocrx_word' id='word_1_19' title='bbox 3014 485 3029 524; x_wconf 90' lang='lat'><strong>:</strong></span> <span class='ocrx_word' id='word_1_20' title='bbox 3057 471 3202 539; x_wconf 88' lang='lat' dir='ltr'><strong>quod</strong></span> <span class='ocrx_word' id='word_1_21' title='bbox 3236 485 3296 528; x_wconf 84' lang='lat' dir='ltr'><strong>se</strong></span> <span class='ocrx_word' id='word_1_22' title='bbox 3323 471 3484 530; x_wconf 81' lang='lat' dir='ltr'><strong>fando</strong></span> 
     </span>
    </p>
   </div>
   <div class='ocr_carea' id='block_1_6' title="bbox 229 562 1804 636">
    <p class='ocr_par' dir='ltr' id='par_1_6' title="bbox 229 562 1804 636">
     <span class='ocr_line' id='line_1_6' title="bbox 229 562 1804 636; baseline -0.001 -19"><span class='ocrx_word' id='word_1_23' title='bbox 229 565 262 636; x_wconf 75' lang='grc' dir='ltr'>ἢ</span> <span class='ocrx_word' id='word_1_24' title='bbox 293 562 354 617; x_wconf 83' lang='grc' dir='ltr'><strong>τὸ</strong></span> <span class='ocrx_word' id='word_1_25' title='bbox 383 562 738 615; x_wconf 86' lang='grc' dir='ltr'>ἀποστολικὸν</span> <span class='ocrx_word' id='word_1_26' title='bbox 772 565 958 634; x_wconf 75' lang='grc' dir='ltr'>ῥητόν.</span> <span class='ocrx_word' id='word_1_27' title='bbox 990 564 1100 616; x_wconf 75' lang='grc' dir='ltr'><strong>Καὶ</strong></span> <span class='ocrx_word' id='word_1_28' title='bbox 1134 563 1229 616; x_wconf 90' lang='grc' dir='ltr'><strong>νῦν</strong></span> <span class='ocrx_word' id='word_1_29' title='bbox 1271 562 1374 633; x_wconf 81' lang='grc' dir='ltr'>μὲν</span> <span class='ocrx_word' id='word_1_30' title='bbox 1409 562 1504 616; x_wconf 83' lang='grc' dir='ltr'>δύο</span> <span class='ocrx_word' id='word_1_31' title='bbox 1532 563 1687 627; x_wconf 80' lang='grc' dir='ltr'>Θεοὺς</span> <span class='ocrx_word' id='word_1_32' title='bbox 1717 563 1804 616; x_wconf 82' lang='grc' dir='ltr'><strong>λέ⁹</strong></span> 
     </span>
    </p>
   </div>
   <div class='ocr_carea' id='block_1_7' title="bbox 229 654 1802 726">
    <p class='ocr_par' dir='ltr' id='par_1_7' title="bbox 229 654 1802 726">
     <span class='ocr_line' id='line_1_7' title="bbox 229 654 1802 726; baseline 0 -18"><span class='ocrx_word' id='word_1_33' title='bbox 229 672 344 724; x_wconf 90' lang='grc' dir='ltr'>γειν</span> <span class='ocrx_word' id='word_1_34' title='bbox 370 654 462 708; x_wconf 87' lang='grc' dir='ltr'><strong>τὸν</strong></span> <span class='ocrx_word' id='word_1_35' title='bbox 492 654 748 707; x_wconf 76' lang='grc' dir='ltr'>Εὐσέϐιον</span> <span class='ocrx_word' id='word_1_36' title='bbox 781 655 1052 726; x_wconf 75' lang='grc' dir='ltr'>ὁμολογεῖ,</span> <span class='ocrx_word' id='word_1_37' title='bbox 1083 655 1159 716; x_wconf 84' lang='grc' dir='ltr'>ὼς</span> <span class='ocrx_word' id='word_1_38' title='bbox 1179 654 1245 708; x_wconf 83' lang='grc' dir='ltr'>ἂν</span> <span class='ocrx_word' id='word_1_39' title='bbox 1265 654 1358 708; x_wconf 90' lang='grc' dir='ltr'><strong>τὸν</strong></span> <span class='ocrx_word' id='word_1_40' title='bbox 1387 656 1513 708; x_wconf 85' lang='grc' dir='ltr'>Υίὸν</span> <span class='ocrx_word' id='word_1_41' title='bbox 1535 655 1630 708; x_wconf 93' lang='grc' dir='ltr'><strong>τοῦ</strong></span> <span class='ocrx_word' id='word_1_42' title='bbox 1667 655 1802 708; x_wconf 91' lang='grc' dir='ltr'>Θεοῦ</span> 
     </span>
    </p>
   </div>
   <div class='ocr_carea' id='block_1_8' title="bbox 229 743 1800 818">
    <p class='ocr_par' dir='ltr' id='par_1_8' title="bbox 229 743 1800 818">
     <span class='ocr_line' id='line_1_8' title="bbox 229 743 1800 818; baseline 0.003 -21"><span class='ocrx_word' id='word_1_43' title='bbox 229 743 579 814; x_wconf 82' lang='grc' dir='ltr'>οεολογοῦντα</span> <span class='ocrx_word' id='word_1_44' title='bbox 613 746 709 798; x_wconf 84' lang='grc' dir='ltr'>σὺν</span> <span class='ocrx_word' id='word_1_45' title='bbox 741 745 818 816; x_wconf 83' lang='grc' dir='ltr'><strong>τῷ</strong></span> <span class='ocrx_word' id='word_1_46' title='bbox 853 746 1060 818; x_wconf 86' lang='grc' dir='ltr'>Πατρί·</span> <span class='ocrx_word' id='word_1_47' title='bbox 1096 744 1301 816; x_wconf 85' lang='grc' dir='ltr'>προῖὼν</span> <span class='ocrx_word' id='word_1_48' title='bbox 1329 747 1375 800; x_wconf 85' lang='grc' dir='ltr'>δ’</span> <span class='ocrx_word' id='word_1_49' title='bbox 1414 748 1472 800; x_wconf 82' lang='grc' dir='ltr'>ὲν</span> <span class='ocrx_word' id='word_1_50' title='bbox 1507 750 1619 810; x_wconf 86' lang='grc' dir='ltr'>τοῖς</span> <span class='ocrx_word' id='word_1_51' title='bbox 1651 748 1800 818; x_wconf 76' lang='grc' dir='ltr'>ἑξῆς,</span> 
     </span>
    </p>
   </div>
   <div class='ocr_carea' id='block_1_9' title="bbox 227 833 1803 913">
    <p class='ocr_par' dir='ltr' id='par_1_9' title="bbox 227 833 1803 913">
     <span class='ocr_line' id='line_1_9' title="bbox 227 833 1803 913; baseline 0.004 -25"><span class='ocrx_word' id='word_1_52' title='bbox 227 837 416 909; x_wconf 80' lang='grc' dir='ltr'>ὥσπερ</span> <span class='ocrx_word' id='word_1_53' title='bbox 449 836 870 909; x_wconf 78' lang='grc' dir='ltr'><strong>ἐπιλελησμένος</strong></span> <span class='ocrx_word' id='word_1_54' title='bbox 913 833 989 893; x_wconf 81' lang='grc' dir='ltr'>ὧν</span> <span class='ocrx_word' id='word_1_55' title='bbox 1033 840 1266 894; x_wconf 74' lang='grc' dir='ltr'>ἐνταῦθα</span> <span class='ocrx_word' id='word_1_56' title='bbox 1297 841 1678 913; x_wconf 80' lang='grc' dir='ltr'>κατηγόρηκε,</span> <span class='ocrx_word' id='word_1_57' title='bbox 1711 841 1803 894; x_wconf 90' lang='grc' dir='ltr'><strong>τὸν</strong></span> 
     </span>
    </p>
   </div>
   <div class='ocr_carea' id='block_1_10' title="bbox 227 928 1802 1002">
    <p class='ocr_par' dir='ltr' id='par_1_10' title="bbox 227 928 1802 1002">
     <span class='ocr_line' id='line_1_10' title="bbox 227 928 1802 1002; baseline 0.003 -21"><span class='ocrx_word' id='word_1_58' title='bbox 227 928 387 982; x_wconf 75' lang='grc' dir='ltr'>αὑτὸν</span> <span class='ocrx_word' id='word_1_59' title='bbox 430 930 684 998; x_wconf 80' lang='grc' dir='ltr'>πειρᾶται</span> <span class='ocrx_word' id='word_1_60' title='bbox 724 928 1028 984; x_wconf 78' lang='grc' dir='ltr'>διαϐάλλειν</span> <span class='ocrx_word' id='word_1_61' title='bbox 1072 929 1149 994; x_wconf 87' lang='grc' dir='ltr'>ὼς</span> <span class='ocrx_word' id='word_1_62' title='bbox 1185 929 1340 1000; x_wconf 74' lang='grc' dir='ltr'>ψιλὸν</span> <span class='ocrx_word' id='word_1_63' title='bbox 1382 931 1666 1002; x_wconf 82' lang='grc' dir='ltr'>ἄνθρωπον</span> <span class='ocrx_word' id='word_1_64' title='bbox 1712 932 1802 985; x_wconf 90' lang='grc' dir='ltr'><strong>τὸν</strong></span> 
     </span>
    </p>
   </div>
   <div class='ocr_carea' id='block_1_11' title="bbox 228 1019 1801 1095">
    <p class='ocr_par' dir='ltr' id='par_1_11' title="bbox 228 1019 1801 1095">
     <span class='ocr_line' id='line_1_11' title="bbox 228 1019 1801 1095; baseline 0.003 -24"><span class='ocrx_word' id='word_1_65' title='bbox 228 1019 459 1092; x_wconf 78' lang='grc' dir='ltr'>Χριστὸν</span> <span class='ocrx_word' id='word_1_66' title='bbox 475 1019 613 1074; x_wconf 84' lang='grc' dir='ltr'>εῐναι</span> <span class='ocrx_word' id='word_1_67' title='bbox 637 1021 880 1089; x_wconf 89' lang='grc' dir='ltr'>λέγοντα.</span> <span class='ocrx_word' id='word_1_68' title='bbox 899 1021 1058 1094; x_wconf 76' lang='grc' dir='ltr'><strong>Ἑξῆς</strong></span> <span class='ocrx_word' id='word_1_69' title='bbox 1072 1021 1129 1076; x_wconf 86' lang='grc' dir='ltr'>δὲ</span> <span class='ocrx_word' id='word_1_70' title='bbox 1145 1025 1257 1087; x_wconf 88' lang='grc' dir='ltr'>τοῖς</span> <span class='ocrx_word' id='word_1_71' title='bbox 1276 1023 1658 1095; x_wconf 83' lang='grc' dir='ltr'><strong>προκειμένοις</strong></span> <span class='ocrx_word' id='word_1_72' title='bbox 1678 1023 1801 1076; x_wconf 80' lang='grc' dir='ltr'>ἐπι-</span> 
     </span>
    </p>
   </div>
   <div class='ocr_carea' id='block_1_12' title="bbox 179 1093 1800 1185">
    <p class='ocr_par' dir='ltr' id='par_1_12' title="bbox 179 1093 1800 1185">
     <span class='ocr_line' id='line_1_12' title="bbox 179 1093 1800 1185; baseline 0.002 -22"><span class='ocrx_word' id='word_1_73' title='bbox 179 1093 184 1097; x_wconf 39' lang='grc'><em>’</em></span> <span class='ocrx_word' id='word_1_74' title='bbox 231 1112 488 1164; x_wconf 81' lang='grc' dir='ltr'><strong>συνάπτει</strong></span> <span class='ocrx_word' id='word_1_75' title='bbox 507 1111 704 1182; x_wconf 73' lang='grc' dir='ltr'>πολλήν</span> <span class='ocrx_word' id='word_1_76' title='bbox 722 1128 842 1164; x_wconf 90' lang='grc' dir='ltr'>τινα</span> <span class='ocrx_word' id='word_1_77' title='bbox 865 1115 960 1166; x_wconf 72' lang='grc' dir='ltr'><strong>καὶ</strong></span> <span class='ocrx_word' id='word_1_78' title='bbox 979 1113 1196 1185; x_wconf 82' lang='grc' dir='ltr'>μακράν</span> <span class='ocrx_word' id='word_1_79' title='bbox 1213 1093 1500 1185; x_wconf 82' lang='grc' dir='ltr'>φλυαρίαν,</span> <span class='ocrx_word' id='word_1_80' title='bbox 1517 1113 1586 1168; x_wconf 86' lang='grc' dir='ltr'><strong>τά</strong></span> <span class='ocrx_word' id='word_1_81' title='bbox 1600 1130 1657 1166; x_wconf 88' lang='grc' dir='ltr'><strong>τε</strong></span> <span class='ocrx_word' id='word_1_82' title='bbox 1673 1114 1800 1167; x_wconf 75' lang='grc' dir='ltr'>ὄντα</span> 
     </span>
    </p>
   </div>
   <div class='ocr_carea' id='block_1_13' title="bbox 229 1203 1802 1276">
    <p class='ocr_par' dir='ltr' id='par_1_13' title="bbox 229 1203 1802 1276">
     <span class='ocr_line' id='line_1_13' title="bbox 229 1203 1802 1276; baseline 0.002 -20"><span class='ocrx_word' id='word_1_83' title='bbox 229 1203 297 1257; x_wconf 88' lang='grc' dir='ltr'><strong>τά</strong></span> <span class='ocrx_word' id='word_1_84' title='bbox 309 1219 366 1257; x_wconf 86' lang='grc' dir='ltr'><strong>τε</strong></span> <span class='ocrx_word' id='word_1_85' title='bbox 383 1203 457 1274; x_wconf 82' lang='grc' dir='ltr'>μὴ</span> <span class='ocrx_word' id='word_1_86' title='bbox 473 1203 601 1257; x_wconf 75' lang='grc' dir='ltr'>ὄντα</span> <span class='ocrx_word' id='word_1_87' title='bbox 614 1203 790 1274; x_wconf 74' lang='grc' dir='ltr'>ἑαυιῷ</span> <span class='ocrx_word' id='word_1_88' title='bbox 805 1205 1206 1275; x_wconf 63' lang='grc' dir='ltr'><strong>συνείρωναξὸ)⁸</strong></span> <span class='ocrx_word' id='word_1_89' title='bbox 1229 1207 1512 1276; x_wconf 76' lang='grc' dir='ltr'>μονονουχὶ</span> <span class='ocrx_word' id='word_1_90' title='bbox 1526 1205 1665 1259; x_wconf 85' lang='grc' dir='ltr'><strong>κατά</strong></span> <span class='ocrx_word' id='word_1_91' title='bbox 1679 1207 1802 1268; x_wconf 72' lang='grc' dir='ltr'>τοὺς</span> 
     </span>
    </p>
   </div>
   <div class='ocr_carea' id='block_1_14' title="bbox 230 1295 1804 1366">
    <p class='ocr_par' dir='ltr' id='par_1_14' title="bbox 230 1295 1804 1366">
     <span class='ocr_line' id='line_1_14' title="bbox 230 1295 1804 1366; baseline 0.003 -19"><span class='ocrx_word' id='word_1_92' title='bbox 230 1296 524 1366; x_wconf 79' lang='grc' dir='ltr'>φήσαντας.</span> <span class='ocrx_word' id='word_1_93' title='bbox 558 1295 633 1349; x_wconf 84' lang='grc' dir='ltr'><em>Τὰ</em></span> <span class='ocrx_word' id='word_1_94' title='bbox 652 1296 825 1364; x_wconf 68' lang='grc' dir='ltr'>χείλη</span> <span class='ocrx_word' id='word_1_95' title='bbox 851 1295 1020 1365; x_wconf 78' lang='grc' dir='ltr'><strong>ἡμῶν</strong></span> <span class='ocrx_word' id='word_1_96' title='bbox 1040 1296 1178 1364; x_wconf 80' lang='grc' dir='ltr'>,παρ’</span> <span class='ocrx_word' id='word_1_97' title='bbox 1200 1297 1344 1366; x_wconf 78' lang='grc' dir='ltr'>ἡμῖν</span> <span class='ocrx_word' id='word_1_98' title='bbox 1357 1297 1508 1362; x_wconf 82' lang='grc' dir='ltr'>ἐστι,</span> <span class='ocrx_word' id='word_1_99' title='bbox 1531 1298 1623 1362; x_wconf 81' lang='grc' dir='ltr'><strong>τίς</strong></span> <span class='ocrx_word' id='word_1_100' title='bbox 1636 1295 1804 1366; x_wconf 77' lang='grc' dir='ltr'><strong>ἡμῶν</strong></span> 
     </span>
    </p>
   </div>
   <div class='ocr_carea' id='block_1_15' title="bbox 229 1378 1802 1460">
    <p class='ocr_par' dir='ltr' id='par_1_15' title="bbox 229 1378 1802 1460">
     <span class='ocr_line' id='line_1_15' title="bbox 229 1378 1802 1460; baseline 0.004 -25"><span class='ocrx_word' id='word_1_101' title='bbox 229 1385 431 1452; x_wconf 81' lang='grc' dir='ltr'>κύριός</span> <span class='ocrx_word' id='word_1_102' title='bbox 476 1383 641 1447; x_wconf 84' lang='grc' dir='ltr'>ἐστι;</span> <span class='ocrx_word' id='word_1_103' title='bbox 695 1383 772 1436; x_wconf 84' lang='grc' dir='ltr'><strong>Δι’</strong></span> <span class='ocrx_word' id='word_1_104' title='bbox 803 1378 879 1438; x_wconf 83' lang='grc' dir='ltr'>ὧν</span> <span class='ocrx_word' id='word_1_105' title='bbox 917 1385 1222 1446; x_wconf 84' lang='grc' dir='ltr'>δείκνυται,</span> <span class='ocrx_word' id='word_1_106' title='bbox 1270 1386 1453 1451; x_wconf 84' lang='grc' dir='ltr'>καθὼς</span> <span class='ocrx_word' id='word_1_107' title='bbox 1505 1387 1802 1460; x_wconf 81' lang='grc' dir='ltr'>ἀρχόμενος</span> 
     </span>
    </p>
   </div>
   <div class='ocr_carea' id='block_1_16' title="bbox 227 1474 1803 1552">
    <p class='ocr_par' dir='ltr' id='par_1_16' title="bbox 227 1474 1803 1552">
     <span class='ocr_line' id='line_1_16' title="bbox 227 1474 1803 1552; baseline 0.004 -25"><span class='ocrx_word' id='word_1_108' title='bbox 227 1474 361 1547; x_wconf 78' lang='grc' dir='ltr'>ἔφην</span> <span class='ocrx_word' id='word_1_109' title='bbox 402 1475 496 1529; x_wconf 90' lang='grc' dir='ltr'><strong>τοῦ</strong></span> <span class='ocrx_word' id='word_1_110' title='bbox 545 1476 995 1547; x_wconf 83' lang='grc' dir='ltr'>συγγράμματος,</span> <span class='ocrx_word' id='word_1_111' title='bbox 1043 1477 1102 1542; x_wconf 76' lang='grc' dir='ltr'>ἐξ</span> <span class='ocrx_word' id='word_1_112' title='bbox 1127 1478 1571 1550; x_wconf 75' lang='grc' dir='ltr'>ὑπερϐαλλούσης</span> <span class='ocrx_word' id='word_1_113' title='bbox 1603 1479 1803 1552; x_wconf 73' lang='grc' dir='ltr'>ἔχθρας</span> 
     </span>
    </p>
   </div>
   <div class='ocr_carea' id='block_1_17' title="bbox 228 1569 1802 1644">
    <p class='ocr_par' dir='ltr' id='par_1_17' title="bbox 228 1569 1802 1644">
     <span class='ocr_line' id='line_1_17' title="bbox 228 1569 1802 1644; baseline 0.003 -24"><span class='ocrx_word' id='word_1_114' title='bbox 228 1586 286 1621; x_wconf 87' lang='grc' dir='ltr'><strong>τε</strong></span> <span class='ocrx_word' id='word_1_115' title='bbox 318 1569 412 1621; x_wconf 77' lang='grc' dir='ltr'>καὶ</span> <span class='ocrx_word' id='word_1_116' title='bbox 445 1571 797 1641; x_wconf 62' lang='grc' dir='ltr'>μισαδελφίας</span> <span class='ocrx_word' id='word_1_117' title='bbox 827 1571 1170 1642; x_wconf 77' lang='grc' dir='ltr'><strong>ἐπιπηδήσας</strong></span> <span class='ocrx_word' id='word_1_118' title='bbox 1197 1573 1262 1641; x_wconf 81' lang='grc' dir='ltr'>τῇ</span> <span class='ocrx_word' id='word_1_119' title='bbox 1296 1575 1502 1644; x_wconf 75' lang='grc' dir='ltr'>γραφῇ.</span> <span class='ocrx_word' id='word_1_120' title='bbox 1543 1573 1802 1636; x_wconf 82' lang='grc' dir='ltr'>Μεταϐἀς</span> 
     </span>
    </p>
   </div>
   <div class='ocr_carea' id='block_1_18' title="bbox 227 1659 1801 1736">
    <p class='ocr_par' dir='ltr' id='par_1_18' title="bbox 227 1659 1801 1736">
     <span class='ocr_line' id='line_1_18' title="bbox 227 1659 1801 1736; baseline 0.001 -23"><span class='ocrx_word' id='word_1_121' title='bbox 227 1661 272 1714; x_wconf 84' lang='grc' dir='ltr'>δ’</span> <span class='ocrx_word' id='word_1_122' title='bbox 315 1663 379 1714; x_wconf 85' lang='grc' dir='ltr'>ὲκ</span> <span class='ocrx_word' id='word_1_123' title='bbox 427 1662 650 1727; x_wconf 85' lang='grc' dir='ltr'>τούτων,</span> <span class='ocrx_word' id='word_1_124' title='bbox 704 1664 976 1736; x_wconf 76' lang='grc' dir='ltr'>Ἀστέριον</span> <span class='ocrx_word' id='word_1_125' title='bbox 1032 1659 1187 1727; x_wconf 80' lang='grc' dir='ltr'>αὖθις</span> <span class='ocrx_word' id='word_1_126' title='bbox 1235 1664 1521 1734; x_wconf 83' lang='grc' dir='ltr'><strong>τραγῳδεῖ,</strong></span> <span class='ocrx_word' id='word_1_127' title='bbox 1585 1663 1801 1735; x_wconf 81' lang='grc' dir='ltr'>μακράν</span> 
     </span>
    </p>
   </div>
   <div class='ocr_carea' id='block_1_19' title="bbox 230 1755 1798 1828">
    <p class='ocr_par' dir='ltr' id='par_1_19' title="bbox 230 1755 1798 1828">
     <span class='ocr_line' id='line_1_19' title="bbox 230 1755 1798 1828; baseline 0.001 -22"><span class='ocrx_word' id='word_1_128' title='bbox 230 1755 526 1809; x_wconf 80' lang='grc' dir='ltr'>ἀποτείνων</span> <span class='ocrx_word' id='word_1_129' title='bbox 563 1757 659 1809; x_wconf 74' lang='grc' dir='ltr'><strong>καὶ</strong></span> <span class='ocrx_word' id='word_1_130' title='bbox 701 1756 830 1828; x_wconf 77' lang='grc' dir='ltr'>περὶ</span> <span class='ocrx_word' id='word_1_131' title='bbox 875 1755 1040 1808; x_wconf 80' lang='grc' dir='ltr'>αὑτοῦ</span> <span class='ocrx_word' id='word_1_132' title='bbox 1069 1755 1342 1826; x_wconf 76' lang='grc' dir='ltr'>διήγησιν,</span> <span class='ocrx_word' id='word_1_133' title='bbox 1389 1755 1536 1818; x_wconf 77' lang='grc' dir='ltr'>ὅπως</span> <span class='ocrx_word' id='word_1_134' title='bbox 1569 1772 1626 1808; x_wconf 90' lang='grc' dir='ltr'><strong>τε</strong></span> <span class='ocrx_word' id='word_1_135' title='bbox 1659 1756 1798 1808; x_wconf 87' lang='grc' dir='ltr'>ἀπο·</span> 
     </span>
    </p>
   </div>
   <div class='ocr_carea' id='block_1_20' title="bbox 227 1845 1875 1922">
    <p class='ocr_par' dir='ltr' id='par_1_20' title="bbox 227 1845 1875 1922">
     <span class='ocr_line' id='line_1_20' title="bbox 227 1845 1875 1922; baseline 0.002 -24"><span class='ocrx_word' id='word_1_136' title='bbox 227 1845 388 1918; x_wconf 89' lang='grc' dir='ltr'>δημεῖ</span> <span class='ocrx_word' id='word_1_137' title='bbox 417 1848 551 1917; x_wconf 72' lang='grc'>(26),</span> <span class='ocrx_word' id='word_1_138' title='bbox 584 1851 680 1902; x_wconf 78' lang='grc' dir='ltr'>καὶ</span> <span class='ocrx_word' id='word_1_139' title='bbox 712 1851 822 1912; x_wconf 85' lang='grc' dir='ltr'>ποῖ,</span> <span class='ocrx_word' id='word_1_140' title='bbox 867 1849 960 1902; x_wconf 79' lang='grc' dir='ltr'>καὶ</span> <span class='ocrx_word' id='word_1_141' title='bbox 983 1849 1142 1911; x_wconf 88' lang='grc' dir='ltr'>πότε,</span> <span class='ocrx_word' id='word_1_142' title='bbox 1188 1848 1282 1902; x_wconf 77' lang='grc' dir='ltr'>καὶ</span> <span class='ocrx_word' id='word_1_143' title='bbox 1314 1847 1451 1918; x_wconf 87' lang='grc' dir='ltr'>πρὸς</span> <span class='ocrx_word' id='word_1_144' title='bbox 1479 1846 1648 1910; x_wconf 85' lang='grc' dir='ltr'>τίνας.</span> <span class='ocrx_word' id='word_1_145' title='bbox 1692 1847 1800 1901; x_wconf 80' lang='grc' dir='ltr'><strong>Καὶ</strong></span> <span class='ocrx_word' id='word_1_146' title='bbox 1835 1867 1875 1922; x_wconf 76' lang='grc' dir='ltr'><strong>Β</strong></span> 
     </span>
    </p>
   </div>
   <div class='ocr_carea' id='block_1_21' title="bbox 227 1935 1796 2009">
    <p class='ocr_par' dir='ltr' id='par_1_21' title="bbox 227 1935 1796 2009">
     <span class='ocr_line' id='line_1_21' title="bbox 227 1935 1796 2009; baseline 0.001 -21"><span class='ocrx_word' id='word_1_147' title='bbox 227 1936 412 1989; x_wconf 60' lang='grc' dir='ltr'>τῑύτου</span> <span class='ocrx_word' id='word_1_148' title='bbox 444 1937 500 1990; x_wconf 74' lang='grc' dir='ltr'>δὲ</span> <span class='ocrx_word' id='word_1_149' title='bbox 535 1938 835 2009; x_wconf 82' lang='grc' dir='ltr'>ἀφέμενος,</span> <span class='ocrx_word' id='word_1_150' title='bbox 867 1935 1018 2002; x_wconf 79' lang='grc' dir='ltr'>αὖθις</span> <span class='ocrx_word' id='word_1_151' title='bbox 1066 1937 1158 1991; x_wconf 75' lang='grc' dir='ltr'><strong>ἐπὶ</strong></span> <span class='ocrx_word' id='word_1_152' title='bbox 1196 1937 1288 1990; x_wconf 87' lang='grc' dir='ltr'><strong>τὸν</strong></span> <span class='ocrx_word' id='word_1_153' title='bbox 1325 1937 1417 1990; x_wconf 81' lang='grc' dir='ltr'><strong>τοῦ</strong></span> <span class='ocrx_word' id='word_1_154' title='bbox 1451 1937 1586 1990; x_wconf 89' lang='grc' dir='ltr'>Θεοῦ</span> <span class='ocrx_word' id='word_1_155' title='bbox 1628 1938 1796 2008; x_wconf 80' lang='grc' dir='ltr'>ἄνδρα</span> 
     </span>
    </p>
   </div>
   <div class='ocr_carea' id='block_1_22' title="bbox 231 2030 1791 2102">
    <p class='ocr_par' dir='ltr' id='par_1_22' title="bbox 231 2030 1791 2102">
     <span class='ocr_line' id='line_1_22' title="bbox 231 2030 1791 2102; baseline 0 -21"><span class='ocrx_word' id='word_1_156' title='bbox 231 2030 487 2082; x_wconf 78' lang='grc' dir='ltr'>Παυλῖνον</span> <span class='ocrx_word' id='word_1_157' title='bbox 525 2031 810 2102; x_wconf 85' lang='grc' dir='ltr'>τρέπεται,</span> <span class='ocrx_word' id='word_1_158' title='bbox 843 2031 1016 2085; x_wconf 87' lang='grc' dir='ltr'>ταῦτα</span> <span class='ocrx_word' id='word_1_159' title='bbox 1049 2030 1277 2100; x_wconf 64' lang='grc' dir='ltr'>γράφων</span> <span class='ocrx_word' id='word_1_160' title='bbox 1323 2030 1508 2093; x_wconf 76' lang='grc' dir='ltr'>αὐτοῖς</span> <span class='ocrx_word' id='word_1_161' title='bbox 1552 2031 1791 2102; x_wconf 76' lang='grc' dir='ltr'>ῥήμασιο</span> 
     </span>
    </p>
   </div>
   <div class='ocr_carea' id='block_1_23' title="bbox 235 2120 1796 2193">
    <p class='ocr_par' dir='ltr' id='par_1_23' title="bbox 235 2120 1796 2193">
     <span class='ocr_line' id='line_1_23' title="bbox 235 2120 1796 2193; baseline 0.001 -21"><span class='ocrx_word' id='word_1_162' title='bbox 235 2140 250 2170; x_wconf 80' lang='grc' dir='ltr'><strong>ι</strong></span> <span class='ocrx_word' id='word_1_163' title='bbox 286 2120 504 2184; x_wconf 76' lang='grc' dir='ltr'>Τούτοις</span> <span class='ocrx_word' id='word_1_164' title='bbox 529 2121 585 2174; x_wconf 83' lang='grc' dir='ltr'>δὲ</span> <span class='ocrx_word' id='word_1_165' title='bbox 617 2124 730 2182; x_wconf 85' lang='grc' dir='ltr'>τοῖς</span> <span class='ocrx_word' id='word_1_166' title='bbox 762 2124 945 2193; x_wconf 76' lang='grc' dir='ltr'>ῥητοῖς</span> <span class='ocrx_word' id='word_1_167' title='bbox 976 2123 1068 2175; x_wconf 76' lang='grc' dir='ltr'>καὶ</span> <span class='ocrx_word' id='word_1_168' title='bbox 1105 2124 1133 2174; x_wconf 88' lang='grc' dir='ltr'>ὁ</span> <span class='ocrx_word' id='word_1_169' title='bbox 1163 2122 1354 2174; x_wconf 78' lang='grc' dir='ltr'>τούτου</span> <span class='ocrx_word' id='word_1_170' title='bbox 1391 2121 1572 2193; x_wconf 80' lang='grc' dir='ltr'>πατὴρ</span> <span class='ocrx_word' id='word_1_171' title='bbox 1618 2121 1796 2174; x_wconf 81' lang='grc' dir='ltr'>πειθό-</span> 
     </span>
    </p>
   </div>
   <div class='ocr_carea' id='block_1_24' title="bbox 234 2207 1798 2282">
    <p class='ocr_par' dir='ltr' id='par_1_24' title="bbox 234 2207 1798 2282">
     <span class='ocr_line' id='line_1_24' title="bbox 234 2207 1798 2282; baseline 0.005 -26"><span class='ocrx_word' id='word_1_172' title='bbox 234 2227 250 2256; x_wconf 82' lang='grc'><em>‹</em></span> <span class='ocrx_word' id='word_1_173' title='bbox 294 2223 470 2277; x_wconf 84' lang='grc' dir='ltr'>μενος,</span> <span class='ocrx_word' id='word_1_174' title='bbox 496 2207 776 2272; x_wconf 79' lang='grc' dir='ltr'>Παυλῖνος,</span> <span class='ocrx_word' id='word_1_175' title='bbox 813 2209 983 2262; x_wconf 83' lang='grc' dir='ltr'>ταῦτα</span> <span class='ocrx_word' id='word_1_176' title='bbox 1018 2209 1196 2278; x_wconf 87' lang='grc' dir='ltr'>λέγειν</span> <span class='ocrx_word' id='word_1_177' title='bbox 1228 2227 1288 2262; x_wconf 89' lang='grc' dir='ltr'><strong>τε</strong></span> <span class='ocrx_word' id='word_1_178' title='bbox 1322 2211 1416 2264; x_wconf 77' lang='grc' dir='ltr'>καὶ</span> <span class='ocrx_word' id='word_1_179' title='bbox 1445 2211 1677 2282; x_wconf 73' lang='grc' dir='ltr'>γράφειν</span> <span class='ocrx_word' id='word_1_180' title='bbox 1699 2212 1798 2264; x_wconf 79' lang='grc' dir='ltr'>οὐκ</span> 
     </span>
    </p>
   </div>
   <div class='ocr_carea' id='block_1_25' title="bbox 236 2297 1796 2375">
    <p class='ocr_par' dir='ltr' id='par_1_25' title="bbox 236 2297 1796 2375">
     <span class='ocr_line' id='line_1_25' title="bbox 236 2297 1796 2375; baseline 0.006 -28"><span class='ocrx_word' id='word_1_181' title='bbox 236 2316 254 2344; x_wconf 71' lang='grc' dir='ltr'><strong>ε</strong></span> <span class='ocrx_word' id='word_1_182' title='bbox 291 2297 458 2359; x_wconf 72' lang='grc' dir='ltr'>ὀκνεῖ,</span> <span class='ocrx_word' id='word_1_183' title='bbox 488 2301 616 2352; x_wconf 85' lang='grc' dir='ltr'>ποτὲ</span> <span class='ocrx_word' id='word_1_184' title='bbox 658 2300 754 2370; x_wconf 82' lang='grc' dir='ltr'>μὲν</span> <span class='ocrx_word' id='word_1_185' title='bbox 785 2299 1034 2372; x_wconf 80' lang='grc' dir='ltr'>δεύτερον</span> <span class='ocrx_word' id='word_1_186' title='bbox 1059 2302 1190 2354; x_wconf 83' lang='grc' dir='ltr'>Θεὸν</span> <span class='ocrx_word' id='word_1_187' title='bbox 1218 2303 1392 2371; x_wconf 81' lang='grc' dir='ltr'>λέγων</span> <span class='ocrx_word' id='word_1_188' title='bbox 1422 2304 1513 2356; x_wconf 87' lang='grc' dir='ltr'><strong>τὸν</strong></span> <span class='ocrx_word' id='word_1_189' title='bbox 1540 2304 1796 2375; x_wconf 86' lang='grc' dir='ltr'>Χριστὸν,</span> 
     </span>
    </p>
   </div>
   <div class='ocr_carea' id='block_1_26' title="bbox 235 2389 1793 2466">
    <p class='ocr_par' dir='ltr' id='par_1_26' title="bbox 235 2389 1793 2466">
     <span class='ocr_line' id='line_1_26' title="bbox 235 2389 1793 2466; baseline 0.008 -28"><span class='ocrx_word' id='word_1_190' title='bbox 235 2406 253 2436; x_wconf 78' lang='grc' dir='ltr'><strong>ι</strong></span> <span class='ocrx_word' id='word_1_191' title='bbox 295 2390 389 2442; x_wconf 74' lang='grc' dir='ltr'>καὶ</span> <span class='ocrx_word' id='word_1_192' title='bbox 432 2389 618 2444; x_wconf 90' lang='grc' dir='ltr'>τοῦτον</span> <span class='ocrx_word' id='word_1_193' title='bbox 672 2390 1162 2466; x_wconf 79' lang='grc' dir='ltr'>ἀνθρωπικώτερον</span> <span class='ocrx_word' id='word_1_194' title='bbox 1222 2396 1579 2466; x_wconf 73' lang='grc' dir='ltr'>γεγεννῆσθαι</span> <span class='ocrx_word' id='word_1_195' title='bbox 1631 2397 1793 2450; x_wconf 87' lang='grc' dir='ltr'>Θεόν·</span> 
     </span>
    </p>
   </div>
   <div class='ocr_carea' id='block_1_27' title="bbox 233 2481 1799 2559">
    <p class='ocr_par' dir='ltr' id='par_1_27' title="bbox 233 2481 1799 2559">
     <span class='ocr_line' id='line_1_27' title="bbox 233 2481 1799 2559; baseline 0.009 -31"><span class='ocrx_word' id='word_1_196' title='bbox 233 2501 254 2528; x_wconf 68' lang='grc' dir='ltr'><strong>ι</strong></span> <span class='ocrx_word' id='word_1_197' title='bbox 297 2482 424 2534; x_wconf 87' lang='grc' dir='ltr'>ποτὲ</span> <span class='ocrx_word' id='word_1_198' title='bbox 453 2481 508 2534; x_wconf 88' lang='grc' dir='ltr'>δὲ</span> <span class='ocrx_word' id='word_1_199' title='bbox 537 2481 630 2536; x_wconf 79' lang='grc' dir='ltr'>καὶ</span> <span class='ocrx_word' id='word_1_200' title='bbox 664 2484 866 2554; x_wconf 88' lang='grc' dir='ltr'>κτίσμα</span> <span class='ocrx_word' id='word_1_201' title='bbox 897 2486 1056 2539; x_wconf 82' lang='grc' dir='ltr'>αὑτὸν</span> <span class='ocrx_word' id='word_1_202' title='bbox 1084 2483 1221 2540; x_wconf 84' lang='grc' dir='ltr'>εἶναι</span> <span class='ocrx_word' id='word_1_203' title='bbox 1261 2487 1642 2559; x_wconf 76' lang='grc' dir='ltr'>διοριζόμενος.</span> <span class='ocrx_word' id='word_1_204' title='bbox 1678 2491 1799 2543; x_wconf 83' lang='grc' dir='ltr'>Ὅτι</span> 
     </span>
    </p>
   </div>
   <div class='ocr_carea' id='block_1_28' title="bbox 231 2573 1799 2652">
    <p class='ocr_par' dir='ltr' id='par_1_28' title="bbox 231 2573 1799 2652">
     <span class='ocr_line' id='line_1_28' title="bbox 231 2573 1799 2652; baseline 0.007 -29"><span class='ocrx_word' id='word_1_205' title='bbox 231 2590 254 2621; x_wconf 77' lang='grc'><em>‹</em></span> <span class='ocrx_word' id='word_1_206' title='bbox 295 2573 351 2625; x_wconf 84' lang='grc' dir='ltr'>δὲ</span> <span class='ocrx_word' id='word_1_207' title='bbox 389 2573 533 2626; x_wconf 84' lang='grc' dir='ltr'>τοῦθ’</span> <span class='ocrx_word' id='word_1_208' title='bbox 563 2574 734 2638; x_wconf 79' lang='grc' dir='ltr'>οὕτως</span> <span class='ocrx_word' id='word_1_209' title='bbox 776 2576 922 2646; x_wconf 78' lang='grc' dir='ltr'>ἔχει,</span> <span class='ocrx_word' id='word_1_210' title='bbox 969 2579 1063 2630; x_wconf 73' lang='grc' dir='ltr'><strong>καὶ</strong></span> <span class='ocrx_word' id='word_1_211' title='bbox 1116 2579 1253 2650; x_wconf 85' lang='grc' dir='ltr'>πρὸς</span> <span class='ocrx_word' id='word_1_212' title='bbox 1295 2581 1445 2650; x_wconf 78' lang='grc' dir='ltr'>ἡμᾶς</span> <span class='ocrx_word' id='word_1_213' title='bbox 1491 2598 1651 2644; x_wconf 87' lang='grc' dir='ltr'>ποτε,</span> <span class='ocrx_word' id='word_1_214' title='bbox 1703 2581 1799 2652; x_wconf 80' lang='grc' dir='ltr'>τὴν</span> 
     </span>
    </p>
   </div>
   <div class='ocr_carea' id='block_1_29' title="bbox 237 2662 1794 2738">
    <p class='ocr_par' dir='ltr' id='par_1_29' title="bbox 237 2662 1794 2738">
     <span class='ocr_line' id='line_1_29' title="bbox 237 2662 1794 2738; baseline 0.006 -26"><span class='ocrx_word' id='word_1_215' title='bbox 237 2680 253 2712; x_wconf 80' lang='grc' dir='ltr'><strong>ι</strong></span> <span class='ocrx_word' id='word_1_216' title='bbox 292 2662 557 2733; x_wconf 76' lang='grc' dir='ltr'>Ἄγκυραν</span> <span class='ocrx_word' id='word_1_217' title='bbox 585 2663 753 2726; x_wconf 82' lang='grc' dir='ltr'>διῖὼν,</span> <span class='ocrx_word' id='word_1_218' title='bbox 781 2667 982 2736; x_wconf 82' lang='grc' dir='ltr'>κτίσμα</span> <span class='ocrx_word' id='word_1_219' title='bbox 1000 2667 1137 2720; x_wconf 88' lang='grc' dir='ltr'>εἶναι</span> <span class='ocrx_word' id='word_1_220' title='bbox 1155 2669 1244 2720; x_wconf 88' lang='grc' dir='ltr'><strong>τὸν</strong></span> <span class='ocrx_word' id='word_1_221' title='bbox 1272 2667 1502 2737; x_wconf 77' lang='grc' dir='ltr'>Χριστὸν</span> <span class='ocrx_word' id='word_1_222' title='bbox 1519 2668 1743 2738; x_wconf 65' lang='grc' dir='ltr'>ἔφασκε.</span> <span class='ocrx_word' id='word_1_223' title='bbox 1776 2689 1794 2721; x_wconf 76' lang='grc' dir='ltr'><strong>ι</strong></span> 
     </span>
    </p>
   </div>
   <div class='ocr_carea' id='block_1_30' title="bbox 229 2753 1796 2831">
    <p class='ocr_par' dir='ltr' id='par_1_30' title="bbox 229 2753 1796 2831">
     <span class='ocr_line' id='line_1_30' title="bbox 229 2753 1796 2831; baseline 0.006 -27"><span class='ocrx_word' id='word_1_224' title='bbox 229 2753 338 2805; x_wconf 73' lang='grc' dir='ltr'><strong>Καὶ</strong></span> <span class='ocrx_word' id='word_1_225' title='bbox 373 2753 534 2808; x_wconf 87' lang='grc' dir='ltr'>πάλιν</span> <span class='ocrx_word' id='word_1_226' title='bbox 575 2755 886 2826; x_wconf 77' lang='grc' dir='ltr'>μυθολογῶν</span> <span class='ocrx_word' id='word_1_227' title='bbox 918 2758 1184 2829; x_wconf 84' lang='grc' dir='ltr'>διελέχθαι</span> <span class='ocrx_word' id='word_1_228' title='bbox 1221 2760 1300 2831; x_wconf 86' lang='grc' dir='ltr'>τῷ</span> <span class='ocrx_word' id='word_1_229' title='bbox 1335 2761 1584 2831; x_wconf 87' lang='grc' dir='ltr'>Παυλίνῳ</span> <span class='ocrx_word' id='word_1_230' title='bbox 1614 2764 1796 2830; x_wconf 85' lang='grc' dir='ltr'>φησίν.</span> 
     </span>
    </p>
   </div>
   <div class='ocr_carea' id='block_1_31' title="bbox 233 2847 1800 2922">
    <p class='ocr_par' dir='ltr' id='par_1_31' title="bbox 233 2847 1800 2922">
     <span class='ocr_line' id='line_1_31' title="bbox 233 2847 1800 2922; baseline 0.004 -23"><span class='ocrx_word' id='word_1_231' title='bbox 233 2847 459 2900; x_wconf 85' lang='grc' dir='ltr'>Ἔπειτα</span> <span class='ocrx_word' id='word_1_232' title='bbox 497 2847 767 2902; x_wconf 74' lang='grc' dir='ltr'>διαϐάλλει</span> <span class='ocrx_word' id='word_1_233' title='bbox 799 2851 890 2903; x_wconf 90' lang='grc' dir='ltr'><strong>τὸν</strong></span> <span class='ocrx_word' id='word_1_234' title='bbox 936 2853 1222 2922; x_wconf 85' lang='grc' dir='ltr'>μακάριον,</span> <span class='ocrx_word' id='word_1_235' title='bbox 1259 2853 1335 2915; x_wconf 88' lang='grc' dir='ltr'>ὼς</span> <span class='ocrx_word' id='word_1_236' title='bbox 1381 2852 1535 2916; x_wconf 82' lang='grc' dir='ltr'>θεοὺς</span> <span class='ocrx_word' id='word_1_237' title='bbox 1575 2853 1800 2916; x_wconf 84' lang='grc' dir='ltr'>πολλοὺς</span> 
     </span>
    </p>
   </div>
   <div class='ocr_carea' id='block_1_32' title="bbox 226 2940 1800 3014">
    <p class='ocr_par' dir='ltr' id='par_1_32' title="bbox 226 2940 1800 3014">
     <span class='ocr_line' id='line_1_32' title="bbox 226 2940 1800 3014; baseline 0.003 -22"><span class='ocrx_word' id='word_1_238' title='bbox 226 2940 514 3010; x_wconf 79' lang='grc' dir='ltr'>εἰρηκότα,</span> <span class='ocrx_word' id='word_1_239' title='bbox 551 2941 644 2995; x_wconf 79' lang='grc' dir='ltr'>καὶ</span> <span class='ocrx_word' id='word_1_240' title='bbox 694 2942 1004 2996; x_wconf 87' lang='grc' dir='ltr'>καταλιπὼν</span> <span class='ocrx_word' id='word_1_241' title='bbox 1040 2943 1132 2996; x_wconf 89' lang='grc' dir='ltr'><strong>τὸν</strong></span> <span class='ocrx_word' id='word_1_242' title='bbox 1178 2944 1459 3008; x_wconf 83' lang='grc' dir='ltr'>Παυλῖνον,</span> <span class='ocrx_word' id='word_1_243' title='bbox 1514 2945 1674 2998; x_wconf 85' lang='grc' dir='ltr'>πάλιν</span> <span class='ocrx_word' id='word_1_244' title='bbox 1722 2943 1800 3014; x_wconf 81' lang='grc' dir='ltr'>τῷ</span> 
     </span>
    </p>
   </div>
   <div class='ocr_carea' id='block_1_33' title="bbox 229 3035 1800 3106">
    <p class='ocr_par' dir='ltr' id='par_1_33' title="bbox 229 3035 1800 3106">
     <span class='ocr_line' id='line_1_33' title="bbox 229 3035 1800 3106; baseline 0.004 -20"><span class='ocrx_word' id='word_1_245' title='bbox 229 3035 470 3105; x_wconf 76' lang='grc' dir='ltr'>Εὑσεὸίῳ</span> <span class='ocrx_word' id='word_1_246' title='bbox 502 3036 746 3106; x_wconf 81' lang='grc' dir='ltr'>σχολάζει</span> <span class='ocrx_word' id='word_1_247' title='bbox 805 3037 1060 3106; x_wconf 76' lang='grc' dir='ltr'>φάσκωνο</span> <span class='ocrx_word' id='word_1_248' title='bbox 1099 3059 1115 3092; x_wconf 82' lang='grc' dir='ltr'><strong>ι</strong></span> <span class='ocrx_word' id='word_1_249' title='bbox 1153 3039 1308 3092; x_wconf 88' lang='grc' dir='ltr'>Οῦτω</span> <span class='ocrx_word' id='word_1_250' title='bbox 1335 3039 1391 3092; x_wconf 87' lang='grc' dir='ltr'>δὲ</span> <span class='ocrx_word' id='word_1_251' title='bbox 1424 3039 1518 3092; x_wconf 72' lang='grc' dir='ltr'>καὶ</span> <span class='ocrx_word' id='word_1_252' title='bbox 1544 3039 1800 3102; x_wconf 77' lang='grc' dir='ltr'>Εὐσέϐιος</span> 
     </span>
    </p>
   </div>
   <div class='ocr_carea' id='block_1_34' title="bbox 232 3126 1800 3209">
    <p class='ocr_par' dir='ltr' id='par_1_34' title="bbox 232 3126 1800 3209">
     <span class='ocr_line' id='line_1_34' title="bbox 232 3126 1800 3209; baseline 0.005 -32"><span class='ocrx_word' id='word_1_253' title='bbox 232 3145 250 3177; x_wconf 76' lang='grc' dir='ltr'><strong>ι</strong></span> <span class='ocrx_word' id='word_1_254' title='bbox 290 3127 318 3179; x_wconf 82' lang='grc' dir='ltr'><strong>ό</strong></span> <span class='ocrx_word' id='word_1_255' title='bbox 355 3126 453 3196; x_wconf 84' lang='grc' dir='ltr'>τῆς</span> <span class='ocrx_word' id='word_1_256' title='bbox 494 3129 827 3209; x_wconf 73' lang='grc' dir='ltr'>Καισαρείας</span> <span class='ocrx_word' id='word_1_257' title='bbox 856 3132 1099 3205; x_wconf 85' lang='grc' dir='ltr'>γέγραφε</span> <span class='ocrx_word' id='word_1_258' title='bbox 1141 3132 1233 3186; x_wconf 78' lang='grc' dir='ltr'>καὶ</span> <span class='ocrx_word' id='word_1_259' title='bbox 1272 3131 1454 3196; x_wconf 77' lang='grc' dir='ltr'>αὐτὸς,</span> <span class='ocrx_word' id='word_1_260' title='bbox 1499 3131 1599 3203; x_wconf 70' lang='grc' dir='ltr'><strong>τὴν</strong></span> <span class='ocrx_word' id='word_1_261' title='bbox 1633 3132 1800 3203; x_wconf 80' lang='grc' dir='ltr'>αὐτὴν</span> 
     </span>
    </p>
   </div>
   <div class='ocr_carea' id='block_1_35' title="bbox 1905 561 3486 630">
    <p class='ocr_par' dir='ltr' id='par_1_35' title="bbox 1905 561 3486 630">
     <span class='ocr_line' id='line_1_35' title="bbox 1905 561 3486 630; baseline 0.003 -14"><span class='ocrx_word' id='word_1_262' title='bbox 1905 561 2178 616; x_wconf 81' lang='lat' dir='ltr'><strong>audivisse</strong></span> <span class='ocrx_word' id='word_1_263' title='bbox 2212 561 2478 628; x_wconf 82' lang='lat' dir='ltr'><strong>aillrmat,</strong></span> <span class='ocrx_word' id='word_1_264' title='bbox 2538 569 2703 630; x_wconf 88' lang='lat' dir='ltr'><strong>atque</strong></span> <span class='ocrx_word' id='word_1_265' title='bbox 2745 575 2813 614; x_wconf 75' lang='lat' dir='ltr'><strong>ex</strong></span> <span class='ocrx_word' id='word_1_266' title='bbox 2871 561 3241 630; x_wconf 74' lang='lat' dir='ltr'><strong>indignatione</strong></span> <span class='ocrx_word' id='word_1_267' title='bbox 3295 566 3486 620; x_wconf 75' lang='lat' dir='ltr'><strong>scribit</strong></span> 
     </span>
    </p>
   </div>
   <div class='ocr_carea' id='block_1_36' title="bbox 1911 651 3482 725">
    <p class='ocr_par' dir='ltr' id='par_1_36' title="bbox 1911 651 3482 725">
     <span class='ocr_line' id='line_1_36' title="bbox 1911 651 3482 725; baseline 0.003 -19"><span class='ocrx_word' id='word_1_268' title='bbox 1911 653 2010 724; x_wconf 76' lang='grc' dir='ltr'>[ιι.</span> <span class='ocrx_word' id='word_1_269' title='bbox 2051 651 2296 725; x_wconf 74' lang='lat' dir='ltr'><strong>LXXlll]</strong></span> <span class='ocrx_word' id='word_1_270' title='bbox 2328 671 2340 706; x_wconf 89' lang='lat'><strong>:</strong></span> <span class='ocrx_word' id='word_1_271' title='bbox 2381 670 2400 704; x_wconf 79' lang='grc' dir='ltr'><strong>ι</strong></span> <span class='ocrx_word' id='word_1_272' title='bbox 2436 653 2725 724; x_wconf 81' lang='lat' dir='ltr'><strong>Apostolus</strong></span> <span class='ocrx_word' id='word_1_273' title='bbox 2763 652 3069 721; x_wconf 79' lang='lat' dir='ltr'><strong>huiusmodi</strong></span> <span class='ocrx_word' id='word_1_274' title='bbox 3113 655 3482 711; x_wconf 90' lang='lat' dir='ltr'><strong>testimonium</strong></span> 
     </span>
    </p>
   </div>
   <div class='ocr_carea' id='block_1_37' title="bbox 1915 743 3482 817">
    <p class='ocr_par' dir='ltr' id='par_1_37' title="bbox 1915 743 3482 817">
     <span class='ocr_line' id='line_1_37' title="bbox 1915 743 3482 817; baseline 0.006 -23"><span class='ocrx_word' id='word_1_275' title='bbox 1915 761 1933 794; x_wconf 79' lang='grc' dir='ltr'><strong>ι</strong></span> <span class='ocrx_word' id='word_1_276' title='bbox 1979 743 2292 798; x_wconf 75' lang='lat' dir='ltr'><strong>Galatarum</strong></span> <span class='ocrx_word' id='word_1_277' title='bbox 2326 743 2447 799; x_wconf 76' lang='lat' dir='ltr'><strong>fidei</strong></span> <span class='ocrx_word' id='word_1_278' title='bbox 2478 744 2770 813; x_wconf 88' lang='lat' dir='ltr'><strong>perhibet:</strong></span> <span class='ocrx_word' id='word_1_279' title='bbox 2805 744 3068 800; x_wconf 85' lang='lat' dir='ltr'><strong>Eusebius</strong></span> <span class='ocrx_word' id='word_1_280' title='bbox 3099 755 3281 800; x_wconf 89' lang='lat' dir='ltr'><strong>autem</strong></span> <span class='ocrx_word' id='word_1_281' title='bbox 3305 786 3323 811; x_wconf 94' lang='lat'><strong>,</strong></span> <span class='ocrx_word' id='word_1_282' title='bbox 3357 763 3482 817; x_wconf 81' lang='lat' dir='ltr'><strong>per-</strong></span> 
     </span>
    </p>
   </div>
   <div class='ocr_carea' id='block_1_38' title="bbox 1908 834 3485 907">
    <p class='ocr_par' dir='ltr' id='par_1_38' title="bbox 1908 834 3485 907">
     <span class='ocr_line' id='line_1_38' title="bbox 1908 834 3485 907; baseline 0.006 -23"><span class='ocrx_word' id='word_1_283' title='bbox 1908 849 1928 884; x_wconf 78' lang='grc' dir='ltr'><strong>ι</strong></span> <span class='ocrx_word' id='word_1_284' title='bbox 1975 848 2133 887; x_wconf 89' lang='lat' dir='ltr'><strong>verso</strong></span> <span class='ocrx_word' id='word_1_285' title='bbox 2153 849 2316 888; x_wconf 88' lang='lat' dir='ltr'><strong>sensu</strong></span> <span class='ocrx_word' id='word_1_286' title='bbox 2345 834 2662 902; x_wconf 87' lang='lat' dir='ltr'><strong>apostolico,</strong></span> <span class='ocrx_word' id='word_1_287' title='bbox 2689 849 2798 905; x_wconf 91' lang='lat' dir='ltr'><strong>quo</strong></span> <span class='ocrx_word' id='word_1_288' title='bbox 2826 835 3049 905; x_wconf 87' lang='lat' dir='ltr'><strong>scripsit</strong></span> <span class='ocrx_word' id='word_1_289' title='bbox 3083 853 3098 890; x_wconf 87' lang='lat'><strong>:</strong></span> <span class='ocrx_word' id='word_1_290' title='bbox 3127 835 3485 907; x_wconf 83' lang='lat' dir='ltr'><strong>Filioli,quos</strong></span> 
     </span>
    </p>
   </div>
   <div class='ocr_carea' id='block_1_39' title="bbox 1909 924 3484 992">
    <p class='ocr_par' dir='ltr' id='par_1_39' title="bbox 1909 924 3484 992">
     <span class='ocr_line' id='line_1_39' title="bbox 1909 924 3484 992; baseline 0.006 -18"><span class='ocrx_word' id='word_1_291' title='bbox 1909 941 1932 974; x_wconf 72' lang='grc' dir='ltr'><strong>ι</strong></span> <span class='ocrx_word' id='word_1_292' title='bbox 1976 925 2169 978; x_wconf 91' lang='lat' dir='ltr'><strong>iterum</strong></span> <span class='ocrx_word' id='word_1_293' title='bbox 2202 925 2470 992; x_wconf 87' lang='lat' dir='ltr'><strong>parturio,</strong></span> <span class='ocrx_word' id='word_1_294' title='bbox 2517 925 2689 979; x_wconf 81' lang='lat' dir='ltr'><strong>donec</strong></span> <span class='ocrx_word' id='word_1_295' title='bbox 2726 924 3042 980; x_wconf 73' lang='lat' dir='ltr'><strong>elfortnetur</strong></span> <span class='ocrx_word' id='word_1_296' title='bbox 3072 929 3125 979; x_wconf 93' lang='lat' dir='ltr'><strong>iu</strong></span> <span class='ocrx_word' id='word_1_297' title='bbox 3153 925 3302 981; x_wconf 86' lang='lat' dir='ltr'><strong>vobis</strong></span> <span class='ocrx_word' id='word_1_298' title='bbox 3331 927 3484 982; x_wconf 82' lang='lat' dir='ltr'><strong>Chri-</strong></span> 
     </span>
    </p>
   </div>
   <div class='ocr_carea' id='block_1_40' title="bbox 1907 1013 3485 1082">
    <p class='ocr_par' dir='ltr' id='par_1_40' title="bbox 1907 1013 3485 1082">
     <span class='ocr_line' id='line_1_40' title="bbox 1907 1013 3485 1082; baseline 0.005 -18"><span class='ocrx_word' id='word_1_299' title='bbox 1907 1033 1927 1064; x_wconf 68' lang='lat' dir='ltr'>c</span> <span class='ocrx_word' id='word_1_300' title='bbox 1975 1025 2111 1082; x_wconf 90' lang='lat' dir='ltr'><strong>stus,</strong></span> <span class='ocrx_word' id='word_1_301' title='bbox 2142 1013 2350 1070; x_wconf 85' lang='lat' dir='ltr'><strong>Calatis</strong></span> <span class='ocrx_word' id='word_1_302' title='bbox 2379 1017 2712 1071; x_wconf 85' lang='lat' dir='ltr'><strong>obtrectatus</strong></span> <span class='ocrx_word' id='word_1_303' title='bbox 2755 1025 2839 1068; x_wconf 90' lang='lat' dir='ltr'><strong>est</strong></span> <span class='ocrx_word' id='word_1_304' title='bbox 2865 1055 2881 1082; x_wconf 95' lang='lat'><strong>,</strong></span> <span class='ocrx_word' id='word_1_305' title='bbox 2936 1024 2993 1068; x_wconf 89' lang='lat' dir='ltr'><strong>ut</strong></span> <span class='ocrx_word' id='word_1_306' title='bbox 3041 1017 3220 1071; x_wconf 91' lang='lat' dir='ltr'><strong>minus</strong></span> <span class='ocrx_word' id='word_1_307' title='bbox 3249 1027 3394 1073; x_wconf 85' lang='lat' dir='ltr'><strong>recte</strong></span> <span class='ocrx_word' id='word_1_308' title='bbox 3417 1020 3485 1072; x_wconf 89' lang='lat' dir='ltr'><strong>de</strong></span> 
     </span>
    </p>
   </div>
   <div class='ocr_carea' id='block_1_41' title="bbox 1907 1105 3485 1177">
    <p class='ocr_par' dir='ltr' id='par_1_41' title="bbox 1907 1105 3485 1177">
     <span class='ocr_line' id='line_1_41' title="bbox 1907 1105 3485 1177; baseline 0.005 -21"><span class='ocrx_word' id='word_1_309' title='bbox 1907 1123 1927 1156; x_wconf 78' lang='grc' dir='ltr'><strong>ι</strong></span> <span class='ocrx_word' id='word_1_310' title='bbox 1974 1106 2082 1159; x_wconf 89' lang='lat' dir='ltr'><strong>Deo</strong></span> <span class='ocrx_word' id='word_1_311' title='bbox 2144 1106 2528 1160; x_wconf 88' lang='lat' dir='ltr'><strong>sentientibus.</strong></span> <span class='ocrx_word' id='word_1_312' title='bbox 2573 1125 2592 1158; x_wconf 72' lang='grc' dir='ltr'><strong>ι</strong></span> <span class='ocrx_word' id='word_1_313' title='bbox 2653 1105 2816 1161; x_wconf 83' lang='lat' dir='ltr'><strong>Certe</strong></span> <span class='ocrx_word' id='word_1_314' title='bbox 2888 1107 3140 1177; x_wconf 85' lang='lat' dir='ltr'><strong>inquiens</strong></span> <span class='ocrx_word' id='word_1_315' title='bbox 3197 1111 3485 1177; x_wconf 74' lang='lat' dir='ltr'><strong>parturit-it</strong></span> 
     </span>
    </p>
   </div>
   <div class='ocr_carea' id='block_1_42' title="bbox 1904 1199 3482 1269">
    <p class='ocr_par' dir='ltr' id='par_1_42' title="bbox 1904 1199 3482 1269">
     <span class='ocr_line' id='line_1_42' title="bbox 1904 1199 3482 1269; baseline 0.005 -20"><span class='ocrx_word' id='word_1_316' title='bbox 1904 1199 2159 1251; x_wconf 89' lang='lat' dir='ltr'><strong>acerbum</strong></span> <span class='ocrx_word' id='word_1_317' title='bbox 2193 1199 2478 1267; x_wconf 78' lang='lat' dir='ltr'><strong>quemdam</strong></span> <span class='ocrx_word' id='word_1_318' title='bbox 2515 1209 2572 1253; x_wconf 88' lang='lat' dir='ltr'><strong>et</strong></span> <span class='ocrx_word' id='word_1_319' title='bbox 2617 1199 3058 1253; x_wconf 82' lang='lat' dir='ltr'><strong>molestissimum</strong></span> <span class='ocrx_word' id='word_1_320' title='bbox 3107 1213 3323 1269; x_wconf 59' lang='lat' dir='ltr'><strong>partum</strong></span> <span class='ocrx_word' id='word_1_321' title='bbox 3372 1215 3482 1257; x_wconf 91' lang='lat' dir='ltr'><strong>tum</strong></span> 
     </span>
    </p>
   </div>
   <div class='ocr_carea' id='block_1_43' title="bbox 1903 1288 3484 1362">
    <p class='ocr_par' dir='ltr' id='par_1_43' title="bbox 1903 1288 3484 1362">
     <span class='ocr_line' id='line_1_43' title="bbox 1903 1288 3484 1362; baseline 0.005 -20"><span class='ocrx_word' id='word_1_322' title='bbox 1903 1304 2024 1342; x_wconf 90' lang='lat' dir='ltr'><strong>cmn</strong></span> <span class='ocrx_word' id='word_1_323' title='bbox 2076 1290 2368 1343; x_wconf 84' lang='lat' dir='ltr'><strong>resciverat</strong></span> <span class='ocrx_word' id='word_1_324' title='bbox 2396 1288 2644 1355; x_wconf 81' lang='lat' dir='ltr'><strong>Galatas,</strong></span> <span class='ocrx_word' id='word_1_325' title='bbox 2689 1306 2794 1346; x_wconf 93' lang='lat' dir='ltr'><strong>non</strong></span> <span class='ocrx_word' id='word_1_326' title='bbox 2828 1293 2922 1354; x_wconf 86' lang='lat' dir='ltr'><strong>ita,</strong></span> <span class='ocrx_word' id='word_1_327' title='bbox 2976 1303 3034 1346; x_wconf 92' lang='lat' dir='ltr'><strong>ut</strong></span> <span class='ocrx_word' id='word_1_328' title='bbox 3080 1294 3214 1362; x_wconf 86' lang='lat' dir='ltr'><strong>ipse,</strong></span> <span class='ocrx_word' id='word_1_329' title='bbox 3266 1295 3332 1349; x_wconf 87' lang='lat' dir='ltr'><strong>de</strong></span> <span class='ocrx_word' id='word_1_330' title='bbox 3379 1295 3484 1351; x_wconf 75' lang='lat' dir='ltr'><strong>ﬁde</strong></span> 
     </span>
    </p>
   </div>
   <div class='ocr_carea' id='block_1_44' title="bbox 1901 1381 3480 1453">
    <p class='ocr_par' dir='ltr' id='par_1_44' title="bbox 1901 1381 3480 1453">
     <span class='ocr_line' id='line_1_44' title="bbox 1901 1381 3480 1453; baseline 0.006 -21"><span class='ocrx_word' id='word_1_331' title='bbox 1901 1381 2197 1434; x_wconf 71' lang='lat' dir='ltr'><strong>statuisse:</strong></span> <span class='ocrx_word' id='word_1_332' title='bbox 2237 1386 2298 1444; x_wconf 58' lang='lat' dir='ltr'><strong>vlt</strong></span> <span class='ocrx_word' id='word_1_333' title='bbox 2344 1399 2451 1437; x_wconf 91' lang='lat' dir='ltr'><strong>non</strong></span> <span class='ocrx_word' id='word_1_334' title='bbox 2513 1382 2652 1437; x_wconf 84' lang='lat' dir='ltr'><strong>duas</strong></span> <span class='ocrx_word' id='word_1_335' title='bbox 2708 1383 3044 1439; x_wconf 86' lang='lat' dir='ltr'><strong>substantias</strong></span> <span class='ocrx_word' id='word_1_336' title='bbox 3103 1387 3428 1442; x_wconf 80' lang='lat' dir='ltr'><strong>conﬁtentes</strong></span> <span class='ocrx_word' id='word_1_337' title='bbox 3463 1427 3480 1453; x_wconf 96' lang='lat'><strong>,</strong></span> 
     </span>
    </p>
   </div>
   <div class='ocr_carea' id='block_1_45' title="bbox 1903 1474 3485 1548">
    <p class='ocr_par' dir='ltr' id='par_1_45' title="bbox 1903 1474 3485 1548">
     <span class='ocr_line' id='line_1_45' title="bbox 1903 1474 3485 1548; baseline 0.006 -24"><span class='ocrx_word' id='word_1_338' title='bbox 1903 1485 2008 1524; x_wconf 87' lang='lat' dir='ltr'><strong>non</strong></span> <span class='ocrx_word' id='word_1_339' title='bbox 2033 1487 2118 1526; x_wconf 90' lang='lat' dir='ltr'><strong>res</strong></span> <span class='ocrx_word' id='word_1_340' title='bbox 2153 1474 2285 1528; x_wconf 89' lang='lat' dir='ltr'><strong>duas</strong></span> <span class='ocrx_word' id='word_1_341' title='bbox 2312 1484 2365 1528; x_wconf 90' lang='lat' dir='ltr'><strong>et</strong></span> <span class='ocrx_word' id='word_1_342' title='bbox 2387 1475 2679 1544; x_wconf 90' lang='lat' dir='ltr'><strong>potentias,</strong></span> <span class='ocrx_word' id='word_1_343' title='bbox 2719 1491 2826 1530; x_wconf 91' lang='lat' dir='ltr'><strong>non</strong></span> <span class='ocrx_word' id='word_1_344' title='bbox 2862 1476 2997 1530; x_wconf 88' lang='lat' dir='ltr'><strong>duos</strong></span> <span class='ocrx_word' id='word_1_345' title='bbox 3030 1477 3160 1532; x_wconf 88' lang='lat' dir='ltr'><strong>deos</strong></span> <span class='ocrx_word' id='word_1_346' title='bbox 3187 1493 3485 1548; x_wconf 78' lang='lat' dir='ltr'><strong>agnoscen-</strong></span> 
     </span>
    </p>
   </div>
   <div class='ocr_carea' id='block_1_46' title="bbox 1904 1563 3484 1638">
    <p class='ocr_par' dir='ltr' id='par_1_46' title="bbox 1904 1563 3484 1638">
     <span class='ocr_line' id='line_1_46' title="bbox 1904 1563 3484 1638; baseline 0.006 -21"><span class='ocrx_word' id='word_1_347' title='bbox 1904 1572 2002 1618; x_wconf 86' lang='lat' dir='ltr'><strong>tes.</strong></span> <span class='ocrx_word' id='word_1_348' title='bbox 2030 1563 2162 1619; x_wconf 86' lang='lat' dir='ltr'><strong>Nota</strong></span> <span class='ocrx_word' id='word_1_349' title='bbox 2193 1566 2323 1620; x_wconf 90' lang='lat' dir='ltr'><strong>mihi</strong></span> <span class='ocrx_word' id='word_1_350' title='bbox 2364 1578 2548 1622; x_wconf 89' lang='lat' dir='ltr'><strong>autem</strong></span> <span class='ocrx_word' id='word_1_351' title='bbox 2578 1577 2782 1638; x_wconf 86' lang='lat' dir='ltr'><strong>quanto</strong></span> <span class='ocrx_word' id='word_1_352' title='bbox 2809 1583 2942 1638; x_wconf 87' lang='lat' dir='ltr'><strong>cum_</strong></span> <span class='ocrx_word' id='word_1_353' title='bbox 2965 1569 3086 1625; x_wconf 79' lang='lat' dir='ltr'><strong>felle</strong></span> <span class='ocrx_word' id='word_1_354' title='bbox 3113 1580 3166 1624; x_wconf 88' lang='lat' dir='ltr'><strong>et</strong></span> <span class='ocrx_word' id='word_1_355' title='bbox 3187 1571 3484 1627; x_wconf 84' lang='lat' dir='ltr'><strong>acerbitate</strong></span> 
     </span>
    </p>
   </div>
   <div class='ocr_carea' id='block_1_47' title="bbox 1902 1655 3480 1731">
    <p class='ocr_par' dir='ltr' id='par_1_47' title="bbox 1902 1655 3480 1731">
     <span class='ocr_line' id='line_1_47' title="bbox 1902 1655 3480 1731; baseline 0.006 -24"><span class='ocrx_word' id='word_1_356' title='bbox 1902 1655 2235 1709; x_wconf 88' lang='lat' dir='ltr'><strong>convicietur</strong></span> <span class='ocrx_word' id='word_1_357' title='bbox 2266 1657 2338 1724; x_wconf 91' lang='lat' dir='ltr'><strong>ei,</strong></span> <span class='ocrx_word' id='word_1_358' title='bbox 2374 1659 2465 1726; x_wconf 92' lang='lat' dir='ltr'><strong>qui</strong></span> <span class='ocrx_word' id='word_1_359' title='bbox 2511 1659 2649 1714; x_wconf 86' lang='lat' dir='ltr'><strong>nihil</strong></span> <span class='ocrx_word' id='word_1_360' title='bbox 2694 1675 2919 1728; x_wconf 81' lang='lat' dir='ltr'><strong>prorsus</strong></span> <span class='ocrx_word' id='word_1_361' title='bbox 2959 1660 3011 1714; x_wconf 91' lang='lat' dir='ltr'><strong>in</strong></span> <span class='ocrx_word' id='word_1_362' title='bbox 3035 1663 3236 1731; x_wconf 89' lang='lat' dir='ltr'><strong>scripta</strong></span> <span class='ocrx_word' id='word_1_363' title='bbox 3277 1662 3480 1728; x_wconf 89' lang='lat' dir='ltr'><strong>retulit,</strong></span> 
     </span>
    </p>
   </div>
   <div class='ocr_carea' id='block_1_48' title="bbox 1902 1749 3482 1826">
    <p class='ocr_par' dir='ltr' id='par_1_48' title="bbox 1902 1749 3482 1826">
     <span class='ocr_line' id='line_1_48' title="bbox 1902 1749 3482 1826; baseline 0.008 -27"><span class='ocrx_word' id='word_1_364' title='bbox 1902 1757 2098 1816; x_wconf 69' lang='lat' dir='ltr'><strong>praeter</strong></span> <span class='ocrx_word' id='word_1_365' title='bbox 2165 1749 2307 1801; x_wconf 88' lang='lat' dir='ltr'><strong>nuda</strong></span> <span class='ocrx_word' id='word_1_366' title='bbox 2372 1749 2754 1820; x_wconf 85' lang='lat' dir='ltr'><strong>ipsissimaque</strong></span> <span class='ocrx_word' id='word_1_367' title='bbox 2797 1752 3040 1821; x_wconf 80' lang='lat' dir='ltr'><strong>Apostoli</strong></span> <span class='ocrx_word' id='word_1_368' title='bbox 3092 1754 3278 1820; x_wconf 87' lang='lat' dir='ltr'><strong>verba,</strong></span> <span class='ocrx_word' id='word_1_369' title='bbox 3323 1755 3482 1826; x_wconf 93' lang='lat' dir='ltr'><strong>idque</strong></span> 
     </span>
    </p>
   </div>
   <div class='ocr_carea' id='block_1_49' title="bbox 1902 1838 3485 1916">
    <p class='ocr_par' dir='ltr' id='par_1_49' title="bbox 1902 1838 3485 1916">
     <span class='ocr_line' id='line_1_49' title="bbox 1902 1838 3485 1916; baseline 0.008 -25"><span class='ocrx_word' id='word_1_370' title='bbox 1902 1838 2064 1892; x_wconf 87' lang='lat' dir='ltr'><strong>etiam</strong></span> <span class='ocrx_word' id='word_1_371' title='bbox 2097 1840 2212 1908; x_wconf 87' lang='lat' dir='ltr'><strong>ipso</strong></span> <span class='ocrx_word' id='word_1_372' title='bbox 2241 1839 2458 1895; x_wconf 78' lang='lat' dir='ltr'><strong>favente</strong></span> <span class='ocrx_word' id='word_1_373' title='bbox 2483 1852 2823 1898; x_wconf 84' lang='lat' dir='ltr'><strong>accusatore.</strong></span> <span class='ocrx_word' id='word_1_374' title='bbox 2849 1844 2917 1897; x_wconf 89' lang='lat' dir='ltr'><strong>Et</strong></span> <span class='ocrx_word' id='word_1_375' title='bbox 2947 1845 3126 1901; x_wconf 89' lang='lat' dir='ltr'><strong>adhuc</strong></span> <span class='ocrx_word' id='word_1_376' title='bbox 3155 1847 3247 1916; x_wconf 91' lang='lat' dir='ltr'><strong>qui</strong></span> <span class='ocrx_word' id='word_1_377' title='bbox 3280 1845 3485 1904; x_wconf 79' lang='lat' dir='ltr'><strong>fatetur</strong></span> 
     </span>
    </p>
   </div>
   <div class='ocr_carea' id='block_1_50' title="bbox 1901 1930 3480 2009">
    <p class='ocr_par' dir='ltr' id='par_1_50' title="bbox 1901 1930 3480 2009">
     <span class='ocr_line' id='line_1_50' title="bbox 1901 1930 3480 2009; baseline 0.005 -25"><span class='ocrx_word' id='word_1_378' title='bbox 1901 1930 2004 1985; x_wconf 90' lang='lat' dir='ltr'><strong>hoc</strong></span> <span class='ocrx_word' id='word_1_379' title='bbox 2034 1932 2086 1984; x_wconf 93' lang='lat' dir='ltr'><strong>iu</strong></span> <span class='ocrx_word' id='word_1_380' title='bbox 2116 1933 2237 1986; x_wconf 89' lang='lat' dir='ltr'><strong>loco</strong></span> <span class='ocrx_word' id='word_1_381' title='bbox 2273 1932 2568 1989; x_wconf 86' lang='lat' dir='ltr'><strong>Eusebium</strong></span> <span class='ocrx_word' id='word_1_382' title='bbox 2617 1936 2753 1990; x_wconf 87' lang='lat' dir='ltr'><strong>duos</strong></span> <span class='ocrx_word' id='word_1_383' title='bbox 2801 1937 2934 1990; x_wconf 90' lang='lat' dir='ltr'><strong>deos</strong></span> <span class='ocrx_word' id='word_1_384' title='bbox 2985 1939 3248 2006; x_wconf 80' lang='lat' dir='ltr'><strong>proﬁteri,</strong></span> <span class='ocrx_word' id='word_1_385' title='bbox 3290 1949 3480 2009; x_wconf 86' lang='lat' dir='ltr'><strong>utputa</strong></span> 
     </span>
    </p>
   </div>
   <div class='ocr_carea' id='block_1_51' title="bbox 1897 2022 3478 2099">
    <p class='ocr_par' dir='ltr' id='par_1_51' title="bbox 1897 2022 3478 2099">
     <span class='ocr_line' id='line_1_51' title="bbox 1897 2022 3478 2099; baseline 0.005 -23"><span class='ocrx_word' id='word_1_386' title='bbox 1897 2022 1987 2092; x_wconf 90' lang='lat' dir='ltr'><strong>qui</strong></span> <span class='ocrx_word' id='word_1_387' title='bbox 2033 2039 2155 2078; x_wconf 86' lang='lat' dir='ltr'><strong>cum</strong></span> <span class='ocrx_word' id='word_1_388' title='bbox 2187 2023 2350 2080; x_wconf 86' lang='lat' dir='ltr'><strong>Patre</strong></span> <span class='ocrx_word' id='word_1_389' title='bbox 2394 2041 2514 2092; x_wconf 87' lang='lat' dir='ltr'><strong>suo,</strong></span> <span class='ocrx_word' id='word_1_390' title='bbox 2568 2042 2672 2081; x_wconf 88' lang='lat' dir='ltr'><strong>una</strong></span> <span class='ocrx_word' id='word_1_391' title='bbox 2731 2038 2787 2084; x_wconf 91' lang='lat' dir='ltr'><strong>et</strong></span> <span class='ocrx_word' id='word_1_392' title='bbox 2815 2028 3012 2082; x_wconf 83' lang='lat' dir='ltr'><strong>Filium</strong></span> <span class='ocrx_word' id='word_1_393' title='bbox 3063 2044 3278 2099; x_wconf 88' lang='lat' dir='ltr'><strong>quoque</strong></span> <span class='ocrx_word' id='word_1_394' title='bbox 3311 2029 3478 2086; x_wconf 91' lang='lat' dir='ltr'><strong>Deum</strong></span> 
     </span>
    </p>
   </div>
   <div class='ocr_carea' id='block_1_52' title="bbox 1899 2122 3480 2192">
    <p class='ocr_par' dir='ltr' id='par_1_52' title="bbox 1899 2122 3480 2192">
     <span class='ocr_line' id='line_1_52' title="bbox 1899 2122 3480 2192; baseline 0.009 -26"><span class='ocrx_word' id='word_1_395' title='bbox 1899 2125 2158 2184; x_wconf 80' lang='lat' dir='ltr'><strong>agnoscat</strong></span> <span class='ocrx_word' id='word_1_396' title='bbox 2183 2131 2327 2182; x_wconf 85' lang='lat' dir='ltr'><strong>esse,</strong></span> <span class='ocrx_word' id='word_1_397' title='bbox 2356 2133 2586 2188; x_wconf 74' lang='lat' dir='ltr'><strong>pergens</strong></span> <span class='ocrx_word' id='word_1_398' title='bbox 2619 2135 2783 2190; x_wconf 91' lang='lat' dir='ltr'><strong>porro</strong></span> <span class='ocrx_word' id='word_1_399' title='bbox 2808 2122 2858 2176; x_wconf 93' lang='lat' dir='ltr'><strong>iu</strong></span> <span class='ocrx_word' id='word_1_400' title='bbox 2893 2123 3276 2192; x_wconf 89' lang='lat' dir='ltr'><strong>sequentibus,</strong></span> <span class='ocrx_word' id='word_1_401' title='bbox 3313 2126 3480 2180; x_wconf 88' lang='lat' dir='ltr'><strong>veluti</strong></span> 
     </span>
    </p>
   </div>
   <div class='ocr_carea' id='block_1_53' title="bbox 1899 2206 3483 2276">
    <p class='ocr_par' dir='ltr' id='par_1_53' title="bbox 1899 2206 3483 2276">
     <span class='ocr_line' id='line_1_53' title="bbox 1899 2206 3483 2276; baseline 0.008 -18"><span class='ocrx_word' id='word_1_402' title='bbox 1899 2206 1980 2258; x_wconf 90' lang='lat' dir='ltr'><strong>sui</strong></span> <span class='ocrx_word' id='word_1_403' title='bbox 2021 2207 2242 2272; x_wconf 89' lang='lat' dir='ltr'><strong>oblitus,</strong></span> <span class='ocrx_word' id='word_1_404' title='bbox 2291 2220 2347 2264; x_wconf 89' lang='lat' dir='ltr'><strong>et</strong></span> <span class='ocrx_word' id='word_1_405' title='bbox 2409 2212 2800 2276; x_wconf 83' lang='lat' dir='ltr'><strong>accusationis,</strong></span> <span class='ocrx_word' id='word_1_406' title='bbox 2837 2225 3069 2268; x_wconf 89' lang='lat' dir='ltr'><strong>conatur</strong></span> <span class='ocrx_word' id='word_1_407' title='bbox 3115 2216 3365 2270; x_wconf 87' lang='lat' dir='ltr'><strong>eumdem</strong></span> <span class='ocrx_word' id='word_1_408' title='bbox 3427 2227 3483 2272; x_wconf 86' lang='lat' dir='ltr'><strong>et</strong></span> 
     </span>
    </p>
   </div>
   <div class='ocr_carea' id='block_1_54' title="bbox 1900 2297 3483 2370">
    <p class='ocr_par' dir='ltr' id='par_1_54' title="bbox 1900 2297 3483 2370">
     <span class='ocr_line' id='line_1_54' title="bbox 1900 2297 3483 2370; baseline 0.008 -20"><span class='ocrx_word' id='word_1_409' title='bbox 1900 2297 2241 2365; x_wconf 82' lang='lat' dir='ltr'><strong>calumniari,</strong></span> <span class='ocrx_word' id='word_1_410' title='bbox 2267 2301 2410 2370; x_wconf 89' lang='lat' dir='ltr'><strong>quod</strong></span> <span class='ocrx_word' id='word_1_411' title='bbox 2447 2303 2650 2356; x_wconf 89' lang='lat' dir='ltr'><strong>nudum</strong></span> <span class='ocrx_word' id='word_1_412' title='bbox 2685 2314 2893 2359; x_wconf 87' lang='lat' dir='ltr'><strong>tantum</strong></span> <span class='ocrx_word' id='word_1_413' title='bbox 2944 2307 3214 2361; x_wconf 84' lang='lat' dir='ltr'><strong>hominem</strong></span> <span class='ocrx_word' id='word_1_414' title='bbox 3251 2308 3483 2363; x_wconf 86' lang='lat' dir='ltr'><strong>allirmet</strong></span> 
     </span>
    </p>
   </div>
   <div class='ocr_carea' id='block_1_55' title="bbox 1899 2393 3483 2470">
    <p class='ocr_par' dir='ltr' id='par_1_55' title="bbox 1899 2393 3483 2470">
     <span class='ocr_line' id='line_1_55' title="bbox 1899 2393 3483 2470; baseline 0.007 -23"><span class='ocrx_word' id='word_1_415' title='bbox 1899 2407 2019 2448; x_wconf 88' lang='lat' dir='ltr'><strong>esse</strong></span> <span class='ocrx_word' id='word_1_416' title='bbox 2069 2393 2373 2450; x_wconf 82' lang='lat' dir='ltr'><strong>Christum.</strong></span> <span class='ocrx_word' id='word_1_417' title='bbox 2414 2398 2721 2454; x_wconf 87' lang='lat' dir='ltr'><strong>Antedictis</strong></span> <span class='ocrx_word' id='word_1_418' title='bbox 2763 2399 3005 2454; x_wconf 86' lang='lat' dir='ltr'><strong>annectit</strong></span> <span class='ocrx_word' id='word_1_419' title='bbox 3041 2401 3094 2454; x_wconf 90' lang='lat' dir='ltr'><strong>in</strong></span> <span class='ocrx_word' id='word_1_420' title='bbox 3128 2403 3483 2470; x_wconf 87' lang='lat' dir='ltr'><strong>sequentibus</strong></span> 
     </span>
    </p>
   </div>
   <div class='ocr_carea' id='block_1_56' title="bbox 1902 2485 3481 2563">
    <p class='ocr_par' dir='ltr' id='par_1_56' title="bbox 1902 2485 3481 2563">
     <span class='ocr_line' id='line_1_56' title="bbox 1902 2485 3481 2563; baseline 0.008 -27"><span class='ocrx_word' id='word_1_421' title='bbox 1902 2485 2251 2555; x_wconf 88' lang='lat' dir='ltr'><strong>multiplicem</strong></span> <span class='ocrx_word' id='word_1_422' title='bbox 2293 2499 2354 2543; x_wconf 80' lang='lat' dir='ltr'><strong>et‘</strong></span> <span class='ocrx_word' id='word_1_423' title='bbox 2389 2489 2604 2560; x_wconf 71' lang='lat' dir='ltr'><strong>longam</strong></span> <span class='ocrx_word' id='word_1_424' title='bbox 2650 2493 2940 2560; x_wconf 87' lang='lat' dir='ltr'><strong>quamdam</strong></span> <span class='ocrx_word' id='word_1_425' title='bbox 2994 2494 3481 2563; x_wconf 75' lang='lat' dir='ltr'><strong>vaniloquentiam,</strong></span> 
     </span>
    </p>
   </div>
   <div class='ocr_carea' id='block_1_57' title="bbox 1900 2576 3480 2652">
    <p class='ocr_par' dir='ltr' id='par_1_57' title="bbox 1900 2576 3480 2652">
     <span class='ocr_line' id='line_1_57' title="bbox 1900 2576 3480 2652; baseline 0.006 -23"><span class='ocrx_word' id='word_1_426' title='bbox 1900 2576 2044 2631; x_wconf 90' lang='lat' dir='ltr'><strong>entia</strong></span> <span class='ocrx_word' id='word_1_427' title='bbox 2077 2587 2130 2632; x_wconf 91' lang='lat' dir='ltr'><strong>et</strong></span> <span class='ocrx_word' id='word_1_428' title='bbox 2156 2593 2260 2632; x_wconf 92' lang='lat' dir='ltr'><strong>non</strong></span> <span class='ocrx_word' id='word_1_429' title='bbox 2280 2579 2423 2633; x_wconf 89' lang='lat' dir='ltr'><strong>entia</strong></span> <span class='ocrx_word' id='word_1_430' title='bbox 2451 2582 2814 2652; x_wconf 77' lang='lat' dir='ltr'><strong>aggregaudo,</strong></span> <span class='ocrx_word' id='word_1_431' title='bbox 2846 2592 3052 2636; x_wconf 86' lang='lat' dir='ltr'><strong>tantum</strong></span> <span class='ocrx_word' id='word_1_432' title='bbox 3072 2600 3176 2637; x_wconf 90' lang='lat' dir='ltr'><strong>non</strong></span> <span class='ocrx_word' id='word_1_433' title='bbox 3208 2586 3274 2637; x_wconf 90' lang='lat' dir='ltr'><strong>ad</strong></span> <span class='ocrx_word' id='word_1_434' title='bbox 3292 2600 3480 2639; x_wconf 91' lang='lat' dir='ltr'><strong>eorum</strong></span> 
     </span>
    </p>
   </div>
   <div class='ocr_carea' id='block_1_58' title="bbox 1901 2670 3480 2743">
    <p class='ocr_par' dir='ltr' id='par_1_58' title="bbox 1901 2670 3480 2743">
     <span class='ocr_line' id='line_1_58' title="bbox 1901 2670 3480 2743; baseline 0.005 -22"><span class='ocrx_word' id='word_1_435' title='bbox 1901 2683 2103 2723; x_wconf 88' lang='lat' dir='ltr'><strong>morem</strong></span> <span class='ocrx_word' id='word_1_436' title='bbox 2131 2670 2223 2739; x_wconf 87' lang='lat' dir='ltr'><strong>qui</strong></span> <span class='ocrx_word' id='word_1_437' title='bbox 2247 2671 2400 2724; x_wconf 88' lang='lat' dir='ltr'><strong>aiunt</strong></span> <span class='ocrx_word' id='word_1_438' title='bbox 2427 2691 2439 2724; x_wconf 88' lang='lat'><strong>:</strong></span> <span class='ocrx_word' id='word_1_439' title='bbox 2464 2670 2628 2724; x_wconf 80' lang='lat' dir='ltr'><strong>Labia</strong></span> <span class='ocrx_word' id='word_1_440' title='bbox 2650 2684 2826 2725; x_wconf 82' lang='lat' dir='ltr'><strong>nostra</strong></span> <span class='ocrx_word' id='word_1_441' title='bbox 2854 2690 3008 2739; x_wconf 79' lang='lat' dir='ltr'><strong>penes</strong></span> <span class='ocrx_word' id='word_1_442' title='bbox 3031 2691 3125 2728; x_wconf 80' lang='lat' dir='ltr'><strong>nos</strong></span> <span class='ocrx_word' id='word_1_443' title='bbox 3147 2676 3286 2743; x_wconf 77' lang='lat' dir='ltr'><strong>ipsos</strong></span> <span class='ocrx_word' id='word_1_444' title='bbox 3315 2686 3438 2729; x_wconf 81' lang='lat' dir='ltr'><strong>sunt</strong></span> <span class='ocrx_word' id='word_1_445' title='bbox 3461 2690 3480 2728; x_wconf 90' lang='lat'><strong><em>:</em></strong></span> 
     </span>
    </p>
   </div>
   <div class='ocr_carea' id='block_1_59' title="bbox 1899 2765 3481 2840">
    <p class='ocr_par' dir='ltr' id='par_1_59' title="bbox 1899 2765 3481 2840">
     <span class='ocr_line' id='line_1_59' title="bbox 1899 2765 3481 2840; baseline 0.006 -26"><span class='ocrx_word' id='word_1_446' title='bbox 1899 2765 2072 2833; x_wconf 78' lang='lat' dir='ltr'><strong>ecquis</strong></span> <span class='ocrx_word' id='word_1_447' title='bbox 2120 2765 2284 2816; x_wconf 80' lang='lat' dir='ltr'><strong>nostri</strong></span> <span class='ocrx_word' id='word_1_448' title='bbox 2329 2765 2636 2818; x_wconf 85' lang='lat' dir='ltr'><strong>dominatur</strong></span> <span class='ocrx_word' id='word_1_449' title='bbox 2671 2767 2762 2820; x_wconf 69' lang='lat'><strong>&quot;‘2</strong></span> <span class='ocrx_word' id='word_1_450' title='bbox 2822 2767 2957 2823; x_wconf 85' lang='lat' dir='ltr'><strong>llinc</strong></span> <span class='ocrx_word' id='word_1_451' title='bbox 3021 2779 3277 2838; x_wconf 89' lang='lat' dir='ltr'><strong>apparet,</strong></span> <span class='ocrx_word' id='word_1_452' title='bbox 3338 2772 3481 2840; x_wconf 89' lang='lat' dir='ltr'><strong>quod</strong></span> 
     </span>
    </p>
   </div>
   <div class='ocr_carea' id='block_1_60' title="bbox 1903 2857 3480 2929">
    <p class='ocr_par' dir='ltr' id='par_1_60' title="bbox 1903 2857 3480 2929">
     <span class='ocr_line' id='line_1_60' title="bbox 1903 2857 3480 2929; baseline 0.006 -22"><span class='ocrx_word' id='word_1_453' title='bbox 1903 2857 2120 2909; x_wconf 88' lang='lat' dir='ltr'><strong>memini</strong></span> <span class='ocrx_word' id='word_1_454' title='bbox 2149 2857 2442 2926; x_wconf 86' lang='lat' dir='ltr'><strong>scripsisse</strong></span> <span class='ocrx_word' id='word_1_455' title='bbox 2495 2872 2579 2912; x_wconf 91' lang='lat' dir='ltr'><strong>me</strong></span> <span class='ocrx_word' id='word_1_456' title='bbox 2613 2859 2682 2912; x_wconf 89' lang='lat' dir='ltr'><strong>ab</strong></span> <span class='ocrx_word' id='word_1_457' title='bbox 2722 2859 2879 2913; x_wconf 89' lang='lat' dir='ltr'><strong>initio</strong></span> <span class='ocrx_word' id='word_1_458' title='bbox 2922 2863 3132 2929; x_wconf 90' lang='lat' dir='ltr'><strong>operis,</strong></span> <span class='ocrx_word' id='word_1_459' title='bbox 3190 2863 3258 2915; x_wconf 79' lang='lat' dir='ltr'><strong>ah</strong></span> <span class='ocrx_word' id='word_1_460' title='bbox 3295 2861 3480 2917; x_wconf 90' lang='lat' dir='ltr'><strong>hostili</strong></span> 
     </span>
    </p>
   </div>
   <div class='ocr_carea' id='block_1_61' title="bbox 1901 2947 3483 3023">
    <p class='ocr_par' dir='ltr' id='par_1_61' title="bbox 1901 2947 3483 3023">
     <span class='ocr_line' id='line_1_61' title="bbox 1901 2947 3483 3023; baseline 0.008 -23"><span class='ocrx_word' id='word_1_461' title='bbox 1901 2947 2181 3002; x_wconf 87' lang='lat' dir='ltr'><strong>inimicitia</strong></span> <span class='ocrx_word' id='word_1_462' title='bbox 2205 2959 2258 3003; x_wconf 90' lang='lat' dir='ltr'><strong>et</strong></span> <span class='ocrx_word' id='word_1_463' title='bbox 2291 2949 2531 3005; x_wconf 80' lang='lat' dir='ltr'><strong>fraterno</strong></span> <span class='ocrx_word' id='word_1_464' title='bbox 2553 2951 2676 3004; x_wconf 92' lang='lat' dir='ltr'><strong>odio</strong></span> <span class='ocrx_word' id='word_1_465' title='bbox 2706 2955 2773 3005; x_wconf 89' lang='lat' dir='ltr'><strong>ad</strong></span> <span class='ocrx_word' id='word_1_466' title='bbox 2793 2953 3137 3008; x_wconf 88' lang='lat' dir='ltr'><strong>scribendum</strong></span> <span class='ocrx_word' id='word_1_467' title='bbox 3169 2957 3483 3023; x_wconf 81' lang='lat' dir='ltr'><strong>prosiluisse</strong></span> 
     </span>
    </p>
   </div>
   <div class='ocr_carea' id='block_1_62' title="bbox 1901 3037 3481 3107">
    <p class='ocr_par' dir='ltr' id='par_1_62' title="bbox 1901 3037 3481 3107">
     <span class='ocr_line' id='line_1_62' title="bbox 1901 3037 3481 3107; baseline 0.005 -15"><span class='ocrx_word' id='word_1_468' title='bbox 1901 3037 2234 3095; x_wconf 83' lang='lat' dir='ltr'><strong>Marcellum.</strong></span> <span class='ocrx_word' id='word_1_469' title='bbox 2274 3039 2408 3094; x_wconf 89' lang='lat' dir='ltr'><strong>Hinc</strong></span> <span class='ocrx_word' id='word_1_470' title='bbox 2442 3042 2720 3107; x_wconf 70' lang='lat' dir='ltr'><strong>digreSsus</strong></span> <span class='ocrx_word' id='word_1_471' title='bbox 2752 3044 2804 3096; x_wconf 90' lang='lat' dir='ltr'><strong>in</strong></span> <span class='ocrx_word' id='word_1_472' title='bbox 2843 3045 3117 3098; x_wconf 79' lang='lat' dir='ltr'><strong>Asterium</strong></span> <span class='ocrx_word' id='word_1_473' title='bbox 3149 3047 3326 3101; x_wconf 83' lang='lat' dir='ltr'><strong>denuo</strong></span> <span class='ocrx_word' id='word_1_474' title='bbox 3368 3058 3481 3100; x_wconf 86' lang='lat' dir='ltr'><strong>tra-</strong></span> 
     </span>
    </p>
   </div>
   <div class='ocr_carea' id='block_1_63' title="bbox 1902 3132 3483 3204">
    <p class='ocr_par' dir='ltr' id='par_1_63' title="bbox 1902 3132 3483 3204">
     <span class='ocr_line' id='line_1_63' title="bbox 1902 3132 3483 3204; baseline 0.006 -19"><span class='ocrx_word' id='word_1_475' title='bbox 1902 3132 2022 3201; x_wconf 71' lang='lat' dir='ltr'><strong>gice</strong></span> <span class='ocrx_word' id='word_1_476' title='bbox 2071 3132 2421 3202; x_wconf 85' lang='lat' dir='ltr'><strong>ampullatur,</strong></span> <span class='ocrx_word' id='word_1_477' title='bbox 2480 3135 2616 3188; x_wconf 88' lang='lat' dir='ltr'><strong>bene</strong></span> <span class='ocrx_word' id='word_1_478' title='bbox 2651 3135 2866 3204; x_wconf 77' lang='lat' dir='ltr'><strong>longam</strong></span> <span class='ocrx_word' id='word_1_479' title='bbox 2921 3136 2988 3190; x_wconf 89' lang='lat' dir='ltr'><strong>de</strong></span> <span class='ocrx_word' id='word_1_480' title='bbox 3041 3137 3131 3191; x_wconf 89' lang='lat' dir='ltr'><strong>illo</strong></span> <span class='ocrx_word' id='word_1_481' title='bbox 3193 3140 3483 3195; x_wconf 88' lang='lat' dir='ltr'><strong>instituens</strong></span> 
     </span>
    </p>
   </div>
   <div class='ocr_carea' id='block_1_64' title="bbox 233 3216 1801 3298">
    <p class='ocr_par' dir='ltr' id='par_1_64' title="bbox 233 3216 1800 3294">
     <span class='ocr_line' id='line_1_64' title="bbox 233 3216 1800 3294; baseline 0.006 -27"><span class='ocrx_word' id='word_1_482' title='bbox 233 3235 251 3266; x_wconf 71' lang='grc' dir='ltr'><strong>ι</strong></span> <span class='ocrx_word' id='word_1_483' title='bbox 291 3216 428 3286; x_wconf 83' lang='grc' dir='ltr'>έχων</span> <span class='ocrx_word' id='word_1_484' title='bbox 457 3218 704 3288; x_wconf 85' lang='grc' dir='ltr'>Παυλίνῳ</span> <span class='ocrx_word' id='word_1_485' title='bbox 727 3237 783 3273; x_wconf 87' lang='grc' dir='ltr'><strong>τε</strong></span> <span class='ocrx_word' id='word_1_486' title='bbox 807 3222 900 3274; x_wconf 78' lang='grc' dir='ltr'>καὶ</span> <span class='ocrx_word' id='word_1_487' title='bbox 929 3225 1039 3285; x_wconf 89' lang='grc' dir='ltr'>τοῖς</span> <span class='ocrx_word' id='word_1_488' title='bbox 1068 3219 1265 3286; x_wconf 78' lang='grc' dir='ltr'>ἔξωθεν</span> <span class='ocrx_word' id='word_1_489' title='bbox 1299 3222 1428 3294; x_wconf 74' lang='grc' dir='ltr'>περὶ</span> <span class='ocrx_word' id='word_1_490' title='bbox 1457 3222 1590 3276; x_wconf 88' lang='grc' dir='ltr'>Θεοῦ</span> <span class='ocrx_word' id='word_1_491' title='bbox 1624 3221 1800 3288; x_wconf 79' lang='grc' dir='ltr'>δόξαν.</span> 
     </span>
    </p>
   </div>
   <div class='ocr_carea' id='block_1_65' title="bbox 1906 3216 3482 3298">
    <p class='ocr_par' dir='ltr' id='par_1_65' title="bbox 1907 3221 3482 3298">
     <span class='ocr_line' id='line_1_65' title="bbox 1907 3221 3482 3298; baseline 0.006 -24"><span class='ocrx_word' id='word_1_492' title='bbox 1907 3223 2298 3277; x_wconf 84' lang='lat' dir='ltr'><strong>narrationem.</strong></span> <span class='ocrx_word' id='word_1_493' title='bbox 2325 3221 2520 3276; x_wconf 84' lang='lat' dir='ltr'><strong>Narrat</strong></span> <span class='ocrx_word' id='word_1_494' title='bbox 2543 3230 2814 3291; x_wconf 84' lang='lat' dir='ltr'><strong>quomodo</strong></span> <span class='ocrx_word' id='word_1_495' title='bbox 2845 3227 3044 3293; x_wconf 88' lang='lat' dir='ltr'><strong>passiut</strong></span> <span class='ocrx_word' id='word_1_496' title='bbox 3081 3233 3482 3298; x_wconf 73' lang='lat' dir='ltr'><strong>peregrinetur,</strong></span> 
     </span>
    </p>
   </div>
   <div class='ocr_carea' id='block_1_66' title="bbox 231 3310 1802 3384">
    <p class='ocr_par' dir='ltr' id='par_1_66' title="bbox 231 3310 1802 3384">
     <span class='ocr_line' id='line_1_66' title="bbox 231 3310 1802 3384; baseline 0.005 -24"><span class='ocrx_word' id='word_1_497' title='bbox 231 3327 251 3359; x_wconf 72' lang='grc' dir='ltr'><strong>ι</strong></span> <span class='ocrx_word' id='word_1_498' title='bbox 293 3310 537 3380; x_wconf 75' lang='grc' dir='ltr'>Γέγραφε</span> <span class='ocrx_word' id='word_1_499' title='bbox 571 3312 698 3384; x_wconf 74' lang='grc' dir='ltr'>γὰρ,</span> <span class='ocrx_word' id='word_1_500' title='bbox 727 3314 824 3384; x_wconf 83' lang='grc' dir='ltr'><strong>οὺχ</strong></span> <span class='ocrx_word' id='word_1_501' title='bbox 864 3314 940 3376; x_wconf 87' lang='grc' dir='ltr'>ὠς</span> <span class='ocrx_word' id='word_1_502' title='bbox 969 3315 1121 3378; x_wconf 75' lang='grc' dir='ltr'>ὄντος</span> <span class='ocrx_word' id='word_1_503' title='bbox 1155 3316 1316 3384; x_wconf 84' lang='grc' dir='ltr'>μόνου</span> <span class='ocrx_word' id='word_1_504' title='bbox 1345 3314 1500 3379; x_wconf 86' lang='grc' dir='ltr'>Θεοῦ,</span> <span class='ocrx_word' id='word_1_505' title='bbox 1535 3315 1648 3368; x_wconf 81' lang='grc' dir='ltr'>ἀλλ’</span> <span class='ocrx_word' id='word_1_506' title='bbox 1683 3316 1802 3377; x_wconf 80' lang='grc' dir='ltr'>ἑνὸς</span> 
     </span>
    </p>
   </div>
   <div class='ocr_carea' id='block_1_67' title="bbox 235 3401 1800 3479">
    <p class='ocr_par' dir='ltr' id='par_1_67' title="bbox 235 3401 1800 3479">
     <span class='ocr_line' id='line_1_67' title="bbox 235 3401 1800 3479; baseline 0.006 -26"><span class='ocrx_word' id='word_1_507' title='bbox 235 3418 251 3452; x_wconf 83' lang='grc' dir='ltr'><strong>ι</strong></span> <span class='ocrx_word' id='word_1_508' title='bbox 289 3401 438 3466; x_wconf 77' lang='grc' dir='ltr'>όντος</span> <span class='ocrx_word' id='word_1_509' title='bbox 466 3403 559 3457; x_wconf 84' lang='grc' dir='ltr'><strong>τοῦ</strong></span> <span class='ocrx_word' id='word_1_510' title='bbox 596 3407 757 3477; x_wconf 84' lang='grc' dir='ltr'>μόνου</span> <span class='ocrx_word' id='word_1_511' title='bbox 791 3406 1045 3477; x_wconf 81' lang='grc' dir='ltr'>ἀληθινοῦ</span> <span class='ocrx_word' id='word_1_512' title='bbox 1091 3407 1248 3461; x_wconf 79' lang='grc' dir='ltr'>Θεοῦ.</span> <span class='ocrx_word' id='word_1_513' title='bbox 1286 3409 1447 3462; x_wconf 87' lang='grc' dir='ltr'>Ὅοεν</span> <span class='ocrx_word' id='word_1_514' title='bbox 1478 3409 1658 3462; x_wconf 88' lang='grc' dir='ltr'>τοίνυν</span> <span class='ocrx_word' id='word_1_515' title='bbox 1695 3427 1800 3479; x_wconf 91' lang='grc' dir='ltr'>μα-</span> 
     </span>
    </p>
   </div>
   <div class='ocr_carea' id='block_1_68' title="bbox 234 3495 1803 3571">
    <p class='ocr_par' dir='ltr' id='par_1_68' title="bbox 234 3495 1803 3571">
     <span class='ocr_line' id='line_1_68' title="bbox 234 3495 1803 3571; baseline 0.004 -25"><span class='ocrx_word' id='word_1_516' title='bbox 234 3512 252 3544; x_wconf 78' lang='grc' dir='ltr'><strong>ι</strong></span> <span class='ocrx_word' id='word_1_517' title='bbox 292 3495 400 3548; x_wconf 79' lang='grc' dir='ltr'><strong>θὼν</strong></span> <span class='ocrx_word' id='word_1_518' title='bbox 444 3497 536 3550; x_wconf 81' lang='grc' dir='ltr'>καὶ</span> <span class='ocrx_word' id='word_1_519' title='bbox 571 3500 600 3550; x_wconf 92' lang='grc' dir='ltr'><strong>ό</strong></span> <span class='ocrx_word' id='word_1_520' title='bbox 658 3499 935 3569; x_wconf 75' lang='grc' dir='ltr'>Ἀστερίου</span> <span class='ocrx_word' id='word_1_521' title='bbox 983 3501 1164 3571; x_wconf 86' lang='grc' dir='ltr'>πατὴρ</span> <span class='ocrx_word' id='word_1_522' title='bbox 1210 3501 1472 3564; x_wconf 86' lang='grc' dir='ltr'>Παυλῖνος</span> <span class='ocrx_word' id='word_1_523' title='bbox 1509 3501 1803 3571; x_wconf 82' lang='grc' dir='ltr'>νεωτέρους</span> 
     </span>
    </p>
   </div>
   <div class='ocr_carea' id='block_1_69' title="bbox 229 3587 1804 3662">
    <p class='ocr_par' dir='ltr' id='par_1_69' title="bbox 229 3587 1804 3662">
     <span class='ocr_line' id='line_1_69' title="bbox 229 3587 1804 3662; baseline 0.003 -21"><span class='ocrx_word' id='word_1_524' title='bbox 229 3606 246 3636; x_wconf 77' lang='lat' dir='ltr'><strong>t</strong></span> <span class='ocrx_word' id='word_1_525' title='bbox 289 3587 444 3653; x_wconf 80' lang='grc' dir='ltr'>θεοὺς</span> <span class='ocrx_word' id='word_1_526' title='bbox 485 3588 622 3644; x_wconf 87' lang='grc' dir='ltr'>εἶναι</span> <span class='ocrx_word' id='word_1_527' title='bbox 653 3591 806 3662; x_wconf 80' lang='grc' dir='ltr'>ᾤετο.</span> <span class='ocrx_word' id='word_1_528' title='bbox 840 3613 858 3645; x_wconf 72' lang='grc' dir='ltr'><strong>ι</strong></span> <span class='ocrx_word' id='word_1_529' title='bbox 890 3595 997 3646; x_wconf 74' lang='grc' dir='ltr'><strong>Καὶ</strong></span> <span class='ocrx_word' id='word_1_530' title='bbox 1031 3595 1088 3646; x_wconf 80' lang='grc' dir='ltr'><strong>έν</strong></span> <span class='ocrx_word' id='word_1_531' title='bbox 1120 3593 1330 3656; x_wconf 79' lang='grc' dir='ltr'>τούτοις</span> <span class='ocrx_word' id='word_1_532' title='bbox 1357 3593 1412 3646; x_wconf 82' lang='grc' dir='ltr'>δὲ</span> <span class='ocrx_word' id='word_1_533' title='bbox 1439 3595 1513 3656; x_wconf 84' lang='grc' dir='ltr'>ὡς</span> <span class='ocrx_word' id='word_1_534' title='bbox 1543 3593 1680 3645; x_wconf 81' lang='grc' dir='ltr'>Θεῶν</span> <span class='ocrx_word' id='word_1_535' title='bbox 1719 3591 1804 3646; x_wconf 79' lang='grc' dir='ltr'>δό-</span> 
     </span>
    </p>
   </div>
   <div class='ocr_carea' id='block_1_70' title="bbox 223 3677 1803 3754">
    <p class='ocr_par' dir='ltr' id='par_1_70' title="bbox 223 3677 1803 3754">
     <span class='ocr_line' id='line_1_70' title="bbox 223 3677 1803 3754; baseline 0.003 -23"><span class='ocrx_word' id='word_1_536' title='bbox 223 3677 320 3744; x_wconf 81' lang='grc' dir='ltr'>ξας</span> <span class='ocrx_word' id='word_1_537' title='bbox 376 3681 694 3750; x_wconf 76' lang='grc' dir='ltr'>εἰσάγοντας</span> <span class='ocrx_word' id='word_1_538' title='bbox 751 3685 1013 3746; x_wconf 75' lang='grc' dir='ltr'>αἰτιᾶται,</span> <span class='ocrx_word' id='word_1_539' title='bbox 1073 3683 1403 3754; x_wconf 79' lang='grc' dir='ltr'>ἀρνούμενος</span> <span class='ocrx_word' id='word_1_540' title='bbox 1472 3684 1633 3746; x_wconf 74' lang='grc' dir='ltr'>αὐτὸς</span> <span class='ocrx_word' id='word_1_541' title='bbox 1706 3681 1803 3752; x_wconf 78' lang='grc' dir='ltr'>τὴν</span> 
     </span>
    </p>
   </div>
   <div class='ocr_carea' id='block_1_71' title="bbox 221 3771 1802 3848">
    <p class='ocr_par' dir='ltr' id='par_1_71' title="bbox 221 3771 1802 3848">
     <span class='ocr_line' id='line_1_71' title="bbox 221 3771 1802 3848; baseline 0.004 -25"><span class='ocrx_word' id='word_1_542' title='bbox 221 3771 450 3841; x_wconf 70' lang='grc' dir='ltr'>θεότητα</span> <span class='ocrx_word' id='word_1_543' title='bbox 493 3773 582 3826; x_wconf 92' lang='grc' dir='ltr'><strong>τοῦ</strong></span> <span class='ocrx_word' id='word_1_544' title='bbox 637 3775 786 3829; x_wconf 82' lang='grc' dir='ltr'>Υίοῦ·</span> <span class='ocrx_word' id='word_1_545' title='bbox 842 3778 938 3829; x_wconf 71' lang='grc' dir='ltr'>καὶ</span> <span class='ocrx_word' id='word_1_546' title='bbox 976 3777 1353 3848; x_wconf 83' lang='grc' dir='ltr'>παραθέμενος</span> <span class='ocrx_word' id='word_1_547' title='bbox 1394 3777 1495 3848; x_wconf 83' lang='grc' dir='ltr'>τὴν</span> <span class='ocrx_word' id='word_1_548' title='bbox 1543 3777 1802 3830; x_wconf 78' lang='grc' dir='ltr'>Εὐσεὸίου</span> 
     </span>
    </p>
   </div>
   <div class='ocr_carea' id='block_1_72' title="bbox 222 3862 1806 3941">
    <p class='ocr_par' dir='ltr' id='par_1_72' title="bbox 222 3862 1806 3941">
     <span class='ocr_line' id='line_1_72' title="bbox 222 3862 1806 3941; baseline 0.004 -27"><span class='ocrx_word' id='word_1_549' title='bbox 222 3862 387 3929; x_wconf 78' lang='grc' dir='ltr'>λέξιν,</span> <span class='ocrx_word' id='word_1_550' title='bbox 420 3865 682 3936; x_wconf 81' lang='grc' dir='ltr'>συνίησιν,</span> <span class='ocrx_word' id='word_1_551' title='bbox 719 3869 794 3931; x_wconf 82' lang='grc' dir='ltr'>ὡς</span> <span class='ocrx_word' id='word_1_552' title='bbox 830 3869 929 3922; x_wconf 82' lang='grc' dir='ltr'>οὐκ</span> <span class='ocrx_word' id='word_1_553' title='bbox 954 3886 1021 3939; x_wconf 89' lang='grc' dir='ltr'><strong>ην</strong></span> <span class='ocrx_word' id='word_1_554' title='bbox 1050 3868 1215 3922; x_wconf 75' lang='grc' dir='ltr'>αὑτοῦ</span> <span class='ocrx_word' id='word_1_555' title='bbox 1258 3871 1291 3938; x_wconf 82' lang='grc' dir='ltr'>ἡ</span> <span class='ocrx_word' id='word_1_556' title='bbox 1323 3869 1415 3923; x_wconf 88' lang='grc' dir='ltr'><strong>τὸν</strong></span> <span class='ocrx_word' id='word_1_557' title='bbox 1454 3869 1674 3941; x_wconf 83' lang='grc' dir='ltr'>Πατέρα</span> <span class='ocrx_word' id='word_1_558' title='bbox 1709 3870 1806 3940; x_wconf 78' lang='grc' dir='ltr'>μό·</span> 
     </span>
    </p>
   </div>
   <div class='ocr_carea' id='block_1_73' title="bbox 223 3957 1804 4032">
    <p class='ocr_par' dir='ltr' id='par_1_73' title="bbox 223 3957 1804 4032">
     <span class='ocr_line' id='line_1_73' title="bbox 223 3957 1804 4032; baseline 0.004 -26"><span class='ocrx_word' id='word_1_559' title='bbox 223 3972 311 4009; x_wconf 91' lang='grc' dir='ltr'><strong>νον</strong></span> <span class='ocrx_word' id='word_1_560' title='bbox 343 3957 592 4028; x_wconf 86' lang='grc' dir='ltr'>ἀληθινὸν</span> <span class='ocrx_word' id='word_1_561' title='bbox 621 3958 751 4012; x_wconf 85' lang='grc' dir='ltr'>Θεὸν</span> <span class='ocrx_word' id='word_1_562' title='bbox 788 3960 1113 4014; x_wconf 73' lang='grc' dir='ltr'>διδάσκουσα</span> <span class='ocrx_word' id='word_1_563' title='bbox 1145 3961 1317 4030; x_wconf 79' lang='grc' dir='ltr'>φωνὴ,</span> <span class='ocrx_word' id='word_1_564' title='bbox 1348 3960 1440 4013; x_wconf 90' lang='grc' dir='ltr'><strong>τοῦ</strong></span> <span class='ocrx_word' id='word_1_565' title='bbox 1467 3960 1524 4013; x_wconf 83' lang='grc' dir='ltr'>δὲ</span> <span class='ocrx_word' id='word_1_566' title='bbox 1553 3962 1804 4032; x_wconf 79' lang='grc' dir='ltr'>Σωτῆρος</span> 
     </span>
    </p>
   </div>
   <div class='ocr_carea' id='block_1_74' title="bbox 224 4045 1805 4120">
    <p class='ocr_par' dir='ltr' id='par_1_74' title="bbox 224 4045 1805 4120">
     <span class='ocr_line' id='line_1_74' title="bbox 224 4045 1805 4120; baseline 0.006 -24"><span class='ocrx_word' id='word_1_567' title='bbox 224 4045 380 4116; x_wconf 71' lang='grc' dir='ltr'>ἡμῶν</span> <span class='ocrx_word' id='word_1_568' title='bbox 407 4047 708 4117; x_wconf 84' lang='grc' dir='ltr'>εἰρηκότος,</span> <span class='ocrx_word' id='word_1_569' title='bbox 739 4051 838 4102; x_wconf 74' lang='grc' dir='ltr'><strong>ἵνα</strong></span> <span class='ocrx_word' id='word_1_570' title='bbox 863 4050 1205 4120; x_wconf 72' lang='grc' dir='ltr'>γινώσκωσι</span> <span class='ocrx_word' id='word_1_571' title='bbox 1226 4068 1300 4104; x_wconf 86' lang='grc' dir='ltr'><strong>σε</strong></span> <span class='ocrx_word' id='word_1_572' title='bbox 1323 4053 1429 4104; x_wconf 67' lang='grc' dir='ltr'>τὸν</span> <span class='ocrx_word' id='word_1_573' title='bbox 1449 4053 1643 4119; x_wconf 79' lang='grc' dir='ltr'>μόνον</span> <span class='ocrx_word' id='word_1_574' title='bbox 1666 4052 1805 4119; x_wconf 70' lang='grc' dir='ltr'><strong>ἁλη-</strong></span> 
     </span>
    </p>
   </div>
   <div class='ocr_carea' id='block_1_75' title="bbox 222 4138 1800 4216">
    <p class='ocr_par' dir='ltr' id='par_1_75' title="bbox 222 4138 1800 4216">
     <span class='ocr_line' id='line_1_75' title="bbox 222 4138 1800 4216; baseline 0.003 -24"><span class='ocrx_word' id='word_1_575' title='bbox 222 4138 392 4192; x_wconf 73' lang='grc' dir='ltr'>θινὸν</span> <span class='ocrx_word' id='word_1_576' title='bbox 451 4142 626 4200; x_wconf 72' lang='grc' dir='ltr'>Θεῶν·</span> <span class='ocrx_word' id='word_1_577' title='bbox 679 4143 772 4194; x_wconf 70' lang='grc' dir='ltr'>καὶ</span> <span class='ocrx_word' id='word_1_578' title='bbox 840 4143 958 4214; x_wconf 76' lang='grc' dir='ltr'>μεθ’</span> <span class='ocrx_word' id='word_1_579' title='bbox 1009 4146 1170 4216; x_wconf 75' lang='grc' dir='ltr'>ἕτερα</span> <span class='ocrx_word' id='word_1_580' title='bbox 1229 4143 1552 4215; x_wconf 81' lang='grc' dir='ltr'>προστίθησι</span> <span class='ocrx_word' id='word_1_581' title='bbox 1609 4142 1800 4210; x_wconf 79' lang='grc' dir='ltr'>λέγων’</span> 
     </span>
    </p>
   </div>
   <div class='ocr_carea' id='block_1_76' title="bbox 229 4231 1804 4306">
    <p class='ocr_par' dir='ltr' id='par_1_76' title="bbox 229 4231 1804 4306">
     <span class='ocr_line' id='line_1_76' title="bbox 229 4231 1804 4306; baseline 0.006 -27"><span class='ocrx_word' id='word_1_582' title='bbox 229 4252 246 4279; x_wconf 73' lang='grc' dir='ltr'><strong>ι</strong></span> <span class='ocrx_word' id='word_1_583' title='bbox 300 4231 451 4284; x_wconf 76' lang='grc' dir='ltr'>Ἐπεὶ</span> <span class='ocrx_word' id='word_1_584' title='bbox 483 4233 644 4286; x_wconf 85' lang='grc' dir='ltr'>πόθεν</span> <span class='ocrx_word' id='word_1_585' title='bbox 679 4237 808 4305; x_wconf 81' lang='grc' dir='ltr'>ἡμῖν</span> <span class='ocrx_word' id='word_1_586' title='bbox 851 4237 914 4287; x_wconf 80' lang='grc' dir='ltr'>ὲκ</span> <span class='ocrx_word' id='word_1_587' title='bbox 946 4235 1054 4288; x_wconf 86' lang='grc' dir='ltr'><strong>τῶν</strong></span> <span class='ocrx_word' id='word_1_588' title='bbox 1091 4234 1250 4289; x_wconf 82' lang='grc' dir='ltr'>Θείων</span> <span class='ocrx_word' id='word_1_589' title='bbox 1280 4236 1602 4306; x_wconf 85' lang='grc' dir='ltr'>δυνήσονται</span> <span class='ocrx_word' id='word_1_590' title='bbox 1634 4235 1804 4301; x_wconf 83' lang='grc' dir='ltr'>δεῖξαι</span> 
     </span>
    </p>
   </div>
   <div class='ocr_carea' id='block_1_77' title="bbox 229 4321 1804 4400">
    <p class='ocr_par' dir='ltr' id='par_1_77' title="bbox 229 4321 1804 4400">
     <span class='ocr_line' id='line_1_77' title="bbox 229 4321 1804 4400; baseline 0.004 -27"><span class='ocrx_word' id='word_1_591' title='bbox 229 4343 246 4373; x_wconf 79' lang='grc' dir='ltr'><strong>ι</strong></span> <span class='ocrx_word' id='word_1_592' title='bbox 293 4324 501 4395; x_wconf 77' lang='grc' dir='ltr'>ῥητῶν,</span> <span class='ocrx_word' id='word_1_593' title='bbox 556 4326 638 4379; x_wconf 85' lang='grc' dir='ltr'>ὃτι</span> <span class='ocrx_word' id='word_1_594' title='bbox 673 4321 752 4391; x_wconf 81' lang='grc' dir='ltr'>εἷς</span> <span class='ocrx_word' id='word_1_595' title='bbox 802 4328 900 4400; x_wconf 83' lang='grc' dir='ltr'>μὲν</span> <span class='ocrx_word' id='word_1_596' title='bbox 937 4328 1250 4399; x_wconf 88' lang='grc' dir='ltr'>ἀγέννητος,</span> <span class='ocrx_word' id='word_1_597' title='bbox 1292 4322 1372 4391; x_wconf 74' lang='grc' dir='ltr'>εἷς</span> <span class='ocrx_word' id='word_1_598' title='bbox 1418 4327 1476 4381; x_wconf 85' lang='grc' dir='ltr'>δὲ</span> <span class='ocrx_word' id='word_1_599' title='bbox 1525 4327 1804 4397; x_wconf 81' lang='grc' dir='ltr'>γεννητὸς,</span> 
     </span>
    </p>
   </div>
   <div class='ocr_carea' id='block_1_78' title="bbox 228 4414 1802 4490">
    <p class='ocr_par' dir='ltr' id='par_1_78' title="bbox 228 4414 1802 4490">
     <span class='ocr_line' id='line_1_78' title="bbox 228 4414 1802 4490; baseline 0.004 -26"><span class='ocrx_word' id='word_1_600' title='bbox 228 4435 245 4464; x_wconf 76' lang='grc' dir='ltr'><strong>ι</strong></span> <span class='ocrx_word' id='word_1_601' title='bbox 286 4414 360 4477; x_wconf 85' lang='grc' dir='ltr'>ὼς</span> <span class='ocrx_word' id='word_1_602' title='bbox 401 4417 552 4470; x_wconf 76' lang='grc' dir='ltr'>αὐτοὶ</span> <span class='ocrx_word' id='word_1_603' title='bbox 588 4419 944 4490; x_wconf 82' lang='grc' dir='ltr'>γεγεννῆσθαι</span> <span class='ocrx_word' id='word_1_604' title='bbox 989 4420 1151 4473; x_wconf 81' lang='grc' dir='ltr'>αὑτὸν</span> <span class='ocrx_word' id='word_1_605' title='bbox 1185 4419 1644 4484; x_wconf 85' lang='grc' dir='ltr'>πεπιστεύκασιν;</span> <span class='ocrx_word' id='word_1_606' title='bbox 1679 4417 1802 4472; x_wconf 73' lang='grc' dir='ltr'>οὔτε</span> 
     </span>
    </p>
   </div>
   <div class='ocr_carea' id='block_1_79' title="bbox 228 4509 1801 4582">
    <p class='ocr_par' dir='ltr' id='par_1_79' title="bbox 228 4509 1801 4582">
     <span class='ocr_line' id='line_1_79' title="bbox 228 4509 1801 4582; baseline 0.003 -24"><span class='ocrx_word' id='word_1_607' title='bbox 228 4527 247 4558; x_wconf 76' lang='grc' dir='ltr'><strong>ι</strong></span> <span class='ocrx_word' id='word_1_608' title='bbox 290 4509 600 4581; x_wconf 72' lang='grc' dir='ltr'>προφητῶν,</span> <span class='ocrx_word' id='word_1_609' title='bbox 635 4509 757 4564; x_wconf 76' lang='grc' dir='ltr'>οὒτε</span> <span class='ocrx_word' id='word_1_610' title='bbox 797 4511 1216 4580; x_wconf 83' lang='grc' dir='ltr'>εὐαγγελιστῶν,</span> <span class='ocrx_word' id='word_1_611' title='bbox 1262 4510 1295 4582; x_wconf 83' lang='grc' dir='ltr'>ἢ</span> <span class='ocrx_word' id='word_1_612' title='bbox 1331 4512 1642 4564; x_wconf 86' lang='grc' dir='ltr'>ἀποστόλων</span> <span class='ocrx_word' id='word_1_613' title='bbox 1690 4511 1801 4582; x_wconf 71' lang='grc'><strong>(27)</strong></span> 
     </span>
    </p>
   </div>
   <div class='ocr_carea' id='block_1_80' title="bbox 227 4597 1800 4675">
    <p class='ocr_par' dir='ltr' id='par_1_80' title="bbox 227 4597 1800 4675">
     <span class='ocr_line' id='line_1_80' title="bbox 227 4597 1800 4675; baseline 0.003 -24"><span class='ocrx_word' id='word_1_614' title='bbox 227 4619 246 4651; x_wconf 78' lang='grc' dir='ltr'><strong>ι</strong></span> <span class='ocrx_word' id='word_1_615' title='bbox 285 4597 429 4652; x_wconf 84' lang='grc' dir='ltr'>τοῦτ’</span> <span class='ocrx_word' id='word_1_616' title='bbox 467 4603 782 4673; x_wconf 76' lang='grc' dir='ltr'>εἰρηκότων.</span> <span class='ocrx_word' id='word_1_617' title='bbox 827 4623 845 4654; x_wconf 70' lang='grc' dir='ltr'><strong>ι</strong></span> <span class='ocrx_word' id='word_1_618' title='bbox 884 4601 996 4657; x_wconf 82' lang='grc' dir='ltr'><strong>Εἶθ’</strong></span> <span class='ocrx_word' id='word_1_619' title='bbox 1025 4603 1214 4675; x_wconf 84' lang='grc' dir='ltr'>ὥσπερ</span> <span class='ocrx_word' id='word_1_620' title='bbox 1243 4603 1302 4658; x_wconf 83' lang='grc' dir='ltr'>ὲν</span> <span class='ocrx_word' id='word_1_621' title='bbox 1332 4602 1515 4666; x_wconf 85' lang='grc' dir='ltr'>ἄθλοις</span> <span class='ocrx_word' id='word_1_622' title='bbox 1555 4604 1800 4674; x_wconf 85' lang='grc' dir='ltr'>ἀπογρα-</span> 
     </span>
    </p>
   </div>
   <div class='ocr_carea' id='block_1_81' title="bbox 219 4693 1799 4768">
    <p class='ocr_par' dir='ltr' id='par_1_81' title="bbox 219 4693 1799 4768">
     <span class='ocr_line' id='line_1_81' title="bbox 219 4693 1799 4768; baseline 0 -20"><span class='ocrx_word' id='word_1_623' title='bbox 219 4693 479 4764; x_wconf 77' lang='grc' dir='ltr'>ψάμενος,</span> <span class='ocrx_word' id='word_1_624' title='bbox 502 4697 638 4766; x_wconf 86' lang='grc' dir='ltr'>όμοῦ</span> <span class='ocrx_word' id='word_1_625' title='bbox 671 4698 801 4767; x_wconf 74' lang='grc' dir='ltr'>πρὸς</span> <span class='ocrx_word' id='word_1_626' title='bbox 825 4699 1066 4760; x_wconf 75' lang='grc' dir='ltr'>ἅπαντας</span> <span class='ocrx_word' id='word_1_627' title='bbox 1091 4695 1600 4768; x_wconf 82' lang='grc' dir='ltr'>διαπληκτίσασθαι,</span> <span class='ocrx_word' id='word_1_628' title='bbox 1635 4712 1799 4766; x_wconf 87' lang='grc' dir='ltr'>μετα-</span> 
     </span>
    </p>
   </div>
   <div class='ocr_carea' id='block_1_82' title="bbox 220 4787 1800 4863">
    <p class='ocr_par' dir='ltr' id='par_1_82' title="bbox 220 4787 1800 4863">
     <span class='ocr_line' id='line_1_82' title="bbox 220 4787 1800 4863; baseline 0.001 -23"><span class='ocrx_word' id='word_1_629' title='bbox 220 4787 394 4841; x_wconf 83' lang='grc' dir='ltr'>σαίνει</span> <span class='ocrx_word' id='word_1_630' title='bbox 428 4790 518 4842; x_wconf 82' lang='grc' dir='ltr'><strong>ἐπὶ</strong></span> <span class='ocrx_word' id='word_1_631' title='bbox 549 4791 640 4843; x_wconf 78' lang='grc' dir='ltr'><strong>τὸν</strong></span> <span class='ocrx_word' id='word_1_632' title='bbox 673 4791 1003 4863; x_wconf 82' lang='grc' dir='ltr'>Νάρκισσον,</span> <span class='ocrx_word' id='word_1_633' title='bbox 1039 4790 1132 4844; x_wconf 85' lang='grc' dir='ltr'><strong>καί</strong></span> <span class='ocrx_word' id='word_1_634' title='bbox 1179 4806 1379 4862; x_wconf 79' lang='grc' dir='ltr'>φησιν’</span> <span class='ocrx_word' id='word_1_635' title='bbox 1426 4809 1444 4841; x_wconf 79' lang='grc' dir='ltr'><strong>ι</strong></span> <span class='ocrx_word' id='word_1_636' title='bbox 1483 4789 1646 4841; x_wconf 82' lang='grc' dir='ltr'>Ὥστε</span> <span class='ocrx_word' id='word_1_637' title='bbox 1698 4787 1800 4842; x_wconf 78' lang='grc' dir='ltr'>κᾶν</span> 
     </span>
    </p>
   </div>
   <div class='ocr_carea' id='block_1_83' title="bbox 224 4877 1800 4954">
    <p class='ocr_par' dir='ltr' id='par_1_83' title="bbox 224 4877 1800 4954">
     <span class='ocr_line' id='line_1_83' title="bbox 224 4877 1800 4954; baseline -0.002 -20"><span class='ocrx_word' id='word_1_638' title='bbox 224 4900 244 4933; x_wconf 73' lang='grc' dir='ltr'><strong>ι</strong></span> <span class='ocrx_word' id='word_1_639' title='bbox 286 4884 463 4936; x_wconf 77' lang='grc' dir='ltr'>ἐκεῖνό</span> <span class='ocrx_word' id='word_1_640' title='bbox 484 4901 568 4948; x_wconf 88' lang='grc' dir='ltr'><strong>τις</strong></span> <span class='ocrx_word' id='word_1_641' title='bbox 597 4885 766 4953; x_wconf 82' lang='grc' dir='ltr'>λέγοι,</span> <span class='ocrx_word' id='word_1_642' title='bbox 791 4884 1216 4949; x_wconf 81' lang='grc' dir='ltr'>κατασκευάζων</span> <span class='ocrx_word' id='word_1_643' title='bbox 1245 4883 1460 4954; x_wconf 86' lang='grc' dir='ltr'>πρῶτον</span> <span class='ocrx_word' id='word_1_644' title='bbox 1485 4877 1624 4935; x_wconf 81' lang='grc' dir='ltr'>εἶναι</span> <span class='ocrx_word' id='word_1_645' title='bbox 1646 4880 1800 4944; x_wconf 84' lang='grc' dir='ltr'>Θεὸν,</span> 
     </span>
    </p>
   </div>
   <div class='ocr_carea' id='block_1_84' title="bbox 226 4973 1801 5050">
    <p class='ocr_par' dir='ltr' id='par_1_84' title="bbox 226 4973 1801 5050">
     <span class='ocr_line' id='line_1_84' title="bbox 226 4973 1801 5050; baseline -0.002 -22"><span class='ocrx_word' id='word_1_646' title='bbox 226 4996 244 5028; x_wconf 75' lang='grc' dir='ltr'><strong>ι</strong></span> <span class='ocrx_word' id='word_1_647' title='bbox 287 4980 380 5031; x_wconf 74' lang='grc' dir='ltr'>καὶ</span> <span class='ocrx_word' id='word_1_648' title='bbox 419 4978 697 5050; x_wconf 83' lang='grc' dir='ltr'>δεύτερον,</span> <span class='ocrx_word' id='word_1_649' title='bbox 750 4979 826 5042; x_wconf 84' lang='grc' dir='ltr'><strong>ὡς</strong></span> <span class='ocrx_word' id='word_1_650' title='bbox 873 4979 1183 5048; x_wconf 83' lang='grc' dir='ltr'>Νάρκισσος</span> <span class='ocrx_word' id='word_1_651' title='bbox 1235 4977 1424 5040; x_wconf 76' lang='grc' dir='ltr'>αὐταῖς</span> <span class='ocrx_word' id='word_1_652' title='bbox 1477 4975 1654 5039; x_wconf 77' lang='grc' dir='ltr'>λέξεσι</span> <span class='ocrx_word' id='word_1_653' title='bbox 1707 4973 1801 5042; x_wconf 77' lang='grc' dir='ltr'>γέο</span> 
     </span>
    </p>
   </div>
   <div class='ocr_carea' id='block_1_85' title="bbox 299 5160 1479 5232">
    <p class='ocr_par' dir='ltr' id='par_1_85' title="bbox 299 5160 1479 5232">
     <span class='ocr_line' id='line_1_85' title="bbox 299 5160 1479 5232; baseline -0.003 -16"><span class='ocrx_word' id='word_1_654' title='bbox 299 5169 357 5226; x_wconf 79' lang='grc' dir='ltr'><strong>›Ῑ‹</strong></span> <span class='ocrx_word' id='word_1_655' title='bbox 393 5162 491 5216; x_wconf 87' lang='lat' dir='ltr'><strong>Ed.</strong></span> <span class='ocrx_word' id='word_1_656' title='bbox 524 5161 723 5224; x_wconf 86' lang='lat' dir='ltr'><strong>Paris.,</strong></span> <span class='ocrx_word' id='word_1_657' title='bbox 751 5178 870 5232; x_wconf 81' lang='lat' dir='ltr'><strong>pag.</strong></span> <span class='ocrx_word' id='word_1_658' title='bbox 906 5161 998 5216; x_wconf 75' lang='lat'><strong>27.</strong></span> <span class='ocrx_word' id='word_1_659' title='bbox 1096 5161 1142 5192; x_wconf 84' lang='lat'><strong>&quot;</strong></span> <span class='ocrx_word' id='word_1_660' title='bbox 1160 5161 1302 5214; x_wconf 87' lang='lat' dir='ltr'><strong>Psal.</strong></span> <span class='ocrx_word' id='word_1_661' title='bbox 1326 5175 1398 5224; x_wconf 74' lang='grc' dir='ltr'>χι,</span> <span class='ocrx_word' id='word_1_662' title='bbox 1425 5160 1479 5213; x_wconf 83' lang='grc'><strong>5.</strong></span> 
     </span>
    </p>
   </div>
   <div class='ocr_carea' id='block_1_86' title="bbox 295 5319 1793 5394">
    <p class='ocr_par' dir='ltr' id='par_1_86' title="bbox 295 5319 1793 5394">
     <span class='ocr_line' id='line_1_86' title="bbox 295 5319 1793 5394; baseline -0.003 -18"><span class='ocrx_word' id='word_1_663' title='bbox 295 5322 408 5394; x_wconf 68' lang='grc'><strong>(25)</strong></span> <span class='ocrx_word' id='word_1_664' title='bbox 441 5321 660 5387; x_wconf 80' lang='grc' dir='ltr'><strong>Ἐαυτῷ</strong></span> <span class='ocrx_word' id='word_1_665' title='bbox 716 5323 1032 5390; x_wconf 76' lang='grc' dir='ltr'>συνείρων.</span> <span class='ocrx_word' id='word_1_666' title='bbox 1081 5321 1243 5377; x_wconf 81' lang='lat' dir='ltr'><strong>Forte</strong></span> <span class='ocrx_word' id='word_1_667' title='bbox 1299 5322 1378 5385; x_wconf 82' lang='grc' dir='ltr'><strong>είς</strong></span> <span class='ocrx_word' id='word_1_668' title='bbox 1430 5319 1562 5374; x_wconf 74' lang='grc' dir='ltr'>αὐτὸ</span> <span class='ocrx_word' id='word_1_669' title='bbox 1613 5319 1793 5373; x_wconf 83' lang='grc' dir='ltr'>συνεί-</span> 
     </span>
    </p>
   </div>
   <div class='ocr_carea' id='block_1_87' title="bbox 225 5393 1071 5469">
    <p class='ocr_par' dir='ltr' id='par_1_87' title="bbox 225 5393 1071 5469">
     <span class='ocr_line' id='line_1_87' title="bbox 225 5393 1071 5469; baseline -0.004 -20"><span class='ocrx_word' id='word_1_670' title='bbox 225 5393 554 5469; x_wconf 21' lang='lat' dir='ltr'><strong>mirante-</strong></span> <span class='ocrx_word' id='word_1_671' title='bbox 572 5393 689 5446; x_wconf 76' lang='lat' dir='ltr'><strong>Mox</strong></span> <span class='ocrx_word' id='word_1_672' title='bbox 721 5394 1071 5469; x_wconf 40' lang='lat' dir='ltr'><strong>vulgo‘éotat.</strong></span> 
     </span>
    </p>
   </div>
   <div class='ocr_carea' id='block_1_88' title="bbox 296 5460 1794 5538">
    <p class='ocr_par' dir='ltr' id='par_1_88' title="bbox 296 5460 1794 5538">
     <span class='ocr_line' id='line_1_88' title="bbox 296 5460 1794 5538; baseline -0.002 -21"><span class='ocrx_word' id='word_1_673' title='bbox 296 5465 409 5538; x_wconf 69' lang='grc'><strong>(26)</strong></span> <span class='ocrx_word' id='word_1_674' title='bbox 451 5465 642 5538; x_wconf 78' lang='grc' dir='ltr'>Ὅπως</span> <span class='ocrx_word' id='word_1_675' title='bbox 666 5479 731 5515; x_wconf 84' lang='grc' dir='ltr'><strong>τε</strong></span> <span class='ocrx_word' id='word_1_676' title='bbox 751 5460 1062 5538; x_wconf 57' lang='grc' dir='ltr'>ἀποδῃμεῖ.</span> <span class='ocrx_word' id='word_1_677' title='bbox 1094 5463 1204 5516; x_wconf 86' lang='lat' dir='ltr'><strong>lloc</strong></span> <span class='ocrx_word' id='word_1_678' title='bbox 1228 5471 1308 5516; x_wconf 76' lang='lat' dir='ltr'><strong>est</strong></span> <span class='ocrx_word' id='word_1_679' title='bbox 1340 5461 1485 5538; x_wconf 81' lang='lat' dir='ltr'><strong>quod</strong></span> <span class='ocrx_word' id='word_1_680' title='bbox 1512 5460 1648 5524; x_wconf 81' lang='lat' dir='ltr'><strong>dixi,</strong></span> <span class='ocrx_word' id='word_1_681' title='bbox 1673 5476 1794 5538; x_wconf 81' lang='lat' dir='ltr'><strong>cur-</strong></span> 
     </span>
    </p>
   </div>
   <div class='ocr_carea' id='block_1_89' title="bbox 219 5533 1795 5606">
    <p class='ocr_par' dir='ltr' id='par_1_89' title="bbox 219 5533 1795 5606">
     <span class='ocr_line' id='line_1_89' title="bbox 219 5533 1795 5606; baseline -0.004 -15"><span class='ocrx_word' id='word_1_682' title='bbox 219 5533 415 5591; x_wconf 75' lang='lat' dir='ltr'><strong>sitasse</strong></span> <span class='ocrx_word' id='word_1_683' title='bbox 445 5537 714 5588; x_wconf 74' lang='lat' dir='ltr'><strong>Asterium</strong></span> <span class='ocrx_word' id='word_1_684' title='bbox 743 5548 758 5606; x_wconf 84' lang='lat'><strong>:_</strong></span> <span class='ocrx_word' id='word_1_685' title='bbox 793 5533 992 5606; x_wconf 69' lang='grc' dir='ltr'>ῥεμϐόν</span> <span class='ocrx_word' id='word_1_686' title='bbox 1025 5533 1524 5606; x_wconf 46' lang='grc' dir='ltr'>ειῌπεριφοιτητην,</span> <span class='ocrx_word' id='word_1_687' title='bbox 1553 5535 1795 5606; x_wconf 45' lang='grc' dir='ltr'>ιμιυιιμιιθ</span> 
     </span>
    </p>
   </div>
   <div class='ocr_carea' id='block_1_90' title="bbox 217 5602 1798 5674">
    <p class='ocr_par' dir='ltr' id='par_1_90' title="bbox 217 5602 1798 5674">
     <span class='ocr_line' id='line_1_90' title="bbox 217 5602 1798 5674; baseline -0.007 -10"><span class='ocrx_word' id='word_1_688' title='bbox 217 5609 316 5664; x_wconf 84' lang='lat' dir='ltr'><strong>illo</strong></span> <span class='ocrx_word' id='word_1_689' title='bbox 354 5607 680 5659; x_wconf 78' lang='lat' dir='ltr'><strong>Athanasius</strong></span> <span class='ocrx_word' id='word_1_690' title='bbox 706 5602 1018 5674; x_wconf 57' lang='lat' dir='ltr'><strong>ause-mm</strong></span> <span class='ocrx_word' id='word_1_691' title='bbox 1082 5603 1415 5674; x_wconf 73' lang='grc' dir='ltr'>Περιήρχετο</span> <span class='ocrx_word' id='word_1_692' title='bbox 1449 5602 1548 5665; x_wconf 78' lang='grc' dir='ltr'><strong>τάς</strong></span> <span class='ocrx_word' id='word_1_693' title='bbox 1599 5603 1656 5655; x_wconf 80' lang='grc' dir='ltr'>ἐν</span> <span class='ocrx_word' id='word_1_694' title='bbox 1698 5602 1798 5674; x_wconf 69' lang='lat' dir='ltr'><strong>Su:</strong></span> 
     </span>
    </p>
   </div>
   <div class='ocr_carea' id='block_1_91' title="bbox 261 5669 1796 5748">
    <p class='ocr_par' dir='ltr' id='par_1_91' title="bbox 261 5669 1796 5748">
     <span class='ocr_line' id='line_1_91' title="bbox 261 5669 1796 5748; baseline -0.004 -19"><span class='ocrx_word' id='word_1_695' title='bbox 261 5677 316 5748; x_wconf 77' lang='grc' dir='ltr'><strong>ίᾳ</strong></span> <span class='ocrx_word' id='word_1_696' title='bbox 341 5717 354 5738; x_wconf 87' lang='grc'><strong>,</strong></span> <span class='ocrx_word' id='word_1_697' title='bbox 399 5673 620 5748; x_wconf 73' lang='grc' dir='ltr'>καὶτὰς</span> <span class='ocrx_word' id='word_1_698' title='bbox 667 5672 831 5738; x_wconf 80' lang='grc' dir='ltr'>ἄλλας</span> <span class='ocrx_word' id='word_1_699' title='bbox 861 5669 1194 5748; x_wconf 13' lang='grc' dir='ltr'>Ϋὲκκλησίας,</span> <span class='ocrx_word' id='word_1_700' title='bbox 1236 5669 1342 5726; x_wconf 57' lang='lat' dir='ltr'><strong>sua.</strong></span> <span class='ocrx_word' id='word_1_701' title='bbox 1401 5669 1796 5748; x_wconf 41' lang='lat' dir='ltr'><strong>lteruupﬁscﬁ</strong></span> 
     </span>
    </p>
   </div>
   <div class='ocr_carea' id='block_1_92' title="bbox 216 5695 1797 5820">
    <p class='ocr_par' dir='ltr' id='par_1_92' title="bbox 216 5695 1797 5820">
     <span class='ocr_line' id='line_1_92' title="bbox 261 5695 1796 5754; baseline -0.004 -25"><span class='ocrx_word' id='word_1_702' title='bbox 261 5695 354 5748; x_wconf 76' lang='grc' dir='ltr'><strong>ιᾳ,</strong></span> <span class='ocrx_word' id='word_1_703' title='bbox 399 5695 492 5730; x_wconf 84' lang='grc' dir='ltr'><strong>και</strong></span> <span class='ocrx_word' id='word_1_704' title='bbox 525 5695 620 5737; x_wconf 71' lang='grc' dir='ltr'><strong>τας</strong></span> <span class='ocrx_word' id='word_1_705' title='bbox 667 5695 831 5738; x_wconf 60' lang='lat' dir='ltr'><strong>anna;</strong></span> <span class='ocrx_word' id='word_1_706' title='bbox 874 5695 1194 5742; x_wconf 81' lang='grc' dir='ltr'>εκκΑησιας,</span> <span class='ocrx_word' id='word_1_707' title='bbox 1236 5695 1342 5726; x_wconf 65' lang='lat' dir='ltr'><strong>cur.</strong></span> <span class='ocrx_word' id='word_1_708' title='bbox 1401 5695 1618 5754; x_wconf 68' lang='lat' dir='ltr'><strong>uerunt,</strong></span> <span class='ocrx_word' id='word_1_709' title='bbox 1661 5695 1796 5724; x_wconf 73' lang='grc' dir='ltr'>σεου</span> 
     </span>
     <span class='ocr_line' id='line_1_93' title="bbox 216 5695 1797 5820; baseline -0.006 -18"><span class='ocrx_word' id='word_1_710' title='bbox 216 5695 364 5820; x_wconf 59' lang='grc' dir='ltr'>Ξνήρ</span> <span class='ocrx_word' id='word_1_711' title='bbox 399 5747 650 5820; x_wconf 74' lang='lat' dir='ltr'><strong>Paulinus</strong></span> <span class='ocrx_word' id='word_1_712' title='bbox 669 5747 980 5820; x_wconf 56' lang='lat' dir='ltr'><strong>e§I,Jtvitttls</strong></span> <span class='ocrx_word' id='word_1_713' title='bbox 1019 5746 1378 5820; x_wconf 64' lang='lat' dir='ltr'><strong>malusqnnm</strong></span> <span class='ocrx_word' id='word_1_714' title='bbox 1408 5741 1704 5820; x_wconf 47' lang='lat' dir='ltr'><strong>mrtem.</strong></span> <span class='ocrx_word' id='word_1_715' title='bbox 1728 5772 1797 5782; x_wconf 90' lang='lat'><strong>——</strong></span> 
     </span>
    </p>
   </div>
   <div class='ocr_carea' id='block_1_93' title="bbox 218 5813 1802 5887">
    <p class='ocr_par' dir='ltr' id='par_1_93' title="bbox 218 5813 1802 5887">
     <span class='ocr_line' id='line_1_94' title="bbox 218 5813 1802 5887; baseline -0.006 -12"><span class='ocrx_word' id='word_1_716' title='bbox 218 5813 362 5876; x_wconf 64' lang='lat' dir='ltr'><strong>Iulia</strong></span> <span class='ocrx_word' id='word_1_717' title='bbox 411 5819 567 5887; x_wconf 74' lang='lat' dir='ltr'><strong>vulgo</strong></span> <span class='ocrx_word' id='word_1_718' title='bbox 615 5833 734 5885; x_wconf 85' lang='grc' dir='ltr'>γεγ.</span> <span class='ocrx_word' id='word_1_719' title='bbox 777 5815 908 5869; x_wconf 76' lang='grc' dir='ltr'>Θεὸν</span> <span class='ocrx_word' id='word_1_720' title='bbox 943 5834 999 5869; x_wconf 88' lang='grc' dir='ltr'><strong>π.</strong></span> <span class='ocrx_word' id='word_1_721' title='bbox 1030 5815 1084 5868; x_wconf 77' lang='grc' dir='ltr'>δὲ</span> <span class='ocrx_word' id='word_1_722' title='bbox 1131 5815 1223 5866; x_wconf 74' lang='grc' dir='ltr'>καὶ</span> <span class='ocrx_word' id='word_1_723' title='bbox 1270 5830 1354 5866; x_wconf 86' lang='grc' dir='ltr'><strong>κτ.</strong></span> <span class='ocrx_word' id='word_1_724' title='bbox 1381 5829 1432 5866; x_wconf 85' lang='lat' dir='ltr'><strong>et</strong></span> <span class='ocrx_word' id='word_1_725' title='bbox 1473 5813 1548 5876; x_wconf 78' lang='grc' dir='ltr'>ὠς</span> <span class='ocrx_word' id='word_1_726' title='bbox 1587 5814 1718 5876; x_wconf 80' lang='grc' dir='ltr'>Θεὸς</span> <span class='ocrx_word' id='word_1_727' title='bbox 1748 5827 1802 5866; x_wconf 73' lang='lat' dir='ltr'><strong>et</strong></span> 
     </span>
    </p>
   </div>
   <div class='ocr_carea' id='block_1_94' title="bbox 1905 3314 3482 3383">
    <p class='ocr_par' dir='ltr' id='par_1_94' title="bbox 1905 3314 3482 3383">
     <span class='ocr_line' id='line_1_95' title="bbox 1905 3314 3482 3383; baseline 0.006 -18"><span class='ocrx_word' id='word_1_728' title='bbox 1905 3314 2014 3376; x_wconf 89' lang='lat' dir='ltr'><strong>tthi,</strong></span> <span class='ocrx_word' id='word_1_729' title='bbox 2042 3314 2275 3383; x_wconf 82' lang='lat' dir='ltr'><strong>quando.</strong></span> <span class='ocrx_word' id='word_1_730' title='bbox 2327 3325 2376 3367; x_wconf 87' lang='lat' dir='ltr'><strong>et</strong></span> <span class='ocrx_word' id='word_1_731' title='bbox 2421 3315 2487 3368; x_wconf 83' lang='lat' dir='ltr'><strong>ad</strong></span> <span class='ocrx_word' id='word_1_732' title='bbox 2529 3329 2665 3382; x_wconf 89' lang='lat' dir='ltr'><strong>quos</strong></span> <span class='ocrx_word' id='word_1_733' title='bbox 2713 3315 2826 3370; x_wconf 88' lang='lat' dir='ltr'><strong>itet.</strong></span> <span class='ocrx_word' id='word_1_734' title='bbox 2871 3315 3102 3371; x_wconf 85' lang='lat' dir='ltr'><strong>Dimisso</strong></span> <span class='ocrx_word' id='word_1_735' title='bbox 3136 3319 3202 3372; x_wconf 85' lang='lat' dir='ltr'><strong>de</strong></span> <span class='ocrx_word' id='word_1_736' title='bbox 3235 3322 3482 3375; x_wconf 81' lang='lat' dir='ltr'><strong>manibus</strong></span> 
     </span>
    </p>
   </div>
   <div class='ocr_carea' id='block_1_95' title="bbox 1907 3404 3478 3470">
    <p class='ocr_par' dir='ltr' id='par_1_95' title="bbox 1907 3404 3478 3470">
     <span class='ocr_line' id='line_1_96' title="bbox 1907 3404 3478 3470; baseline 0.005 -14"><span class='ocrx_word' id='word_1_737' title='bbox 1907 3404 2096 3457; x_wconf 89' lang='lat' dir='ltr'><strong>iterum</strong></span> <span class='ocrx_word' id='word_1_738' title='bbox 2122 3405 2232 3467; x_wconf 89' lang='lat' dir='ltr'><strong>illo,</strong></span> <span class='ocrx_word' id='word_1_739' title='bbox 2260 3407 2309 3457; x_wconf 93' lang='lat' dir='ltr'><strong>in</strong></span> <span class='ocrx_word' id='word_1_740' title='bbox 2331 3405 2609 3458; x_wconf 77' lang='lat' dir='ltr'><strong>Paulinum</strong></span> <span class='ocrx_word' id='word_1_741' title='bbox 2630 3407 2804 3460; x_wconf 90' lang='lat' dir='ltr'><strong>denuo</strong></span> <span class='ocrx_word' id='word_1_742' title='bbox 2829 3410 3182 3470; x_wconf 79' lang='lat' dir='ltr'><strong>convertitur,</strong></span> <span class='ocrx_word' id='word_1_743' title='bbox 3207 3410 3478 3464; x_wconf 83' lang='lat' dir='ltr'><strong>hominem</strong></span> 
     </span>
    </p>
   </div>
   <div class='ocr_carea' id='block_1_96' title="bbox 1906 3494 3481 3568">
    <p class='ocr_par' dir='ltr' id='par_1_96' title="bbox 1906 3494 3481 3568">
     <span class='ocr_line' id='line_1_97' title="bbox 1906 3494 3481 3568; baseline 0.006 -23"><span class='ocrx_word' id='word_1_744' title='bbox 1906 3494 2018 3558; x_wconf 85' lang='lat' dir='ltr'><strong>Dei,</strong></span> <span class='ocrx_word' id='word_1_745' title='bbox 2053 3495 2237 3548; x_wconf 83' lang='lat' dir='ltr'><strong>verbis</strong></span> <span class='ocrx_word' id='word_1_746' title='bbox 2279 3495 2497 3548; x_wconf 76' lang='lat' dir='ltr'><strong>totidem</strong></span> <span class='ocrx_word' id='word_1_747' title='bbox 2531 3496 2776 3548; x_wconf 81' lang='lat' dir='ltr'><strong>scribens</strong></span> <span class='ocrx_word' id='word_1_748' title='bbox 2801 3494 2888 3566; x_wconf 64' lang='lat' dir='ltr'><strong>[IL</strong></span> <span class='ocrx_word' id='word_1_749' title='bbox 2921 3497 3161 3568; x_wconf 74' lang='lat' dir='ltr'><strong>XXXIII]</strong></span> <span class='ocrx_word' id='word_1_750' title='bbox 3201 3517 3214 3552; x_wconf 90' lang='lat'><strong>:</strong></span> <span class='ocrx_word' id='word_1_751' title='bbox 3256 3519 3273 3548; x_wconf 79' lang='grc' dir='ltr'><strong>ι</strong></span> <span class='ocrx_word' id='word_1_752' title='bbox 3321 3501 3481 3554; x_wconf 82' lang='lat' dir='ltr'><strong>Dictis</strong></span> 
     </span>
    </p>
   </div>
   <div class='ocr_carea' id='block_1_97' title="bbox 1910 3586 3482 3656">
    <p class='ocr_par' dir='ltr' id='par_1_97' title="bbox 1910 3586 3482 3656">
     <span class='ocr_line' id='line_1_98' title="bbox 1910 3586 3482 3656; baseline 0.006 -21"><span class='ocrx_word' id='word_1_753' title='bbox 1910 3603 1929 3634; x_wconf 77' lang='grc' dir='ltr'><strong>ι</strong></span> <span class='ocrx_word' id='word_1_754' title='bbox 1973 3586 2120 3639; x_wconf 88' lang='lat' dir='ltr'><strong>hisce</strong></span> <span class='ocrx_word' id='word_1_755' title='bbox 2145 3590 2336 3641; x_wconf 83' lang='lat' dir='ltr'><strong>ductus</strong></span> <span class='ocrx_word' id='word_1_756' title='bbox 2363 3600 2416 3641; x_wconf 83' lang='lat' dir='ltr'><strong>et</strong></span> <span class='ocrx_word' id='word_1_757' title='bbox 2435 3587 2592 3656; x_wconf 91' lang='lat' dir='ltr'><strong>hujus</strong></span> <span class='ocrx_word' id='word_1_758' title='bbox 2618 3597 2790 3654; x_wconf 85' lang='lat' dir='ltr'><strong>pater,</strong></span> <span class='ocrx_word' id='word_1_759' title='bbox 2823 3587 3100 3655; x_wconf 78' lang='lat' dir='ltr'><strong>Paulinus,</strong></span> <span class='ocrx_word' id='word_1_760' title='bbox 3137 3605 3240 3643; x_wconf 91' lang='lat' dir='ltr'><strong>non</strong></span> <span class='ocrx_word' id='word_1_761' title='bbox 3267 3603 3482 3644; x_wconf 71' lang='lat' dir='ltr'><strong>veretur</strong></span> 
     </span>
    </p>
   </div>
   <div class='ocr_carea' id='block_1_98' title="bbox 1911 3678 3478 3749">
    <p class='ocr_par' dir='ltr' id='par_1_98' title="bbox 1911 3678 3478 3749">
     <span class='ocr_line' id='line_1_99' title="bbox 1911 3678 3478 3749; baseline 0.006 -21"><span class='ocrx_word' id='word_1_762' title='bbox 1911 3697 1929 3728; x_wconf 77' lang='grc' dir='ltr'><strong>ι</strong></span> <span class='ocrx_word' id='word_1_763' title='bbox 1975 3678 2201 3732; x_wconf 84' lang='lat' dir='ltr'><strong>dictiset</strong></span> <span class='ocrx_word' id='word_1_764' title='bbox 2221 3681 2435 3749; x_wconf 87' lang='lat' dir='ltr'><strong>scriptis</strong></span> <span class='ocrx_word' id='word_1_765' title='bbox 2459 3681 2699 3748; x_wconf 85' lang='lat' dir='ltr'><strong>protiteri</strong></span> <span class='ocrx_word' id='word_1_766' title='bbox 2731 3682 3291 3736; x_wconf 80' lang='lat' dir='ltr'><strong>interdnmChristum</strong></span> <span class='ocrx_word' id='word_1_767' title='bbox 3311 3682 3478 3738; x_wconf 88' lang='lat' dir='ltr'><strong>Deum</strong></span> 
     </span>
    </p>
   </div>
   <div class='ocr_carea' id='block_1_99' title="bbox 1911 3772 3480 3842">
    <p class='ocr_par' dir='ltr' id='par_1_99' title="bbox 1911 3772 3480 3842">
     <span class='ocr_line' id='line_1_100' title="bbox 1911 3772 3480 3842; baseline 0.006 -22"><span class='ocrx_word' id='word_1_768' title='bbox 1911 3787 1929 3820; x_wconf 79' lang='grc' dir='ltr'><strong>ι</strong></span> <span class='ocrx_word' id='word_1_769' title='bbox 1976 3784 2097 3824; x_wconf 87' lang='lat' dir='ltr'><strong>esse</strong></span> <span class='ocrx_word' id='word_1_770' title='bbox 2151 3772 2344 3824; x_wconf 86' lang='lat' dir='ltr'><strong>ordine</strong></span> <span class='ocrx_word' id='word_1_771' title='bbox 2414 3772 2750 3836; x_wconf 84' lang='lat' dir='ltr'><strong>secundum;</strong></span> <span class='ocrx_word' id='word_1_772' title='bbox 2823 3773 3183 3842; x_wconf 84' lang='lat' dir='ltr'><strong>eumdemque</strong></span> <span class='ocrx_word' id='word_1_773' title='bbox 3243 3776 3480 3830; x_wconf 89' lang='lat' dir='ltr'><strong>humano</strong></span> 
     </span>
    </p>
   </div>
   <div class='ocr_carea' id='block_1_100' title="bbox 1909 3860 3480 3932">
    <p class='ocr_par' dir='ltr' id='par_1_100' title="bbox 1909 3860 3480 3932">
     <span class='ocr_line' id='line_1_101' title="bbox 1909 3860 3480 3932; baseline 0.006 -20"><span class='ocrx_word' id='word_1_774' title='bbox 1909 3878 1928 3912; x_wconf 70' lang='grc' dir='ltr'><strong>ι</strong></span> <span class='ocrx_word' id='word_1_775' title='bbox 1976 3877 2122 3913; x_wconf 79' lang='lat' dir='ltr'><strong>more</strong></span> <span class='ocrx_word' id='word_1_776' title='bbox 2153 3860 2318 3915; x_wconf 89' lang='lat' dir='ltr'><strong>Deum</strong></span> <span class='ocrx_word' id='word_1_777' title='bbox 2343 3865 2578 3932; x_wconf 77' lang='lat' dir='ltr'><strong>genitum</strong></span> <span class='ocrx_word' id='word_1_778' title='bbox 2611 3881 2624 3916; x_wconf 88' lang='lat'><strong>:</strong></span> <span class='ocrx_word' id='word_1_779' title='bbox 2658 3867 2927 3918; x_wconf 83' lang='lat' dir='ltr'><strong>interdum</strong></span> <span class='ocrx_word' id='word_1_780' title='bbox 2973 3882 3100 3919; x_wconf 85' lang='lat' dir='ltr'><strong>vero</strong></span> <span class='ocrx_word' id='word_1_781' title='bbox 3147 3869 3480 3922; x_wconf 85' lang='lat' dir='ltr'><strong>determinat</strong></span> 
     </span>
    </p>
   </div>
   <div class='ocr_carea' id='block_1_101' title="bbox 1910 3954 3477 4026">
    <p class='ocr_par' dir='ltr' id='par_1_101' title="bbox 1910 3954 3477 4026">
     <span class='ocr_line' id='line_1_102' title="bbox 1910 3954 3477 4026; baseline 0.008 -22"><span class='ocrx_word' id='word_1_782' title='bbox 1910 3971 1928 4004; x_wconf 85' lang='grc'><em>‹</em></span> <span class='ocrx_word' id='word_1_783' title='bbox 1977 3954 2121 4008; x_wconf 91' lang='lat' dir='ltr'><strong>illum</strong></span> <span class='ocrx_word' id='word_1_784' title='bbox 2147 3970 2267 4009; x_wconf 88' lang='lat' dir='ltr'><strong>esse</strong></span> <span class='ocrx_word' id='word_1_785' title='bbox 2297 3965 2618 4010; x_wconf 85' lang='lat' dir='ltr'><strong>creaturam.</strong></span> <span class='ocrx_word' id='word_1_786' title='bbox 2657 3957 2819 4026; x_wconf 85' lang='lat' dir='ltr'><strong>quue</strong></span> <span class='ocrx_word' id='word_1_787' title='bbox 2875 3960 2948 4011; x_wconf 90' lang='lat' dir='ltr'><strong>ita</strong></span> <span class='ocrx_word' id='word_1_788' title='bbox 2998 3970 3054 4012; x_wconf 93' lang='lat' dir='ltr'><strong>ut</strong></span> <span class='ocrx_word' id='word_1_789' title='bbox 3082 3975 3205 4014; x_wconf 79' lang='lat' dir='ltr'><strong>esse</strong></span> <span class='ocrx_word' id='word_1_790' title='bbox 3241 3973 3477 4023; x_wconf 84' lang='lat' dir='ltr'><strong>constet.</strong></span> 
     </span>
    </p>
   </div>
   <div class='ocr_carea' id='block_1_102' title="bbox 1911 4047 3477 4118">
    <p class='ocr_par' dir='ltr' id='par_1_102' title="bbox 1911 4047 3477 4118">
     <span class='ocr_line' id='line_1_103' title="bbox 1911 4047 3477 4118; baseline 0.006 -22"><span class='ocrx_word' id='word_1_791' title='bbox 1911 4062 1929 4096; x_wconf 84' lang='grc' dir='ltr'><strong>ι</strong></span> <span class='ocrx_word' id='word_1_792' title='bbox 1983 4047 2258 4098; x_wconf 86' lang='lat' dir='ltr'><strong>sciendum</strong></span> <span class='ocrx_word' id='word_1_793' title='bbox 2302 4057 2385 4100; x_wconf 89' lang='lat' dir='ltr'><strong>est</strong></span> <span class='ocrx_word' id='word_1_794' title='bbox 2413 4047 2561 4100; x_wconf 87' lang='lat' dir='ltr'><strong>illum</strong></span> <span class='ocrx_word' id='word_1_795' title='bbox 2596 4048 2824 4118; x_wconf 66' lang='lat' dir='ltr'><strong>Ancyrze</strong></span> <span class='ocrx_word' id='word_1_796' title='bbox 2857 4049 3134 4104; x_wconf 87' lang='lat' dir='ltr'><strong>nobiscum</strong></span> <span class='ocrx_word' id='word_1_797' title='bbox 3171 4064 3477 4106; x_wconf 80' lang='lat' dir='ltr'><strong>versantem</strong></span> 
     </span>
    </p>
   </div>
   <div class='ocr_carea' id='block_1_103' title="bbox 1909 4135 3473 4210">
    <p class='ocr_par' dir='ltr' id='par_1_103' title="bbox 1909 4135 3473 4210">
     <span class='ocr_line' id='line_1_104' title="bbox 1909 4135 3473 4210; baseline 0.008 -22"><span class='ocrx_word' id='word_1_798' title='bbox 1909 4155 1929 4188; x_wconf 74' lang='grc' dir='ltr'><strong>ι</strong></span> <span class='ocrx_word' id='word_1_799' title='bbox 1971 4135 2300 4205; x_wconf 83' lang='lat' dir='ltr'><strong>aliquando,</strong></span> <span class='ocrx_word' id='word_1_800' title='bbox 2352 4139 2628 4192; x_wconf 89' lang='lat' dir='ltr'><strong>Christum</strong></span> <span class='ocrx_word' id='word_1_801' title='bbox 2684 4142 3010 4210; x_wconf 72' lang='lat' dir='ltr'><strong>praedicasse</strong></span> <span class='ocrx_word' id='word_1_802' title='bbox 3057 4155 3370 4198; x_wconf 84' lang='lat' dir='ltr'><strong>creaturam</strong></span> <span class='ocrx_word' id='word_1_803' title='bbox 3407 4165 3418 4200; x_wconf 91' lang='lat'>:</span> <span class='ocrx_word' id='word_1_804' title='bbox 3453 4165 3473 4199; x_wconf 76' lang='grc' dir='ltr'><strong>ι</strong></span> 
     </span>
    </p>
   </div>
   <div class='ocr_carea' id='block_1_104' title="bbox 1905 4231 3481 4301">
    <p class='ocr_par' dir='ltr' id='par_1_104' title="bbox 1905 4231 3481 4301">
     <span class='ocr_line' id='line_1_105' title="bbox 1905 4231 3481 4301; baseline 0.003 -15"><span class='ocrx_word' id='word_1_805' title='bbox 1905 4246 2071 4301; x_wconf 88' lang='lat' dir='ltr'><strong>seque</strong></span> <span class='ocrx_word' id='word_1_806' title='bbox 2108 4247 2228 4286; x_wconf 85' lang='lat' dir='ltr'><strong>cum</strong></span> <span class='ocrx_word' id='word_1_807' title='bbox 2258 4247 2324 4286; x_wconf 90' lang='lat' dir='ltr'><strong>eo</strong></span> <span class='ocrx_word' id='word_1_808' title='bbox 2355 4231 2542 4287; x_wconf 83' lang='lat' dir='ltr'><strong>iniisse</strong></span> <span class='ocrx_word' id='word_1_809' title='bbox 2587 4233 3004 4301; x_wconf 78' lang='lat' dir='ltr'><strong>disputationem</strong></span> <span class='ocrx_word' id='word_1_810' title='bbox 3043 4237 3322 4290; x_wconf 89' lang='lat' dir='ltr'><strong>mentitur.</strong></span> <span class='ocrx_word' id='word_1_811' title='bbox 3377 4239 3481 4290; x_wconf 79' lang='lat' dir='ltr'><strong>Ac-</strong></span> 
     </span>
    </p>
   </div>
   <div class='ocr_carea' id='block_1_105' title="bbox 1905 4323 3479 4396">
    <p class='ocr_par' dir='ltr' id='par_1_105' title="bbox 1905 4323 3479 4396">
     <span class='ocr_line' id='line_1_106' title="bbox 1905 4323 3479 4396; baseline 0.001 -18"><span class='ocrx_word' id='word_1_812' title='bbox 1905 4333 2064 4378; x_wconf 90' lang='lat' dir='ltr'><strong>cusat</strong></span> <span class='ocrx_word' id='word_1_813' title='bbox 2093 4324 2314 4392; x_wconf 90' lang='lat' dir='ltr'><strong>insuper</strong></span> <span class='ocrx_word' id='word_1_814' title='bbox 2347 4324 2490 4378; x_wconf 82' lang='lat' dir='ltr'><strong>hunc</strong></span> <span class='ocrx_word' id='word_1_815' title='bbox 2523 4323 2738 4378; x_wconf 86' lang='lat' dir='ltr'><strong>beatum</strong></span> <span class='ocrx_word' id='word_1_816' title='bbox 2770 4327 2973 4391; x_wconf 90' lang='lat' dir='ltr'><strong>virum,</strong></span> <span class='ocrx_word' id='word_1_817' title='bbox 3001 4329 3154 4396; x_wconf 85' lang='lat' dir='ltr'><strong>quasi</strong></span> <span class='ocrx_word' id='word_1_818' title='bbox 3181 4330 3314 4382; x_wconf 89' lang='lat' dir='ltr'><strong>deos</strong></span> <span class='ocrx_word' id='word_1_819' title='bbox 3346 4330 3479 4381; x_wconf 88' lang='lat' dir='ltr'><strong>mul-</strong></span> 
     </span>
    </p>
   </div>
   <div class='ocr_carea' id='block_1_106' title="bbox 1908 4415 3478 4481">
    <p class='ocr_par' dir='ltr' id='par_1_106' title="bbox 1908 4415 3478 4481">
     <span class='ocr_line' id='line_1_107' title="bbox 1908 4415 3478 4481; baseline 0.004 -13"><span class='ocrx_word' id='word_1_820' title='bbox 1908 4423 1993 4468; x_wconf 88' lang='lat' dir='ltr'><strong>tos</strong></span> <span class='ocrx_word' id='word_1_821' title='bbox 2024 4417 2323 4470; x_wconf 89' lang='lat' dir='ltr'><strong>statuisset.</strong></span> <span class='ocrx_word' id='word_1_822' title='bbox 2359 4415 2566 4471; x_wconf 75' lang='lat' dir='ltr'><strong>Relicto</strong></span> <span class='ocrx_word' id='word_1_823' title='bbox 2593 4417 2806 4470; x_wconf 90' lang='lat' dir='ltr'><strong>demum</strong></span> <span class='ocrx_word' id='word_1_824' title='bbox 2833 4417 3076 4481; x_wconf 88' lang='lat' dir='ltr'><strong>Paulino,</strong></span> <span class='ocrx_word' id='word_1_825' title='bbox 3103 4420 3298 4473; x_wconf 89' lang='lat' dir='ltr'><strong>iterum</strong></span> <span class='ocrx_word' id='word_1_826' title='bbox 3322 4431 3478 4474; x_wconf 85' lang='lat' dir='ltr'><strong>vacat</strong></span> 
     </span>
    </p>
   </div>
   <div class='ocr_carea' id='block_1_107' title="bbox 1906 4506 3475 4583">
    <p class='ocr_par' dir='ltr' id='par_1_107' title="bbox 1906 4506 3475 4583">
     <span class='ocr_line' id='line_1_108' title="bbox 1906 4506 3475 4583; baseline 0.003 -21"><span class='ocrx_word' id='word_1_827' title='bbox 1906 4506 2135 4562; x_wconf 84' lang='lat' dir='ltr'><strong>Eusebio</strong></span> <span class='ocrx_word' id='word_1_828' title='bbox 2150 4507 2491 4578; x_wconf 77' lang='lat' dir='ltr'><strong>exagitaudo,</strong></span> <span class='ocrx_word' id='word_1_829' title='bbox 2513 4509 2860 4581; x_wconf 71' lang='lat' dir='ltr'><strong>iuquieus[lt.</strong></span> <span class='ocrx_word' id='word_1_830' title='bbox 2885 4509 3124 4583; x_wconf 76' lang='lat' dir='ltr'><strong>LXXIV]</strong></span> <span class='ocrx_word' id='word_1_831' title='bbox 3142 4530 3185 4566; x_wconf 76' lang='grc' dir='ltr'><strong>ε(</strong></span> <span class='ocrx_word' id='word_1_832' title='bbox 3201 4513 3314 4566; x_wconf 74' lang='lat' dir='ltr'><strong>Hoc.</strong></span> <span class='ocrx_word' id='word_1_833' title='bbox 3337 4514 3475 4566; x_wconf 83' lang='lat' dir='ltr'><strong>idem</strong></span> 
     </span>
    </p>
   </div>
   <div class='ocr_carea' id='block_1_108' title="bbox 1916 4602 3478 4668">
    <p class='ocr_par' dir='ltr' id='par_1_108' title="bbox 1916 4602 3478 4668">
     <span class='ocr_line' id='line_1_109' title="bbox 1916 4602 3478 4668; baseline 0.007 -18"><span class='ocrx_word' id='word_1_834' title='bbox 1916 4617 1934 4650; x_wconf 75' lang='grc' dir='ltr'><strong>ι</strong></span> <span class='ocrx_word' id='word_1_835' title='bbox 1976 4602 2195 4668; x_wconf 87' lang='lat' dir='ltr'><strong>scripsit</strong></span> <span class='ocrx_word' id='word_1_836' title='bbox 2223 4612 2279 4654; x_wconf 92' lang='lat' dir='ltr'><strong>et</strong></span> <span class='ocrx_word' id='word_1_837' title='bbox 2308 4603 2570 4657; x_wconf 77' lang='lat' dir='ltr'><strong>Eusebius</strong></span> <span class='ocrx_word' id='word_1_838' title='bbox 2593 4603 2964 4667; x_wconf 65' lang='lat' dir='ltr'><strong>Cmsarieusis,</strong></span> <span class='ocrx_word' id='word_1_839' title='bbox 3011 4607 3256 4659; x_wconf 88' lang='lat' dir='ltr'><strong>eamdem</strong></span> <span class='ocrx_word' id='word_1_840' title='bbox 3292 4606 3478 4660; x_wconf 79' lang='lat' dir='ltr'><strong>fovens</strong></span> 
     </span>
    </p>
   </div>
   <div class='ocr_carea' id='block_1_109' title="bbox 1911 4691 3473 4765">
    <p class='ocr_par' dir='ltr' id='par_1_109' title="bbox 1911 4691 3473 4765">
     <span class='ocr_line' id='line_1_110' title="bbox 1911 4691 3473 4765; baseline 0.005 -23"><span class='ocrx_word' id='word_1_841' title='bbox 1911 4710 1930 4742; x_wconf 74' lang='grc' dir='ltr'><strong>ι</strong></span> <span class='ocrx_word' id='word_1_842' title='bbox 1977 4708 2100 4746; x_wconf 81' lang='lat' dir='ltr'><strong>cum</strong></span> <span class='ocrx_word' id='word_1_843' title='bbox 2137 4691 2360 4747; x_wconf 83' lang='lat' dir='ltr'><strong>Paulino</strong></span> <span class='ocrx_word' id='word_1_844' title='bbox 2393 4705 2448 4748; x_wconf 88' lang='lat' dir='ltr'><strong>et</strong></span> <span class='ocrx_word' id='word_1_845' title='bbox 2473 4709 2502 4746; x_wconf 89' lang='lat' dir='ltr'><strong>a</strong></span> <span class='ocrx_word' id='word_1_846' title='bbox 2545 4698 2647 4747; x_wconf 88' lang='lat' dir='ltr'><strong>lide</strong></span> <span class='ocrx_word' id='word_1_847' title='bbox 2688 4695 2882 4748; x_wconf 87' lang='lat' dir='ltr'><strong>alienis</strong></span> <span class='ocrx_word' id='word_1_848' title='bbox 2910 4695 2977 4748; x_wconf 87' lang='lat' dir='ltr'><strong>de</strong></span> <span class='ocrx_word' id='word_1_849' title='bbox 3005 4695 3110 4749; x_wconf 85' lang='lat' dir='ltr'><strong>Deo</strong></span> <span class='ocrx_word' id='word_1_850' title='bbox 3143 4697 3473 4765; x_wconf 82' lang='lat' dir='ltr'><strong>Opinionem.</strong></span> 
     </span>
    </p>
   </div>
   <div class='ocr_carea' id='block_1_110' title="bbox 1912 4783 3474 4854">
    <p class='ocr_par' dir='ltr' id='par_1_110' title="bbox 1912 4783 3474 4854">
     <span class='ocr_line' id='line_1_111' title="bbox 1912 4783 3474 4854; baseline 0.006 -20"><span class='ocrx_word' id='word_1_851' title='bbox 1912 4801 1930 4834; x_wconf 79' lang='grc' dir='ltr'><strong>ι</strong></span> <span class='ocrx_word' id='word_1_852' title='bbox 1979 4783 2212 4853; x_wconf 84' lang='lat' dir='ltr'><strong>Scripsit</strong></span> <span class='ocrx_word' id='word_1_853' title='bbox 2258 4785 2438 4849; x_wconf 90' lang='lat' dir='ltr'><strong>enim,</strong></span> <span class='ocrx_word' id='word_1_854' title='bbox 2477 4800 2582 4839; x_wconf 93' lang='lat' dir='ltr'><strong>nou</strong></span> <span class='ocrx_word' id='word_1_855' title='bbox 2629 4787 2780 4854; x_wconf 85' lang='lat' dir='ltr'><strong>quasi</strong></span> <span class='ocrx_word' id='word_1_856' title='bbox 2832 4795 2975 4840; x_wconf 81' lang='lat' dir='ltr'><strong>esset</strong></span> <span class='ocrx_word' id='word_1_857' title='bbox 3001 4787 3150 4840; x_wconf 88' lang='lat' dir='ltr'><strong>solus</strong></span> <span class='ocrx_word' id='word_1_858' title='bbox 3187 4789 3347 4853; x_wconf 85' lang='lat' dir='ltr'><strong>Deus,</strong></span> <span class='ocrx_word' id='word_1_859' title='bbox 3381 4792 3474 4843; x_wconf 62' lang='lat' dir='ltr'><strong>sed</strong></span> 
     </span>
    </p>
   </div>
   <div class='ocr_carea' id='block_1_111' title="bbox 1913 4879 3478 4935">
    <p class='ocr_par' dir='ltr' id='par_1_111' title="bbox 1913 4879 3478 4935">
     <span class='ocr_line' id='line_1_112' title="bbox 1913 4879 3478 4935; baseline 0.005 -8"><span class='ocrx_word' id='word_1_860' title='bbox 1913 4894 1932 4926; x_wconf 76' lang='grc' dir='ltr'><strong>ι</strong></span> <span class='ocrx_word' id='word_1_861' title='bbox 1981 4893 2118 4932; x_wconf 90' lang='lat' dir='ltr'><strong>unus</strong></span> <span class='ocrx_word' id='word_1_862' title='bbox 2170 4887 2315 4933; x_wconf 91' lang='lat' dir='ltr'><strong>esset</strong></span> <span class='ocrx_word' id='word_1_863' title='bbox 2361 4893 2523 4933; x_wconf 87' lang='lat' dir='ltr'><strong>verus</strong></span> <span class='ocrx_word' id='word_1_864' title='bbox 2555 4880 2702 4933; x_wconf 87' lang='lat' dir='ltr'><strong>solus</strong></span> <span class='ocrx_word' id='word_1_865' title='bbox 2741 4881 2898 4934; x_wconf 88' lang='lat' dir='ltr'><strong>Deus.</strong></span> <span class='ocrx_word' id='word_1_866' title='bbox 2956 4879 3107 4935; x_wconf 87' lang='lat' dir='ltr'><strong>Unde</strong></span> <span class='ocrx_word' id='word_1_867' title='bbox 3149 4880 3373 4932; x_wconf 85' lang='lat' dir='ltr'><strong>edoctus</strong></span> <span class='ocrx_word' id='word_1_868' title='bbox 3423 4892 3478 4935; x_wconf 88' lang='lat' dir='ltr'><strong>et</strong></span> 
     </span>
    </p>
   </div>
   <div class='ocr_carea' id='block_1_112' title="bbox 1911 4971 3479 5044">
    <p class='ocr_par' dir='ltr' id='par_1_112' title="bbox 1911 4971 3479 5044">
     <span class='ocr_line' id='line_1_113' title="bbox 1911 4971 3479 5044; baseline 0.004 -20"><span class='ocrx_word' id='word_1_869' title='bbox 1911 4992 1930 5024; x_wconf 77' lang='grc' dir='ltr'><strong>ι</strong></span> <span class='ocrx_word' id='word_1_870' title='bbox 1979 4973 2174 5026; x_wconf 79' lang='lat' dir='ltr'><strong>Asterii</strong></span> <span class='ocrx_word' id='word_1_871' title='bbox 2214 4982 2364 5042; x_wconf 88' lang='lat' dir='ltr'><strong>pater</strong></span> <span class='ocrx_word' id='word_1_872' title='bbox 2404 4971 2678 5038; x_wconf 82' lang='lat' dir='ltr'><strong>Paulinus,</strong></span> <span class='ocrx_word' id='word_1_873' title='bbox 2729 4971 2975 5040; x_wconf 84' lang='lat' dir='ltr'><strong>juniores</strong></span> <span class='ocrx_word' id='word_1_874' title='bbox 3025 4975 3291 5044; x_wconf 81' lang='lat' dir='ltr'><strong>quosdam</strong></span> <span class='ocrx_word' id='word_1_875' title='bbox 3347 4977 3479 5029; x_wconf 86' lang='lat' dir='ltr'><strong>deos</strong></span> 
     </span>
    </p>
   </div>
   <div class='ocr_carea' id='block_1_113' title="bbox 1902 5311 3276 5383">
    <p class='ocr_par' dir='ltr' id='par_1_113' title="bbox 1902 5311 3276 5383">
     <span class='ocr_line' id='line_1_114' title="bbox 1902 5311 3276 5383; baseline -0.005 -13"><span class='ocrx_word' id='word_1_876' title='bbox 1902 5313 2072 5370; x_wconf 85' lang='grc' dir='ltr'>Παυλ.</span> <span class='ocrx_word' id='word_1_877' title='bbox 2100 5311 2324 5383; x_wconf 57' lang='lat' dir='ltr'><strong>1;!wa</strong></span> <span class='ocrx_word' id='word_1_878' title='bbox 2349 5322 2402 5383; x_wconf 89' lang='lat' dir='ltr'><strong>et</strong></span> <span class='ocrx_word' id='word_1_879' title='bbox 2429 5311 2579 5376; x_wconf 79' lang='grc' dir='ltr'>ὖντος</span> <span class='ocrx_word' id='word_1_880' title='bbox 2611 5313 2770 5383; x_wconf 86' lang='grc' dir='ltr'>μόνου</span> <span class='ocrx_word' id='word_1_881' title='bbox 2800 5313 2891 5365; x_wconf 85' lang='grc' dir='ltr'><strong>τοῦ</strong></span> <span class='ocrx_word' id='word_1_882' title='bbox 2919 5323 2983 5383; x_wconf 87' lang='lat' dir='ltr'><strong>et</strong></span> <span class='ocrx_word' id='word_1_883' title='bbox 3001 5313 3112 5383; x_wconf 64' lang='grc' dir='ltr'><strong>και</strong></span> <span class='ocrx_word' id='word_1_884' title='bbox 3132 5312 3276 5364; x_wconf 82' lang='grc' dir='ltr'>Ἀστ.</span> 
     </span>
    </p>
   </div>
   <div class='ocr_carea' id='block_1_114' title="bbox 1973 5379 3478 5456">
    <p class='ocr_par' dir='ltr' id='par_1_114' title="bbox 1973 5379 3478 5456">
     <span class='ocr_line' id='line_1_115' title="bbox 1973 5379 3478 5456; baseline -0.003 -19"><span class='ocrx_word' id='word_1_885' title='bbox 1973 5386 2084 5456; x_wconf 70' lang='lat'><strong>(27)</strong></span> <span class='ocrx_word' id='word_1_886' title='bbox 2126 5379 2297 5456; x_wconf 50' lang='lat' dir='ltr'><strong>vulgo</strong></span> <span class='ocrx_word' id='word_1_887' title='bbox 2345 5379 2703 5456; x_wconf 34' lang='lat' dir='ltr'><strong>ﬂudﬁOO’TJCI</strong></span> <span class='ocrx_word' id='word_1_888' title='bbox 2751 5381 3185 5456; x_wconf 77' lang='grc' dir='ltr'>ἀπληκτίσασθαι</span> <span class='ocrx_word' id='word_1_889' title='bbox 3235 5391 3282 5456; x_wconf 71' lang='lat' dir='ltr'><strong>et</strong></span> <span class='ocrx_word' id='word_1_890' title='bbox 3336 5379 3478 5456; x_wconf 77' lang='grc' dir='ltr'>ὥστε</span> 
     </span>
    </p>
   </div>
   <div class='ocr_carea' id='block_1_115' title="bbox 1905 5451 3475 5527">
    <p class='ocr_par' dir='ltr' id='par_1_115' title="bbox 1905 5451 3475 5527">
     <span class='ocr_line' id='line_1_116' title="bbox 1905 5451 3475 5527; baseline -0.003 -19"><span class='ocrx_word' id='word_1_891' title='bbox 1905 5451 2003 5527; x_wconf 80' lang='grc' dir='ltr'>μὲν</span> <span class='ocrx_word' id='word_1_892' title='bbox 2037 5451 2082 5506; x_wconf 73' lang='grc' dir='ltr'>ὲ.</span> <span class='ocrx_word' id='word_1_893' title='bbox 2109 5470 2159 5506; x_wconf 90' lang='grc' dir='ltr'><strong>τ.</strong></span> <span class='ocrx_word' id='word_1_894' title='bbox 2187 5451 2331 5527; x_wconf 86' lang='grc' dir='ltr'>λέγοι</span> <span class='ocrx_word' id='word_1_895' title='bbox 2363 5451 2639 5527; x_wconf 58' lang='grc' dir='ltr'>(ὦστίοὺκ</span> <span class='ocrx_word' id='word_1_896' title='bbox 2676 5454 2742 5508; x_wconf 82' lang='grc' dir='ltr'><strong>ἀν</strong></span> <span class='ocrx_word' id='word_1_897' title='bbox 2781 5451 2902 5525; x_wconf 55' lang='lat' dir='ltr'><strong>IL),</strong></span> <span class='ocrx_word' id='word_1_898' title='bbox 2951 5470 3112 5523; x_wconf 85' lang='lat' dir='ltr'><strong>porro</strong></span> <span class='ocrx_word' id='word_1_899' title='bbox 3165 5451 3321 5527; x_wconf 63' lang='lat' dir='ltr'><strong>vulgo</strong></span> <span class='ocrx_word' id='word_1_900' title='bbox 3371 5455 3475 5527; x_wconf 56' lang='lat' dir='ltr'><strong>six:</strong></span> 
     </span>
    </p>
   </div>
   <div class='ocr_carea' id='block_1_116' title="bbox 1901 5520 3478 5598">
    <p class='ocr_par' dir='ltr' id='par_1_116' title="bbox 1901 5520 3478 5598">
     <span class='ocr_line' id='line_1_117' title="bbox 1901 5520 3478 5598; baseline -0.004 -18"><span class='ocrx_word' id='word_1_901' title='bbox 1901 5520 1996 5598; x_wconf 76' lang='grc' dir='ltr'>τὴν</span> <span class='ocrx_word' id='word_1_902' title='bbox 2028 5524 2256 5598; x_wconf 78' lang='grc' dir='ltr'>ἡμετέρ.</span> <span class='ocrx_word' id='word_1_903' title='bbox 2302 5520 2376 5598; x_wconf 80' lang='lat' dir='ltr'><strong>et</strong></span> <span class='ocrx_word' id='word_1_904' title='bbox 2404 5526 2556 5598; x_wconf 68' lang='lat' dir='ltr'><strong>unc-is</strong></span> <span class='ocrx_word' id='word_1_905' title='bbox 2599 5527 2800 5598; x_wconf 56' lang='lat' dir='ltr'><strong>inclusa</strong></span> <span class='ocrx_word' id='word_1_906' title='bbox 2833 5520 2985 5598; x_wconf 33' lang='lat' dir='ltr'><strong>om;</strong></span> <span class='ocrx_word' id='word_1_907' title='bbox 3025 5539 3147 5577; x_wconf 76' lang='lat' dir='ltr'><strong>mox</strong></span> <span class='ocrx_word' id='word_1_908' title='bbox 3197 5526 3358 5598; x_wconf 70' lang='lat' dir='ltr'><strong>yulgo</strong></span> <span class='ocrx_word' id='word_1_909' title='bbox 3382 5520 3478 5598; x_wconf 81' lang='grc' dir='ltr'><strong>τοῦ</strong></span> 
     </span>
    </p>
   </div>
   <div class='ocr_carea' id='block_1_117' title="bbox 1903 5594 3481 5680">
    <p class='ocr_par' dir='ltr' id='par_1_117' title="bbox 1903 5594 3481 5680">
     <span class='ocr_line' id='line_1_118' title="bbox 1903 5594 3481 5680; baseline -0.004 -30"><span class='ocrx_word' id='word_1_910' title='bbox 1903 5594 2032 5650; x_wconf 58' lang='lat' dir='ltr'><strong>Eia.</strong></span> <span class='ocrx_word' id='word_1_911' title='bbox 2066 5594 2224 5647; x_wconf 87' lang='grc' dir='ltr'>πάλιν</span> <span class='ocrx_word' id='word_1_912' title='bbox 2249 5605 2299 5680; x_wconf 69' lang='lat' dir='ltr'><strong>et</strong></span> <span class='ocrx_word' id='word_1_913' title='bbox 2325 5595 2623 5680; x_wconf 46' lang='grc' dir='ltr'>ἀπὲκοῆσαι</span> <span class='ocrx_word' id='word_1_914' title='bbox 2645 5597 2790 5666; x_wconf 76' lang='grc' dir='ltr'>βούλ.</span> <span class='ocrx_word' id='word_1_915' title='bbox 2819 5610 2866 5649; x_wconf 89' lang='lat' dir='ltr'><strong>et</strong></span> <span class='ocrx_word' id='word_1_916' title='bbox 2903 5595 3149 5680; x_wconf 63' lang='grc' dir='ltr'>ὲΞηχεεν·</span> <span class='ocrx_word' id='word_1_917' title='bbox 3177 5594 3298 5680; x_wconf 67' lang='lat' dir='ltr'><strong>dein</strong></span> <span class='ocrx_word' id='word_1_918' title='bbox 3327 5594 3481 5680; x_wconf 69' lang='lat' dir='ltr'><strong>vulgo</strong></span> 
     </span>
    </p>
   </div>
   <div class='ocr_carea' id='block_1_118' title="bbox 1903 5662 3480 5736">
    <p class='ocr_par' dir='ltr' id='par_1_118' title="bbox 1903 5662 3480 5736">
     <span class='ocr_line' id='line_1_119' title="bbox 1903 5662 3480 5736; baseline 0.004 -16"><span class='ocrx_word' id='word_1_919' title='bbox 1903 5664 2024 5720; x_wconf 74' lang='grc' dir='ltr'>εἶτα</span> <span class='ocrx_word' id='word_1_920' title='bbox 2061 5665 2158 5734; x_wconf 83' lang='grc' dir='ltr'>μὲν</span> <span class='ocrx_word' id='word_1_921' title='bbox 2195 5681 2245 5717; x_wconf 91' lang='grc' dir='ltr'><strong>τ.</strong></span> <span class='ocrx_word' id='word_1_922' title='bbox 2269 5663 2364 5717; x_wconf 69' lang='grc' dir='ltr'>ἕνα</span> <span class='ocrx_word' id='word_1_923' title='bbox 2398 5666 2458 5717; x_wconf 91' lang='grc' dir='ltr'>Θ.</span> <span class='ocrx_word' id='word_1_924' title='bbox 2486 5662 2540 5718; x_wconf 73' lang='lat' dir='ltr'><strong>et</strong></span> <span class='ocrx_word' id='word_1_925' title='bbox 2581 5662 2828 5730; x_wconf 73' lang='grc' dir='ltr'>κακεῖνος</span> <span class='ocrx_word' id='word_1_926' title='bbox 2873 5680 2920 5718; x_wconf 79' lang='lat' dir='ltr'><strong>et</strong></span> <span class='ocrx_word' id='word_1_927' title='bbox 2969 5662 3142 5736; x_wconf 64' lang='grc' dir='ltr'>δ”τὴν</span> <span class='ocrx_word' id='word_1_928' title='bbox 3183 5662 3303 5716; x_wconf 84' lang='grc' dir='ltr'>ὲλπ.</span> <span class='ocrx_word' id='word_1_929' title='bbox 3327 5701 3343 5726; x_wconf 72' lang='grc' dir='ltr'><strong>ο</strong></span> <span class='ocrx_word' id='word_1_930' title='bbox 3388 5667 3480 5735; x_wconf 63' lang='grc' dir='ltr'><strong>εις·</strong></span> 
     </span>
    </p>
   </div>
   <div class='ocr_carea' id='block_1_119' title="bbox 1905 5736 3481 5809">
    <p class='ocr_par' dir='ltr' id='par_1_119' title="bbox 1905 5736 3481 5809">
     <span class='ocr_line' id='line_1_120' title="bbox 1905 5736 3481 5809; baseline -0.003 -19"><span class='ocrx_word' id='word_1_931' title='bbox 1905 5755 2067 5806; x_wconf 75' lang='lat' dir='ltr'><strong>utque</strong></span> <span class='ocrx_word' id='word_1_932' title='bbox 2127 5736 2279 5806; x_wconf 65' lang='lat' dir='ltr'><strong>vulgo</strong></span> <span class='ocrx_word' id='word_1_933' title='bbox 2331 5736 2712 5806; x_wconf 76' lang='grc' dir='ltr'>ὁμολογοῦντι,</span> <span class='ocrx_word' id='word_1_934' title='bbox 2769 5737 3121 5809; x_wconf 53' lang='grc' dir='ltr'>μεμψάμενός</span> <span class='ocrx_word' id='word_1_935' title='bbox 3173 5749 3236 5803; x_wconf 80' lang='grc' dir='ltr'><strong>γε</strong></span> <span class='ocrx_word' id='word_1_936' title='bbox 3280 5745 3332 5786; x_wconf 86' lang='lat' dir='ltr'><strong>et</strong></span> <span class='ocrx_word' id='word_1_937' title='bbox 3385 5748 3481 5786; x_wconf 87' lang='grc' dir='ltr'><strong>νυν</strong></span> 
     </span>
    </p>
   </div>
   <div class='ocr_carea' id='block_1_120' title="bbox 1905 5825 2086 5862">
    <p class='ocr_par' dir='ltr' id='par_1_120' title="bbox 1905 5825 2086 5862">
     <span class='ocr_line' id='line_1_121' title="bbox 1905 5825 2086 5862; baseline -0.022 0"><span class='ocrx_word' id='word_1_938' title='bbox 1905 5825 2005 5862; x_wconf 77' lang='grc' dir='ltr'><strong>αυτ</strong></span> <span class='ocrx_word' id='word_1_939' title='bbox 2023 5825 2086 5859; x_wconf 88' lang='grc' dir='ltr'><strong>.ν.</strong></span> 
     </span>
    </p>
   </div>
  </div>
