4190 6406
495 335 594 390 ἷ71
1167 323 1436 382 EUSEBII
1475 316 1946 376 CAESARIENSIS
1975 312 2126 371 OPP.
2169 310 2348 368 PARS
2386 309 2471 365 IV.
2513 339 2582 350 —
2621 307 3040 364 DOGMATICA.

3645 309 3746 362 7792

495 471 518 503 ι
565 451 866 504 arbitratus
899 454 985 502 cst
1007 459 1150 500 esse.
1177 462 1198 496 ι
1227 443 1400 509 Quos,
1428 441 1590 496 veluti
1633 439 1702 492 de
1729 435 1831 490 diis
1863 431 2072 502 Opinio-

2180 451 2197 482 ‹
2241 445 2468 501 γραφεν.
2498 427 2664 480 οὐδὲν
2703 425 2812 498 γὰρ
2845 424 3362 496 ωγχωρείὁλέγωνσ
3397 424 3744 498 Ποιήσωμεν

496 560 592 599 nes
631 543 1044 598 introducentes
1073 547 1314 599 accusat,
1345 550 1466 588 cum
1493 533 1614 586 Filii
1641 531 1892 585 deitatem
1915 533 2072 595 neget

495 648 632 702 Ipse.
675 633 776 698 Qui
807 633 850 686 si
885 629 1048 683 verba
1107 627 1408 682 Eusebiana
1439 637 1740 694 proponere
1789 618 2070 680 voluisset,

495 723 853 778 intellexisset
883 717 1070 788 procul
1103 717 1268 770 dubio
1301 728 1402 768 non
1435 713 1526 766 illa
1547 723 1824 776 esse,qu:e
1855 707 2068 760 Patrem

496 815 670 868 solum
695 811 1068 866 verumDeum
1089 809 1418 874 docuissent,
1441 820 1562 860 cum
1582 818 1610 856 a
1631 801 1920 856 Servatore
1943 813 2072 868 pro-

497 905 664 960 latum
683 906 752 960 sit
783 904 937 968 illud,
953 911 1008 955 ut
1031 916 1080 955 te
1104 909 1414 970 cognoscant
1434 895 1604 949 solum
1629 908 1804 947 verum
1823 891 1984 944 Deum
2002 889 2069 942 ⁵⁸.

497 999 628 1052 Post
675 995 938 1052 nonnulla
991 992 1262 1047 subnectit
1325 988 1577 1058 inquiens
1639 984 1730 1058 [ἰὶ.
1789 980 1998 1053 XXVll]
2053 999 2066 1034 :

501 1111 522 1141 ‹
571 1083 814 1158 Namque
862 1087 1003 1141 unde
1061 1085 1152 1138 ille
1195 1081 1352 1136 nobis
1386 1081 1758 1134 demonstrare
1807 1075 2006 1146 poterit
2041 1089 2072 1128 e

503 1201 522 1235 ι
571 1180 872 1251 Seriptnris
905 1178 1110 1238 sacris,
1151 1189 1318 1226 unum
1371 1186 1492 1225 esse
1537 1170 1832 1240 ingenitum
1858 1207 1872 1230 ,
1907 1182 2070 1221 unum

504 1293 522 1325 ι
571 1276 697 1328 item
725 1271 964 1342 genitura
995 1273 1052 1330 ᾖ(
1082 1267 1168 1338 (eo
1195 1265 1355 1318 modo
1385 1263 1642 1316 nimirum
1669 1275 1778 1330 quo
1803 1273 1926 1314 esse
1949 1273 2072 1312 cum

505 1389 522 1420 ι
569 1371 804 1440 genitum
833 1368 934 1439 ipsi
963 1364 1306 1431 autumant),
1331 1377 1452 1417 cum
1483 1361 1868 1430 prophetarum
1895 1357 2070 1410 nullus

503 1479 524 1512 ι
570 1473 664 1514 aut
699 1459 1178 1528 evangelismrnm,
1207 1455 1389 1508 nullus
1417 1449 1786 1522 apostolorum
1833 1450 1884 1504 id
1929 1449 2074 1503 aﬂir—

505 1573 524 1604 ‹
573 1553 742 1607 ωειῖι
779 1553 1056 1618 Deinceps,
1101 1563 1206 1602 non
1232 1561 1393 1600 secus
1419 1559 1582 1615 quam
1610 1543 1700 1611 qui
1739 1543 1792 1595 in
1819 1541 2071 1596 certami-

499 1646 660 1700 nibus
689 1641 1040 1706 describitur,
1078 1639 1144 1694 ad
1182 1653 1400 1692 manum
1443 1651 1563 1690 cum
1603 1635 1853 1688 oumibns
1877 1647 2070 1686 conse-

499 1740 744 1796 rendam,
781 1733 990 1788 confert
1015 1746 1074 1786 se
1097 1732 1164 1785 ad
1208 1729 1518 1783 Narcissum
1543 1735 1599 1780 et
1631 1723 1826 1796 ait[l{.
1861 1721 2064 1793 LXX]:

505 1843 522 1876 ι
571 1824 704 1890 Quis
735 1833 912 1876 autem
963 1821 1096 1875 illud
1139 1819 1400 1883 aﬂirmat,
1441 1817 1634 1871 nedum
1668 1816 1979 1878 contendit,
2021 1821 2079 1868 ut

505 1936 523 1968 ι
570 1916 858 1970 Narcissus
891 1915 1110 1970 disertis
1151 1911 1334 1967 verbis
1385 1911 1618 1976 asserit,
1677 1909 1911 1978 primum
1959 1921 2078 1962 esse

507 2026 526 2058 ι
577 2007 764 2070 Deum,
813 2013 868 2058 et
897 2005 1221 2058 secundum.
1271 1999 1388 2054 Non
1437 2010 1587 2054 certe
1629 1999 1918 2054 conﬁrmat
1975 1997 2078 2052 hoc

509 2118 530 2151 ‹
575 2100 721 2166 quod
751 2097 974 2160 dicitur,
1003 2096 1156 2160 illud,
1203 2093 1490 2148 Faciamus
1537 2095 1798 2146 hominem
1834 2091 1901 2144 ad
1941 2092 2078 2144 inta-

510 2209 528 2240 ι
575 2194 744 2258 ginem
799 2197 1032 2240 nostram
1085 2196 1134 2240 et
1177 2187 1574 2240 similitudinem
1625 2183 1692 2214 "'
1746 2181 1888 2252 (ipse
1928 2181 2074 2234 enim

505 2281 765 2335 Dominus
816 2289 1068 2343 testatur,
1099 2287 1156 2332 et
1205 2279 1402 2348 partim
1445 2277 1750 2330 audivimus
1800 2289 1830 2328 a
1875 2275 2082 2329 sanctis

506 2374 822 2442 Scripturis,
847 2373 974 2442 quia
1019 2373 1136 2441 ipse
1171 2371 1444 2440 ipsiusque
1481 2370 1644 2424 Pater
1685 2369 1792 2421 dno
1839 2375 1985 2423 sunt.
2023 2365 2078 2418 Si
2135 2357 2146 2376 ¹

505 2482 640 2536 ergo
667 2465 953 2520 Narcissus
977 2464 1180 2518 idcirco
1211 2461 1338 2516 velit
1363 2461 1556 2515 Filium
1587 2475 1616 2514 a
1657 2457 1816 2512 Patre
1841 2457 2078 2526 potentia

505 2558 782 2620 dividere,
834 2556 1046 2610 noverit
1091 2554 1218 2621 quia
1275 2553 1361 2607 ille
1409 2551 1499 2620 qui
1551 2549 1770 2617 scripsit
1825 2547 2080 2616 propheta

509 2651 664 2720 quasi
701 2651 840 2704 Deus
878 2649 1076 2702 dixerit
1115 2664 1130 2699 :
1180 2645 1466 2699 Faciamus
1493 2645 1749 2697 hominem
1787 2642 1855 2693 ad
1898 2637 2084 2708 imagi-

511 2761 530 2794 ι
574 2758 688 2797 nem
739 2749 976 2794 nostram
1026 2751 1072 2794 et
1125 2736 1566 2805 similitudinem),
1631 2735 1744 2803 ipse
1776 2734 1898 2786 ait:
1944 2749 1962 2782 ι
2011 2729 2079 2784 Et

517 2855 536 2888 ι
580 2834 702 2905 fecit
774 2834 1040 2887 hominem
1101 2831 1258 2884 Deus.
1327 2849 1344 2880 ι
1404 2829 1612 2883 llelicto
1671 2825 1962 2890 Narcisso,
2027 2826 2080 2878 in

511 2927 778 2982 Asterium
815 2925 1008 2980 scribit
1039 2922 1133 2995 [Β.
1173 2919 1356 2992 LXiIl]
1400 2937 1464 2974 ει
1511 2919 1686 2974 Unum
1735 2929 1898 2987 atque
1940 2919 2080 2972 idem

513 3035 530 3067 ι
569 3032 687 3071 esse
703 3018 1014 3084 pronuntiat
1037 3015 1302 3076 Asterius,
1325 3013 1538 3066 Patrem
1562 3011 1898 3065 solummodo
1923 3021 2082 3078 atque

513 3124 530 3154 ι
575 3103 766 3158 Filium
825 3105 875 3158 in
929 3119 995 3158 eo
1042 3102 1184 3174 quod
1243 3117 1336 3173 per
1383 3102 1564 3155 omnia
1628 3101 1974 3154 consentiant
2025 3109 2149 3194 etc

509 3215 530 3244 ι
576 3195 931 3264 conspirent;
1002 3195 1080 3248 ait
1119 3196 1264 3247 enim
1309 3211 1323 3247 :
1377 3192 1606 3262 Propter
1667 3193 2076 3247 cxactissimam

513 3305 531 3336 ι
585 3286 730 3339 illam
797 3285 1209 3340 consonantiam
1269 3289 1322 3337 in
1385 3285 1637 3338 omnibus
1697 3283 1856 3336 dictis
1917 3292 2078 3349 atque

516 3396 532 3427 ι
581 3377 758 3441 iactis,
813 3377 1010 3430 dicitur
1037 3393 1053 3430 :
1081 3373 1192 3444 Ego
1224 3385 1270 3428 et
1315 3371 1477 3426 Pater
1523 3389 1682 3426 unum
1717 3387 1895 3424 sumus
1947 3371 2012 3425 ⁵⁷,
2055 3391 2074 3422 ι

509 3471 780 3526 lnvehitur
821 3471 1013 3524 deinde
1065 3469 1118 3521 in
1173 3466 1462 3522 Eusebium
1513 3468 1584 3518 ita
1615 3465 1703 3540 [Β.
1740 3462 2026 3535 LXXXIX]
2061 3481 2076 3518 :

514 3585 534 3617 ι
583 3565 930 3620 Servatorem
972 3563 1244 3617 hominem
1281 3561 1448 3615 fuisse
1485 3560 1682 3614 docet:
1718 3560 1877 3628 idque
1915 3559 2080 3627 liquet

509 3678 532 3710 ι
585 3659 636 3712 in
683 3673 748 3712 eo
796 3657 939 3724 quod
991 3657 1284 3710 vaferrime
1339 3655 1663 3708 sententiam
1728 3653 2076 3720 apostolicam

509 3769 531 3802 ι
580 3751 816 3804 traducit
847 3748 1116 3803 Eusebius
1151 3749 1218 3800 ad
1245 3761 1396 3802 suam
1427 3745 1764 3800 voluntatem
1799 3743 2076 3798 constabi-

511 3860 533 3895 ι
581 3843 838 3898 liendam.
875 3841 1050 3896 Veluti
1074 3839 1218 3894 enim
1243 3838 1335 3908 qui
1357 3838 1470 3907 jam
1500 3837 1700 3890 dudum
1727 3837 2076 3904 parturierat,

511 3952 535 3988 ι
584 3945 640 3987 ut
685 3935 738 3987 iu
781 3933 954 3986 lucem
999 3931 1393 3999 blasphemiam
1424 3928 1750 3981 horrendam
1785 3927 2079 3996 productu-

515 4048 532 4078 ι
583 4043 693 4087 rns,
715 4027 792 4078 ita
823 4026 888 4078 de
929 4039 1026 4078 suo
1058 4023 1276 4092 proprio
1305 4021 1558 4074 thesauro
1586 4017 1772 4072 eiludit
1794 4018 2077 4084 malitiam,

514 4135 533 4168 ι
571 4118 726 4187 juxta
747 4117 948 4171 dictum
965 4116 1294 4170 Servatoris.
1315 4113 1557 4181 Namque
1575 4121 1891 4166 ostensurus
1910 4112 2081 4164 homi-

510 4228 532 4260 ‹
585 4223 704 4262 nent
745 4209 918 4262 solum
982 4208 1330 4262 Servatorem
1387 4205 1696 4270 exstitisse,
1755 4219 1862 4258 non
1921 4205 2084 4260 aliter

515 4321 534 4352 ι
580 4317 741 4370 quam
769 4299 862 4370 qui
893 4299 1209 4370 mysterium
1233 4297 1612 4353 absconditum
1643 4297 1886 4367 Apostoli
1915 4298 2085 4351 mani-

513 4413 534 4446 ι
585 4395 879 4449 I'eslntttrus
909 4404 1049 4458 erat,
1079 4395 1162 4464 ,ita
1209 4393 1395 4463 inquit
1425 4415 1436 4448 :
1469 4393 1808 4462 Quapropter
1855 4393 2083 4462 apertis-

2179 541 2198 572 ι
2240 523 2552 590 ἄνθρωπον
2579 521 2703 572 κατ’
2719 520 2920 572 εἰκόνα
2947 519 3241 587 ἡμετέραν
3263 517 3362 572 καὶ
3381 519 3510 574 καθ’
3541 523 3736 590 ὁμοίω-

2179 631 2196 664 t
2239 629 2344 666 σιν
2358 613 2459 682 (ὅτι
2479 613 2577 682 μὲν
2595 610 2758 673 αὐτὸς
2775 611 2907 664 καὶὸ
2924 609 3112 682 Πατὴρ
3125 609 3286 663 αὑτοῦ
3301 610 3561 674 δύοείσὶν,
3581 611 3745 666 αὑτοῦ

2180 725 2197 756 ι
2238 704 2333 757 τοῦ
2383 703 2587 774 Κυρίου
2625 701 3026 772 μαρτυροῦντος
3079 703 3174 755 καὶ
3221 700 3330 754 τῶν
3387 701 3559 770 ἁγίων
3609 704 3746 775 Γρα-

2178 817 2198 850 ι
2239 798 2355 867 φῶν
2389 800 2452 851 ἐκ
2489 797 2685 869 μέρους
2723 795 3057 866 ἠκούσαμεν.
3107 795 3169 848 El
3210 794 3390 847 τοίνυν
3437 794 3746 866 Νάρκισσος

2178 911 2196 942 ι
2235 891 2325 945 διὰ
2363 891 2519 944 τοῦτο
2551 890 2777 960 διαιρεῖν
2815 887 3042 958 δυνάμει
3069 887 3160 940 τὸν
3191 888 3360 956 Λόγον
3391 888 3484 941 τοῦ
3533 889 3746 959 Πατρὸς

2178 1006 2196 1036 ι
2235 985 2436 1046 ἐθέλοι,
2465 984 2654 1053 γνώτω
2682 983 2761 1036 ὅτι
2789 985 2816 1036 ὁ
2842 981 3052 1053 γράψας
3079 985 3361 1053 προφήτης
3385 983 3460 1045 ὼς
3483 983 3577 1036 τοῦ
3609 982 3745 1036 Θεοῦ

2177 1102 2197 1134 ι
2237 1082 2546 1154 εἰρηκότος⁸
2597 1079 2946 1148 Ποιήσωμεν
2997 1081 3310 1146 ἄνθρωπον
3359 1077 3484 1130 κατ’
3543 1079 3750 1130 εἰκόνα

2179 1195 2196 1226 ι
2239 1174 2530 1243 ψιετέραν
2583 1172 2684 1224 καὶ
2735 1171 2862 1226 καθ’
2915 1171 3236 1240 όμοίωσιν),
3269 1170 3427 1232 αὐτὸς
3470 1169 3742 1242 γέγραφε·

2179 1286 2196 1316 ι
2235 1266 2345 1319 Καὶ
2371 1265 2660 1331 ἐποίησεν
2689 1266 2721 1318 ὀ
2743 1262 2886 1329 Θεὸς
2911 1262 3016 1316 τὸν
3047 1261 3376 1331 ἄνθρωπον.
3409 1281 3429 1316 ι
3447 1262 3558 1316 Καὶ
3581 1279 3748 1333 μετα-

2173 1357 2274 1420 ϐὰς
2297 1357 2405 1410 ἀπὸ
2433 1355 2744 1427 Ναρκίσσου
2781 1356 2874 1408 ἐπὶ
2895 1356 2986 1408 τὸν
3019 1355 3310 1426 Ἀστέριον,
3332 1353 3503 1408 ταῦτα
3523 1357 3745 1426 γράψει’

2179 1466 2198 1498 ι
2245 1449 2340 1500 Ἓν
2390 1448 2498 1518 γὰρ
2537 1443 2676 1500 εἶναι
2714 1449 2808 1500 καὶ
2853 1449 3049 1501 ταύτὸν
3097 1449 3370 1520 Ἀστέριος
3411 1448 3554 1502 κατὰ
3589 1447 3748 1501 τοῦτο

2179 1559 2197 1590 ι
2239 1541 2556 1610 ἀπεφήνατο
2591 1539 2749 1610 μόνον
2787 1539 2876 1592 τὸν
2929 1539 3147 1610 Πατέρα
3185 1541 3280 1595 καὶ
3311 1541 3401 1594 τὸν
3439 1541 3584 1604 Υίὸν,
3623 1541 3748 1594 καθ’

2180 1649 2197 1682 ι
2237 1631 2265 1684 ὃ
2295 1633 2352 1684 ἐν
2383 1632 2518 1684 πᾶσι
2547 1631 2947 1702 συμφωνοῦσιν.
2983 1631 3139 1686 Οὕτω
3183 1633 3292 1706 γὰρ
3337 1633 3470 1704 ἔφη’
3512 1635 3623 1688 Καὶ
3659 1635 3747 1688 διὰ

2181 1742 2198 1774 ι
2241 1723 2340 1794 τὴν
2374 1724 2433 1776 ἐν
2462 1725 2595 1776 πᾶσι
2618 1723 2793 1792 λόγοις
2837 1741 2894 1776 τε
2927 1725 3024 1776 καὶ
3069 1724 3250 1796 ἔργοις
3289 1725 3487 1798 ἀκριϐῆ
3523 1742 3748 1796 συμφω-

2110 1797 2151 1852 “
2184 1835 2203 1867 ι
2240 1815 2378 1880 νίαν,
2422 1816 2567 1885 Ἐγὼ
2595 1817 2692 1870 καὶ
2732 1819 2764 1870 ὁ
2791 1817 2996 1884 Πατὴρ
3037 1816 3108 1870 ἐν
3135 1818 3341 1886 ἐσμεν.
3368 1797 3403 1868 γι
3439 1819 3548 1872 Καὶ
3581 1819 3748 1870 Εὐσε-

2181 1907 2295 1961 6ίου
2329 1906 2488 1960 πάλιν
2513 1905 3046 1977 καθάπτεται.λέγων
3069 1925 3084 1938 ·
3115 1927 3132 1960 ι
3171 1909 3488 1980 ’Ἄνθρωπον
3516 1909 3624 1980 γὰρ
3654 1908 3746 1963 τὸν

2185 2020 2203 2053 ι
2246 2001 2474 2074 Σωτῆρα
2511 1997 2648 2055 εἷναι
2683 1999 2946 2072 βούλεται.
2993 2002 3159 2073 Δῆλον
3189 2003 3245 2056 δὲ
3287 2003 3378 2071 ἀφ’
3409 1997 3482 2056 ὧν
3513 2003 3750 2074 πανούρ-

2185 2113 2203 2146 ι
2242 2113 2352 2164 γως
2403 2095 2471 2148 τὰ
2507 2095 2600 2148 τοῦ
2635 2097 2952 2150 Ἀποστόλου
3006 2096 3145 2167 ῥητὰ
3194 2095 3450 2161 Εὐσέϐιος
3499 2097 3634 2170 πρὸς
3687 2097 3750 2151 τὺ

2186 2207 2206 2237 ι
2243 2187 2434 2241 ἑαυτοῦ
2479 2189 2780 2259 μετήνεγκε
2822 2188 3084 2260 βούλημα.
3142 2190 3230 2254 Ὡς
3265 2189 3370 2260 γὰρ
3411 2192 3476 2243 ἐκ
3515 2190 3749 2254 παλαιᾶς

2187 2298 2204 2330 ι
2245 2297 2386 2344 τινος
2405 2279 2612 2344 ὠδῖνος,
2635 2281 2898 2352 μεγίστην
2919 2282 3230 2354 ἀποκυῆσαι
3252 2281 3568 2353 βουλόμενος
3590 2281 3752 2352 βλασ-

2187 2389 2204 2422 ι
2244 2371 2474 2444 φημίαν,
2511 2371 2724 2442 ἐξέχεεν
2772 2372 2880 2425 ἀπὸ
2917 2372 3010 2426 τοῦ
3082 2372 3210 2426 ἰδίου
3265 2373 3560 2445 θησαυροῦ,
3609 2373 3754 2428 κατά

2187 2486 2204 2516 ι
2244 2468 2341 2539 τὴν
2372 2468 2465 2523 τοῦ
2512 2468 2764 2537 Σωτῆρος
2815 2468 2992 2539 ῥῆσιν,
3026 2466 3086 2520 τὺ
3129 2465 3382 2538 πονηρόν.
3431 2465 3752 2538 Ἄνθρωπον

2187 2576 2204 2608 ι
2245 2557 2352 2630 γὰρ
2398 2559 2554 2629 μόνον
2593 2559 2686 2612 τὸν
2717 2558 2942 2628 Σωτῆρα
2970 2555 3138 2622 δεῖξαι
3169 2557 3506 2628 βουλόμενος,
3552 2556 3628 2618 ὡς
3660 2556 3755 2626 μέ-

2189 2668 2206 2701 ι
2245 2667 2426 2718 γιστον
2467 2652 2599 2722 ἡμῖν
2647 2651 2952 2722 ἀπόρρητον
2983 2649 3078 2703 τοῦ
3122 2650 3440 2702 Ἀποστόλου
3483 2649 3752 2704 ἀνακαλύ-

2189 2761 2208 2792 ‹
2250 2759 2398 2795 πτων
2443 2743 2760 2814 μυστήριον,
2785 2743 2958 2806 οὕτως
2984 2743 3110 2814 ἐφη·
3143 2745 3236 2797 Διὸ
3263 2745 3574 2813 σαφέστατα
3603 2744 3696 2797 καὶ
3721 2745 3752 2796 ὁ

2189 2857 2204 2887 ι
2247 2836 2388 2900 θεῖος
2431 2834 2776 2900 Ἀπόστολος,
2805 2837 2903 2907 τὴν
2929 2837 3232 2908 ἀπόρρητον
3265 2839 3393 2907 ἡμῖν
3434 2839 3526 2890 καὶ
3561 2855 3752 2908 μυστι-

2189 2945 2206 2977 ι
2247 2927 2346 2998 χήν
2385 2927 2704 2999 παραδιδοὺς
2730 2927 3024 2997 θεολογίαν,
3067 2928 3165 2999 βοᾷ
3191 2929 3282 2981 καὶ
3309 2929 3611 3001 κέκραγενσ
3645 2923 3752 2993 Εἷς

2189 3037 2206 3069 ι
2253 3023 2285 3072 ό
2303 3021 2464 3086 Θεός.
2483 3015 2615 3074 Εἶτα
2642 3021 2780 3092 μετὰ
2797 3021 2888 3074 τὸν
2909 3021 3004 3074 ἕνα
3019 3020 3148 3074 Θεόν
3175 3037 3355 3092 φησιν·
3386 3018 3490 3085 Εἷς
3500 3022 3752 3090 μεσίτης

2188 3127 2206 3161 ι
2249 3109 2395 3164 Θεοῦ
2419 3111 2514 3164 καὶ
2537 3111 2876 3180 ἀνθρώπων,
2904 3112 3209 3179 ἅνθρωπος
3223 3112 3458 3180 Ἰησοῦς
3476 3111 3753 3180 Χριστός.

2191 3222 2208 3252 ι
2249 3204 2310 3256 Ei
2351 3203 2526 3256 τοίνυν
2573 3203 2854 3276 ἄνθρωπον
2902 3203 3062 3256 αὐτὸν
3114 3201 3250 3257 εἷναί
3279 3221 3442 3275 φησι,
3511 3207 3576 3276 τῇ
3615 3203 3754 3258 κατὰ

2191 3316 2207 3346 ι
2251 3297 2426 3368 σάρκα
2477 3295 2636 3348 αὐτοῦ
2698 3298 2833 3369 μόνῃ
2874 3297 3152 3366 προσέχων
3195 3297 3492 3368 οἰκονομίᾳ,
3539 3297 3755 3361 πάντως

2192 3408 2208 3440 ι
2248 3393 2464 3444 κάκεῖνο
2495 3390 2840 3462 συνομολογεί
2866 3391 2928 3444 τό
2960 3393 3092 3463 μηδὲ
3130 3392 3273 3462 ἔχειν
3305 3391 3494 3444 ἐλπίδα
3539 3391 3626 3442 ἐπ’
3662 3387 3757 3442 αὐ-

2191 3501 2208 3530 ι
2248 3483 2358 3534 τόν.
2396 3483 2855 3551 Ἐπικατάρατος
2879 3485 2987 3556 γὰρ
3007 3483 3333 3552 ἅνθρωπος,
3383 3485 3412 3536 ὁ
3473 3483 3758 3554 προφήτης

2192 3591 2209 3622 ι
2246 3573 2508 3644 Ἱερεμίας
2529 3575 2652 3646 ἔφη,
2681 3575 2750 3640 ὃς
2771 3575 3109 3643 meamea
3132 3576 3258 3643 ἕχει
3279 3575 3368 3628 ἐπ’
3387 3575 3716 3646 ἄνθρωπον.
3730 3587 3751 3626 ι

2197 3665 2357 3736 Ὁρᾷς
2389 3665 2536 3728 ὅπως
2575 3667 2609 3734 ἡ
2658 3666 2823 3719 κακία
2862 3665 3178 3734 τυφλώττει.
3215 3665 3553 3735 Ταῦτα-γοῦν
3595 3666 3758 3727 αὐτὸς

2189 3759 2540 3828 μαρτυρήσας
2569 3757 2700 3811 Θεὸν
2743 3758 3086 3827 ὁμολογοῦντι
3125 3759 3214 3812 τὸν
3238 3759 3383 3823 Υίδν,
3413 3758 3760 3830 μεμφόμενός

2184 3865 2244 3899 τε
2283 3850 2375 3902 ἐπὶ
2402 3849 2596 3920 τούτῳ,
2631 3851 2705 3914 ὡς
2731 3851 2860 3904 Θεὸν
2885 3851 3041 3922 οὐσίᾳ
3081 3852 3170 3904 καὶ
3211 3852 3438 3922 δυνάμει
3473 3850 3757 3920 ὑφεστῶτα

2186 3945 2276 3996 τὸν
2303 3942 2398 3996 τοῦ
2445 3943 2580 3996 Θεοῦ
2620 3943 2788 4012 Λόγον
2821 3943 3110 4012 εἰσάγον-τι,
3151 3943 3246 3997 νῦν
3292 3943 3380 3997 τὸν
3407 3943 3568 3997 αὐτὸν
3599 3959 3760 3994 συκο-

2189 4039 2396 4104 φαντεῖ,
2431 4035 2505 4098 ὡς
2544 4034 2696 4104 ψιλὸν
2739 4035 3022 4105 ἄνθρωπον
3063 4034 3287 4103 λέγοντα
3329 4031 3464 4088 εἷναι
3503 4035 3592 4086 τὸν
3627 4037 3760 4106 Χρε-

2191 4128 2332 4192 στὸν,
2363 4127 2651 4199 προφανῶς
2680 4128 3143 4198 καταψευδόμενος
3164 4168 3179 4192 ,
3219 4127 3273 4180 ἐν
3321 4145 3378 4180 τε
3423 4121 3503 4190 οἷς
3549 4127 3758 4198 εἴρηκε,

2189 4219 2282 4274 καὶ
2331 4221 2388 4272 ἐν
2428 4213 2508 4283 οἷς
2555 4218 2682 4290 ἑξῆς
2733 4217 2926 4288 ἐπάγει
2964 4215 3118 4282 αὖθις
3176 4217 3303 4290 περὶ
3343 4219 3506 4272 αὑτοῦ
3556 4217 3756 4286 λέγων’

2195 4328 2213 4361 ι
2267 4309 2405 4362 Ἀλλ’
2441 4313 2468 4364 ό
2501 4310 2912 4382 προειρημένος,
2953 4311 3156 4381 βραχέα
3188 4310 3295 4363 τῶν
3343 4310 3512 4378 ἁγίων
3551 4327 3763 4380 προφη-

2195 4421 2213 4452 ι
2253 4402 2360 4455 τῶν
2397 4401 2718 4472 φροντίσας,
2741 4401 2818 4464 ὡς
2856 4403 3160 4473 ἀπόρρητόν
3192 4419 3311 4454 τινα
3341 4401 3435 4453 καὶ
3466 4401 3760 4453 λανθάνου-
3865 4407 3884 4426 ⁸

513 4506 532 4537 ‹
581 4487 717 4542 sitne
745 4486 960 4540 divinus
993 4485 1284 4556 Apostolus
1308 4487 1682 4542 absconditam
1716 4497 1768 4541 et
1799 4489 2080 4558 mysticam

2191 4512 2210 4545 ι
2253 4511 2354 4547 σαν
2381 4493 2474 4548 τοῦ
2521 4493 2842 4548 Ἀποστόλου
2885 4495 3161 4562 θεολογίαν
3200 4493 3586 4565 ἐξηγούμενος·
3659 4490 3762 4561 Εἷς

513 4597 535 4631 ι
585 4581 739 4634 nobis
773 4578 1100 4650 theologiam
1144 4579 1512 4646 revelaturus,
1555 4579 1756 4634 clamat
1796 4589 1852 4634 et
1889 4579 2085 4634 vocife-

513 4691 533 4724 ι
585 4683 762 4725 ratur:
785 4669 931 4725 Unus
971 4683 1044 4726 est
1085 4671 1224 4726 Dem
1245 4671 1313 4727 ⁵⁸.
1342 4671 1407 4726 Et
1425 4681 1708 4740 postquam
1730 4670 1894 4724 Deum
1917 4687 2082 4725 unum

516 4785 533 4815 ι
581 4780 702 4820 esse
751 4765 1212 4830 conﬂrmaverat,
1275 4764 1624 4818 Mediatorem
1651 4779 1864 4833 quoque
1918 4781 2081 4818 unum

515 4874 537 4908 ι
587 4856 680 4910 Dei
703 4866 858 4927 atque
883 4858 1150 4910 hominum
1181 4856 1462 4911 constituit
1491 4857 1560 4920 ⁵⁸,
1591 4856 1864 4910 hominem
1898 4855 2080 4910 Jesum

515 4966 536 5000 ι
583 4949 878 5004 Christum.
943 4949 1098 5017 Quod
1159 4951 1208 5005 si
1255 4965 1388 5019 ergo
1445 4949 1717 5004 hominem
1765 4949 1884 5002 ideo
1937 4947 2082 5000 illum

517 5061 535 5094 ι
576 5042 829 5112 appellet,
864 5045 1006 5112 quod
1035 5045 1330 5113 respiceret
1349 5059 1494 5109 eam,
1533 5058 1650 5111 qua:
1681 5051 1762 5097 est
1787 5043 2082 5097 secundum

515 5153 535 5186 ι
583 5151 828 5200 carnem,
862 5137 1248 5202 oeconomiam,
1276 5151 1381 5191 non
1409 5145 1584 5205 potest
1625 5135 1740 5188 ﬁeri
1769 5134 1896 5204 quin
1925 5134 2086 5188 simul

517 5243 535 5276 ι
581 5227 898 5296 proﬁteatur
927 5226 1037 5292 ille,
1066 5241 1217 5295 spem
1258 5241 1317 5281 se
1360 5223 1558 5278 nullam
1592 5225 1644 5278 in
1677 5239 1742 5278 eo
1775 5224 2064 5279 collocare.

585 5347 644 5404 »Β
663 5338 780 5410 ‘Ed.
814 5337 1014 5402 Paris.,
1037 5353 1183 5410 pag.,
1216 5339 1304 5410 28.

579 5409 625 5440 “
654 5408 810 5463 Joan.
845 5423 976 5474 xvu,
1013 5411 1068 5463 5.
1115 5408 1209 5442 “⁸⁶⁶
1247 5409 1379 5465 Gen.
1409 5425 1451 5472 ι,
1479 5409 1568 5463 26.
1635 5409 1682 5441 ⁸⁷
1705 5408 1864 5464 Joan.
1891 5424 1948 5472 ι,
1979 5408 2070 5463 '50.

2178 5408 2236 5462 ⁵1
2271 5409 2410 5463 Tim.
2444 5425 2503 5475 ιι,
2531 5409 2584 5463 5.

583 5525 695 5594 (28)
735 5521 906 5592 Vulgo
938 5525 1162 5592 ἐκεῖνος,
1209 5527 1296 5580 ed.
1336 5543 1390 5594 p.
1430 5527 1481 5580 in
1517 5543 1661 5581 corr.
1705 5531 1914 5592 ἐκεῖνος
1957 5543 2080 5582 mox

509 5597 668 5668 vulgo
696 5595 944 5670 εὑρηθείς
965 5597 1137 5670 ;_dein
1183 5595 1290 5670 Mp.
1318 5613 1410 5670 γρ.
1444 5596 1631 5650 τούτου
1664 5597 1803 5670 (loco
1842 5599 2076 5670 τούτων,

510 5679 566 5722 et
599 5665 736 5722 i'nl'ra
766 5665 933 5738 αὐτοῦ
963 5668 1103 5738 (loco
1138 5665 1372 5738 αὐτῶν)ξ
1427 5683 1588 5738 porro
1623 5665 1779 5736 vulgo
1833 5668 2079 5738 βούλημα

511 5738 626 5795 loco
651 5735 979 5808 βουλόμενος
999 5749 1055 5793 et
1084 5737 1148 5792 ἂν
1182 5735 1290 5792 εἷεν
1317 5735 1368 5794 et
1397 5735 1477 5792 ὅτι
1497 5737 1560 5808 δὴ
1577 5738 1688 5792 οὐδ.
1716 5735 1768 5793 τ.
1787 5735 1871 5793 ἀλ.
1899 5735 2090 5810 ἔμελλε

2199 4603 2218 4635 ‹
2255 4583 2419 4649 Θεὸς,
2455 4583 2580 4656 ἔφη,
2601 4579 2688 4649 εἷς
2720 4586 2818 4638 καὶ
2841 4586 3093 4654 μεσίτης
3119 4585 3264 4638 Θεοῦ
3287 4585 3384 4638 καί
3416 4583 3762 4651 ἀνθρὼπων-κ

2197 4694 2215 4725 ι
2244 4674 2550 4744 ἄνθρωπος
2565 4676 2802 4742 Ἰησοῦς
2819 4679 3087 4745 Χριστός.
3114 4697 3132 4728 ι
3153 4677 3260 4730 Καὶ
3275 4679 3302 4730 ὁ
3317 4675 3488 4728 ταῦτα
3521 4676 3761 4746 γράψας,

2192 4767 2282 4819 καὶ
2315 4765 2520 4837 σφόδρα
2551 4767 2642 4820 ἐπὶ
2693 4767 2772 4838 τῷ
2827 4769 3126 4838 μεμνῆσθαι
3171 4753 3277 4820 τῶν
3313 4767 3538 4839 Γραφῶν
3595 4783 3766 4836 μεγα-

2189 4857 2422 4929 λαυχῶν,
2457 4859 2555 4911 οὐκ
2589 4860 2888 4930 ἐνενόησεν,
2919 4860 2997 4912 ὅτι
3032 4861 3059 4911 ὁ
3089 4859 3248 4912 τοῦτο
3279 4860 3493 4929 γράψας
3521 4857 3762 4925 ἁγιώτα-

2190 4967 2280 5014 τος
2322 4951 2636 5014 Ἀπόστολος
2685 4953 2778 5005 καὶ
2812 4953 2984 5004 ἐκεῖνο
3016 4952 3129 5021 (28)
3177 4953 3482 5022 γέγραφεν
3544 4954 3640 5016 Ὃς
3693 4949 3765 5002 ἐν

2185 5042 2385 5112 μορφῇ
2415 5044 2562 5097 Θεοῦ
2587 5045 2890 5112 ὑπάρχων,
2921 5045 3034 5112 οὐχ
3063 5043 3374 5114 ἁρπαγμὸν
3395 5043 3665 5112 ἡγήσατο
3695 5044 3763 5095 τὸ

2191 5135 2342 5188 εἶναι
2389 5135 2494 5188 ἴσα
2542 5135 2684 5200 Θεῷ,
2728 5135 2862 5188 ἀλλ’
2903 5134 3201 5188 ἐκένωσεν
3227 5135 3479 5196 ἑαυτὸν,
3519 5131 3762 5203 μορφὴν

2175 5225 2398 5280 δούλου
2443 5227 2662 5290 λαϐὼν,
2692 5227 2762 5280 ἐν
2800 5222 3114 5297 ὁμοιώματι
3160 5228 3472 5296 ἀνθρώπου
3515 5229 3759 5298 γενόμε-

2657 5411 2703 5442 ⁸⁹
2729 5410 2858 5466 ibid.

2181 5539 2230 5582 et
2254 5523 2454 5602 Ϋεῖρμον
2481 5538 2528 5602 et
2559 5529 2664 5602 τῶν
2694 5530 2952 5602 ῥημάτων
3010 5535 3124 5586 loco
3171 5532 3453 5602 ῥηματίων
3487 5543 3540 5586 et
3580 5525 3662 5596 εἷς
3704 5529 3764 5584 δὲ

2182 5601 2281 5674 καὶΔ
2307 5617 2365 5670 μ.
2395 5612 2449 5674 ct_
2479 5600 2544 5653 δι’
2576 5600 2825 5674 αὐτοῦει
2872 5601 2969 5666 τὰς
3002 5605 3060 5656 ἐν
3106 5600 3256 5674 αὐτῇ
3295 5615 3350 5658 et
3389 5601 3766 5674 πεποιημένας

2183 5669 2218 5722 ἃ.
2241 5669 2464 5725 δὲκοιτὰ
2491 5689 2547 5724 π.
2577 5672 2776 5744 τρόπον
2805 5671 2850 5728 δ.
