4190 6406
369 342 467 399 273

1471 272 1758 389 ΟΟΝῒΠὶΑ
1798 328 2226 386 MARCELLUM
2263 330 2395 386 LIB.
2436 332 2480 388 Ι.

3502 338 3615 391 -ιόι

364 478 472 529 ,θος
520 458 614 526 καὶ
662 456 926 525 σχήματι
967 454 1229 522 εὑρεθεὶς
1278 453 1359 517 ὡς
1403 451 1732 519 ἅνθρωπος·
1780 448 1939 519 Ὁρᾷς

1972 456 2010 507 Α
2045 466 2063 497 t
2113 447 2356 516 Namque
2421 447 2728 503 maledictus
2790 446 2984 514 homo,
3024 446 3291 506 Jeremias
3349 450 3613 521 propheta

365 556 534 616 ὅπως,
561 552 749 623 ὥσπερ
776 548 1009 621 προϊδὼν
1054 546 1134 616 τῷ
1177 544 1446 614 πνεύματι
1474 544 1573 612 τὴν
1600 557 1802 595 τουτων
1835 558 1933 593 κα-

366 643 630 717 κουργίαν
670 644 700 694 ό
734 640 876 711 ἱερὸς
916 637 1254 698 Ἀπόστολος,
1283 633 1454 696 οὕτως
1491 635 1549 685 ἐν
1577 631 1748 703 ἑτέρῳ
1783 631 1938 703 μέρει

364 737 445 803 τὸς
470 736 551 801 ὡς
574 733 905 800 ἄνθρωπος,
931 729 1154 801 ἔγραψε,
1176 727 1269 781 καὶ
1290 725 1361 777 ἐν
1382 722 1696 794 ὁμοιώματι
1720 722 1940 789 ἀνθρὼ-

366 844 486 880 που
534 825 872 893 γενόμενος,
923 820 1008 873 ἵνα
1053 817 1235 888 παύσῃ
1284 815 1463 868 αὐτῶν
1517 816 1618 884 τὴν
1671 813 1938 883 τοσαύτην

370 914 734 986 βλασφημίαν.
777 911 883 965 Καὶ
923 910 1040 981 μεθ’
1069 908 1233 979 ’ἐτερα
1264 907 1355 961 τὸν
1404 905 1566 960 αὐτόν
1616 908 1940 974 συκοφαντεί

368 1002 471 1059 ὧδέ
505 1023 619 1067 πως
640 1022 653 1033 ·
694 1024 712 1054 ι
746 1002 868 1063 Πῶς
895 997 987 1053 οὖν
1018 999 1229 1062 τούτοις
1265 998 1339 1069 μὴ
1374 996 1626 1069 προσχὼν
1660 996 1937 1060 Εὐσέϐιος,

377 1118 396 1149 t
440 1097 597 1168 μόνον
624 1094 903 1164 ἄνθρωπον
930 1092 1019 1144 τὸν
1058 1091 1284 1162 Σωτῆρα
1308 1084 1448 1143 εἶναι
1477 1088 1756 1158 βούλεται;
1793 1107 1811 1140 ι
1863 1089 1938 1141 Οὐ

371 1186 617 1259 φανερῶς
656 1186 754 1256 μὲν
783 1183 942 1236 τοῦτο
968 1182 1148 1250 λέγειν
1171 1180 1408 1251 τολμῶν,
1454 1180 1612 1233 τοῦτο
1656 1180 1713 1233 δὲ
1759 1178 1941 1250 βουλό⁸

372 1295 529 1348 μενος
559 1274 663 1329 ὑπὸ
688 1273 793 1326 τῶν
828 1272 972 1325 ἰδίων
998 1272 1277 1341 ἐλέγχεται
1309 1271 1536 1341 ῥήσεων.
1574 1269 1685 1322 Καὶ⁸
1711 1270 1739 1321 ὁ
1772 1268 1942 1322 ταῦτα

368 1368 535 1421 εἰπὼν
560 1367 648 1419 τὸν
677 1364 836 1418 αὐτὸν
860 1363 1260 1434 κατεμέμφετο,
1291 1362 1366 1425 ὡς
1391 1361 1522 1414 Θεὸν
1541 1359 1943 1432 ἁναγορεύοντα

368 1463 461 1515 τὸν
488 1461 631 1524 Υίὺν,
669 1459 894 1530 γράφων
947 1455 1088 1509 οὕτω
1106 1472 1120 1485 ·
1164 1454 1365 1508 Διελεῖν
1394 1453 1502 1525 γὰρ
1532 1454 1623 1507 τὸν
1648 1453 1818 1521 Λόγον
1846 1450 1939 1505 τοῦ

368 1553 504 1607 Θεοῦ
530 1552 826 1623 τολμήσας,
869 1548 962 1601 καὶ
999 1547 1183 1619 ἓτερον
1210 1546 1342 1600 Θεὸν
1377 1545 1470 1599 τὸν
1517 1544 1689 1613 Λόγον
1738 1542 1938 1613 ὀνομά-

372 1667 493 1714 σας,
531 1646 687 1718 οὐσίᾳ
718 1662 775 1698 τε
810 1645 903 1697 καὶ
935 1640 1160 1711 δυνάμει
1186 1638 1448 1692 διεστῶτα
1479 1637 1571 1691 τοῦ
1602 1635 1834 1708 Πατρὸς,
1860 1636 1941 1697 είς

370 1743 503 1813 ὅσην
533 1736 878 1812 βλασφημίαν
910 1733 1300 1797 ὲκπέπτωκεν;

2046 560 2064 591 ι
2112 542 2281 604 ait“,
2329 543 2419 611 qui
2466 544 2520 596 in
2572 542 2780 596 homine
2826 543 3160 597 collocaserit
3198 559 3339 614 spem
3372 562 3543 599 sum.
3587 565 3607 599 ι

2048 631 2209 688 Vides
2235 642 2293 686 ut
2315 634 2554 688 obcmcat
2580 635 2822 689 homines
2844 634 3071 690 malitia.
3095 633 3229 689 Nam
3252 637 3340 706 qui
3371 638 3613 693 testimo-

2044 727 2192 775 nium
2227 722 2332 777 tale
2365 723 2714 792 perhibuerat
2740 724 2905 779 Deum
2944 723 3141 779 Filium
3170 727 3486 783 conﬁtenti:
3521 731 3612 795 qui

2046 813 2471 883 reprehenderat
2506 830 2627 868 eum
2676 830 2705 867 a
2752 829 2860 883 quo
2911 816 3001 870 Dei
3053 816 3285 872 Verbum
3326 819 3465 872 Deus
3496 832 3616 876 esse

2049 905 2330 961 dicebatur
2348 907 2653 960 substantia
2684 908 2984 961 subsistens
3012 918 3065 961 et
3084 909 3358 978 potentia;
3388 910 3451 971 is,
3473 908 3613 963 idem

2048 1011 2216 1062 nunc,
2238 996 2490 1051 eumdem
2528 997 2649 1052 ideo
2680 1008 2923 1064 accusat,
2951 998 3105 1068 quasi
3148 999 3236 1068 qui
3267 1004 3464 1053 nudum
3493 1016 3617 1055 esse

2046 1087 2321 1142 hominem
2368 1086 2647 1143 Christum
2678 1089 2892 1143 dixerat
2920 1106 2935 1144 :
2965 1089 3307 1158 apertissime
3334 1093 3613 1156 mentitus,

2048 1189 2160 1232 tum
2194 1180 2247 1233 in
2278 1179 2398 1233 istis
2434 1180 2504 1234 ita
2539 1179 2752 1249 positis,
2787 1191 2899 1235 tum
2939 1182 2993 1235 in
3036 1181 3140 1236 illis
3189 1197 3309 1250 qua:
3360 1184 3618 1253 deinceps

2048 1270 2288 1324 annectit
2320 1270 2613 1343 dicens[l{.
2640 1269 2796 1342 XC]:
2828 1270 3058 1326 «Verum
3089 1287 3253 1342 supra
3286 1274 3615 1338 nominatus,

2052 1377 2071 1410 ι
2092 1375 2214 1415 cum
2237 1376 2342 1416 non
2358 1363 2537 1432 magni
2560 1362 2761 1418 faceret
2778 1364 3149 1418 sanctissimos
3165 1365 3478 1433 prophetas,
3501 1375 3619 1418 tau-

2053 1471 2071 1505 ι
2101 1468 2260 1522 quam
2279 1454 2369 1523 qui
2394 1454 2764 1509 absconditam
2794 1455 2938 1509 illam
2957 1465 3011 1510 et
3032 1444 3355 1510 ineffabilem
3373 1456 3618 1524 Apostuli

2053 1562 2072 1596 ι
2110 1544 2428 1611 theologiam
2458 1546 2930 1615 interpretaretur,
2950 1530 3121 1612 Unus,
3143 1548 3336 1617 inquit,
3361 1549 3500 1603 Deus
3518 1560 3614 1612 est,

2053 1652 2072 1685 ι
2106 1652 2242 1689 unus
2272 1635 2368 1689 Dei
2379 1645 2533 1706 atque
2550 1637 2815 1692 hominum
2845 1640 3105 1693 mediator
3129 1642 3281 1694 homo
3300 1639 3456 1695 Jesus
3474 1640 3619 1694 Citri-

1971 1722 2015 1777 B
2046 1745 2065 1778 ι
2102 1739 2213 1782 stus
2230 1729 2296 1782 ⁸⁸.
2321 1745 2340 1781 ι
2365 1729 2556 1793 νῙΛΙωο
2574 1731 2664 1799 qui
2685 1731 2925 1801 scripsit,
2943 1742 2998 1786 et
3019 1731 3369 1786 vehementer
3383 1732 3484 1787 sibi
3512 1733 3618 1801 ipsi

373 1833 592 1904 placuit,
611 1831 763 1900 quasi
782 1827 1096 1897 Scripturas
1115 1837 1304 1877 omnes
1320 1818 1578 1877 memoria
1604 1828 1814 1886 tenens,
1840 1833 2179 1889 nequaquam
2213 1830 2391 1875 tamen
2416 1822 2693 1892 cogitavit,
2714 1823 2961 1878 eumdem
2985 1822 3077 1891 qui
3110 1823 3212 1879 hoc
3237 1824 3455 1892 scripsit
3480 1823 3620 1879 divi-

374 1943 501 1980 num
532 1922 870 1994 Apostolum,
899 1930 954 1975 et
988 1917 1118 1972 illud
1150 1917 1202 1970 in
1228 1915 1432 1983 scripta
1464 1914 1712 1968 retulisse
1742 1930 1757 1967 :
1787 1913 1891 1978 Qui
1916 1929 2034 1966 cum
2062 1914 2117 1966 in
2143 1913 2316 1982 forma
2348 1912 2443 1967 Dei
2471 1915 2764 1981 exsisteret,
2795 1931 2899 1969 non
2925 1914 3215 1968 arbitratus
3254 1926 3327 1968 est
3360 1916 3617 1981 rapinam:

371 2038 481 2076 esse
504 2018 754 2088 wqualem
783 2015 911 2077 Deo,
926 2014 1014 2067 sed
1033 2010 1318 2066 eainauiuit
1342 2008 1672 2075 semetipsum
1691 2016 1961 2075 assumpta
1983 2008 2117 2060 servi
2137 2006 2398 2072 forma,in
2421 2007 2821 2061 similitudinem
2836 2008 3063 2061 hominis
3086 2010 3358 2071 exsistens,
3375 2018 3421 2061 et
3441 2007 3620 2077 ﬁgura

376 2121 605 2181 repertus
628 2117 878 2177 tanquam
908 2104 1059 2158 homo
1077 2103 1147 2157 °'.
1174 2100 1338 2156 Vides
1367 2110 1425 2155 ut
1444 2107 1666 2155 sanctus
1687 2098 1775 2152 hic
1803 2098 2109 2167 Apostolus,
2143 2098 2306 2153 veluti
2335 2100 2424 2168 qui
2448 2100 2641 2169 spiritu
2673 2100 2903 2153 istorum
2931 2098 3336 2169 improbitatem
3369 2099 3619 2169 provide-

378 2212 481 2266 ret,
501 2201 647 2265 alibi,
679 2207 841 2267 atque
870 2196 974 2250 alia
993 2198 1044 2249 in
1075 2204 1227 2264 parte
1253 2193 1328 2247 ita
1359 2192 1620 2263 scriptum
1646 2189 1880 2260 reliquit,
1912 2199 2161 2261 tanquam
2182 2191 2359 2258 homo,
2380 2203 2433 2247 et
2454 2193 2507 2247 in
2539 2191 2938 2246 similitudinem
2957 2191 3184 2245 hominis
3210 2193 3490 2253 exsistens,
3511 2205 3619 2260 quo

380 2306 589 2351 tantam
618 2296 810 2350 horum
859 2291 1247 2360 blasphemiam
1286 2303 1635 2359 compescere
1685 2296 1886 2355 posset.
1935 2285 2064 2342 Post
2114 2288 2220 2341 alia
2258 2290 2509 2342 eumdem
2546 2289 2911 2343 calumniatur
2962 2287 3067 2342 isto
3111 2287 3270 2342 modo
3307 2284 3399 2358 [Β.
3432 2282 3569 2356 XCI]
3600 2301 3617 2339 :

383 2412 403 2443 ι
448 2392 727 2459 Quomodo
753 2390 916 2460 igitur
947 2386 1171 2450 factum,
1203 2393 1261 2440 ut
1289 2384 1552 2440 Eusebius
1585 2398 1706 2439 cum
1740 2384 1807 2437 ad
1835 2384 1935 2437 ista
1970 2399 2074 2438 non
2114 2386 2440 2451 attenderet,
2481 2383 2829 2439 Servatorem
2859 2391 3105 2436 nostrum
3137 2380 3311 2435 solum
3345 2380 3617 2434 hominem

385 2508 403 2540 ι
452 2497 669 2543 exstare
699 2484 1030 2541 contendat?
1056 2501 1074 2534 ι
1108 2481 1223 2536 Non
1261 2481 1363 2534 hoc
1388 2479 1607 2548 quidem
1637 2493 1803 2533 ausus
1846 2488 1931 2533 est
1966 2490 2153 2546 aperte
2214 2478 2462 2548 profari:
2522 2489 2579 2533 at
2624 2480 2727 2534 hoc
2790 2477 3030 2532 voluisse
3073 2477 3356 2532 convictus
3408 2484 3620 2530 tenetur

381 2586 495 2638 suis
546 2582 714 2654 ipsius
773 2581 970 2635 verbis.
1023 2577 1085 2632 Et
1133 2576 1506 2639 nihilominus,
1564 2574 1657 2643 qui
1692 2574 1773 2629 sic
1812 2589 1933 2628 eum
1973 2586 2216 2640 accusat,
2247 2573 2594 2643 reprehendit
2645 2573 2798 2631 illum
2824 2585 3061 2641 quoque,
3104 2571 3246 2641 quod
3275 2568 3469 2624 Filium
3498 2584 3622 2625 esse

384 2677 550 2730 Deum
574 2682 846 2728 assereret
871 2689 884 2724 :
914 2670 1156 2724 dividere
1187 2666 1402 2735 quidem
1433 2664 1526 2718 Dei
1560 2664 1798 2721 Verbum
1836 2679 2021 2730 ausus,
2079 2675 2135 2720 et
2174 2664 2410 2720 Verbum
2475 2664 2641 2718 Deum
2707 2663 2939 2719 alterum
2996 2661 3301 2727 nominans,
3368 2659 3620 2715 substan-

385 2774 454 2826 tia
485 2781 537 2824 et
567 2766 805 2837 potentia
837 2780 866 2818 a
905 2762 1067 2817 Patre
1105 2758 1466 2825 diﬂ'erentem,
1500 2759 1553 2813 in
1588 2768 1847 2829 quantam
1882 2759 2072 2814 incidit
2098 2758 2536 2829 blasphemiam?

453 2860 703 2914 Τοσαῦτα
746 2858 838 2911 καὶ
879 2854 1082 2909 τούτων
1112 2852 1193 2907 ἔτι
1228 2850 1421 2923 μακρῷ
1442 2850 1662 2904 πλείονα
1695 2853 1756 2904 ού
1808 2853 1950 2906 κατὰ

1975 2868 2018 2926 c
2120 2852 2291 2908 Totet
2310 2852 2457 2914 talia,
2478 2861 2533 2905 et
2558 2850 2712 2922 longe
2739 2849 2916 2903 adhuc
2940 2847 3092 2918 plura
3125 2863 3231 2903 non
3265 2848 3318 2901 in
3344 2846 3486 2903 solos
3503 2847 3620 2917 epi-

387 2956 562 3026 μόνων
610 2951 718 3005 τῶν
771 2948 1104 3010 ἐπισκόπων,
1148 2943 1282 2998 ἀλλὰ
1316 2946 1411 2998 καὶ
1444 2942 1584 2996 κατὰ
1626 2944 1725 3013 τῆς
1770 2943 1952 3013 ὑγιοῦς

2056 2961 2250 3016 scopos
2284 2961 2408 3001 cum
2447 2944 2681 2999 equtivit
2723 2942 3032 3006 Marcellus,
3065 2943 3162 2998 sed
3197 2942 3250 2996 in
3289 2942 3460 3011 ipsam
3483 2956 3621 3010 quo-

384 3048 478 3100 καὶ
504 3044 956 3115 έκκλησιαστικῆς
984 3040 1218 3103 πίστεως
1269 3037 1564 3107 ἐκθέμενος
1615 3036 1952 3108 Μάρκελλος,

2054 3054 2159 3107 que
2174 3053 2360 3094 sanam
2386 3047 2440 3090 et
2466 3035 2892 3091 ecclesiasticam
2922 3031 3103 3097 fidem,
3125 3031 3419 3087 manifeste
3442 3032 3616 3087 decla-

382 3139 545 3209 δῆλος
559 3137 625 3190 ἂν
654 3136 742 3206 εἴη
768 3135 957 3197 ὁποίας
981 3132 1141 3196 αὐτὸς
1168 3131 1377 3204 ὑπῆρχε
1407 3128 1794 3202 προαιρέσεως.
1833 3128 1952 3182 ’Ότι

2055 3141 2143 3186 rat
2168 3145 2277 3201 quo
2302 3128 2487 3183 animo
2519 3128 2774 3198 praeditus
2799 3134 2857 3180 et
2885 3124 3163 3180 voluntate
3186 3123 3382 3179 fuerat.
3410 3122 3622 3178 Nullam

383 3221 426 3285 δ’
462 3232 611 3286 οὐδὲν
639 3230 738 3300 τῆς
765 3227 1020 3300 ἀληθείας
1056 3225 1214 3296 ἔμελε
1237 3223 1314 3295 τῷ
1344 3223 1517 3294 ἀνδρὶ,
1551 3222 1740 3293 μάθοις
1772 3221 1836 3275 ἂν
1864 3222 1955 3275 αὐ-

384 3328 504 3388 ταῖς
532 3321 767 3394 ἐντυχὼν
798 3323 914 3383 ταῖς
949 3318 1057 3371 τῶν
1085 3316 1399 3371 ἐπισκόπων
1427 3313 1758 3380 ἐπιστολαῖς,
1790 3314 1846 3367 ὲν
1868 3307 1955 3376 αἶς

386 3421 636 3490 εὑρήσεις
664 3418 824 3470 αὑτὸν
849 3416 910 3466 τὸ
950 3413 1048 3484 μὲν
1088 3411 1192 3465 πᾶν
1236 3409 1394 3481 σῶμα
1427 3408 1527 3478 τῆς
1568 3406 1806 3470 διανοίας
1851 3406 1959 3458 τῶν

385 3511 581 3576 λέξεων
611 3503 1089 3580 ἀκρωτηριάζοντα
1110 3518 1123 3532 ·
1180 3503 1273 3555 καὶ
1301 3501 1393 3555 τὸν
1433 3500 1534 3570 μὲν
1562 3499 1739 3553 πάντα
1772 3497 1959 3569 είρμδν

386 3602 825 3674 ἀποκρύπτοντα,
875 3597 1157 3671 ῥηματίων
1186 3594 1243 3648 δὲ
1279 3591 1831 3665 ἀντιλαμϐανόμενον,
1864 3588 1960 3642 καὶ

387 3696 589 3749 τούτων
613 3691 932 3763 κακούργως
968 3689 1285 3759 ποιούμενον
1320 3687 1419 3757 τὴν
1439 3682 1712 3752 διαϐολήν.
1755 3680 1961 3734 Αὐτίκα

389 3787 519 3857 γοῦν
549 3785 873 3855 συκοφαντεί
895 3782 986 3835 τὸν
1020 3779 1277 3833 Εὐσέϐιον
1306 3780 1371 3831 ὲκ
1402 3774 1496 3829 τοῦ
1527 3771 1855 3847 προφανοῦς,
1885 3771 1961 3834 ὠς

388 3879 543 3950 ψιλὸν
572 3876 854 3948 ἄνθρωπον
894 3873 986 3926 τὸν
1016 3870 1250 3944 Χριστὸν
1282 3868 1567 3941 εἰρηκότα·
1623 3863 1809 3934 ἐπειδὴ
1863 3861 1962 3932 τῆς

392 3970 749 4038 ἀποπολικῆς
772 3965 953 4036 ᾳωνῆς
982 3966 1038 4018 ὲν
1064 3966 1131 4036 τῇ
1161 3960 1353 4015 ἑαυτοῦ
1380 3957 1635 4027 ἐπιστολῇ
1664 3953 1760 4025 τὴν
1782 3950 1962 4024 παρά-

393 4065 539 4118 θεσιν
572 4061 881 4130 πεποίηται,
936 4059 1003 4112 δι’
1043 4052 1110 4127 ἧς
1154 4054 1316 4119 αὐτὸς
1365 4050 1515 4106 εἶπεν
1557 4051 1586 4103 ό
1611 4045 1959 4109 Ἀπόστολος·

393 4152 498 4223 Εἷς
523 4154 631 4227 γὰρ
654 4158 687 4209 ό
725 4154 889 4218 Θεός·
921 4146 1009 4216 εἷς
1044 4147 1112 4202 δὲ
1147 4146 1245 4200 καὶ
1276 4144 1529 4215 μεσίτης
1556 4140 1703 4195 Θεοῦ
1735 4137 1834 4192 καὶ
1859 4138 1964 4227 at.

2058 3239 2187 3279 vero
2218 3238 2404 3277 curam
2445 3222 2518 3275 illi
2562 3219 2809 3276 veritatis
2848 3217 3017 3273 fuisse
3058 3218 3270 3272 discere
3316 3218 3544 3287 poteris,
3576 3217 3621 3272 si

2058 3318 2111 3370 in
2138 3316 2284 3387 ipsas
2315 3314 2602 3383 aliquando
2631 3313 3011 3381 episcoporum
3036 3309 3292 3378 epistolas
3321 3308 3618 3363 incideris:

2058 3408 2304 3463 invenies
2331 3403 2533 3460 etenim
2578 3404 2751 3468 illum,
2796 3416 2995 3470 corpus
3049 3402 3382 3467 universum,
3432 3417 3625 3457 sensus

2058 3512 2112 3554 et
2139 3498 2423 3556 sententia:
2462 3509 2652 3550 earum
2697 3493 3039 3549 delumbasse
3090 3493 3309 3557 seriem,
3351 3494 3622 3549 dictorum

2060 3593 2166 3645 vim
2197 3589 2539 3646 occultasse:
2564 3586 2728 3641 verba
2764 3586 3086 3654 arripuisse,
3125 3596 3181 3639 et
3224 3595 3444 3654 arrepta
3488 3584 3626 3642 satis

2062 3682 2307 3751 improbe
2344 3680 2731 3735 calumniasse.
2772 3676 3065 3731 Eusebium
3105 3688 3291 3747 aperte
3337 3678 3626 3734 calumniis

2060 3770 2293 3839 impetit,
2321 3767 2474 3838 quasi
2499 3767 2704 3822 diceret
2736 3766 3010 3820 Christum
3056 3780 3177 3821 esse
3209 3771 3409 3822 nudum
3443 3769 3623 3823 homi-

2061 3878 2208 3925 nem,
2241 3862 2362 3915 idco
2393 3860 2624 3929 quod'in
2660 3859 2891 3929 epistola
2922 3874 3019 3914 sua
3049 3859 3374 3913 sententiam
3406 3870 3626 3928 aposto-

2062 3955 2220 4010 licam
2250 3963 2558 4021 usurparat,
2598 3966 2758 4021 quam
2808 3952 2888 4006 sic
2920 3952 3096 4020 posuit
3122 3950 3414 4021 Apostolus
3436 3970 3452 4005 :
3474 3950 3625 4005 Unus

2061 4047 2245 4103 etenim
2274 4045 2414 4099 Deus
2436 4054 2551 4098 est:
2581 4060 2715 4098 unus
2743 4043 3003 4097 mediator
3027 4042 3126 4097 Dei
3156 4052 3310 4113 atque
3331 4043 3624 4111 hominum,

2063 4140 2215 4193 homo
2237 4137 2392 4192 Jesus
2416 4136 2657 4191 Christus
2684 4134 2749 4190 “.
2779 4134 2893 4191 line
2922 4133 3143 4190 effatum
3178 4135 3379 4191 idcirco
3412 4147 3627 4207 aposm-

392 4223 655 4317 ϐρώσεων,
672 4246 971 4313 ἅνθρωπος
992 4239 1233 4309 Ἰησοῦς
1247 4230 1737 4305 Χριστός-,Ταύτην
1760 4231 1858 4300 μὲν
1871 4223 1952 4282 οὖν

1993 4249 2041 4309 υ
2066 4231 2249 4295 licum,
2287 4239 2539 4299 tanquam
2571 4228 2936 4284 Eusebianum
2965 4237 3227 4284 accusat:
3267 4243 3367 4284 nec
3396 4230 3630 4285 advertit

392 4341 492 4411 τὴν
531 4336 890 4407 ἀποστολικὴν
918 4330 1085 4399 λέξιν,
1119 4330 1320 4384 ὡσανεὶ
1339 4325 1599 4381 Εὐσεὸίου
1627 4319 1814 4387 οὖσαν,
1849 4321 1963 4375 δια-

396 4434 645 4504 ϐέϐληκε
685 4432 759 4502 μὴ
789 4429 989 4491 συνιεὶς
1016 4429 1045 4481 ό
1073 4422 1397 4494 σοφώτατος,
1427 4421 1506 4474 ὅτι
1537 4419 1628 4472 τὸν
1644 4415 1964 4471 Ἀπόστολον

397 4524 665 4588 διέϐαλλε,
690 4522 786 4585 τὰς
808 4521 864 4575 δὲ
897 4517 1062 4573 αὐτοῦ
1091 4515 1293 4587 φωνὰς,
1324 4512 1422 4578 τὰς
1442 4516 1498 4567 ὲν
1532 4513 1599 4583 τῇ
1627 4510 1765 4580 αὐτῇ
1800 4523 1965 4577 φερο-

403 4618 568 4691 μένας
617 4613 892 4685 ὲπιστολῇ,
922 4611 1019 4675 τάς
1050 4626 1107 4663 τε
1145 4609 1201 4661 ὲν
1245 4608 1358 4669 τοῖς
1388 4605 1593 4667 λοιποῖς
1632 4599 1796 4655 αὑτοῦ
1841 4616 1968 4691 συγέ

2066 4325 2150 4377 vir
2179 4323 2434 4394 prudens,
2468 4320 2787 4392 Apostolum
2827 4322 2895 4375 ab
2927 4336 2994 4377 eo
3029 4329 3364 4397 accusatum,
3410 4331 3629 4392 propter

2068 4414 2168 4469 has
2198 4428 2361 4469 voces
2393 4414 2599 4483 positas
2637 4413 2689 4467 in
2726 4411 2950 4484 epistola
2979 4411 3089 4478 illa,
3119 4421 3173 4466 et
3209 4411 3337 4466 alibi
3370 4415 3425 4465 in
3458 4412 3631 4482 Operi-

2071 4504 2170 4558 bus
2200 4500 2437 4570 ejusdem
2470 4501 2609 4567 aliis,
2640 4516 2761 4571 quae
2785 4502 2838 4555 ln
2875 4516 3059 4557 sacras
3089 4501 3400 4570 Scripturas
3430 4515 3628 4555 exara-

2071 4594 2188 4659 vit;
2215 4608 2336 4663 qutc
2374 4594 2575 4664 ubique
2626 4608 2680 4649 et
2719 4596 2922 4664 passim
2973 4595 3422 4664 depraedicantur,
3459 4598 3518 4657 »Β
3556 4596 3631 4648 si-

398 4685 707 4784 γράμμασι,
733 4709 844 4771 τοῖς
864 4708 943 4769 εἰς
962 4703 1059 4768 τὰς
1088 4703 1236 4766 θείας
1259 4699 1479 4771 Γραφὰς
1512 4693 1910 4784 πεπονημένοις
1930 4690 1952 4746 ὃ

2062 4687 2231 4741 lent’io
2282 4687 2540 4753 involvit;
2589 4686 2680 4741 illa
2732 4686 2969 4741 reticens
2991 4700 3110 4755 qua:
3156 4685 3476 4740 calumniari
3525 4702 3629 4739 non

484 4781 623 4854 κατὰ
651 4797 824 4852 πάντα
855 4795 1015 4849 τόπον
1031 4791 1347 4854 διαδέδοται,
1372 4788 1549 4858 σιωπῇ
1587 4781 1933 4856 παραδέδωκε
1950 4797 1964 4812 ο

402 4894 611 4965 κρύψας
638 4894 704 4963 τῇ
732 4891 906 4960 σιωπῇ
936 4886 971 4941 ἃ
997 4887 1071 4958 μὴ
1109 4885 1220 4957 (29)
1268 4880 1644 4950 συκοφαντεῖν.
1678 4875 1763 4960 Τὸ⁸
1781 4875 1964 4965 ὅμοιον

402 4964 451 5041 δἆ
487 4986 551 5039 ἂν
582 4983 729 5056 εὖροι
749 4999 831 5045 τις
857 4979 1019 5035 αὐτὸν
1067 4974 1403 5047 πεποιηκότα
1436 4972 1531 5026 καὶ
1581 4970 1673 5023 ἐπὶ
1700 4967 1808 5020 τῶν
1854 4964 1965 5018 λοι-

405 5076 543 5139 πῶν,
575 5068 650 5129 ὧν
675 5072 992 5141 διαεέὸληκε
1036 5068 1408 5142 γραμμάτων·
1459 5063 1495 5118 ἃ
1531 5061 1617 5131 δὴ,
1649 5059 1809 5127 λόγου
1833 5074 1969 5128 συμ-

409 5169 600 5241 μετρίᾳ
628 5166 949 5236 φειδόμενοι,
973 5165 1084 5224 τοϊς
1110 5160 1351 5214 ἐθέλουσι
1396 5156 1492 5227 τὴν
1525 5152 1730 5207 τούτων
1764 5148 1965 5241 ακριὸῆ

407 5238 673 5313 ποιεῖσθαι
737 5254 1028 5324 διάγνωσιν
1081 5247 1571 5321 παραχωρήσομεν,
1648 5238 1967 5300 σπεύδοντες

405 5351 557 5407 αὐτοὶ
577 5349 675 5421 τὴν
714 5348 881 5419 αὐτὴν
923 5343 1238 5416 Μαρκέλλου
1274 5336 1511 5412 περὶτοῦ
1534 5333 1664 5388 Υἱοῦ
1697 5331 1791 5385 τοῦ
1830 5327 1965 5383 Θεοῦ

408 5441 731 5513 ξενοφωνίαν
753 5440 855 5511 ήδη
881 5437 1064 5491 λοιπὸν
1112 5430 1474 5501 ἀποκαλύψαι,
1506 5428 1581 5492 ὠς
1627 5425 1693 5479 ἂν
1739 5421 1970 5513 φανερ“ν

2065 4788 2295 4849 poterat.
2340 4779 2650 4835 Consimilia
2706 4787 3048 4848 perpetrasse
3099 4777 3244 4833 illum
3294 4778 3420 4831 licet
3443 4778 3632 4832 obser-

2063 4887 2196 4926 vare
2228 4872 2281 4925 in
2305 4871 2517 4925 caeteris
2539 4886 2756 4941 quoque
2807 4871 3028 4940 scriptis
3058 4885 3179 4940 quae
3212 4879 3451 4926 accusat.
3477 4869 3627 4935 Quas.

2069 4978 2136 5017 ne
2161 4963 2337 5017 oratio
2358 4972 2640 5018 excrescat
2663 4962 2717 5017 in
2747 4962 3097 5025 immensum,
3133 4960 3237 5015 illis
3264 4960 3633 5029 permittimus

2066 5055 2465 5123 cog-noscenda,
2495 5055 2696 5123 quibus
2737 5056 2945 5108 libitum
2973 5063 3057 5108 est
3089 5052 3337 5107 exactius
3370 5066 3432 5106 ea
3483 5054 3635 5107 inve-

2072 5146 2276 5215 stigare
2302 5163 2317 5199 :
2344 5159 2411 5200 eo
2456 5145 2847 5199 contendentes
2889 5145 3026 5213 ipsi,
3060 5154 3119 5197 ut
3158 5141 3396 5197 Marcelli
3427 5142 3636 5195 novita-

2072 5246 2181 5290 tem
2213 5239 2282 5292 de
2326 5237 2419 5291 Dei
2461 5236 2600 5290 Filio
2637 5236 2946 5291 inusitatam
2991 5236 3043 5288 in
3090 5243 3338 5305 apertum
3395 5231 3635 5303 profera-

2076 5344 2215 5394 mus,
2252 5330 2322 5383 ita
2365 5338 2421 5383 ut
2473 5329 2777 5399 intelligant
2822 5328 3066 5383 universi
3118 5331 3440 5398 perspicue,
3473 5339 3632 5397 quam

2077 5420 2401 5475 sententiam
2435 5419 2646 5476 fovebat
2674 5420 2722 5478 is
2748 5419 2815 5476 de
2842 5418 2977 5475 Filio
3012 5418 3129 5474 Del.

407 5511 616 5609 γένοιτο
637 5540 748 5599 τοῖς
767 5536 950 5594 πᾶσιν,
974 5532 1120 5590 ὅπως
1145 5528 1304 5589 αὐτὸς
1330 5524 1544 5596 ἐφρόνει
1565 5520 1693 5593 περὶ
1725 5517 1818 5570 τοῦ
1842 5512 1970 5569 Υἱοῦ
2002 5511 2097 5566 τοῦ
2122 5512 2277 5566 Θεοῦ.

484 5636 542 5693 iis
580 5629 678 5683 Ed.
708 5626 907 5689 P:tris.,
941 5639 1077 5695 pztg._
1102 5619 1288 5695 29-30.

481 5671 1408 5763 ῖῖίἷῖζὶἑὶὶῖὲῖνὶῖ]τέίιὶιῐι,5.
1481 5688 1527 5719 η
1563 5682 1795 5753 Philipp.
1828 5680 1974 5745 u,.c,
2001 5676 2057 5731 τ.
2133 5671 2399 5727 "l'l‘im.
2430 5687 2489 5736 ιι,
2519 5673 2570 5728 5.

483 5789 595 5861 (89)
632 5789 727 5860 Μὴ
754 5785 852 5865 ἦν,
883 5796 975 5844 aut
1005 5784 1129 5857 ἐξῆν
1164 5781 1530 5851 συκοφαντεῖν.

340 5892 383 5935 l
