4000 6398
215 341 305 401 777
1319 340 1601 398 CONTRA
1641 338 2065 395 MARCELLUM
2109 339 2235 394 LIB.
2281 339 2343 395 ll.

3324 345 3446 402 778‘

209 457 498 528 ἄνθρωπος,
527 458 664 530 μήτε
687 454 848 524 εἷναι,
868 460 1002 531 μήτε
1021 461 1440 532 προῦφεστάναι,
1472 461 1609 534 μήτε
1633 459 1748 514 ὅλωι

1870 454 1937 509 sti
1966 455 2219 512 Ecclesia:
2249 457 2496 527 praesedit
2523 471 2540 511 :
2570 473 2763 528 nempe
2804 459 2854 516 is
2899 462 2992 530 qui
3023 460 3198 528 palam
3229 474 3448 516 assere-‘

208 545 413 600 πώποτε
444 547 572 600 Υίὸν
602 548 844 619 ὑπάρξαι
876 550 954 620 τῷ
979 549 1118 620 Θεῷ,
1153 551 1258 622 πρὸ
1281 551 1374 604 τοῦ
1399 551 1656 622 τεχθῆναι
1679 551 1768 605 διά

205 639 293 708 τῆς
319 639 616 710 Παρθένου,
645 639 882 704 δοξάζων
899 658 911 670 ·
961 642 1122 694 αὑτὸν
1151 643 1206 696 δὲ
1250 643 1408 714 μόνον
1429 639 1568 696 εἶναι
1595 643 1768 712 Λόγον

206 729 438 797 φάσκων,
476 731 698 800 συμφυᾶ
735 730 812 800 τῷ
841 730 978 800 Θεῷ,
1009 731 1192 795 ἀῖδίως
1235 732 1381 802 αὑτῷ
1420 733 1646 786 συνόντα
1673 734 1769 787 καὶ

203 819 490 888 ἡνωμένον,
538 815 648 884 οἷος
701 820 766 875 ἂν
817 822 900 892 εἴη
930 822 1026 875 καὶ
1061 825 1090 875 ό
1149 824 1208 875 ὲν
1261 823 1532 896 ἀνθρώπῳ
1587 824 1763 892 λόγος.

203 909 379 981 Τούτῳ
419 911 524 982 γάρ
558 913 716 976 αὐτὸς
760 913 955 984 χρῆται
1005 913 1084 984 τῷ
1130 917 1552 987 παραδείγματι,
1594 917 1766 985 Λόγον

201 993 330 1053 εἶναι
356 1003 535 1072 φήσας
561 1003 706 1056 ἔνδον
731 1006 788 1057 ὲν
823 1005 972 1076 αῦτῷ
995 1006 1076 1075 τῷ
1110 1007 1250 1078 Θεῷ,
1286 1009 1416 1061 ποτὲ
1445 1008 1542 1078 μὲν
1569 1009 1767 1079 ἡσυχά-

201 1089 372 1155 ζοντα,
396 1093 525 1146 ποτὲ
552 1094 608 1146 δὲ
638 1111 704 1166 ση
713 1097 987 1164 μαντικῶς
1003 1098 1345 1170 ἐνεργοῦντα,
1375 1099 1508 1171 μόνῃ
1533 1117 1592 1152 τε
1613 1101 1766 1171 ἐνερ-

200 1183 314 1252 γείᾳ
341 1184 594 1254 προϊόντα
623 1185 716 1238 τοῦ
749 1188 962 1258 Πατρός
982 1205 996 1218 °
1017 1189 1092 1253 ὡς
1125 1189 1192 1244 ἂν
1213 1192 1307 1244 καὶ
1337 1192 1494 1262 ἡμεῖς
1521 1210 1573 1245 τι
1600 1209 1766 1263 προσ-

195 1275 490 1340 τάττοντες,
525 1279 581 1330 ἐν
616 1278 694 1349 τῷ
735 1279 914 1348 λέγειν
950 1299 1004 1334 τι
1058 1283 1152 1336 καὶ
1199 1282 1399 1347 λαλεῖν,
1447 1286 1765 1356 ἐνεργῆσαι-

200 1383 311 1436 μεν.
347 1368 467 1420 Ὅτι
494 1368 541 1421 δ’
573 1369 674 1422 οὐκ
703 1370 768 1424 ἄν
793 1388 878 1435 τις
905 1372 1048 1426 οὕτω
1074 1390 1137 1442 γε
1164 1375 1306 1428 εῐποι
1330 1375 1456 1428 Υἱὺν
1487 1371 1625 1429 εῖναι
1673 1377 1762 1430 τὸν

198 1459 528 1527 σημαντικὸν
548 1460 643 1512 καὶ
665 1462 1016 1534 ἐνεργητικὸν
1036 1465 1229 1534 Λόγον,
1258 1468 1420 1520 παντί
1461 1485 1539 1539 τῳ
1579 1469 1758 1539 δῆλον.

205 1549 258 1602 '0
281 1551 334 1602 δὲ
364 1550 521 1604 τοῦτο
544 1551 667 1616 δοὺς
698 1553 791 1606 ἐπὶ
815 1554 908 1607 τοῦ
939 1555 1095 1620 Θεοῦ,
1137 1558 1236 1611 οὐκ
1256 1553 1350 1612 οἷδ’
1375 1559 1522 1622 ὅπως
1546 1559 1637 1612 τὸν
1685 1561 1759 1632 μὴ

196 1641 475 1708 ὑφεστῶτα
533 1642 702 1711 Λόγον
723 1645 834 1715 (55)
865 1646 966 1716 τὴν
1017 1646 1192 1720 σάρκα
1242 1649 1608 1719 ἀνειληφέναι,
1667 1651 1760 1704 καὶ

194 1730 476 1802 ἐνεργῆσαι
509 1733 568 1786 ὲν
592 1733 728 1806 αὐτῇ
758 1753 890 1805 φησι
911 1753 924 1766 ·
961 1737 1052 1790 καὶ
1075 1738 1195 1791 τότε
1232 1737 1464 1810 Χριστὸν
1485 1739 1754 1809 γενέσθαι,

1867 545 1984 609 bat,
2017 546 2212 602 Filium
2255 564 2596 619 nequaquam
2630 551 2716 605 vel
2751 549 2918 607 fuisse
2968 552 3078 607 Deo
3109 551 3193 606 vel
3227 567 3438 622 praees-

1867 638 2095 702 stitisse,
2151 639 2464 710 priusquam
2532 640 2599 696 de
2644 640 2869 711 Virgine
2917 650 3250 698 nasceretur.
3299 643 3438 696 Tan-

1868 731 2146 785 tummodo
2194 742 2376 786 autem
2423 731 2661 787 Verbum
2715 748 2836 788 esse
2861 732 3012 788 illum
3055 735 3280 798 diceret,
3324 733 3438 788 Deo

1866 822 2239 889 congenitum,
2269 823 2338 877 ab
2395 831 2599 878 aeterno
2651 825 3010 888 coexsistens,
3056 833 3112 879 et
3156 824 3431 879 counitum

1866 909 1998 972 Deo,
2031 919 2090 963 ut
2119 920 2244 978 puta
2289 911 2340 964 in
2371 911 2589 966 homine
2613 913 2838 968 verbum
2864 913 3069 969 assolet
3099 913 3428 967 humanum:

1868 1000 1968 1055 hoc
2003 999 2202 1054 etenim
2239 1000 2411 1054 utitur
2439 1001 2728 1071 exemplo:
2763 1003 3001 1058 Verbum
3035 1002 3310 1056 allirmans
3345 1002 3434 1056 in-

1866 1099 1952 1146 tus
1977 1092 2028 1145 in
2064 1091 2172 1144 Deo
2214 1091 2336 1161 ipso
2365 1091 2668 1155 exstitisse,
2705 1093 2991 1161 quiescens
3026 1093 3320 1157 interdum,
3357 1091 3433 1145 si-

1862 1181 2165 1250 gnilicative
2218 1195 2598 1250 nonnunquam
2666 1197 2926 1252 operans,
2966 1184 3280 1253 operatione
3339 1182 3428 1237 illa

1861 1286 1957 1326 sua
1989 1271 2099 1327 sola
2127 1273 2193 1328 de
2226 1271 2386 1327 Patre
2411 1287 2508 1328 suo
2539 1273 2749 1339 exiens,
2770 1273 3221 1345 quemadmodum
3248 1282 3302 1330 et
3332 1289 3431 1328 nos

1864 1363 2080 1432 operari
2111 1367 2348 1418 solemus
2373 1365 2692 1429 scribendo,
2723 1366 2973 1432 dicendo,
3024 1365 3312 1436 loquendo.
3360 1367 3431 1419 At

1859 1459 2136 1512 enimvero
2165 1461 2288 1528 quis
2326 1475 2432 1515 non
2494 1461 2768 1532 intelligit,
2803 1477 2908 1516 non
2939 1476 3058 1516 esse
3081 1461 3423 1515 statuendum

1858 1547 1926 1603 de
1957 1547 2114 1614 Filio,
2154 1550 2306 1604 illum
2335 1551 2400 1605 ad
2439 1551 2599 1606 istum
2629 1553 2802 1607 solum
2853 1554 3070 1607 modum
3105 1553 3424 1623 signiﬁcati-

1856 1655 1983 1693 vum
2020 1640 2254 1694 Verbum
2298 1652 2353 1697 et
2385 1643 2720 1712 operativum
2763 1644 2918 1699 esse?
2966 1643 3179 1713 Quique
3217 1645 3318 1699 hoc
3355 1645 3425 1697 ad

1863 1731 2000 1785 hanc
2047 1730 2278 1786 formam
2331 1732 2384 1787 in
2437 1733 2544 1788 Deo
2599 1734 3052 1798 comminiscitur,
3101 1734 3283 1788 nescio
3318 1749 3428 1802 quo

191 1823 281 1876 καὶ
313 1824 534 1894 Ἰησοῦν,
571 1828 662 1880 καὶ
698 1826 941 1897 βασιλέα,
974 1830 1066 1882 καὶ
1114 1831 1298 1884 εἰκόνα
1339 1831 1432 1885 τοῦ
1473 1832 1630 1896 Θεοῦ,
1661 1833 1748 1886 καὶ

1862 1832 2018 1891 pacto
2051 1821 2284 1878 allirmet
2340 1823 2575 1878 Verbum
2617 1826 2839 1881 minime
2869 1825 3173 1880 subsistens
3211 1840 3425 1880 assum-

188 1916 480 1986 ἀγαπητὸν,
501 1919 595 1970 καὶ
612 1919 739 1972 Υίὺν
768 1920 1177 1992 δεδοξασμένον,
1209 1923 1302 1976 καὶ
1327 1923 1391 1996 δὴ
1417 1925 1508 1977 καὶ
1535 1926 1756 1997 Πρωτό-

185 2027 335 2062 τοκον
358 2012 538 2082 πάσης
561 2011 808 2076 κτίσεως,
845 2013 918 2084 μὴ
950 2014 1080 2068 ὄντα
1120 2015 1406 2087 πρότερον,
1445 2016 1568 2069 τότε
1609 2017 1758 2086 γενέ-

187 2100 328 2165 σθαι,
365 2101 566 2174 καίπερ
597 2103 693 2174 οὐχ
744 2105 1058 2173 ὑφεστῶταο
1113 2105 1174 2158 τὸ
1214 2106 1272 2158 δὲ
1322 2105 1619 2178 παράδοξον
1659 2106 1754 2162 τοῦ

184 2191 374 2258 Λόγου,
403 2192 666 2262 ἄρξασθαί
693 2211 754 2262 γε
783 2195 890 2247 ἀπὺ
917 2196 1282 2267 τετρακοσίων
1306 2197 1428 2250 οὐδὲ
1459 2198 1595 2252 ὅλων
1619 2198 1754 2252 ἐτῶν

185 2281 385 2335 τούτων
412 2284 692 2337 ἁπάντωνο
724 2286 816 2338 καὶ
874 2287 1035 2340 πάλιν
1083 2287 1268 2342 τοῦτον
1306 2289 1517 2360 ἀθρόως
1555 2290 1755 2362 παυθή-

188 2369 372 2424 σεσθαι
402 2372 538 2441 μετὰ
567 2373 658 2426 τὸν
683 2373 784 2444 τῆς
821 2375 1057 2446 κρίσεως
1101 2377 1290 2448 καιρὸν
1317 2376 1410 2430 τοῦ
1454 2378 1553 2449 μὲν
1579 2379 1751 2447 Λόγου

182 2462 456 2532 ἡνωμένου
487 2463 565 2535 τῷ
599 2465 738 2536 Θεῷ,
789 2467 864 2530 ὡς
896 2467 1060 2540 μηδὲν
1095 2468 1279 2540 ἕτερον
1311 2465 1448 2524 εἶναι
1491 2470 1628 2542 πλὴν
1655 2471 1750 2526 τοῦ

181 2551 333 2617 Θεοῦ,
361 2553 460 2624 τῆς
491 2554 546 2607 δὲ
576 2556 798 2628 σαρκὸς,
827 2551 896 2628 ἧς
919 2557 1227 2628 ἀνείληφεν,
1259 2561 1466 2631 ἐρήμου
1501 2561 1752 2614 καταλει-

180 2641 522 2714 φθησομένης
557 2645 662 2698 ὑπὸ
690 2645 786 2700 τοῦ
833 2648 1032 2716 Λόγου,
1056 2648 1132 2712 ῶς
1185 2650 1321 2719 μήτε
1368 2650 1461 2703 τὸν
1500 2651 1627 2704 Υἰὸν
1655 2650 1748 2705 τοῦ

177 2733 310 2786 Θεοῦ
353 2753 482 2789 ποτε
511 2737 825 2806 ὑφεστάναι,
862 2740 1000 2811 μήτε
1036 2739 1128 2792 τὸν
1154 2739 1281 2793 Υίὺν
1309 2741 1402 2794 τοῦ
1439 2742 1746 2814 ἀνθρώπου,

178 2825 243 2879 ὃν
291 2826 566 2899 ἀνείληφε.
619 2829 728 2884 Καὶ
772 2829 828 2883 δὲ
881 2833 960 2894 εἰς
996 2830 1154 2884 τοῦτο
1205 2832 1355 2896 τέλος
1386 2835 1748 2905 καταστρέφει

173 2913 362 2986 ὥσπερ
391 2920 810 2989 κεκωφωμένος,
849 2921 944 2973 καὶ¹
973 2922 1112 2991 μήτε
1137 2921 1230 2975 τοῦ
1255 2923 1487 2992 ἀγγέλου
1512 2924 1750 2996 Γαϐριὴλ

173 3005 418 3071 ἀκούων,
473 3008 957 3080 εὐαγγελιζομένου
1009 3011 1108 3083 τὴν
1159 3012 1417 3068 Θεοτόκον
1467 3017 1652 3085 σαφῶς
1686 3034 1746 3070 τε

174 3099 266 3153 καὶ
295 3098 585 3172 διαρρήδην
612 3102 738 3171 περὶ
766 3103 860 3157 τοῦ
898 3106 956 3171 ἐξ
997 3105 1169 3176 αὐτῆς
1193 3105 1616 3178 τεχθησομένου,
1649 3109 1741 3162 καὶ

172 3189 239 3241 ἐκ
283 3189 591 3261 σπέρματος
643 3194 804 3247 Δα6ὶδ
852 3197 993 3251 κατά
1041 3198 1220 3270 σάρκα
1256 3199 1739 3272 προελευσομένου,

174 3277 500 3346 φάσκοντος·
539 3281 684 3336 Ἰδοὺ
723 3285 1022 3354 συλλήψῃ
1063 3287 1133 3339 ἐν
1177 3289 1411 3356 γαστρὶ,
1459 3291 1556 3343 καὶ
1599 3290 1742 3359 τέξῃ

172 3373 328 3434 υἱὸν,
387 3374 483 3426 καὶ
541 3378 822 3443 καλέσεις
863 3379 926 3431 τὸ
987 3378 1175 3449 ὄνομα
1232 3381 1420 3436 αὑτοῦ
1480 3384 1734 3451 Ἰησοῦν.

173 3461 364 3532 Οὗτος
383 3465 554 3520 ἔσται
576 3469 784 3538 μέγας,
826 3470 922 3524 καὶ
961 3472 1088 3538 υἱὸς
1126 3472 1405 3542 Ὑψίστου
1440 3477 1742 3546 κληθήσε-

166 3573 290 3610 ται·
321 3559 419 3612 καὶ
468 3558 646 3613 δώσει
691 3559 851 3626 αὑτῷ
880 3564 1096 3630 Κύριος
1135 3567 1167 3619 ό
1206 3564 1350 3631 Θεὸς
1389 3566 1496 3620 τὸν
1528 3570 1744 3636 θρόνον

165 3649 346 3702 Δαϐὶδ
377 3651 483 3704 τοῦ
509 3652 725 3720 πατρὸς
751 3655 960 3717 αὑτοῦ,
1014 3656 1111 3708 καὶ
1132 3657 1492 3720 βασιλεύσει
1521 3659 1744 3714 ἐπὶτὸν

165 3733 335 3792 οἷκον
363 3739 562 3794 Ἰακὼϐ
593 3744 681 3808 εἰς
723 3742 866 3810 τοὺς
891 3742 1130 3810 αἰῶνας,
1155 3745 1254 3798 καὶ
1281 3743 1389 3812 τῆς
1419 3746 1741 3814 βασιλείας

163 3828 354 3883 αὐτοῦ
389 3832 500 3884 οὐκ
533 3831 702 3885 ἔσται
731 3833 921 3900 τέλος.
955 3836 1108 3906 Μήτε
1140 3835 1337 3907 Δανιὴλ
1375 3836 1469 3888 τοῦ
1505 3837 1740 3907 μεγάλου

164 3921 444 3992 προφήτου
468 3921 566 3985 τὰς
595 3923 775 3992 φωνάς
817 3925 1038 3989 συνιεὶς,
1065 3926 1204 3979 αὺτά
1251 3927 1418 3980 ταῦτα
1449 3928 1740 4000 σφραγιζο-

163 4011 355 4081 μένου,
383 4013 451 4066 δι’
482 4008 556 4066 ὧν
586 4016 643 4066 ὲν
671 4015 797 4086 θείῳ
827 4016 1106 4087 Πνεύματι
1130 4017 1378 4086 διεφώνει
1402 4019 1594 4088 λέγων·
1627 4021 1736 4074 Καὶ

160 4103 296 4156 ὶδοὺ
334 4105 485 4174 μετὰ
528 4105 644 4159 τῶν
678 4108 949 4178 νεφελῶν
978 4109 1088 4180 (54)
1125 4110 1228 4163 τοῦ
1259 4111 1518 4178 οὐρανοῦ
1547 4151 1560 4176 ,
1604 4113 1737 4178 mg

157 4194 477 4264 ἀνθρώπου
493 4199 815 4268 ἐρχόμενος
845 4197 944 4269 ἦν,
965 4201 1062 4255 καὶ
1093 4201 1203 4267 ἕως
1218 4201 1325 4255 τοῦ
1340 4202 1603 4256 Παλαιοῦ
1619 4201 1736 4256 τῶν

154 4285 396 4353 ἡμερῶν
426 4289 685 4357 ἔφθασε,
713 4292 811 4344 καὶ
865 4291 1206 4362 ἔμπροσθεν
1255 4293 1442 4348 αὐτοῦ
1477 4309 1736 4362 προσην-

157 4376 333 4445 έχθη.
375 4379 483 4432 Καὶ
524 4379 684 4447 αὐτῷ
729 4382 908 4449 ἐδόθη
937 4383 1116 4453 ἀρχὴ,
1153 4384 1250 4437 καὶ
1282 4385 1320 4452 ἡ
1368 4384 1525 4454 τιμὴ,
1566 4386 1660 4438 καὶ
1692 4387 1730 4455 ἡ

1856 1917 2028 1982 psisse
2056 1929 2299 1981 carnem,
2327 1924 2383 1968 et
2416 1916 2468 1969 in
2510 1915 2597 1970 illa
2625 1926 2898 1986 assumpta
2931 1917 3002 1970 ita
3035 1925 3335 1984 operatum.
3360 1914 3429 1968 Et

1855 2012 1982 2059 tunc
2015 2006 2247 2072 primum
2285 2006 2558 2061 Christum
2606 2007 2884 2062 exstitisse
2911 2047 2926 2074 ,
2969 2007 3174 2070 Jesmn,
3219 2019 3424 2076 regem,

1853 2096 2144 2166 imaginem
2203 2098 2318 2165 Dei,
2355 2099 2636 2163 dilectum,
2687 2099 2854 2153 lilium
2899 2097 3280 2168 gloriﬁcatum,
3321 2095 3428 2162 pri-

1855 2191 2186 2257 umgenitum
2220 2177 2410 2246 omnis.
2425 2199 2715 2255 creaturae,
2749 2206 2873 2246 cum
2918 2206 3024 2244 non
3059 2197 3206 2244 esset
3250 2190 3422 2258 prius,

1853 2293 1954 2332 nec
1983 2289 2139 2335 antea
2173 2282 2398 2338 omnino
2425 2282 2736 2338 exsisteret.
2771 2281 3044 2351 Imprimis
3087 2281 3424 2352 paradoxum

1853 2371 1982 2424 illud
2021 2382 2121 2434 est,
2155 2373 2444 2443 incaapisse
2467 2375 2570 2428 hoc
2597 2374 2851 2435 Verbum,
2885 2390 2990 2428 non
3016 2373 3084 2428 ab
3114 2373 3274 2427 annis
3299 2371 3426 2426 hinc

1854 2471 2001 2515 retro
2033 2464 2441 2534 quadringentis
2474 2463 2791 2534 completis:
2817 2473 2870 2520 et
2898 2463 3055 2519 simul
3085 2464 3136 2516 in
3173 2463 3422 2516 eamdem

1851 2569 1957 2608 non
2005 2556 2382 2611 exsistentiam
2425 2557 2838 2622 revolvendum,
2897 2569 3020 2627 post
3063 2553 3250 2625 judicii
3280 2563 3418 2610 tem-

1849 2662 1970 2716 pus,
2010 2648 2186 2702 Verbo
2227 2649 2447 2718 quidem
2494 2649 2604 2704 Deo
2655 2652 2872 2706 demum
2926 2651 3175 2717 adunito,
3238 2649 3309 2704 ita
3361 2662 3422 2702 nt

1849 2747 2043 2806 printer
2066 2736 2230 2790 Deum
2266 2737 2398 2791 nihil
2428 2737 2718 2807 quidquam
2750 2737 3010 2802 exsistat;
3045 2751 3229 2801 carne,
3253 2750 3416 2804 quam

1849 2830 2165 2897 assumpsit,
2194 2827 2435 2883 desolata
2477 2837 2533 2884 et
2567 2829 2822 2884 destituta
2853 2843 2883 2882 a
2913 2827 3111 2893 Verbo,
3135 2827 3207 2880 ita
3237 2835 3296 2880 ut
3322 2839 3418 2878 ne-

1847 2935 1952 2990 que
1980 2919 2152 2974 Filius
2181 2921 2376 2990 aliquis
2405 2920 2498 2976 Dei
2527 2921 2832 2989 subsistat,
2869 2935 2968 2977 nec
2989 2921 3158 2976 Filius
3184 2919 3419 2974 hominis

1847 3026 2005 3080 quem
2038 3012 2354 3080 assumpsit.
2380 3012 2456 3066 Eo
2479 3021 2659 3067 autem
2691 3013 2903 3068 tandem
2935 3013 3218 3069 descendit
3260 3013 3412 3081 ahje-

1846 3101 2062 3167 ctionis,
2089 3102 2470 3158 utGabrielem
2500 3119 2604 3158 non
2633 3105 2819 3159 audiat
2850 3105 3265 3176 archangelum,
3297 3104 3420 3159 Dei-

1844 3209 1985 3263 para:
2017 3195 2302 3250 manifeste
2329 3206 2384 3248 et
2409 3197 2697 3266 perspicue
2721 3198 3154 3267 annuntiantem,
3188 3200 3253 3256 de
3279 3201 3417 3255 Filio

1843 3300 1908 3339 ex
1936 3285 2025 3338 illa
2054 3287 2382 3355 generando,
2408 3296 2462 3341 et
2492 3289 2560 3342 de
2596 3289 2804 3343 semine
2831 3289 3070 3352 Davidis.
3118 3295 3414 3346 secundum

1844 3393 2060 3431 carnem
2096 3378 2445 3444 descensuro,
2472 3394 2595 3433 cum
2626 3381 2700 3432 ita
2731 3380 2971 3449 inquiat:
2999 3381 3134 3436 Ecce
3154 3384 3415 3450 concipies

1841 3467 1896 3519 in
1922 3475 2070 3520 utero
2101 3476 2213 3528 tuo,
2241 3476 2289 3520 et
2327 3484 2502 3534 paries
2528 3466 2723 3535 ﬁlium,
2766 3478 2813 3521 et
2850 3471 3056 3522 vocabis
3085 3486 3270 3524 nomen
3295 3471 3412 3540 ejus

1841 3557 2046 3611 Jesum.
2098 3556 2202 3611 Hic
2248 3559 2346 3612 erit
2374 3561 2617 3628 magnus,
2646 3569 2694 3612 et
2733 3559 2876 3628 ﬁlius
2908 3560 3168 3613 Allissimi
3205 3563 3414 3616 vocabi-

1842 3657 1966 3700 tur:
2009 3657 2060 3701 et
2113 3648 2256 3702 dabit
2304 3649 2382 3701 illi
2422 3649 2680 3702 Dominus
2725 3649 2864 3703 Deus
2911 3653 3154 3704 thronum
3195 3651 3411 3706 Davidis

1840 3739 2005 3808 patris
2037 3741 2142 3806 sui,
2181 3750 2230 3794 et
2281 3742 2514 3811 regnabit
2553 3759 2712 3810 super
2741 3743 2950 3794 domum
2984 3741 3150 3796 Iacob
3183 3743 3236 3796 in
3261 3753 3412 3798 teter-

1841 3849 1987 3896 num,
2018 3843 2064 3886 et
2094 3834 2240 3903 regni
2272 3833 2415 3887 illius
2457 3851 2558 3888 non
2597 3840 2694 3889 erit
2720 3833 2842 3901 ﬁnis
2870 3833 2938 3887 “.
2989 3835 3096 3889 Sed
3125 3851 3222 3890 nec
3249 3851 3409 3892 voces

1840 3923 2108 3978 intellexit
2141 3925 2318 3995 magni
2375 3925 2517 3979 illius
2572 3926 2711 3979 vatis
2769 3926 3026 3994 Danielis,
3075 3926 3167 3996 qui
3215 3928 3405 3982 eadem

1839 4017 1952 4086 ipsa
1985 4017 2348 4088 consignavit,
2373 4017 2497 4071 dum
2531 4018 2725 4086 spiritu
2754 4018 2846 4072 Dei
2874 4018 3089 4074 alllatus
3132 4019 3400 4090 profatur.

1837 4109 2130 4176 inquiens:
2159 4109 2233 4174 Et
2272 4125 2388 4163 ecce
2409 4125 2527 4162 cum
2560 4111 2780 4163 nubibus
2817 4111 2931 4164 cali
2972 4110 3146 4166 Filius
3173 4115 3402 4168 [laminis

1835 4199 2164 4264 adveniebat,
2199 4210 2246 4253 et
2286 4215 2447 4268 usque
2493 4201 2566 4253 ad
2583 4196 2874 4269 Antiquum
2916 4207 2974 4265 >3
3006 4202 3209 4256 dierum
3231 4221 3406 4271 perve-

1837 4293 1931 4356 nit,
1966 4302 2014 4346 et
2041 4291 2245 4345 delatus
2286 4298 2361 4345 est
2394 4301 2516 4345 ante
2557 4303 2887 4360 conspectum
2919 4293 3054 4362 ejus.
3088 4293 3200 4363 Ipsi
3229 4306 3404 4348 autem

1834 4384 2062 4436 dabatur
2086 4383 2432 4450 principatus,
2464 4393 2513 4435 et
2543 4383 2728 4448 honor,
2753 4393 2803 4436 et
2826 4399 3038 4452 regnum
3057 4401 3077 4438 .°
3102 4395 3151 4438 et
3177 4388 3400 4442 servient

153 4468 444 4531 βασιλεία
467 4487 480 4499 ι
532 4471 629 4523 καὶ
667 4471 891 4539 πάντες
937 4477 990 4527 oi
1028 4474 1188 4538 λαοὶ,
1219 4475 1426 4544 φυλαὶ,
1458 4475 1728 4546 γλῶσσαι

1849 4471 1913 4524 'lli
1937 4488 2114 4525 omnes
2155 4471 2359 4538 populi,
2399 4471 2589 4536 tribus,
2627 4470 2841 4540 linguae.
2888 4469 3130 4527 Potestas
3153 4475 3295 4529 illius
3323 4488 3399 4530 est

149 4560 316 4626 αὐτῷ
359 4560 826 4617 δουλεύσουσιν.
884 4566 954 4620 Ἡ
985 4565 1235 4630 ἐξουσία
1270 4567 1453 4620 αὑτοῦ
1476 4567 1727 4631 ἐξουσία

1849 4571 2058 4615 iotestas
2108 4571 2326 4624 (eterna,
2367 4576 2484 4631 qui?
2515 4577 2618 4614 non
2661 4562 2994 4629 pertransibit
3032 4577 3054 4616 :
3106 4573 3154 4616 et
3185 4579 3399 4634 regnum

147 4653 420 4721 αἰώνιος,
467 4653 599 4721 ἣτις
631 4657 703 4708 οὐ
737 4659 1166 4724 παρελεύσεται
1187 4674 1200 4687 ·
1249 4659 1347 4710 καὶ
1380 4659 1417 4725 ὴ
1441 4659 1728 4722 βασιλεία

144 4746 342 4800 αὑτοῦ
365 4748 436 4800 οὐ
455 4745 946 4814 διαφθαρήσεται,
981 4747 1120 4800 Ἀλλ’
1142 4748 1261 4800 οὐδὲ
1290 4748 1517 4810 Ἡσαΐας
1556 4749 1724 4802 αὑτὸν

1832 4653 1977 4706 illius
2007 4670 2111 4707 nun
2140 4653 2370 4706 interibit
2395 4653 2457 4705 ".
2494 4651 2600 4706 Sed
2651 4665 2750 4706 nec
2792 4651 2947 4705 illum
2974 4650 3146 4708 Isaias
3173 4653 3244 4708 de
3273 4669 3399 4708 sen-

1831 4749 1998 4802 tentia
2029 4748 2271 4814 deduxit,
2294 4747 2384 4816 qui
2412 4745 2479 4800 dc
2509 4759 2674 4814 regno
2696 4743 2816 4798 Filii
2851 4745 2942 4799 Dei
2973 4745 3394 4810 interminabili,

142 4837 337 4891 ἔπεισε
364 4839 492 4910 περὶ
527 4839 626 4909 τῆς
649 4839 1006 4910 ἀτελευτήτου
1036 4838 1309 4910 βασιλείας
1337 4837 1429 4891 τοῦ
1462 4839 1592 4892 Υἱοῦ
1626 4840 1720 4893 τοῦ

1849 4841 1898 4895 Id
1931 4840 2092 4894 istum
2131 4841 2350 4892 modum
2381 4841 2570 4895 scribit
2597 4858 2611 4894 :
2646 4839 2788 4892 Puer
2809 4836 2953 4890 nobis
2981 4846 3136 4890 natus
3157 4847 3268 4890 est:
3300 4837 3398 4891 Fi-

141 4930 308 4996 Θεοῦ,
331 4923 432 4984 ὦδε
451 4932 546 4985 καὶ
567 4932 730 4995 αὐτὸς
751 4931 1044 4995 θεσπίζων,
1074 4932 1178 4993 ὅτι,
1198 4931 1442 4984 Παιδίον
1467 4930 1718 5000 ἐγενήθη

1849 4932 1930 4985 ius
1956 4947 2160 5001 quoque
2180 4932 2338 4984 datus
2360 4940 2436 4983 est
2481 4931 2652 4995 nobis,
2685 4928 2836 4999 cujus
2867 4929 3195 4999 principatus
3239 4947 3397 4998 super

140 5022 329 5091 ἡμῖν’
361 5023 492 5089 υἱὸς
531 5025 630 5077 καὶ
671 5023 850 5092 ἐδόθη
889 5024 1040 5094 ἡμῖν
1069 5019 1141 5079 οὗ
1177 5024 1215 5090 ὴ
1259 5023 1415 5092 ἀρχὴ
1459 5024 1570 5094 (55)
1618 5023 1717 5077 ἐπὶ

1849 5037 2069 5075 iumeros
2101 5021 2215 5090 ejus
2234 5035 2254 5074 :
2276 5021 2548 5075 vocabitur
2589 5021 2804 5090 insuper
2841 5035 3028 5076 nomen
3053 5019 3186 5092 ejus,
3213 5021 3394 5093 magni

225 5142 287 5199 ὦ
331 5136 430 5190 Ed.
462 5136 661 5205 Psris.,
689 5154 813 5209 pag.
845 5139 936 5194 55.
1011 5139 1059 5170 “
1084 5137 1215 5194 Luc.
1253 5153 1292 5204 ι,
1318 5138 1506 5194 51-55.
1584 5140 1630 5171 ⁸⁸
1662 5138 1748 5193 Da:

1849 5154 1927 5202 ιιι,
1965 5139 2055 5203 15,
2089 5137 2175 5194 14.

221 5306 338 5376 (55)
384 5306 496 5359 Τὸν
519 5302 606 5376 μὴ
655 5301 969 5376 ὑφεστῶτα
984 5303 1356 5376 ΛόγονηΗιιξιῖ
1385 5313 1468 5376 est
1503 5317 1713 5376 summa

1849 5303 2010 5376 λασαν
2035 5310 2090 5376 et
2123 5300 2217 5354 καὶ
2246 5299 2410 5353 αὐτὸν
2445 5299 2564 5371 μέν,
2601 5299 2833 5368 denique
2864 5299 3080 5369 ἐκείνην
3102 5299 3304 5370 ἑπαγγ.
3336 5313 3393 5357 et

134 5373 515 5432 accusationis
569 5375 903 5438 Euselnanze,
936 5375 1001 5426 de
1046 5390 1172 5442 qua,
1205 5373 1257 5426 in
1294 5375 1398 5427 illis
1427 5374 1495 5427 de
1540 5375 1718 5428 Theo-

137 5447 331 5587 ιοῗὲϊ)
360 5445 476 5568 ﬁliai
503 5512 639 5587 ὶδοὺΔ
651 5509 947 5587 perdurat
965 5512 1248 5587 νεφελῶν.
1275 5511 1447 5587 Locus
1469 5523 1548 5566 est
1569 5511 1712 5587 Dan.

1813 5373 1921 5443 γὰρ
1951 5371 2142 5443 #7in-

1887 5436 2012 5511 (55)⁷
2041 5436 2120 5511 Οὗ
2156 5442 2194 5508 ἡ
2223 5438 2404 5509 ἀρχή.
2450 5438 2624 5511 Locus
2654 5449 2731 5493 est
2764 5438 2866 5493 lsa.
2914 5454 2990 5501 Ix,
3022 5439 3076 5506 6,
3112 5442 3163 5494 in
3200 5439 3342 5494 LXX
3371 5460 3383 5492 :

1819 5509 1938 5580 post
1968 5510 2121 5578 ἀρχή
2159 5511 2421 5580 sequitur,
2447 5509 2732 5580 ἐγενήθψ
2761 5511 2857 5580 8οᾴ
2877 5512 3088 5563 variant
3122 5512 3190 5563 ibi
3222 5514 3387 5564 etiam

132 5578 239 5668 Ῡιιξ
260 5578 364 5649 17;
391 5588 525 5668 lege,
560 5578 749 5668 καξιξάζς
768 5582 894 5661 Tib;
909 5578 1539 5668 ’dzopmno'agpxbusyoi.

1853 5582 2052 5668 oilices.
2085 5580 2278 5668 bllatim
2315 5579 2366 5632 in
2409 5578 2792 5668 LX‘X'legitur,
2823 5579 2951 5666 afﬁni
2993 5579 3104 5668 γὰρ
3137 5579 3390 5668 εἰρήνην

132 5647 568 5730 lnlrajnlgiif.
603 5652 732 5730 fio?)
766 5652 858 5730 τοῦ
892 5647 1184 5730 ἀνθρὶθπου
1347 5647 1418 5730 ut“
1434 5653 1524 5705 ἐπὶ
1556 5651 1707 5730 ῶμου
1808 5649 2068 5730 επὶςτοὺς
2089 5649 2517 5730 ᾅρχοντειςηιαί
2545 5647 3105 5730 ὑγίειᾳνναὺζῷηίκάὶ
3127 5647 3382 5730 μεγάλη.

124 5726 256 5780 τοῦ.
294 5720 461 5780 Porro
501 5725 605 5792 Mp.
650 5720 1171 5792 ἀντιλαμϐάνεσθαι,
1221 5726 1340 5776 dein
1396 5723 1546 5774 ἔσται
1590 5720 1706 5776 loco

1849 5724 1877 5774 νὶ
1901 5721 2017 5792 μὲν
2047 5720 2133 5789 μὴ
2166 5720 2452 5792 προεῖναι.
2495 5720 2570 5774 Ita
2603 5723 2748 5774 varie
2779 5720 2948 5774 illusit
2991 5722 3234 5792 humanae
3258 5721 3387 5792 ira-

124 5794 382 5852 ισεσθαι.
422 5786 563 5849 υυὶιί
604 5796 762 5864 vulgo
796 5786 861 5846 δέ
897 5786 957 5845 οὗ
995 5793 1130 5862 ὁμοῦ
1173 5805 1226 5848 et
1261 5793 1614 5863 ὡμολόγησαν
1654 5800 1708 5848 et

1849 5786 2027 5859 ilitati,
2048 5786 2155 5861 per
2184 5786 2418 5846 nefarios
2443 5808 2570 5848 suos
2607 5792 2924 5846 emissarios
2945 5830 2961 5855 ,
3015 5790 3203 5843 Satan.
3257 5787 3390 5855 Ἐγ-

471 5890 738 5950 Ρλτειοι..
787 5889 902 5951 Gtt.
953 5888 1184 5950 XXIV.

2993 5885 3072 5944 25
