4190 6406
544 297 646 354 77')

543 409 752 464 consilii
803 407 1034 476 Angelus
1075 419 1094 457 :

542 503 737 571 fortis:
765 509 1018 568 potestate
1077 501 1372 566 pra'ditus;
1415 501 1651 568 princeps
1699 499 1843 567 pacis
1887 514 1904 552 :

543 590 711 658 futuri
753 589 958 642 seaculi.
996 587 1272 640 Adducam
1331 590 1470 642 enim
1523 591 1800 642 sanitatem
1847 601 1893 641 et
1937 603 2116 654 pacem

543 698 662 734 cum
695 681 810 734 illo.
845 681 1072 750 Magnus
1107 681 1200 732 erit
1237 681 1564 748 principatus
1595 679 1728 750 ejus,
1756 691 1804 733 et
1835 679 1978 748 pacis
2001 679 2118 748 ejus

547 793 650 830 non
673 781 770 830 erit
799 775 938 844 ﬁnis.
965 773 1133 840 Super
1153 777 1344 830 solium
1394 775 1583 836 David,
1621 783 1669 826 et
1699 789 1856 836 super
1905 789 2119 843 regnum

547 868 684 936 ('jus,
735 878 790 919 ut
835 869 1062 938 corrigat
1113 868 1266 928 illud,
1307 876 1352 918 et
1404 865 1696 928 auxiliatur
1733 866 1786 917 iu
1825 865 2024 930 iudicio
2070 875 2118 918 et

537 961 778 1028 justitia,
813 975 878 1012 ea:
902 961 998 1012 hoc
1031 975 1166 1012 nunc
1201 968 1248 1012 et
1283 973 1443 1026 usque
1469 957 1522 1010 in
1551 955 1802 1010 sazculum
1831 957 1896 1010 “.
1947 961 2122 1025 Atque

547 1053 667 1104 istis
699 1067 796 1122 per
822 1051 1002 1104 omnia
1034 1065 1267 1106 consona
1305 1050 1547 1112 luerunt,
1583 1065 1702 1119 qua:
1735 1047 1944 1118 Virgini
1997 1051 2122 1104 Dei-

546 1161 690 1212 parte
714 1143 1076 1197 annuntiabat
1105 1141 1348 1208 Gabriel,
1392 1141 1480 1194 ttbi
1534 1141 1633 1205 ait,
1689 1149 2036 1210 regnaturum
2067 1140 2120 1192 in

545 1246 809 1288 :cternum
847 1235 937 1303 qui
995 1245 1112 1288 erat
1163 1249 1224 1286 ex
1266 1233 1352 1286 illa
1387 1233 1740 1300 nasciturus;
1791 1232 1961 1303 Regni
2009 1233 2122 1302 ejus

548 1343 651 1380 non
682 1328 782 1380 erit
810 1327 958 1396 finis.
1013 1325 1220 1392 Quanta
1260 1335 1438 1379 autem
1477 1341 1598 1378 cum
1642 1323 1864 1378 audacia
1897 1324 2124 1380 Marcel-

549 1421 631 1474 lus
669 1419 816 1473 hisce
853 1417 1178 1472 testimoniis
1237 1417 1512 1470 contraria
1555 1417 1833 1486 scripserit
1879 1427 1932 1470 et
1965 1431 2124 1485 repn-

549 1513 796 1580 gnantia,
840 1509 908 1562 ab
941 1509 1110 1577 ipsius
1153 1507 1369 1576 scriptis
1403 1507 1684 1562 edocearis
1731 1505 1878 1571 licet,
1913 1506 1965 1559 in
2003 1507 2126 1575 qui-

549 1602 651 1655 bus
685 1599 802 1654 Filii
851 1613 972 1652 cum
1027 1597 1306 1662 deitatem,
1359 1609 1468 1650 tum
1527 1595 1688 1649 etiatn
1730 1593 2121 1648 humanitatem

550 1691 886 1764 pet-negavit,
919 1689 1055 1742 ultra
1084 1689 1324 1740 omnium
1357 1687 1642 1741 haeresitttn
1687 1687 2002 1740 novitatem.
2041 1683 2126 1736 In-

553 1793 635 1834 ter
682 1779 826 1833 enim
885 1793 1174 1847 pravarum
1227 1778 1542 1847 Opinionum
1601 1787 1872 1840 auctores,
1935 1775 2124 1842 aliqui,
2157 1753 2200 1808 Β

549 1887 670 1926 cum
701 1869 896 1924 Filium
939 1869 1031 1922 Dei
1085 1861 1520 1938 supposuissent,
1581 1880 1756 1936 neque
1803 1867 1929 1920 olim
1959 1865 2128 1920 exsti-

553 1965 703 2028 tisse,
739 1978 836 2016 nec
867 1975 991 2016 ante
1023 1961 1349 2022 substitisse.
1381 1961 1653 2013 hominem
1680 1975 1802 2012 eum
1855 1973 2022 2012 unum
2065 1960 2129 2011 de

553 2054 738 2110 multis
763 2063 1072 2109 statuerunt
1121 2053 1334 2106 caeteris
1374 2051 1631 2114 similent,
1671 2051 1962 2120 adoptione
2007 2059 2128 2104 tau-

555 2158 692 2212 lum,
725 2147 866 2202 natis
897 2147 964 2200 de
995 2145 1333 2210 mulieribus,
1369 2143 1688 2213 pratlatum:
1737 2151 1793 2196 et
1835 2143 2008 2196 eidem
2041 2151 2130 2196 ta-

555 2255 678 2294 men
737 2237 1094 2292 nihilominus
1141 2236 1451 2290 attribuunt
1517 2235 1779 2288 honorem
1855 2245 2130 2300 nunquam

554 2329 980 2396 terminandum,
1017 2337 1070 2382 et
1123 2341 1351 2394 regnum
1396 2327 1448 2379 in
1496 2335 1760 2380 aeternum
1789 2325 2131 2378 duraturum.

555 2422 764 2478 Rursus
795 2423 887 2492 qui
935 2433 1166 2475 renuunt
1207 2419 1602 2473 humanitatem
1645 2417 1782 2488 ejus,
1825 2425 2134 2487 supponunt

553 2525 772 2572 exstare
797 2530 918 2572 eum
945 2513 1040 2568 Dei
1067 2512 1287 2576 Filium,
1323 2513 1490 2566 Deum
1523 2526 1738 2582 quoque
1755 2509 2135 2580 prteexsistem

556 2621 689 2673 tem,
725 2608 821 2664 sed
855 2608 1124 2662 hactenus
1146 2604 1417 2674 progressi
1454 2611 1581 2658 sunt
1611 2603 1925 2666 errabundi,
1969 2610 2024 2656 et
2063 2600 2133 2654 ab

555 2701 796 2757 Ecclesia
820 2699 1004 2754 alieni.
1035 2698 1142 2753 Iste
1171 2713 1320 2762 vero,
1357 2697 1448 2766 qui
1485 2695 1576 2749 Dei
1607 2694 1861 2749 Ecclesiae
1888 2703 2135 2762 tempore

555 2792 812 2864 praesedit
843 2801 951 2846 tam
987 2791 1268 2852 diuturno,
1298 2789 1709 2843 subsistenttam
1751 2785 1874 2839 Filii
1905 2785 1998 2838 Dei
2035 2783 2136 2838 tol-

555 2885 636 2948 lit,
668 2895 778 2937 tum
830 2897 953 2936 cum
1006 2881 1140 2950 ipsis
1195 2879 1314 2949 ejus
1363 2879 1572 2933 serviat
1610 2877 1896 2930 altaribus.
1958 2875 2136 2940 Seque

557 2977 742 3028 forsan
786 2981 974 3042 sperat
1027 2972 1192 3025 vitam
1246 2981 1504 3024 :cternam
1560 2979 1722 3037 atque
1771 2967 2133 3022 immortalem

557 3075 998 3131 consecuturum,
1065 3063 1384 3118 Porttil‘tcetn
1441 3076 1571 3116 vero
1626 3059 1894 3130 ejusdem,
1945 3060 2134 3114 eadem

555 3161 666 3210 vita
718 3156 915 3226 privat.
971 3152 1242 3207 Habemus
1292 3154 1502 3218 etenim,
1546 3151 1839 3206 secundum
1889 3149 2132 3217 Apostoli

557 3247 800 3308 clintum,
833 3245 1135 3314 Ponti/icem
1181 3261 1452 3312 magnum,
1491 3243 1581 3314 qui
1629 3242 1784 3296 caelos
1825 3242 2132 3308 penetravit,

556 3339 740 3393 Iesum
795 3336 998 3392 Filium
1037 3335 1134 3389 Dei
1181 3335 1247 3392 ".
1283 3335 1454 3402 Quem
1507 3349 1684 3403 neque
1735 3331 2132 3401 praeexsistcre,

563 3447 660 3486 nec
713 3429 1124 3500 pra-subsistere
1171 3427 1337 3480 audet
1364 3426 1467 3480 iste
1507 3423 1800 3486 allirtuare,
1839 3437 1997 3491 quem
2035 3435 2134 3477 nec

561 3525 941 3586 substiturum,
985 3535 1084 3574 nec
1132 3535 1254 3572 cum
1297 3518 1506 3574 sanctis
1550 3517 1640 3571 Dei
1685 3523 2134 3570 conversatnrum

561 3619 742 3682 docet,
777 3595 1070 3670 secundum
1095 3611 1514 3682 promissionem
1549 3607 1746 3662 factam
1778 3609 1844 3662 de
1877 3607 2137 3662 caelorum

565 3723 750 3777 regno.
816 3707 976 3761 Certe
1025 3719 1145 3758 cum
1194 3702 1368 3757 sancti
1399 3699 1470 3754 illi
1499 3713 1691 3754 omnes
1729 3699 1781 3751 in
1815 3697 2138 3766 corporibus

565 3799 1062 3864 immortalitatc,et
1089 3793 1606 3864 incorruptibilitate
1631 3791 1875 3862 pratditis
1905 3803 2136 3858 regnum

566 3893 657 3948 Dei
685 3891 910 3945 cteleste
947 3887 1322 3957 possidebunt,
1351 3889 1409 3948 >14
1453 3883 1792 3939 solummodo
1817 3865 2138 3945 .Christum,

565 3993 622 4036 et
668 3981 922 4036 Christus
961 3995 1126 4048 quam
1177 3979 1494 4045 assumpsit,
1542 3991 1764 4030 carnem
1805 3975 1896 4028 ille
1939 3975 2136 4044 privat.

567 4075 753 4144 Neque
801 4071 1174 4127 contremiscit
1223 4067 1645 4123 resurrectionis
1697 4075 1898 4120 nostrae
1947 4066 2136 4120 ducem

566 4187 622 4232 et
646 4175 932 4246 originem,
965 4172 1089 4225 vitae
1119 4169 1462 4238 sempiterna:
1513 4175 1923 4236 procuratorem
1961 4153 2144 4218 omni¥

565 4271 688 4334 bus,
718 4277 772 4322 et
805 4279 1024 4319 causam
1063 4277 1229 4330 regno
1263 4275 1364 4313 suo
1399 4259 1728 4312 deturbare:
1763 4273 1863 4310 nec
1911 4258 2012 4310 hoc
2043 4271 2138 4310 so-

569 4357 866 4422 lummodo,
899 4354 991 4408 sed
1025 4361 1079 4408 et
1111 4353 1216 4405 vita
1244 4349 1560 4405 omnimodo
1589 4347 1861 4416 dejectum
1897 4349 2136 4416 privare.

1177 291 1444 347 EUSEBII
1481 286 1972 346 CASSARIENSIS
2009 285 2162 342 OPP.
2203 285 2383 340 PARS
2423 283 2512 338 IV.
2553 317 2622 326 ——
2659 281 3080 338 DOGMATICA.

1151 407 1484 460 admirabilis
1521 407 1858 460 consiliarius
1908 421 1926 460 :
1975 405 2113 458 Deus

2236 405 2324 458 τοῦ
2355 403 2518 473 ὤμου
2547 401 2757 466 αὐτοῦ,
2799 399 2900 454 καὶ
2947 397 3217 452 καλεῖται
3257 397 3324 448 τὸ
3365 393 3554 461 ὄνομα
3585 389 3798 454 αὑτοῦ,

1959 497 2118 552 Pater
2213 494 2486 564 μεγάλης
2497 491 2741 560 βουλῆς
2757 493 3056 562 Ἄγγελος,
3079 485 3422 558 θαυμαστὸς
3437 486 3798 554 σύμϐουλος,

3695 273 3798 328 780

2222 587 2366 653 Θεὸς
2385 585 2656 654 ἰσχυρὸς,
2677 581 3100 650 ἐξουσιαστὴς,
3115 577 3586 648 ἅρχων-εἰρήνης,
3605 574 3800 642 Πατὴρ

2221 678 2326 732 τοῦ
2336 677 2672 747 μέλλοντος
2681 675 2916 740 άίὡνος.
2926 676 2994 728 Ἀ
3002 673 3036 737 ξ
3039 693 3084 726 ω
3096 673 3206 742 γὰρ
3223 669 3472 738 εἰρήνην
3485 668 3584 722 καὶ
3599 667 3803 736 ὑγείαν

2220 771 2400 836 αὐτῷ.
2457 769 2708 840 Μεγάλη
2757 770 2795 836 ἡ
2843 766 3000 836 ἀρχὴ
3043 763 3250 822 αὐτοῦ·
3299 760 3537 830 καὶτῆς
3563 759 3802 828 εἰρήνης

2221 861 2406 916 αὑτοῦ
2433 865 2544 916 οὐκ
2575 861 2746 914 ἔσται
2783 859 2980 924 τέλος.
3039 857 3172 912 Ἐπὶ
3207 855 3316 910 τὸν
3361 857 3578 924 θρόνον
3605 852 3798 914 Δαϐίδ,

2223 952 2324 1006 καὶ
2357 952 2456 1004 ἐπὶ
2485 951 2600 1018 τὴν
2633 951 2964 1016 ,ϐασιλείαν
3005 947 3216 1012 αὑτοῦ,
3269 946 3379 1000 τοῦ
3433 943 3800 1012 κατορθῶσαι

2222 1043 2438 1113 αὐτὴν,
2477 1044 2575 1098 καὶ
2604 1043 3036 1098 ἀντιλαϐέσθαι
3067 1041 3138 1094 ἐν
3174 1041 3406 1109 κρίματι
3459 1039 3558 1092 καὶ
3605 1037 3674 1091 ἐν
3719 1035 3802 1090 δι-

2223 1137 2549 1204 καιοσύνη,
2605 1135 2724 1190 ἀπὸ
2776 1134 2882 1188 τοῦ
2933 1133 3051 1186 νῦν
3095 1131 3198 1186 καὶ
3237 1135 3322 1198 εὶς
3377 1129 3518 1196 τοὺς
3565 1129 3796 1194 αἰῶνας.

2225 1227 2445 1290 Τούτοις
2477 1225 2608 1294 γοῦν
2651 1225 2922 1295 σύμφωνα
2953 1219 3021 1296 ἦν
3065 1224 3160 1278 καὶ
3195 1225 3336 1295 άπερ
3359 1225 3388 1276 6
3413 1220 3654 1293 Γαϐριὴλ
3703 1219 3802 1291 τὴν

2225 1319 2500 1390 Παρθένον
2522 1318 2930 1390 εὐηγγελίζετο,
2965 1319 3047 1382 εἰς
3069 1319 3194 1380 τοὺς
3218 1316 3421 1380 αἰῶνας
3471 1313 3805 1386 βασιλεύσειν

2225 1413 2315 1467 τὸν
2343 1413 2400 1480 ἐξ
2433 1414 2623 1485 αὐτῆς,
2681 1413 2874 1482 λέγων,
2919 1414 3014 1466 καὶ
3051 1413 3151 1482 τῆς
3181 1411 3456 1482 βασιλείας
3507 1410 3672 1464 αὐτοῦ
3731 1411 3804 1482 μὴ

2227 1505 2445 1560 ἔσεσθαι
2496 1507 2668 1570 τέλος.
2701 1505 3020 1576 Μάρκελλος
3057 1505 3114 1558 δὲ
3157 1505 3304 1568 ὅπως
3340 1503 3550 1566 τούτοις
3599 1503 3802 1557 artas”

2225 1597 2446 1649 ὲναντία
2465 1596 2698 1666 γράφειν
2727 1597 2950 1668 ὲτόλμα,
2985 1595 3176 1668 μάθοις
3203 1595 3268 1650 ἂν
3289 1598 3353 1649 ὲκ
3379 1596 3487 1649 τῶν
3513 1594 3677 1648 αὐτοῦ
3695 1611 3806 1663 φωσ-

2227 1687 2354 1753 νῶν,
2385 1688 2450 1742 δι’
2500 1682 2574 1742 ὧν
2621 1689 2752 1760 ὁμοῦ
2784 1691 2883 1761 τὴν
2911 1689 3140 1760 θεότητα
3175 1690 3268 1742 καὶ
3295 1688 3392 1757 τὴν
3411 1687 3806 1760 ἀνθρωπότητα

2227 1778 2322 1832 τοῦ
2355 1778 2488 1833 Θεοῦ
2507 1778 2602 1832 τοῦ
2623 1780 2753 1833 Υἱοῦ
2783 1783 3029 1853 ἠρνεῖτο,
3055 1779 3430 1852 καινότερον
3461 1779 3602 1832 κατά
3629 1780 3806 1832 πᾶσαν

2229 1871 2386 1926 ἄθεον
2409 1871 2640 1942 αἵρεσιν.
2670 1873 2792 1926 Τῶν
2821 1873 2930 1944 γὰρ
2957 1872 3280 1944 ἑτεροδόξων
3305 1873 3354 1924 οἱ
3391 1872 3488 1943 μὲν
3519 1871 3593 1942 μὴ
3629 1871 3808 1942 προεῖ-

2231 1981 2320 2016 ναι
2357 1963 2492 2035 μηδὲ
2508 1965 2882 2036 προῦπάρχειν
2907 1965 2998 2018 τὸν
3023 1965 3148 2018 Υίὸν
3177 1963 3269 2018 τοῦ
3295 1963 3429 2018 Θεοῦ
3461 1963 3660 2032 φάντες
3677 2001 3691 2026 ,
3713 1963 3807 2016 ἀν-

2231 2053 2450 2126 θρωπον
2472 2055 2570 2108 ἕνα
2593 2055 2776 2122 αὑτὸν,
2803 2059 2917 2118 τοῖς
2942 2056 3148 2120 λοιποῖς
3175 2055 3380 2126 ὅμοιον,
3405 2054 3728 2125 ὑποθέμενοι
3751 2053 3808 2119 ἐξ

2231 2144 2542 2216 ἀνθρώπου,
2579 2147 2824 2218 υἱοθεσία
2855 2147 3180 2218 τετιμῆσθαι
3223 2147 3384 2200 αὐτὸν
3433 2145 3678 2216 ἔφασαν
3717 2145 3810 2198 καὶ

2229 2235 2388 2290 τοῦτο
2415 2237 2594 2302 δόντες
2623 2239 2887 2292 ἀθάνατον
2929 2241 3024 2292 καὶ
3067 2237 3420 2309 ἀτελεύτητον
3455 2235 3603 2306 αὐτῷ
3645 2235 3807 2306 τιμὴν

2232 2329 2329 2382 καὶ
2358 2329 2514 2394 δόξαν
2537 2331 2632 2384 καὶ
2660 2330 2936 2402 βασιλείαν
2955 2329 3172 2384 αἰώνιον
3211 2330 3630 2401 ὡμολογήκασιν
3649 2345 3662 2358 ·
3695 2327 3810 2382 oua

2231 2419 2324 2474 τὸν
2371 2409 2657 2491 ἄνθρωπον
2703 2423 3096 2494 ἀρνησάμενοι,
3147 2421 3262 2476 υίδν
3291 2417 3432 2476 εἶναι
3469 2420 3630 2484 Θεοῦ,
3677 2420 3809 2473 Θεὸν

2233 2513 2492 2584 προόντα,
2534 2516 2931 2588 ὑπεστήσαντο.
2975 2515 3114 2568 Ἀλλ’
3133 2515 3182 2568 οἱ
3225 2516 3323 2586 μὲν
3347 2517 3446 2586 τῆς
3487 2513 3811 2585 Ἐκκλησίας

2235 2602 2524 2674 ἀλλότριοι,
2564 2605 2723 2676 μέχρι
2752 2603 3006 2658 τοσούτου
3034 2605 3242 2675 πλάνης
3271 2605 3479 2677 ἠλασαν
3505 2622 3518 2635 ·
3551 2605 3580 2658 ὁ
3611 2605 3668 2657 δὲ
3713 2603 3812 2674 τῆς

2247 2693 2574 2765 Ἐκκλησίας
2611 2695 2704 2748 τοῦ
2744 2695 2878 2748 Θεοῦ
2901 2695 3178 2760 τοσούτοις
3215 2695 3668 2766 καθηγησάμενος
3695 2693 3818 2764 χρό-

2235 2801 2365 2850 νοις,
2383 2786 2482 2858 τὴν
2516 2785 2748 2858 ὓπαρξιν
2781 2789 2995 2859 ἀναιρεῖ
3011 2787 3106 2841 τοῦ
3143 2787 3275 2840 Υίοῦ
3296 2787 3389 2840 τοῦ
3429 2787 3590 2850 Θεοῦ,
3621 2785 3700 2856 τῷ
3721 2785 3812 2838 αὖ·

2235 2877 2329 2930 τοῦ
2359 2877 2752 2950 λειτουργήσας
2785 2879 3188 2952 θυσιαστηρίῳο
3221 2879 3527 2934 καὶμὲαυτὸν
3558 2881 3656 2950 μὲν
3687 2881 3814 2932 αίω-

2236 2969 2348 3022 νίου
2371 2971 2464 3024 καὶ
2489 2969 2756 3024 ἀθανάτου
2775 2969 2922 3042 ζωῆς
2947 2970 3232 3036 τεύξεσθαι
3253 2971 3396 3042 τάχα
3415 2989 3520 3026 που
3548 2970 3812 3034 πιστεύει,

2237 3064 2324 3117 τὸν
2382 3063 2428 3116 δ’
2475 3064 2735 3136 ἀρχιερέα
2795 3065 3000 3136 ταύτης
3053 3067 3361 3138 ἀποστερεῖ.
3417 3067 3679 3134 Ἔχομεν
3747 3063 3816 3116 δὲ

2239 3155 2516 3224 ἀρχιερέα
2547 3155 2741 3226 μέγαν·
2763 3197 2776 3220 ,
2809 3158 2950 3210 κατὰ
2991 3157 3084 3212 τὸν
3127 3157 3446 3211 Ἀπόστολον
3470 3197 3485 3221 ,
3533 3156 3814 3223 διεληλυ-

2241 3249 2386 3302 θότα
2430 3249 2572 3314 τοὺς
2598 3250 2913 3316 οὐρανοὺς,
2957 3251 3190 3318 Ἰησοῦν
3219 3249 3326 3303 τὸν
3353 3249 3490 3303 Υἱὸν
3517 3247 3624 3302 τοῦ
3645 3247 3814 3310 Θεοῦ,

2241 3339 2300 3392 ὃν
2332 3338 2452 3392 οὔτε
2489 3342 2755 3410 προεῖναι,
2804 3339 2926 3394 οὔτε
2965 3341 3369 3412 προϋφεστάναι
3406 3339 3580 3408 τολμᾷ
3619 3337 3816 3406 λέγειν,

2243 3430 2378 3484 ἀλλά
2409 3431 2541 3502 μηδὲ
2575 3430 2814 3496 ἔσεσθαι,
2855 3433 2988 3502 μηδὲ
3038 3435 3149 3496 τοῖς
3180 3431 3354 3500 ἁγίοις
3392 3431 3485 3484 τοῦ
3517 3428 3655 3484 Θεοῦ
3689 3446 3818 3482 συν-

2245 3524 2484 3588 έσεσθαι,
2513 3524 2634 3577 κατ’
2651 3523 2820 3594 αὐτὴν
2839 3524 3052 3595 ἐκείνην
3073 3523 3172 3594 τὴν
3201 3523 3556 3592 ἐπαγγελίαν,
3585 3523 3684 3592 τῆς
3710 3520 3820 3572 τῶν

2243 3615 2486 3688 οὐρανῶν
2515 3615 2806 3686 βασιλείας.
2842 3615 3153 3686 Τηνικαῦτα
3173 3614 3281 3686 γὰρ
3305 3615 3414 3667 τῶν
3451 3613 3620 3681 ἁγίων
3649 3613 3822 3666 ἀπάν-

2243 3727 2352 3762 των
2381 3708 2712 3780 μεθεξόντων
2731 3710 2833 3780 τῆς
2856 3709 2950 3762 τοῦ
2976 3708 3110 3762 Θεοῦ
3137 3708 3412 3778 βασιλείας
3432 3709 3490 3760 ὲν
3521 3707 3820 3778 ἀφθάρτοις

2245 3801 2339 3854 καὶ
2369 3800 2660 3864 ἀθανάτοις
2707 3799 2945 3870 σώμασι,
2993 3801 3150 3872 μόνον
3179 3800 3270 3852 τὸν
3309 3799 3563 3870 Χριστὸν,
3595 3799 3689 3852 καὶ
3719 3798 3822 3868 τὴν

2247 3892 2427 3964 σάρκα
2449 3892 2516 3962 ἦν
2549 3892 2858 3964 ἀνείληφεν,
2895 3893 3186 3964 ἀποστερεῖ
3209 3891 3398 3963 αὐτῆς.
3433 3891 3542 3944 Καὶ
3575 3893 3636 3944 οὐ
3663 3891 3822 3962 φρίτ-

2245 4001 2326 4036 τει
2357 3985 2447 4036 τὸν
2481 3984 2724 4054 ἀρχηγὸν
2763 3985 2862 4054 τῆς
2894 3985 3263 4048 ἀναστάσεως,
3311 3985 3404 4037 τὸν
3447 3985 3547 4053 τῆς
3599 3983 3821 4037 αίωνίου

2247 4071 2395 4144 ζωῆς
2428 4076 2540 4138 τοῖς
2569 4077 2734 4128 πᾶσιν
2784 4077 2958 4128 αἴτιον
2997 4075 3348 4129 ἐκπεσεῖσθαι
3391 4071 3492 4145 τῆς
3543 4074 3822 4145 βασιλείας

2247 4165 2308 4218 οὐ
2339 4165 2514 4236 μόνον,
2543 4165 2678 4219 ἀλλά
2713 4166 2806 4219 καὶ
2834 4166 3005 4236 αὐτῆς
3043 4169 3143 4238 τῆς
3167 4168 3314 4238 ζωῆς
3350 4169 3818 4237 ἀποφαινόμενος-ο

2247 4255 2512 4327 ὦσπερᾶν
2533 4257 2588 4308 εῖ
2609 4273 2692 4320 τις
2713 4255 3024 4326 ὀφθαλμοὺς
3043 4257 3140 4328 μὲν
3167 4257 3262 4328 δῷ,
3283 4257 3398 4326 φῶς
3426 4257 3561 4312 δὲτὸ
3580 4259 3680 4328 τῆς
3697 4257 3820 4310 τούς

2245 4363 2355 4401 των
2372 4347 2607 4418 χορηγὸν
2634 4348 2979 4418 ὲκλάμψεως,
3007 4347 3202 4402 ἀνέλοι.
3233 4351 3340 4402 Καὶ
3366 4348 3489 4402 οὔτε
3521 4352 3550 4404 ὁ
3569 4349 3824 4413 τοσοῦτος

568 4450 683 4504 Non
717 4449 874 4502 aliter
905 4459 1069 4515 quam
1114 4445 1157 4496 si
1207 4443 1331 4512 quis
1373 4440 1566 4494 oculos
1613 4439 1913 4510 largiatur,
1963 4439 2134 4492 lucem

2252 4439 2348 4494 τοῦ
2387 4439 2520 4492 Θεοῦ
2549 4439 2777 4508 ἄγγελος
2808 4439 3070 4513 Γαϐριὴλ,
3105 4441 3228 4494 οὔτε
3265 4445 3292 4496 6
3325 4442 3498 4512 μέγας
3537 4443 3823 4512 προφήτης

567 4559 697 4599 vero
738 4541 952 4612 penitus
981 4536 1293 4598 amoliatur,
1327 4549 1444 4604 quae
1473 4543 1556 4587 est
1589 4533 1875 4586 oculorum
1915 4531 2140 4586 visionis

568 4653 666 4708 per
694 4633 1095 4690 emanationem
1138 4629 1312 4698 origo.
1365 4627 1426 4680 Et
1472 4641 1644 4694 neque
1681 4632 1864 4679 tantus
1913 4623 2002 4676 ille.
2045 4623 2139 4677 Dei

570 4726 794 4798 angelus
816 4720 1070 4779 Gabriel:
1099 4735 1202 4772 non
1234 4731 1460 4786 magnus
1493 4713 1583 4768 ille
1626 4713 1888 4781 propheta
1925 4709 2138 4774 Daniel,

571 4821 637 4874 de
663 4832 770 4890 quo
805 4817 1009 4870 dictum
1029 4821 1131 4876 est,
1163 4810 1304 4863 Num
1331 4821 1384 4860 tu
1414 4806 1632 4860 Daniele
1663 4806 1952 4872 sapientior
1979 4819 2030 4856 es
2055 4803 2140 4855 ⁸⁸2

575 4987 634 5046 ὦ
675 4979 770 5034 Ed.
809 4979 1008 5042 Paris.,
1041 4991 1164 5047 pag.
1193 4975 1282 5028 54.
1362 4973 1408 5005 ⁸⁸
1439 4971 1544 5027 lsa.
1577 4987 1655 5038 ts,
1683 4970 1810 5035 6,7.
1888 4971 1931 5004 ”
1961 4968 2208 5034 llebmv,
2261 4971 2362 5038 M;
2396 4987 2514 5037 vnt,
2551 4973 2598 5026 Ι.

571 5273 716 5320 νων,
746 5257 836 5309 ὅτι
884 5255 1044 5322 τινὲς
1074 5253 1194 5308 τῶν
1221 5255 1330 5308 τοῦ
1357 5252 1594 5308 Σατανᾶ
1627 5251 1938 5322 ὑπηρετῶν
1974 5253 2145 5307 ἐϐου-

571 5327 855 5396 λήθησαν
897 5325 1054 5394 ὑμᾶς
1109 5326 1457 5396 ταράσσειν.
1505 5328 1568 5378 Οἱ
1619 5324 1736 5396 μὲν
1779 5324 1868 5378 ὅτι
1917 5323 2148 5396 Ἰησοῦς

573 5394 820 5462 δοκήσει
867 5394 1188 5466 ἐγεννήθη,
1223 5397 1318 5448 καὶ
1372 5395 1620 5466 δοκήσει
1669 5394 2032 5466 ἐσταυρώθη.
2074 5399 2150 5466 ,οι

573 5467 662 5530 δὲ,
688 5467 778 5521 ὅτι
811 5462 920 5520 οὐαὶ
948 5468 1118 5520 ἐστιν
1141 5466 1271 5531 υίὸς
1301 5462 1404 5520 τοῦ
1431 5465 1812 5534 δημιουργοῦ.
1849 5469 1910 5518 Oi
1941 5465 2027 5526 δὲ,
2061 5465 2150 5518 ὅτι

571 5539 757 5604 αὐτός
795 5538 968 5590 ἐστιν
1009 5541 1042 5590 ό
1085 5535 1184 5588 ἐπὶ
1231 5536 1472 5590 πάντων
1508 5533 1912 5602 ίθεόςζἍλλοι
1948 5533 2016 5586 δὲ
2053 5539 2152 5603 ψι-

571 5609 684 5673 λὸς
731 5607 1056 5674 ἄνθρωπος.
1099 5607 1322 5676 Ἔτεροι
1373 5607 1462 5671 δὲ,
1497 5605 1583 5658 ὅτι
1631 5605 1786 5674 σὰρξ
1837 5608 1947 5659 οὐκ
1991 5605 2144 5672 ἐγεί-

459 5739 468 5750 _
571 5696 765 5746 perat,
792 5687 897 5730 etc.
937 5679 1011 5731 lla
1058 5677 1292 5750 lgnatitts
1329 5677 1552 5746 cpistola
1587 5677 1638 5740 3,
1675 5691 1735 5750 et
1762 5677 1886 5727 alibi
1913 5677 2142 5740 similia;

574 5753 913 5804 adversari-as
941 5750 1028 5804 hic
1052 5749 1283 5804 haereses
1308 5759 1696 5803 commemorat
1719 5747 1998 5802 Eusebius.
2021 5747 2150 5812 Quae

2247 4531 2468 4602 Δανιὴλ,
2510 4533 2639 4603 περὶ
2671 4527 2731 4587 οὗ
2784 4532 3006 4604 ὲλέχθη,
3037 4533 3131 4602 Μὴ
3161 4533 3240 4586 σὺ
3267 4534 3606 4604 σοφώτερος
3631 4531 3691 4588 εἷ
3715 4534 3824 4587 τοῦ

2249 4623 2506 4690 dar-nil;
2539 4624 2661 4678 οὔτε
2690 4626 2718 4678 ὁ
2757 4623 3008 4690 τοσοῦτος
3023 4627 3270 4690 Ἡσαΐας,
3299 4627 3411 4680 οὗθ’
3436 4629 3463 4680 6
3492 4627 3674 4691 λοιπὸς
3713 4627 3824 4680 τῶν

2249 4717 2542 4786 προφητῶν
2576 4718 2736 4788 χορὸς
2763 4717 2987 4770 τοιαῦτα
3037 4716 3110 4788 μὴ
3135 4718 3386 4788 γράφειν,
3415 4719 3550 4789 μηδὲ
3607 4721 3826 4792 φρονεῖν

2245 4805 2338 4858 τὸν
2373 4806 2543 4862 ἄνδρα
2583 4807 2828 4872 ἔπεισαν,
2873 4808 2980 4862 οὐδ’
3008 4808 3174 4861 αὐτοὶ
3208 4809 3471 4875 Ἰουδαῖοι,
3517 4812 3646 4882 παρ’
3683 4805 3766 4873 οἷς
3796 4813 3826 4864 6

2679 4972 2722 5003 “
2755 4973 2950 5028 Ezech.
2984 4988 3176 5038 xxvm,
3205 4973 3258 5028 3.

2253 5255 2593 5326 divinitatem
2631 5255 2950 5310 detrahebat
2995 5271 3248 5312 concessa
3295 5257 3652 5312 humanitate.
3695 5259 3830 5326 Quae

2257 5325 2644 5379 humanitatem
2695 5327 2922 5396 negabat
2977 5329 3102 5396 data
3149 5327 3454 5381 divinitate.
3501 5325 3828 5395 Carpocras,

2257 5397 2530 5466 hominem
2559 5395 3032 5451 nternm'docebat.
3058 5395 3464 5462 Samosatenus,
3485 5397 3677 5451 Filium
3711 5401 3827 5466 Det,

2257 5469 2350 5538 sed
2380 5465 2871 5538 κατάίπροκοπήνς
2925 5467 3196 5538 hominem
3249 5469 3518 5538 negabant
3563 5465 3824 5532 Marcion,

2259 5535 2570 5600 Manicbaai;
2601 5535 3000 5600 phantasticum
3029 5535 3406 5591 Gnosticorum
3443 5536 3662 5594 Docitte.
3695 5540 3832 5592 Mar-

2247 5605 2416 5659 cellus
2450 5605 2682 5677 ὓπαρξιν
2715 5619 3002 5679 accusatur
3031 5609 3317 5662 sustulisse
3355 5607 3474 5661 Filii
3516 5607 3649 5663 Dei:
3683 5611 3826 5679 quod

2253 5691 2432 5755 nemo
2460 5679 2611 5755 prius
2660 5687 2808 5755 erat__
2831 5678 3156 5755 intlciatnsi
3193 5693 3317 5730 nam
3371 5689 3438 5755 e_t_
3474 5678 3829 5755 Δοκῖταιίτὴν

2255 5745 2509 5817 ὓπαρξιν,
2535 5748 2728 5804 saltem
2758 5748 2996 5803 divinam
3031 5746 3360 5804 fatebantur.
3391 5747 3460 5803 Μ.
