4190 6406
473 335 566 388 781
1593 336 1871 391 CONTRA
1914 335 2336 391 MARCELLUM
2380 336 2504 390 LIB.
2548 336 2610 391 ll.

3603 337 3717 395 78?.

467 451 914 521 προσδοκώμενος
939 451 1107 503 εἰσέτι
1149 450 1243 504 νῦν
1267 451 1516 523 Χριστὸς,
1551 451 1610 504 ὃν
1655 451 2039 520 Ἠλειμμένον

2091 462 2245 513 tuon
2283 454 2404 506 talis
2442 464 2732 522 tantusque
2786 464 2938 508 vates
2989 453 3197 510 Isaias:
3246 469 3352 509 non
3408 457 3710 525 propheta-

466 541 656 594 καλεῖν
689 539 962 605 εἰώθασιν,
1005 543 1200 613 ἀγήρω
1254 542 1351 613 τὴν
1407 541 1684 611 βασιλείαν
1731 544 1824 596 καὶ
1877 542 2039 595 θάνα-

464 648 556 684 τον
579 631 723 696 ἕξειν
753 632 864 702 (56)
899 633 1198 696 ἐλπίζεται.
1266 633 1423 686 Ἀλλά
1473 634 1566 686 καὶ
1595 634 1799 686 τούτων
1846 635 2038 702 γέγονε

467 722 665 794 χείρων
684 725 712 776 ὁ
736 724 831 778 καὶ
857 726 935 788 είς
957 723 1054 794 τὴν
1093 723 1267 794 ἀρχὴν
1293 723 1426 795 ὁμοῦ
1462 725 1555 778 καὶ
1576 727 1654 788 είς
1675 725 1735 778 τὸ
1762 726 1914 788 τέλος
1943 724 2035 778 τοῦ

468 816 597 869 Υίοῦ
611 816 744 868 Θεοῦ
757 815 1019 886 ἀσεϐῆσαι
1031 816 1388 886 τολμήσας,ὂν
1400 817 1670 880 οῦδάῦτὸς
1686 819 1714 869 ό
1731 817 1870 880 θεῖος
1887 819 1942 868 Ἀ
1951 818 2038 870 πό·

469 905 651 968 στόλος
693 905 1109 975 κατεδυσώπησε
1152 905 1226 976 μὴ
1258 906 1481 961 τοιαῦτα
1511 907 1743 970 ἀσεϐεῖν,
1781 908 2036 978 ἄντικρυς

467 995 658 1062 λέγων,
681 994 899 1059 Πιστὸς
917 996 948 1046 ό
972 995 1175 1062 λόγος’
1193 996 1246 1046 ει
1265 993 1376 1063 γὰρ
1403 994 1914 1063 συναπεθάνομεν,
1936 994 2035 1046 καὶ

467 1085 828 1154 συζήσομεν,
848 1087 900 1138 εὶ
916 1083 1309 1154 ὑπομένομεν,
1329 1086 1422 1138 καὶ
1447 1087 2033 1154 συμϐασιλεύσομεν,

466 1179 560 1233 καὶ
599 1177 962 1248 κληρονόμους
994 1177 1092 1248 μὲν
1127 1179 1272 1248 ἡμᾶς
1299 1176 1514 1230 ἔσεσθαι
1537 1177 1629 1230 τοῦ
1651 1177 1808 1242 Θεοῦ,
1835 1179 1894 1231 οὐ
1931 1178 2034 1247 μὴν

464 1270 585 1342 δίχα
619 1269 712 1324 τοῦ
756 1269 1012 1340 Χριστοῦ.
1058 1271 1424 1338 Κληρονόμοι
1461 1271 1604 1341 γὰρ,
1645 1272 1804 1341 φησὶ,
1855 1269 2032 1329 Θεοῦ,

464 1361 946 1430 συγκληρονόμοι
969 1359 1036 1412 δὲ
1067 1360 1170 1413 τοῦ
1189 1358 1464 1426 Χριστοῦ·
1493 1361 1657 1427 εἴπερ
1680 1359 2035 1429 συμπάσχο-

459 1469 597 1522 μεν,
623 1451 726 1504 ἵνα
777 1451 874 1504 καὶ
919 1449 1443 1518 συνδοξασθῶμεν.
1498 1451 1608 1504 Καὶ
1639 1450 1827 1504 πάλινο
1860 1453 1926 1504 El
1969 1450 2037 1504 δὲ

464 1541 858 1610 ἀπεθάνομεν,
892 1542 1044 1613 φησὶ,
1077 1541 1198 1594 σὺν
1227 1539 1478 1608 Χριστῷ,
1511 1541 1904 1609 πιστεύομεν.
1947 1540 2035 1592 ὅτι

465 1634 563 1688 καὶ
593 1631 934 1704 συζήσομεν
958 1631 1142 1698 αὐτῷ,
1174 1631 1398 1697 ειδότες
1435 1632 1522 1686 ὅτι
1551 1633 1803 1700 Χριστὸς
1827 1672 1841 1695 ,
1874 1633 2036 1702 ἐγερ-

465 1723 587 1789 θεὶς
637 1725 705 1777 ἐκ
738 1722 986 1791 νεκρῶν,
1034 1725 1144 1777 οὐκ
1201 1723 1286 1776 ἔτι
1337 1723 1741 1781 ἀποθνήσκει·
1779 1718 2034 1798 θάνατος

463 1814 649 1870 αὑτοῦ
671 1819 782 1870 οὐκ
812 1817 897 1869 ἔτι
929 1815 1247 1883 κυριεύσει·
1278 1817 1371 1868 καὶ
1390 1811 1561 1878 αῦθιςλ
1585 1816 1654 1868 Τὸ
1677 1815 1745 1869 δὲ
1775 1815 2034 1885 χάρισμα

464 1907 570 1961 τοῦ
601 1907 746 1961 Θεοῦ
771 1905 882 1976 ζωὴ
908 1907 1143 1973 αἰώνιος
1159 1908 1230 1961 ἐν
1251 1906 1480 1975 Χριστῷ
1516 1907 1709 1974 Ἰησοῦ
1741 1907 1820 1972 τῷ
1839 1909 2034 1976 Kvpltp

469 1999 655 2065 ἡμῶν.
687 1999 893 2052 Οὐκοῦν
928 2003 958 2070 ἡ
1000 1998 1216 2063 αἰώνιος
1249 1999 1360 2071 ζωὴ
1387 2000 1486 2053 οὐκ
1517 2000 1692 2064 άλλως
1723 2002 1852 2071 ἡμῖν
1879 2019 2034 2073 xopt-

470 2089 724 2161 σθὴσεται
752 2091 785 2159 ἢ
813 2094 869 2144 ὲν
906 2089 1127 2162 Χριστῷ
1171 2090 1347 2160 Ἰησοῦ
1385 2091 1464 2161 τῷ
1497 2093 1684 2164 Κυρίῳ
1712 2092 1870 2163 ήμῶν
1893 2110 1905 2122 ο
1938 2094 2033 2146 καὶ

467 2185 500 2254 ἡ
533 2183 686 2247 ἐλπὶς
709 2183 864 2254 ἡμῶν
881 2185 978 2254 οὐχ
1007 2184 1192 2247 ἁπλῶς
1208 2183 1391 2255 ζῆσαι,
1416 2184 1552 2239 ἀλλὰ
1575 2186 1671 2238 σὺν
1701 2185 1848 2256 αὐτῷ
1875 2185 2032 2250 δοξα-

468 2275 678 2346 σθῆναι,
713 2276 806 2331 καὶ
858 2278 954 2330 σὺν
978 2276 1126 2347 αὐτῷ
1157 2277 1584 2350 κληρονομῆσαι,
1621 2279 1715 2330 καὶ
1761 2279 1857 2330 σὺν
1885 2278 2032 2348 αὐτῷ

469 2367 820 2438 βασιλεῦσαι·
851 2370 1027 2423 πάντα
1059 2371 1167 2440 γάρ
1191 2373 1319 2440 ἡμῖν
1340 2371 1404 2423 ὲκ
1434 2371 1534 2440 τῆς
1557 2369 1720 2424 αὐτοῦ
1750 2369 2032 2433 κοινωνίας

467 2459 734 2530 ὑτάρξειο
778 2460 807 2512 ό
843 2460 1080 2514 διδάσκει
1148 2463 1177 2514 ὁ
1245 2462 1406 2525 αὐτὸς
1462 2463 1674 2533 φήσας·
1730 2460 1950 2525 Πιστὸς
1998 2464 2031 2514 ό

467 2550 632 2618 Θεὸς,
648 2552 720 2604 δι’
739 2549 810 2609 οὗ
822 2552 1114 2620 ἐκλήθητε
1129 2555 1216 2620 εις
1231 2554 1546 2606 κοινωνίαν
1566 2553 1670 2607 τοῦ
1696 2555 1830 2606 Υιοῦ
1847 2552 2030 2606 αὐτοῦ

477 2642 679 2709 Ἰησοῦ
693 2645 947 2712 Χριστοῦ
963 2643 1069 2697 τοῦ
1086 2644 1301 2712 Κυρίου
1317 2643 1502 2712 ἡμῶν.
1522 2643 1616 2707 Τίς
1635 2643 1690 2695 δὲ
1707 2644 1739 2710 ή
1758 2642 2026 2705 κοινωνία,

464 2733 780 2805 παρίστησι,
807 2735 901 2789 καὶ
933 2736 1239 2806 συνήγειρε,
1260 2734 1460 2804 λέγων·
1485 2735 1593 2789 Καὶ
1629 2733 2030 2788 συνεκάθισεν

462 2831 532 2877 ἐν
559 2825 685 2892 τοῖς
723 2827 1120 2896 ἐπουρανίοις,
1166 2828 1235 2880 ἐν
1260 2827 1491 2896 Χριστῷ
1543 2826 1766 2895 Ἰησοῦ,
1796 2827 1897 2880 ἵνα
1934 2827 2030 2879 ὲν-

463 2918 728 2986 ὅείξηται
769 2921 838 2972 ἐν
888 2919 1012 2986 τοῖς
1058 2919 1229 2974 αἱῶσι
1282 2919 1408 2985 τοῖς
1471 2918 1892 2988 ἐπερχομένοις
1964 2917 2029 2971 τὸ

461 3014 841 3082 ὑπερϐάλλον
879 3014 1136 3081 πλοῦτος
1165 3012 1274 3080 τῆς
1304 3013 1542 3082 χάριτος
1573 3013 1643 3066 ἐν
1671 3015 2028 3084 χρηστότητι

463 3109 554 3174 ἐρ’
574 3106 728 3174 ἡμᾶς
747 3107 815 3159 ἐν
845 3105 1071 3174 Χριστῷ
1102 3106 1324 3173 Ἰησοῦ.
1367 3106 1422 3159 '0
1454 3105 1499 3158 δ’
1529 3105 1688 3167 αὐτὸς
1725 3104 1817 3157 καὶ
1858 3103 2027 3157 ταῦτα

2145 558 2262 597 rum
2315 559 2603 599 consessus
2651 547 2981 615 persuadere
3020 548 3147 603 huic
3198 549 3401 604 homini
3465 561 3712 619 potuere,

2142 647 2250 702 quo
2303 634 2481 686 minus
2528 634 2642 688 haec
2685 636 2977 701 scriberet,
3029 647 3083 690 et
3120 639 3454 708 Opinaretur.
3506 639 3615 692 lmo
3643 655 3711 694 ne

2141 725 2356 794 quidem
2386 725 2553 780 Judaei
2587 728 2711 797 ipsi,
2747 731 2888 800 apud
2939 747 3098 800 quos,
3136 732 3225 798 qui
3271 733 3448 788 adhuc
3489 734 3707 802 quidem

2138 828 2484 887 exspectatur
2506 818 2775 884 CliristUS,
2803 837 2962 888 quem
2986 823 3057 875 illi
3079 821 3413 878 Elimmenon
3431 825 3712 894 appellare.

2139 911 2337 975 solent,
2371 912 2608 965 creditur
2651 912 2940 968 habiturus
2977 929 3199 982 regnum
3244 930 3348 969 non
3382 916 3702 980 desiturum,

2139 1011 2233 1055 aut
2257 1014 2482 1055 mortem
2517 1003 2630 1071 ipse
2666 1003 2936 1058 obiturus.
2990 1005 3174 1076 Longe
3201 1007 3415 1075 quidem
3449 1008 3570 1062 istis
3604 1007 3703 1062 de-

2141 1094 2308 1148 terior
2340 1103 2422 1147 est
2451 1094 2542 1162 qui
2586 1112 2690 1148 non
2727 1107 2943 1150 veretur
2973 1097 3306 1166 impietatem
3339 1097 3543 1160 fovere,
3581 1115 3701 1153 cum

2137 1184 2205 1238 de
2235 1184 2388 1237 initio
2419 1184 2507 1238 Dei
2537 1184 2678 1247 Filii,
2699 1195 2809 1239 tum
2841 1187 2907 1240 de
2937 1187 3061 1241 line.
3092 1188 3259 1254 Quem
3290 1205 3394 1244 non
3419 1190 3591 1258 potuit
3621 1191 3706 1242 di-

2138 1275 2294 1329 vinus
2323 1277 2613 1343 Apostolus
2639 1274 2936 1339 inﬂectere,
2973 1291 3040 1331 ne
3065 1292 3129 1331 eo
3162 1293 3335 1348 usque
3378 1294 3703 1350 prorumpe-

2139 1375 2222 1418 ret
2251 1367 2578 1433 impietatis,
2621 1368 2745 1421 dum
2782 1367 2854 1421 ita
2888 1367 3167 1437 loquitur:
3192 1368 3392 1423 Fidelis
3426 1371 3508 1423 hic
3533 1387 3703 1425 sermo

2135 1466 2231 1519 est,
2266 1458 2312 1510 si
2343 1475 2458 1509 cum
2517 1458 2610 1510 illo
2659 1460 2862 1512 mortui
2905 1461 3092 1526 simus,
3137 1478 3242 1514 una
3276 1479 3394 1514 cum
3433 1450 3528 1516 illo
3565 1463 3703 1517 vive-

2136 1565 2250 1601 mus
2280 1566 2298 1602 :
2323 1550 2700 1618 sisuﬁ'eramus
2727 1563 2772 1605 et
2802 1535 3253 1622 conregnabimus,
3281 1555 3346 1608 θ’.
3372 1555 3436 1608 Ει
3461 1541 3702 1617 [Heredes

2135 1642 2349 1706 quidem
2409 1657 2506 1697 nos
2560 1643 2767 1697 futuros
2824 1644 2914 1699 Dei
2965 1646 3144 1712 docet,
3201 1662 3306 1700 non
3356 1657 3537 1702 tamen
3581 1648 3700 1702 sine

2134 1731 2370 1786 Christo.
2410 1732 2679 1800 eredes,
2733 1735 2928 1804 inquit,
2995 1736 3132 1791 Dei:
3186 1737 3481 1792 cohazredes
3525 1749 3700 1792 autem

2064 1824 2358 1899 BChrisli,
2417 1827 2463 1879 si
2521 1828 2923 1895 compatiuntur,
2971 1839 3026 1881 ut
3083 1846 3285 1900 quoque
3341 1830 3700 1900 conglori/ice-

2136 1930 2255 1966 mur
2274 1915 2340 1966 "°.
2369 1914 2435 1968 Et
2472 1931 2695 1970 rurSus:
2737 1915 2800 1970 Si
2852 1919 3045 1971 mortui
3092 1935 3298 1982 sumus,
3338 1920 3533 1988 inquit,
3582 1939 3700 1975 cum

2136 2003 2365 2071 Christo,
2425 2007 2686 2059 credintus
2738 2007 2876 2077 quod
2932 2011 3154 2062 vivemus
3213 2028 3318 2064 una
3377 2029 3494 2065 cum
3552 2014 3698 2078 illo;

2134 2097 2354 2149 scientes
2379 2099 2520 2166 quod
2561 2097 2805 2152 Christus
2863 2100 2928 2152 de
2974 2103 3196 2155 mortuis
3239 2105 3544 2169 suscitatus,
3594 2122 3699 2160 non

2134 2187 2355 2242 ulterius
2388 2191 2628 2253 moritur,
2688 2207 2829 2243 mors
2892 2193 3062 2245 adhuc
3111 2193 3188 2246 illi
3241 2211 3346 2250 non
3401 2198 3700 2251 dominabi-

2134 2286 2222 2329 tur
2254 2279 2295 2310 '"
2319 2296 2334 2332 :
2362 2291 2415 2333 et
2451 2280 2644 2334 iterum
2675 2300 2686 2334 :
2721 2281 2922 2335 Donum
2971 2299 3085 2336 vero
3117 2283 3213 2337 Dei
3243 2296 3318 2338 est
3348 2287 3454 2340 vita
3478 2299 3694 2344 (eterna.

2133 2370 2186 2422 in
2243 2369 2373 2423 .Iesu
2419 2369 2628 2426 Christo
2678 2371 2905 2426 Domino
2962 2384 3141 2428 nostro
3187 2376 3254 2429 ⁷⁸.
3306 2375 3474 2430 Vitam
3535 2376 3698 2447 igitur

2132 2472 2389 2516 aeternam
2420 2479 2524 2517 non
2558 2464 2774 2518 aliunde
2800 2479 3215 2536 consequemur,
3237 2482 3394 2536 quam
3420 2485 3514 2538 per
3537 2469 3698 2524 Chri-

2130 2561 2270 2606 stum
2309 2551 2491 2606 Jesum
2522 2553 2802 2607 Dominum
2837 2567 3100 2610 nostrum.
3129 2557 3193 2610 Et
3227 2573 3350 2628 Spes
3375 2559 3463 2612 illa
3493 2575 3589 2613 nos
3616 2560 3697 2616 l'o-

2129 2651 2237 2706 vet,
2277 2657 2378 2694 non
2424 2643 2595 2695 solum
2621 2645 2760 2712 quod
2792 2644 3053 2708 vivemus,
3085 2645 3178 2700 sed
3213 2649 3354 2716 quod
3375 2649 3536 2702 etiam
3571 2666 3693 2702 cunt

2133 2730 2220 2784 illo
2250 2747 2351 2783 una
2380 2731 2821 2799 glorilicabimur,
2862 2744 2918 2786 et
2960 2735 3334 2790 hereditatem
3363 2751 3466 2791 una
3499 2753 3693 2792 conse-

2129 2836 2376 2891 quemur,
2412 2829 2466 2874 et
2511 2839 2630 2875 cum
2664 2837 2728 2877 eo
2776 2823 2931 2876 simul
2983 2826 3461 2895 conregnabimus.
3501 2829 3693 2886 Omnia

2129 2913 2270 2968 enim
2296 2924 2480 2968 nostra
2529 2913 2683 2968 nobis
2727 2914 3047 2982 proveniunt
3088 2917 3156 2970 ab
3198 2917 3309 2983 illa,
3342 2933 3503 2987 quam
3529 2921 3695 2974 habe-

2130 3023 2248 3062 mus
2271 3023 2394 3062 cum
2423 3025 2509 3072 co,
2540 3009 2951 3063 connnnnione-:
2979 3011 3118 3077 quod
3152 3011 3307 3066 docet
3335 3014 3450 3082 ipse
3496 3013 3694 3069 Paulus

2129 3102 2219 3157 ubi
2250 3103 2355 3157 ait:
2391 3103 2592 3157 Fidelis
2646 3104 2780 3158 Deus
2829 3115 2926 3167 est,
2957 3122 3049 3174 per
3075 3123 3224 3176 quem
3264 3111 3431 3162 vocati
3469 3103 3594 3164 estis
3624 3111 3694 3164 ad

465 3197 592 3266 περὶ
621 3196 714 3248 τοῦ
753 3197 1000 3268 Σωτῆρος
1035 3196 1277 3249 ἐδίδασκε
1313 3195 1566 3264 φάσκωνο
1613 3196 1677 3248 '0
1707 3194 1796 3258 δὲ,
1835 3193 1933 3247 διὰ
1958 3194 2024 3247 τὸ

2091 3196 2540 3255 lcommunionem
2593 3194 2724 3248 Filii
2761 3198 2863 3260 sui,
2916 3195 3044 3250 Jesu
3094 3197 3290 3252 Christi
3345 3199 3554 3253 Domini
3597 3219 3691 3256 no-

457 3288 663 3357 μένειν
688 3289 873 3343 αὺτὸν
897 3292 983 3356 είς
1009 3289 1113 3342 τὸν
1131 3287 1332 3352 αἰῶνα,
1359 3287 1740 3355 ἀπαράϐατον
1757 3287 1878 3356 ἔχει
1908 3285 2022 3353 τὴν

461 3384 791 3450 ἱερωσύνην
808 3399 821 3412 ·
863 3381 1001 3437 ὅθεν
1029 3381 1125 3434 καί
1168 3378 1372 3440 σώζειν
1395 3383 1480 3444 εἰς
1506 3377 1571 3431 τὸ
1601 3377 1895 3444 παντελὲς
1919 3378 2021 3432 δύο

459 3491 630 3528 ναται
653 3473 794 3540 τοὺς
808 3475 1165 3542 προσιόντας
1191 3471 1262 3524 δι’
1281 3471 1465 3525 αὑτοῦ
1494 3468 1573 3535 τῷ
1607 3469 1748 3534 Θεῷ,
1770 3469 2024 3523 πάντοτε
2070 3525 2075 3530 _

2071 3558 2073 3561 ’
2126 3561 2353 3611 venturis
2387 3558 2508 3610 olim
2533 3558 2744 3610 saeculis
2775 3558 3254 3623 superabundantes
3300 3558 3513 3613 divitias
3557 3576 3684 3630 gra»

459 3566 591 3630 ζῶν,
625 3569 711 3634 εις
731 3566 797 3619 τὸ
818 3564 1206 3635 ἐντυγχάνειν
1233 3562 1385 3632 ὑπὲρ
1413 3561 1629 3617 αὐτῶν.
1658 3562 1731 3615 Οὐ
1757 3561 1860 3632 μὴν
1890 3560 2024 3614 ἀλλὰ

460 3659 556 3710 καὶ
610 3658 701 3710 τὸν
742 3656 1073 3727 Μελχισεδὲκ
1129 3657 1208 3718 είς
1260 3655 1322 3707 τὸ
1355 3653 1598 3724 διηνεκὲς
1642 3652 1792 3722 ἱερέα
1845 3651 2023 3720 μένειν

460 3746 630 3814 ἔλεγε,
681 3746 769 3798 διὰ
825 3746 886 3798 τὸ
957 3743 1390 3815 άφομοιούμενον
1434 3737 1574 3795 εἶναι
1619 3741 1697 3811 τῷ
1743 3740 1858 3810 Υίῷ
1920 3740 2016 3793 τοῦ

459 3837 614 3890 Θεοῦ.
656 3838 796 3890 Ἀλλ’
834 3838 916 3890 ὃτι
973 3837 1071 3908 μὲν
1111 3836 1322 3898 τούτοις
1370 3834 1574 3888 ἅπασιν
1619 3834 1648 3885 ό
1703 3831 2020 3904 Μάρκελλος

458 3931 716 3985 τάναντία
757 3930 985 4000 γράφειν
1009 3930 1210 4000 ἐτόλμα
1241 3927 1431 3999 μικρὸν
1464 3927 1686 3998 ὕστερον
1711 3924 2021 3996 παρατεθήο

460 4039 632 4088 σεται,
659 4024 774 4075 νυνὶ
798 4022 853 4076 δὲ
877 4023 1021 4084 ὅπως
1047 4022 1259 4090 ἐφρόνει
1286 4020 1412 4088 περὶ
1432 4017 1526 4072 τοῦ
1559 4017 1693 4088 μηδὲ
1719 4017 1817 4089 τὴν
1844 4017 2017 4087 ἀρχὴν

456 4109 615 4166 εἶναι’
658 4112 780 4184 μηδ’
810 4112 1104 4183 ὑφεστάναι
1140 4111 1228 4165 τὸν
1251 4109 1342 4164 τοῦ
1367 4109 1499 4163 Θεοῦ
1531 4109 1678 4175 Υἱὸν,
1701 4106 2020 4179 θεασώμεθα

455 4203 617 4274 πρότε
627 4221 732 4274 ρον.

2128 3289 2224 3340 stri
2249 3288 2315 3340 ⁷³.
2350 3287 2608 3354 Quaenam
2640 3302 2769 3342 vero
2801 3287 2888 3341 illa
2927 3289 2996 3342 sit
3028 3290 3340 3343 communio
3396 3290 3572 3344 docet.
3623 3289 3690 3342 Et

2127 3380 2415 3440 suscitavit,
2470 3379 2563 3442 ait,
2596 3389 2642 3432 et
2680 3379 2858 3431 sedere
2911 3379 3031 3447 fecit
3084 3379 3231 3431 illum
3263 3397 3293 3431 a
3331 3381 3550 3446 dextris,
3583 3397 3690 3434 una

2127 3487 2299 3524 secum
2324 3472 2377 3522 in
2423 3469 2713 3523 caelestibus
2749 3470 2802 3522 in
2829 3467 3037 3524 Christo
3071 3468 3223 3533 Jesu,
3263 3481 3317 3522 ut
3366 3472 3604 3524 ostendat
3633 3473 3689 3524 in

2126 3658 2238 3710 tte,
2269 3649 2322 3700 in
2362 3649 2587 3700 bonitate
2615 3661 2739 3714 erga
2767 3662 2860 3698 nos
2893 3647 2945 3699 in
2978 3645 3186 3699 Christo
3211 3645 3341 3699 Jesu
3371 3647 3436 3701 "‘.
3463 3647 3603 3702 Idem
3633 3660 3688 3703 et

2128 3741 2194 3793 de
2225 3739 2514 3792 Servatore
2539 3739 2726 3790 eadem
2765 3738 2947 3790 docuit
2995 3738 3081 3790 ubi
3130 3738 3343 3806 inquit:
3378 3739 3500 3804 Qui,
3549 3746 3686 3810 quod

2127 3840 2333 3884 maneat
2361 3833 2413 3883 in
2450 3839 2729 3895 a'ternum,
2759 3830 3083 3884 immutabile
3113 3830 3263 3884 habet
3298 3834 3646 3886 sacerdotium
3666 3849 3688 3888 :

2126 3929 2262 3980 unde
2283 3938 2329 3980 et
2355 3943 2560 3980 servare
2583 3943 2759 3979 omnes
2802 3936 2969 3994 potest
2992 3929 3081 3994 qui
3121 3930 3376 3981 accedunt
3409 3945 3500 3994 per
3535 3927 3684 3981 illum

2125 4023 2194 4070 ad
2222 4019 2405 4084 Deum,
2443 4036 2647 4087 semper
2676 4023 2867 4081 vivens,
2892 4023 2947 4073 in
2967 4037 3083 4072 eum
3108 4020 3288 4088 ﬁnem,
3322 4029 3376 4070 ut
3405 4035 3501 4084 pro
3534 4019 3686 4072 nobis

2123 4109 2409 4162 intercedat
2445 4110 2511 4161 ⁷⁵.
2561 4115 2619 4172 ›Ῑ‹
2663 4109 2799 4175 Quin
2851 4119 2904 4164 et
2963 4108 3324 4163 Melcliisedec
3373 4123 3680 4162 mansurum

2126 4199 2464 4252 sacerdotem
2491 4199 2542 4252 in
2568 4207 2826 4253 aeternum
2859 4199 3162 4262 confirmat,
3199 4213 3264 4252 eo
3296 4200 3436 4265 quod
3471 4197 3684 4251 assimi-

456 4293 594 4348 letur
625 4295 760 4349 Filio
793 4295 907 4350 Dei.
945 4293 1102 4348 llisce
1136 4303 1312 4347 tamen
1347 4291 1596 4346 omnibus
1620 4305 1807 4344 ausum
1851 4291 2013 4344 fuisse
2052 4288 2361 4343 Marcellum
2420 4291 2690 4344 contraria
2753 4291 2909 4359 plane
2959 4291 3216 4344 mandare
3265 4287 3480 4349 litteris,
3525 4287 3682 4356 paulo

454 4398 572 4455 post
601 4398 929 4454 proponetur
953 4371 1269 4454 cuicunque.
1299 4385 1633 4438 intuendum.
1672 4383 1725 4436 In
1763 4381 2012 4453 praesenti
2050 4391 2227 4434 autem
2261 4381 2666 4452 despiciendum
2730 4382 2886 4436 nobis
2938 4383 3090 4448 prius
3122 4391 3225 4445 est,
3274 4394 3434 4448 quam
3468 4377 3682 4432 fovebat

455 4478 544 4534 ille
567 4479 913 4545 sententiam,
946 4481 1012 4535 de
1041 4479 1176 4534 Filio
1212 4477 1302 4532 Dei
1341 4495 1443 4532 non
1478 4475 1776 4532 exsistente
1818 4475 1885 4528 ab
1917 4475 2070 4528 initio
2111 4491 2210 4528 nec
2250 4476 2442 4528 sortito
2484 4475 2914 4528 subsistentiam.

564 4686 620 4744 »Β
667 4681 761 4736 Ed.
791 4680 1122 4746 Paris..pag.
1161 4680 1247 4734 55.
1314 4680 1359 4710 ⁶⁹
1399 4680 1434 4732 ΙΙ
1478 4678 1617 4732 Tim.
1655 4696 1715 4738 It.
1755 4680 1838 4740 Η,
1869 4681 1952 4733 1‘2.
2030 4683 2047 4712 "

564 4755 682 4803 L'OI'.
717 4767 753 4803 ι.
781 4753 833 4803 9.
907 4751 952 4782 ’⁸
978 4753 1168 4803 liultes.
1205 4751 1336 4803 ".6.
1374 4751 1424 4802 7.
1504 4751 1548 4780 ⁷⁸
1579 4748 1740 4801 Hebr.
1773 4765 1860 4803 νιι.
1899 4751 1990 4803 εδ.
2015 4753 2047 4803 2

2110 4683 2264 4736 Rom.
2295 4699 2408 4747 VIII,
2454 4683 2536 4738 l7.

1628 4765 1740 4801 etn'.
1773 4765 1860 4806 νη.
1899 4765 1990 4809 Ζδ.
2015 4765 2107 4805 ⁵25.

452 4751 497 4782 τι
520 4749 538 4803 ι
559 4755 682 4805 (λον,
717 4767 754 4816 ι,
781 4753 833 4805 9,
907 4751 952 4782 ’⁸
978 4753 1168 4820 lipltes.
1205 4751 1336 4815 Ιινθν
1374 4751 1424 4802 7-

520 5086 630 5154 (56)
669 5084 776 5138 Kal
812 5083 1067 5165 θάνατον
1103 5084 1282 5149 ἕξειν.
1303 5085 1452 5165 ,λκιο
1478 5083 1780 5165 ῥθάνατον,
1819 5099 2008 5151 nempe
2039 5107 2086 5165 ι)

452 5153 693 5226 regnum,
725 5155 1039 5226 ul_reqnirit
1060 5169 1277 5226 sensus.
1300 5154 1365 5208 Et
1389 5153 1556 5208 Judaei
1588 5169 1686 5226 suo
1711 5156 2004 5226 etiamnum

447 5223 760 5294 exspectato
785 5223 993 5278 Messias
1032 5225 1416 5289 attribnebant,
1441 5239 1598 5294 quem
1635 5225 1904 5294 hominem
1939 5225 2006 5277 de

448 5293 667 5349 homine
698 5295 1046 5364 temporalem
1087 5295 1401 5363 principem,
1436 5293 1573 5364 μετὰ
1607 5293 1848 5364 μεγάλης
1878 5310 2007 5362 φαν-

443 5365 635 5427 τασίας
665 5377 715 5419 et
746 5363 1024 5434 δυνάμεως
1056 5373 1421 5432 regnaturum,
1450 5367 1516 5416 ali
1537 5363 1646 5416 lilia
1669 5363 2002 5432 ungendum,

445 5437 524 5488 sui
562 5438 894 5502 ignorantem
930 5446 1057 5502 ante
1105 5435 1453 5488 unctiOuem:
1495 5435 1616 5487 aliis
1666 5434 1998 5502 incognitum

445 5506 802 5558 deblateraut.
837 5504 967 5558 Vide
993 5501 1190 5556 Justin.
1223 5503 1509 5571 Martyrent
1539 5503 1732 5558 Contra
1753 5501 1997 5556 Judwum

445 5572 792 5642 Tryphonem.
817 5574 1092 5639 Nusquam
1120 5588 1244 5625 veru
1270 5574 1485 5625 memini
1514 5575 1723 5640 legisse,
1753 5589 1781 5624 a
1805 5571 2003 5626 ludatis

445 5642 694 5696 Messium
730 5661 886 5699 sntnn
925 5644 1256 5697 Elimmenon
1308 5645 1664 5710 appellatum,
1713 5643 1816 5696 nisi
1862 5642 2000 5710 apud

444 5714 617 5783 ipsum
657 5716 796 5767 hunc
831 5725 1071 5766 nostrum
1109 5713 1301 5766 Euseb.
1333 5714 1422 5783 ιιι».
1453 5728 1501 5764 Iv
1539 5715 1888 5783 Demonstrat.
1923 5728 1999 5783 ev.

440 5798 565 5856 pag.
594 5783 712 5854 HO,
740 5785 937 5855 Διόπερ
958 5783 1189 5855 Χριστὸν
1213 5784 1304 5838 καὶ⁵
1337 5782 1687 5854 Ἠλειμμένον
1714 5783 1804 5836 τὸν
1834 5782 2000 5851 αὐτῆς

2648 4639 2688 4714 τί
2719 4684 2872 4736 “om.
2916 4700 2988 4747 νη,
3012 4682 3066 4746 8,
3091 4684 3142 4738 9,
3221 4684 3264 4712 ⁷²
3296 4681 3488 4749 Ephes.
3522 4695 3582 4745 II,
3615 4678 3670 4734 ε.

2110 5086 2342 5158 χρίσεως
2396 5085 2618 5155 μέτοχον
2652 5081 3033 5158 “angulatim.
3085 5081 3149 5135 Et
3195 5081 3274 5158 sic
3317 5081 3417 5158 hoc
3464 5081 3581 5136 loco
3619 5083 3669 5139 ἰ)

2114 5151 2262 5237 tcum
2297 5151 2934 5237 quoque;scribendum;
2984 5161 3051 5237 e't.
3079 5151 3299 5237 prohillo
3337 5151 3671 5237 Dlirnmenqn

2113 5227 2164 5279 in
2194 5221 2441 5280 versione
2487 5222 2716 5276 [luctum
2750 5237 2962 5289 repone.
3013 5221 3232 5276 Erudite
3281 5232 3462 5274 autem
3493 5233 3546 5275 et
3587 5225 3674 5290 pie

2111 5295 2348 5362 disputat
2374 5294 2439 5347 ad
2460 5296 2616 5347 linem
2642 5293 2892 5362 icapitis.
2912 5293 3000 5362 lie
3041 5302 3240 5362 aeterna
3281 5292 3670 5362 subsistentia,

2211 5379 2277 5418 no
2323 5373 2582 5433 perpetuo
2634 5361 2758 5433 Filii
2788 5361 2878 5415 Dei
2910 5360 3190 5424 Eusebius,
3218 5361 3673 5433 quad_Marcellus

2111 5379 2168 5418 ΙῬ

2111 5381 2168 5418 ΙῬ
2211 5381 2277 5418 ηο
2323 5381 2582 5433 perpetuo
2634 5381 2754 5414 l‘llll
2789 5381 2878 5415 uel
2910 5381 3190 5424 LUSCDIIIS,
3218 5381 3356 5430 quau
3388 5381 3672 5417 marcellus

2104 5381 2446 5495 vefsustulit,
2471 5432 2552 5501 vel
2572 5431 2856 5485 sustulisse
2877 5435 2942 5484 ali
2969 5446 3034 5484 eo
3048 5433 3310 5501 signetur.
3339 5430 3482 5485 M.—
3500 5433 3672 5500 Supra

2103 5505 2263 5571 vulgo
2289 5500 2606 5573 ὴλιμμένον.
2652 5502 2776 5573 dein
2819 5502 2976 5569 vulgo
3001 5500 3291 5573 καιίείςᾲτ.
3316 5503 3369 5556 ἀ.
3395 5501 3533 5572 ὁμοῦ
3559 5520 3670 5573 om.

2104 5570 2272 5627 Porro
2295 5570 2452 5636 vulgo
2479 5571 2889 5643 συμπάσχωμεν
2912 5583 2962 5623 et
3001 5571 3186 5635 ἁπλῶς
3211 5571 3366 5643 ζήσει
3399 5570 3451 5625 et
3477 5591 3533 5624 π.
3560 5570 3669 5643 γὰρ

2101 5643 2296 5713 ἡμῶν;
2342 5643 2484 5714 dein_
2522 5659 2662 5714 gmw.
2705 5642 2981 5714 συνίστησι
3031 5653 3085 5694 et
3136 5641 3321 5714 σῦνήγ.
3365 5643 3525 5714 φησιν
3558 5641 3672 5714 σοι).

2104 5711 2284 5766 δυνεκ·
2311 5711 2602 5775 έκ“δεξιῶνι
2638 5741 2704 5752 ——
2738 5712 2902 5768 l’anlo
2930 5721 3051 5782 post
3081 5715 3236 5780 vulgo
3256 5711 3367 5764 ’τὸν
3401 5711 3647 5782 ὑπερῦᾁῇ

2101 5782 2260 5838 λοντα
2299 5782 2544 5836 πλοῦτον.
