4190 6406
549 336 654 389 785
1232 328 1498 385 EUSEBII
1537 328 2015 385 CzESABIENSIS
2053 329 2201 397 OPP.
2243 329 2422 386 PARS
2462 331 2550 386 IV.
2591 351 2661 372 -ι-
2694 329 3112 387 DOGMATICA.
3693 331 3797 390 γει

1211 448 1362 503 CAP.
1404 448 1463 504 ll.
2149 459 2196 512 Α

2149 459 2196 512 Α
2879 453 3035 506 ΚΕΦ.
3076 451 3149 504 B'.

624 540 756 608 Qua'
780 541 953 608 fuerat
989 539 1233 594 Marcelli
1266 541 1526 620 sententia
1560 542 1625 595 de
1658 539 1825 596 Verbo
1857 542 1912 594 in
1937 541 2044 594 Deo
2225 542 2279 594 ’ί

1183 621 1485 664 exsisteme.

2225 542 2424 608 Ὅπως
2453 541 2805 610 Μάρκελλος
2838 543 3075 667 ἐερίρόῗοει
3121 543 3252 612 περί
3297 543 3402 596 τοῦ
3444 543 3512 596 ἐν
3547 542 3626 608 τῷ
3673 543 3795 612 Θεῷ

3040 631 3096 666 υ.

1183 626 1485 664 επειειεηιε.

1440 629 1485 664 e.
2882 626 3095 666 Λόγου.

1183 614 1485 664 exsistente.

619 703 676 758 In
731 719 828 758 eos
875 711 1160 773 postquam
1209 702 1570 757 insultaverat
1629 701 1724 771 qui
1780 701 1872 757 Dei
1919 700 2116 756 Filium

2882 619 2927 667 A
3040 631 3096 666 υ.

2303 703 2358 755 Ἐ
2365 703 2642 774 πισκήψας
2659 701 2768 774 (57)
2778 614 3145 775 τοῖςεῖἕηοκόσι
3159 703 3250 756 τὸν
3266 702 3392 756 Υἰὸν
3406 703 3500 756 τοῦ
3515 702 3651 756 Θεοῦ
3670 704 3794 776 ἀλη-

546 811 678 851 vere
720 795 890 850 illium
949 794 1224 850 exstitisse
1251 795 1430 850 vivum
1484 793 1914 860 arbitrabantur,
1964 808 2116 848 suam

2221 796 2329 860 θῶς
2360 797 2473 850 υἰδν
2505 792 2644 850 εἶναι
2667 795 2843 861 ζῶντα
2867 795 2959 849 καὶ
2976 795 3288 865 ὑφεστῶτα,
3300 795 3398 865 τὴν
3428 795 3618 848 ἐαυτοῦ
3636 794 3790 860 δόξαν

547 888 718 958 ipsius
754 887 1062 958 Opinionem
1123 885 1325 955 profert
1353 885 1574 940 totidem
1623 885 1844 955 syllabis
1890 886 1941 940 in
1974 886 2118 940 hunc

2220 908 2354 961 φανε
2364 890 2460 958 ράν
2473 890 2791 961 καθίστησιν
2807 890 2996 951 αὐταῖς
3023 887 3311 950 συλλαϐαῖς
3331 887 3558 959 γράφων
3597 887 3785 951 οὕτως·

545 978 766 1034 modum
801 978 1243 1047 comprehensam
1280 991 1297 1030 :
1333 974 1424 1048 [Β.
1458 974 1617 1040 XLII,
1645 975 1770 1030 coll.
1804 991 1858 1045 p.
1897 974 2020 1038 116,
2051 973 2116 1045 1)]

2224 1001 2242 1033 ι
2264 980 2471 1035 Οὐκοῦν
2486 982 2592 1052 πρὸ
2609 981 2706 1052 μὲν
2721 978 2814 1034 τοῦ
2833 978 3133 1044 κατελθεῖν,
3152 981 3246 1032 καὶ
3276 978 3362 1033 διὰ
3390 980 3488 1051 τῆς
3510 979 3786 1051 Παρθένου

553 1094 573 1127 ι
620 1074 985 1142 Quamobrem
1020 1075 1336 1144 priusquam
1384 1073 1762 1139 descenderet,
1801 1082 1856 1128 et
1898 1073 1965 1128 de
1992 1073 2119 1129 Vir-

2225 1094 2242 1128 ι
2283 1074 2561 1145 τεχθῆναι,
2613 1074 2785 1142 Λόγος
2830 1068 2899 1144 ἦν
2947 1071 3318 1143 μόνον.”Επεὶ
3362 1069 3414 1124 τί
3465 1071 3649 1142 ἕτερον
3697 1066 3785 1141 ἢν,

553 1185 572 1214 σ
619 1166 742 1236 gine
773 1173 1109 1229 nasceretur,
1137 1164 1374 1219 Verbum
1405 1173 1524 1218 erat
1569 1162 1929 1220 solummodo.
1982 1162 2116 1219 Nam

2224 1187 2242 1219 ι
2285 1167 2391 1240 πρὸ
2411 1165 2502 1219 τοῦ
2523 1165 2621 1236 τὴν
2637 1165 2983 1236 ἀνθρωπίνην
3002 1163 3284 1217 ἀναλαϐεῖν
3304 1163 3501 1235 σάρκα,
3522 1163 3581 1215 τὺ
3596 1162 3785 1215 κατελ-

551 1274 571 1307 ‹
618 1257 750 1327 quid
773 1255 918 1310 aliud
953 1263 1073 1310 erat
1104 1253 1420 1324 priusquam
1455 1261 1699 1307 nostram
1727 1267 1942 1308 carnem
1967 1267 2119 1308 assu-

2224 1275 2242 1307 ι
2284 1255 2376 1310 θὸν
2394 1255 2480 1308 ἐπ’
2503 1254 2745 1326 ἐσχάτων
2762 1254 2868 1307 τῶν
2884 1256 2917 1326 ή
2925 1272 2990 1325 με
2990 1254 3125 1322 ρῶν.
3141 1255 3217 1317 ὼς
3233 1254 3328 1306 καὶ
3347 1253 3507 1316 αὐτὸς
3521 1253 3785 1325 γέγραφε,

552 1367 570 1398 ε
615 1355 786 1403 meret
808 1347 1118 1409 humanam,
1143 1344 1193 1399 id
1220 1343 1360 1413 quod
1392 1343 1675 1399 descendit
1705 1345 1758 1398 in
1787 1343 2118 1415 temporibus

2224 1368 2241 1400 ι
2280 1347 2392 1419 (58)
2416 1348 2507 1401 καὶ
2535 1348 2596 1400 τὸ
2621 1347 2876 1418 γεννηθὲν
2908 1347 3102 1416 ἐκτῆς
3121 1345 3397 1418 Παρθένου
3427 1344 3576 1398 οὐδὲν
3604 1345 3785 1416 ἕτερον

552 1456 570 1489 ‹
620 1437 947 1502 novissimis,
997 1431 1450 1505 quemadmodum
1509 1434 1622 1504 ipse
1671 1433 1911 1499 scribit;
1957 1442 2012 1488 et
2064 1432 2117 1487 id

2224 1459 2243 1490 ι
2283 1439 2316 1510 ἢ
2346 1441 2374 1492 ό
2392 1439 2586 1506 Λόγος.
2621 1456 2639 1488 ι
2669 1433 2800 1490 Εῐτα
2832 1435 3207 1508 προῖὼν-ἑξῆς,
3231 1436 3398 1490 ἀΐδιον
3426 1433 3589 1489 αὑτὸν
3617 1434 3785 1504 λέγει,

552 1550 570 1580 ‹
617 1530 764 1599 quod
792 1531 859 1584 de
892 1528 1108 1598 Virgine
1140 1526 1465 1582 nascebatur
1495 1527 1629 1582 nibil
1659 1527 1801 1582 aliud
1829 1535 1948 1583 erat
1975 1541 2116 1598 pra:-

2217 1531 2513 1600 ἀγέννητον
2542 1528 2704 1582 αὑτὸν
2721 1527 2892 1592 οὕτως
2910 1527 3240 1599 ὁριζόμενος.
3272 1528 3475 1600 Γράφει
3508 1528 3566 1581 δὲ
3581 1526 3750 1591 οὕτω,ς
3765 1544 3783 1561 .

551 1642 569 1674 ε
618 1633 701 1678 ter
721 1636 881 1690 quam
912 1619 1190 1676 Verbum?
1223 1638 1242 1673 ι
1275 1619 1515 1688 Pergens
1550 1619 1806 1690 deinceps
1831 1620 1928 1684 ait,
1955 1629 2116 1674 aeter-

2224 1644 2242 1675 ι
2285 1623 2525 1686 Ἀκούεις
2556 1623 2734 1676 τοίνυν
2759 1623 2857 1694 τῆς
2881 1622 3196 1692 συμφωνίας
3234 1621 3330 1675 τοῦ
3351 1622 3506 1690 ἁγίου
3533 1620 3783 1692 Πνεύμα-

545 1730 674 1768 num
727 1713 896 1766 fuisse
939 1719 994 1764 et
1042 1710 1342 1780 ingenitum
1397 1724 1614 1779 quoque
1657 1710 1869 1765 deﬁnit.
1918 1708 2121 1764 Scribit

2224 1733 2242 1767 ι
2285 1732 2377 1778 τος
2415 1714 2502 1768 διὰ
2550 1711 2760 1766 πολλῶν
2795 1715 2890 1768 καὶ
2921 1713 3194 1785 διαφόρων
3240 1712 3569 1785 προσώπων,
3592 1715 3658 1784 τῇ
3691 1711 3784 1766 τοῦ

545 1815 725 1860 autem
789 1803 878 1876 [Β.
921 1801 1148 1865 XLVIII,
1197 1801 1318 1857 coll.
1379 1817 1434 1871 p.
1479 1801 1604 1867 116,
1647 1800 1750 1874 D]:
1789 1821 1810 1854 ι
1852 1801 2117 1869 Quocirca
2149 1819 2192 1874 Β

2149 1819 2192 1874 Β
2226 1826 2245 1860 ι
2286 1806 2461 1875 Λόγου
2487 1805 2870 1878 μαρτυρούσης
2887 1805 3016 1877 (58⁵)
3033 1806 3314 1878 ἀῖδιότητι.
3339 1824 3358 1858 ι
3391 1806 3500 1860 Καὶ
3525 1805 3612 1860 διὰ
3633 1805 3787 1858 τοῦτο

552 1917 568 1948 ι
616 1912 938 1952 consensum
970 1899 1127 1952 audis
1155 1893 1392 1966 Spiritus
1418 1896 1613 1959 sancti,
1646 1909 1753 1965 quo
1787 1909 1882 1964 per
1920 1893 2116 1948 multas

2214 1901 2440 1970 ἄρχεται
2465 1899 2564 1970 μὲν
2588 1898 2696 1952 ἀπὸ
2717 1897 2817 1969 τῆς
2837 1897 3133 1970 ἀῖδιότητος
3159 1897 3254 1952 τοῦ
3279 1898 3472 1966 Λόγου·
3504 1899 3600 1950 Ἐν
3628 1896 3785 1967 ἀρχῇ

551 2009 568 2041 ι
612 1999 667 2044 et
693 1988 1003 2044 differentes
1033 2003 1314 2059 personas,
1353 1989 1641 2044 aeternitati
1676 1987 1826 2043 verbi
1869 1986 2116 2042 testimo-

2214 1987 2292 2061 ἦν
2313 1993 2345 2044 ό
2377 1992 2567 2059 Λόγος
2587 2029 2602 2054 ,
2629 1988 2824 2057 λέγων,
2855 1989 2951 2042 καί
2970 1992 3002 2043 o'
3025 1990 3214 2058 Λόγος
3225 1986 3304 2060 ἦν
3327 1989 3476 2058 πρὸς
3491 1990 3598 2043 τὸν
3619 1989 3785 2052 Θεὸν,

549 2100 570 2133 ι
616 2082 762 2136 nium
803 2082 1140 2151 perhibetur.
1176 2099 1194 2132 ι
1242 2080 1310 2134 Et
1362 2095 1460 2149 per
1511 2081 1615 2134 hoc
1671 2079 1868 2148 ipsum,
1927 2077 2116 2147 incipit

2213 2079 2312 2133 καὶ
2332 2079 2475 2145 Θεὸς
2500 2075 2579 2150 ἦν
2606 2082 2640 2134 ό
2667 2080 2878 2149 Λόγος.
2902 2080 3088 2150 Τρισὶν
3113 2080 3433 2153 ἐπαλλήλοις
3462 2081 3784 2153 μαρτυρίαις

543 2177 763 2246 quidem
793 2177 859 2229 ab
881 2175 1188 2230 aeternitate
1212 2174 1384 2240 verbi,
1410 2174 1512 2228 hoc
1542 2173 1736 2228 modo:
1763 2170 1832 2225 1η
1859 2171 2115 2240 principio

2213 2173 2510 2244 χρώμενος,
2545 2172 2642 2243 τὴν
2668 2171 2942 2243 ἀῐδιότητα
2970 2171 3064 2224 τοῦ
3099 2173 3273 2240 Λόγου
3296 2172 3566 2227 δεικνύναι
3601 2172 3784 2243 βούλε-

543 2277 656 2321 erat
704 2266 923 2320 Verbum
959 2281 977 2320 :
1023 2276 1068 2320 et
1112 2263 1336 2319 Verbum
1367 2275 1478 2320 erat
1508 2265 1649 2333 apud
1677 2263 1882 2318 Deum:
1903 2273 1951 2318 et
1975 2262 2114 2317 Deus

2212 2281 2323 2318 ται.
2359 2262 2467 2316 Ka't
2499 2261 2615 2333 μεθ’
2645 2261 2807 2332 ἐτερα
2828 2261 3088 2329 ἐπιλέγει’
3122 2279 3140 2312 ι
3164 2261 3431 2332 Πρότερον
3459 2259 3568 2332 γὰρ
3597 2258 3784 2330 ὥσπερ

541 2368 655 2413 erat
683 2357 817 2412 illud
859 2355 1080 2411 Verbum
1104 2357 1174 2410 ".
1211 2355 1286 2410 Ita
1317 2355 1487 2410 tribus
1524 2354 1852 2411 testimoniis
1880 2369 1939 2410 se
1971 2353 2113 2409 invi-

2221 2375 2239 2408 ι
2283 2354 2540 2418 πολλάκις
2591 2354 2749 2426 ἔφην,
2802 2355 2956 2408 οὐδὲν
2987 2354 3173 2426 ἕτερον
3214 2355 3242 2406 ὸ
3287 2353 3458 2423 Λόγος
3495 2349 3582 2426 ἦν.
3619 2372 3638 2404 ι
3674 2354 3784 2406 Καὶ

543 2467 660 2507 cem
691 2449 1150 2520 consequentibus
1184 2447 1344 2504 Verbi
1369 2447 1483 2502 vult
1507 2448 1701 2503 docere
1725 2446 2113 2503 aeternitatem.

2214 2449 2588 2521 προστίθησιν,
2615 2450 2697 2503 ὅτι
2721 2449 2840 2501 οὐδὲ
2860 2447 3022 2501 εἰκὼν
3040 2443 3108 2520 ἦν
3135 2446 3229 2500 τοῦ
3248 2447 3380 2500 Θεοῦ
3397 2445 3490 2500 τοῦ
3517 2446 3777 2519 ἀοράτου,

541 2543 669 2598 Posl
716 2550 908 2597 caetera
967 2540 1242 2611 subjungit
1290 2539 1380 2611 [Β.
1434 2539 1616 2605 XLIII,
1646 2540 1770 2596 coll.
1801 2555 1854 2608 p.
1886 2539 1980 2605 8i,
2012 2537 2113 2610 D]:

2216 2543 2440 2612 φάσκων
2461 2558 2474 2571 ·
2513 2560 2532 2592 ι
2563 2539 2772 2594 Οὐκοῦν
2796 2539 3083 2610 πρόδηλον,
3115 2541 3197 2592 ὅτι
3223 2539 3329 2611 πρὸ
3348 2539 3448 2610 τῆς
3468 2539 3561 2592 τοῦ
3588 2537 3785 2610 ἡμετέ-

548 2656 566 2686 ‹
616 2635 776 2690 Prius
812 2644 960 2690 certe
997 2635 1238 2704 quidem,
1298 2643 1356 2686 ut
1409 2648 1784 2704 saepenumero
1808 2632 1945 2698 dixi,
1980 2630 2116 2686 nihil

2221 2654 2239 2686 ι
2287 2651 2380 2706 ρου
2417 2632 2668 2704 σώματος
2696 2632 3012 2703 ἀναλήψεως
3032 2634 3061 2686 ό
3083 2631 3252 2700 Λόγος
3281 2631 3402 2685 καθ’
3437 2631 3628 2684 ἐαυτὸν
3645 2671 3660 2694 ,
3683 2630 3785 2684 οὐκ

546 2747 565 2779 ε
611 2727 756 2780 aliud
794 2735 913 2781 erat
951 2724 1208 2780 Verbum.
1237 2743 1256 2777 ι
1285 2725 1352 2780 Et
1377 2724 1623 2795 adjungit
1645 2726 1786 2794 quod
1820 2739 1919 2779 nec
1939 2725 2116 2794 imago

2219 2745 2237 2778 ι
2273 2722 2341 2798 ἦν
2368 2723 2532 2778 εἰκὼν
2556 2723 2648 2778 τοῦ
2673 2723 2908 2795 ἀοράτου
2942 2723 3132 2776 Θεοῦ.»
3159 2724 3269 2777 Καὶ
3299 2719 3454 2787 αὖθις
3477 2723 3597 2795 μεθ’
3621 2722 3784 2793 ἕτερα

542 2820 646 2873 fuit
704 2818 795 2872 Dei
863 2817 1185 2883 invisibilis,
1232 2817 1524 2886 inquiens:
1554 2815 1647 2888 [Β.
1691 2815 1952 2878 LXXXII.
1987 2817 2112 2874 coll.

2214 2817 2494 2888 ἐπιφέρει·
2530 2835 2548 2868 ι
2585 2817 2650 2869 Τί
2679 2816 2856 2870 τοίνυν
2891 2812 2959 2886 ἦν
2989 2817 3050 2869 τὸ
3078 2815 3334 2870 κατελθὸν
3361 2814 3540 2880 τοῦτο,
3563 2815 3668 2887 πρὸ
3688 2813 3781 2868 τοῦ

542 2927 597 2980 p.
624 2911 716 2975 24,
770 2908 833 2962 Β.
890 2909 980 2972 47,
1021 2908 1112 2979 Α]
1155 2927 1174 2960 ι
1213 2909 1480 2976 Quocirca
1519 2909 1864 2964 manifestum
1899 2910 2113 2980 quidem

2219 2931 2237 2961 ι
2279 2909 2726 2981 ἐνανθρωπῆσαι;
2758 2911 2980 2972 Πάντως
3042 2925 3166 2973 που,
3220 2909 3387 2978 φησὶ,
3439 2907 3683 2978 Πνεῦμα.
3719 2907 3783 2959 Εἰ

547 3023 566 3053 ι
616 3011 720 3066 est,
756 3001 901 3072 quod
936 3000 1173 3056 Verbum
1224 3012 1353 3056 ante
1393 3002 1569 3057 nostri
1619 3002 1864 3072 corporis
1921 3016 2106 3058 susce-

2220 3021 2237 3053 ι
2278 3002 2386 3074 γάρ
2429 3019 2484 3055 τι
2511 3000 2662 3073 παρά
2708 2999 2865 3054 τοῦτο
2916 2999 3088 3052 ἐθέλοι
3125 2999 3324 3068 λέγειν,
3353 3000 3413 3052 οὐ
3441 3000 3783 3070 συγχωρήσει

549 3112 568 3145 ε
617 3093 963 3162 ptionem,ne
980 3091 1196 3162 quidem
1225 3091 1402 3162 imago
1434 3091 1529 3148 Dei
1559 3091 1737 3146 fuerat
1760 3092 2066 3148 invisibilis.
2088 3112 2108 3146 ι

2221 3113 2240 3148 ι
2279 3094 2446 3166 αὐτῷ,
2495 3097 2524 3148 ό
2571 3093 2706 3166 πρὸς
2745 3092 2843 3164 τὴν
2896 3091 3170 3164 Παρθένον
3214 3091 3449 3164 εἰρηκὼς
3515 3091 3779 3160 ἄγγελοςο

542 3185 611 3240 Et
631 3199 818 3239 rursus
849 3193 972 3254 post
999 3183 1104 3239 alia
1135 3183 1404 3239 subinfert
1432 3185 1604 3240 idem:
1636 3183 1930 3257 [R.XLIX.
1959 3187 2109 3256 Icoll.
2140 3170 2181 3228 (ἶ

2140 3170 2181 3228 C
2221 3206 2238 3239 ι
2279 3186 2520 3256 Πνεῦμα
2541 3185 2712 3256 ἅγιον
2732 3184 3117 3239 ἐπελεύσεται
3136 3183 3233 3237 ἐπὶ
3271 3183 3365 3238 σέ.
3394 3184 3456 3236 Εἰ
3479 3183 3536 3237 δὲ
3559 3182 3781 3254 Πνεῦμα

536 3292 596 3346 p.
631 3277 757 3340 104.
787 3275 856 3349 Α]
913 3295 936 3328 ι
976 3275 1115 3344 Quid
1145 3285 1265 3332 erat
1297 3275 1462 3346 igitur
1493 3276 1598 3332 hoc
1637 3278 1782 3347 quod
1835 3278 2116 3334 descendit

2223 3298 2241 3329 α
2283 3274 2420 3332 εἶναι
2441 3279 2622 3349 φήσει,
2649 3276 2813 3330 ἄκουε
2848 3275 2941 3328 τοῦ
2972 3275 3219 3345 Σωτῆρος
3245 3273 3513 3343 λέγοντος,
3543 3273 3783 3342 Πνεῦμα

548 3393 566 3421 ι
612 3379 738 3425 ante
772 3367 1242 3426 incarnationem?
1270 3366 1504 3424 Omnino
1539 3382 1687 3425 certe
1719 3369 1955 3441 Spiritus
1991 3370 2112 3436 l‘uit,

2223 3391 2240 3423 ι
2277 3375 2310 3426 ό
2342 3372 2505 3436 Θεός.
2547 3369 2740 3440 Σαφῶς
2790 3368 3038 3423 ἐντεῦθεν
3067 3359 3174 3445 ’τοῦ
3225 3367 3477 3440 Σωτῆρος
3529 3367 3658 3437 περὶ
3689 3365 3782 3418 τοῦ

539 3480 570 3512 ,ι
615 3462 662 3516 si
686 3461 814 3532 quid
841 3460 984 3516 enim
1023 3459 1167 3515 aliud
1192 3461 1434 3515 dicturus
1483 3469 1569 3516 est
1613 3461 1831 3532 aliquis,
1873 3477 1979 3518 non
2011 3462 2114 3517 hoc

2222 3485 2240 3517 ι
2278 3465 2490 3538 Πατρὸς
2536 3464 2849 3536 εἰρηκότος·
2892 3482 2910 3515 ι
2963 3463 3203 3534 Πνεῦμα
3234 3466 3266 3517 ό
3301 3463 3472 3527 Θεὸς,
3509 3461 3784 3532 ἐλέγχεται

551 3569 568 3602 ι
615 3549 766 3604 dabit
792 3549 884 3620 qui
915 3551 982 3604 ad
1017 3547 1293 3620 Virginem
1322 3549 1536 3605 locutus
1578 3560 1661 3605 est
1706 3552 1773 3606 ad
1818 3552 1961 3608 bunc
2001 3567 2116 3605 mo-

2215 3557 2529 3630 Μάρκελλος
2559 3556 2720 3611 αὑτὸν
2761 3555 2853 3609 τὸν
2888 3556 3104 3628 Πατέρα
3125 3554 3602 3627 ἐνηνθρωπηκέναι
3624 3554 3783 3626 (58·⁶)

545 3662 568 3692 ι
614 3641 742 3696 dum
767 3641 992 3713 angelus
1014 3658 1030 3696 :
1050 3640 1284 3710 Spiritus
1313 3651 1526 3697 sanctus
1549 3646 1876 3711 superveniet
1901 3648 1957 3699 in
1977 3645 2112 3699 te":

2215 3647 2402 3703 εἰπών.
2447 3650 2504 3701 '0
2535 3647 2579 3700 δ’
2617 3647 2697 3702 ἐτι
2732 3647 2931 3719 μᾶλλον
2959 3648 3338 3719 φιλοτιμεῖται,
3381 3649 3610 3719 γράφων
3639 3641 3741 3701 ὧδε
3765 3663 3783 3679 ο

548 3753 566 3784 ι
614 3733 659 3788 si
695 3743 876 3788 autem
913 3732 1176 3803 Spiritum
1208 3734 1377 3790 fuisse
1411 3744 1643 3799 asserat,
1687 3736 1811 3791 audi
1841 3737 2112 3793 dicentem

2221 3759 2239 3791 ι
2278 3739 2387 3794 Καὶ
2422 3738 2738 3810 μανθανέτω
2764 3739 2942 3792 τοίνυν
2974 3737 3108 3791 Θεοῦ
3136 3738 3305 3805 Λόγον
3349 3737 3682 3808 ἐληλυθέναι,
3721 3737 3781 3790 ού

538 3847 567 3877 -ι
609 3828 1000 3882 Servatorem:
1056 3825 1290 3897 Spiritus
1331 3827 1472 3882 Deus
1512 3839 1588 3883 est
1625 3829 1714 3893 ",'
1765 3830 1856 3884 ubi
1886 3845 2008 3884 cum
2043 3831 2112 3885 li-

2221 3851 2241 3884 ι
2277 3833 2448 3901 Λόγον
2473 3830 2924 3903 καταχρηστικῶς
2955 3829 3349 3901 ὀνομασθέντα,
3397 3830 3472 3892 ὼς
3505 3829 3654 3882 αύτοί
3681 3845 3786 3899 φα-

545 3940 568 3972 4
615 3920 938 3988 quidissimo
967 3930 1180 3976 constet
1211 3919 1555 3976 Servatorem
1591 3927 1650 3985 ᾖ(
1680 3921 1748 3977 de
1775 3922 1936 3978 Patre
1961 3923 2115 3980 Iocu-

2220 3942 2239 3974 ι
2281 3940 2386 3988 σιν,
2431 3924 2547 3977 ἀλλ’
2567 3923 2742 3993 ἀληθῆ
2789 3923 2918 3977 ὄντα
2945 3922 3135 3991 Λόγον.
3171 3940 3190 3972 ι
3229 3923 3338 3974 Καὶ
3368 3918 3523 3984 αὖθις
3563 3919 3784 3992 προστί-

542 4032 569 4064 ι
619 4021 732 4068 tum
767 4012 957 4077 fuisse,
1005 4012 1148 4069 Deus
1187 4023 1272 4068 est
1319 4014 1561 4082 spiritus,
1592 4034 1613 4066 ι
1648 4016 1928 4071 convictus
1961 4025 2114 4073 tene-

2217 4015 2342 4087 θησι
2366 4016 2538 4070 ταῦτα
2567 4019 2680 4080 τοῖς
2701 4015 3034 4087 εἰρημένοις·
3067 4036 3086 4067 ι
3109 4017 3170 4068 Εἰ
3192 4017 3289 4086 μὲν
3317 4015 3423 4086 γὰρ
3451 4014 3592 4086 ὴτοῦ
3622 4014 3785 4068 πνεύ-

544 4113 634 4158 tur
691 4102 980 4159 Marcellus
1031 4103 1398 4168 existimasse,
1441 4105 1616 4174 ipsum
1672 4105 1886 4161 Patrem
1947 4107 2116 4164 fuisse

2223 4131 2240 4162 ι
2269 4127 2435 4180 ματος
2453 4109 2698 4174 ἐξέτασις
2724 4109 2962 4176 γίγνοιτο
2991 4108 3149 4178 μόνη,
3173 4108 3231 4161 ἓν
3246 4108 3340 4161 καὶ
3355 4107 3546 4161 ταύτὸν
3562 4107 3785 4171 εἰκότως

544 4199 908 4254 incarnatum.
937 4196 1070 4252 Cum
1099 4197 1424 4252 sententiam
1461 4197 1637 4252 adhuc
1666 4199 1905 4266 apertius
1932 4199 2112 4263 ell‘ert,

2221 4221 2240 4252 ι
2263 4197 2401 4254 εἶναι
2417 4200 2494 4271 τῷ
2509 4199 2627 4271 Θεῷ
2657 4199 2916 4268 φαίνοιτο’
2945 4200 3064 4253 εἰδὲ
3089 4203 3121 4270 ἠ
3145 4200 3285 4254 κατά
3299 4201 3474 4270 σάρκα
3496 4198 3781 4271 προσθήκη

544 4288 613 4342 ad
648 4289 789 4343 hunc
816 4288 1030 4343 modum
1055 4287 1332 4342 scribens:
1363 4285 1714 4358 “LXXXIX,
1749 4291 1876 4346 coll.
1915 4307 1968 4362 p.
1989 4293 2113 4358 H6,

2223 4315 2240 4344 ι
2265 4294 2355 4346 ἐπὶ
2385 4292 2478 4346 τοῦ
2498 4292 2745 4363 Σωτῆρος
2760 4291 3084 4358 ἐξετάζοιτο,
3102 4291 3350 4364 ἐνεργείᾳ
3371 4295 3403 4363 ἡ
3427 4292 3615 4363 θεότης
3647 4292 3783 4363 μόνη

543 4379 624 4453 1)]
661 4399 681 4432 ι
724 4380 908 4436 Discat
937 4380 1123 4450 igitur,
1160 4382 1391 4436 Verbum
1420 4381 1512 4436 Dei
1551 4383 1870 4438 advenisse:
1899 4400 2028 4449 non,
2057 4396 2117 4440 ut

2221 4405 2240 4437 ι
2269 4385 2631 4440 πλατύνεσθαι
2653 4385 2828 4438 δοκεῖ’
2848 4385 2989 4438 ὥστε
3015 4385 3238 4449 εἰκότως
3257 4385 3422 4456 μονὰς
3438 4386 3606 4448 ὅντως
3637 4386 3786 4438 ἐστὶν

549 4493 570 4526 σ
619 4473 692 4528 illi
718 4473 922 4540 volunt,
951 4472 1183 4529 Verbum
1212 4473 1609 4529 catachrestice
1642 4473 1992 4544 appellatum,
2020 4477 2111 4531 sed
2142 4512 2189 4571 υ

2142 4512 2189 4571 D
2224 4495 2251 4571 t-
2266 4474 2588 4547 ἀδιαίρετος.
2615 4493 2634 4525 ι
2657 4475 2764 4527 Καὶ
2791 4473 2870 4527 ἐτι
2898 4473 3094 4545 μᾶλλον
3119 4474 3276 4529 τοῦτο
3291 4473 3687 4571 κατασκευάζει
3716 4474 3785 4527 δι’

548 4583 568 4616 ι
618 4579 806 4620 revera
843 4565 934 4634 qui
957 4564 1253 4620 exsistebat
1278 4565 1534 4620 Verbum.
1569 4583 1587 4616 ι
1614 4565 1776 4619 Addit
1817 4565 2010 4619 iterum
2055 4576 2110 4621 et
2143 4558 2184 4571 “’

2143 4558 2184 4571 “’
2216 4560 2291 4620 ὧν
2316 4567 2373 4620 ἐν
2399 4569 2510 4630 τοῖς
2535 4566 2661 4636 ἐξῆς
2682 4565 2823 4620 οὕτω
2846 4567 3068 4640 γράφει·
3103 4586 3121 4618 ι
3169 4569 3242 4620 Τὸ
3288 4569 3384 4639 μὲν
3410 4558 3502 4621 οὖν
3535 4567 3642 4638 πρὸ
3675 4567 3787 4619 τῶν

545 4658 647 4712 ista
675 4655 981 4712 antedictis:
1009 4677 1027 4708 ι
1051 4657 1202 4724 Quod
1234 4657 1277 4713 si
1307 4657 1375 4710 de
1416 4656 1609 4727 spiritu
1627 4657 1931 4726 disquisitio
1953 4657 2110 4712 insti-

2223 4677 2241 4710 ι
2278 4657 2489 4714 αἰώνων
2509 4658 2670 4712 αὑτὸν
2690 4658 3047 4729 γεγεννῆσθαι
3063 4659 3232 4730 φῆσαι
3249 4659 3554 4723 ἀκολούθως
3575 4658 3789 4730 εἰρηκέ-

547 4768 568 4799 ι
596 4757 780 4803 tuatur
810 4747 946 4808 sola.
982 4763 1147 4802 unum
1195 4757 1358 4817 atque
1393 4747 1557 4812 idem,
1595 4761 1694 4801 nec
1732 4745 1950 4814 injuria,
1989 4763 2112 4802 cum

2226 4769 2244 4801 ι
2278 4768 2364 4804 ναι
2395 4750 2572 4804 δοκεῖ’
2601 4750 2848 4821 γέννημα
2869 4751 2977 4822 γὰρ
3003 4751 3064 4804 τὸ
3089 4750 3346 4822 προελθὸν
3367 4751 3461 4805 τοῦ
3484 4751 3787 4823 προεμένου

617 4913 676 4969 ›Ῑ‹
712 4902 808 4958 Ed.
841 4901 1042 4965 Paris.,
1074 4918 1198 4973 pag.
1231 4903 1314 4958 56.
1385 4901 1432 4934 ⁷⁸
1451 4904 1612 4962 Joan.
1635 4910 1746 4975 t,I.
1800 4904 1843 4934 ⁷⁷
1883 4904 2012 4959 Luc.
2045 4922 2082 4970 I,
2113 4906 2202 4960 55.

1112 4918 1198 4971 ag.
1231 4903 1314 4958 56.
1385 4901 1432 4934 ⁷⁸
1451 4904 1612 4962 Joan.
1635 4910 1746 4975 t,I.
1800 4904 1843 4934 ⁷⁷
1883 4904 2012 4959 Luc.
2045 4922 2082 4970 I,
2113 4906 2202 4960 55.
2311 4907 2358 4938 ⁷⁸
2381 4905 2538 4961 .Ioan.
2571 4923 2646 4972 tv,
2675 4907 2767 4964 ‘34-.

770 5108 1311 5189 V_ttlgo._érttcxe¢a;.
1438 5183 1466 5189 Α
1516 5185 1527 5189 _
1804 5184 1815 5189 _
1917 5185 1934 5189 Δ
2220 5135 2271 5188 χε

2220 5117 2466 5189 χωρῆσαι
2498 5126 2554 5172 et
2597 5116 2762 5188 φησίν
2800 5126 2858 5173 et
2886 5117 3170 5188 εἰρηκότος
3220 5135 3310 5174 πν.
3347 5128 3402 5172 et
3425 5117 3656 5188 ’Πατρδς
3702 5118 3790 5172 λέ-

618 5180 874 5256 (58)“Καί
906 5180 1090 5256 αψτὸς
1118 5180 1388 5256 γέγραφε.
1427 5183 1562 5252 Quis
1589 5191 1768 5256 autem
1802 5184 1938 5238 iste?
1962 5195 2114 5240 certe
2218 5180 2424 5256 γοντός.

546 5249 867 5332 Μαι-εειίυεη
887 5249 1067 5332 cujus,
1089 5249 1310 5320 opinor,
1328 5249 1556 5332 diversae
1591 5254 1778 5332 N165};
1814 5256 1900 5308 llic
1931 5271 2116 5332 τερθρ-

2231 5249 2242 5256 ’
2291 5249 2450 5332 (58³⁸)
2482 5256 3050 5332 Ἐννηθρωπῃκέναι.
3073 5257 3184 5313 lloc
3205 5267 3352 5312 certe
3383 5257 3454 5332 illi
3475 5259 3789 5332 ascribitnr,

544 5331 754 5398 sentttr,
777 5321 868 5398 sed
901 5321 1114 5398 interim
1151 5334 1331 5398 tamen
1361 5321 1622 5398 haecsuut
1641 5321 1942 5398 ᾇσύστατα.
1966 5326 2108 5398 ’(Λῦ-

2219 5339 2277 5381 ut
2299 5321 2461 5382 fuerit
2482 5321 2718 5398 Praxcze,
2743 5340 2795 5381 et
2813 5321 3346 5398 P'atrOpassianorum
3375 5330 3655 5398 ἀποφυάς,
3681 5334 3789 5385 sci-

541 5391 923 5470 τόςΛειετὶᾳε
956 5389 1164 5470 R.,_qui
1201 5393 1338 5470 intra
1390 5395 1606 5470 τρόπων
1653 5393 1768 5470 loco
1805 5389 2111 5470 προσώπων

2217 5398 2340 5452 licet
2366 5400 2491 5470 quia
2520 5389 2992 5470 Λόγονίιξιεηιυιιὶ
3036 5401 3228 5456 asserit
3273 5417 3286 5452 :
3331 5389 3788 5467 Spirit'ntn'fuisse

543 5460 714 5538 omni.)
750 5460 942 5538 Statim
992 5474 1008 5514 :
1058 5463 1196 5538 forte
1220 5460 1629 5538 dimovit-575:,
1681 5464 1777 5517 καὶ
1820 5460 2110 5538 ἀγέννητον

2217 5460 2398 5531 docet,
2427 5468 2526 5520 hoc
2552 5460 2634 5522 est
2658 5471 2841 5523 Demn.
2875 5468 3038 5534 Quasi
3069 5473 3219 5526 solus
3252 5460 3411 5524 Pater
3451 5471 3588 5523 foret
3616 5470 3789 5538 Spiri-

542 5531 726 5607 αὐτόν.
752 5532 916 5607 Quod
954 5534 1182 5607 negabat
1217 5535 1482 5590 Eusebius
1514 5531 1765 5607 Arianns,
1802 5531 1925 5590 max
1959 5531 2112 5591 οῦδὲν
2217 5546 2323 5601 tns,
2357 5540 2457 5591 hoc
2483 5550 2566 5591 est
2592 5539 2768 5600 Deus,
2796 5531 2919 5607 qua?
2950 5551 3068 5595 erat
3092 5557 3243 5594 mens
3265 5540 3588 5595 Eusebiana.
3625 5531 3694 5594 Μ.
3719 5570 3788 5582 -—

541 5601 778 5683 ἕτερονΚῆ
796 5601 970 5683 Λόγος
995 5597 1081 5673 ἦν,
1113 5613 1167 5656 et
1197 5607 1258 5658 ού
1297 5608 1669 5683 συγχωρήσει.Δ
1877 5676 1914 5683 __
2217 5597 2337 5660 Mox
2371 5608 2528 5683 vulgo
2551 5609 2665 5683 ἀλλ’
2706 5597 3000 5683 ἀληθῶςκει
3046 5611 3270 5683 εἰκότως
3326 5611 3492 5683 μόνας
3540 5609 3790 5683 παρήλῃ-

617 5671 960 5752 (βδήὛῚιΙ-ιςι)
1010 5671 1452 5752 μαρτυρήσαςᾙι
1485 5671 1620 5731 ’ἀὲίιι
1655 5677 1740 5728 ἐπ’
1764 5675 2019 5752 ἀλλῄλαις
2063 5689 2118 5730 et
2219 5695 2272 5730 π

2219 5695 2369 5752 πται.
2404 5671 2532 5752 Dein
2553 5680 2739 5752 τοῦτον
2884 5675 3024 5752 εἶναι
3052 5694 3106 5738 et
3131 5671 3288 5752 ἀνθρ.
3318 5671 3534 5751 φύσεως
3547 5671 3688 5738 coni:
3718 5671 3786 5740 Π.

545 5744 808 5815 πρότερον
841 5743 940 5814 μὲν
956 5760 1011 5813 γ.
1037 5743 1298 5816 εἰέτερον
1327 5751 1355 5800 ό
1381 5750 1582 5817 Λόγος;
1613 5762 1772 5818 porro
1801 5743 1956 5817 vulgo
1990 5764 2116 5815 συγ-

1327 5751 1355 5800 ό
1381 5750 1582 5817 Λόγος;
1613 5762 1772 5818 purt'o
1801 5743 1956 5817 vulgo
1990 5764 2116 5815 συγ-
2219 5758 2272 5802 et
2296 5749 2387 5802 τὸν
2419 5749 2550 5802 Θεὸν
2583 5751 2718 5804 Θεοῦ
2754 5743 2815 5804 Λ.
2839 5743 2956 5822 ’Μιη
