4000 6398
284 380 373 436 785
1361 377 1640 434 CONTRA
1679 376 2103 433 MARCELLUM
2142 376 2270 434 LIB.
2310 377 2378 432 li.

3387 377 3496 437 786

288 516 303 547 ι
337 493 568 563 γίγνεται
604 492 838 564 Πατρός.
877 490 1114 563 Θάτερον
1134 490 1177 544 δ’
1199 491 1299 544 οὐκ
1328 491 1407 544 ἔτι
1431 491 1602 560 ὑγιῶς
1617 491 1722 544 οὐδ’
1748 491 1823 544 εύ-

1943 509 1961 543 ι
1985 490 2096 546 Deo
2128 491 2394 546 videbitur
2418 506 2558 548 esse.
2586 493 2740 561 Quod
2768 493 2813 548 si
2843 490 2932 546 illa
2957 487 3178 556 additio,
3197 495 3494 549 secundum

287 604 302 634 ι
342 581 505 644 σεὸῶς
533 582 682 651 αὐτῷ
705 581 1093 653 παρείληπται.
1133 581 1208 632 Τὸ
1245 579 1354 652 γὰρ
1384 581 1459 651 μὴ
1489 581 1661 649 Λόγον
1688 576 1826 635 εἶναι

287 694 302 726 ι
325 675 480 745 φῆσαι
511 673 603 726 τὸν
631 672 691 737 ἐξ
719 672 881 726 αὐτοῦ
903 671 1251 744 προελθόντα,
1272 672 1364 726 καὶ
1375 672 1562 726 τοῦτον
1579 667 1717 726 εἶναι
1736 673 1828 726 τὸν

285 785 302 817 ι
323 766 412 835 τῆς
427 766 732 835 γεννήσεως
747 764 922 835 ἀληθῆ
939 763 1151 836 τρόπον,
1171 764 1282 817 ἀλλ’
1298 763 1484 828 ἁπλῶς
1499 765 1628 818 Υίὸν
1647 765 1827 836 μόνον,

283 875 301 910 ι
333 857 559 928 ἐμφασίν
578 874 698 910 τινα
718 859 828 920 τοῖς
847 855 1132 910 ἁκούουσιν
1152 856 1494 928 ἀνθρωπίνης
1507 858 1680 928 ὅψεως
1693 875 1831 928 παρ-

285 968 302 1002 ι
332 950 468 1020 ἐχειν
499 948 675 1005 εἴωθε.
713 968 732 1001 ι
765 950 875 1003 Καὶ
898 951 955 1002 ἐν
987 947 1199 1012 τούτοις
1223 950 1319 1020 μὲν
1339 953 1515 1021 γυμνῇ
1536 953 1601 1021 τῇ
1619 949 1827 1021 κεφαλῇ

277 1039 356 1093 τὸν
385 1040 482 1110 μὲν
514 1039 641 1092 Υἱὸν
673 1040 968 1112 ἠρνήσατο,
994 1039 1149 1109 ψιλὸν
1177 1039 1234 1092 δὲ
1262 1040 1461 1108 Λόγον,
1485 1039 1673 1112 ὥσπερ
1708 1040 1831 1094 τινὰ

279 1132 656 1203 προστακτικὸν
673 1131 783 1185 τῶν
799 1131 1068 1202 ποιητέων
1085 1131 1501 1202 είσάγων,δῆλός
1515 1133 1662 1186 ἐστιν
1680 1132 1740 1198 ἐξ
1754 1125 1829 1186 ὧν

278 1223 512 1295 ἐπιφέρει
531 1223 733 1292 λέγων·
763 1242 782 1276 ι
815 1225 912 1277 Ὃν
928 1222 1070 1278 οὕτω
1085 1226 1252 1277 πᾶσαι
1279 1224 1488 1280 αἱθεῖαι
1504 1225 1829 1296 κηρύττουσι

278 1316 312 1367 Γ
318 1314 490 1386 ραφαί.
525 1315 686 1369 Δασὶδ
715 1315 812 1385 μὲν
839 1314 946 1386 γὰρ
969 1316 1097 1386 περὶ
1129 1315 1294 1370 αὑτοῦ
1327 1317 1476 1384 λέγει
1504 1333 1518 1346 °
1549 1316 1633 1383 Τῷ
1665 1319 1832 1387 Λόγῳ

275 1407 479 1475 Κυρίου
501 1410 554 1461 οἱ
575 1407 814 1476 οὐρανοί
831 1406 1282 1475 ἐστερεώθησαν
1304 1425 1318 1438 ο
1344 1404 1499 1471 αὖθις
1527 1407 1604 1472 δὲ,
1639 1408 1830 1475 Αὐτὸς

274 1497 657 1561 ἐξαποστελεῖ
674 1499 780 1551 τὸν
799 1499 991 1567 Λόγον
1008 1497 1194 1552 αὐτοῦ
1217 1499 1314 1553 καὶ
1338 1499 1565 1554 ἰάσεται
1585 1501 1825 1567 αὐτούς’

275 1587 510 1660 Σολομὼν
525 1589 601 1643 δέ·
631 1589 975 1658 Ζητήσουσί
982 1607 1058 1660 με
1083 1591 1274 1656 κακοὶ,
1294 1593 1390 1646 καὶ
1413 1595 1524 1663 οὐχ
1547 1593 1832 1663 εὑρήσου-

274 1699 388 1738 σιν.
417 1684 752 1753 Ἐμίσησαν
772 1685 881 1756 γὰρ
901 1685 1141 1754 copias"
1176 1685 1284 1740 τὸν
1302 1686 1370 1739 δὲ
1395 1688 1588 1758 Λόγον
1608 1689 1830 1756 Κυρίου

273 1777 338 1828 οὐ
362 1777 727 1843 προείλοντο.
763 1776 988 1840 Ἡσαΐας
1015 1794 1096 1841 τε,
1132 1778 1226 1830 Ἐκ
1256 1777 1365 1846 γὰρ
1393 1778 1546 1832 Σιὼν
1585 1779 1828 1844 ἐξελεύ-

272 1881 449 1931 σεται,
482 1865 606 1937 ἔφη,
638 1867 822 1935 νόμος
860 1867 956 1920 καὶ
979 1869 1166 1936 Λόγος
1196 1869 1416 1936 Κυρίου
1435 1869 1505 1934 ἐξ
1534 1871 1832 1940 Ἰερουσα-

270 1956 404 2026 λήμ.
457 1958 566 2010 Καὶ
612 1954 766 2022 αὖθις
809 1959 1102 2030 Ἰερεμίαςο
1151 1961 1578 2031 ’ῌσχύνθησαν
1617 1965 1824 2034 σοφοὶ,

270 2047 414 2116 φησὶ,
429 2046 934 2115 καὶέπτοήθησαν,
951 2048 1048 2103 καὶ
1080 2048 1377 2112 ἑάλωσαν,
1406 2049 1494 2103 ὅτι
1513 2052 1620 2106 τὸν
1634 2054 1828 2125 Λόγον

272 2137 371 2192 τοῦ
399 2138 618 2205 Κυρίου
670 2139 1140 2209 ἀπεδοκίμασαν·
1207 2141 1302 2194 καὶ
1358 2142 1515 2214 Ὠσηέ
1555 2146 1584 2198 ὸ
1615 2147 1828 2218 προφή-

269 2247 363 2300 της
384 2247 398 2262 ο
446 2231 778 2300 Ἐμίσησάν
795 2231 865 2285 ἐν
891 2233 1110 2298 πύλαις
1139 2233 1483 2305 ἐλέγχοντα,
1508 2236 1607 2290 καὶ
1640 2239 1830 2306 Λόγον

269 2320 434 2374 ὅσιον
467 2321 880 2386 ἐϐδελύξαντο.
914 2324 1152 2394 Μιχαίας
1204 2342 1262 2377 τε
1290 2326 1490 2396 ὁμοίως
1526 2328 1619 2380 καὶ
1667 2328 1829 2394 αὐτὸς

269 2429 332 2466 πε
341 2413 390 2483 ρὶ
403 2412 496 2466 τοῦ
508 2413 680 2483 Λόγου
708 2432 812 2488 μνη
821 2417 1058 2486 μονεύων
1077 2417 1202 2488 ἔφη’
1219 2418 1632 2483 Ἕξελεύσεται
1647 2421 1828 2491 νόμος

266 2506 359 2559 καί
375 2507 560 2574 Λόγος
582 2507 801 2576 Κυρίου
836 2508 906 2573 ἐξ
938 2509 1350 2581 Ἰερουσαλήμ.
1379 2530 1398 2562 ι
1430 2512 1678 2567 Τοσαῦτα
1705 2530 1829 2567 συν-

265 2595 409 2665 άγων
430 2614 496 2650 πε
506 2597 558 2668 pi.
581 2597 680 2651 τοῦ
702 2599 1102 2670 προστακτικοῦ
1120 2601 1290 2669 Λόγου
1316 2601 1453 2673 ῥητὰ
1486 2603 1824 2676 Μάρκελλος,

261 2688 495 2742 τοιοῦτόν
515 2705 636 2743 τινα
658 2684 796 2743 εἷναί
825 2706 955 2760 φησι
979 2690 1070 2744 καὶ
1093 2689 1184 2744 τὸν
1199 2691 1256 2744 ἐν
1279 2693 1419 2762 ἀρχῇ
1444 2692 1580 2762 πρὸς
1592 2691 1682 2745 τὸν
1697 2691 1827 2746 Θεὸν

260 2780 389 2833 Θεὸν
421 2781 612 2849 Λόγον.
643 2781 734 2833 Διὸ
766 2782 956 2850 ἐπάγει
1009 2781 1263 2852 φάσκων
1300 2805 1318 2834 ι
1362 2783 1421 2836 '0
1455 2782 1500 2836 δ’
1533 2783 1674 2854 ἱερὸς
1695 2783 1829 2838 ἁπό-

266 2891 285 2922 ι
327 2871 507 2935 στολός
537 2887 597 2924 τε
630 2872 723 2925 καὶ
755 2871 1001 2944 μαθητὴς
1031 2872 1124 2926 τοῦ
1157 2872 1361 2944 Κυρίου
1399 2872 1652 2944 Ἰωάννης
1673 2911 1688 2937 ,
1733 2890 1827 2926 σα-

265 2983 284 3014 ι
321 2962 436 3033 φῶς
465 2965 558 3016 καὶ
583 2962 877 3036 διαρρήδην
907 2965 966 3017 ἐν
991 2965 1132 3036 ἀρχῇ
1173 2965 1268 3018 τοῦ
1310 2964 1641 3033 Εὐαγγελίου
1691 2963 1828 3018 διδά-

265 3074 283 3106 ι
318 3073 481 3122 σκων,
541 3055 618 3119 ὡς
671 3056 1029 3127 ἀγνοούμενον
1083 3059 1141 3109 ἐν
1201 3055 1504 3128 ἀνθρώποις
1565 3054 1826 3126 πρότερον

265 3168 284 3200 ι
325 3149 495 3216 Λόγον
525 3149 684 3202 αὐτὸν
713 3147 807 3201 τοῦ
838 3148 1275 3218 παντοκράτορος
1313 3145 1614 3218 ὀνομάζων,
1653 3145 1826 3210 οὕτως

263 3259 282 3293 ι
311 3240 454 3312 ἔφη’
503 3241 599 3294 Ἐν
654 3238 812 3310 ἀρχῇ
858 3237 938 3310 ἦν
975 3243 1007 3294 ό
1043 3241 1251 3310 Λόγος,
1303 3239 1402 3293 καὶ
1451 3243 1485 3293 ό
1537 3240 1726 3310 Λόγος
1748 3235 1829 3309 ἦν

1944 603 1961 634 ι
1992 598 2212 638 carnem
2243 583 2565 652 disquisitio,
2583 587 2648 641 de
2666 587 2950 640 Servatore
2971 583 3274 653 adjiciatur,
3302 600 3499 654 opera-

1941 695 1958 727 ι
1986 676 2131 730 tione
2149 675 2399 732 divinitas
2443 677 2556 732 sola
2601 676 2874 731 videbitur
2909 675 3145 741 dilatari,
3197 685 3257 729 ut
3295 677 3498 732 merito

1939 786 1956 817 ι
1981 765 2193 834 quidem
2220 767 2397 822 unitas
2419 768 2490 822 sit
2506 764 3295 823 indivisibilis.»Vehementius
3317 765 3497 822 adhuc

1933 860 2033 914 hoc
2068 859 2205 913 idem
2237 869 2462 913 conatur
2487 871 2731 915 astruere
2790 859 2843 914 in
2875 859 2941 912 iis
2977 872 3102 928 quae
3138 857 3395 925 deinceps
3418 857 3494 913 ita

1930 951 2120 1005 scribit
2147 968 2160 1004 :
2187 948 2208 1022 [
2237 950 2302 1004 Β.
2333 949 2526 1016 XXXI,
2546 951 2670 1007 coll.
2699 965 2754 1021 p.
2789 950 2913 1014 ΗΞ,
2953 949 2996 1004 Δ
3020 948 3040 1020 1
3064 948 3246 1004 Dicere
3273 949 3492 1012 idcirco,

1929 1041 2080 1094 illum
2103 1052 2223 1095 ante
2241 1041 2436 1096 stecula
2457 1052 2759 1111 generatum
2791 1043 2976 1112 fuisse,
3003 1043 3205 1119 uidetur
3232 1043 3296 1097 de
3319 1059 3496 1098 neces-

1930 1133 2071 1188 saria
2115 1133 2220 1186 dici
2270 1135 2658 1204 consequentia.
2689 1131 2829 1187 Nam
2875 1135 3014 1203 quod
3058 1133 3310 1202 procedit,
3349 1135 3496 1204 geni-

1931 1233 2040 1276 tum
2078 1233 2173 1288 est,
2216 1225 2383 1292 patris
2432 1241 2462 1277 a
2505 1240 2606 1292 quo
2660 1225 2786 1281 exit.
2846 1224 3174 1278 Alterutrum
3221 1240 3324 1279 non
3362 1241 3494 1278 sano

1930 1315 2106 1380 modo,
2167 1331 2259 1368 nec
2307 1317 2586 1383 conjuncta
2632 1332 2750 1369 cum
2788 1315 2976 1384 pietate
3003 1314 3194 1369 abillo
3245 1315 3490 1370 sumitur.

1933 1401 2058 1456 Non
2082 1404 2217 1457 enint
2242 1404 2451 1458 verbum
2483 1422 2592 1459 esse
2622 1405 2779 1470 illud,
2800 1407 2993 1472 dicere,
3023 1410 3164 1476 quod
3191 1407 3254 1460 ab
3280 1423 3340 1460 eo
3368 1422 3495 1476 pro-

1931 1492 2102 1546 cedit:
2131 1503 2177 1546 et
2201 1495 2338 1546 hunc
2371 1511 2480 1550 esse
2505 1497 2850 1565 generationis
2892 1513 3067 1551 verum
3121 1499 3331 1552 modum
3354 1514 3374 1551 :
3402 1497 3494 1552 sed

1931 1584 2236 1652 simpliciter
2262 1583 2463 1638 Filium
2490 1584 2684 1649 solum,
2721 1585 2852 1639 solet
2884 1587 3093 1656 quidem
3139 1588 3206 1642 iis
3235 1589 3324 1659 qui
3358 1586 3492 1642 illud

1931 1679 2154 1731 audiunt
2181 1677 2453 1744 emphasin
2481 1680 2766 1742 quamdam
2792 1690 2838 1732 et
2863 1681 3225 1746 apparentiam
3251 1681 3492 1735 exhibere

1929 1769 2175 1822 humanae
2207 1769 2446 1824 visionis.
2490 1768 2546 1823 in
2603 1770 2742 1835 istis,
2787 1771 2905 1826 sine
2935 1771 3081 1826 omni
3126 1772 3494 1844 integumento

1931 1858 2145 1928 negavit
2175 1858 2369 1926 ﬁlium,
2396 1860 2644 1914 eumdem
2671 1875 2800 1916 vero
2835 1871 3051 1916 constat
3077 1861 3226 1917 illum
3251 1863 3496 1941 introdu-

1930 1963 2054 2004 cere
2092 1950 2290 2005 nudum
2341 1960 2551 2006 tantum
2599 1950 2856 2016 Verbum,
2903 1951 3266 2008 faciendarum
3311 1970 3491 2011 rerum

1930 2041 2358 2098 mandatorium:
2379 2043 2430 2098 id
2457 2044 2599 2113 quod
2627 2043 2796 2114 liquet
2821 2060 2888 2099 ex
2908 2046 3170 2116 adjectis:
3194 2066 3211 2098 ι
3236 2044 3406 2113 Quem
3424 2047 3492 2102 ad

1935 2149 1954 2183 ι
1979 2131 2120 2187 hunc
2153 2135 2365 2190 modum
2415 2150 2601 2191 omnes
2644 2134 2937 2206 Scriptum
2974 2137 3298 2208 praedicant:
3323 2137 3493 2193 David

1935 2243 1954 2277 ι
1975 2225 2237 2294 siquidem
2277 2227 2344 2280 de
2368 2226 2458 2282 illo
2487 2228 2658 2298 inquit
2684 2231 2752 2297 ⁷⁸,
2806 2227 2968 2284 Verbo
3000 2229 3240 2295 Domini,
3269 2231 3493 2284 stabiliti

1937 2337 1953 2369 ι
1978 2330 2099 2374 sunt
2133 2319 2285 2374 cwli;
2307 2330 2361 2374 et
2399 2321 2656 2386 secundo,
2685 2320 2806 2390 Ipse
2833 2323 3024 2376 emittet
3059 2322 3283 2386 verbum,
3321 2331 3368 2376 et
3402 2337 3491 2377 suo

1936 2430 1956 2461 ι
1982 2412 2124 2465 nabit
2160 2429 2248 2466 eos
2270 2412 2337 2468 ⁸⁸.
2363 2411 2616 2466 Salomon
2653 2423 2870 2467 autem:
2917 2411 3161 2478 Quwrent
3199 2428 3280 2468 me
3324 2413 3492 2483 impii,

1935 2521 1953 2552 ι
1978 2518 2068 2556 nec
2106 2503 2386 2558 invenient.
2423 2502 2559 2557 Odia
2582 2503 2770 2557 etenim
2805 2504 3096 2557 habuerunt
3139 2503 3495 2574 sapientiam:

1939 2610 1956 2643 ι
1994 2589 2214 2646 Verbum
2252 2609 2368 2648 vero
2401 2592 2615 2648 Domini
2648 2609 2751 2647 non
2775 2593 3038 2664 elegerunt
3069 2594 3140 2661 In;
3182 2602 3236 2650 et
3271 2593 3437 2650 Isaias
3476 2611 3490 2650 :

1934 2701 1951 2734 ι
1980 2679 2121 2736 Nam
2150 2683 2214 2737 de
2243 2682 2371 2738 Sion
2396 2685 2688 2754 egredietur
2716 2683 2800 2738 lea:
2819 2698 2838 2736 :
2869 2696 2915 2738 et
2951 2683 3172 2740 Verbum
3199 2685 3408 2740 Domini
3429 2686 3497 2740 de

1933 2792 1952 2826 ι
1973 2772 2269 2828 Jerusalem
2303 2774 2458 2842 “;et
2481 2773 2744 2832 Jcremias
2770 2775 3089 2844 :Pudefacti
3113 2785 3256 2841 sunt,
3296 2777 3491 2848 inquit,

1935 2884 1956 2916 ι
1977 2865 2258 2933 sapientes,
2279 2865 2460 2921 timore
2481 2869 2740 2934 concussi,
2771 2870 2909 2938 capti
2945 2878 3088 2931 sunt,
3114 2868 3234 2940 quia
3268 2866 3493 2924 Verbum

1929 2957 2144 3011 Domini
2174 2958 2473 3027 abjecerunt
2518 2959 2588 3016 ⁸³.
2631 2959 2699 3014 Et
2744 2961 3004 3030 pr0pheta
3039 2959 3210 3018 Osee:
3252 2960 3492 3016 Oderunt

1928 3050 1984 3103 in
2017 3049 2184 3118 portis
2211 3050 2672 3119 reprehendentem
2703 3065 2721 3104 :
2759 3064 2806 3107 et
2849 3050 3072 3106 Verbum
3107 3061 3352 3108 sanctum
3396 3054 3491 3105 ab-

1929 3141 2145 3195 ominati
2197 3149 2320 3197 sunt
2359 3141 2426 3197 ⁸⁸.
2464 3143 2724 3198 Similiter
2762 3152 2817 3200 et
2849 3143 3102 3201 Miclueas
3161 3145 3490 3201 mentionem

1929 3233 2090 3289 Verbi
2121 3233 2349 3299 faciens,
2381 3235 2497 3290 ait:
2540 3233 2858 3306 Egredietur
2879 3237 2986 3302 lex,
3022 3247 3071 3292 et
3121 3236 3347 3292 Verbum
3377 3236 3490 3291 Do-
3523 3221 3528 3226 ’

261 3351 280 3384 ι
315 3332 466 3402 πρὸς
493 3331 603 3386 τὸν
639 3332 806 3397 Θεὸν,
828 3333 927 3386 καὶ
980 3332 1123 3397 Θεὸς
1172 3327 1252 3401 ἦν
1283 3334 1316 3386 ό
1348 3331 1556 3400 Λόγος.
1597 3332 1672 3385 Οὐ
1725 3333 1823 3402 μιᾷ

1929 3327 2057 3380 mini
2083 3343 2148 3381 ea:
2178 3326 2476 3382 Jerusalem
2500 3329 2599 3381 ".r
2637 3330 2738 3385 Tot
2767 3341 2822 3385 et
2855 3339 3000 3385 tanta
3036 3330 3124 3384 ubi
3151 3329 3494 3386 coacervavit

258 3443 279 3477 ι
319 3423 594 3496 μαρτυρίᾳ
625 3423 904 3496 χρώμενος
934 3423 1036 3495 τὴν
1072 3424 1347 3494 ἁῖδιότητα
1371 3423 1464 3477 τοῦ
1506 3425 1678 3492 Λόγου
1729 3441 1820 3494 ση-

255 3533 274 3566 ‹
315 3514 514 3584 μαίνει.
558 3534 579 3568 s
619 3515 727 3569 Καὶ
757 3515 1080 3588 προστίθησι
1131 3514 1339 3578 τούτοις
1388 3514 1654 3584 ἐπιλέγων
1706 3515 1818 3588 (39)

247 3606 395 3676 ἑξῆς,
433 3626 452 3658 ι
494 3607 560 3661 ἶν’
584 3608 642 3660 ἐν
670 3608 767 3678 μὲν
793 3607 870 3678 τῷ
893 3610 1084 3678 φῆσαι,
1109 3608 1206 3661 Ἐν
1243 3606 1399 3677 ἀρχῇ
1423 3604 1502 3678 ἦν
1544 3609 1576 3660 ό
1608 3607 1816 3677 Λόγος.

252 3719 271 3750 ι
312 3697 483 3771 δείξῃ,
513 3699 736 3770 δυνάμει
759 3700 819 3752 ἐν
847 3698 925 3770 τῷ
952 3700 1125 3769 Πατρὶ
1158 3694 1296 3752 εἶναι
1329 3698 1419 3752 τὸν
1467 3698 1638 3766 Λόγον
1669 3713 1684 3728 ·
1731 3699 1820 3751 Ἐν

250 3806 271 3840 ι
306 3789 450 3860 ἀρχῇ
481 3788 589 3860 γὰρ
619 3789 872 3842 ἁπάντων
895 3789 1004 3842 τῶν
1032 3789 1330 3858 γεγονότων
1352 3787 1545 3850 όΘεὸς,
1573 3787 1632 3854 ἐξ
1653 3781 1713 3842 οὗ
1748 3786 1819 3840 τὰ

251 3896 271 3931 ι
307 3879 506 3934 πάντα·
539 3881 596 3932 ἐν
613 3880 671 3932 δὲ
699 3879 816 3950 τῷ)
854 3881 992 3934 «Καὶ
1011 3883 1040 3935 ό
1061 3881 1232 3948 Λόγος
1255 3875 1324 3950 ἦν
1348 3879 1594 3950 πρὸςιτὸν
1626 3877 1810 3944 Θεὸν,ι

251 3989 272 4022 ι
303 3971 554 4042 ἐνεργείᾳ
578 3972 712 4043 πρὸς
730 3972 822 4024 τὸν
841 3971 974 4025 Θεὸν
1006 3967 1144 4026 εἶναι
1164 3971 1256 4025 τὸν
1273 3971 1442 4040 Λόγον
1461 3987 1477 4003 ·
1510 3970 1684 4024 πάντα
1709 3971 1818 4043 γὰρ

248 4081 269 4116 ι
306 4064 376 4116 δι’
393 4061 557 4116 αὐτοῦ
585 4063 821 4131 ἐγένετο,
852 4063 944 4116 καὶ
968 4063 1134 4134 χωρὶς
1160 4061 1324 4116 αὑτοῦ
1349 4062 1562 4131 ἐγένετο
1585 4063 1704 4115 οὐδὲ
1735 4063 1814 4117 ἐν.

248 4172 270 4206 ι
317 4153 412 4208 Ἐν
440 4152 498 4206 δὲ
539 4151 616 4223 τῷ
649 4153 799 4205 Θεὸν
832 4147 983 4205 εἶναι
1023 4150 1132 4205 τὸν
1188 4150 1384 4218 Λόγον
1411 4149 1710 4222 εἰρηκέναι,
1742 4149 1818 4222 μὴ

246 4262 267 4296 ι
310 4243 539 4316 διαιρεῖν
567 4245 665 4316 τὴν
689 4242 958 4313 Θεότητα·
987 4241 1174 4312 ἐπειδὴ
1195 4244 1224 4294 ό
1267 4241 1437 4309 Λόγος
1467 4241 1528 4294 τὸ
1552 4241 1610 4292 ἐν
1646 4240 1815 4311 αὐτῷ,

243 4355 264 4383 σ
301 4336 400 4390 καὶ
429 4329 592 4399 οὗτος·
613 4336 672 4389 ἐν
729 4335 808 4406 τῷ
834 4335 1018 4404 Λόγῳ⁸
1060 4335 1155 4388 Ἐν
1192 4332 1320 4402 ἐμοὶ
1365 4331 1494 4405 γὰρ.
1553 4332 1738 4404 φησὶν,
1781 4334 1816 4386 ό

237 4427 470 4496 Πατὴρ,
491 4426 650 4496 κάγὼ
677 4428 743 4482 ἐν
770 4426 850 4493 τῷ
875 4427 1078 4495 Πατρί.
1115 4445 1137 4478 s
1167 4426 1276 4479 Καὶ
1306 4424 1385 4478 ἔτι
1414 4424 1620 4488 τούτοις
1649 4439 1818 4496 προσ-

231 4517 475 4590 τίθησιν,
537 4519 867 4591 ἀπογυμνῶν
927 4519 1018 4573 τὸν
1082 4519 1209 4573 ῐδιον
1265 4517 1409 4583 νοῦν,
1443 4518 1508 4572 δι’
1565 4511 1640 4572 ὧν
1669 4517 1816 4588 ιέξῆς

234 4611 440 4680 ἐπάγει
467 4611 657 4680 λέγων.
697 4629 716 4662 ι
739 4611 796 4664 '0
820 4611 998 4664 τοίνυν
1021 4611 1162 4682 ἱερὸς
1190 4609 1480 4673 ἀπόστολός
1498 4625 1558 4662 τε
1590 4609 1684 4663 καὶ
1712 4626 1815 4679 μα-

1927 3416 1996 3471 de
2022 3415 2200 3472 Verbo
2225 3419 2564 3474 mandatorio
2595 3419 2883 3476 Marcellus
2912 3422 3245 3486 testimonia,
3279 3420 3489 3490 ejusce—

1926 3508 2070 3563 modi
2097 3523 2310 3579 quoque
2335 3511 2531 3567 asserit
2557 3513 2833 3568 exstitisse
2859 3522 2914 3566 et
2930 3512 3164 3568 Verbum
3191 3514 3316 3568 illud
3347 3511 3492 3582 quod

1919 3601 2060 3669 apud
2113 3601 2300 3666 Deum,
2360 3601 2501 3658 Dens
2531 3605 2784 3660 exstabat
2833 3607 2900 3660 ab
2959 3607 3135 3661 initio.
3171 3605 3261 3678 [Β.
3301 3605 3489 3666 XLVI.

1919 3691 2116 3761 coll.p.
2134 3692 2255 3754 “8,
2279 3693 2341 3758 (Σ,
2366 3694 2492 3760 144,
2519 3695 2612 3766 A.]
2632 3696 2894 3764 Quocirca
2921 3698 3488 3768 subinl‘ertinquiens:

1925 3802 1943 3832 ι
1969 3782 2353 3841 Sanctissimus
2367 3787 2640 3856 apostolus
2651 3798 2705 3845 et
2722 3790 3017 3860 discipulus
3031 3791 3239 3846 Domini
3257 3789 3494 3846 Joannes

1928 3898 1945 3930 ι
1973 3877 2232 3934 exsertim
2260 3878 2458 3936 docens
2490 3881 2829 3950 apertissime
2856 3883 2909 3936 in
2929 3883 3194 3954 principio
3217 3884 3298 3940 sui
3319 3886 3492 3944 Evan-

1929 3988 1947 4019 ι
1973 3967 2096 4037 gelii
2124 3965 2379 4036 Verbum,
2404 3970 2551 4025 velut
2572 3971 2720 4040 prius
2739 3972 2879 4028 inter
2896 3973 3146 4030 homines
3159 3975 3488 4046 ignoratum,

1929 4082 1947 4113 ‹
1977 4061 2068 4116 Dei
2115 4062 2498 4133 omnipmentis
2528 4065 2848 4120 nominatim
2879 4066 3182 4136 compellat,
3215 4064 3487 4138 inquietis.

1928 4160 1986 4217 ᾖ(
2026 4174 2045 4207 ι
2095 4154 2157 4210 In
2183 4153 2437 4224 principio
2458 4164 2568 4209 erat
2605 4154 2853 4222 Verbum,
2877 4167 2923 4210 et
2953 4155 3180 4212 Verbum
3211 4168 3325 4212 erat
3349 4159 3490 4228 apud

1928 4264 1946 4297 ι
1975 4246 2158 4312 Deum,
2212 4257 2258 4300 et
2297 4245 2436 4300 Deus
2464 4257 2576 4300 erat
2617 4247 2750 4301 illud
2805 4247 3024 4302 Verbum
3061 4250 3135 4305 ⁸⁸.
3183 4249 3298 4306 Non
3333 4255 3490 4306 unico

1929 4357 1947 4388 ι
1969 4349 2256 4394 contentus
2275 4339 2770 4402 testimonio,Verbi
2788 4340 3054 4410 significat
3072 4341 3480 4399 aatcruitalem.i

1920 4430 2027 4503 [Β.
2062 4446 2204 4486 sunt
2235 4430 2359 4485 coll.
2387 4447 2440 4500 p.
2477 4431 2581 4486 H8
2609 4429 2712 4503 D.]
2746 4433 2952 4499 Quibus
2984 4433 3252 4487 subiul’ert
3282 4435 3486 4496 statim.

1928 4541 1946 4574 ι
1979 4531 2035 4576 ut
2065 4522 2116 4576 in
2145 4537 2210 4577 eo
2250 4521 2391 4592 quod
2422 4522 2676 4588 allirmat,
2713 4521 2779 4576 In
2813 4525 3072 4592 principio
3095 4533 3206 4577 erat
3238 4523 3486 4590 Verbum,

1928 4634 1946 4665 ι
1974 4615 2258 4669 ostendere
2298 4624 2500 4684 posset,
2535 4615 2772 4684 potentia
2807 4629 2926 4669 esse
2963 4613 3013 4668 in
3043 4613 3203 4668 Patre
3237 4631 3334 4670 suo
3351 4613 3487 4671 Ver-

240 4723 262 4758 e
305 4704 478 4780 θητὴς
501 4704 594 4758 τοῦ
638 4705 842 4776 Κυρίου
877 4705 1145 4775 Ἰωάννης,
1197 4703 1295 4774 τῆς
1324 4701 1620 4772 ἁῐδιότητος
1651 4700 1812 4754 αὑτοῦ

1929 4726 1944 4758 ι
1974 4706 2117 4760 bum.
2150 4705 2278 4760 Erat
2298 4705 2440 4761 enim
2472 4706 2524 4760 in
2558 4706 2817 4776 principio
2849 4720 3024 4759 rerum
3049 4706 3287 4760 omnium
3325 4707 3488 4771 Deus.

236 4813 258 4846 ι
309 4795 684 4866 μνημονεύων⁶
709 4794 915 4866 ἀληθὴς
967 4794 1208 4863 ἐγίγνετο
1257 4793 1350 4847 τοῦ
1384 4795 1556 4863 Λόγου
1587 4793 1815 4866 μάρτυς,

234 4907 256 4940 ι
311 4889 412 4941 Ἐν
433 4886 592 4957 ἀρχῇ
647 4883 727 4958 ἦν
767 4891 800 4942 ό
846 4888 1058 4958 Λόγος,
1095 4886 1289 4955 λέγων,
1319 4886 1416 4939 καὶ
1459 4888 1499 4939 ό
1522 4886 1710 4956 Λόγος
1739 4880 1819 4955 ἦν

235 4997 258 5027 ι
306 4978 462 5046 πρὸς
483 4979 591 5034 τὸν
645 4980 813 5042 Θεὸν,
849 4978 950 5033 καὶ
988 4977 1132 5044 Θεὸς
1168 4973 1248 5047 ἦν
1296 4981 1329 5033 ό
1376 4979 1565 5047 Λόγος
1597 4993 1612 5008 ·
1669 4977 1818 5031 οὐδὲν

235 5088 262 5120 ι
309 5069 585 5137 γενέσεως
641 5070 876 5126 ἐνταῦθα
930 5069 1280 5143 μνημονεύων
1319 5069 1413 5124 τοῦ
1469 5070 1666 5136 Λόγου,
1702 5068 1816 5123 ἀλλ’

243 5177 265 5211 ι
311 5159 638 5231 ἐπαλλήλοις
667 5163 814 5232 τρισὶ
864 5161 1188 5234 μαρτυρίαις
1239 5160 1539 5234 χρώμενος,
1563 5160 1813 5215 ἐϐεϐαίου

232 5270 265 5303 ι.
294 5253 356 5304 ἐν
386 5252 527 5324 ἀρχῇ
564 5253 655 5306 τὸν
678 5254 850 5323 Λόγον
878 5251 1036 5309 εἶναι.
1062 5275 1080 5307 ι
1114 5256 1222 5308 Καὶ
1256 5253 1576 5326 προστίθησι
1600 5251 1809 5316 τούτοις

223 5342 446 5410 λέγων·
490 5360 508 5394 ι
538 5343 650 5414 Τὴν
686 5345 783 5414 μὲν
832 5345 972 5400 κατὰ
1003 5345 1180 5418 σάρκα
1229 5345 1536 5417 οἰκονομίαν
1581 5344 1660 5416 τῷ
1712 5344 1806 5398 ἁν-

301 5513 366 5572 ›Ῑ‹
399 5507 496 5580 Ed.
535 5508 738 5580 Paris..
768 5525 889 5580 pag.
925 5511 1014 5565 3‘7.

218 5591 360 5642 uti,
396 5578 450 5634 9.
523 5578 783 5635 “Amos;
827 5578 883 5650 ν,
963 5582 1051 5635 10.
1124 5581 1167 5612 ⁸⁸
1199 5581 1454 5646 Mich.tv,
1482 5584 1536 5635 ἓ.

1117 5512 1163 5542 ⁷⁸
1189 5511 1328 5564 Psal.
1365 5527 1537 5573 xxx".
1560 5511 1613 5565 6.
1703 5510 1756 5542 ‘°
1776 5509 1919 5562 Psal.
1953 5529 2060 5575 ενι,
2089 5513 2179 5566 20.
2265 5513 2308 5544 ⁸⁸
2340 5513 2470 5580 Sap.
2497 5528 2617 5576 xm,
2649 5512 2705 5578 6,
2725 5512 2778 5566 7.

1124 5581 1167 5612 ⁸⁵
1199 5581 1454 5635 Mich.tv.
1482 5584 1536 5635 2.
1617 5581 1662 5612 ⁸⁸
1687 5579 1842 5635 Joan.
1885 5596 1924 5635 t.
1964 5585 2008 5635 ι.
2084 5584 2126 5615 ³⁷
2152 5581 2309 5635 Joau.
2347 5600 2399 5635 χ.
2429 5583 2515 5635 58.

1921 4819 1938 4851 ι
1969 4799 2034 4854 de
2050 4815 2155 4868 quo
2181 4799 2385 4856 omnia.
2412 4799 2467 4854 In
2499 4814 2563 4854 eo
2588 4799 2731 4870 quod
2760 4799 2857 4864 ait,
2877 4797 2942 4851 Et
2978 4796 3195 4852 Verbum
3220 4799 3353 4854 illud
3375 4809 3488 4856 erat

1921 4911 1938 4942 ι
1969 4890 2324 4961 apudDeum,
2357 4889 2590 4945 Verbum
2641 4891 2912 4945 exstitisse
2954 4891 3111 4944 docet
3137 4891 3275 4958 apud
3320 4893 3485 4948 Deum

1921 5001 1939 5033 ι
1971 4992 2110 5038 actu.
2153 4981 2285 5036 Nam
2322 4997 2417 5054 per
2459 4981 2606 5038 illum
2655 4983 2834 5036 omnia
2885 4982 3116 5050 ﬂebant,
3145 4993 3198 5038 et
3227 4984 3344 5038 sine
3395 4984 3486 5040 illo

1924 5094 1944 5126 ι
1971 5074 2132 5130 liebat
2176 5075 2308 5130 nihil
2339 5075 2480 5143 quod
2520 5073 2718 5129 factum
2742 5074 2880 5138 fuit;
2922 5075 2974 5128 in
3010 5089 3074 5129 eo
3115 5075 3268 5145 quod,
3287 5075 3486 5130 dicitur

1927 5184 1946 5215 ι
1978 5165 2142 5219 Deum
2169 5180 2291 5220 esse
2331 5165 2460 5221 illud
2494 5165 2722 5221 Verbum
2745 5205 2762 5231 ,
2789 5165 3123 5220 divinitatem
3165 5182 3269 5221 non
3297 5167 3488 5221 dividit

1922 5272 1940 5300 ι
1975 5255 2117 5321 quod
2146 5254 2376 5309 Verbum
2408 5265 2571 5324 esset,
2605 5256 2657 5310 id
2679 5258 2821 5326 quod
2855 5257 2907 5312 iu
2935 5256 3022 5310 illo
3039 5266 3200 5321 erat.
3228 5268 3279 5313 et
3313 5257 3402 5311 ille
3437 5259 3487 5312 in

1917 5367 1935 5395 ι
1967 5346 2160 5401 Verbo.
2180 5345 2247 5402 In
2264 5364 2342 5402 me
2357 5349 2520 5412 enim,
2545 5349 2737 5418 inquit,
2755 5347 2929 5416 Pater,
2948 5360 2998 5404 et
3013 5366 3104 5419 ego
3128 5352 3182 5404 in
3205 5350 3366 5406 Patre
3383 5351 3448 5406 θ’.
3463 5368 3482 5402 ι

2875 5512 2920 5545 ⁸³
2945 5511 3113 5578 lsans,
3137 5513 3198 5568 5.
3299 5513 3346 5548 ³⁸
3370 5509 3482 5570 .ltr.

2084 5584 2126 5615 ³⁷
2152 5581 2309 5636 Joau.
2347 5600 2399 5646 χ,
2429 5583 2515 5639 58.

297 5835 420 5906 ('59)
446 5837 612 5908 Vulgo
631 5835 826 5903 οὕτως
865 5836 1004 5893 infra
1025 5837 1180 5907 vulgo
1209 5839 1273 5891 δι’
1303 5830 1375 5893 ὧν
1406 5839 1528 5908 ἑξῆς
1561 5839 1823 5907 ἐπαγγέλλ

1929 5837 2109 5906 λέγων·
2143 5839 2316 5909 ἱερόςο
2345 5845 2398 5891 cl
2435 5838 2734 5909 γεννήσεως
2770 5845 2824 5892 ει
2851 5834 3202 5904 ἐπαλλήλως.
