4190 6406
478 363 586 416 787

1149 357 1410 413 EUSEBII
1450 354 1927 412 C/ESARIENSIS
1963 353 2108 408 ()PP.
2155 353 2338 407 PARS
2375 351 2465 410 IV.
2505 385 2574 393 —
2615 353 3026 411 DOGMATICA.

3623 357 3727 411 788

478 472 637 526 Addit
663 471 727 524 ad
756 471 858 526 ista
892 471 1141 527 revolans
1189 487 1341 526 suam
1391 473 1558 540 ipsius
1601 481 1872 534 mentem,
1923 471 2046 524 dum

2156 489 2174 518 ι
2211 468 2240 521 ϐ
2248 466 2416 543 ρώπῳ
2438 469 2711 540 διαφέρειν
2733 469 3127 541 γιγνώσκομεν·
3151 471 3247 541 τὴν
3268 472 3325 525 δὲ
3347 489 3486 526 κατα
3514 473 3728 546 πνεῦμα

478 563 856 632 prosequitur:
906 560 1014 633 [R.
1046 563 1293 634 XXVIII]
1339 583 1358 616 ι
1387 563 1619 618 Sanctus
1674 561 1950 632 apostolus
1999 575 2052 614 et

484 673 501 701 ι
543 652 835 723 discipulus
882 653 1092 709 Domini
1151 653 1430 717 Joannes,
1505 653 1826 708 aeternitatis
1881 652 2052 722 ipsius

486 760 503 791 ι
555 743 884 798 mentionem
941 743 1150 799 faciens
1175 785 1190 810 ,
1226 746 1543 800 verissimus
1605 746 1758 798 adest
1798 744 1948 797 testis
1988 743 2054 797 de

486 853 504 884 ι
548 833 748 903 Verbo,
804 837 871 890 In
914 839 1196 906 principio,
1236 839 1521 908 inquiens,
1564 847 1676 890 erat
1716 835 2049 890 Verbum:et

491 951 506 977 ι
570 926 794 982 Verbum
827 940 941 984 erat
968 931 1108 995 apud
1165 929 1323 983 Deum
1356 947 1374 983 :
1406 939 1454 982 et
1491 929 1631 982 Deus
1658 938 1768 982 erat
1813 925 2052 981 Verbum.

488 1039 505 1067 ι
553 1021 932 1076 Generationis
992 1021 1156 1078 Verbi
1215 1023 1358 1076 nulla
1415 1023 1504 1077 liic
1567 1021 1816 1075 mentio:
1851 1029 2052 1074 tantum

489 1132 506 1158 ι
555 1111 728 1166 tribus
754 1115 1010 1167 continuo
1049 1128 1106 1167 se
1148 1111 1500 1181 sequentibus
1547 1111 1876 1166 testimoniis
1902 1126 2052 1173 usus,

489 1223 504 1251 ι
550 1203 838 1257 conlirmat
874 1205 1024 1270 illud,
1057 1205 1289 1259 Verbum
1321 1207 1372 1257 in
1401 1205 1670 1273 principio
1695 1203 1991 1258 exstitisse.
2031 1222 2050 1254 ι

483 1295 737 1364 Adiungit
794 1297 915 1352 istis
957 1312 1117 1366 porro
1148 1313 1162 1349 :
1192 1295 1296 1368 [Β.
1336 1295 1474 1368 LXI]
1539 1314 1558 1347 ι
1593 1295 2052 1366 Dispensationem

492 1406 510 1434 ι
559 1388 854 1442 secundum
899 1404 1141 1451 carnem,
1197 1389 1399 1442 homini
1458 1390 1668 1444 scimus
1712 1391 2050 1443 convenire:

493 1499 510 1527 ι
559 1481 916 1534 aeternitatem
955 1496 1083 1534 vero
1127 1483 1420 1534 secundum
1443 1481 1710 1550 'spiritum
1744 1482 1890 1534 Patri
1931 1495 2054 1536 cre-

492 1591 508 1618 ι
553 1571 730 1624 diuius
767 1572 1095 1626 adunitam.»
1133 1572 1407 1626 Accedunt
1434 1574 1633 1627 eisdem
1666 1573 1716 1626 in
1752 1585 2003 1641 processu
2036 1588 2052 1625 :

491 1662 581 1733 [ιι.
618 1662 775 1716 LXIV
816 1664 936 1716 coll.
987 1679 1038 1733 p.
1073 1663 1172 1717 107
1221 1663 1300 1735 Β]
1339 1683 1356 1714 ι
1387 1664 1538 1730 Quod
1583 1665 1626 1719 si
1675 1665 1902 1734 ipsemet
1953 1664 2056 1718 hoc

497 1775 515 1801 ο
559 1755 809 1819 allirntet,
839 1755 1107 1823 inquiens,
1140 1757 1250 1825 Ego
1282 1759 1346 1810 de
1378 1755 1536 1809 Patre
1563 1756 1718 1818 exivi,
1743 1767 1789 1808 et
1819 1755 1964 1809 venio
1985 1755 2052 1818 ⁸⁸,

497 1867 515 1898 ι
565 1856 618 1901 et
656 1862 860 1912 rursus,
915 1845 1134 1900 Verbum
1175 1849 1311 1917 quod
1359 1849 1554 1901 auditis
1591 1864 1693 1901 non
1737 1857 1812 1900 est
1865 1863 2057 1912 meum,

495 1959 512 1986 ι
558 1940 646 1992 sed
678 1937 854 1992 Patris
882 1940 970 2009 qui
1003 1941 1142 1993 misit
1181 1957 1258 1993 me
1285 1940 1367 2006 ⁸⁹;
1400 1951 1472 2003 et,
1522 1939 1712 1994 Omnia
1746 1957 1862 2010 qua:
1902 1941 2065 1994 Pater

496 2047 514 2077 ο
558 2032 708 2082 habet
768 2047 881 2083 mea
933 2043 1050 2084 sunt
1107 2034 1176 2096 9°;
1233 2033 1583 2086 manifestum
1651 2041 1736 2086 est
1789 2031 1918 2086 illud
1957 2045 2060 2085 non

496 2142 514 2172 ι
563 2122 754 2191 injuria
773 2122 898 2186 dici,
932 2122 991 2176 In
1032 2140 1112 2176 me
1137 2122 1302 2177 Pater
1322 2133 1426 2184 est.
1446 2135 1493 2177 et
1520 2139 1612 2194 ego
1633 2124 1688 2177 in
1709 2122 1868 2177 Patre
1892 2123 1934 2157 ”
1959 2139 1976 2176 :
2007 2129 2064 2175 ut

496 2232 514 2263 ι
565 2216 617 2266 in
663 2213 773 2268 Deo
818 2216 1079 2269 subsistat
1134 2216 1371 2270 Verbum
1404 2215 1569 2279 illudi,
1605 2230 1633 2268 a
1675 2231 1782 2282 quo
1814 2215 1914 2267 hoc
1943 2229 2066 2282 pro-

499 2327 516 2357 ι
559 2308 748 2363 fertur.
784 2308 837 2362 Iit
871 2307 1047 2362 Verbo
1076 2317 1256 2362 autem
1284 2308 1374 2362 illo
1407 2307 1586 2370 Pater,
1613 2307 1868 2378 quoniam
1891 2305 2067 2361 Patris

498 2420 516 2447 ι
557 2401 820 2470 potentia.
859 2401 1095 2455 Verbum
1144 2411 1249 2456 est.
1305 2400 1485 2455 Testis
1529 2401 1674 2454 enim
1719 2400 1822 2454 lide
1851 2400 2064 2467 dignus,

501 2511 518 2539 ι
560 2505 682 2544 eum
731 2491 821 2544 Dei
863 2490 1157 2558 potentiam
1187 2530 1202 2553 ,
1248 2500 1302 2545 et
1332 2489 1662 2558 sapientiam
1699 2490 1786 2544 Dei
1821 2488 2068 2542 nomina-

502 2603 519 2632 ι
573 2583 666 2639 vit.
711 2582 825 2638 Non
868 2593 1087 2652 prapter
1121 2583 1266 2637 illam
1325 2582 1728 2636 exactissimam
1767 2594 2070 2634 consonant-

502 2695 520 2723 α
565 2677 716 2737 tiam,
745 2674 798 2728 in
835 2675 1086 2730 omnibus
1117 2674 1292 2728 verbis
1325 2683 1380 2728 et
1405 2673 1659 2742 operibus
1681 2712 1695 2734 .
1750 2681 1810 2724 ut
1857 2670 2070 2723 Asterie

503 2789 518 2815 σ
571 2767 783 2832 visum,
854 2767 1113 2820 Servator
1174 2767 1348 2830 dixit,
1421 2764 1534 2835 Ego
1587 2773 1636 2818 et
1688 2763 1853 2817 Pater
1907 2779 2067 2816 unum

504 2880 522 2910 ι
565 2875 744 2914 sumus
795 2859 863 2926 ",
922 2874 1108 2911 verum
1161 2858 1281 2912 ideo
1314 2859 1454 2926 quod
1485 2858 1554 2911 sit
1600 2855 1935 2924 impossibile
1988 2855 2071 2909 vel

502 2972 521 3002 ε
576 2950 805 3006 Verbum
840 2949 1082 3004 dividere
1113 2965 1142 3002 a
1173 2951 1312 3013 Deo',
1344 2949 1426 3002 vel
1456 2949 1619 3002 Deum
1651 2962 1678 2999 a
1716 2946 1892 3000 Verbo
1915 2961 2070 3014 sepa-

508 3066 525 3092 σ
570 3059 712 3100 rare.
745 3043 877 3097 Cum
909 3057 1040 3097 vero
1076 3050 1292 3110 propter
1318 3041 1460 3095 illam
1491 3040 1855 3095 omnimodam
1880 3053 2072 3094 conso-

2160 583 2178 611 ι
2219 562 2497 630 ἁῖδιότητα
2539 562 2778 632 ἡνῶσθαι
2827 563 2905 634 τῷ
2949 565 3123 634 Πατρὶ
3181 567 3641 636 πεπιστεύκαμεν.
3706 591 3724 622 ι

2153 655 2375 718 Τούτοις
2409 655 2611 726 προῖὼν
2643 656 2766 726 ἑξῆς
2821 657 3059 724 ἐπιλέγει
3106 659 3278 711 ταῦτα
3302 677 3314 690 ’
3353 680 3370 711 ι
3401 663 3463 714 Εἰ
3501 659 3594 716 οὖν
3629 665 3728 716 αύ-

2160 765 2178 796 ι
2222 747 2313 808 τὸς
2345 745 2491 814 λέγει
2514 745 2706 810 ταῦτα,
2739 746 2849 814 (40)
2898 745 3036 815 Ἐγὼ
3063 747 3131 799 ἐκ
3157 747 3263 801 τοῦ
3297 749 3527 816 Πατρός
3553 750 3730 816 ἐξῆλ-

2163 858 2180 889 ι
2213 843 2342 901 θον,
2397 837 2496 892 καὶ
2553 837 2718 905 ἦκω’
2765 839 2857 892 καὶ
2923 835 3118 902 αὖθις·
3165 840 3227 892 '0
3265 841 3472 909 Λόγος,
3533 841 3607 895 ὃν
3660 843 3730 897 ἀ-

2161 951 2178 982 ι
2219 931 2446 992 κούετε,
2484 933 2594 984 οὐκ
2634 929 2807 983 ἔστιν
2837 930 2998 1000 ἐμός,
3037 929 3196 985 ἀλλὰ
3229 933 3333 986 τοῦ
3385 933 3732 1002 πέμψαντός

2161 1036 2180 1068 ι
2211 1035 2288 1086 με
2317 1020 2546 1084 Πατρός
2567 1035 2579 1047 ⁸
2614 1019 2727 1076 καὶ.
2772 1018 2973 1071 Πάντα
3001 1019 3116 1072 ὅσα
3153 1019 3277 1089 ἔχει
3307 1024 3340 1074 ό
3371 1022 3574 1092 Πατὴρ
3621 1024 3732 1094 ἐμά

2162 1129 2179 1160 ι
2219 1110 2372 1172 ἐστι,
2427 1109 2582 1180 δῆλον
2609 1149 2624 1173 ,
2683 1111 2765 1163 ὅτι
2806 1110 3030 1174 εἰκότως
3088 1113 3305 1165 κάκεῖνο
3363 1113 3578 1182 ἔλεγεν⁵
3638 1118 3734 1170 Ἐν

2147 1192 2179 1253 ⁸ι
2217 1203 2345 1271 ἐμοὶ
2379 1205 2411 1256 ό
2434 1202 2662 1270 Πατὴρ,
2701 1201 2862 1271 κάγὼ
2891 1203 2960 1256 ἐνν
2992 1203 3070 1270 τῷ
3120 1206 3330 1273 Πατρὶ,
3387 1207 3472 1259 ἵνα
3519 1210 3574 1260 ἐν
3615 1209 3732 1279 Θεῷ

2159 1297 2257 1366 μὲν
2349 1297 2377 1348 6
2416 1295 2608 1363 Λόγος,
2643 1297 2671 1348 6
2694 1295 2851 1349 τοῦτο
2881 1295 3074 1363 λέγων,
3100 1299 3156 1350 ἐν
3183 1297 3240 1350 δὲ
3279 1297 3357 1370 τῷ
3383 1299 3538 1370 Λόγῳ
3565 1303 3593 1353 6
3625 1301 3732 1353 Πα-

2155 1390 2293 1459 τήρ’
2346 1389 2428 1441 ὅτι
2457 1388 2684 1460 δύναμις
2723 1387 2817 1440 τοῦ
2854 1389 3064 1460 Πατρὸς
3111 1391 3139 1443 ό
3184 1391 3371 1461 Λόγος.
3450 1392 3584 1446 Θεοῦ
3626 1395 3732 1464 γὰρ

2162 1500 2178 1529 ι
2216 1481 2377 1533 αὑτὸν
2409 1481 2659 1550 δύναμιν,
2687 1481 2780 1533 καὶ
2809 1480 2942 1534 Θεοῦ
2972 1483 3162 1550 σοφίαν
3206 1482 3515 1547 ἀξιόπιστος
3546 1485 3730 1557 εἴρηκε

2162 1592 2178 1620 ι
2233 1573 2459 1642 μάρτυς.
2496 1574 2568 1626 Ob
2602 1573 2689 1626 διὰ
2715 1575 2813 1644 τὴν
2853 1575 2910 1627 ἐν
2957 1575 3158 1628 ἅπασιν
3199 1573 3292 1630 οὗν
3325 1577 3502 1645 λόγοις
3529 1595 3588 1630 τε
3637 1580 3732 1631 καὶ

2162 1683 2179 1714 ι
2217 1664 2398 1734 ἔργοις
2440 1664 2641 1735 ἀκρισῆ
2706 1667 3043 1736 συμφωνίαν,
3084 1666 3159 1730 ὼς
3213 1667 3487 1737 Ἀστέριος
3538 1666 3674 1738 ἔφη,
3705 1669 3732 1720 ὁ

2165 1778 2181 1807 ι
2220 1758 2407 1829 Σωτὴρ
2434 1757 2601 1826 λέγει,
2649 1758 2797 1828 Ἐγὼ
2833 1759 2933 1812 καὶ
2963 1764 2994 1814 ό
3026 1759 3225 1827 Πατὴρ
3248 1760 3317 1813 ἓν
3343 1761 3547 1829 ἐσμεν,
3601 1759 3734 1812 ἀλλὰ

2167 1867 2184 1898 ι
2231 1848 2362 1901 διότι
2387 1847 2645 1902 ἀδύνατόν
2675 1851 2840 1914 ἐστιν,
2871 1849 2903 1921 ἢ
2928 1850 3098 1918 Λόγον
3125 1849 3310 1921 Θεοῦῆ
3332 1851 3464 1903 Θεὸν
3487 1851 3580 1904 τοῦ
3611 1853 3734 1904 ἐαυ-

2170 1956 2188 1988 ι
2225 1937 2319 1990 τοῦ
2359 1936 2675 2008 μερίζεσθαι
2713 1939 2907 2006 Λόγου.
2951 1939 3103 1991 Ἐπεὶ
3142 1941 3192 1991 εί
3237 1939 3323 1992 διὰ
3377 1939 3488 2010 (41)
3528 1940 3624 2011 τὴν
3677 1943 3733 1992 ἐν

2171 2047 2187 2077 ι
2229 2028 2398 2082 ἆπασι
2446 2029 2762 2098 συμφωνίαν
2809 2029 2962 2082 τοῦτο
3015 2029 3108 2082 τὸν
3172 2031 3396 2101 Σωτῆρα
3457 2032 3731 2103 εἰρηκέναι

2171 2138 2187 2167 ι
2235 2119 2508 2190 ’Λστέριος
2552 2120 2743 2182 οἴεται,
2779 2121 2870 2173 καὶ
2913 2121 2985 2192 μὴ
3041 2124 3107 2193 τῇ
3172 2121 3398 2194 δευτέρᾳ
3453 2124 3731 2195 οἰκονομία

2171 2231 2188 2262 ι
2226 2211 2524 2283 προσέχων,
2575 2213 2806 2282 τάληθὲς
2870 2213 3156 2284 μανθάνειν
3191 2214 3382 2279 ἐθέλει,
3440 2216 3734 2284 ἀναγκαῖόν

2171 2323 2187 2351 ι
2231 2305 2376 2355 ἐστιν
2405 2304 2712 2374 ὑπομνῆσαι
2748 2305 2928 2370 αὑτὸν,
2961 2305 3079 2370 πῶς
3123 2306 3316 2369 ἐνίοτε,
3353 2307 3413 2360 τὸ
3457 2308 3597 2361 κατὰ
3637 2307 3732 2378 τὴν

2172 2416 2188 2443 ι
2225 2396 2322 2466 σὴν
2348 2396 2670 2467 φαινόμενον
2689 2397 3043 2467 ἀσυμφωνίαν
3074 2400 3220 2452 ἐστὶν
3253 2398 3399 2452 ἰδεῖν.
3435 2398 3591 2452 Οὕτω
3627 2400 3734 2470 γὰρ

2174 2506 2190 2535 ι
2228 2487 2375 2556 ἡμᾶς
2401 2486 2470 2540 τὰ
2512 2486 2650 2558 ῥητὰ
2687 2486 2944 2542 διδάσκει.
2986 2488 3120 2540 Ποία
3161 2487 3269 2560 γὰρ
3319 2490 3377 2541 ἐν
3421 2488 3595 2559 καιρῷ
3643 2488 3734 2542 τοῦ

2173 2596 2190 2626 ι
2231 2575 2435 2640 πάθους
2471 2577 2758 2648 συμφωνία
2790 2578 2948 2632 τοῦτο
2988 2578 3269 2648 λέγοντος·
3311 2579 3520 2647 Πάτερ,
3544 2583 3596 2634 εὶ
3636 2580 3738 2633 δυ-

2175 2687 2192 2716 σ
2224 2666 2427 2734 νατόν,
2450 2667 2789 2735 παρελθέτω
2819 2668 2886 2723 τὸ
2913 2669 3198 2738 ποτήριον
3235 2670 3430 2734 τοῦτο,
3458 2671 3740 2742 ἐπιφέρον-

2177 2776 2194 2807 ι
2227 2775 2316 2820 τος
2343 2757 2399 2810 δὲ
2446 2758 2686 2820 κάκεῖνο,
2717 2757 2892 2827 Πλὴν
2932 2759 3018 2828 μὴ
3061 2760 3138 2825 ὼς
3160 2759 3274 2830 ἐγὼ
3298 2759 3467 2825 θέλω,
3496 2762 3632 2814 ἀλλ’
3661 2762 3739 2828 ὡς

2176 2871 2193 2901 ι
2228 2853 2346 2914 σύ;
2379 2850 2452 2904 Οὐ
2494 2851 2907 2921 συμφωνοῦντος
2932 2853 3038 2924 γὰρ
3069 2849 3136 2924 ἦν
3167 2853 3382 2923 πρῶτον
3427 2854 3523 2922 μὲν
3565 2853 3624 2906 τὸ
3656 2854 3741 2906 λέ-

2178 2963 2194 2992 ι
2229 2959 2364 3011 γειν,
2382 2941 2728 3010 Παρελθέτω
2742 2943 2810 2996 τὸ
2839 2943 3123 3012 ποτήριον
3145 2945 3339 3009 τοῦτο,
3369 2945 3516 2998 οὐδὲν
3540 2945 3596 2998 δὲ
3626 2945 3733 3014 ἐχό-

2179 3053 2196 3082 ι
2235 3049 2393 3102 μενον
2422 3033 2738 3102 συμφωνίας
2768 3032 2861 3085 καὶ
2887 3033 2946 3086 τὸ
2971 3035 3360 3105 ἐπιφερόμενον
3413 3031 3548 3088 εἶναι
3577 3035 3738 3088 δοκεῖ.

506 3160 522 3185 ι
570 3134 811 3189 nantiant
853 3133 1106 3188 Asterius
1153 3141 1302 3202 putet
1348 3128 1688 3187 Sei'vatorem
1736 3131 1969 3185 locutum
2003 3133 2068 3184 ad

2179 3144 2194 3174 ι
2230 3123 2389 3192 Λέγει
2435 3123 2572 3194 γὰρ,
2628 3123 2718 3194 Μὴ
2773 3125 2834 3178 τὸ
2871 3125 3021 3196 ἐμὸν,
3067 3125 3201 3179 ἀλλὰ
3255 3125 3315 3180 τὸ
3348 3126 3438 3179 σὸν
3480 3127 3740 3195 γενέσθω,

507 3249 522 3277 ι
571 3229 734 3283 istum
762 3227 1004 3291 modum,
1034 3240 1134 3281 nec
1173 3225 1413 3279 animum
1447 3225 1512 3278 ad
1541 3224 1834 3278 secundam
1863 3236 2075 3278 (econo-

505 3340 520 3368 ι
571 3319 732 3373 miam
775 3320 1082 3384 advertens,
1115 3318 1401 3372 veritatem
1450 3315 1619 3370 voluit
1656 3315 1919 3376 ediscere,
1981 3327 2072 3366 ne-

508 3432 525 3463 ι
571 3426 724 3467 cesse
751 3420 833 3466 est
857 3420 918 3465 ut
956 3408 1103 3463 illum
1137 3405 1654 3470 commonefaciam,
1690 3407 1885 3459 docere
1927 3402 2075 3456 Scri—

506 3525 523 3554 ι
572 3513 779 3574 pturam
810 3503 1240 3572 expressisslme,
1262 3501 1430 3557 videri
1459 3499 1648 3555 saltem
1683 3497 1971 3566 aliquando
1997 3496 2077 3548 iti-

506 3620 522 3646 c
567 3597 977 3652 consonantiam
1014 3608 1154 3649 esse.
1194 3593 1455 3660 Quaenam
1488 3600 1607 3646 erat
1641 3591 1785 3645 enim
1812 3589 1914 3643 sub
1950 3603 2078 3657 pas-

509 3712 524 3739 ι
573 3689 742 3743 sionis
773 3697 1017 3752 tempore
1045 3683 1424 3746 consonantia,
1455 3698 1575 3737 cum
1606 3682 1813 3736 diceret
1847 3696 1862 3733 :
1893 3677 2072 3744 Pater,

509 3801 526 3833 ι
581 3784 627 3836 si
658 3781 904 3846 possibile
951 3789 1049 3845 est,
1101 3787 1332 3832 transeat
1373 3779 1469 3830 iste
1496 3775 1682 3830 calix?
1711 3784 1765 3827 et
1812 3771 2074 3828 inferret:

509 3893 527 3924 ι
574 3884 953 3935 verumtamen,
990 3889 1092 3926 non
1133 3880 1188 3924 ut
1219 3887 1311 3940 ego
1353 3869 1489 3933 talo,
1521 3867 1609 3920 sed
1637 3874 1775 3918 ut-tu
1805 3865 1871 3919 ”.
1918 3864 2078 3933 Equi-

511 3987 528 4018 ι
577 3968 697 4019 dem
771 3979 876 4018 non
932 3970 1050 4016 erat
1107 3958 1454 4014 consonantis
1503 3957 1722 4018 dicere,
1772 3952 2078 4021 imprimis,

512 4080 530 4111 ι
580 4058 836 4112 Transeat
862 4059 961 4110 iste
987 4055 1148 4108 calix.
1209 4051 1317 4106 Nec
1367 4066 1490 4104 cum
1534 4046 1889 4102 consonantia
1924 4044 2080 4114 quid-

513 4171 532 4203 ι
581 4166 739 4220 quam
787 4149 988 4202 habere
1021 4158 1306 4200 commune
1348 4143 1577 4202 videtur,
1623 4139 1763 4208 quod
1794 4139 2078 4206 sequitur:

515 4264 532 4294 ι
580 4250 638 4307 >14
685 4241 808 4295 Non
840 4257 952 4292 mea
981 4237 1241 4299 voluntas,
1273 4233 1364 4288 sed
1407 4243 1495 4285 tua
1533 4231 1650 4299 ﬁat,
1695 4229 1876 4283 Pater.
1911 4228 2080 4283 Audis

501 4311 535 4386 ἰ
580 4344 782 4400 autem,
812 4333 954 4402 quod
990 4331 1160 4399 prima
1195 4327 1411 4395 quidem
1452 4323 1592 4377 facie
1643 4322 1821 4376 littera
1864 4320 2081 4374 denotet

516 4449 534 4480 ι
576 4423 1047 4481 inconsonantiatn
1081 4435 1097 4473 :
1129 4419 1225 4474 Illo
1255 4417 1470 4471 volente
1493 4457 1507 4479 ,
1546 4415 1647 4468 hoc
1684 4427 1788 4467 non
1823 4412 2034 4465 volente
2065 4428 2078 4463 :

2181 3236 2199 3266 ι
2231 3216 2431 3288 Πάτερ,
2458 3216 2690 3286 θέλημα.
2735 3217 2976 3280 ’Λκούεις
3021 3219 3169 3280 ὅπως
3210 3219 3566 3289 ἁσυμφωνίαν
3603 3217 3743 3270 κατὰ

2181 3329 2198 3359 ι
2239 3309 2304 3359 τὸ
2322 3307 2641 3378 φαινόμενον
2668 3307 2818 3377 δηλοῖ
2842 3308 2901 3361 τὺ
2932 3310 3186 3378 γράμμα,
3221 3307 3314 3360 τοῦ
3350 3308 3446 3376 μὲν
3481 3307 3742 3369 θέλοντος,

2182 3421 2198 3451 ι
2245 3399 2337 3452 τοῦ
2364 3398 2419 3451 δὲ
2454 3397 2528 3469 μὴ
2565 3397 2830 3461 θέλοντος.
2858 3399 2979 3451 Ὅτι
3017 3399 3113 3468 μὲν
3158 3398 3267 3469 γὰρ
3293 3396 3540 3450 ἐϐούλετο
3586 3399 3614 3449 6
3635 3397 3746 3448 Πα-

2182 3508 2199 3540 ι
2241 3489 2364 3560 τὴρ,
2399 3489 2554 3560 δῆλον
2600 3491 2690 3557 ἀφ’
2730 3483 2803 3542 ὧν
2827 3489 2856 3542 ὃ
2891 3489 3138 3542 ἐϐούλετο
3167 3489 3417 3556 γέγονεν’
3452 3491 3533 3542 ὅτι
3571 3488 3624 3541 δὲ
3647 3488 3746 3540 οὐκ

2183 3603 2200 3632 ι
2249 3583 2496 3636 ἐϐούλετο
2541 3585 2569 3636 6
2607 3583 2754 3646 Υἱὸς,
2809 3582 2965 3653 δῆλον
3024 3582 3090 3635 δι’
3127 3576 3202 3636 ὧν
3232 3585 3594 3654 παραιτεῖται.
3637 3581 3747 3632 Καὶ

2183 3694 2200 3724 ι
2236 3670 2408 3738 αὖθις,
2448 3677 2529 3728 Οὐ
2553 3673 2720 3741 ζητῶ,
2757 3675 2908 3743 φησὶ,
2940 3673 3006 3727 τὸ
3038 3673 3265 3742 θέλημα
3292 3673 3357 3726 τό
3385 3671 3559 3741 ἐμόν,
3587 3670 3748 3725 ἀλλὰ

2183 3785 2201 3813 ι
2236 3763 2302 3816 τὸ
2354 3764 2582 3832 θέλημα
2628 3764 2734 3818 τοῦ
2779 3763 3128 3833 πέμψαντός
3193 3780 3269 3832 με
3307 3764 3554 3830 Πατρός.
3622 3761 3747 3822 Πῶς

2185 3879 2202 3910 ι
2244 3855 2336 3912 οὖν
2352 3859 2438 3912 διὰ
2465 3858 2564 3929 τὴν
2589 3859 2645 3910 ἐν
2678 3858 2848 3912 ἅπασι
2888 3856 3202 3927 συμφωνίαν
3229 3855 3319 3909 τὸν
3343 3857 3570 3925 Σωτῆρα
3594 3855 3745 3924 εἰρη-

2184 3970 2201 4000 ι
2240 3951 2393 4004 κέναι
2444 3949 2640 4021 φησὶν,
2687 3948 2828 4018 Ἐγὼ
2873 3949 2970 4002 καὶ
3012 3951 3044 4002 ό
3100 3946 3302 4015 Πατὴρ
3344 3946 3415 4000 ἓν
3474 3948 3691 4016 bauer;
3722 3965 3739 3996 ι

2179 4043 2287 4095 Καὶ
2347 4041 2482 4112 μετὰ
2558 4041 2764 4114 βραχέα
2829 4041 3102 4109 ἐπιλέγει·
3169 4059 3186 4090 ι
3230 4039 3355 4104 Πῶς
3435 4038 3748 4110 συμφωνίαν

2185 4153 2203 4184 ι
2247 4133 2390 4204 ἐχειν
2415 4132 2550 4203 πρὸς
2581 4133 2674 4185 τὸν
2700 4132 2920 4202 Πατέρα
2943 4135 2972 4184 6
3001 4131 3124 4194 Υἱὸς
3151 4130 3394 4194 δύναται,
3431 4129 3463 4200 ἦ
3497 4132 3525 4182 ὁ
3559 4129 3748 4198 Πατὴρ

2187 4247 2203 4276 ι
2247 4226 2383 4297 πρὸς
2407 4225 2496 4277 τὸν
2533 4225 2678 4286 Υίὸν,
2705 4224 2799 4277 τοῦ
2829 4224 2958 4277 Υίοῦ
2989 4224 3189 4277 Πάντα
3221 4223 3338 4276 ὅσα
3376 4225 3502 4292 ἕχει
3536 4225 3568 4276 ό
3625 4225 3746 4274 Ila-

2187 4335 2205 4366 ι
2241 4315 2369 4382 τὴρ,
2396 4314 2510 4384 ἐμά
2539 4313 2690 4376 ἐστι,
2747 4314 3014 4382 λέγοντος;
3037 4315 3327 4386 ’Λντικρυς
3369 4312 3476 4384 γὰρ
3529 4310 3744 4364 πλεονε-

2189 4429 2204 4458 ι
2244 4405 2496 4469 κτοῦντος
2531 4399 2599 4476 ἦν
2627 4405 2722 4458 τοῦ
2751 4405 2882 4458 Υίοῦ
2926 4406 3018 4458 τὸν
3061 4405 3298 4476 Πατέρα,
3344 4405 3437 4458 τοῦ
3482 4405 3748 4472 λέγοντος,

517 4539 538 4574 ι
588 4518 832 4574 Voluisse
855 4527 1091 4584 namque
1117 4522 1320 4582 patrem
1348 4549 1362 4571 ,
1405 4516 1554 4577 patet
1583 4521 1650 4560 ex
1676 4519 1762 4568 eo,
1791 4502 1933 4572 quod
1967 4501 2070 4554 fac-

2189 4523 2205 4551 ι
2247 4499 2448 4554 Πάντα
2494 4498 2612 4554 ὅσα
2653 4497 2778 4568 ἔχει
2819 4501 2852 4552 ὁ
2906 4499 3107 4567 Πατὴρ
3146 4497 3258 4567 ἐμά
3301 4499 3451 4552 ἐστι.
3493 4517 3510 4548 ι
3547 4497 3750 4550 Τούτου

516 4633 535 4665 ι
585 4623 694 4665 tum
725 4611 824 4668 fuit
850 4607 976 4663 illud
1016 4604 1158 4674 quod
1195 4600 1443 4656 volebat:
1474 4598 1587 4652 Non
1630 4596 1862 4650 voluisse
1890 4593 2080 4657 lilium,

627 4755 684 4814 ἦ
723 4748 818 4802 Ed.
846 4747 1047 4808 Parim,
1077 4761 1199 4814 pag.
1229 4744 1317 4798 '58.

512 4823 558 4856 θ’
595 4812 749 4876 Juau.
807 4837 862 4882 χ,
913 4817 1003 4871 '50.
1078 4812 1366 4868 “'Mallil.
1423 4827 1568 4876 xxvt,
1614 4812 1703 4865 59.

587 5013 700 5087 (40)
932 5012 1001 5065 ἐκ
1052 5009 1158 5087 τοῦ
1193 5007 1420 5087 Πατρός
1460 5004 1745 5084 ἐξῆλθον,
1781 5000 1879 5087 καὶ
1933 4999 2077 5087 ἦξε-ω.

518 5070 629 5140 11οἒ
663 5070 750 5136 ubi
798 5070 998 5136 dictum
1032 5082 1102 5133 sit
1131 5095 1158 5132 a
1195 5070 1514 5140 Servature,
1540 5070 1748 5135 nescio;
1782 5070 1937 5124 Joan.
1970 5084 2081 5132 xw,

515 5159 607 5223 9.7,
643 5154 859 5223 legitur,
901 5150 1165 5223 ἐξῆλθον
1196 5149 1357 5223 παρᾲ
1385 5146 1490 5200 τοῦ
1508 5141 1902 5223 ,Πατρὸςικᾳὶ
1939 5140 2080 5204 ἐλή-

520 5213 673 5280 λιίθα
699 5213 808 5288 νεις
847 5213 963 5278 ’τὸκ
998 5213 1251 5289 κόσμον.
1276 5213 1393 5270 ΊΙΙο
1437 5215 1664 5289 μάρτυς
1716 5213 2088 5289 ᾷξιόπιστος,

526 5296 720 5363 Paulus
745 5279 849 5358 est,
877 5295 895 5347 I
930 5292 1057 5347 Cor.
1085 5279 1246 5363 24.
1273 5289 1342 5343 Μ.
1371 5279 1453 5363 τί
1479 5279 1644 5363 form
1677 5284 1812 5363 μένῃ
1857 5297 1952 5350 pro
1989 5279 2087 5350 μὲν

519 5362 556 5441 ᾖ
592 5365 699 5441 Mi}.
723 5380 736 5427 ;
761 5355 1080 5441 deinyu‘lgo
1176 5360 1345 5441 Λόγον
1379 5355 1514 5441 Θερῦ
1544 5355 1746 5441 ἐαυτού
1770 5355 1891 5441 pip;

595 5421 735 5504 (ιἰ)’
761 5433 916 5504 Ἐπεὶ
955 5421 1238 5504 ιδίατλὶιιιο
1263 5421 1592 5504 legendum,
1634 5421 1958 5504 ἐπείδέδιᾴ
1991 5421 2089 5491 τήν

526 5493 750 5578 [ἐτὶεὶέἰ
776 5503 862 5557 διά
891 5519 954 5556 ex
993 5502 1150 5556 codd.
1183 5493 1441 5622 reposui};
1467 5507 1589 5550 nota
1616 5505 1697 5550 est
1733 5495 1845 5576 lucc
1867 5493 2089 5545 Ariano-

530 5593 646 5622 rmn
689 5573 1067 5622 interpretatio
1111 5571 1359 5622 unitatis.
1446 5568 1578 5621 atris
1624 5577 1676 5620 et
1716 5565 1861 5622 Filii.
1900 5563 1965 5615 de
1997 5578 2088 5612 vo-

530 5563 646 5630 i'nin
689 5573 1067 5640 interpretatio
1111 5563 1359 5632 unitatis,
1402 5563 1578 5642 Patris
1617 5577 1684 5642 _et_
1716 5565 1861 5642 Filii,
1900 5563 2088 5642 ἀεῖ-νο-

530 5648 736 5700 lnntate
769 5631 875 5698 non
910 5653 1098 5696 natura
1129 5652 1218 5694 ant
1243 5631 1478 5693 essentia
1517 5635 1894 5699 accipientium
1935 5631 2086 5684 illud.

535 5715 645 5785 Ego
669 5727 716 5770 et
752 5713 913 5768 Pater
938 5729 1098 5766 unum
1124 5709 1510 5785 su-mus_(Joan.
1539 5723 1593 5785 ς,
1628 5704 1738 5785 ῥυ),
1767 5706 1832 5785 τῇ
1863 5701 2089 5785 δευτέρα

531 5773 828 5857 οἰκονομίᾳ,
860 5795 940 5842 est
978 5787 1042 5854 τῇ
1084 5785 1140 5835 ἐν
1177 5773 1463 5849 δευτέροις,
1498 5778 1588 5833 sed
1626 5778 1762 5829 forte
1809 5773 2086 5843 legendum

1429 4743 1474 4774 ⁸⁸
1503 4742 1660 4796 Juan.
1688 4755 1797 4803 xvt,
1827 4738 1919 4801 ‘27,
1955 4736 2045 4791 9.8.
2119 4735 2162 4767 ⁸³
2190 4735 2344 4792 .Iuatt.
2376 4751 2486 4804 xw,
2521 4736 2612 4790 24.

2197 4612 2212 4642 ι
2247 4591 2357 4663 γὰρ
2383 4591 2540 4663 χάριν
2565 4593 2762 4663 παρεὶς
2794 4590 2877 4650 τὸ.
2908 4591 3131 4654 Πάντα,
3176 4591 3294 4644 ὅσα
3321 4591 3445 4659 ἔχει
3477 4592 3510 4642 ὀ
3549 4587 3748 4654 Πατὴρ

2718 4735 2764 4766 ⁹⁰
2789 4734 2944 4793 Juan.
2986 4751 3095 4801 xvi,
3141 4735 3224 4790 15.
3324 4736 3367 4766 ⁹¹
3407 4733 3625 4801 Joan.x,
3657 4734 3746 4788 38.

2184 4997 2290 5051 κᾶν
2324 4995 2410 5067 μὴ
2448 4998 2513 5065 τῇ
2543 4994 2973 5067 δευτέρᾳηθιοζ,
3013 4989 3143 5067 πῶς.
3175 4984 3522 5067 ἐνίοτε-κατέ
3560 4983 3748 5066 αὐτὴν,

2187 5055 2514 5137 φαινομένην
2541 5055 2895 5134 ἀσυμφωνίαν
2923 5061 3065 5137 ἐστιν
3099 5057 3245 5137 ίδεῖν;
3277 5055 3389 5136 vult
3426 5055 3668 5107 Asterius
3699 5055 3750 5105 in

2187 5126 2440 5192 omnibus
2465 5126 2663 5203 tibique
2691 5126 3019 5203 συμφωνίαν
3035 5126 3329 5203 voluntatis
3352 5139 3622 5203 summam
3647 5139 3754 5203 _ap—

2190 5208 2475 5276 paruisse.
2500 5194 2610 5276 luto
2647 5194 2774 5276 non'
2791 5194 2961 5276 inquit
2985 5198 3326 5276 __Marcellus._
3352 5194 3748 5276 Erat-quaedam

2191 5265 2517 5347 ἆσυμφωνία
2537 5275 2589 5328 iu
2617 5265 3219 5347 passione'ileclinanila,
3244 5265 3533 5347 voluntatis
3565 5274 3754 5347 nempe

2197 5334 2478 5406 humanae,
2532 5361 2561 5398 a
2619 5334 2830 5404 divina,
2886 5341 3306 5400 conditionatae,
3362 5337 3430 5389 ab
3484 5334 3752 5387 absoluta.

2195 5416 2367 5471 Locus
2400 5425 2483 5470 est
2527 5413 2684 5468 Joan.
2716 5429 2772 5477 ιι,
2802 5414 2893 5472 50,
2937 5409 3392 5484 celebratissimus
3442 5419 3536 5472 per
3579 5413 3753 5484 certa~

2198 5487 2339 5540 mina
2371 5471 2772 5556 Catholiror‘nin’
2802 5471 3049 5556 veterum
3094 5471 3577 5556 ethrecentiorun‘i.
3614 5471 3755 5556 .Vide

2195 5557 2575 5610 doctissimum
2595 5553 2977 5608 Maldonatum.
3007 5548 3282 5604 liI.—Deit'.
3310 5545 3468 5613 vulgo
3491 5543 3583 5595 τὸν
3614 5543 3751 5594 Σωτ.

2193 5627 2296 5694 είρ.
2327 5636 2382 5679 et
2425 5624 2625 5688 ἐθέλοι;
2675 5639 2837 5694 porro
2880 5621 3118 5694 tussni'g.
3165 5616 3301 5670 κατὰ
3336 5615 3396 5669 τὸ
3437 5613 3754 5684 φαινόμενον

2195 5690 2402 5767 ἀσυμφ.
2429 5712 2442 5760 ;
2476 5695 2632 5765 vulgo
2667 5690 2788 5751 dein
2815 5693 2961 5746 ἔστιν
2993 5690 3141 5745 ἰδεῖν.
