4190 6406
419 383 522 437 789

1525 381 1801 436 CONTRA
1844 379 2266 436 MARCELLUM
2311 381 2439 438 LIB.
2482 380 2544 436 ΙΙ.

3559 379 3658 434 79“

425 519 442 549 ι
476 497 644 551 κοινά
699 480 872 548 ἐστιν·
935 493 1129 556 εἰπεῖν,
1193 493 1378 547 Πάντα
1431 493 1531 546 ὅσα
1577 493 1692 563 ἔχει
1726 495 1755 546 ὀ
1804 493 1992 565 Πατὴρ
2023 499 2066 553 Α
2101 510 2120 542 ι
2165 493 2358 548 exinde
2384 493 2505 562 liqui

2113 510 2120 542 ι
2165 493 2358 548 exinde
2384 493 2576 562 liquet,
2606 507 2670 547 ex
2702 505 2768 546 eo
2792 490 2934 560 quod
2964 489 3217 551 declinat,
3247 496 3302 542 et
3319 487 3662 557 deprecatur.

427 610 444 640 ι
482 587 592 659 ὲμά
630 587 777 638 ἐστιν
829 583 954 654 ἔφη.
990 583 1182 637 Καίτοι
1225 585 1326 638 οὑκ
1354 579 1422 655 ἦν
1468 585 1597 637 ἴδιον
1624 583 1718 637 τοῦ
1766 601 1992 654 συμφω-

426 699 443 727 ι
475 675 692 737 νοῦντος
737 672 880 726 οὑτω
918 673 1116 740 λέγειν,
1153 672 1308 737 ἀλλά,
1345 691 1365 724 ι
1403 673 1606 726 Πάντα
1638 672 1755 727 ὅσα
1790 673 1914 740 ἔχει
1961 675 1993 726 ό

427 786 444 816 ι
482 763 702 831 Πατὴρ,
736 760 908 816 κοινά
928 760 1113 816 ἐστιν.
1137 781 1156 814 ι
1185 763 1248 815 Ei
1273 761 1382 833 γάρ
1429 764 1484 816 αί
1515 761 1624 816 τῶν
1662 763 1994 818 ’Λποστόλων

429 878 448 908 ι
486 857 741 929 Πράξεις.
767 856 867 924 τὴν
891 855 999 908 τῶν
1033 853 1332 925 τηνικαῦτα
1359 855 1692 925 προσιόντων
1717 858 1780 926 τῇ
1817 857 1994 908 πίστει

429 967 446 996 ι
488 945 804 1016 συμφωνίαν
827 940 1164 1006 ἐπαινοῦσαι,
1204 960 1224 992 ι
1262 942 1464 996 Πάντα
1494 939 1572 1012 ἦεν
1597 943 1801 1008 αὐτοῖς
1825 943 1997 997 κοινὰ

431 1058 449 1088 ι
489 1038 715 1108 ἔφασαν,
751 1037 844 1090 καὶ
873 1034 1303 1102 ἐπ’ἀνθρώπων,
1337 1033 1443 1087 τῶν
1473 1036 1782 1104 συμφωνεῖν
1838 1033 1996 1086 δυνα-

429 1150 448 1182 ι
492 1130 688 1200 μένων,
735 1127 889 1182 κοινά
944 1123 1082 1182 εἶναι
1130 1127 1308 1181 πάντα
1358 1125 1597 1197 νομίζειν
1654 1126 1994 1195 ὀφειλόντων,

431 1241 450 1274 ι
493 1221 601 1292 (49.)
656 1221 805 1291 πόσῳ
839 1219 1036 1291 μᾶλλον
1063 1219 1169 1272 ἔδει
1201 1218 1293 1271 τὸν
1325 1217 1544 1288 Πατέρα
1573 1217 1667 1271 καὶ
1718 1216 1808 1269 τὸν
1871 1215 1996 1268 Υίδν

428 1327 449 1359 ‹
489 1308 770 1370 κοινωνίας
800 1307 1069 1378 μετέχειν,
1105 1307 1184 1368 είς
1230 1303 1324 1357 δύο
1355 1305 1678 1367 ὑποστάσεις
1734 1301 1999 1375 διῃρημέ-

429 1416 448 1450 ‹
488 1416 643 1464 νους;
669 1398 807 1451 Νυνὶ
826 1398 882 1450 δὲ
909 1400 968 1451 ὲν
997 1397 1098 1469 μὲν
1131 1395 1209 1467 τῷ
1235 1395 1432 1464 λέγειν,
1460 1394 1663 1449 Πάντα
1725 1394 1842 1448 ὅσα
1873 1393 1997 1462 ἔχει

430 1509 448 1540 ι
488 1493 520 1544 ὀ
549 1489 770 1559 Πατὴρ,
801 1487 914 1558 ἐμά
927 1489 1081 1551 ἐστι,
1108 1486 1443 1541 πλεονεκτῶν
1465 1487 1493 1538 6
1518 1486 1644 1549 Υἱὸς
1668 1485 1758 1539 τὸν
1784 1485 1999 1556 Πατέρα

431 1601 448 1629 ο
491 1581 766 1650 φαίνεταιο
801 1583 858 1634 ὲν
887 1580 945 1633 δὲ
960 1578 1037 1649 τῷ
1071 1579 1319 1649 φάσκειν,
1351 1578 1484 1648 μηδὲ
1534 1575 1630 1630 τοῦ
1665 1576 1854 1631 ἑαυτοῦ
1899 1577 2000 1630 Λό-

433 1692 450 1722 ι
483 1689 582 1740 γου
634 1672 837 1743 Κύριον
893 1667 1058 1738 εἶναι,
1090 1670 1226 1725 ἀλλὰ
1268 1671 1364 1723 καὶ
1394 1668 1586 1722 τούτου
1625 1669 1714 1722 τὸν
1759 1668 1996 1738 Πατέρα,

431 1783 450 1816 ι
495 1766 579 1834 ('0
617 1767 724 1836 γὰρ
755 1766 944 1836 Λόγος
977 1765 1050 1818 ὃν
1094 1765 1361 1824 ἀκούετε,
1417 1763 1616 1833 φησὶν,
1658 1764 1770 1817 οὐκ
1833 1761 2001 1815 ἐστιν

2098 605 2118 634 ‹
2166 585 2343 654 Atque
2373 585 2476 638 alia
2504 587 2642 649 vice,
2677 582 2799 637 Non
2823 598 3024 652 qutrro,
3059 580 3258 649 inquit,
3282 595 3451 632 meam
3479 580 3664 633 uolun-

2100 695 2118 726 ι
2166 686 2345 740 tatem,
2381 675 2474 730 sed
2537 673 2852 728 uoluntatem
2910 671 3090 725 Patris
3146 670 3236 740 qui
3287 669 3430 722 misit
3481 685 3563 723 me
3591 669 3661 724 ”.

2103 783 2121 815 ι
2165 764 2448 832 Quomodo
2507 765 2668 834 igitur
2723 773 2943 831 propter
2990 759 3134 816 illam
3202 759 3402 828 ubique
3454 767 3505 813 et
3567 772 3666 829 per

2101 874 2120 906 r
2166 857 2346 909 omnia
2384 854 2795 910 consonantiam
2821 892 2836 916 ,
2889 852 3234 906 Servatorem
3265 849 3496 904 allirmat
3533 864 3662 918 pro-

2101 967 2118 999 ι
2176 947 2472 1009 nuntiasse,
2511 945 2622 1016 Ego
2656 954 2709 999 et
2738 944 2897 998 Pater
2924 958 3076 997 meus
3109 957 3272 996 unum
3306 941 3570 996 sumus?»
3601 939 3665 993 Et

2098 1039 2282 1108 paucis
2320 1037 2616 1107 interiectis
2649 1037 2726 1090 ait
2766 1053 2778 1090 :
2833 1034 2924 1107 [Β.
2955 1031 3116 1105 LXV]
3154 1051 3174 1086 ι
3211 1031 3490 1099 Quomodo
3536 1045 3661 1101 erga

2104 1149 2123 1180 ι
2172 1129 2364 1183 Filium
2397 1128 2808 1184 consonantiam
2857 1125 3052 1181 habere
3101 1125 3260 1179 Pater
3313 1122 3531 1191 poterit,
3579 1124 3663 1177 vel

2103 1240 2123 1273 ι
2173 1220 2340 1276 Filius
2368 1235 2495 1288 erga
2534 1219 2773 1281 Patrem,
2823 1232 2947 1272 cum
2996 1215 3194 1270 dixerit
3234 1215 3426 1281 Filius,
3471 1214 3664 1268 Omnia

2107 1332 2124 1364 ι
2172 1313 2266 1366 illa
2303 1328 2421 1382 quia
2457 1311 2620 1364 Pater
2655 1311 2830 1374 habet,
2853 1323 2966 1361 mea
2998 1307 3160 1361 sunt?
3185 1307 3279 1360 Est
3304 1306 3446 1360 enim
3471 1303 3662 1366 Filius,

2104 1426 2123 1458 ι
2169 1405 2257 1474 qui
2287 1405 2390 1460 hoc
2415 1405 2574 1457 modo
2622 1402 2884 1472 loquitur,
2928 1399 3289 1454 abundantior
3332 1413 3432 1452 suo
3477 1395 3662 1450 Patre.

2106 1518 2123 1548 ι
2172 1497 2365 1552 Omnia
2402 1512 2518 1565 qua:
2559 1495 2721 1548 Pater
2743 1493 2918 1556 habet,
2958 1507 3074 1544 mea
3108 1499 3250 1551 sunt,
3291 1489 3488 1559 inquit,
3544 1488 3668 1543 ideo

2106 1609 2125 1641 ι
2172 1604 2276 1644 non
2305 1595 2508 1650 autem,
2546 1585 2738 1642 Omnia
2769 1599 2888 1654 qua:
2930 1582 3092 1637 Pater
3123 1580 3318 1646 habet,
3356 1579 3664 1635 communia

2106 1703 2124 1734 ι
2172 1689 2335 1746 sunt;
2363 1694 2487 1733 cum
2519 1677 2804 1733 dicendum
2830 1675 2904 1730 ita
2935 1683 3080 1729 esset
3115 1673 3212 1740 illi,
3243 1673 3334 1742 qui
3363 1686 3460 1742 per
3482 1671 3665 1727 omnia

2105 1794 2122 1826 ι
2167 1773 2389 1827 haberet
2414 1786 2535 1825 cum
2562 1785 2660 1824 suo
2696 1769 2856 1824 Patre
2917 1765 3323 1823 consonantiam
3354 1782 3370 1820 :
3401 1763 3667 1834 siquidem

431 1875 450 1906 ι
491 1857 649 1926 ἐμὸς,
682 1857 842 1911 ἀλλὰ
873 1855 980 1910 τοῦ
1028 1855 1377 1925 πέμψαντός
1407 1871 1484 1923 με
1536 1853 1788 1922 Πατρός)
1839 1852 1999 1920 ἀφαι-
2031 1876 2073 1930 Β
2107 1883 2124 1916 ι
2175 1866 2227 1919 in
2257 1864 2482 1918 Actibus

2113 1883 2124 1916 ι
2175 1866 2227 1919 in
2257 1864 2482 1918 Actibus
2510 1860 2850 1932 apostolicis,
2903 1859 2992 1914 ubi
3022 1873 3208 1914 eorum
3241 1857 3332 1926 qui
3384 1856 3452 1910 ad
3506 1855 3666 1911 ﬁdem

431 1965 451 1998 ι
496 1947 704 2018 ρείσθαι
731 1946 819 1998 τὸν
852 1945 1070 2016 Πατέρα
1097 1944 1166 1998 τά
1195 1944 1301 1996 ἴδια
1335 1941 1428 1996 τοῦ
1464 1942 1648 2006 παιδὸς
1706 1941 1997 1996 δείκνυσιν.

434 2058 452 2088 ι
512 2039 776 2108 Ἐκάτερα
797 2037 854 2090 δὲ
892 2035 1034 2091 κατά
1070 2035 1168 2107 τὴν
1205 2035 1482 2106 Ἀστερίου
1510 2035 1682 2105 οίησιν
1729 2034 1832 2086 οὑκ
1871 2034 1999 2086 ἀκο-

433 2145 453 2179 ι
487 2127 689 2191 λούθως
719 2127 982 2198 εἰρημένα
1007 2127 1272 2195 φαίνεται.
1315 2126 1463 2180 Ἔδει
1495 2124 1603 2196 γὰρ
1657 2124 1748 2178 τὸν
1781 2140 2002 2195 συμφω-

435 2237 456 2270 ι
493 2218 684 2272 νοῦντα
716 2219 790 2289 μὴ
820 2217 887 2271 τά
939 2217 1109 2290 ἑτέρῳ
1141 2217 1412 2289 προσόντα
1473 2215 1862 2288 παρασπᾶσθαι
1921 2215 2001 2270 δί-

437 2329 456 2360 ι
501 2325 650 2370 καια,
680 2309 1058 2362 πλεονεκτικὸν
1091 2308 1198 2380 γὰρ
1220 2309 1378 2362 τοῦτό
1405 2325 1492 2377 γε,
1524 2307 1661 2362 ἀλλά
1691 2307 1758 2360 τά
1809 2308 2000 2360 έκατέ-

435 2419 455 2453 ι
500 2417 576 2472 ρῳ
597 2401 865 2472 προσόντα
887 2400 1037 2453 κοινά
1066 2397 1201 2453 εἶναι
1235 2401 1492 2472 νομίζειν.
1526 2401 1708 2463 Ὥστε,
1744 2402 1870 2454 ὅταν
1902 2401 2000 2470 μὲν

435 2512 455 2544 ι
493 2495 573 2557 είς
625 2493 723 2566 τὴν
787 2493 1132 2564 ἀνθρωπίνην
1179 2493 1576 2563 ἀποϐλέπωμεν
1635 2493 1854 2564 σάρκα,
1902 2495 2000 2562 οὑχ

435 2604 455 2635 ι
496 2586 683 2658 ὥσπερ
718 2585 992 2656 Ἀστέριος
1023 2585 1318 2655 γέγραφεν,
1348 2585 1520 2649 οὕτως
1573 2586 1877 2657 εὑρήσομεν
1924 2589 2000 2639 εί-

435 2699 455 2731 ι
486 2681 687 2752 ρηκότα
715 2680 808 2733 τὸν
843 2679 1070 2748 Σωτῆρα
1092 2695 1105 2708 ·
1162 2678 1302 2748 Ἐγὼ
1347 2679 1443 2731 καί
1473 2681 1506 2732 ὀ
1567 2678 1768 2747 Πατὴρ
1801 2678 1873 2732 ἐν
1895 2678 2000 2732 ἐσ-

435 2792 452 2822 ι
476 2791 591 2840 μεν
623 2790 638 2804 ο
683 2773 732 2825 εί
777 2772 886 2842 γάρ
928 2771 1075 2824 τοῦτ’
1106 2765 1195 2841 ἦν.
1233 2770 1449 2833 πάντως
1468 2771 1534 2824 ἂν
1561 2770 1662 2843 ἔφη
1682 2788 1696 2802 ο
1739 2771 1878 2840 Ἐγὼ
1904 2774 1999 2826 καὶ

437 2880 456 2914 ι
490 2865 518 2915 ὀ
549 2861 735 2933 Πατὴρ
790 2863 847 2914 ὲν
891 2861 1062 2915 ἅπασι
1121 2861 1256 2932 πρὸς
1284 2861 1543 2932 ἀλλήλους
1578 2862 1994 2933 συμφωνοῦμεν.

435 2973 453 3005 ι
493 2955 627 3008 Νυνὶ
652 2954 732 3019 δὲ,
769 2952 909 3024 Ἐγὼ
941 2955 1036 3008 καὶ
1090 2957 1122 3007 ὀ
1152 2953 1354 3023 Πατὴρ
1377 2954 1448 3008 ἓν
1485 2954 1692 3022 ἐσμεν,
1743 2954 1868 3024 ἔφη.
1921 2955 1995 3008 Οὐ

435 3065 454 3097 ι
495 3048 605 3119 γὰρ
625 3048 712 3102 διὰ
741 3047 837 3119 τὴν
865 3050 922 3101 ὲν
946 3047 1146 3102 ἅπασιν
1170 3048 1346 3116 λόγοις
1373 3065 1434 3100 τε
1495 3049 1589 3102 καὶ
1621 3048 1799 3119 ἔργοις
1841 3049 1998 3120 ἀκρι-

436 3161 454 3191 ι
496 3141 562 3212 ϐῆ
590 3141 929 3212 συμφωνίαν,
965 3140 1041 3204 ὡς
1067 3141 1229 3204 αὐτὸς
1253 3140 1547 3212 γέγραφεν,
1576 3142 1604 3194 ὀ
1633 3141 1824 3212 Σωτὴρ
1852 3141 1997 3213 εἴρη-

2107 1975 2126 2008 ι
2169 1965 2297 2011 tunc
2322 1955 2687 2019 accedebant,
2728 1953 2979 2007 laudatur
3025 1947 3417 2013 consonantia,
3474 1945 3667 2003 Omnia

2108 2072 2125 2103 ι
2176 2050 2345 2105 fuisse
2370 2050 2501 2119 ipsis
2527 2046 2866 2110 communia,
2895 2045 3094 2099 dicitur
3119 2043 3166 2074 ⁸³⁸
3200 2059 3214 2096 :
3247 2049 3302 2096 et
3335 2040 3516 2096 omnia
3545 2047 3672 2093 sunt

2107 2162 2124 2194 ι
2171 2141 2477 2197 communia
2527 2137 2884 2196 existimanda
2929 2135 3068 2190 inter
3095 2148 3188 2190 eos
3235 2133 3338 2203 qui
3365 2145 3668 2186 consonan-

2108 2253 2126 2286 ι
2174 2233 2302 2289 tiam
2342 2233 2482 2286 inter
2517 2231 2768 2285 homines
2803 2227 3200 2298 amplectuntur
3231 2243 3244 2280 :
3271 2232 3471 2294 quanto
3501 2222 3672 2290 magis

2106 2342 2123 2374 ι
2171 2339 2268 2393 par
2315 2323 2445 2392 fuit,
2501 2325 2717 2378 Patrem
2781 2331 2942 2390 atque
2992 2319 3184 2374 Filium
3231 2315 3668 2374 communionem

2105 2440 2124 2471 ι
2167 2419 2445 2488 amplecti,
2495 2419 2584 2487 qui
2619 2418 2670 2472 in
2701 2416 2839 2472 duas
2871 2417 3190 2487 hypostases
3243 2405 3669 2464 dividebantur?

2104 2531 2122 2563 ι
2173 2522 2224 2565 at
2262 2525 2402 2564 nunc
2438 2508 2610 2564 Filius
2653 2522 2811 2576 quam
2860 2505 3024 2560 Pater
3067 2503 3185 2574 plus
3213 2501 3414 2556 habere
3438 2499 3669 2561 videtur,

2106 2625 2122 2654 ι
2172 2618 2293 2660 cum
2324 2602 2575 2665 aﬂirmet,
2629 2599 2824 2656 Omnia
2857 2615 2973 2668 qua:
3004 2596 3166 2651 Pater
3201 2596 3352 2649 habet
3385 2608 3496 2648 mea
3525 2600 3666 2645 sunt.

2104 2717 2121 2748 ι
2172 2697 2226 2750 lu
2259 2711 2324 2750 eo
2361 2705 2539 2749 autem
2571 2693 2713 2763 quod
2767 2692 2936 2753 dicit,
2982 2690 3215 2744 Verbum
3264 2701 3369 2742 non
3425 2698 3545 2739 esse
3587 2685 3669 2738 sui

2104 2810 2121 2839 ι
2157 2789 2482 2850 Dominum,
2521 2787 2614 2840 sed
2647 2785 2816 2854 ipsius
2845 2782 3084 2846 Patrem,
3118 2782 3322 2849 (sermo
3351 2777 3484 2831 enim
3521 2791 3671 2844 quem

2103 2900 2121 2930 ι
2168 2880 2388 2946 auditis,
2419 2878 2613 2948 inquit,
2651 2895 2754 2931 non
2781 2886 2855 2931 est
2888 2891 3052 2938 meus,
3083 2872 3172 2926 sed
3213 2871 3385 2925 Patris
3415 2871 3504 2940 qui
3530 2869 3675 2921 misi:

2103 2991 2120 3022 ι
2168 2989 2248 3026 me
2274 2973 2330 3042 :)
2361 2971 2668 3027 ostenditur
2695 2969 2907 3022 Patrem
2933 2985 2961 3020 a
2997 2965 3134 3020 Filio
3158 2962 3371 3018 auferre
3395 2963 3558 3018 etiam
3585 2961 3674 3042 illa

2103 3077 2122 3108 α
2168 3073 2289 3127 qua:
2320 3058 2535 3128 propria
2572 3066 2717 3111 sunt.
2778 3056 3036 3108 Neutrum
3080 3056 3341 3116 istorum,
3373 3066 3439 3106 ex
3476 3041 3672 3106 Asterii

2107 3169 2124 3201 ι
2172 3149 2464 3213 sententia,
2524 3158 2670 3202 recte
2717 3148 2932 3201 dicitur.
3002 3144 3108 3200 Par
3153 3152 3210 3199 et
3265 3157 3476 3214 mquum
3527 3143 3674 3197 enim

437 3251 456 3282 ι
498 3249 613 3295 κεν,
645 3231 754 3301 ὲγὼ
785 3233 876 3285 καὶ
918 3235 947 3286 6
992 3233 1180 3304 Πατὴρ
1221 3233 1279 3287 ἓν
1317 3235 1503 3303 ἐσμεν.
1583 3233 1790 3286 Οὐκοῦν
1836 3235 1886 3286 εί
1939 3235 1999 3287 ὲν
2026 3219 2068 3278 C
2109 3262 2125 3293 ι
2176 3242 2352 3298 [uexat
2391 3255 2505 3294 con:

2113 3262 2125 3293 ι
2176 3242 2352 3298 fuerat
2391 3249 2780 3294 consonantem
2817 3238 3050 3306 aliquem
3075 3277 3092 3301 ,
3136 3235 3280 3290 nullo
3315 3237 3474 3290 modo
3503 3234 3568 3288 ad
3617 3248 3676 3287 se

439 3342 458 3374 ι
499 3323 724 3388 ἐκείνοις
748 3325 1072 3404 ἀσυμφωνία
1101 3343 1182 3388 τις
1207 3320 1297 3396 ἦν,
1333 3326 1542 3395 ἀνάγκη
1566 3324 1639 3403 ’δὲ
1667 3325 1757 3380 τὸν
1807 3325 2002 3379 δεσπό-

439 3435 460 3467 ι
502 3434 604 3488 την
627 3400 929 3489 ἀληθεύειν,
974 3419 1064 3472 τὸν
1093 3419 1322 3489 Σωτῆρα
1349 3400 1590 3489 ἀκριὸὦς
1611 3417 1807 3471 είδέναι
1833 3435 2001 3489 προσ-

441 3525 459 3559 ι
494 3509 640 3577 ήκει,
672 3509 773 3573 ὅτι,
823 3509 984 3578 ἡνίκα
1009 3508 1076 3562 ἂν
1115 3507 1256 3578 Ἐγὼ
1282 3509 1379 3562 καὶ
1411 3512 1445 3562 ό
1479 3508 1679 3576 Πατὴρ
1707 3509 2000 3578 ἕνὲσμεν,

440 3619 458 3652 ι
497 3600 651 3673 λέγῃ,
685 3601 986 3672 τηνικαῦτα
1017 3601 1119 3654 οὐκ
1151 3602 1230 3659 είς
1253 3600 1346 3653 τόν
1371 3600 1654 3668 ἄνθρωπον
1689 3601 1746 3653 δν
1793 3599 2006 3672 ἀνείλη-

439 3710 460 3744 ι
499 3710 598 3762 φεν
651 3693 977 3747 ἀποϐλέπων
1027 3692 1188 3746 τοῦτό
1217 3709 1402 3763 φησιν,
1433 3693 1547 3745 ἀλλ’
1574 3695 1654 3756 είς
1678 3693 1768 3745 τὸν
1801 3693 1864 3746 ὲκ
1911 3691 2004 3745 τοῦ

443 3803 460 3834 ι
503 3773 712 3856 Πατρὸς
737 3784 1066 3856 προελθόντα
1094 3784 1284 3851 Λόγον.
1320 3785 1382 3836 Εἰ
1413 3785 1521 3854 γάρ
1551 3801 1635 3848 τις
1684 3785 2007 3855 ἀσυμφωνία

445 3895 462 3926 ι
505 3871 644 3948 εἶναι
670 3876 874 3946 δοκοίη,
901 3875 1038 3948 αὕτη
1075 3875 1443 3947 ἀναφέρεσθαι
1475 3878 1554 3940 είς
1601 3875 1697 3947 τὴν
1743 3876 1842 3946 τῆς
1883 3893 2010 3944 σαρ-

447 3985 462 4013 ι
506 3964 599 4030 κὸς
623 3967 908 4021 ἀσθένειαν
939 3968 1161 4036 ὀφείλει,
1193 3969 1257 4039 ἢν
1285 3967 1358 4040 μὴ
1390 3967 1650 4039 πρότερον
1704 3967 1840 4038 έχων
1871 3965 2011 4020 ἀνεί-

447 4075 467 4107 ι
504 4058 671 4129 ληφεν
701 4059 730 4111 6
763 4060 953 4128 Λόγος.
972 4060 1033 4112 Ei
1053 4059 1106 4112 δὲ
1136 4059 1325 4130 ἑνότης
1355 4060 1564 4128 λέγοιτο
1585 4058 1748 4130 αὕτη,
1781 4058 1862 4129 τῷ
1907 4060 2012 4113 Λό-

447 4173 462 4200 ι
496 4167 576 4222 γῳ
615 4150 944 4224 διαφέρουσα
969 4153 1236 4222 φαίνεται.
1269 4151 1430 4206 Ὅθεν
1450 4153 1511 4206 οὐ
1549 4153 1708 4222 μόνον
1743 4153 1825 4215 τὸ,
1866 4151 2012 4221 Ἐγὼ

445 4261 464 4293 ‹
498 4242 596 4295 καὶ
624 4246 657 4296 ό
685 4243 887 4311 Πατὴρ
923 4244 1214 4313 ἕνέσμεν,
1253 4245 1480 4307 εἰκότως
1502 4244 1628 4314 ἔφη,
1657 4243 1791 4298 ἀλλά
1825 4244 2012 4296 κάκεῖ-

446 4352 464 4383 ι
507 4351 586 4396 νο,
619 4335 890 4402 Τοσούτῳ
910 4337 1110 4404 χρόνῳ
1117 4337 1246 4405 μεθ’
1265 4335 1430 4405 ὑμῶν
1453 4339 1589 4404 ειμι,
1613 4337 1890 4397 Φίλιππε,
1915 4335 2013 4388 καὶ

447 4441 465 4473 ι
504 4424 718 4493 λέγεις,
735 4425 944 4490 Δεῖξόν
960 4444 1062 4494 μοι
1092 4427 1197 4480 τὸν
1219 4427 1466 4495 Πατέρα.
1492 4426 1682 4497 Δῆλον,
1704 4429 1786 4481 ὃτι
1807 4429 1868 4481 οὑ
1894 4424 2015 4480 τοὺ-

2109 3352 2127 3383 ι
2175 3334 2412 3398 trabere,
2453 3346 2576 3400 quae
2597 3331 2663 3384 de
2690 3331 2812 3398 jure
2842 3329 3002 3383 alteri
3047 3328 3447 3397 competebant,
3497 3324 3674 3379 avari-

2109 3445 2128 3477 s
2181 3426 2307 3479 tiam
2340 3425 2540 3496 quippe
2577 3423 2677 3476 hoc
2699 3421 2940 3483 denotat,
2975 3420 3066 3475 sed
3103 3435 3221 3486 qua:
3252 3418 3444 3473 utrivis
3479 3432 3674 3486 suppeo

2111 3537 2128 3568 ι
2177 3517 2381 3580 tebant,
2412 3515 2499 3569 illa
2526 3529 2645 3569 esse
2659 3511 2968 3567 communia
2992 3511 3267 3566 arbitrari.
3295 3511 3443 3565 Adeo
3473 3518 3530 3564 ut
3553 3525 3676 3565 cum

2111 3627 2130 3659 ι
2179 3608 2465 3662 humanam
2497 3619 2714 3660 carnem
2741 3604 3066 3667 intueamur,
3097 3617 3203 3656 non
3227 3601 3675 3671 quemadmodum

2113 3717 2130 3747 ι
2180 3698 2422 3752 Asterius
2455 3697 2695 3765 scripsit,
2738 3694 3017 3748 Dominum
3040 3694 3276 3748 locutum
3317 3692 3676 3755 inveniamus,

2115 3808 2132 3838 ι
2185 3787 2294 3858 Ego
2317 3795 2368 3841 et
2395 3785 2560 3840 Pater
2592 3802 2736 3840 meus
2775 3803 2933 3838 unum
2957 3800 3135 3837 sumus
3159 3799 3179 3848 ;
3205 3783 3250 3838 si
3277 3783 3422 3839 enim
3450 3782 3500 3838 id
3528 3784 3676 3839 vole-

2115 3901 2132 3931 ι
2180 3881 2292 3946 bat,
2326 3879 2549 3934 omnino
2574 3879 2803 3942 diceret,
2851 3877 2961 3948 Ego
3005 3885 3060 3932 et
3106 3875 3269 3931 Pater
3317 3875 3372 3930 in
3428 3875 3679 3930 omnibus

2113 3994 2131 4026 ι
2185 3975 2328 4049 inter
2360 3987 2458 4028 nos
2507 3971 2881 4042 conspiramus
2910 3986 2925 4024 :
2957 3979 3014 4025 at
3060 3985 3202 4024 nunc
3245 3968 3416 4036 dixit,
3468 3967 3581 4039 Ego
3628 3979 3676 4022 et

2116 4085 2132 4116 ι
2188 4064 2351 4119 Pater
2391 4081 2555 4119 unum
2599 4081 2797 4118 sumus.
2852 4062 3016 4132 Igitur
3063 4061 3110 4118 si
3175 4061 3354 4130 aliqua
3395 4061 3537 4115 inter
3587 4075 3681 4115 eos

2117 4178 2133 4209 ι
2181 4159 2476 4214 exstitisset
2517 4156 2965 4218 inconsonantia,
3019 4163 3073 4210 et
3122 4153 3239 4210 ﬁeri
3306 4162 3565 4224 nequeat.
3623 4163 3683 4206 ut

2119 4271 2135 4303 ι
2187 4251 2445 4305 Dominus
2489 4251 2834 4315 mentiretur,
2865 4258 3016 4303 certe
3043 4257 3127 4303 est
3157 4261 3378 4302 necesse
3409 4245 3681 4315 intelliga-

2119 4361 2137 4392 ι
2190 4358 2310 4396 mus
2337 4342 2704 4404 Servatorem,
2759 4356 2880 4394 cum
2929 4341 3151 4406 diceret,
3194 4345 3253 4402 >14
3295 4338 3407 4408 Ego
3435 4348 3481 4392 et
3524 4335 3685 4389 Pallt'

2121 4455 2137 4485 ι
2185 4452 2346 4488 unum
2373 4451 2577 4498 sumus,
2605 4434 2709 4488 hoc
2740 4448 2846 4488 non
2871 4432 3070 4486 dixisse
3097 4445 3164 4485 ex
3209 4429 3400 4484 intuitu
3423 4427 3680 4489 hominis,

450 4533 466 4563 ι
499 4532 611 4578 τοις
641 4518 752 4579 τοῖς
780 4516 1106 4587 ὀφθαλμοῖς,
1139 4517 1272 4571 ἀλλά
1313 4521 1424 4581 τοῖς
1461 4521 1673 4589 νοητοῖς
1724 4517 1794 4572 τὰ
1847 4525 2013 4591 νοητά
2046 4559 2090 4614 D
2125 4543 2144 4576 ι
2190 4541 2348 4593 quem
2377 4540 2499 4580 assu

2125 4543 2144 4576 ι
2190 4541 2348 4593 quem
2377 4525 2702 4594 assumpsit,
2739 4524 2830 4578 sed
2861 4523 3020 4578 Verbi
3065 4537 3095 4576 e
3142 4520 3302 4575 Patre
3345 4519 3678 4589 prodeuntis.

451 4629 467 4659 ι
505 4612 636 4682 ὀρᾷν
660 4611 995 4683 δυναμένοις.
1035 4613 1289 4683 ’Λόρατος
1347 4611 1456 4684 γάρ
1507 4616 1618 4676 τοῖς
1665 4613 1764 4683 τῆς
1813 4616 2013 4688 σαρκὸς
2047 4611 2075 4614 ⁷
2125 4637 2142 4669 ι
2190 4618 2324 4672 Nam
2352 4617 2396 4672 si
2430 4617 2505 4671 alit

2125 4637 2142 4669 ι
2190 4618 2324 4672 Nam
2352 4617 2396 4672 si
2430 4617 2606 4686 aliqua
2653 4614 2978 4685 deprehendi
3027 4611 3436 4667 inconsonantia
3480 4619 3680 4680 posset,

451 4719 466 4750 ι
505 4701 742 4770 ὄμμασιν
771 4703 801 4756 ὅ
819 4720 878 4756 τε
910 4705 1097 4776 Πατὴρ
1125 4705 1378 4779 ὑπάρχει,
1412 4707 1504 4759 καὶ
1527 4710 1556 4760 ὀ
1599 4707 1790 4759 τούτου
1817 4707 2009 4776 Λόγος.

449 4812 464 4840 ι
500 4793 573 4845 Οὐ
597 4792 686 4845 διά
715 4793 813 4865 τὴν
841 4797 900 4848 ὲν
935 4795 1136 4850 ἆπασιν
1188 4793 1278 4850 οὖν
1329 4796 1644 4867 συμφωνίαν
1704 4797 1848 4851 τοῦτ’
1905 4797 2010 4868 ἔφη

450 4903 466 4934 ι
501 4883 635 4954 πρὸς
665 4884 948 4939 Φίλιππον.
991 4907 1009 4938 ι
1043 4887 1290 4942 Τοσαῦτα
1339 4887 1527 4951 εἰπὼν,
1561 4887 1913 4941 ἐπαναλαϐὼν
1953 4888 2012 4954 ἐξ

444 4975 696 5046 ὑπαρχῆς
739 4977 832 5029 τὸν
873 4977 1073 5045 λόγον,
1128 4979 1315 5032 τοῦτον
1367 4978 1680 5049 δογματίζει
1747 4980 1837 5034 τὸν
1891 4982 2014 5051 τρό-

446 5082 544 5116 πον
563 5083 577 5095 ο
608 5085 627 5116 ι
661 5067 772 5137 Πρὸ
793 5069 900 5138 γὰρ
927 5069 1028 5138 τῆς
1062 5069 1418 5143 δημιουργίας
1453 5071 1671 5142 ἀπάσης
1700 5072 1898 5142 ἡσυχία
1930 5090 2014 5137 τις

451 5175 468 5205 ι
505 5153 594 5226 ἦν,
625 5158 701 5221 ὡς
726 5159 890 5223 εἰκὸς,
919 5161 1069 5222 ὄντος
1100 5161 1210 5230 (45)
1251 5164 1309 5215 ὲν
1345 5162 1422 5232 τῷ
1463 5161 1582 5232 Θεῷ
1611 5160 1703 5214 τοῦ
1733 5163 1924 5232 Λόγου.
1952 5165 2016 5216 Εἰ

451 5266 470 5298 ι
503 5248 610 5318 γὰρ
667 5249 894 5322 ποιητὴν
924 5252 1180 5305 ἀπάντων
1209 5252 1299 5306 τὸν
1331 5252 1462 5307 Θεὸν
1490 5256 1519 5307 ὀ
1549 5253 1819 5326 Ἀστέριος
1851 5253 2016 5306 πεπί-

525 5417 581 5473 »Ι4
629 5411 724 5466 Ed.
755 5412 954 5479 Paris.,
990 5430 1114 5486 pag.
1140 5415 1231 5470 59.

484 5593 632 5676 ἀεὶ
671 5595 937 5676 Ιγομίζειν
964 5599 1344 5676 ὀφειλόντων.
1370 5601 1629 5676 ζοφείλει.
1653 5602 1861 5676 statim,
1882 5602 2021 5676 forte

447 5664 548 5748 γῆς
574 5664 744 5754 αὐτῇς
787 5664 1333 5754 κοινωνίαςκξιιιθτῆς
1370 5664 1490 5749 ἴσης
1523 5689 1578 5726 κ,
1603 5672 1789 5754 [JH-xiv
1817 5673 1896 5736 εξς
1927 5673 2018 5754 δρο

453 5734 549 5814 ὑπ.
580 5734 626 5814 6:
648 5734 716 5790 Μ.
742 5769 806 5814 f-
825 5737 994 5814 Sypra
1031 5739 1186 5808 vulgo
1211 5734 1506 5814 ἐπαινοῦσα
1527 5751 1578 5794 et
1603 5734 1744 5796 infra
1770 5734 1888 5796 νυνῖ
1918 5743 2017 5814 μὲν

455 5801 516 5855 ὲν
557 5803 632 5872 τῷ
657 5814 710 5860 ct
746 5801 1209 5878 ἀποϐλέπομενόι
1240 5810 1298 5861 ἓν
1330 5812 1493 5877 ἐσμεν
1516 5827 1528 5838 ’
1559 5813 1606 5863 εί
1657 5813 1763 5881 γάρ
1803 5801 2030 5870 omissis.

2124 4730 2142 4762 ι
2193 4711 2350 4764 debet
2385 4710 2472 4764 illa
2507 4708 2697 4764 referri
2725 4708 2941 4777 quidem
2967 4706 3032 4760 ad
3077 4705 3260 4761 carnis
3285 4704 3681 4770 inﬁrmitatem,

2125 4817 2143 4850 ι
2188 4814 2348 4865 quam
2386 4813 2508 4852 cum
2545 4797 2693 4866 prius
2723 4811 2826 4849 non
2855 4795 3121 4860 haberet,
3157 4793 3395 4862 suscepit
3422 4790 3681 4846 Verbum.

2123 4910 2142 4942 ι
2189 4891 2341 4958 Quod
2385 4890 2429 4945 si
2476 4890 2656 4943 unitas
2711 4889 2826 4942 hac
2858 4887 3088 4951 dicatur,
3154 4896 3301 4940 certe
3341 4886 3556 4939 videtur
3615 4885 3685 4940 ad

2122 4996 2140 5027 ι
2206 4977 2435 5032 Verbum
2463 4991 2584 5032 esse
2609 4976 2911 5030 referenda.
2943 4975 3094 5031 Unde
3126 4990 3231 5028 non
3278 4976 3418 5028 istud
3450 4983 3682 5039 tantum,

2123 5089 2145 5120 ι
2195 5069 2304 5138 Ego
2331 5078 2381 5122 et
2410 5066 2575 5122 Pater
2601 5085 2760 5122 unum
2786 5084 2966 5120 sumus
2985 5107 3000 5129 ,
3047 5067 3241 5121 merito
3270 5067 3473 5122 dictum
3505 5077 3590 5122 est
3617 5064 3715 5121 ab‘

2125 5179 2144 5213 ι
2199 5161 2309 5227 illo,
2337 5161 2430 5214 sed
2459 5160 2601 5214 aliud
2635 5160 2854 5228 insuper
2891 5176 2902 5212 :
2934 5159 3100 5212 Tanto
3149 5170 3372 5228 tempore
3409 5158 3486 5227 [ui
3517 5160 3687 5212 vobis-

2125 5270 2144 5303 ι
2195 5268 2336 5318 cum,
2381 5249 2644 5319 Philippe,
2665 5260 2713 5304 et
2734 5262 2790 5304 tu
2818 5252 2977 5304 dicis:
3003 5252 3230 5308 Ostende
3253 5253 3380 5308 mihi
3400 5254 3685 5312 Patrem”.

1311 5416 1357 5448 ”‘
1382 5416 1539 5472 Joan.
1565 5433 1618 5479 v.
1650 5417 1736 5472 30.
1815 5419 1863 5451 ”
1882 5419 2002 5473 Act.
2035 5435 2094 5483 ιι,
2127 5419 2228 5477 At:
2256 5433 2328 5483 IV,
2368 5416 2458 5470 '52.
2536 5416 2581 5449 θ’
2616 5415 2771 5471 Joan.
2812 5415 2980 5478 xlv,9.

2131 5601 2466 5656 intermediis
2492 5617 2610 5668 quae
2637 5600 2790 5654 codd.
2818 5603 2965 5655 dant.

2201 5673 2311 5742 (45)
2340 5666 2519 5741 Vulgo
2537 5672 2686 5734 ὄντος
2719 5683 2837 5739 pust
2867 5671 3046 5742 Λόγου⁸
3065 5681 3119 5723 et
3152 5671 3272 5724 dein
3307 5666 3443 5742 εἶναι
3478 5669 3559 5742 ὅτι
3595 5671 3688 5724 καὶ

2132 5737 2376 5813 συνομολ.
2407 5737 2462 5811 ήξ
2496 5742 2651 5805 αὑτός
2682 5737 2734 5795 et
2767 5737 3233 5804 πάνταένάὑτοίς
3258 5739 3362 5793 ὑπὸ
3390 5737 3544 5790 Θεοῦ.
