4190 6406
586 352 681 411 791

1287 353 1556 410 EUSEBII
1593 353 2068 411 CESARIENSIS
2104 353 2254 411 OPP.
2294 352 2478 409 PARS
2516 352 2606 408 IV.
2645 353 3146 410 —DOGMATICA.
3721 355 3822 410 79‘}.

589 489 608 522 ι
654 468 918 526 Nimirum
955 483 1062 524 non
1090 468 1209 525 istis
1242 478 1449 524 tantum
1476 469 1669 535 oculis,
1695 472 1788 525 sed
1820 469 2150 525 intellectua-

2260 484 2279 516 ς
2320 485 2546 523 στευκεν
2580 463 2752 535 εἶναι,
2791 467 2946 539 δῆλον
2975 467 3058 520 ὅτι
3087 465 3504 539 συνομολογήσει
3535 467 3667 538 ἡμῖν
3733 467 3829 520 καὶ

586 581 606 614 ι
664 563 826 627 libus,
858 562 1213 633 i-ntelligibilia
1269 562 1360 630 qui
1426 576 1654 617 cernere
1709 569 1958 632 possunt.
2011 561 2146 616 Nam

588 674 606 704 ι
651 656 929 721 corporeis
955 653 1127 709 oculis
1157 652 1446 708 invisibilis
1491 664 1582 708 est
1619 662 1676 707 et
1711 653 1870 708 Pater
1895 663 1950 707 et
1976 652 2149 708 Patris

587 766 606 796 ι
655 746 911 802 Verbum.
953 744 1069 800 Non
1117 745 1284 815 igitur
1323 747 1391 800 ad
1427 746 1571 800 hunc
1619 746 1835 800 modum
1881 743 2149 799 allocutus

584 858 602 888 ι
647 847 732 892 est
757 836 1082 907 Philippum,
1128 845 1354 906 propter
1402 836 1551 891 illam
1604 836 1656 890 in
1689 835 1920 906 singulis
1953 849 2148 890 conso-

584 952 601 980 ι
653 931 914 985 nantiam.
953 949 973 982 ι
1033 930 1326 999 Postquam
1375 937 1484 982 tam
1527 927 1710 984 multis
1761 929 1878 983 haec
1916 928 2146 991 dixerat,

579 1032 856 1092 resumpto
907 1024 975 1078 ab
1021 1022 1176 1077 initio
1236 1034 1484 1077 sermone
1516 1059 1533 1085 ,
1586 1020 1654 1076 ad
1717 1021 1862 1076 hunc
1929 1019 2146 1075 modum

581 1116 955 1181 dogmatizat:
996 1113 1086 1186 [Β.
1129 1111 1267 1169 XCII
1298 1111 1426 1169 coll.
1491 1127 1546 1182 p.
1621 1111 1727 1167 104
1760 1110 1802 1166 D
1829 1152 1846 1180 ,
1896 1111 1998 1167 I06
2042 1110 2146 1184 3.]

585 1207 770 1261 «Ante
840 1221 1054 1260 omnem
1130 1220 1312 1259 rerum
1375 1203 1784 1273 productionem
1848 1214 2006 1266 erat,
2091 1212 2151 1257 ut

586 1312 606 1343 ι
653 1309 751 1362 par
775 1305 858 1350 est
888 1296 1132 1360 credere,
1186 1296 1342 1364 quies
1394 1295 1446 1348 in
1490 1294 1621 1358 Deo,
1659 1294 1959 1350 exsistente
2009 1295 2149 1363 apud

589 1403 605 1432 ι
653 1399 776 1438 eum
811 1385 957 1440 intus
991 1385 1181 1440 Verbo.
1228 1383 1362 1438 Nam
1393 1385 1436 1438 si
1468 1385 1711 1439 omnium
1745 1399 1926 1438 rerum
1960 1385 2149 1440 condi-

588 1495 608 1527 ι
655 1487 822 1532 torem
861 1491 981 1532 esse
1009 1475 1176 1531 Deum
1207 1476 1453 1531 Asterius
1494 1476 1667 1532 credit
1705 1477 1802 1547 (id
1853 1477 1994 1546 quod
2035 1477 2152 1546 ipse

2255 579 2274 610 ι
2315 560 2477 624 αὑτός
2501 576 2516 591 ο
2543 559 2634 613 τὸν
2665 560 2764 632 μὲν
2803 560 2890 613 ἀεὶ
2927 559 3213 628 ὑπάρχειν,
3243 558 3375 629 μηδὲ
3409 557 3628 611 πώποτε
3692 553 3826 610 εἶναι

2253 671 2271 703 ι
2298 653 2475 724 ἀρχὴν
2507 652 2740 706 λαϐόντα
2765 669 2777 681 ’
2811 653 2878 705 τὰ
2910 651 2966 705 δὲ
3000 649 3354 722 γεγεννῆσθαί
3394 667 3455 702 τε
3506 650 3597 702 ὑπ’
3635 647 3823 708 αὑτοῦ,

2253 764 2272 796 ι
2313 745 2409 799 καὶ
2440 745 2500 810 ἐξ
2523 747 2623 799 οὐκ
2647 745 2817 798 ὀντων
2863 743 3239 812 γεγεννῆσθαι.
3287 743 3363 796 Οὐ
3389 742 3498 814 γὰρ
3525 736 3678 812 οἶμαι
3734 741 3825 793 καὶ

2253 855 2272 888 ι
2311 836 2470 890 τοῦτο
2490 836 2765 890 πιστεύειν
2795 835 3060 905 αὑτὸντῷ
3106 835 3314 903 λέγοντι
3369 829 3506 886 slva!
3551 848 3676 886 τινα
3733 832 3825 884 καὶ

2253 946 2273 980 ι
2313 928 2582 1000 ἀγέννητα
2606 945 2620 959 ·
2653 927 2789 982 ἀλλά
2825 926 3066 998 ἀκριὸῶς
3104 924 3425 989 πεπεῖσθαι,
3459 925 3545 978 ὅτι
3596 923 3822 994 οὐρανός

2253 1040 2272 1073 ι
2311 1037 2370 1073 τε
2403 1021 2498 1074 καὶ
2531 1021 2599 1090 γῆ
2630 1021 2724 1073 καὶ
2753 1019 2927 1072 πάντα
2971 1017 3040 1070 τά
3073 1018 3130 1070 ἐν
3159 1017 3406 1088 οὐρανοῖς
3446 1016 3543 1069 καὶ
3587 1014 3681 1066 ἐπὶ
3722 1013 3823 1082 γῆς

2255 1127 2273 1161 ι
2309 1109 2437 1164 ὄντα
2481 1111 2586 1163 ὑπὸ
2629 1109 2762 1162 Θεοῦ
2818 1107 3161 1177 γεγέννηται.
3195 1107 3257 1160 El
3322 1105 3501 1158 τοίνυν
3539 1104 3698 1157 τοῦτο
3732 1119 3820 1154 πι-

2255 1219 2273 1252 ι
2322 1200 2522 1265 στεύοι,
2559 1199 2771 1270 ἀνάγκη
2819 1199 2981 1252 αὐτὸν
3023 1199 3243 1252 κάκεῖνο
3297 1197 3702 1267 συνομολογεῖν,
3741 1194 3821 1246 ὅτι

2255 1309 2274 1342 ι
2316 1290 2454 1362 πλὴν
2473 1290 2608 1344 Θεοῦ
2642 1290 2792 1344 οὐδὲν
2811 1290 2996 1360 ἕτερον
3040 1285 3125 1360 ἦν.
3166 1285 3324 1360 Εἶχεν
3352 1285 3444 1342 οῦν
3481 1288 3582 1358 τὴν
3621 1285 3821 1339 οἰκείαν

2256 1401 2276 1435 ι
2319 1383 2476 1450 δόξαν
2507 1385 2536 1436 ὀ
2568 1383 2757 1452 Λόγος,
2791 1383 2866 1436 ὣν
2891 1384 2950 1435 ἐν
2977 1381 3055 1453 τῷ
3092 1382 3286 1454 Πατρί.
3326 1400 3346 1434 ι
3395 1381 3507 1435 Καὶ
3551 1377 3722 1432 ταῦτα
3754 1379 3821 1429 εί-

2249 1473 2400 1538 πὼν,
2455 1474 2649 1543 ἐπάγει
2706 1474 2822 1544 μεθ’
2883 1474 3047 1545 ἕτερα
3075 1491 3087 1503 ·
3151 1491 3170 1524 ι
3200 1475 3312 1545 Τὴν
3352 1472 3596 1526 δοθεῖσαν
3677 1469 3822 1539 αὐτῷ

586 1585 606 1616 ι
658 1568 933 1621 nobiscum
957 1583 1064 1621 una
1094 1567 1478 1623 conﬁtebitur:
1507 1568 1676 1622 Deum
1710 1565 1966 1622 nimirum
2009 1582 2153 1623 sem-

2257 1582 2276 1616 ι
2313 1563 2560 1630 ἐξουσίαν
2598 1563 2870 1635 Ἀστέριος
2895 1565 3052 1631 δόξαν
3085 1561 3374 1633 ὀνομάζει·
3419 1560 3516 1613 καὶ
3568 1559 3626 1612 οὐ
3669 1557 3822 1621 δόξαν

587 1677 606 1709 ι
652 1673 748 1727 per
769 1658 1123 1712 exsistentem
1149 1659 1362 1713 initium
1391 1674 1503 1714 sum
1524 1660 1827 1717 existentiaa
1852 1674 1957 1715 non
1993 1660 2152 1715 sorti-

2255 1672 2274 1706 ι
2319 1654 2498 1725 μόνον,
2551 1653 2686 1708 ἀλλά
2748 1655 2842 1707 καὶ
2875 1656 3206 1726 προκόσμιον
3247 1653 3423 1720 δόξαν,
3449 1653 3550 1705 οὐκ
3590 1649 3782 1703 ἐννοῶν
3804 1689 3819 1713 ,

588 1768 606 1798 ι
652 1759 763 1800 tttm
812 1766 826 1802 :
867 1757 1063 1804 caetera
1117 1750 1334 1818 quidem
1390 1751 1568 1806 omnia
1626 1752 1694 1807 ab
1741 1751 1833 1806 illo
1890 1752 2148 1822 producta

2255 1764 2275 1799 ι
2310 1747 2413 1811 ὅτι,
2447 1748 2612 1818 μήπω
2643 1745 2739 1800 τοῦ
2769 1747 2976 1818 κόσμου
3007 1747 3310 1816 γεγονότος,
3345 1745 3497 1798 οὐδὲν
3544 1745 3727 1815 ἓτερον
3754 1739 3822 1813 ἦν

587 1859 605 1889 ι
654 1839 838 1904 fuisse,
877 1851 932 1895 et
957 1841 1174 1910 quidem
1204 1843 1463 1910 producta
1490 1844 1554 1898 de
1585 1843 1777 1901 nihilo.
1797 1818 1983 1915 Neque
2004 1847 2146 1900 enim

2257 1857 2276 1890 ι
2321 1839 2460 1913 πλὴν
2502 1839 2638 1894 Θεοῦ
2703 1841 2887 1912 μόνου.
2928 1860 2947 1894 ι
2985 1841 3150 1894 Ταῦτ’
3191 1837 3360 1893 είπὼν
3401 1840 3429 1890 ὁ
3480 1835 3819 1906 Μάρκελλος,

585 1949 604 1980 ι
654 1931 838 1996 credo,
887 1941 940 1987 et
990 1932 1118 1988 illud
1176 1932 1520 2004 professurus
1572 1944 1676 2001 est,
1731 1951 1854 1993 esse
1899 1938 2147 2007 quaedam

586 2039 604 2069 ι
653 2021 915 2090 ingenita,
966 2035 1066 2076 nec
1121 2021 1332 2077 dicturo
1389 2025 1696 2080 crediturus
1737 2044 1751 2081 :
1798 2027 1890 2081 sed
1948 2027 2148 2082 habere

587 2127 605 2158 ι
653 2110 1148 2178 persuasissimum,
1179 2112 1403 2178 caelum,
1429 2123 1656 2180 terram,
1693 2126 1747 2170 et
1777 2117 1960 2172 omnia
1994 2118 2046 2172 in
2079 2117 2147 2174 iis

586 2218 605 2249 ι
651 2215 680 2252 a
725 2200 834 2254 Deo
882 2201 1046 2258 tuisse
1090 2203 1382 2274 producta)
1409 2205 1454 2258 si
1481 2206 1704 2269 credat,
1735 2206 1978 2282 inquam,
2020 2207 2160 2273 ista,‘

584 2309 604 2341 ε
653 2306 874 2347 necesse
902 2302 1075 2348 estut
1103 2293 1232 2350 illud
1266 2295 1427 2350 simul
1451 2298 1795 2363 confiteatur,
1828 2299 1961 2354 nihil
1996 2315 2150 2370 pror-

586 2401 605 2434 ι
650 2397 744 2438 sus
785 2383 932 2438 aliud
973 2396 1165 2454 praeter
1211 2386 1378 2441 Deum
1433 2388 1733 2444 exstitisse.
1797 2389 1972 2446 Habet
2018 2405 2149 2461 ergo

585 2491 604 2524 ι
654 2475 916 2543 privatam
961 2491 1114 2532 suam
1157 2478 1446 2547 quamdam
1477 2478 1785 2547 opinionem
1818 2495 1998 2536 sermo
2025 2481 2146 2545 iste,

585 2583 604 2616 ι
651 2566 923 2622 exsistens
951 2567 1004 2622 in
1035 2567 1196 2624 Patre
1231 2584 1350 2625 suo.
1378 2588 1396 2622 ι
1434 2570 1556 2624 Haec
1599 2579 1883 2639 postquam
1917 2572 2146 2638 dixerat,

576 2658 845 2714 subinl'ert
889 2660 1070 2715 statim
1103 2659 1194 2732 [Β.
1222 2659 1405 2731 XCIII]
1436 2680 1450 2716 :
1481 2679 1500 2713 ι
1530 2663 1853 2718 Concessant
1895 2664 1968 2718 illi
1998 2674 2150 2734 pote-

583 2767 602 2798 t
650 2759 868 2815 statem,
911 2750 1140 2822 gloriam
1171 2752 1420 2808 Asterius
1444 2755 1780 2823 nominavit;
1829 2771 1930 2813 nec
1952 2758 2150 2813 solum-

583 2859 601 2890 ι
644 2842 803 2897 modo
840 2842 1088 2912 gloriam,
1143 2847 1239 2899 sed
1291 2857 1346 2900 et
1387 2849 1840 2904 antemundanam
1873 2851 2146 2921 gloriam:

581 2951 601 2982 ι
654 2948 758 2986 non
790 2933 1248 3002 animadvertens,
1273 2945 1398 2991 ante
1417 2940 1672 2993 mundum
1691 2941 1989 3008 conditum,
2017 2957 2150 3012 prte-

582 3039 602 3072 ι
652 3030 734 3076 ter
762 3038 926 3078 unum
959 3025 1132 3079 solum
1164 3025 1332 3081 Deum
1369 3029 1645 3083 exstitisse
1682 3032 1904 3087 omnino
1933 3033 2088 3087 nihil.
2124 3052 2145 3088 ι

574 3109 700 3166 Ilaec
729 3111 1020 3170 Marcellus
1051 3117 1138 3171 ubi
1169 3117 1408 3183 dixerat,
1461 3129 1514 3174 et
1565 3122 1686 3177 sine
1721 3122 1831 3178 ullo
1883 3135 2146 3193 praetextu
2175 3151 2217 3209 ο

574 3218 672 3270 per
705 3203 792 3258 illa
818 3205 1013 3260 Filium
1045 3207 1427 3281 abnegaverat,
1460 3221 1518 3263 ut
1548 3213 1702 3268 nobis
1741 3215 1991 3270 redderet
2023 3231 2148 3286 per-

575 3294 974 3365 suasissimum,
1000 3297 1288 3367 qualenam
1328 3301 1421 3356 Dei
1459 3300 1688 3357 Verbum
1732 3303 2142 3376 imaginaretur,

573 3390 809 3435 mentem
841 3397 993 3438 suam
1031 3386 1203 3456 aperit
1237 3387 1528 3444 dilucidius
1585 3393 1760 3448 adhuc
1785 3432 1802 3458 ,
1851 3404 1907 3450 et
1957 3406 2146 3454 nostro

570 3473 737 3529 verbo
765 3477 1030 3532 assimilat
1073 3494 1168 3547 per
1195 3481 1376 3535 omnia
1399 3523 1414 3548 ,
1456 3483 1510 3537 in
1545 3483 1612 3537 iis
1643 3500 1765 3554 qua:
1801 3487 1872 3540 ita
1915 3488 2139 3544 scribit:

572 3563 662 3636 [Β.
700 3565 790 3620 LV
819 3567 941 3622 coll.
971 3585 1024 3638 p.
1057 3571 1125 3626 79
1158 3569 1219 3635 Β,
1249 3570 1351 3626 114
1390 3570 1456 3636 D,
1492 3572 1596 3627 125
1622 3573 1703 3646 Β]
1733 3593 1752 3626 ι
1781 3575 1971 3631 Omnia
2019 3579 2140 3647 qui-

575 3675 597 3710 a
641 3659 761 3714 dent
791 3677 910 3731 quae
939 3661 1078 3717 facta
1121 3673 1269 3728 sunt,
1299 3662 1673 3734 intelliguntur
1716 3683 1746 3722 a
1793 3667 1949 3725 Patre
1999 3668 2141 3726 facta

575 3768 594 3801 ι
638 3765 758 3806 esse
785 3768 882 3822 per
923 3752 1176 3811 Verbum.
1207 3757 1470 3824 Quocirca
1500 3769 1555 3814 et
1585 3762 1959 3817 sanctissimus
1995 3761 2142 3833 Moy-

575 3859 595 3890 ι
641 3856 752 3910 ses,
781 3844 1028 3914 angelum
1058 3846 1291 3917 appellat
1316 3848 1419 3904 hoc
1449 3849 1505 3904 in
1555 3851 1676 3906 loco
1711 3850 1970 3917 Verbum,
2019 3869 2141 3921 pro-

574 3950 596 3983 ι
640 3944 824 4002 pterea
858 3937 998 4006 quod
1023 3951 1128 3991 non
1153 3939 1221 3993 ob
1249 3939 1412 3994 aliam
1431 3955 1665 3996 causam.
1685 3944 1953 4012 apparuit,
1977 3959 2136 4012 quam

574 4041 594 4073 ι
641 4033 697 4075 ut
730 4023 896 4095 Moysi
925 4029 1264 4084 renuntiaret
1310 4030 1398 4086 illa
1428 4047 1550 4101 quae
1591 4035 1894 4089 conducere
1931 4035 2140 4091 sciebat

574 4134 595 4165 ι
642 4115 766 4171 ﬁliis
811 4115 996 4175 Israel.
1047 4121 1271 4179 Sciebat
1295 4135 1480 4180 autem
1527 4125 1656 4182 illttd
1703 4129 2027 4193 conducere.
2080 4141 2139 4186 ut

572 4226 592 4258 ι
639 4210 926 4265 crederent
967 4227 1132 4267 unum
1164 4215 1340 4270 solum
1385 4217 1551 4270 Deum
1585 4233 1725 4274 esse.
1777 4225 1834 4283 ᾖ
1871 4220 2136 4288 Quocirca

571 4318 593 4350 ε
636 4308 694 4355 et
733 4300 1023 4372 alloquitur
1076 4304 1249 4372 illum,
1298 4306 1412 4378 Ego
1457 4326 1572 4362 sum
1600 4311 1691 4380 qui
1729 4328 1843 4364 sum
1868 4312 1950 4366 ’τε
1982 4322 2040 4368 ut
2067 4315 2135 4370 ab

567 4411 592 4446 κ
638 4393 750 4462 ipso
780 4409 900 4448 cum
928 4397 1289 4464 recesserint,
1337 4399 1538 4453 nullum
1577 4416 1697 4456 esse
1746 4400 1914 4456 Deum
1969 4403 2131 4458 alium

2247 1919 2341 1986 καὶ
2380 1931 2471 1985 τὸν
2525 1931 2653 1985 Υίὸν
2703 1931 2770 1984 δι’
2825 1931 3002 1986 αὐτῶν
3052 1930 3534 2003 ἀπαρακαλύπτως
3588 1929 3824 2000 ἀρνησά-

2249 2038 2407 2092 μενος
2430 2061 2445 2086 ,
2479 2021 2566 2074 ἵνα
2613 2023 2760 2093 ἡμᾶς
2791 2021 3032 2094 ἀκριϐῶς
3081 2023 3279 2095 πείσῃ,
3335 2023 3514 2076 ὁποῖον
3552 2015 3688 2072 εἶναι
3733 2020 3822 2071 τὸν

2246 2112 2418 2182 Λόγον
2450 2112 2543 2166 τοῦ
2580 2113 2714 2166 Θεοῦ
2764 2114 2999 2185 ἐφρόνει,
3039 2114 3369 2185 σαφέστερον
3427 2112 3678 2182 ἐμφαίνει
3725 2111 3822 2180 τὴν

2245 2204 2502 2268 διάνοιαν,
2541 2203 2620 2276 τῷ
2656 2206 2908 2276 ἡμετέρῳ
2964 2205 3108 2276 λόγῳ
3161 2203 3478 2268 ἀπεικάζων
3518 2203 3680 2256 αὑτὸν
3705 2242 3720 2266 ,
3754 2200 3819 2255 δι’

2245 2287 2322 2352 ὧν
2385 2295 2556 2350 ταῦτα
2621 2297 2860 2369 γράφει·
2939 2315 2958 2349 ι
3004 2297 3216 2368 Ὠσπερ
3281 2296 3390 2368 γὰρ
3445 2295 3514 2349 τά
3566 2294 3824 2364 γεγονότα

2255 2405 2274 2439 ι
2311 2387 2488 2442 πάντα
2541 2389 2645 2442 ὑπὸ
2694 2389 2790 2442 τοῦ
2819 2389 3032 2462 [ἰατρὸς
3072 2389 3160 2442 διὰ
3193 2387 3285 2442 τοῦ
3331 2388 3505 2456 Λόγου
3558 2386 3821 2457 σημαίνε-

2255 2498 2274 2531 ι
2312 2497 2401 2534 ται
2419 2481 2551 2550 (44).
2601 2481 2700 2535 Διά
2747 2481 2904 2534 τοῦτο
2941 2481 3050 2552 γὰρ
3094 2482 3230 2535 καὶό
3259 2478 3554 2549 άγιάντατος
3584 2477 3823 2546 Μωῦσῆς

2255 2591 2274 2625 ι
2309 2571 2540 2641 ἄγγελον
2563 2572 2796 2627 ἐνταῦθα
2830 2563 3087 2643 ὀνομάζει
3109 2573 3199 2625 τὸν
3250 2574 3439 2641 Λόγον,
3466 2573 3547 2624 ὅτι
3579 2570 3646 2623 δι’
3671 2570 3822 2623 οὐδὲν

2255 2680 2273 2712 ι
2311 2661 2499 2733 ἕτερον
2550 2663 2744 2734 ἐφάνη,
2801 2663 2915 2716 ἀλλ’
2961 2664 3046 2717 ἵνα
3098 2662 3394 2736 ἀναγγείλῃ
3427 2661 3506 2732 τῷ
3549 2662 3774 2716 Μωῦσεῖ
3807 2701 3820 2725 ,

2257 2768 2276 2801 ι
2316 2750 2491 2804 ταῦτα
2511 2751 2655 2822 ἆπερ
2687 2752 2982 2807 λυσιτελεῖν
3007 2755 3119 2816 τοῖς
3145 2754 3279 2816 υἱοῖς
3295 2751 3511 2823 Ἰσραὴλ
3533 2751 3819 2819 ἠπίστατο·

2257 2861 2274 2894 ι
2317 2843 2583 2912 ἠπίστατο
2643 2844 2699 2896 δὲ
2740 2844 3032 2898 λυσιτελεῖν
3087 2845 3180 2898 ἕνα
3215 2844 3346 2898 Θεὸν
3385 2839 3523 2898 εἶναι
3560 2841 3820 2913 νομίζειν.

2257 2952 2276 2985 ι
2316 2934 2406 2987 Διὸ
2466 2936 2561 2988 καὶ
2621 2936 2758 3006 πρὸς
2792 2937 2973 2999 αὑτὸν,
3022 2937 3162 3007 Ἐγώ
3204 2939 3314 3006 ειμι
3349 2939 3382 2990 ό
3429 2935 3532 2999 ὢν,
3573 2934 3699 3003 ἔφη,
3736 2934 3822 2986 ἵνα

2257 3044 2274 3076 t
2316 3025 2519 3096 μηδένα
2573 3027 2731 3091 ἐκτὸς
2766 3028 2960 3082 ἑαυτοῦ
3008 3029 3191 3098 ἕτερον
3241 3028 3372 3080 Θεὸν
3409 3023 3547 3083 εἶναι
3614 3025 3819 3098 διδάξῃ.

2259 3133 2274 3165 ι
2313 3114 2483 3168 Τοῦτο
2514 3117 2715 3188 ῥᾴδιον,
2745 3114 2918 3189 οἶμαι,
2953 3121 3064 3183 τοῖς
3088 3119 3438 3190 εὐφρονοῦσι,
3463 3119 3558 3172 καὶ
3589 3117 3698 3172 ἀπὸ
3728 3135 3820 3188 μι-

2257 3225 2275 3258 ι
2315 3207 2450 3278 κροῦ
2479 3225 2624 3272 τινος
2651 3211 2745 3264 καὶ
2775 3210 3027 3266 ταπεινοῦ
3062 3209 3183 3264 καθ’
3214 3212 3358 3282 ἡμᾶς
3385 3209 3820 3283 παραδείγματος

2257 3317 2276 3350 ι
2310 3299 2527 3368 γνῶναι.
2551 3301 2685 3372 (45).
2721 3303 2852 3357 Οὐδὲ
2894 3303 2999 3376 γάρ
3048 3305 3137 3358 τὸν
3173 3303 3266 3358 τοῦ
3329 3303 3614 3375 ἀνθρώπου
3667 3301 3822 3369 λόγον

2255 3409 2274 3442 ι
2313 3391 2536 3462 δυνάμει
2578 3393 2670 3446 καὶ
2698 3393 2987 3446 ὑποστάσει
3020 3394 3250 3466 χωρίσαι
3279 3395 3388 3448 τινὶ
3432 3393 3674 3446 δυνατόν.
3725 3393 3822 3445 ’Ἑν

2254 3501 2273 3532 ι
2310 3482 2418 3554 γάρ
2444 3485 2561 3537 ἐστι
2595 3485 2687 3537 καὶ
2714 3486 2906 3538 ταύτὸν
2936 3485 3015 3556 τῷ
3037 3485 3307 3558 ἀνθρώπῳ
3327 3488 3355 3538 ὀ
3372 3485 3546 3554 λόγος,
3572 3487 3667 3537 καὶ
3696 3485 3819 3538 οὑδ-

2253 3595 2272 3628 ι
2307 3577 2385 3628 ενί
2433 3575 2798 3648 χωριζόμενος
2852 3578 3023 3650 ἐτέρῳ
3069 3579 3106 3649 ἦ
3147 3579 3282 3650 μόνῃ
3313 3582 3382 3650 τῇ
3437 3579 3536 3649 τῆς
3569 3577 3820 3650 πράξεως

2252 3689 2270 3722 ι
2308 3670 2576 3742 ἐνεργείᾳ.
2607 3688 2626 3721 ι
2689 3670 2800 3724 Καὶ
2851 3668 3290 3738 ἐπιδαψιλεύεται
3329 3668 3410 3722 ἐτι
3473 3667 3670 3739 μᾶλλον
3720 3667 3819 3738 τὴν

2245 3759 2408 3814 αὑτοῦ
2433 3759 2669 3813 διάνοιαν
2707 3758 3007 3828 ἐμφαίνων,
3046 3757 3112 3810 δι’
3144 3751 3218 3812 ὦν
3263 3758 3387 3828 ἐξῆς
3439 3758 3564 3811 τάδε
3619 3757 3812 3830 φησίν·

2250 3865 2270 3899 ι
2310 3847 2385 3900 Οὐ
2418 3847 2526 3918 γὰρ
2549 3845 2612 3916 δὴ
2642 3846 2834 3918 ἐτέρας
2891 3846 3210 3917 ὀνομασίας,
3239 3843 3350 3900 οἷον
3385 3847 3516 3918 ὕλης
3567 3848 3600 3919 ἢ
3645 3847 3814 3918 ἄλλης

2249 3957 2269 3991 ι
2301 3940 2446 4004 τινὸς
2487 3939 2837 4010 ἀνθρωπίνης
2872 3939 3054 4010 (46),ὀ
3092 3940 3224 4004 Θεὸς
3271 3941 3439 3994 ἐδεῖτο
3469 3941 3604 4012 πρὸς
3650 3959 3819 3996 κατα·
3895 3999 3901 4005 ,

2249 4050 2269 4083 ι
2306 4031 2528 4104 σκευὴν,
2561 4031 2696 4085 άλλά
2726 4031 2928 4102 ταύτης
2954 4031 3052 4102 τῆς
3083 4034 3141 4085 ἐν
3162 4037 3228 4104 τῇ
3263 4033 3426 4087 αὐτοῦ
3459 4033 3666 4105 διανοίᾳ
3679 4035 3820 4088 ἐτοι-

2247 4141 2269 4174 ι
2309 4122 2528 4194 μασίας.
2568 4122 2718 4175 Ἐπεὶ
2735 4117 2828 4176 οὖν
2851 4121 3110 4178 ἀδύνατον
3134 4119 3202 4196 ἦν
3226 4125 3394 4196 χωρὶς
3425 4125 3581 4194 λόγου
3605 4125 3698 4178 καὶ
3714 4125 3817 4196 τῆς

2246 4234 2265 4266 ι
2309 4215 2615 4287 προσούσης
2658 4214 2735 4285 τῷ
2790 4215 2931 4286 λόγῳ
2981 4217 3172 4285 σοφίας
3228 4218 3495 4293 ἐννοῆσαι¹
3527 4219 3655 4289 περὶ
3715 4220 3815 4290 τῆς

2247 4327 2265 4361 ι
2309 4308 2404 4362 τοῦ
2442 4306 2676 4380 οὐρανοῦ
2705 4309 3048 4380 κατασκευῆς
3079 4310 3171 4363 τὸν
3203 4310 3356 4373 Θεὸν,
3402 4311 3626 4375 εἰκότως
3671 4311 3774 4383 ἔφη
3795 4330 3812 4344 ο

2245 4416 2264 4450 ι
2305 4398 2505 4454 Ἡνίκα
2543 4395 2813 4466 ἡτοίμαζε
2843 4396 2948 4450 τὸν
2971 4396 3246 4464 οὐρανὸν,
3279 4396 3688 4467 συμπαρήμην
3707 4399 3816 4451 αὑ-

568 4500 588 4536 ι
637 4486 1054 4540 arbitrarentur.
1099 4485 1344 4546 Proclive
1385 4499 1472 4545 est
1514 4502 1696 4546 autem
1738 4493 1881 4548 istud
1919 4496 2133 4549 cuicun-

2243 4507 2263 4538 ι
2307 4486 2406 4553 τῷ.
2445 4507 2470 4540 ι
2496 4487 2606 4539 Καὶ
2639 4485 2988 4558 προστίθησιν
3018 4483 3170 4551 αὖθις
3196 4487 3456 4559 ἐξομοιῶν
3481 4487 3559 4557 τῷ
3600 4487 3814 4559 ἀνθρω-

568 4593 590 4628 ι
627 4591 732 4645 que
763 4579 1031 4646 prudenti,
1081 4579 1428 4649 utiarbitror,
1456 4583 1776 4655 intelligere,
1799 4585 1866 4640 ab
1884 4587 2134 4655 exemplo

567 4686 588 4719 ι
631 4671 863 4739 quodam
897 4673 1092 4742 exiguo
1138 4682 1192 4728 et
1243 4675 1378 4730 satis
1426 4675 1613 4730 humili
1651 4679 1906 4733 humano.
1949 4678 2134 4748 Neque

567 4780 586 4812 ι
632 4763 777 4816 enim
797 4763 1054 4832 possibile
1072 4773 1176 4831 est,
1193 4766 1517 4835 cuicunque,
1541 4769 1760 4822 verbum
1780 4770 2031 4834 hominis,
2050 4771 2132 4825 vel

566 4872 586 4904 ι
629 4855 888 4923 potentia,
917 4855 987 4910 ab
1021 4857 1294 4927 hypostasi
1327 4874 1600 4928 separare.
1629 4859 1802 4914 Unum
1829 4870 1911 4915 est
1932 4861 2131 4916 etenim

565 4961 586 4995 ι
627 4955 790 5016 atque
829 4947 969 5002 idem
999 4963 1123 5004 cum
1154 4949 1371 5005 homine
1414 4952 1636 5005 verbum
1674 4967 1862 5021 suum;
1895 4969 1993 5010 nec
2022 4955 2130 5010 ullo

565 5053 584 5084 ι
623 5046 779 5103 pacto
805 5038 964 5092 aliter
983 5041 1361 5108 separandum,
1394 5057 1556 5111 quam
1588 5045 1700 5098 sola
1720 5045 1913 5111 agendi
1934 5059 2129 5114 opera-

565 5144 583 5176 ι
628 5125 1003 5199 tioneJMagis
1015 5132 1190 5186 adhuc
1214 5132 1434 5202 prodige
1451 5149 1602 5189 suam
1623 5143 1852 5188 mentem
1873 5135 2128 5199 insinuat,

667 5294 727 5352 >3
765 5287 865 5343 Ed.
893 5287 1096 5355 Paris.,
1125 5305 1249 5360 pag.
1277 5289 1366 5344 40.
1475 5291 1518 5356 ’,⁷
1544 5291 1715 5346 Exod.
1752 5307 1836 5359 ιιι,
1867 5293 1957 5347 ιι.

631 5427 872 5504 (“Liui
895 5429 1000 5504 got")
1028 5430 1239 5504 Λόγου⁸
1257 5431 1628 5504 σημαίνεται.
1653 5432 1836 5504 Deest,
1865 5435 2130 5504 γεγεννῆ-

558 5495 702 5554 σθαι.
728 5495 1021 5573 Ἐνταῦθα,
1052 5495 1386 5573 referebatur
1414 5502 1481 5556 ad
1524 5502 1696 5556 locum
1726 5495 1958 5573 aliquem
1985 5495 2132 5559 Scri-

557 5571 1048 5644 pturae,_quettt__itt
1101 5571 1184 5644 his
1229 5571 1349 5644 suis
1380 5573 1652 5644 excerptis
1694 5571 1912 5644 reticuit
1961 5573 2130 5630 Euse-

556 5638 815 5714 biusLM.
833 5668 900 5679 —-
929 5639 1046 5714 Mox
1084 5638 1580 5714 vulgpaa‘tayttbjr.
1606 5642 1985 5714 ειίάναγγέλῃ.

631 5709 744 5784 (ίξὶ)
784 5709 978 5784 Statuit
1015 5709 1296 5784 1.230.606:
1327 5709 1443 5782 γὰρ
1461 5712 1554 5765 τοῦ
1594 5709 1882 5784 ἀνθρώπου
1914 5709 2006 5766 τὸν
2045 5713 2131 5767 λό-

557 5792 654 5855 γον
677 5779 920 5858 δυνάμει,
954 5782 984 5852 ἢ
1030 5779 1121 5836 κάξ
1152 5779 1442 5837 ὑποστάσει
1476 5804 1524 5855 χ.
1559 5779 1889 5853 Ιιιιιιυὲδίὺὶίο
1919 5793 2022 5852 est,
2057 5785 2126 5838 ita

2233 4580 2371 4650 πίνῳ
2422 4579 2564 4650 λόγῳ
2604 4579 2696 4632 τὸν
2745 4577 2836 4632 τοῦ
2884 4578 3040 4642 Θεοῦ,
3087 4581 3164 4642 είς
3213 4579 3274 4632 τὸ
3313 4579 3481 4643 δεῖξαι
3503 4579 3663 4632 αὑτὸν
3713 4580 3812 4632 ἀν-

2231 4672 2550 4726 υπόστατον.
2571 4671 2775 4744 Γράφει
2801 4671 2857 4724 δὲ
2891 4671 3060 4735 οὕτως
3089 4688 3102 4702 ο
3143 4690 3160 4722 ι
3213 4671 3477 4725 Ἐνταῦθα
3535 4671 3650 4741 ἐγώ
3689 4673 3807 4738 εἰμι

2235 4783 2254 4814 ι
2288 4762 2448 4829 όῶν,
2499 4762 2647 4831 λέγει
2690 4763 2788 4833 μὲν
2821 4762 2898 4832 τῷ
2940 4763 3164 4816 Μωῦσεῖ
3193 4763 3223 4815 ό
3272 4763 3480 4834 Πατήρ.
3513 4763 3674 4830 Λέγει
3724 4761 3802 4825 δὲ,

2236 4874 2254 4906 ι
2291 4853 2539 4926 δηλονότι
2563 4853 2648 4906 διά
2672 4852 2766 4906 τοῦ
2793 4854 2985 4921 Λόγου,
3010 4853 3194 4907 Πάντα
3225 4852 3335 4923 γὰρ
3361 4854 3460 4905 ὅσα
3486 4852 3550 4906 ἂν
3571 4854 3599 4905 ὀ
3622 4851 3808 4923 Πατὴρ

2238 4965 2256 4997 ι
2298 4947 2454 5018 λέγῃ,
2499 4946 2674 5000 ταῦτα
2731 4945 3005 5017 πανταχοῦ
3049 4946 3137 5000 διά
3160 4946 3254 4999 τοῦ
3296 4946 3469 5014 Λόγου
3487 4944 3658 5012 λέγων
3683 4943 3809 5012 φαί-

2240 5059 2258 5091 ι
2294 5056 2462 5093 νεται.
2491 5038 2660 5092 Τοῦτο
2690 5039 2746 5091 δὲ
2767 5039 2923 5108 δῆλόν
2956 5039 3186 5092 ἐστικαὶ
3208 5039 3300 5108 ἀφ’
3327 5038 3480 5109 ἡμῶν
3504 5036 3679 5090 αὐτῶν
3706 5037 3806 5088 ὅσα

2243 5151 2261 5184 ι
2301 5131 2474 5204 μικρὰ
2505 5134 2618 5195 τοῖς
2663 5130 2918 5203 μεγάλοις
2955 5133 3050 5185 καὶ
3100 5131 3264 5197 θείοις
3324 5130 3638 5184 ἀπεικάσαι.
3695 5130 3806 5182 Καὶ

2233 5428 2456 5484 verbum
2491 5429 2558 5482 ab
2587 5426 2805 5482 homine
2834 5440 2990 5480 suum
3023 5437 3296 5493 separare,
3326 5419 3676 5493 utsubsistat
3718 5432 3805 5493 se:

2228 5509 2495 5568 paratum.
2526 5497 2686 5552 M.—
2723 5496 2854 5551 Dein
2909 5486 3328 5564 νιιιεοέπιδαψ.
3369 5491 3488 5546 sine
3511 5488 3603 5544 καί
3639 5498 3694 5542 et
3733 5486 3803 5539 δι’

2228 5569 2526 5704 ἐτῗίῧῖᾚ
2556 5637 2752 5704 ἄλλης
2798 5638 2958 5701 τινὸς
2999 5633 3391 5702 ἀνθρωπίνης.
3415 5629 3594 5704 _I)eest
3620 5627 3800 5704 aliqua

2229 5695 2334 5765 vox
2360 5697 2641 5761 fulcienda:
2662 5695 2970 5788 sententiai.
3196 5695 3680 5805 lleinlirulgpﬂ
3701 5695 3800 5768 τὴν

2229 5795 2457 5833 κατασκ.
2485 5789 2539 5833 et
2569 5776 2946 5848 προσηκούσης
2971 5775 3048 5845 τῷ
3076 5774 3219 5843 λόγῳ
3244 5783 3298 5828 et
3329 5774 3624 5841 ἡτοίμασας
