4000 6398
227 369 318 426 795

1301 363 1582 422 CONTRA
1615 366 2040 425 MARCELLUM
2079 367 2206 422 LIB.
2248 367 2315 422 II.

3333 370 3439 428 794

227 503 247 538 ι
270 483 421 555 ἡμεῖς
443 481 554 552 γάρ
577 482 752 536 πάντα
780 483 880 535 ὅσα
899 481 966 536 ἂν
1000 481 1262 552 θέλωμεν,
1279 481 1422 535 κατὰ
1445 482 1508 536 τὸ
1525 482 1760 550 δυνατὸν,

1877 485 1929 539 in
1957 486 2328 554 sequentibus,
2356 485 2635 554 inquiens:
2665 483 2759 556 [Β.
2783 484 2888 540 LIII
2907 484 3030 542 coll.
3052 501 3106 556 p.
3125 486 3250 558 I25]
3273 507 3293 539 ι
3316 487 3434 544 Non

229 593 244 624 ι
269 571 438 639 λέγειν
471 587 530 623 τε
569 567 663 623 καὶ
699 573 905 634 ποιεῖν,
946 569 1023 641 τῷ
1074 571 1326 642 ἡμετέρῳ
1353 570 1608 642 ποιοῦμεν
1659 573 1770 641 (47)

226 687 245 721 ι
271 667 423 737 λόγῳ.
448 684 467 718 ι
500 661 634 719 Εἶτα
669 663 869 736 μεταξύ
900 682 1022 718 τινα
1053 663 1222 718 εἰπὼν
1244 664 1501 733 ἐπιλέγει·
1536 665 1656 728 Πῶς
1682 661 1775 719 οὖν

225 777 244 811 ‹
277 757 563 829 Ἀστέριος,
592 759 712 820 ταῖς
733 756 913 825 ἁγίαις
943 757 1186 827 Γραφαῖς
1201 754 1387 819 άπλῶς
1409 755 1503 810 καὶ
1521 756 1775 826 ὲμφόϐως

226 869 242 899 ι
267 847 571 901 ἀκολουθεῖν
591 845 1073 917 προσποιούμενος,
1095 845 1346 915 οὐκέγνω
1359 846 1421 899 τὸ
1443 846 1605 916 μέρος
1618 846 1774 899 τοῦτο

225 959 242 990 ι
270 940 432 1009 λέγων
456 957 469 970 ο
496 937 700 1010 Κύριος
738 940 767 990 6
789 937 922 1000 Θεός
950 954 1042 990 σου
1065 978 1080 1002 ,
1109 930 1262 1002 οὗτος
1293 937 1489 1009 Κύριος
1516 934 1596 1001 εἷς
1634 940 1769 990 ἐστι·

227 1052 242 1082 ι
269 1031 391 1094 Θεὸς
423 1033 481 1084 ὲν
510 1030 586 1101 τῷ
607 1029 818 1100 οὐρανῷ
852 1029 984 1095 ἀνω,
1013 1031 1107 1083 καὶ
1133 1031 1226 1084 ἐπὶ
1249 1030 1347 1101 τῆς
1362 1029 1464 1100 γῆς
1480 1031 1648 1084 κάτωσ
1679 1031 1774 1083 καὶ

224 1142 240 1174 ι
264 1124 356 1176 οὑκ
371 1122 516 1175 ἐστιν
537 1121 616 1174 ἔτι
643 1120 782 1192 πλὴν
799 1120 965 1174 αὐτοῦ
991 1138 1007 1187 ;
1039 1122 1150 1176 Καὶ
1163 1122 1245 1175 ὅτι
1266 1116 1498 1186 εἷςὲστι,
1516 1122 1610 1174 καὶ
1634 1120 1772 1192 πλὴν

223 1235 239 1266 ι
263 1213 414 1267 αὐτοῦ
447 1214 633 1284 ἕτερος
664 1213 766 1266 οὐκ
797 1212 932 1266 ἔστι.
961 1230 980 1264 ι
1018 1214 1128 1265 Καὶ
1148 1212 1350 1284 προῖὼν
1382 1207 1536 1274 αὖθις
1569 1211 1773 1282 διῖσχυ-

217 1307 410 1380 ρίζεται
441 1307 662 1377 φάσκων
681 1323 695 1336 ·
731 1324 752 1358 ι
784 1306 856 1360 Οὐ
892 1304 1340 1376 καταχρηστικῶς
1375 1304 1530 1374 λόγος
1577 1306 1773 1374 ὀνομα-

217 1421 234 1451 ι
265 1399 432 1464 σθεὶς,
499 1398 602 1453 κᾶν
657 1398 1023 1470 διαρραγῶσιν
1071 1399 1121 1452 oi
1179 1396 1772 1468 έτεροδιδασκαλοῦντες

218 1510 234 1544 ι
274 1491 632 1562 ψευδόμενοι,
679 1489 816 1544 ἀλλά
857 1489 1064 1561 κυρίως
1099 1507 1158 1542 τε
1208 1490 1304 1542 καὶ
1340 1488 1556 1559 ἀληθῶς
1595 1489 1770 1559 ὑπάρ-

217 1603 235 1635 ι
270 1603 373 1655 χων
404 1583 600 1653 Λόγοςο
637 1602 658 1635 ι
712 1583 807 1636 καὶ
848 1582 1209 1654 προστίθησι·
1244 1600 1264 1635 ι
1317 1581 1382 1634 Τί
1441 1581 1550 1652 γάρ
1585 1581 1769 1652 ἕτερον

217 1697 232 1727 ι
265 1671 329 1746 ἦν
365 1674 852 1746 ἀποκεκρυμμένον
890 1674 1186 1744 μυστήριον
1217 1673 1250 1744 ἢ
1279 1673 1420 1726 κατά
1447 1673 1537 1728 τὸν
1564 1673 1767 1740 Λόγον;

215 1787 231 1818 ι
266 1765 416 1821 Οὕτω
444 1767 501 1820 δὲ
523 1762 589 1838 ἦν
621 1765 1108 1838 ἀποκεκρυμμένον
1134 1767 1192 1818 ὲν
1218 1764 1297 1837 τῷ
1323 1764 1442 1836 Θεῷ
1468 1766 1616 1818 τουτὶ
1639 1765 1771 1836 πρό-

211 1879 229 1910 ι
264 1876 415 1930 τερον
473 1859 534 1911 τὸ
570 1859 886 1929 μυστήριον,
921 1857 1062 1910 ὥστε
1115 1855 1318 1927 μηδένα
1361 1855 1454 1910 τοῦ
1501 1857 1765 1928 προτέρου

211 1969 228 2001 ι
266 1948 390 2003 λαοῦ
422 1949 612 2019 σαφῶς
640 1950 710 2004 τά
734 1949 876 2003 κατὰ
902 1948 991 2001 τὸν
1017 1947 1189 2017 Λόγον
1214 1949 1411 2003 εἰδέναι
1430 1965 1445 1980 ο
1473 1947 1587 2003 ἀλλ’
1620 1949 1767 2019 ἡμᾶς

208 2061 226 2092 ι
258 2040 346 2094 τοῦ
381 2041 608 2094 πλούτου
634 2039 734 2110 τῆς
777 2041 958 2111 δόξης,
994 2041 1087 2094 καὶ
1127 2040 1222 2094 τοῦ
1273 2041 1763 2112 ἀποκεκρυμμένου

206 2151 224 2180 ι
270 2130 565 2200 μυστηρίου
593 2129 885 2184 ἀπολαύειν
917 2130 1032 2183 νυνί
1074 2130 1205 2201 (48).
1241 2149 1260 2183 ι
1288 2131 1396 2184 Καὶ
1423 2130 1560 2202 μετά
1593 2129 1765 2184 ταῦτα

201 2227 356 2281 πάλιν
387 2226 700 2298 ἀνθρωπίνῃ
731 2226 994 2298 κέχρηται
1018 2226 1207 2291 εἰκόνι,
1225 2227 1412 2283 τοῦτον
1426 2227 1650 2299 γράφων
1676 2228 1765 2282 τὸν

200 2319 411 2390 τρόπον·
437 2319 563 2382 «Τίς
589 2318 696 2390 γάρ
720 2317 944 2390 οὕτωςῆ
970 2319 1079 2374 τῶν
1108 2320 1279 2388 ἁγίων
1315 2321 1578 2389 ἀγγέλων,
1603 2321 1635 2392 ἢ
1673 2322 1765 2374 ἀν-

203 2428 222 2460 ι
255 2409 392 2480 δρῶν
451 2409 673 2464 δικαίων
733 2410 1041 2477 ἀξιόπιστος
1091 2406 1159 2482 ἦν
1217 2411 1316 2484 τὴν
1365 2414 1430 2466 ὲκ
1474 2412 1761 2484 προσώπου

203 2519 222 2552 ι
254 2500 345 2554 τοῦ
418 2500 552 2554 Θεοῦ
620 2501 922 2572 ὁρισθεῖσαν
996 2503 1143 2574 αύτῷ
1206 2505 1475 2575 τιμωρίαν
1547 2504 1760 2570 λῦσαις

202 2609 221 2642 ι
257 2593 302 2644 εί
333 2592 408 2663 μὴ
433 2592 594 2655 αὐτὸς
619 2594 646 2644 6
669 2592 840 2659 Λόγος
861 2593 890 2644 ό
928 2591 1230 2664 συμπαρών
1264 2611 1323 2646 τε
1357 2593 1471 2663 (49)
1503 2593 1596 2647 καὶ
1622 2611 1760 2665 συμ-

201 2702 221 2734 σ
260 2684 503 2738 πλάττων
524 2684 660 2755 πρὸς
685 2683 744 2738 ὃν
764 2686 792 2737 6
823 2684 1036 2756 Πατὴρ,
1060 2685 1411 2756 Ποιήσωμεν
1427 2686 1759 2756 ἄνθρωπον,

199 2795 217 2827 ι
251 2775 374 2846 ἔφη,
413 2776 540 2830 κατ’
565 2778 770 2830 εικόνα
793 2776 1085 2846 ἡμετέραν
1099 2779 1197 2833 καὶ
1227 2779 1530 2848 ὁμοίωσιν,
1549 2780 1648 2834 οὐκ
1677 2780 1763 2834 δν·

198 2887 215 2917 ι
253 2885 340 2932 τος
364 2868 551 2941 ἑτέρου
581 2866 715 2921 Θεοῦ
744 2869 836 2922 τοῦ
873 2869 1241 2940 συμπλάττειν
1267 2870 1415 2940 αύτῷ
1443 2869 1758 2942 δυναμένου.

197 2979 214 3012 ι
271 2960 409 3031 Ἐγὼ
431 2961 542 3029 γάρ
563 2961 868 3030 εἱμι,φησὶ,
905 2959 1048 3027 Θεὸς
1084 2960 1335 3030 πρῶτος·
1361 2961 1460 3015 καὶ
1480 2961 1594 3032 ἐγὼ
1613 2963 1762 3032 μετὰ

195 3071 214 3103 ι
254 3052 458 3116 ταῦτα,
491 3051 589 3106 καὶ
619 3050 786 3120 πλὴν
809 3051 954 3120 ἐμοῦ
1003 3049 1145 3118 Θεὸς
1187 3052 1385 3121 ἔτερος
1427 3054 1538 3107 οὐκ
1568 3053 1755 3108 ἔστιν.

1883 596 1902 629 ι
1939 587 2089 633 certe
2114 577 2556 649 indigebatDeus,
2575 578 2932 648 appellatione
2955 579 3081 644 alia,
3101 592 3287 650 ulputa
3320 599 3434 636 ma-

1880 689 1898 721 ι
1937 670 2120 734 ιετίω,
2153 682 2245 724 aut
2283 671 2360 725 rei
2393 671 2642 726 humanae
2698 673 3064 742 cujuscunque
3093 691 3108 727 :
3143 676 3236 728 sed
3291 675 3435 730 illius

1879 781 1898 814 ι
1934 762 2100 816 solius
2139 773 2447 833 apparatus,
2485 764 2576 834 qui
2617 767 2669 818 in
2713 763 2829 830 ejus
2884 774 3065 819 mense
3099 767 3430 837 versabatur.

1879 871 1898 903 ι
1935 851 2379 922 Quandoquidem
2397 869 2525 924 ergo
2551 853 2879 921 impossibile
2896 853 3221 919 I‘uerat,sine
3241 857 3431 920 verbo,
3519 879 3527 888 -

1878 963 1897 995 ι
1933 953 1990 1000 et
2042 945 2209 1000 verbo
2256 947 2611 1001 conveniente
2649 947 2963 1016 prudentia,
2997 948 3158 1001 Deum
3193 948 3434 1017 cogitare

1877 1055 1896 1089 ι
1935 1040 2119 1095 mundi
2161 1038 2377 1095 aﬂ'uisse
2412 1040 2728 1104 conditurae,
2767 1054 2869 1094 non
2916 1040 3186 1094 immerito
3208 1041 3379 1110 inquit
3413 1060 3429 1097 :

1876 1153 1897 1186 ι
1932 1133 2065 1189 Cum
2075 1149 2394 1202 praeparare:
2410 1133 2615 1198 saxlum,
2633 1149 2738 1186 una
2759 1132 2970 1185 aderam
2993 1144 3160 1185 tecum
3176 1133 3243 1185 ⁸⁸.
3255 1151 3275 1183 ι
3286 1133 3434 1202 Adji-

1871 1227 1946 1282 cit
1971 1226 2147 1281 denuo
2175 1241 2206 1281 e
2235 1225 2588 1281 similitudine
2613 1224 2832 1279 humani
2865 1224 3039 1286 verbi,
3091 1233 3147 1278 et
3195 1223 3430 1278 Verbum

1870 1319 1963 1374 Dei
2003 1333 2153 1383 esse,
2189 1326 2248 1372 ut
2291 1317 2603 1373 ostenderet
2655 1317 2784 1371 illud
2841 1316 3064 1370 minime
3113 1317 3431 1371 subsistere.

1870 1409 2073 1466 Scribit
2106 1412 2274 1475 enim,
2315 1426 2334 1460 ι
2365 1407 2478 1463 Hoc
2507 1409 2560 1463 in
2595 1407 2734 1474 loco,
2769 1407 2867 1473 ait,
2897 1406 3010 1476 Ego
3037 1408 3262 1477 suntqui
3289 1425 3429 1470 sum,

1875 1521 1896 1554 ι
1938 1503 2005 1556 ad
2033 1501 2251 1572 Moysen
2287 1499 2522 1571 loquitur
2561 1499 2738 1554 Pater.
2770 1519 2788 1553 ι
2830 1499 2934 1571 [Β.
2961 1499 3071 1557 LVI
3102 1502 3223 1554 coll.
3247 1517 3299 1571 p.
3330 1502 3433 1556 114

1877 1609 1895 1643 ι
1935 1593 1998 1659 1),
2043 1591 2146 1646 118
2195 1590 2594 1661 B.]Loquitur
2624 1598 2803 1644 autem
2847 1591 2988 1658 quod
3039 1600 3285 1653 constat,
3335 1605 3434 1659 per

1875 1703 1894 1736 ι
1928 1684 2160 1740 Verbum
2181 1697 2358 1736 suum.
2382 1681 2724 1752 Quaecunque
2756 1681 2953 1736 etenim
2977 1681 3214 1751 loquitur
3243 1681 3426 1748 Pater,

1875 1797 1894 1831 ι
1934 1780 2046 1844 haec
2063 1777 2260 1847 ubique
2277 1791 2373 1846 per
2391 1776 2627 1830 Verbum
2661 1789 2814 1829 suum
2838 1775 3042 1829 locutus
3063 1774 3291 1828 videtur.
3317 1775 3431 1830 Hoc

1877 1891 1895 1924 ι
1934 1881 2177 1943 apparet,
2215 1871 2258 1925 si
2286 1885 2448 1939 parva
2479 1869 2604 1924 licet
2633 1869 2842 1938 magnis
2865 1882 3190 1936 componere
3215 1878 3269 1921 et
3294 1868 3434 1921 divi-

1873 1986 1891 2018 ι
1930 1964 2037 2031 nis,
2068 1980 2097 2019 a
2122 1963 2539 2032 nobismetipsis.
2559 1959 2667 2018 Nos
2700 1961 2897 2016 etenim
2924 1960 3104 2015 omnia
3126 2000 3140 2025 ,
3169 1973 3432 2029 quaecun-

1872 2078 1890 2110 ι
1927 2072 2030 2126 que
2049 2057 2310 2116 volumus.
2340 2063 2601 2125 quantum
2624 2053 2814 2108 saltem
2836 2053 2889 2106 in
2929 2052 3086 2106 nobis
3121 2061 3226 2116 est,
3253 2051 3433 2106 facere

1871 2169 1889 2200 ι
1922 2158 1977 2204 ει
2023 2149 2224 2211 dicere,
2253 2161 2347 2218 per
2377 2156 2623 2201 nostrum
2651 2145 2871 2200 verbum
2914 2158 3317 2213 procuramusu
3337 2141 3429 2214 [Β.

1865 2239 2068 2295 LXVIII
2102 2239 2226 2294 coll.
2264 2237 2448 2308 p.132
2480 2236 2570 2310 C.]
2603 2236 2702 2293 Ubi
2727 2235 2981 2291 nonnulla
3024 2237 3430 2302 intersernerat,

1864 2333 2162 2388 subnectit:
2187 2349 2206 2383 ι
2229 2329 2458 2398 Quinam
2474 2331 2639 2402 igitur
2652 2329 2918 2394 Asterius,
2933 2343 3054 2383 cum
3073 2343 3180 2398 pra:
3193 2342 3251 2382 se
3266 2327 3434 2384 ferret

1869 2444 1887 2477 ι
1934 2426 2270 2496 simpliciter,
2297 2433 2494 2480 etcum
2519 2423 2715 2478 timore
2753 2421 2983 2491 quodam
3013 2421 3162 2490 sequi
3189 2421 3434 2490 Scriptu-

1867 2538 1886 2571 ι
1933 2533 2115 2574 rarum
2148 2523 2386 2582 ductum,
2433 2515 2577 2570 illam
2619 2529 2805 2569 earum
2836 2524 3045 2584 partem
3088 2525 3264 2568 tamen
3324 2529 3428 2567 non

1867 2629 1886 2662 ι
1935 2609 2287 2680 inlelligebat,
2323 2609 2582 2663 Dominus
2612 2605 2753 2660 Deus
2782 2615 2935 2669 tuus,
2968 2604 3072 2658 iste
3117 2603 3258 2659 Dens
3292 2619 3431 2656 unus

1866 2722 1885 2754 ι
1933 2711 2035 2757 est.
2073 2702 2249 2768 Deus,
2307 2701 2361 2755 in
2414 2699 2569 2756 caelis
2618 2713 2858 2765 sursum,
2909 2706 2962 2751 et
3015 2711 3175 2766 super
3227 2706 3427 2749 terram

1866 2811 1886 2846 ι
1932 2795 2222 2858 deorsum,
2273 2806 2374 2846 nec
2429 2791 2570 2846 alius
2631 2790 2807 2845 adhuc
2861 2801 2946 2846 est
2999 2799 3196 2859 prater
3241 2788 3430 2842 illum?

1865 2905 1884 2938 ι
1929 2886 2078 2943 Unus
2105 2896 2208 2951 est,
2235 2885 2428 2955 inquit,
2463 2894 2518 2940 et
2541 2894 2740 2954 praeter
2761 2884 2910 2939 illum
2941 2898 3045 2936 non
3089 2891 3171 2936 est
3202 2880 3359 2935 alius.
3401 2901 3420 2934 ο

1857 2973 2091 3044 Pergens
2129 2975 2382 3042 deinceps
2419 2973 2696 3029 contendit
2736 2972 3135 3033 vehementius,
3164 2989 3179 3026 :
3213 2969 3304 3042 [Β.
3335 2969 3428 3023 XL

1857 3065 1983 3121 coll.
2035 3080 2090 3135 p.
2124 3065 2226 3120 II6
2255 3064 2337 3138 C]
2379 3083 2399 3117 ι
2435 3064 2550 3119 Non
2598 3073 2716 3119 erat
2747 3062 2971 3119 verbum
2997 3104 3012 3127 ,
3049 3064 3228 3117 dictus
3282 3071 3431 3117 cata-

195 3164 214 3196 ι
247 3144 382 3198 οὔτε
425 3139 518 3197 οὖν
563 3141 824 3211 νεώτερός
855 3161 937 3206 τις
981 3142 1132 3208 Θεὸς,
1175 3143 1297 3198 οὔτε
1330 3145 1476 3198 ἐστὶν
1501 3144 1659 3209 ἀλλος
1675 3162 1760 3208 τις

1865 3175 1884 3208 ι
1931 3157 2234 3222 chrcstice,
2278 3165 2599 3226 rumpantur
2641 3156 2767 3210 licet
2815 3155 2888 3209 illi
2939 3155 3288 3220 mentiendo,
3337 3155 3426 3222 qui

194 3255 212 3288 ι
255 3235 390 3307 μετά
434 3235 607 3289 ταῦτα
647 3234 780 3298 Θεὸς
811 3233 906 3299 ὣν,
947 3235 1066 3305 Θεῷ
1101 3238 1382 3306 συνεργεῖν
1410 3236 1630 3300 δυνατὸς
1667 3231 1755 3307 ἦν.

193 3351 210 3381 ι
261 3330 400 3384 Ἀλλ’
433 3329 602 3396 εἴτις,
635 3328 816 3400 μικρῷ
846 3346 953 3383 τινι
978 3329 1072 3382 καὶ
1102 3330 1426 3401 ἀνθρωπίνῳ
1462 3329 1584 3383 καθ’
1611 3331 1760 3402 ἡμᾶς

190 3442 209 3474 ι
245 3421 645 3494 παραδείγματι
673 3421 970 3493 χρώμενος,
1003 3422 1078 3486 ὡς
1114 3421 1200 3475 διὰ
1223 3421 1448 3486 εἰκόνος,
1477 3422 1576 3494 τὴν
1609 3422 1760 3476 θείαν

190 3533 210 3567 ι
234 3512 478 3580 ἐξετάζοι
507 3514 725 3585 πρᾶξιν,
754 3513 942 3586 ὥσπερ
973 3513 1040 3568 ἄν
1068 3531 1152 3577 τις
1178 3513 1612 3586 ἀνδριαντοποιὸς
1640 3514 1760 3568 ἐπι-

186 3626 208 3656 σ
247 3608 470 3679 στήμων
505 3607 665 3678 ἀνὴρ,
696 3607 986 3678 ἀνδριάντα
1015 3606 1212 3660 πλάσαι
1239 3605 1576 3676 βουλόμενος,
1604 3605 1759 3677 πρῶ-

188 3719 206 3749 ι
239 3715 331 3752 τον
358 3700 458 3770 μὲν
486 3699 612 3762 τοὺς
635 3698 835 3762 τύπους
861 3697 1023 3752 αὑτοῦ
1058 3699 1153 3752 καὶ
1176 3699 1529 3770 χαρακτῆρας
1550 3699 1607 3750 ὲν
1633 3699 1760 3751 ἑαυ-

189 3810 206 3841 ι
237 3789 314 3861 τῷ
353 3793 563 3844 σκοπεῖ·
607 3790 796 3843 ἔπειτα
824 3789 1025 3853 πλάτος
1062 3806 1122 3842 τε
1156 3789 1251 3843 καὶ
1280 3789 1473 3860 μῆκος,
1500 3789 1622 3843 ὅσον
1671 3787 1760 3842 εύ-

188 3900 205 3930 ι
250 3881 480 3952 πρεπὲς,
526 3880 714 3944 ὲννοεῖ,
761 3879 1054 3948 ἀναλογίαν
1079 3895 1140 3931 τε
1189 3878 1283 3932 τοῦ
1330 3877 1550 3942 παντὸς,
1590 3879 1647 3930 ὲν
1680 3877 1760 3948 τῷ

185 3992 203 4024 ι
242 3973 363 4028 καθ’
393 3973 622 4026 ἕκαστον
654 3972 898 4039 ἐξετάζει
931 3971 1111 4044 μέρει,
1147 3970 1350 4042 χαλκοῦ
1375 3988 1436 4024 τε
1467 3972 1565 4042 τὴν
1588 3970 1759 4042 πρόσ-

185 4085 205 4118 ι
243 4082 410 4138 φορον
435 4065 728 4136 ἑτοιμάσας
755 4065 908 4137 ὓλην,
943 4065 1148 4119 καὶτὸν
1175 4064 1430 4135 ἐσόμενον
1467 4063 1759 4136 ἀνδριάντα

185 4177 205 4210 ι
244 4161 313 4230 τῇ
360 4156 556 4211 ἑαυτοῦ
615 4158 982 4229 προτυπώσας
1028 4156 1255 4227 διανοίᾳ,
1284 4155 1598 4225 καίνοητῶς
1627 4155 1761 4227 ὁρᾷν

183 4267 204 4298 ι
238 4248 490 4317 νομίσας,
540 4247 792 4310 συνειδώς
837 4264 899 4301 τε
949 4245 1128 4318 ἑαυτῷ
1162 4248 1441 4317 συνεργεῖν
1464 4245 1554 4300 τὸν
1583 4245 1758 4315 λόγον,

184 4359 203 4389 ι
246 4333 293 4408 ᾧ
319 4339 612 4410 λογίζεται,
639 4341 732 4393 καὶ
759 4332 805 4408 ᾧ
841 4339 1016 4393 πάντα
1059 4340 1318 4411 πράττειν
1359 4338 1565 4404 εἴωθεν,
1589 4338 1760 4408 (οὐδὲν

183 4452 203 4484 ι
235 4431 349 4502 γάρ
394 4430 469 4502 μὴ
510 4431 652 4502 λόγῳ
703 4429 1022 4501 γιγνόμενον
1068 4430 1273 4502 καλόν·)
1329 4429 1631 4503 ἀρχόμενος
1661 4429 1760 4501 τῆς

1865 3261 1884 3294 ι
1932 3244 2266 3299 contrarium
2322 3253 2564 3308 tuentur,
2617 3245 2709 3299 sed
2749 3244 2966 3314 proprie
3012 3253 3064 3298 et
3113 3243 3428 3311 simpliciter

1865 3354 1884 3387 ι
1931 3346 2051 3391 erat
2091 3334 2350 3392 Verbum.
2378 3355 2397 3388 ι
2453 3335 2709 3404 Adiungit
2743 3354 2756 3389 :
2792 3335 2889 3406 [Β.
2925 3334 3063 3390 XLV
3103 3351 3159 3405 p.
3213 3336 3316 3389 144
3364 3334 3426 3404 Β]

1864 3447 1883 3478 ι
1929 3427 2066 3494 Quid
2119 3442 2249 3482 vero
2297 3435 2418 3481 erat
2456 3426 2598 3479 aliud
2629 3425 2942 3499 mysterium
2985 3424 3112 3478 illud
3141 3425 3428 3478 abscondi—

1865 3538 1883 3570 ι
1931 3527 2066 3584 tum,
2101 3533 2262 3587 quam
2291 3518 2588 3572 secundum
2631 3516 2864 3572 Verbum
2898 3516 3032 3570 Dei?
3077 3516 3202 3569 Erat
3247 3525 3427 3568 autent

1865 3631 1883 3664 ι
1932 3610 2083 3676 illud,
2110 3611 2183 3665 ita
2209 3611 2338 3665 olim
2375 3611 2426 3664 in
2467 3610 2577 3665 Deo
2607 3608 2982 3664 absconditum
3010 3608 3193 3677 prius,
3226 3618 3280 3661 ut
3307 3608 3427 3661 nul-

1865 3721 1884 3755 ι
1935 3703 2016 3757 Ius
2043 3702 2201 3773 plane
2227 3703 2366 3771 apud
2409 3700 2664 3772 populum
2705 3699 2978 3768 priorem,
3023 3699 3301 3768 perspicue
3333 3699 3422 3753 illa

1865 3813 1884 3845 ι
1931 3802 2178 3848 cerneret
2206 3807 2326 3862 quae
2355 3792 2422 3845 ad
2470 3789 2704 3845 Verbum
2736 3788 3102 3858 pertinebant.
3155 3787 3263 3842 Nos
3294 3802 3424 3843 vero

1866 3904 1885 3937 ι
1933 3886 1986 3940 in
2042 3885 2296 3954 praesenti
2362 3883 2594 3937 fruimur
2651 3881 2856 3936 divitiis
2909 3880 3090 3947 gloriae
3147 3880 3310 3949 ipsius
3369 3890 3426 3934 et

1866 3997 1884 4031 ι
1932 3977 2171 4050 mysterii
2203 3975 2444 4031 revelati.
2470 3992 2490 4026 ι
2539 3971 2784 4027 Humana
2824 3971 3036 4026 demum
3073 3971 3241 4025 utitur
3273 3970 3425 4024 simi-

1871 4070 2099 4125 litudine
2151 4068 2217 4122 ad
2273 4067 2416 4122 hunc
2481 4066 2700 4121 modum
2759 4063 3007 4118 scribens
3053 4077 3065 4112 :
3131 4062 3152 4135 ἶ
3203 4061 3270 4117 R.
3330 4060 3421 4117 LII

1859 4161 1984 4218 coll.
2027 4177 2083 4230 p.
2139 4155 2290 4228 1‘25]
2356 4154 2533 4222 «Quis
2574 4168 2702 4208 vero
2743 4151 2843 4207 fuit
2901 4153 3036 4208 adeo
3096 4153 3289 4223 dignus
3336 4152 3422 4207 vel

1867 4269 1885 4302 ι
1937 4251 2077 4304 inter
2111 4248 2359 4302 homines
2386 4246 2563 4316 iustos
2600 4244 2685 4300 vel
2725 4253 2948 4299 sanctos
2988 4243 3150 4298 etiam
3174 4243 3420 4312 angelos,

1867 4361 1886 4393 ι
1932 4355 2147 4412 pinnam
2212 4353 2242 4392 a
2305 4337 2413 4392 Deo
2462 4337 2516 4392 in
2585 4336 2706 4391 illos
2781 4336 3106 4390 destinatam
3167 4335 3422 4390 amoliri?

1867 4453 1886 4486 ι
1929 4439 1988 4497 ›Ῑ‹
2023 4432 2259 4487 Verbum
2293 4430 2466 4485 solum
2517 4429 2608 4498 qui
2657 4444 2762 4482 una
2815 4429 3004 4482 aderat
3039 4441 3161 4480 cum
3195 4425 3324 4489 Deo,
3364 4433 3422 4479 et

179 4541 199 4574 ι
248 4521 517 4594 αἰσθητῆς
550 4521 752 4592 ταύτης
803 4521 1086 4593 ἐργασίας,
1124 4523 1261 4594 πρὸς
1306 4522 1490 4586 αὑτὸν,
1514 4521 1590 4584 ὡς
1622 4521 1757 4591 πρὸς

1865 4546 1884 4578 ι
1920 4540 2023 4579 una
2049 4540 2168 4576 rum
2198 4523 2287 4576 illo
2311 4520 2576 4590 eﬂigiarat
2605 4520 2873 4574 hominem
2901 4535 2917 4571 :
2949 4519 3015 4572 ad
3047 4532 3206 4586 quem
3255 4517 3419 4570 dice-

178 4634 196 4664 ι
226 4614 442 4685 ἕτερον,
463 4613 891 4684 παρακελεύεται
916 4613 1104 4681 λέγων·
1129 4615 1260 4683 ’Λγε
1282 4614 1595 4685 ποιήσωμεν
1617 4612 1750 4684 (50)·

176 4727 194 4756 ι
235 4706 341 4776 ἄγε
376 4705 670 4777 πλάσωμεν
695 4705 1003 4776 ἀνδριάντα*
1033 4703 1205 4770 οΰτως
1229 4707 1258 4759 6
1277 4705 1385 4760 τῶν
1407 4705 1542 4759 ὅλων
1557 4704 1750 4758 δεσπό-

174 4817 194 4849 ι
233 4813 340 4867 της
381 4796 534 4861 Θεὸς,
577 4796 670 4849 τὸν
724 4789 966 4868 ἔμψυχον
1003 4798 1067 4850 ἐκ
1097 4798 1200 4867 γῆς
1230 4797 1520 4869 ἀνδριάντα
1558 4795 1746 4860 ποιῶν,

1865 4634 1883 4667 ι
1924 4616 2016 4669 bat
2046 4613 2227 4676 Pater,
2259 4610 2546 4664 Faciamus
2569 4609 2852 4672 hominem,
2872 4607 2940 4659 ad
2968 4607 3244 4674 imaginem
3273 4615 3318 4658 et
3339 4605 3418 4658 si-

1863 4723 1881 4754 ι
1914 4702 2260 4756 militudinem
2283 4710 2514 4752 nostram
2539 4697 2606 4763 ’³,
2641 4711 2762 4750 cum
2804 4711 2907 4748 non
2939 4703 3178 4749 exstaret
3221 4693 3416 4763 aliquis

1862 4812 1880 4844 ι
1919 4792 2054 4846 alius
2079 4790 2237 4857 Deus,
2265 4789 2354 4860 qui
2379 4803 2498 4841 cum
2538 4786 2628 4841 illo
2663 4801 2766 4840 una
2801 4783 3038 4854 eﬂigiare
3060 4793 3258 4854 posset.
3297 4781 3412 4853 Ego

242 4919 306 4978 >14
335 4911 433 4968 Ed.
467 4910 666 4979 Paris.,
706 4926 830 4982 pag.
858 4911 950 4966 41.
1024 4911 1070 4944 ⁸⁸
1097 4910 1252 4967 Prov.
1291 4927 1407 4978 vm,
1432 4911 1522 4965 27.
1598 4911 1642 4943 "
1665 4911 1796 4969 Gen.
1835 4927 1874 4977 ι,
1895 4907 1988 4963 26.

243 5094 366 5166 (47)
415 5095 704 5166 Ἦμετέρῳ
729 5098 1035 5166 ποιοῦμεν.
1060 5096 1175 5150 Non
1199 5106 1280 5152 est
1297 5096 1450 5165 plena
1484 5095 1736 5160 redditio,

163 5165 338 5236 adde,
369 5166 463 5218 καὶ
483 5165 747 5236 λέγομεν.
775 5165 917 5224 Μ.--ἓ
944 5169 1074 5222 Dein
1100 5168 1254 5236 vulgo
1281 5183 1400 5220 τινα
1420 5166 1594 5234 λέγων
1614 5169 1736 5219 ὲπι-

164 5234 335 5308 φέρει
361 5245 416 5289 et
450 5234 678 5308 ἀφόβως
705 5253 833 5294 mss.
858 5239 976 5293 loco
1009 5238 1139 5308 ἐμφ.
1182 5234 1297 5292 Mox
1333 5238 1490 5306 vulgo
1517 5235 1739 5308 διαρρα-

162 5305 328 5373 γοῖεν
361 5314 416 5358 et
440 5305 581 5358 κατά
608 5306 798 5370 Λόγον.
973 5361 978 5368 ,

239 5373 379 5445 (48)-
413 5375 756 5428 Ἀπολαύειν
811 5377 970 5431 νυνί.
1020 5376 1134 5430 Νοιι
1189 5376 1394 5445 inepte.
1441 5374 1739 5429 ἀπολαύον-

157 5443 294 5509 τας.
338 5443 463 5499 Ilaec
500 5448 681 5514 omnia
725 5448 789 5499 ad
839 5462 1088 5500 nauseam
1137 5443 1302 5514 usque
1333 5455 1646 5514 repetuntur
1688 5447 1738 5498 in

159 5513 534 5586 sequentibus
551 5513 721 5586 libris.
750 5516 817 5586 Μ,
843 5545 909 5555 ——-
941 5516 1067 5586 Dein
1098 5516 1255 5586 vulgo
1293 5518 1359 5586 τῇ
1379 5513 1534 5586 κεχρ.
1573 5515 1740 5569 εἰκόνι

157 5597 220 5639 et
251 5582 370 5656 τῶν
402 5584 614 5656 ἀνδρῶν
641 5595 697 5638 et
725 5585 818 5641 τοῦ
846 5585 981 5638 Θεοῦ
1012 5582 1320 5656 προσώπου.

211 5653 360 5778 ἕω)
401 5653 572 5721 Vulgo
609 5671 668 5706 τε
717 5673 850 5720 οιιι..
890 5657 1013 5710 dein
1058 5653 1223 5724 vulgo
1275 5654 1367 5708 καὶ
1405 5654 1526 5708 καθ’
1555 5656 1645 5725 όμ.
1688 5663 1742 5710 et

154 5726 214 5779 ἀπ
267 5741 330 5795 ρἒ
353 5726 523 5777 π·ιεῖν
557 5725 606 5795 β.

199 5741 325 5777 νοο.
353 5741 523 5777 π·ιειν
557 5741 606 5777 D.

238 5793 363 5866 (50)
406 5797 535 5866 Ἀγε
560 5793 930 5867 ποιήσωμεν.
964 5795 1075 5854 Hoc
1111 5810 1218 5851 non
1252 5796 1443 5865 probat
1491 5795 1738 5862 Basilius,

1844 5095 2031 5151 ltomil.
2062 5095 2096 5149 9
2125 5095 2177 5166 in
2210 5090 2564 5166 Hexameron.
2592 5087 2693 5166 Τίς
2718 5083 2826 5166 γὰρ
2859 5081 3091 5166 χαλκεὺς
3116 5081 3149 5152 ἢ
3182 5079 3409 5166 τέκτων,

1843 5167 2114 5235 inquiens,
2147 5164 2180 5234 ἢ
2212 5159 2569 5235 σκυτοτόμος,
2601 5153 3147 5235 ’ἐμπὶιίτῶνςόργάνων
3176 5153 3276 5231 τῆς
3323 5153 3413 5205 τέ-

1843 5224 1975 5306 lvii:
2008 5224 2180 5306 μόγίοξ
2203 5224 2773 5306 κσξθήμίνδςιοῦδενδς
2811 5224 2958 5306 αὐτῷ
3006 5224 3410 5306 συΥεργοῦντοςέ

1843 5256 1854 5266 ⁸
1879 5256 1975 5306 νης
2008 5256 2167 5305 pavo;
2203 5256 2523 5301 xavqpews,
2562 5256 2770 5288 υυυινυι,
2811 5256 2958 5294 etv-ty
3006 5256 3408 5292 νυνςγιυυηυν,

1843 5256 1992 5374 έέγει
2042 5304 2205 5364 αὐτὸς
2253 5299 2448 5374 ἑαυτῷ,
2486 5298 2827 5374 ,Ποιήσωμεν
2871 5293 2979 5374 τὴν.
3028 5291 3326 5374 μάχαιραν,

1845 5361 2214 5446 συμπήξωμεν
2241 5371 2310 5446 τὸΔ
2345 5361 2649 5446 ἄρότρρνηῆ
2696 5361 3146 5446 ἀπεργασώμεθα.
3179 5361 3239 5446 τὸ
3275 5361 3407 5414 ὑπόὲ

1845 5391 2214 5495 συμπηςωμεν
2241 5391 2303 5423 το
2345 5391 2590 5438 αροτρον,
2616 5391 2649 5437 η
2696 5391 3136 5486 απξέδγασωμιυυι
3179 5391 3239 5412 -ιυ
3277 5391 3407 5414 ww-

1841 5446 2008 5517 δημα,
2053 5443 2166 5517 ἅλμ’
2203 5440 2323 5517 οὐχὶ
2357 5440 2530 5517 σιωπῇ
2559 5437 2665 5517 ⁸τῂν
2698 5438 2787 5488 ἐπι
2827 5430 3408 5517 ἀλλουσανιὲνέργειαν

1841 5501 2068 5579 ἐκτελεῖς
2118 5501 2702 5579 ΙνΙιεεῚιιιὶιιεὶἰιίάὲιιι
2765 5514 2958 5579 contra
3017 5501 3252 5579 Iudaeos.
3305 5501 3404 5565 Qui

1839 5570 2264 5654 quod-sequitur
2295 5580 2361 5633 de
2392 5578 2627 5654 animata
2666 5584 2838 5654 statua
2874 5571 3147 5654 _boniinis_,
3195 5570 3275 5624 sic
3309 5584 3404 5622 ex-

1842 5642 2071 5723 pressit:
2101 5642 2379 5723 Ἔμψυχος
2405 5645 2652 5723 εἰκὼν-ὲν
2684 5645 2823 5717 μέση
2838 5647 2904 5714 τῇ
2923 5642 3095 5723 κτίσει
3119 5642 3394 5723 έκτορνευ-

1840 5707 2119 5787 θείςέΜρ-
2137 5707 2328 5775 δἰιιίἰιῗι
2353 5707 2510 5787 vulgo
2538 5707 2964 5786 πλάσσωμῖὲνξοι
2991 5711 3129 5768 in‘lra
3156 5707 3396 5760 λευκοτέι.

1845 5812 1942 5859 ραν
1965 5803 2022 5852 ει
2049 5795 2078 5847 6
2108 5792 2237 5855 Θεὸς
2266 5805 2525 5853 παντοκρ.
