4190 6406
556 345 662 399 795

1294 345 1561 403 EUSEBII
1601 343 2073 404 CESARIENSIS
2107 347 2258 403 OPP.
2299 347 2476 406 PARS
2515 351 2600 406 IV.
2643 383 2713 393 —
2748 349 3167 410 DOGMATICA.

3702 355 3804 413 796

563 481 582 511 ι
619 461 778 526 enim,
806 460 1001 529 inquit,
1029 459 1170 516 Deus
1203 478 1319 516 sum
1341 465 1578 530 primus:
1609 463 1720 532 Ego
1755 464 1893 517 Deus
1925 473 2124 528 postre-
2157 468 2200 522 Α

2157 468 2200 522 Α
2237 482 2254 513 ι
2289 464 2388 516 οὐκ
2406 464 2551 536 ἄλλῳ
2569 467 2830 519 mrem
2862 466 2940 538 τῷ
2961 466 3157 520 ἑαυτοῦ
3191 468 3346 540 Λόγῳ
3372 469 3802 548 παρακελεύετας

563 573 581 602 ι
613 569 747 616 mus,
777 562 824 605 et
862 563 1056 620 praeter
1077 570 1159 607 me
1185 570 1289 607 non
1332 565 1410 609 est
1444 556 1583 610 alius
1634 557 1771 610 Deus
1808 557 1847 608 ⁸.
1888 554 2002 608 Non
2048 564 2132 610 est

563 662 583 694 ι
621 645 802 712 itaque
818 641 1002 710 junior
1029 644 1170 700 Deus
1192 644 1413 714 aliquis.
1443 662 1541 701 nec
1572 647 1624 700 in
1651 646 1902 700 secundis
1926 645 2133 714 positus

565 757 582 785 ι
627 738 766 809 Deus
793 736 1013 806 aliquis,
1043 738 1134 807 qui
1160 747 1373 806 poterat
1406 753 1509 793 una
1557 753 1680 792 cum
1721 739 1828 792 Deo
1872 727 2129 806 operari:

566 843 584 875 ι
627 828 719 880 sed
747 827 912 880 veluti
942 827 987 881 si
1028 827 1151 895 quis
1173 842 1341 896 parvo
1368 829 1599 898 quodam
1623 837 1805 882 utatur
1829 837 1884 882 et
1901 829 2134 882 humano

567 937 586 966 c
622 920 892 988 exemplo,
926 921 996 972 ita
1041 936 1153 975 rem
1185 923 1343 976 istam
1391 921 1666 977 examinet
1713 922 1779 974 ad
1827 921 2133 975 similitudi-

569 1031 586 1058 α
629 1028 770 1065 nem.
792 1013 1003 1066 Sicutsi
1025 1023 1326 1067 statuarum
1350 1012 1543 1067 artifex
1573 1011 1866 1076 excellens,
1893 1021 2131 1066 statuam

569 1123 588 1151 ‹
619 1103 857 1157 conﬂare
889 1104 1226 1172 propositum
1281 1104 1511 1168 habens,
1555 1103 1822 1171 imprimis
1856 1105 2133 1158 characte-

570 1215 587 1244 ι
622 1211 711 1248 ras
738 1195 856 1265 ejus
887 1207 1048 1264 atque
1088 1195 1289 1250 formas
1314 1209 1497 1249 secum
1530 1194 1843 1263 speculatur
1873 1213 1887 1249 :
1946 1195 2133 1248 latitu-

571 1308 588 1339 ι
638 1289 816 1344 dinem
858 1288 1115 1357 deinceps
1145 1296 1200 1340 et
1244 1285 1637 1356 longitudinem
1665 1289 1946 1342 decentem
1983 1288 2134 1357 cogi--

572 1399 590 1429 ι
627 1388 705 1432 tat
728 1422 741 1443 ,
777 1385 832 1433 et
875 1378 1042 1430 totius
1092 1375 1497 1443 proportionem
1531 1375 1807 1444 sigillatim
1830 1392 1926 1446 per
1953 1388 2134 1446 partes

570 1491 588 1519 ι
628 1471 808 1523 animo
845 1479 998 1521 tenus
1036 1467 1498 1534 amussitatalque
1525 1467 1735 1532 exigit:
1791 1476 1900 1521 tum
1921 1470 2131 1522 demum

573 1579 589 1610 ι
634 1560 932 1622 materiam,
974 1572 1048 1610 tes
1091 1557 1140 1610 in
1176 1558 1460 1625 procinctu
1493 1567 1791 1626 comparat,
1820 1569 1873 1613 et
1899 1559 2131 1612 futuram

581 1671 598 1702 ι
641 1652 788 1704 illam
824 1659 1057 1703 statuam
1087 1649 1270 1701 animo
1298 1663 1400 1702 suo
1431 1647 1761 1702 delineatam
1795 1650 2132 1717 complexus,

571 1762 588 1790 ε
628 1736 840 1808 sibique
874 1739 1144 1803 conscius,
1189 1739 1453 1792 rationem
1487 1739 1633 1793 intus
1668 1755 1848 1803 suam,
1885 1756 1990 1804 qua
2055 1756 2136 1792 ra-

2239 572 2256 604 ι
2298 554 2494 622 λέγων·
2542 557 2865 628 Ποιήσωμεν
2909 558 3195 629 ἄνθρωπον
3236 561 3296 614 οὐ
3341 561 3431 614 τὸν
3477 564 3639 617 αὑτὸν
3692 568 3803 630 τοῖς

2238 665 2256 696 ι
2290 645 2469 709 ἄλλοις
2492 646 2713 718 τρόπον’
2752 647 2895 718 λόγῳ
2921 647 3083 720 γὰρὴ
3119 651 3270 705 πᾶσα
3307 651 3520 720 ἐγένετο
3545 654 3736 719 κτίσις.
3777 677 3798 708 ο

2234 735 2342 788 Kal.
2365 735 2575 802 τούτοις
2613 739 2732 810 μεθ’
2759 738 2923 810 ἔτερα
2955 741 3216 810 ἑπιλέγει’
3260 761 3278 794 ι
3318 743 3456 797 Νυνὶ
3479 744 3536 797 δὲ
3567 747 3806 802 πιστεύω

2238 847 2256 879 ι
2295 830 2415 891 ταῖς
2460 829 2634 893 θείαις
2689 831 2952 901 Γραφαῖς,
3001 833 3081 887 ὅτι
3126 830 3208 897 εἷς
3238 833 3389 898 Θεὸς,
3428 836 3521 888 καὶ
3556 836 3584 888 6
3617 837 3802 890 τούτου

2238 937 2256 969 ι
2292 918 2461 986 Λόγος
2484 919 2615 984 Θεὸς
2643 922 2880 992 προῆλθε
2916 924 3014 995 μὲν
3045 942 3137 978 του
3161 925 3394 997 Πατρός,
3425 927 3512 980 ἵνα
3538 928 3713 982 πάντα
3738 928 3803 982 δι’

2239 1031 2257 1062 ι
2292 1011 2455 1065 αὑτοῦ
2501 1011 2745 1082 γένηται.
2783 1014 2937 1068 Μετὰ
2978 1014 3036 1068 δὲ
3069 1014 3159 1068 τὸν
3198 1017 3387 1085 καιρὸν
3425 1015 3524 1087 τῆς
3552 1018 3803 1089 κρίσεως,

2239 1124 2257 1155 ι
2294 1104 2387 1158 καὶ
2410 1103 2510 1174 τὴν
2534 1104 2642 1157 τῶν
2663 1104 2916 1158 ἁπάντων
2934 1105 3239 1178 διόρθωσιν,
3274 1107 3367 1159 καὶ
3389 1106 3478 1160 τὸν
3503 1107 3807 1180 ἀφανισμὸν

2239 1215 2256 1247 ι
2293 1197 2393 1267 τῆς
2432 1197 2820 1268 ἀντικειμένης
2876 1197 3096 1268 ἁπάσης
3147 1197 3446 1269 ἐνεργείας,
3477 1198 3596 1252 τότε
3647 1201 3808 1266 αὐτὸς

2239 1304 2258 1337 ι
2306 1287 2708 1359 ὑποταγήσεται
2735 1288 2815 1360 τῷ
2853 1288 3178 1355 ὑποτάξαντι
3202 1289 3350 1360 αὐτῷ
3373 1290 3443 1343 τὰ
3473 1291 3669 1355 πάντα,
3691 1292 3807 1364 Θεῷ

2241 1398 2258 1428 ι
2295 1379 2387 1432 καὶ
2401 1381 2593 1452 Πατρὶ,
2621 1381 2688 1434 ἶν’
2702 1380 2874 1446 οὕτως
2976 1383 3033 1435 ὲν
3067 1380 3184 1453 Θεῷ
3211 1383 3239 1434 6
3271 1382 3462 1450 Λόγος,
3503 1383 3690 1456 ὥσπερ
3715 1385 3808 1439 καὶ

2241 1492 2257 1522 ι
2292 1474 2552 1545 πρότερον
2577 1469 2665 1546 ἦν,
2698 1475 2804 1546 πρὸ
2827 1474 2922 1528 τοῦ
2939 1475 3031 1528 τὸν
3060 1477 3262 1546 κόσμον
3287 1474 3682 1542 εἷναι.Οὺδενὸς
3701 1478 3808 1549 γὰρ

2239 1584 2258 1614 ι
2290 1565 2442 1629 ὄντος
2495 1567 2760 1637 πρότερον
2799 1565 2831 1636 ἢ
2867 1565 3002 1620 Θεοῦ
3031 1567 3212 1638 μόνου,
3247 1571 3462 1622 πάντων
3485 1569 3542 1622 δὲ
3586 1569 3673 1622 διὰ
3713 1567 3807 1622 τοῦ

2241 1675 2259 1706 ι
2297 1657 2467 1726 Λόγου
2488 1657 2768 1725 γίγνεσθαι
2805 1657 3123 1728 μελλόντων,
3152 1657 3422 1728 προῆλθεν
3446 1661 3474 1712 ό
3495 1660 3666 1728 Λόγος
3681 1660 3811 1730 δρα-

2244 1771 2262 1801 ι
2302 1753 2457 1822 στικῇ
2511 1751 2780 1822 ἐνεργείᾳ,
2828 1752 2857 1804 6
2897 1749 3065 1818 Λόγος
3100 1742 3254 1813 οὗτος
3279 1749 3375 1803 τοῦ
3413 1751 3621 1822 Πατρός
3649 1749 3744 1804 ὧν.
3784 1771 3804 1801 ι

570 1852 588 1882 ι
626 1833 936 1894 tiocinatur,
967 1839 1022 1884 et
1041 1845 1146 1899 qua
1171 1831 1494 1884 administro
1521 1834 1795 1900 componit
1823 1835 2002 1886 omnia
2030 1832 2135 1901 (ni-
2165 1809 2207 1862 Β

2165 1809 2207 1862 Β
2236 1841 2345 1893 Kal.
2393 1809 2554 1894 πόλιν
2711 1809 2876 1910 αῦτὴν
2904 1809 3140 1892 διάνόιαν
3161 1809 3484 1909 λευκότερον
3513 1809 3693 1911 τίθῇσι
3721 1839 3809 1894 λέ-

573 1943 592 1972 ι
631 1922 703 1974 hil
736 1922 935 1975 etenim
968 1921 1252 1990 pulchrum
1279 1931 1384 1985 est,
1410 1936 1514 1974 non
1537 1922 1832 1975 secundum
1867 1923 2132 1976 rationem

2233 1945 2364 1997 γωνο
2391 1929 2502 1998 Πρὸ
2530 1931 2638 2001 γὰρ
2667 1929 2760 1982 τοῦ
2776 1929 2867 1982 τὸν
2897 1929 3098 2000 κόσμον
3125 1924 3284 1992 εῖναι,
3319 1925 3387 2000 ἦν
3405 1931 3434 1982 6
3458 1930 3628 1999 Λόγος
3659 1931 3716 1984 ὲν
3733 1947 3811 2000 τῳ

568 2034 587 2065 ι
624 2014 981 2082 exasciatmn)
1005 2014 1095 2068 ubi
1133 2028 1352 2067 manum
1385 2013 1680 2070 admovere
1703 2015 1855 2084 operi
1902 2015 2132 2082 incipit,

569 2125 590 2158 ι
631 2107 701 2159 ita
745 2115 998 2176 tanquam
1036 2106 1261 2160 alteram
1299 2121 1586 2175 personam
1613 2105 1810 2161 all'atur
1841 2124 1854 2160 :
1883 2109 2016 2176 Age,
2055 2107 2136 2160 fa-

569 2217 588 2248 ι
625 2199 858 2262 ciamus,
892 2197 1144 2266 inquiens
1185 2215 1198 2250 :
1260 2211 1359 2266 age
1399 2197 1716 2268 elﬁngamus
1768 2207 2022 2254 statuam.
2053 2197 2135 2252 Ad

569 2310 588 2342 ι
621 2293 866 2345 eumdem
891 2291 1108 2344 modum
1144 2290 1521 2344 universorum
1563 2290 1826 2346 Dominus
1859 2290 2020 2355 Dens,
2057 2293 2136 2342 vi-

569 2404 587 2434 ι
628 2393 843 2438 ventem
872 2385 937 2438 de
965 2393 1109 2439 terra
1129 2395 1364 2438 statuam
1389 2382 1710 2448 ellinxurus,
1733 2399 1838 2438 non
1871 2385 1937 2437 ad
1971 2385 2133 2437 alium

569 2496 587 2527 ι
624 2476 879 2546 aliquem,
902 2475 996 2531 sed
1028 2477 1094 2529 ad
1122 2491 1278 2530 suum
1325 2475 1499 2544 ipsius
1554 2475 1874 2530 Sermonem
1901 2492 1959 2530 se
1987 2491 2135 2530 com-

570 2587 590 2618 ι
633 2569 805 2636 ponit,
833 2566 1143 2630 Faciamus,
1179 2569 1357 2632 aiens,
1390 2567 1675 2633 hominem,
1727 2583 1832 2623 non
1883 2568 1951 2622 ad
1979 2583 2134 2621 eum-

2242 2040 2259 2071 ι
2288 2022 2479 2092 Πατρί.
2507 2021 2635 2073 Ὅτε
2663 2021 2719 2074 δὲ
2740 2021 2768 2072 6
2796 2020 3336 2091 Θεὸςπαντοκράτωρ
3363 2020 3536 2074 πάντα
3554 2021 3622 2074 τὰ
3647 2023 3702 2075 ὲν
3723 2023 3813 2075 οὑ-

2240 2132 2258 2164 ι
2294 2115 2473 2183 ρανοίς
2505 2112 2600 2166 καὶ
2642 2111 2735 2164 ἐπὶ
2767 2112 2869 2180 γῆς
2905 2109 3171 2180 προῦθετο
3216 2111 3460 2181 ποιῆσαι,
3485 2114 3811 2186 ὲνεργείαςὴ

2241 2225 2258 2257 ι
2295 2204 2389 2258 τοῦ
2412 2205 2615 2274 κόσμου
2644 2203 2856 2272 γένεσις
2886 2201 3052 2255 ἐδεῖτο
3077 2202 3393 2274 δραπικῆςο
3413 2203 3507 2256 καὶ
3527 2203 3614 2256 διὰ
3632 2203 3812 2268 τοῦτο,

2242 2316 2260 2348 ι
2293 2295 2516 2368 μηδενὸς
2544 2295 2696 2357 ὄντος
2737 2293 2923 2365 ἑτέρου
2974 2292 3114 2365 πλὴν
3158 2293 3251 2347 τοῦ
3277 2293 3434 2361 Θεοῦ,
3459 2295 3659 2365 (πάντα
3704 2297 3814 2368 γὰρ

2241 2407 2258 2437 ι
2291 2386 2630 2457 ὁμολογεῖται
2674 2385 2764 2437 ὑπ’
2801 2383 2966 2439 αὐτοῦ
3009 2385 3412 2457 γεγεννῆσθαι),
3437 2386 3556 2439 τότε
3583 2389 3612 2441 6
3639 2387 3816 2456 ’Λόγος

2241 2501 2258 2531 ι
2290 2476 2566 2551 προελθὼν
2582 2477 2788 2546 ἐγίνετο
2813 2476 2907 2530 τοῦ
2932 2478 3137 2546 κόσμου
3172 2477 3419 2548 ποιητὴς,
3443 2478 3471 2531 ὃ
3499 2479 3590 2533 καὶ
3623 2479 3816 2552 πρότε-

2241 2591 2258 2622 ι
2290 2589 2377 2642 ρον
2400 2570 2545 2624 ἔνδον
2575 2569 2781 2640 νοητῶς
2811 2569 3090 2640 ὀνομάζων
3113 2568 3324 2622 αὐτόν.»
3352 2568 3460 2622 Καὶ
3487 2565 3642 2633 αὖθις
3679 2569 3817 2640 μετὰ

570 2680 588 2710 ι
624 2661 746 2714 dem
783 2658 998 2712 modum
1027 2673 1136 2727 quo
1181 2669 1374 2713 caetera
1407 2675 1422 2712 :
1465 2673 1588 2712 nam
1640 2668 1790 2713 certe
1835 2659 2133 2712 secundum

2235 2663 2410 2717 πάντα
2427 2662 2676 2732 ἐπιφέρει
2703 2660 2894 2729 λέγων·
2917 2679 2935 2711 ι
2963 2661 3069 2714 Kal.
3087 2659 3176 2713 διὰ
3195 2659 3350 2713 τοῦτο
3376 2661 3475 2732 οὐχ
3501 2662 3638 2715 Υιὸν
3668 2663 3815 2716 Θεοῦ

569 2773 587 2804 ι
633 2754 900 2808 rationem
924 2755 1182 2809 universa
1210 2753 1606 2808 formabantur.
1645 2773 1664 2806 ι
1685 2754 1845 2808 Addit
1871 2755 1988 2808 istis
2018 2763 2136 2823 post

2240 2776 2258 2807 ι
2283 2755 2470 2810 ἑαυτὸν
2484 2753 2758 2826 ὀνομάζει,
2778 2753 2892 2807 ἀλλ’
2909 2753 3331 2821 ἄνθρωπον-,ἴνα
3345 2753 3434 2807 διὰ
3448 2753 3546 2824 τῆς
3560 2753 3815 2827 τοιαύτης

563 2847 667 2900 alia
702 2860 718 2898 :
750 2845 840 2917 [Β.
864 2844 1041 2918 CVIII]
1107 2864 1126 2897 ι
1183 2845 1338 2900 Nunc
1395 2854 1579 2901 autem
1631 2846 1804 2901 sacris
1837 2845 2135 2914 Scripturis

2240 2868 2257 2897 ι
2281 2846 2568 2918 ὁμολογίας
2607 2845 2752 2899 θέσει
2799 2844 2888 2898 τὸν
2933 2843 3220 2916 ἄνθρωπον
3235 2844 3321 2898 διὰ
3359 2845 3456 2916 τὴν
3487 2846 3624 2918 πρὸς
3655 2846 3816 2901 αὐτὸν

570 2957 588 2989 ι
619 2940 802 3002 credo,
831 2939 973 3007 quod
995 2953 1133 2992 unus
1163 2938 1237 2993 sit
1274 2937 1436 3002 Deus,
1485 2947 1541 2992 et
1577 2939 1694 3007 ejus
1727 2938 1958 2993 Verbum
1990 2938 2131 2992 Deus

2241 2961 2258 2991 ι
2283 2940 2567 2995 κοινωνίαν
2587 2939 2703 2992 υἱὸν
2722 2936 2859 2991 Θεοῦ
2877 2936 3128 3006 γενέσθαι
3144 2939 3555 3012 παρασκευάσῃ·
3575 2940 3667 2992 καὶ
3681 2940 3816 3010 μετὰ

569 3048 586 3078 ι
623 3042 654 3080 e
677 3025 836 3082 Patre
866 3027 1083 3097 quidem
1114 3028 1270 3097 exiit,
1293 3038 1354 3084 ut
1379 3028 1561 3083 omnia
1589 3043 1684 3096 per
1717 3027 1866 3082 illum
1920 3029 2130 3082 tierent.

2242 3052 2260 3083 ι
2282 3032 2345 3084 τὸ
2387 3030 2539 3094 τέλος
2570 3030 2670 3100 τῆς
2718 3027 2968 3100 πράξεως
2998 3024 3175 3093 αὖθις,
3205 3029 3281 3093 ὡς
3328 3030 3506 3098 λόγος,
3536 3031 3708 3103 ἑνωθῇ
3737 3030 3815 3101 τῷ

570 3141 587 3170 ι
627 3119 960 3186 Postjudicii
993 3130 1203 3190 tempus
1251 3131 1309 3178 et
1368 3138 1552 3176 rerum
1585 3122 1826 3177 omnium
1859 3133 2132 3176 restaura-
2160 3145 2204 3202 ε

2161 3145 2204 3202 c
2242 3144 2259 3175 ι
2280 3121 2647 3194 Θεῷ,πληρῶν
2663 3121 2837 3175 ὲκεῖνο
2848 3121 2909 3174 τὸ
2924 3120 3027 3173 ὑπὸ
3041 3120 3133 3174 τοῦ
3151 3121 3470 3176 Ἀποστόλου
3488 3122 3816 3195 προειρημέ-

572 3231 591 3264 ι
634 3212 832 3268 tionem
851 3256 865 3280 ,
896 3221 951 3268 et
984 3214 1244 3283 oppositae.
1271 3215 1557 3284 potestatis
1583 3215 1954 3284 cujuscunque
1980 3229 2132 3268 amo-

2232 3237 2252 3269 ι
2276 3233 2382 3268 νον.
2407 3214 2543 3268 Τότε
2559 3211 2740 3278 αὐτὸς
2758 3210 3200 3280 ὑποταγήσεται
3221 3211 3300 3276 τῷ
3315 3213 3681 3278 ὑποτάξαντι
3713 3217 3816 3268 αὑ-

571 3322 590 3355 ι
634 3303 897 3368 litionem,
925 3314 1049 3358 tunc
1065 3303 1377 3369 subiicietur
1405 3305 1512 3372 ipse
1554 3305 1658 3369 illi,
1694 3307 1783 3374 qui
1821 3308 1869 3358 ei
1903 3305 2124 3374 subjecit

2234 3326 2252 3358 ι
2277 3303 2356 3371 τῷ
2369 3303 2440 3358 τὰ
2453 3302 2774 3366 πάντα,ἷνα
2785 3298 2825 3373 ᾖ
2839 3299 3033 3356 πάντα
3048 3304 3143 3356 καὶ
3162 3303 3231 3356 ἐν
3245 3301 3394 3358 πᾶσι
3411 3307 3663 3373 Χριστός
3678 3306 3812 3378 (51).

571 3413 590 3446 ι
624 3396 801 3450 omnia
829 3396 873 3461 ⁹,
909 3395 1016 3450 Deo
1064 3402 1119 3450 et
1167 3395 1335 3462 Patri,
1383 3405 1440 3449 nt
1471 3396 1537 3450 ad
1569 3412 1694 3450 eum
1729 3397 1942 3450 modum
1976 3399 2046 3450 sit
2079 3396 2130 3449 in

2236 3423 2254 3455 ι
2286 3403 2477 3454 Ἔσται
2497 3399 2604 3471 γὰρ
2619 3396 2922 3470 τηνικαῦτα
2947 3397 3094 3452 τοῦθ’
3128 3399 3264 3472 ὅπερ
3293 3401 3554 3473 πρότερον
3568 3396 3687 3471 ἦν.)
3719 3400 3816 3453 Διὰ

571 3507 590 3540 ι
627 3488 734 3542 Deo
766 3487 980 3542 demum
1007 3486 1267 3550 Verbum,
1292 3501 1401 3556 quo
1426 3487 1575 3554 prius
1596 3487 1722 3541 olim
1755 3486 1949 3553 fuerat,
1970 3504 2130 3556 quam

2229 3492 2495 3546 τοσούτων
2520 3489 2839 3563 Μάρκελλος
2869 3493 3052 3560 γυμνῇ
3097 3493 3162 3560 τῇ
3198 3490 3406 3561 κεφαλῇ
3441 3489 3528 3542 τὸν
3563 3489 3690 3544 Υἱὸν
3724 3490 3814 3543 τοῦ

573 3592 591 3623 ι
634 3576 867 3629 mundus
901 3585 1206 3628 crearetur.
1235 3574 1370 3628 Nam
1399 3592 1518 3629 cum
1553 3577 1702 3644 prius
1744 3576 1877 3630 nihil
1914 3592 2135 3647 prorsus

2236 3583 2371 3638 Θεοῦ
2400 3582 2730 3654 ἐξωμόσατο.
2755 3580 2942 3652 Ειγὰρ
2973 3581 3030 3634 ἓν
3064 3585 3159 3635 καὶ
3190 3583 3385 3635 ταύτὸν
3407 3577 3474 3653 ἦν
3502 3583 3531 3636 6
3557 3581 3816 3646 Θεὸς,καὶ

572 3685 590 3716 ι
627 3676 865 3721 exstaret
896 3668 1000 3722 nisi
1031 3666 1179 3722 solus
1208 3668 1372 3732 Deus,
1413 3669 1692 3724 condenda
1724 3679 1904 3725 autem
1953 3681 2137 3726 essent

2233 3677 2262 3728 6
2295 3678 2351 3728 ὲν
2379 3672 2526 3745 αὐτῷ
2556 3672 2745 3741 Λόγος,
2773 3671 2947 3734 οὐδεὶς
2979 3671 3035 3724 δὲ
3062 3671 3278 3724 πώποτε
3303 3672 3464 3735 αὐτὸς
3498 3671 3690 3726 ἑαυτοῦ
3721 3672 3814 3740 γέ-

573 3779 590 3809 ι
627 3761 809 3812 omnia
849 3775 945 3828 per
979 3757 1239 3826 Verbum,
1281 3761 1479 3830 prodiit
1503 3760 1738 3815 Verbum
1777 3762 1976 3816 virtute
2001 3778 2138 3832 prat-

2235 3767 2365 3820 νοιτ’
2422 3764 2488 3819 ἂν
2527 3764 2734 3835 Πατὴρ,
2765 3763 2842 3828 ὼς
2895 3763 3002 3816 οὐδ’
3033 3764 3194 3827 αὐτὸς
3231 3764 3423 3817 ἑαυτοῦ
3457 3765 3572 3828 υίὸς
3615 3763 3690 3816 ὢν
3721 3765 3815 3817 καὶ

572 3870 591 3900 ι
625 3852 798 3904 ditum
831 3854 1139 3920 operatrice
1171 3870 1186 3907 :
1221 3851 1456 3908 Verbum
1492 3853 1709 3920 inquam
1743 3853 1871 3908 illud
1903 3854 2046 3923 quod
2081 3855 2132 3906 in

2242 3858 2420 3928 μόνος,
2443 3853 2522 3920 εἷς
2543 3856 2599 3909 δὲ
2631 3855 2788 3928 μόνος
2816 3852 2904 3927 ἦν,
2936 3856 3032 3909 καὶ
3066 3856 3254 3920 ὲαυτδς
3282 3855 3358 3926 τῷ
3386 3855 3579 3909 ἑαυτοῦ
3603 3856 3762 3926 Λόγῳ
3787 3857 3815 3908 6

572 3958 592 3992 ι
629 3941 787 3994 Patre
811 3941 932 3997 fuit.
972 3966 990 3994 ο
1025 3942 1236 3998 Rursus
1292 3953 1473 3996 autem
1517 3943 1762 3997 eamdem
1807 3944 2132 3999 sententiam

2239 3948 2392 4013 Θεὸς,
2435 3947 2592 4018 δῆλον
2637 3947 2713 4010 ὼς
2749 3947 2809 3999 οὐ
2845 3947 3032 4018 Πατὴρ
3057 3941 3147 4017 ἦν,
3181 3947 3253 4017 μὴ
3284 3947 3620 4018 ὑπάρχοντος
3667 3945 3815 4018 αὐτῷ

566 4033 889 4101 explicatius
913 4035 1068 4104 ponit
1089 4036 1140 4090 in
1166 4035 1548 4106 sequentibus:
1573 4033 1659 4107 [Β.
1680 4034 1787 4090 LIV
1819 4037 1942 4091 coll.
1976 4037 2059 4105 μί
2076 4037 2134 4091 l7

1976 4037 2134 4105 p.117
2241 4040 2391 4093 Υἱοῦ·
2421 4039 2545 4093 οὔτε
2580 4040 2726 4104 Υἱὸς.
2765 4040 2839 4111 μὴ
2867 4039 3173 4109 ὑφεστῶτος
3205 4039 3353 4111 αὐτῷ
3371 4041 3601 4112 Πατρός.

572 4125 763 4190 Ι),165
795 4125 860 4196 Α]
907 4145 926 4178 ι
963 4127 1119 4182 Prius
1139 4130 1284 4183 enim
1309 4143 1474 4198 quam
1505 4129 1738 4184 mundus
1767 4131 2093 4186 conderetur
2125 4172 2141 4195 ,
2174 4143 2293 4187 erat
2319 4131 2569 4203 Verbum;
2600 4133 2653 4187 in
2698 4131 2864 4186 Patre
2900 4147 3020 4186 suo.
3042 4132 3174 4187 Cum
3216 4148 3344 4188 vero
3381 4133 3522 4188 Deus
3569 4133 3816 4203 omnipo-

574 4235 592 4267 ι
629 4224 747 4271 tens
774 4229 1035 4274 statueret
1063 4222 1242 4276 omnia
1265 4235 1385 4290 qua:
1419 4220 1472 4274 in
1503 4220 1643 4276 cado
1677 4231 1826 4286 sunt,
1865 4231 1919 4276 et
1954 4223 2005 4276 in
2039 4233 2200 4288 terra,
2241 4225 2475 4280 condere
2504 4245 2517 4281 :
2580 4223 2768 4280 mundi
2801 4225 3010 4278 creatio
3060 4224 3149 4278 illa
3185 4224 3461 4294 indigebat
3496 4225 3815 4295 operatione

576 4330 594 4362 ι
631 4309 898 4367 eil‘ectiva.
935 4313 1160 4378 Idcirco,
1183 4329 1305 4369 cum
1351 4323 1551 4382 prazter
1581 4313 1748 4368 Deum
1779 4315 1911 4370 nihil
1939 4331 2162 4385 prorsus
2199 4328 2366 4383 esset,
2394 4318 2541 4386 (nam
2569 4326 2655 4372 est
2687 4317 2925 4387 positum
2963 4316 3093 4371 illud
3139 4317 3192 4372 in
3251 4319 3525 4386 confesso,
3558 4320 3810 4373 universa

575 4427 590 4454 ι
631 4403 794 4460 fuisse
833 4407 901 4459 ab
939 4406 1031 4460 illo
1054 4405 1290 4479 condita)
1321 4415 1447 4461 tunc
1490 4406 1786 4475 procedens
1817 4407 2049 4460 Verbum
2119 4407 2281 4462 fiebat
2342 4407 2526 4462 mundi
2559 4407 2828 4471 conditor,
2859 4407 3002 4476 quod
3057 4408 3209 4478 prius
3250 4408 3400 4463 intus
3431 4409 3817 4466 intellectuali-

575 4517 591 4547 ι
634 4508 716 4551 ter
753 4497 1014 4564 residens,
1050 4496 1171 4568 Ipse
1199 4498 1355 4568 fuit.»
1391 4504 1449 4562 ὦ
1480 4498 1546 4552 Ει
1573 4512 1764 4552 rursus
1793 4499 2105 4566 postonmia
2139 4499 2285 4553 addit
2319 4517 2332 4552 :
2362 4516 2381 4551 ι
2412 4497 2563 4553 Hanc
2600 4500 2670 4553 ob
2695 4513 2916 4553 causam
2954 4514 3062 4554 non
3092 4514 3150 4554 se
3177 4499 3424 4555 nominat
3449 4497 3654 4554 Filium
3691 4502 3811 4571 Dei,

575 4615 593 4644 ί
632 4592 722 4641 sed
750 4589 1057 4643 hominem:
1094 4599 1151 4642 ut
1180 4589 1253 4643 ita
1302 4588 1598 4654 hominem,
1631 4603 1730 4659 per
1775 4590 2212 4643 communionem
2253 4605 2374 4644 cum
2435 4591 2552 4659 ipso
2589 4590 2922 4659 copulatum,
2949 4591 3062 4646 fleri
3091 4602 3414 4662 procuraret
3442 4593 3636 4647 Filium
3667 4594 3759 4648 Dei
3794 4613 3808 4650 :

575 4696 594 4727 ‹
635 4689 688 4734 et
722 4680 868 4734 finita
902 4682 1001 4735 hac
1044 4681 1466 4749 dispensationis
1516 4682 1730 4736 actione
1753 4720 1768 4746 ,
1814 4679 2010 4734 iterum
2059 4682 2204 4736 velut
2245 4683 2478 4739 Verbum
2511 4684 2801 4738 aduniatur
2833 4684 2944 4738 Deo
2977 4683 3277 4752 adimplens
3307 4687 3452 4754 quod
3485 4686 3687 4741 dictum
3728 4686 3814 4742 est

576 4789 594 4819 ι
639 4773 1008 4840 aliApostolo,
1052 4771 1195 4826 Tum:
1243 4781 1292 4826 et
1332 4774 1441 4841 ipse
1493 4772 1754 4843 subjectus
1797 4774 1894 4826 erit
1948 4773 2066 4839 illi,
2119 4777 2206 4844 qui
2250 4777 2560 4846 omnia.ipsi
2597 4777 2910 4846 aubjeceral,
2950 4785 3006 4829 ut
3059 4761 3326 4832 sic'Deus
3371 4777 3469 4847 ﬁat
3520 4780 3699 4834 omnia
3756 4782 3812 4834 in

577 4881 595 4912 ι
632 4863 1068 4920 ωιιηὶῡιιιοςτυης
1097 4865 1239 4917 enim
1266 4864 1370 4918 erit
1399 4865 1539 4918 idem
1569 4865 1710 4934 quod
1742 4864 1889 4934 prius
1917 4863 2147 4921 fuerat.»
2198 4867 2330 4922 Tam
2365 4869 2548 4924 multis
2589 4868 2871 4923 Marcellus
2933 4868 3064 4923 illud
3106 4870 3239 4941 egit,
3288 4878 3348 4924 ut
3401 4870 3636 4926 revelata
3670 4872 3812 4928 facie

573 4954 664 5010 Dei
710 4956 904 5010 Filium
949 4958 1143 5027 ejurct.
1201 4960 1258 5011 Si
1287 4959 1430 5012 enim
1465 4973 1604 5014 unus
1650 4968 1814 5024 atque
1842 4960 1980 5015 idem
2013 4971 2132 5015 erat
2173 4962 2337 5025 Deus,
2370 4973 2424 5017 et
2446 4963 2587 5032 quod
2614 4963 2666 5016 in
2691 4962 2800 5016 Deo
2817 4973 2933 5017 erat
2953 4961 3212 5027 Verbum,
3269 4972 3324 5018 et
3380 4979 3542 5019 nemo
3571 4980 3808 5033 unquam

572 5048 900 5117 sibiiuetipsi
935 5049 1170 5103 exsistat
1202 5047 1384 5113 Pater,
1436 5058 1497 5101 ut
1559 5063 1660 5105 nec
1708 5049 1880 5104 Filius
1931 5051 2218 5120 quisquam
2259 5051 2363 5106 sibi
2394 5051 2519 5122 ipsi,
2545 5055 2637 5121 qui
2665 5066 2802 5105 unus
2840 5060 3006 5114 esset,
3034 5066 3174 5106 unus
3208 5061 3384 5108 autem
3415 5051 3562 5107 solus
3607 5063 3728 5106 erat
3755 5051 3812 5107 ει

575 5142 804 5209 ipsemet
829 5159 927 5198 suo
965 5143 1142 5197 Verbo
1207 5145 1368 5208 Deus,
1418 5155 1640 5215 apparet
1694 5147 1836 5215 quod
1874 5161 1979 5200 non
2019 5157 2137 5200 erat
2175 5147 2356 5216 Pater,
2415 5162 2540 5203 cum
2598 5147 2840 5201 nondum
2894 5154 3136 5200 exstaret
3206 5145 3374 5217 ipsius
3416 5145 3623 5201 Filius;
3655 5146 3807 5209 item,

572 5235 717 5301 quod
744 5249 847 5288 non
871 5245 987 5289 erat
1023 5234 1210 5301 Filius,
1239 5251 1362 5289 cum
1410 5237 1644 5291 nondum
1677 5245 1920 5291 exstaret
1955 5235 2137 5292 Pater.

647 5325 723 5380 Ex
759 5327 1044 5381 antedictis
1072 5328 1192 5382 ideo
1219 5325 1598 5398 cognoscimus
1611 5345 1729 5398 qua:
1744 5339 1798 5385 et
1820 5329 1998 5400 qualia
2020 5331 2121 5383 iste

573 5418 734 5473 homo
753 5428 1146 5475 commentatus
1163 5407 1353 5486 est,.de
1374 5419 1549 5475 Verbo
1573 5421 1664 5476 Dei
1684 5437 1788 5476 non
1806 5422 2120 5488 exsistente,

2309 5324 2502 5378 Ὀποῖα
2530 5323 2632 5395 μὲν
2649 5320 2742 5377 οῦν
2773 5324 2900 5393 περὶ
2929 5323 3023 5377 τοῦ
3059 5323 3190 5396 μηδὲ
3215 5317 3374 5386 εἶναι,
3404 5321 3538 5396 μηδὲ
3571 5327 3812 5395 προϋφε-

2235 5420 2423 5474 στάναι
2477 5418 2568 5472 τὸν
2623 5415 2718 5470 τοῦ
2772 5415 2910 5470 Θεοῦ
2968 5417 3117 5482 Υἱὸν,
3169 5415 3421 5487 ψιλὸν-δὲ
3458 5415 3631 5486 Λόγον
3662 5415 3808 5471 ἐνὼν

653 5593 711 5652 r3
751 5588 849 5646 Ed.
873 5590 1074 5657 Paris.,
1112 5609 1233 5663 pag.
1269 5592 1359 5648 42.
1453 5595 1467 5626 ⁸
1507 5593 1659 5649 Deut.
1693 5611 1774 5656 ιιι.
1805 5594 1906 5655 24;
1937 5610 2009 5658 tv,
2036 5593 2124 5649 39.
2155 5592 2258 5649 Isa.
2287 5608 2308 5646 ι

1693 5611 1774 5656 m.
1805 5594 1906 5655 24;
1937 5610 2009 5658 ιν,
2036 5593 2124 5649 39.
2155 5592 2258 5649 Isa.
2287 5590 2570 5682 tumuli.
2613 5588 2634 5618 ’
2662 5585 2824 5644 lCor.
2864 5603 2953 5655 xv,
2979 5587 3070 5644 28.
3143 5588 3162 5620 ³
3189 5587 3317 5644 ibid.

651 5727 761 5798 (51)
807 5727 1006 5783 Πάντα
1058 5729 1157 5782 καὶ
1201 5729 1270 5782 ἐν
1321 5727 1470 5784 πᾶσι
1516 5731 1784 5796 Χριστός.
1819 5728 1928 5782 lmo
1973 5730 2137 5792 (νεός,
2243 5744 2306 5780 vn

2243 5727 2402 5798 vulgo
2444 5725 2593 5797 αὐτῷ
2626 5727 2802 5782 πάντα
2836 5735 2888 5781 et
2920 5724 3059 5780 infra
3107 5722 3284 5795 ἑαυτῷ
3310 5732 3362 5779 et
3405 5723 3494 5776 τὸν
3531 5717 3627 5774 τοῦ
3666 5717 3805 5776 υῖιῦ

582 5801 719 5870 apud
738 5797 1049 5869 Apostolum
1068 5810 1122 5854 et
1145 5801 1209 5856 dc
1235 5802 1498 5856 sententia
1518 5799 1774 5856 Marcelli.
1799 5800 1866 5854 Μ.
1889 5829 1957 5839 -—-—
1983 5799 2152 5870 Supra
2262 5797 2450 5866 Λόγον.
