4000 6398
299 369 397 424 801

1421 365 1700 423 CONTRA
1741 364 2168 423 MARCELLUM
2205 370 2333 425 LIB.
2372 372 2440 426 Il.

3427 369 3532 426 809.

307 507 324 536 ι
363 503 474 549 ται,
498 484 691 538 κτίσιν·
735 501 754 536 ι
799 484 892 536 καὶ
935 482 1194 551 ἐπιλέγει·
1244 501 1262 534 ι
1303 483 1378 536 Ού
1420 483 1597 537 τοίνυν
1641 501 1793 548 ουτος
1839 485 1867 538 6

1976 503 1994 536 ι
2035 485 2216 540 omnia
2273 486 2389 556 ipse
2420 485 2666 541 conditus
2695 483 2789 549 sit,
2824 483 2917 539 sed
2952 491 3174 553 propter
3199 482 3344 538 illam
3377 499 3530 540 suam

305 598 322 629 s
363 575 662 646 ἀγιώτατος
689 575 859 643 Λόγος
893 574 1000 646 πρὸ
1024 575 1124 644 τῆς
1152 574 1612 646 ὲνανθρωπήσεως
1646 577 1866 648 Πρωτό-

305 689 322 721 ι
363 686 520 732 τοκος
550 667 767 739 ἁπάσης
791 666 1018 729 κτίσεως
1043 666 1325 737 ὠνόμαστο
1361 666 1498 737 (πῶς
1518 667 1627 738 γὰρ
1645 667 1865 723 δυνατὸν

306 779 325 812 ι
364 760 457 816 τὸν
498 759 585 814 ἀεὶ
621 759 748 814 ὄντα
783 758 1117 829 πρωτότοκον
1159 755 1298 811 εἶναί
1352 775 1533 822 τινος;
1563 759 1582 830 )
1616 758 1749 814 ἀλλὰ
1775 762 1866 814 τὸν

305 869 323 902 ι
365 849 578 923 πρῶτον
611 848 793 902 καινὸν
835 848 1136 919 ἄνθρωπον,
1165 850 1244 912 εἰς
1268 847 1329 902 δν
1354 848 1423 902 τὰ
1450 849 1627 903 πάντα
1666 851 1865 904 ἀνακε-

305 961 324 994 ι
368 939 774 1011 φαλαιώσασθαι
824 939 1087 1011 ἐδουλήθη
1127 941 1156 992 6
1191 938 1343 1005 Θεὸς,
1388 939 1575 995 τοῦτον
1631 943 1688 994 αἱ
1730 942 1865 995 θεῖαι

307 1051 326 1085 ι
364 1033 577 1104 Γραφαὶ
602 1031 945 1104 Πρωτότοκον
983 1031 1162 1100 πάσης
1205 1031 1530 1102 ὀνομάζουσι
1561 1032 1805 1096 κτίσεως.
1841 1053 1859 1086 ι

300 1125 410 1178 Καὶ
434 1120 586 1187 αὖθις
614 1122 860 1194 ἐπιφέρει
881 1139 893 1152 ’
924 1140 944 1174 ι
985 1121 1225 1186 Ἀκούεις
1254 1123 1401 1186 ὅπως
1439 1123 1498 1176 ού
1542 1124 1698 1194 μόνον
1731 1123 1866 1177 ταῦ-

305 1236 324 1268 ι
362 1235 450 1283 τα,
479 1215 612 1271 ἀλλὰ
652 1215 744 1268 καὶ
782 1213 851 1268 τά
886 1214 1307 1287 προϋπάρχοντα
1333 1214 1389 1268 έν
1408 1232 1466 1267 τε
1497 1216 1744 1286 οὐρανοῖς
1774 1216 1867 1268 καὶ

306 1330 322 1362 ι
363 1310 455 1363 ἐπὶ
480 1310 578 1379 τῆς
606 1309 707 1380 γῆς
736 1309 792 1361 ὲν
823 1307 972 1379 αὐτῷ
995 1308 1134 1363 κατὰ
1165 1308 1263 1380 τὴν
1297 1308 1486 1380 καινὴν
1519 1310 1694 1363 κτίσιν
1720 1310 1866 1363 ἐκτί-

305 1422 324 1453 s
366 1401 487 1456 σθαι
509 1401 811 1472 συμϐαίνει.
847 1420 866 1454 ι
905 1401 1088 1455 Ταῦτα
1121 1401 1217 1472 μὲν
1249 1397 1340 1456 οὖν
1374 1402 1440 1455 δι’
1475 1395 1549 1456 ὧν
1587 1402 1867 1474 Πρωτότο-

299 1513 394 1549 κον
425 1496 604 1565 πάσης
631 1494 859 1557 κτίσεως
911 1493 1000 1547 διὰ
1037 1492 1135 1564 τὴν
1168 1493 1344 1565 σάρκα
1371 1493 1533 1547 αὑτὸν
1557 1493 1866 1566 ὠνομάσθαι

299 1587 507 1658 εἴρηκε.
563 1586 670 1638 Θέα
709 1584 764 1638 δὲ
797 1585 942 1647 ὅπως
971 1585 1064 1638 καὶ
1090 1584 1171 1650 τὸ,
1197 1586 1410 1654 Κύριος
1438 1585 1639 1639 exuat
1661 1603 1738 1654 με
1773 1585 1870 1653 ἀρ-

299 1678 422 1750 χὴν
438 1676 593 1732 ὁδῶν
613 1678 798 1732 αὐτοῦ
827 1680 913 1744 εἰς
933 1678 1076 1747 ἔργα
1091 1675 1301 1743 αὐτοῦ,
1327 1677 1488 1730 πάλιν
1510 1678 1600 1730 ἐπὶ
1623 1677 1722 1748 τὴν
1744 1678 1871 1749 σάρ-

299 1789 371 1826 κα
398 1771 654 1842 ἀναφέρει
673 1787 686 1800 ·
725 1769 800 1842 μὴ
829 1769 1108 1842 προσέχων
1137 1771 1202 1840 τῇ
1233 1768 1351 1839 θείᾳ
1379 1769 1567 1840 Γραφῇ
1599 1769 1662 1821 ὲκ
1696 1785 1866 1840 προσ-

1972 597 1990 630 ι
2022 578 2320 633 secundum
2347 591 2565 632 carnem
2592 576 3018 646 generationem.
3056 594 3075 628 ι
3113 577 3275 630 Addit
3313 586 3529 633 autem:

1972 685 1990 717 ι
2023 665 2285 734 Quocirca
2311 667 2714 722 sanctissimum
2760 667 2902 721 istud
2934 666 3193 730 Verbum,
3241 675 3343 721 non
3377 668 3528 723 dice-

1971 776 1989 808 ι
2021 758 2180 811 batur
2210 767 2337 811 ante
2360 772 2510 811 suam
2558 758 3013 820 incarnationem,
3059 748 3236 814 omnis
3263 771 3530 814 creatura:

1972 866 1990 900 ι
2029 847 2448 918 Primogenitus.
2498 848 2629 902 Nam
2663 851 2936 918 quomodo
2983 851 3097 903 fieri
3131 860 3362 919 poterat,
3397 861 3454 904 ut
3484 852 3530 904 is

1971 954 1990 986 s
2019 936 2110 1005 qui
2134 951 2352 1006 semper
2371 947 2512 1003 erat,
2540 938 2770 1005 alicujus
2797 949 2943 994 esset
2971 939 3369 1009 primogenitns
3392 941 3414 993 ‘i
3436 943 3530 995 sed

1972 1049 1990 1080 ι
2023 1031 2230 1099 primus
2267 1030 2354 1084 ille
2379 1045 2549 1084 novus
2580 1031 2762 1097 homo,
2800 1032 2852 1084 in
2877 1045 3039 1100 quem
3099 1032 3276 1086 omnia
3320 1032 3532 1086 volebat

1971 1140 1989 1172 ι
2027 1121 2166 1175 Deus
2198 1120 2531 1183 recolligere,
2557 1119 2602 1174 is
2624 1119 2675 1173 iu
2703 1134 2857 1174 sacra
2883 1121 3164 1188 Scriptura
3192 1122 3529 1187 nominatur,

1972 1232 1990 1265 s
2020 1213 2200 1267 omnis
2223 1223 2492 1267 creatura:
2533 1211 2982 1282 Primogenitus.»
3015 1213 3186 1266 infert
3213 1224 3344 1268 tum:
3376 1234 3394 1265 ι
3418 1217 3532 1269 Au-

1973 1323 1991 1357 ¢
2031 1306 2135 1370 dis,
2161 1313 2220 1358 ut
2247 1320 2351 1358 non
2383 1303 2559 1358 solum
2592 1303 2718 1370 ista,
2738 1305 2829 1359 sed
2859 1315 2913 1360 et
2943 1305 3034 1360 illa
3063 1307 3246 1360 omnia
3274 1310 3533 1375 przeexsi-

1972 1414 1990 1446 ι
2028 1395 2223 1451 stentia
2248 1395 2362 1450 sive
2395 1409 2558 1465 super
2581 1405 2781 1450 terram
2817 1411 2912 1450 seu
2956 1397 3010 1451 in
3043 1398 3220 1464 caelis,
3255 1399 3306 1452 in
3327 1398 3418 1454 illo
3443 1415 3531 1455 se-

1972 1506 1990 1538 ι
2022 1489 2258 1543 cundum
2288 1503 2483 1542 novam
2511 1488 2650 1542 lianc
2679 1489 3014 1544 creationem
3066 1492 3466 1546 condebautur.
3507 1511 3526 1542 ι

1964 1580 2144 1647 Atque
2173 1580 2290 1635 haac
2319 1589 2446 1635 sunt
2469 1579 2556 1633 illa
2583 1580 2781 1648 quibus
2808 1583 3125 1651 pronuntiat
3152 1583 3300 1637 illum
3327 1586 3529 1639 dictum

1965 1672 2144 1728 omnis
2167 1682 2432 1727 creatura;
2472 1671 2901 1743 Primogeuitum
2935 1687 3152 1744 pr0pter
3197 1689 3528 1748 assumptain

1968 1780 2211 1820 carnem.
2240 1763 2374 1820 Vide
2408 1774 2585 1819 autem
2616 1766 2849 1836 qualiter
2878 1767 2944 1821 ad
2979 1782 3198 1822 carnem
3229 1784 3446 1838 quoque
3475 1780 3531 1823 et

299 1862 445 1916 ὡπου
485 1863 581 1933 τῆς
623 1861 810 1932 σοφίας
851 1863 907 1917 ἐν
947 1864 1064 1924 ταῖς
1094 1861 1421 1932 Παροιμίαις
1453 1860 1640 1914 τοῦτον
1671 1861 1862 1930 λεγού-

1969 1856 2098 1911 illud
2129 1857 2346 1921 referat,
2381 1857 2635 1912 Dominus
2662 1859 2897 1912 condidit
2956 1876 3036 1913 me
3077 1861 3388 1931 principium
3418 1865 3532 1915 viu-

301 1970 368 2025 σῃ
404 1953 496 2006 τὸν
525 1952 724 2024 τρόπον
745 1969 758 1982 ·
811 1951 952 2022 Ἐγὼ
978 1951 1015 2017 ἠ
1046 1951 1232 2018 σοφία
1264 1948 1694 2015 κατεσκήνωσα
1715 1950 1864 2013 ,Βου-

298 2042 442 2111 λὴν,
479 2044 579 2097 καὶ
609 2042 816 2107 δόξαν,
853 2041 949 2095 καὶ
974 2041 1215 2095 ἔννοιαν
1237 2040 1352 2112 ἐγὼ
1377 2039 1862 2110 ἐπεκαλεσάμην·

299 2135 373 2189 δι’
398 2135 543 2206 ἐμοῦ
566 2135 846 2201 βασιλεῖς
868 2135 1292 2199 βασιλεύουσι,
1339 2134 1439 2187 καὶ
1484 2136 1538 2188 οἱ
1574 2132 1867 2187 δυνάσται

301 2227 693 2294 δικαιοσύνην
719 2225 1072 2295 γράφουσιν.
1113 2218 1207 2288 Οἷς
1237 2224 1360 2295 ἑξῆς
1389 2223 1626 2292 ἐπιλέγει
1671 2226 1702 2296 ή
1730 2224 1865 2296 αὐτὴ

302 2307 499 2387 Σοφία·
545 2319 640 2371 Ἑν
669 2316 830 2384 ὁδοῖς
856 2315 1240 2384 δικαιοσύνης
1277 2314 1594 2384 περιπατῶ,
1623 2315 1720 2368 καὶ
1751 2316 1866 2370 ἀνὰ

295 2409 490 2478 μέσον
511 2410 722 2477 τρίϐων
741 2406 1127 2478 δικαιώματος
1149 2406 1614 2476 ἀναστρέφομαι,
1643 2407 1743 2460 ἵνα
1763 2423 1867 2476 με-

294 2500 448 2569 ρίσω
491 2498 614 2565 τοῖς
664 2498 767 2568 ἐμὲ
805 2496 1118 2569 ἀγαπῶσιν
1143 2498 1422 2568 ὕπαρξιν,
1460 2499 1556 2553 καὶ
1595 2498 1738 2566 τοὺς
1766 2505 1866 2569 θη-

301 2589 568 2657 σαυροὺς
617 2589 815 2643 αὐτῶν
848 2589 1137 2659 ἐμπλήσω
1176 2589 1432 2661 ἀγαθῶν.
1497 2594 1637 2646 Ἐὰν
1685 2594 1865 2663 ἀναγ-

229 2756 233 2760 .
301 2683 478 2751 ratio:
509 2681 650 2750 ὑμῖν
667 2683 738 2736 τὰ
765 2682 891 2736 καθ’
924 2681 1152 2751 ἡμέραν
1179 2685 1515 2754 γιγνόμενα,
1527 2688 1865 2756 μνημονεύ-

299 2787 389 2827 σω
449 2775 521 2828 τὰ
567 2774 636 2839 ἐξ
693 2773 906 2840 αἰῶνος
965 2773 1304 2844 ἀριθμῆσαι.
1359 2778 1572 2845 Κύριος
1630 2779 1869 2833 ἕκτισέν

295 2881 372 2934 με
427 2864 623 2934 ἀρχὴν
669 2862 824 2919 ὁδῶν
864 2865 1049 2918 αὐτοῦ
1094 2869 1180 2932 εὶς
1213 2867 1357 2936 ἔργα
1380 2867 1586 2933 αὐτοῦ,
1619 2868 1731 2937 πρὸ
1760 2869 1866 2924 τοῦ

300 2956 512 3022 αἰῶνος
540 2957 892 3026 ἐθεμελίωσέ
916 2975 1014 3028 με,
1043 2959 1112 3012 ἐν
1142 2959 1298 3030 ἀρχῇ
1327 2961 1438 3028 πρὸ
1473 2961 1578 3014 τοῦ
1604 2960 1721 3028 τὴν
1749 2960 1868 3030 γῆν

301 3048 548 3116 ποιῆσαι
566 3066 581 3080 ·
608 3051 702 3103 καὶ
727 3049 794 3102 τά
820 3049 1028 3114 τούτοις
1067 3052 1338 3125 ἐξῆς(64).
1363 3050 1459 3117 Οἷς
1485 3053 1558 3125 μὴ
1586 3053 1866 3125 βουληθεὶς

301 3142 400 3214 τὴν
414 3142 650 3196 διάνοιαν
663 3142 950 3212 ἐπιστῆσαι
966 3144 1301 3215 Μάρκελλος,
1321 3146 1436 3208 ἑνὸς
1451 3145 1506 3198 δὲ
1529 3145 1689 3217 μόνου
1711 3147 1865 3215 γενό-

306 3251 464 3305 μενος
495 3234 717 3302 σκοποῦ,
744 3235 838 3288 τοῦ
868 3235 942 3308 μὴ
967 3236 1293 3308 ὁμολογῆσαι
1321 3238 1410 3291 τὸν
1441 3239 1567 3292 Υἱὸν
1591 3239 1684 3292 τοῦ
1708 3238 1863 3305 Θεοῦ,

301 3330 399 3402 τὴν
428 3329 791 3401 προκειμένην
823 3328 1098 3398 θεολογίαν
1126 3330 1218 3383 ἐπὶ
1249 3329 1346 3403 τὴν
1375 3332 1550 3402 σάρκα
1585 3331 1864 3403 ἀναφέρει,

301 3419 396 3473 καὶ
441 3420 539 3492 τὴν
572 3419 783 3474 εὐθεῖαν
818 3422 1224 3492 παρεκτραπεὶς
1271 3422 1405 3487 ὁδὸν,
1445 3423 1655 3476 άνοδίαν
1692 3423 1866 3495 ἑαυτῷ

301 3512 558 3583 ἐπενόησε
587 3513 811 3584 γράφων
839 3514 979 3567 κατὰ
1007 3513 1150 3580 λέξιν
1183 3513 1372 3578 οὕτως·
1411 3533 1429 3566 ι
1469 3516 1542 3568 Τὸ
1564 3515 1744 3569 τοίνυν
1772 3533 1865 3568 κε-

307 3623 325 3654 ι
365 3603 589 3672 φάλαιον
633 3605 781 3657 τουτὶ
827 3605 924 3675 τῆς
973 3604 1296 3676 Παροιμίας,
1327 3605 1386 3657 οὐ
1420 3604 1516 3676 τὴν
1558 3604 1730 3677 ἀρχὴν
1768 3606 1866 3676 τῆς

307 3713 326 3746 ι
366 3695 634 3765 θεότητος,
688 3694 876 3766 ὥσπερ
927 3697 1078 3750 αὐτοὶ
1121 3694 1418 3766 νομίζουσι,
1469 3695 1563 3748 τοῦ
1619 3696 1866 3768 Σωτῆρος

308 3804 327 3836 ι
363 3785 518 3856 ἡμῶν
546 3786 888 3857 παραστῆσαι
920 3785 1258 3858 βουλόμενον,
1288 3788 1500 3854 Κύριος
1538 3785 1740 3840 ἕκτισέ
1765 3803 1862 3854 με,

307 3893 327 3926 ι
367 3875 468 3946 ἔφη
489 3892 503 3906 ·
539 3875 675 3929 ἀλλὰ
701 3876 799 3947 τὴν
825 3876 1081 3948 δευτέραν
1125 3877 1269 3930 κατὰ
1306 3877 1480 3946 σάρκα
1516 3875 1824 3946 οἰκονομίαν
1845 3893 1860 3906 ⁸

308 3987 327 4019 ι
367 3968 445 4021 διὸ
475 3968 568 4020 καὶ
593 3967 822 4031 κτίσεως
863 3968 1130 4039 μέμνηται
1172 3969 1495 4041 προσφόρως
1531 3971 1625 4040 τῆς
1658 3967 1865 4039 ἀνθρω-

307 4079 326 4110 ι
369 4058 528 4129 πίνης
547 4060 795 4130 σαρκός.)
820 4061 928 4113 Καὶ
956 4061 1081 4131 ἑξῆς
1111 4060 1374 4130 ἐπιλέγει·
1415 4080 1433 4111 ι
1457 4060 1569 4114 Οὐκ
1594 4057 1686 4114 οὖν
1705 4060 1860 4131 (65)ἡ

307 4171 326 4204 ι
368 4157 542 4217 κτίσις
567 4157 632 4225 τῇ
653 4153 796 4207 κατά
832 4153 1114 4226 ἄνθρωπον
1148 4154 1311 4210 αὑτοῦ
1338 4153 1581 4225 διαφέρει
1603 4153 1862 4224 πράγμα-

308 4255 327 4288 ι
365 4238 505 4310 τείᾳ.
553 4240 641 4292 Διό
678 4257 842 4312 φησιο
879 4244 1094 4311 Κύριος
1134 4242 1336 4297 ἐκτισέ
1365 4259 1442 4312 με
1474 4244 1672 4314 ἀρχὴν
1710 4241 1865 4297 ὁδῶν

307 4345 327 4379 ι
366 4329 572 4394 αὐτοῦ,
635 4332 722 4396 είς
777 4333 920 4402 ἔργα
977 4334 1161 4388 αὐτοῦ
1205 4333 1409 4388 ἕκτισέ
1464 4315 1594 4404 με,
1627 4335 1863 4406 δηλονότι

307 4437 327 4471 ι
367 4419 457 4474 διὰ
481 4420 579 4490 τῆς
609 4421 876 4493 παρθένου
898 4424 1141 4495 Μαρίας,
1163 4424 1228 4478 δι’
1251 4421 1316 4496 ἧς
1338 4428 1366 4478 6
1391 4425 1520 4489 Θεὸς
1539 4426 1734 4479 ένῶσαι
1765 4427 1863 4498 τὴν

1966 1963 2082 2000 rum
2104 1963 2344 2009 suarum,
2389 1947 2457 1999 ad
2495 1964 2650 2015 apera
2683 1965 2780 2000 sua
2814 1947 2832 1977 ⁷
2871 1965 2883 1999 :
2926 1957 2982 2001 et
3037 1964 3248 2002 sacram
3282 1949 3520 2018 Scriptu-

1967 2051 2081 2089 raui
2117 2038 2352 2100 attende,
2394 2038 2444 2090 in
2500 2037 2807 2092 Proverbiis
2840 2039 2940 2091 hoc
2973 2039 3132 2092 modo
3160 2039 3470 2107 loquentem
3509 2059 3523 2096 :

1965 2109 2079 2195 Εξιυ
2105 2127 2361 2191 sapientia
2390 2127 2567 2180 habito
2600 2129 2654 2179 in
2689 2127 2929 2190 consilio,
2953 2139 2999 2180 et
3026 2131 3244 2182 eruditis
3272 2130 3527 2182 intersum

1977 2217 2382 2285 cogitationibus
2403 2233 2421 2270 :
2450 2234 2541 2285 per
2574 2234 2654 2272 me
2677 2235 2818 2285 reges
2855 2231 3097 2288 regnant,
3118 2230 3168 2273 et
3203 2220 3370 2290 legunt
3401 2238 3529 2274 con-

1965 2308 2162 2360 ditores
2179 2307 2329 2376 justa
2362 2307 2645 2361 decernunt
2680 2309 2722 2363 ⁸.
2757 2309 2966 2376 Quibus
3005 2310 3195 2364 eadem
3251 2311 3526 2379 Sapientia

1967 2399 2081 2453 haec
2113 2401 2352 2453 annectit
2380 2418 2391 2452 :
2425 2397 2489 2454 In
2530 2401 2624 2454 viis
2641 2400 2867 2472 justitia:
2904 2417 2996 2469 ego
3040 2400 3287 2456 ambulo:
3321 2411 3370 2455 et
3398 2418 3526 2455 con-

1967 2508 2142 2546 νει-τοι·
2172 2493 2227 2546 in
2258 2495 2427 2546 medio
2478 2496 2784 2548 semitarum
2842 2495 3148 2563 wquitatis,
3194 2505 3248 2548 ut
3296 2483 3529 2548 dividam

1966 2585 2323 2638 exsistentiam
2351 2585 2687 2655 diligentibus
2742 2604 2842 2652 me,
2887 2596 2936 2640 et
2984 2589 3256 2641 thesauros
3292 2588 3530 2656 ipsorum

1967 2676 2031 2727 de
2060 2675 2207 2728 bonis
2252 2675 2514 2742 repleam:
2544 2677 2590 2730 si
2614 2680 2754 2731 vobis
2783 2680 3184 2745 annuntiavero,
3206 2695 3325 2748 qua:
3351 2679 3526 2748 quoti-

1967 2766 2051 2819 die
2069 2767 2284 2834 ﬁebant,
2315 2769 2610 2821 memorabo
2634 2771 2911 2823 enuntiare
2939 2787 3055 2840 qua:
3087 2785 3236 2824 erant
3265 2772 3527 2826 asteculo.

1969 2858 2224 2910 Dominus
2245 2860 2471 2925 possedit
2513 2875 2593 2912 nte
2635 2860 2688 2912 in
2711 2860 2863 2913 initio
2884 2863 3083 2914 viarum
3102 2876 3351 2926 suarum,
3377 2870 3530 2914 ante-

1966 2965 2122 3018 quam
2141 2951 2425 3019 quidquam
2447 2951 2641 3020 faceret
2657 2968 2687 3004 a
2703 2953 2960 3020 principio
2977 2952 3040 3004 ab
3065 2963 3260 3006 (eterna
3281 2952 3529 3006 ordinata

1969 3056 2108 3105 sum,
2136 3043 2188 3092 in
2211 3041 2470 3109 principio
2497 3051 2775 3110 antequam
2799 3054 2989 3095 terram
3009 3044 3248 3096 conderet
3275 3045 3320 3107 °,
3343 3055 3533 3112 etquae

1969 3143 2315 3200 sequuntur:
2355 3131 2550 3199 quibus
2610 3134 2834 3188 minime
2896 3135 3080 3189 volens
3136 3135 3481 3205 acquiescere
3512 3177 3528 3200 ,

1973 3229 2030 3286 >3
2063 3236 2157 3278 aut
2199 3225 2436 3280 animum
2494 3242 2652 3280 suum
2711 3227 2996 3283 advertere
3046 3227 3356 3292 Marcellus,
3399 3229 3527 3284 illud

1968 3316 2184 3369 unicum
2236 3315 2446 3370 habens
2500 3317 2552 3370 in
2605 3319 2900 3386 proposito,
2954 3329 3012 3372 ut
3056 3335 3124 3373 ne
3175 3321 3531 3378 conﬁteretur

1967 3405 2161 3460 Filium
2211 3406 2328 3472 Dei,
2354 3407 2498 3461 illam
2537 3418 2663 3464 ante
2709 3410 2909 3463 dictam
2949 3411 3001 3463 in
3035 3409 3345 3468 Proverbiis
3368 3414 3434 3468 de
3463 3429 3531 3470 eo

1969 3499 2328 3568 theologiam,
2378 3499 2444 3554 ad
2493 3515 2712 3554 carnem
2762 3500 2962 3566 refert,
3021 3513 3074 3556 et
3127 3510 3409 3573 postquam
3462 3507 3530 3560 de

1967 3603 2113 3647 recta
2145 3595 2228 3646 via
2262 3592 2646 3658 declinaverat,
2676 3593 2821 3647 invia
2871 3595 3114 3662 quaedam
3163 3595 3266 3650 sibi
3315 3599 3531 3666 excogi-

1968 3685 2124 3748 tavit,
2149 3686 2249 3740 ista
2274 3685 2532 3740 verbatim
2547 3685 2789 3740 scribens
2809 3704 2822 3739 :
2845 3685 2934 3758 [R.
2961 3685 3057 3758 IX]
3082 3686 3526 3744 «Proverbiornm

1971 3796 1990 3829 s
2038 3777 2202 3847 igitur
2230 3787 2392 3846 caput
2424 3777 2586 3841 isutd,
2622 3793 2726 3832 non
2761 3788 2820 3831 ut
2867 3779 2942 3832 illi
2978 3789 3182 3848 rentur,
3209 3781 3402 3836 docere
3431 3798 3529 3836 nos

1970 3889 1989 3921 ι
2040 3871 2295 3935 intendit,
2326 3870 2539 3924 initium
2580 3870 2881 3926 divinitatis
2915 3872 3242 3937 Servaturis,
3277 3875 3366 3929 ubi
3399 3878 3470 3928 ait
3505 3891 3522 3928 :

1971 3981 1990 4014 ι
2042 3961 2292 4016 Dominus
2335 3963 2566 4030 possedit
2622 3979 2703 4016 me
2750 3965 3010 4033 principio
3043 3967 3245 4020 ciarum
3275 3985 3493 4022 suarum

1970 4075 1988 4108 ι
2034 4055 2128 4111 sed
2159 4056 2448 4110 secundum
2483 4056 2627 4110 illam
2657 4071 2779 4125 quae
2819 4057 2870 4109 in
2914 4071 3079 4112 carne
3108 4059 3208 4112 fuit
3239 4058 3386 4114 facta
3417 4062 3530 4116 dis-

1969 4168 1989 4201 s
2035 4148 2404 4219 pensationem
2451 4164 2466 4207 :
2510 4151 2761 4218 quocirca
2841 4151 3200 4220 possessionis
3261 4153 3525 4220 meminit,

1968 4260 1987 4293 ι
2033 4243 2134 4296 boc
2161 4249 2244 4294 est
2273 4241 2452 4296 carnis
2485 4242 2693 4296 noviter
2724 4252 2939 4299 creatae.
2967 4242 3082 4298 Non
3115 4245 3298 4315 igitur,
3330 4247 3400 4300 ita
3428 4248 3526 4300 ad-

1968 4350 1989 4385 ι
2033 4335 2130 4400 dit,
2159 4344 2408 4388 creatura
2457 4335 2525 4386 ah
2557 4335 2783 4389 humana
2817 4334 2935 4405 ejus
2967 4337 3282 4406 Operatione
3313 4347 3398 4392 est
3426 4339 3529 4392 dis-

1969 4443 1988 4477 ι
2034 4425 2218 4480 tincta.
2267 4425 2387 4481 Ideo
2427 4426 2629 4495 inquit:
2664 4426 2916 4481 Dominus
2967 4429 3203 4482 condidit
3251 4444 3332 4482 me
3372 4428 3529 4482 initio

307 4533 326 4566 ι
365 4515 707 4586 ἀνθρωπίνην
726 4516 900 4586 σάρκα
920 4516 998 4586 τῷ
1016 4515 1205 4570 ἑαυτοῦ
1221 4517 1376 4586 Λόγῳ
1393 4517 1689 4588 προείλετο.
1717 4538 1736 4569 ι
1756 4518 1861 4571 Καὶ

1969 4536 1985 4569 ι
2033 4519 2232 4573 viarum
2260 4535 2479 4572 suarum
2528 4519 2596 4572 ad
2635 4535 2794 4587 opera
2833 4536 2949 4572 sua.
2987 4518 3090 4574 Per
3125 4519 3393 4598 Virginem
3426 4521 3529 4574 sci-

303 4599 421 4671 μεθ⁹
465 4601 627 4675 ἕτερα
664 4602 980 4674 προστίθησι
1015 4603 1187 4672 λέγων
1226 4622 1239 4634 ·
1269 4623 1287 4656 ι
1325 4605 1526 4658 Τούτου
1568 4606 1747 4660 τοίνυν
1774 4606 1865 4660 οὓ-

305 4711 324 4742 ι
363 4708 472 4757 τως
505 4693 735 4765 ἔχοντος,
763 4694 1051 4748 ἀκόλουθόν
1085 4696 1198 4749 ἐστι
1228 4700 1447 4752 σκοπεῖν
1477 4699 1542 4768 τῇ
1571 4698 1777 4770 διανοίᾳ
1803 4699 1865 4752 τὸ

305 4801 324 4833 ι
366 4785 750 4857 παροιμιωδῶς
811 4787 1098 4859 εἰρημένον
1162 4788 1310 4842 τουτὶ
1367 4789 1689 4858 κεφάλαιον·
1752 4791 1865 4843 Κύ-

305 4893 322 4926 ι
357 4893 491 4943 ριος
505 4877 706 4932 sum
716 4895 794 4948 με
808 4879 1008 4948 ἀρχὴν
1036 4879 1192 4933 ὁδῶν
1206 4875 1412 4946 αὐτοῦ,
1431 4882 1510 4944 είς
1526 4881 1661 4952 ἔργα
1673 4880 1858 4935 αὑτοῦ.

303 4986 322 5017 s
369 4969 589 5020 Ἕκτισε
631 4974 740 5040 γάρ
778 4969 1012 5041 άληθῶς,
1056 4972 1116 5024 τὸ
1152 4972 1227 5043 μὴ
1253 4970 1311 5025 ὃν
1343 4969 1677 5041 πεποιηκὼς,
1722 4973 1751 5024 6
1781 4972 1865 5025 δε-

303 5075 323 5109 s
367 5059 570 5130 σπότης
591 5061 746 5130 ἡμῶν
769 5062 902 5126 Θεὸς
921 5064 1019 5115 οὐκ
1042 5060 1206 5117 οὖσαν
1229 5063 1324 5134 τὴν
1355 5064 1552 5133 σάρκα,
1573 5063 1640 5132 ἢν
1664 5063 1868 5135 ἀνείλη-

303 5167 323 5199 (
366 5167 463 5218 φεν
489 5153 518 5203 6
549 5152 738 5218 Λόγος.
778 5172 797 5205 s
829 5155 937 5208 Kal
966 5155 1212 5227 ἐπιφέρει
1239 5152 1391 5218 αὖθις
1426 5153 1630 5222 λέγων⁸
1667 5175 1686 5207 ι
1724 5156 1864 5208 Οὐκ-

303 5261 322 5291 s
362 5240 456 5294 οὖν
521 5239 664 5294 τοῦτ’
711 5242 890 5309 ἐστιν,
945 5250 979 5300 ό
1036 5250 1246 5314 Κύριος
1290 5247 1491 5300 ἕκτισέ
1537 5263 1614 5316 με
1671 5247 1870 5316 ἀρχὴν

302 5351 320 5383 ι
365 5330 522 5386 ὁδῶν
557 5333 744 5388 αὺτοῦ
782 5337 868 5400 εἰς
908 5335 1053 5406 ἔργα
1097 5338 1305 5392 αὑτοῦ.
1353 5337 1575 5406 Ἐπάγει
1620 5338 1699 5402 δὲ,
1749 5338 1868 5406 Πρύ

373 5505 432 5566 >3
467 5501 562 5556 Ed.
597 5500 795 5569 Paris.,
831 5517 953 5573 pag.
987 5501 1075 5557 45.
1155 5501 1176 5533 ⁷
1214 5501 1375 5558 Prov.
1443 5519 1562 5570 vui,
1629 5502 1718 5557 22.
1793 5503 1814 5534 ³
1838 5503 1969 5565 ibid.

370 5667 480 5735 (6i)
519 5666 677 5719 Κατὰ
722 5666 793 5719 τὰ
829 5667 1080 5733 τούτοις.
1121 5665 1457 5736 Legendum,
1497 5665 1690 5720 καὶτὰ
1735 5665 1858 5719 τού-

295 5753 412 5801 τοις
440 5737 566 5806 ἑξῆς
592 5736 876 5802 (ἀκόλουθα,
923 5749 1017 5792 aut
1070 5741 1246 5794 simile
1273 5737 1419 5808 quid.
1457 5737 1525 5792 Μ.
1559 5766 1629 5779 —
1651 5738 1760 5792 Kal
1790 5737 1859 5792 τά

298 5812 454 5864 cadd.
485 5818 540 5862 et
573 5823 693 5863 mox
729 5809 954 5862 σκόπου.

1977 4627 1996 4659 ι
2043 4607 2166 4663 licet
2194 4607 2441 4671 Mariam,
2470 4623 2629 4678 quam
2653 4607 2928 4678 praeelegit
2954 4609 3094 4664 Deus
3134 4619 3193 4662 ut
3224 4607 3402 4665 Verbo
3424 4626 3529 4666 suo

1975 4716 1994 4749 ι
2033 4711 2250 4751 carnem
2269 4699 2556 4752 humanam
2577 4698 2809 4753 uniret.»
2833 4697 2966 4752 Tum
2989 4700 3241 4769 deinceps
3257 4701 3521 4772 adjungit:

1970 4788 2058 4862 [Β.
2105 4789 2181 4862 Χ]
2217 4810 2234 4842 ι
2266 4790 2378 4852 Hoc
2411 4805 2542 4845 sane
2577 4805 2698 4844 cum
2754 4791 2826 4845 ita
2882 4806 2941 4845 se
2997 4791 3212 4856 habeat,
3245 4807 3528 4848 consenta-

1973 4899 1992 4932 ι
2040 4897 2196 4936 neum
2228 4892 2312 4936 est
2336 4881 2518 4935 animo
2544 4881 2879 4951 perpendere
2905 4881 3107 4935 dictum
3140 4883 3268 4937 illud
3297 4899 3524 4953 prover-

1969 4993 1987 5024 ι
2035 4974 2250 5028 bialiter
2270 4988 2285 5028 :
2309 4972 2562 5026 Dominus
2579 4973 2814 5026 condidit
2841 4988 2920 5026 inc
2947 4973 3155 5026 initium
3174 4975 3376 5028 viarum
3401 4994 3528 5032 sua-

1970 5083 1990 5117 ι
2036 5081 2151 5117 rum
2176 5064 2227 5117 in
2241 5080 2397 5130 opera
2421 5081 2540 5117 sua.
2557 5064 2604 5117 Is
2618 5065 2816 5117 etenim
2841 5078 2966 5117 vere
2983 5065 3248 5131 condidit,
3265 5068 3357 5136 qui
3384 5069 3526 5136 quod

1973 5174 1990 5206 ι
2037 5171 2140 5208 non
2169 5163 2286 5210 erat
2311 5153 2458 5217 fecit,
2480 5152 2736 5208 Dominus
2771 5170 2963 5223 nempe
2991 5167 3171 5210 noster
3195 5156 3360 5224 Deus,
3379 5157 3526 5212 illam

1972 5264 1993 5299 ι
2040 5263 2254 5301 carnem
2309 5261 2470 5316 quam
2523 5249 2816 5314 assumpsit
2858 5245 3160 5304 Verbum.»
3218 5249 3383 5302 Infert
3421 5250 3524 5304 ite-

1971 5354 2087 5392 rum
2122 5355 2135 5391 :
2170 5355 2192 5394 ,ι
2224 5335 2335 5390 Hoc
2378 5337 2542 5404 igitur
2574 5346 2681 5401 est,
2729 5333 2990 5391 Dominus
3034 5339 3265 5393 condidit
3307 5357 3387 5394 me
3417 5342 3523 5394 ini-

2081 5495 2169 5550 12.
2243 5495 2264 5526 ⁹
2295 5494 2433 5553 ibid.
2484 5489 2684 5549 20-25.

2035 5660 2148 5736 (65)
2183 5659 2355 5736 Vulgo
2385 5661 2446 5714 οὐ
2468 5660 2650 5736 γοῦν,
2673 5663 2793 5718 dein
2823 5664 3068 5736 διαφέρει
3091 5663 3393 5732 :refertur
3427 5661 3519 5736 ad,

1961 5731 2176 5805 pertinet
2196 5732 2284 5792 ad,
2323 5731 2397 5805 ll;
2426 5732 2496 5786 cf.
2525 5749 2574 5787 e.
2605 5750 2653 5787 c.
2685 5736 2752 5789 59
2781 5736 2844 5790 Α.
2878 5731 3020 5789 Infra
3056 5731 3406 5805 νυιεομεμν.
3431 5731 3522 5803 ἐφ’

1962 5799 2022 5858 οὗ
2054 5813 2106 5860 et
2131 5803 2602 5872 κοινωνήσασαντ.
2635 5807 2722 5870 ἀγ.
2750 5823 2838 5860 πν.
