4190 6406
641 352 744 407 805

1335 349 1599 405 EUSEBII
1639 348 2107 404 CIESARIENSIS
2144 346 2296 402 OPP.
2336 347 2510 401 PARS
2546 346 2634 400 IV.
2675 377 2743 390 —-
2780 347 3197 402 DOGMATICA.

3764 344 3870 400 8οι

646 493 664 520 ι
714 471 846 522 tium
876 471 1081 522 viarum
1112 486 1351 525 suarum.
1379 471 1444 524 Et
1465 472 1654 527 addit:
1686 472 1813 526 Ante
1839 471 2054 536 menta,
2079 471 2203 538 {un-
2230 477 2275 532 Α

2230 477 2275 532 Α
2310 489 2327 521 ι
2369 470 2476 524 τοῦ
2513 471 2726 536 αἰῶνος
2767 468 3126 539 ἐθεμελίωσέ
3170 487 3268 539 με,
3317 468 3563 538 Θεμέλιον
3615 468 3713 537 μὲν
3743 465 3869 519 106-

645 583 662 613 σ
709 562 849 615 dat-it
869 577 980 625 me;
1011 561 1416 615 fundamentum
1443 564 1747 632 intelligens
1771 578 1990 617 carnem
2019 577 2196 624 suam,

643 673 662 704 ι
707 668 870 724 quam
926 653 1219 707 secundum
1269 655 1722 721 dispensationem
1758 655 2196 723 praeordinarat:

645 763 664 795 ο
709 747 850 814 quod
872 746 1044 813 ipsum
1063 754 1114 798 et
1140 745 1430 811 Apostolus
1449 746 1564 800 ait:
1591 745 1688 817 [ef.
1733 760 1786 812 ι).
1820 743 1922 798 151
1943 744 1981 796 ῐ)
2012 745 2114 800 155
2131 743 2195 816 C]

646 855 664 885 ι
709 835 1138 889 Fundamentum
1170 837 1318 889 aliud
1368 836 1547 890 nullus
1569 853 1764 905 ponere
1785 847 1979 905 potest,
2009 847 2199 903 pra’ter

643 950 662 979 ι
709 930 844 983 illud
865 930 1001 1000 quod
1017 930 1244 996 positum
1277 930 1525 996 est,quod
1544 939 1617 981 est
1644 928 1799 982 Iesus
1822 929 2064 982 Christus
2092 930 2190 979 ⁸⁸.»

639 1021 830 1077 δεερωί
872 1023 1027 1074 unius
1062 1036 1223 1090 porro
1266 1021 1509 1074 meminit
1557 1020 1609 1073 in
1640 1035 1747 1089 quo
1788 1021 2195 1075 fundamentum

640 1113 766 1168 illud
801 1115 960 1168 debet
991 1115 1114 1182 poni
1141 1115 1281 1182 quod
1312 1122 1395 1166 est
1415 1114 1480 1165 de
1505 1112 1745 1168 Christo.
1783 1113 2042 1168 Eamdem
2077 1131 2197 1168 rur-

636 1221 728 1259 sus
774 1208 1060 1259 confirmat
1101 1205 1408 1274 opinionem
1449 1206 1699 1275 inquieus
1730 1225 1742 1260 :
1773 1205 1864 1278 [R.
1899 1205 2039 1260 XVII
2066 1207 2192 1261 coll.

637 1315 688 1366 p.
724 1299 825 1352 155
853 1300 893 1352 Α
924 1298 942 1370 1
974 1320 990 1349 ι
1018 1297 1128 1352 Non
1169 1298 1437 1351 immerito
1485 1298 1744 1367 prapheta
1802 1299 1888 1351 hic
1935 1299 2150 1353 dicebat
2178 1315 2192 1352 :

642 1407 659 1436 ι
709 1388 840 1440 Ante
869 1387 1121 1440 smculum
1169 1386 1407 1453 fundarit
1461 1402 1578 1440 me:
1604 1401 1795 1455 nempe
1841 1386 1968 1442 illud
1999 1387 2197 1441 intelli-

642 1498 660 1529 ι
708 1496 839 1548 gens
863 1477 1275 1532 fundamentum
1311 1492 1422 1530 suae
1451 1478 1654 1541 carnis,
1688 1477 1942 1531 nimirum
1977 1487 2197 1548 propter

641 1588 659 1620 ι
704 1569 1138 1625 communionem
1184 1583 1344 1636 quam
1393 1568 1623 1623 habebat
1654 1568 1886 1623 Verbum
1927 1585 2048 1624 cum
2101 1569 2194 1625 illo

641 1680 659 1712 ι
707 1676 833 1714 vero
863 1660 1020 1713 Filio.
1059 1678 1077 1711 ι
1114 1659 1376 1726 Deinceps
1413 1659 1656 1728 adjuugit
1713 1659 1803 1731 [Β.
1854 1658 2017 1714 XVIII
2062 1661 2190 1715 coll.

635 1769 688 1821 p.
726 1753 829 1806 l55
856 1753 919 1812 A.
957 1753 1057 1805 157
1093 1749 1176 1823 D]
1207 1769 1220 1803 :
1255 1770 1272 1802 ι
1300 1752 1352 1804 In
1403 1752 1688 1821 principio,
1740 1753 2052 1821 priusquam
2083 1762 2196 1807 ter-

2304 579 2322 610 ι
2361 579 2452 615 τον
2478 562 2756 632 ὀνομάζων
2774 563 2872 633 τὴν
2905 562 3045 614 κατά
3065 562 3242 630 σάρκα
3262 559 3426 612 αὐτοῦ
3455 557 3867 628 προορισθεῖσαν

2303 666 2322 699 ι
2359 650 2664 720 οἰκονομίαν
2702 666 2718 684 ο
2758 651 2833 713 ὡς
2875 651 3024 703 καὶὸ
3069 649 3371 712 Απόστολος
3399 648 3565 716 λέγει,
3597 647 3867 716 θεμέλιον

2303 759 2320 790 ι
2360 741 2468 809 γὰρ
2489 740 2683 795 ἄλλον
2704 741 2902 806 οὐδεὶς
2926 741 3172 794 δύναται
3199 741 3404 802 θεῖναι,
3436 739 3594 808 παρὰ
3617 739 3723 791 τὸν
3746 739 3864 790 κεί-

2303 851 2320 883 ι
2355 849 2562 900 μενον,
2609 833 2676 898 ὅς
2720 835 2892 886 ἐστιν
2949 834 3186 899 Ἰησοῦς
3225 832 3497 900 Χριστός.
3549 849 3568 883 ι
3629 830 3776 892 Ἐνὸς
3808 830 3865 882 δὲ

2295 925 2488 987 αἰῶνος
2527 923 2760 978 ἐνταῦθα
2793 926 3084 996 μέμνηται,
3115 926 3208 994 ἀφ’
3237 917 3296 977 o6
3343 923 3411 976 τὰ
3437 922 3576 976 κατά
3603 922 3694 977 τὸν
3734 923 3866 992 Χρι-

2297 1015 2418 1067 στὸν
2458 1015 2878 1085 τεθεμελιῶσθαι
2922 1016 3045 1086 ἔφη.
3090 1016 3199 1068 Καὶ
3231 1015 3394 1069 πάλιν
3433 1015 3531 1085 τὴν
3563 1012 3732 1084 αὐτὴν
3777 1011 3864 1082 βε-

2295 1105 2439 1158 ϐαιοῖ
2471 1105 2613 1170 λέξιν
2661 1106 2916 1175 φάσκωνσ
2967 1125 2984 1158 ι
3037 1107 3270 1169 Εἰκότως
3317 1108 3344 1160 ὁ
3388 1107 3669 1176 προφήτης
3724 1103 3861 1174 ἔφη.

2300 1217 2317 1248 ι
2358 1197 2478 1266 Πρὸ
2524 1198 2630 1251 τοῦ
2666 1197 2880 1264 αἰῶνος
2927 1197 3280 1267 ἑθεμελίωσέ
3321 1215 3400 1267 με
3424 1214 3437 1227 ·
3466 1197 3644 1268 δῆλον,
3692 1195 3863 1247 ὅτιτὸ

2301 1308 2317 1338 ι
2359 1288 2500 1342 κατὰ
2538 1289 2716 1360 σάρκα
2755 1288 2843 1342 διὰ
2870 1288 2968 1359 τὴν
3007 1289 3141 1358 πρὸς
3170 1288 3261 1342 τὸν
3297 1287 3510 1358 ἀληθῶς
3541 1287 3666 1340 Υίὺν
3696 1286 3861 1340 αὑτοῦ

2299 1399 2317 1431 ι
2355 1380 2525 1449 Λόγον
2555 1381 2858 1434 κοινωνίαν.
2906 1399 2925 1432 ι
2974 1381 3084 1434 Καὶ
3105 1379 3342 1449 ἐπιλέγει
3378 1379 3531 1450 ἑξῆς·
3567 1400 3585 1430 ι
3635 1375 3762 1432 Εἶτα
3802 1380 3861 1430 ὲν

2299 1491 2317 1522 ι
2355 1473 2520 1542 ἀρχῇ,
2557 1473 2711 1542 φησὶ,
2737 1470 2846 1542 πρὸ
2871 1471 2966 1526 τοῦ
2994 1471 3090 1542 τὴν
3120 1473 3222 1542 γῆν
3251 1472 3493 1542 ποιῆσαι.
3519 1472 3629 1542 Γῆν
3668 1471 3859 1534 ποίανς

2299 1584 2316 1614 ι
2353 1562 2567 1634 Ταύτην
2616 1563 2856 1634 δηλονότι
2903 1565 3000 1634 τὴν
3034 1564 3306 1635 ἡμετέραν
3360 1563 3557 1636 σάρκα,
3589 1562 3687 1634 τὴν
3723 1565 3861 1634 μετὰ

2298 1673 2315 1704 ι
2351 1653 2447 1724 τὴν
2494 1653 2776 1726 παρακοὴν
2823 1655 2927 1725 γῆν
2964 1650 3118 1718 αὖθις
3144 1654 3458 1724 γενομένην.
3501 1653 3589 1722 Γῆ
3631 1653 3738 1723 γὰρ
3783 1654 3858 1713 εἷ,

2298 1764 2316 1795 ι
2354 1748 2513 1816 φησι,
2543 1747 2638 1800 καὶ
2677 1750 2765 1813 εὶς
2806 1746 2924 1817 γῆν
2962 1748 3294 1816 ἀπελεύσῃ.
3333 1747 3478 1799 Ἔδει
3513 1746 3620 1818 γὰρ
3654 1745 3859 1814 ταύτην

640 1864 657 1893 ‹
709 1860 820 1897 ram
858 1845 1199 1912 produceret.
1235 1842 1534 1909 Quamnam
1586 1857 1714 1896 vero
1756 1843 1999 1897 terram?
2039 1841 2188 1898 Illam
2227 1835 2265 1860 υ

2227 1835 2265 1860 υ
2297 1855 2316 1887 ι
2354 1837 2546 1901 ίάσεως
2574 1841 2775 1908 τυχεῖν,
2805 1837 2924 1892 τινὰ
2949 1838 3148 1906 τρόπον
3184 1840 3585 1910 κοινωνήσασαν
3617 1835 3694 1908 τῷ
3720 1838 3856 1906 ἁγίῳ

640 1955 659 1985 ‹
708 1950 921 2002 nempe,
977 1943 1034 1988 ut
1078 1945 1248 2003 patet,
1305 1950 1426 2004 quae
1478 1943 1558 1990 est
1624 1945 1806 1988 nostra
1864 1950 1990 1988 caro
2025 1953 2038 1989 :
2071 1950 2192 2004 qua;

640 2047 654 2074 ι
704 2035 822 2094 post
853 2025 1198 2078 commissum
1252 2034 1527 2093 peccatum
1560 2025 1610 2078 iu
1643 2035 1840 2080 terram
1900 2026 2058 2080 rediit
2095 2027 2190 2080 de-

637 2137 655 2168 ι
707 2133 830 2170 ιιιιο.
869 2116 1029 2169 Terra
1063 2133 1117 2170 et
1153 2117 1326 2179 enim,
1355 2117 1548 2184 inquit,
1581 2128 1629 2171 et
1651 2118 1704 2170 in
1745 2128 1941 2171 terram
1973 2127 2192 2172 reverte-

640 2229 654 2256 ι
705 2211 780 2261 ris
811 2210 873 2262 ¹¹.
906 2209 1008 2261 Par
1057 2208 1158 2261 fuit
1202 2211 1368 2272 enim,
1400 2219 1460 2260 ut
1491 2208 1616 2261 lmic
1645 2207 1944 2262 remedium
1980 2222 2193 2263 accom-

636 2318 655 2348 ‹
705 2301 1009 2352 modaretur
1057 2299 1291 2366 quodam
1327 2309 1514 2366 pacto,
1545 2313 1642 2366 per
1679 2297 2008 2352 sanctissimi
2044 2298 2188 2352 illius

637 2408 655 2440 ι
703 2388 862 2442 Verbi
919 2389 1488 2444 couununicationem.
1528 2409 1546 2441 ι
1586 2387 1778 2443 Videte
1828 2400 2004 2443 autem
2042 2399 2100 2442 ut
2133 2389 2187 2442 in

631 2481 753 2534 istis
807 2495 990 2534 secum
1045 2481 1274 2550 ipsemet
1334 2479 1616 2534 Marcellus
1654 2490 1871 2550 pugnet.
1910 2479 2042 2534 Nam
2096 2481 2187 2550 qui

631 2572 757 2626 alibi
794 2573 1008 2627 dixerat
1037 2590 1051 2626 :
1077 2591 1094 2624 ι
1127 2571 1458 2639 Principium
1511 2573 1717 2625 viarum
1785 2572 1995 2625 Domini
2060 2587 2188 2626 cou-

636 2681 654 2715 ι
700 2663 866 2718 ditam
903 2678 1024 2718 esse
1056 2679 1299 2728 carnem,
1325 2684 1342 2715 ι
1379 2675 1434 2719 et
1467 2666 1558 2732 qui
1592 2665 1829 2718 secundo
1871 2664 2010 2725 loco.
2041 2679 2189 2718 eain-

627 2759 748 2811 dem
806 2758 985 2825 posuit
1026 2755 1450 2820 fundamentum,
1506 2756 1829 2823 subjungit:
1870 2753 2187 2824 Priusquam

628 2859 769 2900 terra
810 2850 1136 2910 conderetur,
1177 2849 1265 2901 ubi
1325 2849 1504 2902 denuo
1552 2863 1646 2916 per
1691 2857 1889 2901 terram
1939 2848 2188 2916 intelligit

631 2954 849 2992 carnem
884 2955 1096 3003 :neque
1142 2940 1294 3002 vidit,
1355 2941 1550 2995 dictam
1614 2941 2096 3009 inconsequenter,
2125 2947 2181 3004 >3

628 3041 754 3085 :nte
793 3047 1010 3085 carnem
1060 3032 1333 3086 conditam
1373 3046 1492 3086 esse
1531 3047 1748 3087 carnem
1781 3050 1795 3086 :
1827 3045 1880 3086 et
1910 3042 2033 3102 post
2069 3048 2187 3085 car-

2297 1947 2316 1980 ι
2359 1929 2533 1999 Λόγῳ.
2575 1948 2594 1982 ι
2628 1930 2737 1983 Θέα
2758 1930 2813 1983 δὲ
2840 1929 2955 1995 πῶς
2976 1932 3032 1983 ὲν
3056 1929 3264 1994 τούτοις
3292 1933 3320 1984 ό
3343 1929 3656 2004 Μάρκελλος
3681 1928 3857 1998 ἑαυτῷ

2290 2020 2624 2090 περιπίπτει.
2653 2022 2836 2092 Φήσας
2863 2021 2992 2090 γοῦν
3026 2024 3083 2074 ὲν
3116 2022 3284 2093 ἑτέρῳ
3323 2040 3342 2072 ι
3379 2016 3518 2074 εἶναι
3551 2020 3651 2092 τὴν
3681 2020 3856 2091 ἀρχὴν

2296 2131 2316 2165 ι
2353 2113 2486 2166 ὁδῶν
2526 2110 2620 2165 τοῦ
2671 2113 2874 2184 Κυρίου
2931 2111 3400 2175 κατακτισθεϊσαν,
3453 2130 3472 2164 t
3539 2111 3632 2164 καὶ
3695 2110 3856 2164 πάλιν

2289 2203 2570 2273 θεμέλιον
2606 2205 2703 2275 τὴν
2744 2205 2912 2276 αὐτὴν
2946 2200 3082 2258 εἶναι
3112 2202 3302 2270 εἰπὼν,
3343 2205 3542 2272 ἐπάγει
3578 2203 3661 2266 τὸ,
3696 2223 3714 2254 ι
3742 2203 3855 2275 Πρὸ

2294 2315 2313 2347 ι
2353 2295 2446 2348 τοῦ
2490 2297 2587 2367 τὴν
2624 2296 2726 2365 γῆν
2774 2298 3013 2365 ποιῆσαι.
3069 2314 3087 2346 ι
3131 2289 3241 2348 Εἶθ’
3286 2295 3574 2366 ἑρμηνεύει
3614 2295 3712 2366 τὴν
3750 2294 3854 2364 γῆν

2291 2387 2448 2441 πάλιν
2474 2386 2570 2458 τὴν
2619 2387 2794 2458 σάρκα
2833 2383 2992 2451 εἶναι,
3039 2388 3138 2459 ούχ
3175 2388 3316 2459 ὀρῶν
3342 2387 3416 2451 ὡς
3459 2388 3712 2457 οὐδεμίαν
3742 2387 3854 2457 ἔχει

2289 2478 2627 2542 ἀκολουθίαν,
2659 2479 2764 2550 πρὸ
2788 2479 2888 2549 τῆς
2925 2479 3124 2550 σαρκὸς
3154 2480 3251 2550 τὴν
3289 2481 3466 2551 σάρκα
3503 2479 3741 2532 ἐκτίσθαι
3768 2478 3852 2530 λέ-

2289 2587 2428 2639 γειν,
2469 2570 2564 2623 καὶ
2607 2570 2743 2641 μετά
2782 2570 2879 2641 τὴν
2927 2571 3101 2624 κτίσιν
3149 2571 3245 2641 τῆς
3291 2569 3519 2640 σαρκὸς,
3552 2569 3711 2622 πάλιν
3756 2570 3852 2639 τὴν

2291 2663 2465 2732 σάρκα
2494 2662 2797 2732 ὀνομάζειν.
2838 2664 2894 2714 '0
2925 2661 2980 2714 δὲ
3007 2661 3115 2731 (66)
3149 2662 3228 2714 ἔτι
3258 2661 3389 2732 πρὸς,
3419 2660 3624 2723 τούτοις
3659 2660 3851 2730 ἐπιφέ-

2291 2769 2374 2823 ρει
2405 2753 2529 2823 έξῆς
2555 2752 2747 2820 λέγων,
2775 2748 2912 2816 εἶτα,
2945 2771 2963 2802 ι
3011 2752 3120 2825 Πρὸ
3153 2751 3246 2804 106
3292 2751 3387 2815 τὰς
3426 2751 3693 2816 ἀϐύσσους
3731 2770 3851 2805 ποι-

2286 2843 2434 2911 ῆσαι.
2475 2860 2492 2892 ι
2532 2840 2912 2912 παροιμιωδῶς
2968 2842 2997 2892 ὁ
3042 2841 3324 2912 προφήτης
3366 2839 3463 2903 τὰς
3520 2841 3625 2893 τῶν
3681 2841 3850 2909 ἁγίων

2287 2933 2510 3003 καρδίας
2541 2929 2678 2986 εἶναι
2701 2933 2866 3000 λέγει,
2901 2932 2998 2996 τάς
3022 2933 3079 2986 ὲν
3107 2932 3182 3002 τῷ
3207 2932 3410 2984 ἑαυτῶν
3447 2931 3598 3001 βάθει
3627 2933 3723 3004 τὴν
3755 2932 3850 2985 106

2288 3025 2597 3096 Πνεύματος
2631 3024 2858 3094 ἐχούσας
2884 3024 3109 3096 δωρεάν.
3136 3025 3244 3078 Καὶ
3285 3025 3342 3076 ὲν
3383 3023 3590 3086 τούτοις
3629 3023 3682 3076 δὲ
3715 3023 3848 3094 πρό·

627 3138 749 3176 uem
775 3122 1065 3186 conditam,
1098 3120 1291 3176 iterum
1339 3122 1392 3176 in
1439 3124 1619 3178 carnis
1647 3126 1864 3178 nomine
1912 3126 2183 3181 insistere.
2213 3137 2256 3194 ρ

2213 3137 2256 3194 c
2289 3133 2433 3186 σχες,
2468 3117 2614 3180 ὅπως
2641 3119 2719 3179 είς
2748 3117 2845 3188 τὴν
2873 3116 3050 3186 σάρκα
3079 3113 3321 3168 ἐκλαϐὼν
3356 3114 3604 3186 εἰρῆσθαι
3624 3115 3704 3175 τὸ,
3732 3113 3847 3167 Κύ-

628 3215 720 3268 Ille
749 3226 926 3268 tamen
973 3213 1072 3266 ista
1117 3213 1486 3282 superioribus
1538 3215 1602 3268 ad
1648 3216 1788 3268 hunc
1816 3216 2027 3268 modum
2054 3217 2183 3270 sub-

626 3304 797 3358 nectit
828 3317 843 3356 :
875 3304 963 3373 [IL
1015 3301 1135 3355 XIX
1183 3301 1307 3356 coll.
1357 3318 1410 3372 p.
1467 3301 1568 3356 158
1598 3302 1681 3375 Β]
1719 3305 1895 3358 «Ante
1932 3304 2184 3360 formatas

631 3412 650 3446 ι
698 3399 940 3465 ahyssos.
981 3412 1000 3446 ι
1064 3394 1288 3462 Abyuos
1367 3394 1820 3462 proverbialiter,
1874 3405 2182 3449 sanctorum

626 3488 788 3542 corda
841 3494 1117 3555 utincupat
1151 3487 1430 3555 propheta,
1477 3486 1527 3539 in
1557 3501 1796 3555 quorum
1829 3500 2020 3555 nempe
2054 3503 2179 3555 pro-

627 3580 984 3635 funditatibus
1015 3580 1152 3632 dona
1182 3579 1421 3647 Spiritus
1450 3579 1911 3634 recondebantur.
1952 3579 2048 3634 llic
2069 3578 2182 3647 jam

625 3671 680 3726 in
728 3670 846 3725 istis
902 3672 1149 3725 attendas
1198 3678 1399 3734 autem,
1454 3673 1725 3739 ιιιιοιηοὸο
1758 3673 1826 3733 is,
1854 3673 1944 3740 qui
1981 3673 2180 3726 dictum

625 3762 755 3818 illud
791 3761 1084 3816 :Dominus
1128 3763 1360 3815 condidit
1403 3780 1482 3815 me
1506 3765 1570 3828 “,
1607 3764 1674 3816 de
1701 3779 1869 3817 carue
1899 3764 2181 3819 intellexe-

626 3865 732 3918 rat,
774 3871 802 3908 a
842 3855 1121 3924 Scriptura
1161 3855 1421 3923 deinceps
1447 3856 1498 3907 in
1539 3868 1822 3924 augustum
1849 3868 2180 3926 compactos,

625 3961 745 4015 qua:
783 3946 933 4008 dicit,
976 3957 1254 4007 antequam
1298 3945 1654 4012 formarentur
1695 3949 1869 4016 abyssi
1893 3949 1968 4014 ¹³;
2011 3949 2182 4002 inter-

625 4048 870 4108 pretatur
915 4037 1162 4106 abyssos,
1201 4046 1508 4091 sanctorum
1553 4039 1713 4091 corda
1752 4053 1894 4093 :uec
1948 4041 2182 4096 advertit

625 4131 765 4197 quod
815 4130 976 4182 corda
1042 4137 1376 4199 sanctorum,
1431 4137 1557 4194 puta
1610 4130 1926 4195 Abrahami,
1990 4131 2177 4198 Isaaci,

624 4218 830 4282 Jacobi,
857 4217 1075 4288 Moysis,
1111 4217 1294 4282 Heliae,
1334 4219 1734 4285 Melchisedeci,
1765 4233 1819 4280 st
1851 4223 2178 4292 reliquorum

625 4313 1043 4380 prophetarum,
1085 4321 1211 4365 aute
1256 4311 1564 4367 Servatoris
1611 4314 2039 4370 incarnationem
2067 4316 2180 4371 fue-

625 4411 762 4455 rant.
790 4401 888 4468 Qui
915 4410 1090 4469 potest
1127 4415 1255 4469 ergo
1303 4401 1430 4456 illud
1465 4402 1531 4455 ad
1557 4418 1774 4458 carnem
1804 4403 1990 4459 referri
2028 4407 2177 4459 :An-

2276 3225 2407 3276 ριος
2451 3207 2652 3264 ἕκτισέ
2695 3225 2789 3277 με,
2836 3207 3024 3261 ἔπειτα
3069 3205 3565 3277 στενοχωρούμενος
3616 3206 3718 3258 ὑπὸ
3750 3206 3848 3275 τῆς

2285 3301 2324 3351 Γ
2330 3301 2502 3372 ραφῆς
2528 3299 2810 3370 λεγούσης,
2842 3298 2958 3366 Πρὸ
2988 3298 3092 3352 τοῦ
3117 3296 3223 3362 τὰς
3250 3299 3557 3364 ἀϐύσσους
3578 3297 3847 3364 ποιῆσαι,

2282 3393 2380 3456 τὰς
2406 3392 2507 3463 μὲν
2537 3391 2802 3455 ἀϐύσσους
2824 3389 3133 3461 ὲρμηνεύει,
3156 3389 3254 3452 τάς
3279 3389 3385 3442 τῶν
3411 3389 3578 3456 ἁγίων
3601 3389 3844 3460 καρδίας,

2282 3483 2454 3551 λέγων
2486 3483 2653 3548 αὑτὰς
2693 3478 2854 3544 εἶναι,
2887 3483 2947 3534 ού
2991 3485 3189 3552 συνορᾷ
3235 3482 3312 3546 δὲ,
3343 3482 3422 3534 ὅτι
3457 3483 3509 3534 at
3538 3480 3646 3534 τῶν
3679 3481 3847 3549 ἁγίων

2283 3574 2518 3643 καρδίαι,
2548 3573 2643 3627 τοῦ
2686 3572 2933 3645 ’Δϐραάμ
2960 3573 3158 3643 δηλαδὴ
3185 3574 3276 3626 καὶ
3300 3571 3391 3625 106
3435 3573 3615 3626 Ἰσαὰκ
3637 3573 3728 3626 καὶ
3753 3572 3846 3626 106

2295 3664 2506 3728 Ἰακὼϐ,
2537 3666 2809 3728 Μωῦσέως
2837 3682 2896 3716 τε
2931 3665 3023 3717 καὶ
3060 3664 3239 3716 Ἡλίου
3271 3664 3360 3718 καὶ
3395 3663 3722 3734 Μελχισεδὲκ
3755 3666 3847 3718 καὶ

2280 3757 2387 3809 τῶν
2413 3756 2612 3810 λοιπῶν
2645 3755 2956 3828 προφητῶν,
2983 3754 3086 3826 πρὸ
3117 3756 3215 3826 τῆς
3239 3755 3437 3825 σαρκὸς
3465 3755 3718 3824 γεγόνασι
3749 3755 3842 3808 106

2280 3850 2549 3920 Σωτῆρος.
2581 3848 2704 3911 Πῶς
2735 3845 2827 3900 οὖν
2856 3848 3077 3900 δυνατὸν
3106 3849 3196 3898 ἐπὶ
3228 3845 3323 3917 τὴν
3353 3846 3527 3916 σάρκα
3557 3846 3844 3918 ἀναφέρειν

2280 3941 2397 4009 Πρὸ
2430 3941 2533 3994 τοῦ
2563 3941 2669 4004 τὰς
2710 3940 3020 4002 ἀϐύσσους
3065 3936 3345 4004 ποιῆσαι;
3393 3938 3501 3991 Καὶ
3533 3937 3645 4007 μεθ’
3683 3939 3845 4009 ἕτερα

2277 4032 2333 4084 δὲ
2360 4028 2514 4095 αὖθις
2556 4031 2750 4098 ἐπάγει
2787 4030 2991 4098 λέγων·
3047 4047 3066 4079 ι
3115 4029 3179 4081 Τί
3216 4029 3392 4082 τοίνυν
3427 4029 3543 4082 ἐστὶ
3585 4029 3644 4082 τὸ
3675 4031 3844 4098 κεφά-

2285 4143 2303 4175 ι
2343 4125 2508 4188 λαιον,
2540 4123 2656 4190 Πρὸ
2694 4123 2800 4176 τοῦ
2836 4120 3146 4190 προελθεῖν
3171 4121 3278 4185 τὰς
3313 4120 3540 4190 πηγάς;
3576 4121 3744 4174 Τοῦτο
3776 4123 3840 4192 δὴ

2283 4236 2302 4268 ι
2339 4219 2470 4287 ἡμῖν
2524 4215 2584 4267 τὸ
2642 4215 2936 4284 μυστήριον
2992 4211 3316 4282 παρίστησιν
3373 4213 3405 4282 ἡ
3461 4212 3558 4282 τῆς
3631 4213 3840 4276 Ἐξόδου

2283 4329 2300 4360 ι
2342 4307 2546 4378 γραφὴ,
2577 4306 2702 4368 τοὺς
2725 4305 2832 4357 τῶν
2857 4303 3168 4357 ἀποστόλων
3197 4301 3398 4365 τύπους
3421 4303 3588 4356 πάλαι
3611 4321 3844 4376 προαγο-

2283 4419 2301 4451 ι
2345 4397 2588 4471 ρεύουσα·
2620 4396 2826 4450 δώδεκα
2861 4395 2966 4464 γὰρ
2996 4395 3164 4448 ὄντων
3191 4394 3281 4447 τὸν
3310 4394 3534 4466 ἀριθμὸν
3572 4395 3679 4449 τῶν
3704 4397 3845 4467 ἀπο-

626 4465 830 4565 tequant
884 4465 1059 4563 abyssi
1109 4465 1506 4561 formarentur?
1556 4494 1692 4548 Post
1748 4497 2001 4564 deinceps
2047 4498 2170 4560 alia,
2203 4465 2252 4526 θ

2203 4465 2252 4526 Ῑ)
2285 4512 2302 4544 ι
2344 4465 2542 4546 στόλων
2569 4488 2772 4543 δώδεκα
2803 4488 2992 4559 πηγῶν
3023 4487 3312 4558 μέμνηται.
3350 4465 3459 4558 (67)
3497 4507 3514 4539 ι
3550 4489 3658 4542 Καὶ
3686 4465 3841 4554 αὖθις

623 4587 820 4642 iterum
847 4585 1111 4640 subiufert
1161 4585 1406 4654 inquiens
1434 4585 1524 4658 (Β.
1557 4585 1655 4639 XX
1690 4587 1814 4641 coll.
1842 4603 1896 4656 p.
1929 4587 2025 4642 l59
2057 4587 2120 4660 Β]
2154 4608 2167 4642 :

629 4697 648 4728 τι
679 4679 813 4744 Quid
849 4677 976 4731 illud
1009 4690 1184 4732 autem
1229 4679 1530 4733 membrum
1564 4679 1666 4732 sibi
1700 4679 1812 4732 vult
1839 4696 1852 4731 :
1883 4681 2171 4751 Antequam

627 4792 648 4824 ι
694 4772 859 4839 [ornes
904 4771 1314 4838 producerentur
1334 4770 1688 4838 “‘lEqnidem
1724 4771 1825 4824 hoc
1859 4773 2168 4843 mysterium

625 4880 648 4914 ι
699 4871 916 4916 enarrat
969 4861 1120 4914 nobis
1168 4858 1444 4928 Scriptura
1486 4859 1850 4915 Exodi""°in
1891 4877 1999 4930 qua
2043 4863 2168 4916 olim

695 5067 753 5124 ὦ
791 5061 889 5115 Ed.
917 5059 1116 5119 Paris..
1151 5075 1272 5130 pag.
1308 5057 1398 5113 46.
1473 5061 1518 5092 ⁸ο
1552 5060 1566 5114 I
1603 5061 1727 5116 Cor.
1762 5075 1845 5122 ιιι,
1888 5062 1969 5115 II.
2047 5061 2086 5091 “
2113 5061 2248 5116 Gen.
2287 5078 2368 5126 Ill,
2402 5063 2487 5117 I9.

622 5133 742 5190 "ne
761 5133 933 5189 Exod.
957 5151 1048 5207 xv,
1077 5139 1166 5196 ετ.

693 5335 804 5406 (66)
824 5335 1007 5409 _ango
1039 5337 1123 5409 ῥδε
1143 5347 1195 5409 et
1227 5338 1286 5391 ού
1321 5335 1556 5409 συνορῶν
1596 5336 1640 5389 δ’
1669 5338 1748 5390 ὅτι
1787 5336 1965 5390 αὐτῶν
1991 5353 2042 5389 τ.
2077 5336 2166 5403 ἁγ.

618 5407 676 5460 αἱ
710 5407 863 5476 καρδ.
882 5417 950 5476 νει
972 5407 1125 5459 10610
1153 5407 1228 5461 δέ.

691 5474 800 5548 (67)
816 5475 1163 5530 Δώδεκατῶν
1181 5475 1386 5548 πηγῶν
1393 5475 1702 5545 μέμνηται.
1724 5474 1894 5548 Sensit
1908 5477 2170 5548 secundo,

617 5558 673 5604 et
702 5545 924 5616 mystico
955 5549 1055 5600 hoc
1089 5545 1284 5602 verum
1307 5563 1424 5601 esse
1455 5556 1652 5616 potest,
1683 5555 1739 5600 ut
1780 5560 1852 5599 ut
1884 5545 1956 5616 illi
2000 5545 2170 5598 fontes

621 5619 674 5673 iu
712 5615 868 5682 Elim,
901 5618 1039 5670 unde
1075 5617 1326 5671 Israelita:
1364 5618 1415 5670 in
1463 5619 1675 5671 deserto
1714 5615 2168 5676 refocillabantur,

621 5704 696 5744 xu
723 5686 990 5756 apostolos
1017 5686 1478 5756 prmliguraveriut
1508 5700 1522 5738 :
1561 5687 1612 5740 id
1637 5687 1779 5756 enim
1809 5685 1956 5736 multi
1988 5684 2170 5756 volunt

618 5760 692 5816 ita
714 5753 851 5814 esse.
879 5753 1191 5825 Quomodo;
1207 5768 1261 5812 et
1289 5767 1516 5823 montes,
1553 5755 1732 5822 colles,
1759 5765 1942 5824 petrae,
1972 5753 2159 5819 nubes,

2278 4583 2471 4651 ἐπάγει
2503 4583 2564 4634 τὸ
2594 4582 2744 4644 αὐτὸ,
2774 4581 2997 4650 γράφων
3028 4578 3198 4643 οὕτως
3219 4595 3232 4608 ⁸
3267 4597 3286 4632 ι
3322 4580 3559 4642 Εἰκότως
3589 4575 3680 4633 οὖν
3711 4582 3840 4651 περὶ

2284 4694 2304 4727 ι
2343 4677 2442 4746 τῆς
2470 4673 2607 4728 κατά
2630 4674 2806 4744 σάρκα
2833 4673 3093 4740 γενέσεως
3120 4674 3148 4724 ὁ
3172 4670 3433 4741 δεσπότης
3459 4672 3546 4725 διὰ
3580 4671 3671 4724 106
3708 4690 3841 4743 προ-

2278 4787 2296 4818 ι
2338 4769 2505 4838 φήτου
2547 4765 2852 4836 Σολομῶνος
2882 4764 3147 4832 λέγοντος,
3204 4763 3309 4832 (68)
3345 4765 3462 4832 Πρὸ
3488 4764 3593 4818 τοῦ
3624 4768 3836 4833 προελ-

2273 4859 2398 4915 θεῖν
2437 4860 2544 4923 τὰς
2571 4856 2764 4926 πηγὰς
2792 4855 2908 4909 τῶν
2934 4853 3184 4921 ὑδάτων,
3215 4854 3337 4927 ἔφη.
3381 4875 3398 4906 ι
3452 4857 3574 4909 Ἐπὶ
3599 4855 3666 4910 τά
3709 4856 3833 4921 ἐξῖης

2566 5065 2606 5094 ¹’
2639 5061 2797 5114 Prov.
2834 5060 3062 5123 vm,‘.?.?..
3165 5063 3207 5092 ¹⁴
3236 5061 3367 5115 Ibid.
3403 5062 3491 5117 ει.
3627 5064 3670 5096 ¹⁶
3699 5065 3831 5121 Ibid.

2266 5336 2469 5405 lapides
2484 5333 2760 5405 dicuntur.
2783 5331 2886 5386 Sed
2920 5333 3222 5387 Marcellum
3253 5337 3327 5386 ait
3355 5335 3634 5395 Eusebius,
3665 5351 3826 5405 quam

2269 5403 2416 5524 recte
2447 5403 2658 5524 Vidbtiril.
2708 5418 2865 5456 sensu
2902 5405 3095 5468 primo,
3135 5414 3188 5458 et
3232 5405 3369 5456 κατὰ
3396 5405 3629 5475 γράμμα
3666 5403 3828 5461 intel-

2287 5488 2478 5524 exisse.
2574 5510 2588 5523 .

2267 5475 2478 5528 lexisse.
2519 5475 2588 5524 Μ.

2337 5545 2449 5611 (68)
2481 5541 2825 5610 Σολομῶνος
2851 5543 3155 5611 λέγοντος.
3191 5542 3494 5609 Legendum
3538 5544 3706 5611 λέγει,
3741 5544 3822 5596 vel

2265 5613 2510 5680 λέγοντος
2532 5612 2738 5681 εἴρηκε.
2767 5613 2834 5667 Μ.
2851 5643 2919 5652 --
2938 5615 3064 5666 Dein
3097 5613 3248 5680 vulgo
3271 5612 3330 5664 τὸ
3357 5612 3559 5666 λεῖπον.
3596 5615 3758 5666 Porro
3777 5613 3823 5667 Β

2265 5683 2538 5752 διαδόχους
2579 5683 2821 5752 αἰνίττει,
2864 5684 3005 5751 quod
3047 5682 3236 5737 falsum
3293 5694 3372 5734 est
3411 5699 3460 5746 p.
3501 5683 3566 5736 70
3606 5684 3645 5736 Ι)
3689 5685 3821 5752 lin.;

2271 5751 2421 5808 intra
2446 5754 2598 5823 vulgo
2627 5751 2658 5822 ἢ
2695 5753 2816 5805 καθ’
2847 5754 2939 5822 ὀμ.
2974 5763 3026 5808 et
3055 5754 3129 5816 ὡς
3155 5753 3248 5805 καὶ
3274 5751 3544 5815 πολλάκις.
