4000 6398
363 350 470 405 805

362 467 527 537 ἕτερά
572 481 693 518 τινα
726 462 969 529 διελθὼν,
1005 464 1250 536 επιφέρει
1285 482 1299 496 ο

369 578 386 609 ι
425 556 556 626 περὶ
598 554 707 607 τῶν
748 555 1094 625 προαγόντων
1126 557 1452 628 εἰρήκαμεν,
1499 558 1785 612 ἀκόλουθόν
1816 560 1933 612 ἐστι

368 666 386 697 ι
425 646 519 699 καὶ
545 643 604 697 τό
626 643 806 696 λεῖπον
831 643 1237 716 ἀναπληρῶσαι.
1255 646 1444 700 Λείπει
1464 645 1520 699 δὲ
1542 645 1622 710 τὸ,
1651 665 1670 698 ι
1694 648 1843 701 κατὰ
1863 649 1934 702 τὰ

370 758 386 788 ι
428 736 536 805 ὅρη
556 734 653 790 καί
687 734 827 801 τοὺς
847 736 1133 801 βουνούς.
1188 738 1300 810 Πρὸ
1325 738 1433 811 γάρ
1455 738 1549 791 τοῦ
1570 738 1639 791 τά
1667 738 1767 811 ὅρη
1786 740 1935 811 ἐδρα-

368 848 384 878 ι
424 827 637 899 σθῆναι,
689 827 841 899 φησί,
879 828 984 899 πρὸ
1020 827 1078 882 δὲ
1116 828 1333 883 πάντων
1374 829 1483 884 τῶν
1523 829 1746 900 βουνῶν,
1770 831 1932 901 γεννᾷ

369 938 386 970 ι
432 937 518 989 με.
550 920 689 990 Ὀρη
723 920 815 972 καὶ
845 919 1061 989 βουνοὺς
1085 921 1209 984 τοὺς
1228 921 1551 984 ἀποστόλους
1571 922 1803 984 καὶτοὺς
1823 921 1931 974 τῶν

370 1026 388 1059 ι
428 1007 739 1061 ἀποστόλων
766 1007 1041 1079 διαδόχους
1085 1005 1219 1062 εἰναι
1238 1050 1253 1074 ,
1279 1010 1365 1063 ἶνα
1395 1011 1546 1083 παρὰ
1587 1012 1711 1077 τοὺς
1739 1012 1931 1077 ἀλλους

369 1116 388 1147 ι
428 1096 745 1170 ἀνθρώπους
769 1096 867 1168 τὴν
912 1099 1031 1152 κατ’
1059 1099 1236 1152 αὐτῶν
1255 1099 1467 1155 δικαίαν
1499 1101 1767 1156 πολιτείαν
1794 1120 1932 1176 παρ-

370 1208 389 1239 ι
428 1188 696 1260 οιμιωδῶς
742 1189 1003 1261 σημαίνῃ.
1065 1210 1084 1242 ι
1136 1190 1400 1255 Τοιαύτας
1445 1192 1594 1257 τινὰς
1636 1194 1931 1266 ἑρμηνείας

363 1284 685 1355 ἐκθέμενος,
734 1281 890 1350 αὖθις
934 1287 1026 1339 ἐπὶ
1070 1286 1169 1349 τάς
1215 1285 1572 1352 ἀποστολικάς
1617 1287 1929 1359 μεταϐαίνει

363 1376 567 1445 φωνὰς,
588 1377 846 1430 τάναντία
872 1376 951 1447 τῷ
992 1377 1296 1449 Ἀποστόλῳ
1320 1377 1705 1449 φθεγγόμενος.
1748 1378 1805 1432 Ὁ
1832 1380 1928 1450 μὲν

362 1470 471 1542 γὰρ
506 1469 597 1523 τὸν
657 1469 894 1540 προόντα
953 1469 1091 1524 Υἱὸν
1122 1470 1227 1525 τοῦ
1258 1469 1405 1525 Θεοῦ
1430 1470 1525 1525 καὶ
1549 1471 1929 1540 Πρωτότοκον

361 1557 564 1625 πάσης
598 1559 851 1622 κτίσεως
893 1554 1054 1610 αὑτὸν
1098 1552 1239 1610 εἶναι
1278 1556 1521 1611 ἐδίδασκε
1541 1573 1555 1588 ο
1580 1556 1647 1615 τά
1671 1556 1845 1610 πάντα
1870 1558 1928 1611 ἐν

363 1647 530 1720 αὐτῷ,
555 1647 648 1701 καί
665 1648 730 1701 δι’
756 1646 916 1701 αὑτοῦ
946 1647 1208 1702 ἐκτίσθαι·
1231 1647 1393 1702 αὐτόν
1426 1664 1486 1701 τε
1521 1642 1660 1702 εἶναι
1677 1647 1782 1718 πρὸ
1801 1647 1929 1701 πάν-

360 1754 467 1791 των
515 1737 724 1810 μεγάλῃ
748 1736 845 1808 βοῇ
870 1737 1296 1810 μαρτυρόμενος
1322 1738 1351 1790 6
1384 1737 1443 1790 δέ
1471 1736 1565 1790 ἐπὶ
1603 1736 1701 1809 τὴν
1723 1738 1924 1808 σάρκα,

1481 352 1763 408 CONTRA
1803 352 2234 410 MARCELLUM
2275 354 2402 408 LIB.
2450 353 2514 409 II.

1336 485 1354 518 ι
1386 466 1592 521 Οὐκοῦν
1642 468 1924 539 ἐπειδήπερ

2044 488 2061 517 ε
2108 468 2468 537 apostolorum
2495 469 2605 538 typi
2631 468 3154 536 prtenuntiabantur.
3184 467 3429 525 Meminit
3457 474 3606 525 enim

3501 357 3609 413 806

2041 578 2058 608 ι
2106 567 2286 611 textus
2312 557 2402 613 ille
2426 558 2709 614 duodecim
2740 558 2966 613 fontium
3000 560 3052 613 in
3078 560 3258 628 Elim,
3310 574 3433 615 cum
3476 577 3611 631 apo-

2040 666 2060 698 ι
2106 648 2367 703 stolarum
2410 650 2609 704 chorus
2657 659 2803 706 esset
2842 650 3225 707 duodenarius.
3258 670 3277 702 ι
3317 651 3459 706 Idem
3505 653 3609 706 ite-

2036 756 2151 794 rum
2183 740 2274 795 ille
2302 741 2505 809 regerit
2554 741 2621 817 ad
2679 741 2822 796 hunc
2851 742 3092 807 modum,
3120 742 3409 812 inquiens:
3451 761 3471 794 ι
3497 743 3608 796 Meo

2039 849 2057 880 ι
2109 831 2211 883 rito
2256 829 2422 900 igitur
2445 830 2511 883 de
2542 830 2891 899 generatione
2920 835 3213 887 secundum
3244 846 3465 887 carnem
3502 833 3607 886 Do—

2038 938 2054 968 ι
2103 920 2280 973 minus
2332 934 2426 988 per
2466 921 2787 988 prophetam
2845 919 3191 976 Salomonem
3225 921 3409 976 dixit:
3441 926 3606 977 Ante-

2038 1029 2056 1061 ι
2102 1027 2257 1081 quam
2287 1011 2457 1079 fontes
2499 1028 2760 1081 aquarum
2811 1013 3164 1082 provenirent.
3197 1032 3215 1064 ι
3247 1011 3304 1066 In
3337 1018 3611 1082 sequenti-

2032 1101 2163 1166 bus,
2210 1103 2454 1171 quaedam
2503 1103 2606 1156 alia
2673 1113 2993 1173 prosecutus
3053 1104 3216 1174 stylo,
3280 1102 3602 1176 inlert:[ll.

2028 1190 2198 1266 XXII]
2227 1192 2522 1260 «Quocirca
2544 1210 2666 1249 cum
2685 1195 3044 1264 praecedentia
3065 1195 3326 1250 fuerimus
3343 1196 3605 1261 exsecuti,

2037 1305 2054 1337 ι
2099 1300 2436 1355 consequens
2479 1296 2581 1351 est,
2614 1294 2674 1339 nt
2709 1286 2852 1356 quod
2878 1295 3045 1340 restat
3073 1285 3249 1341 adhuc
3274 1285 3606 1355 expleamus.

2034 1396 2052 1427 ι
2097 1376 2287 1431 Restat
2323 1387 2499 1431 autem
2547 1376 2699 1442 illud,
2737 1392 2843 1445 quo
2873 1376 3119 1429 meminit
3145 1378 3407 1430 montium
3444 1387 3605 1445 atque

2034 1485 2054 1517 ι
2096 1467 2361 1520 saltuum:
2396 1467 2469 1520 ait
2496 1468 2636 1521 enim
2670 1466 2995 1535 :Ameqaam
3028 1478 3226 1519 montes
3244 1465 3604 1533 ﬁrmarentur,

2035 1575 2054 1607 ι
2101 1573 2224 1610 ante
2256 1573 2434 1610 omnes
2465 1558 2638 1610 saltus
2679 1557 2856 1626 genuit
2892 1570 2989 1608 me.
3026 1552 3364 1625 Esse.porro
3394 1562 3606 1610 montes

2038 1664 2056 1697 ι
2104 1648 2269 1700 hosce
2296 1657 2460 1716 atque
2497 1647 2672 1701 saltus
2704 1648 2983 1715 apostolos
3017 1655 3070 1701 et
3097 1660 3438 1700 successores
3470 1660 3602 1714 apo-

2035 1753 2054 1785 ‹
2101 1734 2358 1788 stolorum
2399 1749 2416 1789 :
2462 1743 2522 1788 ut
2561 1735 2632 1788 ita
2686 1734 2898 1789 illorum
2932 1735 3607 1805 justissima'conversatio

362 1830 456 1883 καὶ
491 1828 692 1899 ταύτην
718 1827 1043 1882 καταϐάλλει
1092 1828 1189 1902 τὴν
1241 1828 1532 1898 θεολογίαν
1557 1830 1750 1903 μικρὸν
1766 1830 1923 1885 ὓστε-

2029 1844 2046 1876 ι
2094 1837 2260 1895 atque
2306 1826 2426 1879 vitae
2473 1826 2756 1891 institutio,
2785 1836 2911 1881 ante
2955 1841 3143 1882 omnes
3206 1826 3434 1880 aliorum
3465 1829 3604 1897 poli-

368 1936 457 1990 ρον
492 1919 586 1972 καὶ
633 1917 835 1989 ταύτην
866 1917 1212 1990 ἀρνούμενος.
1257 1919 1418 1988 Λέγει
1456 1919 1513 1973 δέ
1547 1919 1723 1974 οῦτω’
1765 1939 1783 1973 ι
1827 1920 1928 1974 Διά

370 2030 389 2063 ι
428 2010 584 2065 τοῦτο
602 2010 825 2075 εἰκότως
846 2010 1117 2083 ἐπιφέρει,
1143 2011 1243 2076 ⁸⁸ος
1263 2011 1434 2066 ἐστιν
1452 2010 1629 2065 εἰκὼν
1648 2012 1754 2067 τοῦ
1777 2011 1927 2067 Θεοῦ

370 2122 389 2154 ι
427 2103 531 2156 τοῦ
548 2101 824 2170 ἀοράτου.
858 2121 877 2154 ι
900 2102 1037 2155 Πότε
1064 2102 1352 2174 γενόμενος
1377 2101 1572 2170 εἰκών;
1599 2105 1670 2156 Ἣ
1688 2103 1928 2174 ὁπηνίκα

363 2194 426 2248 τδ
461 2192 580 2247 κατ’
627 2193 810 2247 εἰκόνα
832 2194 924 2247 καὶ
961 2193 1080 2247 καθ’
1103 2193 1363 2265 ὁμοίωσιν
1391 2193 1646 2266 ἀνείληφε
1668 2194 1926 2267 πλάσμα;

370 2306 388 2335 ι
429 2284 696 2357 Πρότερον
723 2283 852 2356 γὰρ,
886 2283 1073 2356 ὥσπερ
1102 2283 1358 2349 πολλάκις
1384 2284 1539 2356 ἔφην,
1568 2285 1720 2340 οὐδὲν
1746 2285 1929 2358 ἕτερον

368 2380 390 2427 ι
428 2372 496 2448 ἦν
528 2376 561 2447 ἢ
600 2376 790 2444 Λόγος·
834 2395 853 2427 ι
891 2376 986 2431 καὶ
1037 2376 1282 2446 ἐπιμένει
1312 2375 1373 2429 τό
1420 2376 1551 2430 αὐτὸ
1582 2376 1930 2449 γυμνὼτερον

362 2467 659 2538 διασαφῶν,
696 2469 761 2522 δι’
796 2462 870 2523 ὧν
901 2485 1064 2540 φησιν
1085 2484 1098 2497 ·
1123 2488 1140 2519 ι
1167 2467 1374 2522 Οὐκοῦν
1408 2468 1786 2541 πρόδηλον,ὃτι
1823 2470 1930 2541 πρὸ

371 2580 389 2614 ι
414 2561 518 2632 τῆς
548 2561 640 2615 τοῦ
666 2560 932 2633 ἡμετέρου
969 2559 1217 2633 σώματος
1236 2561 1551 2633 ἀναλήψεως
1570 2563 1598 2615 6
1613 2563 1782 2632 Λόγος
1808 2561 1928 2616 καθ’

368 2667 389 2700 ι
413 2647 604 2701 ἐαυτὸν
633 2648 732 2701 οὐκ
779 2643 847 2721 ἦν
875 2647 1036 2702 υἰκὼν
1062 2649 1156 2703 τοῦ
1177 2648 1408 2722 ἀοράτου
1445 2649 1602 2705 Θεοῦ.
1658 2652 1773 2723 Τὴν
1821 2651 1930 2723 γὰρ

368 2761 388 2792 ι
414 2742 597 2795 εἰκόνα
611 2741 839 2813 ὁρᾶσθαι
859 2743 1143 2815 προσήκει,
1170 2741 1255 2796 ἴνα
1275 2742 1360 2797 διὰ
1380 2743 1480 2814 τῆς
1495 2744 1699 2808 εἰκόνος
1712 2744 1773 2798 τὸ
1794 2745 1931 2808 τέως

367 2851 386 2883 ι
414 2832 488 2905 μὴ
520 2832 793 2904 ὁρώμενον
829 2832 1054 2905 ὁρᾶσθαι
1093 2833 1335 2905 δύνηται.
1365 2854 1383 2886 ι
1408 2836 1517 2889 Καὶ
1535 2835 1931 2908 πάλινπροστί-

361 2925 483 2994 θησι
508 2923 678 2993 λέγων
699 2939 713 2954 ο
752 2941 771 2973 ‹
811 2922 934 2987 Πῶς
962 2918 1053 2976 οὖν
1074 2923 1256 2977 εἰκόνα
1286 2923 1380 2977 τοῦ
1412 2924 1643 2997 ἀοράτου
1669 2923 1803 2977 Θεοῦ
1839 2924 1930 2977 τὸν

366 3033 387 3066 ι
423 3012 516 3066 τοῦ
538 3012 670 3067 Θεοῦ
713 3013 882 3081 Λόγον
916 3014 1185 3085 Ἀστέριος
1215 3010 1352 3068 εἶναι
1389 3018 1688 3086 γέγραφενς
1723 3016 1790 3067 Αἰ
1822 3013 1931 3086 γάρ

366 3125 384 3157 ι
429 3106 633 3170 εἰκόνες
690 3106 912 3168 τούτων,
947 3099 1024 3160 ὧν
1055 3108 1191 3160 εἰσιν
1241 3106 1466 3172 εἰκόνες,
1519 3108 1615 3161 καὶ
1655 3107 1924 3174 ἀπόντων,

366 3215 386 3248 ι
424 3196 686 3250 δεικτικαί
727 3198 879 3250 εἰσιν
923 3196 1061 3251 ὥστε
1093 3199 1187 3252 καὶ
1225 3197 1316 3253 τὸν
1360 3199 1565 3252 ἀπόντα
1591 3199 1700 3269 (69)
1733 3198 1799 3251 δι’
1826 3200 1925 3252 αὐ-

366 3305 386 3337 ι
422 3288 528 3341 τῶν
545 3287 827 3357 φαίνεσθαι
845 3289 1035 3343 δοκεῖν.
1063 3289 1125 3342 Εἰ
1144 3289 1200 3343 δέ
1219 3289 1311 3343 τοῦ
1336 3288 1469 3343 Θεοῦ
1497 3290 1726 3361 ἀοράτου
1749 3290 1921 3354 ὄντος,

366 3399 384 3431 ι
422 3380 648 3452 ἀόρατον
670 3377 806 3435 εἰναι
837 3387 933 3436 καὶ
954 3382 1044 3435 τὸν
1076 3382 1247 3449 Λόγον
1276 3382 1580 3453 συμϐαίνει,
1608 3381 1727 3447 πῶς
1760 3380 1923 3435 εἰκὼν

364 3493 381 3524 ι
422 3473 516 3526 τοῦ
549 3474 780 3544 ἀοράτου
810 3473 942 3529 Θεοῦ
971 3474 1088 3529 καθ’
1110 3475 1302 3529 ἑαυτὸν
1330 3477 1359 3528 6
1395 3475 1565 3546 Λόγος
1598 3471 1734 3528 εἶναι
1761 3474 1923 3528 δῦνα-

363 3583 380 3613 ι
420 3581 530 3624 ται,
570 3566 663 3619 καί
702 3566 862 3630 αὐτὸς
904 3567 1131 3638 ἀόρατος
1170 3564 1282 3631 ὥνς
1318 3566 1577 3621 ἀδύνατον
1609 3567 1717 3638 γάρ
1749 3567 1809 3620 τὸ
1849 3566 1924 3639 μὴ

362 3677 382 3711 ι
418 3658 611 3731 ὁρατὸν
641 3659 729 3713 διὰ
766 3660 860 3713 τοῦ
897 3661 1129 3732 ἀοράτου
1168 3660 1402 3730 φανῆναί
1448 3677 1600 3715 ποτε.
1636 3680 1655 3711 ι
1708 3660 1816 3714 Καὶ
1865 3662 1924 3714 ἐν

357 3751 566 3813 τούτοις
591 3752 647 3805 δὲ
674 3754 703 3806 ό
729 3740 1044 3824 Μάρκελλος
1071 3754 1131 3806 οὐ
1162 3753 1380 3823 συνορᾷ,
1410 3753 1513 3817 ὅτι,
1544 3755 1592 3806 εἰ
1620 3753 1717 3826 τὴν
1746 3754 1925 3826 σάρκα

356 3841 579 3913 δοίημεν
611 3837 749 3895 εἶναι
775 3841 872 3913 τήν
904 3843 1085 3895 εἰκόνα
1119 3842 1213 3895 τοῦ
1244 3841 1401 3905 Θεοῦ,
1434 3841 1552 3915 ὥρα
1576 3843 1669 3896 καί
1709 3844 1924 3898 πάντων

357 3930 454 3985 ἀνθ
463 3930 655 4002 ρώπων
670 3931 766 3994 τὰς
787 3931 1014 4003 σάρκας,
1038 3931 1131 3985 καὶ
1152 3932 1221 3985 τά
1241 3932 1349 3985 τῶν
1374 3933 1638 4003 σωμάτων
1659 3932 1925 4005 πρόσωπα

357 4024 570 4087 εἰκόνας
596 4021 732 4078 εἶναι
760 4025 934 4094 λέγειν
957 4025 1047 4079 τοῦ
1077 4024 1235 4079 Θεοῦ.
1266 4026 1427 4078 Ὥστε
1460 4027 1581 4078 κατ’
1601 4024 1762 4078 αὐτὸν
1814 4043 1921 4097 μη-

359 4113 452 4168 δὲν
502 4113 775 4187 ἐξαίρετον
813 4117 1099 4188 ἐσχηκέναι
1139 4117 1228 4171 τὸν
1262 4116 1510 4187 Σωτῆρα.
1548 4117 1605 4169 ὐ
1643 4116 1688 4170 δ’
1735 4115 1923 4191 ὥσπερ

357 4206 742 4280 ἐπιλαθόμενος
774 4202 853 4265 ὧν
884 4210 1021 4281 μετά
1052 4209 1222 4263 ταῦτα
1255 4210 1382 4281 περί
1417 4209 1514 4280 τῆς
1545 4208 1743 4279 σαρκὸς
1797 4226 1921 4262 συν-

358 4299 581 4371 έγραψε,
610 4300 793 4354 δούλου
830 4301 1041 4374 μορφὴν
1078 4300 1243 4372 αὐτὴν
1273 4298 1440 4353 εἰπὼν
1472 4298 1530 4366 ἐξ
1563 4298 1922 4370 ἀποστολικῆς

357 4392 726 4462 παραθέσεως,
788 4393 878 4450 καὶ
922 4394 1009 4448 διὰ
1068 4392 1226 4447 τοῦτο
1292 4393 1367 4464 μὴ
1425 4390 1681 4446 δύνασθαι
1745 4394 1920 4444 συνεῖ-

2033 1938 2051 1971 ι
2104 1919 2241 1983 tias,
2286 1918 2621 1989 intelligatur
2666 1919 2979 1975 denotari.»
3034 1919 3417 1989 Huiuscemodi
3470 1934 3598 1973 suas

2029 2011 2509 2080 interpretationes
2538 2009 2627 2065 ubi
2668 2020 3043 2080 pr0posuerat,
3077 2012 3252 2082 pergit
3290 2011 3505 2066 demum
3535 2012 3601 2063 ad

2030 2104 2336 2158 testimonia
2379 2103 2695 2173 apostolica,
2739 2112 2795 2157 et
2831 2103 3090 2173 Apostolo
3130 2104 3401 2159 contraria
3446 2103 3499 2157 in
3540 2118 3606 2156 os

2027 2195 2304 2266 obgannit.
2359 2194 2502 2249 «Ille
2561 2196 2697 2248 enim
2752 2196 3166 2265 prwezistentem
3231 2194 3423 2249 Filium
3483 2194 3602 2256 Dei,

2033 2304 2052 2337 ι
2099 2286 2280 2340 omnis
2323 2295 2587 2341 creaturae
2648 2286 3074 2357 Primogenitum
3125 2285 3352 2354 appellat
3381 2284 3603 2338 :omnia

2032 2401 2052 2425 -
2100 2380 2155 2434 in
2187 2379 2280 2433 illo
2311 2387 2365 2432 et
2393 2394 2491 2445 per
2524 2377 2674 2432 illmn
2706 2379 2922 2433 condita
2975 2377 3131 2432 docet
3160 2394 3175 2430 :
3210 2391 3443 2445 eumque
3475 2387 3606 2430 ante

2035 2491 2053 2521 ι
2099 2470 2281 2525 omnia
2329 2471 2607 2526 exstitisse
2658 2488 2848 2541 magna
2878 2485 2998 2524 voce
3029 2478 3399 2535 protestetur;
3435 2477 3488 2520 at
3520 2471 3602 2522 hic

2036 2583 2054 2613 ι
2101 2563 2235 2617 hanc
2261 2564 2427 2630 ipsam
2457 2563 2770 2634 theologiam
2804 2564 2874 2614 ad
2916 2577 3127 2616 carnem
3161 2562 3369 2613 deducat
3398 2574 3417 2612 :
3442 2576 3601 2629 quam

2035 2675 2052 2706 ι
2098 2665 2145 2709 et
2190 2657 2359 2724 ipsum
2388 2656 2566 2709 statim
2602 2666 2751 2726 negat
2782 2670 2798 2707 :
2829 2653 2905 2707 ait
2965 2663 3145 2706 autem
3192 2668 3207 2706 :
3246 2650 3334 2722 [Β.
3360 2649 3603 2722 LXXle

2036 2767 2053 2798 ι
2099 2745 2305 2801 Idcirco
2336 2747 2530 2803 merito
2561 2745 2745 2811 infert,
2782 2746 2884 2812 Qui
2928 2756 3011 2799 est
3033 2745 3206 2812 imago
3235 2745 3326 2798 Dei
3355 2742 3598 2798 invisibi-

2037 2858 2055 2890 ι
2101 2838 2189 2904 lis,
2220 2839 2438 2908 quando
2464 2848 2643 2893 autem
2689 2839 2763 2892 ita
2798 2837 3009 2892 factus?
3036 2836 3173 2890 Num
3207 2852 3330 2890 cum
3371 2835 3594 2906 figmen-

2036 2948 2054 2980 ι
2103 2938 2216 2983 tum
2249 2929 2542 2998 assumpsit
2568 2928 2694 2983 illud
2719 2929 2861 2997 quod
2893 2927 3093 2983 factum
3119 2936 3200 2981 est
3220 2926 3286 2981 ad
3313 2926 3598 2996 imaginem

2037 3039 2057 3069 ι
2102 3030 2157 3074 et
2182 3019 2633 3074 similitudinem?
2668 3024 2726 3083 ›Ῑ‹
2762 3018 2919 3073 Prius
2947 3020 3171 3079 etenim,
3213 3020 3355 3088 quod
3398 3018 3584 3087 aliquo

2037 3132 2054 3162 ι
2104 3112 2203 3166 ties
2252 3111 2509 3173 diximus,
2562 3110 2693 3165 nihil
2741 3110 2889 3164 aliud
2915 3126 3081 3179 quam
3137 3111 3368 3166 Verbum
3412 3121 3547 3165 erat.
3577 3131 3595 3161 ι

2027 3202 2264 3264 Perstat,
2298 3211 2351 3255 et
2391 3201 2493 3257 hoc
2525 3201 2852 3270 eXplicatius
2905 3200 3159 3267 eluctdat,
3192 3202 3281 3254 ubi
3312 3203 3546 3271 loquitur
3581 3217 3596 3252 :

2027 3292 2115 3365 [Β.
2135 3292 2327 3346 XXXII
2347 3294 2472 3347 coll.
2490 3308 2540 3362 p.
2559 3292 2630 3346 24
2652 3290 2721 3364 Β]
2744 3311 2761 3343 ι
2791 3292 3029 3365 Estergo
3053 3292 3426 3359 manifestum,
3450 3296 3592 3364 quod

2026 3401 2129 3440 non
2165 3395 2282 3440 erat
2311 3384 2544 3439 Verbum
2587 3385 2766 3454 imago
2802 3384 3091 3439 invisibilis
3121 3385 3215 3438 Dei
3261 3393 3388 3438 ante
3418 3385 3597 3439 carnis

2025 3488 2226 3533 nostra:
2272 3477 2723 3545 assumptionem.
2757 3474 2890 3528 Nam
2933 3489 3155 3529 necesse
3194 3485 3277 3528 est
3307 3475 3595 3545 imaginem

2024 3567 2198 3623 oculis
2220 3568 2390 3632 cerni,
2406 3577 2466 3621 ut
2489 3567 2562 3620 ita
2584 3582 2679 3636 per
2698 3566 3343 3636 imaginemdiscernatnr
3366 3565 3417 3619 id
3443 3565 3586 3634 quod

2027 3676 2129 3715 non
2150 3669 2353 3729 poterat
2373 3668 2525 3712 antea
2556 3657 2725 3712 oculis
2751 3657 3051 3721 usurpari.)
3074 3656 3201 3709 Dein
3220 3656 3368 3709 addit
3393 3655 3596 3721 :cQue-

2033 3768 2052 3802 ι
2103 3749 2466 3804 madmodum
2496 3749 2663 3818 igitur
2686 3748 2933 3801 Asterius
2958 3745 3211 3809 allirmat,
3240 3745 3330 3800 Dei
3362 3743 3595 3799 Verbum

2030 3860 2048 3894 ι
2094 3842 2370 3898 exstitisse
2419 3842 2708 3911 imaginem
2771 3836 3061 3892 invislbilis
3124 3835 3257 3891 Dei?
3330 3836 3596 3907 Imagines

2028 3955 2046 3986 ι
2094 3935 2293 3989 etenim
2332 3943 2455 3988 sunt
2489 3947 2676 3986 earum
2720 3945 2900 3986 rerum
2955 3928 3392 3984 demonstrativae
3429 3928 3591 3983 etiam

2029 4016 2427 4091 «absentium,
2466 4039 2693 4095 quarum
2734 4031 2861 4077 sunt
2906 4022 3175 4091 imagines
3213 4021 3333 4075 :ita
3393 4029 3448 4073 ut
3496 4034 3597 4088 per

2030 4134 2048 4167 ι
2097 4116 2217 4172 illas
2244 4115 2329 4173 vel
2365 4117 2643 4170 absentem
2674 4114 2941 4184 possimus
2970 4113 3193 4167 intueri.
3232 4111 3432 4179 Quodsi
3473 4112 3590 4175 Dei,

2027 4227 2047 4260 ι
2094 4224 2217 4264 cum
2249 4208 2324 4263 sit
2356 4207 2666 4273 invisibilis,
2690 4208 2912 4262 verbum
2935 4221 3150 4276 quoque
3172 4205 3447 4260 invisibile
3471 4205 3541 4258 sit
3570 4223 3586 4258 :

2027 4321 2044 4353 ι
2088 4300 2358 4370 quomodo
2391 4298 2607 4352 tandem
2644 4296 2899 4361 Verbum,
2942 4298 2993 4352 in
3022 4311 3083 4351 se
3116 4295 3410 4363 invisibile,
3446 4296 3589 4349 invi—

2026 4411 2043 4443 ‹
2090 4390 2265 4447 sibilis
2299 4390 2390 4446 Dei
2431 4391 2606 4460 imago
2632 4402 2752 4444 esse
2788 4399 2963 4458 potest
2987 4388 3011 4441 ἰ
3034 4388 3197 4443 Certe
3237 4396 3319 4442 est
3367 4403 3587 4456 prorsus

356 4500 446 4537 ναι
473 4484 690 4556 (70)τῷ
712 4486 889 4557 Λόγῳ,
924 4485 1013 4539 διὰ
1047 4486 1107 4539 τὸ
1120 4484 1304 4539 δούλου
1343 4483 1555 4556 μορφὴν
1583 4478 1750 4537 εἶναι·
1787 4483 1920 4537 ἀλλὰ

2031 4501 2050 4534 ι
2097 4482 2454 4553 impossibile,
2503 4492 2566 4567 ut
2608 4481 2748 4551 quod
2812 4496 2916 4535 non
2967 4480 3202 4543 videtur,
3245 4494 3342 4550 per
3383 4479 3589 4547 aliquid

355 4575 450 4629 καὶ
470 4578 649 4647 γυμνῇ
678 4579 742 4648 τῇ
771 4577 978 4649 κεφαλῇ
1013 4579 1222 4648 φήσας,
1256 4595 1274 4628 ι
1309 4575 1425 4639 πῶς
1463 4570 1693 4645 ἐγχωρεῖ
1722 4574 1819 4645 τὴν
1851 4575 1915 4627 ἐκ

362 4686 380 4718 ι
421 4667 524 4739 γῆς
551 4686 608 4722 τε
639 4664 824 4732 οὖσαν,
851 4670 944 4724 καὶ
974 4669 1139 4741 μηδὲν
1181 4666 1514 4737 ὠφελοῦσαν,
1544 4668 1602 4719 ἐν
1636 4668 1747 4728 τοῖς
1783 4665 1909 4737 μέλ-

359 4778 378 4811 ι
418 4760 595 4813 λουσιν
619 4760 777 4814 αἰῶσι
809 4764 1046 4815 συνεῖναι
1072 4759 1151 4831 τῷ
1175 4759 1353 4829 Λόγῳ;
1377 4778 1396 4811 ι
1437 4755 1576 4811 εἶναι
1606 4756 1791 4810 εἰκόνα
1818 4755 1913 4809 τοῦ

350 4853 580 4925 ἀοράτου
599 4852 757 4921 Θεοῦ,
781 4855 881 4926 τήν
912 4852 1089 4925 σάρκα
1121 4852 1212 4906 ἐπί
1246 4852 1338 4905 τοῦ
1368 4849 1632 4922 παρόντος
1656 4848 1918 4919 διισχυρί-

352 4944 502 5008 ζεται
526 4944 999 5017 διαϐεόαιούμενος
1023 4942 1426 5014 ἀποφαντικᾶκ,
1453 4941 1535 4994 ὅτι
1565 4939 1669 5012 πρὸ
1691 4938 1791 5009 τῆς
1824 4937 1916 4992 τοῦ

352 5035 617 5108 ἡμετέρου
674 5039 927 5110 σώματος
977 5035 1295 5107 ἀναλήψεως
1350 5032 1452 5087 οὐκ
1491 5027 1560 5104 ἦν
1615 5030 1776 5084 εἰκὼν
1819 5029 1913 5084 τοῦ

353 5126 582 5196 ἀοράτου
596 5125 751 5190 Θεοῦ,
772 5130 801 5182 6
821 5128 992 5199 Λόγος
1014 5127 1201 5182 αὑτοῦ.
1226 5127 1337 5181 Καί⁵
1354 5120 1508 5188 αὖθις
1526 5121 1664 5195 μετά
1678 5121 1748 5175 τά
1762 5123 1918 5176 ἐκτε-

353 5215 515 5271 θέντα
561 5220 805 5292 ἐπιφέρει
845 5219 1035 5289 λέγων·
1082 5240 1100 5271 ι
1135 5221 1227 5273 Διὸ
1256 5215 1590 5288 πανταχόθεν
1627 5213 1806 5285 δῆλον,
1840 5215 1917 5266 εἰ-

429 5359 487 5419 rI<
538 5353 635 5409 Ed.
672 5352 869 5415 Paris..
902 5371 1022 5425 pag.
1051 5356 1145 5412 47.

422 5493 534 5561 (69)
560 5491 882 5568 Ῡι-ιιεο-καὶ-
894 5494 959 5546 δι’
989 5495 1167 5549 αὐτῶν
1203 5506 1254 5550 et
1284 5495 1376 5548 τοῦ
1407 5496 1640 5568 ἀοράτου
1680 5497 1830 5558 ὄντος
1864 5502 1919 5548 et

354 5560 530 5634 σάρκα
555 5560 692 5634 δείν’
708 5564 806 5633 μὲν
832 5560 992 5617 εἶναι.

424 5633 535 5705 (70)
586 5633 681 5702 Μὴ
735 5634 1027 5705 δύνασθαι
1071 5635 1362 5689 συνεῖναι.
1423 5637 1533 5691 ’Δεί
1586 5638 1743 5700 forte,
1790 5650 1912 5689 nam

353 5702 480 5758 illud
518 5706 711 5773 posuit.
748 5702 930 5773 Neque
958 5706 1122 5760 fuisse
1153 5706 1429 5761 aduuitam
1453 5711 1620 5763 verbo
1648 5712 1714 5760 ab
1753 5715 1906 5758 :Plt'r-

352 5790 441 5836 no.
469 5789 566 5829 nec
595 5772 829 5829 futuram
850 5772 1237 5843 'aduniendam,
1264 5788 1320 5832 ut
1352 5778 1534 5833 statim
1560 5780 1616 5832 ἐν
1639 5780 1747 5841 τοῖς
1773 5776 1899 5845 μέλ-

2026 4591 2045 4625 ι
2091 4571 2357 4627 invisibile
2392 4571 2784 4626 manifestatur.
2812 4590 2831 4623 ι
2868 4571 2982 4625 Non
3020 4571 3107 4624 hic
3156 4569 3404 4639 intelligit
3436 4569 3578 4622 Mar-

2022 4665 2217 4729 cellus,
2253 4664 2395 4735 quod
2439 4664 2482 4719 si
2525 4665 2596 4720 sit
2639 4679 2863 4719 necesse
2893 4679 3110 4719 carnem
3146 4663 3431 4732 imaginem
3467 4662 3583 4714 fieri

2024 4758 2160 4825 Del,
2206 4771 2401 4811 carnes
2450 4765 2506 4811 et
2547 4771 2777 4826 corpora
2822 4755 3099 4811 hominum
3155 4752 3485 4824 singulorum
3530 4763 3584 4806 et

2022 4862 2300 4917 personae,
2352 4847 2615 4918 imagines
2659 4846 2909 4901 dicantur
2964 4858 3085 4898 esse
3121 4842 3238 4900 Dei.
3282 4842 3357 4897 Ita
3398 4854 3452 4895 ut
3489 4859 3592 4912 per

2021 4940 2370 5009 semetipsum
2419 4938 2694 5008 singulare
2737 4935 2871 4991 nihil
2917 4936 3114 4990 habeat
3154 4934 3430 4990 Servator.
3478 4936 3591 4989 Iste

2019 5045 2168 5097 vero,
2203 5041 2457 5100 tanquam
2497 5029 2697 5086 oblitus
2724 5043 2910 5084 eormn
2947 5042 3066 5097 qua!
3088 5027 3342 5097 deinceps
3367 5027 3432 5082 de
3464 5042 3582 5081 car-

2019 5135 2086 5175 ne
2124 5124 2396 5177 mandavit
2436 5122 2653 5186 litteris,
2681 5136 2803 5176 cum
2834 5135 2899 5175 ex
2930 5119 3254 5174 auctoritate
3285 5118 3583 5188 apostolica

2023 5216 2166 5270 servi
2203 5216 2430 5271 formam
2467 5216 2610 5271 illam
2638 5212 2993 5276 nominasset,
3024 5225 3121 5266 nec
3158 5209 3361 5265 idcirco
3389 5211 3587 5265 unien-

2015 5492 2197 5544 λουσιν
2221 5490 2401 5543 αἰῶσι.
2426 5487 2523 5543 Ubi
2549 5487 2686 5542 forte
2703 5485 3010 5553 legendum,
3038 5495 3091 5538 et
3120 5485 3581 5555 distinguendum,

2013 5558 2149 5614 εἶναι
2180 5560 2234 5612 δὲ
2258 5560 2440 5613 εἰκόνα
2461 5558 2553 5611 τοῦ
2581 5556 2983 5629 άοράτουᾼΘεοῦ
3012 5556 3111 5629 τὴν
3140 5553 3334 5629 σάρκα,
3368 5553 3584 5629 ἐπίᾲτοῦ

2012 5632 2277 5702 παρόντος
2300 5624 3223 5702 διισχυρίζεταιδιαϐεϐαιούμενος.⁷
3341 5653 3409 5665 -
3426 5624 3579 5702 ‘Dein

2012 5694 2168 5768 vnl'go
2195 5694 3045 5771 eivatetiaiup.etdtm<§a1mtbé
3081 5709 3135 5754 et
3169 5696 3340 5751 ταῦτα
3386 5694 3451 5747 τά
3493 5694 3579 5749 ἐκ·

2010 5772 2167 5826 θέντα
2192 5769 2269 5841 τῷ
2296 5770 2413 5839 Θεῷ
2444 5769 2618 5838 Λόγῳ.
