4158 6390
371 5813 431 5863 κβ,

544 5798 740 5879 “quod
766 5805 1010 5854 versatur
1038 5797 1092 5851 in
1122 5796 1436 5863 quaestione,
1481 5809 1549 5847 an
1578 5793 1732 5850 stella
1759 5791 1847 5846 illa
1882 5799 2006 5847 ante
2034 5791 2152 5846 edi-

537 368 642 424 8li7
1205 357 1477 416 EUSEBII
1513 349 1994 412 CESARIENSIS
2029 349 2180 406 OL‘P.
2223 346 2403 403 PARS
2437 345 2529 402 IV.
2565 375 2636 386 -—
2671 341 3090 401 DOGMATICA.
3669 335 3769 390 808

538 487 662 540 dam
695 498 814 543 esse
844 479 1022 538 Verbo
1047 496 1061 532 :
1085 477 1287 548 quique
1339 476 1504 531 etiam
1545 472 1885 544 apertissima
1929 469 2107 526 fronte

2272 465 2404 519 κόνα
2447 462 2542 517 τοῦ
2592 462 2823 534 ἀοράτου
2868 459 3004 514 Θεοῦ
3043 457 3148 512 ὑπὸ
3189 456 3285 509 τοῦ
3334 451 3480 525 ἱεροῦ
3526 450 3774 523 εἰρῆσθαι

541 578 755 634 dixerat
788 597 801 631 ;
831 592 850 626 ι
873 570 1154 640 Quomodo
1200 568 1606 624 concedendum
1656 574 1762 630 est,
1803 565 1947 619 illam
1982 579 2100 618 car-
2151 558 2154 562 ’

547 690 566 722 ι
617 685 736 724 nem
778 680 899 733 quae
937 665 1004 718 de
1040 673 1182 717 terra
1232 669 1446 730 sumpta
1489 667 1590 721 est.
1619 668 1674 712 et
1707 656 1838 712 nihil
1866 646 2106 726 prodest,

547 779 567 812 ι
616 761 819 813 unilam
848 755 1023 811 Verbo
1048 754 1338 824 persistere
1369 751 1421 805 in
1454 750 1633 805 futuro
1653 749 1886 804 sarculo?
1913 767 1933 800 ι
1960 746 2108 802 illam

547 863 724 906 tamen
757 863 977 904 carnem
1034 845 1325 914 imaginem
1367 855 1488 898 esse
1530 840 1627 896 Dei
1672 837 1957 895 invisibilis
1979 852 2112 892 con-

543 955 750 1000 stanter
801 939 1038 994 aﬂirmat
1077 956 1091 992 :
1124 935 1562 992 constantissime
1615 947 1817 1002 negans
1862 917 2106 986 eamdem

545 1039 741 1108 ipsam,
781 1044 909 1089 ante
952 1031 1198 1100 corporis
1229 1030 1400 1086 nostri
1432 1027 1879 1098 assumptionem,
1921 1022 2111 1092 imagi-

548 1144 671 1183 nem
701 1125 793 1181 Dei
828 1123 1116 1180 invisibilis
1145 1121 1419 1176 exstitisse
1449 1137 1464 1177 :
1491 1119 1585 1175 sed
1616 1127 1823 1172 tantum
1874 1114 2110 1169 Verbum

545 1220 680 1287 ejus:
700 1215 798 1272 His
829 1217 898 1271 ita
915 1215 1108 1286 positis
1123 1211 1388 1269 subinl‘ert
1407 1212 1657 1280 inquiens
1680 1207 1802 1280 :[R.
1823 1202 2110 1275 LXXXIII]

552 1331 571 1362 ‹
617 1308 906 1377 Quocirca,
934 1307 1080 1362 omni
1119 1307 1278 1362 modo
1324 1313 1496 1373 patet,
1528 1302 1817 1371 imaginem
1852 1298 1943 1353 Dei
1974 1297 2114 1351 invi-

555 1423 572 1454 ι
620 1401 792 1457 sibilis
822 1416 850 1452 a
889 1409 1077 1455 sancto
1112 1399 1368 1468 Apostolo
1411 1394 1514 1448 dici
1555 1408 1772 1448 carnem
1800 1390 1965 1454 illam,
1993 1403 2114 1458 qua:

554 1513 572 1543 ε
615 1493 868 1560 deinceps
921 1487 1155 1542 accessit
1206 1486 1418 1540 verbo:
1448 1492 1508 1537 ut
1561 1497 1657 1552 per
1689 1479 1901 1535 visibile
1944 1476 2110 1532 videri

554 1603 572 1630 ι
622 1590 806 1653 posset
862 1580 1005 1647 quod
1063 1587 1148 1634 est
1203 1575 1498 1632 invisibile.
1560 1573 1746 1642 Imago
1795 1580 1892 1636 est,
1943 1569 2116 1639 inquit

556 1694 575 1726 ι
621 1672 934 1743 Apostolus,
994 1669 1090 1724 Dei
1145 1666 1516 1723 invisibilis”.
1549 1665 1700 1719 Nunc
1751 1671 1918 1733 patet,
1973 1662 2114 1727 quod

556 1787 574 1817 ε
620 1779 729 1821 tum
760 1766 1013 1835 primum,
1038 1778 1158 1816 cum
1204 1776 1426 1816 carnem
1467 1757 1780 1826 assumpsit,
1815 1754 2016 1809 factum
2059 1753 2114 1807 in

2213 577 2231 610 ι
2271 555 2588 619 ἀποστόλου,
2612 553 2707 625 τὴν
2725 549 3165 624 προσγενομένην
3185 546 3263 618 τῷ
3281 546 3437 621 Λόγῳ
3455 544 3652 615 σάρκα’
3690 542 3776 594 ἵνα

2214 669 2232 702 ι
2295 649 2386 702 διὰ
2411 648 2504 702 τοῦ
2533 646 2764 718 ἀοράτου
2790 643 2903 716 (71)
2929 640 3103 697 καὶτὸ
3127 639 3320 710 ὁρατὸν
3357 635 3631 707 φαίνηται.
3675 634 3775 686 Ei-

2215 758 2235 792 ι
2273 739 2397 793 κὼν
2424 737 2492 792 δέ
2532 738 2684 799 ἐστι,
2745 734 2908 806 φησὶν
2938 735 2966 786 ό
3008 730 3343 794 Ἀπόστολος,
3366 725 3473 781 τοῦ
3522 725 3775 795 ἀοράτου

2225 850 2244 884 ι
2286 830 2454 884 Θεοῦ.
2474 829 2588 882 Νῦν
2613 827 2791 898 δῆλον,
2817 827 2918 889 ὅτι,
2943 823 3177 895 ὁπηνίκα
3201 822 3300 894 τὴν
3329 821 3448 873 κατ’
3479 818 3662 871 εἰκόνα
3683 815 3774 869 τοῦ

2217 945 2236 976 ‹
2280 923 2414 978 Θεοῦ
2461 922 2760 992 γενομένην
2803 917 3056 989 ἀνείληφε
3109 915 3308 986 σάρκα,
3360 911 3522 966 εἰκὼν
3573 909 3776 979 ἀληθὴς

2218 1039 2236 1072 ι
2273 1018 2365 1072 τοῦ
2397 1015 2629 1088 ἀοράτου
2669 1011 2805 1066 Θεοῦ
2832 1012 3042 1080 γέγονε.
3080 1009 3142 1061 Εἰ
3176 1007 3284 1078 γὰρ
3329 1004 3417 1058 διὰ
3445 1004 3544 1074 τῆς
3572 1001 3776 1064 εἰκόνος

2218 1129 2236 1162 ι
2272 1110 2472 1180 ταύτης
2501 1108 2590 1161 τὸν
2621 1104 2714 1159 τοῦ
2739 1102 2874 1157 Θεοῦ
2900 1103 3070 1170 Λόγον
3099 1099 3409 1171 ⁴Ινιξιιὶιθημεν
3434 1095 3657 1163 γνῶναι,
3688 1111 3776 1146 πι-

2219 1222 2237 1254 ι
2279 1199 2486 1254 στεύειν
2513 1196 2797 1268 ὀφείλομεν
2830 1192 2975 1263 αύτῷ
3004 1191 3082 1263 τῷ
3113 1191 3290 1260 Λόγῳ,
3319 1187 3410 1241 διὰ
3442 1187 3541 1258 τῆς
3573 1184 3776 1247 εἰκόνος

2219 1309 2237 1342 ι
2275 1291 2505 1360 λέγοντι,
2557 1288 2704 1358 Ἐγὼ
2741 1286 2839 1341 καί
2869 1290 2902 1340 ό
2929 1283 3132 1352 Πατὴρ
3155 1283 3225 1336 ἐν
3255 1282 3461 1350 ἐσμεν.
3495 1276 3636 1332 Οὔτε
3670 1275 3776 1347 γὰρ

2219 1403 2237 1436 ι
2273 1384 2362 1438 τὸν
2391 1382 2562 1452 Λόγον
2598 1378 2720 1433 οὔτε
2745 1378 2836 1432 τὸν
2866 1376 3083 1447 Πατέρα
3116 1374 3208 1428 τοῦ
3251 1373 3444 1441 Λόγου,
3471 1370 3649 1440 ῗχωρὶς
3682 1368 3778 1437 τῆς

2220 1497 2238 1530 ι
2275 1475 2480 1539 εἰκόνος
2521 1472 2724 1543 ταύτης
2756 1468 2956 1540 γνῶναί
2986 1485 3108 1521 τινα
3138 1464 3380 1519 δυνατόν.
3417 1481 3435 1513 ι
3481 1460 3586 1515 Καὶ
3623 1458 3779 1512 πάλιν

2216 1565 2484 1637 ἐπιφέρει·
2514 1582 2533 1616 ι
2567 1561 2724 1616 Οὓτω
2745 1560 2874 1630 γοῦν
2895 1559 2988 1612 καὶ
3005 1554 3366 1616 ὁἋπόστολός
3391 1569 3571 1623 φησιν,
3597 1549 3781 1620 ὥσπερ

2223 1678 2239 1709 ι
2273 1653 2698 1729 μικρῷιπρόσθεν
2710 1653 2935 1723 ἔφαμεν,
2953 1648 3282 1705 Ἐκένωσεν
3293 1645 3529 1705 ἑαυτὸν,
3547 1641 3784 1714 μορφὴν

2224 1770 2240 1800 ι
2277 1748 2501 1802 δούλου
2530 1745 2753 1809 λαϐὼν,
2803 1743 2892 1796 διὰ
2927 1742 3026 1811 τῆς
3075 1739 3286 1810 μορφῆς
3332 1735 3425 1788 τοῦ
3467 1733 3653 1786 δούλου
3684 1731 3782 1803 τὴν

554 1879 574 1912 ι
625 1824 911 1926 imaginem
954 1824 1069 1918 Dei,
1097 1869 1223 1908 vere
1256 1854 1432 1920 imago
1479 1824 1971 1905 ﬁebatrinvisibilis
2004 1845 2118 1900 Dei.

2238 1864 2244 1892 ι
2282 1837 2625 1910 ἀνθρωπίνην
2657 1837 2788 1906 ἡμῖν
2832 1833 3107 1904 σημαίνων
3139 1830 3334 1901 σάρκα,
3369 1827 3435 1898 ἢν
3463 1828 3491 1879 0
3522 1824 3784 1893 δεσπότης

557 1970 576 2002 ι
623 1949 756 2006 Nam
785 1950 828 2003 si
863 1962 957 2002 nos
985 1961 1081 2017 per
1111 1945 1402 2015 imaginem
1441 1944 1598 1997 istam
1627 1955 1695 1995 eo
1728 1953 1914 1995 sumus
1947 1936 2120 1992 evecti

558 2062 579 2096 ι
623 2041 920 2110 dignitatis,
953 2049 1010 2092 ut
1042 2037 1276 2092 Verbum
1316 2036 1410 2090 Dei
1459 2048 1787 2104 cognoscere
1833 2030 2117 2100 possimus,

559 2157 578 2187 ε
625 2135 801 2189 Verbo
833 2142 978 2186 certe
1012 2130 1115 2200 ipsi
1149 2129 1372 2184 credere
1411 2127 1671 2182 debemus
1703 2140 1800 2194 per
1830 2123 2122 2192 imaginem

560 2248 579 2280 ι
625 2225 910 2280 aﬂirmanti
939 2241 954 2278 :
981 2223 1095 2292 Ego
1133 2232 1181 2276 et
1216 2220 1378 2274 Pater
1409 2235 1573 2272 unum
1614 2233 1794 2272 sumus
1835 2216 1878 2248 ³⁸
1917 2214 2122 2284 Impos-

563 2338 582 2370 ι
632 2318 786 2373 sibile
815 2327 898 2372 est
924 2317 1088 2382 enim,
1123 2324 1182 2367 ut
1215 2313 1414 2383 absque
1441 2314 1542 2366 bac
1576 2310 1809 2378 imagine
1834 2308 2120 2377 quisquam

562 2427 580 2458 ι
625 2409 708 2461 vel
746 2405 1001 2470 Verbum,
1030 2404 1115 2459 vel
1176 2402 1336 2457 Verbi
1391 2400 1606 2455 Patrem
1660 2407 1973 2469 cognoscat.
2004 2415 2023 2448 ι
2061 2395 2126 2449 Et

558 2514 749 2554 rursus
781 2498 1018 2552 annectit
1049 2496 1140 2569 [IL
1177 2493 1464 2566 LXXXle
1497 2511 1510 2546 :
1537 2512 1555 2544 ι
1580 2491 2125 2560 Sicitaquepronun-

559 2593 660 2647 tiat
703 2590 1030 2660 Apostolus.
1075 2595 1132 2652 ἦέ
1174 2598 1233 2642 ιιι
1271 2587 1430 2658 paulo
1477 2584 1729 2655 superius
1769 2594 1854 2637 est
1891 2597 1922 2635 a
1969 2581 2125 2636 nobis

491 2759 495 2763 ι
558 2687 830 2755 positum:
858 2683 1165 2737 Exinauivit
1193 2681 1550 2750 semetipsum,
1586 2675 1722 2730 servi
1773 2675 1996 2742 formam
2033 2689 2123 2727 as-

557 2794 767 2832 sumens
790 2777 855 2829 ¹⁹.
893 2775 996 2829 Per
1049 2775 1190 2827 servi
1234 2771 1460 2826 formam
1498 2771 1785 2825 humanam
1823 2769 1976 2822 nobis
2006 2783 2127 2822 car-

560 2883 683 2922 nem
733 2867 1041 2936 signilicnt,
1083 2879 1244 2931 quam
1297 2862 1554 2916 Dominus
1595 2870 1781 2915 noster
1815 2859 1991 2925 Deus,
2029 2873 2125 2912 sua

560 2957 849 3012 ell'ormans
899 2954 1160 3021 sapientia
1185 2991 1202 3018 ,
1236 2953 1402 3006 dixit:
1425 2950 1711 3004 Faciamus
1747 2949 2006 3002 hominem
2059 2953 2126 3003 ad

559 3050 838 3119 imaginem
877 3056 1108 3099 nostram
1141 3055 1186 3098 et
1212 3044 1279 3096 ad
1319 3040 1716 3095 similitudinem
1738 3040 1803 3093 ³⁸.
1823 3039 1986 3094 Recte
2011 3055 2130 3094 car-

2227 1952 2245 1984 ι
2286 1931 2439 2003 ἡμῶν
2459 1930 2609 1993 Θεὸς,
2631 1930 2696 1998 τῇ
2721 1925 2915 1978 ἑαυτοῦ
2949 1922 3285 1977 διαπλάττων
3314 1917 3493 1988 σοφίᾳ,
3523 1917 3784 1981 Ποιήσω-

2228 2043 2246 2075 ι
2279 2041 2394 2094 μεν
2430 2022 2761 2090 ἄνθρωπον,
2797 2018 2924 2090 ἔφη,
2960 2014 3086 2070 κατ’
3123 2013 3328 2067 εἰκόνα
3360 2009 3651 2080 ἡμετέραν
3686 2009 3783 2062 καὶ

2230 2135 2248 2168 ι
2289 2115 2400 2187 (7⁸2)
2427 2114 2730 2183 ὁμοίωσιν,
2765 2110 2945 2173 καλῶς
2971 2109 3068 2180 τὴν
3102 2103 3443 2176 ἀνθρωπίνην
3471 2103 3648 2173 σάρκα
3674 2103 3787 2154 ὀνο-

2229 2229 2247 2261 (
2289 2209 2476 2280 μάζων
2515 2206 2719 2260 εἰκόνα.
2756 2205 2910 2275 ᾝδει
2970 2203 3078 2272 γὰρ
3140 2198 3416 2271 ἀκριϐῶς,
3484 2198 3567 2249 ὅτι
3625 2193 3786 2248 εἰκὼν

2230 2317 2249 2350 ι
2287 2297 2437 2351 ἔσται
2460 2295 2654 2368 μικρὸν
2683 2295 2796 2365 (75)
2817 2293 3039 2364 ὕστερον
3055 2290 3147 2344 τοῦ
3169 2288 3361 2343 ἑαυτοῦ
3377 2286 3570 2355 Λόγου.
3597 2304 3616 2336 ι
3637 2285 3788 2338 Μετὰ

2223 2391 2400 2445 ταῦτα
2438 2390 2692 2460 πειρᾶται
2721 2385 3168 2449 κατασκευάζειν,
3194 2383 3275 2435 ὅτι
3313 2379 3407 2434 καὶ
3433 2379 3516 2443 τὸ,
3553 2378 3653 2431 Ἐκ
3685 2393 3782 2445 ται

2226 2482 2409 2552 στρὸς
2451 2482 2564 2550 πρὸ
2594 2481 2900 2549 ἐωσςοόρου
2924 2473 3222 2547 ἐγέννησά
3255 2491 3347 2537 σε,
3386 2473 3512 2543 περὶ
3536 2471 3635 2540 τῆς
3662 2487 3792 2540 σαρο

2228 2576 2322 2640 κδς
2352 2575 2585 2644 ἐλέγετο.
2616 2572 2890 2645 Γράφειδὲ
2911 2572 3085 2633 οὓτως
3114 2569 3250 2640 (74)
3285 2566 3419 2638 ςξΔιὰ
3438 2563 3595 2617 τοῦτο
3615 2563 3792 2615 τοίνυν

2234 2688 2253 2721 t
2295 2667 2387 2722 τοῦ
2443 2667 2540 2738 τὴν
2586 2667 2798 2737 ἡμέραν
2845 2664 2874 2716 δ
2906 2661 3160 2735 ηλοῦντος
3185 2661 3274 2713 τοῑ
3311 2659 3536 2729 ἀστέρος
3586 2655 3793 2723 ἑωσφό-

2233 2780 2252 2813 ι
2292 2779 2384 2834 ρου
2409 2759 2514 2814 ὑπὸ
2534 2758 2628 2811 τοῦ
2654 2759 2928 2829 προφήτου
2951 2755 3114 2807 Δαϐἰδ
3135 2754 3358 2816 εἰκότως
3384 2748 3791 2821 ὀνομασθέντος,

2234 2871 2252 2903 ι
2290 2853 2389 2905 οὐκ
2413 2850 2490 2904 ἔτι
2517 2847 2794 2919 ζητεῖσθαι
2813 2847 3017 2900 δίκαιον
3037 2846 3129 2899 τὸν
3153 2845 3443 2915 ἑωσφόρον,
3472 2842 3553 2904 τίς
3576 2840 3638 2912 δή
3666 2855 3795 2892 ποτε

2235 2965 2254 2997 ι
2288 2944 2361 2998 ὢν
2387 2939 2538 3006 οὗτος
2563 2943 2845 3014 τυγχάνειο
2883 2935 3037 3004 οὗτος
3062 2939 3169 3010 γὰρ
3205 2934 3274 3010 ἦν
3306 2940 3334 2990 0
3357 2934 3655 3006 τηνικαῦτα
3695 2949 3798 3000 φα-

2235 3055 2253 3088 t
2291 3036 2400 3100 νεὶς
2433 3035 2607 3106 ἀστὴρ
2631 3034 2766 3104 (75),
2801 3035 2829 3086 0
2855 3032 3034 3104 φέρων
3058 3049 3119 3083 τε
3149 3031 3242 3083 καὶ
3269 3029 3440 3100 δηλῶν
3469 3028 3566 3099 τὴν
3587 3027 3798 3098 ἡμέραν

565 3155 689 3194 nem
718 3138 1030 3199 humanam,
1054 3135 1341 3205 imaginem
1363 3132 1676 3186 nominavit.
1706 3129 1848 3185 Bene
1870 3133 2012 3185 enim
2040 3148 2126 3186 no-

2238 3147 2256 3181 ι
2297 3131 2406 3192 τοῖς
2440 3129 2633 3199 μάγοις
2669 3126 2798 3197 (76).
2829 3124 3096 3196 Πρόδηλον
3122 3120 3214 3177 οὖν
3237 3123 3317 3186 τὸ,
3343 3122 3460 3190 Πρὸ
3491 3121 3797 3189 ἑωσφόρου

562 3233 640 3284 vit
670 3230 956 3299 imaginem
986 3243 1104 3282 esse
1154 3227 1296 3280 illam
1331 3225 1490 3280 Verbi
1520 3224 1626 3288 sui,
1655 3223 1811 3293 paulo
1851 3233 1971 3292 post
2000 3226 2128 3279 sub-

564 3324 742 3377 stitnri
766 3321 855 3395 [Β.
879 3319 1130 3391 XXVI].»
1158 3319 1416 3388 Deinceps
1452 3327 1678 3372 conatur
1711 3318 1960 3386 probare,
1985 3316 2126 3386 quod

567 3414 696 3469 illud
723 3432 738 3470 :
770 3413 842 3467 De
869 3425 1014 3466 utero
1037 3423 1158 3464 ante
1184 3409 1465 3478 luciferum
1498 3409 1655 3477 genui
1687 3421 1734 3461 te
1755 3409 1823 3471 “,
1865 3407 1929 3462 de
1966 3422 2130 3462 carne

567 3506 698 3560 item
731 3511 1047 3574 usurpatum
1078 3501 1172 3556 sit.
1208 3499 1475 3568 Loquitur
1519 3509 1701 3552 autem
1742 3499 1807 3552 ad
1841 3498 1983 3552 hunc
2017 3514 2131 3553 mo-

569 3597 694 3650 dum
730 3612 744 3648 :
787 3613 805 3644 ι
838 3594 1102 3662 Quocirca
1135 3608 1255 3646 cum
1283 3606 1312 3644 a
1349 3590 1547 3645 Davide
1589 3589 1897 3644 nominetur
1941 3589 2133 3645 lucifer

575 3708 595 3741 ι
635 3688 788 3744 stella
831 3688 949 3751 illa,
983 3703 1104 3756 qua:
1168 3686 1309 3740 diem
1378 3683 1626 3754 designat
1675 3683 2132 3752 appropinquare.

575 3801 594 3834 ι
643 3798 745 3836 non
777 3793 859 3836 est
882 3780 1107 3834 ulterius
1136 3777 1570 3847 disquirendum,
1595 3774 1826 3846 quisille
1850 3775 1921 3830 sit
1943 3773 2137 3828 lucifer

577 3893 596 3926 ι
637 3859 727 3943 qui
764 3872 1100 3941 intelligitur.
1129 3870 1261 3924 Erat
1291 3879 1346 3923 et
1371 3868 1517 3922 enim
1549 3868 1704 3922 stella
1736 3868 1826 3921 illa
1882 3874 2009 3921 tunc
2038 3882 2135 3936 ap-

579 3984 598 4018 ι
645 3981 866 4033 parens,
897 3979 1018 4017 cum
1055 3964 1196 4016 diem
1235 3974 1288 4016 et
1316 3961 1536 4016 aﬂ‘erret
1563 3971 1617 4015 et
1647 3961 1910 4014 indicaret
1940 3960 2134 4029 magis.

579 4075 597 4108 ι
648 4054 719 4110 Ut
762 4055 833 4109 sit
891 4052 1233 4107 manifestum
1298 4052 1448 4116 illud,
1473 4033 1612 4106 Ante
1669 4049 1948 4105 luciferum
1978 4049 2136 4120 genui

579 4166 598 4198 ι
651 4158 734 4204 te:
770 4154 1082 4213 usurpatum
1116 4144 1183 4196 ab
1207 4141 1559 4211 omnipotenti
1592 4143 1718 4202 Deo,
1751 4143 1817 4196 de
1847 4139 2024 4194 Verbo
2051 4139 2138 4194 illo

581 4257 600 4290 ι
645 4238 788 4307 quod
836 4237 1168 4290 nascebatur
1195 4248 1319 4287 cum
1351 4248 1518 4288 carne
1567 4234 1796 4287 humana
1828 4247 1924 4301 per
1961 4232 2139 4300 Virgi-

583 4349 602 4382 ι
650 4347 771 4383 nem
804 4345 818 4381 :
851 4328 1084 4396 idipsum
1135 4335 1434 4380 atleslante
1496 4319 1866 4394 evangelista.
1903 4327 2136 4392 primum

652 4444 861 4570 >143Ed.
887 4442 1081 4507 Paris.,
1111 4457 1230 4512 pag.
1264 4441 1354 4495 48.
1441 4439 1483 4471 ⁸⁷
1512 4439 1717 4495 Coloss.
1749 4455 1785 4502 ι,
1822 4437 1908 4490 lii.

652 4533 689 4570 ι.
721 4551 734 4565 .
758 4557 774 4570 .

577 4532 689 4583 Ctx,
721 4532 774 4572 ί).

2011 4438 2054 4470 ¹⁸
2073 4437 2228 4494 Jonn.
2261 4457 2314 4506 κ,
2341 4443 2432 4497 50.

2239 3236 2258 3268 ι
2294 3216 2590 3290 ἐγέννησὰ
2609 3233 2703 3281 σε,
2730 3215 2835 3269 ὑπὸ
2862 3215 2953 3268 τοῦ
2983 3214 3415 3285 παντοκράτορος
3444 3211 3690 3284 εἰρῆσθαι
3705 3212 3802 3262 Δε-

2239 3326 2258 3360 ι
2295 3308 2512 3371 σπότου,
2537 3310 2664 3380 περί¹
2687 3307 2780 3360 τοῦ
2801 3307 2889 3360 διὰ
2910 3308 3007 3378 τῆς
3036 3305 3307 3378 Παρθένου
3329 3305 3675 3375 γεννηθέντος
3703 3303 3800 3355 σὺν

2242 3420 2261 3452 ι
2294 3404 2360 3473 τῇ
2390 3400 2704 3473 ἀνθρωπίνῃ
2746 3401 2908 3471 σαρκὶ
2943 3399 3136 3467 Λόγου,
3166 3397 3349 3467 σαφῶς
3374 3396 3469 3450 καὶ
3515 3395 3669 3448 τοῦτο
3706 3394 3800 3447 τοῦ

2241 3513 2260 3545 ι
2301 3492 2630 3562 Εὑαγγελίου
2667 3492 3043 3562 σημαίνοντος,
3068 3490 3330 3561 πρότερον
3364 3490 3460 3559 μὲν
3490 3488 3580 3541 τὸν
3598 3488 3804 3539 Δεσπό-

2244 3603 2262 3636 ι
2300 3601 2400 3655 την
2432 3582 2586 3654 ἡμῶν
2617 3582 2706 3636 διὰ
2735 3583 2832 3652 τῆς
2867 3581 3142 3652 Παρθένου
3176 3578 3446 3651 τετέχθαι,
3493 3579 3714 3650 ὓστερον
3743 3578 3803 3630 δὲ

2245 3695 2264 3727 ι
2298 3675 2390 3728 τόν
2427 3675 2630 3748 ἀστέρα
2663 3677 2915 3746 φανῆναι,
2948 3675 3039 3728 τὸν
3071 3675 3168 3745 τὴν
3204 3675 3414 3746 ἡμέραν
3439 3672 3737 3726 δεικνύντα.
3779 3692 3798 3722 ι

2253 3770 2374 3824 Ἐπὶ
2403 3768 2611 3833 τούτοις
2637 3771 2838 3840 προῖὼν
2867 3768 3024 3834 αὖθις
3050 3768 3306 3836 ἐπιλέγει·
3345 3788 3362 3819 ι
3383 3767 3617 3837 Είληφεν
3644 3767 3750 3836 γὰρ
3775 3765 3807 3816 0

2245 3882 2265 3915 ι
2301 3864 2584 3934 ἄνθρωπος
2612 3865 2671 3916 ού
2725 3865 2882 3934 μόνον
2919 3865 3016 3934 τὴν
3062 3863 3154 3915 ὲπὶ
3188 3862 3291 3931 γῆς
3323 3859 3428 3914 τῶν
3468 3861 3806 3930 πραγμάτων

2247 3973 2265 4005 ι
2307 3955 2572 4022 ἐξουσίαν,
2605 3954 2742 4008 ἀλλά
2777 3957 2869 4008 καὶ
2901 3955 3006 4008 τῶν
3040 3957 3096 4007 ὲν
3129 3955 3395 4025 οὐρανοῖς.
3431 3952 3707 4015 Εἰκότωςο
3754 3951 3807 4002 εἰ

2247 4065 2267 4098 ι
2308 4048 2416 4118 γὰρ
2443 4049 2530 4101 ὅτε
2565 4049 2659 4102 καὶ
2692 4047 2973 4120 ἄνθρωπος
3010 4046 3247 4115 ἐγένετο,
3279 4047 3373 4099 καὶ
3411 4045 3634 4116 μεσίτης
3671 4043 3807 4096 Θεοῦ

2249 4161 2269 4191 ι
2310 4141 2404 4192 καὶ
2434 4138 2754 4211 ἀνθρώπων,
2789 4138 2910 4191 τότε
2953 4139 3032 4200 εἰς
3064 4138 3222 4192 αὐτὸν
3257 4136 3476 4208 ἐκτίσθη
3509 4136 3579 4190 τὰ
3612 4137 3808 4198 πάντα,

2249 4251 2268 4282 ι
2311 4232 2386 4295 ὡς
2415 4231 2518 4302 ἔφη
2541 4235 2570 4285 0
2607 4230 2943 4293 Ἀπόστολος,
2971 4229 3040 4284 τά
3063 4247 3122 4282 τε
3151 4231 3208 4282 ὲν
3232 4229 3478 4300 οὐρανοῖς
3503 4228 3597 4281 καὶ
3628 4228 3697 4282 τὰ
3718 4227 3812 4280 ἐπὶ

2251 4343 2269 4375 ι
2307 4323 2410 4394 γῆς
2435 4324 2726 4378 ἀκόλουθόν
2754 4324 2902 4376 ἐστιν
2942 4322 3186 4394 ἀκριϐῶς
3212 4321 3522 4390 γινώσκειν,
3549 4321 3632 4374 ὅτι
3654 4318 3811 4383 ἐξουσ-

2540 4442 2586 4479 ¹⁶
2603 4441 2796 4510 Philip.
2823 4457 2882 4508 ιι,
2914 4439 2966 4494 7.
3072 4439 3116 4470 ²⁰
3150 4437 3287 4493 Gen.
3326 4453 3366 4502 ι,
3400 4436 3488 4493 26.
3597 4434 3641 4467 “
3669 4432 3809 4487 Psal.

653 4746 764 4818 (7|)
789 4746 913 4800 Ἵνα
941 4743 1039 4798 διὰ
1057 4742 1162 4797 τοῦ
1186 4740 1464 4818 deprime.
1482 4742 1552 4818 At
1570 4740 1679 4818 hoc
1693 4739 2024 4818 impossibile
2044 4751 2118 4818 est

2252 4752 2366 4818 tum
2393 4743 2445 4794 in
2478 4739 2650 4818 lucem
2682 4738 3025 4818 Servatorem
3056 4735 3426 4818 apparuerit?“
3442 4731 3629 4818 statuit
3667 4731 3812 4785 enim

583 4830 636 4874 et
660 4809 952 4871 absurdum
981 4827 1036 4868 ut
1071 4830 1166 4882 per
1185 4809 1473 4873 invisibile,
1504 4811 1714 4882 visibile
1745 4817 2024 4865 cernatnl‘.
2058 4809 2148 4865 Li-

585 4889 800 4944 brarius
829 4900 940 4939 rem
994 4895 1048 4937 et
1074 4881 1264 4946 verba,
1293 4883 1644 4951 transposuit.
1693 4881 2024 4949 Legeudum,
2060 4882 2148 4935 ἵνα

582 4956 774 5012 διάτοῦ
796 4953 990 5027 ὁρατοῦ
1013 4955 1073 5007 τὸ
1099 4953 1326 5027 ἀόρατον
1357 4951 1635 5027 φαίνηται.
1659 4951 1973 5027 _M.——_Porro
1993 4951 2149 5020 vulgo

585 5027 797 5098 ἀληθῶς
822 5021 921 5098 τοῦ
947 5027 1067 5098 ἀορ.
1102 5021 1238 5098 θ.ἰιι
1265 5023 1451 5091 ὠφειλ.
1495 5021 1550 5076 et
1582 5021 1692 5090 ἐγὼ
1735 5022 1828 5074 καὶ
1865 5037 1926 5074 π.
1971 5031 2026 5076 et
2064 5039 2149 5076 τιν

588 5094 700 5169 (γρ.
728 5097 840 5169 τιςινίΔ
862 5097 990 5169 hip.)
1018 5094 1259 5169 δυνατόν.

659 5164 773 5235 (72)
803 5164 974 5235 Vulgo
1003 5164 1123 5216 καθ’
1152 5166 1240 5233 όμ.

662 5230 772 5307 (75)
803 5233 995 5288 Εικών
1012 5236 1143 5287 ἐστι
1165 5230 1407 5307 μικρόν·ἑ
1439 5231 1670 5307 Legend.
1700 5230 1871 5307 ἔσται.
1907 5230 2149 5307 Prophe-

592 5302 697 5362 tice
716 5302 858 5361 enim
881 5307 1082 5359 dictum
1114 5307 1279 5357 voluit
1307 5306 1356 5356 in
1377 5302 1682 5358 Proverbiis
1711 5304 1852 5356 istud
1886 5318 1900 5354 :
1929 5305 2068 5356 unde
2096 5315 2152 5356 et

592 5377 932 5435 Salomonem
957 5384 1111 5427 vocat
1133 5376 1448 5442 praplietam
1475 5372 1640 5442 Mont.
1679 5372 1752 5424 Μ.

663 5445 774 5517 (74)
808 5445 974 5517 Vulgo
995 5442 1147 5517 λέγει
1159 5443 1214 5496 δὲ
1236 5440 1382 5498 οὕτω
1408 5455 1460 5495 et
1481 5441 1770 5517 δηλοῦντος
1785 5441 1889 5517 Δτοῦ
1923 5440 2046 5517 ἀστ.

664 5512 775 5586 (75)
814 5515 876 5568 '0
905 5512 1228 5586 τηνικαῦτα
1268 5519 1476 5584 φανεὶς
1509 5512 1722 5586 ἀστήρ.
1753 5514 1896 5567 Nova
1930 5514 2151 5586 estlmc

595 5581 992 5655 interpretatio,
1049 5581 1355 5655 Luciferum
1394 5586 1448 5638 in
1502 5581 1959 5655 psal.'c1x._esse
2004 5581 2148 5655 illam

595 5651 829 5720 stellam,
853 5657 977 5724 quia
1009 5658 1106 5709 via:
1133 5655 1238 5708 dux
1278 5654 1452 5708 fuerat
1484 5651 1655 5722 magis
1689 5657 1755 5706 ad
1791 5653 2062 5707 Christum
2095 5651 2146 5724 in

593 5719 927 5784 Bethlehem.
969 5725 1118 5791 Quod
1167 5728 1385 5778 omnino
1427 5719 1677 5791 supponit
1707 5733 1764 5776 ut
1807 5732 2043 5784 certum,
2096 5719 2148 5772 id

776 6007 1040 6314 Χ

2251 4813 2337 4866 hic
2368 4811 2700 4879 apparuisse.
2733 4837 2802 4852 —-—
2831 4808 2901 4861 M.
2939 4809 3066 4861 Dein
3093 4803 3467 4879 'vulgoﬁnlé‘w
3503 4803 3734 4879 ἡμέραν.

2322 4819 3066 4952 ξτῗςῗνῖἓὲἓῗῗάτὲῖςνρἴξὲῗ
3087 4819 3816 4952 εἷέῗὲῗιῗὲἒέιῗιμίίέῗξῗῖἀε.-

2251 4944 2340 5006 set
2366 4944 2636 5007 ordinaria
2671 4966 2684 5002 :
2711 4944 2824 5013 Ξιιιι,
2858 4949 2997 5015 quod
3030 4947 3165 5016 ipse,
3195 4946 3343 4999 solus
3368 4945 3554 5005 credo,
3587 4944 3812 5016 ait_cnm

2249 5022 2523 5092 Gregorio
2542 5009 2820 5092 Nysseno,
2845 5009 3024 5092 caeteri
3050 5009 3250 5092 omnes
3281 5017 3632 5069 dissentiunt.
3666 5009 3816 5092 quu-

2250 5083 2411 5162 quanl
2443 5083 2603 5162 enim'
2634 5091 2784 5156 prius
2814 5089 2948 5150 visa,
2976 5102 3074 5140 nec
3117 5087 3184 5139 ab
3231 5102 3296 5162 eo
3336 5095 3598 5154 tempore,
3630 5083 3816 5162 obser:

2251 5150 2373 5215 vata
2405 5161 2546 5229 quod
2573 5150 2715 5212 motu
2747 5169 2888 5210 mota
2921 5173 2971 5209 In
3002 5172 3210 5226 gyrum,
3252 5150 3486 5229 horsum
3506 5167 3714 5229 versum
3747 5150 3816 5229 ad

2251 5221 2612 5287 occidentem.
2668 5229 2820 5293 Quod
2868 5221 3098 5280 interdiu
3159 5229 3294 5285 visa.
3346 5227 3488 5293 quod
3529 5221 3818 5293 aliquando

2254 5315 2350 5370 per
2371 5301 2494 5370 dies
2521 5292 2782 5370 quosdam
2823 5298 3090 5370 occultata
3113 5315 3127 5350 :
3159 5297 3298 5363 quod
3325 5292 3702 5370 uni_alicui_de
3728 5304 3815 5342 re-

2254 5363 2415 5437 liquis
2445 5363 2634 5432 SIel‘lis,
2685 5369 2802 5420 sine
2846 5367 3108 5431 miraculo
3140 5381 3247 5419 non
3284 5363 3814 5437 potuit‘contingere,

2254 5429 2344 5492 aut
2365 5448 2422 5490 ut
2442 5437 2564 5490 huic
2595 5429 2806 5491 muneri
2829 5446 2883 5490 et
2913 5429 3090 5490 oﬂicio
3114 5429 3419 5490 inserviret.
3458 5434 3576 5486 Ideo
3601 5429 3818 5497 quidam

2256 5519 2520 5561 cometam
2551 5507 2700 5559 aiunt
2718 5524 2731 5560 :
2747 5507 2838 5560 alii
2854 5508 3122 5576 angelum,
3149 5506 3409 5573 Spiritum
3430 5496 3818 5576 salictum_ali;,

2255 5578 2344 5631 alii
2374 5592 2554 5630 veram
2575 5577 2806 5642 stellam,
2839 5566 3008 5631 sed'in
3047 5566 3271 5630 nihilum
3302 5574 3616 5642 resolutam.
3652 5566 3823 5642 ῥίς-

2256 5646 2397 5716 infra
2422 5648 2579 5716 vulgo
2599 5634 2878 5716 ἐκτίσθαις
2903 5647 2947 5701 R
2965 5645 3208 5716 ἔκτισται
3231 5661 3245 5710 ;
3265 5643 3560 5716 deinvulgo
3584 5637 3674 5716 ἐπὶ
3697 5634 3822 5715 γῆξ,

2256 5705 2609 5840 ἓιλλέγῃξθ(
2645 5705 2876 5800 διάΙτοῦ
2927 5715 3062 5770 Θεοῦ
3122 5705 3241 5773 sil.
3268 5724 3323 5770 et
3378 5705 3682 5784 ὑπερὸολὴν
3726 5705 3824 5776 τῆς
