4158 6390
355 397 460 456 809

1467 394 1750 453 CONTRA
1787 394 2215 452 MARCELLUM
2254 397 2383 452 LIB.
2422 395 2487 451 Il.

3471 400 3575 456 8I0

358 535 380 570 t
419 514 510 571 σία
538 513 600 568 ού
636 511 794 585 μόνον
818 514 926 565 τῶν
955 510 1047 565 ἐπὶ
1079 511 1202 582 γῆς,
1239 511 1406 582 αὐτῷ,
1437 513 1571 567 ἀλλά
1599 517 1694 569 καὶ
1719 516 1827 568 τῶν
1857 516 1915 570 ὲν

2030 534 2043 568 ι
2088 515 2155 571 de
2211 514 2428 584 Virgine
2485 514 2772 570 Dominum
2830 527 3077 573 nostrum
3126 529 3474 588 generatum,
3523 532 3583 582 et

359 627 380 664 t
417 608 663 681 οὐρανοῖς
689 605 916 659 δέδοται.
965 605 1073 658 Καὶ
1119 600 1272 668 αὖθις
1315 604 1432 675 μεθ’
1474 606 1636 677 ἕτερα
1678 609 1874 677 ἐπάγει
1899 627 1913 642 ο

359 715 379 750 ι
415 696 476 750 Εἰ
513 695 619 766 γὰρ
648 694 774 765 περί
803 712 947 758 τινος
976 695 1132 766 δόξης
1177 695 1422 766 δοθείσης
1462 697 1609 768 αύτῷ
1638 699 1787 771 παρὰ
1823 700 1918 753 τοῦ

359 809 379 844 ι
413 790 624 861 Πατρός
666 788 726 841 τὸ
757 788 900 859 ἱερὸν
942 787 1271 857 Εύαγγέλιον
1320 787 1488 857 λέγει,
1535 789 1736 861 ταύτην
1762 795 1790 845 6
1822 793 1917 846 ἀν-

360 880 629 952 (ιιθρωπος
657 879 743 933 διὰ
767 878 860 931 τοῦ
888 866 1060 946 Λόγου
1101 875 1337 948 είληφὼς
1369 877 1641 947 φαίνεται.
1678 879 1920 951 Μεσίτης

360 989 379 1024 ι
414 970 524 1040 γὰρ
560 969 862 1040 γενόμενος,
894 967 1035 1021 κατά
1078 967 1168 1021 τὸν
1205 967 1346 1038 ἱερὸν
1404 968 1742 1034 Ἀπόστολον,
1785 969 1918 1024 Θεοῦ

359 1079 380 1114 t
420 1077 480 1113 τε
510 1061 602 1113 καὶ
629 1057 946 1130 ἀνθρώπων,
979 1059 1044 1129 τῇ
1078 1056 1290 1126 δοθείσῃ
1328 1057 1478 1127 αύτῷ
1511 1058 1659 1127 παρά
1685 1057 1779 1111 τοῦ
1809 1059 1921 1113 Πα-

360 1168 380 1202 t
419 1151 545 1223 τρὸς
588 1150 713 1221 δόξῃ
750 1151 874 1212 τοὺς
919 1148 1189 1212 θεοσεϐεῖς
1226 1149 1474 1214 ἐδόξασεν
1519 1147 1854 1221 ἀνθρώπουςδ
1895 1168 1914 1201 ι

353 1242 464 1297 Καὶ
495 1241 652 1294 πάλιν
695 1239 1015 1311 προστίθησι
1055 1240 1243 1294 ταῦτα’
1280 1259 1298 1290 ι
1339 1241 1447 1294 Kal.
1475 1240 1673 1310 ἠξίωσε
1703 1242 1794 1294 τὸν
1826 1259 1923 1294 πε-

359 1353 378 1385 (
419 1333 578 1386 σόντα
602 1333 690 1387 διὰ
713 1334 813 1403 τῆς
855 1335 1138 1404 παρακοῆς
1166 1332 1448 1403 ἄνθρωπον
1487 1335 1566 1405 τῷ
1605 1335 1795 1388 ἑαυτοῦ
1834 1335 1922 1390 διὰ

360 1445 378 1478 t
409 1427 508 1498 τῆς
533 1426 810 1498 Παρθένου
847 1426 1181 1497 συναφθῆναι
1211 1427 1385 1496 Λόγῳ.
1423 1427 1556 1480 Ποία
1585 1427 1690 1499 γὰρ
1724 1431 1782 1482 έν
1823 1430 1922 1482 ἀν-

359 1534 379 1570 t
420 1515 657 1588 θρώποις
704 1511 867 1588 ἑτέρα
901 1515 1100 1587 μείζων
1127 1515 1253 1580 δόξα
1295 1515 1489 1584 γένοιτ’
1521 1517 1586 1571 ἂν
1615 1515 1729 1588 ’τῆς
1765 1517 1922 1588 δόξης

360 1627 379 1662 t
415 1607 654 1680 ταύτης;
686 1608 868 1662 Εἰπὼν
891 1609 968 1673 δὲ,
997 1610 1097 1673 ὅτι,
1129 1608 1392 1674 ἐδόξασὰ
1416 1626 1509 1676 σε,
1543 1611 1791 1683 ἐπιφέρει
1831 1611 1921 1664 λέ-

359 1719 379 1755 t
413 1717 525 1771 γων
545 1719 558 1730 ·
586 1701 683 1755 καί
709 1701 896 1756 πᾶλιν
920 1702 1179 1768 δοξάσω,
1209 1704 1294 1756 ἵνα
1318 1704 1384 1756 δι’
1415 1703 1716 1777 ὑπερϐολὴν
1743 1704 1923 1774 φιλαν-

357 1811 379 1844 ι
416 1793 679 1866 θρωπίας,
723 1795 781 1847 ὲν
819 1798 884 1866 τῇ
931 1795 1068 1866 μετὰ
1101 1796 1198 1865 τὴν
1244 1796 1536 1849 ἀνάστασιν
1581 1798 1680 1869 τῆς
1719 1796 1921 1868 σαρκὸς

2024 624 2043 658 ι
2092 606 2351 673 deinceps
2389 614 2564 659 ortum
2609 605 2775 660 fuisse
2824 606 3104 662 luciferum
3133 608 3224 676 qui
3255 609 3397 664 diem
3439 613 3583 669 indi-

2025 717 2043 750 ‹
2088 708 2236 753 caret
2298 697 2400 769 [Β.
2439 698 2644 771 XCIV].
2676 717 2696 751 ι
2742 698 3065 769 Progressus
3123 701 3300 755 adhuc
3351 703 3582 764 ulterius

2019 788 2121 843 ista
2176 789 2459 857 loquitur:
2495 807 2514 840 ‹
2548 789 2797 860 Suscepit
2843 793 2987 846 enim
3030 793 3191 848 homo
3236 811 3342 851 non
3403 799 3581 856 solum

2023 899 2042 933 ι
2086 890 2407 950 potestatem
2454 895 2634 934 rerum
2676 894 2864 936 earum
2910 897 3029 950 quae
3071 883 3124 937 in
3165 895 3308 940 terra
3341 886 3578 958 fuerant,

2023 990 2044 1023 ι
2087 972 2182 1026 sed
2219 982 2274 1028 et
2311 972 2475 1027 etiam
2507 986 2628 1042 quae
2664 973 2717 1026 in
2760 971 2933 1028 caelis.
2960 971 3069 1030 Nec
3115 974 3333 1044 injuria.
3366 977 3502 1035 Nam
3532 980 3582 1038 si

2024 1081 2045 1116 ι
2090 1074 2203 1119 tum
2252 1080 2372 1120 cum
2435 1066 2598 1120 homo
2657 1064 2829 1132 lleret,
2880 1075 2936 1120 et
2977 1068 3068 1122 Dei
3115 1070 3381 1125 mediator
3419 1081 3585 1143 atque

2026 1173 2045 1207 ι
2092 1155 2395 1220 hominum,
2421 1171 2518 1224 per
2547 1169 2668 1209 eum
2700 1165 2754 1210 et
2795 1156 2848 1210 in
2882 1171 2946 1211 eo
2975 1159 3156 1212 omnia
3187 1173 3368 1216 creata
3401 1172 3582 1230 erant,

2027 1263 2045 1298 ι
2091 1255 2148 1298 ut
2173 1247 2370 1300 asserit
2405 1245 2693 1314 Apostolus
2717 1285 2733 1308 ,
2764 1261 2990 1316 quaeque
3033 1249 3086 1303 in
3119 1251 3272 1306 caelis
3317 1262 3494 1318 erant,
3529 1265 3596 1309 et“

2027 1354 2047 1388 ι
2090 1351 2211 1405 ηοω
2245 1337 2298 1390 in
2331 1345 2474 1390 terra
2498 1338 2564 1401 ",
2596 1351 2935 1407 consequens
2972 1350 3056 1395 est
3085 1351 3279 1396 etacte
3303 1344 3584 1399 sciendum

2027 1446 2046 1480 ι
2091 1443 2233 1494 esse,
2287 1437 2612 1497 potestatem
2651 1430 2700 1484 ei
2749 1445 3064 1486 concessam
3098 1447 3202 1487 non
3253 1444 3456 1489 tantum
3493 1451 3588 1491 eo-

2028 1537 2048 1571 ι
2090 1535 2206 1574 rum
2238 1535 2357 1590 quae
2411 1523 2462 1576 in
2509 1525 2691 1587 terris,
2745 1522 2840 1577 sed
2878 1525 3038 1576 etiam
3075 1532 3130 1578 et
3171 1540 3291 1593 quae
3321 1527 3374 1581 in
3431 1528 3587 1584 crelis

2028 1631 2046 1664 ι
2094 1619 2271 1667 erant.
2330 1613 2386 1668 Si
2447 1612 2685 1684 loquitur
2768 1625 3172 1670 sacrosanctum
3233 1617 3582 1690 Evangelium

2027 1719 2045 1752 ι
2093 1701 2160 1756 de
2209 1701 2386 1770 aliqua
2437 1702 2510 1756 illi
2567 1716 2592 1754 a
2639 1699 2802 1756 Patre
2854 1717 3112 1759 concessa
3163 1707 3378 1776 gloria,
3441 1711 3588 1766 hanc

2029 1811 2046 1842 ι
2090 1803 2241 1847 certe
2307 1810 2401 1862 per
2453 1793 2622 1847 Deum
2676 1793 2836 1847 homo
2887 1797 3224 1851 convincitur
3289 1801 3584 1871 accepisse.

359 1903 377 1936 ι
413 1861 637 1956 δευτέρα
659 1885 784 1958 δόξῃ
825 1861 1210 1956 τδννπρότερον
1243 1885 1434 1955 θνητὸν
1478 1861 1763 1958 ἄνθρωπον
1791 1861 1924 1940 ἀθά-

2030 1902 2048 1936 ι
2095 1861 2606 1952 Εἰιοιιιείείηιιίαειη
2635 1923 2653 1949 ,
2716 1895 2777 1941 ut
2825 1897 3047 1941 sanctus
3091 1889 3207 1943 vult
3271 1861 3586 1960 Aposiolus,

359 1995 377 2028 ι
415 1994 572 2032 νατον
588 1977 986 2048 ἀπεργάσηται,
1005 1978 1097 2029 καὶ
1119 1977 1354 2050 τοσαύτῃ
1377 1978 1534 2032 αὐτὸν
1556 1977 1752 2050 δοξάσῃ
1775 1977 1921 2050 δόξῃ,

357 2085 376 2118 t
420 2067 558 2120 ὥστε
597 2068 670 2139 μὴ
705 2069 862 2139 μόνον
896 2069 1055 2121 αὑτὸν
1088 2069 1188 2138 τῆς
1223 2069 1495 2140 προτέρας
1541 2069 1922 2140 ἀπαλλαγῆναι

360 2175 378 2209 ι
417 2157 678 2221 δουλείας,
708 2159 840 2211 ἀλλά
869 2160 963 2212 καὶ
999 2160 1098 2230 τῆς
1131 2160 1272 2232 ύπὲρ
1306 2160 1588 2230 ἄνθρωπον
1625 2161 1924 2230 ἀξιωθῆναι

361 2268 379 2301 ι
416 2249 592 2321 δόξης.
631 2269 650 2302 ι
689 2252 796 2304 Kal.
829 2247 983 2315 αὖθις
1009 2253 1270 2321 ἐπιλέγειο
1308 2271 1327 2305 ‹
1356 2254 1493 2318 Ἵνα,
1521 2255 1597 2317 ὡς
1623 2254 1778 2327 ἔφην,
1820 2255 1925 2308 ὑπὸ

363 2357 382 2392 t
421 2340 514 2394 τοῦ
544 2340 789 2395 διαϐόλου
819 2343 1169 2413 άπατηθέντα
1201 2345 1464 2416 πρότερον
1500 2342 1590 2398 τὸν
1618 2346 1922 2418 ἄνθρωπον,

364 2452 382 2483 ι
420 2433 584 2486 αὑτὸν
605 2430 758 2498 αὖθις
783 2439 1001 2507 νικῆσαι
1025 2437 1115 2490 τὸν
1138 2437 1378 2497 διάὸολον
1401 2440 1927 2513 παρασκευάσῃ.Διὰ

364 2542 383 2575 t
417 2523 576 2578 τοῦτο
593 2524 850 2597 ἀνείληφε
868 2529 961 2580 τὸν
992 2528 1297 2599 ἄνθρωπον,
1315 2530 1400 2584 ἵνα
1421 2530 1725 2594 ἀκολούθως
1737 2531 1926 2587 τοῦτον

364 2636 385 2668 t
422 2618 674 2690 ἀπαρχὴν
697 2619 797 2690 τῆς
824 2619 1068 2684 ἐξουσίας
1092 2621 1422 2693 παραλαϐεῖν
1454 2623 1863 2698 παρασκευάσῃ.
1899 2643 1920 2678 ι

358 2708 468 2762 Καὶ
493 2709 846 2780 προστίθησιν
875 2710 951 2763 ἔτι
982 2711 1174 2779 λέγων·
1207 2727 1224 2764 t
1256 2708 1421 2775 Οὗτος
1446 2713 1554 2784 γάρ
1581 2715 1725 2766 ἐστιν
1749 2715 1776 2766 6
1798 2715 1928 2783 ἀγα-

363 2818 383 2851 (
419 2800 623 2870 πητὸς,
666 2803 694 2854 6
729 2801 806 2872 τῷ
836 2803 993 2873 Λόγῳ
1026 2802 1246 2866 ὲνωθεὶς
1279 2803 1581 2874 ἄνθρωπος,
1629 2807 1756 2876 περὶ
1794 2801 1854 2862 οὗ
1896 2807 1925 2860 6

2029 1994 2048 2028 ι
2096 1975 2190 2029 Dei
2225 1976 2492 2029 mediator
2543 1983 2707 2044 atque
2756 1977 3035 2032 hominum
3055 1978 3122 2040 ”,
3167 1979 3313 2034 viros
3357 1981 3473 2049 pios
3523 1997 3590 2037 ea

2029 2085 2048 2119 ι
2090 2067 2258 2137 gloria
2288 2066 2625 2136 gloriﬁcavit,
2661 2081 2822 2135 quam
2879 2068 2981 2136 ipsi
3027 2069 3323 2126 donaverat
3355 2071 3535 2129 Pater.
3564 2092 3584 2125 ι

2025 2159 2092 2213 Et
2123 2159 2274 2212 addit
2312 2173 2498 2212 rursus
2539 2157 2632 2230 [Β.
2659 2157 2840 2231 XCVI]
2884 2177 2897 2214 ι
2937 2179 2956 2211 ι
2987 2161 3051 2215 Et
3093 2161 3409 2233 dignitatem
3443 2164 3589 2219 illam

2029 2268 2049 2302 ι
2095 2249 2296 2304 homini
2349 2263 2447 2320 per
2501 2259 2783 2318 peccatum
2839 2251 2991 2322 lapso
3043 2255 3350 2318 concessit,
3395 2264 3455 2309 ut
3492 2271 3591 2310 suo

2032 2360 2052 2393 ι
2100 2342 2270 2410 ipsius
2297 2341 2473 2396 Verbo
2501 2356 2597 2410 per
2623 2341 2898 2411 Virginem
2931 2345 3195 2399 uniretur.
3233 2344 3416 2414 Ecqua
3443 2347 3591 2402 enim

2031 2451 2052 2487 ι
2095 2433 2200 2489 alia
2243 2433 2410 2488 haccc
2455 2433 2632 2502 major
2663 2432 2833 2502 gloria
2874 2435 3018 2488 inter
3047 2436 3298 2491 homines
3326 2437 3594 2505 praedica-

2031 2545 2052 2578 ι
2100 2526 2224 2580 tur?
2248 2525 2382 2580 Cum
2421 2525 2646 2580 dixisset
2675 2525 2968 2595 gloriﬁcavi
2989 2539 3057 2590 te,
3090 2525 3276 2592 infert,
3307 2537 3358 2580 et
3397 2529 3590 2582 iterum

2033 2635 2052 2669 ε
2097 2616 2474 2688 gloriﬁcabo“
2521 2625 2629 2671 :ut
2689 2633 2754 2672 ex
2811 2617 3074 2673 immensa
3133 2634 3229 2672 sua
3283 2619 3594 2674 misericor-

2033 2727 2052 2762 ‹
2099 2711 2224 2776 dia,
2293 2711 2347 2763 in
2401 2711 2637 2764 secunda
2699 2717 2822 2779 post
2888 2710 3072 2764 carnis
3137 2710 3592 2764 resurrectionem

2033 2821 2052 2854 ι
2100 2801 2304 2872 gloria,
2389 2802 2663 2856 hominem
2744 2801 2896 2872 prius
2976 2800 3260 2855 mortalem
3340 2802 3595 2856 redderet

364 2893 809 2974 ηεὺαγγελιστὴς
849 2893 985 2964 ἔφη·
1038 2891 1225 2960 Οὗτός
1271 2897 1440 2949 ἐστιν
1487 2899 1520 2949 ὀ
1571 2898 1700 2960 Υἱός
1740 2914 1858 2965 μου
1893 2900 1924 2951 d

2032 2912 2052 2945 ι
2097 2891 2483 2960 immortalem,
2513 2903 2568 2948 et
2599 2902 2744 2948 tanta
2775 2892 2924 2947 illum
2952 2892 3121 2962 gloria
3155 2891 3506 2959 gloriﬁcaret,
3527 2899 3590 2956 >3

361 3003 382 3038 ‹
419 2985 744 3056 ἀγαπητὸς,
765 2988 834 3040 ἐν
863 2981 911 3053 ᾧ
936 2987 1259 3056 εὐδόκησα.
1292 3006 1310 3038 ›
1334 2990 1441 3042 Kal.
1469 2986 1622 3052 αὖθις
1655 2990 1922 3060 ἐπιφέρειο

2033 3001 2053 3036 ι
2095 2993 2151 3038 ut
2171 2999 2273 3038 non
2293 2986 2452 3038 modo
2484 2985 2744 3038 servitute
2767 2984 2932 3054 priori
2959 2984 3218 3037 liberetur
3241 3023 3256 3046 ,
3282 2984 3374 3038 sed
3406 2984 3597 3054 majori

363 3091 384 3126 ι
423 3074 543 3127 Ὅτι
575 3076 604 3127 6
627 3066 793 3142 Λόγος
822 3075 913 3127 τοῦ
946 3076 1177 3146 ἀοράτου
1206 3077 1341 3131 Θεοῦ
1387 3077 1474 3130 διὰ
1508 3079 1782 3149 Παρθένου
1812 3080 1923 3150 (77)

2032 3095 2052 3127 ι
2094 3076 2260 3147 gloria
2301 3077 2564 3130 vestiatur
2593 3091 2756 3147 quam
2791 3075 2970 3144 capiat
3001 3075 3181 3128 homo.
3204 3093 3223 3126 ι
3275 3073 3340 3128 Et
3374 3075 3595 3139 iterum,

365 3181 385 3215 ι
420 3162 777 3232 τεχθήσεσθαι
823 3163 1035 3235 ἔμελλε,
1068 3165 1161 3219 καὶ
1191 3164 1288 3236 τὴν
1327 3166 1671 3237 ἀνθρωπίνην
1721 3166 1922 3236 ἀναλήν

2030 3169 2118 3242 [Β.
2143 3168 2378 3241 XCVII]:
2401 3188 2419 3220 ι
2444 3169 2510 3223 Ut
2534 3169 2802 3223 hominem
2819 3167 2966 3221 illum
2987 3168 3175 3236 priusa
3200 3165 3412 3220 diabolo
3436 3178 3601 3233 supe-

366 3271 385 3304 t
416 3252 610 3324 ψεσθαι
634 3255 831 3327 σάρκα.
861 3258 969 3310 Καὶ
995 3258 1080 3310 ἵνα
1102 3255 1169 3310 δι’
1186 3258 1354 3328 αὐτῆς
1382 3258 1474 3310 τὸν
1508 3259 1769 3329 πρότερον
1796 3276 1924 3312 κατ-

2031 3281 2052 3315 ι
2100 3273 2298 3326 ratum,
2353 3261 2616 3315 victorem
2646 3259 2847 3314 diaboli
2887 3258 3262 3313 constitueret.
3309 3256 3594 3312 Hominem

365 3362 385 3396 ι
428 3344 717 3416 ισχύσαντα
777 3346 867 3400 τοῦ
915 3347 1204 3420 ἀνθρώπου
1262 3349 1505 3402 διάϐολον
1555 3349 1924 3418 καταγωνισά-

2031 3374 2051 3409 ‹
2097 3355 2302 3410 idcirco
2327 3357 2381 3407 in
2418 3368 2477 3408 se
2502 3351 2830 3422 assumpsit,
2857 3361 2918 3405 ut
2938 3351 3078 3420 quod
3109 3363 3447 3417 consequens
3469 3346 3594 3412 fuit,

361 3452 384 3488 ο
423 3452 602 3506 μενος,
630 3438 703 3509 μὴ
735 3439 893 3508 μόνον
925 3439 1200 3512 ἄφθαρτον
1226 3440 1388 3494 αὐτὸν
1420 3442 1514 3495 καὶ
1545 3443 1810 3495 ἀθάνατον
1842 3458 1924 3509 γε-

2031 3465 2052 3500 (
2095 3446 2221 3500 huic
2255 3445 2525 3515 primitias
2562 3442 2845 3511 potestatis
2877 3457 2989 3495 sua:
3013 3441 3334 3508 impertiret.
3358 3457 3378 3491 ι
3414 3439 3478 3492 Et
3503 3453 3600 3492 an-

363 3542 384 3578 t
415 3526 598 3582 νέσθαι
633 3531 1048 3604 παρασκευάσῃ,
1079 3531 1215 3586 ἀλλὰ
1245 3533 1339 3585 καὶ
1371 3531 1656 3604 σύνθρονον
1682 3535 1739 3585 ἐν
1763 3533 1924 3604 ούρα-

2030 3538 2191 3594 nectit
2212 3535 2300 3609 [Β.
2320 3533 2542 3606 XXXV]
2563 3553 2575 3586 :
2600 3551 2620 3585 ι
2645 3531 2743 3589 Hic
2757 3541 2844 3587 est
2859 3532 2946 3585 ille
2962 3531 3207 3594 dilectus,
3228 3531 3386 3584 homo
3403 3544 3599 3598 nempe

362 3635 383 3670 ι
425 3619 530 3681 νοῖς
561 3619 638 3690 τῷ
678 3620 814 3691 Θεῷ.
859 3641 878 3674 ι
933 3621 1118 3676 Ταῦτα
1144 3623 1202 3676 δὲ
1234 3624 1411 3677 πάντα
1443 3625 1735 3691 ἀναγκαῖον
1793 3639 1924 3676 κατ-

2030 3645 2051 3681 (
2099 3626 2278 3681 Verbo
2323 3626 2578 3679 adunitus
2609 3642 2623 3678 :
2652 3625 2718 3678 de
2761 3637 2870 3691 quo
2909 3621 3150 3691 loquitur
3199 3620 3531 3689 evangelista
3577 3639 3595 3655 ο

356 3703 502 3777 ἐχειν
526 3709 582 3760 ὲν
613 3711 799 3782 μνήμῃ
816 3711 905 3765 διὰ
929 3711 996 3765 τὰ
1026 3712 1285 3782 μέλλοντα
1320 3713 1409 3766 ὑπ’
1435 3713 1599 3766 αὑτοῦ
1625 3713 1733 3782 (78)
1764 3709 1924 3784 Μαρ-

2032 3736 2052 3772 ‹
2098 3719 2196 3774 llic
2221 3729 2303 3772 est
2334 3715 2504 3771 Filius
2538 3730 2689 3770 meus
2724 3715 2952 3770 dilectus
2985 3714 3037 3766 in
3069 3728 3176 3782 quo
3208 3713 3534 3781 complacui.
3570 3730 3593 3765 ι

357 3798 548 3853 κιλλου
582 3803 722 3856 κατά
763 3805 860 3873 τῆς
907 3804 1127 3876 σαρκὸς,
1163 3800 1232 3876 ἦς
1268 3805 1556 3875 ἀνείληφεν
1585 3807 1613 3857 6
1651 3804 1745 3857 τοῦ
1791 3802 1924 3863 Θεοῦ

2030 3808 2387 3882 Adjungit[R.
2420 3806 2645 3878 XCVIII]
2668 3825 2681 3860 :
2707 3825 2725 3858 ι
2750 3806 2902 3873 Quod
2931 3803 3162 3860 Verbum
3191 3803 3474 3858 invisibilis
3501 3803 3598 3858 Dei

358 3891 549 3958 Λόγος,
591 3892 973 3964 προφέρεσθαι.
1039 3895 1124 3958 Ὦς
1155 3895 1262 3965 γάρ
1302 3897 1688 3966 ἀμνημονήσας
1723 3897 1924 3950 τούτων

2032 3919 2051 3951 ι
2097 3900 2188 3969 qui
2222 3901 2343 3963 fuit,
2368 3914 2465 3968 per
2505 3896 2778 3967 Virginem
2817 3905 2936 3950 erat
2971 3895 3309 3958 nasciturus,
3357 3903 3412 3946 et
3441 3906 3591 3946 sum-

359 3983 613 4037 ἁπάντων
641 3980 717 4038 ὦν
761 3985 991 4052 ἐξέθετο,
1031 3986 1182 4052 τέλος
1214 3988 1313 4040 οὐκ
1351 3988 1524 4042 αἴσιον
1567 3990 1674 4042 οὐδ’
1707 3990 1924 4054 εὐσεϐὲς

2032 4010 2052 4044 ι
2095 4001 2284 4058 pturns
2331 3991 2624 4045 humanam
2683 4004 2943 4052 carnem,
3001 3995 3056 4041 et
3110 3987 3163 4039 in
3216 3984 3303 4038 illa
3327 3983 3597 4038 diabolum

359 4073 555 4143 ἐπάγει
595 4075 674 4147 τῷ
714 4079 965 4148 σωτηρίῳ
1000 4078 1229 4150 σώματι.
1272 4078 1416 4150 Πρὸς
1459 4081 1666 4144 τούτοις
1701 4082 1923 4145 ἅπασιν,

2033 4101 2052 4135 ι
2099 4083 2468 4137 debellaturus
2511 4081 2602 4150 qui
2648 4081 2776 4134 olim
2831 4079 3188 4148 praevaluerat
3224 4093 3237 4131 :
3271 4092 3378 4132 non
3429 4077 3481 4131 in
3533 4090 3602 4132 eo

359 4165 548 4238 ὥσπερ
579 4169 685 4223 τῶν
732 4171 1012 4242 προτέρων
1061 4171 1208 4242 αὑτῷ
1244 4173 1705 4244 κατωρθωμένων,
1739 4176 1924 4246 πειρᾶ-

2033 4191 2052 4224 ι
2099 4183 2302 4227 tantum
2345 4174 2486 4241 quod
2534 4171 2682 4225 illum
2717 4172 3024 4224 redditurus
3067 4168 3166 4222 fuit
3216 4166 3602 4236 incorruptibi-

357 4271 452 4316 ται
472 4257 741 4314 δεικνύναι
776 4261 871 4315 καὶ
897 4261 977 4325 τὸ,
1010 4265 1042 4315 ό
1073 4264 1284 4331 Κύριος
1315 4265 1728 4328 ἐϐασίλευσεν,
1747 4267 1924 4335 ἀγαλ-

2034 4284 2054 4319 ι
2101 4265 2203 4320 lem
2250 4273 2304 4317 et
2338 4262 2722 4328 immortalem,
2765 4263 2860 4316 sed
2913 4261 3103 4314 eodem
3151 4258 3290 4313 solio
3347 4258 3400 4312 in
3446 4258 3601 4312 ctelis

358 4352 586 4406 λιάσθω
612 4353 650 4419 ἠ
689 4351 786 4421 γῆ,
820 4356 898 4418 είς
927 4354 1023 4426 τὴν
1063 4356 1238 4427 σάρκα
1264 4357 1646 4428 ἀναφέρεσθαι.
1677 4358 1838 4426 Λέγει
1871 4358 1924 4414 δὶ

2030 4372 2054 4409 σ
2097 4371 2219 4410 cum
2257 4355 2366 4410 Deo
2395 4369 2800 4410 consessurum.
2835 4371 2854 4404 ›
2903 4352 3040 4406 Sunt
3075 4351 3181 4405 ista
3223 4350 3448 4405 omnino
3484 4362 3601 4402 me-

359 4442 552 4506 οὓτωςο
587 4464 605 4495 ι
649 4443 707 4498 Ὀ
739 4445 868 4514 γοῦν
915 4447 1176 4511 καταϐὰς,
1225 4449 1317 4501 καὶ
1356 4450 1454 4520 τὴν
1489 4451 1665 4520 σάρκα
1700 4448 1787 4502 διά
1829 4449 1924 4520 τῆς

2030 4450 2198 4503 moria
2243 4447 2544 4508 retinenda,
2594 4455 2812 4514 propter
2844 4443 2933 4497 illa
2963 4458 3083 4512 qua:
3119 4441 3378 4510 producet
3414 4439 3601 4494 statim

365 4552 386 4586 ι
422 4535 696 4608 Παρθένου
727 4537 1063 4610 προσλαϐὼν,
1099 4539 1404 4609 κατεστάθη
1427 4541 1678 4610 βασιλεὺς
1712 4540 1803 4593 ἐπὶ
1829 4539 1924 4612 τὴν

2032 4541 2260 4610 ipsemet
2314 4539 2646 4604 Marcellus,
2700 4549 2889 4592 contra
2949 4550 3168 4591 carnem
3228 4533 3374 4587 illam
3437 4544 3600 4602 quam

365 4643 385 4678 ι
435 4626 777 4698 Ἐκκλησίαν,
804 4627 1063 4698 δηλονότι,
1093 4630 1178 4682 ἵνα
1208 4628 1295 4682 διὰ
1319 4630 1414 4682 τού
1448 4631 1619 4700 Λόγου
1649 4632 1678 4682 6
1703 4631 1801 4700 τῆς
1831 4631 1926 4700 βα-

364 4735 384 4772 t
425 4718 628 4782 σιλείας
668 4717 775 4771 τῶν
811 4719 1057 4790 οὐρανῶν
1106 4717 1370 4791 πρότερον
1418 4721 1787 4786 ἐκπεπτωκὼς
1835 4723 1926 4777 ἄν-

363 4828 384 4865 t
423 4809 640 4881 θρωπος
672 4809 954 4881 βασιλείας
995 4811 1196 4882 δυνηθῇ
1231 4815 1435 4882 τυχεῖν.
1481 4813 1678 4866 Τοῦτον
1718 4809 1809 4866 οὖν
1838 4813 1926 4868 τὸν

363 4918 385 4957 t
416 4901 698 4972 ἄνθρωπον
723 4902 815 4956 τὸν
843 4904 1128 4974 πρότερον,
1154 4903 1240 4955 διὰ
1267 4903 1363 4974 τὴν
1391 4903 1668 4976 παρακοὴν
1699 4905 1799 4974 τῆς
1833 4905 1927 4976 βα-

365 5008 384 5042 ι
425 4992 628 5056 σιλείας
673 4993 1085 5057 ἐκπεπτωκότα,
1136 4993 1339 5063 Κύριον
1376 4993 1469 5046 καὶ
1506 4992 1636 5046 Θεὸν
1674 4994 1924 5063 γενέσθαι

367 5100 384 5132 ι
424 5081 740 5154 βουλόμενος
766 5087 794 5138 6
833 5084 984 5146 Θεὸς,
1027 5082 1228 5154 ταύτην
1271 5083 1368 5153 τὴν
1413 5084 1720 5154 οἰκονομίαν
1750 5086 1928 5155 εἰργά-

366 5190 386 5224 ι
427 5186 576 5227 σατο.
621 5172 680 5227 '0
710 5170 802 5228 οὖν
834 5174 1133 5242 ἀγιώτατος
1161 5176 1445 5246 προφήτης
1473 5174 1631 5228 Δαυῒδ
1659 5192 1927 5248 προφητι-

2032 4632 2321 4700 assumpsit
2348 4630 2441 4685 Dei
2480 4629 2739 4684 Verbum.
2777 4627 2952 4682 Veluti
2979 4627 3122 4680 enim
3149 4625 3347 4679 oblitus
3370 4625 3600 4678 istorum

2031 4723 2268 4777 omnium
2292 4737 2411 4792 quae
2438 4721 2690 4786 adduxit,
2722 4720 2884 4774 linem
2926 4719 3150 4773 minime
3175 4725 3602 4772 consentaneum

2031 4811 2242 4881 pietati,
2309 4820 2364 4866 et
2417 4810 2710 4865 infaustum
2760 4809 2896 4864 satis
2952 4809 3166 4878 corpori
3229 4806 3604 4876 superinducit

2044 4902 2377 4957 Servatoris.
2440 4900 2588 4956 Ultra
2644 4901 2746 4954 ista
2816 4900 3031 4969 quidem
3083 4898 3289 4961 omnia,
3347 4906 3602 4963 tauquam

2033 5005 2179 5048 recte
2209 4995 2592 5057 successerint,
2629 5002 2680 5046 et
2711 5007 2776 5046 ex
2805 4992 2985 5045 animo
3007 4992 3288 5062 superiora
3317 5028 3331 5052 ,
3376 4998 3606 5042 conatur

2033 5089 2339 5147 ostendere,
2369 5095 2422 5139 et
2453 5086 2600 5139 illum
2639 5085 2801 5138 etiam
2837 5093 3072 5146 textum,
3122 5080 3372 5151 Regnavit
3418 5076 3604 5131 Domi-

2037 5193 2157 5241 nus,
2196 5175 2416 5230 exsultet
2444 5187 2586 5229 terra
2622 5177 2691 5238 “,
2731 5179 2795 5229 de
2823 5189 2988 5229 carne
3027 5172 3456 5243 intelligendum.
3514 5169 3606 5224 Ait

435 5365 495 5424 ὦ
524 5356 620 5414 Εάο
651 5355 822 5414 Paris.
855 5375 974 5430 pag.
1001 5359 1090 5414 49.
1161 5361 1205 5392 ²²
1230 5358 1439 5414 Coloss.
1469 5374 1509 5421 ι,
1541 5355 1626 5411 l6.
1704 5355 1750 5387 ³³
1775 5355 1792 5410 I
1817 5353 1924 5410 Tim

2033 5388 2048 5420 ,
2077 5354 2129 5413 5.
2206 5351 2422 5408 ηοω.
2453 5367 2548 5416 ιη,
2580 5349 2670 5407 23.
2745 5351 2790 5381 ⁸⁸
2823 5347 2964 5404 Psal.
3003 5363 3140 5412 κατι,
3179 5347 3232 5400 l.

454 5559 544 5631 7'1)
568 5557 738 5631 Vulgo
761 5562 858 5630 τῆς
886 5559 1062 5631 Παρθ.

459 5625 548 5696 ’78)
577 5625 895 5683 ὒιέλλοκτα
921 5625 1022 5684 ὑπ’
1053 5629 1260 5684 αὑτοῦ.
1289 5627 1542 5691 Omnino,
1578 5637 1634 5680 ut
1674 5625 1938 5680 Eusebius

363 5697 464 5763 ait,
502 5700 616 5754 haec
647 5711 771 5754 sunt
801 5702 1158 5754 observanda.
1198 5699 1329 5752 Nam
1381 5697 1699 5766 stupendum
1737 5699 1786 5750 in
1823 5711 1933 5766 Ino-

366 5783 482 5844 rem
510 5769 1102 5844 insanivitjlarcellus,
1127 5771 1171 5844 si
1197 5785 1320 5844 vera
1358 5769 1512 5844 nobis
1540 5768 1606 5820 de
1637 5765 1934 5844 illo‘retulit

369 5840 730 5896 adversarius.
765 5838 898 5893 Nam
936 5839 1002 5894 de
1026 5840 1224 5894 Christi
1262 5853 1451 5905 carne,
1480 5838 1582 5893 hoc
1604 5847 1686 5894 est
1715 5837 1933 5891 Christo

611 5935 883 5996 Panos.
934 5935 1052 5996 Gn.
1120 5934 1342 5997 XXIV.

2047 5551 2288 5614 homine,
2311 5551 2519 5613 delirat,
2549 5566 2668 5602 eum
2690 5550 2825 5602 ultra
2843 5564 3028 5603 omnes
3045 5548 3308 5611 homines,
3329 5555 3446 5615 post
3477 5560 3603 5598 συν-

2045 5622 2256 5674 τέλειαν
2279 5624 2709 5680 exinaniendutn,
2743 5625 2882 5688 quod
2921 5619 3070 5682 τέλος
3106 5619 3204 5672 οὐκ
3236 5620 3605 5688 αἴσιονηιςεοιο

2045 5702 2218 5746 vocat.
2232 5690 2520 5761 LL—lnfra
2551 5693 2705 5759 vulgo
2727 5683 2928 5761 ταύτην
2942 5693 3131 5750 οίκον.,
3151 5687 3384 5754 ειλέγει,
3403 5683 3606 5756 Κύριος

2040 5761 2218 5828 ὲ6ασ.;
2241 5763 2361 5819 dein
2393 5760 2645 5825 λαϐόντος
2664 5761 2854 5832 χρόνου
2875 5760 3017 5817 τοῦδ.
3047 5761 3109 5816 Β.
