4158 6390
559 387 654 446 Mi

1229 385 1492 442 BUSEBII
1530 384 2004 442 CESARIENSlS
2043 384 2192 443 OPP.
2228 381 2406 442 PARS
2445 386 2536 442 ιν.
2574 416 2644 426 -
2678 385 3104 444 DOCMATICA.

3696 389 3800 446 8|2

566 520 744 565 autem
765 509 855 582 [Β.
885 506 1107 578 XCIX]:
1144 525 1162 558 ι
1188 507 1288 572 Qui
1323 507 1634 573 descendit,
1667 507 1786 563 ideo
1820 517 1875 562 et
1907 521 2126 562 carnem

2237 525 2256 559 ι
2297 507 2409 570 κῶς
2426 507 2594 576 λέγει,
2649 507 2702 559 Ὁ
2730 509 2944 576 Κύριος
2979 507 3394 575 ἐϐασίλευσεν,
3421 509 3804 579 ἀγαλλιάσθω

565 618 585 650 ι
635 600 925 668 assumpsit
963 599 1029 652 de
1071 596 1288 664 Virgine
1312 635 1326 659 ,
1368 611 1461 650 rex
1492 606 1574 650 est
1603 598 1933 652 constitutus
1969 611 2127 666 super

564 708 582 739 ι
625 689 940 751 Ecclesium,
974 699 1163 754 nempe
1197 687 1247 737 in
1281 699 1403 737 euzn
1441 684 1626 749 linem,
1670 696 1726 738 ut
1760 685 1838 739 sic
1873 701 1968 752 per
1999 685 2132 738 Ver-

564 799 583 832 ι
633 781 780 844 bum,
819 778 979 831 homo
1017 776 1105 846 qui
1144 776 1292 844 prius
1318 774 1578 829 ctelorum
1625 790 1794 844 regno
1826 775 2124 838 exciderat,

562 888 582 922 ι
632 883 856 937 regnum
915 867 1047 921 illud
1105 865 1282 920 denuo
1339 875 1778 934 consequeretur.
1847 865 2126 919 Hominem

562 978 581 1010 ι
628 973 759 1029 ergo
787 958 948 1012 istum
979 957 1072 1026 qui
1113 972 1278 1027 regno
1309 957 1463 1025 prius
1495 956 1774 1010 exciderat
1817 971 1912 1025 per
1940 956 2128 1011 inobe-

561 1069 580 1102 ι
626 1050 885 1106 dientiam
915 1065 1088 1114 suam,
1125 1049 1408 1102 Dominum
1475 1059 1528 1102 et
1582 1049 1747 1102 Deum
1783 1049 1899 1104 ﬁeri
1949 1048 2130 1103 volens

561 1159 580 1191 ι
629 1141 791 1204 Deus,
850 1141 988 1194 hanc
1040 1139 1400 1194 oeconomiam
1463 1140 1533 1192 ita
1583 1139 1937 1206 dispensavit.
1987 1140 2132 1204 Quo-

561 1248 598 1289 ιτ
625 1237 770 1291 circa
803 1235 1180 1290 sanctissimus
1229 1243 1376 1290 vates
1423 1234 1590 1288 David
1635 1235 1952 1303 prophetico
1984 1247 2131 1287 more

561 1350 579 1382 ι
632 1330 776 1383 fatur
800 1348 812 1382 :
853 1328 1107 1398 Regnavit
1133 1326 1420 1390 Dominus,
1447 1327 1671 1379 exsultet
1702 1340 1896 1380 terra.»
1923 1327 1986 1380 Et
2012 1337 2133 1395 post

556 1421 660 1477 alia
685 1421 929 1489 quardam
969 1417 1238 1473 subinl'crt
1269 1416 1368 1489 [11.
1399 1417 1463 1488 α]
1500 1436 1512 1470 :
1549 1437 1565 1468 ι
1591 1417 1669 1472 Ob
1707 1433 1866 1487 quam
1913 1432 2130 1472 causam

561 1533 580 1566 (
627 1515 783 1584 quasi
812 1513 1070 1568 Dominus
1095 1521 1278 1566 noster
1318 1510 1476 1566 Jesus
1521 1510 1769 1566 Christus
1794 1551 1810 1576 ,
1843 1514 1992 1581 regni
2031 1512 2135 1566 ini-

561 1625 581 1658 ι
631 1607 762 1660 tium
789 1605 1102 1674 auspicatus
1131 1602 1308 1656 fuerat
1341 1617 1370 1655 a
1394 1603 1627 1673 quodam
1675 1612 1955 1672 tempore,
1991 1602 2130 1656 vati-

562 1719 582 1752 ι
623 1699 825 1754 ciuium
863 1697 1012 1753 canit
1043 1694 1194 1766 :Ego
1235 1706 1412 1750 autem
1465 1711 1558 1748 rex
1586 1695 1648 1747 ab
1681 1694 1775 1748 illo
1815 1695 2132 1749 constitutus

2237 616 2254 649 ι
2296 598 2334 664 ἢ
2367 597 2462 667 γῆ.
2503 617 2520 648 ι
2561 597 2664 650 Kal
2693 598 2810 669 μεθ’
2837 599 2999 669 ἕτερα
3027 599 3308 669 ἐπιφέρει·
3352 619 3370 650 ι
3415 601 3492 652 Δι’
3526 602 3590 672 ἢν
3626 600 3800 654 αἰτίαν

2236 708 2253 738 ι
2293 690 2480 761 ὥσπερ
2511 691 2684 761 ἀρχὴν
2719 691 2991 760 βασιλείας
3024 692 3130 745 ἀπό
3159 709 3301 755 τινος
3326 691 3578 757 λαϐόντος
3607 693 3798 764 χρόνου

2237 800 2255 834 ι
2297 782 2388 835 τοῦ
2415 783 2674 835 δεσπότου
2722 783 2879 854 ἡμῶν
2913 783 3169 854 Χριστοῦ,
3203 785 3236 853 ἡ
3282 785 3589 856 προφητεία
3616 786 3798 854 φησίνο

2238 890 2256 922 ι
2302 872 2448 942 Ἐγὼ
2468 871 2535 924 δὲ
2564 873 2938 941 κατεστάθην
2951 875 3252 941 βασιλεὺς
3276 877 3377 930 ὑπ’
3401 876 3606 931 αὑτοῦ.
3643 895 3662 928 ι
3694 876 3801 929 Kal

2233 962 2393 1016 πάλιν
2425 963 2696 1032 ἐπιφέρει·
2719 982 2738 1014 ι
2763 962 2861 1016 Διά
2877 964 3032 1017 τοῦτο
3044 965 3150 1036 γὰρ
3167 967 3260 1018 καὶ
3280 964 3548 1035 βασιλεύει
3563 966 3696 1038 (79),
3716 967 3802 1020 ἵνα

2239 1071 2257 1105 ι
2289 1056 2346 1106 ὲν
2375 1057 2438 1124 τῇ
2465 1053 2781 1126 ἀνθρωπίνῃ
2813 1056 2976 1126 σαρκὶ
3004 1056 3310 1126 γενόμενος,
3345 1057 3596 1126 βασιλεύς
3623 1075 3681 1110 τε
3706 1076 3800 1112 κα-

2239 1165 2255 1193 ι
2296 1142 2519 1206 ταστάς,
2569 1143 2655 1195 διά
2685 1142 2780 1195 τοῦ
2815 1143 3009 1211 Λόγου,
3057 1146 3085 1196 ὁ
3119 1144 3375 1207 κενωθεὶς
3416 1146 3679 1217 πρότερον
3709 1148 3802 1201 dv-

2240 1253 2259 1285 ‹
2295 1234 2528 1306 θρωπος,
2559 1236 2738 1288 πᾶσαν
2771 1235 2942 1306 ἀρχὴν
2976 1235 3066 1288 τοῦ
3114 1236 3383 1300 διαϐόλου,
3429 1241 3520 1290 καὶ
3553 1239 3799 1310 δύναμιν,

2241 1343 2258 1375 ι
2301 1327 2395 1378 καὶ
2421 1324 2667 1389 ἐξουσίαν
2703 1329 3043 1400 καταργήσῃ.
3076 1347 3094 1379 ι
3130 1329 3375 1382 Τοσαῦτα
3399 1332 3525 1402 περὶ
3552 1332 3649 1403 τῆς
3677 1349 3801 1404 σαρ-

2234 1419 2328 1482 κὸς
2352 1419 2445 1472 τοῦ
2489 1420 2759 1491 Σωτῆρος,
2791 1423 2884 1473 καὶ
2911 1421 3114 1474 τούτων
3153 1422 3231 1474 ἔτι
3275 1424 3440 1476 πολλά
3475 1425 3692 1479 πλείονα
3722 1429 3800 1480 εί-

2233 1510 2368 1576 πὼν,
2402 1511 2576 1582 φήσας
2609 1529 2666 1564 τε
2699 1513 2866 1583 αὐτὴν
2897 1508 3035 1565 εἶναι
3068 1515 3164 1586 τὴν
3200 1514 3380 1568 εἰκόνα
3423 1515 3515 1570 τοῦ
3545 1516 3678 1570 Θεοῦ
3709 1518 3802 1572 τοῦ

2233 1605 2487 1676 ἀοράτου,
2533 1605 2626 1658 καί
2668 1605 2759 1658 τὸν
2805 1606 3154 1678 Πρωτότοκον
3203 1607 3385 1680 πάσης
3430 1609 3678 1675 κτίσεως,
3714 1612 3806 1665 καὶ

2232 1696 2324 1748 τὸν
2355 1693 2598 1766 βασιλέα,
2634 1698 2727 1751 καὶ
2759 1697 2849 1750 τὸν
2903 1698 3132 1769 Ἰησοῦν,
3163 1699 3370 1752 καὶτὸν
3415 1701 3666 1769 Χριστὸν,
3715 1704 3806 1756 καὶ

562 1809 582 1843 ι
627 1807 742 1846 sum
775 1790 842 1844 “.
875 1807 894 1842 ι
951 1788 1019 1843 Ει
1050 1803 1240 1842 rursus
1266 1786 1416 1842 addit
1446 1802 1460 1837 :
1491 1785 1572 1841 0b
1597 1800 1716 1841 eam
1745 1801 1967 1841 causam
2012 1801 2132 1852 rex,

2235 1789 2324 1841 τὸν
2354 1790 2659 1859 ἀγαπητὸν,
2694 1791 2788 1843 xal
2825 1792 2926 1844 ὅσα
2953 1791 3084 1845 ἄλλα
3116 1793 3392 1858 κατέλεξε⁶
3423 1793 3488 1847 δι’
3523 1796 3692 1867 αὐτήν
3721 1813 3800 1860 τε,

562 1902 581 1937 ι
629 1892 688 1938 ιιι
716 1897 840 1938 cum
868 1882 1105 1936 humana
1145 1895 1311 1936 carne
1345 1881 1672 1936 constitutus
1697 1921 1711 1947 ,
1745 1889 1801 1934 et
1829 1880 2134 1935 declaratus

2237 1857 2409 1933 ταῦτα
2459 1857 2634 1934 πάντα
2687 1881 2949 1952 κληθῆναι
3013 1883 3101 1937 τὸν
3145 1885 3320 1954 Λόγον
3367 1857 3804 1958 ἀποφηνάμενος,

563 1991 584 2027 ι
630 1989 750 2040 rex,
788 1973 1097 2028 exinanitus
1135 1971 1285 2041 prius
1321 1972 1509 2047 homo,
1542 1984 1702 2024 omne
1735 1969 1933 2024 diaboli
1968 1971 2134 2038 impe-

2238 1973 2420 2024 ὁποῖον
2447 1971 2598 2036 τέλος
2631 1974 2767 2044 αὐτῇ
2791 1974 3132 2046 περιτίθησιν
3159 1976 3258 2047 ἤδη
3293 1977 3567 2048 θεωρῆσαι
3596 1979 3802 2051 καιρός.

563 2091 581 2124 ι
629 2072 788 2135 rium,
813 2071 922 2125 vim
948 2081 1002 2124 et
1031 2077 1354 2140 potestatem
1389 2083 1485 2138 per
1509 2067 1744 2121 Verbum
1777 2075 2088 2120 evacnaret.
2136 2085 2156 2118 ι
2199 2065 2302 2121 Tot
2327 2067 2436 2126 ille.
2501 2081 2556 2123 et
2594 2069 2813 2139 quidem
2845 2071 3001 2139 longe
3025 2072 3202 2141 plura,
3241 2071 3307 2127 de
3336 2089 3502 2128 carne
3534 2089 3807 2130 commen.

559 2178 644 2220 tus
683 2163 1010 2228 Servatoris,
1060 2168 1118 2226 >14
1162 2169 1446 2232 postquam
1520 2160 1672 2215 illam
1755 2161 2060 2214 nominarat
2111 2161 2202 2216 Dei
2239 2162 2528 2233 imaginem
2575 2163 2881 2229 invisibilis,
2931 2175 2985 2220 et
3023 2167 3198 2221 omnis
3236 2177 3497 2222 creatura:
3537 2169 3807 2240 primoge-

559 2260 750 2321 nilum,
783 2266 838 2310 et
885 2271 1087 2326 regem,
1119 2264 1173 2310 et
1211 2253 1414 2317 Jesum,
1481 2261 1538 2306 et
1577 2251 1875 2316 Christum,
1926 2261 1980 2306 et
2023 2251 2298 2319 dilectum,
2362 2268 2416 2309 et
2478 2271 2598 2325 quae
2636 2255 2737 2310 alia
2801 2257 3248 2313 commemoravit
3281 2277 3293 2312 :
3334 2259 3554 2330 insuper
3585 2261 3802 2316 addide-

558 2359 664 2414 rat,
713 2356 936 2418 propter
978 2346 1124 2402 illam
1181 2347 1350 2416 ipsam
1386 2359 1635 2412 carnem,
1693 2354 1769 2399 tot
1819 2344 2126 2401 nominibus
2195 2345 2429 2402 Verbum
2489 2349 2802 2418 insignitum
2883 2347 3070 2416 fuisse,
3110 2349 3270 2405 linem
3319 2359 3501 2408 tamen
3548 2351 3623 2408 illi
3672 2366 3796 2407 eum

557 2441 789 2512 al'liugit,
820 2455 978 2512 quem
1007 2455 1149 2494 nunc
1183 2449 1392 2506 tempus
1425 2447 1508 2492 est
1541 2446 1598 2492 ut
1629 2435 2057 2492 consideremus.

1201 2530 1350 2586 CAP.
1395 2529 1482 2583 lV.

561 2625 909 2692 Qualemnam
941 2622 1096 2692 linem
1121 2621 1377 2689 subinfert
1400 2619 1688 2675 Marcellus
1731 2620 1929 2676 Christi
1955 2637 2135 2692 regno,

941 2703 991 2747 et
1045 2696 1192 2746 carni
1236 2707 1393 2761 quam
1444 2693 1744 2761 assumpsit.

629 2785 720 2858 [Β.
754 2784 821 2857 C]
855 2804 874 2838 ι
906 2782 1056 2839 Hanc
1093 2783 1295 2838 etenim
1326 2783 1398 2838 ob
1426 2797 1644 2838 causam
1679 2793 1998 2854 regnaturus
2030 2794 2134 2850 est,

565 2895 586 2930 ι
629 2880 862 2933 humana
893 2890 1061 2930 carne
1086 2873 1340 2944 praeditus
1381 2887 1477 2942 per
1522 2872 1758 2930 Verbum
1807 2878 2134 2931 constitutus

564 2989 586 3023 ι
629 2985 746 3034 rex,
779 2970 940 3024 homo
978 2966 1068 3020 ille
1095 2965 1220 3020 olim
1259 2965 1517 3035 deceptus
1545 2986 1558 3021 :
1584 2975 1640 3020 et
1667 2982 1882 3022 omnem
1913 2969 1986 3021 ita
2017 2969 2135 3022 dia-

567 3077 588 3112 ι
632 3058 737 3114 boli
765 3055 1232 3126 potestatem,vim
1249 3069 1302 3108 et
1326 3056 1610 3124 imperium
1635 3059 1940 3112 evacuabit.
1959 3057 2133 3126 Opor-

565 3167 588 3203 s
633 3159 701 3203 tet
727 3147 866 3202 enim
890 3146 1061 3212 illum,
1087 3145 1278 3216 inquit,
1310 3160 1525 3214 regnare
1551 3162 1713 3215 usque
1741 3147 1868 3202 dum
1893 3149 2132 3202 inimicos

2874 2528 3032 2581 ΚΕΦ.
3088 2530 3158 2582 A'.

2250 2619 2481 2693 ὈποῐοΥ
2509 2616 2860 2693 Μάρκελλος
2886 2619 3090 2693 ἐπάγει
3112 2621 3284 2693 τέλος
3305 2623 3382 2692 τῇ
3407 2623 3514 2677 τοῦ
3549 2625 3806 2693 Χριστοῦ

2423 2690 2732 2756 βασιλείᾳ,
2763 2689 2860 2742 καὶ
2900 2689 2972 2759 τῇ
3001 2693 3178 2759 σαρκὶ
3209 2691 3290 2759 ἢν
3315 2689 3620 2764 ἀνείληφέ.

2315 2797 2334 2830 ι
2374 2778 2472 2830 Διὰ
2518 2778 2674 2830 τοῦτο
2728 2778 2834 2850 γὰρ
2897 2779 3225 2850 βασιλεύσει,
3277 2783 3335 2836 ὲν
3381 2789 3448 2856 τῇ
3498 2786 3808 2860 ἀνθρωπίνῃ

2247 2890 2266 2924 ι
2303 2871 2464 2940 σαρκὶ
2513 2871 2822 2941 γενόμενος,
2880 2871 3128 2942 βασιλεύς
3172 2891 3232 2926 τε
3275 2877 3548 2940 καταστὰς
3583 2878 3670 2931 διὰ
3712 2880 3806 2934 τοῦ

2246 2982 2264 3014 ι
2304 2963 2498 3030 Λόγου,
2531 2961 2560 3012 ό
2593 2963 2892 3033 ἀπατηθεὶς
2924 2964 3185 3036 πρότερον
3214 2965 3497 3038 ἄνθρωπος
3534 2967 3666 3039 (80),
3703 2971 3810 3023 πᾶ-

2247 3073 2265 3106 r
2305 3073 2402 3108 σαν
2429 3055 2603 3125 ἀρχὴν
2629 3054 2722 3108 τοῦ
2751 3056 2994 3109 διαὸόλου
3037 3058 3132 3110 καὶ
3173 3058 3399 3130 δύναμιν
3431 3062 3524 3114 καὶ
3563 3059 3808 3126 ἐξουσίαν

2247 3164 2264 3198 ι
2307 3149 2664 3218 καταργήσει.
2713 3150 2804 3200 Δεῖ
2857 3149 2966 3222 γὰρ
3025 3151 3187 3204 αὑτὸν
3241 3152 3558 3222 βασιλεύειν,
3609 3156 3810 3226 φησιν,

565 3261 586 3297 ι
630 3257 752 3296 suos
775 3248 972 3294 statuat
1005 3239 1100 3292 sub
1122 3239 1334 3308 pedibus
1364 3239 1476 3292 suis
1508 3239 1576 3295 ”.
1603 3240 1695 3294 Ait
1718 3240 1884 3310 igitur
1922 3241 2134 3296 divinus

2246 3256 2265 3288 ι
2297 3239 2454 3309 ἄχρις
2480 3232 2539 3291 οῦ
2571 3238 2637 3292 ἂν
2659 3238 2724 3310 θῇ
2754 3241 2880 3302 τοὺς
2901 3240 3128 3314 ἐχθροὺς
3153 3243 3257 3296 ὑπὸ
3285 3245 3409 3307 τοὺς
3434 3245 3598 3308 πόδας
3621 3247 3810 3304 αὑτοῦ.

567 3350 590 3386 ι
632 3331 946 3402 Apostolus,
972 3331 1119 3401 regni
1153 3331 1353 3386 Christi
1387 3330 1550 3385 finem
1586 3341 1698 3386 tum
1723 3334 1987 3397 futurum,
2018 3349 2134 3388 cum

2244 3347 2262 3379 ι
2296 3330 2407 3399 Τῆς
2430 3329 2608 3382 τοίνυν
2637 3327 2730 3381 τοῦ
2767 3329 3026 3384 δεσπότου
3055 3331 3212 3402 ἡμῶν
3242 3333 3475 3405 Χριστοῦ
3508 3334 3807 3404 βασιλείας,

563 3441 587 3477 s
632 3425 736 3480 sub
761 3424 986 3493 pedibus
1017 3424 1132 3494 ejus
1154 3423 1332 3476 omnia
1365 3421 1906 3496 collocabantur.[R.
1935 3426 1996 3482 Cl
2015 3425 2134 3482 coll.

2244 3440 2264 3473 ι
2295 3421 2453 3475 τοῦτο
2485 3421 2547 3474 τὸ
2577 3421 2728 3484 τέλος
2754 3419 2893 3476 εἶναί
2920 3440 3082 3493 φησιν
3119 3427 3148 3478 ὁ
3181 3426 3324 3496 ἱερὸς
3375 3426 3713 3493 Ἀπόστολος,
3749 3427 3811 3480 τὸ

563 3537 588 3576 s
631 3536 686 3592 p.
711 3518 860 3591 £89].
887 3537 905 3571 ι
931 3519 1059 3575 Post
1086 3533 1254 3588 pauca
1279 3517 1522 3587 quaedam
1555 3518 1704 3573 addit
1731 3537 1746 3574 :
1781 3536 1801 3571 ι
1845 3519 2134 3576 Maximum

2243 3532 2262 3565 ι
2299 3513 2475 3568 πάντα
2507 3514 2842 3583 ὑποταγῆναι
2885 3517 2998 3578 τοῖς
3038 3517 3197 3570 ποσὶν
3236 3517 3420 3572 αὑτοῦ.
3469 3537 3486 3569 ι
3523 3519 3631 3571 Kal
3671 3519 3810 3590 μετά

566 3626 588 3666 ι
637 3613 728 3668 hic
783 3611 1102 3682 mysterium
1159 3610 1364 3664 revelat
1394 3610 1548 3665 nobis
1619 3611 1953 3680 Apostolus,
2011 3613 2134 3667 dum

2238 3605 2444 3676 βραχέα
2471 3607 2732 3676 ἐπιλέγει·
2767 3626 2784 3657 ι
2815 3607 3085 3676 Μέγιστον
3111 3610 3242 3679 ἡμῖν
3267 3612 3562 3682 μυστήριον
3581 3610 3810 3666 ἐνταῦθα

565 3721 588 3758 s
636 3703 950 3774 pronuntiat
997 3702 1306 3756 adfuturum
1339 3701 1498 3756 linem
1527 3716 1694 3772 regno
1712 3701 2134 3758 Christi.Finem

2241 3713 2262 3746 ι
2309 3696 2630 3761 ’Δπόστολος
2683 3698 3074 3762 ἀνακαλύπτει,
3112 3699 3260 3763 τέλος
3310 3717 3406 3771 μεν
3455 3701 3670 3755 ἔσεσθαι
3715 3702 3812 3771 φά·

568 3813 588 3848 ι
637 3809 798 3866 porro
856 3802 990 3860 tum,
1043 3807 1163 3846 cum
1211 3803 1482 3862 ponentur
1527 3793 1709 3847 omnia
1766 3795 1866 3849 sub
1913 3795 2134 3863 pedibus

2241 3805 2260 3839 ι
2296 3804 2439 3840 σκων
2468 3791 2566 3859 τῆς
2598 3788 2834 3860 Χριστοῦ
2884 3789 3183 3860 βασιλείας,
3221 3791 3372 3855 τέλος
3401 3793 3457 3846 δὲ
3498 3794 3638 3856 τότε,
3680 3795 3810 3847 ὅταν

571 3903 590 3937 ι
641 3883 778 3952 ejus.
807 3899 828 3935 υ
860 3882 928 3936 Ει
954 3881 1252 3948 explanans
1293 3882 1470 3937 adhuc
1500 3883 1640 3936 idem
1671 3883 1956 3939 dilucidius
1996 3885 2136 3939 scri-

562 3975 644 4032 bit
701 3974 792 4045 [R.
831 3971 942 4044 Cll]
973 3991 986 4026 :
1019 3991 1037 4023 ι
1071 3973 1278 4026 Dictum
1302 3981 1385 4025 est
1406 3987 1435 4025 a
1467 3972 1621 4028 nobis
1655 3974 1706 4026 in
1739 3975 2133 4043 superioribus,

568 4084 588 4118 ι
636 4066 919 4120 Dominum
947 4076 1190 4117 nostrum
1215 4064 1491 4118 Christum
1519 4065 1666 4133 regni
1693 4066 1773 4118 sui
1806 4067 2130 4134 principium

567 4174 589 4208 ι
637 4154 914 4224 accepisse
946 4170 959 4205 :
995 4151 1156 4219 idque
1182 4151 1355 4220 ipsum
1394 4151 1678 4204 docuimus
1714 4167 1744 4205 e
1785 4167 1942 4206 sacra
1978 4152 2130 4206 Scri-

569 4265 590 4300 ι
639 4255 794 4317 plura
841 4244 1285 4298 demonstratum.
1317 4242 1704 4296 Testimonium
1744 4244 1974 4310 primum
2023 4252 2130 4309 est,

564 4337 677 4409 Ego
705 4338 1016 4392 constitutus
1052 4352 1168 4390 sum
1200 4336 1262 4389 ab
1297 4335 1388 4389 illo
1428 4350 1520 4389 rex
1548 4351 1705 4404 super
1745 4333 1879 4390 Sion
1905 4347 2130 4391 montem

2241 3897 2259 3930 ι
2298 3879 2470 3932 πάντα
2503 3881 2748 3952 ὑποταγῇ
2781 3885 2892 3946 τοῖς
2942 3884 3096 3936 ποσὶν
3147 3883 3331 3937 αὑτοῦ.
3366 3903 3385 3936 ι
3433 3885 3542 3938 Kal
3571 3885 3651 3938 ἔτι
3683 3886 3812 3958 μᾶλ-

2234 3971 2324 4024 λον
2351 3971 2851 4043 έπεξεργαζόμενος
2881 3974 2972 4027 τὸν
3006 3975 3169 4028 αὑτὸν
3196 3974 3372 4045 λόγον,
3405 3976 3546 4030 οῦτω
3570 3977 3770 4049 γράφει
3789 3995 3803 4011 ·

2241 4085 2257 4115 ι
2301 4066 2549 4133 Ἐφαμεν
2568 4065 2625 4116 ὲν
2646 4068 2757 4128 τοῖς
2783 4067 3282 4139 προάγουσινὴμῶν
3307 4071 3486 4138 ῥητοῖς
3512 4069 3601 4122 τὸν
3628 4069 3812 4123 δεσπό-

2241 4173 2260 4207 ι
2303 4174 2400 4227 την
2429 4159 2461 4226 ἡ
2471 4157 2585 4226 μῶν
2612 4158 2705 4210 τὸν
2730 4159 2966 4229 Χριστὸν
2994 4158 3167 4229 ἀρχὴν
3198 4160 3485 4230 ἐσχηκέναι
3511 4159 3806 4230 βασιλείας,

2241 4267 2260 4300 ι
2300 4251 2362 4301 ὲκ
2395 4249 2503 4302 τῶν
2545 4249 2702 4302 θείων
2735 4249 2968 4322 Γραφῶν
2992 4249 3294 4314 ἀποδείξεσι
3331 4249 3619 4322 χρώμενοι.
3650 4254 3806 4306 Ἔστι

2243 4357 2261 4390 ι
2307 4339 2404 4409 μὲν
2423 4340 2564 4412 μίαὴ
2580 4341 2831 4410 λέγουσαο
2865 4341 3012 4410 Ἐγὼ
3035 4340 3103 4394 δὲ
3128 4341 3500 4411 κατεστὰθ-ην
3512 4343 3808 4410 ,βασιλεὺς

639 4509 698 4568 ›Ῑ‹
728 4501 825 4556 Ed.
859 4500 1030 4557 Paris.
1065 4516 1183 4571 pag.
1214 4500 1301 4558 50.
1379 4501 1424 4532 ²⁶
1455 4501 1598 4556 Psal.
1633 4517 1692 4568 ιι,
1721 4501 1774 4555 6.
1849 4502 1891 4532 ⁸⁷
1911 4500 1928 4555 1
1951 4500 2074 4557 Cor.
2105 4517 2193 4568 xv,
2213 4503 2302 4558 25.

635 4665 745 4754 £79)
766 4665 866 4754 475*
887 4664 1068 4754 τεῦξε
1085 4665 1192 4754 γάρ
1223 4663 1690 4754 ιεὶέςέςῑέλξιὲξξς,
1704 4664 2132 4754 Pecuniae}.-

559 4732 742 4792 λεῦσει
790 4746 847 4789 ιιι
901 4732 1164 4804 principio
1215 4736 1492 4804 sequentis
1533 4735 1756 4804 capitis,
1793 4732 1892 4788 'ubi
1940 4732 2127 4804 eadem

563 4805 796 4863 Marcelli
831 4802 992 4860 verba
1033 4802 1365 4875 repetuntur.
1411 4815 1468 4858 ut
1519 4816 1572 4875 et
1603 4802 1723 4858 mox
1749 4819 1846 4873 pro
1874 4802 2130 4868 κενωθείς

561 4877 766 4932 rectius
797 4874 1116 4946 ἀπατηθείς,
1142 4887 1198 4929 ut
1226 4876 1384 4941 paulo
1413 4885 1532 4942 post
1561 4874 1777 4944 legitur,
1805 4886 1872 4946 et
1891 4889 1979 4946 ex
1999 4891 2132 4942 pra:-

561 4947 883 5003 ccdentibus
903 4944 1156 5015 apparet;
1193 4947 1411 5000 tolerari
1437 4953 1689 5015 tamenet
1721 4947 1834 4998 haec
1863 4944 2129 5015 lectiopo-

560 5026 690 5080 test,
721 5031 840 5069 cum
874 5013 1292 5070 ex’iuanilionem
1320 5015 1479 5084 regiae
1500 5013 1680 5083 glorite
1708 5023 1962 5083 apponat.
1987 5013 2131 5069 Μ.-

561 5088 704 5141 lnl'ra
735 5086 894 5153 vulgo
922 5086 1020 5138 ὅσα
1051 5086 1237 5139 τᾶλλα.

634 5155 746 5226 (80)
802 5151 855 5207 Ὁ
899 5156 1221 5223 ἀπατηθεὶς
1267 5153 1921 5226 πρότεροννᾶνθρωπος.
1953 5151 2008 5207 Id
2045 5165 2128 5210 est

473 5288 477 5293 η
563 5225 796 5281 humana
831 5238 1012 5280 nostra
1046 5237 1258 5291 natura,
1283 5239 1474 5294 quaem
1499 5225 1706 5277 Adamo
1742 5240 1837 5293 per
1872 5226 2126 5292 prtevari-

561 5297 829 5351 cationem
885 5297 1178 5357 ceciderant,
1242 5297 1294 5350 in
1346 5294 1564 5349 Chrisw
1620 5310 1714 5362 per
1761 5294 2121 5348 obedientiam

562 5367 932 5433 triumphavit.
993 5366 1188 5418 Locum
1243 5380 1371 5418 vero
1429 5365 1568 5418 beati
1630 5365 1869 5432 Apostoli
1915 5380 1980 5418 ex
2033 5365 2122 5420 illa

559 5436 625 5491 ad
657 5437 675 5490 l
712 5437 960 5491 Corinth.
996 5451 1083 5498 xv,
1131 5435 1218 5498 28,
1272 5449 1431 5503 quem
1482 5450 1696 5490 sursum
1737 5444 1901 5504 atque
1959 5436 2120 5490 deor-

559 5521 679 5561 sum
720 5507 855 5559 adeo
904 5513 1082 5558 versat
1135 5505 1414 5569 Eusebius,
1467 5505 1576 5567 hic,
1621 5505 1769 5567 alibi,
1799 5513 1854 5558 et
1906 5504 1956 5558 in
2010 5507 2117 5560 line

559 5575 655 5631 lib.
691 5590 743 5639 v,
796 5585 943 5629 recte
989 5574 1289 5638 Marcellus,
1332 5576 1399 5630 de
1435 5573 1649 5629 Christo
1686 5576 1902 5628 homine
1952 5576 2117 5629 inter-

559 5644 913 5716 pretatur.Al
951 5659 1173 5711 prorsus
1213 5645 1395 5712 impie,
1442 5646 1625 5698 abillo
1667 5646 1808 5716 loco,
1855 5645 1920 5696 de
1967 5646 2116 5716 regni

558 5717 719 5770 etiam
787 5721 841 5768 et
914 5716 1160 5767 essentiae
1223 5719 1686 5769 consnnmiatioue
1763 5715 2116 5780 hlaspliemat.

558 5787 632 5839 Οὐ
655 5783 802 5848 τέλος
821 5783 1164 5855 ἐπιτιθεὶς-τῇ
1189 5783 1429 5854 βασιλείᾳ⁴
1452 5781 1570 5855 εἷπε
1586 5785 1665 5848 τὸ,
1687 5786 1843 5854 ἄχρις
1858 5781 1918 5855 οὗ
1945 5785 2010 5838 ἂν
2029 5784 2116 5854 θῇ,

557 5857 651 5925 καὶ
681 5855 826 5925 ἑξῆς.
863 5853 1000 5906 Ἀλλ’
1044 5853 1350 5920 ἀξιόπιστον
1379 5853 1544 5907 ποιῶν
1570 5856 1629 5907 τὸ
1675 5853 1980 5925 εἰρημένον,
2028 5853 2121 5908 καὶ

622 5935 1010 6307 ..Χ

2235 4663 2453 4735 θαρρεῖν
2478 4661 2924 4736 παρασκευάζων,
2947 4665 3144 4719 ὡσανεὶ
3182 4665 3354 4733 ἔλεγε.
3393 4664 3637 4736 Semper,
3675 4667 3805 4722 etin

2235 4748 2494 4789 aitertmm
2524 4735 2788 4801 regnabit.
2824 4735 2955 4788 Nam
2990 4747 3046 4789 ut
3079 4747 3224 4791 recte
3252 4739 3503 4791 observat
3536 4735 3805 4791 OEcume-

2235 4805 2374 4876 nius.
2408 4805 2466 4857 τὸ
2487 4803 2658 4873 ἄχρις
2683 4806 2792 4876 καὶ,
2821 4806 2880 4859 τὸ
2905 4806 3016 4870 ἕως
3047 4807 3108 4858 οὐ
3137 4809 3311 4860 κεῖται
3339 4805 3530 4876 χρόνου
3566 4805 3807 4860 συντελε-

2237 4875 2438 4947 στικὸν,
2467 4872 2580 4947 ἀλλ’
2605 4877 2711 4947 ἀεὶ,
2737 4872 2847 4928 οἷον
2873 4877 2954 4941 τό,
2991 4875 3100 4944 ἐγὼ
3133 4876 3248 4947 μεθ’
3293 4872 3444 4946 ὑμῶν
3471 4877 3606 4946 είμι,
3629 4877 3806 4940 πάσας

2234 4944 2334 5007 τὰς
2372 4945 2601 5016 ἡμέρας,
2663 4946 2912 5017 ἓως-’τῆς
2966 4944 3292 5010 συντελείας.
3333 4944 3495 5017 Quod
3529 4944 3713 5015 ipsum
3739 4949 3806 5002 de

2237 5019 2401 5068 donec
2447 5015 2699 5070 observat
2762 5015 3124 5085 Ilieronynms
3182 5027 3366 5073 contra
3403 5015 3704 5070 Helvidium
3748 5027 3804 5070 et

2239 5096 2420 5138 noster
2448 5085 2533 5156 llic
2561 5086 2611 5139 in
2639 5085 2764 5138 line.
2804 5087 2878 5139 De
2906 5086 3004 5156 loci
3030 5097 3206 5140 autem
3235 5103 3395 5140 sensu
3425 5097 3477 5138 et
3503 5085 3804 5156 intelligen-

2231 5155 2324 5215 tia.
2363 5157 2432 5206 ita
2466 5155 2554 5208 ille
2602 5156 2765 5208 tradit
2818 5172 2845 5208 a
2896 5155 3204 5210 Graecorum
3251 5155 3697 5210 commentariisi
3729 5155 3802 5208 Τὸ

2230 5221 2531 5296 βασιλεόειν
2570 5224 2802 5296 ἐνταῦθα
2843 5227 2941 5296 οὐχ
2972 5226 3177 5288 ἁπλῶς,
3215 5227 3326 5278 ἀλλ’
3374 5220 3484 5296 οἷον
3519 5225 3600 5278 δεῖ
3641 5227 3801 5279 αὑτὸν

2223 5295 2293 5347 τὰ
2335 5294 2431 5347 τοῦ
2483 5293 2744 5364 βασιλέως
2797 5293 2995 5360 ποιεῖν.
3025 5295 3180 5348 Τοῦτ’
3223 5296 3337 5348 ἐστι
3382 5295 3636 5364 πολεμεῖν
3680 5296 3802 5356 τοὺς

2224 5365 2470 5435 ἐχθροὺς,
2503 5369 2804 5435 συμμαχεῖν
2824 5365 3126 5435 τοίςῌὶδὶοις.
3153 5367 3290 5428 Τοὺς
3325 5364 3428 5434 μὲν
3449 5364 3797 5435 τροποῦσθαι,

2370 5435 2426 5522 δὲ
2453 5431 2878 5522 ῥύεσθαιςάχρις
2901 5431 2962 5490 οῦ
2984 5435 3048 5488 ἂν
3069 5435 3154 5522 θῇ,
3177 5449 3280 5522 etc‘.
3305 5431 3588 5522 Mera'vap
3608 5434 3797 5522 ταῦτα,

2221 5504 2432 5575 οὐδενὸς
2479 5504 2604 5575 τῶν
2656 5503 2959 5575 εἰρημένων
3013 5503 3190 5575 χρεία.
3257 5503 3642 5568 ’Ᾱστασίαστος
3690 5503 3799 5575 γὰρ

2223 5524 2432 5567 ουοενος
2479 5524 2587 5556 των
2656 5524 2740 5575 ειρ
2783 5524 2959 5574 μενων
3013 5524 3190 5575 χρεια.
3263 5524 3642 5568 Αστασιαστος
3690 5524 3799 5575 γαρ

2223 5574 2404 5646 λοιπὸν
2421 5575 2451 5642 ἡ
2471 5524 3022 5642 βασιλείαλΙπ-ΜᾺ
3057 5580 3210 5642 vulgo
3231 5575 3380 5646 ἐχθρ.
3404 5576 3688 5646 ὑποπόδιον
3707 5576 3802 5646 a9-

2223 5642 2337 5706 τοῦ,
2356 5652 2408 5697 et
2425 5639 2598 5712 βασιλ.
2617 5646 2676 5697 οὐ
2698 5646 2783 5710 τό;
2813 5646 2932 5699 Mss.
2958 5646 3026 5697 ἴσ.
3052 5639 3214 5708 οὕτω,
3234 5639 3388 5700 codd.
3421 5639 3481 5699 οῦ
3501 5647 3580 5704 τό,
3612 5647 3650 5697 li
3677 5642 3799 5698 τοῦ·

2225 5730 2286 5765 το
2315 5725 2365 5766 et
2388 5715 2723 5784 ὑποταγῆναι
2761 5719 2872 5780 τοῖς
2905 5717 3060 5770 ποσὶν
3094 5715 3276 5779 αὑτοῦ,
3311 5724 3364 5767 et
3394 5715 3485 5768 ὑπ’
3522 5715 3684 5767 αὑτοῦ
3705 5714 3799 5784 ﬂa-

2227 5783 2405 5848 σιλεύς
2452 5795 2506 5840 et
2557 5782 2773 5854 εἴληφεν
2819 5790 2846 5840 ὁ
2899 5784 3181 5855 ἄνθρωπος
3231 5785 3425 5856 ἀρχήν,
3463 5797 3516 5840 ct
3557 5784 3634 5855 τῷ
3680 5782 3800 5853 Θεῷ

2229 5872 2454 5909 καταστ.
