4190 6406
430 373 536 432 813

1558 370 1838 426 CONTRA
1876 366 2301 425 MARCELLUM
2338 365 2470 422 LIB.
2510 365 2577 421 ll.

3571 368 3679 429 8M

429 511 452 547 ι
491 495 592 551 ὑπ’
607 495 815 558 αὐτοῦ,
839 493 937 547 ἐπὶ
968 492 1122 548 Σιὼν
1146 494 1283 563 ὄρος
1309 491 1374 549 τὸ
1395 492 1565 563 ἅγιον
1588 492 2005 561 αὐτοῦ.Ἕτερα

2114 508 2134 542 ι
2174 491 2288 560 ejus
2306 502 2546 545 sanciunt
2564 490 2629 546 ⁸⁸.
2647 489 2808 544 Aliud
2835 489 2908 546 ibi
2930 505 2943 543 :
2971 488 3224 545 Dominus
3251 492 3508 562 regnauit,
3532 493 3681 549 indi-

430 616 451 649 e
484 599 564 662 δὲ,
609 598 672 650 '0
710 598 919 666 Κύριος
936 597 1313 660 ἐϐασίλευσε,
1362 594 1796 664 ὀρτιζέσθωσαν
1835 593 1996 648 λαοί.

431 705 454 741 ι
493 688 604 743 Καὶ
630 685 804 752 αὖθις·
848 689 910 741 ’θ
929 690 1143 756 Κύριος
1168 688 1587 751 ἐϐασίλευσεν,
1617 684 1999 755 ἁγαλλιάσθω

431 807 453 845 s
489 792 530 860 ἠ
708 792 819 844 Καὶ
866 790 1004 853 ὅλως
1040 789 1249 861 μυρίων
1298 788 1477 860 ῥητῶν
1515 788 1651 860 πρὸς
1697 785 1998 858 μαρτυρίαν

436 908 455 943 ι
491 889 638 945 ἔστιν
664 891 1041 963 εὐπορήσαντα
1076 888 1267 954 δεῖξαι,
1310 889 1392 942 ὅτι
1419 888 1593 958 ἀρχὴν
1626 884 1901 957 βασιλείας
1926 883 2001 937 εί-

433 1014 455 1050 e
490 996 657 1068 ληφεν
698 992 727 1050 ὁ
770 994 1050 1068 ἄνθρωπος
1081 993 1169 1046 διὰ
1210 991 1304 1045 τοῦ
1343 991 1537 1059 Λόγου.
1571 990 1634 1043 Ei
1663 985 1758 1041 οὖν
1782 986 2001 1058 εἴληφεν

435 1112 454 1150 ι
491 1097 663 1171 ἀρχὴν
711 1096 988 1167 βασιλείας
1018 1095 1125 1167 πρὸ
1165 1093 1301 1147 ἐτῶν
1330 1092 1465 1147 ὅλων
1508 1090 1570 1145 οὐ
1615 1088 1876 1142 πλειόνων
1915 1104 2003 1141 τε-

432 1210 454 1242 (
498 1191 818 1262 τρακοσίων,
875 1189 1025 1242 οὐδὲν
1073 1187 1391 1259 παράδοξον,
1441 1187 1490 1239 εί
1554 1178 1644 1238 τὸν
1687 1182 1792 1255 πρὸ
1831 1181 2002 1246 οὕτως

433 1299 452 1334 ι
494 1282 671 1351 ὀλίγου
725 1282 916 1353 χρόνου
972 1281 1073 1352 τῆς
1131 1279 1405 1351 βασιλείας
1441 1277 1646 1349 ταύτης
1696 1276 1925 1346 τυχόντα
1969 1275 1999 1327 ὁ

432 1391 452 1423 ‹
501 1373 815 1437 Ἀπόστολός
831 1389 984 1444 φησι,
1013 1370 1358 1443 παραδώσειν
1379 1370 1477 1443 τὴν
1497 1366 1797 1440 βασιλείαν,
1824 1366 2004 1438 δηλον-

431 1482 451 1515 ι
489 1464 570 1518 ότι
613 1464 692 1536 τῷ
730 1464 848 1535 Θεῷ
872 1464 948 1535 τῷ
989 1464 1386 1534 καταστήσαντι
1413 1462 1594 1525 αὑτὸν,
1638 1458 1713 1523 ὡς
1746 1462 1779 1530 ἡ
1811 1459 1850 1511 Γ
1857 1458 1999 1530 ραφή

430 1572 451 1607 ι
492 1573 643 1627 φησι,
693 1555 938 1627 βασιλέα.
986 1575 1004 1607 ι
1052 1557 1161 1610 Καὶ
1210 1555 1326 1627 μεθ’
1372 1555 1535 1625 ἕτερα
1576 1552 1719 1606 οὕτω
1761 1552 2000 1625 γράφει·

430 1667 449 1700 ι
493 1647 699 1702 Οὐκοῦν
737 1648 983 1721 ἐνεργείᾳ
1015 1648 1170 1719 μόνῃ,
1213 1646 1302 1701 διὰ
1336 1646 1436 1719 τὴν
1475 1646 1573 1716 τῆς
1609 1643 1811 1715 σαρκὸς
1863 1641 1999 1713 πρό-

431 1762 450 1797 s
496 1763 659 1815 φασιν
688 1745 814 1818 ἄχρι
842 1745 1094 1801 τοσούτου
1126 1744 1472 1817 κεχωρῆσθαι
1507 1742 1599 1797 τοῦ
1624 1742 1838 1815 Πατρὸς
1875 1742 2002 1811 φαί-

431 1856 450 1891 ‹
496 1855 665 1903 νεται,
716 1838 874 1911 ἄχρις
909 1831 970 1892 οὗ
1019 1838 1085 1892 ἂν
1121 1841 1150 1892 ὁ
1196 1836 1435 1910 προσιὼν
1472 1836 1572 1906 τῆς
1602 1835 1837 1909 κρίσεως
1870 1835 2001 1887 άνα-
2037 1852 2078 1908 Β

433 1945 454 1979 ι
499 1929 637 1998 φανῇ
696 1928 924 1999 καιρὸς,
978 1927 1064 1980 ἵνα
1108 1925 1218 1980 τῶν
1292 1924 1594 1998 τηνικαῦτα
1654 1923 2008 1995 ἐκκεντησάν-

434 2037 454 2071 ι
496 2036 625 2085 των,
660 2018 799 2073 κατά
825 2019 923 2090 τὴν
951 2018 1311 2091 προφητείαν,
1337 2018 1659 2092 ἑωρακότων
1688 2016 1781 2070 τὸν
1814 2017 2007 2071 ἐκκεν-

435 2139 452 2172 ι
499 2121 750 2191 τηθέντα,
785 2120 928 2174 οὕτω
954 2121 1048 2174 καὶ
1076 2121 1136 2173 τὸ
1158 2119 1477 2191 λειπόμενον
1508 2117 1817 2182 ἀκολούθως
1846 2118 2007 2190 γένη-

434 2240 455 2274 ι
501 2239 609 2276 ται.
634 2222 856 2276 Πάντων
885 2222 994 2294 γὰρ
1026 2225 1084 2277 ὲν
1108 2222 1186 2295 τῷ
1210 2221 1383 2294 καιρῷ
1408 2220 1503 2275 τοῦ
1549 2220 1735 2284 τέλους
1773 2220 2008 2275 ὑποτάσ-

435 2333 453 2366 s
502 2314 686 2369 σεσθαι
732 2314 1033 2386 μελλόντων
1070 2313 1150 2385 τῷ
1183 2312 1425 2385 Χριστῷ,
1477 2312 1554 2376 ὡς
1600 2313 1629 2365 ό
1688 2311 2007 2377 Ἀπόστολος

432 2422 454 2460 ι
502 2409 606 2479 ἔφη
623 2449 638 2473 ,
663 2408 984 2477 τηνικαῦτα
1005 2407 1187 2474 αὐτὸς
1212 2405 1654 2476 ὑποταγήσεται
1678 2403 1757 2471 τῷ
1784 2403 2005 2459 ὑποτά-

436 2518 454 2552 ι
500 2500 671 2565 ξαντι
711 2498 870 2565 αὐτῷ
902 2500 974 2553 τὰ
1012 2499 1228 2553 πάντα.
1274 2499 1401 2551 Ὅτε
1440 2497 1620 2552 τοίνυν
1663 2496 2005 2567 μανθάνομεν

434 2610 455 2644 ι
502 2593 630 2664 περὶ
659 2592 760 2662 τῆς
781 2590 1125 2663 ἀνθρωπίνης
1156 2589 1376 2662 σαρκὸς,
1410 2590 1476 2660 ἢν
1516 2589 1583 2642 δι’
1607 2591 1755 2660 ἡμᾶς
1787 2587 2004 2659 ἀνείλη-

433 2704 452 2736 ι
498 2701 596 2754 φεν
624 2685 653 2737 ὁ
674 2685 863 2751 Λόγος,
902 2682 1007 2753 πρὸ
1024 2682 1389 2753 τετρακοσίων
1416 2681 1513 2751 οὐχ
1539 2680 1674 2734 ὅλων
1708 2680 1865 2745 ἐτῶν,
1882 2680 2003 2733 τότε

432 2802 452 2837 ι
496 2783 700 2855 ταύτην
721 2784 816 2837 καὶ
838 2784 897 2836 ὲν
929 2786 1042 2846 τοῖς
1073 2781 1357 2853 μέλλουσιν
1386 2780 1579 2834 αἰῶσιν
1618 2782 1647 2835 ό
1667 2780 1840 2849 Λόγος
1870 2780 2000 2844 ἕξει,

431 2900 450 2937 ι
494 2886 528 2959 ἢ
560 2886 685 2958 ἄχρι
715 2884 878 2956 μόνον
894 2882 986 2937 τοῦ
1006 2881 1104 2953 τῆς
1132 2881 1364 2954 κρίσεως
1390 2881 1601 2954 καιροῦ.
1637 2880 1869 2951 Ἀνάγκη
1894 2879 2003 2952 γὰρ

432 2997 452 3030 ι
494 2978 555 3031 τὸ
605 2977 713 3031 ὑπὸ
758 2974 853 3029 τοῦ
904 2975 1185 3047 προφήτου
1214 2972 1403 3045 λεχθὲν
1432 2973 1578 3046 ἔργῳ
1614 2972 1998 3043 βεδαιωθῆναι.

433 3088 453 3123 ι
501 3071 793 3138 Ὄψονται
841 3068 973 3137 γὰρ,
1034 3066 1234 3138 φησὶν,
1294 3068 1383 3133 είς
1430 3064 1503 3119 ὃν
1552 3063 1996 3134 ἐξεκέντησαν·

2107 600 2126 634 ι
2170 593 2392 653 gnentur
2433 582 2609 652 populi
2658 583 2726 636 ”.
2785 600 2805 634 ι
2843 582 3007 637 Aliud
3047 598 3059 635 :
3100 581 3361 638 Dominus
3421 587 3677 657 regnavit,

2106 690 2126 725 ι
2171 670 2393 726 exsultet
2434 683 2596 727 terra.
2644 671 2879 729 Omnino
2919 674 3193 729 sexcentis
3231 674 3363 730 licet
3392 691 3460 731 ex
3505 680 3680 734 abun-

2108 786 2127 819 ι
2174 766 2325 822 danti
2390 768 2715 822 testimoniis
2770 767 2873 822 hoc
2932 768 3070 822 idem
3129 769 3523 837 comprobare,
3587 771 3679 827 vix

2108 878 2127 912 ι
2176 860 2322 929 regni
2370 860 2453 914 sui
2505 860 2720 913 initium
2765 860 3038 914 hominem
3088 874 3185 929 per
3226 860 3466 917 Verbum
3516 878 3678 919 acce-

2108 970 2129 1005 ι
2175 952 2341 1023 pisse.
2377 952 2531 1018 Quod
2560 952 2605 1006 si
2640 953 2790 1022 regni
2820 953 3033 1007 initium
3073 956 3282 1024 accepit
3339 956 3503 1012 homo
3548 966 3679 1013 ante

2108 1065 2128 1099 ι
2174 1061 2348 1101 annos
2374 1045 2612 1101 nondum
2639 1060 2766 1101 cccc
2782 1046 3098 1116 completos,
3122 1046 3254 1102 nihil
3280 1057 3365 1104 est
3388 1048 3611 1105 absurdi
3630 1051 3681 1107 si

2109 1158 2129 1193 ι
2166 1140 2454 1209 Apostolus
2503 1137 2751 1210 aﬂirmet,
2800 1140 2951 1193 illum
3010 1141 3101 1209 qui
3156 1142 3369 1210 accepit
3420 1156 3676 1212 regnum.

2109 1250 2128 1283 ι
2172 1231 2332 1287 annis
2378 1230 2576 1286 abhinc
2636 1241 2744 1285 tam
2796 1232 3135 1301 paucissimis
3172 1232 3409 1302 elapsis,
3459 1248 3678 1288 sursum

2111 1342 2131 1375 ‹
2175 1324 2507 1378 redditurum
2540 1338 2660 1378 esse
2697 1337 2923 1393 regnum
2959 1324 3091 1389 Deo,
3118 1325 3209 1395 qui
3243 1326 3417 1393 illum,
3450 1338 3508 1381 ut
3533 1326 3683 1383 Scri-

2110 1432 2130 1465 ι
2175 1423 2329 1484 plura
2380 1414 2495 1479 all,
2538 1413 2820 1468 constituit
2870 1429 3070 1484 regem.
3124 1434 3143 1467 ι
3204 1414 3335 1471 Post
3382 1431 3552 1487 pauca
3600 1417 3679 1472 ita

2104 1507 2297 1562 scribit
2344 1504 2443 1578 [Β.
2477 1504 2613 1577 CIII]
2646 1521 2661 1558 :
2693 1512 2751 1570 >14
2798 1523 2817 1557 ι
2846 1505 3013 1575 Igitur
3052 1505 3169 1561 sola
3215 1509 3528 1577 operatione
3551 1548 3568 1575 ,
3621 1517 3677 1563 et

2115 1616 2134 1650 ι
2178 1599 2396 1666 quidem
2431 1599 2533 1653 sub
2562 1606 2825 1668 praetextu
2849 1597 3052 1662 carnis,
3090 1600 3367 1669 hucusque
3394 1610 3678 1672 separatus

2115 1708 2134 1740 ι
2182 1706 2210 1741 a
2262 1690 2419 1745 Patre
2480 1689 2715 1753 videtur,
2776 1696 2947 1757 usque
2995 1690 3123 1744 dum
3161 1691 3439 1750 advenerit
3483 1691 3677 1761 iudicii

2111 1795 2131 1829 ι
2180 1791 2411 1849 tempus,
2443 1788 2500 1833 ut
2526 1778 2616 1849 qui
2634 1793 2756 1833 eum
2790 1780 3244 1835 trauslixerantin
3268 1795 3391 1836 eum
3424 1782 3674 1837 intuean-

2113 1889 2131 1923 ι
2181 1883 2267 1924 tur
2294 1884 2452 1938 quem
2488 1868 2893 1935 transﬂxerant,
2947 1879 3001 1923 et
3050 1871 3124 1924 ita
3170 1871 3384 1926 demum
3430 1872 3482 1926 id
3533 1875 3676 1943 quod

2114 1979 2134 2013 ι
2179 1962 2426 2032 sequitur
2464 1961 2915 2032 complementum
2954 1977 3113 2017 suum
3157 1964 3435 2019 sortiatur.
3483 1964 3679 2023 Omnia

2113 2073 2133 2108 ι
2179 2055 2345 2121 enim,
2400 2070 2523 2110 cum
2578 2065 2700 2126 post
2742 2054 3005 2124 judicium
3065 2055 3400 2125 subjicienda
3456 2057 3677 2114 Christo

2113 2167 2133 2200 ι
2174 2149 2305 2211 sint,
2340 2148 2795 2218 quemadmodum
2848 2151 3112 2205 asseritur
3147 2152 3216 2205 ab
3250 2150 3530 2220 Apostolo,
3565 2160 3680 2206 tum

2114 2258 2134 2292 ‹
2176 2250 2224 2294 et
2252 2241 2361 2309 ipse
2403 2240 2716 2309 subjicietur
2741 2240 2842 2311 illi,
2871 2242 2962 2313 qui
3000 2242 3101 2312 ipsi
3127 2242 3303 2296 omnia
3334 2244 3604 2313 supposuit
3629 2244 3677 2276 ³⁸

2110 2329 2204 2402 [cf.
2241 2347 2293 2401 p.
2333 2331 2437 2387 190
2460 2330 2561 2403 A}.
2610 2332 2875 2400 Quocirca
2913 2348 3033 2389 cum
3068 2334 3420 2390 didicerimus
3475 2337 3675 2392 huma-

2111 2442 2131 2474 ι
2179 2424 2307 2477 nam
2325 2438 2571 2489 carnem,
2596 2440 2758 2494 quam
2778 2442 2875 2496 pro
2904 2425 3062 2481 nobis
3087 2428 3384 2497 assumpsit
3412 2427 3673 2498 Verbum,

2111 2534 2131 2569 ι
2180 2528 2305 2570 ante
2351 2532 2522 2572 annos
2555 2533 2681 2574 cccc
2714 2528 2855 2575 totos
2882 2535 2987 2576 non
3023 2530 3388 2591 assumptum,
3428 2525 3676 2580 eamdem

2112 2624 2130 2657 ι
2179 2606 2354 2677 ipsum
2387 2615 2722 2673 retenturum
2756 2610 3156 2678 cognoscimus,
3193 2627 3301 2666 non
3332 2613 3468 2668 ultra
3484 2613 3677 2684 judicii

2110 2712 2129 2747 ι
2180 2706 2389 2767 tempus
2409 2698 2472 2761 ,in
2507 2698 2689 2753 futuro
2715 2699 2935 2754 saeculo.
2967 2698 3199 2756 Necesse
3240 2713 3324 2757 est
3364 2704 3510 2759 enim
3544 2720 3677 2760 cou-

2111 2803 2130 2837 ι
2174 2788 2434 2842 summari
2477 2803 2676 2857 opere,
2722 2791 2863 2860 quod
2913 2791 3078 2847 verbo
3120 2793 3437 2858 praedictum
3481 2795 3586 2851 fuit
3644 2812 3678 2853 a

2110 2896 2129 2928 ι
2173 2878 2456 2947 propheta.
2501 2878 2763 2934 Videbunt
2802 2883 2961 2947 enim,
2994 2882 3189 2952 inquit,
3237 2882 3292 2937 in
3330 2883 3481 2939 illum
3521 2902 3678 2956 quem

2109 2985 2128 3018 ι
2174 2969 2567 3037 transfoderunt
2581 2970 2646 3024 ³⁸.
2682 2970 2911 3027 Carnem
2942 2987 3069 3029 vero
3092 2975 3237 3043 quod
3262 2975 3430 3046 quuet
3458 2978 3678 3034 transti-

2108 3075 2129 3110 ι
2175 3070 2390 3116 serunt.
2419 3080 2438 3113 ι
2481 3061 2549 3116 Et
2596 3061 2791 3118 iterum
2846 3061 2946 3136 [Β.
2993 3063 3129 3137 CIV]
3171 3083 3239 3123 ς(
3291 3065 3410 3123 Νοιι
3451 3069 3574 3126 ideo
3618 3080 3681 3128 ut

434 3182 453 3215 ι
498 3161 853 3232 ἐξεκέντησαν
867 3161 942 3226 δὲ,
969 3159 1126 3230 δῆλον
1154 3157 1377 3229 ὄτι,τὴν
1412 3158 1646 3231 σάρκα.»
1682 3159 1794 3212 Καὶ
1827 3176 1999 3231 προσ-

2107 3171 2127 3206 (
2168 3171 2322 3211 suam
2370 3156 2658 3212 utilitatem
2712 3160 3060 3229 procuraret,
3108 3175 3327 3216 carnem
3383 3165 3678 3233 assumpsit

427 3253 607 3326 τίθησι
639 3254 755 3325 μεθ’
784 3253 947 3323 ’ἐτερα
971 3251 1143 3320 λέγων
1162 3267 1175 3281 ·
1208 3269 1228 3303 ι
1263 3252 1385 3304 Ὅτι
1415 3250 1524 3323 γὰρ
1552 3253 1650 3321 οὐχ
1678 3251 1744 3306 ἵν’
1770 3254 1798 3306 ό
1829 3252 2000 3321 Λόγος

2109 3261 2130 3296 ι
2176 3255 2452 3311 nostram,
2482 3248 2575 3302 sed
2602 3258 2661 3302 ut
2694 3262 2792 3317 per
2818 3245 2981 3304 Verbi
3013 3251 3471 3318 communionem,
3522 3253 3678 3309 carni

435 3364 455 3399 ι
500 3344 775 3417 ὠφεληθῇ,
804 3347 904 3416 τὴν
931 3343 1211 3416 ἡμετέραν
1240 3342 1498 3415 ἀνείληφε
1531 3342 1732 3414 σάρκα,
1761 3342 1875 3397 ἀλλ’
1914 3344 2002 3397 ἴνα

435 3459 455 3492 ι
498 3442 531 3511 ἡ
556 3438 691 3510 σάρξ
717 3438 807 3492 διὰ
825 3436 923 3508 τὴν
943 3436 1080 3507 πρὸς
1104 3435 1196 3489 τὸν
1210 3434 1380 3504 Λόγον
1403 3434 1686 3489 κοινωνίαν
1706 3434 2003 3499 ἀθανασίας

435 3551 455 3586 ι
499 3533 657 3606 τύχῃ,
688 3530 846 3602 δῆλόν
870 3527 1107 3582 ἐστικαὶ
1154 3525 1245 3580 ὑπ’
1292 3526 1463 3596 αὐτῆς
1500 3526 1602 3596 τῆς
1627 3526 1723 3579 τοῦ
1749 3526 2003 3598 Σωτῆρος

434 3645 454 3678 ι
496 3624 839 3693 ἀποφάσεως.
866 3620 1004 3692 Περὶ
1029 3618 1139 3691 γάρ
1175 3619 1275 3690 τῆς
1307 3620 1530 3689 σαρκὸς,
1556 3620 1625 3691 ἢν
1648 3619 1786 3690 ἔχων
1807 3620 2002 3690 ὡμίλει

432 3734 454 3768 1
498 3717 607 3778 τοῖς
639 3711 926 3785 μαθηταῖς,
954 3712 1097 3764 οὕτω
1122 3710 1304 3779 λέγει·
1343 3710 1524 3766 Τοῦτο
1555 3708 1713 3780 ὑμᾶς
1737 3710 2003 3765 σκανδα-

436 3825 456 3859 ι
498 3805 640 3867 λίζει
661 3821 681 3869 ;
728 3804 837 3858 ἐὰν
863 3800 979 3859 οὖν
1028 3802 1195 3871 ιδητε
1243 3801 1351 3856 τὸν
1379 3802 1514 3855 Υὶὸν
1552 3802 1661 3857 τοῦ
1686 3802 2002 3872 ἀνθρώπου

438 3916 458 3949 ι
500 3898 752 3953 ἀπιόντα
799 3897 951 3951 ὅπου
1013 3891 1092 3967 ἦν
1138 3894 1205 3948 τὸ
1255 3894 1545 3963 πρότερον
1566 3910 1587 3959 ;
1643 3895 1714 3949 τὸ
1768 3895 2005 3966 πνεῦμα

437 4009 458 4041 ι
503 3985 782 4055 ζωοποιεῖ,
811 3988 850 4057 ὴ
878 3988 1035 4057 σὰρξ
1066 3985 1248 4041 οὐδὲν
1272 3985 1507 4055 ὠφελεῖ.
1536 3986 1600 4039 El
1628 3982 1721 4040 οὖν
1750 3985 2005 4058 ὁμολογεί

438 4101 457 4135 ι
500 4082 597 4154 τὴν
628 4082 803 4153 σάρκα
832 4080 993 4152 μηδὲν
1015 4079 1244 4150 ὠφελεῖν
1269 4078 1451 4141 αὐτὸν,
1493 4078 1610 4143 πῶς
1637 4081 1871 4152 ἐγχωρεῖ
1903 4079 2003 4151 τὴν

437 4193 456 4228 ι
504 4176 566 4229 ὲκ
597 4173 701 4245 γῆς
725 4185 787 4226 τε
808 4168 973 4227 οὖσαν
1005 4171 1099 4225 καὶ
1122 4162 1287 4242 μηδὲν
1319 4168 1631 4239 ὠφελοῦσαν
1647 4211 1662 4236 ,
1688 4171 1782 4224 καὶ
1806 4173 1864 4225 ἐν
1891 4174 2005 4235 τοῖς

436 4286 456 4320 ι
504 4267 781 4337 μέλλουσιν
810 4266 1001 4319 αίῶσιν
1026 4264 1100 4327 ὡς
1132 4263 1279 4335 αὑτῷ
1310 4262 1689 4317 λυσιτελοῦσαν
1719 4264 1829 4336 (8Ι)
1880 4281 2005 4318 συν-

438 4375 457 4410 ι
501 4362 637 4413 εἶναι
666 4357 744 4430 τῷ
765 4358 924 4429 Λόγῳ
945 4374 960 4433 ;
979 4356 1078 4409 Διά
1103 4356 1264 4409 τοῦτο
1283 4354 1391 4427 γάρ
1417 4372 1505 4426 μοι
1527 4355 1672 4410 δοκεῖ
1695 4356 1789 4411 κα)⁵
1815 4356 1845 4408 ό
1871 4374 2006 4411 παν-

438 4469 458 4503 s
502 4451 784 4521 τοκράτωρ
813 4449 1089 4520 Δεσπότης
1118 4449 1254 4521 πρὸς
1287 4448 1446 4504 αὑτὸν
1474 4449 1672 4519 λέγειν·
1704 4448 1903 4504 Κάθου
1936 4448 2005 4502 ἐκ

2111 3355 2130 3389 ι
2178 3337 2466 3409 largiretur
2492 3339 2976 3396 immortalitatem.
3018 3340 3133 3395 Hoc
3166 3342 3249 3398 vel
3276 3343 3344 3397 ab
3389 3344 3503 3413 ipso
3547 3343 3676 3400 Ser-

2110 3444 2129 3477 ι
2176 3438 2367 3483 vatore
2415 3438 2582 3497 patet.
2637 3428 2713 3485 De
2763 3445 2927 3485 carne
2962 3432 3105 3485 enim
3152 3432 3204 3485 in
3253 3449 3359 3504 qua
3404 3450 3526 3490 cum
3561 3436 3676 3493 suis

2110 3537 2129 3571 ι
2178 3519 2456 3590 discipulis
2483 3522 2821 3586 versabatur,
2858 3523 2936 3577 ait
2965 3539 2979 3576 :
3014 3522 3244 3580 lloccine
3290 3542 3380 3581 vos
3411 3529 3674 3584 scandali-

2111 3629 2131 3663 e
2176 3622 2258 3664 sat
2279 3613 2304 3664 7
2331 3611 2470 3676 Quid
2492 3614 2539 3667 si
2561 3614 2777 3667 videatis
2792 3612 2991 3668 Filium
3027 3616 3249 3671 hominis
3275 3634 3335 3671 eo
3363 3623 3636 3677 abeuntem
3654 3666 3671 3692 ,

2111 3723 2132 3757 ι
2179 3707 2266 3760 ubi
2294 3709 2441 3776 prius
2476 3708 2679 3776 fuerat?
2702 3710 2918 3779 spiritus
2934 3713 3179 3781 viviﬁcat,
3204 3730 3328 3768 caro
3343 3724 3518 3769 autem
3545 3714 3675 3769 nihil

2112 3816 2131 3851 ι
2173 3801 2381 3868 prodest
2411 3800 2456 3832 ⁸³
2475 3798 2571 3871 [cf.
2595 3816 2649 3871 p.
2678 3800 2748 3856 43
2772 3800 2816 3854 D
2846 3801 2992 3876 lim].
3025 3804 3179 3870 Quod
3209 3806 3252 3860 si
3281 3806 3512 3862 fateatur
3539 3806 3676 3865 nihil

2110 3910 2131 3944 ι
2180 3892 2315 3962 ipsis
2374 3907 2593 3948 carnem
2636 3895 2928 3964 prodesse,
2983 3898 3252 3965 quomodo
3301 3901 3674 3967 concesserit,

2111 4001 2132 4035 ι
2174 3983 2321 4038 illam
2367 4000 2487 4055 qua:
2511 3986 2578 4039 de
2610 3994 2754 4040 terra
2785 3986 3085 4051 oriebatur,
3132 4003 3254 4057 quae
3284 3990 3418 4044 nihil
3457 3991 3677 4060 prolue—

2111 4094 2129 4127 ι
2178 4085 2278 4143 rat,
2321 4093 2441 4147 qua:
2476 4077 2608 4132 nihil
2641 4078 2916 4148 proderit,
2967 4080 3020 4134 in
3063 4080 3257 4136 futuris
3295 4083 3508 4139 saeculis
3551 4099 3674 4139 cum

2110 4186 2130 4219 ι
2178 4166 2355 4223 Verbo
2389 4167 2676 4237 copulari?
2721 4168 2802 4224 Ob
2830 4169 2969 4225 hanc
2995 4179 3141 4225 certe
3173 4186 3392 4225 causam
3422 4173 3675 4243 omnipo-

2110 4275 2129 4308 ‹
2172 4266 2289 4312 tens
2342 4258 2601 4315 Dominus
2645 4258 2859 4315 videtur
2918 4261 3048 4315 mihi
3102 4262 3182 4317 sic
3240 4262 3431 4319 allatus
3482 4264 3674 4320 illum:

2110 4367 2130 4402 ι
2170 4349 2304 4405 Sede
2361 4368 2393 4405 ο
2447 4352 2648 4407 dextris
2683 4353 2832 4421 meis,
2860 4369 3121 4424 quousque
3168 4370 3389 4424 posuero
3428 4357 3677 4413 inimicos

2112 4459 2131 4493 ι
2170 4451 2288 4496 tuos
2314 4443 2595 4498 seabellum
2625 4447 2815 4511 pedum
2845 4454 3055 4499 tuorum
3096 4445 3159 4499 ³³.
3195 4446 3421 4515 Propter
3450 4461 3674 4502 carnem

440 4561 460 4595 ι
504 4536 718 4608 δεξιῶν
739 4558 882 4612 μου,
914 4542 1024 4606 ἕως
1054 4539 1131 4595 ἂν
1160 4540 1240 4596 θῶ
1269 4541 1409 4608 τοὺς
1435 4541 1689 4612 ἐχθρούς
1709 4556 1824 4595 σου
1857 4543 2006 4596 ὑποι-

2116 4551 2135 4585 ι
2183 4533 2472 4589 humanam
2523 4536 2735 4591 videtur
2800 4537 2931 4591 mihi
2994 4537 3105 4592 sola
3152 4538 3467 4607 operatione
3520 4538 3675 4595 illum

439 4655 458 4688 ι
502 4635 713 4689 πόδιον
735 4632 851 4687 τῶν
873 4631 1072 4686 ποδῶν
1098 4649 1234 4697 σου,
1258 4634 1503 4704 ἐνεργείᾳ
1528 4632 1662 4703 μόνῃ
1683 4630 1771 4684 διά
1796 4632 1895 4702 τὴν
1922 4631 2014 4685 ἀν-

2122 4644 2142 4678 ι
2181 4642 2456 4695 separare,
2482 4634 2537 4682 et
2565 4629 2851 4683 terminum
2881 4628 2953 4683 illi
2973 4629 3174 4698 lingere
3192 4630 3543 4683 constitutum
3561 4644 3677 4684 ses-

435 4748 455 4781 s
503 4727 782 4801 θρωπίνην
812 4726 1010 4796 σάρκα,
1039 4722 1294 4796 χωρίζειν
1311 4722 1471 4777 αὐτὸν
1490 4720 1684 4786 δοκῶν,
1709 4721 1804 4775 καὶ
1827 4718 2014 4793 ὥσπερ

2118 4734 2139 4767 ι
2179 4717 2349 4772 siouis
2402 4735 2432 4771 a
2482 4720 2689 4773 dextris
2740 4718 2858 4783 Dei,
2916 4728 3077 4787 atque
3125 4719 3273 4773 illum
3326 4720 3401 4774 ita
3452 4718 3672 4787 allatus,

436 4840 455 4872 ι
504 4819 666 4893 ῥητόν
694 4833 817 4872 τινα
858 4817 1047 4889 χρόνον
1083 4815 1278 4888 ὁρίζων
1306 4814 1452 4885 αὑτῷ
1480 4814 1578 4881 τῆς
1611 4815 1668 4867 ιν
1704 4813 1856 4883 δεξιᾷ
1876 4812 2012 4866 καθ-

2115 4826 2135 4856 ι
2181 4825 2343 4879 usque
2368 4810 2493 4863 dum
2508 4826 2728 4878 posuero
2753 4809 3124 4863 inimicostuos
3150 4808 3430 4864 scabellum
3458 4810 3677 4877 pedibus

437 4931 456 4964 ι
502 4911 683 4983 έδρας,
736 4907 877 4962 οὓτω
915 4908 1049 4977 φησὶ
1087 4906 1222 4977 πρὸς
1255 4905 1417 4958 αὐτόν
1440 4919 1455 4934 ο
1488 4904 1635 4969 Ἕως
1664 4902 1741 4956 ἂν
1762 4900 1844 4955 θῶ
1870 4901 2010 4967 τοὺς

2113 4918 2133 4952 ι
2179 4901 2301 4954 tuis.
2340 4899 2719 4969 PrOpheticutn
2757 4900 2859 4954 hoc
2918 4899 3133 4955 Itavidis
3162 4901 3382 4956 ell‘atum
3431 4903 3675 4974 explica-

436 5023 456 5056 ι
499 5003 750 5074 ἐχθρούς
765 5016 881 5054 σου
908 4998 1236 5053 ὑποπόδιον
1263 4995 1381 5050 τῶν
1395 4991 1924 5048 ποδῶνσου.Τοῦτο
1947 4992 2003 5045 δὲ

2113 5008 2132 5042 ι
2175 4992 2281 5045 tius
2308 4991 2543 5046 elucidat
2576 5001 2800 5047 sanctus
2827 4992 3115 5061 Apostolus
3145 4994 3212 5047 ad
3240 4996 3383 5047 hunc
3411 4998 3627 5050 modum
3654 5010 3672 5050 :

438 5113 456 5144 ι
497 5093 559 5147 τὸ
595 5089 928 5162 προφητικὸν
955 5088 1049 5141 τοῦ
1082 5088 1247 5141 Δαυῖδ
1288 5085 1400 5157 (82)
1447 5085 1609 5158 ῥητὸν
1660 5083 1996 5155 σαφέστερον

2112 5100 2131 5133 ι
2174 5081 2386 5151 Oportet
2419 5081 2565 5135 illum
2605 5098 2821 5151 regnare
2862 5096 3128 5151 quousque
3167 5084 3393 5152 pasuerit
3435 5086 3675 5141 inimicos

439 5205 457 5238 ι
503 5187 632 5256 ἡμῖν
652 5181 1014 5255 ὲρμηνεὺωνό
1042 5174 1692 5251 ἱερδς’Λπόστολος,οὖτω
1725 5191 1841 5239 πως
1870 5175 1993 5246 ἔφη’

2109 5193 2128 5226 ι
2176 5175 2339 5245 ipsius
2367 5173 2755 5243 suppedaneum
2780 5174 2997 5244 pedibus
3029 5172 3144 5245 ejus
3181 5175 3248 5230 ³⁵.
3277 5196 3296 5230 ι
3338 5177 3676 5249 Dispensatio

507 5352 565 5411 ὦ
597 5345 691 5400 Erl.
720 5344 890 5398 Paris.
920 5358 1040 5412 pag.
1066 5340 1154 5396 51.
1263 5339 1479 5412 ’ἐξειιῇ
1508 5355 1571 5403 ιι,
1597 5337 1752 5412 6.“?
1782 5337 1923 5395 Psal.
1967 5351 2126 5404 xcvr,
2178 5338 2226 5392 I.
2307 5335 2529 5395 “ICor.
2557 5352 2642 5402 xv,
2668 5335 2759 5390 28.
2836 5336 2878 5367 ³¹
2904 5336 3137 5392 Zachar.
3160 5353 3256 5405 sn,
3276 5338 3364 5394 l0.
3440 5340 3485 5373 ³³
3511 5338 3671 5399 Joan.

431 5406 724 5481 "Eis-64.
801 5406 1219 5479 "Ps'al:c1x,l.
1297 5406 1750 5477 “ICor.xv,25.

500 5553 610 5626 (8|)
678 5555 1165 5626 Avmreloﬁoar.
1211 5551 1368 5606 Deest
1429 5560 1555 5606 ante
1593 5551 1732 5626 hanc
1783 5566 1996 5626 vocem,

2107 5550 2198 5623 ρόν
2221 5621 2230 5626 _
2257 5550 2404 5616 fecit;
2430 5561 2484 5605 at
2512 5553 2633 5626 ipse
2657 5552 2908 5626 Christus
2938 5558 3251 5624 pronuntiat
3277 5571 3496 5613 carnem
3538 5557 3671 5613 nihil

433 5621 632 5699 μηδὲν,
688 5627 820 5681 nihil
876 5637 985 5699 tum
1044 5623 1375 5699 profuturam
1417 5637 1635 5699 carnem
1670 5621 1756 5699 ‘in
1818 5622 1996 5699 [ιιιιιςυ
2103 5621 2559 5699 prodessepqnid
2613 5638 2741 5699 ergo
2797 5621 3085 5699 ipsi_'opus
3132 5628 3219 5681 illa
3272 5642 3456 5699 carne,
3502 5628 3553 5699 in
3587 5635 3672 5699 In-

430 5690 650 5767 szeculti.
704 5690 1155 5767 quemadmodum
1217 5708 1317 5767 n_ec
1364 5693 1417 5746 in
1474 5693 1597 5745 isto.
1668 5691 1770 5748 Pro
1810 5690 1991 5767 ῶσαύα
2103 5690 3018 5767 tnro‘smcitlo'nnnprofutura?M.
3047 5727 3118 5767 έ-
3155 5690 3467 5767 Scripsitiu;
3496 5695 3664 5767 αὐτῷ.

428 5781 536 5830 τως
576 5761 907 5837 ειΙὶΙ-ιὶἀὺτῷ
965 5766 1176 5831 legitur.
1237 5761 1355 5837 Est‘
1406 5769 1622 5837 autem,
1684 5777 1750 5819 ac
1812 5763 1872 5837 si
1922 5764 1993 5816 ita

2168 5761 2280 5833 (82)
2329 5762 2509 5837 Τοῦτο
2524 5761 2688 5817 δὲ’τὸ
2737 5766 3109 5835 προφητικὸν
3126 5768 3231 5823 τοῦ
3256 5761 3455 5821 Δαυτδ.
3500 5761 3667 5821 Itecie

431 5830 902 5905 argumentantur
950 5853 963 5889 :
1020 5830 1163 5891 Deus
1225 5832 1358 5889 nihil
1411 5830 1612 5901 φαῦλον
1663 5844 1756 5893 aut
1819 5833 1993 5905 φλυα-
2097 5830 2369 5903 componit
2434 5834 2520 5891 hic
2581 5830 2931 5907 Apostolum,
2972 5848 3025 5892 et
3072 5849 3247 5894 vatem
3286 5837 3514 5909 regium,
3561 5838 3656 5917 sed
