4158 6390
363 419 465 472 817

1472 417 1749 472 CONTRA
1791 416 2213 473 MAIICELLUM
2253 417 2379 471 LIB.
2422 417 2487 472 II.

3484 419 3586 474 81⁵8

371 554 389 587 ι
437 552 548 600 σιος
571 537 758 608 είρηκε
782 535 1008 600 Παῦλος,
1044 537 1184 592 οὕτω
1208 556 1321 602 πως
1350 539 1534 592 εῐπιὲιν·
1573 535 1716 594 Εἶτα
1744 539 1809 593 τό
1836 538 1924 592 τέ-

2048 557 2050 588 :
2105 554 2344 593 carnem.
2379 537 2531 605 Quod
2561 538 2603 593 si
2637 548 2816 593 nostra
2865 546 3071 591 tantum
3102 553 3263 592 causa
3306 540 3597 609 assumpsit

371 647 390 680 ι
433 631 566 694 λος,
598 627 745 681 ὅταν
765 629 1064 698 παραδιδῷ
1088 629 1202 698 τὴν
1218 630 1543 694 βασιλείαν
1571 626 1648 695 τῷ
1683 629 1802 694 Θεῷ
1826 629 1922 683 καὶ

375 741 392 771 ι
433 721 637 790 Πατρί.
675 740 694 773 ι
722 720 944 784 Τούτοις
976 721 1093 790 μεθ’
1119 722 1281 793 ἕτερα
1308 722 1562 789 ἐπιλέγει·
1597 740 1614 770 ι
1640 722 1846 775 Οὐκοῦν
1865 721 1923 774 οὐ

375 828 392 861 ι
435 810 502 863 δι’
535 811 745 874 ἑαυτὸν,
785 811 918 864 ἀλλὰ
945 810 1011 862 δι’
1047 812 1214 880 ἡμᾶς,
1249 810 1346 882 τὴν
1403 811 1749 882 ἀνθρωπίνην
1787 809 1929 863 ἀνεί-

375 921 392 953 ι
441 901 576 972 ληφε
620 902 816 973 σάρκα.
847 904 907 964 Ei
941 903 996 956 δὲ
1035 902 1101 955 δι’
1125 905 1270 974 ἡμᾶς
1305 902 1608 972 ἀνειληφὼς
1659 902 1925 970 φαίνεται,

376 1011 396 1044 ι
444 992 619 1050 πάντα
638 994 693 1048 δὲ
718 995 787 1048 τά
809 994 928 1048 καθ’
957 997 1122 1065 ἡμᾶς,
1140 998 1203 1066 τῇ
1231 994 1392 1049 αὑτοῦ
1418 995 1639 1066 προνοίᾳ
1658 994 1749 1048 καὶ
1781 995 1930 1064 ὲνερ⁹

375 1104 398 1139 ι
444 1087 587 1158 γείᾳ,
618 1088 674 1140 ὲν
700 1086 778 1158 τῷ
809 1087 984 1159 καιρῷ
1027 1087 1127 1156 τῆς
1171 1087 1404 1160 κρίσεως
1433 1087 1616 1150 τέλους
1664 1085 1928 1151 τεύξεται,

379 1193 400 1228 ι
444 1177 626 1230 οὐκέτι
668 1177 786 1229 οὐδὲ
825 1177 1029 1247 ταύτης
1064 1178 1162 1247 τῆς
1191 1180 1248 1231 ἐν
1285 1177 1438 1249 μέρει
1477 1177 1750 1247 βασιλείας
1779 1176 1930 1230 ἔσται

379 1287 399 1319 ‹
444 1269 619 1340 χρεία.
660 1287 677 1320 ι
716 1269 897 1323 Ταῦτα
928 1269 1242 1341 Μάρκελλος
1266 1268 1454 1332 εἰπὼν,
1485 1265 1602 1323 εἶτα
1651 1269 1930 1323 συναισθό-

378 1376 535 1429 μενος
573 1360 762 1414 ὲαυτοῦ
788 1363 864 1425 είς
896 1360 1096 1414 ἄτοπον
1138 1362 1569 1426 ὲκπεπτωκότος,
1613 1361 1932 1434 προστίθησι

374 1453 485 1514 τοῖς
520 1451 828 1522 εἰρημένοις
862 1451 1032 1505 ταῦτα
1055 1468 1068 1481 ο
1104 1470 1123 1504 ι
1162 1453 1224 1505 ΕΞ
1247 1451 1304 1505 δέ
1330 1469 1411 1516 τις
1446 1451 1614 1520 λέγοι,
1653 1451 1742 1504 διὰ
1762 1450 1934 1504 ταῦτα

378 1558 402 1594 s
445 1541 541 1612 τὴν
565 1542 908 1614 ἀνθρωπίνην
943 1545 1120 1616 σάρκα
1147 1542 1300 1609 ἀξίαν
1338 1538 1590 1596 εἵναιτοῠ
1624 1543 1818 1611 Λόγου,
1853 1544 1935 1598 ὅτι

381 1649 401 1683 ι
446 1632 533 1686 διὰ
560 1632 659 1702 τῆς
683 1634 1031 1698 ἀναστάσεως
1059 1634 1319 1690 ἀθάνατον
1337 1635 1507 1706 αὐτὴν
1540 1637 1933 1705 ἀπειργάσατο,

383 1742 403 1775 ι
449 1722 660 1792 γνώτω,
693 1725 775 1778 ὃτι
820 1725 880 1778 οὑ
934 1727 1038 1780 πᾶν
1089 1727 1226 1798 ὅπερ
1269 1726 1550 1791 ἀθάνατον,
1605 1728 1760 1779 τοῦτο
1789 1725 1938 1790 ἀξιον

384 1835 402 1865 ι
447 1814 599 1868 Θεοῦ.
641 1815 857 1880 Μείζων
899 1818 1008 1888 γὰρ
1060 1819 1153 1871 καὶ
1198 1818 1362 1888 αὐτῆς
1410 1821 1508 1889 τῆς
1555 1817 1851 1880 ἀθανασίας
1907 1819 1936 1870 6

382 1923 402 1957 ι
441 1905 590 1972 Θεὸς,
607 1908 636 1960 6
653 1910 716 1978 τῇ
740 1907 932 1960 ἑαυτοῦ
962 1907 1206 1979 βουλήσει
1226 1908 1318 1962 καὶ
1345 1909 1411 1962 τὰ
1447 1907 1521 1980 μὴ
1555 1910 1678 1962 ὄντα
1695 1908 1938 1963 ἀθάνατα

383 2016 403 2048 ι
448 2000 620 2050 ποιεῖν
666 1998 978 2068 δυνάμενος.
1021 2001 1142 2053 Ὅτι
1183 2000 1239 2053 δὲ
1286 2001 1346 2052 οὐ
1400 2002 1508 2054 πᾶν
1554 1999 1615 2052 τὸ
1672 2000 1935 2053 ἀθάνατον

383 2107 401 2137 ι
447 2089 682 2159 ἡνῶσθαι
697 2089 814 2160 Θεῷ
829 2089 975 2153 ἀξιον
986 2090 1161 2161 δῆλον,
1177 2091 1258 2144 ὃτι
1278 2093 1372 2144 καὶ
1388 2091 1493 2144 ἀπὸ
1509 2090 1620 2156 τοῦ,
1640 2092 1830 2161 ἀρχὰς,
1847 2093 1937 2145 καὶ

386 2197 407 2230 ι
452 2179 718 2247 ἐξουσίας,
755 2183 848 2234 καὶ
903 2183 1185 2250 ἀγγέλους,
1241 2184 1540 2248 ἀθανάτους
1580 2185 1738 2250 ὄντας
1775 2187 1936 2256 μηδὲν
1980 2247 1992 2253 ι

384 2288 407 2324 ι
450 2272 723 2342 διαφορείν
752 2275 816 2343 τῇ
851 2273 1060 2344 ένότητι
1093 2274 1184 2328 τοῦ
1206 2275 1340 2327 Θεοῦ
1375 2276 1510 2347 (88).
1538 2275 1735 2328 »Ταῦτ’
1771 2277 1938 2330 εἰπὼν

383 2363 476 2423 καὶ
509 2363 697 2435 ὥσπερ
729 2366 809 2428 εἰς
855 2365 1014 2436 βυθὸν
1052 2367 1279 2430 ἀτοπίας
1318 2369 1506 2421 ἑαυτὸν
1549 2369 1940 2422 ἐκπεπτωκότα

384 2453 815 2524 συναισθόμενος,
847 2455 1226 2510 ἀνακαλεῖσθαι
1274 2461 1524 2529 πειρᾶται
1562 2459 1760 2530 τρόπον
1798 2459 1936 2522 τινὰ,

382 2544 884 2614 ἐξομολογούμενος,
917 2548 996 2600 ὅτι
1032 2548 1194 2618 μηδὲν
1230 2550 1494 2618 ἠπίστατο
1535 2543 1608 2604 ὧν
1649 2551 1822 2618 ἔλεγε.
1851 2553 1942 2604 Διὸ

383 2637 643 2706 ἐπανάγει
665 2638 793 2708 (89)·
819 2659 836 2689 ι
859 2639 919 2692 ΕΞ
938 2639 993 2692 δέ
1019 2657 1100 2704 τις
1125 2641 1252 2712 περὶ
1276 2641 1374 2712 τῆς
1396 2642 1591 2714 σαρκὸς
1621 2643 1818 2712 ταύτης
1845 2645 1942 2714 τῆς

390 2746 409 2778 ι
458 2729 517 2780 ὲν
550 2727 626 2798 τῷ
659 2731 834 2800 Λόγῳ,
870 2729 1136 2784 ἀθανάτου
1165 2732 1468 2800 γεγονυίας,
1504 2733 1816 2785 πυνθάνοιτό
1864 2750 1937 2798 τι,

389 2832 408 2866 ι
455 2817 632 2886 φαμὲν
664 2817 798 2888 πρὸς
829 2819 1027 2871 αὐτόν·
1066 2821 1186 2874 Ὅτι
1231 2820 1575 2892 δογματίζειν
1627 2824 1724 2893 μὲν
1783 2825 1942 2894 ἡμεῖς

391 2925 410 2959 ι
459 2908 582 2979 περὶ
606 2901 680 2962 ὦν
709 2909 783 2981 μὴ
817 2911 1059 2982 ἀκριϐῶς
1102 2913 1249 2984 παρά
1283 2912 1391 2965 τῶν
1433 2913 1592 2967 θείων
1626 2915 1944 2985 μεμαθήκα-

393 3017 411 3050 ι
459 3017 556 3070 μεν
604 3001 834 3073 Γραφῶν
866 3004 965 3056 οὐκ
1004 3004 1242 3073 ἀσφαλὲς
1289 3000 1425 3058 εἶναι
1477 3005 1782 3076 νομίζομεν.
1821 3005 1943 3070 Πῶς

393 3110 410 3140 ι
457 3090 564 3162 γάρ
612 3091 769 3146 τοῦτο
818 3095 1076 3163 πράττειν
1106 3094 1324 3148 δυνατὸν
1354 3099 1466 3158 τοῖς
1499 3098 1592 3149 καὶ
1635 3096 1702 3150 τά
1745 3098 1943 3169 ἑτέρων

2035 647 2054 682 t
2103 629 2268 691 illam,
2299 641 2448 684 certe
2475 631 2654 684 omnia
2687 647 2807 701 qua;
2839 638 3024 684 nostra
3063 645 3225 684 causa
3264 631 3596 701 providentia

2035 739 2054 772 ι
2102 731 2156 776 et
2193 719 2386 775 ell‘ertu
2421 730 2699 790 procurat,
2737 721 2941 791 judicio
2968 730 3376 786 consummato,
3405 737 3598 777 conse-

2037 832 2055 865 ι
2103 825 2340 881 quentur
2381 813 2540 866 tinem
2569 832 2581 866 :
2611 822 2666 866 ut
2705 830 2802 868 nec
2828 829 2963 884 Oplls
2990 813 3061 868 sit
3088 814 3189 866 hoc
3222 827 3389 882 regno
3431 814 3599 880 parti-

2036 924 2054 957 ι
2103 905 2295 960 culari.
2336 924 2354 956 ι
2414 902 2538 957 Hmc
2585 905 2676 958 ubi
2725 912 2978 975 posuerat
3026 901 3326 964 Marcellus,
3376 902 3474 956 sibi
3505 902 3598 955 de-

2032 1014 2178 1052 mum
2232 997 2483 1052 conscius
2531 1012 2664 1065 quas
2723 997 2774 1050 in
2827 997 3092 1052 absurdas
3134 997 3416 1062 opiniones
3461 993 3597 1048 inci-

2032 1088 2218 1156 disset,
2274 1088 2339 1142 ad
2381 1088 2628 1156 superius
2657 1087 2796 1142 dicta
2833 1089 3071 1144 annectit
3116 1087 3214 1142 ista
3251 1086 3340 1159 [11.
3381 1081 3541 1156 CVII]
3580 1099 3594 1137 :

2041 1199 2058 1230 ι
2108 1181 2260 1248 Quod
2287 1181 2329 1234 si
2364 1181 2486 1248 quis
2515 1179 2646 1234 velit
2673 1179 3022 1244 pronuntiare
3047 1221 3060 1242 ,
3102 1181 3170 1234 ob
3203 1180 3315 1234 hmc
3346 1179 3459 1248 ipsa
3485 1194 3599 1232 me-

2039 1289 2057 1322 ι
2107 1273 2210 1324 reri
2245 1273 2533 1327 humanam
2563 1286 2806 1332 carnem,
2827 1279 2886 1324 ut
2915 1272 3090 1325 Verbo
3117 1271 3494 1340 conjungatur,
3531 1270 3601 1324 ob

2039 1380 2059 1412 ι
2115 1364 2287 1432 ipsum
2328 1363 2457 1416 illud
2494 1362 2633 1432 quod
2668 1377 2764 1431 per
2793 1364 3252 1416 resurrectionem
3299 1363 3443 1417 illam
3479 1363 3604 1417 red-

2042 1475 2060 1506 ι
2109 1456 2304 1509 diderit
2334 1455 2734 1520 immortalem,
2782 1465 3079 1523 cognoscat
3119 1455 3164 1508 is
3210 1465 3442 1524 oportet,
3492 1471 3601 1510 non

2042 1563 2060 1593 s
2108 1545 2150 1599 si
2187 1545 2314 1612 quid
2356 1545 2661 1598 immortale
2703 1545 2968 1608 exsistat,
3006 1545 3134 1598 illud
3166 1547 3348 1599 statim
3383 1546 3601 1615 diguunt

2043 1655 2062 1688 ι
2119 1637 2226 1690 Deo
2288 1637 2426 1690 fieri.
2479 1637 2647 1706 Major
2697 1649 2780 1693 est
2829 1641 2971 1693 enim
3029 1639 3143 1708 ipsa
3198 1639 3604 1693 immortalitate

2044 1746 2063 1779 ι
2109 1727 2269 1790 Deus,
2303 1728 2392 1796 qui
2421 1742 2516 1781 sua
2553 1728 2786 1797 simplici
2818 1729 3114 1793 voluntate,
3134 1738 3309 1797 potest
3339 1745 3399 1782 ca
3425 1731 3605 1784 facere

2045 1837 2064 1869 ι
2111 1817 2456 1881 immortalia,
2483 1833 2602 1886 qua:
2625 1833 2730 1871 non
2761 1829 2885 1872 sunt
2909 1817 3070 1875 talia.~
3100 1815 3439 1870 Manifestum
3473 1832 3605 1872 vero

2043 1928 2061 1959 ι
2105 1920 2209 1971 est,
2239 1925 2343 1962 non
2371 1909 2510 1964 idem
2547 1925 2667 1965 esse
2687 1910 2907 1980 dignum
2940 1910 3050 1964 Deo
3083 1909 3502 1978 copulari,quod
3525 1918 3607 1964 est

2042 2018 2062 2052 ι
2111 2000 2429 2065 immortale,
2451 2013 2730 2069 propterea
2753 2000 2892 2068 quod
2915 1999 3267 2069 principatus,
3291 2009 3606 2068 potestates,

2044 2109 2062 2141 ι
2101 2091 2270 2161 angeli
2307 2097 2364 2154 »Β
2393 2107 2511 2144 cum
2544 2092 2650 2144 sint
2681 2101 2728 2145 et
2761 2091 2862 2161 ipsi
2885 2091 3237 2154 immortales,
3264 2090 3395 2144 nihil
3425 2099 3604 2144 tamen

2045 2201 2063 2232 ι
2103 2183 2296 2235 habent
2322 2197 2441 2236 cum
2479 2181 2568 2234 Dei
2605 2184 2810 2236 unitate
2833 2197 3167 2237 commune.»
3197 2181 3323 2236 IImc
3343 2181 3429 2235 ubi
3459 2181 3611 2235 dixe-

2043 2285 2164 2336 rat,
2209 2275 2477 2328 intellecto
2548 2275 2600 2328 in
2647 2292 2806 2344 quam
2857 2275 3177 2343 profundam
3251 2273 3608 2328 absurditatia

2041 2366 2292 2436 abyssum
2345 2358 2650 2432 inciderat,
2691 2383 2946 2422 revocare
2984 2377 3211 2421 conatur
3265 2366 3422 2421 modo
3471 2381 3623 2435 quos.

2041 2456 2161 2508 dam
2183 2495 2197 2518 ,
2231 2456 2565 2509 confessione
2602 2456 2739 2511 facta
2764 2496 2779 2521 ,
2816 2473 2874 2511 se
2903 2457 3033 2510 nihil
3064 2473 3250 2510 eorum
3297 2471 3424 2525 qua:
3450 2455 3604 2522 dixit,

2043 2544 2371 2598 intellexisse
2406 2543 2496 2616 lli.
2533 2545 2688 2599 CVIII
2717 2546 2839 2600 coll.
2866 2561 2919 2614 p.
2959 2547 3058 2598 I77
3098 2545 3189 2618 A].
3243 2564 3261 2596 ι
3306 2545 3607 2613 Quocirca,

2047 2653 2066 2686 ι
2104 2635 2199 2699 ait,
2240 2636 2282 2687 si
2319 2635 2440 2703 quis
2477 2651 2574 2690 nos
2603 2637 2902 2704 interroget
2936 2639 3001 2690 de
3033 2652 3193 2690 carne
3222 2637 3320 2690 ista
3351 2676 3365 2700 ,
3397 2650 3516 2704 qua:
3547 2636 3600 2690 in

2050 2743 2069 2776 ι
2109 2724 2284 2779 Verbo
2331 2738 2430 2788 est,
2471 2744 2538 2780 an
2571 2728 2641 2781 sit
2672 2727 3011 2791 immortalis,
3042 2727 3452 2797 respondemus,
3507 2742 3619 2782 nos.

2048 2835 2067 2869 ι
2112 2833 2214 2872 11011
2262 2834 2420 2888 posse
2471 2819 2772 2889 dogmatice
2807 2819 3170 2873 detertninare
3207 2819 3296 2872 illa
3335 2835 3454 2891 quae
3502 2833 3630 2874 non.

2050 2928 2069 2960 ι
2106 2920 2297 2963 exacte
2322 2909 2671 2964 didicerimus
2697 2925 2728 2964 e
2762 2909 3058 2978 Scripturis
3091 2911 3260 2964 sacris
3282 2951 3297 2974 ,
3322 2911 3461 2980 quod
3493 2926 3611 2964 om-

2051 3021 2068 3053 ι
2110 3002 2236 3054 uiuo
2284 3002 2513 3055 intutum
2543 3000 2868 3069 judicamns.
2919 3000 3050 3054 Nam
3101 3017 3206 3070 quo
3242 3011 3396 3071 pacto
3447 3001 3498 3055 id
3537 2999 3628 3056 illt.

2053 3112 2071 3146 s
2108 3105 2368 3164 praestare
2399 3103 2671 3164 poterunt,
2707 3093 2796 3161 qui
2825 3093 2957 3147 scita
2989 3094 3308 3146 sabrertunt
3340 3091 3616 3148 aliorum?

393 3203 413 3238 ι
451 3185 808 3257 ἀνατρέπουσι
829 3186 1101 3256 δόγματα;
1133 3187 1269 3241 Ἀλλ’
1293 3188 1522 3260 ἐροῦμεν
1543 3190 1674 3261 πρὸς
1693 3190 1942 3262 τοὺςΙ(90)

2053 3206 2072 3238 ι
2112 3186 2356 3240 Dicemus
2405 3187 2567 3256 igitur
2621 3186 2686 3238 ad
2727 3185 2884 3248 illos,
2933 3185 3023 3254 qui
3074 3185 3354 3238 scientiam
3417 3186 3614 3238 barum

395 3295 414 3330 ι
459 3277 549 3330 τὸν
581 3278 780 3349 ἀκριϐῆ
819 3279 944 3348 περὶ
986 3279 1172 3332 τούτου
1200 3279 1385 3350 μαθεῖν
1411 3281 1539 3352 παρ’
1567 3281 1723 3352 ἡμῶν
1756 3282 1942 3352 βουλο-

393 3383 413 3418 ι
463 3366 652 3436 μένους
683 3367 836 3435 λόγον
868 3367 998 3437 (91),
1027 3371 1106 3426 ὅτι
1137 3369 1477 3439 πεισθόμενοι
1497 3369 1573 3440 τῷ
1611 3371 1742 3441 ἱερῷ
1786 3372 1946 3424 Ἀπο-

395 3477 413 3509 ι
461 3459 629 3528 στόλῳ
664 3459 838 3530 ἴσμεν,
869 3461 949 3514 ὃτι
981 3461 1150 3525 οὕτως
1181 3463 1326 3532 ἡμᾶς
1349 3463 1478 3533 όρᾷν
1501 3461 1568 3515 τὰ
1595 3463 1946 3534 ἀποκεκρυμ-

391 3567 411 3602 ι
460 3549 595 3620 μένα
643 3554 911 3622 μυστήρια
951 3552 1236 3622 προσήκει,
1270 3551 1345 3614 ὡς
1373 3551 1536 3613 αὐτὸς
1568 3550 1694 3618 ἔφη,
1722 3549 1949 3604 Βλέπο-

391 3662 413 3696 s
450 3661 565 3713 μεν
591 3642 700 3714 γάρ
732 3643 878 3713 ἄρτι,
913 3645 1063 3712 φησὶ,
1099 3643 1170 3696 δι’
1194 3643 1491 3710 ἐσόπτρου
1518 3643 1588 3695 ἐν
1615 3643 1910 3710 αἰνίγματι
1930 3657 1944 3672 ⁸

390 3751 414 3787 ι
457 3736 589 3789 τότε
620 3733 688 3787 δὲ
724 3734 1046 3800 πρόσωπον
1082 3733 1233 3801 πρὸς
1280 3732 1620 3800 πρόσωπον.
1665 3733 1817 3797 Ἄρτι
1860 3747 1947 3799 γι-

393 3843 414 3877 s
457 3823 768 3894 νὼσκσμεν
806 3823 873 3877 ἐκ
911 3823 1166 3894 μέρους,
1213 3825 1345 3876 τότε
1386 3823 1454 3876 δὲ
1504 3823 1950 3892 ἐπιγνωσόμεθα

393 3935 414 3969 ι
457 3916 649 3983 καθὼς
681 3918 776 3970 καὶ
812 3916 1287 3985 ἐπεγνώσθημεν.
1316 3915 1476 3966 Ὥστε
1512 3915 1582 3985 μή
1619 3929 1718 3983 μου
1749 3911 1950 3965 πυνθά-

395 4026 416 4063 s
461 4026 552 4062 νου
587 4012 716 4079 περὶ
762 4001 834 4062 ὧν
867 4007 1048 4078 σαφῶς
1082 4007 1232 4077 παρά
1278 4007 1376 4076 τῆς
1421 4005 1569 4067 θείας
1610 4004 1829 4075 Γραφῆς
1875 4002 1949 4074 μὴ

396 4118 415 4153 ι
466 4099 779 4171 μεμάθηκα.
824 4101 922 4152 Διά
951 4098 1108 4151 τοῦτο
1133 4098 1312 4150 τοίνυν
1358 4095 1477 4149 οὐδὲ
1510 4096 1637 4166 περὶ
1675 4095 1778 4166 τῆς,
1802 4094 1950 4157 θείας

397 4211 418 4247 ι
463 4192 698 4262 ἐκείνης,
727 4192 824 4262 τῆς
848 4191 926 4262 τῷ
945 4189 1072 4260 θείῳ
1104 4190 1260 4259 Λόγῳ
1293 4186 1697 4258 κοινωνησάσης
1731 4185 1947 4256 σαρκὸς,

397 4303 418 4338 ι
465 4283 647 4354 σαφῶς
677 4284 846 4336 εἰπεῖν
899 4281 1216 4353 δυνήσομαι.
1263 4279 1376 4333 Νῦν
1427 4278 1484 4330 δὲ
1538 4277 1776 4330 πιστεύω
1832 4279 1952 4340 ταῖς

399 4396 419 4430 ι
461 4377 628 4440 θείαις
656 4377 916 4448 Γραφαῖς,
945 4376 1024 4428 ὃτι
1063 4369 1142 4437 εἷς
1172 4373 1322 4436 Θεὸς,
1353 4373 1448 4424 καὶ
1481 4372 1508 4423 6
1539 4370 1728 4422 τούτου
1760 4370 1948 4436 Λόγος,

397 4489 419 4522 ι
467 4468 703 4540 προῆλθε
739 4468 836 4536 μὲν
861 4466 954 4519 τοῦ
985 4465 1214 4535 Πατρός,
1242 4465 1327 4518 ἵνα
1361 4463 1538 4516 πάντα
1576 4461 1640 4515 δι’
1674 4457 1838 4514 αὑτοῦ
1863 4459 1953 4527 γέ-

2052 3298 2070 3331 ι
2105 3295 2282 3334 rerum
2308 3289 2553 3333 exactam
2582 3295 2610 3331 a
2640 3278 2793 3332 nobis
2824 3281 3101 3345 requirunt
3126 3317 3142 3340 ,
3167 3293 3264 3331 nos
3309 3278 3383 3331 ita
3419 3275 3615 3331 intelli-

2051 3391 2071 3422 ι
2105 3387 2230 3441 gere
2256 3412 2271 3434 ,
2308 3371 2384 3424 uti
2432 3385 2530 3439 par
2579 3379 2662 3422 est
2709 3368 2826 3422 illos
2859 3369 2950 3436 qui
2987 3368 3304 3422 abscondita
3354 3366 3612 3437 mysteria

2052 3475 2072 3508 ι
2111 3466 2536 3525 perscrtttantur.
2579 3453 2822 3508 Videmus
2844 3457 3002 3516 enim.
3036 3456 3113 3508 ait
3137 3466 3360 3509 sanctus
3385 3456 3616 3525 Aposto-

2055 3566 2074 3598 ι
2111 3548 2211 3609 lus,
2244 3547 2397 3616 quasi
2429 3563 2521 3614 per
2547 3546 2810 3615 speculum
2850 3549 2904 3600 in
2937 3548 3212 3616 a’nigmate
3233 3560 3252 3598 :
3284 3557 3404 3599 tunc
3438 3555 3615 3600 autcm

2054 3655 2074 3688 ι
2113 3639 2245 3706 facie
2267 3641 2332 3691 ad
2357 3639 2568 3709 facient.
2601 3639 2666 3692 In
2696 3641 2935 3707 presenti
2969 3656 3032 3692 ex
3057 3651 3204 3707 parte
3233 3637 3612 3708 cognoscimus,

2057 3750 2074 3782 ι
2116 3742 2235 3784 tunc
2263 3740 2436 3786 autem
2467 3747 2831 3800 cognoscemus
2867 3731 3124 3801 quomodo
3161 3730 3518 3800 cognoscimur
3547 3731 3612 3783 ".

2057 3840 2074 3873 ι
2111 3821 2226 3876 Noli
2275 3822 2440 3892 igitur
2487 3837 2572 3876 me
2611 3823 2980 3891 interrogare,
3015 3822 3080 3875 de
3110 3823 3270 3875 rebus
3299 3835 3417 3890 qua:
3468 3831 3618 3876 certo

2057 3933 2076 3966 ι
2113 3899 2440 3983 cognoscere
2491 3929 2595 3969 non
2649 3930 2864 3984 possum
2902 3930 2933 3969 e
2979 3915 3257 3982 Scriptura
3308 3928 3484 3968 sacra.
3533 3912 3617 3968 οι)

2059 4023 2078 4057 ι
2117 4007 2256 4059 hanc
2288 4021 2506 4060 causam
2536 4008 2878 4060 exactissime
2909 4009 3232 4074 respondere
3263 4021 3366 4059 non
3399 4019 3615 4075 possunt

2058 4116 2076 4150 ι
2116 4099 2182 4152 de
2224 4114 2388 4151 carne
2426 4097 2512 4150 illa
2559 4099 2778 4164 divina,
2823 4113 2942 4168 quae
2972 4099 3398 4152 communionem
3435 4096 3620 4151 habuit

2058 4210 2076 4242 ι
2116 4205 2238 4245 cum
2269 4191 2448 4244 divino
2472 4190 2664 4247 Verbo.
2690 4189 2876 4244 Fidem
2915 4205 3043 4245 vero
3075 4182 3248 4244 sacris
3281 4189 3478 4244 litteris
3523 4191 3620 4243 ad-

2061 4299 2080 4332 ι
2121 4281 2277 4334 hich
2307 4297 2425 4349 quae
2452 4281 2733 4344 aﬂirmant,
2771 4299 2932 4336 unum
2962 4298 3081 4338 esse
3113 4283 3302 4343 Deum.
3346 4291 3401 4334 et
3451 4281 3620 4350 ipsius

2061 4388 2078 4422 ι
2116 4368 2351 4423 Verbum
2392 4387 2532 4437 esse,
2563 4373 2704 4440 quod
2741 4373 2806 4427 de
2843 4373 3000 4427 Patre
3034 4373 3317 4441 processit,
3355 4380 3411 4424 ut
3438 4377 3618 4423 omula

2062 4480 2080 4514 ι
2120 4478 2215 4531 per
2242 4463 2368 4516 illud
2401 4465 2761 4517 conderentur
2795 4482 2808 4517 :
2845 4477 2962 4532 post
3004 4464 3196 4530 judicii
3229 4477 3356 4541 vero
3410 4472 3622 4529 tempus

396 4582 419 4616 ι
460 4578 638 4632 νηται,
677 4557 812 4630 μετά
857 4557 912 4610 δὲ
960 4557 1049 4609 τὸν
1094 4555 1280 4626 καιρὸν
1315 4555 1412 4626 τῆς
1443 4553 1694 4625 κρίσεως,
1730 4551 1822 4606 καὶ
1850 4551 1948 4622 τὴν

2061 4570 2080 4604 ι
2115 4563 2167 4607 et
2195 4569 2372 4608 rerum
2401 4555 2639 4608 omnium
2671 4558 3141 4622 restaurationem,
3173 4565 3227 4610 et
3252 4553 3619 4606 amolitionetn

399 4678 417 4710 ι
462 4655 570 4709 τῶν
603 4653 852 4707 ἁπάντων
889 4648 1188 4720 διόρθωσιν,
1231 4645 1321 4703 καί⁸
1373 4645 1461 4697 τὸν
1510 4643 1811 4714 ἀφανισμὸν
1853 4643 1953 4713 τῆς

397 4771 416 4804 ι
465 4745 844 4816 ἀντικειμένης
898 4742 1112 4810 ἀπάσης
1162 4738 1434 4810 ἐνεργείας
1467 4735 1598 4806 (92),
1640 4735 1759 4793 τότε
1792 4734 1952 4798 αὐτὸς

398 4861 419 4897 s
467 4841 862 4910 ὑποταγήσεται
887 4833 964 4899 τῷ
993 4831 1316 4896 ὑποτάξαντι
1361 4828 1509 4898 αὐτῷ
1541 4828 1609 4879 τὰ
1633 4827 1808 4887 πάντα
1836 4825 1954 4897 Θεῷ

399 4957 418 4990 ι
463 4937 556 4990 καὶ
576 4932 770 5004 ῐΙατρὶ,
803 4929 890 4983 ἵνα
915 4927 1083 4989 οὕτως
1169 4926 1224 4976 ἐν
1252 4921 1370 4992 Θεῷ
1395 4922 1422 4973 6
1444 4919 1634 4988 Λόγος,
1658 4918 1844 4988 ὥσπερ
1863 4920 1956 4973 καὶ

403 5049 422 5081 ι
467 5028 725 5101 πρότερον
777 5020 865 5094 ἦν.
897 5041 914 5073 ι
945 5017 1165 5072 Τοιοῦτο
1195 5016 1346 5078 τέλος
1396 5015 1640 5101 ἐπήγαγε
1673 5014 1737 5082 τῇ
1792 5012 1955 5082 σαρκὶ

400 5118 490 5171 τοῦ
514 5098 776 5186 ’Σωτῆρος
801 5112 958 5185 ἡμῶν
988 5114 1017 5164 6
1050 5107 1356 5180 θαυμαστὸς
1384 5098 1537 5166 οὗτος
1586 5104 1951 5174 συγγραφεὺς,

474 5281 531 5338 ›Ῑ‹
558 5274 656 5328 Ed.
680 5273 853 5327 Paris.
882 5287 1002 5342 pag.
1032 5272 1118 5328 53.
1195 5271 1238 5302 ”
1269 5269 1285 5324 Ι
1316 5268 1440 5325 Cor.
1473 5281 1589 5331 xm,
1624 5265 1709 5324 12.

473 5434 582 5506 (88)
629 5433 704 5503 Τῇ
734 5435 965 5506 ἑνότητι
997 5433 1100 5506 τοῦ
1136 5429 1498 5506 Θεοῆηῡρεει
1529 5446 1541 5481 :
1574 5426 1813 5506 οζδαμεν,
1871 5436 1963 5481 aut

402 5497 577 5564 simile
610 5497 736 5573 quid
760 5503 827 5557 ad
857 5497 1184 5573 sententiain
1211 5499 1550 5573 fulciendam.
1587 5497 1657 5550 Μ.

473 5566 732 5646 (89)7’Διὸ
783 5572 1109 5646 δέπιιιῇιιίγιερΔ
1140 5571 1350 5646 _II_iatns_
1383 5578 1501 5622 erat
1540 5568 1590 5620 in
1625 5566 1916 5646 exemplari
1944 5583 1960 5620 :

405 5637 540 5701 forte
569 5637 645 5700 sic
669 5637 997 5715 supplendas
1017 5661 1029 5695 :
1053 5643 1114 5694 El
1136 5641 1195 5715 66
1213 5637 1516 5715 stjéuotto,
1552 5655 1616 5700 πε
1628 5637 1679 5697 o‘t
1703 5637 1827 5700 τῆς,
1847 5648 1952 5691 etc.

406 5716 476 5771 Μ.
501 5745 571 5784 -έ
589 5715 711 5784 Mox,
738 5708 895 5782 'vulgo
928 5714 1053 5784 ἀκρ.
1083 5713 1210 5784 περὶ
1234 5709 1344 5784 τῶν
1365 5708 1521 5784 θείων

475 5783 586 5856 (90)
620 5783 787 5853 Vulgo
815 5775 949 5856 πρὸς
979 5775 1168 5856 αὐτόνξ
1195 5784 1260 5833 At
1286 5779 1441 5856 cfzgp.
1475 5775 1572 5830 I77

477 5847 587 5929 (ει)
647 5847 789 5926 Πτῷ
818 5847 1047 5926 ἡμῶν...
1089 5855 1290 5920 λόγον.
1341 5847 1498 5902 Deest
1535 5848 1774 5918 quidam,
1819 5857 1968 5917 puto,

2065 4663 2084 4697 ι
2125 4646 2359 4700 adversae
2408 4646 2780 4716 cujuscunque.
2819 4647 3145 4717 operationis
3175 4688 3188 4711 ,
3232 4656 3358 4698 tunc
3405 4656 3459 4698 et
3511 4645 3640 4710 ipse.

2065 4753 2086 4788 ι
2121 4737 2443 4805 snbjicietur
2489 4739 2536 4792 ei
2588 4739 2676 4808 qui
2708 4739 2884 4791 omnia
2917 4741 3155 4805 subjecta
3201 4736 3277 4791 illi
3314 4735 3460 4798 fecit,
3517 4735 3624 4789 Deo

2067 4849 2086 4879 ι
2127 4829 2330 4883 scilicet
2361 4840 2520 4898 atque
2551 4828 2718 4893 Patri,
2741 4841 2795 4882 ut
2816 4827 2880 4881 ad
2903 4829 3147 4882 eumdem
3180 4827 3392 4878 modum
3428 4825 3493 4876 sit
3523 4825 3623 4876 ite-

2068 4939 2086 4972 ι
2126 4937 2242 4975 rum
2276 4921 2325 4976 in
2357 4920 2465 4977 Deo
2492 4919 2752 4982 Verbum,
2784 4920 2850 4974 ad
2893 4935 3049 4989 quem
3083 4925 3199 4972 erat
3222 4916 3370 4970 olim.
3412 4933 3430 4967 ι
3473 4913 3626 4969 Hunc

2059 5013 2274 5082 quidem
2327 5013 2486 5068 tinem
2523 5014 2614 5082 ~vir
2663 5015 2751 5068 hic
2795 5009 3130 5066 admirabilis
3165 5008 3398 5077 scriptor
3425 5003 3628 5060 Christi

2057 5106 2208 5163 carni
2233 5107 2534 5173 conStituit,
2567 5106 2767 5161 oblitus
2800 5121 2987 5163 eorum
3015 5118 3136 5178 qua:
3169 5103 3221 5155 in
3276 5099 3640 5170 prmcedenti.

2057 5429 2340 5500 ζητοῦντα,
2367 5427 2704 5500 βουλόμενον,
2732 5423 3051 5500 autaliquid
3068 5420 3351 5500 ejusmodi,
3371 5426 3422 5499 et
3441 5417 3636 5500 Astatlint

2223 5486 2632 5570 ἀποστόλῳξιιδι
2656 5486 2798 5570 enim
2832 5486 2984 5548 locus
3011 5486 3159 5570 l’auli
3186 5506 3342 5570 quem
3376 5486 3632 5570 ilrtcndit.

2059 5556 2251 5624 I'Cbr.
2310 5583 2429 5632 xm,
2477 5556 2590 5620 ἸΞ.
2665 5565 2976 5634 Βλέπομεν
3026 5565 3134 5634 γὰρ
3185 5556 3338 5634 (ipsi
3374 5556 3447 5634 ρι’
3505 5558 3633 5611 ειυ-

2062 5642 2303 5708 όπτρου.
2329 5637 2399 5694 Μ.
2417 5627 2497 5679 ⁷-
2523 5635 2774 5708 Supplevi
2800 5627 3044 5708 delectus
3061 5627 3137 5708 cit,
3155 5627 3338 5708 μ’Πῖ
3375 5627 3430 5680 1).

2139 5699 2251 5777 (9‘2)
2310 5708 2414 5776 Mp.
2467 5708 2538 5760 ίσ.
2591 5699 2906 5777 δυναστείας
2953 5707 3071 5760 loco
3125 5699 3432 5772 ἐνεργείας;
3473 5706 3644 5766 porro

2065 5779 2221 5849 vulgo
2235 5773 2275 5833 ⁷ὁ
2305 5773 2599 5849 θαυμάσιος
2624 5773 2790 5840 οὗτος.
