4158 6390
549 361 655 426 319

1163 369 1462 426 'EUSEBII
1499 371 1977 428 CAESARIENSIS
2015 373 2164 429 OPP.
2203 375 2382 431 PARS
2419 376 2508 431 IV.
2547 407 2614 419 -ν
2655 375 3073 434 DOGMATICA.

3681 377 3786 434 820

551 476 656 534 bus
685 478 752 536 de
787 479 976 544 eadem
1013 481 1100 534 illa
1129 495 1296 538 carne
1323 483 1438 552 ipse
1467 486 1779 556 scripserat.
1811 486 1866 540 ln
1899 503 2124 558 sequen-

2231 493 2624 564 ἀμνημονήσας
2667 487 2744 548 ὧν
2794 495 2922 564 περὶ
2973 492 3142 562 αὐτῆς
3191 491 3280 544 διὰ
3327 493 3432 546 τῶν
3483 493 3789 563 ἔμπροσθεν

551 572 701 630 tibus
729 575 890 628 etiam
933 575 1020 630 ille
1055 576 1166 645 ipse
1194 579 1283 646 qui
1308 579 1786 644 determinaverat,
1821 581 1938 636 sine
1967 598 2122 638 scru-

553 663 681 734 pulo
709 705 725 729 ,
766 681 966 735 corpus
995 666 1308 726 Servatoris
1339 671 1581 725 futurum
1613 683 1733 742 post
1776 671 1962 740 judicii
1998 683 2128 726 tem-

549 769 654 828 pus
683 754 862 811 Verbo
909 773 1008 813 suo
1057 761 1476 829 destituendum,
1517 773 1714 818 metum
1747 765 2029 834 quemdam
2071 775 2127 822 et

557 849 916 914 reverentiam
957 867 1068 920 prae
1097 868 1156 908 se
1189 853 1294 909 l‘ert
1318 894 1333 918 ,
1364 865 1419 911 et
1450 871 1556 912 non
1587 871 1745 926 posse
1794 859 1870 912 ait
1903 873 2126 926 respon-

555 941 706 1007 dere,
737 943 782 997 si
811 943 933 1011 quis
960 945 1107 998 illum
1142 946 1207 1002 de
1253 947 1342 1000 illa
1375 963 1540 1002 carne
1575 950 2010 1018 interrogaverit,
2039 950 2122 1003 di-

552 1040 766 1094 cturum
799 1047 929 1089 vero
968 1051 1028 1094 se
1053 1037 1120 1102 ad
1149 1037 1566 1108 interrogantem
1591 1041 1902 1110 quemlibet,
1944 1059 1964 1092 ι
2003 1040 2124 1096 Noli

557 1140 580 1186 ι
617 1125 888 1180 sciscitari
927 1127 993 1183 de
1021 1131 1182 1184 rebus
1212 1146 1330 1199 qum
1357 1148 1462 1186 non
1491 1133 1796 1192 didicimus.
1825 1152 1842 1185 ι
1877 1132 1974 1188 Hic
2013 1135 2123 1202 jam

550 1215 731 1288 quivis
753 1220 800 1274 ei
827 1234 1051 1290 oggerat
1083 1242 1096 1277 :
1130 1223 1266 1294 Quid
1301 1227 1644 1295 temetipsum
1695 1227 1991 1286 deridiculo
2024 1231 2124 1284 ha-

551 1307 667 1374 hes,
700 1311 902 1365 homo?
931 1313 1196 1386 Quorsum
1233 1317 1284 1370 in
1321 1319 1480 1372 rebus
1510 1334 1630 1404 qua:
1655 1334 1760 1374 non
1796 1319 2050 1382 didicisti,
2075 1330 2126 1376 te

554 1415 652 1467 per
685 1404 977 1476 prmcipitia
1031 1413 1168 1477 agis,
1202 1409 1326 1462 dum
1373 1411 1424 1463 in
1455 1412 1674 1480 scriptis
1709 1411 1832 1466 lllas
1861 1413 2068 1469 decidis
2103 1413 2126 1466 ?

552 1492 819 1566 Quorsum
857 1513 960 1550 non
991 1501 1234 1556 custodis
1279 1517 1340 1556 ea
1373 1517 1493 1570 qua:
1525 1503 1810 1572 suscepisti
1855 1504 1924 1558 ab
1960 1507 2128 1560 eccle-

551 1585 786 1641 siasticis
816 1587 1089 1656 Patribus,
1128 1601 1184 1646 et
1213 1593 1527 1648 doctoribus
1551 1633 1568 1658 ,
1624 1599 1682 1657 »Β
1733 1595 2004 1650 novitates
2041 1611 2126 1651 se-

551 1677 757 1746 queris,
793 1681 886 1750 qui
929 1698 1100 1752 nuper
1127 1694 1306 1737 natam
1347 1695 1401 1739 et
1448 1701 1476 1738 a
1511 1685 1617 1740 ﬁde
1656 1687 1886 1741 alienam
1935 1687 2127 1742 distor-

552 1768 755 1825 tionem
787 1771 838 1825 in
873 1773 1038 1826 vitam
1073 1776 1480 1832 subintroducis
1507 1817 1522 1840 ,
1554 1779 1678 1832 dum
1713 1793 1936 1848 regnum
1963 1779 2126 1833 Chri-

2226 581 2465 653 εῐρηκεν.
2513 579 2650 642 Εἶθ’.
2696 587 2724 638 ὁ
2776 583 2962 653 σαφῶς
2993 581 3135 636 οὕτω
3159 581 3220 634 τὸ
3249 581 3406 652 σῶμα
3431 583 3492 635 τὸ
3527 585 3790 654 σωτήριον

2225 673 2428 746 ἔρημον
2471 675 2565 730 τοῦ
2593 677 2764 744 Λόγου
2795 674 3144 747 γενήσεσθαι,
3167 673 3302 744 μετά
3316 673 3404 726 τὸν
3432 673 3532 744 τῆς
3559 673 3790 746 κρίσεως

2223 767 2413 838 καιρὸν
2447 769 2866 839 ἀποφηνάμενος
2917 765 3199 820 εὐλάϐειαν
3245 769 3652 834 προσποιεῖται,
3695 767 3791 818 καὶ

2227 859 2299 930 μὴ
2331 859 2526 914 είδέναι
2559 861 2720 930 φησὶν
2767 858 3155 930 ἀποκρίνεσθαι
3176 899 3190 923 ,
3225 855 3278 909 εἴ
3309 873 3393 919 τις
3423 856 3585 908 αὐτὸν
3618 855 3791 927 ἔροιτο

2225 951 2469 1024 περὶτῆς
2487 953 2709 1024 σαρκὸς,
2730 953 2898 1022 φῆσαι
2925 951 3048 1004 δ’ἂν
3071 951 3206 1021 πρὸς
3238 949 3328 1001 τὸν
3355 948 3664 1020 ἐρωτῶντα,
3693 946 3790 1013 Μή

2225 1060 2343 1098 που
2382 1043 2693 1098 πυνθάνου
2721 1045 2830 1113 (95)
2871 1042 3005 1110 περὶ
3035 1036 3122 1096 ὧν
3141 1041 3226 1111 μὴ
3262 1040 3591 1110 μεμάθηκα.
3637 1037 3792 1092 Ἀλλά

2223 1135 2318 1188 καὶ
2350 1137 2378 1188 ό
2407 1133 2584 1204 τυχὼν
2615 1130 2764 1186 εἶπεν
2799 1134 2864 1187 ἃν
2897 1134 3034 1204 πρὸς
3061 1133 3220 1184 αὐτόν
3239 1148 3252 1161 ·
3289 1131 3340 1184 τί
3381 1129 3444 1200 δὴ
3474 1125 3564 1182 οὖν
3595 1129 3792 1181 σαυτὸν

2227 1225 2514 1290 σκώπτεις,
2535 1225 2821 1296 ἀνθρωπε;
2847 1225 2910 1278 Τί
2937 1225 2992 1277 δὲ
3009 1223 3150 1276 κατά
3177 1221 3432 1294 κρημνῶν
3459 1220 3639 1282 ὠθεῖς,
3667 1221 3794 1291 περὶ

2223 1311 2298 1370 ὧν
2334 1319 2406 1390 μὴ
2440 1319 2764 1390 μεμάθηκας
2808 1317 3122 1390 ὁριζόμενος
3155 1316 3485 1386 ὲγγράφωςς
3535 1313 3600 1364 Τί
3627 1313 3682 1364 δὲ
3720 1311 3794 1382 μὴ

2223 1411 2513 1479 φυλάττεις
2565 1410 2600 1464 δι
2650 1409 2803 1482 παρά
2829 1410 2936 1462 τῶν
2963 1406 3426 1479 ὲκκλησιαστικῶν
3453 1404 3706 1475 πατέρων
3733 1419 3794 1455 τε

2225 1503 2318 1556 καὶ
2345 1503 2680 1562 διδασκάλων
2704 1501 3066 1572 παρείληφας,
3098 1497 3440 1568 νεωτερίζεις
3476 1496 3519 1548 δ’
3541 1497 3794 1566 ἄντικρυς

2224 1597 2351 1652 νέαν
2387 1597 2482 1650 καὶ
2535 1596 2847 1662 ξενίζουσαν
2899 1595 3135 1662 εἰσάγων
3167 1590 3246 1662 τῷ
3281 1589 3379 1660 βίῳ
3429 1587 3791 1658 διαστροφὴν,

2224 1693 2398 1764 ἀρχήν
2427 1707 2486 1743 τε
2519 1689 2854 1760 πρόσκαιρον
2899 1687 2993 1739 καὶ
3019 1685 3290 1754 νεωτέραν
3319 1685 3384 1752 τῇ
3423 1680 3664 1752 βασιλεία
3701 1679 3792 1733 τοῦ

2225 1780 2458 1852 Χριστοῦ
2485 1779 2678 1842 διδοὺς,
2711 1779 2804 1832 καὶ
2838 1777 3039 1848 ταύτης
3065 1776 3218 1839 τέλος
3264 1774 3628 1843 ὑφιστάμενος
3648 1812 3662 1834 ,
3703 1773 3796 1825 καὶ

552 1859 620 1913 sti
652 1863 1053 1919 circumscribis
1090 1868 1294 1922 novitio
1333 1868 1569 1937 quodam
1607 1869 1874 1939 principio
1903 1880 1958 1924 et
1989 1880 2124 1924 tem-

2227 1871 2314 1926 τὸν
2351 1871 2446 1941 μὲν
2479 1868 2694 1940 ἀληθῶς
2729 1868 2991 1938 μονογενῆ
3027 1865 3117 1919 τοῦ
3180 1863 3314 1917 Θεοῦ
3353 1863 3478 1915 Υἱὸν
3529 1859 3798 1933 ἀρνούμε-

550 1951 720 2034 porali
739 1993 753 2018 ,
783 1954 926 2023 quod
953 1956 1059 2011 line
1085 1974 1300 2028 quoque
1337 1959 1737 2015 terminandum
1777 1975 1896 2016 esse
1925 1962 2118 2030 doces;

2227 1981 2332 2028 νος,
2355 1961 2524 2030 Λόγον
2549 1960 2604 2014 δὲ
2636 1959 2812 2030 ψιλὸν,
2849 1957 3096 2013 άνούσιον
3139 1955 3235 2009 καὶ
3263 1953 3631 2008 ἀνυπόστατον
3669 1951 3796 2003 ὐπο-

551 2044 788 2114 almegas
817 2061 944 2102 vere
988 2049 1325 2120 unigenitum
1375 2051 1512 2118 Dei,
1561 2052 1848 2106 substituis
1887 2050 2121 2106 Verbum

2227 2056 2532 2126 τιθέμενος·
2575 2053 2634 2106 ὃν
2675 2053 2782 2106 οὐδ’
2819 2051 3002 2123 ἓτερον
3043 2049 3077 2120 ἦ
3125 2049 3182 2101 ἓν
3221 2046 3316 2100 καὶ
3347 2043 3541 2099 ταύτὸν
3577 2043 3654 2113 τῷ
3677 2041 3796 2112 Θεῷ

551 2131 968 2202 insubstautiale
1013 2147 1068 2193 et
1115 2140 1510 2213 insubsistens,
1564 2143 1707 2212 quod
1749 2143 1938 2211 ipsum
1987 2143 2124 2197 nihil

2227 2144 2364 2201 εἶναι
2397 2147 2542 2217 φής;
2579 2146 2643 2198 Ὃ
2667 2143 2731 2214 δὴ
2761 2143 2856 2196 καὶ⁵
2885 2141 2998 2212 (94}
3030 2141 3138 2203 πᾶς
3189 2138 3332 2191 εῐποι
3367 2137 3432 2190 ἂν
3467 2135 3796 2206 ἀρνούμενος

551 2223 694 2280 aliud
747 2230 1068 2304 prnnnntias
1109 2246 1260 2296 esse,
1294 2248 1456 2301 quam
1487 2250 1650 2288 unum
1677 2243 1837 2302 atque
1869 2235 2124 2290 idemmet

2227 2241 2312 2296 τὸν
2339 2239 2466 2292 Υἱὸν
2497 2236 2590 2290 τοῦ
2625 2234 2782 2300 Θεοῦ,
2812 2234 3052 2296 εἰκότως.
3107 2232 3181 2285 Οὐ
3209 2230 3318 2302 γάρ
3347 2229 3462 2292 υἱὸς
3499 2229 3526 2280 ὁ
3555 2227 3630 2298 μὴ
3667 2227 3798 2294 ὑφε-

550 2332 673 2372 cum
699 2319 846 2390 Deo?
871 2321 1002 2389 Quae
1032 2325 1277 2394 quisquis
1307 2326 1526 2392 dixerit,
1552 2341 1656 2380 non
1695 2327 1888 2396 injuria
1915 2327 2124 2380 dicetur

2227 2332 2366 2395 στὼς
2417 2330 2610 2398 Λόγος,
2647 2329 2720 2392 ὡς
2771 2327 2890 2380 οὐδὲ
2947 2329 3004 2380 ὲν
3057 2323 3330 2395 ἀνθρώπῳ
3363 2321 3520 2389 λόγος
3569 2319 3684 2381 υἱὸς
3729 2318 3796 2371 ἄν

547 2409 746 2467 Filium
781 2413 874 2470 Dei
905 2415 1195 2488 abnegare.
1229 2416 1345 2476 Non
1379 2429 1462 2472 est
1487 2421 1631 2474 enim
1658 2418 1831 2474 Filius
1851 2459 1868 2485 ,
1897 2419 2121 2474 verbum

550 2505 694 2574 quod
731 2521 834 2564 non
866 2511 1142 2577 subsistit;
1174 2526 1294 2566 cum
1327 2527 1424 2566 nec
1459 2514 1680 2566 verbum
1726 2512 1958 2567 hominis
1978 2513 2129 2566 dica-

553 2607 668 2676 tur,
709 2599 850 2655 ﬁlius
896 2601 1130 2658 hominis
1167 2620 1183 2658 :
1228 2612 1413 2674 utpote
1458 2606 1600 2673 quod
1645 2604 1756 2660 sola
1812 2604 2124 2674 operatione

551 2691 802 2756 subsistit
827 2693 880 2748 in
909 2694 1180 2764 loquente.
1213 2695 1324 2752 Hoc
1355 2697 1528 2765 ipsum
1551 2697 1616 2750 de
1639 2696 1798 2750 Patre
1824 2711 1920 2750 suo
1939 2711 2126 2765 egres-

551 2801 671 2840 sum
698 2825 714 2850 ,
746 2797 872 2848 ante
911 2803 1082 2844 annos
1117 2788 1353 2844 nondum
1389 2803 1514 2850 cccc
1563 2788 1890 2858 completos,
1926 2789 2120 2843 Filium

551 2877 646 2940 Dei
679 2876 880 2940 factum
931 2878 1158 2933 inferius
1201 2895 1418 2944 narras,
1447 2897 1544 2950 per
1575 2881 1755 2934 carnis
1787 2882 2122 2950 assumptio-

553 2985 699 3036 nem,
733 2981 788 3028 et
806 2971 1052 3040 superius
1085 2971 1267 3026 Jesum
1295 2973 1570 3028 Cltrisuun
1602 2972 1960 3040 nominatum,
1984 2973 2123 3026 ima.

551 3062 728 3132 ginem
753 3063 956 3117 dictum
995 3064 1084 3116 Dei
1117 3064 1402 3118 invisibilis
1428 3103 1443 3126 ,
1479 3073 1533 3117 et
1561 3065 1978 3131 primogenitum
2009 3079 2126 3118 om-

551 3154 638 3208 nis
693 3163 958 3220 creatura:
1008 3174 1022 3210 :
1073 3171 1249 3224 regem
1298 3171 1514 3226 quoque
1559 3157 1938 3210 constitutum.
1995 3156 2124 3222 Quae

550 3247 755 3312 omnia,
793 3263 821 3302 a
860 3259 1100 3314 tempore
1130 3249 1220 3301 illn
1251 3249 1531 3316 designato
1553 3290 1568 3313 ,
1618 3248 1818 3317 incepit
1850 3248 1942 3304 ille
1965 3261 2122 3313 esse;

553 3353 672 3410 quae
717 3340 898 3400 omnia
937 3340 1094 3396 siiuul
1129 3339 1468 3408 depositurus
1497 3347 1599 3404 est,
1634 3349 1756 3407 post
1779 3337 1963 3405 iudicii
1994 3353 2124 3392 con-

553 3429 992 3483 summationem.
1027 3428 1149 3483 llaec
1190 3439 1368 3484 autem
1403 3429 1620 3484 ubinam
1670 3428 1960 3483 didicisti?
1991 3427 2128 3495 Quis

553 3521 748 3580 borum
784 3521 877 3575 tibi
929 3519 1251 3575 informator
1295 3520 1558 3575 exstitit?
1603 3519 1903 3591 Episcopus
1958 3521 2124 3591 quis?

553 3611 756 3686 Synodi
783 3615 950 3682 ψιωῖ
983 3613 1124 3681 quod
1153 3613 1412 3681 scriptum
1453 3611 1522 3666 ab
1557 3611 1776 3666 homine
1799 3609 2128 3672 ecclesiasti-

551 3705 656 3760 co?
686 3721 881 3775 corpus
911 3704 1042 3759 illud
1073 3704 1385 3758 Servatnris
1415 3703 1720 3758 immortale
1743 3717 1849 3772 quo
1871 3701 2124 3756 secedet?

551 3799 687 3854 Nam
721 3815 841 3854 cum
872 3797 1212 3853 concesseris
1243 3797 1371 3851 illud
1395 3811 1518 3852 esse
1547 3795 1875 3860 immortale,
1903 3803 1958 3848 et
1989 3795 2126 3849 divi-

551 3907 682 3947 num
713 3890 1022 3961 appellaris,
1062 3903 1283 3944 necesse
1306 3899 1390 3942 est
1417 3903 1688 3958 supponas
1719 3887 2128 3956 incorruptibile

551 3993 608 4038 et
631 3983 1118 4038 indissolveudum.
1145 3981 1297 4047 Quod
1339 3996 1468 4034 vero
1497 3991 1688 4034 natura
1735 3995 1830 4034 sua
1879 3979 1990 4034 tale
2021 3989 2126 4044 est,

549 4087 735 4132 manet
769 4076 954 4143 utique
1009 4075 1310 4128 subsistens
1361 4081 1414 4126 et
1459 4071 1860 4128 indissolutum.
1905 4070 2011 4126 Sed
2071 4083 2126 4124 tu

551 4165 790 4230 Verbum
825 4165 1008 4220 abillo
1043 4166 1204 4230 tollis,
1243 4175 1298 4221 et
1332 4180 1453 4218 cum
1489 4165 1597 4218 Deo
1628 4163 1930 4240 conjungis.
1961 4162 2128 4216 Num-

553 4277 678 4326 nam
713 4262 878 4329 igitur
911 4261 1028 4314 sine
1059 4257 1237 4314 Verbo
1260 4257 1430 4318 solum
1477 4257 1732 4312 subsistet
1759 4269 1955 4325 corpus
1987 4255 2126 4308 istud

551 4355 606 4416 in
638 4353 926 4410 immortali
957 4361 1014 4406 et
1047 4355 1355 4420 incorrupta
1391 4347 1870 4403 irrationabilitate
1891 4387 1906 4412 ,
1948 4355 2002 4400 et
2023 4347 2127 4399 im-

553 4449 898 4506 mobilitale?
939 4450 1006 4500 At
1040 4445 1273 4502 Verbum
1325 4445 1500 4512 ipsum
1551 4442 1808 4497 concedet
1841 4441 1892 4493 in
1936 4441 2124 4502 Deum,

552 4550 606 4594 et
633 4555 823 4598 rursus
861 4537 931 4596 illi
963 4537 1320 4605 ronjnngetur
1345 4539 1470 4603 post
1497 4533 1681 4589 carnis
1704 4529 2124 4600 separationem.

625 4756 684 4815 ᾖ
715 4751 813 4805 Ed.
847 4750 1018 4804 Paris.
1053 4763 1172 4816 pag.
1201 4745 1289 4799 δι.

2225 2441 2355 2480 ποτε
2386 2422 2576 2494 ῥηθείη
2603 2405 2912 2492 ἀνθρώπου,
2941 2417 3188 2489 ἐνεργείᾳ
3211 2415 3344 2486 μόνῃ
3371 2415 3428 2466 ὲν
3449 2411 3525 2482 τῷ
3551 2409 3798 2464 λαλοῦντι

2227 2515 2636 2585 συνιστάμενος.
2667 2511 2838 2564 Τοῦτο
2863 2511 2908 2563 δ’
2941 2511 3004 2562 ὲκ
3019 2508 3113 2560 τοῦ
3135 2505 3366 2577 Πατρος,
3399 2503 3510 2574 (95)
3538 2502 3641 2573 πρὸ
3661 2499 3796 2552 ἐτῶν

2225 2607 2331 2662 οὐδ’
2367 2607 2504 2662 ὅλων
2530 2604 2919 2678 τετρακοσίων,
2953 2603 3040 2654 διά
3057 2603 3154 2671 τῆς
3183 2597 3502 2668 ἀναλήψεως
3533 2596 3632 2666 τῆς
3665 2609 3800 2666 σαρ-

2223 2700 2338 2763 κὸς,
2373 2699 2502 2752 Υἰὺν
2538 2699 2632 2752 τοῦ
2661 2697 2795 2750 Θεοῦ
2829 2693 3184 2765 γεγεννῆσθαι
3207 2689 3388 2754 καθὼς
3413 2689 3536 2759 φὴς,
3561 2687 3655 2742 καὶ
3691 2687 3797 2755 ’1η-

2226 2790 2352 2844 σοῦν
2401 2791 2492 2844 καὶ
2543 2789 2774 2862 Χριστὸν
2815 2785 3127 2858 ὠνομάσθαι
3161 2785 3294 2848 ἄνω,
3351 2781 3534 2834 εἰκόνα
3589 2797 3650 2832 τε
3701 2775 3796 2830 τοῦ

2225 2883 2360 2936 θεοῦ
2393 2881 2486 2936 τοῦ
2518 2882 2749 2953 ἀοράτου
2773 2879 3142 2952 χρηματίσαι,
3178 2877 3272 2929 καὶ
3323 2873 3659 2945 πρωτότοκον
3691 2869 3798 2923 πά-

2229 2993 2328 3048 σης
2361 2976 2609 3038 κτίσεως,
2637 2973 2809 3044 καὶὸὴ
2839 2973 2930 3025 καὶ
2951 2971 3170 3041 βασιλέα
3192 2969 3314 3021 τότε
3348 2963 3604 3034 γενέσθαι
3632 2961 3800 3032 ἀρξά-

2233 3085 2391 3138 μενον
2419 3067 2624 3120 τούτων
2651 3065 2905 3118 ἁπάντων
2923 3105 2936 3127 ,
2983 3065 3046 3116 ὲκ
3077 3061 3166 3115 τοῦ
3197 3058 3526 3129 δηλωθέντος
3563 3055 3752 3128 χρόνου
3777 3096 3798 3121 ,

2229 3155 2419 3209 ἔπειτα
2447 3154 2622 3227 καιρῷ
2639 3155 2738 3222 τῆς
2757 3153 3066 3215 συντελείας
3080 3151 3284 3204 τούτων
3311 3149 3563 3202 ἁπάντων
3588 3145 3798 3217 ἀθρόως

2229 3247 2621 3318 παυθήσεσθαι.
2655 3246 2764 3298 Ποῦ
2799 3245 2862 3317 δὴ
2897 3241 2988 3299 οὖν
3031 3245 3201 3297 ταῦτα
3243 3243 3565 3314 μεμάθηκας
3586 3257 3600 3306 ;
3624 3241 3716 3302 Τίς
3741 3239 3800 3292 δέ

2231 3355 2310 3392 σοι
2347 3339 2550 3391 τούτων
2577 3338 2812 3406 κατέστη
2837 3336 3169 3399 διδάσκαλος,
3198 3337 3282 3397 τίς
3297 3333 3627 3394 ἐπισκόπων,
3651 3333 3801 3383 ποῖαι

2231 3431 2458 3494 σύνοδοι,
2493 3433 2644 3483 ποῖον
2679 3429 3146 3498 ὲκκλησιαστικῶν
3179 3426 3387 3497 ἀνδρῶν
3419 3425 3670 3496 γράμμα,
3693 3439 3796 3474 που

2226 3522 2282 3576 δέ
2317 3539 2398 3575 σοι
2429 3522 2492 3574 τὸ
2523 3521 2680 3592 σῶμα
2707 3521 2766 3574 τὸ
2787 3521 3050 3574 ἀθάνατον
3083 3521 3348 3590 χωρήσειε
3381 3517 3474 3570 τοῦ
3509 3515 3796 3584 Σωτῆρος;

2227 3615 2490 3668 ἀθάνατον
2543 3614 2648 3685 γὰρ
2703 3611 2978 3683 ὁμολογῶν
3007 3611 3102 3665 καὶ
3145 3611 3284 3664 θεῖον
3323 3606 3600 3680 ὀνομάζων
3630 3605 3760 3658 αὐτὸ
3779 3643 3796 3667 ,

2227 3707 2444 3771 πάντως
2477 3723 2579 3760 που
2627 3706 2721 3759 καὶ
2755 3703 3031 3776 ἄφθαρτον
3073 3704 3166 3756 καὶ⁵
3211 3701 3488 3756 ἀδιάλυτον
3529 3697 3794 3767 ὑποθήση·

2229 3798 2474 3866 πεφυκὸς
2490 3795 2546 3849 δὲ
2563 3795 2822 3856 τοιοῦτον,
2851 3795 2998 3865 μένει
3019 3792 3288 3855 συνεστὼς
3311 3790 3507 3860 δηλαδὴ
3531 3791 3625 3842 καὶ
3645 3786 3800 3840 ἀδιά-

2227 3887 2406 3941 λυτον.
2453 3887 2611 3948 ’Λλλά
2639 3887 2729 3940 τὸν
2777 3887 2946 3954 Λόγον
2987 3885 3217 3956 άφῄρεις
3249 3883 3432 3946 αὑτοῦ,
3461 3883 3556 3935 καὶ
3583 3879 3658 3950 τῷ
3675 3878 3800 3948 ,Θεῷ

2229 3982 2512 4052 συνῆπτες.
2569 3979 2776 4033 Οὐκοῦν
2811 3981 2937 4034 ἄνευ
2971 3981 3146 4046 Λόγου
3199 3978 3358 4049 μόνου
3395 3977 3508 4046 (96)
3534 3975 3596 4028 τὸ
3639 3973 3801 4042 σῶμα

2228 4073 2484 4144 στήσεται
2526 4073 2583 4124 ὲν
2615 4071 2864 4141 ἀθανάτῳ
2899 4071 2992 4123 καὶ
3025 4069 3285 4139 ἀφθάρτῳ
3321 4067 3512 4137 ἀλογίᾳ.
3543 4065 3638 4118 καὶ
3681 4065 3801 4117 ἀκι-

2227 4165 2386 4236 νησίᾳ
2406 4165 2495 4230 ςτδ
2525 4164 2580 4216 δὲ
2597 4163 2758 4227 αὐτὸς
2778 4165 2806 4216 ὁ
2830 4163 3002 4230 Λόγος
3024 4163 3102 4224 είς
3123 4161 3212 4214 τὸν
3233 4161 3366 4213 Θεὸν
3413 4160 3669 4229 χωρήσει,
3705 4154 3801 4208 καὶ

2229 4255 2626 4326 συναφθήσεται
2647 4251 2804 4318 αὖθις
2831 4255 2980 4324 αύτῷ
3009 4253 3145 4325 μετὰ
3164 4253 3254 4306 τὸν
3281 4252 3380 4323 τῆς
3412 4250 3610 4324 σαρκὸς
3637 4265 3802 4320 χωρι-

2232 4348 2384 4417 σμόν.
2415 4343 2563 4419 Ἀρα
2597 4347 2670 4420 μὴ
2719 4347 2794 4400 ὢν
2827 4349 2883 4400 ἐν
2913 4347 2990 4418 τῷ
3023 4346 3160 4416 Θεῷ,
3187 4347 3272 4398 ὅτε
3313 4346 3378 4414 τῇ
3415 4342 3578 4413 σαρκὶ
3605 4341 3795 4411 συνῆν·

2229 4437 2345 4490 ἀλλ’
2381 4436 2456 4490 ὢν
2485 4440 2542 4490 ὲν
2575 4437 2720 4507 αύτῷ
2753 4437 2842 4490 διά
2865 4435 3082 4499 παντὸς,
3121 4435 3388 4495 συναῖδιός
3420 4449 3479 4484 τε
3523 4429 3598 4484 ὣν
3627 4430 3720 4483 καὶ
3739 4429 3800 4480 ἓν

2229 4529 2324 4582 καὶ
2371 4528 2564 4592 ταύτὸν
2619 4529 2696 4598 τῷ
2728 4527 2876 4600 Θεῷ;
2919 4529 3044 4590 Πῶς
3073 4523 3165 4580 οὖν
3206 4525 3449 4598 ὑπῆρχεν
3489 4525 3547 4578 ὲν
3582 4521 3658 4593 τῷ
3697 4519 3804 4574 arb-

621 4933 862 5014 (95)"M7}
895 4950 1012 5014 πρυ
1043 4931 1380 5014 πυιςθίὶνοιί.
1427 4929 1557 5014 Eeg.
1603 4931 1693 5014 μή
1741 4947 1839 5014 μου
1879 4938 1936 4982 ut
1969 4928 2124 4998 paulo

2505 4959 2574 5014 ⁸-
2617 4929 2850 5014 συγῆπτε
2877 4922 3517 5014 ιιὺίσυνάτττεσθαιλοοτν.

551 5017 696 5059 ante.
720 4999 796 5057 Μ.
827 5003 1044 5054 —-Dein
1069 5004 1226 5068 vulgo
1255 5003 1308 5054 τί
1335 5001 1392 5054 δὲ
1410 4999 1579 5072 obviet
1599 4999 1914 5072 ἐγγράφεις.

623 5076 737 5146 (94)
768 5073 936 5146 ὀήδὴ
971 5073 1090 5146 καί.
1129 5074 1299 5146 Vulgo
1321 5073 1404 5146 ὅδε
1437 5071 1547 5125 καί.

802 5145 896 5196 Ἐκ
923 5139 1028 5196 τοῦ
1071 5139 1322 5212 Πατρός.
1375 5145 1536 5196 Deest
1585 5141 1691 5205 hic,
1747 5141 1953 5214 προῖόν.
1993 5139 2126 5214 Illud

553 5212 705 5274 κάτω
758 5233 771 5268 :
824 5217 890 5268 ad
947 5215 1218 5269 Christum
1269 5215 1482 5282 opinor.
1539 5227 1644 5264 non
1697 5212 1760 5264 ad
1797 5212 2124 5282 Marcellum

553 5287 894 5342 relereuduu't
950 5295 1053 5346 est,
1125 5286 1226 5336 hoc
1286 5281 1386 5341 est.
1442 5283 1715 5336 Christum
1769 5281 1896 5336 olim
1947 5281 2122 5350 λόγον,

551 5357 722 5426 κάτω.
761 5357 810 5408 in
847 5355 1002 5408 terris
1031 5352 1836 5426 incarnatunt,rfat'ltttnFilium
1871 5355 2124 5426 ltpmints.

551 5423 657 5482 nun
682 5427 831 5479 κάτω
865 5429 989 5496 φής,
1018 5427 1118 5478 hoc
1140 5433 1226 5476 est
1263 5425 1484 5496 inferius
1515 5423 1761 5496 allirmas
1781 5423 1965 5496 istud}
2003 5437 2122 5474 nam

551 5509 608 5550 et
629 5497 853 5551 inferius
878 5491 941 5548 et
981 5497 1228 5564 superius
1257 5493 1484 5546 :tﬂirmat
1513 5507 1527 5544 :
1553 5493 1679 5546 hinc
1711 5494 1864 5554 illud,
1893 5491 2128 5564 Χριστόν

550 5567 863 5640 ὠνομάσθαι
901 5568 1014 5640 άνω
1047 5563 1430 5640 ξλψιιιιιριιιιιηῌ
1453 5563 1960 5640 potius_pu_t_:tverim
2013 5563 2125 5614 ἄνω

553 5633 876 5693 redundare.
901 5633 1125 5693 Iit—ll.
1145 5651 1196 5702 p.
1241 5636 1310 5689 50
1341 5633 1698 5704 τοῦτον-οὐχ
1725 5633 2127 5704 ὅλων-γεγεν-

555 5709 765 5778 νῆσθαι,
807 5711 920 5763 άνω
967 5701 1240 5778 καὶξκάτω
1269 5707 1582 5778 φᾲήςιιοίθιι)
1608 5701 1719 5778 ἄνω
1741 5701 2126 5778 λκιςιῌὼνο-μά-

554 5771 694 5836 σθαι.
732 5781 858 5832 Dein
887 5779 1044 5836 vnlgo
1072 5775 1198 5828 Υἱὸν
1225 5771 1320 5828 τοῦ
1334 5771 1404 5828 ’9.
1441 5791 1495 5842 γ.
1530 5783 1584 5824 et
1612 5774 1704 5826 καὶ
1741 5771 1944 5842 Ἰησοῦν
1964 5771 2120 5842 ῌΧρι-

555 5851 678 5918 Ιςτόν
732 5848 1045 5918 ὠνομάσθαι
1106 5857 1160 5902 et
1213 5847 1306 5900 καὶ
1337 5845 1394 5898 δὲ
1423 5838 1514 5896 καὶ
1545 5843 1595 5914 β.
1633 5855 1686 5897 et
1711 5838 1812 5896 ποῦ
1843 5841 1902 5912 ἐξ
1932 5838 2048 5898 οὖν
2071 5852 2122 5898 et

2309 4986 2420 5070 (955)
2463 4986 2640 5052 ἰἌνευ
2673 4986 2864 5070 Λόγου
2895 4995 3106 5070 μόνον.
3139 4995 3273 5070 luto.
3309 4991 3500 5062 μόνον;
3531 4986 3796 5070 boovult,

2235 5059 2412 5124 solum
2439 5071 2539 5124 hoc
2569 5059 2776 5135 corpus
2797 5059 3017 5124 Christi.
3044 5069 3160 5118 sine
3188 5059 3344 5132 Λόγίρ
3385 5077 3482 5135 suo
3509 5059 3800 5113 subsistere

2235 5141 2453 5202 debere,
2483 5131 2805 5196 immortale.
2833 5151 2952 5188 cum
2980 5131 3295 5189 cmternrnm
3312 5131 3550 5184 omnium
3571 5143 3798 5202 corpora

2235 5211 2410 5264 futura
2441 5199 2548 5260 sint
2573 5205 3195 5278 hortxdtKI‘ntuum‘locum
3215 5204 3306 5278 Asie
3343 5202 3484 5278 lego.
3509 5209 3579 5278 et_
3601 5199 3798 5278 distin-

2233 5297 2336 5346 guo
2360 5299 2372 5333 :
2398 5278 2626 5339 Οὐκοῦν,
2646 5269 2791 5331 ’ἄνευ
2815 5275 2908 5328 τοῦ
2933 5273 3126 5342 Λόγου,
3163 5273 3318 5346 μόνον
3341 5271 3515 5346 τοῦτο-
3533 5269 3601 5346 τὸ.
3624 5269 3798 5346 ,σῶμα

2231 5338 2482 5422 στήσεται
2511 5350 2556 5422 ὲΓ
2672 5365 2725 5400 κ.
2745 5351 2798 5402 ἀ.
2831 5348 2885 5422 άἶ
2901 5363 2955 5422 κ.
2973 5338 3251 5422 ἀκινησίᾳ,
3284 5344 3375 5422 ὅτε
3399 5341 3560 5422 ἀρτίως
3579 5339 3606 5390 ὀ
3624 5338 3794 5422 λόγος,

2228 5407 2354 5486 etei,
2373 5422 2478 5491 ἄρα
2495 5418 2568 5488 μὴ
2597 5417 2691 5491 ὥν,
2715 5429 2847 5491 etc..
2864 5417 2997 5469 ἀλλὰ
3028 5407 3217 5491 πρόῲν
3237 5417 3293 5466 ἐν
3315 5411 3465 5491 ,αύτῷ
3490 5407 3800 5486 διαπαντός.

2231 5493 2320 5544 Sic
2345 5483 2455 5542 vult
2487 5483 2746 5542 Eusebius
2783 5490 2825 5540 si
2870 5497 2986 5541 erat
3025 5483 3084 5538 ἐν
3126 5483 3418 5537 ὑποστάσει
3449 5497 3542 5534 sua
3585 5483 3796 5546 propria

2229 5576 2350 5614 eum
2395 5563 2725 5620 incarnatus.
2758 5558 2861 5624 ἔξω
2884 5565 2936 5612 et
2965 5553 3366 5627 κεχωρισμένος
3409 5561 3527 5606 erat
3561 5547 3802 5627 sat-illae

2227 5631 2378 5700 τρός.
2409 5643 2648 5700 curnon
2703 5617 2756 5700 et
2790 5617 2917 5700 ante
2945 5617 3170 5696 saecula,
3202 5617 3504 5700 eutufsset
3534 5617 3800 5700 συειαῖδιος

2231 5687 2308 5770 τῷ
2327 5687 2538 5770 Πατρεῖ)
2563 5699 2847 5770 lll.——|n_lra
2873 5687 2952 5753 Mf
2980 5701 3029 5752 in
3049 5687 3193 5753 corr.
3217 5711 3307 5766 γρ.
3325 5693 3466 5764 δίχα,
3487 5693 3605 5747 loco
3623 5687 3800 5762 δίκην,

2231 5765 2360 5830 υὲίιι
2394 5765 2552 5842 vulgo
2569 5769 2720 5823 ἔσται
2752 5765 2878 5848 ἆρα.
