4190 6406
404 347 502 405 811

1524 343 1806 401 CONTRA
1844 341 2274 399 MARCELLUM
2316 342 2443 400 LIB.
2487 343 2551 400 ll.

3531 348 3643 405 εει]

408 483 557 538 ματι,
601 464 649 518 εἰ
698 463 795 535 μὲν
814 463 989 536 ψυχῆς
1020 464 1177 536 δίκην
1199 464 1363 518 οἰκῶν
1393 466 1451 518 ἐν
1476 466 1624 538 αὐτῷ
1650 465 1834 531 ;ἕσται
1864 466 1970 537 ἄρα

2097 463 2276 518 ἰιιιιιιο
2304 479 2433 533 ergo
2465 474 2621 521 extra
2646 466 2811 530 Deum
2844 476 2954 522 tum
2985 482 3105 522 cum
3151 480 3315 531 carne
3349 481 3639 522 conversa-

406 559 465 612 ὲν
488 556 800 619 ὑποστάσει,
834 554 927 609 τοῦ
958 556 1171 627 Πατρὸς
1198 556 1618 628 κεχωρισμένος,
1655 555 1763 622 ζῶν
1793 574 1852 608 τε
1880 556 1973 610 καὶ

411 648 654 720 ὑφεστὼς
681 651 740 701 ἐν
827 648 1081 720 ἀνείληφε
1115 648 1223 718 (97)
1265 646 1446 718 σαρκί.
1476 647 1541 699 Τί
1567 642 1660 700 οῦν
1699 646 1933 700 ἐκώλυεν
1956 686 1970 709 ,

412 742 505 796 καὶ
527 740 631 813 πρὸ
654 740 753 812 τῆς
772 738 866 793 τοῦ
894 739 1096 808 κόσμου
1134 738 1464 800 συστάσεως,
1489 736 1615 788 Υἰδν
1646 735 1780 789 Θεοῦ
1798 734 1975 799 ζῶντα

411 832 569 885 αὑτὸν
593 830 902 902 όμολογεῖν;
938 829 1072 883 Ἀλλ’
1106 828 1247 882 εἴποι
1277 827 1341 882 ἂν
1373 830 1524 892 ἴσως,
1545 827 1793 899 ἐνεργείᾳ
1815 830 1971 898 μόνῃ,

408 924 527 995 οὐχὶ⁸
567 923 625 976 δὲ
657 922 842 985 οὐσίας
877 921 1202 983 ὑποστάσει,
1240 922 1418 975 καὶέν
1452 919 1530 991 τῷ
1564 918 1774 990 σώματι
1815 936 1974 988 γεγο-

411 1016 585 1069 νέναι.⁹
644 1031 664 1066 ι
699 1014 957 1086 δραστικῇ
1006 1012 1115 1085 γὰρ
1163 1013 1410 1086 ἐνεργείᾳ
1464 1011 1633 1083 μόνῃ,
1688 1012 1856 1083 φησι,
1906 1013 1973 1083 τῇ

416 1125 435 1159 ι
480 1106 640 1178 σαρκὶ
657 1105 915 1168 συνὼνδτδ
940 1106 1105 1158 κινεῖν
1130 1104 1318 1175 αὑτὴν,
1346 1104 1438 1158 καὶ
1464 1103 1744 1177 πράττειν,
1769 1103 1976 1174 ὅσαπερ

417 1213 437 1249 ι
482 1198 539 1251 ἐν
550 1197 897 1266 Εύαγγελίοις
920 1196 1162 1268 φέρεται,
1187 1197 1345 1268 οὐσίᾳ
1367 1195 1444 1267 τῷ
1466 1196 1585 1267 Θεῷ
1608 1196 1869 1267 συνῆπτο,
1889 1191 1977 1250 οἷα

419 1307 440 1341 ι
481 1289 650 1359 Λόγος
674 1289 932 1361 ὑπάρχων
956 1289 1118 1343 αὑτοῦ
1146 1287 1447 1360 ἀχώριστος
1479 1290 1573 1342 καὶ
1603 1289 1971 1353 ἀδιάστατος.»

411 1382 475 1434 Εἰ
500 1380 563 1451 δὴ
587 1380 757 1434 ταῦτα
790 1380 957 1449 λέγει,
1004 1382 1341 1452 ἐρωτήσασιν
1373 1381 1504 1451 ἡμῖν
1557 1380 1973 1450 ἀποκρινάσθωο

409 1466 645 1542 Ἀρ’ὲπὶ
680 1472 846 1542 μόνην
867 1470 964 1541 τὴν
1001 1472 1177 1541 σάρκα
1207 1471 1407 1542 ταύτην
1434 1473 1467 1542 ή
1501 1470 1596 1525 τοῦ
1634 1471 1804 1539 Λόγου
1831 1472 1980 1543 ἐνέρ-

409 1578 534 1630 γεια
574 1561 826 1632 ἔφθακεν,
857 1562 977 1631 οὐχὶ
1030 1562 1088 1615 δὲ
1126 1562 1218 1615 καὶ
1263 1562 1345 1631 ἐφ’
1391 1562 1609 1635 ἐτέρους
1662 1561 1981 1633 ἀνθρώπους

408 1654 536 1715 τοὺς
553 1653 740 1722 ἁγίους
775 1653 869 1706 τοῦ
896 1652 1053 1718 Θεοῦ,
1086 1654 1180 1707 καὶ
1220 1655 1298 1716 είς
1350 1654 1419 1708 τὰ
1474 1653 1637 1708 λοιπὰ
1689 1654 1751 1726 δὴ
1805 1655 1981 1710 πάντα

409 1743 504 1796 τοῦ
533 1743 704 1812 Λόγου
732 1744 794 1816 δη
803 1747 1217 1816 μιουργήματα;
1238 1745 1358 1815 οὐχὶ
1386 1747 1416 1799 6
1446 1745 1609 1808 αὐτὸς
1634 1746 1847 1817 ἐνεργεῖ
1873 1746 1978 1799 Λό-

2074 558 2259 612 retur?
2298 570 2363 610 an
2388 559 2441 612 in
2468 558 2576 613 Deo
2606 560 2908 613 subsistens
2933 559 3279 629 sempiterno,
3310 568 3642 621 coaeternum

2072 649 2362 710 exsistens,
2383 665 2545 703 unum
2574 659 2736 720 alque
2759 650 2899 705 idem
2928 664 3150 719 prorsus
3172 664 3292 704 cum
3324 648 3471 704 Deo?
3494 649 3642 717 Quo-

2075 738 2236 793 modo
2260 739 2423 809 igitnr
2453 754 2576 793 cum
2632 756 2858 813 corpore
2888 739 3023 809 fuit,
3054 741 3098 796 si
3130 743 3305 805 anima
3339 755 3533 810 expers
3557 741 3640 795 in-

2077 829 2343 884 habitavit
2383 830 2557 884 illud?
2588 831 2690 886 erit
2731 824 2884 886 ita'in
2920 833 3225 887 substantia
3275 831 3452 886 Patris
3484 845 3643 899 sepa-

2078 931 2252 977 ratum
2278 964 2293 987 ,
2327 924 2513 977 vivens
2558 926 2744 992 utique
2788 934 2842 979 et
2879 924 3180 980 subsistens
3202 925 3286 989 tiu
3334 939 3497 979 carne
3551 922 3641 978 illa

2077 1029 2238 1085 quam
2288 1016 2602 1086 assumpsit.
2654 1017 2791 1082 Quid
2843 1031 2974 1085 ergo
3024 1016 3276 1086 prohibet
3303 1017 3465 1071 etiam
3517 1026 3645 1068 ante

2078 1105 2262 1160 mundi
2292 1105 2449 1175 hujus
2465 1107 2899 1161 constitutionem
2932 1106 3123 1161 Filium
3150 1108 3239 1173 Dei
3264 1108 3439 1161 vivum
3468 1106 3646 1181 ipsum

2079 1196 2330 1251 conﬁteri
2367 1196 2390 1249 ?
2450 1195 2554 1251 Sed
2610 1196 2843 1252 fortasse
2879 1196 3114 1262 dixerit,
3160 1198 3273 1252 sola
3307 1196 3644 1267 operatione,

2079 1303 2185 1342 non
2233 1288 2555 1343 substantia:
2601 1289 2918 1358 hyp05tasi,
2966 1289 3018 1342 in
3070 1304 3299 1359 corpore
3357 1286 3648 1344 exstitisse.

2086 1394 2106 1427 ι
2142 1376 2431 1445 Operativa
2466 1379 2637 1442 enim,
2660 1369 2757 1443 ait,
2791 1378 2985 1432 virtute
3010 1378 3377 1448 sola,corpori
3410 1392 3648 1447 prtesens

2086 1487 2105 1519 ι
2144 1477 2295 1530 erat,
2333 1470 2402 1523 ad
2435 1469 2608 1538 ipsum
2657 1470 2980 1524 movendum
3021 1480 3075 1524 et
3104 1470 3437 1538 operandum
3466 1468 3650 1522 omnia

2087 1578 2106 1611 ι
2142 1576 2261 1629 qua:
2285 1572 2573 1615 narrantur
2605 1561 2656 1614 in
2691 1560 3021 1630 Evangeliis,
3050 1560 3355 1614 substantia
3389 1572 3517 1612 vero
3544 1558 3651 1611 Deo

2087 1668 2107 1703 ι
2144 1651 2607 1723 conjungebatur;
2638 1659 2821 1719 utpote
2852 1650 3086 1705 Verbum
3117 1651 3284 1720 ipsius
3329 1666 3449 1709 cum
3484 1657 3652 1709 esset,

2089 1760 2108 1794 ι
2147 1743 2213 1796 ab
2259 1742 2377 1811 ipso
2414 1740 2777 1811 inseparabile
2828 1751 2883 1794 et
2929 1740 3318 1794 indistinctum.
3374 1759 3393 1791 ι
3432 1745 3489 1801 ἧς
3528 1737 3654 1793 llaec

411 1851 506 1903 γος
532 1851 546 1898 ;
573 1835 680 1888 Καὶ
708 1834 812 1906 μὴν
850 1835 1266 1907 μεμαθήκαμεν,
1299 1835 1375 1899 ὡς
1407 1855 1426 1889 ι
1460 1837 1538 1908 τῷ
1576 1837 1735 1908 Λόγῳ
1770 1838 1975 1909 Κυρίου

2097 1833 2128 1886 δί
2178 1833 2426 1895 dixerit,
2467 1832 2871 1887 sciscitantibus
2924 1831 3082 1885 nobis
3124 1839 3233 1884 tum
3278 1830 3598 1898 respondeat
3635 1848 3647 1882 :

411 1927 462 1980 οι
513 1926 732 1998 οὐρανοὶ
772 1927 1202 2000 ἐστερεώθησαν,
1236 1947 1254 1980 ι
1312 1927 1409 1982 καὶ
1443 1947 1462 1981 ι
1504 1929 1571 1983 δι’
1606 1928 1770 1984 αὐτοῦ
1799 1930 1977 1984 πάντα

2097 1924 2211 1978 tum
2243 1925 2582 1995 pertingebat
2607 1925 2675 1980 ad
2707 1924 2876 1981 solam
2904 1925 3047 1978 illam
3081 1939 3301 1979 carnem
3328 1921 3653 1979 Verbiillius

411 2016 643 2086 ἐγένετο·
687 2018 781 2073 καὶ
826 2019 993 2091 χωρὶς
1028 2018 1193 2073 αὐτοῦ
1218 2019 1435 2088 ἐγένετο
1465 2021 1585 2074 οὐδὲ
1619 2022 1698 2075 ἓν.
1722 2041 1739 2074 ι
1771 2022 1979 2077 Οὐκοῦν

2097 2017 2320 2084 iper-alio
2343 2016 2371 2069 ?
2397 2031 2575 2071 nonne
2601 2016 2765 2071 etiam
2795 2025 2849 2070 et
2877 2018 2944 2071 ad
2991 2027 3220 2071 caeteros
3269 2016 3516 2071 homines
3557 2014 3653 2069 Dei

412 2110 495 2163 ὅτι
519 2111 728 2181 ἐνεργεῖ
762 2110 871 2181 (98)
904 2111 999 2165 καὶ
1030 2112 1123 2167 ἐπὶ
1160 2114 1371 2166 πάντων
1392 2112 1674 2183 ’ἔγνωμεν
1730 2115 1837 2168 ἀπὸ
1873 2115 1980 2168 τῶν

416 2200 574 2253 θείων
605 2200 853 2272 Γραφῶν,
876 2204 969 2256 καὶ
991 2203 1066 2267 ὼς
1096 2204 1284 2274 Λόγος
1312 2208 1531 2272 Κιιρίου
1557 2205 1792 2276 ἐγένετο
1836 2206 1981 2275 πρὸς

428 2290 607 2359 Ὠσηὲ
644 2291 750 2346 τὸν
794 2293 898 2347 τοῦ
954 2295 1159 2361 Βεηριο
1220 2295 1335 2357 καὶ,
1385 2298 1573 2366 Λόγος
1622 2298 1836 2364 Κυρίου
1871 2298 1981 2367 (99)

419 2379 669 2450 ἐγενήθη
702 2382 850 2450 πρὸς
889 2383 1135 2437 Ἡσαΐαν
1160 2385 1294 2442 υἱὸν
1328 2385 1503 2454 Ἀμώς
1527 2403 1541 2416 ⁸
1589 2388 1682 2440 καὶ
1727 2389 1807 2453 ὡς·
1859 2387 1986 2457 ἐιγέ-

419 2487 564 2528 vero.
589 2473 778 2542 Λόγος
805 2474 1024 2541 Κυρίου
1049 2476 1194 2543 πρὸς
1235 2476 1538 2545 Ἰερεμίαν·
1566 2496 1585 2528 ι
1620 2479 1715 2530 καὶ
1749 2479 1832 2547 ἐφ’
1857 2479 1985 2532 ἐκά-

421 2578 547 2615 στου
585 2562 642 2617 δὲ
683 2565 960 2636 προφήτου
992 2568 1020 2618 6
1049 2566 1210 2629 αὐτὸς
1253 2569 1471 2638 ἐνήργει
1512 2568 1606 2621 τοῦ
1645 2568 1780 2621 Θεοῦ
1810 2569 1984 2638 λόγος.

424 2653 544 2725 ’Ἆρ’
604 2648 707 2707 οῦν.
738 2654 840 2725 τῆς
889 2654 1008 2726 τσής
1059 2656 1218 2722 ἀξίας
1268 2658 1347 2728 τῷ
1409 2663 1687 2729 μονογενεί
1734 2659 1846 2730 Υίῷ
1893 2659 1987 2713 τοῦ

420 2744 565 2798 Θεοῦ.
585 2747 854 2811 κάκείνοις
874 2748 1043 2802 ἆπασι
1078 2750 1265 2820 μετῆν,
1298 2750 1389 2803 καὶ
1420 2751 1582 2804 πλέον
1605 2752 1754 2804 οὐδὲν
1780 2752 1990 2823 ὑπῆρχε

2081 2119 2298 2163 sanctos
2322 2148 2336 2171 ,
2391 2117 2446 2162 et
2490 2110 2573 2163 ad'
2599 2110 2824 2164 cmleras
2857 2123 3047 2165 omnes
3075 2124 3104 2163 a
3128 2109 3309 2165 Verbo
3355 2110 3654 2179 productas

2082 2200 2405 2255 creaturas?
2439 2200 2597 2256 Certe
2630 2201 2849 2271 quidem
2890 2201 3065 2256 edocti
3098 2217 3306 2266 sumus,
3331 2201 3506 2257 Verbo
3541 2200 3651 2255 Do.-

2085 2291 2213 2345 mini
2253 2291 2421 2345 caelos
2474 2292 2851 2348 constabilitos
2885 2310 2900 2347 :
2935 2303 2988 2347 et
3013 2294 3191 2347 omnia
3216 2308 3311 2362 per
3340 2292 3488 2347 illum
3514 2292 3653 2348 facta

2085 2382 2292 2437 fuisse:
2323 2391 2409 2448 et,
2437 2384 2556 2439 sine
2598 2384 2689 2438 illo
2730 2384 2933 2439 factum
2968 2384 3133 2439 fuisse
3172 2384 3304 2439 nihil
3337 2402 3349 2438 :
3377 2386 3583 2440 scimus
3626 2399 3658 2439 e

2087 2473 2286 2529 divinis
2308 2475 2628 2544 Scripturis,
2658 2477 2930 2545 quomodo
2968 2477 3056 2531 hic
3090 2476 3143 2530 in
3181 2477 3433 2532 omnibus
3467 2491 3660 2547 opere-

2090 2577 2195 2620 tur.
2224 2566 2499 2636 Scriptum
2522 2576 2600 2621 est
2627 2586 2640 2622 :
2690 2565 2909 2623 Verbum
2940 2568 3155 2623 Domini
3198 2570 3266 2621 ad
3310 2568 3460 2633 Osee,
3485 2568 3656 2637 ﬁlium

2088 2657 2241 2712 Beeri
2276 2657 2355 2722 ‘°;
2388 2668 2474 2714 et:
2518 2658 2734 2714 Verbum
2766 2658 2979 2713 Domini
3021 2660 3220 2729 factum
3252 2670 3326 2713 est
3353 2660 3423 2712 ad
3458 2658 3659 2713 Isaiam

2090 2750 2259 2820 ﬁlium
2285 2753 2443 2807 Amos
2466 2752 2507 2784 “
2531 2769 2545 2819 ;
2569 2763 2651 2808 et:
2689 2751 2914 2807 Verbum
2938 2752 3149 2807 Domini
3191 2754 3260 2806 ad
3289 2750 3667 2815 Jeremiam".

420 2837 501 2910 τῷ
533 2839 763 2911 Σωτῆρι,
795 2841 843 2893 εί
867 2841 930 2913 δή
962 2842 1211 2913 ἐνεργείᾳ
1243 2842 1378 2916 μόνῃ
1409 2843 1515 2896 ὑπὸ
1546 2843 1641 2897 τοῦ
1675 2845 1849 2913 Λόγου
1898 2845 1989 2898 τοῦ

2097 2845 2149 2898 ln
2169 2859 2487 2914 unoquoque
2503 2846 2731 2924 denique
2756 2846 3013 2915 propheta
3031 2847 3355 2915 operabatur
3371 2844 3497 2900 illud
3519 2844 3659 2899 idem

421 2926 500 2999 τῷ
519 2927 638 2998 Θεῷ
675 2930 1027 3001 συνημμένου
1046 2933 1292 2986 ἐκινεῖτο.
1340 2932 1476 2990 Ἀλλ’
1506 2933 1627 2987 οὐδὲ
1652 2934 1722 2988 τὰ
1757 2936 1846 2989 τσα
1882 2937 1993 2999 τοῖς

2097 2937 2313 2991 verbum
2365 2937 2495 3003 Dei;
2533 2937 2793 3007 aequalem
2842 2938 3006 3008 igitur
3050 2938 3124 2993 illi
3152 2952 3490 2993 omnescum
3523 2934 3661 2989 Filio

424 3020 727 3091 προφήταις
764 3019 949 3091 φέρειν
978 3020 1158 3074 δίδωσι
1182 3021 1500 3093 Μάρκελλος
1530 3023 1606 3094 τῷ
1648 3024 1870 3095 Χριστῷ
1896 3024 1991 3078 τοῦ

2098 3028 2191 3083 Dei
2240 3028 2555 3099 dignitatem
2588 3029 3011 3098 participabant,
3043 3044 3145 3084 nec
3173 3036 3292 3084 erat
3320 3029 3497 3097 aliqua
3533 3028 3665 3082 Sor-

424 3111 580 3166 Θεοῦ.
636 3114 698 3166 0i
745 3112 842 3184 μὲν
883 3112 993 3185 γὰρ
1044 3113 1189 3185 ζωῆς
1243 3116 1458 3169 αἰωνίου
1487 3116 1755 3171 ἀθανάτου
1803 3136 1863 3172 τε
1902 3121 1995 3174 καὶ

2097 3121 2295 3176 vatoris
2330 3122 2718 3191 praerogativa;
2764 3121 2805 3174 si
2865 3121 2976 3175 sola
3010 3119 3099 3174 ille
3127 3120 3440 3189 operatione
3473 3116 3660 3177 Verbi.

426 3202 779 3275 ἀτελευτήτου
830 3203 1127 3269 τεύξονται,
1172 3208 1252 3267 εἰς
1283 3208 1409 3271 τοὺς
1442 3209 1691 3273 ἅπαντας
1709 3209 1912 3275 αίῶνας
1939 3213 1996 3264 ἐν

429 3296 494 3365 τῇ
524 3294 937 3376 κατηγγελμένη
967 3295 1073 3349 τῶν
1100 3297 1344 3370 οὐρανῶν
1372 3298 1617 3376 βασιλείᾳ
1660 3301 1994 3372 βιωσόμενοι,

429 3385 650 3454 ἀγαθῶν
671 3404 730 3440 τε
748 3372 1162 3453 ἀπολαύσοντες,
1192 3388 1231 3443 ἄ
1258 3391 1567 3461 ὀφθαλμὸς
1592 3372 1712 3448 *οὐκ
1740 3390 1860 3448 εἶδε
1900 3394 1998 3448 καὶ

429 3472 538 3543 οὖς
564 3480 673 3532 οὐκ
713 3478 939 3547 ἤκουσε
976 3481 1072 3533 καὶ
1116 3481 1213 3534 ἐπὶ
1247 3482 1499 3550 καρδίαν
1535 3482 1844 3551 ἀνθρώπου
1886 3486 1999 3538 οὐκ

426 3567 607 3637 ἀνέϐη
630 3587 643 3600 ·
673 3572 701 3623 6
721 3570 777 3624 δὲ
805 3571 1036 3643 Χριστὸς
1067 3572 1160 3625 τοῦ
1192 3572 1350 3639 Θεοῦ,
1380 3575 1540 3637 αὐτὸς
1571 3576 1600 3628 6
1629 3576 1806 3640 κοινὸς
1835 3576 2001 3629 ἀπάν-

428 3675 539 3712 των
570 3659 783 3731 Σωτὴρι
814 3662 842 3714 6
865 3661 1201 3731 πρωτότοκος
1236 3663 1342 3716 τῶν
1375 3664 1584 3736 νεκρῶν
1604 3704 1618 3727 ,
1648 3667 1680 3735 ή
1712 3665 1867 3729 ἐλπὶς
1902 3670 2000 3738 τῆς

431 3751 540 3806 τῶν
568 3754 736 3822 ἁγίων
771 3755 1136 3821 ἀναστάσεως,
1170 3756 1329 3826 μόνος
1370 3756 1480 3827 ἄρα
1516 3757 1637 3810 τότε
1677 3757 2004 3829 ἀπολειφθή-

434 3852 587 3897 σεταί
634 3844 1048 3919 παυθησομένης
1089 3846 1251 3900 αὐτοῦ
1302 3850 1401 3919 τῆς
1443 3846 1736 3917 βασιλείας,
1771 3848 1865 3901 καὶ
1903 3847 2004 3918 τῆς

437 3938 699 4002 ζωοποιοῦ
729 3941 926 4013 σαρκὸς
962 3942 1166 4013 ἐρήμου
1192 3942 1285 3999 καὶ
1328 3940 1525 4010 ἀλόγου
1572 3941 2003 4013 καταλειφθησο-

442 4029 628 4101 μένης,
661 4030 736 4094 ὡς
767 4032 903 4102 μήτε
929 4031 1298 4103 προϋπάρχειν
1332 4031 1493 4085 αὑτὸν
1522 4031 1649 4085 Υἱὺν
1672 4031 1806 4085 Θεοῦ
1856 4032 2003 4099 ὄντα,

440 4125 575 4197 μήτε
607 4125 844 4203 διαρκεῖν
874 4127 951 4190 εἰς
982 4126 1228 4199 ἄπειρον,
1254 4126 1396 4181 κατά
1438 4128 1535 4200 τὴν
1563 4128 1657 4181 τοῦ
1690 4130 2004 4202 Μαρκέλλου

436 4217 802 4282 διδασκαλίαν,
834 4220 1072 4284 Εἰκότως
1099 4219 1205 4292 ἄρα
1240 4219 1414 4274 ταῦτα
1446 4219 1669 4289 βασιλέα
1694 4223 1770 4292 (1)
1808 4222 1898 4276 τὸν
1932 4223 2008 4287 ώς

440 4309 651 4381 ἀληθῶς
701 4310 917 4382 θεοφιλῆ
973 4311 1068 4366 καὶ
1106 4312 1499 4384 τρισμακάριον
1521 4312 1661 4366 κατά
1694 4313 1788 4367 τοῦ
1820 4314 2009 4386 ἀνδρὸς

441 4401 627 4461 ἐκίνει.
660 4403 832 4457 καίτοι
867 4402 1030 4474 μυρία
1053 4402 1498 4469 κολακεύσαντος,
1538 4405 1632 4458 κοιλ⁸
1654 4405 1821 4459 πολλά
1857 4406 2011 4477 βασι-

2096 3212 2238 3280 quod
2287 3227 2409 3266 cum
2442 3211 2550 3265 Deo
2583 3210 2793 3265 unitum
2846 3211 3118 3275 manebat,
3156 3210 3494 3263 movebatur.
3552 3207 3665 3260 ltno

2097 3318 2225 3357 vero
2255 3303 2544 3363 Marcellus
2578 3318 2683 3357 non
2715 3303 2952 3365 admittit
2994 3302 3088 3362 Dei
3121 3300 3342 3365 Filium.
3374 3302 3442 3357 ad
3478 3315 3664 3369 requa-

2098 3396 2176 3451 les
2212 3396 2488 3465 portiones
2515 3409 2635 3449 cum
2688 3394 2949 3463 propheta
3003 3393 3213 3462 quovis.
3256 3393 3667 3461 Consequenter

2099 3487 2239 3542 enim
2272 3486 2348 3541 illi
2383 3486 2546 3540 vitam
2574 3495 2858 3546 azternam.
2903 3484 3261 3540 immortalem
3282 3522 3298 3545 ,
3342 3492 3398 3537 et
3427 3482 3667 3537 indeter-

2101 3579 2409 3635 minabilem
2435 3619 2450 3643 ,
2494 3593 2589 3648 per
2623 3578 2817 3632 secula
2858 3590 3050 3645 nempe
3080 3576 3264 3630 omnia
3316 3575 3369 3628 in
3402 3573 3669 3645 promisso

2102 3672 2193 3725 illo
2239 3685 2411 3740 regno.
2460 3670 2723 3725 caelorum
2780 3668 3028 3733 victuri,
3081 3667 3337 3721 fruitione
3372 3663 3671 3735 gaudentes

2103 3762 2366 3816 bonorum
2389 3801 2404 3824 ,
2440 3777 2560 3832 quae
2588 3776 2683 3816 nec
2709 3761 2905 3815 oculus
2936 3760 3103 3824 vidit,
3134 3773 3236 3813 nec
3266 3757 3415 3812 auris
3440 3755 3677 3819 audivit,

2104 3870 2202 3910 nec
2234 3854 2474 3909 ascendit
2510 3854 2561 3907 in
2595 3868 2691 3908 cor
2724 3853 2981 3907 hominis.
3030 3850 3283 3906 Christus
3323 3858 3502 3904 autem
3533 3846 3671 3912 Dei,

2104 3946 2407 4001 communis
2444 3945 2687 4000 omnium
2722 3944 3002 4008 Servator,
3041 3930 3373 3998 mortuorum
3403 3940 3678 4010 primogea

2108 4039 2252 4092 nitus
2278 4077 2293 4100 ,
2344 4051 2467 4107 spes
2500 4036 2916 4091 resurrectionis
2953 4044 3263 4090 sanctorum
3289 4072 3307 4101 ,
3356 4032 3508 4088 solus
3543 4040 3674 4086 tune

2108 4129 2531 4199 derelinqnetur,
2550 4127 2731 4182 ablato
2759 4127 2861 4181 sibi
2890 4141 3076 4197 regno,
3108 4140 3274 4181 carne
3304 4124 3549 4187 viviﬁca,
3580 4138 3678 4176 nu.-

2108 4220 2172 4275 da
2207 4230 2262 4275 et
2284 4219 2585 4276 irrationali
2615 4219 2868 4274 derelicta
2903 4237 2916 4273 :
2948 4227 3007 4273 nt
3040 4217 3154 4288 qui,
3183 4237 3202 4270 ι
3240 4232 3345 4273 non
3373 4224 3497 4272 erat
3527 4214 3681 4285 prius

2109 4328 2267 4381 quam
2316 4321 2557 4368 exstaret
2604 4312 2807 4377 homo,
2864 4310 3036 4366 Filius
3092 4310 3223 4374 Dei;
3284 4328 3303 4360 ι
3353 4323 3529 4378 neque
3578 4320 3679 4374 per

2111 4403 2466 4462 mternitatem
2499 4405 2866 4471 perseverabit
2908 4418 3026 4457 esse
3051 4442 3069 4467 ,
3113 4402 3265 4472 juxta
3314 4398 3551 4454 Marcelli
3580 4398 3681 4450 ('0‘!

439 4491 576 4555 λέως
622 4493 869 4565 ἐγκώμια
921 4495 1084 4548 αὐτοῦ
1133 4497 1191 4549 ἐν
1249 4495 1641 4567 συγγράμματι
1688 4496 2000 4561 διελθόντος.

2111 4496 2362 4550 ctrinam.
2390 4495 2654 4561 Quocirca
2686 4511 2792 4550 non
2825 4494 3348 4548 immeritohaectam
3377 4486 3677 4551 horrenda,

438 4583 627 4637 Ταῦτα
664 4584 720 4637 δὲ
750 4585 843 4638 καὶ
875 4585 973 4656 τὴν
1007 4586 1168 4654 ἁγίαν
1219 4585 1467 4653 σύνοδον,
1514 4590 1573 4640 ἐν
1625 4590 1692 4659 τῇ
1755 4588 2004 4660 βασιλικῇ

441 4675 799 4737 συνελθοῦσαν
853 4676 1002 4736 πόλει
1035 4677 1094 4742 ἐξ
1142 4679 1416 4750 ἐπαρχιῶν
1469 4678 1774 4749 διαφόρων,
1810 4680 2008 4733 Πόντου

440 4771 534 4823 καὶ
566 4770 975 4834 Καππαδοκίας,
1024 4771 1205 4835 Ἀσίας
1238 4788 1297 4823 τε
1330 4770 1423 4822 καὶ
1441 4770 1698 4841 Φρυγίας,
1735 4771 1828 4823 καὶ
1852 4770 2012 4824 Βιθυ-

440 4861 579 4927 νίας,
616 4862 837 4936 Θρᾴκης
867 4878 928 4919 τε
969 4862 1061 4916 καὶ
1090 4861 1200 4914 τῶν
1243 4860 1500 4915 ἐπέκεινα
1557 4861 1740 4933 μερῶν
1766 4902 1781 4926 ,
1835 4862 2018 4933 στηλι-

522 5047 579 5103 ιῖι
609 5038 707 5094 Ed.
735 5038 906 5097 Paris.
937 5054 1058 5111 pag.
1089 5038 1177 5095 55.
1253 5039 1299 5071 ⁸⁸
1330 5039 1452 5097 Ose.
1494 5056 1533 5108 ι,
1580 5041 1630 5095 1.

520 5220 814 5294 (97)ῌἘνῇ
842 5223 1150 5294 ἀνείληφε.
1180 5221 1377 5277 Facilis
1402 5218 1691 5294 restitutio,
1725 5210 1847 5294 ivga
1875 5218 2020 5294 ἀνει-

448 5276 1081 5366 ληξρείΜμξ-Αδείιι-νιιίέδ
1108 5276 1286 5366 σάρκα
1318 5276 1433 5366 loco
1464 5289 1626 5366 σαρκί
1645 5276 1697 5366 et
1722 5276 1847 5343 ἀλλ”’
1866 5284 2019 5343 εἶπεν

449 5358 651 5433 et'niox
680 5364 728 5415 ει
754 5362 812 5416 δὲ
837 5358 1110 5429 ταῦταλ,
1140 5358 1302 5431 porro
1324 5358 1847 5433 evépyeteﬁeanev,
1867 5375 2015 5414 corr.

450 5431 682 5503 ιφθασεν
707 5443 760 5486 et
789 5430 1195 5503 ἐστερεώθησαν
1224 5433 1317 5485 καὶ
1343 5430 1596 5503 δι”αὐτοῦ
1628 5430 1803 5503 πάντα
1825 5432 1908 5498 ἐγ.

524 5502 637 5574 (98)
663 5498 1166 5574 Οὐκοῦν-ἐνεργεῖ.
1210 5503 1371 5574 Lege,
1407 5503 1507 5555 οὐκ
1538 5498 1654 5574 οὖν,
1674 5502 1759 5574 ὅτι
1788 5502 2017 5571 ἐνεργεῖ.

452 5571 750 5642 Ειιιιειιηίιιι,
782 5572 1001 5642 ἀγαθῶν
1041 5571 1101 5627 τε
1130 5571 1522 5627 ἀπολαύσονται
1552 5573 1623 5637 (c.
1646 5572 1679 5623 Ι.
1704 5573 1781 5642 '5).

525 5641 638 5715 (99)
661 5641 1073 5715 νιιιεολέγένετο
1087 5653 1138 5698 et
1154 5644 1372 5713 ἐνήργει
1404 5643 1432 5695 6
1459 5642 1617 5705 αὐτὸς
1632 5650 1685 5696 et
1700 5644 1747 5695 εί
1761 5641 1838 5709 δέ,
1854 5654 2016 5712 porro

452 5713 624 5787 ἤκουε
647 5722 705 5767 et
729 5713 865 5787 Θεοῦ
886 5717 915 5768 6
944 5714 1119 5787 κοινὸς
1145 5714 1245 5787 ἀπ.
1271 5715 1336 5767 Σ.

528 5784 604 5855 (Ι)
632 5784 914 5844 Βασιλέα.
948 5785 1363 5844 Constantinum
1394 5780 1641 5851 intelligit
1671 5782 1779 5852 jam
1817 5782 2012 5842 delun-

1729 5041 1771 5072 “
1807 5040 1911 5101 lsa.
1938 5058 1976 5105 t,
2010 5044 2062 5097 Ι.

2111 4603 2290 4657 regem
2323 4588 2470 4642 illum
2506 4603 2631 4644 vere
2660 4587 2989 4658 religiosum,
3012 4594 3067 4638 et
3094 4587 3401 4637 terbeatum
3417 4581 3677 4633 adversus

2115 4680 2432 4747 scriptorem
2467 4680 2841 4740 concitarunt,
2878 4679 3002 4736 licet
3033 4675 3106 4729 illi
3148 4675 3203 4728 in
3237 4674 3441 4742 scripto
3472 4684 3570 4725 suo
3596 4668 3680 4723 in-

2114 4770 2278 4824 ﬁnitis
2309 4771 2481 4826 modis
2506 4772 2934 4834 adblamliretnr,
2961 4776 3016 4823 et
3056 4766 3235 4821 multis
3266 4779 3387 4820 eum
3418 4760 3683 4818 encomiis

2115 4863 2447 4918 honestaret.
2501 4862 2627 4918 llaec
2661 4864 2716 4918 in
2756 4862 2908 4917 illum
2954 4864 3363 4917 commoverunt
3392 4868 3681 4911 sacrosan-

2139 5044 2181 5075 "
2207 5043 2320 5107 let.
2346 5060 2386 5112 ι,
2408 5042 2478 5109 ‘2;
2515 5059 2640 5109 xxv,
2668 5043 2719 5099 1.

2116 5231 2285 5288 ctum,
2314 5223 2399 5278 cui
2433 5222 2696 5291 scriptum
2728 5221 2858 5277 illud
2889 5235 3044 5276 suum
3078 5218 3366 5274 Marcellus
3394 5216 3675 5275 olTerehat.

2118 5292 2167 5348 Is
2192 5292 2521 5361 Marcellum,
2567 5293 2631 5345 ab
2674 5292 2990 5346 Eusebianis
3027 5293 3337 5361 episcopatu
3367 5297 3594 5361 motum,
3623 5291 3678 5345 in

2116 5362 2233 5432 ejus
2260 5362 2431 5417 locum
2452 5360 2647 5432 Basilio
2668 5362 2897 5429 quodam
2916 5359 3228 5432 snlirogato,
3245 5359 3406 5432 jussit
3430 5360 3681 5432 exsulare

2118 5428 2171 5486 in
2212 5433 2441 5487 concilio
2491 5428 3111 5495 Cousm’ntinopolitano,
3149 5428 3291 5484 anno
3335 5428 3678 5485 Constantini

2118 5502 2328 5567 ultimo,
2360 5501 2560 5555 Christi
2597 5501 2721 5564 556,
2776 5499 3073 5563 celebrato.
3111 5499 3265 5569 cujus
3311 5500 3397 5554 hic
3439 5501 3692 5562 meminit

2119 5573 2399 5628 Eusebius.
2430 5572 2483 5624 In
2506 5586 2612 5638 quo
2649 5571 2911 5626 Eusebius
2942 5572 3029 5626 ille
3046 5572 3367 5625 Arianorum
3405 5578 3689 5638 protospa-

2120 5643 2324 5700 larius.
2364 5642 2490 5695 olim
2526 5641 2968 5713 Nicomediensis,
3002 5642 3348 5713 praesidebat.
3375 5639 3531 5693 ltl.—
3562 5639 3689 5699 Mox

2117 5713 2275 5783 vulgo
2305 5713 2503 5767 Πόντου
2530 5728 2586 5765 τε
2613 5710 2727 5768 καί.
