4158 6390
572 323 680 385 82⁵

1243 319 1512 375 EUSEBll
1549 315 2030 374 CESARIENSIS
2066 315 2216 372 OPP.
2256 315 2438 372 PARS
2474 311 2564 370 IV.
2589 346 2658 356 -
2693 313 3108 372 DOGM.\TICA.

3713 312 3819 372 ιιι

573 447 717 491 ctam
759 437 904 492 illam
937 435 1226 508 synodum,
1255 448 1375 502 quae
1405 435 1470 486 de
1495 430 1724 487 diversis
1755 431 1889 486 adeo
1921 431 2135 500 provin-

2246 429 2421 484 τεύειν
2462 429 2550 483 τὸν
2593 430 2779 501 ἄνδρα,
2828 430 2914 484 διὰ
2957 431 3066 503 τῆς
3083 434 3203 486 κατ’
3238 431 3401 490 αὐτοῦ
3446 429 3684 501 Γραφῆς,
3726 426 3823 491 καὶ

572 525 695 595 clis,
736 525 909 583 Ponto
934 567 949 590 ,
977 523 1315 595 Cappadocia
1336 565 1351 590 ,
1379 523 1507 578 Asia
1525 563 1541 586 ,
1579 522 1845 594 Phrygia,
1874 523 2142 595 Bithynia,

571 617 826 684 Thracia,
853 627 904 673 et
929 617 1277 677 ulterioribus
1307 617 1618 688 regionibus
1649 619 1699 671 in
1731 616 1931 687 regiam
1955 617 2142 670 urbem

569 721 898 765 convenerat
948 728 964 766 :
1012 719 1067 764 et
1109 720 1168 765 ut
1213 711 1420 782 scripto
1469 710 1522 764 in
1576 710 1723 764 iHum
1762 709 2145 770 inveherentur

569 799 760 863 Patres
786 801 868 853 vel
903 801 1100 856 invitos
1124 791 1442 871 coegerunt.
1473 800 1598 855 Haec
1624 809 1678 856 et
1709 816 1810 857 nos
1851 801 1994 868 ipsos
2019 816 2144 869 pro-

583 901 872 946 traxerunt
904 893 969 951 ad
1014 893 1154 947 hanc
1179 908 1300 962 quae
1348 909 1456 962 [πω
1507 893 1759 947 manibus
1807 903 1888 947 est
1933 892 2141 959 disquic

567 983 823 1040 sitionem
863 1023 880 1049 ,
938 995 999 1038 ut
1058 984 1300 1051 vestigiis
1375 985 1517 1038 illius
1572 984 1761 1054 synodi
1830 983 2142 1038 insistentes

567 1075 878 1129 sanctiooes
906 1085 1203 1138 tueremur,
1241 1083 1296 1130 et
1322 1075 1718 1129 comministris
1756 1075 1957 1128 nostris
1981 1074 2141 1128 satis-

566 1165 889 1230 faceremus,
925 1169 1013 1234 qui
1067 1169 1181 1223 haec
1246 1177 1303 1222 ut
1344 1167 1761 1236 aggrederentur
1793 1167 1950 1220 nobis
1979 1167 2140 1220 dede-

547 1266 696 1336 {rnnt
719 1257 769 1310 in
797 1264 854 1322 ὦ
891 1259 1180 1314 mandatis.
1230 1258 1482 1328 Inprimis
1529 1268 1732 1320 autem,
1764 1258 2020 1317 arbitror.
2050 1272 2141 1310 ne-

565 1349 807 1403 cessario
831 1349 961 1403 mihi
995 1351 1097 1404 hoc
1122 1349 1425 1404 faciendum
1451 1348 1646 1412 fuerat,
1675 1358 1894 1416 propter
1924 1361 2018 1401 eos
2045 1346 2136 1416 qui

564 1439 882 1494 existimant
909 1440 1056 1496 bnnc
1083 1440 1278 1508 injuria
1308 1441 1468 1498 allici.
1504 1441 1665 1495 Decet
1689 1440 1834 1494 enim
1865 1438 2004 1492 hanc
2030 1437 2139 1491 fra-

567 1539 709 1586 trum
738 1542 1050 1588 nostrorum
1081 1534 1441 1602 suspicionem
1473 1534 1714 1586 eximere
1742 1545 1806 1585 ex
1832 1530 2050 1596 animis,
2080 1539 2137 1583 et

563 1622 879 1692 aliquandiu
917 1623 1168 1678 latentem
1209 1635 1262 1678 et
1298 1639 1393 1694 per
1427 1622 1648 1677 latibula
1684 1621 2008 1676 occultatam
2057 1620 2138 1690 ip-

563 1714 678 1769 sius
722 1715 774 1768 in
816 1713 1012 1768 Filium
1047 1714 1138 1770 Dei
1172 1715 1503 1783 impietatem
1531 1755 1546 1782 ,
1586 1715 1638 1768 in
1686 1723 1926 1784 apertam
1957 1713 2134 1767 lucem

2255 523 2329 596 μὴ
2367 523 2644 586 Θέλουσαν,
2687 523 3014 588 ἐξεϐιάζετο.
3065 525 3249 581 Ταῦτα
3284 526 3376 579 καὶ
3418 525 3566 595 ἡμᾶς
3605 523 3703 594 (2),
3729 521 3824 577 ἐπὶ

2249 615 2350 686 τὴν
2379 615 2518 686 μετά
2552 619 2708 687 χεῖρα
2758 617 3001 681 ἐξέτασιν
3054 619 3333 690 προελθεῖν
3385 616 3817 688 κατηνάγκασεν,

2250 707 2383 776 όμοῦ
2411 707 2466 761 δὲ
2505 711 2616 772 τοῖς
2639 707 2847 773 δόξασιν
2874 711 2940 780 τῇ
2973 710 3102 781 ἁγίᾳ
3131 709 3333 780 συνόδῳ
3363 707 3818 780 παρισταμένους,

2249 798 2395 867 ὁμοῦ⁹
2439 799 2532 850 καὶ
2601 801 2710 861 τοῖς
2774 799 3200 870 συλλειτουργοῖς
3270 799 3598 872 προστάξασι
3665 796 3820 852 τοῦτο

2251 889 2453 960 πρᾶξαι
2522 889 2583 943 τὸ
2645 891 2826 944 ἱκανὸν
2884 891 3258 961 ποιουμένους.
3315 891 3563 944 Μάλιστα
3608 889 3663 942 δέ
3731 905 3820 958 μοι

2249 981 2539 1049 ἀναγκαῖον
2595 981 2832 1052 ἡγοῦμαι
2887 981 3244 1059 γεγεννῆσθαι
3305 981 3365 1034 τὸ
3437 981 3670 1052 γράμμα
3730 977 3820 1043 διά

2247 1075 2372 1137 τοὺς
2400 1072 2686 1143 ἠδικῆσθαι
2715 1071 2804 1124 τὸν
2834 1071 3000 1143 ἄνδρα
3024 1072 3392 1142 νενομικότας.
3410 1069 3528 1143 Χρὴ
3545 1070 3651 1139 γὰρ
3683 1069 3818 1122 ἀπο⁹

2249 1165 2583 1236 Θεραπεῦσαι
2624 1165 2723 1234 τὴν
2765 1171 2872 1216 τῶν
2921 1164 3204 1234 ἡμετέρων
3249 1162 3491 1231 ἀδελφῶν
3543 1161 3815 1224 ὑπόνοιαν,

2246 1256 2332 1312 διά
2367 1258 2460 1310 τού
2499 1257 2736 1328 φανεράν
2775 1257 3110 1326 καταστῆσαι
3132 1257 3229 1326 τὴν
3267 1257 3492 1327 μακροῖς
3545 1253 3643 1324 μὲν
3692 1251 3818 1323 χρό-

2245 1367 2354 1413 νοις
2383 1349 2809 1420 ἐμφωλεύσαμεν
2833 1348 2978 1419 αύτῷ
3001 1350 3079 1412 είς
3122 1348 3210 1400 τὸν
3241 1348 3368 1400 Υίὸν
3401 1345 3494 1399 τοῦ
3515 1343 3649 1399 Θεοῦ
3689 1346 3818 1398 ams

2247 1443 2420 1508 στίαν,
2455 1443 2571 1495 νυνὶ
2603 1442 2660 1494 δὲ
2695 1441 3058 1514 ἐληλεγμένην
3100 1441 3174 1511 (5)
3207 1439 3294 1494 διὰ
3325 1442 3423 1509 τῆς
3479 1437 3640 1492 αὑτοῦ
3680 1453 3817 1505 γρα-

2245 1533 2351 1602 φῆς
2370 1550 2383 1562 ο
2415 1533 2502 1604 ἣν,
2546 1533 2770 1604 μηδενὸς
2803 1533 3112 1598 καλοῦντος,
3143 1531 3438 1600 αὐτόμολος
3470 1530 3652 1601 φέρων
3681 1545 3820 1601 παρη

2242 1626 2331 1697 ῆν,
2374 1627 2582 1698 βασιλεῖ
2627 1645 2685 1680 τε
2731 1630 2822 1681 ἐπὶ
2858 1631 3015 1701 χεῖρα
3043 1628 3184 1690 δοὺς,
3231 1627 3382 1696 ἠξίου
3413 1623 3702 1694 διαγνῶναι
3748 1621 3818 1676 τά

2243 1719 2700 1791 ἐγγεγραμμένα·
2753 1720 2896 1790 τάχα
2945 1738 3046 1774 που
3085 1719 3312 1782 ἐλπίσας
3356 1717 3464 1771 τῶν
3525 1717 3604 1776 είς
3655 1715 3816 1769 αὑτὸν

563 1805 926 1875 protrahere,
974 1821 1139 1876 quam
1183 1804 1403 1874 scriptis
1448 1807 1501 1859 in
1552 1807 1800 1874 prmsenti
1843 1805 2139 1860 convictam

2249 1814 2538 1883 ἐγκωμίων
2582 1813 2738 1884 χάριν
2793 1813 2952 1876 αὐτὸς
3015 1813 3114 1882 μὲν
3153 1815 3333 1882 τυχεῖν
3371 1808 3667 1882 προνομίας
3719 1807 3818 1878 τῆς

563 1905 813 1960 tenemus
838 1896 1008 1967 ipsius
1045 1912 1162 1966 qua:
1189 1912 1283 1951 sua
1315 1905 1527 1966 sponte,
1563 1898 1710 1952 nullo
1743 1897 2002 1952 incitante
2046 1913 2137 1952 re-

565 2005 687 2059 gem
733 1991 925 2046 adiens
975 1992 1029 2046 in
1079 2007 1270 2051 manus
1311 1993 1696 2062 praesentabat,
1730 1992 2031 2048 obtestatus
2079 2000 2140 2047 ut

567 2082 886 2152 perlegeret.
918 2082 1186 2150 Sperabat
1220 2084 1366 2140 enim
1420 2083 1602 2138 forsan
1652 2093 1875 2153 propter
1909 2084 2141 2152 impera-

569 2173 706 2228 toris
740 2174 973 2228 insertas
998 2173 1222 2240 laudes,
1265 2172 1379 2229 fore
1408 2183 1468 2230 ut
1510 2176 1732 2229 tutelam
1768 2183 1821 2229 et
1850 2173 2140 2243 protectio-

565 2281 690 2321 nem
723 2267 893 2338 ipsius
921 2279 1376 2338 consequeretur,
1407 2269 1644 2339 episcopi
1681 2284 1810 2323 vero
1840 2283 1978 2337 quos
2010 2283 2141 2321 con-

563 2355 722 2412 viciis
753 2357 1033 2425 proscidit,
1081 2357 1360 2428 suppliciis
1393 2358 1756 2413 traderentur.
1793 2357 1898 2412 Sed
1940 2373 2141 2430 nequa-

563 2462 727 2518 quam
758 2463 845 2503 res
870 2452 1134 2504 successit
1177 2466 1243 2505 ex
1276 2451 1441 2504 animi
1487 2452 1778 2504 sententia.
1831 2450 1971 2504 Dens
2022 2456 2141 2502 erat

563 2539 709 2594 enim
741 2541 961 2598 istorum
986 2541 1155 2610 judex
1182 2583 1199 2608 ,
1227 2552 1280 2596 et
1324 2543 1439 2612 ipse
1466 2541 1623 2598 Jesus
1656 2541 1910 2596 Christus
1939 2558 1965 2595 a
1999 2541 2140 2596 scri-

562 2642 722 2701 ptore
761 2634 1058 2702 despicatui
1099 2635 1340 2690 habitus.
1378 2635 1479 2700 Qui
1525 2651 1646 2689 cum
1695 2636 1874 2690 cordis
1907 2637 2136 2688 abscon-

563 2725 675 2781 dita
711 2725 963 2792 rimetur,
1013 2727 1188 2795 ipsum
1239 2730 1320 2782 sui
1372 2739 1744 2783 accusatorem
1788 2728 1902 2782 ﬁeri
1930 2767 1945 2792 ,
1991 2727 2136 2783 nullo

565 2817 880 2889 impellente
905 2861 920 2884 ,
953 2818 1238 2889 disposuit.
1287 2819 1441 2875 Unde
1467 2835 1589 2875 cum
1639 2821 1812 2874 adiret
1844 2821 2136 2890 imperato-

566 2925 680 2964 rem
709 2911 913 2979 scripto
953 2926 1054 2966 suo
1089 2911 1494 2981 gloriabundus,
1525 2909 1617 2964 ille
1643 2911 1852 2980 synodo
1882 2908 2137 2965 transmio

563 3000 636 3057 sit
692 3003 1059 3072 cognitionem
1124 3003 1341 3072 scriptis
1400 3011 1804 3058 contentorum.
1863 2999 2135 3070 Scriptum

2244 1906 2373 1975 παρ’
2399 1903 2545 1974 αὑτῴ
2572 1904 2650 1974 τῷ
2682 1905 2911 1975 βασιλεῖ,
2952 1906 3077 1968 τοὺς
3105 1905 3148 1956 δ’
3185 1905 3275 1957 ὑπ’
3306 1901 3470 1956 αὑτοῦ
3502 1915 3818 1970 κακηγορη-

2245 1993 2434 2056 Θέντας
2485 1993 2812 2056 ἐπισκόπους
2865 1993 3231 2064 ὑποϐληθῆναι
3269 1991 3528 2064 τιμωρίᾳ.
3591 1989 3663 2045 Οὐ
3709 1990 3820 2060 μὴν

2243 2085 2364 2140 κατ’
2412 2083 2629 2147 ἐλπίδας
2689 2085 2839 2156 αὐτῷ
2899 2085 2970 2140 τά
3023 2085 3120 2157 τῆς
3187 2085 3464 2146 ἐκϐάσεως
3524 2082 3814 2155 προχωρεῖ.

2245 2176 2377 2240 Θεὸς
2425 2176 2532 2247 γὰρ
2563 2173 2630 2248 ἦν
2680 2181 2708 2232 ό
2740 2178 2943 2232 τούτων
2975 2179 3186 2249 κριτὴς,
3231 2177 3326 2230 καὶ
3369 2175 3532 2239 αὐτὸς
3585 2173 3818 2245 Χριστὸς

2253 2265 2480 2339 Ἰησοῦς,
2510 2267 2538 2320 ὁ
2572 2268 2708 2339 πρὸς
2734 2267 2826 2321 τού
2863 2269 3227 2340 συγγραφέως
3265 2266 3644 2337 ἀθετούμενος,
3667 2264 3725 2328 ὃς
3749 2264 3816 2336 δὴ

2239 2358 2310 2412 τὰ
2341 2359 2544 2430 κρύφια
2577 2360 2668 2413 τοῦ
2702 2360 2891 2432 ἀνδρὸς
2929 2359 3188 2432 συνορῶν,
3239 2358 3399 2412 αύτδν
3455 2356 3619 2412 αὐτοῦ
3687 2373 3813 2410 κατ-

2239 2451 2436 2523 ήγορον
2467 2453 2581 2522 ἅμα
2609 2453 2701 2505 καὶ
2730 2451 2967 2523 ἔλεγχον,
3023 2451 3247 2522 μηδενὸς
3280 2449 3710 2511 συνελαύνοντος,
3740 2447 3819 2516 γίι

2241 2543 2465 2610 γνεσοαι
2509 2543 2938 2614 παρεσκεύαζεν.
3000 2543 3160 2597 Ὅθεν
3193 2544 3221 2595 ό
3276 2542 3375 2614 μὲν
3429 2541 3520 2594 ἐπὶ⁵
3563 2540 3640 2611 τῷ
3689 2556 3821 2608 συγ-ι

2241 2635 2525 2703 γράμματι
2553 2633 3022 2704 καλλωπιζόμενος
3056 2634 3261 2704 βασιλεῖ
3311 2633 3540 2706 προσῄει
3562 2672 3576 2693 ,
3605 2635 3634 2686 ὁ
3659 2633 3715 2685 δέ
3746 2635 3815 2704 τῇ

2244 2726 2443 2796 συνόδῳ
2486 2726 2766 2797 παρεδίδου
2793 2726 2891 2797 τὴν
2913 2727 3180 2799 διάκρισιν
3199 2727 3306 2780 τῶν
3331 2725 3814 2800 ἐγγεγραμμένων.

2254 2817 2315 2870 Ἥ
2339 2817 2381 2869 δ’
2402 2818 2532 2885 άγία
2558 2817 2651 2871 τοῦ
2675 2817 2809 2872 Θεοῦ
2838 2818 3051 2886 σύνοδος
3081 2817 3447 2890 ἀπεδοκίμαζε
3465 2817 3526 2870 τὸ
3557 2817 3813 2886 γράμμα.

2241 2909 2478 2974 Εἰκότως
2503 2911 2584 2963 ὅτι
2615 2912 2749 2981 μήτε
2774 2912 2947 2983 ἀρχὴν
2985 2913 3122 2982 μήτε
3173 2910 3326 2974 τέλος
3361 2909 3581 2973 εὐσεϐὲς
3633 2909 3820 2980 ὁμολορ

2244 3002 2332 3071 γεῖ
2361 3000 2455 3054 τοῦ
2482 3001 2608 3054 Υίού
2648 3001 2743 3054 τοῦ
2766 3002 2923 3056 Θεοῦ.

563 3109 729 3167 porro
761 3097 999 3168 synodus
1042 3095 1438 3156 condemnavit.
1481 3095 1596 3152 Nec
1645 3093 1840 3165 injuria
1874 3111 1887 3148 :
1917 3109 2041 3150 cum
2076 3096 2142 3149 de
2176 3095 2441 3165 principio
2471 3107 2525 3151 et
2589 3096 2692 3151 fine
2733 3097 2852 3152 Filii
2918 3096 3038 3164 Dei,
3077 3106 3268 3154 contra
3303 3112 3522 3154 omnem
3553 3097 3827 3172 determiv.

563 3201 658 3248 net
682 3192 959 3263 pietatem.

571 3360 631 3421 ﬁt
693 3352 1149 3416 REVEHENDO
1204 3353 1573 3411 ADMODUM
1645 3352 1740 3422 ET
1819 3353 2204 3422 DILECTOC

635 3423 1160 3479 COMMINISTRO
1203 3423 1595 3491 FLACILLO,
1630 3421 1997 3479 EUSEBIUS
2047 3423 2135 3478 IN

636 3493 942 3553 DOMINO
983 3494 1322 3551 SALUTEM
1365 3496 1435 3550 Β.

637 3585 856 3642 Minime
885 3587 1126 3656 profecto
1159 3589 1460 3644 mirandum
1491 3597 1597 3656 est,
1635 3587 1678 3641 si
1715 3585 1899 3656 paucis
1927 3595 1982 3640 et
2007 3586 2136 3641 bre-

569 3681 712 3734 viter
746 3694 809 3733 ea
843 3679 1113 3735 refutasse
1145 3689 1430 3736 contentus
1463 3679 1682 3744 fuerim,
1724 3692 1846 3747 quae
1866 3678 2136 3734 verbosis-

565 3773 704 3829 sima
742 3771 993 3828 Marcello
1032 3783 1200 3836 sunt,
1243 3783 1296 3827 et
1325 3770 1642 3842 garrulitate
1681 3784 1886 3824 summa
1922 3769 2138 3837 scriptis

565 3864 980 3932 comprehensa.
1012 3863 1200 3929 Neque
1227 3865 1372 3918 enim
1411 3864 1597 3918 multis
1640 3861 1948 3920 necessario
1982 3859 2140 3915 refel-

569 3953 726 4009 lenda
758 3953 1009 4019 fuerant,
1039 3969 1159 4024 qum
1213 3972 1241 4009 a
1285 3955 1480 4025 seipsis
1529 3954 1790 4023 rejectitia
1848 3953 2138 4022 unicuique

567 4046 650 4102 vel
685 4047 844 4102 obvio
872 4047 1206 4102 viderentur.
1238 4047 1594 4114 Quamobrem
1637 4046 1926 4101 sullectnra
1956 4045 2134 4100 oinui-

471 4139 474 4142 ’
566 4151 638 4191 uo
673 4145 840 4201 ratus,
863 4153 979 4204 qua:
1007 4137 1212 4192 suntab
1235 4136 1450 4191 homine
1483 4137 1746 4205 profecta,
1785 4136 1835 4188 in
1865 4136 2135 4204 prioribus

567 4229 775 4284 duobus
826 4229 978 4284 libris
1003 4270 1018 4295 ,
1058 4229 1308 4286 retulisse
1345 4231 1721 4286 tantummodo
1753 4228 2134 4297 contradispu-

567 4321 713 4376 tendi
743 4323 926 4376 labore
958 4321 1104 4376 omni
1154 4321 1594 4390 supersedebam,
1644 4328 1699 4373 ct
1732 4320 1900 4388 ipsius
1931 4319 2134 4373 solum-

568 4413 729 4472 modo
751 4415 916 4472 verba
950 4417 1016 4468 ad
1053 4415 1224 4484 ipsmn
1267 4413 1619 4470 refellendum
1658 4415 2046 4482 producebant.
2080 4411 2135 4465 ln

640 4573 700 4632 ᾖ(
729 4567 830 4621 Ed.
861 4565 1031 4619 Paris.
1071 4581 1192 4635 pag.
1217 4564 1307 4618 56.
1405 4570 1462 4628 »Β
1490 4563 1588 4621 Ed.
1617 4563 1789 4618 Paris.
1818 4579 1937 4634 pag.
1977 4563 2062 4618 57.

2244 3355 2326 3424 Τῼ
2415 3355 2704 3407 mnam
2720 3355 2802 3422 Tn
2884 3354 3008 3406 ΚΑΙ
3071 3355 3415 3424 ΑΓΫΑΠΗΤῼ
3505 3357 3815 3409 amam-

2316 3425 2599 3492 ΤΟΥΙἸᾮ
2683 3425 3064 3492 quamam
3129 3423 3204 3493 (ι)
3282 3425 3652 3478 ΕΥΣΕΒιοΣ
3715 3425 3822 3480 EN

2310 3495 2540 3564 ΚΥΡΙῼ
2579 3493 2680 3563 (4ο)
2716 3496 3043 3548 XAIPEIN.

2310 3587 2373 3640 Εἰ
2407 3586 2544 3657 πρὸς
2582 3587 2679 3657 τὴν
2714 3586 2998 3658 ἀδόλεσχον
3035 3585 3111 3656 (5)
3143 3587 3234 3640 καὶ
3263 3587 3505 3656 πολυεπῆ
3557 3589 3819 3659 Μαρκέλ-

2241 3675 2332 3729 λου
2363 3675 2578 3746 γραφὴν
2607 3674 2675 3728 τά
2700 3677 2828 3747 παρ’
2852 3676 3008 3746 ἡμῶν
3054 3677 3112 3729 ἐν
3145 3675 3399 3748 βραχέσιν
3452 3679 3702 3747 ὴρκεσεν,
3748 3680 3812 3731 οὑ

2241 3767 2346 3838 χρὴ
2373 3767 2688 3838 Θαυμάζειν.
2723 3767 2795 3820 Οὐ
2829 3767 2938 3838 γὰρ
2980 3767 3043 3838 δὴ
3078 3767 3283 3822 πολλῶν
3317 3767 3421 3820 ἔδει
3472 3767 3643 3837 λόγων
3679 3770 3817 3842 πρὸς

2245 3860 2574 3930 ἀνατροπὴν,
2611 3859 2719 3912 τῶν
2754 3860 2976 3922 αὐτόθεν
3008 3861 3102 3913 καὶ
3145 3864 3256 3924 τοῖς
3284 3861 3504 3932 τυχοῦσι
3534 3879 3816 3930 κατεγνω-

2247 3951 2477 4020 σμένων.
2515 3952 2604 4004 Διὸ
2627 3951 2690 4024 δὴ
2729 3953 2787 4004 ἐν
2815 3952 2936 4005 δυσὶ
2967 3954 3080 4015 τοῖς
3111 3950 3366 4024 πρώτοις,
3389 3954 3521 4025 μόνῃ
3552 3957 3616 4024 τῇ
3644 3971 3814 4026 παραυ

2244 4041 2389 4096 θέσει
2414 4043 2519 4096 τῶν
2549 4044 2642 4096 τοῦ
2675 4044 2864 4116 ἀνδρὸς
2897 4044 3151 4116 ῥημάτων
3182 4046 3521 4116 χρησάμενος
3561 4045 3681 4116 δίχα
3709 4047 3816 4100 πά-

2243 4152 2346 4205 σης
2375 4135 2764 4210 ἀντιρρήσεως,
2789 4135 2848 4201 ἐξ
2880 4136 3059 4190 αὐτῶν
3092 4137 3180 4188 τὸν
3215 4139 3336 4189 κατ’
3381 4137 3557 4191 αὐτῶν
3594 4139 3815 4209 ἔλεγχον

2244 4228 2473 4298 φανερὸν
2527 4227 2843 4298 ἐποιούμην.
2897 4228 3030 4280 Νυνὶ
3073 4227 3128 4280 δὲ
3172 4229 3307 4299 πρὸς
3336 4227 3516 4298 ἐκείνῃ
3548 4230 3614 4299 τῇ
3652 4228 3811 4299 φωρᾷ

2241 4320 2334 4372 καὶ
2365 4320 2462 4390 τὴν
2485 4320 2794 4390 ἀνατροπὴν
2821 4320 2930 4372 τῶν
2961 4319 3139 4373 αὐτῶν
3167 4319 3254 4373 διὰ
3300 4319 3466 4391 τριῶν
3512 4322 3617 4376 τῶν
3673 4321 3812 4393 μετά

2242 4415 2427 4491 χεῖρας
2459 4415 2825 4484 προσήγαγον.
2871 4413 2930 4466 '0
2967 4412 3065 4483 μὲν
3099 4411 3226 4486 γὰρ,
3252 4412 3310 4479 ’έν
3341 4430 3394 4470 τι
3418 4413 3697 4484 διωλύγιον
3730 4410 3808 4490 (ι’)

639 4713 715 4786 (2i
753 4711 1061 4786 Taﬁtaacal
1087 4712 1525 4786 ﬁyéc._E'tp0nil
1569 4711 1656 4765 hic
1687 4710 1969 4786 Eusebius,
1997 4709 2137 4765 unde
2169 4715 2213 4771 D
2244 4708 2442 4786 fautor,
2477 4719 2530 4764 et
2564 4709 2631 4764 ab
2679 4711 2899 4786 Arianis
2951 4712 3221 4786 inductus,
3264 4709 3812 4786 Enplironii,_itidem

569 4783 796 4848 {:ttittitii,
820 4792 872 4832 ut
899 4783 964 4834 ad
991 4783 1374 4835 conl‘vttandnm
1401 4783 1564 4836 hocce
1601 4783 1859 4848 scriptum
1887 4796 2129 4834 accesse-

573 4855 664 4914 rit,
695 4852 908 4904 concilii
946 4853 1152 4906 ερὶΙὺριιι
1190 4854 1495 4918 imperium,
1543 4862 1598 4905 et
1637 4854 1891 4904 Actorum
1918 4851 2131 4904 concilii

572 4924 938 4978 defensionem
975 4925 1104 4976 :sed
1135 4923 1298 4977 factio
1319 4933 1455 4976 erat.
1503 4921 1829 4975 Praesidebat
1870 4920 2134 4976 Eusebius

571 4993 1212 5062 COnstantinopolitanus.
1263 4993 1448 5046 Ariani
1481 4999 1633 5045 erant
1667 5007 1802 5060 pene
1839 5005 2025 5044 omnes
2081 4992 2131 5044 in

574 5063 664 5116 illo
690 5062 919 5116 concilio
967 5061 1276 5130 congregati
1316 5079 1328 5112 :
1389 5072 1594 5114 tantum
1643 5076 1750 5114 non
1797 5061 2134 5115 arianizaliat

573 5133 862 5200 imperator
889 5149 902 5185 :
925 5131 1229 5188 Marcellum
1251 5130 1326 5184 illi
1348 5133 1572 5185 oderunt
1588 5131 1709 5188 odio
1725 5131 2128 5199 capitalissimo.

571 5201 698 5256 Haec
729 5217 830 5254 non
847 5201 968 5257 ideo
989 5202 1129 5254 dicta
1160 5212 1304 5262 sunt,
1336 5201 1715 5257 utMarcollum
1743 5212 2014 5264 tueamur,
2034 5202 2124 5254 sed

573 5282 629 5343 ut
654 5272 972 5343 Arianorum
1012 5272 1307 5343 operarios,
1348 5282 1402 5324 et
1428 5288 1618 5343 operas
1654 5272 1973 5343 indicemus.
2002 5270 2134 5335 Θεὸς

570 5342 678 5414 γὰρ
725 5341 904 5414 ἔσεται
931 5343 963 5414 δέ
997 5341 1199 5396 τούτων
1227 5343 1440 5414 κριτής,
1464 5341 1531 5395 ιιι
1578 5342 1755 5414 verbis
1792 5343 2131 5406 Eusebianis,

572 5411 663 5467 sed
690 5427 847 5466 Sensn
874 5413 1248 5481 Epiphaniano
1268 5411 1602 5467 conelndam.
1633 5411 1706 5465 Μ.

618 5482 720 5616 ἐξ)
746 5481 921 5554 Vulgo
948 5481 1154 5550 ἐλελεγ.
1189 5493 1242 5536 et
1270 5483 1411 5536 infra
1433 5483 1491 5547 ὃς
1512 5483 1568 5536 δέ
1586 5500 1638 5537 τ.
1676 5501 1767 5554 κρ.
1797 5492 1851 5536 et
1885 5482 2132 5536 ἀπεδοκι-

687 5570 793 5607 ετο.

687 5570 793 5607 ετο.

573 5567 793 5626 μαςετο.

577 5690 612 5693 _
645 5624 719 5693 (4)
771 5620 1136 5675 lnscribuntur
1195 5630 1305 5676 tres
1340 5634 1628 5689 sequentes
1679 5624 1820 5685 libri,
1854 5621 2124 5676 Flaccillo.

575 5690 703 5763 Erat
769 5701 947 5763 autem
1014 5694 1293 5760 episcopus
1360 5693 1448 5747 ille
1521 5693 2002 5763 A'ntiuchize,aﬁg
2059 5695 2126 5745 ad

569 5761 854 5835 Daphnen,
900 5761 1141 5826 Orientis,
1187 5763 1558 5838 tnetrnpolita,
1605 5762 1816 5824 Arianze
1860 5761 2127 5822 haereseos

2241 4783 2447 4840 Ariani,
2483 4796 2786 4834 successor.
2832 4783 2877 4835 Is
2919 4793 3020 4843 est,
3052 4783 3142 4851 qui
3181 4787 3318 4851 apud
3358 4782 3574 4835 Sozont.
3602 4779 3692 4833 lib.
3721 4796 3809 4844 Ill.

2240 4866 2364 4922 cap.
2395 4851 2448 4913 5,
2484 4851 2680 4904 dicitur
2711 4851 3013 4922 Πλάκητος,
3051 4850 3117 4905 ab
3152 4853 3272 4905 aliis
3301 4850 3568 4912 Placidus,
3623 4865 3815 4922 errore

2238 4919 2603 5004 lilirariortiiii.
2635 4919 2935 4990 Aliquoties
2970 4923 3110 4976 illius
3160 4923 3407 5004 meminit
3455 4920 3805 5004 Athanasius.

2237 4991 2375 5056 Quid
2399 5007 2527 5045 vero
2564 4992 2824 5045 hactenus
2857 5006 2886 5044 a
2923 5007 2981 5044 se
3016 4993 3312 5061 praestitum
3351 4991 3440 5053 sit,
3483 5003 3537 5045 et
3561 4990 3688 5060 quid
3736 4992 3812 5046 ah

2236 5075 2302 5112 eo
2346 5061 2407 5146 ig
2466 5061 3022 5146 seqiientibusmlibris
3053 5061 3500 5146 ‘ea‘spectandn‘m
3556 5065 3659 5146 sit,
3711 5061 3810 5145 do-

2236 5140 2320 5183 cet
2368 5128 2632 5186 Eosehins
2687 5132 2739 5184 in
2779 5131 2926 5185 illis:
2989 5131 3078 5184 Διὸ
3126 5128 3192 5185 δέ
3233 5133 3292 5186 ἐν
3345 5129 3464 5184 δυσὶ
3511 5133 3622 5192 τοῖς
3659 5129 3812 5202 πρὼ-

2235 5217 2366 5263 τοις,
2401 5211 2505 5253 etc.
2530 5200 2601 5257 M.

2326 5271 2402 5329 ι’)
2431 5271 2641 5337 Κιφίῳ.
2683 5269 2850 5336 Vulgo
2889 5272 2933 5324 X
2977 5269 3124 5341 ιστῷ.

2304 5271 2541 5422 ibwnlg.
2560 5341 2666 5422 καὶ
2688 5343 2845 5422 πολρ
2861 5288 3568 5422 ἐπςΜαρκέλλοιί.ίξει1ιβῐη
3583 5338 3808 5422 πολλὴν.

2234 5409 2338 5465 Sed
2364 5409 2586 5464 Omnino
2633 5412 2915 5476 legendum
2949 5409 3366 5481 θειζπολυεπῆξ
3387 5411 3440 5464 Id
3469 5413 3659 5464 docent
3681 5409 3809 5474 illa,

2234 5482 2414 5533 statim
2439 5481 2507 5532 ab
2526 5483 2678 5532 initio
2703 5483 2856 5533 nrimi
2888 5482 3004 5533 libri
3029 5497 3044 5533 :
3065 5482 3153 5533 Διὸ
3180 5482 3273 5533 καὶ
3298 5481 3441 5533 πέοα
3458 5479 3550 5533 τοῦ
3567 5480 3806 5533 δέοντος.

2233 5482 2414 5534 statim
2439 5481 2507 5532 ab
2526 5483 2678 5532 initio
2703 5483 2856 5546 primi
2888 5482 3004 5535 libri
3029 5497 3044 5535 :
3065 5482 3153 5535 Διὸ
3180 5482 3273 5534 καὶ
3298 5481 3441 5550 πέρα
3458 5481 3550 5533 τοῦ
3567 5481 3806 5545 δέοντος,

2233 5554 2312 5613 εἰς
2336 5550 2542 5620 μακρὸν
2562 5551 2708 5620 αύτῷ
2729 5552 2822 5604 καὶ
2837 5551 3068 5622 ἄμετρον
3089 5553 3259 5623 μῆκος
3280 5551 3574 5619 ἐξέπεσενὴ
3590 5550 3808 5620 γραφὴ,

2233 5622 2304 5675 ὡς
2322 5622 2476 5675 μόνον
2490 5622 2633 5672 ἐπῶν
2647 5622 2810 5675 ἐγγύς
2823 5639 2923 5674 που
2940 5624 3166 5675 μυρίων.
3185 5623 3274 5675 τὸν
3287 5623 3380 5675 Eva
3392 5621 3545 5675 λόγον
3571 5621 3808 5675 cii-mima

2231 5638 2304 5681 ως
2321 5637 2476 5690 μονον
2490 5636 2633 5672 επων
2647 5638 2810 5689 εγγυς
2823 5639 2923 5674 που
2939 5636 3166 5694 μυρίων,
3185 5636 3274 5676 τον
3288 5636 3380 5675 ενα
3394 5636 3545 5689 Λογον
3571 5636 3811 5692 amnt-2

2235 5690 2447 5763 σθῆναι.
2473 5690 2544 5744 Μ.
2570 5721 2642 5763 -_-
2662 5693 2789 5746 Dein
2815 5693 2971 5762 vulgo
2987 5693 3070 5763 διὸ
3091 5692 3146 5746 δέ
3169 5705 3224 5746 et
3251 5694 3410 5763 φορᾷ.

2303 5759 2359 5832 (6
2363 5772 2381 5832 )
2401 5762 2513 5818 Ἕν
2534 5779 2584 5815 τι
2605 5759 2940 5835 διωλύγιοτί
2985 5762 3096 5819 Non
3120 5774 3200 5818 est
3233 5759 3459 5831 parti—tus
3489 5773 3640 5818 suum
3664 5773 3814 5834 ορηε
