4158 6390
1370 330 1458 387 DE
1497 329 2029 392 ECCLESIASTICA
2055 338 2260 397 .TllEO’
2295 341 2454 398 OGlA
2482 342 2608 398 LIB.
2643 343 2683 398 Ι.

389 445 487 504 καὶ
544 444 880 510 πολυπλανὲς
925 447 1262 521 σύγγραμμα
1307 453 1598 521 συντάξας,
1638 456 1798 510 τοῦτό
1827 475 1936 530 φησ

2064 460 2232 518 tribus
2256 473 2437 520 autem
2467 464 2587 521 istis
2612 480 2722 536 prae
2751 465 3024 533 manibus,
3049 466 3264 536 libellis,
3307 471 3446 529 ultra
3475 474 3624 533 illam

388 534 770 606 πεποιηκέναι,
791 535 879 589 διὰ
905 536 966 590 τὸ
981 537 1077 591 ἕνα
1098 540 1381 610 γνωρίζειν
1413 542 1545 598 Θεόν
1571 561 1586 576 ο
1629 548 1701 618 μή
1721 565 1797 619 πη
1822 548 1956 621 λάθῃ

385 621 466 695 τῷ
494 621 606 694 Υἱῷ
633 622 726 685 τοῦ
761 623 896 679 Θεοῦ
925 625 1106 698 χώραν
1136 628 1311 694 διδοὺς
1352 632 1699 701 ὑποστάσεως
1722 638 1818 709 (7),
1847 639 1956 694 διε-

385 713 495 768 λὼν
522 715 621 786 τὴν
646 717 887 791 γραφήν.
911 719 1099 789 Ἡμεῖς
1128 720 1185 772 δὲ
1207 720 1305 793 τὴν
1325 725 1595 793 παναγίαν
1619 728 1714 780 καὶ
1730 744 1959 799 τρισμαο

386 808 579 881 καρίαν
597 809 863 882 τιμῶντες
887 812 1112 883 Τριάδα,
1131 815 1188 865 ὲν
1203 814 1478 881 τοσούτοις
1497 819 1596 890 τὴν
1623 821 1801 878 πᾶσαν
1824 820 1955 874 ὑπό-

387 902 536 958 θεσιν
567 902 996 975 συνειλήφαμεψ
1034 907 1347 978 φεισάμενοι
1385 909 1484 980 μὲν
1515 911 1859 982 πολυλογίας,
1894 915 1952 966 ἐν

384 995 664 1066 ὲπιτόμοις
692 996 749 1050 δὲ
785 994 878 1048 καὶ
907 995 1131 1069 βραχέσι
1160 1000 1260 1071 τὴν
1293 1000 1470 1072 ἀληθῆ
1505 1009 1952 1077 παραστήσαντες

385 1088 682 1157 θεολογίαν.
715 1090 776 1141 Ei
808 1088 905 1160 μὲν
939 1086 1030 1144 οὖν
1077 1093 1369 1166 αὐτάρκως
1411 1095 1524 1166 ἔχει
1552 1096 1620 1150 τὰ
1645 1099 1948 1168 γραφέντα,

384 1181 624 1251 κρίνειας
647 1180 711 1242 ἂν
740 1181 898 1245 αὐτὸς
931 1183 1267 1253 ἐντυγχάνων
1287 1204 1300 1216 °
1324 1189 1371 1239 εί
1398 1187 1454 1241 δέ.
1482 1206 1599 1240 τινα
1628 1188 1822 1254 λείποι,
1857 1193 1950 1246 καὶ

382 1269 551 1324 ταῦτα
580 1270 1055 1344 ἀναπληρώσεως·
1081 1274 1300 1348 δηλαδὴ,
1345 1277 1439 1330 ἅτε
1471 1278 1698 1348 ἀδελφὸς
1721 1281 1948 1351 ἀδελφοῦ

383 1362 753 1433 ὑστερήματα,
785 1362 838 1415 εἴ
863 1380 963 1416 που
993 1365 1087 1418 καὶ
1109 1365 1404 1438 Θεραπείας
1424 1367 1612 1434 δέοιτο,
1633 1370 1700 1424 δι’
1719 1373 1952 1444 ἐπανορ-

381 1452 600 1517 θώσεως
629 1452 948 1526 ἁξιώμενος.
997 1456 1300 1528 Ἐῥρὦθαί
1348 1476 1407 1512 σε
1457 1461 1552 1514 καὶ
1591 1464 1951 1534 μνημονεύειν

377 1545 513 1616 ἐμοῦ
537 1546 615 1619 τῷ
645 1549 833 1620 Κυρίῳ
859 1548 946 1602 διὰ
976 1550 1175 1614 παντὸς
1207 1550 1456 1623 εὔχομαι.

2057 553 2305 622 superius
2333 556 2632 612 institutam
2667 559 2932 612 rationem
2961 598 2977 624 ,
3013 559 3391 618 refutationem
3423 579 3490 620 ex
3530 567 3627 622 ad-

2056 658 2212 700 verso
2239 647 2519 702 adornavi.
2561 647 2652 704 llle
2680 651 2896 705 unicum
2945 650 3035 705 ubi
3076 652 3266 707 enixus
3296 664 3410 709 erat
3433 654 3624 723 fetum,

2053 736 2375 793 immensum
2400 739 2531 795 illud
2561 756 2716 811 opus,
2737 753 2791 797 et
2813 742 2979 796 variis
3002 757 3066 797 ex
3090 745 3370 800 erroribus
3399 758 3629 813 contex-

2054 838 2184 896 tum,
2205 831 2307 885 hoc
2342 832 2412 886 ob
2440 847 2559 886 eam
2587 849 2803 888 causam
2836 833 3133 890 instituisse
3163 851 3220 891 se
3250 846 3456 904 narrat,
3500 853 3628 908 pro-

2058 930 2240 990 pterea
2264 922 2404 991 quod
2433 939 2596 976 unum
2625 923 2796 978 solum
2827 924 2991 981 Deum
3036 913 3375 993 agnoscebat.
3408 929 3627 989 Veritus
3655 985 3673 1007 ,

2059 1013 2333 1079 nimirum,
2357 1029 2447 1081 ne,
2483 1015 2526 1069 si
2561 1015 2615 1070 in
2648 1016 2830 1084 plures
2862 1017 3032 1072 libros
3057 1019 3185 1074 illud
3216 1024 3477 1092 scriptum
3503 1040 3629 1094 pro-

2055 1118 2326 1174 pagasset,
2361 1106 2766 1163 subsistentiam
2793 1111 2984 1164 exinde
3016 1112 3155 1166 Filio
3187 1114 3280 1169 Dei
3309 1115 3502 1171 alicubi
3540 1119 3625 1172 in-

2059 1192 2289 1249 dulsisse
2326 1195 2617 1252 videretur.
2647 1197 2719 1250 At
2752 1213 2851 1252 nos
2881 1200 2973 1267 qui
3000 1204 3396 1258 sanctissimam
3446 1205 3628 1262 Triui-

2057 1291 2245 1352 tatem,
2271 1293 2323 1340 et
2351 1286 2590 1341 numeris
2621 1288 2870 1343 omnibus
2891 1289 3252 1348 beatissimam
3279 1311 3622 1365 veneramur,

2056 1383 2136 1428 tot
2171 1375 2359 1442 libris,
2415 1377 2516 1432 hoc
2548 1386 2631 1433 est
2685 1379 2877 1443 tribus,
2927 1382 3262 1452 dispertitum
3311 1389 3625 1448 universum

2053 1467 2178 1538 styli
2209 1479 2584 1538 argumentum
2617 1471 2980 1530 exsolvamus.
3003 1475 3129 1530 Eam
3158 1492 3320 1547 porro
3351 1481 3624 1538 scribendi

2034 1558 2304 1619 ,inivimus
2359 1561 2666 1629 rationem,
2712 1572 2791 1633 ut,
2845 1567 3237 1638 multiloquium
3265 1572 3621 1642 declinantes,

379 1642 705 1712 theologiam
768 1644 1113 1712 conjunctam
1181 1662 1305 1701 cum
1353 1647 1579 1704 veritate
1606 1687 1624 1714 ,
1667 1648 1908 1705 breviter
1967 1659 2021 1707 et
2057 1660 2312 1723 tanquam
2341 1670 2438 1723 per
2473 1657 2868 1729 compendium,
2902 1672 3350 1733 repraesentemus
3376 1686 3390 1722 :
3417 1667 3462 1722 si
3491 1667 3622 1722 satis

377 1737 482 1790 hoc
505 1750 604 1806 pro
632 1737 892 1806 dignitate
954 1738 1217 1796 fuerimus
1258 1743 1522 1810 exsecuti,
1583 1751 1736 1798 tuum
1768 1747 1872 1800 erit
1899 1762 2020 1801 cum
2059 1749 2375 1820 perlegeris,
2421 1750 2684 1820 judicare.
2733 1755 2788 1810 Si
2819 1757 2948 1830 quid
3003 1759 3267 1827 defuerit,
3325 1770 3476 1817 tuum
3517 1764 3622 1819 erit

377 1829 692 1899 adimplere,
730 1839 986 1902 tanquam
1015 1833 1182 1890 frater
1213 1834 1485 1925 fraternos
1515 1837 1782 1899 defectus.
1804 1840 1859 1896 Si
1889 1851 1942 1897 et
1977 1857 2112 1913 opus
2140 1844 2336 1902 alicubi
2371 1849 2706 1906 correctione
2739 1861 2903 1921 atque
2970 1855 3234 1911 medicina
3299 1855 3465 1912 fuerit
3493 1899 3508 1925 ,
3559 1860 3614 1914 in

377 1925 479 1981 hac
508 1942 721 1998 quoque
767 1939 916 1998 parte
951 1918 1386 1989 reformationem
1442 1935 1746 1994 adhibebis.
1801 1937 1946 1994 Bene
1985 1946 2036 1996 te
2059 1954 2275 2011 semper
2317 1943 2497 2000 valere
2543 1945 2746 2016 jubeo,
2776 1918 2988 2020 meique
3049 1949 3252 2023 jugiter
3313 1953 3369 2008 in
3417 1918 3522 2011 tuis
3551 1958 3618 2013 ad

375 2015 545 2073 Deum
582 2021 919 2078 orationibus
950 2024 1020 2078 'et
1068 2025 1350 2082 sacriﬁciis
1380 2042 1587 2083 memor
1637 2043 1758 2085 esse
1809 2031 1963 2088 velis.

386 2197 3570 2258 Ἥ

1387 2361 1529 2415 NN
1559 2365 1749 2420 ΠΡΟΣ
1783 2369 2235 2424 ΜΑΡΚΕΛΛΟΝ
2260 2370 2602 2428 ΕΛΕΓΧΩΝ

887 2535 1686 2724 ΕΥΣΕΒΙΟΥ
1760 2537 2107 2673 ΤΟΥ
2179 2537 3086 2683 ΠΑΜΦΙΛΟΥ

851 2776 1110 2863 ΠΕΡΙ
1156 2779 1371 2866 ΤΗΣ
1445 2777 2418 2873 ΕΚΚΑΗΣΙΑΣΤΠςΗΣ
2493 2785 3117 2880 ΘΕΟΛΟΓΙΑΣ

1355 2973 1461 3094 Λ
1488 2977 1910 3099 ΟΓΟΣ
2001 2981 2648 3101 ΠΡΩΤΟΣ.

1265 3376 1887 3506 EUSEBII
1962 3311 2728 3509 PAMPHILI

1033 3611 1118 3667 DE
1154 3611 1550 3673 THEOLOGIA
1587 3615 2124 3703 EFCLESIASTICA
2161 3619 2442 3677 CONTRA
2473 3619 2902 3680 MARCELLUM

1527 3795 1893 3888 LIBER
1966 3797 2458 3890 PRIMUS.

373 4178 554 4238 TAAE
606 4182 693 4235 ΤΟ
718 4182 1014 4239 ΠΡΩΤΟΝ
1044 4186 1404 4245 ΠΕΡΙΕΧΕΙ
1437 4190 1485 4243 Σ
1494 4188 1925 4247 ΥΓΓΡΑΜΜΑ.
1954 4198 1998 4258 C

366 4279 435 4326 α’.
477 4271 596 4350 '_’O_z't
617 4271 825 4350 μάζητί
857 4275 1186 4350 ξα-ϐέμιον
1247 4277 1524 4335 διέϐαλλε
1553 4279 1926 4350 Μάρκελλος,

436 4342 508 4397 τὰ
537 4343 642 4397 ἶσα
673 4343 832 4410 αὐτῷ
852 4345 1130 4412 δοξάζων.

367 4413 433 4468 6'.
466 4413 586 4466 Ὅτι
615 4413 690 4491 τῇ
719 4415 1043 4491 Ἑκκτιησίᾳ
1089 4417 1195 4491 τοῦ
1237 4419 1385 4491 Θεοῦ
1428 4421 1466 4488 ἠ
1514 4421 1776 4488 Χριστοῦ
1825 4421 1934 4491 χά-

424 4453 433 4468 .
487 4441 586 4466 υῑι
615 4441 688 4483 τῃ
729 4441 1043 4485 necanth
1089 4441 1195 4471 του
1237 4441 1385 4473 σεου
1428 4441 1466 4488 η
1514 4441 1776 4488 Αριστου
1846 4441 1934 4491 ,α-

424 4502 544 4553 ρις,
582 4483 698 4561 cipi-
745 4487 876 4561 περὶ
928 4487 1155 4556 Πατρός
1187 4489 1285 4542 καὶ
1318 4491 1453 4544 Υἱοῦ
1501 4491 1727 4561 γνῶσιν
1775 4441 1934 4557 ἐξαί-

425 4572 605 4624 ρετον
631 4555 986 4624 ἐδωρήσατο.

361 4631 432 4696 γ’.
466 4627 584 4701 ’ρτι
638 4625 1319 4701 ποικίρωςρέσφάλησαν
1373 4633 1426 4685 οἱ
1488 4631 1818 4701 ἑτερόδοξοι
1860 4633 1931 4687 ἐν

429 4696 510 4768 τῷ
537 4699 671 4767 περὶ
712 4699 848 4752 Υὶοῦ
868 4699 1046 4768 λόγῳ.

357 4765 424 4826 δ’.
449 4767 570 4840 ’Ότι
592 4765 792 4840 μάτην
822 4765 1215 4838 Χριστιανοὺς
1233 4768 1524 4840 λέγουσιν
1556 4770 1829 4839 ἑαυτοὺς,
1873 4774 1930 4836 οι

423 4839 510 4910 μὴ
550 4837 874 4910 ὑφεστάναι
902 4842 1009 4894 τὸν
1061 4841 1198 4895 Υὶὸν
1233 4837 1340 4896 τοῦ
1378 4842 1528 4898 Θεοῦ
1564 4837 1929 4914 ὁμολογοῦν.

426 4927 545 4965 τεο.

358 4931 639 5053 εκτξὸέεως
669 4980 1020 5049 Μάρκελλος
1046 4979 1154 5034 τὸν
1177 4982 1312 5035 Υἱόν
1341 4981 1446 5036 τοῦ
1481 4981 1630 5037 Θεοῦ
1663 4983 1919 5053 ἠρνεῖτο,

428 5049 538 5117 τὴν
567 5053 895 5107 ΣαϐελλίΟυ
928 5053 1158 5121 αἵρεσιν
1176 5054 1560 5122 μιμούμενος.

431 5186 489 5245 ὦ
517 5181 614 5236 Ed.
645 5179 819 5238 Paris.
855 5196 978 5254 pag.
1004 5181 1093 5239 58.

357 5317 410 5374 in
434 5315 722 5389 sectiones,
749 5315 916 5389 libros
954 5326 1049 5389 aut
1077 5327 1250 5374 tomos
1281 5317 1584 5386 Marcellus,
1609 5319 1733 5389 quia
1753 5319 1920 5374 Deum

357 5386 572 5442 unicum
641 5387 928 5441 fatebatur.
989 5387 1288 5455 Eusebius,
1331 5404 1482 5444 suam
1542 5386 1920 5446 refutationem

356 5457 408 5528 i_u
464 5467 573 5511 tres
634 5456 800 5511 libros
866 5457 1183 5528 distinxitL
1208 5460 1276 5513 ab
1324 5460 1512 5514 eodem
1558 5460 1727 5526 fonte,
1795 5461 1920 5528 quia

356 5525 694 5608 Trinitatem
737 5526 1306 5608 agnoscebat._Fort_e
1367 5529 1610 5608 illud__§v
1663 5548 1716 5608 τι
1779 5525 1917 5608 γρά-

352 5597 480 5667 ψας,
505 5598 648 5666 quod
683 5597 834 5652 initio
867 5597 1045 5666 posuit
1087 5597 1346 5654 Eusebius
1392 5600 1456 5652 de
1493 5598 1764 5664 Marcello,
1791 5597 1917 5657 'hoc

355 5683 516 5722 sensu
547 5668 993 5740 capiendumest,
1020 5677 1087 5740 ut
1113 5682 1219 5722 non
1252 5668 1302 5722 id
1326 5668 1576 5732 voluerit,
1620 5672 1755 5725 nihil
1781 5688 1918 5740 pra:-

359 5747 503 5819 terea
535 5738 816 5819 scripsisse
833 5737 1166 5819 Marcellum,
1195 5740 1335 5808 quod
1354 5747 1513 5819 negat
1536 5737 1916 5819 llierqnyinus,

355 5807 451 5872 sed
476 5825 581 5868 non
609 5807 866 5882 partitum
890 5809 994 5871 hoc
1017 5824 1174 5868 suum
1196 5807 1330 5887 Opus
1356 5809 1410 5868 in
1429 5807 1612 5886 'plura.
1637 5807 1720 5870 γει
1739 5807 1920 5881 ’ροτιί-
1961 5887 1967 5893 _

2353 4192 2557 4251 LIBRI
2596 4197 2824 4253 PRIMI
2865 4198 3148 4256 ΟΑΡῙΤΑ.
3187 4207 3246 4267 id

2034 4286 2078 4342 Ι.
2111 4287 2399 4365 Sabellium
2421 4307 2454 4344 ιι
2484 4291 2931 4365 Marcel_lo_inepte
2953 4295 3341 4365 reprehensum,
3373 4311 3492 4348 cum
3513 4312 3605 4350 eoa-

2103 4360 2217 4433 de_m
2248 4361 2302 4433 in
2324 4377 2498 4433 errone
2522 4377 2637 4414 cum
2660 4360 2890 4418 Snbellio
2916 4360 3024 4432 ipse
3042 4383 3133 4433 per
3155 4365 3330 4433 omnia
3352 4376 3597 4420 versetur.

2032 4425 2100 4484 ll.
2139 4429 2293 4501 Quod
2319 4447 2412 4494 per
2436 4430 2632 4484 Christi
2670 4433 2900 4501 gratiam
2924 4425 3116 4488 collata
3139 4436 3206 4488 sit
3230 4432 3480 4487 Ecclesia:
3508 4434 3606 4488 Dei

2103 4500 2357 4621 famelicus
2404 4503 2644 4571 quaedam
2674 4500 2916 4573 cognitio
2972 4509 3037 4558 de
3083 4505 3243 4558 Patre
3291 4515 3446 4573 atque
3505 4503 3603 4558 Fia

2127 4587 2198 4621 ιο.

2127 4587 2198 4624 ιο.

2033 4637 2120 4694 Ill.
2155 4639 2308 4704 Quod
2338 4641 2496 4694 variis
2517 4642 2782 4696 erroribus
2813 4643 3055 4708 impliciti
3079 4642 3389 4706 erraverint,
3414 4641 3477 4694 de
3502 4639 3602 4694 Fir-

2103 4709 2178 4764 lio
2214 4712 2423 4765 diversa
2455 4712 2733 4766 sentientes
2758 4712 2823 4765 ab
2850 4713 3111 4769 Ecclesia.

2031 4779 2121 4835 IV.
2155 4781 2308 4846 Quod
2337 4781 2619 4852 frustrast:
2650 4783 2926 4851 indigiteut
2949 4781 3278 4837 Christianos
3315 4781 3404 4852 qui
3427 4781 3599 4836 subsi-

2099 4850 2346 4906 stentiam
2382 4850 2513 4906 Filii
2533 4851 2633 4908 Dei
2665 4850 3104 4922 non’conﬁtentur

2029 4983 2093 5040 V.
2125 4983 2277 5048 Quod
2306 4981 2587 5040 Marcellus
2616 4993 2824 5040 secutus
2847 4984 3069 5044 Sabellii
3102 4985 3348 5042 Itwresim
3399 4981 3600 5047 Filium

2097 5053 2196 5109 Dei
2227 5051 2467 5124 abneget.

2028 5320 2130 5376 bus
2160 5317 2496 5374 distinxisse.
2523 5316 2592 5375 M.

2095 5388 2172 5462 (7)
2193 5387 2606 5462 Α’Υξςτοθέσεως.
2633 5384 2764 5462 _Vult
2796 5385 3114 5462 bypostasin
3143 5403 3158 5442 :
3189 5393 3248 5462 _et
3283 5391 3461 5462 tamen
3483 5386 3598 5458 plu.

2025 5455 2132 5516 ries
2155 5455 2437 5513 ’ὑπόθεσιν
2467 5473 2565 5528 pro
2600 5455 2887 5528 alterailla
2917 5472 3052 5512 voce
3085 5455 3597 5528 positamilegimus.

2025 5531 2322 5601 Spontene,
2347 5539 2438 5610 aut
2469 5527 2536 5584 ex
2568 5543 2753 5610 errore
2778 5527 3009 5610 librarii,
3037 5528 3242 5610 nescio.
3292 5527 3426 5610 Nam
3455 5539 3603 5610 certe

2023 5597 2236 5656 constat
2261 5613 2324 5652 ex
2349 5599 2666 5655 Athanasio.
2692 5613 2883 5654 nomen
2911 5597 3286 5662 ὑποστάσεως.
3319 5598 3601 5652 abominao

2024 5671 2155 5726 tioni
2189 5669 2353 5724 fuisse
2377 5669 2610 5724 Arianis.
2640 5667 2711 5723 Μ.
2742 5699 2814 5710 —
2846 5668 3049 5738 Scripsi
3087 5667 3435 5732 ὑποστάσεως
3480 5683 3602 5723 cum

2025 5741 2177 5816 codd.
2205 5740 2320 5808 Loco
2349 5739 2682 5816 ρποθέσεωςο
2712 5740 2833 5798 dein
2863 5740 3022 5812 vulgo
3045 5738 3102 5794 δὲ
3133 5738 3400 5808 παναγίαν
3430 5754 3485 5794 κ.
3514 5755 3599 5816 τρ.

2023 5820 2078 5870 et
2104 5810 2414 5878 διαπαντός.
