  <div class='ocr_page' id='page_1' title='image "/cluster/home/n/w/nwhite01/storage/ocr_20150623/24/hvd.32044073501108/422.png"; bbox 0 0 4190 6406; ppageno 0'>
   <div class='ocr_carea' id='block_1_1' title="bbox 391 364 492 421">
    <p class='ocr_par' dir='ltr' id='par_1_1' title="bbox 391 364 492 421">
     <span class='ocr_line' id='line_1_1' title="bbox 391 364 492 421; baseline -0.01 0"><span class='ocrx_word' id='word_1_1' title='bbox 391 364 492 421; x_wconf 72' lang='grc'><strong>829</strong></span> 
     </span>
    </p>
   </div>
   <div class='ocr_carea' id='block_1_2' title="bbox 1324 360 2658 421">
    <p class='ocr_par' dir='ltr' id='par_1_2' title="bbox 1324 360 2658 421">
     <span class='ocr_line' id='line_1_2' title="bbox 1324 360 2658 421; baseline 0.001 -4"><span class='ocrx_word' id='word_1_2' title='bbox 1324 362 1415 419; x_wconf 88' lang='lat' dir='ltr'><strong>DE</strong></span> <span class='ocrx_word' id='word_1_3' title='bbox 1451 362 1990 420; x_wconf 79' lang='lat' dir='ltr'><strong>ECCLESIASTICA</strong></span> <span class='ocrx_word' id='word_1_4' title='bbox 2028 360 2423 421; x_wconf 80' lang='lat' dir='ltr'><strong>THEOLOGIA</strong></span> <span class='ocrx_word' id='word_1_5' title='bbox 2455 361 2584 418; x_wconf 81' lang='lat' dir='ltr'><strong>LIB.</strong></span> <span class='ocrx_word' id='word_1_6' title='bbox 2615 362 2658 418; x_wconf 88' lang='lat' dir='ltr'><strong>l.</strong></span> 
     </span>
    </p>
   </div>
   <div class='ocr_carea' id='block_1_3' title="bbox 3515 362 3621 418">
    <p class='ocr_par' dir='ltr' id='par_1_3' title="bbox 3515 362 3621 418">
     <span class='ocr_line' id='line_1_3' title="bbox 3515 362 3621 418; baseline 0 0"><span class='ocrx_word' id='word_1_7' title='bbox 3515 362 3621 418; x_wconf 77' lang='lat'><strong>850</strong></span> 
     </span>
    </p>
   </div>
   <div class='ocr_carea' id='block_1_4' title="bbox 389 480 1958 557">
    <p class='ocr_par' dir='ltr' id='par_1_4' title="bbox 389 484 1955 557">
     <span class='ocr_line' id='line_1_4' title="bbox 389 484 1955 557; baseline -0.001 -16"><span class='ocrx_word' id='word_1_8' title='bbox 389 503 504 550; x_wconf 86' lang='grc' dir='ltr'>σεις</span> <span class='ocrx_word' id='word_1_9' title='bbox 536 485 864 550; x_wconf 80' lang='grc' dir='ltr'>εὸθΰνοντες.</span> <span class='ocrx_word' id='word_1_10' title='bbox 917 485 1145 557; x_wconf 81' lang='grc' dir='ltr'>Συνάψω</span> <span class='ocrx_word' id='word_1_11' title='bbox 1176 487 1231 540; x_wconf 89' lang='grc' dir='ltr'><strong>δέ</strong></span> <span class='ocrx_word' id='word_1_12' title='bbox 1291 484 1434 540; x_wconf 87' lang='grc' dir='ltr'><strong>κατά</strong></span> <span class='ocrx_word' id='word_1_13' title='bbox 1463 484 1523 539; x_wconf 82' lang='grc' dir='ltr'><strong>τὸ</strong></span> <span class='ocrx_word' id='word_1_14' title='bbox 1564 485 1695 540; x_wconf 82' lang='grc' dir='ltr'>αὐτὸ</span> <span class='ocrx_word' id='word_1_15' title='bbox 1724 489 1789 556; x_wconf 85' lang='grc' dir='ltr'><strong>τῇ</strong></span> <span class='ocrx_word' id='word_1_16' title='bbox 1834 486 1955 540; x_wconf 86' lang='grc' dir='ltr'>τού-</span> 
     </span>
    </p>
   </div>
   <div class='ocr_carea' id='block_1_5' title="bbox 2050 480 3620 557">
    <p class='ocr_par' dir='ltr' id='par_1_5' title="bbox 2055 480 3620 553">
     <span class='ocr_line' id='line_1_5' title="bbox 2055 480 3620 553; baseline -0.004 -12"><span class='ocrx_word' id='word_1_17' title='bbox 2055 499 2176 541; x_wconf 84' lang='lat' dir='ltr'><strong>esse</strong></span> <span class='ocrx_word' id='word_1_18' title='bbox 2206 485 2585 540; x_wconf 73' lang='lat' dir='ltr'><strong>refutationem</strong></span> <span class='ocrx_word' id='word_1_19' title='bbox 2611 521 2626 550; x_wconf 96' lang='lat'><strong>,</strong></span> <span class='ocrx_word' id='word_1_20' title='bbox 2668 492 2731 538; x_wconf 92' lang='lat' dir='ltr'><strong>ut</strong></span> <span class='ocrx_word' id='word_1_21' title='bbox 2779 482 2853 538; x_wconf 91' lang='lat' dir='ltr'><strong>ita</strong></span> <span class='ocrx_word' id='word_1_22' title='bbox 2883 480 3109 553; x_wconf 79' lang='lat' dir='ltr'><strong>singulis</strong></span> <span class='ocrx_word' id='word_1_23' title='bbox 3155 487 3405 537; x_wconf 83' lang='lat' dir='ltr'><strong>constare</strong></span> <span class='ocrx_word' id='word_1_24' title='bbox 3433 491 3620 550; x_wconf 84' lang='lat' dir='ltr'><strong>queat,</strong></span> 
     </span>
    </p>
   </div>
   <div class='ocr_carea' id='block_1_6' title="bbox 390 577 1949 651">
    <p class='ocr_par' dir='ltr' id='par_1_6' title="bbox 390 577 1949 651">
     <span class='ocr_line' id='line_1_6' title="bbox 390 577 1949 651; baseline -0.003 -18"><span class='ocrx_word' id='word_1_25' title='bbox 390 597 496 633; x_wconf 80' lang='grc' dir='ltr'><strong>των</strong></span> <span class='ocrx_word' id='word_1_26' title='bbox 518 580 676 650; x_wconf 83' lang='grc' dir='ltr'>φωρᾷ</span> <span class='ocrx_word' id='word_1_27' title='bbox 703 579 802 649; x_wconf 84' lang='grc' dir='ltr'>τὴν</span> <span class='ocrx_word' id='word_1_28' title='bbox 825 578 917 632; x_wconf 79' lang='grc' dir='ltr'><strong>τοῦ</strong></span> <span class='ocrx_word' id='word_1_29' title='bbox 931 581 1181 651; x_wconf 86' lang='grc' dir='ltr'><strong>Σωτῆρος</strong></span> <span class='ocrx_word' id='word_1_30' title='bbox 1207 580 1238 650; x_wconf 83' lang='grc' dir='ltr'>ἡ</span> <span class='ocrx_word' id='word_1_31' title='bbox 1247 578 1360 650; x_wconf 84' lang='grc' dir='ltr'><strong>μῶν</strong></span> <span class='ocrx_word' id='word_1_32' title='bbox 1389 577 1664 646; x_wconf 77' lang='grc' dir='ltr'><strong>θεολογίαν</strong></span> <span class='ocrx_word' id='word_1_33' title='bbox 1689 577 1949 648; x_wconf 82' lang='grc' dir='ltr'>νεώτερον</span> 
     </span>
    </p>
   </div>
   <div class='ocr_carea' id='block_1_7' title="bbox 392 667 1950 740">
    <p class='ocr_par' dir='ltr' id='par_1_7' title="bbox 392 667 1950 740">
     <span class='ocr_line' id='line_1_7' title="bbox 392 667 1950 740; baseline -0.002 -17"><span class='ocrx_word' id='word_1_34' title='bbox 392 671 489 740; x_wconf 81' lang='grc' dir='ltr'>μὲν</span> <span class='ocrx_word' id='word_1_35' title='bbox 517 669 696 738; x_wconf 79' lang='grc' dir='ltr'>λέγειν</span> <span class='ocrx_word' id='word_1_36' title='bbox 745 669 883 738; x_wconf 75' lang='grc' dir='ltr'>ἔχων</span> <span class='ocrx_word' id='word_1_37' title='bbox 911 671 1081 734; x_wconf 83' lang='grc' dir='ltr'>οὐδὲν,</span> <span class='ocrx_word' id='word_1_38' title='bbox 1113 669 1221 724; x_wconf 75' lang='grc' dir='ltr'>οὐδ’</span> <span class='ocrx_word' id='word_1_39' title='bbox 1276 667 1513 740; x_wconf 73' lang='grc' dir='ltr'>ἐμαυτοῦ,</span> <span class='ocrx_word' id='word_1_40' title='bbox 1557 668 1720 737; x_wconf 82' lang='grc' dir='ltr'>σοφόν</span> <span class='ocrx_word' id='word_1_41' title='bbox 1757 685 1810 720; x_wconf 90' lang='grc' dir='ltr'><strong>τι</strong></span> <span class='ocrx_word' id='word_1_42' title='bbox 1856 668 1950 721; x_wconf 76' lang='grc' dir='ltr'>καὶ</span> 
     </span>
    </p>
   </div>
   <div class='ocr_carea' id='block_1_8' title="bbox 388 759 1951 833">
    <p class='ocr_par' dir='ltr' id='par_1_8' title="bbox 388 759 1951 833">
     <span class='ocr_line' id='line_1_8' title="bbox 388 759 1951 833; baseline -0.001 -18"><span class='ocrx_word' id='word_1_43' title='bbox 388 763 584 815; x_wconf 74' lang='grc' dir='ltr'>οἰκεῖον</span> <span class='ocrx_word' id='word_1_44' title='bbox 611 759 838 833; x_wconf 67' lang='grc' dir='ltr'>εὕρεμα,</span> <span class='ocrx_word' id='word_1_45' title='bbox 861 761 961 831; x_wconf 82' lang='grc' dir='ltr'>τῆς</span> <span class='ocrx_word' id='word_1_46' title='bbox 975 759 1370 831; x_wconf 82' lang='grc' dir='ltr'>δέἙκκλησίας</span> <span class='ocrx_word' id='word_1_47' title='bbox 1393 759 1485 814; x_wconf 82' lang='grc' dir='ltr'>τοῦ</span> <span class='ocrx_word' id='word_1_48' title='bbox 1512 759 1646 812; x_wconf 78' lang='grc' dir='ltr'>Θεοῦ</span> <span class='ocrx_word' id='word_1_49' title='bbox 1679 759 1778 832; x_wconf 82' lang='grc' dir='ltr'>τὴν</span> <span class='ocrx_word' id='word_1_50' title='bbox 1803 759 1951 814; x_wconf 82' lang='grc' dir='ltr'>ἀδιά-</span> 
     </span>
    </p>
   </div>
   <div class='ocr_carea' id='block_1_9' title="bbox 389 850 1950 925">
    <p class='ocr_par' dir='ltr' id='par_1_9' title="bbox 389 850 1950 925">
     <span class='ocr_line' id='line_1_9' title="bbox 389 850 1950 925; baseline -0.001 -19"><span class='ocrx_word' id='word_1_51' title='bbox 389 853 586 925; x_wconf 83' lang='grc' dir='ltr'>φθορον</span> <span class='ocrx_word' id='word_1_52' title='bbox 606 851 950 907; x_wconf 84' lang='grc' dir='ltr'><strong>διδασκαλίαν</strong></span> <span class='ocrx_word' id='word_1_53' title='bbox 977 851 1381 923; x_wconf 85' lang='grc' dir='ltr'>προϊσχόμενος,</span> <span class='ocrx_word' id='word_1_54' title='bbox 1415 851 1482 922; x_wconf 78' lang='grc' dir='ltr'>ἢν</span> <span class='ocrx_word' id='word_1_55' title='bbox 1522 850 1671 922; x_wconf 86' lang='grc' dir='ltr'>παρὰ</span> <span class='ocrx_word' id='word_1_56' title='bbox 1703 851 1808 904; x_wconf 86' lang='grc' dir='ltr'>τῶν</span> <span class='ocrx_word' id='word_1_57' title='bbox 1849 852 1950 904; x_wconf 86' lang='grc' dir='ltr'><strong>αὐ-</strong></span> 
     </span>
    </p>
   </div>
   <div class='ocr_carea' id='block_1_10' title="bbox 2052 569 3620 644">
    <p class='ocr_par' dir='ltr' id='par_1_10' title="bbox 2052 569 3620 644">
     <span class='ocr_line' id='line_1_10' title="bbox 2052 569 3620 644; baseline -0.002 -16"><span class='ocrx_word' id='word_1_58' title='bbox 2052 574 2201 629; x_wconf 89' lang='lat' dir='ltr'><strong>illum</strong></span> <span class='ocrx_word' id='word_1_59' title='bbox 2234 574 2288 628; x_wconf 91' lang='lat' dir='ltr'><strong>in</strong></span> <span class='ocrx_word' id='word_1_60' title='bbox 2315 588 2381 628; x_wconf 92' lang='lat' dir='ltr'><strong>eo</strong></span> <span class='ocrx_word' id='word_1_61' title='bbox 2426 575 2572 644; x_wconf 89' lang='lat' dir='ltr'><strong>quod</strong></span> <span class='ocrx_word' id='word_1_62' title='bbox 2626 573 2824 628; x_wconf 83' lang='lat' dir='ltr'><strong>Filium</strong></span> <span class='ocrx_word' id='word_1_63' title='bbox 2861 573 2954 629; x_wconf 90' lang='lat' dir='ltr'><strong>Dei</strong></span> <span class='ocrx_word' id='word_1_64' title='bbox 2991 573 3360 642; x_wconf 79' lang='lat' dir='ltr'><strong>abnegaverit,</strong></span> <span class='ocrx_word' id='word_1_65' title='bbox 3391 585 3458 625; x_wconf 94' lang='lat' dir='ltr'><strong>ne</strong></span> <span class='ocrx_word' id='word_1_66' title='bbox 3499 569 3620 625; x_wconf 84' lang='lat' dir='ltr'><strong>uni-</strong></span> 
     </span>
    </p>
   </div>
   <div class='ocr_carea' id='block_1_11' title="bbox 2052 662 3620 733">
    <p class='ocr_par' dir='ltr' id='par_1_11' title="bbox 2052 662 3620 733">
     <span class='ocr_line' id='line_1_11' title="bbox 2052 662 3620 733; baseline -0.004 -10"><span class='ocrx_word' id='word_1_67' title='bbox 2052 684 2173 723; x_wconf 91' lang='lat' dir='ltr'><strong>cum</strong></span> <span class='ocrx_word' id='word_1_68' title='bbox 2219 669 2288 724; x_wconf 86' lang='lat' dir='ltr'><strong>de</strong></span> <span class='ocrx_word' id='word_1_69' title='bbox 2313 668 2482 724; x_wconf 87' lang='lat' dir='ltr'><strong>sacris</strong></span> <span class='ocrx_word' id='word_1_70' title='bbox 2521 667 2718 723; x_wconf 83' lang='lat' dir='ltr'><strong>litteris</strong></span> <span class='ocrx_word' id='word_1_71' title='bbox 2746 667 3118 723; x_wconf 89' lang='lat' dir='ltr'><strong>testimonium</strong></span> <span class='ocrx_word' id='word_1_72' title='bbox 3167 666 3234 720; x_wconf 90' lang='lat' dir='ltr'><strong>ad</strong></span> <span class='ocrx_word' id='word_1_73' title='bbox 3264 679 3377 720; x_wconf 90' lang='lat' dir='ltr'><strong>rem</strong></span> <span class='ocrx_word' id='word_1_74' title='bbox 3405 662 3620 733; x_wconf 88' lang='lat' dir='ltr'><strong>apposi-</strong></span> 
     </span>
    </p>
   </div>
   <div class='ocr_carea' id='block_1_12' title="bbox 2051 754 3620 830">
    <p class='ocr_par' dir='ltr' id='par_1_12' title="bbox 2051 754 3620 830">
     <span class='ocr_line' id='line_1_12' title="bbox 2051 754 3620 830; baseline -0.003 -16"><span class='ocrx_word' id='word_1_75' title='bbox 2051 769 2163 816; x_wconf 90' lang='lat' dir='ltr'><strong>tum</strong></span> <span class='ocrx_word' id='word_1_76' title='bbox 2188 800 2205 827; x_wconf 94' lang='lat'><strong>,</strong></span> <span class='ocrx_word' id='word_1_77' title='bbox 2236 762 2290 816; x_wconf 93' lang='lat' dir='ltr'><strong>iu</strong></span> <span class='ocrx_word' id='word_1_78' title='bbox 2343 761 2660 830; x_wconf 82' lang='lat' dir='ltr'><strong>longissimo</strong></span> <span class='ocrx_word' id='word_1_79' title='bbox 2705 761 2796 817; x_wconf 93' lang='lat' dir='ltr'><strong>illo</strong></span> <span class='ocrx_word' id='word_1_80' title='bbox 2840 775 3002 830; x_wconf 90' lang='lat' dir='ltr'><strong>opere</strong></span> <span class='ocrx_word' id='word_1_81' title='bbox 3027 774 3125 815; x_wconf 91' lang='lat' dir='ltr'><strong>suo</strong></span> <span class='ocrx_word' id='word_1_82' title='bbox 3153 757 3459 829; x_wconf 82' lang='lat' dir='ltr'><strong>protulisse.</strong></span> <span class='ocrx_word' id='word_1_83' title='bbox 3506 754 3620 810; x_wconf 84' lang='lat' dir='ltr'><strong>lmo</strong></span> 
     </span>
    </p>
   </div>
   <div class='ocr_carea' id='block_1_13' title="bbox 2050 845 3620 920">
    <p class='ocr_par' dir='ltr' id='par_1_13' title="bbox 2050 845 3620 920">
     <span class='ocr_line' id='line_1_13' title="bbox 2050 845 3620 920; baseline -0.002 -17"><span class='ocrx_word' id='word_1_84' title='bbox 2050 863 2204 916; x_wconf 85' lang='lat' dir='ltr'><strong>vero,</strong></span> <span class='ocrx_word' id='word_1_85' title='bbox 2220 850 2480 920; x_wconf 86' lang='lat' dir='ltr'><strong>quidquid</strong></span> <span class='ocrx_word' id='word_1_86' title='bbox 2501 850 2567 905; x_wconf 90' lang='lat' dir='ltr'><strong>de</strong></span> <span class='ocrx_word' id='word_1_87' title='bbox 2593 849 2887 920; x_wconf 88' lang='lat' dir='ltr'><strong>Scripturis</strong></span> <span class='ocrx_word' id='word_1_88' title='bbox 2919 850 3120 915; x_wconf 90' lang='lat' dir='ltr'><strong>attulit,</strong></span> <span class='ocrx_word' id='word_1_89' title='bbox 3144 848 3475 905; x_wconf 82' lang='lat' dir='ltr'><strong>contrariam</strong></span> <span class='ocrx_word' id='word_1_90' title='bbox 3505 845 3620 916; x_wconf 85' lang='lat' dir='ltr'><strong>pla-</strong></span> 
     </span>
    </p>
   </div>
   <div class='ocr_carea' id='block_1_14' title="bbox 2052 935 3620 1009">
    <p class='ocr_par' dir='ltr' id='par_1_14' title="bbox 2052 935 3620 1009">
     <span class='ocr_line' id='line_1_14' title="bbox 2052 935 3620 1009; baseline -0.003 -14"><span class='ocrx_word' id='word_1_91' title='bbox 2052 955 2123 995; x_wconf 90' lang='lat' dir='ltr'><strong>ne</strong></span> <span class='ocrx_word' id='word_1_92' title='bbox 2163 955 2348 996; x_wconf 85' lang='lat' dir='ltr'><strong>vocem</strong></span> <span class='ocrx_word' id='word_1_93' title='bbox 2394 940 2643 994; x_wconf 86' lang='lat' dir='ltr'><strong>emisisse</strong></span> <span class='ocrx_word' id='word_1_94' title='bbox 2683 941 2894 1006; x_wconf 88' lang='lat' dir='ltr'><strong>sciant,</strong></span> <span class='ocrx_word' id='word_1_95' title='bbox 2935 950 2989 994; x_wconf 91' lang='lat' dir='ltr'><strong>et</strong></span> <span class='ocrx_word' id='word_1_96' title='bbox 3022 954 3084 993; x_wconf 90' lang='lat' dir='ltr'><strong>ea</strong></span> <span class='ocrx_word' id='word_1_97' title='bbox 3114 954 3234 1009; x_wconf 82' lang='lat' dir='ltr'><strong>quae</strong></span> <span class='ocrx_word' id='word_1_98' title='bbox 3265 938 3332 993; x_wconf 92' lang='lat' dir='ltr'><strong>ab</strong></span> <span class='ocrx_word' id='word_1_99' title='bbox 3358 936 3447 991; x_wconf 92' lang='lat' dir='ltr'><strong>illo</strong></span> <span class='ocrx_word' id='word_1_100' title='bbox 3473 935 3620 990; x_wconf 84' lang='lat' dir='ltr'><strong>dice-</strong></span> 
     </span>
    </p>
   </div>
   <div class='ocr_carea' id='block_1_15' title="bbox 2053 1031 3619 1102">
    <p class='ocr_par' dir='ltr' id='par_1_15' title="bbox 2053 1031 3619 1102">
     <span class='ocr_line' id='line_1_15' title="bbox 2053 1031 3619 1102; baseline -0.003 -16"><span class='ocrx_word' id='word_1_101' title='bbox 2053 1031 2251 1086; x_wconf 85' lang='lat' dir='ltr'><strong>bantur</strong></span> <span class='ocrx_word' id='word_1_102' title='bbox 2292 1031 2494 1100; x_wconf 86' lang='lat' dir='ltr'><strong>impie,</strong></span> <span class='ocrx_word' id='word_1_103' title='bbox 2547 1033 2602 1086; x_wconf 89' lang='lat' dir='ltr'><strong>in</strong></span> <span class='ocrx_word' id='word_1_104' title='bbox 2649 1041 2859 1087; x_wconf 79' lang='lat' dir='ltr'><strong>rectum</strong></span> <span class='ocrx_word' id='word_1_105' title='bbox 2907 1032 3268 1102; x_wconf 90' lang='lat' dir='ltr'><strong>retorquendo</strong></span> <span class='ocrx_word' id='word_1_106' title='bbox 3301 1044 3516 1086; x_wconf 91' lang='lat' dir='ltr'><strong>sensum</strong></span> <span class='ocrx_word' id='word_1_107' title='bbox 3564 1033 3619 1082; x_wconf 77' lang='lat' dir='ltr'><strong>et</strong></span> 
     </span>
    </p>
   </div>
   <div class='ocr_carea' id='block_1_16' title="bbox 386 940 1950 1014">
    <p class='ocr_par' dir='ltr' id='par_1_16' title="bbox 386 940 1950 1014">
     <span class='ocr_line' id='line_1_16' title="bbox 386 940 1950 1014; baseline -0.001 -18"><span class='ocrx_word' id='word_1_108' title='bbox 386 943 598 996; x_wconf 86' lang='grc' dir='ltr'>τοπτῶν</span> <span class='ocrx_word' id='word_1_109' title='bbox 625 943 718 996; x_wconf 62' lang='grc' dir='ltr'><strong>κα)⁸</strong></span> <span class='ocrx_word' id='word_1_110' title='bbox 745 942 1024 1013; x_wconf 81' lang='grc' dir='ltr'>αὑτηκόων</span> <span class='ocrx_word' id='word_1_111' title='bbox 1057 941 1150 994; x_wconf 78' lang='grc' dir='ltr'><strong>τοῦ</strong></span> <span class='ocrx_word' id='word_1_112' title='bbox 1207 941 1404 1011; x_wconf 87' lang='grc' dir='ltr'>Λόγου,</span> <span class='ocrx_word' id='word_1_113' title='bbox 1449 940 1653 995; x_wconf 81' lang='grc' dir='ltr'>ἄνωθεν</span> <span class='ocrx_word' id='word_1_114' title='bbox 1683 940 1742 1009; x_wconf 81' lang='grc' dir='ltr'>ἐξ</span> <span class='ocrx_word' id='word_1_115' title='bbox 1775 941 1950 1014; x_wconf 85' lang='grc' dir='ltr'>ἀρχῆς</span> 
     </span>
    </p>
   </div>
   <div class='ocr_carea' id='block_1_17' title="bbox 387 1033 1101 1108">
    <p class='ocr_par' dir='ltr' id='par_1_17' title="bbox 387 1033 1101 1108">
     <span class='ocr_line' id='line_1_17' title="bbox 387 1033 1101 1108; baseline -0.004 -19"><span class='ocrx_word' id='word_1_116' title='bbox 387 1054 461 1089; x_wconf 98' lang='grc' dir='ltr'><strong>πα</strong></span> <span class='ocrx_word' id='word_1_117' title='bbox 468 1033 795 1108; x_wconf 81' lang='grc' dir='ltr'>ραλαὸοὖσα,</span> <span class='ocrx_word' id='word_1_118' title='bbox 831 1033 1101 1104; x_wconf 79' lang='grc' dir='ltr'>φυλάττει.</span> 
     </span>
    </p>
   </div>
   <div class='ocr_carea' id='block_1_18' title="bbox 386 1123 3615 1195">
    <p class='ocr_par' dir='ltr' id='par_1_18' title="bbox 386 1123 3615 1195">
     <span class='ocr_line' id='line_1_18' title="bbox 386 1123 3615 1195; baseline -0.002 -14"><span class='ocrx_word' id='word_1_119' title='bbox 386 1127 730 1194; x_wconf 68' lang='lat' dir='ltr'><strong>sententiam,</strong></span> <span class='ocrx_word' id='word_1_120' title='bbox 764 1125 1046 1181; x_wconf 84' lang='lat' dir='ltr'><strong>direxisse.</strong></span> <span class='ocrx_word' id='word_1_121' title='bbox 1081 1124 1202 1181; x_wconf 90' lang='lat' dir='ltr'><strong>lstis</strong></span> <span class='ocrx_word' id='word_1_122' title='bbox 1233 1139 1395 1195; x_wconf 88' lang='lat' dir='ltr'><strong>porro</strong></span> <span class='ocrx_word' id='word_1_123' title='bbox 1419 1126 1734 1194; x_wconf 89' lang='lat' dir='ltr'><strong>conjunctas</strong></span> <span class='ocrx_word' id='word_1_124' title='bbox 1782 1124 2128 1194; x_wconf 86' lang='lat' dir='ltr'><strong>copulaturus</strong></span> <span class='ocrx_word' id='word_1_125' title='bbox 2157 1139 2278 1179; x_wconf 86' lang='lat' dir='ltr'><strong>sum</strong></span> <span class='ocrx_word' id='word_1_126' title='bbox 2326 1125 2393 1179; x_wconf 91' lang='lat' dir='ltr'><strong>de</strong></span> <span class='ocrx_word' id='word_1_127' title='bbox 2427 1123 2732 1180; x_wconf 76' lang='lat' dir='ltr'><strong>Servatoris</strong></span> <span class='ocrx_word' id='word_1_128' title='bbox 2763 1129 2953 1179; x_wconf 67' lang='lat' dir='ltr'><strong>mostri</strong></span> <span class='ocrx_word' id='word_1_129' title='bbox 2999 1125 3281 1180; x_wconf 86' lang='lat' dir='ltr'><strong>divinitate</strong></span> <span class='ocrx_word' id='word_1_130' title='bbox 3335 1123 3615 1177; x_wconf 84' lang='lat' dir='ltr'><strong>rationes:</strong></span> 
     </span>
    </p>
   </div>
   <div class='ocr_carea' id='block_1_19' title="bbox 384 1211 3622 1288">
    <p class='ocr_par' dir='ltr' id='par_1_19' title="bbox 384 1211 3622 1288">
     <span class='ocr_line' id='line_1_19' title="bbox 384 1211 3622 1288; baseline -0.002 -13"><span class='ocrx_word' id='word_1_131' title='bbox 384 1219 522 1275; x_wconf 86' lang='lat' dir='ltr'><strong>nihil</strong></span> <span class='ocrx_word' id='word_1_132' title='bbox 547 1234 577 1274; x_wconf 89' lang='lat' dir='ltr'><strong>a</strong></span> <span class='ocrx_word' id='word_1_133' title='bbox 615 1233 702 1273; x_wconf 90' lang='lat' dir='ltr'><strong>me</strong></span> <span class='ocrx_word' id='word_1_134' title='bbox 759 1219 875 1288; x_wconf 90' lang='lat' dir='ltr'><strong>ipso</strong></span> <span class='ocrx_word' id='word_1_135' title='bbox 934 1217 1146 1272; x_wconf 89' lang='lat' dir='ltr'><strong>noviter</strong></span> <span class='ocrx_word' id='word_1_136' title='bbox 1202 1217 1568 1284; x_wconf 86' lang='lat' dir='ltr'><strong>adinventum,</strong></span> <span class='ocrx_word' id='word_1_137' title='bbox 1603 1227 1696 1272; x_wconf 89' lang='lat' dir='ltr'><strong>aut</strong></span> <span class='ocrx_word' id='word_1_138' title='bbox 1719 1217 1860 1271; x_wconf 92' lang='lat' dir='ltr'><strong>domi</strong></span> <span class='ocrx_word' id='word_1_139' title='bbox 1895 1231 2027 1272; x_wconf 59' lang='lat' dir='ltr'><strong>mea:</strong></span> <span class='ocrx_word' id='word_1_140' title='bbox 2054 1225 2285 1284; x_wconf 90' lang='lat' dir='ltr'><strong>natum,</strong></span> <span class='ocrx_word' id='word_1_141' title='bbox 2313 1230 2378 1271; x_wconf 85' lang='lat' dir='ltr'><strong>ex</strong></span> <span class='ocrx_word' id='word_1_142' title='bbox 2419 1217 2673 1281; x_wconf 86' lang='lat' dir='ltr'><strong>opinione</strong></span> <span class='ocrx_word' id='word_1_143' title='bbox 2716 1216 3016 1286; x_wconf 82' lang='lat' dir='ltr'><strong>profectum</strong></span> <span class='ocrx_word' id='word_1_144' title='bbox 3085 1215 3360 1285; x_wconf 65' lang='lat' dir='ltr'><strong>sapientia:</strong></span> <span class='ocrx_word' id='word_1_145' title='bbox 3392 1211 3622 1280; x_wconf 85' lang='lat' dir='ltr'><strong>alicujus</strong></span> 
     </span>
    </p>
   </div>
   <div class='ocr_carea' id='block_1_20' title="bbox 384 1302 3622 1378">
    <p class='ocr_par' dir='ltr' id='par_1_20' title="bbox 384 1302 3622 1378">
     <span class='ocr_line' id='line_1_20' title="bbox 384 1302 3622 1378; baseline -0.002 -10"><span class='ocrx_word' id='word_1_146' title='bbox 384 1328 518 1368; x_wconf 74' lang='lat' dir='ltr'><strong>mea:</strong></span> <span class='ocrx_word' id='word_1_147' title='bbox 561 1312 873 1367; x_wconf 88' lang='lat' dir='ltr'><strong>edicturus:</strong></span> <span class='ocrx_word' id='word_1_148' title='bbox 905 1313 999 1366; x_wconf 91' lang='lat' dir='ltr'><strong>sed</strong></span> <span class='ocrx_word' id='word_1_149' title='bbox 1040 1309 1305 1366; x_wconf 63' lang='lat' dir='ltr'><strong>Ecclesiae.</strong></span> <span class='ocrx_word' id='word_1_150' title='bbox 1354 1310 1448 1365; x_wconf 89' lang='lat' dir='ltr'><strong>Dei</strong></span> <span class='ocrx_word' id='word_1_151' title='bbox 1516 1310 1813 1365; x_wconf 84' lang='lat' dir='ltr'><strong>doctrinam</strong></span> <span class='ocrx_word' id='word_1_152' title='bbox 1846 1324 1956 1378; x_wconf 64' lang='lat' dir='ltr'><strong>prae</strong></span> <span class='ocrx_word' id='word_1_153' title='bbox 1995 1324 2082 1363; x_wconf 90' lang='lat' dir='ltr'><strong>me</strong></span> <span class='ocrx_word' id='word_1_154' title='bbox 2120 1308 2331 1363; x_wconf 91' lang='lat' dir='ltr'><strong>laturus</strong></span> <span class='ocrx_word' id='word_1_155' title='bbox 2385 1308 2788 1378; x_wconf 86' lang='lat' dir='ltr'><strong>incorruptam,</strong></span> <span class='ocrx_word' id='word_1_156' title='bbox 2859 1323 3020 1377; x_wconf 87' lang='lat' dir='ltr'><strong>quam</strong></span> <span class='ocrx_word' id='word_1_157' title='bbox 3066 1323 3096 1360; x_wconf 87' lang='lat' dir='ltr'><strong>a</strong></span> <span class='ocrx_word' id='word_1_158' title='bbox 3155 1305 3378 1362; x_wconf 86' lang='lat' dir='ltr'><strong>testibus</strong></span> <span class='ocrx_word' id='word_1_159' title='bbox 3430 1302 3622 1360; x_wconf 84' lang='lat' dir='ltr'><strong>auritis</strong></span> 
     </span>
    </p>
   </div>
   <div class='ocr_carea' id='block_1_21' title="bbox 383 1399 2755 1475">
    <p class='ocr_par' dir='ltr' id='par_1_21' title="bbox 383 1399 2755 1475">
     <span class='ocr_line' id='line_1_21' title="bbox 383 1399 2755 1475; baseline -0.003 -15"><span class='ocrx_word' id='word_1_160' title='bbox 383 1405 512 1460; x_wconf 91' lang='lat' dir='ltr'><strong>olim</strong></span> <span class='ocrx_word' id='word_1_161' title='bbox 545 1413 706 1475; x_wconf 85' lang='lat' dir='ltr'><strong>atque</strong></span> <span class='ocrx_word' id='word_1_162' title='bbox 742 1401 970 1459; x_wconf 85' lang='lat' dir='ltr'><strong>oculatis</strong></span> <span class='ocrx_word' id='word_1_163' title='bbox 995 1400 1160 1457; x_wconf 91' lang='lat' dir='ltr'><strong>Verbi</strong></span> <span class='ocrx_word' id='word_1_164' title='bbox 1199 1411 1502 1471; x_wconf 90' lang='lat' dir='ltr'><strong>acceptum,</strong></span> <span class='ocrx_word' id='word_1_165' title='bbox 1551 1402 1618 1456; x_wconf 89' lang='lat' dir='ltr'><strong>ab</strong></span> <span class='ocrx_word' id='word_1_166' title='bbox 1653 1401 1824 1463; x_wconf 91' lang='lat' dir='ltr'><strong>initio,</strong></span> <span class='ocrx_word' id='word_1_167' title='bbox 1862 1399 1951 1456; x_wconf 89' lang='lat' dir='ltr'><strong>illa</strong></span> <span class='ocrx_word' id='word_1_168' title='bbox 1976 1399 2209 1456; x_wconf 89' lang='lat' dir='ltr'><strong>custodit</strong></span> <span class='ocrx_word' id='word_1_169' title='bbox 2232 1400 2407 1454; x_wconf 85' lang='lat' dir='ltr'><strong>adhuc</strong></span> <span class='ocrx_word' id='word_1_170' title='bbox 2441 1399 2755 1454; x_wconf 87' lang='lat' dir='ltr'><strong>inviolatam</strong></span> 
     </span>
    </p>
   </div>
   <div class='ocr_carea' id='block_1_22' title="bbox 1024 1543 1305 1596">
    <p class='ocr_par' dir='ltr' id='par_1_22' title="bbox 1024 1543 1305 1596">
     <span class='ocr_line' id='line_1_22' title="bbox 1024 1543 1305 1596; baseline -0.007 -1"><span class='ocrx_word' id='word_1_171' title='bbox 1024 1543 1182 1596; x_wconf 81' lang='grc' dir='ltr'><strong>ΚΕΦ.</strong></span> <span class='ocrx_word' id='word_1_172' title='bbox 1229 1543 1305 1594; x_wconf 76' lang='lat' dir='ltr'><strong>A’.</strong></span> 
     </span>
    </p>
   </div>
   <div class='ocr_carea' id='block_1_23' title="bbox 385 1649 1952 1726">
    <p class='ocr_par' dir='ltr' id='par_1_23' title="bbox 385 1649 1952 1726">
     <span class='ocr_line' id='line_1_23' title="bbox 385 1649 1952 1726; baseline -0.004 -15"><span class='ocrx_word' id='word_1_173' title='bbox 385 1657 516 1711; x_wconf 75' lang='grc' dir='ltr'>Ὀτι</span> <span class='ocrx_word' id='word_1_174' title='bbox 560 1654 760 1726; x_wconf 80' lang='grc' dir='ltr'><em>μάτην</em></span> <span class='ocrx_word' id='word_1_175' title='bbox 787 1653 1118 1726; x_wconf 75' lang='grc' dir='ltr'><strong>Σαόἐλλιον</strong></span> <span class='ocrx_word' id='word_1_176' title='bbox 1138 1652 1436 1726; x_wconf 35' lang='grc' dir='ltr'><strong>λδιέόξᾳτμε</strong></span> <span class='ocrx_word' id='word_1_177' title='bbox 1479 1650 1828 1719; x_wconf 76' lang='grc' dir='ltr'>Μάρκελλος</span> <span class='ocrx_word' id='word_1_178' title='bbox 1880 1649 1952 1705; x_wconf 76' lang='grc' dir='ltr'>τὰ</span> 
     </span>
    </p>
   </div>
   <div class='ocr_carea' id='block_1_24' title="bbox 874 1719 1467 1789">
    <p class='ocr_par' dir='ltr' id='par_1_24' title="bbox 874 1719 1467 1789">
     <span class='ocr_line' id='line_1_24' title="bbox 874 1719 1467 1789; baseline 0 -13"><span class='ocrx_word' id='word_1_179' title='bbox 874 1725 980 1778; x_wconf 80' lang='grc' dir='ltr'>ἴσα</span> <span class='ocrx_word' id='word_1_180' title='bbox 1009 1721 1168 1789; x_wconf 84' lang='grc' dir='ltr'>αὐτῷ</span> <span class='ocrx_word' id='word_1_181' title='bbox 1188 1719 1467 1786; x_wconf 78' lang='grc' dir='ltr'><strong>δοξάζων.</strong></span> 
     </span>
    </p>
   </div>
   <div class='ocr_carea' id='block_1_25' title="bbox 454 1855 1948 1932">
    <p class='ocr_par' dir='ltr' id='par_1_25' title="bbox 454 1855 1948 1932">
     <span class='ocr_line' id='line_1_25' title="bbox 454 1855 1948 1932; baseline -0.004 -18"><span class='ocrx_word' id='word_1_182' title='bbox 454 1860 566 1932; x_wconf 88' lang='grc' dir='ltr'>Πρὸ</span> <span class='ocrx_word' id='word_1_183' title='bbox 589 1859 646 1912; x_wconf 86' lang='grc' dir='ltr'><strong>δέ</strong></span> <span class='ocrx_word' id='word_1_184' title='bbox 676 1858 775 1930; x_wconf 79' lang='grc' dir='ltr'>τῆς</span> <span class='ocrx_word' id='word_1_185' title='bbox 811 1856 1014 1911; x_wconf 83' lang='grc' dir='ltr'>τούτων</span> <span class='ocrx_word' id='word_1_186' title='bbox 1046 1855 1363 1922; x_wconf 82' lang='grc' dir='ltr'><strong>ἐξετάσεως,</strong></span> <span class='ocrx_word' id='word_1_187' title='bbox 1413 1855 1597 1927; x_wconf 80' lang='grc' dir='ltr'>ἐπειδὴ</span> <span class='ocrx_word' id='word_1_188' title='bbox 1621 1855 1817 1926; x_wconf 82' lang='grc' dir='ltr'>μεταξὺ</span> <span class='ocrx_word' id='word_1_189' title='bbox 1855 1855 1948 1908; x_wconf 83' lang='grc' dir='ltr'><strong>τοῦ</strong></span> 
     </span>
    </p>
   </div>
   <div class='ocr_carea' id='block_1_26' title="bbox 385 1948 1950 2024">
    <p class='ocr_par' dir='ltr' id='par_1_26' title="bbox 385 1948 1950 2024">
     <span class='ocr_line' id='line_1_26' title="bbox 385 1948 1950 2024; baseline -0.004 -18"><span class='ocrx_word' id='word_1_190' title='bbox 385 1952 811 2024; x_wconf 65' lang='grc' dir='ltr'>συγγράμματος</span> <span class='ocrx_word' id='word_1_191' title='bbox 839 1951 931 2004; x_wconf 92' lang='grc' dir='ltr'><strong>τὸν</strong></span> <span class='ocrx_word' id='word_1_192' title='bbox 960 1949 1246 2004; x_wconf 81' lang='grc' dir='ltr'>Σαὸέλλιον</span> <span class='ocrx_word' id='word_1_193' title='bbox 1275 1950 1367 2002; x_wconf 83' lang='grc' dir='ltr'><strong>ὑπ’</strong></span> <span class='ocrx_word' id='word_1_194' title='bbox 1405 1949 1568 2002; x_wconf 75' lang='grc' dir='ltr'>αὑτοῦ</span> <span class='ocrx_word' id='word_1_195' title='bbox 1617 1948 1950 2018; x_wconf 83' lang='grc' dir='ltr'><strong>κοπτόμενον</strong></span> 
     </span>
    </p>
   </div>
   <div class='ocr_carea' id='block_1_27' title="bbox 383 2037 1952 2115">
    <p class='ocr_par' dir='ltr' id='par_1_27' title="bbox 383 2037 1952 2115">
     <span class='ocr_line' id='line_1_27' title="bbox 383 2037 1952 2115; baseline -0.004 -17"><span class='ocrx_word' id='word_1_196' title='bbox 383 2037 564 2115; x_wconf 75' lang='grc' dir='ltr'>εὖρον,</span> <span class='ocrx_word' id='word_1_197' title='bbox 592 2042 962 2112; x_wconf 74' lang='grc' dir='ltr'>καταπλαγεὶς</span> <span class='ocrx_word' id='word_1_198' title='bbox 999 2042 1099 2113; x_wconf 80' lang='grc' dir='ltr'><strong>τῆς</strong></span> <span class='ocrx_word' id='word_1_199' title='bbox 1150 2040 1490 2112; x_wconf 70' lang='grc' dir='ltr'>ἠλιθιότητος</span> <span class='ocrx_word' id='word_1_200' title='bbox 1529 2040 1619 2094; x_wconf 90' lang='grc' dir='ltr'><strong>τὸν</strong></span> <span class='ocrx_word' id='word_1_201' title='bbox 1662 2041 1849 2112; x_wconf 82' lang='grc' dir='ltr'>ἄνδρα,</span> <span class='ocrx_word' id='word_1_202' title='bbox 1877 2039 1952 2103; x_wconf 86' lang='grc' dir='ltr'>ὡς</span> 
     </span>
    </p>
   </div>
   <div class='ocr_carea' id='block_1_28' title="bbox 381 2131 1952 2211">
    <p class='ocr_par' dir='ltr' id='par_1_28' title="bbox 381 2131 1952 2211">
     <span class='ocr_line' id='line_1_28' title="bbox 381 2131 1952 2211; baseline -0.004 -20"><span class='ocrx_word' id='word_1_203' title='bbox 381 2137 484 2192; x_wconf 78' lang='grc' dir='ltr'>οὐκ</span> <span class='ocrx_word' id='word_1_204' title='bbox 519 2135 767 2205; x_wconf 78' lang='grc' dir='ltr'><strong>ἐφείσατο</strong></span> <span class='ocrx_word' id='word_1_205' title='bbox 812 2133 998 2198; x_wconf 80' lang='grc' dir='ltr'>κακῶς</span> <span class='ocrx_word' id='word_1_206' title='bbox 1047 2133 1364 2211; x_wconf 79' lang='grc' dir='ltr'>ἀγορεῦσαι,</span> <span class='ocrx_word' id='word_1_207' title='bbox 1406 2132 1466 2186; x_wconf 84' lang='grc' dir='ltr'><strong>ὸν</strong></span> <span class='ocrx_word' id='word_1_208' title='bbox 1501 2132 1716 2185; x_wconf 84' lang='grc' dir='ltr'>πάντων</span> <span class='ocrx_word' id='word_1_209' title='bbox 1749 2131 1952 2203; x_wconf 86' lang='grc' dir='ltr'>μᾶλλον</span> 
     </span>
    </p>
   </div>
   <div class='ocr_carea' id='block_1_29' title="bbox 384 2223 1951 2298">
    <p class='ocr_par' dir='ltr' id='par_1_29' title="bbox 384 2223 1951 2298">
     <span class='ocr_line' id='line_1_29' title="bbox 384 2223 1951 2298; baseline -0.002 -17"><span class='ocrx_word' id='word_1_210' title='bbox 384 2229 624 2281; x_wconf 78' lang='grc' dir='ltr'>ἐπαινεῖν</span> <span class='ocrx_word' id='word_1_211' title='bbox 640 2227 801 2280; x_wconf 85' lang='grc' dir='ltr'>αὐτὸν</span> <span class='ocrx_word' id='word_1_212' title='bbox 831 2227 1019 2298; x_wconf 80' lang='grc' dir='ltr'>ἐχρῆν,</span> <span class='ocrx_word' id='word_1_213' title='bbox 1035 2223 1289 2296; x_wconf 83' lang='grc' dir='ltr'><strong>ὁμόδοξον</strong></span> <span class='ocrx_word' id='word_1_214' title='bbox 1315 2224 1461 2295; x_wconf 85' lang='grc' dir='ltr'>αὐτῷ</span> <span class='ocrx_word' id='word_1_215' title='bbox 1479 2224 1570 2278; x_wconf 73' lang='grc' dir='ltr'>καὶ</span> <span class='ocrx_word' id='word_1_216' title='bbox 1597 2223 1951 2295; x_wconf 85' lang='grc' dir='ltr'>ὁμογνώμονα</span> 
     </span>
    </p>
   </div>
   <div class='ocr_carea' id='block_1_30' title="bbox 384 2313 1952 2392">
    <p class='ocr_par' dir='ltr' id='par_1_30' title="bbox 384 2313 1952 2392">
     <span class='ocr_line' id='line_1_30' title="bbox 384 2313 1952 2392; baseline -0.002 -21"><span class='ocrx_word' id='word_1_217' title='bbox 384 2317 665 2388; x_wconf 80' lang='grc' dir='ltr'>γεγονότα,</span> <span class='ocrx_word' id='word_1_218' title='bbox 719 2316 818 2388; x_wconf 80' lang='grc' dir='ltr'>οὐχ</span> <span class='ocrx_word' id='word_1_219' title='bbox 862 2314 1159 2387; x_wconf 78' lang='grc' dir='ltr'><strong>ἡγησάμην</strong></span> <span class='ocrx_word' id='word_1_220' title='bbox 1201 2315 1265 2368; x_wconf 83' lang='grc' dir='ltr'>ἄν</span> <span class='ocrx_word' id='word_1_221' title='bbox 1296 2333 1348 2368; x_wconf 94' lang='grc' dir='ltr'><strong>τι</strong></span> <span class='ocrx_word' id='word_1_222' title='bbox 1380 2313 1668 2392; x_wconf 80' lang='grc' dir='ltr'>παρελθεῖν</span> <span class='ocrx_word' id='word_1_223' title='bbox 1697 2318 1820 2386; x_wconf 84' lang='grc' dir='ltr'>σιγῇ</span> <span class='ocrx_word' id='word_1_224' title='bbox 1861 2314 1952 2368; x_wconf 86' lang='grc' dir='ltr'><strong>τὸν</strong></span> 
     </span>
    </p>
   </div>
   <div class='ocr_carea' id='block_1_31' title="bbox 383 2404 1951 2480">
    <p class='ocr_par' dir='ltr' id='par_1_31' title="bbox 383 2404 1951 2480">
     <span class='ocr_line' id='line_1_31' title="bbox 383 2404 1951 2480; baseline -0.002 -17"><span class='ocrx_word' id='word_1_225' title='bbox 383 2410 562 2479; x_wconf 82' lang='grc' dir='ltr'>λόγον,</span> <span class='ocrx_word' id='word_1_226' title='bbox 593 2406 930 2480; x_wconf 80' lang='grc' dir='ltr'>παραδοῦναι</span> <span class='ocrx_word' id='word_1_227' title='bbox 956 2407 1013 2460; x_wconf 84' lang='grc' dir='ltr'>δὲ</span> <span class='ocrx_word' id='word_1_228' title='bbox 1029 2407 1124 2461; x_wconf 72' lang='grc' dir='ltr'>καὶ</span> <span class='ocrx_word' id='word_1_229' title='bbox 1145 2406 1336 2460; x_wconf 84' lang='grc' dir='ltr'>τούτου</span> <span class='ocrx_word' id='word_1_230' title='bbox 1365 2405 1582 2476; x_wconf 79' lang='grc' dir='ltr'>ἔλεγχον</span> <span class='ocrx_word' id='word_1_231' title='bbox 1610 2404 1687 2476; x_wconf 81' lang='grc' dir='ltr'>τῷ</span> <span class='ocrx_word' id='word_1_232' title='bbox 1721 2407 1951 2477; x_wconf 84' lang='grc' dir='ltr'>παρόντι</span> 
     </span>
    </p>
   </div>
   <div class='ocr_carea' id='block_1_32' title="bbox 383 2495 1954 2574">
    <p class='ocr_par' dir='ltr' id='par_1_32' title="bbox 383 2495 1954 2574">
     <span class='ocr_line' id='line_1_32' title="bbox 383 2495 1954 2574; baseline -0.005 -18"><span class='ocrx_word' id='word_1_233' title='bbox 383 2502 688 2574; x_wconf 83' lang='grc' dir='ltr'>γράμματι.</span> <span class='ocrx_word' id='word_1_234' title='bbox 730 2500 802 2553; x_wconf 89' lang='grc' dir='ltr'>Τὸ</span> <span class='ocrx_word' id='word_1_235' title='bbox 842 2499 939 2570; x_wconf 85' lang='grc' dir='ltr'>μὲν</span> <span class='ocrx_word' id='word_1_236' title='bbox 971 2498 1080 2571; x_wconf 83' lang='grc' dir='ltr'><strong>γὰρ</strong></span> <span class='ocrx_word' id='word_1_237' title='bbox 1110 2499 1235 2561; x_wconf 77' lang='grc' dir='ltr'>τοὺς</span> <span class='ocrx_word' id='word_1_238' title='bbox 1303 2497 1398 2551; x_wconf 78' lang='grc' dir='ltr'>τοῦ</span> <span class='ocrx_word' id='word_1_239' title='bbox 1438 2497 1568 2550; x_wconf 88' lang='grc' dir='ltr'>Υίοῦ</span> <span class='ocrx_word' id='word_1_240' title='bbox 1609 2495 1954 2566; x_wconf 87' lang='grc' dir='ltr'>λειτουργοὺς</span> 
     </span>
    </p>
   </div>
   <div class='ocr_carea' id='block_1_33' title="bbox 383 2585 1955 2667">
    <p class='ocr_par' dir='ltr' id='par_1_33' title="bbox 383 2585 1955 2667">
     <span class='ocr_line' id='line_1_33' title="bbox 383 2585 1955 2667; baseline -0.007 -19"><span class='ocrx_word' id='word_1_241' title='bbox 383 2595 524 2667; x_wconf 81' lang='grc' dir='ltr'>πρὸς</span> <span class='ocrx_word' id='word_1_242' title='bbox 555 2593 666 2665; x_wconf 80' lang='grc' dir='ltr'><strong>(Η)</strong></span> <span class='ocrx_word' id='word_1_243' title='bbox 697 2591 862 2647; x_wconf 79' lang='grc' dir='ltr'>αὑτοῦ</span> <span class='ocrx_word' id='word_1_244' title='bbox 893 2590 1298 2661; x_wconf 75' lang='grc' dir='ltr'>διαϐεᾶλῆσθαι,</span> <span class='ocrx_word' id='word_1_245' title='bbox 1346 2590 1394 2642; x_wconf 79' lang='grc' dir='ltr'>εἰ</span> <span class='ocrx_word' id='word_1_246' title='bbox 1427 2589 1523 2641; x_wconf 75' lang='grc' dir='ltr'><strong>καὶ</strong></span> <span class='ocrx_word' id='word_1_247' title='bbox 1547 2586 1696 2659; x_wconf 85' lang='grc' dir='ltr'><strong>αὐτῷ</strong></span> <span class='ocrx_word' id='word_1_248' title='bbox 1733 2585 1835 2658; x_wconf 86' lang='grc' dir='ltr'>μὲν</span> <span class='ocrx_word' id='word_1_249' title='bbox 1861 2585 1955 2654; x_wconf 81' lang='grc' dir='ltr'>ψό-</span> 
     </span>
    </p>
   </div>
   <div class='ocr_carea' id='block_1_34' title="bbox 383 2679 1950 2755">
    <p class='ocr_par' dir='ltr' id='par_1_34' title="bbox 383 2679 1950 2755">
     <span class='ocr_line' id='line_1_34' title="bbox 383 2679 1950 2755; baseline -0.006 -15"><span class='ocrx_word' id='word_1_250' title='bbox 383 2704 500 2755; x_wconf 91' lang='grc' dir='ltr'>γον,</span> <span class='ocrx_word' id='word_1_251' title='bbox 535 2687 645 2748; x_wconf 80' lang='grc' dir='ltr'>τοῖς</span> <span class='ocrx_word' id='word_1_252' title='bbox 669 2685 713 2737; x_wconf 80' lang='grc' dir='ltr'>δ’</span> <span class='ocrx_word' id='word_1_253' title='bbox 737 2683 1207 2755; x_wconf 76' lang='grc' dir='ltr'>ἐλευθερουμένοις</span> <span class='ocrx_word' id='word_1_254' title='bbox 1241 2683 1339 2747; x_wconf 81' lang='grc' dir='ltr'>τῆς</span> <span class='ocrx_word' id='word_1_255' title='bbox 1371 2681 1508 2752; x_wconf 88' lang='grc' dir='ltr'>πρὸς</span> <span class='ocrx_word' id='word_1_256' title='bbox 1542 2679 1706 2734; x_wconf 81' lang='grc' dir='ltr'>αὑτὸν</span> <span class='ocrx_word' id='word_1_257' title='bbox 1757 2696 1950 2732; x_wconf 82' lang='grc' dir='ltr'>κοινω-</span> 
     </span>
    </p>
   </div>
   <div class='ocr_carea' id='block_1_35' title="bbox 383 2771 1953 2846">
    <p class='ocr_par' dir='ltr' id='par_1_35' title="bbox 383 2771 1953 2846">
     <span class='ocr_line' id='line_1_35' title="bbox 383 2771 1953 2846; baseline -0.004 -16"><span class='ocrx_word' id='word_1_258' title='bbox 383 2776 501 2840; x_wconf 89' lang='grc' dir='ltr'>νίας</span> <span class='ocrx_word' id='word_1_259' title='bbox 526 2775 766 2842; x_wconf 83' lang='grc' dir='ltr'>εὐδοξίαν</span> <span class='ocrx_word' id='word_1_260' title='bbox 791 2777 1095 2846; x_wconf 87' lang='grc' dir='ltr'>ἐπήγαγεν,</span> <span class='ocrx_word' id='word_1_261' title='bbox 1131 2777 1278 2846; x_wconf 81' lang='grc' dir='ltr'>ὅμως</span> <span class='ocrx_word' id='word_1_262' title='bbox 1307 2771 1484 2844; x_wconf 73' lang='grc' dir='ltr'>εἴχετό</span> <span class='ocrx_word' id='word_1_263' title='bbox 1511 2789 1654 2836; x_wconf 86' lang='grc' dir='ltr'>τινος</span> <span class='ocrx_word' id='word_1_264' title='bbox 1683 2771 1953 2843; x_wconf 87' lang='grc' dir='ltr'>(συγγνώ-</span> 
     </span>
    </p>
   </div>
   <div class='ocr_carea' id='block_1_36' title="bbox 2735 1539 2968 1595">
    <p class='ocr_par' dir='ltr' id='par_1_36' title="bbox 2735 1539 2968 1595">
     <span class='ocr_line' id='line_1_36' title="bbox 2735 1539 2968 1595; baseline 0 -1"><span class='ocrx_word' id='word_1_265' title='bbox 2735 1539 2892 1595; x_wconf 82' lang='lat' dir='ltr'><strong>CAP.</strong></span> <span class='ocrx_word' id='word_1_266' title='bbox 2927 1541 2968 1594; x_wconf 91' lang='grc' dir='ltr'>Ι.</span> 
     </span>
    </p>
   </div>
   <div class='ocr_carea' id='block_1_37' title="bbox 2055 1631 3621 1700">
    <p class='ocr_par' dir='ltr' id='par_1_37' title="bbox 2055 1631 3621 1700">
     <span class='ocr_line' id='line_1_37' title="bbox 2055 1631 3621 1700; baseline -0.001 -12"><span class='ocrx_word' id='word_1_267' title='bbox 2055 1631 2343 1689; x_wconf 81' lang='lat' dir='ltr'><strong>Sabellium</strong></span> <span class='ocrx_word' id='word_1_268' title='bbox 2385 1651 2418 1686; x_wconf 92' lang='lat' dir='ltr'><strong>a</strong></span> <span class='ocrx_word' id='word_1_269' title='bbox 2462 1632 2714 1685; x_wconf 83' lang='lat' dir='ltr'><strong>Marcello</strong></span> <span class='ocrx_word' id='word_1_270' title='bbox 2744 1634 2912 1698; x_wconf 79' lang='lat' dir='ltr'><strong>inepte</strong></span> <span class='ocrx_word' id='word_1_271' title='bbox 2958 1633 3344 1700; x_wconf 78' lang='lat' dir='ltr'><strong>reprehensum,</strong></span> <span class='ocrx_word' id='word_1_272' title='bbox 3390 1649 3506 1686; x_wconf 82' lang='lat' dir='ltr'><strong>cum</strong></span> <span class='ocrx_word' id='word_1_273' title='bbox 3531 1648 3621 1688; x_wconf 84' lang='lat' dir='ltr'><strong>e0-</strong></span> 
     </span>
    </p>
   </div>
   <div class='ocr_carea' id='block_1_38' title="bbox 2122 1701 3620 1771">
    <p class='ocr_par' dir='ltr' id='par_1_38' title="bbox 2122 1701 3620 1771">
     <span class='ocr_line' id='line_1_38' title="bbox 2122 1701 3620 1771; baseline 0.001 -15"><span class='ocrx_word' id='word_1_274' title='bbox 2122 1707 2240 1756; x_wconf 83' lang='lat' dir='ltr'><strong>dem</strong></span> <span class='ocrx_word' id='word_1_275' title='bbox 2275 1705 2328 1757; x_wconf 84' lang='lat' dir='ltr'><strong>in</strong></span> <span class='ocrx_word' id='word_1_276' title='bbox 2351 1719 2530 1757; x_wconf 82' lang='lat' dir='ltr'><strong>errore</strong></span> <span class='ocrx_word' id='word_1_277' title='bbox 2552 1719 2670 1755; x_wconf 83' lang='lat' dir='ltr'><strong>cum</strong></span> <span class='ocrx_word' id='word_1_278' title='bbox 2715 1701 2949 1757; x_wconf 82' lang='lat' dir='ltr'><strong>Sabellio</strong></span> <span class='ocrx_word' id='word_1_279' title='bbox 2975 1703 3084 1771; x_wconf 78' lang='lat' dir='ltr'><strong>ipse</strong></span> <span class='ocrx_word' id='word_1_280' title='bbox 3118 1720 3209 1771; x_wconf 88' lang='lat' dir='ltr'><strong>per</strong></span> <span class='ocrx_word' id='word_1_281' title='bbox 3241 1704 3417 1756; x_wconf 84' lang='lat' dir='ltr'><strong>omnia</strong></span> <span class='ocrx_word' id='word_1_282' title='bbox 3451 1719 3620 1758; x_wconf 79' lang='lat' dir='ltr'><strong>uerse-</strong></span> 
     </span>
    </p>
   </div>
   <div class='ocr_carea' id='block_1_39' title="bbox 2123 1783 2230 1826">
    <p class='ocr_par' dir='ltr' id='par_1_39' title="bbox 2123 1783 2230 1826">
     <span class='ocr_line' id='line_1_39' title="bbox 2123 1783 2230 1826; baseline 0.019 -2"><span class='ocrx_word' id='word_1_283' title='bbox 2123 1783 2230 1826; x_wconf 83' lang='lat' dir='ltr'><strong>tur.</strong></span> 
     </span>
    </p>
   </div>
   <div class='ocr_carea' id='block_1_40' title="bbox 2120 1863 3621 1933">
    <p class='ocr_par' dir='ltr' id='par_1_40' title="bbox 2120 1863 3621 1933">
     <span class='ocr_line' id='line_1_40' title="bbox 2120 1863 3621 1933; baseline 0.003 -17"><span class='ocrx_word' id='word_1_284' title='bbox 2120 1864 2190 1916; x_wconf 83' lang='lat' dir='ltr'><strong>At</strong></span> <span class='ocrx_word' id='word_1_285' title='bbox 2222 1863 2537 1933; x_wconf 86' lang='lat' dir='ltr'><strong>priusquam</strong></span> <span class='ocrx_word' id='word_1_286' title='bbox 2569 1863 2653 1918; x_wconf 89' lang='lat' dir='ltr'><strong>his</strong></span> <span class='ocrx_word' id='word_1_287' title='bbox 2700 1863 2957 1933; x_wconf 80' lang='lat' dir='ltr'><strong>accingar</strong></span> <span class='ocrx_word' id='word_1_288' title='bbox 2979 1864 3376 1930; x_wconf 74' lang='lat' dir='ltr'><strong>examinandis,</strong></span> <span class='ocrx_word' id='word_1_289' title='bbox 3407 1879 3532 1920; x_wconf 89' lang='lat' dir='ltr'><strong>eum</strong></span> <span class='ocrx_word' id='word_1_290' title='bbox 3564 1865 3621 1921; x_wconf 83' lang='lat' dir='ltr'><strong>in</strong></span> 
     </span>
    </p>
   </div>
   <div class='ocr_carea' id='block_1_41' title="bbox 2051 1955 3624 2024">
    <p class='ocr_par' dir='ltr' id='par_1_41' title="bbox 2051 1955 3624 2024">
     <span class='ocr_line' id='line_1_41' title="bbox 2051 1955 3624 2024; baseline 0.001 -14"><span class='ocrx_word' id='word_1_291' title='bbox 2051 1955 2234 2024; x_wconf 85' lang='lat' dir='ltr'><strong>Operis</strong></span> <span class='ocrx_word' id='word_1_292' title='bbox 2270 1966 2527 2011; x_wconf 79' lang='lat' dir='ltr'><strong>contextu</strong></span> <span class='ocrx_word' id='word_1_293' title='bbox 2573 1955 3062 2011; x_wconf 87' lang='lat' dir='ltr'><strong>animadverterem</strong></span> <span class='ocrx_word' id='word_1_294' title='bbox 3111 1956 3402 2012; x_wconf 89' lang='lat' dir='ltr'><strong>Sabellium</strong></span> <span class='ocrx_word' id='word_1_295' title='bbox 3452 1958 3520 2012; x_wconf 90' lang='lat' dir='ltr'><strong>ab</strong></span> <span class='ocrx_word' id='word_1_296' title='bbox 3558 1971 3624 2012; x_wconf 90' lang='lat' dir='ltr'><strong>eo</strong></span> 
     </span>
    </p>
   </div>
   <div class='ocr_carea' id='block_1_42' title="bbox 2053 2045 3622 2113">
    <p class='ocr_par' dir='ltr' id='par_1_42' title="bbox 2053 2045 3622 2113">
     <span class='ocr_line' id='line_1_42' title="bbox 2053 2045 3622 2113; baseline 0.003 -15"><span class='ocrx_word' id='word_1_297' title='bbox 2053 2045 2191 2101; x_wconf 92' lang='lat' dir='ltr'><strong>male</strong></span> <span class='ocrx_word' id='word_1_298' title='bbox 2217 2046 2802 2110; x_wconf 89' lang='lat' dir='ltr'><strong>mulctatum,hominis</strong></span> <span class='ocrx_word' id='word_1_299' title='bbox 2831 2046 3135 2104; x_wconf 78' lang='lat' dir='ltr'><strong>fatuitatem</strong></span> <span class='ocrx_word' id='word_1_300' title='bbox 3161 2048 3462 2102; x_wconf 86' lang='lat' dir='ltr'><strong>admiratus</strong></span> <span class='ocrx_word' id='word_1_301' title='bbox 3478 2062 3622 2113; x_wconf 89' lang='lat' dir='ltr'><strong>sum,</strong></span> 
     </span>
    </p>
   </div>
   <div class='ocr_carea' id='block_1_43' title="bbox 2051 2135 3618 2214">
    <p class='ocr_par' dir='ltr' id='par_1_43' title="bbox 2051 2135 3618 2214">
     <span class='ocr_line' id='line_1_43' title="bbox 2051 2135 3618 2214; baseline 0.002 -26"><span class='ocrx_word' id='word_1_302' title='bbox 2051 2136 2192 2214; x_wconf 82' lang='lat' dir='ltr'><strong>quod</strong></span> <span class='ocrx_word' id='word_1_303' title='bbox 2223 2135 2300 2189; x_wconf 91' lang='lat' dir='ltr'><strong>illi</strong></span> <span class='ocrx_word' id='word_1_304' title='bbox 2322 2137 2633 2206; x_wconf 86' lang='lat' dir='ltr'><strong>neutiquam</strong></span> <span class='ocrx_word' id='word_1_305' title='bbox 2667 2139 2992 2206; x_wconf 84' lang='lat' dir='ltr'><strong>pepercerit,</strong></span> <span class='ocrx_word' id='word_1_306' title='bbox 3015 2138 3109 2192; x_wconf 93' lang='lat' dir='ltr'><strong>sed</strong></span> <span class='ocrx_word' id='word_1_307' title='bbox 3141 2138 3467 2207; x_wconf 80' lang='lat' dir='ltr'><strong>impetiverit</strong></span> <span class='ocrx_word' id='word_1_308' title='bbox 3501 2153 3618 2191; x_wconf 90' lang='lat' dir='ltr'><strong>ma-</strong></span> 
     </span>
    </p>
   </div>
   <div class='ocr_carea' id='block_1_44' title="bbox 2051 2226 3627 2299">
    <p class='ocr_par' dir='ltr' id='par_1_44' title="bbox 2051 2226 3627 2299">
     <span class='ocr_line' id='line_1_44' title="bbox 2051 2226 3627 2299; baseline 0 -17"><span class='ocrx_word' id='word_1_309' title='bbox 2051 2226 2264 2282; x_wconf 88' lang='lat' dir='ltr'><strong>ledictis</strong></span> <span class='ocrx_word' id='word_1_310' title='bbox 2292 2267 2307 2292; x_wconf 93' lang='lat'><strong>,</strong></span> <span class='ocrx_word' id='word_1_311' title='bbox 2353 2243 2510 2298; x_wconf 91' lang='lat' dir='ltr'><strong>quem</strong></span> <span class='ocrx_word' id='word_1_312' title='bbox 2551 2229 2802 2284; x_wconf 86' lang='lat' dir='ltr'><strong>laudibus</strong></span> <span class='ocrx_word' id='word_1_313' title='bbox 2836 2240 2961 2284; x_wconf 89' lang='lat' dir='ltr'><strong>ante</strong></span> <span class='ocrx_word' id='word_1_314' title='bbox 2989 2228 3124 2284; x_wconf 88' lang='lat' dir='ltr'><strong>alios</strong></span> <span class='ocrx_word' id='word_1_315' title='bbox 3155 2230 3410 2299; x_wconf 83' lang='lat' dir='ltr'><strong>prosequi</strong></span> <span class='ocrx_word' id='word_1_316' title='bbox 3464 2228 3627 2283; x_wconf 86' lang='lat' dir='ltr'><strong>debe-</strong></span> 
     </span>
    </p>
   </div>
   <div class='ocr_carea' id='block_1_45' title="bbox 2051 2318 3624 2390">
    <p class='ocr_par' dir='ltr' id='par_1_45' title="bbox 2051 2318 3624 2390">
     <span class='ocr_line' id='line_1_45' title="bbox 2051 2318 3624 2390; baseline -0.001 -16"><span class='ocrx_word' id='word_1_317' title='bbox 2051 2319 2165 2385; x_wconf 92' lang='lat' dir='ltr'><strong>bat,</strong></span> <span class='ocrx_word' id='word_1_318' title='bbox 2203 2328 2386 2389; x_wconf 90' lang='lat' dir='ltr'><strong>utpote</strong></span> <span class='ocrx_word' id='word_1_319' title='bbox 2412 2321 2494 2375; x_wconf 89' lang='lat' dir='ltr'><strong>sui</strong></span> <span class='ocrx_word' id='word_1_320' title='bbox 2529 2321 2796 2390; x_wconf 84' lang='lat' dir='ltr'><strong>dogmatis</strong></span> <span class='ocrx_word' id='word_1_321' title='bbox 2819 2330 3229 2384; x_wconf 88' lang='lat' dir='ltr'><strong>assectatorem,</strong></span> <span class='ocrx_word' id='word_1_322' title='bbox 3279 2328 3335 2375; x_wconf 89' lang='lat' dir='ltr'><strong>et</strong></span> <span class='ocrx_word' id='word_1_323' title='bbox 3380 2318 3624 2389; x_wconf 83' lang='lat' dir='ltr'><strong>ejusdem</strong></span> 
     </span>
    </p>
   </div>
   <div class='ocr_carea' id='block_1_46' title="bbox 2051 2411 3628 2483">
    <p class='ocr_par' dir='ltr' id='par_1_46' title="bbox 2051 2411 3628 2483">
     <span class='ocr_line' id='line_1_46' title="bbox 2051 2411 3628 2483; baseline -0.002 -14"><span class='ocrx_word' id='word_1_324' title='bbox 2051 2428 2175 2469; x_wconf 91' lang='lat' dir='ltr'><strong>cum</strong></span> <span class='ocrx_word' id='word_1_325' title='bbox 2205 2414 2381 2483; x_wconf 91' lang='lat' dir='ltr'><strong>seipso</strong></span> <span class='ocrx_word' id='word_1_326' title='bbox 2403 2411 2693 2482; x_wconf 83' lang='lat' dir='ltr'><strong>opinionis.</strong></span> <span class='ocrx_word' id='word_1_327' title='bbox 2726 2414 2947 2469; x_wconf 82' lang='lat' dir='ltr'><strong>Decrevi</strong></span> <span class='ocrx_word' id='word_1_328' title='bbox 2977 2412 3098 2467; x_wconf 90' lang='lat' dir='ltr'><strong>ideo</strong></span> <span class='ocrx_word' id='word_1_329' title='bbox 3133 2412 3296 2474; x_wconf 85' lang='lat' dir='ltr'><strong>verba</strong></span> <span class='ocrx_word' id='word_1_330' title='bbox 3341 2412 3456 2479; x_wconf 85' lang='lat' dir='ltr'><strong>ejus</strong></span> <span class='ocrx_word' id='word_1_331' title='bbox 3492 2426 3628 2466; x_wconf 87' lang='lat' dir='ltr'><strong>neu-</strong></span> 
     </span>
    </p>
   </div>
   <div class='ocr_carea' id='block_1_47' title="bbox 2053 2499 3626 2572">
    <p class='ocr_par' dir='ltr' id='par_1_47' title="bbox 2053 2499 3626 2572">
     <span class='ocr_line' id='line_1_47' title="bbox 2053 2499 3626 2572; baseline -0.002 -14"><span class='ocrx_word' id='word_1_332' title='bbox 2053 2503 2254 2572; x_wconf 87' lang='lat' dir='ltr'><strong>tiquam</strong></span> <span class='ocrx_word' id='word_1_333' title='bbox 2282 2503 2496 2558; x_wconf 88' lang='lat' dir='ltr'><strong>silentio</strong></span> <span class='ocrx_word' id='word_1_334' title='bbox 2527 2502 2841 2572; x_wconf 82' lang='lat' dir='ltr'><strong>praeterire,</strong></span> <span class='ocrx_word' id='word_1_335' title='bbox 2882 2502 2976 2556; x_wconf 87' lang='lat' dir='ltr'><strong>sed</strong></span> <span class='ocrx_word' id='word_1_336' title='bbox 3005 2501 3169 2560; x_wconf 85' lang='lat' dir='ltr'><strong>veluti</strong></span> <span class='ocrx_word' id='word_1_337' title='bbox 3206 2499 3492 2570; x_wconf 87' lang='lat' dir='ltr'><strong>quamdam</strong></span> <span class='ocrx_word' id='word_1_338' title='bbox 3530 2514 3626 2555; x_wconf 91' lang='lat' dir='ltr'><strong>ac-</strong></span> 
     </span>
    </p>
   </div>
   <div class='ocr_carea' id='block_1_48' title="bbox 2054 2593 3623 2663">
    <p class='ocr_par' dir='ltr' id='par_1_48' title="bbox 2054 2593 3623 2663">
     <span class='ocr_line' id='line_1_48' title="bbox 2054 2593 3623 2663; baseline -0.001 -14"><span class='ocrx_word' id='word_1_339' title='bbox 2054 2594 2356 2649; x_wconf 88' lang='lat' dir='ltr'><strong>cessionem</strong></span> <span class='ocrx_word' id='word_1_340' title='bbox 2377 2635 2392 2660; x_wconf 92' lang='lat'><strong>,</strong></span> <span class='ocrx_word' id='word_1_341' title='bbox 2427 2593 2572 2648; x_wconf 88' lang='lat' dir='ltr'><strong>illius</strong></span> <span class='ocrx_word' id='word_1_342' title='bbox 2596 2593 2976 2648; x_wconf 85' lang='lat' dir='ltr'><strong>refutationem</strong></span> <span class='ocrx_word' id='word_1_343' title='bbox 3019 2593 3146 2647; x_wconf 83' lang='lat' dir='ltr'><strong>huic</strong></span> <span class='ocrx_word' id='word_1_344' title='bbox 3178 2593 3327 2662; x_wconf 82' lang='lat' dir='ltr'><strong>operi</strong></span> <span class='ocrx_word' id='word_1_345' title='bbox 3359 2593 3623 2663; x_wconf 80' lang='lat' dir='ltr'><strong>adjicien-</strong></span> 
     </span>
    </p>
   </div>
   <div class='ocr_carea' id='block_1_49' title="bbox 2056 2684 3626 2756">
    <p class='ocr_par' dir='ltr' id='par_1_49' title="bbox 2056 2684 3626 2756">
     <span class='ocr_line' id='line_1_49' title="bbox 2056 2684 3626 2756; baseline -0.003 -14"><span class='ocrx_word' id='word_1_346' title='bbox 2056 2689 2199 2742; x_wconf 90' lang='lat' dir='ltr'><strong>dam.</strong></span> <span class='ocrx_word' id='word_1_347' title='bbox 2244 2686 2524 2756; x_wconf 87' lang='lat' dir='ltr'><strong>Siquidem</strong></span> <span class='ocrx_word' id='word_1_348' title='bbox 2564 2687 2705 2754; x_wconf 92' lang='lat' dir='ltr'><strong>quod</strong></span> <span class='ocrx_word' id='word_1_349' title='bbox 2750 2685 2841 2740; x_wconf 92' lang='lat' dir='ltr'><strong>Dei</strong></span> <span class='ocrx_word' id='word_1_350' title='bbox 2889 2685 3168 2740; x_wconf 87' lang='lat' dir='ltr'><strong>ministros</strong></span> <span class='ocrx_word' id='word_1_351' title='bbox 3202 2694 3458 2750; x_wconf 89' lang='lat' dir='ltr'><strong>accuset,</strong></span> <span class='ocrx_word' id='word_1_352' title='bbox 3497 2684 3626 2738; x_wconf 87' lang='lat' dir='ltr'><strong>licet</strong></span> 
     </span>
    </p>
   </div>
   <div class='ocr_carea' id='block_1_50' title="bbox 2057 2775 3624 2848">
    <p class='ocr_par' dir='ltr' id='par_1_50' title="bbox 2057 2775 3624 2848">
     <span class='ocr_line' id='line_1_50' title="bbox 2057 2775 3624 2848; baseline -0.001 -18"><span class='ocrx_word' id='word_1_353' title='bbox 2057 2775 2188 2830; x_wconf 84' lang='lat' dir='ltr'><strong>illud</strong></span> <span class='ocrx_word' id='word_1_354' title='bbox 2243 2776 2294 2830; x_wconf 88' lang='lat' dir='ltr'><strong>in</strong></span> <span class='ocrx_word' id='word_1_355' title='bbox 2347 2776 2517 2844; x_wconf 87' lang='lat' dir='ltr'><strong>ipsius</strong></span> <span class='ocrx_word' id='word_1_356' title='bbox 2563 2778 2947 2832; x_wconf 88' lang='lat' dir='ltr'><strong>contumeliam</strong></span> <span class='ocrx_word' id='word_1_357' title='bbox 2988 2778 3166 2848; x_wconf 88' lang='lat' dir='ltr'><strong>potius</strong></span> <span class='ocrx_word' id='word_1_358' title='bbox 3197 2777 3379 2842; x_wconf 89' lang='lat' dir='ltr'><strong>cedat,</strong></span> <span class='ocrx_word' id='word_1_359' title='bbox 3409 2775 3624 2830; x_wconf 88' lang='lat' dir='ltr'><strong>laudem</strong></span> 
     </span>
    </p>
   </div>
   <div class='ocr_carea' id='block_1_51' title="bbox 386 2863 1958 2939">
    <p class='ocr_par' dir='ltr' id='par_1_51' title="bbox 386 2863 1951 2939">
     <span class='ocr_line' id='line_1_51' title="bbox 386 2863 1951 2939; baseline -0.004 -16"><span class='ocrx_word' id='word_1_360' title='bbox 386 2870 514 2939; x_wconf 85' lang='grc' dir='ltr'>μης)</span> <span class='ocrx_word' id='word_1_361' title='bbox 537 2868 761 2931; x_wconf 83' lang='grc' dir='ltr'>εἰκότως</span> <span class='ocrx_word' id='word_1_362' title='bbox 797 2867 858 2920; x_wconf 92' lang='grc' dir='ltr'><strong>τὸ</strong></span> <span class='ocrx_word' id='word_1_363' title='bbox 883 2867 1058 2921; x_wconf 88' lang='grc' dir='ltr'>δοκεῖν</span> <span class='ocrx_word' id='word_1_364' title='bbox 1079 2866 1148 2918; x_wconf 87' lang='grc' dir='ltr'><strong>τὰ</strong></span> <span class='ocrx_word' id='word_1_365' title='bbox 1185 2866 1257 2936; x_wconf 84' lang='grc' dir='ltr'>μὴ</span> <span class='ocrx_word' id='word_1_366' title='bbox 1293 2865 1442 2935; x_wconf 81' lang='grc' dir='ltr'><strong>αὐτῷ</strong></span> <span class='ocrx_word' id='word_1_367' title='bbox 1475 2865 1604 2934; x_wconf 81' lang='grc' dir='ltr'>φίλα</span> <span class='ocrx_word' id='word_1_368' title='bbox 1636 2863 1915 2934; x_wconf 80' lang='grc' dir='ltr'>φαυλίζειν</span> <span class='ocrx_word' id='word_1_369' title='bbox 1937 2880 1951 2893; x_wconf 78' lang='grc' dir='ltr'><strong>ο</strong></span> 
     </span>
    </p>
   </div>
   <div class='ocr_carea' id='block_1_52' title="bbox 2050 2863 3627 2939">
    <p class='ocr_par' dir='ltr' id='par_1_52' title="bbox 2059 2865 3627 2938">
     <span class='ocr_line' id='line_1_52' title="bbox 2059 2865 3627 2938; baseline 0 -18"><span class='ocrx_word' id='word_1_370' title='bbox 2059 2882 2187 2921; x_wconf 91' lang='lat' dir='ltr'><strong>vero</strong></span> <span class='ocrx_word' id='word_1_371' title='bbox 2237 2879 2400 2937; x_wconf 85' lang='lat' dir='ltr'><strong>atque</strong></span> <span class='ocrx_word' id='word_1_372' title='bbox 2433 2868 2888 2923; x_wconf 83' lang='lat' dir='ltr'><strong>existimationem</strong></span> <span class='ocrx_word' id='word_1_373' title='bbox 2929 2869 3187 2938; x_wconf 82' lang='lat' dir='ltr'><strong>majorem</strong></span> <span class='ocrx_word' id='word_1_374' title='bbox 3239 2867 3493 2938; x_wconf 82' lang='lat' dir='ltr'><strong>illorum,</strong></span> <span class='ocrx_word' id='word_1_375' title='bbox 3531 2865 3627 2935; x_wconf 89' lang='lat' dir='ltr'><strong>qui</strong></span> 
     </span>
    </p>
   </div>
   <div class='ocr_carea' id='block_1_53' title="bbox 381 2954 1955 3027">
    <p class='ocr_par' dir='ltr' id='par_1_53' title="bbox 381 2954 1955 3027">
     <span class='ocr_line' id='line_1_53' title="bbox 381 2954 1955 3027; baseline -0.002 -17"><span class='ocrx_word' id='word_1_376' title='bbox 381 2957 443 3010; x_wconf 89' lang='grc' dir='ltr'><strong>τὸ</strong></span> <span class='ocrx_word' id='word_1_377' title='bbox 465 2956 522 3010; x_wconf 89' lang='grc' dir='ltr'><strong>δέ</strong></span> <span class='ocrx_word' id='word_1_378' title='bbox 542 2957 722 3011; x_wconf 84' lang='grc' dir='ltr'>λαθεῖν</span> <span class='ocrx_word' id='word_1_379' title='bbox 750 2960 1016 3011; x_wconf 85' lang='grc' dir='ltr'>κόπτοντα</span> <span class='ocrx_word' id='word_1_380' title='bbox 1042 2956 1202 3011; x_wconf 82' lang='grc' dir='ltr'>αὐτὸν</span> <span class='ocrx_word' id='word_1_381' title='bbox 1220 2955 1310 3009; x_wconf 86' lang='grc' dir='ltr'><strong>διὰ</strong></span> <span class='ocrx_word' id='word_1_382' title='bbox 1334 2957 1430 3027; x_wconf 83' lang='grc' dir='ltr'>τῆς</span> <span class='ocrx_word' id='word_1_383' title='bbox 1451 2955 1545 3009; x_wconf 82' lang='grc' dir='ltr'>τοῦ</span> <span class='ocrx_word' id='word_1_384' title='bbox 1579 2954 1955 3026; x_wconf 86' lang='grc' dir='ltr'>ὁμογνώμονος</span> 
     </span>
    </p>
   </div>
   <div class='ocr_carea' id='block_1_54' title="bbox 389 3046 1958 3120">
    <p class='ocr_par' dir='ltr' id='par_1_54' title="bbox 389 3046 1958 3120">
     <span class='ocr_line' id='line_1_54' title="bbox 389 3046 1958 3120; baseline -0.001 -19"><span class='ocrx_word' id='word_1_385' title='bbox 389 3047 713 3120; x_wconf 67' lang='grc' dir='ltr'>δυσφημίας</span> <span class='ocrx_word' id='word_1_386' title='bbox 760 3048 870 3119; x_wconf 63' lang='grc'><strong>(19)</strong></span> <span class='ocrx_word' id='word_1_387' title='bbox 910 3048 1185 3110; x_wconf 84' lang='grc' dir='ltr'>ἀναιδείας</span> <span class='ocrx_word' id='word_1_388' title='bbox 1245 3046 1435 3118; x_wconf 77' lang='grc' dir='ltr'>ἔμοιγε</span> <span class='ocrx_word' id='word_1_389' title='bbox 1487 3048 1653 3110; x_wconf 87' lang='grc' dir='ltr'>δοκεῖ,</span> <span class='ocrx_word' id='word_1_390' title='bbox 1706 3047 1819 3118; x_wconf 81' lang='grc' dir='ltr'><strong>ἃμα</strong></span> <span class='ocrx_word' id='word_1_391' title='bbox 1863 3046 1958 3099; x_wconf 78' lang='grc' dir='ltr'>καὶ</span> 
     </span>
    </p>
   </div>
   <div class='ocr_carea' id='block_1_55' title="bbox 384 3138 1949 3210">
    <p class='ocr_par' dir='ltr' id='par_1_55' title="bbox 384 3138 1949 3210">
     <span class='ocr_line' id='line_1_55' title="bbox 384 3138 1949 3210; baseline -0.001 -17"><span class='ocrx_word' id='word_1_392' title='bbox 384 3138 760 3210; x_wconf 82' lang='grc' dir='ltr'>ἀναισθησίας,</span> <span class='ocrx_word' id='word_1_393' title='bbox 806 3139 1089 3210; x_wconf 77' lang='grc' dir='ltr'>ὑπάρχειν.</span> <span class='ocrx_word' id='word_1_394' title='bbox 1123 3139 1249 3192; x_wconf 86' lang='grc' dir='ltr'><strong>Ὅτι</strong></span> <span class='ocrx_word' id='word_1_395' title='bbox 1300 3140 1358 3192; x_wconf 88' lang='grc' dir='ltr'><strong>δέ</strong></span> <span class='ocrx_word' id='word_1_396' title='bbox 1407 3139 1562 3192; x_wconf 80' lang='grc' dir='ltr'>ταῦθ’</span> <span class='ocrx_word' id='word_1_397' title='bbox 1596 3138 1768 3204; x_wconf 79' lang='grc' dir='ltr'>οὕτως</span> <span class='ocrx_word' id='word_1_398' title='bbox 1817 3139 1949 3209; x_wconf 74' lang='grc' dir='ltr'>ἔχει,</span> 
     </span>
    </p>
   </div>
   <div class='ocr_carea' id='block_1_56' title="bbox 382 3230 1956 3303">
    <p class='ocr_par' dir='ltr' id='par_1_56' title="bbox 382 3230 1956 3303">
     <span class='ocr_line' id='line_1_56' title="bbox 382 3230 1956 3303; baseline -0.001 -17"><span class='ocrx_word' id='word_1_399' title='bbox 382 3231 578 3303; x_wconf 85' lang='grc' dir='ltr'>γένοιτ’</span> <span class='ocrx_word' id='word_1_400' title='bbox 613 3231 678 3286; x_wconf 83' lang='grc' dir='ltr'><strong>ἀν</strong></span> <span class='ocrx_word' id='word_1_401' title='bbox 706 3230 921 3302; x_wconf 79' lang='grc' dir='ltr'>ἐλεγχος</span> <span class='ocrx_word' id='word_1_402' title='bbox 945 3232 1106 3295; x_wconf 81' lang='grc' dir='ltr'>αὐτὸς</span> <span class='ocrx_word' id='word_1_403' title='bbox 1139 3230 1353 3295; x_wconf 77' lang='grc' dir='ltr'>ἑαυτοῦ,</span> <span class='ocrx_word' id='word_1_404' title='bbox 1381 3231 1687 3303; x_wconf 86' lang='grc' dir='ltr'>Υἱοπάτορα</span> <span class='ocrx_word' id='word_1_405' title='bbox 1718 3230 1807 3285; x_wconf 91' lang='grc' dir='ltr'><strong>τὸν</strong></span> <span class='ocrx_word' id='word_1_406' title='bbox 1825 3230 1956 3284; x_wconf 86' lang='grc' dir='ltr'>Θεὸν</span> 
     </span>
    </p>
   </div>
   <div class='ocr_carea' id='block_1_57' title="bbox 384 3319 1953 3392">
    <p class='ocr_par' dir='ltr' id='par_1_57' title="bbox 384 3319 1953 3392">
     <span class='ocr_line' id='line_1_57' title="bbox 384 3319 1953 3392; baseline -0.003 -16"><span class='ocrx_word' id='word_1_407' title='bbox 384 3320 527 3376; x_wconf 86' lang='grc' dir='ltr'><strong>κατά</strong></span> <span class='ocrx_word' id='word_1_408' title='bbox 553 3320 646 3373; x_wconf 88' lang='grc' dir='ltr'><strong>τὸν</strong></span> <span class='ocrx_word' id='word_1_409' title='bbox 691 3319 997 3383; x_wconf 81' lang='grc' dir='ltr'>Σαϐέλλιον,</span> <span class='ocrx_word' id='word_1_410' title='bbox 1048 3322 1096 3373; x_wconf 84' lang='grc' dir='ltr'><strong>εί</strong></span> <span class='ocrx_word' id='word_1_411' title='bbox 1124 3321 1219 3374; x_wconf 81' lang='grc' dir='ltr'>καὶ</span> <span class='ocrx_word' id='word_1_412' title='bbox 1262 3320 1338 3392; x_wconf 81' lang='grc' dir='ltr'>μὴ</span> <span class='ocrx_word' id='word_1_413' title='bbox 1372 3320 1564 3391; x_wconf 83' lang='grc' dir='ltr'>γυμνῷ</span> <span class='ocrx_word' id='word_1_414' title='bbox 1584 3319 1662 3392; x_wconf 82' lang='grc' dir='ltr'><strong>τῷ</strong></span> <span class='ocrx_word' id='word_1_415' title='bbox 1683 3319 1845 3392; x_wconf 87' lang='grc' dir='ltr'>λόγῳ,</span> <span class='ocrx_word' id='word_1_416' title='bbox 1887 3321 1953 3391; x_wconf 80' lang='grc' dir='ltr'>τῇ</span> 
     </span>
    </p>
   </div>
   <div class='ocr_carea' id='block_1_58' title="bbox 382 3411 1954 3485">
    <p class='ocr_par' dir='ltr' id='par_1_58' title="bbox 382 3411 1954 3485">
     <span class='ocr_line' id='line_1_58' title="bbox 382 3411 1954 3485; baseline -0.001 -17"><span class='ocrx_word' id='word_1_417' title='bbox 382 3411 512 3483; x_wconf 72' lang='grc' dir='ltr'>γοῦν</span> <span class='ocrx_word' id='word_1_418' title='bbox 537 3413 763 3485; x_wconf 78' lang='grc' dir='ltr'>ἀληθείᾳ</span> <span class='ocrx_word' id='word_1_419' title='bbox 789 3413 1038 3482; x_wconf 81' lang='grc' dir='ltr'>εἰσάγων,</span> <span class='ocrx_word' id='word_1_420' title='bbox 1071 3413 1150 3484; x_wconf 83' lang='grc' dir='ltr'>τῷ</span> <span class='ocrx_word' id='word_1_421' title='bbox 1199 3413 1297 3485; x_wconf 80' lang='grc' dir='ltr'>τὴν</span> <span class='ocrx_word' id='word_1_422' title='bbox 1329 3415 1624 3467; x_wconf 85' lang='grc' dir='ltr'>ὑπόστασιν</span> <span class='ocrx_word' id='word_1_423' title='bbox 1663 3413 1772 3485; x_wconf 81' lang='grc'><strong>(15)</strong></span> <span class='ocrx_word' id='word_1_424' title='bbox 1801 3415 1954 3466; x_wconf 86' lang='grc' dir='ltr'>ἀναι-</span> 
     </span>
    </p>
   </div>
   <div class='ocr_carea' id='block_1_59' title="bbox 385 3503 1954 3578">
    <p class='ocr_par' dir='ltr' id='par_1_59' title="bbox 385 3503 1954 3578">
     <span class='ocr_line' id='line_1_59' title="bbox 385 3503 1954 3578; baseline 0 -20"><span class='ocrx_word' id='word_1_425' title='bbox 385 3508 499 3578; x_wconf 85' lang='grc' dir='ltr'>ρεῖν</span> <span class='ocrx_word' id='word_1_426' title='bbox 555 3505 648 3558; x_wconf 84' lang='grc' dir='ltr'>τοῦ</span> <span class='ocrx_word' id='word_1_427' title='bbox 695 3503 845 3570; x_wconf 80' lang='grc' dir='ltr'><strong>Υίοῦ,</strong></span> <span class='ocrx_word' id='word_1_428' title='bbox 879 3505 972 3558; x_wconf 73' lang='grc' dir='ltr'>ἕνα</span> <span class='ocrx_word' id='word_1_429' title='bbox 1015 3505 1072 3558; x_wconf 81' lang='grc' dir='ltr'>δὲ</span> <span class='ocrx_word' id='word_1_430' title='bbox 1110 3505 1239 3559; x_wconf 83' lang='grc' dir='ltr'>Θεὸν</span> <span class='ocrx_word' id='word_1_431' title='bbox 1291 3505 1590 3576; x_wconf 78' lang='grc' dir='ltr'>ὁρίζεσθαι,</span> <span class='ocrx_word' id='word_1_432' title='bbox 1633 3506 1725 3558; x_wconf 76' lang='grc' dir='ltr'><strong>καὶ</strong></span> <span class='ocrx_word' id='word_1_433' title='bbox 1767 3505 1954 3559; x_wconf 81' lang='grc' dir='ltr'>τοῦτον</span> 
     </span>
    </p>
   </div>
   <div class='ocr_carea' id='block_1_60' title="bbox 383 3591 1951 3668">
    <p class='ocr_par' dir='ltr' id='par_1_60' title="bbox 383 3591 1951 3668">
     <span class='ocr_line' id='line_1_60' title="bbox 383 3591 1951 3668; baseline 0.001 -18"><span class='ocrx_word' id='word_1_434' title='bbox 383 3593 575 3650; x_wconf 75' lang='grc' dir='ltr'>ἐαυτοῦ</span> <span class='ocrx_word' id='word_1_435' title='bbox 608 3596 844 3668; x_wconf 81' lang='grc' dir='ltr'>Πατέρα,</span> <span class='ocrx_word' id='word_1_436' title='bbox 872 3596 964 3649; x_wconf 78' lang='grc' dir='ltr'>καὶ</span> <span class='ocrx_word' id='word_1_437' title='bbox 994 3591 1058 3649; x_wconf 79' lang='grc' dir='ltr'>αὖ</span> <span class='ocrx_word' id='word_1_438' title='bbox 1079 3596 1238 3650; x_wconf 86' lang='grc' dir='ltr'>πάλιν</span> <span class='ocrx_word' id='word_1_439' title='bbox 1262 3597 1390 3649; x_wconf 81' lang='grc' dir='ltr'>Υἱὸν</span> <span class='ocrx_word' id='word_1_440' title='bbox 1419 3595 1712 3649; x_wconf 84' lang='grc' dir='ltr'>ἀποκαλεῖν</span> <span class='ocrx_word' id='word_1_441' title='bbox 1736 3596 1951 3652; x_wconf 79' lang='grc' dir='ltr'>ἐαυτοῦ.</span> 
     </span>
    </p>
   </div>
   <div class='ocr_carea' id='block_1_61' title="bbox 383 3683 1952 3758">
    <p class='ocr_par' dir='ltr' id='par_1_61' title="bbox 383 3683 1952 3758">
     <span class='ocr_line' id='line_1_61' title="bbox 383 3683 1952 3758; baseline -0.002 -17"><span class='ocrx_word' id='word_1_442' title='bbox 383 3687 558 3756; x_wconf 82' lang='grc' dir='ltr'>Λόγον</span> <span class='ocrx_word' id='word_1_443' title='bbox 584 3686 692 3758; x_wconf 84' lang='grc' dir='ltr'><strong>γὰρ</strong></span> <span class='ocrx_word' id='word_1_444' title='bbox 710 3683 850 3740; x_wconf 79' lang='grc' dir='ltr'>εἷναι</span> <span class='ocrx_word' id='word_1_445' title='bbox 882 3687 1006 3751; x_wconf 80' lang='grc' dir='ltr'>δοὺς</span> <span class='ocrx_word' id='word_1_446' title='bbox 1041 3687 1131 3741; x_wconf 88' lang='grc' dir='ltr'><strong>τὸν</strong></span> <span class='ocrx_word' id='word_1_447' title='bbox 1154 3688 1230 3740; x_wconf 81' lang='grc' dir='ltr'><strong>ἐν</strong></span> <span class='ocrx_word' id='word_1_448' title='bbox 1257 3687 1335 3757; x_wconf 83' lang='grc' dir='ltr'>τῷ</span> <span class='ocrx_word' id='word_1_449' title='bbox 1363 3687 1501 3758; x_wconf 83' lang='grc' dir='ltr'>Θεῷ,</span> <span class='ocrx_word' id='word_1_450' title='bbox 1527 3687 1585 3739; x_wconf 87' lang='grc' dir='ltr'><strong>ἐν</strong></span> <span class='ocrx_word' id='word_1_451' title='bbox 1614 3705 1674 3740; x_wconf 89' lang='grc' dir='ltr'><strong>τε</strong></span> <span class='ocrx_word' id='word_1_452' title='bbox 1702 3688 1796 3740; x_wconf 78' lang='grc' dir='ltr'>καὶ</span> <span class='ocrx_word' id='word_1_453' title='bbox 1826 3687 1952 3739; x_wconf 76' lang='grc' dir='ltr'>ταΰ-</span> 
     </span>
    </p>
   </div>
   <div class='ocr_carea' id='block_1_62' title="bbox 387 3775 1952 3849">
    <p class='ocr_par' dir='ltr' id='par_1_62' title="bbox 387 3775 1952 3849">
     <span class='ocr_line' id='line_1_62' title="bbox 387 3775 1952 3849; baseline -0.001 -18"><span class='ocrx_word' id='word_1_454' title='bbox 387 3777 479 3831; x_wconf 87' lang='grc' dir='ltr'><strong>τὸν</strong></span> <span class='ocrx_word' id='word_1_455' title='bbox 529 3778 656 3832; x_wconf 78' lang='grc' dir='ltr'>ὄντα</span> <span class='ocrx_word' id='word_1_456' title='bbox 700 3777 847 3848; x_wconf 82' lang='grc' dir='ltr'><strong>αὐτῷ</strong></span> <span class='ocrx_word' id='word_1_457' title='bbox 895 3777 1082 3831; x_wconf 77' lang='grc' dir='ltr'>τοῦτον</span> <span class='ocrx_word' id='word_1_458' title='bbox 1123 3778 1470 3849; x_wconf 83' lang='grc' dir='ltr'>ὁρισάμενος.</span> <span class='ocrx_word' id='word_1_459' title='bbox 1505 3777 1722 3849; x_wconf 81' lang='grc' dir='ltr'>Πατέρα</span> <span class='ocrx_word' id='word_1_460' title='bbox 1765 3775 1952 3830; x_wconf 85' lang='grc' dir='ltr'>τούτου</span> 
     </span>
    </p>
   </div>
   <div class='ocr_carea' id='block_1_63' title="bbox 389 3865 1952 3941">
    <p class='ocr_par' dir='ltr' id='par_1_63' title="bbox 389 3865 1952 3941">
     <span class='ocr_line' id='line_1_63' title="bbox 389 3865 1952 3941; baseline -0.001 -19"><span class='ocrx_word' id='word_1_461' title='bbox 389 3869 743 3941; x_wconf 79' lang='grc' dir='ltr'>χρηματίζειν</span> <span class='ocrx_word' id='word_1_462' title='bbox 769 3868 932 3922; x_wconf 80' lang='grc' dir='ltr'>αὑτὸν</span> <span class='ocrx_word' id='word_1_463' title='bbox 964 3867 1094 3940; x_wconf 70' lang='grc' dir='ltr'>ἔφη’</span> <span class='ocrx_word' id='word_1_464' title='bbox 1127 3868 1214 3920; x_wconf 90' lang='grc' dir='ltr'><strong>τόν</strong></span> <span class='ocrx_word' id='word_1_465' title='bbox 1243 3885 1298 3922; x_wconf 89' lang='grc' dir='ltr'><strong>τε</strong></span> <span class='ocrx_word' id='word_1_466' title='bbox 1322 3869 1492 3937; x_wconf 80' lang='grc' dir='ltr'>Λόγον</span> <span class='ocrx_word' id='word_1_467' title='bbox 1519 3869 1660 3922; x_wconf 83' lang='grc' dir='ltr'>Υἰὸν.</span> <span class='ocrx_word' id='word_1_468' title='bbox 1679 3865 1815 3922; x_wconf 80' lang='grc' dir='ltr'>εἶναι</span> <span class='ocrx_word' id='word_1_469' title='bbox 1855 3869 1952 3922; x_wconf 84' lang='grc' dir='ltr'><strong>αὑ-</strong></span> 
     </span>
    </p>
   </div>
   <div class='ocr_carea' id='block_1_64' title="bbox 386 3968 1954 4038">
    <p class='ocr_par' dir='ltr' id='par_1_64' title="bbox 386 3968 1954 4038">
     <span class='ocr_line' id='line_1_64' title="bbox 386 3968 1954 4038; baseline -0.001 -16"><span class='ocrx_word' id='word_1_470' title='bbox 386 3969 505 4034; x_wconf 85' lang='grc' dir='ltr'>τοῦ,</span> <span class='ocrx_word' id='word_1_471' title='bbox 539 3970 638 4022; x_wconf 78' lang='grc' dir='ltr'>οὐκ</span> <span class='ocrx_word' id='word_1_472' title='bbox 663 3968 878 4038; x_wconf 85' lang='grc' dir='ltr'>ἀληθῶς</span> <span class='ocrx_word' id='word_1_473' title='bbox 903 3969 1032 4022; x_wconf 79' lang='grc' dir='ltr'>ὅντα</span> <span class='ocrx_word' id='word_1_474' title='bbox 1057 3969 1185 4022; x_wconf 85' lang='grc' dir='ltr'>Υἱὸν</span> <span class='ocrx_word' id='word_1_475' title='bbox 1225 3970 1282 4021; x_wconf 86' lang='grc' dir='ltr'><strong>ἐν</strong></span> <span class='ocrx_word' id='word_1_476' title='bbox 1310 3969 1495 4034; x_wconf 78' lang='grc' dir='ltr'>οὐσίας</span> <span class='ocrx_word' id='word_1_477' title='bbox 1522 3969 1838 4034; x_wconf 79' lang='grc' dir='ltr'>ὑποστάσει,</span> <span class='ocrx_word' id='word_1_478' title='bbox 1864 3986 1954 4021; x_wconf 85' lang='grc' dir='ltr'>κυ-</span> 
     </span>
    </p>
   </div>
   <div class='ocr_carea' id='block_1_65' title="bbox 389 4065 1952 4142">
    <p class='ocr_par' dir='ltr' id='par_1_65' title="bbox 389 4065 1952 4142">
     <span class='ocr_line' id='line_1_65' title="bbox 389 4065 1952 4142; baseline 0.001 -22"><span class='ocrx_word' id='word_1_479' title='bbox 389 4067 522 4142; x_wconf 84' lang='grc' dir='ltr'>ρίως</span> <span class='ocrx_word' id='word_1_480' title='bbox 570 4067 628 4120; x_wconf 84' lang='grc' dir='ltr'>δὲ</span> <span class='ocrx_word' id='word_1_481' title='bbox 678 4067 773 4121; x_wconf 70' lang='grc' dir='ltr'><strong>καὶ</strong></span> <span class='ocrx_word' id='word_1_482' title='bbox 818 4065 1032 4138; x_wconf 87' lang='grc' dir='ltr'>ἀληθῶς</span> <span class='ocrx_word' id='word_1_483' title='bbox 1089 4066 1216 4120; x_wconf 74' lang='grc' dir='ltr'>ὄντα</span> <span class='ocrx_word' id='word_1_484' title='bbox 1267 4067 1458 4136; x_wconf 86' lang='grc' dir='ltr'>Λόγον.</span> <span class='ocrx_word' id='word_1_485' title='bbox 1504 4067 1952 4137; x_wconf 86' lang='grc' dir='ltr'>Ἑπισημαίνεται</span> 
     </span>
    </p>
   </div>
   <div class='ocr_carea' id='block_1_66' title="bbox 389 4167 1951 4242">
    <p class='ocr_par' dir='ltr' id='par_1_66' title="bbox 389 4167 1951 4242">
     <span class='ocr_line' id='line_1_66' title="bbox 389 4167 1951 4242; baseline -0.001 -20"><span class='ocrx_word' id='word_1_486' title='bbox 389 4169 541 4239; x_wconf 79' lang='grc' dir='ltr'>γοῦν,</span> <span class='ocrx_word' id='word_1_487' title='bbox 568 4171 649 4222; x_wconf 82' lang='grc' dir='ltr'>ὅτι</span> <span class='ocrx_word' id='word_1_488' title='bbox 681 4169 756 4241; x_wconf 86' lang='grc' dir='ltr'>μὴ</span> <span class='ocrx_word' id='word_1_489' title='bbox 779 4168 1232 4242; x_wconf 83' lang='grc' dir='ltr'>καταχρηστικῶς</span> <span class='ocrx_word' id='word_1_490' title='bbox 1258 4168 1434 4238; x_wconf 89' lang='grc' dir='ltr'>λόγον,</span> <span class='ocrx_word' id='word_1_491' title='bbox 1463 4168 1598 4224; x_wconf 84' lang='grc' dir='ltr'>ἀλλὰ</span> <span class='ocrx_word' id='word_1_492' title='bbox 1625 4168 1829 4242; x_wconf 88' lang='grc' dir='ltr'>κυρίως</span> <span class='ocrx_word' id='word_1_493' title='bbox 1858 4167 1951 4221; x_wconf 74' lang='grc' dir='ltr'>καὶ</span> 
     </span>
    </p>
   </div>
   <div class='ocr_carea' id='block_1_67' title="bbox 391 4269 1940 4342">
    <p class='ocr_par' dir='ltr' id='par_1_67' title="bbox 391 4269 1940 4342">
     <span class='ocr_line' id='line_1_67' title="bbox 391 4269 1940 4342; baseline -0.001 -16"><span class='ocrx_word' id='word_1_494' title='bbox 391 4272 603 4342; x_wconf 84' lang='grc' dir='ltr'>ἀληθῶς</span> <span class='ocrx_word' id='word_1_495' title='bbox 625 4272 753 4324; x_wconf 74' lang='grc' dir='ltr'>ὄντα</span> <span class='ocrx_word' id='word_1_496' title='bbox 777 4270 968 4340; x_wconf 90' lang='grc' dir='ltr'>Λόγον,</span> <span class='ocrx_word' id='word_1_497' title='bbox 1000 4271 1094 4324; x_wconf 72' lang='grc' dir='ltr'>καὶ</span> <span class='ocrx_word' id='word_1_498' title='bbox 1126 4270 1290 4342; x_wconf 87' lang='grc' dir='ltr'>μηδὲν</span> <span class='ocrx_word' id='word_1_499' title='bbox 1325 4269 1510 4340; x_wconf 80' lang='grc' dir='ltr'>ἓτερον</span> <span class='ocrx_word' id='word_1_500' title='bbox 1534 4269 1566 4342; x_wconf 84' lang='grc' dir='ltr'>ἢ</span> <span class='ocrx_word' id='word_1_501' title='bbox 1589 4269 1778 4338; x_wconf 84' lang='grc' dir='ltr'>Λόγον.</span> <span class='ocrx_word' id='word_1_502' title='bbox 1807 4269 1940 4340; x_wconf 77' lang='grc'><strong>(14).</strong></span> 
     </span>
    </p>
   </div>
   <div class='ocr_carea' id='block_1_68' title="bbox 391 4363 1952 4443">
    <p class='ocr_par' dir='ltr' id='par_1_68' title="bbox 391 4363 1952 4443">
     <span class='ocr_line' id='line_1_68' title="bbox 391 4363 1952 4443; baseline 0.001 -19"><span class='ocrx_word' id='word_1_503' title='bbox 391 4371 457 4424; x_wconf 85' lang='lat' dir='ltr'><strong>El</strong></span> <span class='ocrx_word' id='word_1_504' title='bbox 508 4370 564 4423; x_wconf 80' lang='grc' dir='ltr'>δὲ</span> <span class='ocrx_word' id='word_1_505' title='bbox 594 4371 754 4441; x_wconf 76' lang='grc' dir='ltr'>μηδὲν</span> <span class='ocrx_word' id='word_1_506' title='bbox 785 4371 990 4443; x_wconf 74' lang='grc' dir='ltr'>ἕτερον,</span> <span class='ocrx_word' id='word_1_507' title='bbox 1027 4370 1206 4440; x_wconf 75' lang='grc' dir='ltr'>δῆλον,</span> <span class='ocrx_word' id='word_1_508' title='bbox 1230 4371 1304 4434; x_wconf 83' lang='grc' dir='ltr'>ὡς</span> <span class='ocrx_word' id='word_1_509' title='bbox 1338 4370 1456 4424; x_wconf 77' lang='grc' dir='ltr'>οὐδὲ</span> <span class='ocrx_word' id='word_1_510' title='bbox 1479 4371 1604 4434; x_wconf 80' lang='grc' dir='ltr'>Υἱὸς</span> <span class='ocrx_word' id='word_1_511' title='bbox 1635 4367 1703 4442; x_wconf 80' lang='grc' dir='ltr'>ἦν</span> <span class='ocrx_word' id='word_1_512' title='bbox 1748 4363 1952 4443; x_wconf 79' lang='grc' dir='ltr'>κυρίως</span> 
     </span>
    </p>
   </div>
   <div class='ocr_carea' id='block_1_69' title="bbox 393 4468 1955 4542">
    <p class='ocr_par' dir='ltr' id='par_1_69' title="bbox 393 4468 1955 4542">
     <span class='ocr_line' id='line_1_69' title="bbox 393 4468 1955 4542; baseline 0.003 -23"><span class='ocrx_word' id='word_1_513' title='bbox 393 4468 488 4521; x_wconf 74' lang='grc' dir='ltr'>καὶ</span> <span class='ocrx_word' id='word_1_514' title='bbox 513 4470 746 4541; x_wconf 85' lang='grc' dir='ltr'>ἀληθῶς,</span> <span class='ocrx_word' id='word_1_515' title='bbox 778 4470 936 4542; x_wconf 82' lang='grc' dir='ltr'>μέχρι</span> <span class='ocrx_word' id='word_1_516' title='bbox 971 4469 1025 4522; x_wconf 87' lang='grc' dir='ltr'><strong>δέ</strong></span> <span class='ocrx_word' id='word_1_517' title='bbox 1057 4471 1238 4542; x_wconf 79' lang='grc' dir='ltr'>φωνῆς</span> <span class='ocrx_word' id='word_1_518' title='bbox 1271 4468 1362 4522; x_wconf 71' lang='grc' dir='ltr'>καὶ</span> <span class='ocrx_word' id='word_1_519' title='bbox 1390 4468 1648 4540; x_wconf 83' lang='grc' dir='ltr'>ὀνόματος</span> <span class='ocrx_word' id='word_1_520' title='bbox 1683 4487 1955 4542; x_wconf 83' lang='grc' dir='ltr'>καταχρη-</span> 
     </span>
    </p>
   </div>
   <div class='ocr_carea' id='block_1_70' title="bbox 396 4567 1954 4644">
    <p class='ocr_par' dir='ltr' id='par_1_70' title="bbox 396 4567 1954 4644">
     <span class='ocr_line' id='line_1_70' title="bbox 396 4567 1954 4644; baseline 0 -18"><span class='ocrx_word' id='word_1_521' title='bbox 396 4573 596 4636; x_wconf 83' lang='grc' dir='ltr'>στικῶς</span> <span class='ocrx_word' id='word_1_522' title='bbox 627 4573 1028 4644; x_wconf 86' lang='grc' dir='ltr'>ὠνομασμένος.</span> <span class='ocrx_word' id='word_1_523' title='bbox 1069 4573 1166 4624; x_wconf 86' lang='grc' dir='ltr'><strong>’Ἐν</strong></span> <span class='ocrx_word' id='word_1_524' title='bbox 1187 4589 1245 4624; x_wconf 87' lang='grc' dir='ltr'><strong>τε</strong></span> <span class='ocrx_word' id='word_1_525' title='bbox 1280 4567 1418 4623; x_wconf 81' lang='grc' dir='ltr'>εἶναι</span> <span class='ocrx_word' id='word_1_526' title='bbox 1448 4571 1619 4640; x_wconf 82' lang='grc' dir='ltr'>λέγων</span> <span class='ocrx_word' id='word_1_527' title='bbox 1643 4573 1737 4626; x_wconf 73' lang='grc' dir='ltr'>καὶ</span> <span class='ocrx_word' id='word_1_528' title='bbox 1761 4574 1954 4627; x_wconf 80' lang='grc' dir='ltr'>ταύτὸν</span> 
     </span>
    </p>
   </div>
   <div class='ocr_carea' id='block_1_71' title="bbox 394 4667 1956 4743">
    <p class='ocr_par' dir='ltr' id='par_1_71' title="bbox 394 4667 1956 4743">
     <span class='ocr_line' id='line_1_71' title="bbox 394 4667 1956 4743; baseline 0.001 -21"><span class='ocrx_word' id='word_1_529' title='bbox 394 4669 478 4741; x_wconf 84' lang='grc' dir='ltr'>τῷ</span> <span class='ocrx_word' id='word_1_530' title='bbox 511 4670 628 4742; x_wconf 85' lang='grc' dir='ltr'><strong>Θεῷ</strong></span> <span class='ocrx_word' id='word_1_531' title='bbox 674 4671 764 4724; x_wconf 90' lang='grc' dir='ltr'><strong>τὸν</strong></span> <span class='ocrx_word' id='word_1_532' title='bbox 811 4671 1003 4740; x_wconf 84' lang='grc' dir='ltr'>Λόγον,</span> <span class='ocrx_word' id='word_1_533' title='bbox 1053 4668 1142 4722; x_wconf 91' lang='grc' dir='ltr'><strong>τὸν</strong></span> <span class='ocrx_word' id='word_1_534' title='bbox 1185 4667 1554 4739; x_wconf 87' lang='grc' dir='ltr'>σαρκωθέντα,</span> <span class='ocrx_word' id='word_1_535' title='bbox 1599 4669 1694 4723; x_wconf 75' lang='grc' dir='ltr'>καὶ</span> <span class='ocrx_word' id='word_1_536' title='bbox 1748 4669 1812 4723; x_wconf 90' lang='grc' dir='ltr'><strong>ἐκ</strong></span> <span class='ocrx_word' id='word_1_537' title='bbox 1859 4673 1956 4743; x_wconf 80' lang='grc' dir='ltr'>τῆς</span> 
     </span>
    </p>
   </div>
   <div class='ocr_carea' id='block_1_72' title="bbox 383 4768 1965 4848">
    <p class='ocr_par' dir='ltr' id='par_1_72' title="bbox 383 4768 1965 4848">
     <span class='ocr_line' id='line_1_72' title="bbox 383 4768 1965 4848; baseline -0.004 -18"><span class='ocrx_word' id='word_1_538' title='bbox 383 4775 671 4848; x_wconf 76' lang='grc' dir='ltr'>,Παρθένου</span> <span class='ocrx_word' id='word_1_539' title='bbox 693 4772 971 4844; x_wconf 80' lang='grc' dir='ltr'>τεχθέντα,</span> <span class='ocrx_word' id='word_1_540' title='bbox 1001 4771 1132 4824; x_wconf 86' lang='grc' dir='ltr'>Θεὸν</span> <span class='ocrx_word' id='word_1_541' title='bbox 1171 4769 1330 4822; x_wconf 82' lang='grc' dir='ltr'>αὐτὸν</span> <span class='ocrx_word' id='word_1_542' title='bbox 1359 4768 1656 4840; x_wconf 83' lang='grc' dir='ltr'>ἀπέφηνεν.</span> <span class='ocrx_word' id='word_1_543' title='bbox 1685 4771 1750 4822; x_wconf 91' lang='grc' dir='ltr'><em>Ὃ</em></span> <span class='ocrx_word' id='word_1_544' title='bbox 1771 4768 1834 4841; x_wconf 85' lang='grc' dir='ltr'>δὴ</span> <span class='ocrx_word' id='word_1_545' title='bbox 1863 4771 1965 4824; x_wconf 84' lang='grc' dir='ltr'>πά-</span> 
     </span>
    </p>
   </div>
   <div class='ocr_carea' id='block_1_73' title="bbox 394 4869 1966 4952">
    <p class='ocr_par' dir='ltr' id='par_1_73' title="bbox 394 4869 1966 4952">
     <span class='ocr_line' id='line_1_73' title="bbox 394 4869 1966 4952; baseline -0.006 -19"><span class='ocrx_word' id='word_1_546' title='bbox 394 4878 483 4933; x_wconf 89' lang='grc' dir='ltr'><strong>λαι</strong></span> <span class='ocrx_word' id='word_1_547' title='bbox 514 4881 606 4934; x_wconf 72' lang='grc' dir='ltr'><strong>καὶ</strong></span> <span class='ocrx_word' id='word_1_548' title='bbox 630 4875 904 4952; x_wconf 82' lang='grc' dir='ltr'>πρόπαλαι</span> <span class='ocrx_word' id='word_1_549' title='bbox 936 4874 1025 4928; x_wconf 89' lang='grc' dir='ltr'><strong>τὸν</strong></span> <span class='ocrx_word' id='word_1_550' title='bbox 1051 4871 1337 4928; x_wconf 55' lang='grc' dir='ltr'>Σδαὸέλλιον</span> <span class='ocrx_word' id='word_1_551' title='bbox 1371 4869 1740 4944; x_wconf 82' lang='grc' dir='ltr'>φθεγξάμενον</span> <span class='ocrx_word' id='word_1_552' title='bbox 1772 4871 1966 4924; x_wconf 82' lang='grc' dir='ltr'>ἀπεδο-</span> 
     </span>
    </p>
   </div>
   <div class='ocr_carea' id='block_1_74' title="bbox 473 5059 1139 5133">
    <p class='ocr_par' dir='ltr' id='par_1_74' title="bbox 473 5059 1139 5133">
     <span class='ocr_line' id='line_1_74' title="bbox 473 5059 1139 5133; baseline -0.005 -14"><span class='ocrx_word' id='word_1_553' title='bbox 473 5073 532 5130; x_wconf 80' lang='grc' dir='ltr'><strong>›Ῑ‹</strong></span> <span class='ocrx_word' id='word_1_554' title='bbox 559 5065 654 5119; x_wconf 88' lang='lat' dir='ltr'><strong>Ed.</strong></span> <span class='ocrx_word' id='word_1_555' title='bbox 686 5063 864 5120; x_wconf 88' lang='lat' dir='ltr'><strong>Paris.</strong></span> <span class='ocrx_word' id='word_1_556' title='bbox 895 5076 1021 5133; x_wconf 77' lang='lat' dir='ltr'><strong>pag.</strong></span> <span class='ocrx_word' id='word_1_557' title='bbox 1051 5059 1139 5116; x_wconf 89' lang='lat'><strong>6|.</strong></span> 
     </span>
    </p>
   </div>
   <div class='ocr_carea' id='block_1_75' title="bbox 469 5254 1958 5328">
    <p class='ocr_par' dir='ltr' id='par_1_75' title="bbox 469 5254 1958 5328">
     <span class='ocr_line' id='line_1_75' title="bbox 469 5254 1958 5328; baseline -0.001 -18"><span class='ocrx_word' id='word_1_558' title='bbox 469 5256 579 5328; x_wconf 87' lang='lat' dir='ltr'><strong>(ll)</strong></span> <span class='ocrx_word' id='word_1_559' title='bbox 624 5255 730 5328; x_wconf 81' lang='grc' dir='ltr'><strong>Τοῦ</strong></span> <span class='ocrx_word' id='word_1_560' title='bbox 766 5256 900 5311; x_wconf 80' lang='grc' dir='ltr'>Υίοῦ</span> <span class='ocrx_word' id='word_1_561' title='bbox 931 5257 1332 5328; x_wconf 71' lang='grc' dir='ltr'>λειτουργούς.</span> <span class='ocrx_word' id='word_1_562' title='bbox 1387 5255 1656 5328; x_wconf 81' lang='lat' dir='ltr'><strong>Nusquam</strong></span> <span class='ocrx_word' id='word_1_563' title='bbox 1711 5254 1958 5328; x_wconf 65' lang='lat' dir='ltr'><strong>alibiita</strong></span> 
     </span>
    </p>
   </div>
   <div class='ocr_carea' id='block_1_76' title="bbox 403 5326 1957 5407">
    <p class='ocr_par' dir='ltr' id='par_1_76' title="bbox 403 5326 1957 5407">
     <span class='ocr_line' id='line_1_76' title="bbox 403 5326 1957 5407; baseline -0.001 -25"><span class='ocrx_word' id='word_1_564' title='bbox 403 5326 642 5407; x_wconf 66' lang='lat' dir='ltr'><strong>loquitur</strong></span> <span class='ocrx_word' id='word_1_565' title='bbox 674 5327 969 5407; x_wconf 56' lang='lat' dir='ltr'><strong>Eusebius:</strong></span> <span class='ocrx_word' id='word_1_566' title='bbox 1015 5329 1106 5380; x_wconf 89' lang='lat' dir='ltr'><strong>sed</strong></span> <span class='ocrx_word' id='word_1_567' title='bbox 1139 5326 1295 5407; x_wconf 72' lang='grc' dir='ltr'>Θεοῦ,</span> <span class='ocrx_word' id='word_1_568' title='bbox 1328 5326 1601 5407; x_wconf 66' lang='lat' dir='ltr'><strong>quomodo</strong></span> <span class='ocrx_word' id='word_1_569' title='bbox 1629 5334 1682 5407; x_wconf 79' lang='lat' dir='ltr'><strong>et</strong></span> <span class='ocrx_word' id='word_1_570' title='bbox 1717 5326 1807 5380; x_wconf 90' lang='lat' dir='ltr'><strong>hic</strong></span> <span class='ocrx_word' id='word_1_571' title='bbox 1853 5326 1957 5407; x_wconf 69' lang='lat' dir='ltr'><strong>legi</strong></span> 
     </span>
    </p>
   </div>
   <div class='ocr_carea' id='block_1_77' title="bbox 401 5396 1960 5465">
    <p class='ocr_par' dir='ltr' id='par_1_77' title="bbox 401 5396 1960 5465">
     <span class='ocr_line' id='line_1_77' title="bbox 401 5396 1960 5465; baseline 0.001 -18"><span class='ocrx_word' id='word_1_572' title='bbox 401 5398 579 5451; x_wconf 84' lang='lat' dir='ltr'><strong>.lehet.</strong></span> <span class='ocrx_word' id='word_1_573' title='bbox 610 5397 861 5461; x_wconf 73' lang='lat' dir='ltr'><strong>lntelligit</strong></span> <span class='ocrx_word' id='word_1_574' title='bbox 889 5411 1004 5460; x_wconf 89' lang='lat' dir='ltr'><strong>eos,</strong></span> <span class='ocrx_word' id='word_1_575' title='bbox 1030 5411 1163 5465; x_wconf 84' lang='lat' dir='ltr'><strong>quos</strong></span> <span class='ocrx_word' id='word_1_576' title='bbox 1187 5398 1238 5450; x_wconf 93' lang='lat' dir='ltr'><strong>in</strong></span> <span class='ocrx_word' id='word_1_577' title='bbox 1271 5400 1443 5465; x_wconf 88' lang='lat' dir='ltr'><strong>primo</strong></span> <span class='ocrx_word' id='word_1_578' title='bbox 1467 5397 1606 5451; x_wconf 92' lang='lat' dir='ltr'><strong>libro</strong></span> <span class='ocrx_word' id='word_1_579' title='bbox 1628 5396 1693 5449; x_wconf 92' lang='lat' dir='ltr'><strong>de</strong></span> <span class='ocrx_word' id='word_1_580' title='bbox 1723 5396 1960 5465; x_wconf 84' lang='lat' dir='ltr'><strong>nomini-</strong></span> 
     </span>
    </p>
   </div>
   <div class='ocr_carea' id='block_1_78' title="bbox 399 5464 1954 5529">
    <p class='ocr_par' dir='ltr' id='par_1_78' title="bbox 399 5464 1954 5529">
     <span class='ocr_line' id='line_1_78' title="bbox 399 5464 1954 5529; baseline -0.002 -8"><span class='ocrx_word' id='word_1_581' title='bbox 399 5466 500 5522; x_wconf 87' lang='lat' dir='ltr'><strong>bus</strong></span> <span class='ocrx_word' id='word_1_582' title='bbox 522 5468 723 5521; x_wconf 81' lang='lat' dir='ltr'><strong>citavit.</strong></span> <span class='ocrx_word' id='word_1_583' title='bbox 753 5467 1042 5526; x_wconf 83' lang='lat' dir='ltr'><strong>Asterium,</strong></span> <span class='ocrx_word' id='word_1_584' title='bbox 1061 5464 1392 5529; x_wconf 85' lang='lat' dir='ltr'><strong>Narcissum,</strong></span> <span class='ocrx_word' id='word_1_585' title='bbox 1427 5467 1728 5528; x_wconf 85' lang='lat' dir='ltr'><strong>Paulinum,</strong></span> <span class='ocrx_word' id='word_1_586' title='bbox 1756 5475 1864 5519; x_wconf 90' lang='lat' dir='ltr'><strong>etc.</strong></span> <span class='ocrx_word' id='word_1_587' title='bbox 1885 5464 1954 5519; x_wconf 86' lang='lat' dir='ltr'><strong>M.</strong></span> 
     </span>
    </p>
   </div>
   <div class='ocr_carea' id='block_1_79' title="bbox 467 5534 1958 5606">
    <p class='ocr_par' dir='ltr' id='par_1_79' title="bbox 467 5534 1958 5606">
     <span class='ocr_line' id='line_1_79' title="bbox 467 5534 1958 5606; baseline -0.001 -17"><span class='ocrx_word' id='word_1_588' title='bbox 467 5537 580 5606; x_wconf 67' lang='grc' dir='ltr'><strong>(ίὲ)</strong></span> <span class='ocrx_word' id='word_1_589' title='bbox 620 5534 1443 5606; x_wconf 66' lang='grc' dir='ltr'>Ὁμογνὼμογοςδυσερημίας.</span> <span class='ocrx_word' id='word_1_590' title='bbox 1490 5539 1666 5601; x_wconf 88' lang='lat' dir='ltr'><strong>Deest,</strong></span> <span class='ocrx_word' id='word_1_591' title='bbox 1697 5536 1782 5589; x_wconf 79' lang='lat' dir='ltr'><strong>vel</strong></span> <span class='ocrx_word' id='word_1_592' title='bbox 1817 5536 1958 5600; x_wconf 79' lang='grc' dir='ltr'>τινά,</span> 
     </span>
    </p>
   </div>
   <div class='ocr_carea' id='block_1_80' title="bbox 400 5605 1962 5673">
    <p class='ocr_par' dir='ltr' id='par_1_80' title="bbox 400 5605 1962 5673">
     <span class='ocr_line' id='line_1_80' title="bbox 400 5605 1962 5673; baseline 0.003 -19"><span class='ocrx_word' id='word_1_593' title='bbox 400 5605 485 5657; x_wconf 81' lang='lat' dir='ltr'><strong>vel</strong></span> <span class='ocrx_word' id='word_1_594' title='bbox 531 5605 814 5658; x_wconf 80' lang='grc' dir='ltr'>Σαὸέλλιον</span> <span class='ocrx_word' id='word_1_595' title='bbox 858 5608 924 5658; x_wconf 76' lang='lat' dir='ltr'><strong>(le</strong></span> <span class='ocrx_word' id='word_1_596' title='bbox 979 5605 1191 5658; x_wconf 86' lang='lat' dir='ltr'><strong>nomine</strong></span> <span class='ocrx_word' id='word_1_597' title='bbox 1242 5607 1637 5673; x_wconf 82' lang='lat' dir='ltr'><strong>compellatum.</strong></span> <span class='ocrx_word' id='word_1_598' title='bbox 1670 5606 1802 5660; x_wconf 84' lang='lat' dir='ltr'><strong>Nam</strong></span> <span class='ocrx_word' id='word_1_599' title='bbox 1864 5607 1962 5660; x_wconf 84' lang='grc' dir='ltr'><strong>αὐ-</strong></span> 
     </span>
    </p>
   </div>
   <div class='ocr_carea' id='block_1_81' title="bbox 397 5674 1966 5747">
    <p class='ocr_par' dir='ltr' id='par_1_81' title="bbox 397 5674 1966 5747">
     <span class='ocr_line' id='line_1_81' title="bbox 397 5674 1966 5747; baseline 0 -18"><span class='ocrx_word' id='word_1_600' title='bbox 397 5674 490 5730; x_wconf 86' lang='grc' dir='ltr'><strong>τόν</strong></span> <span class='ocrx_word' id='word_1_601' title='bbox 521 5680 585 5729; x_wconf 88' lang='lat' dir='ltr'><strong>ad</strong></span> <span class='ocrx_word' id='word_1_602' title='bbox 611 5675 1161 5747; x_wconf 57' lang='grc' dir='ltr'><strong>Μιιηιοιιιιηιι’ρίιιτο.Δ</strong></span> <span class='ocrx_word' id='word_1_603' title='bbox 1183 5674 1308 5729; x_wconf 91' lang='lat' dir='ltr'><strong>Vult</strong></span> <span class='ocrx_word' id='word_1_604' title='bbox 1331 5685 1385 5727; x_wconf 86' lang='lat' dir='ltr'><strong>et</strong></span> <span class='ocrx_word' id='word_1_605' title='bbox 1405 5677 1676 5747; x_wconf 82' lang='lat' dir='ltr'><strong>stupidum</strong></span> <span class='ocrx_word' id='word_1_606' title='bbox 1709 5686 1762 5731; x_wconf 92' lang='lat' dir='ltr'><strong>et</strong></span> <span class='ocrx_word' id='word_1_607' title='bbox 1791 5678 1966 5747; x_wconf 85' lang='lat' dir='ltr'><strong>impu-</strong></span> 
     </span>
    </p>
   </div>
   <div class='ocr_carea' id='block_1_82' title="bbox 401 5743 1966 5816">
    <p class='ocr_par' dir='ltr' id='par_1_82' title="bbox 401 5743 1966 5816">
     <span class='ocr_line' id='line_1_82' title="bbox 401 5743 1966 5816; baseline 0.003 -18"><span class='ocrx_word' id='word_1_608' title='bbox 401 5748 616 5800; x_wconf 86' lang='lat' dir='ltr'><strong>dentem</strong></span> <span class='ocrx_word' id='word_1_609' title='bbox 655 5761 774 5800; x_wconf 89' lang='lat' dir='ltr'><strong>esse</strong></span> <span class='ocrx_word' id='word_1_610' title='bbox 801 5746 942 5816; x_wconf 79' lang='lat' dir='ltr'><strong>quod</strong></span> <span class='ocrx_word' id='word_1_611' title='bbox 964 5743 1256 5816; x_wconf 72' lang='lat' dir='ltr'><strong>§abellium</strong></span> <span class='ocrx_word' id='word_1_612' title='bbox 1299 5745 1679 5816; x_wconf 61' lang='lat' dir='ltr'><strong>reprehendat,</strong></span> <span class='ocrx_word' id='word_1_613' title='bbox 1711 5762 1832 5816; x_wconf 76' lang='lat' dir='ltr'><strong>cum</strong></span> <span class='ocrx_word' id='word_1_614' title='bbox 1859 5743 1966 5816; x_wconf 65' lang='lat' dir='ltr'><strong>{tuo</strong></span> 
     </span>
    </p>
   </div>
   <div class='ocr_carea' id='block_1_83' title="bbox 403 5813 1966 5890">
    <p class='ocr_par' dir='ltr' id='par_1_83' title="bbox 403 5813 1966 5890">
     <span class='ocr_line' id='line_1_83' title="bbox 403 5813 1966 5890; baseline -0.01 -16"><span class='ocrx_word' id='word_1_615' title='bbox 403 5814 1128 5885; x_wconf 75' lang='lat' dir='ltr'><strong>consetttiebat.M.--Supra</strong></span> <span class='ocrx_word' id='word_1_616' title='bbox 1145 5814 1302 5886; x_wconf 79' lang='lat' dir='ltr'><strong>vulgo</strong></span> <span class='ocrx_word' id='word_1_617' title='bbox 1319 5813 1504 5869; x_wconf 81' lang='grc' dir='ltr'>τοῦτον</span> <span class='ocrx_word' id='word_1_618' title='bbox 1521 5831 1538 5884; x_wconf 82' lang='grc'>;</span> <span class='ocrx_word' id='word_1_619' title='bbox 1557 5815 1679 5873; x_wconf 89' lang='lat' dir='ltr'><strong>dein</strong></span> <span class='ocrx_word' id='word_1_620' title='bbox 1707 5815 1814 5890; x_wconf 83' lang='lat' dir='ltr'><strong>Mp,</strong></span> <span class='ocrx_word' id='word_1_621' title='bbox 1845 5813 1966 5884; x_wconf 55' lang='grc' dir='ltr'>σογ.</span> 
     </span>
    </p>
   </div>
   <div class='ocr_carea' id='block_1_84' title="bbox 2058 2956 3627 3028">
    <p class='ocr_par' dir='ltr' id='par_1_84' title="bbox 2058 2956 3627 3028">
     <span class='ocr_line' id='line_1_84' title="bbox 2058 2956 3627 3028; baseline -0.002 -15"><span class='ocrx_word' id='word_1_622' title='bbox 2058 2957 2125 3013; x_wconf 87' lang='lat' dir='ltr'><strong>ab</strong></span> <span class='ocrx_word' id='word_1_623' title='bbox 2160 2958 2327 3028; x_wconf 86' lang='lat' dir='ltr'><strong>ipsius</strong></span> <span class='ocrx_word' id='word_1_624' title='bbox 2354 2959 2731 3014; x_wconf 86' lang='lat' dir='ltr'><strong>communione</strong></span> <span class='ocrx_word' id='word_1_625' title='bbox 2763 2965 2889 3014; x_wconf 90' lang='lat' dir='ltr'><strong>sunt</strong></span> <span class='ocrx_word' id='word_1_626' title='bbox 2918 2959 3103 3024; x_wconf 89' lang='lat' dir='ltr'><strong>alieni,</strong></span> <span class='ocrx_word' id='word_1_627' title='bbox 3130 2975 3234 3012; x_wconf 90' lang='lat' dir='ltr'><strong>non</strong></span> <span class='ocrx_word' id='word_1_628' title='bbox 3264 2967 3440 3012; x_wconf 88' lang='lat' dir='ltr'><strong>tamen</strong></span> <span class='ocrx_word' id='word_1_629' title='bbox 3467 2956 3627 3011; x_wconf 89' lang='lat' dir='ltr'><strong>venia</strong></span> 
     </span>
    </p>
   </div>
   <div class='ocr_carea' id='block_1_85' title="bbox 2056 3048 3628 3129">
    <p class='ocr_par' dir='ltr' id='par_1_85' title="bbox 2056 3048 3628 3129">
     <span class='ocr_line' id='line_1_85' title="bbox 2056 3048 3628 3129; baseline -0.001 -25"><span class='ocrx_word' id='word_1_630' title='bbox 2056 3060 2206 3105; x_wconf 91' lang='lat' dir='ltr'><strong>caret</strong></span> <span class='ocrx_word' id='word_1_631' title='bbox 2253 3059 2308 3105; x_wconf 90' lang='lat' dir='ltr'><strong>et</strong></span> <span class='ocrx_word' id='word_1_632' title='bbox 2347 3050 2699 3106; x_wconf 81' lang='lat' dir='ltr'><strong>excusatione</strong></span> <span class='ocrx_word' id='word_1_633' title='bbox 2733 3069 2746 3106; x_wconf 90' lang='lat'><strong>:</strong></span> <span class='ocrx_word' id='word_1_634' title='bbox 2785 3067 2889 3107; x_wconf 91' lang='lat' dir='ltr'><strong>non</strong></span> <span class='ocrx_word' id='word_1_635' title='bbox 2923 3052 3181 3117; x_wconf 86' lang='lat' dir='ltr'><strong>absurda,</strong></span> <span class='ocrx_word' id='word_1_636' title='bbox 3216 3065 3336 3105; x_wconf 89' lang='lat' dir='ltr'><strong>cum</strong></span> <span class='ocrx_word' id='word_1_637' title='bbox 3371 3065 3491 3118; x_wconf 64' lang='lat' dir='ltr'><strong>quae</strong></span> <span class='ocrx_word' id='word_1_638' title='bbox 3525 3048 3628 3129; x_wconf 79' lang='lat' dir='ltr'><strong>mi-</strong></span> 
     </span>
    </p>
   </div>
   <div class='ocr_carea' id='block_1_86' title="bbox 2060 3140 3628 3218">
    <p class='ocr_par' dir='ltr' id='par_1_86' title="bbox 2060 3140 3628 3218">
     <span class='ocr_line' id='line_1_86' title="bbox 2060 3140 3628 3218; baseline -0.001 -21"><span class='ocrx_word' id='word_1_639' title='bbox 2060 3143 2207 3218; x_wconf 90' lang='lat' dir='ltr'><strong>nime</strong></span> <span class='ocrx_word' id='word_1_640' title='bbox 2233 3143 2446 3213; x_wconf 88' lang='lat' dir='ltr'><strong>probet,</strong></span> <span class='ocrx_word' id='word_1_641' title='bbox 2481 3157 2543 3197; x_wconf 89' lang='lat' dir='ltr'><strong>ea</strong></span> <span class='ocrx_word' id='word_1_642' title='bbox 2572 3142 2930 3212; x_wconf 86' lang='lat' dir='ltr'><strong>vituperanda</strong></span> <span class='ocrx_word' id='word_1_643' title='bbox 2957 3142 3058 3197; x_wconf 84' lang='lat' dir='ltr'><strong>sibi</strong></span> <span class='ocrx_word' id='word_1_644' title='bbox 3090 3150 3332 3198; x_wconf 87' lang='lat' dir='ltr'><strong>censeat.</strong></span> <span class='ocrx_word' id='word_1_645' title='bbox 3367 3144 3436 3200; x_wconf 83' lang='lat' dir='ltr'><strong>At</strong></span> <span class='ocrx_word' id='word_1_646' title='bbox 3477 3140 3628 3196; x_wconf 81' lang='lat' dir='ltr'><strong>illum</strong></span> 
     </span>
    </p>
   </div>
   <div class='ocr_carea' id='block_1_87' title="bbox 2055 3231 3622 3302">
    <p class='ocr_par' dir='ltr' id='par_1_87' title="bbox 2055 3231 3622 3302">
     <span class='ocr_line' id='line_1_87' title="bbox 2055 3231 3622 3302; baseline 0.001 -16"><span class='ocrx_word' id='word_1_647' title='bbox 2055 3233 2190 3289; x_wconf 87' lang='lat' dir='ltr'><strong>velle</strong></span> <span class='ocrx_word' id='word_1_648' title='bbox 2221 3234 2487 3290; x_wconf 89' lang='lat' dir='ltr'><strong>mulctare</strong></span> <span class='ocrx_word' id='word_1_649' title='bbox 2522 3233 2681 3298; x_wconf 90' lang='lat' dir='ltr'><strong>male,</strong></span> <span class='ocrx_word' id='word_1_650' title='bbox 2713 3234 2790 3288; x_wconf 89' lang='lat' dir='ltr'><strong>sic</strong></span> <span class='ocrx_word' id='word_1_651' title='bbox 2817 3241 2876 3286; x_wconf 94' lang='lat' dir='ltr'><strong>ut</strong></span> <span class='ocrx_word' id='word_1_652' title='bbox 2901 3242 3082 3302; x_wconf 91' lang='lat' dir='ltr'><strong>speret</strong></span> <span class='ocrx_word' id='word_1_653' title='bbox 3111 3247 3170 3288; x_wconf 91' lang='lat' dir='ltr'><strong>se</strong></span> <span class='ocrx_word' id='word_1_654' title='bbox 3198 3233 3499 3297; x_wconf 89' lang='lat' dir='ltr'><strong>latiturum,</strong></span> <span class='ocrx_word' id='word_1_655' title='bbox 3523 3231 3622 3302; x_wconf 84' lang='lat' dir='ltr'><strong>qui</strong></span> 
     </span>
    </p>
   </div>
   <div class='ocr_carea' id='block_1_88' title="bbox 2054 3322 3630 3393">
    <p class='ocr_par' dir='ltr' id='par_1_88' title="bbox 2054 3322 3630 3393">
     <span class='ocr_line' id='line_1_88' title="bbox 2054 3322 3630 3393; baseline -0.001 -14"><span class='ocrx_word' id='word_1_656' title='bbox 2054 3324 2300 3380; x_wconf 88' lang='lat' dir='ltr'><strong>eamdem</strong></span> <span class='ocrx_word' id='word_1_657' title='bbox 2340 3323 2562 3393; x_wconf 90' lang='lat' dir='ltr'><strong>impiam</strong></span> <span class='ocrx_word' id='word_1_658' title='bbox 2613 3337 2797 3379; x_wconf 90' lang='lat' dir='ltr'><strong>secum</strong></span> <span class='ocrx_word' id='word_1_659' title='bbox 2830 3324 3008 3378; x_wconf 80' lang='lat' dir='ltr'><strong>foveat</strong></span> <span class='ocrx_word' id='word_1_660' title='bbox 3045 3323 3359 3391; x_wconf 89' lang='lat' dir='ltr'><strong>opinionem</strong></span> <span class='ocrx_word' id='word_1_661' title='bbox 3384 3361 3404 3385; x_wconf 48' lang='grc'><strong>,,</strong></span> <span class='ocrx_word' id='word_1_662' title='bbox 3450 3322 3630 3392; x_wconf 83' lang='lat' dir='ltr'><strong>impu-</strong></span> 
     </span>
    </p>
   </div>
   <div class='ocr_carea' id='block_1_89' title="bbox 2056 3411 3630 3481">
    <p class='ocr_par' dir='ltr' id='par_1_89' title="bbox 2056 3411 3630 3481">
     <span class='ocr_line' id='line_1_89' title="bbox 2056 3411 3630 3481; baseline -0.003 -11"><span class='ocrx_word' id='word_1_663' title='bbox 2056 3415 2252 3470; x_wconf 65' lang='lat' dir='ltr'><strong>dentiae</strong></span> <span class='ocrx_word' id='word_1_664' title='bbox 2286 3415 2565 3480; x_wconf 86' lang='lat' dir='ltr'><strong>cujusdam</strong></span> <span class='ocrx_word' id='word_1_665' title='bbox 2609 3413 2962 3468; x_wconf 80' lang='lat' dir='ltr'><strong>intolerandae</strong></span> <span class='ocrx_word' id='word_1_666' title='bbox 2982 3453 2996 3478; x_wconf 91' lang='lat'><strong>,</strong></span> <span class='ocrx_word' id='word_1_667' title='bbox 3020 3422 3075 3467; x_wconf 90' lang='lat' dir='ltr'><strong>et</strong></span> <span class='ocrx_word' id='word_1_668' title='bbox 3102 3411 3299 3467; x_wconf 76' lang='lat' dir='ltr'><strong>frontis</strong></span> <span class='ocrx_word' id='word_1_669' title='bbox 3326 3411 3630 3481; x_wconf 47' lang='lat' dir='ltr'><strong>perfrictis?</strong></span> 
     </span>
    </p>
   </div>
   <div class='ocr_carea' id='block_1_90' title="bbox 2054 3502 3629 3572">
    <p class='ocr_par' dir='ltr' id='par_1_90' title="bbox 2054 3502 3629 3572">
     <span class='ocr_line' id='line_1_90' title="bbox 2054 3502 3629 3572; baseline -0.004 -11"><span class='ocrx_word' id='word_1_670' title='bbox 2054 3508 2203 3561; x_wconf 69' lang='lat' dir='ltr'><strong>simae</strong></span> <span class='ocrx_word' id='word_1_671' title='bbox 2231 3506 2446 3560; x_wconf 89' lang='lat' dir='ltr'><strong>videtur</strong></span> <span class='ocrx_word' id='word_1_672' title='bbox 2479 3519 2620 3568; x_wconf 87' lang='lat' dir='ltr'><strong>esse,</strong></span> <span class='ocrx_word' id='word_1_673' title='bbox 2652 3519 2750 3559; x_wconf 91' lang='lat' dir='ltr'><strong>nec</strong></span> <span class='ocrx_word' id='word_1_674' title='bbox 2775 3504 2994 3572; x_wconf 89' lang='lat' dir='ltr'><strong>injuria.</strong></span> <span class='ocrx_word' id='word_1_675' title='bbox 3027 3502 3149 3557; x_wconf 58' lang='lat' dir='ltr'><strong>Haec</strong></span> <span class='ocrx_word' id='word_1_676' title='bbox 3195 3512 3375 3556; x_wconf 88' lang='lat' dir='ltr'><strong>autem</strong></span> <span class='ocrx_word' id='word_1_677' title='bbox 3421 3516 3482 3557; x_wconf 88' lang='lat' dir='ltr'><strong>se</strong></span> <span class='ocrx_word' id='word_1_678' title='bbox 3529 3502 3629 3556; x_wconf 89' lang='lat' dir='ltr'><strong>ha-</strong></span> 
     </span>
    </p>
   </div>
   <div class='ocr_carea' id='block_1_91' title="bbox 2052 3593 3631 3664">
    <p class='ocr_par' dir='ltr' id='par_1_91' title="bbox 2052 3593 3631 3664">
     <span class='ocr_line' id='line_1_91' title="bbox 2052 3593 3631 3664; baseline -0.003 -14"><span class='ocrx_word' id='word_1_679' title='bbox 2052 3596 2179 3651; x_wconf 88' lang='lat' dir='ltr'><strong>bere</strong></span> <span class='ocrx_word' id='word_1_680' title='bbox 2210 3596 2277 3650; x_wconf 88' lang='lat' dir='ltr'><strong>ad</strong></span> <span class='ocrx_word' id='word_1_681' title='bbox 2314 3596 2459 3651; x_wconf 89' lang='lat' dir='ltr'><strong>hunc</strong></span> <span class='ocrx_word' id='word_1_682' title='bbox 2506 3595 2723 3650; x_wconf 89' lang='lat' dir='ltr'><strong>modum</strong></span> <span class='ocrx_word' id='word_1_683' title='bbox 2767 3603 2942 3664; x_wconf 89' lang='lat' dir='ltr'><strong>patet,</strong></span> <span class='ocrx_word' id='word_1_684' title='bbox 2975 3608 3150 3662; x_wconf 91' lang='lat' dir='ltr'><strong>neque</strong></span> <span class='ocrx_word' id='word_1_685' title='bbox 3177 3593 3316 3648; x_wconf 87' lang='lat' dir='ltr'><strong>falso</strong></span> <span class='ocrx_word' id='word_1_686' title='bbox 3344 3607 3374 3646; x_wconf 88' lang='lat' dir='ltr'><strong>a</strong></span> <span class='ocrx_word' id='word_1_687' title='bbox 3400 3608 3488 3647; x_wconf 92' lang='lat' dir='ltr'><strong>me</strong></span> <span class='ocrx_word' id='word_1_688' title='bbox 3537 3606 3631 3654; x_wconf 78' lang='lat' dir='ltr'><strong>ca-</strong></span> 
     </span>
    </p>
   </div>
   <div class='ocr_carea' id='block_1_92' title="bbox 2052 3683 3633 3756">
    <p class='ocr_par' dir='ltr' id='par_1_92' title="bbox 2052 3683 3633 3756">
     <span class='ocr_line' id='line_1_92' title="bbox 2052 3683 3633 3756; baseline -0.001 -17"><span class='ocrx_word' id='word_1_689' title='bbox 2052 3686 2268 3741; x_wconf 90' lang='lat' dir='ltr'><strong>lumniis</strong></span> <span class='ocrx_word' id='word_1_690' title='bbox 2293 3702 2414 3742; x_wconf 92' lang='lat' dir='ltr'><strong>eum</strong></span> <span class='ocrx_word' id='word_1_691' title='bbox 2454 3687 2803 3756; x_wconf 90' lang='lat' dir='ltr'><strong>proscissum,</strong></span> <span class='ocrx_word' id='word_1_692' title='bbox 2839 3700 2904 3740; x_wconf 92' lang='lat' dir='ltr'><strong>eo</strong></span> <span class='ocrx_word' id='word_1_693' title='bbox 2933 3687 3077 3754; x_wconf 89' lang='lat' dir='ltr'><strong>quod</strong></span> <span class='ocrx_word' id='word_1_694' title='bbox 3127 3687 3195 3740; x_wconf 92' lang='lat' dir='ltr'><strong>de</strong></span> <span class='ocrx_word' id='word_1_695' title='bbox 3229 3684 3503 3740; x_wconf 85' lang='lat' dir='ltr'><strong>sententia</strong></span> <span class='ocrx_word' id='word_1_696' title='bbox 3533 3683 3633 3738; x_wconf 87' lang='lat' dir='ltr'><strong>Sa-</strong></span> 
     </span>
    </p>
   </div>
   <div class='ocr_carea' id='block_1_93' title="bbox 2052 3775 3636 3848">
    <p class='ocr_par' dir='ltr' id='par_1_93' title="bbox 2052 3775 3636 3848">
     <span class='ocr_line' id='line_1_93' title="bbox 2052 3775 3636 3848; baseline -0.001 -15"><span class='ocrx_word' id='word_1_697' title='bbox 2052 3778 2308 3843; x_wconf 87' lang='lat' dir='ltr'><strong>belliana,</strong></span> <span class='ocrx_word' id='word_1_698' title='bbox 2327 3783 2386 3844; x_wconf 65' lang='lat'><strong>&gt;14</strong></span> <span class='ocrx_word' id='word_1_699' title='bbox 2416 3777 2585 3832; x_wconf 90' lang='lat' dir='ltr'><strong>Deum</strong></span> <span class='ocrx_word' id='word_1_700' title='bbox 2611 3775 2896 3848; x_wconf 88' lang='lat' dir='ltr'><strong>compellet</strong></span> <span class='ocrx_word' id='word_1_701' title='bbox 2920 3775 3329 3830; x_wconf 84' lang='lat' dir='ltr'><strong>Filio-Patrem.</strong></span> <span class='ocrx_word' id='word_1_702' title='bbox 3349 3777 3463 3832; x_wconf 86' lang='lat' dir='ltr'><strong>Non</strong></span> <span class='ocrx_word' id='word_1_703' title='bbox 3483 3784 3636 3832; x_wconf 91' lang='lat' dir='ltr'><strong>certe</strong></span> 
     </span>
    </p>
   </div>
   <div class='ocr_carea' id='block_1_94' title="bbox 2053 3865 3630 3935">
    <p class='ocr_par' dir='ltr' id='par_1_94' title="bbox 2053 3865 3630 3935">
     <span class='ocr_line' id='line_1_94' title="bbox 2053 3865 3630 3935; baseline 0 -12"><span class='ocrx_word' id='word_1_704' title='bbox 2053 3870 2316 3933; x_wconf 90' lang='lat' dir='ltr'><strong>disertim,</strong></span> <span class='ocrx_word' id='word_1_705' title='bbox 2341 3877 2394 3935; x_wconf 74' lang='lat' dir='ltr'><strong>et</strong></span> <span class='ocrx_word' id='word_1_706' title='bbox 2424 3868 2785 3933; x_wconf 90' lang='lat' dir='ltr'><strong>totidem,hoc</strong></span> <span class='ocrx_word' id='word_1_707' title='bbox 2806 3865 2983 3920; x_wconf 79' lang='lat' dir='ltr'><strong>fateor</strong></span> <span class='ocrx_word' id='word_1_708' title='bbox 3001 3866 3209 3931; x_wconf 88' lang='lat' dir='ltr'><strong>verbis;</strong></span> <span class='ocrx_word' id='word_1_709' title='bbox 3229 3866 3428 3921; x_wconf 88' lang='lat' dir='ltr'><strong>talibus</strong></span> <span class='ocrx_word' id='word_1_710' title='bbox 3447 3875 3630 3928; x_wconf 78' lang='lat' dir='ltr'><strong>autem</strong></span> 
     </span>
    </p>
   </div>
   <div class='ocr_carea' id='block_1_95' title="bbox 2051 3956 3632 4030">
    <p class='ocr_par' dir='ltr' id='par_1_95' title="bbox 2051 3956 3632 4030">
     <span class='ocr_line' id='line_1_95' title="bbox 2051 3956 3632 4030; baseline -0.001 -15"><span class='ocrx_word' id='word_1_711' title='bbox 2051 3961 2254 4026; x_wconf 89' lang='lat' dir='ltr'><strong>utitur,</strong></span> <span class='ocrx_word' id='word_1_712' title='bbox 2289 3974 2411 4030; x_wconf 86' lang='lat' dir='ltr'><strong>quae</strong></span> <span class='ocrx_word' id='word_1_713' title='bbox 2443 3957 2762 4028; x_wconf 79' lang='lat' dir='ltr'><strong>bypostasin</strong></span> <span class='ocrx_word' id='word_1_714' title='bbox 2811 3956 2933 4012; x_wconf 88' lang='lat' dir='ltr'><strong>Filii</strong></span> <span class='ocrx_word' id='word_1_715' title='bbox 2969 3957 3174 4012; x_wconf 88' lang='lat' dir='ltr'><strong>directe</strong></span> <span class='ocrx_word' id='word_1_716' title='bbox 3204 3957 3394 4013; x_wconf 89' lang='lat' dir='ltr'><strong>tollant</strong></span> <span class='ocrx_word' id='word_1_717' title='bbox 3425 3975 3438 4011; x_wconf 95' lang='lat'><strong>:</strong></span> <span class='ocrx_word' id='word_1_718' title='bbox 3468 3974 3632 4014; x_wconf 90' lang='lat' dir='ltr'><strong>unum</strong></span> 
     </span>
    </p>
   </div>
   <div class='ocr_carea' id='block_1_96' title="bbox 2052 4050 3634 4121">
    <p class='ocr_par' dir='ltr' id='par_1_96' title="bbox 2052 4050 3634 4121">
     <span class='ocr_line' id='line_1_96' title="bbox 2052 4050 3634 4121; baseline -0.001 -14"><span class='ocrx_word' id='word_1_719' title='bbox 2052 4052 2389 4108; x_wconf 89' lang='lat' dir='ltr'><strong>solummodo</strong></span> <span class='ocrx_word' id='word_1_720' title='bbox 2432 4051 2602 4105; x_wconf 92' lang='lat' dir='ltr'><strong>Deum</strong></span> <span class='ocrx_word' id='word_1_721' title='bbox 2653 4059 2936 4105; x_wconf 88' lang='lat' dir='ltr'><strong>statuant:</strong></span> <span class='ocrx_word' id='word_1_722' title='bbox 2963 4059 3126 4119; x_wconf 87' lang='lat' dir='ltr'><strong>atque</strong></span> <span class='ocrx_word' id='word_1_723' title='bbox 3160 4050 3308 4105; x_wconf 86' lang='lat' dir='ltr'><strong>illum</strong></span> <span class='ocrx_word' id='word_1_724' title='bbox 3345 4051 3516 4121; x_wconf 87' lang='lat' dir='ltr'><strong>ipsum</strong></span> <span class='ocrx_word' id='word_1_725' title='bbox 3550 4050 3634 4106; x_wconf 88' lang='lat' dir='ltr'><strong>sui</strong></span> 
     </span>
    </p>
   </div>
   <div class='ocr_carea' id='block_1_97' title="bbox 2052 4141 3632 4214">
    <p class='ocr_par' dir='ltr' id='par_1_97' title="bbox 2052 4141 3632 4214">
     <span class='ocr_line' id='line_1_97' title="bbox 2052 4141 3632 4214; baseline -0.001 -16"><span class='ocrx_word' id='word_1_726' title='bbox 2052 4143 2216 4213; x_wconf 91' lang='lat' dir='ltr'><strong>ipsius</strong></span> <span class='ocrx_word' id='word_1_727' title='bbox 2240 4142 2536 4214; x_wconf 75' lang='lat' dir='ltr'><strong>genitorem</strong></span> <span class='ocrx_word' id='word_1_728' title='bbox 2573 4160 2586 4196; x_wconf 88' lang='lat'><strong>:</strong></span> <span class='ocrx_word' id='word_1_729' title='bbox 2617 4149 2671 4198; x_wconf 90' lang='lat' dir='ltr'><strong>et</strong></span> <span class='ocrx_word' id='word_1_730' title='bbox 2686 4141 2880 4196; x_wconf 87' lang='lat' dir='ltr'><strong>Filium</strong></span> <span class='ocrx_word' id='word_1_731' title='bbox 2913 4141 3145 4212; x_wconf 91' lang='lat' dir='ltr'><strong>denique</strong></span> <span class='ocrx_word' id='word_1_732' title='bbox 3165 4142 3632 4213; x_wconf 82' lang='lat' dir='ltr'><strong>suietiamipsius.</strong></span> 
     </span>
    </p>
   </div>
   <div class='ocr_carea' id='block_1_98' title="bbox 1978 4224 3635 4302">
    <p class='ocr_par' dir='ltr' id='par_1_98' title="bbox 1978 4224 3635 4302">
     <span class='ocr_line' id='line_1_98' title="bbox 1978 4224 3635 4302; baseline 0 -15"><span class='ocrx_word' id='word_1_733' title='bbox 1978 4224 2027 4282; x_wconf 88' lang='lat' dir='ltr'><strong>D</strong></span> <span class='ocrx_word' id='word_1_734' title='bbox 2052 4232 2185 4289; x_wconf 90' lang='lat' dir='ltr'><strong>Dato</strong></span> <span class='ocrx_word' id='word_1_735' title='bbox 2213 4234 2355 4289; x_wconf 92' lang='lat' dir='ltr'><strong>enim</strong></span> <span class='ocrx_word' id='word_1_736' title='bbox 2377 4244 2432 4289; x_wconf 91' lang='lat' dir='ltr'><strong>et</strong></span> <span class='ocrx_word' id='word_1_737' title='bbox 2459 4233 2962 4290; x_wconf 81' lang='lat' dir='ltr'><strong>concessoVerbum</strong></span> <span class='ocrx_word' id='word_1_738' title='bbox 2989 4235 3041 4288; x_wconf 90' lang='lat' dir='ltr'><strong>in</strong></span> <span class='ocrx_word' id='word_1_739' title='bbox 3071 4235 3180 4289; x_wconf 89' lang='lat' dir='ltr'><strong>Deo</strong></span> <span class='ocrx_word' id='word_1_740' title='bbox 3208 4248 3328 4288; x_wconf 89' lang='lat' dir='ltr'><strong>esse</strong></span> <span class='ocrx_word' id='word_1_741' title='bbox 3354 4275 3369 4300; x_wconf 92' lang='lat'><strong>,</strong></span> <span class='ocrx_word' id='word_1_742' title='bbox 3404 4233 3548 4302; x_wconf 86' lang='lat' dir='ltr'><strong>quod</strong></span> <span class='ocrx_word' id='word_1_743' title='bbox 3580 4241 3635 4287; x_wconf 88' lang='lat' dir='ltr'><strong>et</strong></span> 
     </span>
    </p>
   </div>
   <div class='ocr_carea' id='block_1_99' title="bbox 2054 4320 3638 4396">
    <p class='ocr_par' dir='ltr' id='par_1_99' title="bbox 2054 4320 3638 4396">
     <span class='ocr_line' id='line_1_99' title="bbox 2054 4320 3638 4396; baseline 0 -18"><span class='ocrx_word' id='word_1_744' title='bbox 2054 4342 2217 4381; x_wconf 89' lang='lat' dir='ltr'><strong>unum</strong></span> <span class='ocrx_word' id='word_1_745' title='bbox 2241 4335 2403 4396; x_wconf 90' lang='lat' dir='ltr'><strong>atque</strong></span> <span class='ocrx_word' id='word_1_746' title='bbox 2427 4326 2566 4381; x_wconf 89' lang='lat' dir='ltr'><strong>idem</strong></span> <span class='ocrx_word' id='word_1_747' title='bbox 2599 4341 2719 4381; x_wconf 92' lang='lat' dir='ltr'><strong>cum</strong></span> <span class='ocrx_word' id='word_1_748' title='bbox 2746 4326 2860 4396; x_wconf 90' lang='lat' dir='ltr'><strong>ipso</strong></span> <span class='ocrx_word' id='word_1_749' title='bbox 2889 4325 3137 4391; x_wconf 84' lang='lat' dir='ltr'><strong>exsistat,</strong></span> <span class='ocrx_word' id='word_1_750' title='bbox 3163 4339 3284 4379; x_wconf 90' lang='lat' dir='ltr'><strong>eum</strong></span> <span class='ocrx_word' id='word_1_751' title='bbox 3304 4322 3524 4391; x_wconf 82' lang='lat' dir='ltr'><strong>hujusce</strong></span> <span class='ocrx_word' id='word_1_752' title='bbox 3539 4320 3638 4380; x_wconf 83' lang='lat' dir='ltr'><strong>Pa-</strong></span> 
     </span>
    </p>
   </div>
   <div class='ocr_carea' id='block_1_100' title="bbox 2055 4415 3636 4483">
    <p class='ocr_par' dir='ltr' id='par_1_100' title="bbox 2055 4415 3636 4483">
     <span class='ocr_line' id='line_1_100' title="bbox 2055 4415 3636 4483; baseline -0.001 -12"><span class='ocrx_word' id='word_1_753' title='bbox 2055 4428 2189 4480; x_wconf 64' lang='lat' dir='ltr'><strong>trem</strong></span> <span class='ocrx_word' id='word_1_754' title='bbox 2226 4417 2507 4474; x_wconf 91' lang='lat' dir='ltr'><strong>dicendum</strong></span> <span class='ocrx_word' id='word_1_755' title='bbox 2561 4419 2722 4474; x_wconf 88' lang='lat' dir='ltr'><strong>docet</strong></span> <span class='ocrx_word' id='word_1_756' title='bbox 2752 4436 2768 4473; x_wconf 91' lang='lat'><strong>:</strong></span> <span class='ocrx_word' id='word_1_757' title='bbox 2805 4427 2860 4474; x_wconf 91' lang='lat' dir='ltr'><strong>et</strong></span> <span class='ocrx_word' id='word_1_758' title='bbox 2886 4420 3117 4474; x_wconf 77' lang='lat' dir='ltr'><strong>Verbum</strong></span> <span class='ocrx_word' id='word_1_759' title='bbox 3161 4417 3321 4472; x_wconf 89' lang='lat' dir='ltr'><strong>etiam</strong></span> <span class='ocrx_word' id='word_1_760' title='bbox 3370 4415 3485 4483; x_wconf 89' lang='lat' dir='ltr'><strong>ejus</strong></span> <span class='ocrx_word' id='word_1_761' title='bbox 3513 4430 3636 4470; x_wconf 89' lang='lat' dir='ltr'><strong>esse</strong></span> 
     </span>
    </p>
   </div>
   <div class='ocr_carea' id='block_1_101' title="bbox 2055 4501 3636 4584">
    <p class='ocr_par' dir='ltr' id='par_1_101' title="bbox 2055 4501 3636 4584">
     <span class='ocr_line' id='line_1_101' title="bbox 2055 4501 3636 4584; baseline -0.003 -17"><span class='ocrx_word' id='word_1_762' title='bbox 2055 4501 2272 4578; x_wconf 84' lang='lat' dir='ltr'><strong>Filium,</strong></span> <span class='ocrx_word' id='word_1_763' title='bbox 2294 4527 2630 4584; x_wconf 88' lang='lat' dir='ltr'><strong>nequaquam</strong></span> <span class='ocrx_word' id='word_1_764' title='bbox 2650 4512 2843 4568; x_wconf 86' lang='lat' dir='ltr'><strong>Filium</strong></span> <span class='ocrx_word' id='word_1_765' title='bbox 2863 4512 3219 4568; x_wconf 83' lang='lat' dir='ltr'><strong>exsistentem</strong></span> <span class='ocrx_word' id='word_1_766' title='bbox 3251 4511 3302 4564; x_wconf 90' lang='lat' dir='ltr'><strong>in</strong></span> <span class='ocrx_word' id='word_1_767' title='bbox 3321 4507 3636 4564; x_wconf 75' lang='lat' dir='ltr'><strong>substantiae</strong></span> 
     </span>
    </p>
   </div>
   <div class='ocr_carea' id='block_1_102' title="bbox 2057 4596 3635 4675">
    <p class='ocr_par' dir='ltr' id='par_1_102' title="bbox 2057 4596 3635 4675">
     <span class='ocr_line' id='line_1_102' title="bbox 2057 4596 3635 4675; baseline -0.005 -16"><span class='ocrx_word' id='word_1_768' title='bbox 2057 4603 2401 4664; x_wconf 82' lang='lat' dir='ltr'><strong>subsistentia</strong></span> <span class='ocrx_word' id='word_1_769' title='bbox 2413 4645 2427 4667; x_wconf 89' lang='lat'><strong>,</strong></span> <span class='ocrx_word' id='word_1_770' title='bbox 2441 4607 2656 4675; x_wconf 89' lang='lat' dir='ltr'><strong>proprie</strong></span> <span class='ocrx_word' id='word_1_771' title='bbox 2672 4619 2801 4660; x_wconf 91' lang='lat' dir='ltr'><strong>vero</strong></span> <span class='ocrx_word' id='word_1_772' title='bbox 2817 4612 2870 4659; x_wconf 89' lang='lat' dir='ltr'><strong>et</strong></span> <span class='ocrx_word' id='word_1_773' title='bbox 2883 4603 3175 4658; x_wconf 86' lang='lat' dir='ltr'><strong>secundum</strong></span> <span class='ocrx_word' id='word_1_774' title='bbox 3195 4596 3635 4663; x_wconf 85' lang='lat' dir='ltr'><strong>veritatem,Ver-</strong></span> 
     </span>
    </p>
   </div>
   <div class='ocr_carea' id='block_1_103' title="bbox 2061 4688 3634 4761">
    <p class='ocr_par' dir='ltr' id='par_1_103' title="bbox 2061 4688 3634 4761">
     <span class='ocr_line' id='line_1_103' title="bbox 2061 4688 3634 4761; baseline -0.005 -11"><span class='ocrx_word' id='word_1_775' title='bbox 2061 4694 2191 4750; x_wconf 87' lang='lat' dir='ltr'><strong>hum</strong></span> <span class='ocrx_word' id='word_1_776' title='bbox 2222 4696 2569 4752; x_wconf 79' lang='lat' dir='ltr'><strong>exsistentem</strong></span> <span class='ocrx_word' id='word_1_777' title='bbox 2607 4706 2806 4750; x_wconf 87' lang='lat' dir='ltr'><strong>tamen.</strong></span> <span class='ocrx_word' id='word_1_778' title='bbox 2830 4693 3098 4761; x_wconf 80' lang='lat' dir='ltr'><strong>Vultergo</strong></span> <span class='ocrx_word' id='word_1_779' title='bbox 3135 4690 3378 4761; x_wconf 81' lang='lat' dir='ltr'><strong>intelligi,</strong></span> <span class='ocrx_word' id='word_1_780' title='bbox 3399 4688 3634 4744; x_wconf 90' lang='lat' dir='ltr'><strong>Verbum</strong></span> 
     </span>
    </p>
   </div>
   <div class='ocr_carea' id='block_1_104' title="bbox 2069 4777 3635 4856">
    <p class='ocr_par' dir='ltr' id='par_1_104' title="bbox 2069 4777 3635 4856">
     <span class='ocr_line' id='line_1_104' title="bbox 2069 4777 3635 4856; baseline -0.003 -18"><span class='ocrx_word' id='word_1_781' title='bbox 2069 4777 2220 4841; x_wconf 77' lang='lat' dir='ltr'><strong>illum</strong></span> <span class='ocrx_word' id='word_1_782' title='bbox 2249 4801 2388 4856; x_wconf 91' lang='lat' dir='ltr'><strong>esse,</strong></span> <span class='ocrx_word' id='word_1_783' title='bbox 2431 4803 2533 4842; x_wconf 86' lang='lat' dir='ltr'><strong>non</strong></span> <span class='ocrx_word' id='word_1_784' title='bbox 2566 4785 2986 4849; x_wconf 75' lang='lat' dir='ltr'><strong>cataehrestice,</strong></span> <span class='ocrx_word' id='word_1_785' title='bbox 3008 4783 3100 4838; x_wconf 91' lang='lat' dir='ltr'><strong>sed</strong></span> <span class='ocrx_word' id='word_1_786' title='bbox 3132 4781 3416 4837; x_wconf 89' lang='lat' dir='ltr'><strong>verissime</strong></span> <span class='ocrx_word' id='word_1_787' title='bbox 3435 4788 3488 4834; x_wconf 92' lang='lat' dir='ltr'><strong>et</strong></span> <span class='ocrx_word' id='word_1_788' title='bbox 3506 4794 3635 4855; x_wconf 78' lang='lat' dir='ltr'><strong>pro-</strong></span> 
     </span>
    </p>
   </div>
   <div class='ocr_carea' id='block_1_105' title="bbox 2068 4867 3633 4946">
    <p class='ocr_par' dir='ltr' id='par_1_105' title="bbox 2068 4867 3633 4946">
     <span class='ocr_line' id='line_1_105' title="bbox 2068 4867 3633 4946; baseline -0.006 -15"><span class='ocrx_word' id='word_1_789' title='bbox 2068 4875 2339 4946; x_wconf 86' lang='lat' dir='ltr'><strong>priissime</strong></span> <span class='ocrx_word' id='word_1_790' title='bbox 2364 4877 2623 4943; x_wconf 85' lang='lat' dir='ltr'><strong>Verbum,</strong></span> <span class='ocrx_word' id='word_1_791' title='bbox 2650 4884 2813 4946; x_wconf 87' lang='lat' dir='ltr'><strong>atque</strong></span> <span class='ocrx_word' id='word_1_792' title='bbox 2845 4883 3041 4943; x_wconf 76' lang='lat' dir='ltr'><strong>przeter</strong></span> <span class='ocrx_word' id='word_1_793' title='bbox 3080 4870 3338 4938; x_wconf 89' lang='lat' dir='ltr'><strong>Verbum,</strong></span> <span class='ocrx_word' id='word_1_794' title='bbox 3380 4869 3524 4924; x_wconf 89' lang='lat' dir='ltr'><strong>aliud</strong></span> <span class='ocrx_word' id='word_1_795' title='bbox 3546 4867 3633 4923; x_wconf 90' lang='lat' dir='ltr'><strong>ni-</strong></span> 
     </span>
    </p>
   </div>
   <div class='ocr_carea' id='block_1_106' title="bbox 2064 5233 3632 5360">
    <p class='ocr_par' dir='ltr' id='par_1_106' title="bbox 2064 5233 3632 5360">
     <span class='ocr_line' id='line_1_106' title="bbox 2064 5233 3632 5360; baseline -0.018 -47"><span class='ocrx_word' id='word_1_796' title='bbox 2064 5258 2350 5330; x_wconf 65' lang='grc' dir='ltr'>γηράμματι</span> <span class='ocrx_word' id='word_1_797' title='bbox 2373 5253 2492 5308; x_wconf 89' lang='lat' dir='ltr'><strong>loco</strong></span> <span class='ocrx_word' id='word_1_798' title='bbox 2506 5250 2811 5322; x_wconf 84' lang='grc' dir='ltr'>γράμματι.</span> <span class='ocrx_word' id='word_1_799' title='bbox 2843 5244 2972 5301; x_wconf 89' lang='lat' dir='ltr'><strong>Dein</strong></span> <span class='ocrx_word' id='word_1_800' title='bbox 3007 5238 3334 5360; x_wconf 64' lang='grc' dir='ltr'>συγγνώμης</span> <span class='ocrx_word' id='word_1_801' title='bbox 3353 5233 3632 5296; x_wconf 72' lang='lat' dir='ltr'><strong>om.codd.</strong></span> 
     </span>
     <span class='ocr_line' id='line_1_107' title="bbox 2136 5304 3632 5360; baseline -0.001 0"><span class='ocrx_word' id='word_1_802' title='bbox 2136 5328 2249 5360; x_wconf 62' lang='lat' dir='ltr'><strong>um</strong></span> <span class='ocrx_word' id='word_1_803' title='bbox 2311 5323 2430 5360; x_wconf 70' lang='grc' dir='ltr'><strong>νιιθηρ</strong></span> <span class='ocrx_word' id='word_1_804' title='bbox 2489 5322 2849 5360; x_wconf 63' lang='lat' dir='ltr'><strong>o&#39;ntn&#39;rrrnrnv-</strong></span> <span class='ocrx_word' id='word_1_805' title='bbox 2912 5315 3050 5360; x_wconf 66' lang='lat' dir='ltr'><strong>Lege</strong></span> <span class='ocrx_word' id='word_1_806' title='bbox 3112 5329 3189 5360; x_wconf 88' lang='grc' dir='ltr'><strong>τω</strong></span> <span class='ocrx_word' id='word_1_807' title='bbox 3250 5327 3280 5360; x_wconf 92' lang='grc' dir='ltr'><strong>τ</strong></span> <span class='ocrx_word' id='word_1_808' title='bbox 3308 5327 3348 5360; x_wconf 90' lang='grc' dir='ltr'><strong>,ν</strong></span> <span class='ocrx_word' id='word_1_809' title='bbox 3402 5304 3632 5359; x_wconf 79' lang='grc' dir='ltr'>ὑπόστα-</span> 
     </span>
    </p>
   </div>
   <div class='ocr_carea' id='block_1_107' title="bbox 2136 5304 3638 5397">
    <p class='ocr_par' dir='ltr' id='par_1_107' title="bbox 2136 5304 3638 5397">
     <span class='ocr_line' id='line_1_108' title="bbox 2136 5304 3638 5397; baseline -0.007 9"><span class='ocrx_word' id='word_1_810' title='bbox 2136 5304 2857 5397; x_wconf 42' lang='grc' dir='ltr'><strong>ῦτέῑῆῆίίλςέτέᾲξασιν..</strong></span> <span class='ocrx_word' id='word_1_811' title='bbox 2899 5315 3050 5397; x_wconf 12' lang='lat' dir='ltr'><strong>eteae</strong></span> <span class='ocrx_word' id='word_1_812' title='bbox 3227 5304 3365 5397; x_wconf 56' lang='lat' dir='ltr'><strong>fax</strong></span> <span class='ocrx_word' id='word_1_813' title='bbox 3402 5304 3638 5397; x_wconf 52' lang='lat' dir='ltr'><strong>sese»</strong></span> 
     </span>
    </p>
   </div>
   <div class='ocr_carea' id='block_1_108' title="bbox 2069 5383 3607 5464">
    <p class='ocr_par' dir='ltr' id='par_1_108' title="bbox 2069 5383 3607 5464">
     <span class='ocr_line' id='line_1_109' title="bbox 2069 5383 3607 5464; baseline -0.017 -11"><span class='ocrx_word' id='word_1_814' title='bbox 2069 5383 2172 5452; x_wconf 73' lang='grc' dir='ltr'>σιν.</span> <span class='ocrx_word' id='word_1_815' title='bbox 2203 5383 2258 5450; x_wconf 81' lang='lat' dir='ltr'><strong>In</strong></span> <span class='ocrx_word' id='word_1_816' title='bbox 2286 5410 2351 5450; x_wconf 87' lang='lat' dir='ltr'><strong>eo</strong></span> <span class='ocrx_word' id='word_1_817' title='bbox 2373 5383 2523 5464; x_wconf 50' lang='lat' dir='ltr'><strong>‘quod</strong></span> <span class='ocrx_word' id='word_1_818' title='bbox 2555 5390 2673 5464; x_wconf 72' lang='lat' dir='ltr'><strong>Filii</strong></span> <span class='ocrx_word' id='word_1_819' title='bbox 2712 5383 3115 5464; x_wconf 64' lang='lat' dir='ltr'><strong>subsistentiam</strong></span> <span class='ocrx_word' id='word_1_820' title='bbox 3145 5387 3607 5464; x_wconf 30' lang='lat' dir='ltr'><strong>negaretAsepatj-al</strong></span> 
     </span>
    </p>
   </div>
   <div class='ocr_carea' id='block_1_109' title="bbox 2067 5445 3632 5532">
    <p class='ocr_par' dir='ltr' id='par_1_109' title="bbox 2067 5445 3632 5532">
     <span class='ocr_line' id='line_1_110' title="bbox 2067 5445 3632 5532; baseline -0.014 -10"><span class='ocrx_word' id='word_1_821' title='bbox 2067 5445 2175 5522; x_wconf 73' lang='lat' dir='ltr'><strong>tam</strong></span> <span class='ocrx_word' id='word_1_822' title='bbox 2203 5445 2262 5521; x_wconf 69' lang='lat' dir='ltr'><strong>et</strong></span> <span class='ocrx_word' id='word_1_823' title='bbox 2290 5445 2589 5532; x_wconf 63' lang='lat' dir='ltr'><strong>propriam.</strong></span> <span class='ocrx_word' id='word_1_824' title='bbox 2621 5459 2691 5532; x_wconf 75' lang='grc' dir='ltr'>Μ.</span> <span class='ocrx_word' id='word_1_825' title='bbox 2724 5487 2797 5532; x_wconf 92' lang='lat'><strong>-_—-</strong></span> <span class='ocrx_word' id='word_1_826' title='bbox 2831 5454 3054 5532; x_wconf 68' lang='lat' dir='ltr'><strong>Correxi</strong></span> <span class='ocrx_word' id='word_1_827' title='bbox 3085 5445 3354 5532; x_wconf 61' lang='lat' dir='ltr'><strong>vulgatam</strong></span> <span class='ocrx_word' id='word_1_828' title='bbox 3379 5461 3445 5502; x_wconf 85' lang='lat' dir='ltr'><strong>ex</strong></span> <span class='ocrx_word' id='word_1_829' title='bbox 3475 5445 3632 5501; x_wconf 89' lang='lat' dir='ltr'><strong>codd.</strong></span> 
     </span>
    </p>
   </div>
   <div class='ocr_carea' id='block_1_110' title="bbox 2067 5520 3586 5609">
    <p class='ocr_par' dir='ltr' id='par_1_110' title="bbox 2067 5520 3586 5609">
     <span class='ocr_line' id='line_1_111' title="bbox 2067 5520 3586 5609; baseline 0 0"><span class='ocrx_word' id='word_1_830' title='bbox 2067 5520 2519 5609; x_wconf 57' lang='grc' dir='ltr'>ἇληθξείσέείοντξ</span> <span class='ocrx_word' id='word_1_831' title='bbox 2540 5530 2638 5601; x_wconf 77' lang='grc' dir='ltr'>τὴν</span> <span class='ocrx_word' id='word_1_832' title='bbox 2664 5529 2857 5609; x_wconf 64' lang='grc' dir='ltr'>ὑτξόσττ</span> <span class='ocrx_word' id='word_1_833' title='bbox 2879 5534 2934 5581; x_wconf 75' lang='grc' dir='ltr'>ει</span> <span class='ocrx_word' id='word_1_834' title='bbox 2954 5520 3090 5609; x_wconf 54' lang='lat' dir='ltr'><strong>SEX“!</strong></span> <span class='ocrx_word' id='word_1_835' title='bbox 3112 5520 3290 5609; x_wconf 50' lang='grc' dir='ltr'><strong>,⁸Ρέῖὲ-</strong></span> 
     </span>
    </p>
   </div>
   <div class='ocr_carea' id='block_1_111' title="bbox 2140 5592 3638 5677">
    <p class='ocr_par' dir='ltr' id='par_1_111' title="bbox 2140 5592 3638 5677">
     <span class='ocr_line' id='line_1_112' title="bbox 2140 5592 3638 5677; baseline -0.017 -15"><span class='ocrx_word' id='word_1_836' title='bbox 2140 5592 2252 5677; x_wconf 63' lang='lat'><strong>(&#39;14)</strong></span> <span class='ocrx_word' id='word_1_837' title='bbox 2307 5592 2393 5660; x_wconf 56' lang='lat' dir='ltr'><strong>&#39;H&#39;</strong></span> <span class='ocrx_word' id='word_1_838' title='bbox 2432 5592 2646 5677; x_wconf 68' lang='grc' dir='ltr'>Λόγοὶς.</span> <span class='ocrx_word' id='word_1_839' title='bbox 2685 5600 2870 5677; x_wconf 79' lang='lat' dir='ltr'><strong>_Decst_</strong></span> <span class='ocrx_word' id='word_1_840' title='bbox 2917 5593 3282 5677; x_wconf 66' lang='lat' dir='ltr'><strong>suti‘ulciendaa</strong></span> <span class='ocrx_word' id='word_1_841' title='bbox 3321 5592 3638 5677; x_wconf 46' lang='lat' dir='ltr'><strong>sententiae</strong></span> 
     </span>
    </p>
   </div>
   <div class='ocr_carea' id='block_1_112' title="bbox 2068 5654 3637 5801">
    <p class='ocr_par' dir='ltr' id='par_1_112' title="bbox 2068 5654 3637 5801">
     <span class='ocr_line' id='line_1_113' title="bbox 2068 5654 3637 5744; baseline -0.018 -11"><span class='ocrx_word' id='word_1_842' title='bbox 2068 5654 2377 5744; x_wconf 61' lang='grc' dir='ltr'>8εέἷέγεῦ</span> <span class='ocrx_word' id='word_1_843' title='bbox 2432 5654 2538 5726; x_wconf 52' lang='lat' dir='ltr'><strong>sit</strong></span> <span class='ocrx_word' id='word_1_844' title='bbox 2565 5654 2774 5738; x_wconf 82' lang='lat' dir='ltr'><strong>simile;</strong></span> <span class='ocrx_word' id='word_1_845' title='bbox 2828 5667 3033 5734; x_wconf 88' lang='lat' dir='ltr'><strong>statim,</strong></span> <span class='ocrx_word' id='word_1_846' title='bbox 3077 5673 3200 5736; x_wconf 88' lang='lat' dir='ltr'><strong>post</strong></span> <span class='ocrx_word' id='word_1_847' title='bbox 3229 5654 3637 5730; x_wconf 72' lang='grc' dir='ltr'>ὠνομασμένος,</span> 
     </span>
     <span class='ocr_line' id='line_1_114' title="bbox 2072 5742 2483 5801; baseline -0.005 0"><span class='ocrx_word' id='word_1_848' title='bbox 2072 5751 2222 5801; x_wconf 88' lang='lat' dir='ltr'><strong>deest</strong></span> <span class='ocrx_word' id='word_1_849' title='bbox 2245 5746 2379 5801; x_wconf 86' lang='grc' dir='ltr'>υἱός.</span> <span class='ocrx_word' id='word_1_850' title='bbox 2403 5742 2483 5801; x_wconf 81' lang='grc' dir='ltr'>Μ.</span> 
     </span>
    </p>
   </div>
   <div class='ocr_carea' id='block_1_113' title="bbox 2072 5749 2483 5812">
    <p class='ocr_par' dir='ltr' id='par_1_113' title="bbox 2072 5749 2483 5812">
     <span class='ocr_line' id='line_1_115' title="bbox 2072 5749 2483 5812; baseline -0.012 -6"><span class='ocrx_word' id='word_1_851' title='bbox 2072 5751 2222 5806; x_wconf 89' lang='lat' dir='ltr'><strong>deest</strong></span> <span class='ocrx_word' id='word_1_852' title='bbox 2245 5749 2379 5812; x_wconf 82' lang='grc' dir='ltr'>υἱός.</span> <span class='ocrx_word' id='word_1_853' title='bbox 2403 5749 2483 5801; x_wconf 77' lang='grc' dir='ltr'>Μ.</span> 
     </span>
    </p>
   </div>
  </div>
