4190 6406
591 355 686 415 831
1250 352 1520 410 susse"
1557 349 2033 408 CESARIENSIS
2065 351 2215 434 ore.
2255 351 2432 408 rans
2471 337 2669 406 tv.'-—
2705 341 3124 406 DOGMATICA.
3719 349 3829 407 sas

597 469 690 532 lul,
709 470 853 540 quod
879 472 926 526 si
953 470 1101 525 aliud
1133 467 1290 532 nihil,
1313 478 1422 522 tum
1454 476 1601 523 certe
1636 468 1828 536 liquet,
1867 470 2006 536 quod
2049 485 2153 522 non

2272 467 2488 538 ιίμασεν
2516 470 2550 538 ἡ
2572 465 2869 538 Ἐκκλησία
2899 463 2992 518 τοῦ
3025 460 3182 530 Θεοῦ,
3216 463 3328 526 τοῖς
3347 461 3528 526 ἀθέοις
3562 464 3722 517 αὐτον
3749 465 3834 518 aio

594 558 788 615 Filium
825 576 950 616 vere
985 570 1146 631 atque
1173 559 1390 629 proprie
1439 560 1585 614 dicat
1620 601 1637 622 ,
1683 560 1777 614 sed
1834 559 2010 613 Verbo
2051 569 2160 612 tan-

2272 558 2554 632 ρεσιὼταις
2574 557 2916 623 καταλέξασα
2953 555 3083 628 (15).

595 655 718 707 tum
738 663 893 708 tenus
917 664 1080 722 atque
1110 651 1327 708 nomine
1359 651 1752 706 calachrestice
1779 652 2164 720 usurpandum.
2192 649 2432 720 Cumque
2468 653 2700 706 Verbum
2732 652 2920 704 doceat
2941 665 3102 703 unum
3127 661 3248 702 esse
3295 655 3456 716 atque
3506 647 3644 700 idem
3677 661 3834 716 pror-

596 760 690 800 sus
721 760 843 799 cum
873 745 1022 800 Deo:
1059 745 1188 800 illud
1220 760 1413 813 nempe
1491 743 1721 798 Verbum
1807 743 2152 796 incarnatum
2183 780 2200 806 ,
2253 750 2434 796 natum
2490 744 2554 796 de
2597 742 2812 812 Virgine
2847 761 2860 795 :
2904 742 3076 806 ipsum
3144 754 3263 793 esse
3324 739 3486 792 Deum
3529 745 3831 796 asseverat.

597 837 748 905 Quod
795 838 923 893 olim
977 839 1264 910 aliquando
1296 855 1326 894 a
1358 839 1596 894 Sabellio
1628 838 1918 908 prolatum,
1945 837 2012 891 ab
2042 835 2279 891 Ecclesia
2323 837 2427 893 fuit
2471 838 2767 906 reiectum,
2813 837 3087 906 ipsiusque
3135 847 3323 890 auctor

599 931 778 1002 impiis
843 944 1252 989 annumeratus.

1252 1029 1400 1085 CAP.
1435 1029 1496 1083 ιι.
1551 1001 1575 1028 ⁹

600 1115 754 1186 Quod
780 1137 869 1188 per
900 1119 1096 1175 Christi
1122 1123 1349 1191 gratiam
1378 1120 1568 1191 collata
1596 1130 1669 1173 est
1715 1120 1961 1191 Recipite
1996 1120 2165 1175 excel-

773 1192 882 1245 lens
905 1189 1146 1260 quaedam
1173 1194 1400 1262 cognitio
1437 1193 1498 1244 de
1545 1189 1704 1244 Patre
1724 1203 1770 1243 et
1808 1189 1972 1245 Filio.

671 1349 924 1405 Omnium
981 1352 1254 1420 principes
1299 1349 1606 1405 .iudzrorum
1638 1349 1807 1414 natio,
1845 1349 1940 1406 Dei
1998 1350 2161 1406 unius

601 1440 962 1510 cognitionem
997 1451 1053 1496 et
1107 1441 1505 1496 confessionem
1559 1451 1938 1511 susceperunt,
1971 1453 2161 1496 contra

600 1543 820 1584 errores
851 1530 1140 1600 gentilitios
1177 1530 1243 1583 de
1285 1530 1508 1584 deorum
1552 1529 1917 1583 multitudine.
1948 1529 2016 1581 At
2041 1543 2165 1597 gra-

603 1618 675 1672 tia
703 1619 792 1673 illa
848 1619 1102 1673 salutaris
1161 1619 1414 1673 Ecclesiae
1471 1618 1937 1686 communicavit,
1997 1619 2162 1672 veluti

600 1711 893 1781 quamdam
951 1712 1306 1766 excellentem
1378 1713 1836 1783 praerogativam,

604 1802 792 1864 Deum,
824 1801 1037 1854 Patrem
1064 1801 1184 1855 Filii
1211 1803 1495 1872 unigeniti,
1528 1803 1790 1872 proﬁteri.
1826 1805 2022 1859 Filium
2070 1823 2168 1860 au-

601 1898 708 1944 tem
737 1889 888 1944 illum
928 1892 1105 1946 solum
1145 1895 1391 1962 agnoscit
1417 1893 1598 1950 Iesum
1628 1897 1922 1962 Christum,
1949 1906 2170 1968 printer-

599 1994 665 2036 ea
700 1982 925 2038 nullum.
963 1983 1072 2038 Nec
1118 1985 1264 2039 illum
1287 1987 1583 2041 secundum
1619 1989 1823 2057 carnis,
1859 2006 2020 2057 quam
2054 2007 2168 2046 sus-

597 2074 764 2143 cepit,
805 2077 1208 2144 generationem
1251 2076 1412 2145 (ltanc
1445 2079 1646 2132 etenim
1679 2088 1735 2132 et
1762 2081 1896 2135 servi
1918 2081 2164 2150 formam,

599 2175 657 2220 et
691 2167 860 2237 ﬁlium
889 2171 1114 2223 hominis
1141 2187 1358 2234 vocare,
1382 2170 1568 2225 edocta
1593 2169 1733 2240 fuit),
1757 2173 1850 2226 sed
1873 2173 2166 2227 secundum

600 2257 750 2311 illam
801 2259 1159 2327 divinitatem,
1214 2277 1375 2332 quam
1410 2277 1439 2315 a
1489 2262 1648 2316 Patre
1705 2273 1759 2318 et
1810 2264 1919 2318 Deo
1980 2265 2166 2320 eodem

597 2349 793 2405 habuit
839 2361 965 2407 ante
1000 2356 1182 2408 omnia
1231 2353 1450 2421 saecula,
1489 2355 1754 2411 universis
1807 2357 2164 2426 incognitam.

601 2441 912 2498 Secundum
939 2461 1102 2516 quam
1128 2449 1560 2515 generationem,
1594 2459 1836 2518 paternae
1870 2449 2169 2504 divinitatis

602 2534 1017 2605 plenitudinem,
1051 2548 1104 2594 et
1149 2539 1320 2608 ipsum
1367 2540 1588 2605 Filium,
1627 2541 1793 2594 Deum
1840 2541 2122 2595 constituit
2151 2581 2166 2603 ,

603 2640 710 2680 non
743 2642 770 2679 a
801 2628 982 2698 seipso
1012 2645 1317 2699 possessam
1352 2631 1433 2686 vel
1464 2649 1491 2685 a
1539 2633 1698 2686 Patre
1745 2643 2070 2702 separatam,
2106 2639 2164 2697 »Β

601 2718 698 2774 sed
732 2734 831 2775 nec
857 2721 972 2775 sine
999 2723 1266 2791 principio
1294 2723 1440 2777 illam
1489 2734 1543 2779 et
1591 2724 1961 2792 ingeneratam
1998 2727 2170 2780 deita-

601 2817 736 2874 tem,
779 2811 976 2866 nedum
1028 2813 1247 2868 aliunde
1279 2814 1575 2868 derivatam
1609 2815 1983 2884 peregrinam,
2041 2815 2170 2870 hos-

601 2900 793 2970 pitam,
833 2913 888 2956 et
923 2920 951 2956 a
977 2904 1140 2960 Patre
1165 2906 1418 2969 alienam,
1459 2907 1554 2961 sed
1585 2907 1650 2960 de
1679 2917 1902 2974 paterna
1941 2909 2170 2976 partici-

602 2991 843 3060 patione,
876 2992 1040 3047 veluti
1071 2994 1135 3047 de
1158 2995 1272 3065 jugi
1313 3005 1476 3063 puteo
1511 2996 1562 3048 in
1599 2998 1773 3064 ipsum
1816 2996 2007 3061 cliuso,
2049 3015 2174 3068 pro-

3402 850 3518 889 cum
3563 835 3832 892 haereticis

2923 1023 3079 1076 ΚΕΦ.
3110 1021 3184 1075 B'.

2268 1118 2396 1171 Ὀτι
2443 1115 2518 1184 τῇ
2560 1115 2887 1184 Ἐκκλησία
2933 1114 3038 1169 τοῦ
3085 1113 3231 1167 Θεοῦ
3265 1114 3303 1181 ἠ
3360 1113 3614 1184 Χριστοῦ
3666 1112 3840 1183 χάρις

2337 1188 2451 1255 τὴν
2488 1183 2625 1254 περὶ
2677 1187 2906 1255 Πατρὸς
2955 1185 3050 1239 καὶ
3084 1185 3217 1238 Υἰοῦ
3268 1183 3492 1254 γνῶσιν
3531 1184 3840 1252 ἐξαίρετον

2336 1257 2698 1326 ἐδωρήσατο.

2340 1351 2412 1404 Τὸ
2454 1349 2551 1421 μὲν
2575 1349 2683 1422 γὰρ
2710 1347 2840 1401 Θεὸν
2862 1347 3140 1418 ὁμολογεῖν
3157 1347 3252 1408 ἕνα
3284 1346 3418 1419 πρὸς
3437 1347 3841 1418 ἁντιδιαστολὴν

2268 1442 2367 1512 τῆς
2393 1441 2656 1511 Ἐλλήνων
2686 1438 2943 1491 πολυθὲου
2975 1437 3182 1508 πλάνης
3210 1439 3414 1510 πρῶτοι
3443 1438 3842 1511 παρειλήφασιν

2283 1532 2548 1590 Ἰουδαίων
2582 1531 2788 1594 παῖδες
2817 1530 2876 1583 τὸ
2911 1529 2969 1583 δὲ
3021 1529 3115 1583 καὶ
3159 1530 3378 1602 Πατέρα
3405 1530 3495 1584 τὸν
3524 1531 3684 1597 αὐτὸν
3707 1531 3841 1584 Υίοῦ

2274 1621 2595 1694 μονογενοῦς
2627 1620 2910 1691 γνωρίζειν
2935 1621 3212 1692 ἐξαίρετον
3246 1621 3412 1692 γέρας
3440 1623 3473 1692 ὴ
3499 1622 3654 1691 χάρις
3677 1623 3710 1692 ἡ
3737 1637 3846 1673 σω-

1913 1715 2162 1768 eumdem
2202 1761 2240 1787 ο
2270 1717 2454 1787 τήριος
2475 1718 2540 1786 τῇ
2588 1714 2881 1785 Ἐκκλησία
2913 1713 3225 1784 δεδώρηται·
3259 1713 3385 1767 Υίὸν
3411 1713 3467 1766 δὲ
3497 1714 3606 1783 (16)
3637 1711 3845 1783 Ἰησοῦν

2270 1806 2503 1876 Χριστὸν
2543 1803 2700 1873 μόνον
2746 1798 2853 1856 οἶδε
2887 1802 2982 1856 καὶ
3014 1801 3204 1855 οὐδένα
3235 1801 3438 1872 ἕτερον·
3468 1800 3526 1853 οὺ
3557 1798 3696 1854 κατὰ
3745 1799 3846 1869 τὴν

2267 1896 2366 1966 τῆς
2397 1893 2615 1966 σαρκὸς,
2650 1893 2715 1965 ἣν
2745 1892 3018 1962 ἀνείληφε,
3053 1890 3286 1959 γένεσιν,
3317 1889 3539 1961 (ταύτην
3569 1889 3678 1960 γὰρ
3704 1888 3847 1942 δού-

2267 1991 2381 2043 λου
2394 1986 2658 2058 μορφὴν,
2681 1986 2775 2039 καὶ
2800 1985 2940 2040 rw;-
2959 1985 3271 2054 ἀνθρώπου
3291 1983 3475 2045 καλεῖν
3497 1981 3847 2051 δεδίδακται·)

2270 2081 2409 2134 κατὰ
2440 2079 2497 2136 δὲ
2529 2079 2627 2150 τὴν
2657 2075 2717 2142 ἐξ
2751 2077 2914 2130 αὐτοῦ
2940 2075 3035 2129 τοῦ
3071 2076 3205 2130 Θεοῦ
3237 2078 3330 2129 καὶ
3352 2076 3559 2147 Πατρὸς
3587 2075 3692 2146 πρὸ
3713 2074 3849 2127 πάν-

2269 2191 2376 2227 των
2401 2171 2628 2226 αἰώνων·
2664 2171 2939 2239 ἄγνωστον
2971 2171 3083 2233 τοῖς
3102 2171 3235 2222 πᾶσι
3258 2169 3378 2223 καθ’
3403 2170 3468 2239 ἢν
3494 2167 3554 2220 τὸ
3576 2166 3850 2237 πλήρωμα

2268 2265 2366 2336 τῆς
2423 2263 2695 2336 πατρικῆς
2725 2262 2998 2332 θεότητος,
3029 2263 3123 2314 καὶ
3163 2261 3325 2314 αὐτὸν
3365 2260 3512 2325 Υἱὸν,
3556 2258 3687 2313 Θεὸν
3717 2260 3851 2311 ὑπε-

2272 2359 2526 2428 στήσατο,
2569 2356 2668 2408 οὐκ
2700 2355 3017 2426 ίδιόκτητον,
3053 2354 3148 2406 καὶ
3167 2352 3260 2407 τοῦ
3289 2351 3502 2424 Πατρὸς
3533 2349 3851 2422 ἀφωρισμέ-

2270 2465 2387 2517 νην,
2421 2447 2526 2499 οὐδ¹
2562 2446 2794 2518 ἄναρχόν
2824 2463 2947 2500 τινα
2994 2446 3086 2500 κα)¹
3121 2445 3430 2515 ἀγέννητον,
3464 2443 3585 2497 οὐδὲ
3629 2440 3850 2497 ἄλλοθέν

2273 2542 2435 2596 ποθεν
2467 2541 2622 2611 ξένην
2653 2540 2748 2594 καὶ
2795 2539 2887 2592 τοῦ
2919 2539 3132 2610 Πατρὸς
3167 2536 3450 2608 ἀλλοτρίαν
3489 2534 3850 2604 ἐφελκόμενον

2273 2635 2520 2705 θεότητα,
2546 2634 2604 2700 ἐξ
2634 2633 2804 2702 αὐτῆς
2829 2632 2887 2687 δὲ
2910 2632 3008 2703 τῆς
3047 2628 3321 2701 πατρικῆς
3358 2626 3642 2700 μετουσίας
3659 2625 3850 2696 ὥσπερ

2273 2729 2380 2783 ἀπὸ
2431 2728 2636 2798 πηγῆς,
2685 2728 2771 2780 ἐπ’
2824 2725 2985 2779 αὐτὸν
3035 2723 3402 2796 προχεομένης
3451 2720 3848 2792 πληρούμενον.

2272 2822 2434 2892 Μόνῳ
2457 2820 2565 2892 γὰρ
2583 2823 2639 2874 ὲν
2663 2819 2811 2891 αὐτῷ
2831 2821 2938 2872 πᾶν
2966 2819 3032 2874 τὸ
3061 2815 3348 2885 πλήρωμα
3378 2814 3490 2886 (l7)
3513 2812 3621 2884 τῆς
3645 2827 3851 2881 πατρι-

2273 2913 2385 2981 κῆς
2431 2915 2658 2968 ἐνοικεῖν
2714 2913 3009 2979 θεότητος,
3063 2911 3091 2963 ὀ
3147 2909 3319 2980 μέγας
3371 2906 3684 2960 ἐπαίδευσεν
3735 2904 3850 2974 (18)

2284 3005 2620 3070 Ἀπόστολος,
2667 3006 2757 3058 Διὸ
2795 3006 2859 3075 δὴ
2892 2999 2972 3068 εἷς
3004 3005 3136 3067 Θεὸς
3168 3007 3236 3075 τῇ
3277 3003 3570 3072 Ἐκκλησία
3592 2998 3684 3053 τοῦ
3713 2995 3850 3050 Θεοῦ

603 3091 855 3152 pagatam
901 3099 1025 3139 cum
1081 3086 1433 3155 plenitudine.
1488 3088 1769 3156 Siquidem
1813 3090 1866 3143 in
1923 3092 2010 3146 illo
2050 3094 2169 3149 solo

2273 3096 2618 3168 κηρύττεται·
2639 3097 2732 3150 καὶ
2763 3096 2862 3149 οὐκ
2896 3094 3041 3148 ἔστιν
3062 3095 3248 3166 ἔτερος
3287 3093 3426 3164 πλὴν
3452 3090 3638 3146 αὐτοῦ·
3675 3083 3754 3152 εἷς
3790 3086 3850 3139 δὲ

604 3169 856 3228 habitare
902 3174 1277 3242 pienitudinem
1329 3188 1562 3244 paterna:
1616 3179 1830 3232 deitatis
1862 3179 1907 3212 “
1947 3197 2176 3251 magnus

2283 3189 2377 3241 καὶ
2432 3188 2724 3259 μονογενὴς
2750 3187 2844 3240 τοῦ
2877 3187 3011 3241 Θεοῦ
3046 3187 3193 3252 Υἱὸς,
3245 3184 3408 3239 είκὼν
3452 3184 3550 3255 τῆς
3581 3182 3853 3252 πατρικῆς

605 3263 824 3319 edocuit
872 3267 1184 3334 Apostolus.
1251 3267 1402 3323 Hauc
1445 3270 1515 3323 ob
1569 3285 1789 3323 causam
1840 3271 1895 3326 in
1932 3271 2172 3327 Ecclesia

2285 3280 2557 3351 θεότητος,
2580 3280 2675 3334 καὶ
2706 3279 2792 3332 διὰ
2819 3277 2977 3332 τοῦτο
3003 3278 3154 3343 Θεός.

605 3371 750 3411 unus
776 3356 923 3412 solus
955 3357 1098 3412 Deus
1124 3360 1480 3414 annuutiatur
1507 3379 1518 3414 :
1549 3375 1722 3430 neque
1740 3360 1876 3415 alius
1901 3363 2171 3433 quispiant
2211 3379 2409 3437 prmter
2470 3386 2592 3426 eum
2629 3389 2642 3427 :
2700 3385 2840 3426 unus
2911 3370 3096 3425 itidem
3154 3369 3244 3425 Dei
3295 3367 3462 3423 Filius
3519 3366 3851 3436 unigenitus,

607 3450 787 3523 imago
833 3463 1073 3523 paternae
1127 3452 1366 3522 deitatis,
1427 3463 1590 3524 atque
1643 3455 1715 3510 ita
1767 3456 1906 3513 Deus
1941 3458 2010 3512 ob
2053 3459 2156 3516 hoc
2193 3462 2390 3534 ipsum.

1239 3550 1390 3605 CAP.
1435 3548 1520 3606 Ill.

577 3623 768 3712 'Quod
803 3645 965 3699 variis
1000 3645 1265 3700 erroribus
1317 3645 1561 3714 impliciti
1591 3648 1903 3714 erraverint,
1939 3649 2003 3701 de
2037 3646 2180 3704 Fiiio

948 3716 1156 3769 diversa
1186 3716 1465 3770 sentientes
1497 3717 1560 3769 ab
1589 3714 1848 3770 Ecclesia.

685 3805 853 3874 Quam
885 3807 1102 3876 quidem
1129 3806 1414 3876 theologia:
1450 3807 1718 3862 rationem
1742 3807 1987 3878 plerique
2017 3809 2177 3865 intcl~

611 3895 782 3966 ligare
816 3912 923 3951 non
953 3897 1219 3962 valentes,
1260 3897 1439 3952 varios
1494 3899 1596 3954 sibi
1629 3914 1873 3954 errorum
1938 3901 2182 3957 tramites

612 3990 1033 4048 adinvenerunt.
1069 3989 1210 4045 Sunt
1239 3990 1330 4060 qui
1363 3989 1558 4045 Filium
1617 3991 1784 4048 Deum
1832 4007 1952 4047 esse
1986 4008 2186 4048 conce-

613 4079 804 4134 dentes
827 4079 1100 4134 hominem
1130 4081 1360 4152 ejerant,
1390 4097 1547 4151 quem
1579 4083 1888 4152 assumpsit.
1926 4083 2029 4138 Alii
2063 4101 2186 4153 pro.

615 4172 744 4228 fessi
787 4186 908 4227 eum
934 4172 1209 4227 hominem
1260 4174 1486 4240 nudum,
1538 4175 1704 4228 Deum
1734 4175 1785 4228 in
1818 4175 1936 4246 ipso
1969 4177 2189 4246 ignora-

2936 3563 3097 3615 ΚΕΦ.
3129 3561 3202 3614 Γ’.

2288 3651 2413 3706 Ὅτι
2446 3651 2729 3720 ποικίλως
2771 3648 3134 3720 ἐσφάλησαν
3191 3651 3244 3703 οἱ
3284 3647 3613 3720 ἑτερόδοξοι
3664 3645 3735 3704 ἐν
3776 3641 3858 3709 τῷ

2771 3669 2847 3704 εον
2868 3669 3134 3716 »αγιησαν
3191 3669 3244 3703 οι
3285 3669 3394 3716 ετει

2738 3669 2887 3790 accpi
2903 3721 3010 3775 τοῦ
3045 3720 3178 3774 Υὶοῦ
3215 3719 3394 3789 λόγῳ.

2359 3817 2462 3869 Ἦν
2485 3818 2550 3888 δὴ
2599 3815 2876 3884 θεολογίαν
2928 3816 2977 3868 οἱ
3004 3813 3188 3867 πολλοὶ
3219 3813 3358 3864 νοεῖν
3394 3810 3454 3864 ού
3489 3811 3854 3883 χωρήσαντες,

2282 3909 2528 3972 ποικίλας
2569 3909 2844 3979 ἀτραποὺς
2879 3907 3180 3978 ἐπενόησαν
3231 3904 3456 3974 πλάνης·
3509 3904 3558 3956 oi
3596 3903 3692 3972 μὲν
3725 3899 3858 3953 Θεὸν

2281 4003 2461 4064 δόντες
2480 4000 2570 4053 τὸν
2598 4001 2745 4063 Υίὸν,
2786 4001 2876 4053 τὸν
2904 3999 2948 4052 δ’
2979 3998 3282 4068 ἄνθρωπον,
3326 3995 3385 4048 ὃν
3413 3995 3720 4066 ἀνείληφεν,
3757 3994 3827 4063 ἀρ
3925 4024 3928 4028 ι

2284 4095 2600 4166 νησάμενοι·
2629 4096 2676 4146 oi
2712 4093 2768 4148 δὲ
2799 4091 2953 4162 ψιλὸν
2991 4090 3276 4162 ἄνθρωπόν
3311 4087 3650 4158 ὑποθέμενοι,
3685 4083 3777 4137 τὸν
3811 4083 3856 4136 δ’

2287 4189 2343 4241 ὲν
2390 4185 2537 4258 αὐτῷ
2564 4187 2693 4240 Θεὸν
2743 4186 3125 4258 ἀγνοήσαντεςο
3163 4184 3210 4234 οἱ
3233 4182 3310 4244 δὲ,
3357 4180 3504 4250 φόϐῳ
3533 4177 3627 4232 τοῦ
3682 4178 3858 4230 δοκεῖν

614 4273 763 4320 runt.
797 4263 990 4329 Tertii,
1017 4276 1160 4320 metu
1187 4265 1280 4321 Dei
1300 4265 1524 4321 alterius
1548 4266 1948 4334 iutroducendi,
1972 4268 2183 4323 Patrem

2286 4278 2534 4350 δεύτερον
2586 4276 2918 4348 εἰσηγεῖσθαι
2951 4276 3102 4338 Θεὸν,
3133 4275 3222 4326 τὸν
3271 4273 3432 4327 αὐτὸν
3463 4266 3599 4324 εἷναι
3639 4269 3859 4340 Πατέρα

613 4370 776 4429 atque
792 4357 982 4412 Filium
1003 4374 1169 4413 unum
1189 4374 1307 4414 esse
1324 4361 1682 4430 eumdcmque
1709 4359 2021 4428 opinantur.
2039 4359 2184 4428 Quas

615 4453 735 4507 vias
764 4453 892 4506 dum
923 4451 1166 4506 declinat
1197 4451 1438 4507 Ecclesia
1471 4453 1588 4517 Dei,
1620 4454 1943 4521 evangelica:
1976 4469 2182 4523 praeco-

616 4545 710 4603 nio
738 4546 984 4601 veritatis
1012 4545 1296 4617 gloriatur.
1349 4544 1525 4600 Unum
1569 4545 1785 4616 quidem
1817 4546 1983 4602 Deum
2021 4546 2182 4615 proii-

613 4639 715 4698 teri
745 4654 823 4704 se,
855 4654 1015 4708 supra
1049 4653 1238 4693 omnes
1276 4638 1600 4704 venditans;
1632 4655 1797 4694 unum
1853 4653 2066 4708 quoque
2091 4638 2182 4692 Fi-

615 4731 746 4792 lium
782 4731 1117 4802 unigenitum
1164 4728 1281 4801 ejus
1303 4769 1318 4796 ,
1359 4732 1531 4786 Deum
1563 4732 1628 4786 de
1682 4733 1789 4786 Deo
1814 4731 1996 4786 Jcsum
2021 4729 2182 4784 Chri-

611 4835 757 4882 stum
789 4841 1090 4896 agnoscens
1120 4842 1135 4891 ;
1163 4826 1411 4881 eumdem
1437 4826 1612 4896 ipsum
1647 4823 1889 4895 professa
1928 4823 2184 4880 Servato-

613 4933 730 4974 rem
764 4929 818 4974 et
861 4918 1061 4975 Filium
1113 4919 1370 4974 hominis.
1403 4918 1504 4986 Qui
1564 4934 1688 4973 cum
1751 4917 1984 4972 nondum
2022 4918 2184 4974 homo

577 5011 583 5074 ζ
614 5009 797 5072 factus
821 5011 1024 5076 fuerat,
1061 5011 1232 5067 Filius
1265 5011 1358 5065 Dei
1385 5021 1564 5065 tamen
1610 5010 1925 5065 exsistebat.
1957 5008 2184 5077 Factus,

576 5086 584 5100 ’
614 5105 761 5173 quod
789 5119 898 5159 non
921 5104 1071 5174 prius
1100 5104 1298 5169 fuerat,
1327 5102 1841 5174 obinexplicabilem
1867 5102 2182 5160 misericor-

617 5195 720 5255 dia:
747 5204 986 5266 paternae
1013 5195 1531 5252 transcendentiam.

694 5363 752 5423 ᾖς
778 5357 878 5413 Ed.
906 5357 1080 5414 Paris.
1108 5372 1227 5430 pag.
1256 5358 1344 5414 62.
1418 5358 1465 5392 ⁸³
1494 5358 1698 5416 Coloss.
1730 5373 1791 5426 ιι,
1830 5359 1883 5415 9.

712 5515 802 5589 15)
825 5513 883 5590 In
931 5517 1058 5581 tlne,
1106 5519 1318 5590 legend.
1365 5519 1795 5590 ὲγκαταλέξασα.
1835 5519 1909 5575 Μ.
1948 5548 2020 5562 ——
2065 5516 2187 5574 Mox

617 5588 1435 5712 ν¹¹ἔῗὲικ⁶ἰί²ιιῖξρὴδὲῗέξε⁴⁸ἲέἒεῗξᾱ

689 5657 983 5729 (16)”Υὶὸν
1013 5657 1098 5716 δέ.
1125 5659 1216 5714 Sic
1243 5657 1555 5730 lea'endum,
1575 5678 1702 5726 non,
1739 5672 1798 5716 ut
1831 5661 1956 5716 alihi
1987 5659 2080 5715 νῦν
2107 5657 2184 5713 δέ.

619 5729 775 5814 [ligni
813 5745 1025 5814 negtpe.
1061 5731 1230 5814 cuius
1263 5735 1524 5804 cognitio,
1576 5744 1633 5790 ut
1693 5733 1860 5814 γέρας
1917 5732 2188 5804 ἐξαίρετον

621 5801 847 5862 dabatur
876 5801 1146 5860 Ecclesiae.
1183 5801 1253 5860 Μ.

2289 4377 2383 4426 καὶ
2423 4373 2549 4426 Υἰὸν
2592 4371 2926 4443 ὁρισάμενοι.
2974 4367 3069 4431 οὓς
3102 4368 3435 4437 ὲκτραπεῖσα
3473 4366 3506 4435 ἡ
3565 4362 3859 4433 Ἐκκλησία

2289 4462 2382 4517 τοῦ
2416 4461 2550 4515 Θεοῦ
2583 4461 2660 4532 τῷ
2712 4461 2808 4530 τῆς
2843 4457 3101 4528 ἀληθείας
3157 4453 3495 4524 εὐαγγελικῷ
3543 4451 3858 4524 κηρύγματι

2292 4553 2630 4625 σεμνύνεται,
2663 4551 2760 4604 ἕνα
2803 4550 2900 4621 μὲν
2926 4549 3013 4601 τὸν
3045 4547 3137 4600 ἐπὶ
3166 4546 3379 4599 πάντων
3407 4544 3538 4597 Θεὸν
3569 4543 3711 4612 ἔχειν
3758 4541 3857 4596 αὑ-

2290 4648 2476 4718 χοῦσα·
2501 4647 2598 4700 ἕνα
2624 4645 2679 4700 δὲ
2721 4645 2815 4698 καὶ
2858 4642 2984 4696 Υἱὸν
3022 4640 3303 4712 μονογενῆ,
3336 4638 3465 4691 Θεὸν
3491 4638 3554 4689 ὲκ
3579 4634 3715 4687 Θεοῦ
3756 4635 3860 4705 Ἰη-

2293 4740 2418 4794 σοῦν
2446 4738 2680 4810 Χριστὸν
2711 4733 3142 4808 ἐπιγραφομένη,
3173 4733 3400 4802 Σωτῆρα
3430 4730 3521 4783 τὸν
3553 4727 3713 4782 αὐτὸν
3762 4728 3858 4781 καὶ

2290 4833 2415 4888 Υίὸν
2439 4830 2724 4904 ἀνθρώπου
2753 4831 3051 4899 γινόμενον,
3070 4823 3426 4897 ὁμολογοῦσω
3449 4822 3576 4876 ὄντα
3605 4819 3702 4891 μὲν
3724 4818 3857 4872 Υίὸν

2289 4925 2444 4990 Θεοῦ,
2496 4925 2625 4996 πρὶν
2654 4924 2687 4996 ἢ
2729 4923 2821 4976 καὶ
2857 4919 3142 4992 ἀνθρώπου
3170 4918 3440 4987 γενέσθαι·
3475 4917 3568 4970 κα)⁵
3597 4914 3754 4968 τοῦτο
3798 4913 3858 4966 δὲ

2287 5018 2596 5088 γενόμενον,
2635 5016 2768 5085 ὅπερ
2803 5013 2904 5066 οὐκ
2933 5008 3022 5083 ἦν,
3072 5011 3139 5064 δι’
3178 5011 3377 5081 ἄφατον
3424 5007 3725 5080 ὑπερϐολὴν
3757 5005 3856 5074 τῆς

2288 5107 2382 5167 τοῦ
2422 5106 2633 5178 [ἰατρὸς
2665 5103 3090 5176 φιλανθρωπίας.

2362 5515 2473 5587 (17)
2523 5512 2593 5587 ῖὸ
2622 5509 2928 5587 παζήρωμα.
2968 5509 3119 5587 illum
3154 5506 3244 5587 qui
3280 5503 3712 5587 ενοι-πλήρωμα,
3767 5510 3859 5558 aut

2294 5574 2658 5658 Exov‘ra't._Post
2678 5574 2949 5658 θεότητος,
2969 5582 3059 5658 qui
3091 5574 3645 5658 ιιιιίκιιιιιηπλήρωμαΣ

2366 5657 2476 5724 (18)
2515 5641 3266 5724 ’Eaaldsvéer:apostolus,
3305 5641 3512 5724 Coloss.
3548 5641 3585 5709 i,
3625 5644 3710 5724 19,
3770 5641 3860 5724 do:

2295 5712 2401 5792 ret,
2427 5712 2534 5780 πᾶν
2561 5724 2622 5776 τὸ
2655 5724 2924 5796 πλήρωμα
2977 5712 3028 5774 in
3060 5720 3156 5796 illo
3190 5717 3545 5796 κατοικῆσαι..
3598 5723 3654 5768 et
3713 5712 3856 5792 quod

2296 5788 2697 5863 hic'ittdicatur,
2729 5788 2932 5851 C'oldss.
2965 5809 3025 5860 tt,
3053 5792 3110 5859 9,
3163 5791 3270 5844 πᾶν
3303 5788 3364 5842 τὸ
3427 5788 3699 5858 πλήρωμα
3760 5788 3856 5856 της
