4158 6390
355 383 460 441 8'53

1006 492 1157 556 ΚΕΦ.
1190 505 1258 559 Δ’.

268 616 274 623 -
352 589 485 670 Ὀτι
522 595 714 670 μάστιν
736 591 1126 670 Χριστιρξκοὺς
1157 595 1406 670 ἑαυτοξος
1425 597 1728 670 λέγουσιν,
1761 601 1910 670 οἱμὴ

419 659 741 728 tymetia-tu
771 660 876 713 τὸν
920 663 1054 715 Υἱὸν
1084 663 1190 717 τοῦ
1217 665 1364 719 Θεοῦ
1383 659 1860 745 ίόμοξλογοῦνέτεςῖι

431 747 490 803 Ὃ
525 748 624 820 μὲν
645 749 708 821 δὴ
732 752 830 821 τῆς
856 752 1110 822 ἀληθείας
1139 753 1293 821 λόγος
1325 755 1477 808 ταῦτ’
1514 759 1578 809 ἐκ
1621 759 1912 828 προσώπου

352 840 452 912 βοᾷ
467 841 564 910 τῆς
578 840 916 910 Ἕκκλησίας·
940 845 988 894 oi
1015 843 1070 895 δὲ
1088 844 1177 895 τὸν
1193 845 1320 897 Υἱὸν
1349 845 1443 898 τοῦ
1481 847 1614 900 Θεοῦ
1643 850 1807 919 ἀρνού
1818 869 1914 921 με-

351 947 452 996 νοι,
479 931 572 984 ἕνα
612 930 667 982 δὲ
698 931 827 984 Θεὸν
847 927 979 984 εἶναι
1024 933 1340 1002 φάσκοντες,
1384 937 1475 989 καὶ
1520 938 1668 990 οὐδὲν
1706 940 1909 1011 ¹έτερον,

231 1034 242 1044 ·
348 1022 403 1075 τί
434 1023 527 1076 καὶ
552 1022 932 1094 παρενοχλοῦσι
974 1025 1149 1096 μάτην
1173 1030 1239 1098 τῇ
1278 1028 1592 1101 Ἐκκλησία,
1619 1035 1738 1096 ταῖς
1786 1034 1912 1086 Ἰου-

348 1112 511 1168 δαίων
537 1115 876 1185 προσομιλεῖν
905 1123 1246 1187 συναγωγαῖς
1275 1121 1425 1190 δέον;
1457 1123 1521 1175 Τί
1550 1123 1605 1176 δὲ
1636 1124 1730 1178 καὶ
1753 1124 1912 1195 βλασ-

268 1240 276 1251 .
350 1207 552 1277 φήμοις
607 1209 745 1276 σφᾶς
793 1208 992 1272 αὑτοὺς
1027 1211 1407 1286 περιπείρουσι
1439 1213 1634 1282 λόγοις,
1674 1217 1764 1269 τὸν
1817 1217 1911 1271 ἕνα

350 1297 479 1351 Θεὸν
507 1298 960 1366 συκοφαντοῦντες
998 1300 1108 1371 (19)
1152 1302 1354 1366 διτταῖς
1396 1305 1738 1381 ὲπηγορίαις,
1771 1311 1817 1362 εί
1846 1309 1908 1381 δὴ

345 1389 438 1442 τὸν
460 1390 621 1442 αὑτὸν
640 1391 856 1459 Πατέρα
887 1393 1084 1446 καὶτὸν
1102 1395 1260 1448 αὑτὸν
1278 1395 1401 1448 Υἱὸν
1419 1378 1784 1466 ὑποτίθενται;
1803 1378 1910 1453 Καί

345 1478 488 1543 τίνος
524 1479 631 1552 γάρ
658 1480 770 1533 ἐστι
793 1482 972 1553 πατὴρ
999 1483 1221 1554 μηδενὸς
1247 1486 1549 1554 ὑφεστῶτος
1582 1488 1699 1542 υἱοῦ
1721 1506 1734 1554 ;
1757 1491 1910 1555 Τίνος

347 1569 404 1622 δὲ
429 1570 540 1633 υίὸς
564 1570 733 1633 ἔσται,
770 1573 842 1643 μὴ
885 1576 1325 1646 προϋπάρχοντος
1358 1577 1450 1631 τοῦ
1495 1583 1906 1654 γεγεννηκότος;

347 1658 442 1724 Εἷς
461 1661 518 1713 δὲ
544 1661 638 1726 ὢν,
671 1663 883 1727 πάντως
908 1682 1007 1718 που
1047 1667 1208 1730 αὐτὸς
1239 1668 1389 1722 ἔσται
1422 1671 1450 1722 ὁ
1489 1674 1792 1744 σαρκωθεὶς
1816 1677 1909 1729 καὶ

347 1750 533 1806 παθὼν
591 1753 683 1806 καὶ
753 1755 844 1808 τὸν
901 1757 958 1811 έν
1035 1757 1340 1830 ἀνθρώποις
1399 1755 1653 1829 διανύσας
1719 1765 1907 1821 θνητὸν

349 1842 480 1914 βίον.

1293 372 1381 440 οε
1420 380 1950 445 ΕοοιεειΑετιοΑ
1991 377 2382 450 TllEOLOGIA
2419 382 2544 451 Lm.
2581 379 2622 450 ἰ.

1941 527 1988 584 Α

3468 391 3572 456 854

2657 503 2923 587 mea.

2019 605 2171 671 Quod
2197 608 2476 683 [ταυτα-ιε
2505 611 2834 683 denominant
2870 594 3222 678 Christianos,
3251 613 3341 683 qui
3370 611 3572 669 Filium

2381 679 2478 732 Dei
2506 696 2607 733 non
2630 681 2861 750 fatentur
2893 683 3200 738 substitisse.

2082 772 2257 841 Atque
2279 773 2377 828 ista
2404 777 2622 844 quidem
2657 778 2902 831 veritatis
2932 777 3108 830 oratio
3143 785 3225 831 est
3258 791 3355 844 per
3386 776 3572 832 Eccle-

2012 858 2106 913 siae
2128 863 2455 929 praeconium
2501 865 2851 934 proclamata.
2901 864 2978 919 llli
3041 880 3202 936 porro
3249 867 3339 935 qui
3372 866 3570 922 Filium

2014 949 2109 1004 Dei
2149 951 2482 1018 inﬁciantur,
2517 971 2682 1010 unum
2711 972 2841 1010 vero
2873 957 3044 1011 solum
3078 956 3242 1010 Deum
3268 972 3386 1012 esse
3418 959 3571 1013 dicti-

2013 1049 2148 1107 tant,
2184 1058 2284 1098 nec
2310 1053 2503 1113 prteter
2528 1046 2677 1100 illum
2715 1046 2857 1101 aliud
2892 1067 2904 1102 :
2938 1063 3195 1117 quorsum
3231 1063 3291 1102 se
3315 1049 3568 1104 molestos

2012 1132 2265 1190 Ecclesia:
2293 1135 2384 1190 Dei
2411 1138 2666 1192 exhibent
2686 1139 2930 1204 ulterius,
2958 1142 3047 1210 qui
3077 1141 3256 1210 potius
3273 1139 3573 1198 debuerant

2011 1225 2290 1294 aggregari
2321 1229 2386 1282 ad
2411 1243 2711 1298 synagogas
2727 1227 3070 1284 Judazorum?
3100 1237 3156 1294 »Β
3188 1231 3450 1298 Quorsum
3482 1247 3570 1288 se-

2010 1326 2121 1370 mel
2151 1331 2362 1386 quoque
2395 1319 2538 1387 ipsos
2569 1321 2748 1375 verbis
2781 1324 3152 1391 transadigunt
3193 1324 3574 1394 blaspheman-
3613 1385 3622 1400 γ

2012 1407 2174 1470 tibus,
2205 1423 2368 1462 unum
2400 1411 2587 1472 Deum,
2612 1413 2956 1481 sycophanta:
2987 1413 3128 1467 velut
3157 1413 3352 1477 solent,
3386 1417 3573 1470 convi-

2011 1499 2219 1554 ciantes
2248 1516 2345 1571 per
2382 1502 2489 1556 duo
2519 1506 2861 1572 cognomina,
2913 1507 2956 1559 si
2988 1508 3235 1562 eumdem
3271 1508 3445 1578 ipsum
3476 1509 3571 1564 Fi-

2009 1589 2162 1655 lium,
2189 1607 2347 1661 quem
2387 1603 2440 1647 et
2467 1592 2702 1662 Patrem,
2737 1612 2834 1665 per
2861 1595 3038 1651 omnia
3067 1612 3188 1653 esse
3211 1601 3566 1666 contendunt.

2008 1677 2172 1749 Cujus
2198 1684 2397 1738 etenim
2423 1695 2576 1754 paler
2600 1699 2744 1743 esset
2779 1688 2887 1753 ille,
2921 1690 3009 1758 qui
3042 1689 3212 1744 lilium
3239 1706 3346 1745 non
3375 1693 3571 1747 habeat

2009 1774 2097 1841 qui
2128 1775 2426 1830 subsistat?
2458 1776 2625 1848 Cujus
2658 1796 2820 1850 porro
2845 1792 2900 1837 et
2937 1779 3028 1837 ille
3058 1783 3218 1845 ﬁlius,
3267 1783 3418 1850 cujus
3453 1785 3573 1837 nul-

2013 1861 2095 1918 lus
2133 1870 2536 1937 prmexstiterit,
2572 1872 2662 1940 qui
2694 1874 2879 1942 genuit
2913 1889 3033 1928 eum
3073 1875 3272 1945 pater?
3301 1875 3455 1931 Unus
3497 1876 3572 1930 si-

347 1943 568 2011 quidem
630 1957 753 1997 cum
817 1946 1062 2009 exsistat,
1096 1962 1194 2002 nec
1225 1949 1392 2016 aliud,
1417 1931 1656 2007 omnino
1694 1953 1812 2009 ﬁeri
1864 1971 1970 2012 non
2011 1969 2186 2028 potest
2219 1963 2396 2030 aliter,
2432 1967 2563 2035 quin
2610 1975 2750 2022 unus
2804 1969 3167 2040 idemque‘sit
3215 1971 3568 2039 incarnatus,

346 2051 561 2107 passus,
593 2046 647 2092 et
696 2039 746 2092 in
778 2039 994 2094 homine
1019 2057 1138 2106 suo,
1190 2045 1354 2098 vitam
1398 2047 1704 2118 transigens
1746 2054 2051 2110 mortalem.

1025 2159 1180 2211 ΚΕΦ.
1214 2157 1292 2212 E'.

346 2245 544 2326 Ὅπως
590 2245 968 2326 Μᾴρὲεέλος.
993 2247 1101 2301 τὸν
1141 2245 1276 2326 flor
1310 2251 1416 2306 τοῦ
1458 2253 1605 2308 Θεοῦ
1647 2256 1903 2326 ἠρνεῖτο,

448 2313 562 2382 τὴν
583 2313 693 2369 τοῦ
714 2317 1040 2372 Σαϐελλίου
1057 2321 1402 2390 προαίρεσιν
1416 2313 1799 2396 μιμούμεῖρος.

426 2405 585 2458 Ἀλλὰ
637 2405 809 2460 ταῦτα
837 2406 1063 2475 λέγοντα
1099 2409 1382 2465 Σαὸέλλιον
1420 2414 1453 2483 ἡ
1495 2415 1788 2486 Ἐκκλησία
1813 2418 1905 2471 τοῦ

343 2494 476 2547 Θεοῦ
504 2494 578 2558 ὡς
605 2496 737 2551 ἄθεα
776 2497 868 2550 καὶ
893 2497 1120 2569 δυσσεὸἦ
1149 2498 1448 2570 τολμῶντα,
1477 2503 1690 2575 μακρὰν
1720 2501 1904 2576 ἤλασε.

345 2582 527 2639 Ταῦτα
568 2587 624 2640 δὲ
653 2588 968 2661 Μάρκελλος
1007 2590 1355 2644 ἀνανεοῦσθαι
1392 2597 1665 2668 πειρᾶται,
1698 2613 1907 2669 προκαο

343 2678 582 2750 λὺμματι
625 2679 902 2753 χρώμενος
945 2682 1004 2734 οὑ
1063 2683 1272 2754 πιθανῷ
1316 2685 1475 2757 λόγῳ.
1525 2687 1656 2741 Θεὸν
1684 2689 1792 2758 γὰρ
1814 2691 1908 2744 ἕνα

341 2769 515 2840 ὀρθῶς
539 2771 873 2843 ὁριζόμενος,
904 2772 1088 2827 τοῦτον
1117 2775 1275 2828 αὑτὸν
1307 2777 1476 2846 Λόγον
1509 2777 1652 2849 ἔχειν
1689 2781 1746 2832 ὲν
1780 2780 1907 2833 ἐαυ-

340 2860 420 2932 τῷ
441 2863 713 2933 ἡνωμένον
748 2865 840 2919 καὶ
875 2867 1215 2936 συνημμένον
1239 2867 1388 2938 αὑτῷ
1438 2886 1601 2942 φησιν
1622 2888 1636 2905 ο
1676 2873 1906 2927 κᾶπειτα

340 2953 434 3007 τοῦ
465 2954 580 3019 ἑνὸς
606 2955 739 3008 Θεοῦ
766 2956 827 3009 τὸ
860 2957 956 3027 μέν
987 2976 1039 3012 τι
1066 2959 1285 3030 Πατέρα
1305 2961 1475 3026 καλεῖ,
1506 2963 1567 3016 τὸ
1591 2964 1645 3016 δὲ
1663 2964 1808 3019 Υίόνο
1831 2966 1907 3030 ὡς

339 3044 530 3116 διπλῆν
566 3063 685 3099 τινα
717 3047 809 3099 καὶ
843 3047 1090 3102 σύνθετον
1118 3050 1300 3104 οὐσίαν
1332 3055 1388 3105 ὲν
1420 3054 1593 3124 ἐαυτῷ
1613 3051 1746 3109 εῖναι
1767 3054 1901 3128 (εξο).

341 3139 452 3192 Καὶ
479 3137 627 3211 πόσῳ
669 3138 856 3192 τούτου
906 3140 1167 3211 κρείττων
1219 3144 1274 3195 ἐν
1307 3144 1492 3197 κακῶν
1543 3146 1735 3219 ἐκλογῇ
1771 3149 1799 3201 ό
1831 3147 1905 3220 μὴ

341 3226 561 3298 διαιρῶν
611 3227 707 3297 μὲν
751 3227 851 3297 τὴν
878 3227 1108 3298 ἄναρχον
1143 3231 1234 3283 καὶ
1263 3232 1552 3304 ἀγέννητον
1589 3234 1682 3290 καὶ
1720 3237 1916 3308 θεῖκὴψ

340 3315 585 3386 δύναμιν,
629 3314 719 3368 τὸν
751 3315 911 3370 αὑτὸν
958 3316 1002 3369 δ’
1058 3314 1194 3371 εἶναι
1247 3321 1520 3390 ὁμολογῶν
1585 3325 1774 3397 γυμνῷ
1827 3327 1906 3398 τῷ

339 3405 483 3475 λόγῳ
511 3405 641 3475 (Si).
674 3406 830 3476 Πόσῳ
853 3405 908 3459 δὲ
928 3408 1198 3480 ἑκατέρων
1227 3408 1448 3480 βελτίων
1470 3414 1781 3480 ὀἸουδατος,
1814 3419 1904 3472 τὸν

2649 2157 2802 2212 CAP.
2851 2158 2914 2214 V.

2009 2239 2282 2305 Quomodo
2316 2234 2597 2334 Marcellus
2639 2247 2963 2334 FiliumDei
3008 2251 3300 2334 abnegavit,
3333 2252 3558 2310 Sabellii

2357 2328 2550 2371 sectam
2577 2329 2784 2374 secutus
2807 2332 2853 2374 et
2877 2328 3218 2391 propositum.

2079 2407 2363 2462 Enimvero
2404 2408 2696 2465 Sabellium
2727 2426 2849 2466 cum
2880 2413 2991 2467 haec
3011 2423 3276 2479 tueretur,
3308 2425 3566 2480 tanquam

2007 2497 2224 2552 atheum
2275 2499 2548 2553 hominem
2579 2510 2634 2553 et
2661 2500 2822 2570 impie
2859 2497 3139 2571 audacem,
3169 2504 3413 2561 Ecclesia
3449 2507 3567 2574 Dei,

2007 2589 2195 2656 procul
2225 2592 2553 2649 amandavit.
2576 2589 2699 2647 Hzec
2719 2596 2908 2649 eadem
2943 2593 3228 2652 Marcellus
3258 2597 3572 2656 instaurare

2008 2681 2222 2734 demum
2263 2681 2484 2752 satagit,
2535 2692 2795 2750 prmtextu
2828 2686 3060 2753 quodam
3111 2701 3262 2750 usus,
3319 2701 3570 2744 sermone

2009 2786 2114 2826 non
2147 2773 2430 2827 admodum
2460 2774 2743 2843 probabili.
2783 2775 2952 2830 Unum
2989 2777 3133 2830 enim
3186 2776 3353 2832 Deum
3421 2789 3571 2834 recte

2008 2863 2282 2931 profesws
2311 2867 2451 2920 hunc
2484 2868 2659 2937 ipsum
2705 2869 2894 2933 Deum,
2923 2869 3261 2924 continuisse
3293 2871 3343 2923 in
3375 2885 3434 2925 se
3481 2871 3569 2925 ala

2009 2957 2187 3010 lirmat
2231 2956 2466 3011 Verbum
2493 2973 2648 3012 suum
2694 2959 2798 3014 sibi
2856 2959 3156 3028 adunitum,
3204 2962 3414 3031 sibique
3440 2977 3570 3017 con-

2006 3057 2233 3101 cretum.
2263 3049 2440 3118 Atque
2492 3051 2619 3105 hinc
2647 3066 2989 3120 progressus,
3039 3053 3181 3107 illius
3216 3055 3374 3110 unius
3404 3070 3569 3124 quem

2009 3139 2181 3194 tenuit
2210 3139 2331 3204 Dei,
2361 3140 2508 3194 aliud
2534 3141 2749 3195 Patrem
2790 3154 2982 3210 vocat,
3041 3145 3185 3200 aliud
3231 3145 3448 3212 Filium,
3502 3158 3571 3202 ac

2007 3231 2128 3284 siin
2161 3246 2268 3286 uno
2289 3239 2345 3287 et
2375 3234 2562 3287 eodem
2610 3233 2749 3288 foret
2788 3234 2982 3303 duplex
3020 3240 3266 3305 quaedam
3304 3241 3566 3306 essentia,

2007 3323 2194 3377 eadem
2223 3331 2277 3376 et
2303 3324 2623 3391 composita.
2663 3325 2725 3378 Et
2751 3335 2954 3391 quanto
2985 3328 3206 3396 quidem
3243 3330 3478 3394 rectius,
3534 3345 3567 3386 θ

2008 3413 2214 3467 duobus
2250 3413 2426 3478 malis,
2459 3414 2503 3468 is
2529 3415 2619 3482 qui
2647 3416 2906 3479 divinam,
2935 3418 3224 3486 ingenitam
3257 3429 3311 3473 et
3345 3421 3567 3489 impriu-

339 3496 435 3550 ἕνα
458 3497 588 3550 Θεὸν
619 3497 679 3550 οὑ
715 3497 936 3568 διαιρῶν
958 3502 1037 3563 είς
1077 3501 1291 3572 Πατέρα
1329 3503 1422 3556 καὶ
1455 3505 1578 3558 Υἱὸν
1603 3508 1901 3580 Μαρκέλλῳ

2005 3501 2256 3569 cipiatam
2281 3502 2535 3556 virtutem
2571 3518 2908 3572 nequaquam
2938 3507 3206 3570 dividens,
3251 3524 3416 3562 unum
3447 3519 3570 3564 esse

338 3589 749 3662 παραπλησίως,
765 3589 884 3643 οὐδὲ
906 3590 994 3643 τὸν
1017 3591 1177 3646 αὑτὸν
1201 3592 1508 3666 Υίοπάτορα
1536 3597 1673 3649 κατὰ
1700 3599 1789 3651 τὸν
1809 3601 1905 3652 Σαί

339 3680 544 3736 σέλλιον
572 3682 823 3751 εἰσάγων,
847 3684 981 3738 ἀλλὰ
1013 3685 1183 3740 σέϐων
1213 3686 1309 3756 μὲν
1332 3687 1420 3740 τὸν
1440 3688 1590 3752 Θεὸν,
1627 3690 1903 3762 γνωρίζων

337 3774 396 3828 δὲ
427 3773 518 3826 καὶ
567 3775 876 3844 προσδοκῶν
925 3777 1015 3830 τὸν
1053 3778 1282 3847 Χριστὸν
1336 3780 1497 3832 αὑτοῦ
1550 3781 1639 3836 τὸν
1683 3783 1770 3838 διὰ
1795 3785 1901 3838 τῶν

338 3865 630 3938 προφητῶν
674 3865 821 3937 ἥξειν
854 3869 1269 3940 κηρυττόμενονο
1310 3870 1368 3925 ὃν
1400 3872 1640 3936 ἐλθόντα,
1670 3876 1790 3928 ἐπεὶ
1827 3878 1900 3949 μὴ

339 3958 716 4029 παρεδέξαντο,
748 3960 901 4032 δίκην
945 3963 1042 4033 τῆς
1073 3964 1152 4026 είς
1195 3962 1354 4017 αὑτὸν
1386 3965 1642 4031 ἀπιστίας
1670 3967 1902 4041 ὑπέσχον

339 4064 398 4101 τε
434 4050 526 4101 καὶ
555 4049 828 4119 ὑφέξουσι.

986 4323 1139 4377 xeo.
1166 4327 1254 4390 (τι.

481 4408 679 4475 Ὅπως
704 4411 742 4478 ἠ
776 4412 1110 4480 Ἐκκλησία
1129 4415 1234 4468 τοῦ
1273 4416 1420 4470 Θεοῦ
1471 4419 1756 4474 πιστεύει.

409 4501 473 4554 οι
498 4501 554 4553 δὲ
583 4501 855 4555 πιστεύειν
883 4505 962 4567 είς
988 4503 1078 4558 τὸν
1118 4506 1439 4577 ἀφικόμενον
1466 4508 1531 4560 δι’
1559 4509 1719 4580 εὐχῆς
1750 4509 1898 4580 ἔχονά

335 4608 429 4656 τες
471 4593 596 4663 τρία
651 4593 820 4647 ταῦτα
851 4595 1186 4666 γνωριοῦσινσ
1226 4598 1337 4668 (22)
1360 4599 1450 4652 τὸν
1492 4602 1553 4653 ὲκ
1590 4601 1897 4672 σπέρματος

336 4685 519 4750 Δαῦὶδ,
551 4685 644 4740 καὶ
672 4687 769 4758 τῆς
788 4687 956 4757 αὑτῆς
997 4687 1154 4757 ἁγίας
1182 4689 1474 4760 Παρθένοψ
1511 4691 1604 4744 καὶ
1639 4691 1728 4745 τὸν
1759 4694 1897 4747 ἐνοι-

336 4777 581 4846 κήσαντα
604 4775 776 4848 τούτῳ
802 4777 928 4831 Υίὸν
955 4778 1047 4832 τοῦ
1082 4777 1216 4832 Θεοῦ
1247 4781 1478 4852 προόντα
1505 4783 1599 4835 καὶ
1627 4783 1897 4847 οὑσιωδῶς

375 4974 382 4983 “
407 4978 469 5041 r14
493 4976 594 5034 Ed.
628 4976 799 5034 Paris.
827 4993 952 5051 pag.
980 4977 1070 5045 6'5,
1107 4979 1193 5052 6i.)

2003 3601 2164 3660 atque
2183 3591 2396 3646 unicum
2426 3594 2680 3648 exsertim
2709 3593 3007 3650 aﬂirmavit.
3030 3597 3094 3650 Et
3115 3606 3318 3665 quanto
3348 3599 3566 3667 quidem

2003 3688 2233 3748 utroque
2260 3681 2450 3736 melius
2475 3680 2718 3747 Jttdzeus,
2744 3700 2908 3738 unutn
2943 3685 3112 3740 Deum
3153 3703 3258 3741 non
3316 3689 3568 3744 dividens

2002 3771 2054 3826 in
2088 3771 2304 3828 Patrem
2336 3781 2391 3827 et
2423 3775 2474 3828 iu
2503 3774 2739 3830 Filium?
2782 3778 2922 3846 quod
2952 3777 3232 3834 Marcellus
3277 3779 3428 3835 facit.
3455 3781 3567 3837 Nec

2001 3863 2246 3918 eumdem
2294 3865 2433 3934 quod
2484 3865 2750 3921 Sabellius
2783 3867 3350 3932 tacit,Filio-Patrem
3397 3871 3567 3926 intro-

2003 3956 2153 4011 ducit
2182 3975 2195 4010 :
2225 3959 2317 4012 sed
2351 3973 2472 4012 cum
2503 3959 2667 4013 Deum
2704 3970 3017 4025 veneretur,
3065 3962 3310 4031 agnoscit
3362 3973 3416 4019 et
3466 3978 3564 4020 ex-

2000 4058 2208 4116 spectat
2239 4049 2507 4105 Christum
2535 4051 2652 4120 ejus
2675 4067 2772 4120 per
2815 4054 3104 4122 prophetas
3132 4055 3508 4110 annuntiatum
3542 4070 3562 4112 ε

2000 4149 2157 4205 quem
2175 4151 2294 4190 cum
2316 4138 2637 4205 advenisset,
2656 4140 2780 4210 quia
2809 4156 2912 4194 non
2937 4154 3308 4210 susceperant,
3333 4144 3565 4200 inﬁdeli-

2001 4229 2128 4284 tatis
2154 4230 2296 4286 illius
2335 4245 2546 4300 paruam
2601 4231 2864 4287 sutl‘erunt
2904 4233 3078 4290 adhuc
3106 4243 3160 4289 et
3189 4236 3557 4292 sustinebunt.

2599 4323 2791 4394 ιοΑρ.
2827 4322 2910 4378 vn.

2329 4412 2601 4479 Quomodo
2629 4416 2810 4469 credat
2843 4415 3080 4469 Ecclesia
3112 4414 3226 4468 Dei.

2067 4506 2138 4560 At
2164 4505 2254 4574 qui
2281 4506 2332 4558 in
2365 4506 2532 4572 illum,
2560 4507 2651 4576 qui
2677 4507 2914 4574 advenit,
2957 4507 3185 4561 credere
3225 4507 3557 4575 desiderant,

2000 4598 2112 4652 haec
2163 4600 2262 4651 tria
2307 4599 2591 4653 manifeste
2646 4600 3050 4655 conﬁtebuntur
3087 4619 3101 4655 :
3153 4610 3335 4654 natum
3366 4601 3433 4654 de
3468 4616 3557 4654 se-

1998 4691 2141 4745 mine
2175 4690 2409 4756 Davidis,
2461 4693 2686 4763 ipsaque
2713 4693 2846 4747 adeo
2877 4693 3219 4747 sanctissima
3278 4690 3498 4763 Virgine
3531 4710 3547 4748 :

2001 4781 2202 4836 Filium
2257 4798 2470 4854 quoque
2521 4785 2614 4840 Dei
2652 4800 2774 4839 eum
2823 4785 3240 4848 inhabitantem,
3275 4785 3364 4855 qui
3405 4786 3555 4855 prius

339 5161 608 5252 θεότητρς,
621 5167 952 5252 Ξωματικῶς
967 5169 1304 5252 κατοικῆσαι.
1326 5168 1589 5252 Μ.-Μς)χ
1613 5171 1781 5252 νῆμα
1804 5169 1885 5252 διὸ

2057 5169 2166 5252 (2-1)
2198 5174 2411 5246 Γυμνῷ
2437 5164 2516 5252 τῷ
2547 5174 2726 5244 λόγῳ.
2757 5171 3287 5252 Sahelliusnnatn‘que
3303 5172 3426 5252 hvnlt
3457 5189 3548 5252 er-

335 5231 504 5315 tenet
525 5235 595 5315 ἢν
617 5233 671 5315 δὲ
705 5231 907 5305 θεολογ.
938 5249 992 5315 et
1015 5233 1095 5315 οἷς
1125 5231 1353 5315 ἐκτραπ.
1378 5252 1432 5295 et
1461 5241 1587 5295 Υἱὸν
1627 5231 1880 5298 τοῦΘεοῦ

2004 5231 2392 5308 ω’ΜίίιιοεΙῘιιηί
2423 5231 2586 5307 clam,
2606 5231 2710 5297 n'o'n
2739 5243 3003 5315 exsertint
3029 5231 3427 5315 Σαόελλιάζειν.
3458 5243 3551 5298 Ju-

336 5312 397 5355 π.
417 5301 844 5374 ἢ-κίᾷνθρωπον
867 5301 926 5359 ἐι
947 5307 1039 5360 ἕνα
1069 5301 1116 5361 δ.
1149 5301 1237 5361 τὸν
1259 5309 1319 5362 Θ.

403 5371 514 5454 (1⁷9)
541 5371 700 5454 ναις.
723 5377 1235 5454 Συκοφςιντοῦφςτα.
1264 5381 1373 5454 l_tno
1407 5381 1880 5454 συκοφαντοῦντες.

1984 5312 2081 5370 d;ei
2147 5317 2308 5370 Deum
2372 5332 2476 5369 non
2532 5315 2882 5367 dividebant:
2919 5312 3041 5380 quia
3096 5314 3364 5366 Christum
3410 5315 3548 5382 ejus,

1989 5387 2160 5440 adhuc
2183 5394 2548 5452 exspectatum
2578 5385 2885 5444 credebant,
2931 5392 2984 5435 et
3019 5385 3242 5436 credunt
3273 5398 3458 5452 verum
3496 5395 3552 5438 et

332 5440 430 5521 Est
471 5440 610 5496 enim
642 5440 974 5521 συκοφαντία
1012 5448 1136 5500 illud
1179 5450 1244 5521 de
1273 5450 1378 5503 Deo
1409 5440 1721 5521 prmdﬁicare,
1747 5440 1886 5521 quod
1990 5470 2194 5508 merum
2235 5440 2524 5514 hominem.
2553 5455 2616 5507 de
2656 5440 2962 5508 hominibus
2986 5452 3244 5508 futurum.
3272 5451 3546 5510 M.—Mox

334 5509 476 5565 Deus
510 5526 612 5565 non
633 5509 1284 5588 eratalnApostremoAline
1306 5509 1519 5587 capitis,
1540 5520 1663 5574 lerri
1704 5509 1882 5579 forsan

2004 5525 2152 5588 vulgo
2183 5521 2352 5578 σέϐων
2377 5524 2467 5577 καὶ
2503 5509 2593 5576 τὸν
2615 5523 2673 5576 Θ.

333 5592 513 5662 posset
543 5591 598 5662 et
629 5582 819 5662 θνητὸν
853 5583 983 5653 βίον.
1007 5583 1284 5641 M.—'Dein
1313 5582 1441 5641 εἶδέ
1474 5598 1527 5642 et
1550 5590 1663 5642 υἱοῦ
1689 5591 1876 5662 ὑφεστ.

330 5657 386 5704 et
412 5650 677 5721 ζνωμένον
715 5650 806 5706 καὶ
829 5650 946 5708 συν.

2054 5594 2166 5663 (32)
2208 5595 2373 5665 Vulgo
2405 5592 2762 5665 γνωρίζουσις
2793 5601 2846 5665 et
2866 5594 3172 5664 ἀπεστάλθη
3203 5593 3272 5651 Μ.
3300 5594 3351 5665 in
3376 5608 3544 5665 cor_r.;

1982 5659 2338 5736 moxuvulgoi
2359 5659 2565 5728 ρι’Υἰδς
2606 5663 2704 5736 ,τοῦ
2727 5663 2879 5735 ἄνθρ.
2914 5666 2972 5736 5y
2994 5676 3047 5720 et
3082 5659 3245 5736 τριῶν
3267 5664 3324 5716 δέ
3359 5675 3409 5716 et
3438 5659 3546 5736 εἷεν

403 5719 764 5807 (20)(ξὺσίᾳν
787 5723 1061 5807 eirea-th
1101 5725 1271 5782 εἶναι.
1321 5725 1532 5807 ﬂecte,
1588 5740 1642 5787 et
1699 5741 1876 5790 tamen

2004 5734 2170 5807 ιποόλ.
2203 5719 2386 5807 εἶλτὴν
2422 5736 2519 5806 μὲν
2546 5719 2731 5807 ’σάρκα
2766 5719 2898 5788 τ.’σ.
2929 5719 3099 5792 Porro
3120 5719 3304 5801 'vulgo
3345 5734 3546 5785 σκοπὸν

330 5784 503 5859 ιχσιν,
520 5802 575 5844 ut
598 5795 752 5862 paulo
771 5795 918 5863 prius
949 5784 1045 5866 legi
1074 5807 1298 5867 poterat.
1321 5795 1389 5848 M.

1979 5815 2032 5861 et
2062 5803 2491 5872 δογματίζοντες.
