4158 6390
667 324 774 383 855
1241 393 1258 408 .
1339 332 1609 391 EUSEBII
1647 338 2124 400 C:ES.\RIENSIS
2163 344 2312 407 OPP.
2352 349 2532 406 PARS
2569 353 2661 408 IV.
2701 385 2769 395 -——
2807 355 3229 419 DOGMATICA.
3788 337 3888 440 ρέα

666 445 932 511 exstabat,
981 453 1036 500 et
1086 448 1516 508 substantialiter
1547 459 1881 514 consistebat
1918 479 1932 515 :
1969 477 2068 518 nec
2117 481 2182 518 no

667 534 821 576 icliuc
855 536 1070 576 palrnnn
1119 540 1283 576 nsum
1388 558 1414 576 σι
1466 561 1571 576 noon
1613 549 1810 576 ...ζηηηκ
1865 552 2076 576 ...1-.-..ε.
2113 556 2164 576 ειι

2282 474 2302 531 ι
2330 469 2633 537 ὑφεστῶταδ
2661 475 2752 527 καὶ
2784 462 2875 528 τὸν
2917 477 3107 532 τούτου
3141 481 3359 554 Πατέρα
3384 484 3536 550 Θεὸν,
3572 487 3662 559 ὑφ’
3694 487 3756 544 οὗ
3802 499 3891 550 καὶ

664 534 821 591 istius
855 536 1070 592 Patrem
1119 540 1326 606 Deum,
1386 558 1415 596 a
1465 561 1572 614 quo
1613 549 1813 604 missus
1863 552 2080 608 advenit
2113 556 2221 621 ille,

663 630 1113 696 quemadmodum
1158 633 1224 688 ab
1273 635 1390 702 ipso
1437 652 1578 707 saape
1606 643 1822 708 ponitur
1851 645 1904 698 in
1953 647 2221 706 confesso.

659 717 825 773 Nobis
855 721 1018 789 igitur
1037 739 1173 779 unus
1199 725 1341 781 Deus
1372 739 1475 796 est,
1495 748 1526 783 a
1555 748 1656 802 quo
1684 744 1804 788 sunt
1834 740 2012 792 omnia
2031 740 2100 805 “,
2134 757 2223 797 se-

657 815 890 866 cundum
932 815 1173 884 Aposmli
1237 820 1464 876 dictum.
1497 823 1563 878 Et
1595 841 1732 882 unus
1761 829 2015 885 Dominus
2069 833 2223 890 Jesns

656 899 906 960 Christus
953 925 1046 976 per
1093 926 1243 977 quem
1277 922 1400 966 sunt
1445 931 1618 969 omnia
1675 919 1744 982 ",
1780 922 1870 989 qui
1904 922 2012 977 Deo
2050 925 2221 982 Filius

654 993 964 1062 unigenitus
991 1002 1420 1067 praeexsistebat.
1456 1006 1519 1059 Et
1549 1008 1758 1072 tertius,
1781 1015 2074 1068 secundum
2103 1031 2222 1070 car-

653 1095 773 1138 nem
801 1085 966 1142 Filius
1010 1093 1244 1147 hominis
1280 1111 1293 1147 :
1326 1109 1485 1164 quem
1534 1098 1806 1154 hominem
1839 1114 2020 1159 nostra
2056 1121 2219 1165 causa

650 1179 884 1247 suscepit
909 1181 1077 1236 Filius
1107 1185 1221 1238 Dei.
1250 1186 1354 1242 Sed
1392 1203 1488 1243 nec
1515 1206 1711 1261 corpus
1734 1197 1877 1262 quod
1902 1203 2214 1268 assumpsit»,

647 1275 767 1319 erat
816 1267 956 1322 idem
991 1285 1114 1326 cum
1167 1273 1304 1328 Filio
1342 1278 1454 1345 Dei,
1493 1281 1588 1348 qui
1631 1286 1924 1353 assumpsit
1964 1301 1978 1338 :
2044 1267 2219 1358 neque

645 1355 766 1424 ipse
795 1359 888 1412 Dei
926 1363 1099 1418 Filius
1141 1381 1281 1422 unus
1310 1369 1558 1438 idemque
1581 1374 1736 1429 debet
1760 1378 2058 1432 existimari
2091 1355 2214 1436 cum

645 1450 890 1516 genitore
919 1468 1035 1508 suo.
1067 1455 1110 1510 E
1145 1459 1318 1514 tribus
1347 1469 1526 1515 autem
1581 1465 1843 1532 subjectis
1887 1469 2038 1526 hisce
2063 1509 2078 1538 ,
2138 1473 2215 1527 illi

643 1540 732 1608 qui
757 1541 969 1597 duobus
999 1549 1279 1604 concessis
1305 1552 1526 1615 tertium
1556 1553 1832 1626 rejiciunt,
1862 1561 1929 1616 ab
1971 1561 2213 1620 Ecclesia

640 1630 736 1687 Dei
775 1644 902 1690 sunt
933 1637 1239 1708 rejiciendi.

1278 1730 1427 1789 CAP.
1474 1733 1582 1790 VII.

638 1832 792 1927 Quo‘d
805 1837 1149 1927 digersumub
1173 1840 1410 1898 Ecclesia
1425 1846 1615 1917 dogma
1631 1859 1849 1927 (nentes,
1868 1872 1899 1908 α
1916 1855 2204 1927 theologica

633 1909 698 1958 de
722 1907 816 1960 Dei
844 1906 987 1962 Filio
1011 1913 1236 1979 ratione,
1274 1930 1376 1968 non
1407 1906 1518 1970 ιιηὸ
1544 1924 1696 1975 modo
1730 1906 1849 1977 solo,
1868 1906 2198 1984 exciderant.

703 1996 932 2051 Carnem
963 2010 1113 2055 certe
1150 2002 1460 2062 Servatoris
1497 2009 1645 2064 athei
1691 2014 1909 2082 quidam
1961 2017 2202 2076 haeretici

629 2085 971 2158 abnegando,
1007 2100 1063 2147 et
1120 2094 1378 2164 opinione
1430 2108 1638 2155 tantum
1693 2105 1856 2168 nuda,
1913 2117 2075 2178 atque
2106 2125 2202 2180 per

626 2180 970 2245 phantasiam
1028 2183 1082 2238 in
1134 2187 1294 2242 terris
1341 2192 1657 2259 apparuisse
1703 2195 1877 2250 solam
1928 2199 2195 2272 dicendo,

623 2269 786 2338 primi
809 2281 966 2327 erant
995 2274 1089 2344 qui
1118 2275 1172 2331 in
1213 2279 1315 2334 hoc
1342 2293 1541 2351 genere
1574 2299 1605 2338 a
1641 2300 1807 2355 scopo
1831 2291 2078 2348 veritatis
2103 2308 2198 2348 ex-

622 2361 898 2419 ciderunt.
948 2367 1112 2437 Atqui
1143 2369 1602 2441 dispensationem
1648 2378 1795 2434 illam
1825 2380 1875 2434 in
1903 2398 2066 2439 carne
2095 2387 2192 2442 ad-

619 2455 907 2525 miserunt,
956 2459 1292 2529 abnegantes
1349 2471 1842 2535 prasexsistentiam
1889 2474 2014 2531 Filii
2074 2477 2189 2547 Dei,

616 2550 818 2616 varias,
855 2553 1134 2623 quodjam
1160 2557 1298 2622 dixi,
1341 2573 1587 2616 errorum
1635 2566 1858 2622 semitas
1903 2569 2192 2628 adinveneo

616 2651 765 2697 runt.
800 2643 1052 2715 Suntqui
1086 2663 1298 2703 merum
1334 2642 1488 2705 illum
1524 2653 1799 2711 hominem
1831 2661 2184 2731 arbitrantur,

614 2732 787 2786 nihilo
817 2734 1096 2791 meliorem
1125 2739 1409 2794 hominum
1447 2751 1642 2798 natura
1702 2751 2021 2816 communi,
2080 2753 2188 2808 nisi

613 2836 872 2892 quantum
893 2828 958 2882 ad
981 2829 1199 2885 virtutis
1226 2836 1631 2902 prmrogativas.
1658 2838 1729 2890 At
1757 2842 1845 2908 qui
1878 2842 2053 2911 ipsum
2086 2859 2184 2898 su-

609 2927 708 2982 per
736 2916 917 2970 omnia
954 2917 1122 2972 Deum
1146 2934 1348 2988 corpus
1398 2922 1736 2980 inhabitasse
1776 2927 2066 2998 aﬂlrmant,
2125 2942 2182 2988 et

609 3004 784 3073 ipsum
807 3009 888 3061 sui
929 3008 1098 3078 ipsius
1135 3010 1332 3066 Filium
1359 3015 1636 3071 exstitisse
1670 3031 1938 3085 asserunt,
1965 3034 2183 3094 propter

607 3093 754 3147 illam
781 3097 1074 3152 secundum
1098 3099 1372 3156 hominem
1408 3104 1894 3175 dispensationem,
1927 3127 2047 3166 cum
2072 3115 2179 3171 duo

607 3189 990 3255 concederent,
1035 3191 1201 3246 Deum
1249 3205 1412 3263 atque
1471 3197 1783 3264 hominem,
1831 3217 1859 3254 a
1895 3204 2057 3258 tertio
2091 3221 2179 3261 ses-

603 3276 865 3346 metipsos
882 3278 1251 3346 excluserunt,
1276 3283 1627 3341 Servatorem
1657 3289 1831 3356 ipsum
1858 3291 1949 3346 Dei
1978 3292 2176 3351 Filium

602 3368 936 3438 unigenitum
978 3370 1316 3443 abnegando;
1341 3381 1400 3438 >14
1431 3375 1583 3432 Hanc
1615 3379 1744 3434 olim
1769 3380 2036 3439 Sabellius
2063 3394 2177 3442 tue-

599 3457 764 3513 batur
801 3463 1132 3518 scntentiam
1160 3482 1173 3518 :
1231 3475 1286 3520 et
1320 3468 1387 3521 ad
1437 3468 1583 3522 illam
1614 3485 1757 3527 nunc
1789 3473 2000 3531 delatus
2029 3475 2174 3532 Mar-

599 3551 768 3607 cellus
798 3553 950 3606 abiit.
979 3553 1104 3623 Qui,
1132 3573 1240 3612 non
1270 3559 1432 3614 aliter
1489 3576 1650 3630 quam
1684 3563 1854 3620 Judaei
1887 3567 2128 3626 inﬁdeles
2153 3609 2170 3636 ,

597 3656 656 3697 se
691 3645 856 3698 Deum
882 3661 1176 3716 agnoscere
1195 3651 1537 3720 proﬁtentur.
1557 3656 1648 3725 qui
1670 3667 1754 3712 est
1771 3671 1936 3728 super
1958 3675 2168 3730 omnes,

595 3735 781 3790 ethoc
826 3739 1178 3796 vehementer
1229 3755 1444 3815 urgent.
1502 3747 1754 3806 Secundo
1785 3767 2000 3822 quoque
2050 3754 2169 3812 loco

596 3839 818 3880 carnem
847 3841 1146 3897 agnoschnt
1166 3834 1231 3888 de
1257 3833 1476 3904 Virgine
1504 3849 1771 3908 sumptam
1787 3843 2163 3903 sanctissima:

596 3915 817 3969 tertium
851 3933 981 3974 vero
1011 3921 1165 3987 illud,
1192 3925 1334 3991 quod
1362 3935 1446 3979 est
1469 3929 1699 3996 primum
1738 3931 1930 3988 salutis
1966 3945 2165 3992 nostra:

593 4015 776 4074 caput,
805 4007 1022 4075 Filium,
1052 4026 1211 4080 quem
1247 4016 1392 4071 velut
1438 4021 1612 4076 obviis
1646 4021 1786 4077 ulnis
1819 4026 2161 4094 amplectun-

593 4105 702 4160 tur,
729 4097 903 4152 lucem
933 4109 1096 4167 atque
1127 4108 1438 4177 veritatem,
1466 4127 1560 4180 per
1585 4114 1994 4186 abnegationem
2016 4121 2159 4192 Filii,

587 4203 620 4242 a
648 4190 896 4247 veritatis
935 4193 1051 4249 lucc
1085 4199 1423 4256 exciderunt.
1456 4203 1593 4260 Hinc
1616 4216 1718 4274 est,
1746 4220 1805 4264 ut
1828 4210 1947 4266 illos
1971 4190 2159 4270 audias

583 4297 711 4338 Inus
739 4299 904 4338 unum
940 4289 1160 4355 quidem
1190 4291 1358 4346 Deum
1385 4299 1725 4364 contitentes,
1747 4311 1800 4354 et
1827 4318 2042 4360 carnem
2065 4322 2158 4362 ve-

585 4386 846 4431 nerantes
873 4393 902 4432 a
933 4378 1228 4438 Servatore
1253 4395 1560 4456 susceptam
1594 4407 1610 4444 :
1645 4399 1700 4444 at
1740 4392 1933 4449 Filium
1961 4396 2156 4453 nihilo-

2326 562 2488 624 αὐτὸς
2545 564 2877 620 ἀπεστάλθαι
2918 572 3156 642 συνεχῶς
3201 575 3471 644 ὁρωλογεί.
3514 581 3675 652 Ἡμῖν
3718 571 3888 641 τοίνυν

2325 648 2404 716 εἷς
2431 654 2560 719 Θεὸς
2588 659 2616 708 6
2652 657 2860 729 Πατὴρ,
2901 661 2970 726 ἐξ
3006 661 3077 719 οὗ
3109 667 3180 718 τὰ
3206 667 3420 733 πάντα,
3455 648 3596 726 κατά
3607 675 3697 726 τὸν
3739 678 3887 734 Ἀπό-

2327 745 2525 800 στολοψ
2583 753 2674 804 καὶ
2717 748 2795 817 εἷς
2823 755 3023 827 Κύριος
3063 758 3267 827 Ἰησοῦς
3293 762 3543 832 Χριστὸς,
3595 765 3667 819 δι’
3707 757 3779 824 οὗ
3814 772 3886 825 τὰ

2322 834 2535 900 πάντα,
2567 841 2595 892 6
2623 841 2803 911 προὼν
2831 845 2925 897 τοῦ
2955 845 3088 899 Θεοῦ
3119 853 3408 924 μονογενὴς
3433 855 3577 921 Υἱὸς,
3597 859 3691 911 καὶ
3710 859 3885 930 τρίτος

2321 926 2350 977 6
2383 929 2519 981 κατὰ
2549 932 2724 1002 σάρκα
2756 935 2878 998 Υίὸς
2902 937 3205 1009 ἀνθρώπου,
3240 943 3296 994 ὃν
3340 945 3407 997 δι’
3439 949 3584 1018 ἡμᾶς
3604 926 3884 1025 ἀνείληφεν

2320 1019 2348 1070 ι
2376 1018 2503 1084 Υἱὸς
2524 1022 2617 1074 τοῦ
2652 1025 2808 1080 Θεοῦ.
2858 1029 2995 1082 Ἀλλ’
3018 1031 3140 1085 οὔτε
3172 1034 3199 1086 δ
3228 1036 3480 1108 ἀνείληφε
3516 1041 3671 1112 σῶμα
3695 1018 3883 1102 mea

2318 1102 2386 1177 ἦν
2405 1109 2480 1180 τῷ
2509 1113 2816 1184 ἀνειληφότι
2858 1118 2970 1189 Υίῷ
2998 1121 3091 1174 τοῦ
3137 1123 3291 1177 Θεοῦ*
3323 1102 3446 1180 οὔτε
3491 1102 3650 1195 αὐτὸς
3685 1135 3714 1186 ὁ
3761 1134 3882 1199 Υἱὸς

2317 1199 2410 1252 τοῦ
2437 1202 2570 1256 Θεοῦ
2600 1202 2682 1268 εἷς
2713 1209 2809 1261 καὶ
2851 1211 2880 1262 6
2923 1213 3084 1276 αὐτὸς
3119 1213 3184 1267 ἂν
3215 1219 3492 1292 νομισθείη
3518 1221 3601 1292 τῷ·
3628 1241 3880 1301 γεγεννη-

2315 1298 2455 1347 κότι·
2487 1298 2656 1368 τριῶν
2683 1300 2745 1372 δὴ
2779 1303 2980 1359 τούτων
3012 1309 3400 1381 ὑποκειμένων,
3426 1316 3474 1368 οἱ
3495 1316 3587 1370 δύο
3634 1319 3876 1389 διδόντες,

2314 1386 2375 1438 τὸ
2409 1389 2588 1459 τρίτον
2622 1392 2666 1443 δ’
2691 1395 2930 1450 ἐκποδὼν
2963 1400 3290 1472 ποιούμενοι,
3319 1407 3416 1478 τῆς
3433 1409 3754 1483 Ἐκκλησίας
3775 1386 3880 1472 εἷεν

2315 1475 2382 1530 ἂν
2415 1478 2728 1554 ἀπόϐλητοι.

2966 1767 3121 1821 ΚΕΦ.
3154 1772 3228 1824 Ζ’.

2239 1828 2282 1884 Β
2311 1842 2501 1912 Ὅπως
2538 1851 2592 1902 οἱ
2613 1850 2945 1935 ἐτερόδρξοι
2973 1857 3282 1935 διαφόρωςΔ
3300 1863 3409 1934 τῆς
3438 1869 3569 1935 περὶ
3601 1871 3707 1925 τοῦ
3740 1871 3870 1928 Υίοῦ

2693 1925 2999 1994 θεολογίας
3021 1925 3497 1991 ἐφὶπὲπέώκάὰιν.

2377 2006 2487 2076 Τὴν
2534 2008 2597 2082 δὴ
2647 2012 2743 2081 μὲν
2790 2015 2967 2086 σάρκα
3016 2018 3108 2071 τοῦ
3150 2022 3399 2093 Σωτῆρος
3441 2026 3745 2095 ἄθεοίτινες
3765 2033 3869 2088 τῶν

2303 2097 2622 2195 ἑτεροδόξων
2655 2111 3142 2182 παραιτησάμενοι,
3187 2117 3312 2191 δόξῃ
3342 2119 3397 2172 δέ
3438 2139 3542 2176 τινι
3577 2129 3868 2195 φαντασίας

2300 2181 2475 2258 ὦφθαι
2505 2195 2665 2248 αὐτὸν
2686 2199 2776 2250 ἐπὶ
2813 2200 2911 2271 τῆς
2947 2181 3061 2272 γῆς
3088 2181 3387 2277 εἰρηκότες,
3421 2181 3626 2283 πρῶτοι
3657 2217 3748 2270 τοῦ

2298 2276 2554 2353 ἀληθείας
2584 2290 2784 2343 σκοποῦ
2834 2276 3289 2368 διημαρτήκασιν,
3319 2304 3380 2355 Ui
3409 2276 3577 2377 δέτὴν
3611 2276 3864 2382 ἔνσαρκόν

2296 2376 2606 2449 οἰκονομίαν
2642 2385 3120 2458 παραδεδεγμένοι,
3151 2393 3241 2446 τὸν
3276 2395 3332 2447 δὲ
3358 2376 3590 2469 προόντα
3611 2402 3703 2455 τοῦ
3732 2376 3862 2460 Θεοῦ

2297 2465 2424 2519 Υίὸν
2467 2470 2854 2544 ἀρνησάμενοι,
2897 2479 3166 2545 ποικίλας,
3205 2484 3280 2548 ὡς
3313 2465 3469 2558 ἔφην,
3513 2493 3724 2557 ἑαυτοῖς
3766 2497 3864 2551 ἀν-

2294 2558 2441 2624 οδίας
2473 2563 2796 2636 ἐπενόησαν.
2831 2570 2893 2621 Οί
2921 2570 2977 2622 δὲ
3021 2571 3175 2640 ψιλὸν
3224 2576 3528 2648 ἄνθρωπον,
3557 2584 3653 2654 τῆς
3681 2587 3862 2658 κοινῆς

2293 2650 2543 2707 ἁπάντων
2564 2656 2774 2725 φύσεως
2811 2664 2930 2714 κατ’
2961 2665 3110 2718 οὐδὲν
3145 2669 3424 2739 κρείττονα
3452 2674 3483 2745 ἢ
3514 2676 3636 2730 ὅσον
3665 2679 3861 2752 ἀρετῆς

2289 2747 2686 2817 προτερήμασι,
2722 2753 3000 2820 γεγονέναι
3043 2757 3202 2812 αύτὸν
3247 2763 3548 2834 εἰρηκότες.
3580 2770 3642 2821 Οί
3681 2771 3726 2822 δ’
3771 2747 3859 2827 αύ-

2287 2835 2376 2888 τὸν
2401 2838 2678 2910 ἐνοικῆσαι
2721 2843 2810 2897 τὸν
2853 2846 2960 2899 τῶν
2989 2848 3123 2902 ὅλων
3148 2851 3278 2906 Θε-ὸν
3315 2854 3392 2925 τῷ
3425 2857 3633 2929 σώματι
3656 2861 3856 2935 δογμα-

2285 2929 2552 2995 τίσαντες,
2589 2933 2716 2987 Υἱόν
2743 2954 2802 2989 τε
2830 2939 2993 2993 αὐτὸν
3050 2943 3244 2996 ἑαυτοῦ
3277 2951 3610 3019 χρηματίσαι
3638 2929 3850 3023 φάντες,

2283 3017 2351 3070 δι’
2375 3021 2440 3091 ἢν
2489 3023 2750 3113 ὑπέμεινε
2798 3032 2916 3083 κατ’
2966 3035 3246 3107 ἄνθρωπον
3293 3017 3757 3113 οἰκονομίανίδύο

2281 3108 2460 3174 δόντες
2513 3106 2677 3180 οὗτοι,
2715 3117 2848 3172 Θεὸν
2902 3122 2994 3174 καὶ
3044 3124 3349 3196 ἄνθρωπον,
3397 3129 3491 3182 τοῦ
3540 3132 3724 3203 τρίτου
3760 3135 3851 3188 τὸν

2283 3202 2546 3270 μονογενῆ
2563 3203 2656 3256 τοῦ
2689 3205 2823 3259 Θεοῦ
2852 3207 2999 3277 Υἱὸν,
3020 3213 3406 3284 ἀρνησάμενοι.
3447 3202 3661 3274 Τούτων
3686 3223 3850 3279 πάλαι

2281 3291 2379 3360 μὲν
2415 3293 2718 3361 Σαόέλλιος,
2765 3302 2882 3354 νυνὶ
2939 3303 2994 3356 δὲ
3041 3307 3381 3376 Μάρκελλος,
3419 3315 3483 3383 τῇ
3515 3313 3708 3388 γνώμῃ
3735 3335 3851 3372 συν-

2277 3384 2640 3453 απαχθέντες,
2662 3389 2752 3442 τὸν
2775 3392 2873 3461 μὲν
2902 3395 2995 3448 ἐπὶ
3031 3397 3245 3452 πάντων
3289 3401 3422 3456 Θεὸν
3457 3384 3720 3462 Ἰουδαίων
3735 3412 3847 3476 τοῖς

2275 3471 2522 3539 ἀπίστοις
2543 3479 2743 3548 ὁμοίως
2787 3479 2846 3536 εὖ
2874 3485 3017 3556 μάλα
3046 3489 3242 3543 είδέναι
3264 3491 3712 3566 διισχυρίζονται’

2273 3563 2522 3639 δεύτερον
2569 3571 2668 3642 τὴν
2722 3574 2897 3648 σάρκα
2941 3579 3037 3651 τὴν
3090 3583 3155 3634 ὲκ
3212 3583 3310 3653 τῆς
3353 3563 3512 3654 ἁγίας
3566 3591 3840 3664 Παρθένου

2273 3662 2773 3733 συνωμολογήκασι·
2822 3667 2934 3738 (ἳὸ)
2974 3671 3036 3724 τὸ
3066 3672 3124 3725 δὲ
3153 3674 3357 3744 τρίτον,
3395 3679 3527 3733 αὐτὸ
3570 3681 3632 3734 τὸ
3655 3662 3844 3754 ήκεφά-

2279 3747 2431 3804 λαιον
2475 3754 2575 3825 τῆς
2605 3757 2855 3813 ἁπάντων
2894 3762 3048 3833 ἡμῶν
3100 3768 3392 3839 σωτηρίας,
3447 3771 3541 3825 τὸν
3571 3775 3696 3828 Υἰὸν
3745 3747 3840 3832 τοῦ

2268 3838 2401 3893 Θεοῦ
2430 3849 2996 3920 παραγκωνισάμενοι,
3015 3853 3130 3922 φῶς
3144 3838 3273 3910 ὄντα
3295 3859 3386 3911 καὶ
3411 3861 3663 3933 ἀλήθειαν
3679 3867 3836 3938 ὁμοῦ,

2265 3935 2329 4002 τῇ
2360 3935 2584 4006 ἀρνήσει
2637 3940 2729 3993 τοῦ
2780 3942 2930 4008 Υίοῦ,
2976 3946 3068 3998 καὶ
3097 3946 3188 4000 τοῦ
3226 3949 3324 4020 τῆς
3369 3952 3625 4023 ἀληθείας
3663 3935 3838 4028 φωτὸς

2265 4027 2700 4087 ἑκπεπτὼκασιν.
2749 4035 2940 4089 Ἔνθεν
2973 4038 3068 4091 ἕνα
3107 4040 3206 4110 μὲν
3245 4041 3380 4097 Θεὸν
3431 4027 3836 4118 ὁμολογούντων

2262 4118 2439 4172 αὐτῶν
2474 4121 2716 4189 ἀκούσει,
2760 4126 2853 4180 καὶ
2902 4128 2999 4200 τὴν
3033 4131 3211 4202 σάρκα
3247 4133 3303 4187 δὲ
3344 4136 3437 4189 τοῦ
3476 4140 3723 4213 Σωτῆρος
3749 4163 3834 4198 τι-

2263 4210 2506 4280 μώντων·
2524 4215 2614 4268 τὸν
2644 4217 2700 4270 δὲ
2724 4220 3075 4290 ἐνοικήσαντα
3107 4229 3172 4297 τῇ
3213 4230 3374 4301 σαρκὶ
3398 4231 3532 4286 Θεοῦ
3567 4210 3692 4289 Υίὸν
3723 4257 3834 4308 φω-

2258 4303 2320 4371 νῇ
2347 4304 2443 4372 μὲν
2478 4305 2570 4358 καὶ
2613 4308 2814 4376 χείλεσι
2846 4315 3318 4387 παραδεχομένων,
3363 4321 3509 4394 ἔργῳ
3544 4325 3599 4379 δὲ
3636 4303 3832 4402 παραι-

2256 4395 2548 4466 τουμένων.
2574 4399 2702 4454 Υίὸν
2723 4401 2830 4475 γὰρ
2849 4403 2981 4458 Θεοῦ
3017 4409 3152 4480 χρῆν
3180 4409 3380 4483 ζητεῖν,
3412 4417 3626 4488 ἀληθῶς
3651 4395 3832 4485 ζιῦντα

582 4467 764 4523 minus
801 4467 905 4537 Dei,
931 4471 1324 4530 inhabitantem
1367 4478 1508 4534 hanc
1536 4495 1779 4548 carnem,
1815 4500 1945 4540 voce
1997 4498 2152 4547 tenus

586 4567 742 4579 μμ,
1431 4578 1435 4579 ν
1576 4573 1588 4579 ,
1844 4577 1852 4579 ς

2734 4467 2743 4470 -
2798 4467 2809 4475 .
3017 4467 3118 4480 .
3189 4467 3245 4483 -.
3369 4467 3426 4477 ,ν
3473 4467 3623 4488 τη.
3653 4467 3826 4485 νη...

2282 4478 2349 4538 ιὶιὶ
2377 4487 2678 4557 ὑφεστῶτα·
2719 4493 2841 4548 οὔτε
2890 4498 2980 4550 τὸν
3017 4501 3198 4566 αὐτὸν,
3253 4499 3298 4572 ᾧ
3340 4507 3651 4579 ἀνείληφεν,
3697 4513 3826 4568 ὄντα

582 4567 748 4629 atque
777 4559 953 4628 labiis,
988 4579 1108 4618 cum
1145 4578 1462 4636 agnoscant,
1490 4585 1549 4626 re
1576 4573 1686 4643 ipsa
1733 4577 1948 4644 penitus
1986 4581 2150 4639 abne-

577 4659 790 4718 gantes.
813 4642 948 4707 Nam
979 4655 1173 4711 Filium
1205 4660 1296 4714 Dei
1349 4642 1621 4730 inquirere
1649 4642 1908 4724 debemus
1951 4671 2100 4728 illum
2131 4716 2148 4741 ,

577 4742 674 4811 qui
697 4744 844 4798 vivat
870 4753 926 4799 et
951 4747 1207 4804 subsistat
1229 4765 1388 4808 vere:
1418 4770 1521 4808 non
1557 4757 1697 4812 idem
1721 4762 1808 4827 qui
1837 4776 2144 4836 censeatur,

576 4847 700 4886 cum
726 4834 815 4889 illo
869 4841 1010 4906 quod
1071 4845 1363 4914 assumpsit
1393 4860 1651 4917 corpore;
1704 4866 1804 4906 nec
1838 4854 1974 4908 idem
2019 4869 2144 4911 cum

575 4920 685 4976 Deo
728 4935 890 4994 atque
917 4927 1096 4985 Patre.
1139 4933 1326 5003 Neque
1369 4938 1510 4990 enim
1554 4941 1851 4996 secundum
1888 4945 2143 5013 pietatem

574 5028 702 5070 vere
735 5021 966 5074 senserit
1023 5023 1090 5090 is,
1135 5026 1226 5094 qui
1287 5025 1485 5083 Filium
1515 5031 1799 5098 proﬁtetur
1823 5050 1944 5090 esse
1989 5035 2139 5093 illum

573 5101 744 5158 Deum
778 5109 868 5175 qui
908 5119 995 5164 est
1043 5127 1207 5182 super
1255 5118 1459 5172 omnia.
1507 5119 1742 5192 Eceujus

570 5197 680 5252 ullo
710 5201 997 5273 principio,
1027 5209 1314 5266 amicitur?
1344 5213 1455 5270 Nec
1485 5217 1528 5271 si
1553 5219 1674 5286 quis
1708 5220 2046 5290 unigenitum
2080 5225 2176 5281 Dei

2258 4575 2490 4648 σώματι,
2519 4581 2641 4635 οὔτε
2667 4583 2757 4637 τὸν
2773 4588 2932 4641 αὐτὸν
2961 4589 3088 4643 ὄντα
3107 4592 3184 4663 τῷ
3209 4594 3326 4667 Θεῷ
3348 4599 3439 4651 καὶ
3465 4575 3656 4674 Παττρί.
3686 4602 3824 4659 Οὔτε

2253 4667 2361 4741 γὰρ
2380 4670 2471 4723 τὸν
2505 4673 2760 4730 ἐπέκεινα
2788 4677 2894 4731 τῶν
2930 4681 3066 4736 ὅλων
3109 4684 3240 4738 Θεὸν
3287 4688 3413 4743 Υἱὸν
3447 4691 3512 4745 ἄν
3537 4667 3622 4758 τις
3653 4695 3822 4750 εἰπὼν

2251 4762 2478 4835 εὐσεϐὴς
2503 4766 2607 4839 εἴη’
2625 4769 2790 4837 (τίνος
2813 4771 2920 4844 γὰρ
2957 4774 3108 4828 ἔσται
3135 4777 3263 4842 Υἱὸς
3290 4783 3318 4834 6
3347 4781 3444 4853 τὴν
3469 4785 3702 4857 ἄναρχον
3725 4790 3822 4842 καὶ

2250 4855 2542 4927 ἀγέννητον
2571 4859 2796 4932 θεότητα
2829 4867 3286 4939 περιϐεϐλημένος
3306 4873 3345 4942 ;)
3377 4873 3498 4928 οὔτε
3663 4897 3819 4949 μονο-

2244 4950 2374 5020 γενῆ
2405 4951 2494 5004 τοῦ
2521 4952 2652 5006 Θεοῦ
2697 4955 2824 5010 Υίὸν
2853 4959 3012 5012 αὑτὸν
3045 4957 3183 5015 εἶναι
3229 4965 3319 5019 τὸν
3359 4968 3576 5040 Πατέρα
3619 4989 3701 5037 τις
3735 4975 3816 5027 εί-

2243 5040 2358 5094 πὼν
2395 5043 2651 5114 δράσεται
2683 5047 2782 5119 τὴν
2818 5051 2957 5104 κατὰ
2987 5052 3094 5105 τῶν
3121 5053 3413 5129 δυσφήμων
3449 5061 3624 5134 δίκην.

1793 5127 1988 5180 matris
2021 5143 2141 5183 esse
2178 5142 2357 5198 potest
2384 5134 2473 5188 ille
2499 5134 2689 5204 Filius,
2713 5142 2804 5208 qui
2849 5143 3133 5200 divinitate
3195 5127 3431 5220 ingenita
3501 5167 3555 5210 ct
3602 5157 3808 5230 absque

2215 5226 2430 5292 Filium,
2465 5231 2828 5290 eumdemmet
2850 5246 2903 5293 et
2924 5237 3138 5296 Patrem
3168 5257 3291 5299 esse
3317 5251 3524 5316 doceat,
3546 5226 3807 5319 iudicium

569 5297 767 5362 poterit
809 5299 1105 5371 declinare,
1140 5311 1285 5378 quod
1337 5321 1422 5367 est
1472 5323 1658 5369 contra
1686 5317 1982 5376 maledicos
2025 5324 2401 5379 constitutum.

639 5520 698 5579 ἧι
727 5513 824 5572 Ed.
856 5519 1030 5581 Paris.
1065 5540 1184 5594 pag.
1212 5527 1300 5583 65.

634 5692 746 5788 $25)
792 5697 861 5784 7:6
883 5697 951 5788 es
979 5701 1376 5788 τρίτον-,νηίδα
1410 5709 1543 5788 ἀλλὰ
1566 5713 1830 5788 τὸμτρίτον
1865 5725 1918 5771 et
1947 5717 1994 5771 Μ
2004 5736 2055 5785 p.
2087 5735 2175 5787 γρ.

826 5769 846 5788 3.
898 5769 921 5788 Ρ

1419 5530 1466 5563 ⁸⁵
1493 5531 1702 5590 Coloss.
1732 5547 1772 5603 ι,
1805 5536 1890 5591 16.
1967 5537 2012 5570 ’⁸⁸
2039 5538 2174 5595 Ibid.
2213 5539 2294 5594 l7.

2211 5718 2360 5803 ὁμῶς
2409 5719 2525 5778 loco
2552 5722 2708 5796 ὁμοῦ,
2741 5739 2795 5786 et
2817 5739 2904 5803 γρ.
2948 5733 3217 5801 ἀκούσεις,
3239 5737 3356 5797 loco
3385 5739 3628 5798 ἀκούσει.
3661 5739 3801 5799 Dein

635 5735 746 5767 \-v,
793 5735 859 5750 ιυ
883 5735 946 5750 νς.
983 5735 1163 5767 ιμιιυι
1184 5744 1196 5757 .
1220 5735 1376 5775 νιιιδυ
1410 5735 1543 5764 alma
1566 5735 1626 5764 το
1651 5735 1830 5783 τριτον
1865 5735 1918 5771 ει
1947 5735 2055 5785 Ml).
2087 5735 2175 5787 γρ.
2211 5735 2238 5770 ο
2285 5735 2318 5770 (ι

557 5763 718 5830 τυεεο
749 5769 850 5834 χρὴ
891 5769 1070 5837 ζητεῖν
1097 5785 1148 5829 et
1176 5775 1315 5829 κατά
1339 5794 1384 5829 τ.
1415 5779 1687 5836 summa»
1721 5786 1874 5856 δίκην
1907 5799 1960 5843 et
1996 5788 2076 5841 διὸ
2108 5789 2166 5842 δὲ
2199 5735 2318 5858 eis).
