4158 6390
330 349 433 410 8ὓ7
1320 344 1411 400 DE
1448 338 1972 399 ECCLESIASTICA

1919 339 1978 393 ΞΑ
2010 338 2405 395 THEOLOGIA
2436 337 2567 395 LIB.
2601 334 2646 392 I.
3452 328 3561 392 838

1219 475 1252 522 ὀ
1926 476 1966 522 Α
2608 456 2763 513 CAP.
2808 455 2945 512 VIII.

986 470 1139 523 ΚΕΦ.
1172 469 1252 522 H'.

329 560 658 631 Παράθεσις
694 559 804 630 τῆς
852 559 1058 683 ὐγκόῦὲ
1097 560 1203 683 ἔρ)
1258 558 1763 626 ἐκκλησιαστικης
1804 568 1899 623 ορ·
1923 476 1971 532 Α

989 647 1021 682 o
1060 646 1092 682 ο
1157 645 1250 683 ac.

2608 469 2763 513 (ΛΡ.
2815 469 2945 512 VIII.

1923 476 1972 532 Α
2000 552 2326 621 Proponitur
2373 552 2669 606 orthodoxa
2713 558 2766 605 et
2812 547 3068 604 salutaris
3114 546 3364 602 Ecclesia
3405 547 3560 616 ﬁdes.

989 645 1250 683 οοοειαο.

904 630 907 631 ⁷
953 630 1092 683 θοδο
1135 630 1195 681 [α
1236 670 1250 683 .

394 724 484 776 Διὸ
514 723 577 795 δὴ
602 723 699 795 τὴν
726 721 938 775 εὐθεῖαν
968 721 1062 774 καὶ
1088 630 1370 790 ξασὲιικὴν
1395 718 1511 772 ὁδὸν
1530 717 1897 793 ὀρθοτομοῦσα
1990 778 1999 787 ,

1990 778 1999 787 .
2067 710 2408 781 Quapropter
2432 711 2518 766 via
2548 710 2694 782 regia
2722 718 2881 781 atque
2911 718 3056 766 recta
3089 709 3345 766 incedens
3372 709 3562 795 Eccle-

330 816 359 887 ἢ
405 778 697 885 Ἐκκλῆσία
738 813 828 867 τοῦ
855 812 1009 876 Θεοῦ,
1041 778 1136 875 «ca,
1169 811 1266 881 μὲν
1302 778 1466 874 ἀλλας
1513 778 1898 882 παρεκτροπάς

1998 804 2077 860 sia
2130 804 2245 869 Dei,
2302 804 2620 859 diverticula
2664 819 2695 859 a
2748 817 2808 859 se
2844 804 3058 873 ablegat
3112 790 3565 873 cuiusquemodi:
3620 872 3630 890 γ

327 904 711 974 ἀπεδοκίμασε,
745 906 854 968 τοῖς
877 904 921 958 δ’
944 904 1119 974 αὐτῆς
1144 902 1421 974 θρέμμασι
1449 901 1549 972 τῆς
1576 901 1758 954 ὲνθέου
1797 901 1897 970 χά-

1998 895 2134 960 suis,
2162 895 2252 964 qui
2299 904 2441 959 sunt,
2474 895 2705 950 alumnis
2746 896 2935 966 gratias
2972 895 3172 951 divina:
3202 896 3561 966 cognitionem

327 1014 471 1068 ριτος
501 971 828 1066 παραδίδωσι
865 994 964 1066 τὴν
984 971 1226 1063 ξγνῶσιν,
1249 971 1384 1049 κατ’
1416 971 1548 1047 αὐτὸ
1572 992 1671 1065 τῆς
1705 990 1899 1061 παλιγ-

1997 986 2342 1040 commendat
2390 1000 2405 1037 :
2451 984 2576 1039 dum
2629 985 2683 1041 in
2740 986 2859 1057 ipso
2900 987 3326 1057 regenerationis
3385 991 3567 1045 sacra:

325 1088 571 1156 γενεσίας
606 1088 898 1159 μυστήριον
938 1087 1220 1158 ὁμολογεῖν
1261 1085 1583 1139 διδάσκουσα
1628 1086 1764 1157 (καὶ)
1810 1104 1899 1138 πι-

1998 1086 2178 1132 mento
2205 1076 2362 1132 docet
2396 1077 2662 1144 confiteri,
2716 1087 2770 1133 et
2802 1078 3024 1136 credere
3079 1080 3131 1135 in
3182 1095 3347 1135 unum
3399 1080 3565 1136 Deum

326 1175 535 1229 στεύειν
565 1176 676 1244 (24)
695 1178 775 1240 εἰς
805 1176 901 1231 ἕνα
929 1176 1080 1241 Θεὸν,
1099 1176 1316 1247 Πατέρα
1347 1174 1781 1247 παντοκράτορα,
1811 1191 1898 1227 τε-

1999 1168 2216 1224 Patrem
2263 1171 2729 1240 omnipotentem,
2800 1170 3093 1239 perfectam
3156 1174 3271 1228 suis
3325 1173 3569 1228 numeris

323 1268 472 1321 λείαν
496 1268 590 1321 καὶ
618 1267 819 1338 ἀκριϐῆ
870 1267 961 1320 καὶ
986 1267 1275 1339 ὁλόκληρον
1310 1265 1513 1338 ταύτην
1556 1266 1753 1319 εἰδέναι
1781 1265 1894 1337 (25)

1998 1269 2271 1322 exactam,
2292 1269 2347 1314 et
2373 1268 2802 1314 consummatam
2837 1261 3072 1330 undique
3101 1261 3241 1319 hanc
3273 1276 3385 1331 prae
3409 1276 3468 1317 se
3492 1263 3568 1317 fe-

324 1357 663 1428 παρέχουσαν
690 1355 786 1427 τὴν
812 1356 1103 1426 θεολογίαν,
1132 1357 1167 1427 ἢ
1189 1356 1321 1410 Θεὸν
1354 1357 1450 1427 μὲν
1481 1358 1576 1410 ἕνα
1597 1356 1898 1427 παραδίδω-

1998 1364 2125 1405 rens
2155 1349 2477 1405 credendam
2504 1347 2784 1417 tbeoIOgiae
2813 1351 3099 1416 rationem,
3147 1364 3253 1420 qua
3280 1349 3421 1405 Deus
3448 1365 3566 1405 esse

325 1464 429 1511 σιν,
470 1448 801 1520 ἀφορίζουσα
837 1450 936 1520 τῆς
980 1449 1292 1521 Ἑλληνικῆς
1336 1449 1426 1501 καὶ
1458 1447 1717 1501 πολυθέου
1764 1446 1894 1500 πλάο

1999 1455 2134 1495 unus
2168 1443 2416 1508 traditur,
2459 1457 2794 1512 paganorum
2847 1442 2913 1496 de
2961 1443 3065 1497 diis
3113 1443 3296 1498 multis
3346 1458 3566 1499 errores

325 1556 440 1609 νηςο
484 1540 701 1612 Πατέρα
726 1540 781 1592 δὲ
808 1540 968 1594 αὐτὸν
991 1536 1096 1593 οἵδε
1129 1541 1229 1611 τῆς
1267 1539 1560 1610 Ἰουδαϊκῆς
1591 1538 1896 1610 χωρίζουσα

1997 1531 2357 1595 refelluntur;
2401 1548 2503 1601 qua
2529 1533 2840 1603 agnoscitur
2882 1532 3020 1588 idem
3054 1526 3197 1589 Deus
3229 1533 3393 1589 Pater
3425 1553 3437 1589 :
3470 1549 3566 1604 per

323 1629 683 1696 διδασκαλίας,
732 1632 1145 1704 παντοκράτορα
1182 1631 1238 1685 δὲ
1281 1630 1439 1684 αὐτὸν
1487 1630 1756 1700 ὁμολογεῖ,
1797 1630 1896 1699 τῆς

1996 1639 2156 1693 quam
2214 1613 2615 1679 confessionem
2664 1638 2819 1679 suam
2865 1625 3190 1679 discernitur
3240 1613 3482 1682 Ecclesia
3534 1642 3565 1682 a

301 1702 432 1774 ’τῶν
482 1721 655 1775 ἀθέων
700 1702 1018 1792 ἑτεροδόξων
1070 1702 1518 1792 ἀποστρεφομένη
1568 1719 1665 1791 τὴν
1709 1719 1896 1772 δυσσέ-

1997 1714 2241 1783 Jndaeis;
2288 1730 2393 1785 qua
2457 1714 2767 1783 agnoscitur
2812 1715 2956 1771 idem
3014 1716 3354 1787 omnipotens
3406 1732 3561 1782 esse,

326 1810 494 1866 σειαν.
530 1813 714 1876 Οὐδεὶς
740 1812 869 1882 γοῦν
901 1813 1008 1867 τῶν
1039 1812 1357 1885 ἑτεροδόξων
1387 1811 1530 1866 εἴποι
1562 1811 1629 1865 ἂν
1657 1810 1746 1865 τὸν
1779 1813 1892 1864 Παο
1924 1816 1968 1871 Β

1924 1816 1968 1871 Β
1997 1809 2280 1862 atbeorum
2311 1817 2368 1863 et
2419 1808 2799 1862 haereticorum
2841 1796 3172 1878 impietatem
3226 1808 3563 1865 detestanda.~

325 1902 455 1973 τέρα
487 1901 579 1956 τοῦ
610 1904 868 1977 Χριστοῦ,
906 1905 1071 1958 αὑτὸν
1098 1900 1236 1958 εἶναι
1284 1904 1376 1958 τὸν
1408 1904 1538 1958 Θεὸν
1570 1904 1663 1958 τὸν
1698 1894 1895 1957 παντο-

1995 1896 2184 1953 Nullus
2211 1907 2389 1953 autem
2427 1897 2588 1968 plane
2627 1898 2770 1953 inter
2824 1898 2980 1954 aliter
3023 1900 3372 1968 proﬁtentes,
3404 1913 3566 1969 quam

326 1995 585 2068 κράτορα,
610 1997 686 2060 ὼς
726 1997 848 2050 οὐδὲ
889 1997 1155 2052 Ἰουδαίων
1188 1997 1571 2068 ὁμολογήσειεν
1606 1995 1671 2049 ἀν
1697 2013 1780 2059 τις
1802 1998 1894 2051 τὸν

1994 1990 2237 2051 Ecclesia
2282 1990 2479 2053 docet,
2529 1990 2874 2046 conﬁtebitur
2904 1980 3068 2045 Deum
3103 1991 3320 2047 Patrem
3364 1991 3567 2049 Christi

324 2088 457 2142 Θεὸν
480 2087 697 2159 Πατέρα
729 2084 886 2154 εἶναι,
920 2088 1011 2143 τὸν
1045 2090 1307 2160 μονογενῆ
1343 2088 1469 2142 Υίὸν
1500 2088 1573 2159 μὴ
1593 2087 1746 2151 εἰδώς
1767 2104 1782 2118 ’
1811 2090 1896 2142 οὔ·

1993 2101 2114 2143 esse
2160 2082 2311 2142 illum
2353 2082 2446 2158 qni
2482 2074 2625 2137 Deus
2659 2094 2742 2137 est
2776 2082 3151 2153 omnipotens;
3182 2088 3242 2146 >3
3274 2091 3334 2138 ut
3389 2098 3488 2139 nec
3535 2099 3567 2140 e

327 2176 381 2229 δέ
408 2194 474 2246 γε
496 2177 693 2248 Ἕλλην
728 2178 825 2232 Eva
856 2177 1014 2249 μόνον
1040 2181 1260 2249 φήσειεν
1289 2179 1485 2233 ειδέναι
1511 2178 1663 2232 Θεόν.
1693 2179 1792 2233 Διά
1812 2195 1892 2232 τοι

1991 2177 2297 2234 Iudaeorum
2345 2183 2496 2239 secta
2542 2172 2810 2242 quispiam
2868 2180 2953 2227 est
2994 2170 3336 2238 proiessurus
3396 2171 3566 2228 Deum

327 2264 526 2319 τούτων
545 2266 794 2321 ἁπάντων
814 2267 1253 2338 ἀποκαθαίρουσα
1274 2267 1370 2340 τὴν
1389 2267 1594 2338 πλάνην
1612 2270 1644 2340 ἡ
1667 2267 1895 2341 Ἐκκλη-

1993 2271 2232 2335 Patrem,
2260 2286 2381 2327 cum
2414 2271 2533 2340 ejus
2560 2266 2759 2326 pllium
2778 2263 3117 2333 unigenitum
3148 2277 3257 2319 non
3279 2263 3563 2320 admittat:

328 2354 437 2418 σία,
470 2356 559 2410 τὸν
588 2355 683 2408 ἕνα
714 2356 845 2409 Θεὸν
879 2357 1156 2428 κηρύττει,
1184 2358 1346 2411 αὑτὸν
1385 2353 1521 2412 εἶναι
1554 2358 1647 2411 καὶ
1675 2341 1893 2430 Πατέρα

1993 2363 2088 2417 sed
2145 2377 2248 2419 nec
2306 2378 2639 2433 paganorum
2719 2362 2858 2418 ullus
2960 2354 3329 2423 concesserit,
3399 2370 3565 2410 unum

327 2450 420 2503 καὶ
451 2448 858 2521 παντοκράτορα
894 2449 1236 2514 διδάσκουσα,
1282 2450 1498 2523 Πατέρα
1532 2450 1630 2521 μὲν
1659 2450 1775 2514 ἐνὸς
1798 2450 1892 2503 τοῦ

1992 2452 2166 2508 solum
2207 2468 2331 2510 esse
2364 2454 2557 2510 Deum.
2609 2454 2693 2511 Ab
2731 2454 2956 2510 istorum
2996 2446 3241 2509 omnium
3291 2447 3567 2502 erroribus

323 2541 562 2612 Χριστοῦ
604 2542 786 2613 μόνου,
830 2542 937 2597 τῶν
985 2543 1041 2595 δὲ
1083 2544 1282 2598 λοιπῶν
1320 2544 1574 2599 ἁπάντων
1619 2546 1750 2601 Θεὸν
1799 2551 1894 2603 καὶ

1992 2544 2233 2601 Ecclesia
2291 2545 2675 2616 semundaps,
2731 2560 2897 2601 unum
2953 2546 3118 2601 Deum
3171 2537 3467 2616 praedicat.
3513 2543 3569 2591 α

324 2633 547 2704 κτίστην
586 2632 680 2685 καὶ
710 2632 932 2705 Κύριον.
965 2633 1119 2687 Οὕτω
1160 2636 1253 2689 καὶ
1286 2635 1411 2689 Υἰὸν
1457 2636 1589 2691 Θεοῦ
1630 2640 1892 2710 μονογενῆ

1991 2638 2238 2692 eumdem
2272 2652 2395 2693 esse
2421 2638 2579 2694 docet
2611 2636 2829 2694 Patrem
2871 2647 2926 2693 et
2955 2639 3378 2708 omnipotentem
3410 2654 3426 2692 :
3463 2626 3568 2689 Pa-

337 2725 542 2795 Ἰησοῦν
567 2726 798 2797 Χριστὸν
825 2727 1174 2798 παραδίδωσι,
1202 2728 1293 2781 τὸν
1314 2728 1423 2800 πρὸ
1446 2730 1660 2785 πάντων
1685 2731 1893 2787 αἰώνων

1994 2737 2131 2784 trem
2159 2728 2377 2799 quidem
2406 2729 2568 2785 unius
2593 2729 2764 2786 solius
2807 2728 3050 2795 Christi;
3089 2728 3328 2785 omnium
3382 2737 3560 2783 autem

323 2816 388 2870 ὲκ
408 2816 500 2869 τοῦ
535 2818 744 2889 Πατρὸς
770 2820 1193 2890 γεγεννημένον·
1233 2820 1293 2873 οὐ
1336 2821 1428 2873 τὸν
1455 2821 1614 2875 αὑτὸν
1656 2822 1785 2876 ὅντα
1817 2822 1894 2895 τῷ

1992 2817 2275 2874 Dominum
2325 2828 2381 2874 et
2427 2819 2786 2885 conditorem,
2839 2826 2894 2874 et
2943 2817 3134 2874 Deum.
3178 2816 3262 2873 Ad
3314 2816 3563 2872 eumdem

323 2909 518 2980 Πατρὶ,
554 2909 673 2963 καθ’
712 2910 901 2963 ἑαυτὸν
934 2910 989 2963 δὲ
1017 2911 1146 2964 ὄντα
1180 2910 1271 2964 καὶ
1300 2910 1498 2975 ζῶντα,
1545 2913 1638 2966 καὶ
1678 2914 1895 2985 ἀληθῶς

1992 2930 2204 2987 quoque
2249 2917 2468 2973 modum
2517 2915 2614 2972 Dei
2669 2915 2868 2970 Filium
2917 2915 3252 2986 unigenitum
3320 2912 3565 2981 agnoscit

321 2999 450 3052 Υἰὸν
503 3000 725 3053 συνόντα
757 2999 892 3071 (26),
939 3000 1072 3054 Θεὸν
1116 3000 1228 3072 (27)
1259 3001 1324 3053 ὲκ
1356 3000 1513 3066 Θεοῦ,
1562 3002 1655 3056 καὶ
1687 3004 1801 3072 φῶς
1829 3005 1894 3057 ὲκ

1991 3023 2139 3078 eum,
2168 3011 2259 3080 qui
2293 3019 2419 3065 ante
2453 3010 2639 3066 omnia
2664 3007 2863 3065 saecula
2890 3008 2958 3064 de
2985 3007 3144 3064 Patre
3173 3007 3274 3062 fuit
3301 3008 3515 3077 genitus
3543 3024 3558 3061 ι

324 3089 520 3160 φωτὸς,
556 3092 647 3143 καὶ
685 3091 827 3163 ζωὴν
866 3094 930 3146 ὲκ
974 3093 1152 3163 ζωῆς’
1195 3091 1442 3163 ἀλέκτοις
1474 3093 1568 3146 καὶ
1611 3095 1890 3167 ἀρρήτοιςν
1925 3155 1960 3167 .-

1925 3155 1960 3167 η
1994 3114 2099 3153 non
2139 3099 2290 3154 illum
2315 3110 2483 3167 certe.
2521 3098 2770 3156 eumdem
2828 3114 2954 3155 cum
2995 3098 3151 3153 Patre
3189 3098 3562 3164 exsistentem,

325 3155 421 3237 καὶ
452 3155 796 3239 παντάπασιν
833 3155 1131 3252 ἀγνώστοις
1170 3156 1323 3256 ἡμῖν,
1364 3155 1459 3240 καὶ
1491 3155 1895 3259 ἀκαταλήπτοις
1920 3155 1962 3213 C

1920 3155 1962 3213 α
1995 3198 2051 3245 at
2079 3205 2176 3260 per
2203 3206 2262 3247 se
2303 3193 2716 3258 subsistentem,
2760 3193 3137 3260 viventemque
3174 3203 3302 3244 vere
3346 3175 3559 3254 Filium,

325 3275 503 3345 λόγοις
533 3278 598 3329 ὲκ
622 3275 716 3330 τοῦ
735 3277 947 3349 Πατρὸς
975 3278 1066 3332 ἐπὶ
1088 3278 1329 3351 σωτηρίᾳ
1357 3279 1464 3333 τῶν
1483 3279 1619 3333 ὅλων
1639 3295 1893 3352 γεγεννη-

1994 3292 2118 3333 cum
2147 3278 2306 3334 Patre
2343 3282 2766 3339 coexsistentem
2804 3281 2972 3337 Deum
3017 3280 3084 3336 de
3115 3279 3242 3347 Deo,
3272 3280 3450 3334 lumen
3499 3282 3564 3333 de

327 3370 505 3440 μένον,
522 3371 617 3424 καὶ
636 3370 732 3441 οὐχ
758 3370 956 3441 ὁμοίως
981 3371 1078 3441 μὲν
1105 3373 1215 3436 τοῖς
1241 3371 1446 3435 λοιποῖς
1467 3374 1740 3443 γεννητοῖς
1765 3373 1896 3427 ὐπο-

1993 3369 2234 3429 Iumine:
2270 3374 2437 3426 vitam
2463 3374 2529 3428 de
2555 3374 2664 3428 vita
2692 3391 2707 3441 ;
2746 3371 3242 3434 inenarrabilibus,
3276 3369 3564 3425 ineffabili-

325 3462 546 3526 στάντα,
580 3462 699 3516 οὐδὲ
726 3462 869 3534 ζωὴν
899 3463 1108 3534 ἐμφερῆ
1135 3465 1245 3527 τοῖς
1282 3463 1348 3516 δι’
1371 3464 1533 3517 αὐτοῦ
1562 3463 1894 3534 γεγεννημέ-

1993 3460 2139 3526 bus,
2191 3460 2505 3519 omnimodo
2552 3463 2848 3535 incognitis
2899 3474 2955 3519 et
3008 3462 3563 3533 imperscrutabilibus

324 3570 435 3617 νοις
467 3551 663 3619 ζῶντα,
705 3552 866 3624 μόνον
913 3554 971 3608 δὲ
1023 3552 1084 3618 ἐξ
1116 3552 1283 3607 αὑτοῦ
1322 3553 1415 3607 τοῦ
1462 3553 1673 3625 Πατρὸς
1701 3555 1896 3608 ἀποτε-

1993 3552 2294 3608 rationibus
2322 3552 2391 3609 de
2418 3554 2580 3610 Patre
2611 3556 2876 3627 genitum,
2910 3557 2977 3610 ad
3013 3553 3243 3608 salutem
3298 3553 3562 3608 universis

324 3646 545 3718 χθέντα,
579 3648 673 3700 καὶ
700 3646 979 3719 αὐτοζωὴν
1020 3646 1165 3701 ὅντα.
1194 3646 1306 3700 Καὶ
1331 3645 1536 3717 ἔπρεπε
1568 3644 1677 3717 γὰρ
1698 3645 1776 3716 τῷ
1803 3646 1894 3699 ἐπὶ

1992 3644 2414 3712 procurandam.
2475 3643 2591 3701 Non
2647 3645 2903 3701 similiter
2955 3644 3079 3701 aliis
3125 3644 3504 3700 subsistentem
3543 3662 3560 3700 :-

324 3738 542 3792 πάντων
565 3736 704 3808 Θεῷ,
738 3736 844 3809 πρὸ
882 3736 1083 3800 παντὸς
1116 3732 1397 3805 γεννητοῦ,
1427 3733 1522 3788 καὶ
1544 3734 1650 3806 πρὸ
1678 3734 1893 3789 πάντων

1993 3749 2094 3791 nec
2118 3735 2282 3790 vitam
2311 3736 2580 3792 viventem
2607 3751 2729 3792 cum
2763 3737 2871 3792 illis
2899 3751 3082 3808 parem
3118 3736 3209 3807 qui
3238 3738 3308 3794 ab
3339 3752 3404 3792 eo
3436 3745 3563 3792 sunt

325 3826 557 3892 αἰώνων,
598 3828 658 3881 τὸ
691 3828 973 3898 μονογενὲς
1015 3826 1173 3880 τοῦτο
1204 3824 1598 3898 προϐάλλεσθαι
1628 3824 1891 3897 γέννημα,

1993 3827 2163 3882 creati
2193 3841 2209 3880 :
2243 3826 2417 3883 solum
2459 3828 2527 3884 de
2580 3827 2697 3883 solo
2748 3828 2910 3884 Patre
2954 3829 3190 3900 genitum
3221 3845 3238 3885 :
3269 3829 3563 3899 ipsammet

326 3919 514 3989 ὥσπερ
544 3919 665 3973 τινὰ
696 3918 935 3990 κρηπίδα
963 3917 1057 3972 καὶ
1087 3916 1330 3988 θεμέλιον
1368 3916 1606 3987 ἀρραγῆ,
1633 3914 1740 3968 τῶν
1768 3914 1896 3986 μελ-

1992 3917 2160 3973 vitam
2197 3906 2571 3976 exsistentem.
2609 3919 2740 3973 Erat
2788 3920 2933 3974 enim
2984 3920 3094 3977 Deo
3137 3921 3466 3977 conveniens
3507 3929 3562 3978 et

326 4008 527 4064 λόντων
545 4011 609 4065 δι’
624 4010 785 4065 αὐτοῦ
808 4009 1180 4083 γεννήσεσθαι.
1200 4010 1291 4061 Διὸ
1304 4008 1381 4095 δὴ
1405 4007 1511 4078 πρὸ
1540 4007 1755 4062 πάντων
1788 4006 1894 4061 τῶν

1993 4021 2312 4078 congruum,
2354 4010 2447 4080 qui
2491 4023 2653 4079 super
2689 4025 2878 4067 omnes
2915 4020 3021 4076 est,
3073 4010 3164 4081 qui
3204 4020 3329 4067 ante
3381 4013 3560 4068 omnia

331 4102 632 4177 μελλόντων
654 4103 870 4157 ἔσεσθαι
900 4104 989 4157 τὸν
1012 4103 1141 4155 Υίὸν
1164 4101 1377 4171 ἐγέννα,
1404 4099 1594 4171 ὥσπερ
1608 4099 1751 4163 τινὸς
1778 4115 1891 4168 φω-

1994 4101 2196 4169 genita,
2231 4109 2356 4157 ante
2393 4101 2590 4157 saecula
2638 4104 2820 4157 omnia
2849 4103 3178 4169 exsistebat,
3228 4106 3557 4175 unigenitum

326 4195 418 4258 τὸς
448 4195 660 4261 ἀκτῖνα,
681 4195 776 4248 καὶ
806 4193 951 4263 ζωῆς
988 4193 1189 4262 πηγὴν,
1242 4192 1333 4245 καὶ⁸
1358 4188 1625 4261 θησαυρὸν
1654 4186 1891 4257 ἀγαθῶν,

1992 4192 2097 4247 hoc
2140 4193 2387 4263 genimen
2445 4196 2781 4262 producere‘,
2829 4194 2992 4250 veluti
3034 4196 3321 4266 quamdam
3384 4197 3556 4252 basim

334 4300 355 4334 ι
378 4283 435 4335 ὲν
459 4275 504 4348 ᾧ
530 4281 727 4344 πάντες
781 4282 915 4335 είσὶν
945 4283 993 4333 οί
1035 4279 1294 4352 θησαυροὶ
1329 4280 1427 4350 τῆς
1455 4278 1643 4349 σοφίας
1672 4278 1765 4331 καὶ
1793 4278 1895 4346 τῆς

1993 4281 2232 4337 futurqu
2274 4294 2328 4338 et
2355 4284 2788 4353 fundamentum,
2820 4296 2874 4342 et
2912 4286 3334 4342 sustentaculum
3364 4287 3560 4342 immo-

334 4392 353 4424 ι
374 4372 625 4441 γνώσεως
659 4372 983 4444 ἀπόκρυφοι,
1009 4391 1028 4424 r
1064 4372 1205 4425 κατά
1248 4371 1336 4425 τὸν
1362 4370 1501 4425 θεῖον
1552 4367 1889 4424 Ἀπόστολον.

1994 4376 2098 4431 bile
2129 4391 2315 4431 eorum
2340 4377 2581 4433 omnium
2615 4394 2738 4449 qua
2768 4388 2927 4435 erant
2960 4379 3014 4435 in
3054 4379 3310 4435 secundis
3362 4380 3561 4449 ρτοάυά

329 4464 607 4519 Τοσούτων
640 4464 875 4533 ἀγαθῶν,
914 4465 943 4517 ὁ
978 4464 1133 4535 μόνος
1182 4463 1380 4531 ἀγαθὸς
1424 4462 1612 4533 Πατὴρ
1638 4460 1728 4516 τὸν
1766 4459 1892 4513 nev
1922 4482 1969 4542 υ

1922 4482 1969 4542 υ
1995 4466 2184 4521 cendo.
2221 4465 2371 4523 Hanc
2396 4469 2466 4524 ob
2487 4482 2709 4524 causam
2748 4468 2947 4524 Filium
2997 4469 3391 4541 progeneravit,
3435 4478 3560 4524 ante

330 4556 526 4629 ὑφίστη
557 4554 831 4627 αὖτοζωὴν
875 4555 1023 4619 ὅντα,
1060 4553 1316 4618 ζωοποιὸν
1348 4553 1456 4607 τῶν
1488 4552 1643 4618 ὅλων,
1676 4551 1769 4605 καὶ
1799 4550 1895 4603 αὑ-

1997 4572 2060 4613 ea
2107 4558 2288 4614 omnia
2332 4574 2453 4630 qua:
2494 4560 2837 4631 producenda
2894 4571 3087 4627 erant,
3127 4570 3378 4631 tanquam
3425 4561 3561 4617 lucis

326 4647 505 4718 τοφῶς
529 4647 588 4702 τὸ
611 4646 880 4719 ἀληθινὸν,
905 4647 999 4701 καὶ
1026 4646 1202 4717 πάσης
1224 4647 1413 4717 νοερᾶς
1441 4646 1533 4699 καὶ
1558 4644 1780 4714 λογικῆς
1806 4643 1897 4696 οὐ-

1998 4649 2272 4717 cujusdam
2326 4652 2557 4717 radium,
2605 4652 2728 4708 vitae
2776 4652 3002 4717 fontem,
3039 4652 3300 4707 bonorum
3346 4652 3559 4707 thesau-

331 4737 451 4802 σίας
495 4738 848 4808 φωτιστικόν⁸
900 4739 991 4792 καὶ
1032 4738 1337 4807 αὐτόλογον,
1386 4737 1480 4791 καὶ
1535 4735 1745 4806 σοφίαν,
1805 4752 1894 4788 σο-

1998 4756 2137 4804 rum,
2162 4759 2180 4793 ι
2204 4741 2256 4796 in
2284 4756 2394 4812 quo
2409 4751 2737 4798 suntomues
2760 4742 3035 4812 sapientiae
3063 4742 3298 4797 thesauri
3330 4742 3559 4798 abscon-

331 4830 446 4899 φῶς
472 4829 583 4901 (28)
617 4829 685 4883 τὰ
712 4830 884 4883 πάντα
910 4829 1005 4883 καὶ
1054 4828 1282 4897 λογικῶς
1314 4827 1672 4898 ὑφιστάμενόν
1698 4845 1757 4880 τε
1798 4828 1894 4881 καὶ

1997 4830 2090 4885 diti
2113 4842 2166 4887 et
2193 4833 2538 4903 cognitionis,
2564 4851 2583 4885 ι
2602 4835 3048 4904 quemadmodum
3076 4833 3287 4888 divinus
3319 4834 3556 4888 docebat

328 4920 643 4974 διοικοῦντα.
674 4910 774 4973 Ὧν
811 4920 874 4993 δὴ
911 4922 1069 4993 χάριν
1096 4922 1124 4973 ό
1158 4919 1446 4991 μονογενὴς
1474 4919 1602 4981 Υἱὸς
1630 4918 1723 4971 τοῦ
1756 4916 1891 4972 Θεοῦ

1996 4920 2288 4991 Apostolus
2324 4923 2391 4980 “.
2445 4924 2738 4980 Tantorum
2794 4924 3087 4996 taliumque
3123 4926 3410 4993 bonorum,
3466 4928 3555 4996 qui

335 5012 493 5083 μόνος
551 5011 711 5076 αὐτὸς
763 5013 857 5066 καὶ
913 5012 1033 5067 οὐδὲ
1084 5010 1241 5076 ἄλλος
1288 5009 1647 5084 ἀνηγόρευται
1693 5027 1753 5063 τε
1803 5011 1898 5066 καὶ

1992 5013 2139 5069 solus
2188 5014 2364 5071 bonus
2427 5015 2588 5071 Pater
2631 5026 2736 5083 est,
2788 5016 2979 5071 Filium
3028 5018 3315 5086 progenuit
3374 5031 3553 5083 suum,

246 5133 255 5143 ς
330 5101 500 5156 εστιν.
1996 5104 2283 5175 ipsammet
2311 5106 2478 5162 vitam
2503 5108 2852 5162 cxsistentem
2872 5148 2888 5176 ,
2929 5115 2985 5163 et
3011 5108 3251 5162 omnium
3283 5121 3403 5177 quae
3432 5118 3558 5164 sunt

404 5377 515 5453 (2:5)
542 5378 923 5453 Διδάσκουσα
948 5383 1271 5447 πιστεύειν,
1304 5382 1419 5451 lege
1455 5382 1550 5437 καὶ
1599 5378 1895 5435 πιστεύειν.
2066 5378 2175 5453 (26)
2212 5381 2348 5453 Υίὺν
2370 5379 2864 5453 συνόνταηῡεθεῑ,
2889 5379 3184 5453 τῷνΠατρί.

334 5446 509 5525 Corde
541 5450 682 5525 enim
710 5454 968 5525 creditur,
997 5467 1118 5525 _ore
1149 5453 1207 5505 lit
1261 5446 1526 5509 confessio
1560 5468 1573 5504 :
1612 5462 1899 5522 utrumque
2065 5446 2193 5525 (27)Δ
2219 5452 2326 5525 ΜΡ,
2359 5469 2449 5525 γρ.
2489 5450 2675 5525 Anax-pg
2711 5461 2836 5506 ante
2882 5446 3012 5505 Θέόν
3050 5446 3373 5523 ponendum.
3429 5450 3553 5507 Mox

334 5520 574 5590 exigitur
606 5520 658 5572 in
685 5535 840 5590 sacro
862 5520 1207 5589 baptismate.
1372 5589 1377 5590 ί
1810 5520 1825 5522 “

1372 5589 1377 5590 ί
1810 5520 1825 5522 “
1994 5520 2251 5586 νυῐποδιὸ
2272 5520 2330 5573 δέ
2357 5520 2410 5576 ei
2442 5521 2573 5575 αὐτὸ
2599 5520 2733 5590 φῶς,
2765 5530 2868 5575 etc.

411 5587 947 5671 (2.5).Hagépvamf
982 5591 1313 5671 θεολογίατ.
1363 5589 1515 5671 Lege
1560 5594 1894 5671 παρέχουσα.
2040 5591 2177 5671 ,(ξβ)
2210 5591 2320 5644 Καὶ
2346 5587 2857 5671 gogoiar,'oago_d>c.
2894 5590 3080 5671 Potius
3103 5588 3460 5671 αῇτοσοφιαν,
3488 5597 3550 5671 με

334 5655 575 5731 Ecclesia
610 5655 819 5731 tjeiii'pe,
848 5662 961 5715 suis
1002 5655 1234 5715 alumnis
1267 5661 1401 5714 hanc
1442 5655 1742 5729 Iidemfsi'c
1784 5671 1900 5715 sta-
1995 5655 2301 5731 αὐτόλογον.
2345 5655 2514 5731 Sic'et
2545 5677 2673 5717 mss.
2705 5655 2777 5717 cf.
2812 5655 2861 5731 ρ.
2904 5663 2998 5715 I21
3035 5661 3095 5717 Ι).
3132 5661 3249 5715 Mox
3287 5655 3442 5728 vulgo
3479 5655 3549 5710 «In

340 5723 434 5787 tim
472 5723 813 5803 χωρίζουσα,
835 5731 905 5786 Μ.
934 5762 1004 5773 ——
1034 5731 1153 5787 Mox
1187 5735 1345 5802 vulgo
1374 5731 1464 5784 τὸν
1493 5723 1636 5785 Θεὸν
1653 5731 1893 5803 Πατέρα.

934 5762 1004 5773 —-
1034 5731 1153 5787 Mox
1187 5735 1345 5802 vulgo
1374 5731 1464 5784 τὸν
1493 5723 1636 5785 Θεὸν
1653 5731 1893 5803 Πατέρα.
1993 5730 2051 5784 δέ
2076 5741 2129 5786 et
2158 5723 2562 5801 ἀναγορεύεταιε
