4190 6406
443 344 540 399 8H
1375 338 1462 394 DE
1501 337 2041 400 ECCLESIASTICA
2079 338 2476 400 THEOLOGIA
2510 339 2646 400 LIB.
2683 341 2724 399 l.
3565 343 3670 406 842

434 459 591 526 τμὸς,
612 453 841 522 ἐκεῖνος
859 451 1220 525 ἐξηγήσατο.
1245 473 1264 506 ι
1299 452 1458 507 Ἀλλὰ
1481 454 1574 507 καὶ
1596 454 1757 508 αὑτοῦ
1778 455 1871 509 τοῦ
1894 457 1975 510 Σω

2070 486 2080 516 ,
2107 453 2352 509 eamdem
2387 451 2554 509 veluti
2583 452 2757 526 sigillo
2782 467 2884 510 suo
2907 454 3357 513 communiturus.
3401 456 3669 526 Quocirca

427 550 594 618 τῆρος
625 547 683 599 ὲν
703 547 822 609 ταῖς
848 547 973 618 περῖ
995 543 1159 598 αὑτοῦ
1185 542 1548 606 διδασκαλίαις
1569 542 1721 596 ταῦτ’
1745 545 1975 617 ἐπισφρα

2103 558 2227 598 cum
2248 542 2556 614 huiusmodi
2583 544 2951 602 testimonium
2991 545 3090 616 ipsi
3123 546 3497 604 universorum
3527 550 3666 607 Deus

429 636 754 708 τιςομένου,
796 636 864 690 δι’
907 631 982 688 ὧν
1025 635 1228 702 ἔλεγεν·
1267 633 1432 687 Οὕτω
1471 633 1580 702 γὰρ
1618 633 1975 704 ήγάπησενι

2100 633 2450 701 exhibuerit;
2516 647 2751 704 cumque
2805 636 3026 693 disertis
3087 637 3268 694 verbis
3317 638 3665 713 Evangelista

429 729 575 795 Θεὸς
599 727 706 782 τὸν
727 731 974 797 κόσμον,
1005 724 1159 780 ὥστε
1191 725 1298 779 τὸν
1324 725 1462 778 Υίὸν
1483 725 1669 780 αὐτοῦ
1691 725 1798 780 τὸν
1813 745 1975 796 paro

2099 725 2432 797 pronuntiet.
2463 739 2585 780 eum
2621 739 2743 782 esse
2766 725 2962 784 Filium
2999 727 3358 800 unigenitum,
3384 731 3510 788 dum
3539 749 3666 804 pro-

425 820 570 892 τεν-ἦ
611 820 852 884 ἔδωκεν,
885 818 985 872 ἵνα
1017 816 1136 884 πᾶς
1163 819 1196 871 ὁ
1235 817 1538 871 πιστεύων
1569 818 1654 884 είς
1673 817 1858 872 αὑτὸν
1883 820 1975 889 ἕχτ

2103 815 2318 871 nuntiat
2349 831 2365 870 :
2399 815 2567 872 Deum
2598 833 2745 872 nemo
2768 819 2898 872 uidit
2924 835 3153 889 unquam
3177 835 3197 875 :
3216 819 3532 894 Unigenitus
3561 824 3668 880 Fi-

423 913 577 981 ζωὴν
604 911 861 966 αἰώνιον.
893 910 951 964 ’0
975 911 1110 982 μετὰ
1128 907 1330 973 ταύτας
1359 908 1458 972 τὰς
1482 907 1664 979 φωνὰς
1684 908 1904 981 γενητὸν
1933 910 1975 964 et

2097 908 2202 962 lius
2245 904 2359 979 (aut
2400 907 2541 962 Deus
2573 909 2905 980 unigenitus)
2937 913 3028 982 qui
3069 921 3179 966 erat
3215 914 3270 969 in
3303 916 3424 970 sinu
3456 915 3663 983 Patris,

421 1005 520 1057 οὑκ
564 1004 752 1068 ὄντων,
779 1002 871 1057 καὶ
919 1002 1122 1073 κτίσμα
1146 1001 1256 1073 (56)
1297 1000 1639 1073 προηγμένον
1678 999 1744 1054 ὲκ
1783 999 1875 1054 τοῦ
1916 1001 1975 1072 μί

2098 999 2208 1070 ipse
2227 999 2495 1054 enarravit
2519 997 2586 1054 ⁵³.
2620 998 2810 1055 Adhuc
2837 1016 2960 1055 cum
2993 1002 3254 1058 Servator
3281 1004 3500 1076 insuper
3525 1007 3659 1076 ipse,

418 1094 573 1157 ὄντος
608 1095 698 1148 τὸν
722 1094 848 1147 Υίὺν
874 1092 1206 1164 ὁριζόμενος,
1236 1091 1428 1163 λέληθε
1452 1090 1688 1162 τοῦνομα
1721 1091 1819 1162 μὲν
1841 1091 1975 1162 αὑτᾷ

2095 1091 2240 1145 inter
2291 1089 2615 1155 docendum,
2676 1090 2782 1146 hoc
2818 1095 3087 1163 assignet,
3136 1095 3225 1150 ubi
3263 1096 3333 1151 ita
3375 1097 3658 1166 loquitur:

421 1185 582 1257 μόνον
614 1185 986 1256 χαριζόμενος,
1003 1183 1064 1237 τὸ
1089 1184 1134 1238 δ’
1153 1183 1370 1256 ἀληθῶς
1390 1182 1518 1236 Υἱὸν
1542 1180 1680 1237 εἶναι
1715 1181 1975 1255 ἀρνούμε-

2092 1181 2180 1237 lla
2199 1181 2342 1237 Deus
2363 1181 2546 1236 dilexit
2574 1184 2833 1238 mundum
2853 1222 2872 1252 ,
2915 1196 2971 1239 ut
3001 1183 3052 1238 F
3054 1187 3201 1240 ilium
3228 1189 3390 1256 ipsius
3424 1190 3663 1261 unigeni-

417 1293 527 1339 νος.
571 1276 629 1328 '0
670 1274 778 1346 γὰρ
809 1272 868 1340 ἐξ
898 1274 998 1327 οὑκ
1033 1274 1202 1328 ὄντων
1237 1273 1495 1344 γεγονὼς,
1534 1273 1635 1326 οὑκ
1678 1272 1743 1326 ἂν
1773 1271 1975 1344 ἀληθῶς

2091 1283 2202 1327 tum
2234 1273 2474 1339 dederit,
2503 1282 2560 1327 ut
2591 1274 2763 1329 omnis
2802 1276 2890 1343 qui
2914 1276 2966 1330 in
3001 1292 3119 1332 eum
3153 1281 3461 1346 crediderit,
3502 1281 3660 1336 vitam

415 1367 611 1436 γένοιτ’
633 1367 698 1422 ἂν
728 1367 854 1432 Tib;
884 1367 978 1422 τοῦ
1002 1365 1167 1420 Θεοῦο
1201 1367 1282 1420 ὅτι
1321 1364 1455 1437 μηδὲ
1485 1363 1611 1419 ἄλλο
1641 1381 1693 1417 τι
1724 1363 1832 1416 τῶν
1864 1380 1975 1432 γεν-

2089 1363 2354 1430 possideat
2385 1373 2633 1420 cateruam
2679 1364 2746 1421 “.
2791 1365 3052 1437 Quisquis
3097 1369 3261 1438 igitur
3295 1375 3354 1434 >14
3381 1379 3501 1442 post
3543 1370 3660 1427 haec

416 1474 613 1528 νητων.

413 1563 524 1606 non
553 1557 680 1605 ente
735 1547 1057 1618 productam
1120 1547 1470 1603 aﬂirmaverit
1509 1556 1836 1610 creaturam,
1880 1545 2044 1602 lstum
2085 1549 2316 1618 Filium;
2392 1565 2587 1607 nomen
2642 1553 2692 1608 ei
2757 1554 2971 1623 _nudum
3036 1556 3408 1611 tantummodo
3470 1556 3655 1626 largiri

415 1638 856 1711 deprehenditur,
905 1654 1092 1695 revera
1147 1649 1324 1695 autem
1355 1638 1551 1694 Filium
1604 1653 1744 1707 esse,
1784 1652 2103 1712 pernegare;
2135 1642 2269 1697 Nam
2313 1643 2404 1715 qui
2466 1643 2534 1698 de
2591 1659 2695 1699 non
2766 1644 3152 1702 exsistentibus
3189 1655 3480 1716 generatus
3531 1658 3613 1703 est
3641 1682 3658 1715 ,

414 1739 466 1798 is
492 1748 644 1798 certe
667 1739 759 1794 Dei
787 1737 959 1796 Filius
996 1753 1120 1823 esse
1154 1749 1344 1793 revera
1388 1735 1575 1808 nequit
1605 1753 1621 1792 :
1654 1751 1760 1793 non
1804 1739 1980 1807 magis
2017 1752 2178 1809 quam
2216 1738 2430 1810 quidvis
2455 1729 2600 1795 aliud
2635 1749 2900 1795 creatum.

1084 1831 1242 1885 ΚΕΦ.
1272 1830 1328 1885 I'.

2728 1836 2882 1892 CAP.
2927 1835 2996 1892 Χ.

416 1923 535 2000 Ὄζι
557 1923 844 2000 μόνοςέκ
874 1922 981 1978 τοῦ
1011 1923 1576 2000 Πατρός-γεννηθείς
1610 1925 1851 2000 sindth
1886 1926 1975 2000 usti

2091 1927 2245 1996 Quod
2281 1944 2398 1984 cum
2424 1928 2567 1984 solus
2591 1929 2660 1983 sit
2676 1930 2741 1982 de
2767 1927 2930 1984 Patre
2961 1930 3286 2000 progenitus,
3308 1931 3492 1985 merito
3512 1932 3655 1988 solus

469 1995 650 2132 εξξᾶ
674 1994 771 2049 καὶ
812 1995 1147 2064 μονογενὴς
1205 1994 1334 2061 Υἱὸς
1374 1996 1561 2065 μόνος
1602 1995 1784 2061 αὐτὸς
1813 1997 1975 2052 ἀνει-

2117 1994 2125 1996 V
2156 2023 2351 2076 dicitur
2377 2022 2486 2091 ipse
2509 2031 2557 2076 et
2581 2021 2741 2086 Deus,
2769 2032 2818 2075 et
2845 1994 3183 2092 Unigertitus,
3208 1994 3363 2092 atque
3393 2020 3592 2077 Filius.

2090 1457 2400 1512 testimonia
2437 1456 2776 1528 progenitum
2803 1459 2953 1514 illum
2986 1459 3053 1515 de
3078 1475 3184 1516 non
3207 1462 3460 1529 entibus,
3503 1471 3559 1520 et
3591 1478 3660 1519 ex

482 2156 595 2223 (57)
633 2154 689 2208 '0
716 2154 761 2208 δ’
787 2153 1001 2224 ἀληθῶς
1033 2154 1160 2218 Υἱὸς
1185 2153 1280 2208 τοῦ
1311 2155 1445 2208 Θεοῦ
1481 2154 1542 2220 ἐξ
1583 2155 1746 2210 αὑτοῦ
1789 2156 1887 2210 ἆτε
1921 2154 1985 2227 δὴ

407 2246 474 2300 ὲκ
494 2246 704 2318 Πατρός
732 2246 1066 2318 ἀποτεχθεὶς,
1093 2246 1316 2310 εἰκότως
1336 2247 1429 2301 καὶ
1443 2248 1744 2319 Ἀγαπητδς
1774 2248 1868 2302 καὶ
1883 2249 1989 2302 Μο-

408 2341 632 2409 νογενὴς
683 2338 1068 2411 χρηματίζειεν
1096 2339 1163 2393 ἂν
1192 2337 1288 2393 τοῦ
1333 2339 1573 2412 Πατρός·
1613 2339 1756 2393 οὑτω
1793 2339 1850 2394 δὲ
1892 2340 1987 2394 καὶ

406 2431 540 2495 Θεὸς
569 2430 632 2486 ἂν
656 2433 739 2502 εἴη
771 2431 902 2502 (58).
932 2430 997 2483 Τί
1024 2430 1133 2504 γὰρ
1164 2429 1231 2485 ἂν
1256 2429 1466 2499 γένοιτο
1492 2431 1626 2484 Θεοῦ
1649 2430 1985 2503 γέννηματῷ

406 2525 758 2594 γεγεννηκότι
789 2522 1259 2594 ἀφωμοιωμένον;
1309 2522 1496 2588 Κτίζει
1539 2522 1638 2594 μὲν
1678 2520 1772 2578 οὖν
1828 2523 1982 2594 βασι-

405 2611 528 2676 λεὺς
549 2614 724 2676 πόλιν,
749 2613 865 2667 ἀλλ’
887 2612 948 2664 οὑ
979 2613 1143 2683 γεννᾷ
1167 2611 1322 2664 πόλιν
1344 2628 1358 2642 ο
1394 2614 1589 2684 γεννᾷν
1615 2612 1672 2666 δὲ
1701 2613 1837 2678 υίδν,
1870 2611 1982 2666 ἀλλ’

344 2752 346 2756 ,
402 2704 466 2758 οὐ
491 2705 695 2771 κτίζειν
725 2705 942 2774 λέγεται
964 2719 978 2734 ·
1015 2705 1108 2756 καὶ
1133 2705 1162 2755 ὁ
1193 2703 1522 2775 δημιουργὸς
1550 2703 1824 2775 τεχνίτης,
1864 2701 1981 2756 ἀλλ’

401 2797 525 2868 οὐχὶ
552 2797 733 2868 πατὴρ
770 2795 964 2865 γένοιτ’
1008 2794 1074 2848 ἂν
1103 2793 1198 2847 τοῦ
1244 2796 1380 2867 πρὸς
1421 2796 1581 2850 αὑτὸν
1624 2797 1982 2868 δημιουργου-

406 2889 567 2961 μένου
587 2905 601 2918 ·
639 2888 736 2942 τοῦ
767 2888 814 2942 δ’
841 2886 900 2954 ἐξ
925 2885 1090 2942 αὑτοῦ
1113 2885 1310 2954 φύντος
1341 2885 1460 2940 υίοῦ
1482 2887 1592 2956 ,οὑκ
1619 2887 1686 2942 ἂν
1717 2887 1980 2960 δημιουρ-

399 2982 496 3054 γδς
538 2983 777 3059 λεχθείη.
812 2982 921 3036 Καὶ
952 2980 1018 3052 δὴ
1063 2981 1156 3034 καὶ
1185 2981 1216 3034 ό
1260 2979 1369 3035 τῶν
1398 2980 1536 3036 ὅλων
1561 2980 1692 3046 Θεὸς
1740 2980 1834 3034 τοῦ
1883 2980 1981 3051 μὲν

401 3076 532 3130 Υίοῦ
561 3075 770 3148 Πατὴρ,
800 3073 894 3128 τοῦ
934 3072 993 3127 δὲ
1037 3071 1242 3143 κόσμου
1269 3072 1491 3145 κτίστης
1531 3071 1599 3127 ἂν
1631 3071 1852 3135 εἰκότως
1885 3071 1980 3125 καὶ

2160 2158 2261 2228 Qui
2301 2159 2594 2214 secundum
2635 2159 2921 2215 veritatem
2959 2158 3055 2215 Dei
3091 2158 3261 2215 Filius
3302 2167 3418 2223 est,
3460 2155 3530 2215 de
3560 2159 3653 2214 illo

2087 2252 2192 2308 hoc
2215 2261 2322 2318 est,
2352 2251 2420 2308 de
2447 2250 2606 2306 Patre
2635 2252 2872 2321 genitus,
2898 2249 3025 2321 quid
3049 2251 3244 2305 mirum
3269 2249 3315 2306 si
3339 2261 3394 2305 et
3409 2248 3656 2307 Dilectus

2087 2344 2291 2408 audiat,
2335 2354 2389 2399 et
2415 2343 2589 2398 Patris
2643 2343 2726 2398 sui
2763 2340 3104 2414 Unigenitus,
3145 2342 3217 2397 ob
3272 2356 3432 2413 quam
3480 2342 3654 2414 ipsam

2084 2451 2305 2490 causam
2339 2444 2395 2492 et
2419 2435 2563 2515 Deus
2615 2433 2813 2488 fuerit?
2840 2434 2914 2489 De
2935 2432 3044 2490 Deo
3060 2433 3324 2504 siquidem
3347 2434 3476 2504 quid
3505 2435 3654 2492 aliud

2083 2527 2227 2599 gigni
2254 2527 2442 2596 possit,
2471 2541 2632 2596 quam
2668 2526 2812 2596 quod
2839 2525 2940 2596 ipsi
2970 2540 3068 2596 per
3099 2525 3283 2580 omnia
3323 2525 3397 2581 sit
3437 2524 3653 2582 similli-

2083 2619 2268 2674 mum?
2312 2616 2510 2674 Condit
2545 2617 2796 2688 equidem
2835 2617 3110 2672 civitatem
3152 2631 3271 2681 rex,
3325 2629 3430 2670 non
3471 2625 3650 2670 autem

2083 2709 2252 2781 gignit
2288 2708 2592 2775 civitatem;
2621 2709 2844 2781 gignere
2877 2721 3005 2763 vero
3036 2706 3201 2762 tilium
3223 2745 3240 2771 ,
3271 2721 3376 2761 non
3413 2707 3652 2762 condere

2082 2803 2344 2857 dicitur:
2405 2800 2601 2855 artifex
2651 2800 2816 2854 etiam
2875 2807 3246 2861 constructor,
3307 2809 3648 2867 nequaquam

2083 2909 2218 2950 vero
2253 2903 2409 2964 pater
2437 2892 2556 2962 ejus
2597 2892 2706 2947 dici
2758 2892 2944 2959 debet,
2990 2890 3133 2960 quod
3168 2889 3476 2946 construxit
3506 2904 3523 2943 :
3557 2889 3651 2960 qui

2081 2983 2178 3039 lilii
2210 2984 2278 3040 de
2298 2997 2356 3039 se
2381 2982 2718 3054 progenerali
2759 2982 3010 3038 conditor
3051 2995 3159 3034 non
3200 2976 3525 3048 appellatur.
3568 2979 3651 3032 Ad

2081 3076 2333 3133 eumdem
2363 3075 2582 3132 modum
2608 3075 2985 3130 universorum
3011 3071 3311 3140 Deus,Filii
3343 3071 3426 3127 sui
3463 3069 3648 3135 Pater,

399 3169 631 3240 ποιητὴς
655 3167 884 3236 λέγοιτο.
911 3165 975 3219 Et
1001 3165 1047 3218 δ’
1071 3163 1218 3230 ἅπαξ
1245 3181 1347 3217 που
1371 3165 1467 3236 τῆς
1490 3164 1710 3236 Γραφῆς
1735 3163 1975 3235 εὑρίσκει

2083 3167 2266 3221 mundi
2297 3165 2549 3221 conditor
2580 3164 2786 3234 Optimo
2805 3163 2930 3233 jure
2955 3172 3010 3219 et
3034 3170 3380 3218 constructor
3408 3159 3649 3231 appella-

399 3275 482 3321 τις
503 3257 811 3330 εἰρημένον,
836 3256 1049 3324 Κύριος
1081 3254 1283 3310 ἐκτισέ
1302 3272 1379 3326 με
1396 3255 1593 3324 ἀρχὴν
1611 3253 1763 3309 ὁδῶν
1788 3253 1974 3309 αὑτοῦ

2078 3266 2186 3312 tur.
2212 3257 2367 3323 Quod
2387 3257 2431 3313 si
2448 3254 2612 3311 semel
2637 3269 2735 3326 per
2755 3254 3061 3324 Scripturas
3077 3252 3386 3308 inveniatur
3409 3251 3646 3308 dictum:

397 3353 485 3416 εὶς
523 3348 667 3418 ἔργα
702 3347 889 3402 αὐτοῦ
912 3384 928 3410 ,
969 3343 1060 3398 τδν
1093 3345 1217 3399 νοῦν
1252 3348 1571 3400 ἐπισκοπεῖν
1603 3345 1706 3417 χρὴ
1741 3344 1836 3398 τοῦ
1883 3345 1974 3398 λό-

397 3457 517 3509 γου,
551 3439 611 3492 ὃν
667 3439 860 3511 μικρὸν
889 3435 1112 3513 ὕστερον
1141 3438 1474 3510 ἐκθήσομαι·
1529 3437 1664 3492 ἀλλὰ
1705 3437 1801 3508 μὴ,
1835 3435 1976 3490 κατὰ

396 3530 736 3604 Μάρκελλον,
764 3532 829 3586 ἐκ
865 3533 992 3604 μιᾶς
1022 3531 1220 3597 λέξεως
1259 3530 1320 3584 τὸ
1351 3529 1684 3601 κυριώτατον
1711 3528 1810 3599 τῆς
1851 3528 1973 3581 Ἐκ-

398 3625 625 3696 κλησίας
655 3625 1056 3696 παρασαλεύειν
1103 3625 1298 3694 δόγμα.
1335 3624 1604 3686 Κάκεῖνος
1649 3619 1778 3692 γὰρ,
1829 3619 1975 3688 ἅπαξ

396 3717 635 3780 ἀκούσας
672 3718 842 3786 Λόγον
875 3714 1012 3770 εἶναι
1039 3716 1132 3770 τὸν
1152 3715 1301 3779 Υίδν,
1328 3711 1423 3766 ἐπὶ
1444 3712 1538 3767 τὸν
1561 3710 1844 3782 ἄνθρωπον
1876 3727 1976 3764 κα-

395 3806 670 3871 ταπεσὼν,
698 3808 799 3878 τὴν
828 3805 1058 3877 ὕπαρξιν
1081 3804 1260 3874 ηθέτει
1285 3801 1473 3856 αὑτοῦ.
1505 3802 1600 3856 ’ον
1626 3800 1692 3874 δὴ
1721 3800 1815 3854 καὶ
1838 3799 1976 3873 πρὸς

396 3899 560 3956 αὑτοῦ
581 3900 676 3954 καὶ
699 3898 836 3970 πρὸς
859 3897 950 3951 τοῦ
968 3896 1180 3968 Πατρὸς
1200 3891 1642 3966 μαρτυρούμενον
1663 3889 1802 3946 εἶναι
1825 3890 1971 3956 Υίδν,

398 3992 518 4056 πῶς
547 3993 661 4055 τοῖς
697 3991 906 4053 λοιποῖς
931 3987 1209 4059 γεννητοῖς
1241 3983 1606 4056 παραϐάλλειν
1631 3983 1810 4050 ὅσιον;
1849 3981 1973 4045 Πῶς

396 4088 442 4144 δ’
471 4089 620 4142 ἔσται
655 4086 986 4159 Μονογενὴς,
1013 4084 1091 4156 τῷ
1118 4081 1313 4154 πλήθει
1342 4081 1451 4136 τῶν
1479 4081 1778 4152 γεγονότων
1807 4096 1972 4134 συνα-

399 4181 794 4255 ριθμούμενος;
827 4179 936 4233 Καὶ
968 4176 1072 4248 μὴν
1106 4175 1166 4241 ἐξ
1204 4169 1373 4244 αὐτῆς
1405 4173 1904 4246 τῆςιπροσηγορίας
1944 4173 1974 4226 ὁ

400 4275 514 4338 υίὸς
541 4274 639 4345 τὴν
666 4273 801 4344 πρὸς
840 4271 934 4325 τὸν
966 4268 1179 4340 πατέρα
1217 4265 1450 4339 φυσικὴν
1485 4265 1668 4336 σχέσιν
1703 4265 1973 4337 παρίστη-

401 4379 487 4417 σιν
505 4380 520 4393 ·
546 4361 622 4425 ὡς
653 4358 722 4416 αὖ
748 4361 908 4416 πάλιν
932 4359 994 4413 τὺ
1029 4355 1310 4430 μονογενὲς
1347 4357 1516 4425 δνομα
1542 4355 1636 4408 καὶ
1663 4354 1757 4408 τοῦ
1784 4355 1974 4424 γένους

399 4453 724 4523 ἐφάπτεται,
753 4452 847 4506 καὶ
874 4452 972 4522 τῆς
1001 4451 1305 4522 γεννήσεως
1331 4448 1520 4518 αὑτῆς,
1562 4446 1655 4500 καὶ
1693 4445 1786 4500 τοῦ
1815 4446 1972 4518 μόνον

2075 3350 2335 3405 Dominus
2384 3347 2620 3403 condidit
2667 3361 2748 3400 me
2788 3345 3104 3415 principium
3143 3345 3350 3400 viarum
3383 3343 3534 3414 ejus,
3578 3344 3649 3398 ad

2073 3457 2230 3510 opera
2266 3445 2382 3511 ejus
2415 3441 2482 3507 ",
2506 3438 2722 3509 penitus
2761 3435 3090 3493 Sententiam
3121 3433 3242 3505 ejus
3287 3434 3438 3500 dicti,
3484 3449 3646 3506 quam

2072 3532 2231 3603 paulo
2263 3541 2384 3602 post
2411 3529 2762 3600 expositurus
2791 3542 2935 3592 sum,
2962 3526 3222 3582 debemus
3241 3526 3596 3597 introspicere
3628 3543 3643 3580 :

2073 3638 2172 3678 nec
2218 3622 2362 3692 quod
2411 3619 2667 3676 Marcello
2725 3625 3042 3689 usurpatum
3092 3616 3218 3682 fuit,
3271 3627 3493 3688 propter
3541 3618 3647 3674 hoc

2072 3713 2292 3768 unicum
2344 3710 2754 3775 testimonium,
2805 3707 3236 3764 ecclesiasticum
3309 3707 3643 3779 pracipuum

2072 3801 2265 3874 dogma
2286 3801 2630 3858 labefactare.
2650 3801 2743 3856 llle
2757 3800 2900 3856 enim
2919 3814 3044 3856 cum
3065 3800 3361 3856 audivisset
3381 3800 3462 3856 vel
3477 3801 3643 3857 semel

2074 3895 2306 3964 positum
2350 3893 2545 3948 Filium
2605 3891 2841 3947 Verbum
2892 3889 3196 3954 nominari,
3250 3889 3319 3944 ad
3373 3888 3644 3944 humanas

2073 3986 2312 4040 rationes
2339 3982 2625 4053 delapsus,
2669 3980 2837 4051 ipsius
2870 3979 3030 4050 plane
3081 3976 3301 4034 sustulit
3341 3977 3642 4033 subsisten-

2074 4075 2224 4133 tiam.
2256 4074 2389 4132 Cum
2417 4075 2510 4145 qui
2546 4088 2642 4144 per
2667 4072 2930 4143 seipsum,
2959 4080 3013 4126 et
3036 4083 3134 4140 per
3167 4067 3346 4124 Patris
3371 4068 3639 4140 prolatum

2073 4166 2466 4230 testimonium,
2501 4163 2672 4219 Filius
2697 4171 3070 4231 usurparetur,
3099 4161 3204 4216 nisi
3235 4174 3504 4216 summam
3545 4175 3642 4230 per

2072 4259 2402 4328 impietatem
2449 4262 2578 4313 cum
2636 4254 2845 4311 caeteris
2902 4253 3168 4310 creaturis
3228 4267 3330 4309 nec
3387 4253 3640 4323 componi

2073 4349 2267 4406 debeat
2296 4361 2471 4418 neque
2488 4345 2812 4416 comparari.
2841 4344 2973 4399 Nam
3003 4358 3110 4415 quo
3135 4353 3292 4416 pacto
3319 4342 3644 4415 Uuigenitus

2074 4437 2328 4510 appellari
2356 4445 2553 4508 queat,
2593 4435 2685 4506 qui
2721 4450 2845 4491 cum
2879 4434 3222 4489 multitudine
3249 4441 3643 4489 annumeratur

398 4542 559 4609 εἶναι,
598 4545 694 4598 καὶ
724 4545 1016 4616 μηδέτερον
1051 4539 1199 4613 αὑτῷ
1241 4541 1343 4611 τῆς
1384 4538 1628 4608 υίότητος
1668 4539 1965 4594 κοινωνεῖν.

2072 4541 2444 4587 creaturarum
2460 4529 2483 4583 ’ἰ
2502 4528 2634 4584 Cum
2652 4527 2736 4582 vel
2757 4527 2825 4581 de
2846 4524 3079 4582 nominis
3101 4523 3272 4580 solius
3293 4523 3644 4592 usurpatione

410 4633 548 4689 Ἀλλ’
576 4635 782 4688 ἐοίκασι
803 4633 993 4687 ταὺτὸν
1013 4630 1315 4704 Μαρκέλλῳ
1345 4627 1514 4692 πάθος
1531 4627 1853 4681 πεπονθέναι
1875 4627 1970 4682 καὶ

395 4724 560 4785 οὗτοι.
607 4729 664 4781 Ὀ
697 4727 795 4799 μὲν
826 4725 935 4798 γὰρ
955 4725 1063 4779 δέει
1089 4725 1184 4778 τοῦ
1221 4723 1295 4795 μὴ
1325 4721 1420 4776 δύο
1448 4720 1612 4783 Θεοὺς
1641 4720 1834 4784 εἰπεῖν,
1869 4718 1969 4789 τὴν

394 4821 620 4894 ἄρνησιν
641 4820 735 4873 τοῦ
758 4819 885 4872 Υἱοῦ
913 4816 1298 4890 προύϐάλλετο,
1323 4813 1422 4885 τὴν
1447 4813 1741 4865 ὑπόστασιν
1763 4810 1968 4864 ἀθετῶν

396 4913 560 4970 αὑτοῦ
580 4931 595 4945 ο
623 4915 671 4967 oi
697 4913 772 4977 δὲ,
790 4911 882 4966 δύο
911 4911 1092 4974 δόντες
1111 4907 1456 4969 ὑποστάσεις,
1482 4904 1582 4975 τὴν
1615 4902 1713 4973 μὲν
1743 4901 1968 4973 ἀγέννη-

385 5019 509 5066 τον,
536 5003 637 5073 τὴν
681 5001 725 5054 δ’
754 4999 814 5065 ἐξ
842 5000 941 5054 οὑκ
972 4999 1140 5053 ὄντων
1182 4995 1514 5055 κτισθεῖσαν,
1555 4992 1651 5046 ἕνα
1699 4991 1800 5061 μὲν
1833 4989 1966 5044 Θεὸν

387 5094 734 5162 ὑφίστανται.
771 5093 829 5145 '0
859 5090 916 5143 δὲ
955 5090 1076 5153 Υἱὸς
1099 5089 1200 5142 οὑκ
1230 5087 1304 5140 ἐτ’
1333 5086 1533 5148 αὑτοῖς,
1566 5082 1688 5136 οὑδὲ
1719 5082 1962 5152 Μονογε-

2074 4622 2218 4678 ﬁlius
2252 4621 2553 4676 naturalem
2602 4618 2892 4689 quamdam
2934 4615 3178 4670 obtineat
3225 4617 3293 4669 ad
3337 4613 3640 4686 genitorem

2073 4726 2230 4768 suum
2264 4711 2601 4774 relationem,
2633 4721 2865 4778 cumque
2891 4721 3086 4762 nomen
3122 4704 3274 4770 illud,
3305 4705 3638 4774 unigenitus,

2074 4802 2142 4858 ad
2170 4818 2339 4872 genus
2369 4801 2638 4872 pertingat
2659 4839 2675 4865 ,
2724 4809 2780 4854 et
2823 4797 3224 4870 generationem
3249 4834 3266 4863 ,
3304 4795 3477 4851 solum
3515 4809 3641 4850 eum

2072 4893 2275 4950 iudicet
2299 4904 2350 4948 et
2370 4892 2671 4948 solitarium
2709 4907 2722 4944 :
2752 4904 2853 4945 nec
2884 4889 2940 4943 in
2965 4888 3228 4942 tiliatione
3250 4899 3370 4952 sua,
3399 4900 3640 4956 quocun‘

2069 5002 2176 5056 que
2217 5001 2339 5040 cum
2387 4985 2495 5039 alio
2543 4980 2974 5053 participantem.
3007 4979 3158 5044 ﬁtAt
3203 4978 3348 5034 enim
3387 4978 3641 5034 videntur

2069 5077 2230 5133 iidem
2257 5077 2346 5132 isti
2376 5091 2498 5132 cum
2523 5072 2772 5129 Marcello
2812 5071 3002 5129 eodem
3033 5070 3194 5141 plane
3220 5069 3380 5126 modo
3425 5067 3629 5126 allecti.

478 5259 536 5318 r14
565 5253 662 5307 Ed.
689 5251 886 5315 Paris.,
920 5266 1076 5321 pagg.
1100 5249 1189 5316 68,
1216 5250 1304 5305 69.
1382 5246 1428 5279 ⁸³
1453 5244 1609 5301 Joan.
1640 5259 1680 5311 ι,
1709 5243 1796 5300 i8.
1869 5243 1917 5274 “
1941 5241 1975 5296 ,ιι

2070 5264 2094 5296 ι.
2129 5254 2213 5304 ιιι,
2248 5233 2332 5290 l6.
2409 5234 2454 5266 "
2486 5230 2644 5286 Prov.
2671 5243 2793 5295 vm,
2826 5226 2918 5282 22.

461 5447 574 5513 ('56)
603 5445 1002 5514 Προηγμένον.
1029 5443 1214 5503 Recte.
1245 5445 1394 5514 male
1418 5440 1679 5514 autemin
1707 5439 1958 5506 Socrate,

395 5512 827 5596 προηγούμενον,
860 5517 1018 5596 [οι-ιε⁹
1048 5513 1418 5596 προαγόμενον
1451 5529 1489 5596 :_
1517 5513 1610 5567 sed
1639 5512 1807 5596 .hanc
1859 5525 1959 5596 np-

395 5580 568 5645 st'rar'ri
590 5580 870 5641 lectionem
899 5580 1390 5640 ιηιιΙίιιιζΜέ-υώη
1405 5583 1560 5653 vulgo
1590 5580 1797 5652 γένοιτο
1823 5580 1956 5643 υίός.

472 5656 584 5728 (37)
624 5656 688 5710 '0
707 5654 1039 5728 didlnoéc.
1091 5655 1344 5728 Socrates
1382 5653 1544 5728 legit,
1567 5653 1596 5705 ό
1627 5651 1671 5705 δ’
1726 5650 1954 5728 ἀλύτως,

472 5661 584 5728 (57)
624 5661 688 5710 '0
707 5661 761 5709 δ’
784 5661 1039 5723 ἀληθῶς.
1091 5661 1344 5709 Socrates
1397 5661 1544 5722 legit,
1567 5661 1596 5705 ό
1627 5661 1671 5705 δ’
1726 5661 1954 5714 αλυτως,

393 5732 488 5784 sed
523 5729 699 5782 minus
731 5726 944 5781 sincera
988 5737 1073 5779 est
1103 5725 1244 5780 illius
1273 5722 1432 5779 lectio
1463 5738 1619 5794 quant
1649 5732 1848 5778 nostra.
1881 5720 1954 5776 Μ.

394 5830 462 5841 --
509 5797 640 5854 Dein
665 5797 820 5854 vulgo
855 5797 950 5850 ἆτε
981 5795 1059 5849 δέ.

394 5830 462 5841 --
509 5812 640 5854 Deut
665 5812 820 5867 vulgo
855 5812 950 5850 ατε
981 5812 1059 5849 οε.

725 5889 993 5952 Pnaon.
1024 5887 1141 5949 Gn.
1169 5887 1380 5948 XXIV

2059 5649 2792 5789 ittefi’iiizfoﬁtfxisu

2132 5438 2245 5510 (58)
2277 5437 2340 5494 TI
2352 5435 2465 5508 γὰρ
2491 5435 2569 5491 ἂν
2597 5436 2847 5510 γένοιτο.
2878 5433 3037 5488 Deest
3079 5445 3181 5510 vox
3231 5430 3438 5498 γένοιτο
3494 5428 3633 5510 apud

2064 5501 2339 5565 Socratem
2360 5501 2530 5573 'male,
2562 5501 2654 5574 qui
2679 5515 2734 5574 et
2757 5512 2998 5560 unstram
3029 5501 3632 5574 scripturam_corrigu,

2060 5579 2270 5649 legend.
2308 5579 2473 5650 enim,
2559 5569 2642 5650 τὸ,
2665 5573 2746 5650 τῷ
2763 5569 3461 5650 γεγεννηκότιίὶίέτ-ΜοιῑΔ
3478 5571 3634 5650 vulgo

2225 5637 2560 5720 replmcét
2589 5637 2742 5720 έκκὶὶ.
2776 5637 3178 5717 ’παρασκεύειν
3206 5641 3385 5712 δόγμα
3415 5646 3470 5696 et
3499 5637 3632 5692 δνόὲ

3233 5870 3309 5926 27
