4158 6390
381 342 489 402 εδδ

1393 338 1482 396 DE
1518 336 2045 395 ECCLESIASTICA
2084 335 2481 394 THEOLOGIA
2519 334 2652 390 LIB.
2690 335 2737 391 1.

3527 331 3626 389 ειι

376 475 447 513 τα
490 457 601 529 (Η)
654 456 1127 527 ὑποστησάμενος·
1187 456 1217 507 6
1265 452 1610 508 ἀποστέλλων
1670 452 1860 506 αὐτόν·
1924 452 1954 505 6

2057 460 2300 505 neratam
2331 465 2454 505 cum
2486 449 2833 505 monarcbica
2869 457 3140 518 potestate
3193 463 3446 520 suprema
3500 463 3631 520 pos-

377 549 731 621 προστάττων
778 546 949 616 αὐτῷ,
996 548 1026 599 ό
1068 544 1472 615 ἐντελλόμενος·
1533 544 1564 596 6
1597 542 1891 598 διδάσκωνο
1925 544 1955 595 6

379 638 559 690 πάντα
590 635 739 706 αύτῷ
762 634 1110 706 παραδιδοὺς,
1150 635 1179 686 6
1209 632 1445 698 δοξάζων
1485 632 1644 686 αὐτόν
1664 650 1679 662 ’
1720 635 1748 686 6
1784 633 1953 704 ὑπερ-

379 729 528 799 υψῶν
548 745 561 760 ³
596 728 626 780 6
653 726 938 791 ἀναδείξας
960 725 1183 796 βασιλέα
1214 724 1321 778 τῶν
1344 724 1479 778 ὅλων
1498 742 1511 754 ·
1543 727 1572 778 6
1600 726 1780 778 πᾶσαν
1806 724 1954 795 αὐτῷ

378 819 477 891 τὴν
506 819 688 889 κρίσιν
713 815 1039 888 παραδιδούς
1058 830 1075 845 °
1120 816 1149 868 6
1198 816 1290 869 καὶ
1313 817 1459 886 ἡμᾶς
1491 815 1635 886 αὐτῷ
1674 814 1954 869 πείθεσθαι

381 909 729 982 βουλόμενος·
762 910 791 962 6
820 907 912 960 τὸν
944 908 1002 960 ἐν
1022 905 1172 977 δεξιᾷ
1202 908 1301 978 τῆς
1336 905 1806 978 μεγαλοπρεπείας
1857 907 1956 959 αύ-

375 1000 470 1055 τοῦ
507 1000 754 1071 κατέχειν
795 998 980 1069 θρόνον
1009 998 1459 1069 ἐγκελευόμενος;
1502 999 1560 1052 ὲν
1591 997 1668 1068 τῷ
1701 1015 1957 1069 προσφω-

378 1095 489 1146 νεῖν
520 1091 669 1162 αύτῷ
700 1092 791 1145 καὶ
831 1091 1012 1160 λέγειν
1031 1110 1045 1122 ·
1080 1090 1278 1145 Κάθου
1302 1091 1371 1145 ἐκ
1397 1088 1612 1155 δεξιῶν
1639 1106 1779 1159 μου·
1810 1092 1838 1143 6
1867 1090 1956 1144 διὰ

379 1181 552 1235 ταῦτα
587 1183 784 1247 πάντα,
818 1183 914 1235 καὶ
948 1181 1112 1237 αὐτοῦ
1156 1180 1417 1252 ὑπάρχων
1449 1181 1543 1234 τοῦ
1574 1180 1703 1235 Υἰοῡ
1727 1181 1879 1245 Θεὸς,
1911 1174 1955 1249 ᾧ

380 1273 697 1344 πειθόμενος
724 1275 754 1327 6
784 1271 1092 1344 Μονογενὴς
1113 1271 1278 1327 αὐτοῦ
1311 1276 1461 1337 παῖς,
1493 1273 1794 1327 ἐκένωσεν
1816 1273 1954 1327 ἐαυ-

378 1363 504 1428 τὸν,
535 1364 938 1419 ἐταπείνωσεν
959 1364 1196 1429 ἑαυτὸν,
1227 1363 1464 1433 μορφὴν
1477 1363 1700 1419 δούλου
1716 1365 1956 1432 ἀνείλη-

379 1471 513 1523 φεν,
536 1453 806 1522 ὑπήκοος
828 1453 1005 1525 μέχρι
1026 1454 1285 1511 θανάτου
1310 1453 1577 1525 γέγονεν’
1598 1442 1643 1523 ᾧ
1668 1455 1762 1508 καὶ
1784 1470 1955 1526 προσ-

379 1543 619 1616 εύχεται,
714 1544 984 1601 κελεύοντι
1011 1544 1284 1599 πείθεταν
1395 1545 1490 1598 καὶ
1517 1546 1860 1617 εὐχαριστεῖ·
1896 1543 1955 1597 ὃν

378 1638 474 1692 καὶ
537 1637 695 1708 μόνον
741 1635 991 1710 ἀληθινὸν
1042 1635 1175 1690 Θεὸν
1209 1635 1458 1706 ἡγεῖσθαι
1500 1638 1645 1707 ἡμᾶς
1693 1635 1953 1701 διδάσκει,

380 1731 602 1802 μείζονά
636 1748 695 1784 τε
728 1727 865 1784 εἶναι
914 1730 1106 1785 ἑαυτοῦ
1135 1730 1386 1802 ὁμολογεῖ
1406 1748 1419 1761 ’
1459 1730 1519 1785 ὃν
1551 1731 1644 1784 ἐπὶ
1669 1732 1800 1784 πᾶσι
1833 1730 1955 1783 τού-

2057 542 2264 606 sidens,
2299 541 2494 596 Filium
2529 541 2852 610 participem
2881 538 3013 595 fecit
3042 554 3153 594 sua:
3176 540 3299 595 vita:
3340 551 3397 595 et
3430 540 3633 595 divini-

2059 633 2188 688 tatis
2216 651 2231 687 :
2262 648 2354 688 sua
2391 633 2572 687 omnia
2604 632 2848 700 subjecta
2887 632 2934 686 ei
2968 632 3190 685 tradidit
3234 649 3248 685 :
3288 648 3413 688 cum
3455 632 3630 698 misit,

2056 726 2337 780 mandavit
2369 725 2472 791 illi,
2505 726 2557 780 in
2591 726 2875 794 praeceptis
2910 724 3077 788 dedit,
3112 724 3318 791 docuit,
3344 726 3526 781 omnia
3553 724 3629 779 illi

2056 804 2297 884 donavit,
2352 816 2503 871 illum
2563 815 2906 887 gloriﬁcavit,
2974 814 3124 867 illum
3179 816 3624 885 superexaltavit,

2055 906 2239 980 regem
2279 909 2656 965 universorum
2694 908 3013 973 declaravit,
3043 906 3306 974 judicium
3349 922 3511 966 omne
3552 910 3628 966 illi

2059 1003 2303 1064 tradidit,
2346 1017 2447 1057 nos
2499 1001 2669 1056 voluit
2720 1002 2793 1055 illi
2850 1000 3249 1070 obtemperare,
3296 1000 3459 1070 jussit
3502 1015 3626 1056 eum

2055 1097 2240 1151 sedem
2281 1109 2436 1149 suam
2496 1093 2831 1148 constituere
2885 1112 2916 1149 a
2975 1095 3165 1148 dextra
3208 1094 3631 1164 magniﬁcentia:

2056 1196 2185 1243 suae,
2232 1196 2355 1234 cum
2390 1181 2469 1239 sic
2509 1180 2658 1235 illum
2705 1178 2903 1236 affatus
2944 1186 3387 1252 proloqucretur,
3423 1181 3559 1239 Sede
3595 1200 3629 1238 α

2055 1273 2255 1327 dea-tris
2298 1276 2447 1339 meis,
2476 1274 2569 1344 qui
2601 1274 2672 1328 ob
2703 1274 2802 1329 ista
2824 1276 3035 1343 singula
3066 1287 3120 1331 et
3152 1278 3433 1345 universa,
3460 1278 3629 1347 ipsius

2055 1361 2177 1418 Filii
2195 1366 2417 1420 exsistat
2450 1364 2622 1419 Deus:
2650 1366 2736 1420 cui
2769 1366 3170 1435 obtemperatus
3208 1369 3514 1439 unigenitus
3545 1364 3630 1425 Fi-

2057 1456 2184 1521 lius,
2224 1462 2401 1512 semet
2428 1457 2732 1511 exinauivit
2767 1457 2963 1524 ipsum,
2992 1472 3111 1513 sese
3144 1459 3471 1526 humiliavit,
3513 1460 3628 1517 for-

2059 1562 2200 1601 mam
2247 1551 2392 1601 servi
2443 1547 2739 1616 accipiens,
2786 1548 2965 1603 l’actus
3011 1544 3271 1606 obediens
3321 1566 3495 1621 usque
3554 1556 3627 1609 ad

2057 1649 2308 1695 mortem.
2339 1638 2511 1705 Quem
2540 1639 2793 1707 precibus
2827 1640 3165 1709 interpellat:
3200 1641 3285 1696 cui
3308 1642 3514 1710 obedit,
3539 1646 3628 1700 cui

2057 1730 2261 1801 gratias
2311 1731 2441 1801 agit,
2490 1746 2650 1800 quem
2714 1733 2888 1786 solum
2940 1732 3158 1786 unicum
3216 1748 3405 1788 verum
3459 1736 3627 1792 Deum

374 1840 488 1887 τοις
517 1824 608 1877 καὶ
619 1823 749 1877 Θεὸν
778 1818 916 1878 εἶναι
943 1824 1135 1877 ἑαυτοῦ
1166 1824 1372 1887 πάντας
1430 1824 1576 1894 ἡμᾶς
1605 1823 1799 1877 εἰδέναι
1830 1822 1953 1893 βού-

2057 1823 2277 1877 credere
2331 1836 2430 1876 nos
2472 1822 2670 1876 docet:
2714 1838 2875 1892 quem
2921 1838 2979 1878 se
3012 1824 3275 1894 majorem
3314 1826 3622 1896 proﬁtetur,

376 1913 549 1969 λεται.
581 1915 675 1968 Ὃν
701 1915 843 1969 οὕτω
880 1914 1171 1980 δοξάζοντα
1193 1914 1283 1969 τὸν
1307 1913 1503 1968 ἑαυτοῦ
1523 1915 1760 1986 Πατέρα,
1792 1918 1955 1987 ἀμοι-

377 2005 548 2071 ϐαίως
578 2007 935 2074 ἀντιδοξάζων
971 2010 998 2061 ό
1030 2008 1240 2079 Πατὴρ,
1274 2008 1368 2061 καὶ
1399 2008 1623 2079 Κύριον,
1656 2009 1750 2062 καὶ
1771 2009 1957 2080 Σωτῆ-⁵

379 2115 470 2170 pa,
494 2099 588 2152 καὶ
615 2099 746 2153 Θεὸν
776 2100 886 2152 τῶν
914 2098 1070 2164 ὅλων,
1098 2100 1192 2152 καὶ
1222 2098 1507 2171 σύνθρονον
1538 2099 1637 2170 τῆς
1666 2099 1830 2154 αὐτοῦ
1862 2100 1958 2171 βα-

380 2189 583 2253 σιλείας
604 2189 859 2256 ἀνέδειξε.
885 2191 961 2243 Ἀ
972 2190 1036 2260 δὴ
1062 2190 1464 2263 πεπαιδευμένη
1489 2193 1522 2262 ἡ
1554 2191 1953 2265 Ἐκκλησίατοῦ

379 2281 535 2346 Θεοῦ,
563 2282 760 2352 ἑαυτῆς
785 2283 881 2352 μὲν
909 2284 1001 2336 καὶ
1025 2283 1179 2345 Θεὸν,
1210 2284 1305 2336 καὶ
1347 2283 1549 2356 Κύριον
1583 2286 1677 2339 xui
1709 2287 1953 2357 Σωτῆρα,

379 2372 474 2426 τοῦ
523 2372 567 2426 δ’
594 2374 687 2427 ἐπὶ
720 2375 936 2428 πάντων
966 2375 1100 2428 Θεοῦ
1131 2374 1258 2427 Υἱὸν
1288 2376 1550 2447 μονογενῆ
1599 2377 1760 2433 αὑτὸν
1793 2377 1955 2447 γινώ-

380 2479 530 2517 σκειν
549 2503 564 2528 ,
592 2466 684 2518 καὶ
709 2467 900 2521 οὐδένα
927 2467 1025 2537 μὲν
1049 2466 1205 2520 ἄλλον
1225 2465 1332 2520 τῶν
1357 2467 1627 2536 γεννητῶν
1658 2466 1956 2539 ἀναγορεύ·

380 2570 463 2608 ειν
496 2554 628 2610 Θεὸν
654 2555 815 2621 ἀξιοῖ,
847 2557 1006 2627 μόνον
1027 2558 1084 2611 δὲ
1120 2557 1306 2611 τοῦτον
1339 2552 1446 2611 οἶδε
1474 2557 1627 2621 Θεὸν,
1656 2558 1714 2611 ὃν
1741 2559 1896 2629 μόνον
1928 2563 1957 2613 6

380 2645 569 2720 Πατὴρ
592 2647 654 2713 ἐξ
678 2648 871 2702 ἑαυτοῦ
900 2649 1110 2719 ἐγέννα.
1149 2650 1355 2722 ’Ὠσπερ
1382 2645 1475 2704 οὖν
1504 2649 1665 2714 αὐτὸς
1687 2649 1776 2703 διὰ
1802 2650 1957 2715 Σολο-

386 2736 564 2808 μῶνος
619 2738 858 2811 παρίστη
886 2739 1061 2809 λέγων
1086 2758 1099 2772 ’
1146 2739 1267 2809 Πρὸ
1292 2740 1397 2795 τοῦ
1433 2739 1539 2809 ὄρη
1573 2739 1953 2810 ἑδρασθῆναι,

381 2829 497 2898 πρὸ
523 2829 592 2884 δὲ
615 2830 859 2886 πάντων
879 2831 1125 2896 ,βουνῶν
1152 2832 1333 2903 γεννᾷ
1361 2850 1457 2903 με,
1493 2826 1594 2886 ὧδέ
1628 2852 1703 2906 πη
1732 2835 1834 2906 ὅρη
1864 2836 1957 2888 καὶ

382 2917 602 2988 βουνοὺς
625 2920 724 2991 τὰς
751 2920 903 2985 θείας
935 2924 1027 2976 καὶ
1061 2922 1464 2994 ύπερκοσμίους
1491 2922 1749 2994 δυνάμεις
1780 2924 1954 2977 αἰνιτ-

383 3010 626 3082 τόμενος.

1017 3285 1172 3340 ΚΕΦ.
1221 3286 1321 3339 ΙΒ’.

433 3372 527 3439 Ὠς
563 3375 824 3444 ἇῤῥητος
850 3378 1036 3433 αὐτοῦ
1060 3381 1099 3448 ἡ
1118 3379 1188 3433 ἐκ
1218 3380 1325 3434 τοῦ
1356 3379 1585 3448 Πατρός
1615 3379 1919 3450 γέννησις.

456 3466 521 3519 Εἰ
554 3465 612 3519 δὲ
645 3466 709 3538 δὴ
737 3467 847 3537 (42)
883 3469 1296 3541 περιεργάζοιτό
1323 3488 1427 3534 τις,
1468 3471 1563 3523 καὶ
1594 3469 1710 3533 πῶς
1736 3470 1801 3523 ἂν
1835 3485 1959 3539 γεν-

384 3560 595 3630 νήσειεν
617 3562 645 3613 ό
676 3559 828 3625 Θεὸς,
855 3562 971 3627 πῶς
998 3563 1044 3616 δ’
1068 3562 1220 3617 ἔσται
1246 3563 1436 3636 Πατὴρ
1464 3564 1532 3634 (6)
1563 3563 1818 3617 ἐπέκεινα
1849 3564 1957 3616 τῶν

382 3651 553 3716 ὃλωνς
609 3651 666 3705 τὸ
694 3653 966 3725 τολμηρὸν
991 3655 1087 3709 τοῦ
1119 3655 1400 3727 πύσματος
1431 3657 1771 3727 κατασιγάσῃ
1799 3658 1827 3708 6
1847 3657 1955 3726 φή-

385 3760 515 3808 σαςο
558 3743 858 3813 Βαθύτερά
890 3746 1000 3816 (45)
1030 3761 1145 3799 σου
1170 3745 1256 3815 μὴ
1288 3746 1460 3813 ζήτει,
1489 3747 1585 3800 καὶ
1614 3748 1959 3818 ὑψηλότερά

382 3852 499 3890 σου
509 3835 595 3905 μὴ
612 3836 843 3900 ἐξέταζε
867 3854 881 3867 ·
911 3836 949 3891 ἂ
970 3837 1307 3907 προσετὰγη
1335 3855 1454 3904 σοι,
1478 3839 1661 3893 ταῦτα
1690 3840 1951 3895 διανοοῦ·

383 3929 457 3981 οὐ
472 3926 581 3996 γάρ
598 3928 730 3981 ἐστί
743 3943 841 3981 σοι
855 3930 1025 3997 χρεία
1040 3929 1158 3982 τῶν
1185 3929 1480 3998 κρυπτῶν.
1500 3932 1607 3984 Καὶ
1621 3932 1649 3983 ό
1668 3931 1875 3996 Παῦλος
1898 3933 1956 3986 δὲ

383 4015 572 4071 εἰπών·
596 4018 663 4072 Ὦ
676 4017 867 4084 ,βάθος
890 4018 1155 4072 πλούτου
1176 4019 1274 4072 καὶ
1297 4022 1533 4089 σοφίας,
1558 4021 1655 4077 καί
1687 4020 1958 4091 γνώσεως

387 4107 535 4162 Θεοῦ
550 4107 570 4160 !
606 4108 685 4174 ὠς
721 4108 1158 4178 ἀνεξερεύνητα
1203 4112 1276 4164 τὰ
1318 4108 1566 4180 κρίματα
1602 4111 1787 4167 αὑτοῦ
1808 4112 1829 4164 !
1858 4113 1958 4166 καὶ

391 4197 839 4268 ἀνεξιχνίαστοι
871 4204 929 4255 al
962 4200 1086 4254 ὁδοὶ
1117 4202 1338 4256 autcf)!
1368 4201 1471 4255 Τὸν
1510 4203 1816 4275 περαιτέρω
1847 4221 1956 4273 χω-

390 4292 501 4361 ρεῖν
531 4291 846 4361 τολμῶντα,
879 4291 952 4363 μὴ
984 4293 1291 4362 ἀνεφίκτοις
1332 4294 1627 4365 ἐπιχειρεῖν
1658 4294 1692 4364 ἢ
1728 4294 1958 4346 πειθέτω

385 4377 558 4448 λέγων
577 4381 835 4454 πρότερον
859 4383 1039 4445 αὑτὸς,
1066 4380 1101 4435 ἃ.
1119 4382 1180 4453 δή
1216 4399 1378 4454 φησιν
1404 4383 1463 4448 ἐξ
1488 4385 1588 4437 οὐκ
1614 4383 1780 4438 ὄντων
1803 4401 1958 4453 γεγο-

2059 1928 2332 1984 quemque
2365 1914 2541 1968 adhuc
2579 1929 2744 1983 super
2770 1914 2976 1982 omnia,
3010 1931 3169 1970 suum
3200 1932 3417 1988 quoque
3458 1920 3626 1976 Deum

2057 2018 2199 2070 esse,
2233 2019 2331 2060 nos
2356 2019 2546 2060 oumes
2581 2017 2635 2060 et
2680 2005 2924 2076 singulos
2955 2007 3096 2062 scire
3143 2008 3331 2065 voluit.
3360 2011 3529 2079 Quem
3559 2012 3628 2068 ad

2058 2096 2220 2152 istum
2259 2099 2475 2153 modum
2521 2095 2739 2152 Patrem
2770 2112 2925 2153 suum
2977 2098 3396 2170 gloriﬁcantem,
3441 2098 3627 2170 Pater,

2056 2190 2347 2245 viceversa
2394 2187 2736 2260 gloriﬁcavit,
2787 2203 3018 2256 eumque
3069 2190 3377 2259 Dominum,
3429 2195 3628 2251 Serva-

2060 2290 2256 2347 torem,
2287 2281 2456 2335 Deum
2485 2279 2887 2347 universorum,
2925 2292 3236 2339 consortem
3279 2284 3361 2341 sui
3408 2300 3628 2357 quoque

2059 2373 2268 2442 imperii
2300 2371 2477 2442 palam
2501 2371 2820 2428 declaravit.
2850 2372 2976 2428 llaec
3005 2389 3036 2428 a
3068 2373 3179 2429 Deo
3209 2376 3398 2432 cdocta
3441 2377 3627 2434 Eccle—

2056 2465 2135 2521 sia
2175 2465 2323 2520 illum
2356 2467 2544 2531 Deum,
2574 2466 2882 2531 Dominum,
2908 2466 3277 2537 Servatorem,
3309 2466 3505 2527 Filium
3529 2466 3625 2528 hei

2067 2559 2305 2628 supremi
2340 2557 2685 2630 Unigenitum
2722 2560 2989 2631 agnoscit,
3025 2577 3125 2617 nec
3152 2563 3220 2618 ab
3257 2578 3324 2621 eo
3372 2579 3493 2619 cum
3548 2583 3627 2622 re-

2058 2652 2306 2718 cesserit,
2345 2651 2489 2708 inter
2526 2662 2828 2717 creaturas,
2863 2662 3123 2722 prasterea
3169 2656 3466 2726 quidquam
3496 2674 3625 2726 pro-

2057 2746 2243 2798 titetur
2289 2742 2480 2798 Deum.
2533 2741 2720 2800 Solum
2782 2742 2936 2799 illum
2970 2744 3168 2815 quippe
3219 2745 3388 2801 Deum
3443 2748 3617 2812 novit,

2054 2851 2217 2906 quem
2241 2834 2417 2891 solum
2463 2836 2529 2891 de
2558 2850 2617 2891 se
2650 2835 2835 2906 genuit
2858 2833 3038 2891 Pater.
3077 2837 3539 2904 Quemadmodum
3573 2848 3628 2891 ct

2055 2928 2174 2997 ipse
2205 2942 2302 2997 per
2339 2927 2684 2984 Salomonem
2724 2928 2967 3000 loquitur
3006 2945 3022 2982 :
3060 2925 3382 2998 Priusquam
3427 2940 3626 2984 montes

2054 3017 2438 3081 stabilirentur,
2498 3032 2620 3073 ante
2657 3036 2832 3074 omnes
2892 3018 3050 3074 colles
3077 3019 3353 3091 progenuit
3381 3036 3480 3075 me.
3526 3017 3631 3074 Pe:

1983 3146 2029 3208 ο
2061 3121 2272 3165 montes
2295 3119 2353 3165 et
2381 3109 2551 3165 colles
2603 3110 2676 3166 ibi
2710 3111 2953 3166 indicare
2991 3110 3159 3166 voluit
3198 3110 3413 3169 divinas
3444 3120 3500 3168 et
3532 3126 3628 3168 su-

2058 3200 2458 3270 permundanas
2494 3210 2814 3271 potestates.

2688 3292 2839 3348 CAP.
2882 3289 2992 3347 XII.

2097 3389 2155 3448 ᾗ(
2182 3382 2331 3450 Quod
2357 3383 2422 3438 sit
2459 3385 2825 3439 inenarrabilis
2851 3385 2999 3439 illius
3021 3385 3085 3439 de
3114 3382 3279 3442 Patre
3303 3388 3591 3458 generatio.
3640 3380 3647 3393 ’

2129 3473 2286 3541 Quod
2317 3473 2362 3528 si
2390 3474 2511 3543 quis
2546 3475 2812 3531 curiosius
2846 3475 2937 3530 hic
2965 3476 3247 3546 sategerit,
3268 3488 3324 3532 et
3358 3479 3630 3547 quomodo

2058 3565 2128 3620 sit
2157 3566 2247 3621 ille
2277 3562 2424 3621 Deus
2457 3577 2609 3636 roget
2635 3587 2649 3623 :
2680 3568 2950 3638 quomodo
2982 3568 3086 3623 erit
3129 3567 3312 3634 Pater,
3343 3570 3433 3639 qui
3465 3585 3631 3641 super

2057 3657 2237 3711 omnia
2280 3658 2409 3714 est?
2455 3659 2712 3715 audacem
2759 3659 2917 3730 hujus
2968 3659 3198 3715 hominis
3249 3660 3629 3731 interrogatio-

2060 3763 2181 3803 nem
2220 3760 2534 3819 compescet
2561 3750 2606 3806 is
2632 3751 2725 3822 qui
2757 3753 2857 3816 ait,
2889 3748 3251 3816 Prafundiora
3274 3761 3323 3806 te
3346 3791 3365 3818 ,
3397 3769 3459 3808 ne
3484 3771 3631 3824 qutt-

2056 3836 2242 3891 siveris
2262 3880 2277 3903 ,
2327 3848 2373 3892 et
2415 3838 2701 3894 excelsiora
2749 3849 2798 3892 te
2822 3879 2840 3907 ,
2883 3855 2946 3893 ne
2974 3838 3229 3909 ,exquiras
3257 3854 3276 3892 :
3306 3838 3400 3893 illa
3431 3842 3631 3910 cogita,

2057 3944 2174 3998 qua:
2211 3926 2303 3979 tibi
2330 3924 2596 3994 imperavit
2627 3943 2646 3981 :
2673 3942 2834 3997 neque
2867 3927 3003 3981 enim
3032 3927 3128 3981 tibi
3152 3944 3281 3996 opus
3303 3942 3379 3983 est
3402 3940 3631 3985 secreto-

2060 4035 2176 4074 rum
2203 4019 2284 4085 “;
2318 4027 2372 4073 et
2399 4017 2599 4072 Paulus
2622 4017 2697 4072 ait
2719 4018 2885 4073 etiam
2934 4035 2948 4070 :
2983 4017 3027 4074 0
3053 4018 3277 4073 altitudo
3301 4019 3626 4089 divitiarum,

2057 4111 2329 4180 sapientia!
2357 4120 2403 4164 et
2442 4111 2675 4164 scientiae
2704 4109 2847 4164 Dei!
2876 4125 3034 4180 quam
3082 4110 3628 4178 incomprehensibilia

2059 4213 2178 4255 sunt
2219 4202 2431 4272 judicia
2461 4201 2620 4271 ejus!
2670 4212 2719 4256 et
2763 4202 3251 4274 impervestigabiles
3284 4206 3379 4261 vite
3416 4207 3530 4276 ejus
3561 4206 3628 4259 ".

2060 4292 2219 4347 llunc
2247 4306 2377 4347 vero
2409 4306 2820 4363 progressurum
2842 4292 3035 4347 audaci
3066 4293 3309 4350 facinore
3344 4296 3519 4350 adhuc
3550 4295 3633 4350 ul-

2063 4384 2234 4438 terius
2263 4383 2519 4438 coliibere
2555 4383 2747 4439 saltem
2780 4383 3033 4451 debeant,
3079 4392 3137 4438 ut
3163 4385 3436 4441 inaccessa
3479 4401 3634 4456 pror-

387 4472 552 4537 νέναι,
596 4472 710 4537 πῶς
738 4475 832 4526 καὶ
877 4473 998 4527 τίνα
1024 4474 1221 4545 τρόπον
1255 4476 1484 4546 ὑπέστη,
1525 4476 1746 4547 μηδαμῆ
1786 4476 1956 4547 μηδα-

2064 4490 2155 4529 sus
2201 4477 2566 4546 aggrediatur,
2595 4491 2657 4531 ea
2689 4490 2810 4545 quae
2855 4485 2982 4531 sunt
3009 4474 3079 4530 ab
3106 4475 3222 4545 ipso
3257 4477 3406 4546 prius
3431 4478 3631 4547 posita,

389 4562 506 4634 μῶς
536 4563 665 4617 ὄντα
688 4564 968 4636 πρότερον.
997 4565 1070 4617 Ού
1096 4565 1204 4637 γὰρ
1237 4565 1301 4637 δὴ
1335 4567 1477 4620 κατὰ
1509 4568 1635 4630 τοὺς
1664 4569 1793 4639 παρ’
1826 4570 1955 4639 ἡμῖν

386 4652 653 4723 τεχνίτας,
676 4652 807 4724 ὕλην
834 4654 1303 4725 προῦποκειμένην
1327 4655 1502 4708 λαϐὼν
1526 4658 1645 4719 ταῖς
1669 4657 1873 4728 χερσὶν,
1900 4656 1960 4709 τὸ

388 4744 497 4798 πᾶν
523 4745 865 4815 ἐτεκτήνατο.
896 4745 1104 4817 Ὠσπερ
1133 4745 1197 4817 δὴ
1241 4745 1415 4809 τοῦτο,
1446 4748 1513 4817 τῇ
1550 4744 1707 4814 φύσει
1741 4746 1956 4816 ἀμήχα-

385 4850 495 4899 νον,
522 4834 645 4889 ὅσον
672 4836 758 4889 ἐπ’
789 4834 1113 4907 ἀνθρώποις,
1138 4835 1279 4902 λέγω
1306 4834 1362 4888 δὲ
1393 4836 1454 4888 τὸ
1489 4834 1753 4905 μηδαμῶς
1787 4834 1960 4907 ὑπάρ-

387 4944 479 4997 χον
503 4929 569 4981 ἐκ
589 4927 685 4981 τοῦ
711 4927 784 4999 μὴ
819 4927 968 4992 ὄντος
1002 4930 1081 4991 είς
1108 4927 1170 4980 τὸ
1194 4924 1332 4980 εἶναι
1362 4927 1653 4998 παράγειν,
1699 4926 1847 4997 αὐτῷ
1868 4927 1959 4980 δυ-

390 5019 542 5081 ’ξατὸν
570 5020 827 5090 κατέστη,
859 5020 953 5073 καὶ
975 5019 1163 5090 γέγονε
1197 5018 1307 5089 (44)
1328 5018 1433 5071 τῶν
1458 5017 1593 5072 ὅλων
1622 5017 1870 5089 ποιητὴς,
1897 5019 1957 5071 ού

463 5143 522 5200 >14
552 5136 647 5192 Ed.
680 5137 876 5203 Paris-.,
914 5154 1034 5209 pag.
1064 5139 1153 5192 7i.

458 5295 572 5372 (Δί)
625 5296 1171 5372 ’Υποστησάμενοᾳ
1199 5300 1357 5372 Deest
1392 5299 1543 5372 αὐτῷ
1567 5341 1581 5364 ,
1618 5315 1817 5372 nempe
1869 5299 1961 5354 Fi-

385 5365 480 5419 lio.
517 5366 642 5419 Haec
671 5365 1217 5430 onmia,de_homine
1247 5370 1467 5428 Christo
1513 5365 1571 5426 iu
1604 5365 1776 5426 sacris
1807 5370 1957 5425 litte-

390 5438 466 5506 ris
497 5436 743 5502 recitata,
777 5441 842 5489 ad
868 5439 1123 5492 deitatem
1151 5440 1332 5494 retulit
1391 5441 1674 5506 Eusebius,
1706 5441 1957 5495 Ariantea

392 5505 494 5580 lidc
517 5520 761 5580 prorsus.
791 5506 863 5560 M.
887 5508 1102 5580 -_—_.\lo_x
1135 5511 1291 5580 vulgo
1315 5510 1404 5563 τὸν
1428 5514 1492 5564 ἐκ
1516 5508 1694 5576 δεξιᾶς
1728 5527 1780 5563 τ.
1806 5526 1863 5580 μ.
1905 5521 1959 5564 et

387 5573 547 5627 ἐταπ.
577 5575 766 5651 ἐαύτὸν
799 5594 855 5630 υ..
889 5576 1045 5651 ὃούλ.Δ
1068 5573 1250 5651 λαβὼν
1276 5573 1823 5651 γενόμενος,ὀιιιιδδρ
1846 5596 1958 5651 Ase-

388 5655 585 5722 quente
611 5644 854 5722 γέγονεν,
879 5657 931 5722 et
964 5648 1058 5700 καὶ
1088 5644 1357 5703 κελεύοντι
1390 5644 1442 5705 ét
1478 5652 1577 5722 τῆς
1619 5648 1811 5705 ἑαυτοῦ
1835 5649 1955 5720 βασ.

389 5722 443 5768 et
467 5713 558 5788 ᾶρε
579 5731 710 5788 usit.
735 5724 788 5769 et
816 5716 1017 5788 Σαλομ.

380 5786 386 5795 ⁸
449 5784 575 5866 μθ)
618 5782 782 5856 Vulgo
809 5785 873 5858 δή
902 5782 1036 5858 οιὶι.;
1082 5788 1206 5847 dein
1248 5789 1403 5862 vulgo
1456 5790 1557 5862 τῆς
1610 5791 1857 5858 πεύσεως
1908 5800 1961 5849 et

2063 4566 2129 4620 de
2152 4566 2607 4636 progeneratioue
2634 4580 2665 4620 e
2706 4581 2811 4621 non
2840 4567 3235 4622 exsistentibus
3268 4582 3281 4621 :
3317 4570 3461 4638 quod
3493 4584 3632 4639 quo-

2067 4657 2228 4712 modo
2259 4657 2371 4713 ﬁeri
2406 4659 2579 4727 potuit
2626 4657 2787 4713 velim
2839 4659 3112 4730 esplicet,
3145 4673 3265 4714 cum
3319 4661 3633 4732 neutiquam

2066 4747 2255 4803 nullibi
2301 4757 2577 4802 exstarent
2610 4748 2716 4803 illa.
2752 4747 2869 4804 Non
2916 4750 3083 4813 enim,
3132 4758 3190 4804 ut
3222 4748 3459 4805 artiﬁces
3492 4753 3634 4821 apud

2067 4852 2166 4892 nos
2191 4837 2385 4903 solent,
2420 4837 2703 4893 materiam
2733 4838 3112 4910 praejaceutem
3160 4846 3437 4908 acceptam
3467 4838 3636 4893 mani-

2067 4929 2187 4996 bus,
2228 4929 2540 4985 universum
2568 4930 2765 4987 exinde
2813 4930 3175 4986 conformavit
3203 4947 3217 4984 :
3252 4930 3347 4985 sed
3375 4940 3435 4986 ut
3458 4929 3632 5002 ipsum

2067 5020 2169 5075 boc
2221 5034 2427 5076 natura:
2478 5022 2694 5092 quidem
2750 5022 3082 5091 impossibile
3128 5020 3326 5116 fuerat,
3373 5033 3628 5093 quantum

1251 5139 1295 5170 “
1319 5136 1468 5197 Eccl.
1504 5153 1586 5203 Ill,
1616 5137 1711 5195 22..
1791 5139 1835 5170 θ’
1861 5137 2021 5193 Rom.
2047 5155 2125 5208 Il,
2154 5141 2245 5199 '53.

2062 5303 2407 5372 κατασιγάση
2419 5342 2434 5355 .
2564 5371 2570 5372 ί
2776 5370 2795 5372 Α
3092 5369 3138 5372 _
3402 5370 3417 5372 Α
3462 5322 3465 5327 ’

2133 5374 2246 5442 (45)
2271 5369 2577 5440 Βαθῦτερά
2605 5387 2741 5426 σου.
2775 5370 2951 5426 Locus
2973 5380 3061 5442 est
3084 5369 3258 5426 Sirae.
3282 5386 3365 5434 tn,
3393 5370 3496 5442 22,
3544 5370 3635 5442 ubi

2059 5439 2293 5513 legimus
2322 5439 2679 5513 χαλεπώτερα
2708 5458 2802 5513 σου
2841 5442 2914 5513 μὴ
2964 5440 3137 5512 ζήτει,
3171 5442 3264 5495 καὶ
3313 5439 3638 5512 ίσχύρότερά

2064 5529 2156 5565 σου
2182 5512 2255 5582 μὴ
2287 5512 2504 5578 ἐξέταζε
2524 5552 2539 5577 ,
2574 5511 2661 5567 ubi
2691 5511 2795 5565 alia
2831 5511 2938 5565 snit
2980 5511 3031 5565 in
3063 5516 3307 5582 eamdem
3347 5511 3467 5582 cum
3490 5513 3638 5582 histis

2063 5578 2404 5636 sententiam.
2425 5582 2589 5654 M.-—
2615 5583 2746 5637 Dein
2780 5583 2936 5651 vulgo
2956 5583 3248 5654 ἐπιχωρεῖν
3283 5581 3321 5653 ἡ
3344 5591 3398 5637 et
3427 5578 3465 5635 ἃ.
3483 5578 3543 5635 δὲ
3572 5596 3636 5650 φ.

2065 5663 2116 5707 et
2152 5653 2259 5705 πᾶν
2293 5653 2641 5707 ἐπεκτείνατο
2677 5661 2731 5707 et
2757 5655 3111 5722 προαγαγεῖν.

2139 5723 2247 5793 (Η)
2283 5722 2402 5775 Tum
2427 5724 2584 5778 ὅλων
2615 5716 2891 5788 ποιητῆς.
2910 5716 3026 5777 ’γει
3054 5731 3113 5776 ut
3150 5723 3207 5793 iu
3237 5719 3479 5793 margine
3509 5716 3632 5793 fuit:

2069 5786 2286 5865 ποίητῇ,
2318 5795 2500 5853 statim
2526 5793 2688 5850 αύτοῦ
2719 5786 3107 5865 ύίούγένησις.
3146 5792 3220 5851 Μ.
3253 5821 3321 5835 -
3361 5786 3498 5847 Dein
3534 5786 3631 5844 τοῦ
