4158 6390
521 379 628 436 ειτ

1233 367 1503 426 EUSEBII
1540 334 2021 425 cmsAmENSIS
2059 359 2209 415 opp.
2251 359 2432 416 PARS
2471 359 2558 417 tv.
2602 392 2671 404 —
2709 359 3129 417 poenarum.

3658 359 3760 415 818

521 493 745 561 quidem
786 466 1197 543 adibumannm
1251 484 1511 553 operandi
1572 485 1793 537 modum
1847 488 2091 551 spectat,

2196 478 2317 531 κατ’
2350 477 2654 549 ἄνθρωπον,
2683 477 2942 548 ἀρρήτοις
2972 476 3027 529 δὲ
3062 475 3157 527 καὶ
3187 472 3485 546 ἀφράστοις
3511 473 3644 543 ἡμῖν
3674 472 3758 527 λό-

524 585 779 640 nimirum
801 622 817 647 ,
868 582 937 635 de
985 577 1171 633 nullibi
1195 579 1494 634 exsistente
1521 576 1746 630 materia
1764 618 1779 639 ,
1807 574 2093 629 essentiam

526 693 707 731 rerum
739 682 1104 729 constructam
1154 670 1289 726 dare
1324 686 1339 723 :
1369 670 1469 740 ipsi
1508 677 1688 723 tamen
1725 665 2095 721 universitatis

522 766 793 824 conditori
823 764 1080 835 possibile
1103 762 1199 818 fuit
1219 763 1397 833 plane,
1423 772 1476 819 et
1498 761 1702 816 factum
1727 771 1831 815 est.
1864 759 2093 827 Captum

525 864 629 917 hoc
680 863 973 914 humanum
1025 856 1357 911 transcendit
1400 868 1668 924 prorsus:
1712 865 1886 921 neque
1938 849 2097 918 hujus

527 956 604 1010 rei
640 955 776 1009 ratio
806 950 1195 1022 comprehendi
1240 961 1493 1005 sermone
1533 956 1626 1001 aut
1655 944 1963 1000 annuntiari
1998 958 2095 1010 po-

524 1056 651 1104 test.
700 1046 780 1100 Ad
822 1044 1070 1099 eumdem
1119 1042 1371 1104 modum,
1397 1050 1453 1096 et
1485 1040 1652 1095 nmlto
1674 1037 1890 1108 quidem
1924 1034 2097 1102 magis

526 1138 786 1208 unigeniti
822 1134 937 1203 ejus
979 1134 1100 1190 Filii
1128 1133 1425 1204 generatio,
1451 1127 2010 1200 incomprehensibilis
2041 1136 2098 1181 et

527 1227 942 1297 investigabilis,
973 1241 1078 1280 non
1115 1225 1269 1280 nobis
1289 1223 1647 1287 solummodo,
1679 1222 1771 1276 sed
1793 1228 1848 1274 et
1882 1218 2097 1272 virtuti-

527 1325 626 1377 hus
676 1321 745 1376 iis
776 1318 960 1382 fuerit,
990 1333 1115 1389 qua:
1140 1331 1238 1371 nos
1284 1316 1443 1385 longo
1477 1321 1739 1381 superant
1784 1312 2091 1367 intervallo.

525 1412 807 1482 Siquidem
830 1409 921 1465 illa
960 1423 1079 1479 qua
1118 1422 1214 1477 per
1241 1417 1490 1461 naturam
1517 1420 1670 1459 suam
1697 1403 1922 1459 inferius
1966 1406 2096 1459 sub-

523 1506 746 1567 sidunt,
774 1512 831 1558 et
857 1502 925 1557 ab
953 1500 1040 1555 illa
1083 1500 1264 1554 divina
1301 1497 1657 1552 inenarrabili
1688 1497 1929 1551 essentia
1972 1505 2096 1551 sunt

525 1595 835 1664 longissimo
856 1602 912 1647 et
956 1590 1196 1648 inferiori
1234 1598 1409 1645 tractu
1439 1596 1668 1653 semota,
1694 1587 1965 1657 quomodo
1995 1601 2093 1656 po-

525 1687 688 1740 terint
736 1686 1046 1756 cognitione
1096 1699 1193 1738 sua
1245 1682 1311 1736 ad
1362 1680 1619 1736 sublimia
1670 1680 1803 1735 etin
1831 1680 2095 1735 altissimo

525 1778 721 1848 posita,
768 1776 1055 1848 aspirare?
1097 1775 1200 1843 Qui
1252 1775 1452 1843 poterit
1489 1773 1627 1836 lieri,
1671 1782 1727 1826 ut
1756 1772 1937 1826 animo
1972 1772 2095 1840 quis

2195 585 2331 638 γοις,
2361 568 2501 621 οὓτω
2532 569 2627 622 καὶ⁵
2667 567 2802 621 πολὺ
2836 566 2995 619 πλέον
3043 567 3077 637 ἡ
3112 564 3204 618 τοῦ
3234 565 3568 633 Μονογενοῦς
3602 565 3763 619 αὐτοῦ

2194 661 2446 732 γέννησις
2470 662 2621 728 ἀνεξε
2631 660 2883 733 ρεύνητος
2904 661 2996 714 καὶ
3030 658 3424 731 ἀνεξιχνίαστος
3447 658 3512 712 ἂν
3539 659 3644 729 εἴη,
3672 660 3763 730 οὐ)

2195 753 2346 821 ἡμῖν,
2373 751 2448 814 ὼς
2474 750 2539 804 ἂν
2572 750 2704 821 φαίη
2733 767 2837 812 τις,
2886 751 3087 820 μόνοις,
3128 748 3264 802 ἀλὶά
3291 748 3385 801 καὶ
3423 748 3623 811 πάσαις
3650 752 3771 812 ταῖς

2195 842 2495 911 κρείττοσιν
2522 841 2553 912 ἢ
2584 841 2704 894 καθ’
2731 841 2875 911 ἡμᾶς
2904 841 3187 910 δυνάμεσι.
3218 838 3298 891 Τά
3321 839 3428 910 γὰρ
3456 838 3649 909 μακρῷ
3671 839 3770 909 τὴν

2196 934 2355 1001 φύσιν
2389 931 2784 1003 ὑποϐεϐηκότα,
2839 931 2989 984 κάτω
3032 948 3090 983 τε
3137 932 3230 985 καὶ
3282 929 3616 1001 πορρωτάτω
3672 932 3771 1001 τῆς

2195 1027 2433 1098 ἀρρήτου
2473 1026 2564 1078 καὶ
2590 1024 2778 1095 θεῖκῆς
2816 1023 3129 1078 καθεστῶτα
3156 1024 3363 1087 ούσίας,
3408 1023 3525 1085 πῶς
3560 1021 3626 1075 ἂν
3652 1022 3769 1090 ἐφί-

2198 1134 2344 1170 κοιτο
2370 1116 2471 1186 τῆς
2508 1116 2762 1169 ἐπέκεινα
2794 1116 2888 1169 καὶ
2919 1115 3179 1168 ἀνωτάτω
3219 1114 3604 1185 καταλήψεωςς
3648 1114 3771 1177 Πῶς

2195 1208 2238 1261 δ’
2268 1208 2333 1262 ἂν
2352 1208 2419 1261 τὰ
2450 1207 2524 1279 μὴ
2551 1208 2678 1261 ὄντα
2701 1208 2979 1277 πρότερον,
3004 1206 3069 1259 δι’
3098 1206 3263 1259 αὑτοῦ
3297 1206 3343 1259 δ’
3373 1206 3436 1259 ὲκ
3462 1205 3556 1258 τοῦ
3590 1206 3663 1275 μὴ
3687 1204 3773 1258 δν-

2194 1317 2287 1363 τος
2320 1302 2398 1364 είς
2427 1300 2489 1354 τὸ
2523 1295 2660 1353 εἶναι
2701 1300 3060 1371 προαχθέντα,
3095 1297 3189 1351 τοῦ
3230 1298 3662 1369 παραγαγόντος,
3695 1299 3774 1351 αί-

2195 1391 2308 1445 τίου
2338 1409 2397 1444 τε
2429 1392 2607 1456 αὐτοῖς
2636 1391 2734 1463 τῆς
2759 1392 3041 1463 ὑπάρξεως
3063 1389 3373 1461 γενομένου,
3409 1389 3557 1461 σχοίη
3591 1390 3655 1443 ἂν
3685 1405 3770 1452 τις

2197 1483 2304 1555 πρὸ
2343 1483 2445 1554 τῆς
2473 1484 2739 1552 γενέσεως
2789 1482 2887 1552 τὴν
2943 1481 3175 1550 γνῶσινς
3225 1483 3403 1533 Ἤπου
3438 1497 3500 1548 γε
3532 1481 3691 1550 ἡμεῖς
3718 1481 3768 1533 οί

2196 1572 2391 1644 χθιζοὶ,
2439 1572 2613 1645 δέρμα
2659 1573 2752 1625 καὶ
2806 1570 2977 1643 κρέας
3014 1569 3384 1641 ἐνδεδυμένοι·
3435 1569 3641 1632 ὀστέοις
3675 1569 3771 1622 καὶ

2196 1665 2408 1735 νεύροις
2445 1664 2764 1735 ἐνειρμένοι,
2825 1663 2919 1717 καὶ
2957 1662 3090 1734 μηδὲ
3122 1662 3190 1715 τὰ
3220 1662 3341 1715 καθ’
3373 1663 3519 1733 ἡμᾶς
3552 1660 3767 1724 εἰδότες,

2195 1757 2295 1827 τὴν
2330 1756 2457 1827 περὶ
2495 1756 2603 1810 τῶν
2631 1756 2887 1827 ἀρρήτων
2916 1754 3195 1809 ἀκίνδυνον
3238 1752 3578 1825 ποιησόμεθα
3609 1753 3774 1823 ζήτη-

523 1886 585 1929 ea
616 1880 938 1940 assequatur
985 1870 1125 1939 (quae
1172 1868 1299 1923 olim
1350 1867 1572 1921 omnino
1626 1881 1732 1920 non
1782 1863 2090 1927 exstabant,

2198 1865 2312 1914 σιν;
2338 1849 2455 1912 πῶς
2490 1848 2680 1917 ἐγέννα
2710 1848 2802 1901 τὸν
2828 1846 2955 1901 Υἱὸν
2980 1848 3009 1899 ό
3035 1846 3223 1918 Πατὴρ
3255 1846 3772 1917 πολυπραγμονοῦν-

523 1968 618 2022 sed
666 1966 731 2019 de
779 1980 884 2018 non
920 1977 1071 2027 esse,
1104 1961 1169 2014 ad
1217 1960 1514 2015 subsistere
1559 1974 1753 2021 suum,
1798 1972 1895 2027 per
1922 1956 2089 2010 Deum

521 2065 650 2113 sunt
691 2055 951 2127 producta
984 2053 1214 2124 originis
1244 2062 1518 2107 auctorem
1548 2089 1563 2115 ,
1594 2061 1928 2117 causamque
1961 2046 2093 2112 ipsis

523 2148 824 2205 cxsistendi
862 2145 1238 2209 exsistentem)
1265 2154 1389 2199 ante
1410 2158 1560 2198 suam
1593 2142 1832 2210 ipsorum
1860 2140 2090 2208 primam

522 2239 933 2312 productionem
963 2236 987 2291 ?
1026 2238 1131 2290 Aut
1174 2249 1274 2289 nos
1304 2234 1422 2288 heri
1468 2243 1629 2302 atque
1664 2232 1864 2286 nudius
1901 2230 2093 2285 tertius
2124 2226 2125 2229 “

525 2310 716 2402 pellem
759 2332 930 2386 induti
965 2340 1126 2399 atque
1155 2344 1375 2384 carnem
1407 2345 1420 2380 :
1457 2327 1672 2381 ossibus
1712 2334 1877 2395 atque
1905 2323 2088 2378 nervis

524 2423 938 2496 compaginati:
979 2422 1071 2492 qui
1124 2436 1223 2476 nec
1266 2420 1356 2475 illa
1403 2418 1620 2488 quidem
1678 2418 1926 2472 novimus
1973 2431 2093 2486 qua:

518 2519 671 2589 juxta
708 2532 808 2573 nos
836 2516 1183 2581 consistunt,
1223 2514 1496 2583 quomodo
1547 2511 1668 2565 sine
1698 2508 1939 2579 periculo
1978 2509 2092 2564 dis-

523 2610 872 2681 quisitionem
925 2608 991 2663 de
1041 2602 1832 2662 ineﬂ‘abilibns.instituemus‘I
1862 2602 2096 2672 qualiter

529 2708 589 2769 ιιι
628 2702 821 2756 Filium
851 2716 1006 2756 suum
1044 2699 1334 2769 progenuit
1366 2695 1551 2763 Pater,
1582 2704 1889 2762 satagentes
1922 2713 1937 2749 :
1969 2708 2093 2748 cum

524 2796 810 2849 innumera
844 2792 952 2847 sint
979 2791 1089 2856 illa,
1116 2805 1234 2860 quae
1263 2804 1384 2844 cum
1434 2788 1500 2841 ad
1556 2788 1719 2857 pedes
1765 2786 1925 2840 etiam
1965 2800 2095 2840 nos-

525 2897 639 2944 tros
671 2886 1074 2955 provolvantur,
1117 2883 1271 2938 nobis
1302 2892 1483 2937 tamen
1523 2881 1741 2951 penitus
1779 2887 1907 2933 sunt
1938 2878 2093 2931 inco-

524 2979 695 3050 gnita.
723 2975 985 3044 Exemplo
1023 2987 1136 3028 rem
1181 2974 1339 3027 istam
1374 2970 1677 3026 illustrabo.
1710 2969 1908 3038 Ecquis
1947 2969 2090 3023 enim

522 3070 657 3124 mihi
691 3062 945 3137 expedire
977 3066 1199 3136 pcterit,
1233 3062 1413 3117 anima
1436 3064 1648 3131 corpori
1674 3062 1945 3132 quomodo
1960 3076 2093 3117 con-

523 3160 852 3217 catenatur?
888 3159 1122 3229 qualiter
1168 3156 1294 3211 inde
1332 3156 1538 3210 exeat?
1572 3153 1807 3223 qualiter
1843 3152 2085 3222 ingressa

522 3254 623 3308 fuit
654 3253 723 3307 ab
776 3251 973 3305 initio?
1005 3266 1125 3319 quae
1155 3249 1326 3321 ipsius
1367 3246 1621 3316 species?
1668 3245 1846 3315 qualis
1896 3246 2090 3315 ﬁgura,

522 3346 718 3411 forma,
742 3345 976 3408 habitus,
1009 3343 1246 3398 essentia
1273 3340 1297 3393 ?
1326 3339 1568 3394 Nondum
1599 3354 1694 3409 per
1724 3337 2091 3393 curiositatem

521 3454 695 3495 meam
727 3437 891 3492 ullam
933 3449 1181 3490 naturam
1204 3447 1304 3504 ego
1328 3432 1628 3485 daemonum
1652 3430 1903 3500 indagavi
1932 3445 1949 3485 :
1987 3445 2091 3484 non

520 3530 753 3601 explicui
808 3528 1144 3585 snbstantias
1193 3525 1511 3595 angelorum
1546 3540 1569 3577 :7
1595 3538 1701 3578 non
1747 3522 1981 3592 qualiter
2033 3537 2093 3577 se

521 3625 757 3679 habeant
788 3621 1146 3692 principatus,
1184 3618 1387 3680 throni,
1425 3615 1825 3671 dominationes
1858 3631 1872 3668 :
1904 3614 1970 3669 de
1993 3627 2092 3682 po-

522 3714 811 3770 testatibus
838 3751 855 3777 ,
882 3721 936 3766 et
991 3710 1174 3765 mundi
1212 3707 1646 3764 moderatoribus
1689 3706 1885 3762 rescivi
1936 3705 2089 3761 nihil.

521 3805 586 3861 Et
613 3806 657 3861 si
680 3819 812 3860 sane
843 3803 910 3857 ab
941 3802 1061 3858 istis
1089 3816 1173 3855 me
1204 3815 1309 3856 non
1328 3799 1635 3868 expediam,
1656 3798 1782 3867 quid
1812 3797 1940 3851 mihi
1969 3812 2093 3867 pro-

519 3897 664 3951 derit
697 3896 1026 3966 investigare
1074 3894 1401 3956 scientiam,
1432 3892 1497 3945 de
1524 3890 1727 3946 deitate
1775 3889 2090 3962 ingenerata

518 3999 575 4045 et
619 3989 883 4059 principio
917 3988 1067 4043 omni
1118 3986 1448 4055 superiore?
1499 3984 1638 4053 Quid
1675 3984 1741 4040 de
1793 3984 2091 4039 inaccessis

519 4082 849 4153 qiimstlones
887 4080 1157 4135 instituo?
1196 4080 1467 4148 quomodo
1500 4078 1640 4134 Deus
1682 4078 1944 4149 prodierit
1978 4078 2090 4134 Pa-

523 4185 607 4230 ter
636 4172 755 4228 Filii
793 4173 874 4227 sui
908 4172 1214 4242 unigeniti?
1246 4172 1400 4242 quasi
1435 4187 1538 4225 non
1567 4170 1837 4227 sulliceret
1864 4171 1917 4225 in
1955 4171 2093 4225 (Πιε-

519 4265 593 4320 cti
624 4265 707 4319 sui
732 4264 1101 4319 testiinonium
1140 4274 1362 4334 paterna
1395 4264 1483 4317 illa
1514 4278 1643 4329 vox,
1675 4278 1837 4333 quam
1862 4264 1927 4319 de
1950 4263 2091 4318 caelo

518 4355 878 4428 promulgavit
907 4358 1114 4423 dicens,
1146 4355 1244 4409 Hic
1273 4366 1351 4411 est
1383 4355 1559 4410 Filius
1588 4373 1732 4411 meus
1761 4356 2006 4420 dilectus,
2031 4357 2089 4410 in

515 4463 620 4518 quo
657 4446 971 4515 complacui,
1005 4447 1175 4516 ipsum
1206 4448 1387 4500 audite
1409 4447 1478 4501 “.
1512 4446 1663 4513 Quod
1694 4447 1738 4500 si
1784 4446 2083 4515 praecipiat,

518 4539 662 4594 hunc
684 4538 897 4605 audire,
930 4539 1184 4593 mandato
1214 4539 1340 4595 huic
1366 4540 1515 4607 regio
1545 4541 1980 4607 obtemperantes
2000 4540 2093 4595 Fi-

515 4630 646 4686 lium
698 4631 953 4687 dilectum
994 4634 1300 4689 audiamus.
1344 4632 1623 4698 Quodnam
1661 4646 1792 4687 vero
1832 4633 1965 4689 illud
1997 4635 2091 4701 sit,

515 4722 660 4789 quod
685 4735 783 4776 nos
807 4720 876 4776 de
907 4722 1085 4790 seipse
1112 4722 1410 4792 intelligere
1440 4721 1690 4787 volebat,
1725 4724 1836 4792 ipse
1863 4740 1961 4780 nos
1990 4728 2088 4781 do-

520 4812 685 4880 cebit,
704 4811 792 4867 ubi
811 4812 920 4866 ait:
951 4811 1042 4868 Sic
1061 4815 1200 4867 enim
1228 4813 1362 4867 Deus
1383 4813 1567 4868 dilexit
1587 4818 1862 4882 mundum,
1893 4827 1947 4871 ut
1983 4815 2092 4872 Fi-

519 4900 651 4957 lium
684 4919 838 4956 suum
870 4903 1193 4973 unigenitum
1227 4905 1395 4968 daret,
1426 4917 1481 4959 ut
1512 4908 1680 4961 omnis
1711 4907 1803 4976 qui
1841 4911 2003 4962 credit
2037 4911 2091 4966 in

513 5009 631 5048 cum
651 5010 753 5048 non
777 5004 977 5063 pereat,
994 4997 1084 5050 sed
1098 4996 1281 5051 habeat
1299 4999 1454 5051 vitam
1468 5011 1713 5054 «uernam
1728 5001 1796 5058 “.
1840 5001 1913 5056 Illi
1936 5004 2097 5071 igitur

512 5088 843 5141 credendum
892 5097 1015 5150 est,
1069 5098 1128 5143 ut
1157 5090 1322 5145 vitam
1354 5102 1611 5148 aeternam
1661 5109 2087 5166 consequamur.

511 5180 647 5235 Nam
684 5182 776 5251 qui
803 5180 857 5235 in
884 5196 1032 5246 eum,
1063 5182 1257 5251 inquit,
1288 5185 1484 5248 credit,
1521 5186 1685 5241 habet
1726 5188 1893 5241 vitam
1925 5198 2087 5243 aeter-

509 5288 666 5339 nam;
708 5288 813 5328 non
846 5274 937 5345 qui
972 5278 1255 5347 cognoscit
1292 5278 1568 5347 quomodo
1590 5287 1757 5332 natus
1785 5289 1870 5335 est
1896 5281 1961 5336 de
1984 5281 2087 5336 Pa-

585 5415 643 5473 »B
683 5410 784 5466 Ed.
812 5413 1011 5479 Paris.,
1038 5430 1161 5485 pag.
1190 5416 1281 5475 72.
1375 5417 1421 5449 ⁸³
1443 5416 1631 5475 Matth.
1666 5422 1863 5490 xvu,5.

508 5613 913 5697 προαγργόγῖος
938 5615 1108 5697 αίῖίου
1138 5646 1205 5697 ἡ
1239 5617 1391 5690 σχοίη
1420 5618 1484 5697 ἓν
1515 5621 1853 5697 τῆςέτρίὲτης
1884 5627 2081 5697 γεννή·

509 5696 647 5767 seu);
681 5684 862 5767 (codd.
900 5685 1185 5767 γενέσεως)
1217 5684 1391 5767 τέγνξ
1418 5692 1483 5748 Κ.
1514 5684 1689 5762 p599.-
1713 5684 2081 5767 Porro'vulg'o

508 5749 549 5818 ἦ
576 5749 867 5826 πουὴμεῖς
895 5749 947 5806 et
969 5749 1338 5826 ποιησώμεθα.

2194 1955 2306 2004 τες.
2334 1941 2453 1992 Ὅτι
2476 1939 2534 1992 δὲ
2554 1938 2649 1992 καὶ
2675 1937 2782 1991 τῶν
2811 1936 2964 2009 παρά
2986 1935 3151 2000 πόδας
3180 1934 3347 2008 μυρία
3370 1936 3469 2006 τὴν
3497 1935 3772 2007 ἡμετέραν

2191 2028 2554 2102 διαδιδράσκει
2585 2027 2784 2097 γνῶσιν
2812 2028 2969 2099 δῆλον
2994 2026 3060 2080 ἂν
3088 2026 3173 2097 εἴη
3202 2026 3433 2081 ἐνθένδε.
3457 2027 3553 2087 Τίς
3579 2026 3686 2099 γὰρ
3704 2028 3773 2080 ἂν

2192 2117 2367 2169 εἰπεῖν
2400 2116 2532 2186 ἔχοι,
2570 2117 2687 2179 πῶς
2707 2114 3127 2187 καθεῖρκταιτῷ
3154 2115 3365 2186 σώματι
3397 2118 3432 2187 ἡ
3457 2115 3622 2186 ψυχὴ,
3654 2116 3773 2179 πῶς

2192 2206 2397 2273 {ﬁt-nat;
2440 2208 2557 2272 πῶς
2579 2207 2637 2261 δὲ
2662 2207 2763 2278 τὴν
2799 2209 2973 2279 ἀρχὴν
3006 2206 3320 2279 είσεκρκὶη;
3356 2209 3538 2261 ὁποῖον
3577 2208 3633 2261 δὲ
3672 2210 3772 2262 αύ-

2191 2298 2291 2369 τῆς
2320 2298 2380 2352 τὸ
2415 2296 2590 2365 εἶδοςς
2623 2299 2676 2352 τί
2711 2299 2773 2353 τὸ
2812 2300 3029 2369 σχῆμα;
3068 2298 3149 2363 τίς
3188 2300 3222 2370 ἠ
3266 2300 3479 2370 μορφῆς
3513 2300 3596 2363 τίς
3628 2300 3773 2371 ἡού-

2194 2389 2311 2456 σία;
2347 2390 2513 2445 Οὔπω
2549 2409 2637 2463 μοι
2670 2389 2761 2445 τὸν
2787 2394 2915 2462 περὶ
2933 2390 3201 2462 δαιμόνων
3232 2390 3343 2463 (45)
3377 2392 3573 2463 (λόγον)
3607 2394 3774 2447 πολυ-

2192 2482 2546 2551 πραγμονεῖν,
2583 2480 2645 2534 οὐ
2669 2481 2759 2534 τὸν
2788 2480 2915 2553 περὶ
2940 2481 3127 2545 ούσίας
3156 2481 3401 2550 ἀγγέλων
3421 2498 3438 2513 ο
3466 2484 3528 2536 οὐ
3555 2483 3647 2536 τὸν
3676 2501 3771 2536 πει

2194 2570 2250 2642 ρὶ
2274 2570 2457 2643 ἀρχῶν
2486 2571 2580 2624 καὶ
2607 2570 2835 2644 θρόνων,
2883 2571 2979 2625 καὶ
3020 2572 3384 2643 κυριοτήτων·
3430 2572 3492 2625 οὐ
3528 2572 3619 2627 τὸν
3643 2574 3775 2648 περὶ

2193 2661 2472 2727 ἐξουσιῶν,
2500 2664 2593 2716 καὶ
2625 2663 3101 2734 κοσμοκρατόρων.
3136 2665 3198 2717 Εί
3229 2664 3274 2717 δ’
3312 2665 3370 2716 ὲν
3395 2663 3605 2728 τούτοις
3628 2665 3771 2719 ᾶπα-

2192 2772 2278 2809 σιν
2308 2755 2714 2826 ἀμηχανοῦμεν,
2752 2754 2805 2808 τί
2839 2755 2920 2809 δεῖ
2958 2756 3058 2826 τὴν
3088 2754 3215 2826 περῖ⁸
3254 2755 3353 2827 τῆς
3391 2755 3629 2826 ἀνάρχου
3678 2758 3771 2809 καὶ

2190 2849 2487 2918 ἀγεννήτου
2522 2847 2773 2916 θεότητος
2803 2846 3003 2916 γνῶσιν
3034 2846 3439 2917 διερευνᾶσθαι;
3482 2846 3546 2899 Τί
3576 2846 3641 2899 τὰ
3671 2847 3773 2899 ἀν·-

2191 2938 2385 3008 έφικτα
2408 2940 2650 3011 ὲρωτᾷν;
2686 2938 2801 3002 πῶς
2827 2926 2956 2993 Υἰοῦ
2997 2937 3314 3010 μονογενοῦς
3345 2939 3373 2990 ό
3401 2931 3532 3002 Θεὸς
3566 2938 3772 3007 ὑπέστη

2191 3031 2419 3102 Πατήρ;
2455 3030 2530 3094 ὡς
2559 3030 2631 3101 μη
2670 3029 3025 3102 ἀπαρκούσης
3059 3031 3189 3101 ἡμῖν
3214 3029 3309 3100 τῆς
3346 3029 3619 3101 πατρικῆς
3655 3045 3770 3097 (pcu-

2191 3120 2291 3190 νῆς
2322 3119 2459 3192 πρὸς
2494 3119 2796 3190 μαρτυρίαν
2842 3119 2936 3172 τοῦ
2976 3118 3305 3191 Ἀγαπητοῦ,
3357 3118 3415 3171 ὃν
3471 3118 3771 3187 ἀνεκήρυξε

2120 3204 2162 3263 C
2194 3209 2364 3264 είπὼν
2386 3227 2400 3240 ⁸
2439 3205 2626 3275 Οὗτός
2644 3210 2813 3263 ἐστιν
2849 3212 2882 3264 ό
2920 3210 3050 3274 Υἱός
3074 3228 3193 3279 μου
3226 3213 3259 3263 ό
3282 3208 3606 3278 ἀγαπητὸς,
3632 3209 3701 3262 ἐν
3722 3202 3776 3275 ᾧ

2193 3297 2528 3365 ηὐδόκησα,
2555 3296 2747 3351 αὐτοῦ
2770 3298 3037 3352 ἀκούετε.
3059 3298 3122 3350 Ei
3155 3296 3217 3367 δὴ
3243 3297 3459 3349 ἀκούειν
3485 3296 3647 3350 αὐτοῦ
3677 3300 3773 3362 ὲγ-

2194 3387 2493 3451 κελεύεται,
2524 3386 2785 3458 βασιλικῷ
2813 3388 2962 3459 νόμῳ
2988 3386 3427 3461 πειθαρχοῦντες,
3454 3387 3773 3457 ἀκούσωμεν

2192 3480 2287 3534 τοῦ
2322 3480 2604 3552 ἀγαπητοῦ
2647 3479 2799 3532 Υίοῦ.
2836 3478 2899 3533 Τί
2932 3480 2991 3532 δὲ
3020 3472 3175 3543 οὗτος
3202 3478 3332 3551 περὶ
3362 3480 3551 3532 ἑαυτοῦ
3592 3479 3775 3549 βούλε-

2192 3587 2284 3622 ται
2342 3570 2488 3641 ἡμᾶς
2546 3569 2763 3631 ειδέναι,
2825 3570 3166 3640 παραστήσει
3198 3568 3403 3637 λέγων’
3456 3569 3618 3623 Οὕτω
3661 3570 3775 3639 γὰρ

2192 3660 2508 3731 ἠγάπησεν
2544 3663 2576 3715 ό
2606 3660 2749 3725 Θεὸς
2782 3660 2890 3713 τὸν
2917 3662 3167 3729 κόσμον,
3192 3658 3347 3714 ὥστε
3366 3660 3474 3715 τόν
3506 3659 3644 3714 Υιὸν
3666 3663 3773 3714 αὑ-

2194 3752 2301 3806 τοῦ
2343 3750 2452 3805 τὸν
2490 3750 2787 3820 μονογενῆ
2827 3750 3067 3817 ἔδωκεν,
3119 3752 3221 3804 ἵνα
3248 3750 3367 3818 πᾶς
3405 3754 3438 3804 d
3476 3754 3777 3805 πιστεύων

2193 3843 2282 3907 εἰς
2325 3840 2514 3895 αὑτὸν
2536 3842 2649 3912 ἐχῃ
2685 3840 2835 3909 ζωὴν
2858 3844 3115 3895 αἰώνιον.
3162 3842 3481 3896 Πιστευτέον
3511 3842 3643 3915 δῆτα
3672 3845 3776 3895 αύ-

2194 3930 2293 4001 τῷ,
2341 3931 2417 3993 ὡς
2458 3930 2527 3984 ἂν
2556 3931 2657 4001 τῆς
2694 3931 2909 3984 αἰωνίου
2942 3930 3199 4003 τύχοιμεν
3226 3929 3392 4001 ζωῆς.
3446 3932 3512 3985 '0
3541 3931 3653 4001 γὰρ
3678 3944 3775 3984 1r:-

2193 4022 2444 4086 στεύων,
2492 4023 2677 4091 φησὶν,
2707 4024 2795 4088 είς
2826 4022 3012 4075 αὐτὸν
3033 4022 3156 4091 ἕχει
3190 4022 3343 4090 ζωὴν
3379 4022 3637 4086 αἰώνιον,
3671 4023 3771 4093 οὐχ

2193 4111 2222 4163 ό
2251 4108 2531 4179 γινώσκων
2565 4111 2711 4173 ὅπως
2732 4110 2797 4162 ἐκ
2818 4108 2911 4163 τοῦ
2948 4110 3162 4181 Πατρὸς
3197 4110 3533 4180 γεγέννηται·
3571 4109 3633 4161 ού
3661 4111 3772 4179 γὰρ

2196 4201 2260 4256 ἄν
2283 4217 2389 4253 τινι
2418 4201 2585 4271 μετῆν
2619 4201 2762 4271 ζωῆς
2792 4201 3033 4263 αἰωνίου,
3067 4202 3118 4255 εί
3150 4201 3214 4271 δὴ
3258 4200 3399 4254 τοῦτ’
3427 4201 3662 4273 εἴρηται,
3687 4203 3772 4255 ὅτι

2192 4290 2412 4359 Μηδεὶς
2436 4290 2589 4361 ἔγνω
2631 4292 2741 4345 τὸν
2768 4291 2999 4360 Πατέρα
3037 4293 3090 4346 εί
3116 4291 3202 4362 μὴ
3237 4295 3270 4346 ό
3304 4294 3466 4359 Υἱός·
3487 4294 3641 4364 μηδὲ
3664 4294 3773 4349 τὸν

2202 4381 2339 4435 Υἱόν
2373 4398 2463 4447 τις
2499 4381 2652 4451 ἔγνω
2700 4383 2753 4435 εὶ
2778 4381 2857 4450 μὴ
2888 4383 3077 4451 μόνος
3125 4385 3157 4436 ό
3186 4382 3488 4452 γεννήσας
3518 4384 3703 4438 αὐτὸν
3736 4388 3774 4438 ό

2192 4471 2416 4541 Πατήρ.
2463 4473 2731 4545 Ἀπαρκεί
2758 4472 3043 4545 τοιγαροῦν
3068 4475 3196 4545 ἡμῖν
3231 4475 3263 4545 ἡ
3294 4476 3473 4540 πίστις
3502 4476 3635 4545 πρὸς
3663 4492 3774 4529 σω-

2124 4555 2169 4612 D
2197 4565 2402 4636 τήριον,
2426 4564 2463 4635 ἡ
2493 4564 2624 4619 Θεὸν
2648 4564 2867 4636 Πατέρα
2901 4564 3312 4638 παντοκράτορα
3340 4566 3651 4639 παρέχουσα
3681 4584 3772 4635 γι-

2199 4653 2448 4720 νώσκειν,
2476 4657 2571 4709 καὶ
2599 4656 2690 4710 τὸν
2731 4657 2989 4727 μονογενῆ
3021 4655 3187 4709 αὑτοῦ
3220 4657 3346 4710 Υἱὸν
3373 4659 3768 4729 ἐπιγράφεσθαι

2200 4747 2445 4818 Σωτῆρα.
2488 4750 2585 4812 Ὃς
2633 4747 2696 4819 δὴ
2748 4748 2881 4820 πρὸς
2928 4751 3034 4812 τοῖς
3083 4748 3282 4813 ἄλλοις,
3337 4750 3432 4802 καὶ
3485 4750 3636 4804 ταῦθ’
3667 4744 3773 4802 ὦδε

2201 4839 2508 4910 παρεδίδου,
2534 4839 2706 4909 λέγων
2722 4856 2736 4870 ο
2774 4838 2844 4893 Τὸ
2866 4840 3300 4908 γεγεννημένον
3329 4841 3395 4893 ἐκ
3418 4840 3527 4909 τῆς
3547 4840 3771 4914 σαρκός

2199 4930 2357 4999 σάρξ
2376 4932 2527 4995 ἐστι,
2576 4933 2673 4985 καὶ
2707 4931 2774 4985 τὸ
2818 4932 3250 5001 γεγεννημένον
3273 4933 3340 4986 ἐκ
3368 4933 3475 4987 τοῦ
3510 4935 3769 5001 πνεύμα-

2197 5039 2299 5088 τος
2343 5022 2579 5092 πνεῦμά
2620 5023 2778 5075 ἐστι·
2831 5022 3065 5091 πνεῦμα
3103 5024 3173 5076 δὲ
3201 5027 3234 5079 ό
3257 5026 3423 5090 Θεός.
3458 5026 3548 5078 Διὸ
3580 5026 3769 5078 ἕπεται

2192 5114 2355 5175 νοεῖν,
2401 5113 2477 5175 ὡς
2522 5112 2616 5165 καὶ
2644 5113 2705 5165 τὸ
2744 5114 3139 5184 γεγεννημένον
3168 5116 3232 5168 ὲκ
3257 5115 3351 5179 τοῦ
3379 5114 3513 5168 Θεοῦ
3541 5114 3671 5178 Θεὸς
3697 5113 3769 5166 ἂν

2191 5201 2300 5271 εἴη.
2332 5204 2479 5274 Ὄσῳ
2515 5204 2571 5255 δὲ
2624 5204 2723 5273 τῆς
2766 5203 3001 5272 γεώδους
3049 5207 3249 5278 σαρκὸς
3288 5209 3316 5259 ό
3360 5205 3768 5262 ἐπέκειναοτῶν

2189 5290 2324 5345 ὅλων
2348 5293 2479 5359 Θεὸς
2510 5295 2945 5366 ἀπηλλοτρίωται
2991 5297 3084 5351 καὶ
3124 5298 3531 5369 ἀπεσχοίνισται
3562 5301 3627 5369 τῇ
3660 5296 3763 5366 φύ-

1957 5425 2007 5457 “
2032 5425 2193 5485 Joan.
2224 5447 2309 5497 ut,
2346 5435 2434 5490 lG.

2189 5628 2319 5710 Dein
2349 5630 2506 5701 vulgo
2534 5631 2593 5685 δν
2622 5634 2854 5710 ἐκήρυξε
2882 5636 3057 5707 λέγων
3078 5647 3141 5710 et
3167 5641 3215 5692 εί
3245 5638 3300 5693 δὲ
3333 5639 3555 5695 ἀκούειν
3587 5650 3637 5694 et
3670 5656 3770 5710 γε-

2186 5699 2411 5780 γένηται
2436 5699 2489 5755 et
2523 5699 2886 5780 p_se_e_i_q“(gtﬁc
2913 5699 2968 5763 et
2993 5709 3131 5780 πρὸς
3160 5711 3437 5780 σωτηρίαν
3464 5721 3519 5766 et
3550 5711 3639 5764 τὸν
3669 5699 3769 5768 αὑ-

2186 5775 2281 5851 τρῦ
2321 5776 2596 5851 μονογενῆΔ
2621 5775 2749 5851 tibi}
2770 5775 2968 5851 ὑπογρ.
2995 5775 3224 5851 Σωτῆρα
3244 5797 3258 5809 ο
3290 5775 3352 5844 ὃς
3380 5782 3463 5833 δέ.
3496 5779 3660 5836 Porro
3686 5781 3770 5848 ὡς

579 5820 690 5890 (45)
720 5820 1261 5895 Πολυπραγμονεῗν.
1291 5829 1447 5887 Deest
1477 5829 1654 5901 λόγον,
1683 5832 1892 5904 opinor.
1924 5834 2077 5892 Μ.-

2191 5840 2244 5892 τὸ
2287 5820 2474 5910 γὲγενί
2498 5820 3542 5922 διὸ.ἷέὲξέὲῗινὲιῖᾱρἒῗῖγεζῦήὲἒὶυξζ
