  <div class='ocr_page' id='page_1' title='image "/cluster/home/n/w/nwhite01/storage/ocr_20150623/24/hvd.32044073501108/432.png"; bbox 0 0 4158 6390; ppageno 0'>
   <div class='ocr_carea' id='block_1_1' title="bbox 371 373 474 428">
    <p class='ocr_par' dir='ltr' id='par_1_1' title="bbox 371 373 474 428">
     <span class='ocr_line' id='line_1_1' title="bbox 371 373 474 428; baseline 0.049 -4"><span class='ocrx_word' id='word_1_1' title='bbox 371 373 474 428; x_wconf 72' lang='grc' dir='ltr'><strong>ιιιθ</strong></span> 
     </span>
    </p>
   </div>
   <div class='ocr_carea' id='block_1_2' title="bbox 1394 366 2758 430">
    <p class='ocr_par' dir='ltr' id='par_1_2' title="bbox 1394 366 2758 430">
     <span class='ocr_line' id='line_1_2' title="bbox 1394 366 2758 430; baseline 0.006 -8"><span class='ocrx_word' id='word_1_2' title='bbox 1394 368 1484 426; x_wconf 84' lang='lat' dir='ltr'><strong>DE</strong></span> <span class='ocrx_word' id='word_1_3' title='bbox 1524 366 2062 427; x_wconf 81' lang='lat' dir='ltr'><strong>ECCLESIASTICA</strong></span> <span class='ocrx_word' id='word_1_4' title='bbox 2105 367 2500 430; x_wconf 78' lang='lat' dir='ltr'><strong>THEOLOGIA</strong></span> <span class='ocrx_word' id='word_1_5' title='bbox 2544 373 2675 430; x_wconf 80' lang='lat' dir='ltr'><strong>LIB.</strong></span> <span class='ocrx_word' id='word_1_6' title='bbox 2715 375 2758 430; x_wconf 81' lang='grc'><strong>1.</strong></span> 
     </span>
    </p>
   </div>
   <div class='ocr_carea' id='block_1_3' title="bbox 3524 383 3632 442">
    <p class='ocr_par' dir='ltr' id='par_1_3' title="bbox 3524 383 3632 442">
     <span class='ocr_line' id='line_1_3' title="bbox 3524 383 3632 442; baseline 0.037 -4"><span class='ocrx_word' id='word_1_7' title='bbox 3524 383 3632 442; x_wconf 78' lang='grc'><strong>850</strong></span> 
     </span>
    </p>
   </div>
   <div class='ocr_carea' id='block_1_4' title="bbox 370 491 1935 570">
    <p class='ocr_par' dir='ltr' id='par_1_4' title="bbox 370 491 1935 564">
     <span class='ocr_line' id='line_1_4' title="bbox 370 491 1935 564; baseline -0.001 -17"><span class='ocrx_word' id='word_1_8' title='bbox 370 512 476 558; x_wconf 89' lang='grc' dir='ltr'><strong>σει,</strong></span> <span class='ocrx_word' id='word_1_9' title='bbox 500 503 738 564; x_wconf 73' lang='grc' dir='ltr'><strong>τοσουτῳ</strong></span> <span class='ocrx_word' id='word_1_10' title='bbox 762 492 868 564; x_wconf 84' lang='grc' dir='ltr'><strong>χρὴ</strong></span> <span class='ocrx_word' id='word_1_11' title='bbox 898 494 1038 546; x_wconf 88' lang='grc' dir='ltr'><strong>νοεῖν</strong></span> <span class='ocrx_word' id='word_1_12' title='bbox 1066 492 1160 545; x_wconf 55' lang='grc' dir='ltr'><strong>καὶ⁵</strong></span> <span class='ocrx_word' id='word_1_13' title='bbox 1185 492 1285 563; x_wconf 83' lang='grc' dir='ltr'><strong>τῆς</strong></span> <span class='ocrx_word' id='word_1_14' title='bbox 1312 491 1420 544; x_wconf 82' lang='grc' dir='ltr'><strong>τῶν</strong></span> <span class='ocrx_word' id='word_1_15' title='bbox 1442 491 1662 563; x_wconf 80' lang='grc' dir='ltr'><strong>σαρκῶν</strong></span> <span class='ocrx_word' id='word_1_16' title='bbox 1691 492 1935 560; x_wconf 59' lang='grc' dir='ltr'><strong>γενέσεως</strong></span> 
     </span>
    </p>
   </div>
   <div class='ocr_carea' id='block_1_5' title="bbox 2039 491 3625 570">
    <p class='ocr_par' dir='ltr' id='par_1_5' title="bbox 2062 491 3625 570">
     <span class='ocr_line' id='line_1_5' title="bbox 2062 491 3625 570; baseline 0.01 -28"><span class='ocrx_word' id='word_1_17' title='bbox 2062 499 2162 545; x_wconf 87' lang='lat' dir='ltr'><strong>tre.</strong></span> <span class='ocrx_word' id='word_1_18' title='bbox 2187 491 2357 548; x_wconf 79' lang='lat' dir='ltr'><strong>Nemo</strong></span> <span class='ocrx_word' id='word_1_19' title='bbox 2383 496 2526 550; x_wconf 90' lang='lat' dir='ltr'><strong>enim</strong></span> <span class='ocrx_word' id='word_1_20' title='bbox 2554 505 2666 550; x_wconf 91' lang='lat' dir='ltr'><strong>tum</strong></span> <span class='ocrx_word' id='word_1_21' title='bbox 2695 496 2862 552; x_wconf 84' lang='lat' dir='ltr'><strong>vitam</strong></span> <span class='ocrx_word' id='word_1_22' title='bbox 2894 507 3316 569; x_wconf 87' lang='lat' dir='ltr'><strong>consequeretur</strong></span> <span class='ocrx_word' id='word_1_23' title='bbox 3341 511 3625 570; x_wconf 72' lang='lat' dir='ltr'><strong>aeternam,</strong></span> 
     </span>
    </p>
   </div>
   <div class='ocr_carea' id='block_1_6' title="bbox 368 581 1950 655">
    <p class='ocr_par' dir='ltr' id='par_1_6' title="bbox 368 581 1950 655">
     <span class='ocr_line' id='line_1_6' title="bbox 368 581 1950 655; baseline -0.001 -17"><span class='ocrx_word' id='word_1_24' title='bbox 368 582 842 655; x_wconf 69' lang='grc' dir='ltr'><strong>ἀπηλλπριῶσθαι</strong></span> <span class='ocrx_word' id='word_1_25' title='bbox 875 582 964 636; x_wconf 80' lang='grc' dir='ltr'>τὸν</span> <span class='ocrx_word' id='word_1_26' title='bbox 993 583 1213 654; x_wconf 81' lang='grc' dir='ltr'><strong>τρόπον,</strong></span> <span class='ocrx_word' id='word_1_27' title='bbox 1245 582 1366 637; x_wconf 83' lang='grc' dir='ltr'><strong>καθ’</strong></span> <span class='ocrx_word' id='word_1_28' title='bbox 1395 581 1453 636; x_wconf 82' lang='grc' dir='ltr'><strong>ὃν</strong></span> <span class='ocrx_word' id='word_1_29' title='bbox 1485 583 1514 635; x_wconf 84' lang='grc' dir='ltr'><strong>ό</strong></span> <span class='ocrx_word' id='word_1_30' title='bbox 1536 582 1724 654; x_wconf 80' lang='grc' dir='ltr'><strong>Πατὴρ</strong></span> <span class='ocrx_word' id='word_1_31' title='bbox 1756 581 1950 650; x_wconf 80' lang='grc' dir='ltr'><strong>ἐγέννα</strong></span> 
     </span>
    </p>
   </div>
   <div class='ocr_carea' id='block_1_7' title="bbox 365 673 1946 746">
    <p class='ocr_par' dir='ltr' id='par_1_7' title="bbox 365 673 1946 746">
     <span class='ocr_line' id='line_1_7' title="bbox 365 673 1946 746; baseline 0 -19"><span class='ocrx_word' id='word_1_32' title='bbox 365 675 456 728; x_wconf 81' lang='grc' dir='ltr'>τὸν</span> <span class='ocrx_word' id='word_1_33' title='bbox 484 675 628 729; x_wconf 80' lang='grc' dir='ltr'><strong>Υίόν.</strong></span> <span class='ocrx_word' id='word_1_34' title='bbox 672 673 747 727; x_wconf 82' lang='grc' dir='ltr'><strong>οὐ</strong></span> <span class='ocrx_word' id='word_1_35' title='bbox 777 673 885 746; x_wconf 82' lang='grc' dir='ltr'><strong>γάρ</strong></span> <span class='ocrx_word' id='word_1_36' title='bbox 923 693 977 728; x_wconf 82' lang='grc' dir='ltr'><strong>τι</strong></span> <span class='ocrx_word' id='word_1_37' title='bbox 1019 673 1360 746; x_wconf 83' lang='grc' dir='ltr'><strong>προϊέμενος,</strong></span> <span class='ocrx_word' id='word_1_38' title='bbox 1403 673 1515 728; x_wconf 77' lang='grc' dir='ltr'><strong>οὐδ’</strong></span> <span class='ocrx_word' id='word_1_39' title='bbox 1547 673 1946 746; x_wconf 87' lang='grc' dir='ltr'><strong>ἀλλοιούμενος,</strong></span> 
     </span>
    </p>
   </div>
   <div class='ocr_carea' id='block_1_8' title="bbox 365 765 1948 838">
    <p class='ocr_par' dir='ltr' id='par_1_8' title="bbox 365 765 1948 838">
     <span class='ocr_line' id='line_1_8' title="bbox 365 765 1948 838; baseline -0.001 -18"><span class='ocrx_word' id='word_1_40' title='bbox 365 766 486 820; x_wconf 83' lang='grc' dir='ltr'><strong>ούδέ</strong></span> <span class='ocrx_word' id='word_1_41' title='bbox 515 783 579 836; x_wconf 91' lang='grc' dir='ltr'><strong>γε</strong></span> <span class='ocrx_word' id='word_1_42' title='bbox 609 765 926 838; x_wconf 76' lang='grc' dir='ltr'><strong>παθητικῶς</strong></span> <span class='ocrx_word' id='word_1_43' title='bbox 949 766 1284 837; x_wconf 85' lang='grc' dir='ltr'><strong>κινούμενος,</strong></span> <span class='ocrx_word' id='word_1_44' title='bbox 1305 766 1414 819; x_wconf 76' lang='grc' dir='ltr'><strong>οὐδ’</strong></span> <span class='ocrx_word' id='word_1_45' title='bbox 1447 766 1587 830; x_wconf 85' lang='grc' dir='ltr'><strong>ὃλως</strong></span> <span class='ocrx_word' id='word_1_46' title='bbox 1617 765 1796 820; x_wconf 85' lang='grc' dir='ltr'><strong>τιτῶν</strong></span> <span class='ocrx_word' id='word_1_47' title='bbox 1817 767 1948 838; x_wconf 80' lang='grc' dir='ltr'><strong>ημῖν</strong></span> 
     </span>
    </p>
   </div>
   <div class='ocr_carea' id='block_1_9' title="bbox 367 857 1947 930">
    <p class='ocr_par' dir='ltr' id='par_1_9' title="bbox 367 857 1947 930">
     <span class='ocr_line' id='line_1_9' title="bbox 367 857 1947 930; baseline 0.003 -22"><span class='ocrx_word' id='word_1_48' title='bbox 367 857 843 928; x_wconf 86' lang='grc' dir='ltr'><strong>συνεγνωσμένων,</strong></span> <span class='ocrx_word' id='word_1_49' title='bbox 879 857 1183 927; x_wconf 79' lang='grc' dir='ltr'><strong>ὑπομένων,</strong></span> <span class='ocrx_word' id='word_1_50' title='bbox 1218 857 1416 929; x_wconf 75' lang='grc' dir='ltr'><strong>ὐφίστη</strong></span> <span class='ocrx_word' id='word_1_51' title='bbox 1448 857 1632 912; x_wconf 83' lang='grc' dir='ltr'><strong>αὐτόν.</strong></span> <span class='ocrx_word' id='word_1_52' title='bbox 1669 858 1802 912; x_wconf 78' lang='grc' dir='ltr'><strong>Οὐδὲ</strong></span> <span class='ocrx_word' id='word_1_53' title='bbox 1837 860 1947 930; x_wconf 84' lang='grc' dir='ltr'><strong>γὰρ</strong></span> 
     </span>
    </p>
   </div>
   <div class='ocr_carea' id='block_1_10' title="bbox 367 943 1944 1020">
    <p class='ocr_par' dir='ltr' id='par_1_10' title="bbox 367 943 1944 1020">
     <span class='ocr_line' id='line_1_10' title="bbox 367 943 1944 1020; baseline 0.001 -20"><span class='ocrx_word' id='word_1_54' title='bbox 367 945 528 1018; x_wconf 84' lang='grc' dir='ltr'><strong>σῶμα</strong></span> <span class='ocrx_word' id='word_1_55' title='bbox 555 943 644 1019; x_wconf 83' lang='grc' dir='ltr'><strong>ἦν,</strong></span> <span class='ocrx_word' id='word_1_56' title='bbox 673 948 752 1012; x_wconf 79' lang='grc' dir='ltr'><strong>ὡς</strong></span> <span class='ocrx_word' id='word_1_57' title='bbox 783 947 1082 1020; x_wconf 68' lang='grc' dir='ltr'><strong>ἀπόρροιαν</strong></span> <span class='ocrx_word' id='word_1_58' title='bbox 1107 947 1218 1016; x_wconf 66' lang='grc'><strong>(46)</strong></span> <span class='ocrx_word' id='word_1_59' title='bbox 1251 947 1285 1020; x_wconf 76' lang='grc' dir='ltr'><strong>ἢ</strong></span> <span class='ocrx_word' id='word_1_60' title='bbox 1331 949 1576 1020; x_wconf 81' lang='grc' dir='ltr'><strong>μείωσιν,</strong></span> <span class='ocrx_word' id='word_1_61' title='bbox 1635 947 1668 1020; x_wconf 82' lang='grc' dir='ltr'>ἢ</span> <span class='ocrx_word' id='word_1_62' title='bbox 1703 949 1944 1012; x_wconf 78' lang='grc' dir='ltr'><strong>ἔκτασιν,</strong></span> 
     </span>
    </p>
   </div>
   <div class='ocr_carea' id='block_1_11' title="bbox 364 1039 1947 1114">
    <p class='ocr_par' dir='ltr' id='par_1_11' title="bbox 364 1039 1947 1114">
     <span class='ocr_line' id='line_1_11' title="bbox 364 1039 1947 1114; baseline -0.001 -5"><span class='ocrx_word' id='word_1_63' title='bbox 364 1039 397 1109; x_wconf 70' lang='grc' dir='ltr'><strong>ἢ</strong></span> <span class='ocrx_word' id='word_1_64' title='bbox 444 1039 763 1111; x_wconf 65' lang='grc' dir='ltr'><strong>μεταϐολὴν,</strong></span> <span class='ocrx_word' id='word_1_65' title='bbox 804 1039 1100 1114; x_wconf 70' lang='grc' dir='ltr'><strong>ῆτροπὴν,</strong></span> <span class='ocrx_word' id='word_1_66' title='bbox 1145 1040 1362 1112; x_wconf 71' lang='grc' dir='ltr'><strong>ἢροὴν.</strong></span> <span class='ocrx_word' id='word_1_67' title='bbox 1411 1041 1445 1113; x_wconf 72' lang='grc' dir='ltr'><strong>ἢ</strong></span> <span class='ocrx_word' id='word_1_68' title='bbox 1491 1041 1677 1114; x_wconf 81' lang='grc' dir='ltr'><strong>μέρος,</strong></span> <span class='ocrx_word' id='word_1_69' title='bbox 1712 1042 1745 1114; x_wconf 69' lang='grc' dir='ltr'>ἢ</span> <span class='ocrx_word' id='word_1_70' title='bbox 1777 1042 1947 1108; x_wconf 78' lang='grc' dir='ltr'><strong>πάθος</strong></span> 
     </span>
    </p>
   </div>
   <div class='ocr_carea' id='block_1_12' title="bbox 364 1129 1947 1208">
    <p class='ocr_par' dir='ltr' id='par_1_12' title="bbox 364 1129 1947 1208">
     <span class='ocr_line' id='line_1_12' title="bbox 364 1129 1947 1208; baseline 0.007 -28"><span class='ocrx_word' id='word_1_71' title='bbox 364 1130 453 1181; x_wconf 80' lang='grc' dir='ltr'><strong>ἐπ’</strong></span> <span class='ocrx_word' id='word_1_72' title='bbox 485 1129 632 1201; x_wconf 75' lang='grc' dir='ltr'><strong>αὐτῷ</strong></span> <span class='ocrx_word' id='word_1_73' title='bbox 657 1129 1004 1199; x_wconf 73' lang='grc' dir='ltr'><strong>λογίσασθαιο</strong></span> <span class='ocrx_word' id='word_1_74' title='bbox 1036 1131 1242 1186; x_wconf 87' lang='grc' dir='ltr'><strong>τούτων</strong></span> <span class='ocrx_word' id='word_1_75' title='bbox 1273 1133 1320 1186; x_wconf 77' lang='grc' dir='ltr'><strong>δ’</strong></span> <span class='ocrx_word' id='word_1_76' title='bbox 1356 1133 1512 1196; x_wconf 74' lang='grc' dir='ltr'>ἐκτὸς</span> <span class='ocrx_word' id='word_1_77' title='bbox 1553 1135 1810 1189; x_wconf 82' lang='grc' dir='ltr'><strong>ἁπάντων</strong></span> <span class='ocrx_word' id='word_1_78' title='bbox 1847 1137 1947 1208; x_wconf 39' lang='lat' dir='ltr'><strong>aps</strong></span> 
     </span>
    </p>
   </div>
   <div class='ocr_carea' id='block_1_13' title="bbox 366 1223 1946 1301">
    <p class='ocr_par' dir='ltr' id='par_1_13' title="bbox 366 1223 1946 1301">
     <span class='ocr_line' id='line_1_13' title="bbox 366 1223 1946 1301; baseline 0.005 -27"><span class='ocrx_word' id='word_1_79' title='bbox 366 1224 528 1291; x_wconf 85' lang='grc' dir='ltr'><strong>ρητον</strong></span> <span class='ocrx_word' id='word_1_80' title='bbox 556 1224 686 1293; x_wconf 77' lang='grc' dir='ltr'><strong>ἡμῖν</strong></span> <span class='ocrx_word' id='word_1_81' title='bbox 732 1223 824 1278; x_wconf 79' lang='grc' dir='ltr'><strong>καὶ</strong></span> <span class='ocrx_word' id='word_1_82' title='bbox 855 1223 1286 1292; x_wconf 87' lang='grc' dir='ltr'><strong>ἀνεπιλόγιστον,</strong></span> <span class='ocrx_word' id='word_1_83' title='bbox 1323 1226 1522 1296; x_wconf 85' lang='grc' dir='ltr'><strong>μᾶλλον</strong></span> <span class='ocrx_word' id='word_1_84' title='bbox 1553 1227 1612 1280; x_wconf 82' lang='grc' dir='ltr'><strong>δὲ</strong></span> <span class='ocrx_word' id='word_1_85' title='bbox 1645 1227 1794 1301; x_wconf 76' lang='grc' dir='ltr'><strong>πάτῃ</strong></span> <span class='ocrx_word' id='word_1_86' title='bbox 1823 1245 1946 1298; x_wconf 84' lang='grc' dir='ltr'><strong>γεν-</strong></span> 
     </span>
    </p>
   </div>
   <div class='ocr_carea' id='block_1_14' title="bbox 362 1312 1943 1392">
    <p class='ocr_par' dir='ltr' id='par_1_14' title="bbox 362 1312 1943 1392">
     <span class='ocr_line' id='line_1_14' title="bbox 362 1312 1943 1392; baseline 0.006 -28"><span class='ocrx_word' id='word_1_87' title='bbox 362 1316 496 1384; x_wconf 76' lang='grc' dir='ltr'><strong>νητῇ</strong></span> <span class='ocrx_word' id='word_1_88' title='bbox 533 1312 691 1382; x_wconf 81' lang='grc' dir='ltr'><strong>φύσει</strong></span> <span class='ocrx_word' id='word_1_89' title='bbox 713 1314 1132 1387; x_wconf 81' lang='grc' dir='ltr'><strong>ἀνεξερεύνητον</strong></span> <span class='ocrx_word' id='word_1_90' title='bbox 1164 1317 1259 1369; x_wconf 79' lang='grc' dir='ltr'><strong>καὶ</strong></span> <span class='ocrx_word' id='word_1_91' title='bbox 1289 1317 1690 1388; x_wconf 69' lang='grc' dir='ltr'><strong>ἀνεξιχνίαστον</strong></span> <span class='ocrx_word' id='word_1_92' title='bbox 1720 1321 1818 1392; x_wconf 77' lang='grc' dir='ltr'><strong>τὴν</strong></span> <span class='ocrx_word' id='word_1_93' title='bbox 1847 1338 1943 1390; x_wconf 91' lang='grc' dir='ltr'><strong>γε-</strong></span> 
     </span>
    </p>
   </div>
   <div class='ocr_carea' id='block_1_15' title="bbox 361 1407 1942 1487">
    <p class='ocr_par' dir='ltr' id='par_1_15' title="bbox 361 1407 1942 1487">
     <span class='ocr_line' id='line_1_15' title="bbox 361 1407 1942 1487; baseline 0.007 -30"><span class='ocrx_word' id='word_1_94' title='bbox 361 1407 705 1477; x_wconf 81' lang='grc' dir='ltr'><strong>νεσιουργίαν</strong></span> <span class='ocrx_word' id='word_1_95' title='bbox 750 1408 971 1480; x_wconf 78' lang='grc' dir='ltr'><strong>ὑφίστη.</strong></span> <span class='ocrx_word' id='word_1_96' title='bbox 1012 1410 1180 1481; x_wconf 77' lang='grc' dir='ltr'><strong>Γεννᾷ</strong></span> <span class='ocrx_word' id='word_1_97' title='bbox 1215 1411 1312 1481; x_wconf 87' lang='grc' dir='ltr'><strong>μὲν</strong></span> <span class='ocrx_word' id='word_1_98' title='bbox 1339 1409 1433 1467; x_wconf 83' lang='grc' dir='ltr'><strong>οὖν</strong></span> <span class='ocrx_word' id='word_1_99' title='bbox 1467 1413 1561 1466; x_wconf 77' lang='grc' dir='ltr'>καὶ</span> <span class='ocrx_word' id='word_1_100' title='bbox 1602 1415 1631 1467; x_wconf 83' lang='grc' dir='ltr'>ὁ</span> <span class='ocrx_word' id='word_1_101' title='bbox 1665 1414 1818 1486; x_wconf 72' lang='grc' dir='ltr'><strong>ἥλιος</strong></span> <span class='ocrx_word' id='word_1_102' title='bbox 1845 1415 1942 1487; x_wconf 81' lang='grc' dir='ltr'><strong>τὴν</strong></span> 
     </span>
    </p>
   </div>
   <div class='ocr_carea' id='block_1_16' title="bbox 361 1497 1943 1576">
    <p class='ocr_par' dir='ltr' id='par_1_16' title="bbox 361 1497 1943 1576">
     <span class='ocr_line' id='line_1_16' title="bbox 361 1497 1943 1576; baseline 0.007 -26"><span class='ocrx_word' id='word_1_103' title='bbox 361 1497 570 1570; x_wconf 80' lang='grc' dir='ltr'><strong>αὐγὴν,</strong></span> <span class='ocrx_word' id='word_1_104' title='bbox 613 1499 830 1568; x_wconf 84' lang='grc' dir='ltr'><strong>λέγεται</strong></span> <span class='ocrx_word' id='word_1_105' title='bbox 871 1500 927 1554; x_wconf 78' lang='grc' dir='ltr'><strong>δὲ</strong></span> <span class='ocrx_word' id='word_1_106' title='bbox 964 1501 1058 1555; x_wconf 82' lang='grc' dir='ltr'><strong>καὶ</strong></span> <span class='ocrx_word' id='word_1_107' title='bbox 1097 1503 1127 1556; x_wconf 85' lang='grc' dir='ltr'>ὀ</span> <span class='ocrx_word' id='word_1_108' title='bbox 1165 1502 1294 1567; x_wconf 82' lang='grc' dir='ltr'><strong>Υἱὸς</strong></span> <span class='ocrx_word' id='word_1_109' title='bbox 1339 1504 1706 1576; x_wconf 73' lang='grc' dir='ltr'><strong>ἀπαύγασμα</strong></span> <span class='ocrx_word' id='word_1_110' title='bbox 1748 1508 1943 1576; x_wconf 74' lang='grc' dir='ltr'><strong>φωτὸς</strong></span> 
     </span>
    </p>
   </div>
   <div class='ocr_carea' id='block_1_17' title="bbox 359 1591 1942 1671">
    <p class='ocr_par' dir='ltr' id='par_1_17' title="bbox 359 1591 1942 1671">
     <span class='ocr_line' id='line_1_17' title="bbox 359 1591 1942 1671; baseline 0.006 -27"><span class='ocrx_word' id='word_1_111' title='bbox 359 1591 555 1645; x_wconf 82' lang='grc' dir='ltr'><strong>ἀϊδίου</strong></span> <span class='ocrx_word' id='word_1_112' title='bbox 586 1593 682 1645; x_wconf 83' lang='grc' dir='ltr'>καὶ</span> <span class='ocrx_word' id='word_1_113' title='bbox 706 1593 1070 1663; x_wconf 81' lang='grc' dir='ltr'><strong>ἀπαύγασμα</strong></span> <span class='ocrx_word' id='word_1_114' title='bbox 1093 1595 1204 1664; x_wconf 83' lang='grc' dir='ltr'><strong>τῆς</strong></span> <span class='ocrx_word' id='word_1_115' title='bbox 1229 1594 1435 1662; x_wconf 79' lang='grc' dir='ltr'><strong>δόξης,</strong></span> <span class='ocrx_word' id='word_1_116' title='bbox 1461 1597 1522 1650; x_wconf 77' lang='grc' dir='ltr'><strong>οὗ</strong></span> <span class='ocrx_word' id='word_1_117' title='bbox 1549 1597 1647 1668; x_wconf 81' lang='grc' dir='ltr'><strong>μὲν</strong></span> <span class='ocrx_word' id='word_1_118' title='bbox 1673 1599 1813 1652; x_wconf 88' lang='grc' dir='ltr'><strong>κατά</strong></span> <span class='ocrx_word' id='word_1_119' title='bbox 1841 1600 1942 1671; x_wconf 87' lang='grc' dir='ltr'>τὴν</span> 
     </span>
    </p>
   </div>
   <div class='ocr_carea' id='block_1_18' title="bbox 359 1683 1942 1761">
    <p class='ocr_par' dir='ltr' id='par_1_18' title="bbox 359 1683 1942 1761">
     <span class='ocr_line' id='line_1_18' title="bbox 359 1683 1942 1761; baseline 0.005 -26"><span class='ocrx_word' id='word_1_120' title='bbox 359 1683 623 1756; x_wconf 80' lang='grc' dir='ltr'><strong>αἰσθητὴν</strong></span> <span class='ocrx_word' id='word_1_121' title='bbox 653 1683 747 1736; x_wconf 78' lang='grc' dir='ltr'><strong>τοῦ</strong></span> <span class='ocrx_word' id='word_1_122' title='bbox 772 1685 947 1752; x_wconf 82' lang='grc' dir='ltr'><strong>φωτὸς</strong></span> <span class='ocrx_word' id='word_1_123' title='bbox 971 1686 1156 1740; x_wconf 79' lang='grc' dir='ltr'>εἰκόνα</span> <span class='ocrx_word' id='word_1_124' title='bbox 1179 1686 1456 1755; x_wconf 76' lang='grc' dir='ltr'><strong>(ἐπέκεινα</strong></span> <span class='ocrx_word' id='word_1_125' title='bbox 1479 1687 1588 1761; x_wconf 83' lang='grc' dir='ltr'><strong>γὰρ</strong></span> <span class='ocrx_word' id='word_1_126' title='bbox 1614 1689 1814 1753; x_wconf 76' lang='grc' dir='ltr'><strong>παντὸς</strong></span> <span class='ocrx_word' id='word_1_127' title='bbox 1843 1707 1942 1742; x_wconf 78' lang='grc' dir='ltr'><strong>πα·</strong></span> 
     </span>
    </p>
   </div>
   <div class='ocr_carea' id='block_1_19' title="bbox 363 1775 1937 1854">
    <p class='ocr_par' dir='ltr' id='par_1_19' title="bbox 363 1775 1937 1854">
     <span class='ocr_line' id='line_1_19' title="bbox 363 1775 1937 1854; baseline 0.006 -26"><span class='ocrx_word' id='word_1_128' title='bbox 363 1775 760 1847; x_wconf 87' lang='grc' dir='ltr'><strong>ραδείγματος),</strong></span> <span class='ocrx_word' id='word_1_129' title='bbox 783 1777 1044 1849; x_wconf 77' lang='grc' dir='ltr'><strong>ἀρρήτοις</strong></span> <span class='ocrx_word' id='word_1_130' title='bbox 1073 1779 1236 1834; x_wconf 78' lang='grc' dir='ltr'>αὐτὸν</span> <span class='ocrx_word' id='word_1_131' title='bbox 1273 1782 1366 1834; x_wconf 74' lang='grc' dir='ltr'>καὶ</span> <span class='ocrx_word' id='word_1_132' title='bbox 1409 1782 1814 1854; x_wconf 84' lang='grc' dir='ltr'><strong>ἀκαταλήπτοις</strong></span> <span class='ocrx_word' id='word_1_133' title='bbox 1855 1785 1937 1838; x_wconf 60' lang='grc' dir='ltr'><strong>λό’</strong></span> 
     </span>
    </p>
   </div>
   <div class='ocr_carea' id='block_1_20' title="bbox 358 1867 1933 1946">
    <p class='ocr_par' dir='ltr' id='par_1_20' title="bbox 358 1867 1933 1946">
     <span class='ocr_line' id='line_1_20' title="bbox 358 1867 1933 1946; baseline 0.007 -26"><span class='ocrx_word' id='word_1_134' title='bbox 358 1884 476 1935; x_wconf 87' lang='grc' dir='ltr'><strong>γοις</strong></span> <span class='ocrx_word' id='word_1_135' title='bbox 502 1867 720 1941; x_wconf 79' lang='grc' dir='ltr'><strong>ὑφίστη,</strong></span> <span class='ocrx_word' id='word_1_136' title='bbox 741 1869 837 1922; x_wconf 57' lang='grc' dir='ltr'><strong>καὶ¹</strong></span> <span class='ocrx_word' id='word_1_137' title='bbox 861 1869 1048 1924; x_wconf 83' lang='grc' dir='ltr'><strong>τοῦτον</strong></span> <span class='ocrx_word' id='word_1_138' title='bbox 1071 1871 1168 1925; x_wconf 73' lang='grc' dir='ltr'><strong>ἕνα</strong></span> <span class='ocrx_word' id='word_1_139' title='bbox 1198 1871 1292 1925; x_wconf 84' lang='grc' dir='ltr'><strong>καὶ</strong></span> <span class='ocrx_word' id='word_1_140' title='bbox 1311 1873 1609 1946; x_wconf 84' lang='grc' dir='ltr'><strong>Μονογενῆ.</strong></span> <span class='ocrx_word' id='word_1_141' title='bbox 1641 1877 1933 1932; x_wconf 76' lang='grc' dir='ltr'><strong>Δυσσεὸὦν</strong></span> 
     </span>
    </p>
   </div>
   <div class='ocr_carea' id='block_1_21' title="bbox 357 1957 1935 2039">
    <p class='ocr_par' dir='ltr' id='par_1_21' title="bbox 357 1957 1935 2039">
     <span class='ocr_line' id='line_1_21' title="bbox 357 1957 1935 2039; baseline 0.006 -29"><span class='ocrx_word' id='word_1_142' title='bbox 357 1958 415 2011; x_wconf 83' lang='grc' dir='ltr'><strong>δὲ</strong></span> <span class='ocrx_word' id='word_1_143' title='bbox 445 1959 537 2011; x_wconf 77' lang='grc' dir='ltr'>καὶ</span> <span class='ocrx_word' id='word_1_144' title='bbox 573 1957 748 2012; x_wconf 82' lang='grc' dir='ltr'>ἀθέων</span> <span class='ocrx_word' id='word_1_145' title='bbox 789 1959 1020 2031; x_wconf 83' lang='grc' dir='ltr'><strong>ἀνδρῶν,</strong></span> <span class='ocrx_word' id='word_1_146' title='bbox 1068 1961 1167 2033; x_wconf 86' lang='grc' dir='ltr'><strong>τὴν</strong></span> <span class='ocrx_word' id='word_1_147' title='bbox 1194 1961 1452 2017; x_wconf 85' lang='grc' dir='ltr'><strong>πολύθεον</strong></span> <span class='ocrx_word' id='word_1_148' title='bbox 1484 1963 1694 2035; x_wconf 84' lang='grc' dir='ltr'><strong>πλάνην</strong></span> <span class='ocrx_word' id='word_1_149' title='bbox 1714 1983 1935 2039; x_wconf 90' lang='grc' dir='ltr'><strong>νενοση-</strong></span> 
     </span>
    </p>
   </div>
   <div class='ocr_carea' id='block_1_22' title="bbox 357 2050 1938 2129">
    <p class='ocr_par' dir='ltr' id='par_1_22' title="bbox 357 2050 1938 2129">
     <span class='ocr_line' id='line_1_22' title="bbox 357 2050 1938 2129; baseline 0.007 -26"><span class='ocrx_word' id='word_1_150' title='bbox 357 2050 549 2115; x_wconf 85' lang='grc' dir='ltr'><strong>κότων,</strong></span> <span class='ocrx_word' id='word_1_151' title='bbox 578 2053 986 2123; x_wconf 63' lang='grc' dir='ltr'><strong>ἀππεφράχθω</strong></span> <span class='ocrx_word' id='word_1_152' title='bbox 1031 2056 1140 2108; x_wconf 80' lang='grc' dir='ltr'><strong>πᾶν</strong></span> <span class='ocrx_word' id='word_1_153' title='bbox 1173 2055 1366 2126; x_wconf 84' lang='grc' dir='ltr'><strong>στόμα,</strong></span> <span class='ocrx_word' id='word_1_154' title='bbox 1403 2059 1452 2111; x_wconf 84' lang='grc' dir='ltr'><strong>οἱ</strong></span> <span class='ocrx_word' id='word_1_155' title='bbox 1489 2057 1584 2112; x_wconf 78' lang='grc' dir='ltr'><strong>τοῦ</strong></span> <span class='ocrx_word' id='word_1_156' title='bbox 1617 2059 1938 2129; x_wconf 81' lang='grc' dir='ltr'><strong>μονογενοῦς</strong></span> 
     </span>
    </p>
   </div>
   <div class='ocr_carea' id='block_1_23' title="bbox 359 2142 1939 2223">
    <p class='ocr_par' dir='ltr' id='par_1_23' title="bbox 359 2142 1939 2223">
     <span class='ocr_line' id='line_1_23' title="bbox 359 2142 1939 2223; baseline 0.008 -29"><span class='ocrx_word' id='word_1_157' title='bbox 359 2142 488 2196; x_wconf 83' lang='grc' dir='ltr'><strong>Υίοῠ</strong></span> <span class='ocrx_word' id='word_1_158' title='bbox 510 2143 609 2214; x_wconf 77' lang='grc' dir='ltr'><strong>τὴν</strong></span> <span class='ocrx_word' id='word_1_159' title='bbox 629 2143 900 2216; x_wconf 80' lang='grc' dir='ltr'><strong>ἐξαίρετον</strong></span> <span class='ocrx_word' id='word_1_160' title='bbox 920 2147 1015 2200; x_wconf 71' lang='grc' dir='ltr'><strong>καὶ</strong></span> <span class='ocrx_word' id='word_1_161' title='bbox 1037 2146 1341 2212; x_wconf 72' lang='grc' dir='ltr'><strong>ἰδιάζουσαν</strong></span> <span class='ocrx_word' id='word_1_162' title='bbox 1356 2149 1607 2222; x_wconf 80' lang='grc' dir='ltr'><strong>γέννησιν</strong></span> <span class='ocrx_word' id='word_1_163' title='bbox 1633 2153 1712 2216; x_wconf 79' lang='grc' dir='ltr'><strong>είς</strong></span> <span class='ocrx_word' id='word_1_164' title='bbox 1735 2152 1939 2223; x_wconf 84' lang='grc' dir='ltr'><strong>πλῆθος</strong></span> 
     </span>
    </p>
   </div>
   <div class='ocr_carea' id='block_1_24' title="bbox 357 2235 1935 2318">
    <p class='ocr_par' dir='ltr' id='par_1_24' title="bbox 357 2235 1935 2318">
     <span class='ocr_line' id='line_1_24' title="bbox 357 2235 1935 2318; baseline 0.008 -31"><span class='ocrx_word' id='word_1_165' title='bbox 357 2235 783 2301; x_wconf 75' lang='grc' dir='ltr'>καταϐάλλοντες</span> <span class='ocrx_word' id='word_1_166' title='bbox 822 2238 1053 2306; x_wconf 82' lang='grc' dir='ltr'><strong>Πατέρα</strong></span> <span class='ocrx_word' id='word_1_167' title='bbox 1080 2239 1313 2310; x_wconf 73' lang='grc' dir='ltr'><strong>ἀνδρῶν</strong></span> <span class='ocrx_word' id='word_1_168' title='bbox 1353 2258 1418 2296; x_wconf 82' lang='grc' dir='ltr'><strong>τε</strong></span> <span class='ocrx_word' id='word_1_169' title='bbox 1448 2243 1599 2297; x_wconf 79' lang='grc' dir='ltr'><strong>θεῶν</strong></span> <span class='ocrx_word' id='word_1_170' title='bbox 1629 2262 1694 2298; x_wconf 82' lang='grc' dir='ltr'><strong>τε</strong></span> <span class='ocrx_word' id='word_1_171' title='bbox 1719 2246 1935 2318; x_wconf 86' lang='grc' dir='ltr'><strong>ἀνειρή-</strong></span> 
     </span>
    </p>
   </div>
   <div class='ocr_carea' id='block_1_25' title="bbox 357 2326 1934 2406">
    <p class='ocr_par' dir='ltr' id='par_1_25' title="bbox 357 2326 1934 2406">
     <span class='ocr_line' id='line_1_25' title="bbox 357 2326 1934 2406; baseline 0.008 -29"><span class='ocrx_word' id='word_1_172' title='bbox 357 2339 534 2392; x_wconf 81' lang='grc' dir='ltr'><strong>κασιν,</strong></span> <span class='ocrx_word' id='word_1_173' title='bbox 600 2326 736 2398; x_wconf 82' lang='grc' dir='ltr'><strong>ὁμοῦ</strong></span> <span class='ocrx_word' id='word_1_174' title='bbox 787 2327 886 2398; x_wconf 80' lang='grc' dir='ltr'><strong>μὲν</strong></span> <span class='ocrx_word' id='word_1_175' title='bbox 935 2328 1132 2400; x_wconf 72' lang='grc' dir='ltr'>ἄνδρας</span> <span class='ocrx_word' id='word_1_176' title='bbox 1178 2331 1432 2401; x_wconf 74' lang='grc' dir='ltr'>μίξαντες</span> <span class='ocrx_word' id='word_1_177' title='bbox 1479 2332 1642 2398; x_wconf 86' lang='grc' dir='ltr'>θεοῖς,</span> <span class='ocrx_word' id='word_1_178' title='bbox 1688 2333 1825 2406; x_wconf 79' lang='grc' dir='ltr'><strong>ὁμοῦ</strong></span> <span class='ocrx_word' id='word_1_179' title='bbox 1876 2337 1934 2390; x_wconf 86' lang='grc' dir='ltr'><strong>δὲ</strong></span> 
     </span>
    </p>
   </div>
   <div class='ocr_carea' id='block_1_26' title="bbox 356 2417 1932 2500">
    <p class='ocr_par' dir='ltr' id='par_1_26' title="bbox 356 2417 1932 2500">
     <span class='ocr_line' id='line_1_26' title="bbox 356 2417 1932 2500; baseline 0.008 -30"><span class='ocrx_word' id='word_1_180' title='bbox 356 2417 566 2480; x_wconf 83' lang='grc' dir='ltr'><strong>τούτοις</strong></span> <span class='ocrx_word' id='word_1_181' title='bbox 597 2418 813 2490; x_wconf 81' lang='grc' dir='ltr'><strong>ὁμοφυῆ</strong></span> <span class='ocrx_word' id='word_1_182' title='bbox 847 2419 940 2473; x_wconf 77' lang='grc' dir='ltr'><strong>καὶ</strong></span> <span class='ocrx_word' id='word_1_183' title='bbox 966 2420 1058 2474; x_wconf 82' lang='grc' dir='ltr'><strong>τὸν</strong></span> <span class='ocrx_word' id='word_1_184' title='bbox 1092 2421 1252 2476; x_wconf 79' lang='grc' dir='ltr'><strong>αὐτὸν</strong></span> <span class='ocrx_word' id='word_1_185' title='bbox 1278 2424 1658 2497; x_wconf 77' lang='grc' dir='ltr'><strong>εἰσηγούμενοι</strong></span> <span class='ocrx_word' id='word_1_186' title='bbox 1691 2429 1932 2500; x_wconf 84' lang='grc' dir='ltr'><strong>Πατέρα.</strong></span> 
     </span>
    </p>
   </div>
   <div class='ocr_carea' id='block_1_27' title="bbox 369 2509 1936 2587">
    <p class='ocr_par' dir='ltr' id='par_1_27' title="bbox 369 2509 1936 2587">
     <span class='ocr_line' id='line_1_27' title="bbox 369 2509 1936 2587; baseline 0.007 -25"><span class='ocrx_word' id='word_1_187' title='bbox 369 2509 506 2562; x_wconf 79' lang='grc' dir='ltr'>Ἀλλ’</span> <span class='ocrx_word' id='word_1_188' title='bbox 535 2510 656 2564; x_wconf 76' lang='grc' dir='ltr'>οὐδὲ</span> <span class='ocrx_word' id='word_1_189' title='bbox 697 2511 795 2581; x_wconf 86' lang='grc' dir='ltr'><strong>μὲν</strong></span> <span class='ocrx_word' id='word_1_190' title='bbox 825 2511 1073 2584; x_wconf 77' lang='grc' dir='ltr'>ἐνεργείᾳ</span> <span class='ocrx_word' id='word_1_191' title='bbox 1098 2512 1384 2587; x_wconf 82' lang='grc' dir='ltr'><strong>δαιμονικῇ</strong></span> <span class='ocrx_word' id='word_1_192' title='bbox 1417 2516 1478 2568; x_wconf 81' lang='grc' dir='ltr'>τὸ</span> <span class='ocrx_word' id='word_1_193' title='bbox 1501 2517 1760 2582; x_wconf 78' lang='grc' dir='ltr'><strong>δυσσεϐὲς</strong></span> <span class='ocrx_word' id='word_1_194' title='bbox 1783 2521 1936 2574; x_wconf 78' lang='grc' dir='ltr'><strong>τουτὶ</strong></span> 
     </span>
    </p>
   </div>
   <div class='ocr_carea' id='block_1_28' title="bbox 356 2600 1935 2685">
    <p class='ocr_par' dir='ltr' id='par_1_28' title="bbox 356 2600 1935 2685">
     <span class='ocr_line' id='line_1_28' title="bbox 356 2600 1935 2685; baseline 0.008 -31"><span class='ocrx_word' id='word_1_195' title='bbox 356 2600 450 2654; x_wconf 73' lang='grc' dir='ltr'><strong>καὶ</strong></span> <span class='ocrx_word' id='word_1_196' title='bbox 481 2601 638 2656; x_wconf 78' lang='grc' dir='ltr'><strong>ἄθεον</strong></span> <span class='ocrx_word' id='word_1_197' title='bbox 671 2603 979 2673; x_wconf 84' lang='grc' dir='ltr'>προήκαντο</span> <span class='ocrx_word' id='word_1_198' title='bbox 1015 2606 1184 2675; x_wconf 78' lang='grc' dir='ltr'><strong>ῥῆμα,</strong></span> <span class='ocrx_word' id='word_1_199' title='bbox 1217 2604 1296 2677; x_wconf 83' lang='grc' dir='ltr'><strong>τῷ</strong></span> <span class='ocrx_word' id='word_1_200' title='bbox 1319 2605 1498 2678; x_wconf 82' lang='grc' dir='ltr'><strong>θνητῷ</strong></span> <span class='ocrx_word' id='word_1_201' title='bbox 1529 2609 1623 2662; x_wconf 75' lang='grc' dir='ltr'><strong>καὶ</strong></span> <span class='ocrx_word' id='word_1_202' title='bbox 1648 2610 1935 2685; x_wconf 85' lang='grc' dir='ltr'><strong>παθητικῷ</strong></span> 
     </span>
    </p>
   </div>
   <div class='ocr_carea' id='block_1_29' title="bbox 354 2693 1936 2770">
    <p class='ocr_par' dir='ltr' id='par_1_29' title="bbox 354 2693 1936 2770">
     <span class='ocr_line' id='line_1_29' title="bbox 354 2693 1936 2770; baseline 0.009 -26"><span class='ocrx_word' id='word_1_203' title='bbox 354 2693 448 2745; x_wconf 76' lang='grc' dir='ltr'><strong>καὶ</strong></span> <span class='ocrx_word' id='word_1_204' title='bbox 485 2693 843 2764; x_wconf 83' lang='grc' dir='ltr'><strong>ἁμαρτητικῷ</strong></span> <span class='ocrx_word' id='word_1_205' title='bbox 871 2694 1016 2763; x_wconf 81' lang='grc' dir='ltr'><strong>γένει</strong></span> <span class='ocrx_word' id='word_1_206' title='bbox 1047 2695 1153 2748; x_wconf 83' lang='grc' dir='ltr'>τῶν</span> <span class='ocrx_word' id='word_1_207' title='bbox 1191 2695 1494 2768; x_wconf 84' lang='grc' dir='ltr'><strong>ἀνθρώπων</strong></span> <span class='ocrx_word' id='word_1_208' title='bbox 1533 2700 1794 2770; x_wconf 78' lang='grc' dir='ltr'>ὁμοφυεῖς</span> <span class='ocrx_word' id='word_1_209' title='bbox 1840 2705 1936 2758; x_wconf 58' lang='grc' dir='ltr'><strong>καὶ¹</strong></span> 
     </span>
    </p>
   </div>
   <div class='ocr_carea' id='block_1_30' title="bbox 353 2783 1934 2864">
    <p class='ocr_par' dir='ltr' id='par_1_30' title="bbox 353 2783 1934 2864">
     <span class='ocr_line' id='line_1_30' title="bbox 353 2783 1934 2864; baseline 0.008 -29"><span class='ocrx_word' id='word_1_210' title='bbox 353 2783 650 2851; x_wconf 75' lang='grc' dir='ltr'><strong>ὁμοπαθεῖς</strong></span> <span class='ocrx_word' id='word_1_211' title='bbox 682 2783 858 2847; x_wconf 77' lang='grc' dir='ltr'><strong>θεοὺς,</strong></span> <span class='ocrx_word' id='word_1_212' title='bbox 898 2785 991 2838; x_wconf 72' lang='grc' dir='ltr'><strong>καὶ</strong></span> <span class='ocrx_word' id='word_1_213' title='bbox 1028 2784 1122 2841; x_wconf 81' lang='grc' dir='ltr'><strong>τὸν</strong></span> <span class='ocrx_word' id='word_1_214' title='bbox 1162 2785 1368 2839; x_wconf 86' lang='grc' dir='ltr'><strong>τούτων</strong></span> <span class='ocrx_word' id='word_1_215' title='bbox 1398 2787 1574 2842; x_wconf 83' lang='grc' dir='ltr'>κοινὸν</span> <span class='ocrx_word' id='word_1_216' title='bbox 1612 2791 1934 2864; x_wconf 81' lang='grc' dir='ltr'><strong>ὑποθέμενοι</strong></span> 
     </span>
    </p>
   </div>
   <div class='ocr_carea' id='block_1_31' title="bbox 327 2874 1935 2953">
    <p class='ocr_par' dir='ltr' id='par_1_31' title="bbox 327 2874 1935 2953">
     <span class='ocr_line' id='line_1_31' title="bbox 327 2874 1935 2953; baseline 0.009 -29"><span class='ocrx_word' id='word_1_217' title='bbox 327 2874 589 2947; x_wconf 69' lang='grc' dir='ltr'><strong>Πατέρα,</strong></span> <span class='ocrx_word' id='word_1_218' title='bbox 642 2875 858 2939; x_wconf 78' lang='grc' dir='ltr'><strong>πάντως</strong></span> <span class='ocrx_word' id='word_1_219' title='bbox 894 2891 998 2929; x_wconf 87' lang='grc' dir='ltr'><strong>που</strong></span> <span class='ocrx_word' id='word_1_220' title='bbox 1033 2879 1146 2942; x_wconf 81' lang='grc' dir='ltr'>τοῖς</span> <span class='ocrx_word' id='word_1_221' title='bbox 1175 2880 1362 2932; x_wconf 74' lang='grc' dir='ltr'><strong>παισὶν</strong></span> <span class='ocrx_word' id='word_1_222' title='bbox 1394 2883 1880 2953; x_wconf 75' lang='grc' dir='ltr'><strong>παρωμοιωμένον,</strong></span> <span class='ocrx_word' id='word_1_223' title='bbox 1905 2888 1935 2939; x_wconf 86' lang='grc' dir='ltr'>ὁ</span> 
     </span>
    </p>
   </div>
   <div class='ocr_carea' id='block_1_32' title="bbox 2051 585 3627 661">
    <p class='ocr_par' dir='ltr' id='par_1_32' title="bbox 2051 585 3627 661">
     <span class='ocr_line' id='line_1_32' title="bbox 2051 585 3627 661; baseline 0.008 -22"><span class='ocrx_word' id='word_1_224' title='bbox 2051 585 2097 639; x_wconf 87' lang='lat' dir='ltr'><strong>si</strong></span> <span class='ocrx_word' id='word_1_225' title='bbox 2149 586 2265 640; x_wconf 69' lang='lat' dir='ltr'><strong>huic</strong></span> <span class='ocrx_word' id='word_1_226' title='bbox 2306 587 2545 643; x_wconf 90' lang='lat' dir='ltr'><strong>conditio</strong></span> <span class='ocrx_word' id='word_1_227' title='bbox 2576 597 2777 645; x_wconf 86' lang='lat' dir='ltr'><strong>statuta</strong></span> <span class='ocrx_word' id='word_1_228' title='bbox 2825 589 3016 646; x_wconf 79' lang='lat' dir='ltr'><strong>fuisset</strong></span> <span class='ocrx_word' id='word_1_229' title='bbox 3045 608 3061 646; x_wconf 88' lang='lat'><strong>:</strong></span> <span class='ocrx_word' id='word_1_230' title='bbox 3095 592 3253 661; x_wconf 83' lang='lat' dir='ltr'><strong>quia,</strong></span> <span class='ocrx_word' id='word_1_231' title='bbox 3283 592 3455 648; x_wconf 82' lang='lat' dir='ltr'><strong>Nemo</strong></span> <span class='ocrx_word' id='word_1_232' title='bbox 3485 600 3627 652; x_wconf 76' lang='lat' dir='ltr'><strong>novit</strong></span> 
     </span>
    </p>
   </div>
   <div class='ocr_carea' id='block_1_33' title="bbox 2053 671 3631 751">
    <p class='ocr_par' dir='ltr' id='par_1_33' title="bbox 2053 671 3631 751">
     <span class='ocr_line' id='line_1_33' title="bbox 2053 671 3631 751; baseline 0.01 -26"><span class='ocrx_word' id='word_1_233' title='bbox 2053 671 2272 728; x_wconf 79' lang='lat' dir='ltr'><strong><em>Patrem</em></strong></span> <span class='ocrx_word' id='word_1_234' title='bbox 2301 676 2404 730; x_wconf 86' lang='lat' dir='ltr'><strong>nisi</strong></span> <span class='ocrx_word' id='word_1_235' title='bbox 2449 675 2642 743; x_wconf 82' lang='lat' dir='ltr'><strong>Filius,</strong></span> <span class='ocrx_word' id='word_1_236' title='bbox 2657 694 2818 748; x_wconf 81' lang='lat' dir='ltr'><strong>neque</strong></span> <span class='ocrx_word' id='word_1_237' title='bbox 2853 677 3055 734; x_wconf 81' lang='lat' dir='ltr'><strong>Filium</strong></span> <span class='ocrx_word' id='word_1_238' title='bbox 3081 682 3200 751; x_wconf 84' lang='lat' dir='ltr'><strong>quis</strong></span> <span class='ocrx_word' id='word_1_239' title='bbox 3223 684 3363 738; x_wconf 79' lang='lat' dir='ltr'><strong>novit</strong></span> <span class='ocrx_word' id='word_1_240' title='bbox 3392 685 3496 740; x_wconf 85' lang='lat' dir='ltr'><strong>nisi</strong></span> <span class='ocrx_word' id='word_1_241' title='bbox 3526 685 3631 740; x_wconf 60' lang='lat' dir='ltr'><strong>Par</strong></span> 
     </span>
    </p>
   </div>
   <div class='ocr_carea' id='block_1_34' title="bbox 2049 769 3628 846">
    <p class='ocr_par' dir='ltr' id='par_1_34' title="bbox 2049 769 3628 846">
     <span class='ocr_line' id='line_1_34' title="bbox 2049 769 3628 846; baseline 0.008 -26"><span class='ocrx_word' id='word_1_242' title='bbox 2049 777 2131 822; x_wconf 88' lang='lat' dir='ltr'><strong>ter</strong></span> <span class='ocrx_word' id='word_1_243' title='bbox 2151 769 2316 830; x_wconf 71' lang='lat' dir='ltr'><strong>solus,</strong></span> <span class='ocrx_word' id='word_1_244' title='bbox 2345 771 2435 839; x_wconf 87' lang='lat' dir='ltr'><strong>qui</strong></span> <span class='ocrx_word' id='word_1_245' title='bbox 2469 769 2619 824; x_wconf 85' lang='lat' dir='ltr'><strong>illum</strong></span> <span class='ocrx_word' id='word_1_246' title='bbox 2667 773 2936 842; x_wconf 78' lang='lat' dir='ltr'><strong>generavit</strong></span> <span class='ocrx_word' id='word_1_247' title='bbox 2965 773 3030 828; x_wconf 83' lang='grc'><strong>⁸⁸.</strong></span> <span class='ocrx_word' id='word_1_248' title='bbox 3079 772 3286 829; x_wconf 77' lang='lat' dir='ltr'><strong>Sufﬁcit</strong></span> <span class='ocrx_word' id='word_1_249' title='bbox 3311 789 3442 846; x_wconf 78' lang='lat' dir='ltr'><strong>ergo</strong></span> <span class='ocrx_word' id='word_1_250' title='bbox 3472 779 3628 832; x_wconf 86' lang='lat' dir='ltr'><strong>nobis</strong></span> 
     </span>
    </p>
   </div>
   <div class='ocr_carea' id='block_1_35' title="bbox 2050 859 3627 932">
    <p class='ocr_par' dir='ltr' id='par_1_35' title="bbox 2050 859 3627 932">
     <span class='ocr_line' id='line_1_35' title="bbox 2050 859 3627 932; baseline 0.008 -20"><span class='ocrx_word' id='word_1_251' title='bbox 2050 859 2116 912; x_wconf 89' lang='lat' dir='ltr'><strong>ad</strong></span> <span class='ocrx_word' id='word_1_252' title='bbox 2146 859 2377 914; x_wconf 79' lang='lat' dir='ltr'><strong>salutem</strong></span> <span class='ocrx_word' id='word_1_253' title='bbox 2415 860 2548 915; x_wconf 87' lang='lat' dir='ltr'><strong>lides</strong></span> <span class='ocrx_word' id='word_1_254' title='bbox 2571 900 2587 924; x_wconf 87' lang='lat'><em>.</em></span> <span class='ocrx_word' id='word_1_255' title='bbox 2622 877 2684 916; x_wconf 87' lang='lat' dir='ltr'><strong>ea</strong></span> <span class='ocrx_word' id='word_1_256' title='bbox 2734 879 2855 932; x_wconf 75' lang='lat' dir='ltr'><strong>qua:</strong></span> <span class='ocrx_word' id='word_1_257' title='bbox 2893 864 3057 918; x_wconf 88' lang='lat' dir='ltr'><strong>Deum</strong></span> <span class='ocrx_word' id='word_1_258' title='bbox 3087 866 3243 921; x_wconf 76' lang='lat' dir='ltr'><strong>nobis</strong></span> <span class='ocrx_word' id='word_1_259' title='bbox 3271 868 3495 922; x_wconf 82' lang='lat' dir='ltr'><strong>exhibet</strong></span> <span class='ocrx_word' id='word_1_260' title='bbox 3531 867 3627 924; x_wconf 85' lang='lat' dir='ltr'><strong>Pa-</strong></span> 
     </span>
    </p>
   </div>
   <div class='ocr_carea' id='block_1_36' title="bbox 2050 948 3626 1026">
    <p class='ocr_par' dir='ltr' id='par_1_36' title="bbox 2050 948 3626 1026">
     <span class='ocr_line' id='line_1_36' title="bbox 2050 948 3626 1026; baseline 0.005 -24"><span class='ocrx_word' id='word_1_261' title='bbox 2050 956 2188 1002; x_wconf 88' lang='lat' dir='ltr'><strong>trem</strong></span> <span class='ocrx_word' id='word_1_262' title='bbox 2213 987 2229 1012; x_wconf 91' lang='lat'><strong>,</strong></span> <span class='ocrx_word' id='word_1_263' title='bbox 2258 948 2688 1018; x_wconf 75' lang='lat' dir='ltr'><strong>omnipotentem</strong></span> <span class='ocrx_word' id='word_1_264' title='bbox 2719 991 2734 1016; x_wconf 92' lang='lat'><strong>,</strong></span> <span class='ocrx_word' id='word_1_265' title='bbox 2769 962 2823 1006; x_wconf 88' lang='lat' dir='ltr'><strong>et</strong></span> <span class='ocrx_word' id='word_1_266' title='bbox 2873 951 3069 1007; x_wconf 84' lang='lat' dir='ltr'><strong>Filium</strong></span> <span class='ocrx_word' id='word_1_267' title='bbox 3123 954 3297 1022; x_wconf 87' lang='lat' dir='ltr'><strong>ipsius</strong></span> <span class='ocrx_word' id='word_1_268' title='bbox 3341 954 3626 1026; x_wconf 81' lang='lat' dir='ltr'><strong>subsignat</strong></span> 
     </span>
    </p>
   </div>
   <div class='ocr_carea' id='block_1_37' title="bbox 2052 1040 3626 1107">
    <p class='ocr_par' dir='ltr' id='par_1_37' title="bbox 2052 1040 3626 1107">
     <span class='ocr_line' id='line_1_37' title="bbox 2052 1040 3626 1107; baseline 0.003 -12"><span class='ocrx_word' id='word_1_269' title='bbox 2052 1041 2424 1095; x_wconf 87' lang='lat' dir='ltr'><strong>Servatorem.</strong></span> <span class='ocrx_word' id='word_1_270' title='bbox 2460 1040 2561 1107; x_wconf 85' lang='lat' dir='ltr'><strong>Qui</strong></span> <span class='ocrx_word' id='word_1_271' title='bbox 2591 1051 2644 1096; x_wconf 90' lang='lat' dir='ltr'><strong>et</strong></span> <span class='ocrx_word' id='word_1_272' title='bbox 2684 1041 2799 1102; x_wconf 79' lang='lat' dir='ltr'><strong>ipse</strong></span> <span class='ocrx_word' id='word_1_273' title='bbox 2841 1043 2982 1097; x_wconf 89' lang='lat' dir='ltr'><strong>inter</strong></span> <span class='ocrx_word' id='word_1_274' title='bbox 3008 1044 3116 1098; x_wconf 87' lang='lat' dir='ltr'><strong>alia</strong></span> <span class='ocrx_word' id='word_1_275' title='bbox 3149 1043 3305 1100; x_wconf 87' lang='lat' dir='ltr'><strong>nobis</strong></span> <span class='ocrx_word' id='word_1_276' title='bbox 3331 1044 3433 1099; x_wconf 87' lang='lat' dir='ltr'><strong>ista</strong></span> <span class='ocrx_word' id='word_1_277' title='bbox 3475 1059 3626 1100; x_wconf 88' lang='lat' dir='ltr'><strong>com-</strong></span> 
     </span>
    </p>
   </div>
   <div class='ocr_carea' id='block_1_38' title="bbox 2050 1132 3624 1204">
    <p class='ocr_par' dir='ltr' id='par_1_38' title="bbox 2050 1132 3624 1204">
     <span class='ocr_line' id='line_1_38' title="bbox 2050 1132 3624 1204; baseline 0.003 -18"><span class='ocrx_word' id='word_1_278' title='bbox 2050 1132 2327 1195; x_wconf 83' lang='lat' dir='ltr'><strong>mendavit</strong></span> <span class='ocrx_word' id='word_1_279' title='bbox 2358 1132 2642 1204; x_wconf 86' lang='lat' dir='ltr'><strong>inquiens:</strong></span> <span class='ocrx_word' id='word_1_280' title='bbox 2675 1134 2826 1199; x_wconf 85' lang='lat' dir='ltr'><strong>Quod</strong></span> <span class='ocrx_word' id='word_1_281' title='bbox 2865 1144 3046 1188; x_wconf 84' lang='lat' dir='ltr'><strong>natum</strong></span> <span class='ocrx_word' id='word_1_282' title='bbox 3081 1145 3159 1189; x_wconf 79' lang='lat' dir='ltr'><strong>est</strong></span> <span class='ocrx_word' id='word_1_283' title='bbox 3200 1151 3266 1190; x_wconf 74' lang='lat' dir='ltr'><strong>ex</strong></span> <span class='ocrx_word' id='word_1_284' title='bbox 3288 1151 3468 1202; x_wconf 87' lang='lat' dir='ltr'><strong>carne,</strong></span> <span class='ocrx_word' id='word_1_285' title='bbox 3499 1151 3624 1190; x_wconf 77' lang='lat' dir='ltr'><strong>caro</strong></span> 
     </span>
    </p>
   </div>
   <div class='ocr_carea' id='block_1_39' title="bbox 2049 1226 3618 1297">
    <p class='ocr_par' dir='ltr' id='par_1_39' title="bbox 2049 1226 3618 1297">
     <span class='ocr_line' id='line_1_39' title="bbox 2049 1226 3618 1297; baseline 0 -17"><span class='ocrx_word' id='word_1_286' title='bbox 2049 1234 2126 1280; x_wconf 82' lang='lat' dir='ltr'><strong>est</strong></span> <span class='ocrx_word' id='word_1_287' title='bbox 2155 1241 2176 1289; x_wconf 88' lang='lat'><em>;</em></span> <span class='ocrx_word' id='word_1_288' title='bbox 2201 1237 2249 1279; x_wconf 85' lang='lat' dir='ltr'><strong>et</strong></span> <span class='ocrx_word' id='word_1_289' title='bbox 2279 1227 2419 1294; x_wconf 87' lang='lat' dir='ltr'><strong>quod</strong></span> <span class='ocrx_word' id='word_1_290' title='bbox 2463 1238 2640 1280; x_wconf 84' lang='lat' dir='ltr'><strong>natum</strong></span> <span class='ocrx_word' id='word_1_291' title='bbox 2691 1236 2766 1280; x_wconf 84' lang='lat' dir='ltr'><strong>est</strong></span> <span class='ocrx_word' id='word_1_292' title='bbox 2797 1242 2862 1279; x_wconf 80' lang='lat' dir='ltr'><strong>ex</strong></span> <span class='ocrx_word' id='word_1_293' title='bbox 2903 1228 3089 1292; x_wconf 85' lang='lat' dir='ltr'><strong>spiritu</strong></span> <span class='ocrx_word' id='word_1_294' title='bbox 3113 1267 3130 1292; x_wconf 88' lang='lat'><strong>,</strong></span> <span class='ocrx_word' id='word_1_295' title='bbox 3172 1228 3390 1297; x_wconf 78' lang='lat' dir='ltr'><strong>spiritus</strong></span> <span class='ocrx_word' id='word_1_296' title='bbox 3419 1237 3494 1281; x_wconf 78' lang='lat' dir='ltr'><strong>est</strong></span> <span class='ocrx_word' id='word_1_297' title='bbox 3532 1226 3618 1293; x_wconf 84' lang='grc'><strong>⁶⁶;</strong></span> 
     </span>
    </p>
   </div>
   <div class='ocr_carea' id='block_1_40' title="bbox 2047 1315 3620 1388">
    <p class='ocr_par' dir='ltr' id='par_1_40' title="bbox 2047 1315 3620 1388">
     <span class='ocr_line' id='line_1_40' title="bbox 2047 1315 3620 1388; baseline 0.002 -19"><span class='ocrx_word' id='word_1_298' title='bbox 2047 1315 2191 1371; x_wconf 83' lang='lat' dir='ltr'><strong>Deus</strong></span> <span class='ocrx_word' id='word_1_299' title='bbox 2238 1327 2414 1371; x_wconf 81' lang='lat' dir='ltr'><strong>autem</strong></span> <span class='ocrx_word' id='word_1_300' title='bbox 2458 1318 2677 1384; x_wconf 83' lang='lat' dir='ltr'><strong>spiritus</strong></span> <span class='ocrx_word' id='word_1_301' title='bbox 2709 1327 2784 1370; x_wconf 82' lang='lat' dir='ltr'><strong>est</strong></span> <span class='ocrx_word' id='word_1_302' title='bbox 2825 1317 2890 1369; x_wconf 78' lang='lat'><strong>&quot;.</strong></span> <span class='ocrx_word' id='word_1_303' title='bbox 2927 1317 3277 1387; x_wconf 80' lang='lat' dir='ltr'><strong>Consequens</strong></span> <span class='ocrx_word' id='word_1_304' title='bbox 3325 1317 3486 1388; x_wconf 75' lang='lat' dir='ltr'><strong>igitur</strong></span> <span class='ocrx_word' id='word_1_305' title='bbox 3513 1326 3620 1383; x_wconf 88' lang='lat' dir='ltr'><strong>est,</strong></span> 
     </span>
    </p>
   </div>
   <div class='ocr_carea' id='block_1_41' title="bbox 2045 1408 3616 1479">
    <p class='ocr_par' dir='ltr' id='par_1_41' title="bbox 2045 1408 3616 1479">
     <span class='ocr_line' id='line_1_41' title="bbox 2045 1408 3616 1479; baseline -0.001 -15"><span class='ocrx_word' id='word_1_306' title='bbox 2045 1419 2106 1464; x_wconf 94' lang='lat' dir='ltr'><strong>ut</strong></span> <span class='ocrx_word' id='word_1_307' title='bbox 2128 1410 2676 1479; x_wconf 78' lang='lat' dir='ltr'><strong>intelligamus,quod</strong></span> <span class='ocrx_word' id='word_1_308' title='bbox 2707 1417 2892 1464; x_wconf 89' lang='lat' dir='ltr'><strong>natum</strong></span> <span class='ocrx_word' id='word_1_309' title='bbox 2914 1417 3000 1463; x_wconf 87' lang='lat' dir='ltr'><strong>est</strong></span> <span class='ocrx_word' id='word_1_310' title='bbox 3031 1409 3098 1463; x_wconf 93' lang='lat' dir='ltr'><strong>de</strong></span> <span class='ocrx_word' id='word_1_311' title='bbox 3129 1408 3260 1475; x_wconf 88' lang='lat' dir='ltr'><strong>Deo,</strong></span> <span class='ocrx_word' id='word_1_312' title='bbox 3291 1408 3460 1462; x_wconf 89' lang='lat' dir='ltr'><strong>Deum</strong></span> <span class='ocrx_word' id='word_1_313' title='bbox 3477 1423 3616 1464; x_wconf 89' lang='lat' dir='ltr'><strong>esse.</strong></span> 
     </span>
    </p>
   </div>
   <div class='ocr_carea' id='block_1_42' title="bbox 2047 1501 3618 1570">
    <p class='ocr_par' dir='ltr' id='par_1_42' title="bbox 2047 1501 3618 1570">
     <span class='ocr_line' id='line_1_42' title="bbox 2047 1501 3618 1570; baseline -0.001 -15"><span class='ocrx_word' id='word_1_314' title='bbox 2047 1502 2318 1570; x_wconf 82' lang='lat' dir='ltr'><strong>Quantum</strong></span> <span class='ocrx_word' id='word_1_315' title='bbox 2350 1516 2479 1557; x_wconf 90' lang='lat' dir='ltr'><strong>vero</strong></span> <span class='ocrx_word' id='word_1_316' title='bbox 2512 1501 2654 1556; x_wconf 84' lang='lat' dir='ltr'><strong>Deus</strong></span> <span class='ocrx_word' id='word_1_317' title='bbox 2679 1502 2768 1556; x_wconf 90' lang='lat' dir='ltr'><strong>ille</strong></span> <span class='ocrx_word' id='word_1_318' title='bbox 2805 1502 3180 1555; x_wconf 87' lang='lat' dir='ltr'><strong>universorum</strong></span> <span class='ocrx_word' id='word_1_319' title='bbox 3212 1515 3374 1569; x_wconf 88' lang='lat' dir='ltr'><strong>super</strong></span> <span class='ocrx_word' id='word_1_320' title='bbox 3399 1513 3618 1554; x_wconf 88' lang='lat' dir='ltr'><strong>carnem</strong></span> 
     </span>
    </p>
   </div>
   <div class='ocr_carea' id='block_1_43' title="bbox 2045 1590 3619 1660">
    <p class='ocr_par' dir='ltr' id='par_1_43' title="bbox 2045 1590 3619 1660">
     <span class='ocr_line' id='line_1_43' title="bbox 2045 1590 3619 1660; baseline -0.003 -9"><span class='ocrx_word' id='word_1_321' title='bbox 2045 1596 2185 1652; x_wconf 88' lang='lat' dir='ltr'><strong>hanc</strong></span> <span class='ocrx_word' id='word_1_322' title='bbox 2210 1608 2486 1652; x_wconf 89' lang='lat' dir='ltr'><strong>terrenam</strong></span> <span class='ocrx_word' id='word_1_323' title='bbox 2523 1595 2793 1651; x_wconf 83' lang='lat' dir='ltr'><strong>exaltatus</strong></span> <span class='ocrx_word' id='word_1_324' title='bbox 2819 1632 2837 1660; x_wconf 90' lang='lat'><strong>,</strong></span> <span class='ocrx_word' id='word_1_325' title='bbox 2881 1595 2950 1649; x_wconf 86' lang='lat' dir='ltr'><strong>ab</strong></span> <span class='ocrx_word' id='word_1_326' title='bbox 3000 1593 3147 1649; x_wconf 91' lang='lat' dir='ltr'><strong>illius</strong></span> <span class='ocrx_word' id='word_1_327' title='bbox 3197 1593 3358 1649; x_wconf 90' lang='lat' dir='ltr'><strong>modo</strong></span> <span class='ocrx_word' id='word_1_328' title='bbox 3390 1590 3619 1647; x_wconf 88' lang='lat' dir='ltr'><strong>recessit</strong></span> 
     </span>
    </p>
   </div>
   <div class='ocr_carea' id='block_1_44' title="bbox 2041 1682 3616 1754">
    <p class='ocr_par' dir='ltr' id='par_1_44' title="bbox 2041 1682 3616 1754">
     <span class='ocr_line' id='line_1_44' title="bbox 2041 1682 3616 1754; baseline -0.004 -10"><span class='ocrx_word' id='word_1_329' title='bbox 2041 1697 2098 1744; x_wconf 90' lang='lat' dir='ltr'><strong>et</strong></span> <span class='ocrx_word' id='word_1_330' title='bbox 2123 1703 2383 1743; x_wconf 91' lang='lat' dir='ltr'><strong>mensura</strong></span> <span class='ocrx_word' id='word_1_331' title='bbox 2412 1705 2426 1742; x_wconf 94' lang='lat'><strong>:</strong></span> <span class='ocrx_word' id='word_1_332' title='bbox 2455 1687 2508 1742; x_wconf 89' lang='lat' dir='ltr'><strong>in</strong></span> <span class='ocrx_word' id='word_1_333' title='bbox 2560 1696 2771 1742; x_wconf 88' lang='lat' dir='ltr'><strong>tantum</strong></span> <span class='ocrx_word' id='word_1_334' title='bbox 2804 1685 2962 1741; x_wconf 89' lang='lat' dir='ltr'><strong>nobis</strong></span> <span class='ocrx_word' id='word_1_335' title='bbox 2990 1685 3172 1739; x_wconf 89' lang='lat' dir='ltr'><strong>animo</strong></span> <span class='ocrx_word' id='word_1_336' title='bbox 3202 1682 3616 1754; x_wconf 89' lang='lat' dir='ltr'><strong>concipiendum</strong></span> 
     </span>
    </p>
   </div>
   <div class='ocr_carea' id='block_1_45' title="bbox 2041 1775 3618 1846">
    <p class='ocr_par' dir='ltr' id='par_1_45' title="bbox 2041 1775 3618 1846">
     <span class='ocr_line' id='line_1_45' title="bbox 2041 1775 3618 1846; baseline -0.005 -10"><span class='ocrx_word' id='word_1_337' title='bbox 2041 1790 2127 1836; x_wconf 89' lang='lat' dir='ltr'><strong>est</strong></span> <span class='ocrx_word' id='word_1_338' title='bbox 2158 1819 2174 1845; x_wconf 83' lang='lat'><strong>,</strong></span> <span class='ocrx_word' id='word_1_339' title='bbox 2223 1781 2441 1834; x_wconf 89' lang='lat' dir='ltr'><strong>modum</strong></span> <span class='ocrx_word' id='word_1_340' title='bbox 2489 1779 2641 1834; x_wconf 87' lang='lat' dir='ltr'><strong>illum</strong></span> <span class='ocrx_word' id='word_1_341' title='bbox 2668 1819 2684 1844; x_wconf 91' lang='lat'><strong>,</strong></span> <span class='ocrx_word' id='word_1_342' title='bbox 2724 1778 3021 1833; x_wconf 87' lang='lat' dir='ltr'><strong>secundum</strong></span> <span class='ocrx_word' id='word_1_343' title='bbox 3049 1791 3208 1846; x_wconf 89' lang='lat' dir='ltr'><strong>quem</strong></span> <span class='ocrx_word' id='word_1_344' title='bbox 3243 1775 3402 1830; x_wconf 86' lang='lat' dir='ltr'><strong>Pater</strong></span> <span class='ocrx_word' id='word_1_345' title='bbox 3434 1776 3618 1846; x_wconf 80' lang='lat' dir='ltr'><strong>genuit</strong></span> 
     </span>
    </p>
   </div>
   <div class='ocr_carea' id='block_1_46' title="bbox 2047 1867 3614 1939">
    <p class='ocr_par' dir='ltr' id='par_1_46' title="bbox 2047 1867 3614 1939">
     <span class='ocr_line' id='line_1_46' title="bbox 2047 1867 3614 1939; baseline -0.002 -13"><span class='ocrx_word' id='word_1_346' title='bbox 2047 1871 2270 1938; x_wconf 84' lang='lat' dir='ltr'><strong>Filium,</strong></span> <span class='ocrx_word' id='word_1_347' title='bbox 2305 1871 2490 1926; x_wconf 90' lang='lat' dir='ltr'><strong>multis</strong></span> <span class='ocrx_word' id='word_1_348' title='bbox 2524 1869 2740 1939; x_wconf 83' lang='lat' dir='ltr'><strong>quidem</strong></span> <span class='ocrx_word' id='word_1_349' title='bbox 2775 1869 3110 1938; x_wconf 83' lang='lat' dir='ltr'><strong>parasangis,</strong></span> <span class='ocrx_word' id='word_1_350' title='bbox 3141 1867 3418 1923; x_wconf 86' lang='lat' dir='ltr'><strong>carnalem</strong></span> <span class='ocrx_word' id='word_1_351' title='bbox 3450 1883 3614 1938; x_wconf 79' lang='lat' dir='ltr'><strong>gene-</strong></span> 
     </span>
    </p>
   </div>
   <div class='ocr_carea' id='block_1_47' title="bbox 2042 1957 3614 2028">
    <p class='ocr_par' dir='ltr' id='par_1_47' title="bbox 2042 1957 3614 2028">
     <span class='ocr_line' id='line_1_47' title="bbox 2042 1957 3614 2028; baseline -0.003 -13"><span class='ocrx_word' id='word_1_352' title='bbox 2042 1961 2198 2015; x_wconf 89' lang='lat' dir='ltr'><strong>randi</strong></span> <span class='ocrx_word' id='word_1_353' title='bbox 2240 1961 2456 2015; x_wconf 90' lang='lat' dir='ltr'><strong>modum</strong></span> <span class='ocrx_word' id='word_1_354' title='bbox 2494 1974 2846 2028; x_wconf 80' lang='lat' dir='ltr'><strong>exsuperare.</strong></span> <span class='ocrx_word' id='word_1_355' title='bbox 2883 1965 2941 2021; x_wconf 47' lang='grc' dir='ltr'>ᾖ</span> <span class='ocrx_word' id='word_1_356' title='bbox 2995 1957 3180 2026; x_wconf 88' lang='lat' dir='ltr'><strong>Neque</strong></span> <span class='ocrx_word' id='word_1_357' title='bbox 3223 1959 3368 2012; x_wconf 88' lang='lat' dir='ltr'><strong>enim</strong></span> <span class='ocrx_word' id='word_1_358' title='bbox 3411 1957 3614 2027; x_wconf 89' lang='lat' dir='ltr'><strong>aliquid</strong></span> 
     </span>
    </p>
   </div>
   <div class='ocr_carea' id='block_1_48' title="bbox 2039 2050 3614 2119">
    <p class='ocr_par' dir='ltr' id='par_1_48' title="bbox 2039 2050 3614 2119">
     <span class='ocr_line' id='line_1_48' title="bbox 2039 2050 3614 2119; baseline -0.003 -11"><span class='ocrx_word' id='word_1_359' title='bbox 2039 2053 2362 2119; x_wconf 87' lang='lat' dir='ltr'><strong>emittemlo,</strong></span> <span class='ocrx_word' id='word_1_360' title='bbox 2400 2051 2596 2107; x_wconf 88' lang='lat' dir='ltr'><strong>nedum</strong></span> <span class='ocrx_word' id='word_1_361' title='bbox 2645 2051 2762 2118; x_wconf 85' lang='lat' dir='ltr'><strong>ipse</strong></span> <span class='ocrx_word' id='word_1_362' title='bbox 2812 2051 3074 2105; x_wconf 88' lang='lat' dir='ltr'><strong>alteratus</strong></span> <span class='ocrx_word' id='word_1_363' title='bbox 3098 2089 3114 2114; x_wconf 93' lang='lat'><strong>,</strong></span> <span class='ocrx_word' id='word_1_364' title='bbox 3151 2059 3243 2103; x_wconf 90' lang='lat' dir='ltr'><strong>aut</strong></span> <span class='ocrx_word' id='word_1_365' title='bbox 3276 2065 3372 2118; x_wconf 86' lang='lat' dir='ltr'><strong>per</strong></span> <span class='ocrx_word' id='word_1_366' title='bbox 3401 2050 3614 2119; x_wconf 85' lang='lat' dir='ltr'><strong>passio-</strong></span> 
     </span>
    </p>
   </div>
   <div class='ocr_carea' id='block_1_49' title="bbox 2041 2141 3612 2214">
    <p class='ocr_par' dir='ltr' id='par_1_49' title="bbox 2041 2141 3612 2214">
     <span class='ocr_line' id='line_1_49' title="bbox 2041 2141 3612 2214; baseline -0.003 -13"><span class='ocrx_word' id='word_1_367' title='bbox 2041 2162 2162 2202; x_wconf 89' lang='lat' dir='ltr'><strong>nem</strong></span> <span class='ocrx_word' id='word_1_368' title='bbox 2201 2144 2434 2201; x_wconf 68' lang='lat' dir='ltr'><strong>ail‘eclus</strong></span> <span class='ocrx_word' id='word_1_369' title='bbox 2473 2144 2806 2213; x_wconf 88' lang='lat' dir='ltr'><strong>aliqualiter,</strong></span> <span class='ocrx_word' id='word_1_370' title='bbox 2831 2154 2926 2210; x_wconf 90' lang='lat' dir='ltr'><strong>et,</strong></span> <span class='ocrx_word' id='word_1_371' title='bbox 2957 2154 3018 2198; x_wconf 91' lang='lat' dir='ltr'><strong>ut</strong></span> <span class='ocrx_word' id='word_1_372' title='bbox 3067 2144 3349 2214; x_wconf 80' lang='lat' dir='ltr'><strong>expediam</strong></span> <span class='ocrx_word' id='word_1_373' title='bbox 3403 2141 3572 2197; x_wconf 83' lang='lat' dir='ltr'><strong>verbo</strong></span> <span class='ocrx_word' id='word_1_374' title='bbox 3597 2181 3612 2204; x_wconf 85' lang='lat'><strong>.</strong></span> 
     </span>
    </p>
   </div>
   <div class='ocr_carea' id='block_1_50' title="bbox 2039 2234 3616 2306">
    <p class='ocr_par' dir='ltr' id='par_1_50' title="bbox 2039 2234 3616 2306">
     <span class='ocr_line' id='line_1_50' title="bbox 2039 2234 3616 2306; baseline -0.002 -13"><span class='ocrx_word' id='word_1_375' title='bbox 2039 2238 2175 2293; x_wconf 82' lang='lat' dir='ltr'><strong>nihil</strong></span> <span class='ocrx_word' id='word_1_376' title='bbox 2204 2252 2391 2293; x_wconf 89' lang='lat' dir='ltr'><strong>eorum</strong></span> <span class='ocrx_word' id='word_1_377' title='bbox 2428 2237 2732 2299; x_wconf 85' lang='lat' dir='ltr'><strong>subeundo,</strong></span> <span class='ocrx_word' id='word_1_378' title='bbox 2771 2252 2892 2306; x_wconf 65' lang='lat' dir='ltr'><strong>quae</strong></span> <span class='ocrx_word' id='word_1_379' title='bbox 2927 2235 3130 2292; x_wconf 89' lang='lat' dir='ltr'><strong>nostris</strong></span> <span class='ocrx_word' id='word_1_380' title='bbox 3156 2234 3351 2290; x_wconf 86' lang='lat' dir='ltr'><strong>animis</strong></span> <span class='ocrx_word' id='word_1_381' title='bbox 3370 2243 3499 2290; x_wconf 89' lang='lat' dir='ltr'><strong>sunt</strong></span> <span class='ocrx_word' id='word_1_382' title='bbox 3523 2248 3616 2290; x_wconf 81' lang='lat' dir='ltr'><strong>co-</strong></span> 
     </span>
    </p>
   </div>
   <div class='ocr_carea' id='block_1_51' title="bbox 2037 2323 3616 2400">
    <p class='ocr_par' dir='ltr' id='par_1_51' title="bbox 2037 2323 3616 2400">
     <span class='ocr_line' id='line_1_51' title="bbox 2037 2323 3616 2400; baseline -0.001 -17"><span class='ocrx_word' id='word_1_383' title='bbox 2037 2330 2278 2400; x_wconf 76' lang='lat' dir='ltr'><strong>gnitione</strong></span> <span class='ocrx_word' id='word_1_384' title='bbox 2311 2328 2793 2398; x_wconf 83' lang='lat' dir='ltr'><strong>apprehensibilia.</strong></span> <span class='ocrx_word' id='word_1_385' title='bbox 2825 2326 2975 2382; x_wconf 90' lang='lat' dir='ltr'><strong>illum</strong></span> <span class='ocrx_word' id='word_1_386' title='bbox 3003 2327 3300 2382; x_wconf 87' lang='lat' dir='ltr'><strong>subsistere</strong></span> <span class='ocrx_word' id='word_1_387' title='bbox 3330 2324 3479 2381; x_wconf 82' lang='lat' dir='ltr'><strong>fecit.</strong></span> <span class='ocrx_word' id='word_1_388' title='bbox 3495 2323 3616 2382; x_wconf 82' lang='lat' dir='ltr'><strong>Non</strong></span> 
     </span>
    </p>
   </div>
   <div class='ocr_carea' id='block_1_52' title="bbox 2036 2416 3616 2492">
    <p class='ocr_par' dir='ltr' id='par_1_52' title="bbox 2036 2416 3616 2492">
     <span class='ocr_line' id='line_1_52' title="bbox 2036 2416 3616 2492; baseline -0.003 -14"><span class='ocrx_word' id='word_1_389' title='bbox 2036 2423 2180 2478; x_wconf 90' lang='lat' dir='ltr'><strong>enim</strong></span> <span class='ocrx_word' id='word_1_390' title='bbox 2214 2436 2415 2492; x_wconf 89' lang='lat' dir='ltr'><strong>corpus</strong></span> <span class='ocrx_word' id='word_1_391' title='bbox 2448 2430 2566 2477; x_wconf 90' lang='lat' dir='ltr'><strong>erat</strong></span> <span class='ocrx_word' id='word_1_392' title='bbox 2595 2420 2763 2485; x_wconf 86' lang='lat' dir='ltr'><strong>Patri,</strong></span> <span class='ocrx_word' id='word_1_393' title='bbox 2815 2429 2877 2474; x_wconf 92' lang='lat' dir='ltr'><strong>ut</strong></span> <span class='ocrx_word' id='word_1_394' title='bbox 2911 2418 3165 2473; x_wconf 81' lang='lat' dir='ltr'><strong>emuxum</strong></span> <span class='ocrx_word' id='word_1_395' title='bbox 3207 2419 3343 2486; x_wconf 90' lang='lat' dir='ltr'><strong>ipsi,</strong></span> <span class='ocrx_word' id='word_1_396' title='bbox 3371 2416 3616 2473; x_wconf 87' lang='lat' dir='ltr'><strong>diminu-</strong></span> 
     </span>
    </p>
   </div>
   <div class='ocr_carea' id='block_1_53' title="bbox 2039 2509 3615 2580">
    <p class='ocr_par' dir='ltr' id='par_1_53' title="bbox 2039 2509 3615 2580">
     <span class='ocr_line' id='line_1_53' title="bbox 2039 2509 3615 2580; baseline -0.004 -10"><span class='ocrx_word' id='word_1_397' title='bbox 2039 2517 2264 2578; x_wconf 84' lang='lat' dir='ltr'><strong>tionem,</strong></span> <span class='ocrx_word' id='word_1_398' title='bbox 2303 2512 2707 2580; x_wconf 83' lang='lat' dir='ltr'><strong>extensionem,</strong></span> <span class='ocrx_word' id='word_1_399' title='bbox 2735 2512 3268 2573; x_wconf 86' lang='lat' dir='ltr'><strong>transmutationem,</strong></span> <span class='ocrx_word' id='word_1_400' title='bbox 3283 2566 3286 2575; x_wconf 17' lang='grc' dir='ltr'>ἲ</span> <span class='ocrx_word' id='word_1_401' title='bbox 3303 2509 3615 2564; x_wconf 80' lang='lat' dir='ltr'><strong>conversio-</strong></span> 
     </span>
    </p>
   </div>
   <div class='ocr_carea' id='block_1_54' title="bbox 2037 2601 3614 2676">
    <p class='ocr_par' dir='ltr' id='par_1_54' title="bbox 2037 2601 3614 2676">
     <span class='ocr_line' id='line_1_54' title="bbox 2037 2601 3614 2676; baseline -0.004 -13"><span class='ocrx_word' id='word_1_402' title='bbox 2037 2623 2160 2663; x_wconf 88' lang='lat' dir='ltr'><strong>nem</strong></span> <span class='ocrx_word' id='word_1_403' title='bbox 2187 2645 2205 2674; x_wconf 81' lang='lat'><strong>,</strong></span> <span class='ocrx_word' id='word_1_404' title='bbox 2232 2605 2436 2661; x_wconf 81' lang='lat' dir='ltr'><strong>ﬂuxum</strong></span> <span class='ocrx_word' id='word_1_405' title='bbox 2462 2644 2479 2672; x_wconf 91' lang='lat'><strong>,</strong></span> <span class='ocrx_word' id='word_1_406' title='bbox 2507 2614 2692 2676; x_wconf 90' lang='lat' dir='ltr'><strong>partes</strong></span> <span class='ocrx_word' id='word_1_407' title='bbox 2712 2643 2731 2668; x_wconf 86' lang='lat'><strong>,</strong></span> <span class='ocrx_word' id='word_1_408' title='bbox 2764 2604 3075 2675; x_wconf 83' lang='lat' dir='ltr'><strong>passionem</strong></span> <span class='ocrx_word' id='word_1_409' title='bbox 3119 2602 3479 2656; x_wconf 81' lang='lat' dir='ltr'><strong>attribuamus</strong></span> <span class='ocrx_word' id='word_1_410' title='bbox 3504 2601 3614 2656; x_wconf 75' lang='lat' dir='ltr'><strong>ulio</strong></span> 
     </span>
    </p>
   </div>
   <div class='ocr_carea' id='block_1_55' title="bbox 2035 2693 3612 2771">
    <p class='ocr_par' dir='ltr' id='par_1_55' title="bbox 2035 2693 3612 2771">
     <span class='ocr_line' id='line_1_55' title="bbox 2035 2693 3612 2771; baseline -0.003 -19"><span class='ocrx_word' id='word_1_411' title='bbox 2035 2709 2214 2771; x_wconf 84' lang='lat' dir='ltr'><strong>pacto.</strong></span> <span class='ocrx_word' id='word_1_412' title='bbox 2245 2699 2328 2754; x_wconf 86' lang='lat' dir='ltr'><strong>Ab</strong></span> <span class='ocrx_word' id='word_1_413' title='bbox 2378 2697 2499 2753; x_wconf 87' lang='lat' dir='ltr'><strong>istis</strong></span> <span class='ocrx_word' id='word_1_414' title='bbox 2528 2705 2712 2752; x_wconf 87' lang='lat' dir='ltr'><strong>autem</strong></span> <span class='ocrx_word' id='word_1_415' title='bbox 2748 2697 3007 2750; x_wconf 90' lang='lat' dir='ltr'><strong>omnibus</strong></span> <span class='ocrx_word' id='word_1_416' title='bbox 3053 2693 3193 2748; x_wconf 89' lang='lat' dir='ltr'><strong>liber</strong></span> <span class='ocrx_word' id='word_1_417' title='bbox 3224 2703 3280 2750; x_wconf 88' lang='lat' dir='ltr'><strong>et</strong></span> <span class='ocrx_word' id='word_1_418' title='bbox 3325 2700 3570 2748; x_wconf 86' lang='lat' dir='ltr'><strong>semotus</strong></span> <span class='ocrx_word' id='word_1_419' title='bbox 3595 2731 3612 2756; x_wconf 90' lang='lat'><strong>,</strong></span> 
     </span>
    </p>
   </div>
   <div class='ocr_carea' id='block_1_56' title="bbox 2035 2781 3609 2858">
    <p class='ocr_par' dir='ltr' id='par_1_56' title="bbox 2035 2781 3609 2858">
     <span class='ocr_line' id='line_1_56' title="bbox 2035 2781 3609 2858; baseline -0.004 -15"><span class='ocrx_word' id='word_1_420' title='bbox 2035 2787 2402 2858; x_wconf 79' lang='lat' dir='ltr'><strong>generationis</strong></span> <span class='ocrx_word' id='word_1_421' title='bbox 2437 2786 2656 2848; x_wconf 84' lang='lat' dir='ltr'><strong>modum</strong></span> <span class='ocrx_word' id='word_1_422' title='bbox 2705 2784 2908 2841; x_wconf 77' lang='lat' dir='ltr'><strong>subivit</strong></span> <span class='ocrx_word' id='word_1_423' title='bbox 2934 2784 3046 2849; x_wconf 88' lang='lat' dir='ltr'><strong>ille,</strong></span> <span class='ocrx_word' id='word_1_424' title='bbox 3081 2797 3186 2838; x_wconf 90' lang='lat' dir='ltr'><strong>non</strong></span> <span class='ocrx_word' id='word_1_425' title='bbox 3212 2781 3609 2852; x_wconf 78' lang='lat' dir='ltr'><strong>explicabilem.</strong></span> 
     </span>
    </p>
   </div>
   <div class='ocr_carea' id='block_1_57' title="bbox 2036 2875 3609 2948">
    <p class='ocr_par' dir='ltr' id='par_1_57' title="bbox 2036 2875 3609 2948">
     <span class='ocr_line' id='line_1_57' title="bbox 2036 2875 3609 2948; baseline -0.003 -16"><span class='ocrx_word' id='word_1_426' title='bbox 2036 2877 2632 2948; x_wconf 87' lang='lat' dir='ltr'><strong>incomprehensibilem</strong></span> <span class='ocrx_word' id='word_1_427' title='bbox 2669 2901 2681 2933; x_wconf 85' lang='lat'><strong>;</strong></span> <span class='ocrx_word' id='word_1_428' title='bbox 2722 2877 2831 2933; x_wconf 89' lang='lat' dir='ltr'><strong>imo</strong></span> <span class='ocrx_word' id='word_1_429' title='bbox 2856 2885 2912 2931; x_wconf 91' lang='lat' dir='ltr'><strong>et</strong></span> <span class='ocrx_word' id='word_1_430' title='bbox 2943 2875 3207 2931; x_wconf 81' lang='lat' dir='ltr'><strong>universae</strong></span> <span class='ocrx_word' id='word_1_431' title='bbox 3235 2883 3609 2929; x_wconf 85' lang='lat' dir='ltr'><strong>creaturarum</strong></span> 
     </span>
    </p>
   </div>
   <div class='ocr_carea' id='block_1_58' title="bbox 350 2965 1935 3047">
    <p class='ocr_par' dir='ltr' id='par_1_58' title="bbox 350 2967 1934 3047">
     <span class='ocr_line' id='line_1_58' title="bbox 350 2967 1934 3047; baseline 0.006 -27"><span class='ocrx_word' id='word_1_432' title='bbox 350 2967 394 3020; x_wconf 80' lang='grc' dir='ltr'><strong>δ’</strong></span> <span class='ocrx_word' id='word_1_433' title='bbox 417 2967 862 3037; x_wconf 77' lang='grc' dir='ltr'><strong>ἐκκλησιαστικὸς</strong></span> <span class='ocrx_word' id='word_1_434' title='bbox 886 2967 1059 3040; x_wconf 80' lang='grc' dir='ltr'><strong>κήρυξ</strong></span> <span class='ocrx_word' id='word_1_435' title='bbox 1087 2969 1204 3033; x_wconf 82' lang='grc' dir='ltr'>ἐνὸς</span> <span class='ocrx_word' id='word_1_436' title='bbox 1231 2969 1365 3023; x_wconf 74' lang='grc' dir='ltr'><strong>Θεοῦ</strong></span> <span class='ocrx_word' id='word_1_437' title='bbox 1386 2970 1482 3024; x_wconf 75' lang='grc' dir='ltr'><strong>ἕνα</strong></span> <span class='ocrx_word' id='word_1_438' title='bbox 1519 2977 1780 3047; x_wconf 86' lang='grc' dir='ltr'><strong>μονογενῆ</strong></span> <span class='ocrx_word' id='word_1_439' title='bbox 1805 2976 1934 3030; x_wconf 86' lang='grc' dir='ltr'><strong>Υἱὸν</strong></span> 
     </span>
    </p>
   </div>
   <div class='ocr_carea' id='block_1_59' title="bbox 2039 2965 3612 3047">
    <p class='ocr_par' dir='ltr' id='par_1_59' title="bbox 2039 2965 3612 3040">
     <span class='ocr_line' id='line_1_59' title="bbox 2039 2965 3612 3040; baseline -0.003 -15"><span class='ocrx_word' id='word_1_440' title='bbox 2039 2980 2241 3026; x_wconf 75' lang='lat' dir='ltr'><strong>naturae</strong></span> <span class='ocrx_word' id='word_1_441' title='bbox 2269 3009 2288 3036; x_wconf 85' lang='grc'><strong>,</strong></span> <span class='ocrx_word' id='word_1_442' title='bbox 2319 2969 2480 3026; x_wconf 86' lang='lat' dir='ltr'><strong>nullis</strong></span> <span class='ocrx_word' id='word_1_443' title='bbox 2509 2969 2753 3040; x_wconf 81' lang='lat' dir='ltr'><strong>vestigiis</strong></span> <span class='ocrx_word' id='word_1_444' title='bbox 2801 2967 3134 3025; x_wconf 85' lang='lat' dir='ltr'><strong>odorandam</strong></span> <span class='ocrx_word' id='word_1_445' title='bbox 3160 3007 3184 3037; x_wconf 77' lang='lat'><strong>,</strong></span> <span class='ocrx_word' id='word_1_446' title='bbox 3211 2965 3358 3021; x_wconf 88' lang='lat' dir='ltr'><strong>nulla</strong></span> <span class='ocrx_word' id='word_1_447' title='bbox 3389 2965 3612 3021; x_wconf 80' lang='lat' dir='ltr'><strong>investi-</strong></span> 
     </span>
    </p>
   </div>
   <div class='ocr_carea' id='block_1_60' title="bbox 350 3055 1935 3137">
    <p class='ocr_par' dir='ltr' id='par_1_60' title="bbox 350 3061 1935 3137">
     <span class='ocr_line' id='line_1_60' title="bbox 350 3061 1935 3137; baseline 0.004 -22"><span class='ocrx_word' id='word_1_448' title='bbox 350 3061 462 3123; x_wconf 82' lang='grc' dir='ltr'><strong>τοῖς</strong></span> <span class='ocrx_word' id='word_1_449' title='bbox 509 3061 674 3113; x_wconf 80' lang='grc' dir='ltr'><strong>πᾶσιν</strong></span> <span class='ocrx_word' id='word_1_450' title='bbox 731 3061 1114 3132; x_wconf 86' lang='grc' dir='ltr'><strong>ἀνακηρύττει,</strong></span> <span class='ocrx_word' id='word_1_451' title='bbox 1167 3061 1226 3116; x_wconf 87' lang='grc' dir='ltr'><strong>ὃν</strong></span> <span class='ocrx_word' id='word_1_452' title='bbox 1287 3062 1430 3134; x_wconf 83' lang='grc' dir='ltr'><strong>ὑπὲρ</strong></span> <span class='ocrx_word' id='word_1_453' title='bbox 1485 3066 1582 3135; x_wconf 88' lang='grc' dir='ltr'>τῆς</span> <span class='ocrx_word' id='word_1_454' title='bbox 1645 3065 1754 3120; x_wconf 83' lang='grc' dir='ltr'><strong>τῶν</strong></span> <span class='ocrx_word' id='word_1_455' title='bbox 1816 3085 1935 3137; x_wconf 60' lang='lat' dir='ltr'><strong>75v-</strong></span> 
     </span>
    </p>
   </div>
   <div class='ocr_carea' id='block_1_61' title="bbox 2039 3055 3610 3137">
    <p class='ocr_par' dir='ltr' id='par_1_61' title="bbox 2039 3055 3610 3135">
     <span class='ocr_line' id='line_1_61' title="bbox 2039 3055 3610 3135; baseline -0.002 -17"><span class='ocrx_word' id='word_1_456' title='bbox 2039 3065 2257 3132; x_wconf 60' lang='lat' dir='ltr'><strong>[ratione</strong></span> <span class='ocrx_word' id='word_1_457' title='bbox 2307 3063 2721 3135; x_wconf 84' lang='lat' dir='ltr'><strong>assequendam.</strong></span> <span class='ocrx_word' id='word_1_458' title='bbox 2766 3059 3045 3132; x_wconf 75' lang='lat' dir='ltr'><strong>Prugignit</strong></span> <span class='ocrx_word' id='word_1_459' title='bbox 3092 3059 3311 3128; x_wconf 84' lang='lat' dir='ltr'><strong>quidem</strong></span> <span class='ocrx_word' id='word_1_460' title='bbox 3349 3055 3610 3128; x_wconf 80' lang='lat' dir='ltr'><strong>splend0--</strong></span> 
     </span>
    </p>
   </div>
   <div class='ocr_carea' id='block_1_62' title="bbox 352 3147 1935 3233">
    <p class='ocr_par' dir='ltr' id='par_1_62' title="bbox 352 3148 1930 3233">
     <span class='ocr_line' id='line_1_62' title="bbox 352 3148 1930 3233; baseline 0.007 -32"><span class='ocrx_word' id='word_1_461' title='bbox 352 3148 529 3233; x_wconf 85' lang='grc' dir='ltr'><strong>νητῶν</strong></span> <span class='ocrx_word' id='word_1_462' title='bbox 599 3149 853 3206; x_wconf 81' lang='grc' dir='ltr'><strong>ἁπάντων</strong></span> <span class='ocrx_word' id='word_1_463' title='bbox 922 3150 1193 3222; x_wconf 85' lang='grc' dir='ltr'><strong>σωτηρίας</strong></span> <span class='ocrx_word' id='word_1_464' title='bbox 1252 3169 1312 3205; x_wconf 86' lang='grc' dir='ltr'>τε</span> <span class='ocrx_word' id='word_1_465' title='bbox 1376 3153 1470 3207; x_wconf 84' lang='grc' dir='ltr'>καὶ</span> <span class='ocrx_word' id='word_1_466' title='bbox 1513 3155 1770 3225; x_wconf 83' lang='grc' dir='ltr'><strong>προνοίας</strong></span> <span class='ocrx_word' id='word_1_467' title='bbox 1826 3159 1930 3228; x_wconf 80' lang='grc' dir='ltr'><strong>ὐφ-</strong></span> 
     </span>
    </p>
   </div>
   <div class='ocr_carea' id='block_1_63' title="bbox 2039 3147 3610 3233">
    <p class='ocr_par' dir='ltr' id='par_1_63' title="bbox 2039 3147 3610 3220">
     <span class='ocr_line' id='line_1_63' title="bbox 2039 3147 3610 3220; baseline -0.006 -10"><span class='ocrx_word' id='word_1_468' title='bbox 2039 3171 2148 3210; x_wconf 89' lang='lat' dir='ltr'><strong>rem</strong></span> <span class='ocrx_word' id='word_1_469' title='bbox 2176 3155 2244 3211; x_wconf 89' lang='lat' dir='ltr'><strong>de</strong></span> <span class='ocrx_word' id='word_1_470' title='bbox 2270 3171 2330 3211; x_wconf 87' lang='lat' dir='ltr'><strong>se</strong></span> <span class='ocrx_word' id='word_1_471' title='bbox 2357 3155 2461 3211; x_wconf 81' lang='lat' dir='ltr'><strong>sol.</strong></span> <span class='ocrx_word' id='word_1_472' title='bbox 2493 3154 2706 3210; x_wconf 86' lang='lat' dir='ltr'><strong>Dicitur</strong></span> <span class='ocrx_word' id='word_1_473' title='bbox 2739 3162 2919 3208; x_wconf 86' lang='lat' dir='ltr'><strong>autem</strong></span> <span class='ocrx_word' id='word_1_474' title='bbox 2948 3151 3138 3216; x_wconf 80' lang='lat' dir='ltr'><strong>Filius,</strong></span> <span class='ocrx_word' id='word_1_475' title='bbox 3186 3150 3436 3220; x_wconf 75' lang='lat' dir='ltr'><strong>splendor</strong></span> <span class='ocrx_word' id='word_1_476' title='bbox 3473 3147 3610 3202; x_wconf 84' lang='lat' dir='ltr'><strong>lucis</strong></span> 
     </span>
    </p>
   </div>
   <div class='ocr_carea' id='block_1_64' title="bbox 355 3231 1935 3317">
    <p class='ocr_par' dir='ltr' id='par_1_64' title="bbox 355 3231 497 3306">
     <span class='ocr_line' id='line_1_64' title="bbox 355 3231 497 3306; baseline 0.028 -22"><span class='ocrx_word' id='word_1_477' title='bbox 355 3231 497 3306; x_wconf 89' lang='grc' dir='ltr'><strong>ίστη.</strong></span> 
     </span>
    </p>
   </div>
   <div class='ocr_carea' id='block_1_65' title="bbox 2039 3231 3607 3317">
    <p class='ocr_par' dir='ltr' id='par_1_65' title="bbox 2039 3242 3607 3317">
     <span class='ocr_line' id='line_1_65' title="bbox 2039 3242 3607 3317; baseline -0.008 -13"><span class='ocrx_word' id='word_1_478' title='bbox 2039 3258 2247 3304; x_wconf 66' lang='lat' dir='ltr'><strong>(eterna:</strong></span> <span class='ocrx_word' id='word_1_479' title='bbox 2277 3247 2373 3305; x_wconf 74' lang='lat' dir='ltr'><strong>“z</strong></span> <span class='ocrx_word' id='word_1_480' title='bbox 2420 3257 2468 3303; x_wconf 87' lang='grc' dir='ltr'><strong>ει</strong></span> <span class='ocrx_word' id='word_1_481' title='bbox 2507 3247 2693 3317; x_wconf 71' lang='lat' dir='ltr'><strong>gloria:</strong></span> <span class='ocrx_word' id='word_1_482' title='bbox 2715 3245 2965 3316; x_wconf 75' lang='lat' dir='ltr'><strong>splendor</strong></span> <span class='ocrx_word' id='word_1_483' title='bbox 2993 3243 3061 3311; x_wconf 79' lang='lat'><strong>“,</strong></span> <span class='ocrx_word' id='word_1_484' title='bbox 3107 3242 3206 3298; x_wconf 87' lang='lat' dir='ltr'><strong>sed</strong></span> <span class='ocrx_word' id='word_1_485' title='bbox 3251 3256 3360 3296; x_wconf 89' lang='lat' dir='ltr'><strong>non</strong></span> <span class='ocrx_word' id='word_1_486' title='bbox 3409 3251 3607 3294; x_wconf 79' lang='lat' dir='ltr'><strong>secun-</strong></span> 
     </span>
    </p>
   </div>
   <div class='ocr_carea' id='block_1_66' title="bbox 352 3322 3614 3412">
    <p class='ocr_par' dir='ltr' id='par_1_66' title="bbox 352 3322 3614 3412">
     <span class='ocr_line' id='line_1_66' title="bbox 352 3322 3614 3412; baseline 0.002 -36"><span class='ocrx_word' id='word_1_487' title='bbox 352 3322 479 3377; x_wconf 88' lang='lat' dir='ltr'><strong>dum</strong></span> <span class='ocrx_word' id='word_1_488' title='bbox 527 3323 666 3382; x_wconf 89' lang='lat' dir='ltr'><strong>lucis</strong></span> <span class='ocrx_word' id='word_1_489' title='bbox 718 3326 992 3384; x_wconf 84' lang='lat' dir='ltr'><strong>sensibilis</strong></span> <span class='ocrx_word' id='word_1_490' title='bbox 1023 3327 1335 3399; x_wconf 81' lang='lat' dir='ltr'><strong>imaginem.</strong></span> <span class='ocrx_word' id='word_1_491' title='bbox 1377 3329 1511 3387; x_wconf 83' lang='lat' dir='ltr'><strong>Nam</strong></span> <span class='ocrx_word' id='word_1_492' title='bbox 1548 3348 1712 3404; x_wconf 84' lang='lat' dir='ltr'><strong>supra</strong></span> <span class='ocrx_word' id='word_1_493' title='bbox 1743 3339 1922 3395; x_wconf 91' lang='lat' dir='ltr'><strong>omnis</strong></span> <span class='ocrx_word' id='word_1_494' title='bbox 1961 3341 2192 3412; x_wconf 81' lang='lat' dir='ltr'><strong>exempli</strong></span> <span class='ocrx_word' id='word_1_495' title='bbox 2262 3339 2671 3396; x_wconf 87' lang='lat' dir='ltr'><strong>similitudinem</strong></span> <span class='ocrx_word' id='word_1_496' title='bbox 2699 3377 2716 3403; x_wconf 84' lang='lat'><strong>,</strong></span> <span class='ocrx_word' id='word_1_497' title='bbox 2785 3333 3248 3392; x_wconf 86' lang='lat' dir='ltr'><strong>ineuarrabilihus</strong></span> <span class='ocrx_word' id='word_1_498' title='bbox 3273 3347 3399 3388; x_wconf 87' lang='lat' dir='ltr'><strong>eum</strong></span> <span class='ocrx_word' id='word_1_499' title='bbox 3434 3329 3614 3386; x_wconf 86' lang='lat' dir='ltr'><strong>modis</strong></span> 
     </span>
    </p>
   </div>
   <div class='ocr_carea' id='block_1_67' title="bbox 351 3419 3608 3507">
    <p class='ocr_par' dir='ltr' id='par_1_67' title="bbox 351 3419 3608 3507">
     <span class='ocr_line' id='line_1_67' title="bbox 351 3419 3608 3507; baseline 0.002 -33"><span class='ocrx_word' id='word_1_500' title='bbox 351 3427 409 3474; x_wconf 87' lang='lat' dir='ltr'><strong>et</strong></span> <span class='ocrx_word' id='word_1_501' title='bbox 459 3419 1038 3490; x_wconf 88' lang='lat' dir='ltr'><strong>incomprehendendis</strong></span> <span class='ocrx_word' id='word_1_502' title='bbox 1085 3425 1344 3494; x_wconf 82' lang='lat' dir='ltr'><strong>produxit</strong></span> <span class='ocrx_word' id='word_1_503' title='bbox 1404 3426 1568 3486; x_wconf 85' lang='lat' dir='ltr'><strong>Pater</strong></span> <span class='ocrx_word' id='word_1_504' title='bbox 1617 3449 1630 3485; x_wconf 92' lang='lat'>:</span> <span class='ocrx_word' id='word_1_505' title='bbox 1687 3447 1920 3504; x_wconf 89' lang='lat' dir='ltr'><strong>eumque</strong></span> <span class='ocrx_word' id='word_1_506' title='bbox 1959 3452 2124 3492; x_wconf 91' lang='lat' dir='ltr'><strong>unum</strong></span> <span class='ocrx_word' id='word_1_507' title='bbox 2159 3447 2216 3492; x_wconf 88' lang='lat' dir='ltr'><strong>et</strong></span> <span class='ocrx_word' id='word_1_508' title='bbox 2264 3435 2639 3507; x_wconf 76' lang='lat' dir='ltr'><strong>Unigenitum.</strong></span> <span class='ocrx_word' id='word_1_509' title='bbox 2707 3430 2896 3502; x_wconf 84' lang='lat' dir='ltr'><strong>Impiis</strong></span> <span class='ocrx_word' id='word_1_510' title='bbox 2957 3439 3136 3486; x_wconf 87' lang='lat' dir='ltr'><strong>autem</strong></span> <span class='ocrx_word' id='word_1_511' title='bbox 3175 3428 3446 3495; x_wconf 87' lang='lat' dir='ltr'><strong>omnibus,</strong></span> <span class='ocrx_word' id='word_1_512' title='bbox 3478 3435 3534 3480; x_wconf 92' lang='lat' dir='ltr'><strong>et</strong></span> <span class='ocrx_word' id='word_1_513' title='bbox 3574 3441 3608 3482; x_wconf 86' lang='lat' dir='ltr'><strong>a</strong></span> 
     </span>
    </p>
   </div>
   <div class='ocr_carea' id='block_1_68' title="bbox 350 3513 3607 3595">
    <p class='ocr_par' dir='ltr' id='par_1_68' title="bbox 350 3513 3607 3595">
     <span class='ocr_line' id='line_1_68' title="bbox 350 3513 3607 3595; baseline 0.003 -30"><span class='ocrx_word' id='word_1_514' title='bbox 350 3513 552 3581; x_wconf 88' lang='lat' dir='ltr'><strong>pietate</strong></span> <span class='ocrx_word' id='word_1_515' title='bbox 594 3516 854 3582; x_wconf 86' lang='lat' dir='ltr'><strong>remotis,</strong></span> <span class='ocrx_word' id='word_1_516' title='bbox 899 3531 990 3586; x_wconf 86' lang='lat' dir='ltr'><strong>qut</strong></span> <span class='ocrx_word' id='word_1_517' title='bbox 1044 3518 1236 3574; x_wconf 87' lang='lat' dir='ltr'><strong>morbo</strong></span> <span class='ocrx_word' id='word_1_518' title='bbox 1281 3518 1532 3575; x_wconf 84' lang='lat' dir='ltr'><strong>laborant</strong></span> <span class='ocrx_word' id='word_1_519' title='bbox 1577 3523 1644 3578; x_wconf 90' lang='lat' dir='ltr'><strong>de</strong></span> <span class='ocrx_word' id='word_1_520' title='bbox 1697 3525 1921 3582; x_wconf 90' lang='lat' dir='ltr'><strong>deorum</strong></span> <span class='ocrx_word' id='word_1_521' title='bbox 1960 3529 2330 3593; x_wconf 88' lang='lat' dir='ltr'><strong>multitudine,</strong></span> <span class='ocrx_word' id='word_1_522' title='bbox 2394 3527 2720 3583; x_wconf 68' lang='lat' dir='ltr'><strong>obturantur</strong></span> <span class='ocrx_word' id='word_1_523' title='bbox 2779 3539 2923 3581; x_wconf 88' lang='lat' dir='ltr'><strong>ora:</strong></span> <span class='ocrx_word' id='word_1_524' title='bbox 2960 3524 3051 3592; x_wconf 88' lang='lat' dir='ltr'><strong>qui</strong></span> <span class='ocrx_word' id='word_1_525' title='bbox 3081 3522 3408 3595; x_wconf 77' lang='lat' dir='ltr'><strong>singularem</strong></span> <span class='ocrx_word' id='word_1_526' title='bbox 3444 3521 3607 3576; x_wconf 87' lang='lat' dir='ltr'><strong>istam</strong></span> 
     </span>
    </p>
   </div>
   <div class='ocr_carea' id='block_1_69' title="bbox 348 3611 3609 3690">
    <p class='ocr_par' dir='ltr' id='par_1_69' title="bbox 348 3611 3609 3690">
     <span class='ocr_line' id='line_1_69' title="bbox 348 3611 3609 3690; baseline 0.002 -26"><span class='ocrx_word' id='word_1_527' title='bbox 348 3615 405 3664; x_wconf 87' lang='lat' dir='ltr'><strong>et</strong></span> <span class='ocrx_word' id='word_1_528' title='bbox 427 3618 681 3663; x_wconf 82' lang='lat' dir='ltr'><strong>aeternam</strong></span> <span class='ocrx_word' id='word_1_529' title='bbox 710 3611 969 3681; x_wconf 77' lang='lat' dir='ltr'><strong>unigeniti</strong></span> <span class='ocrx_word' id='word_1_530' title='bbox 1009 3612 1126 3668; x_wconf 86' lang='lat' dir='ltr'><strong>Filii</strong></span> <span class='ocrx_word' id='word_1_531' title='bbox 1167 3615 1607 3684; x_wconf 70' lang='lat' dir='ltr'><strong>generationem,</strong></span> <span class='ocrx_word' id='word_1_532' title='bbox 1641 3618 1694 3673; x_wconf 92' lang='lat' dir='ltr'><strong>in</strong></span> <span class='ocrx_word' id='word_1_533' title='bbox 1732 3623 2135 3680; x_wconf 85' lang='lat' dir='ltr'><strong>multitudinem</strong></span> <span class='ocrx_word' id='word_1_534' title='bbox 2197 3625 2452 3680; x_wconf 87' lang='lat' dir='ltr'><strong>deorsum</strong></span> <span class='ocrx_word' id='word_1_535' title='bbox 2515 3620 2848 3690; x_wconf 81' lang='lat' dir='ltr'><strong>conjiciunt,</strong></span> <span class='ocrx_word' id='word_1_536' title='bbox 2907 3617 3124 3674; x_wconf 86' lang='lat' dir='ltr'><strong>Patrem</strong></span> <span class='ocrx_word' id='word_1_537' title='bbox 3201 3618 3472 3672; x_wconf 81' lang='lat' dir='ltr'><strong>hominum</strong></span> <span class='ocrx_word' id='word_1_538' title='bbox 3509 3629 3609 3671; x_wconf 54' lang='lat' dir='ltr'><strong>now</strong></span> 
     </span>
    </p>
   </div>
   <div class='ocr_carea' id='block_1_70' title="bbox 349 3703 3602 3792">
    <p class='ocr_par' dir='ltr' id='par_1_70' title="bbox 349 3703 3602 3792">
     <span class='ocr_line' id='line_1_70' title="bbox 349 3703 3602 3792; baseline 0.004 -37"><span class='ocrx_word' id='word_1_539' title='bbox 349 3703 619 3761; x_wconf 87' lang='lat' dir='ltr'><strong>minantes</strong></span> <span class='ocrx_word' id='word_1_540' title='bbox 659 3708 1016 3777; x_wconf 81' lang='lat' dir='ltr'><strong>deorumque,</strong></span> <span class='ocrx_word' id='word_1_541' title='bbox 1060 3708 1308 3765; x_wconf 84' lang='lat' dir='ltr'><strong>homines</strong></span> <span class='ocrx_word' id='word_1_542' title='bbox 1351 3711 1452 3767; x_wconf 80' lang='lat' dir='ltr'><strong>diis</strong></span> <span class='ocrx_word' id='word_1_543' title='bbox 1475 3715 1926 3786; x_wconf 88' lang='lat' dir='ltr'><strong>commiscentes,</strong></span> <span class='ocrx_word' id='word_1_544' title='bbox 1965 3718 2181 3776; x_wconf 87' lang='lat' dir='ltr'><strong>Patrem</strong></span> <span class='ocrx_word' id='word_1_545' title='bbox 2210 3729 2576 3792; x_wconf 87' lang='lat' dir='ltr'><strong>supponentes</strong></span> <span class='ocrx_word' id='word_1_546' title='bbox 2636 3719 2720 3776; x_wconf 86' lang='lat' dir='ltr'><strong>bis</strong></span> <span class='ocrx_word' id='word_1_547' title='bbox 2783 3731 3166 3788; x_wconf 75' lang='lat' dir='ltr'><strong>congenerem.</strong></span> <span class='ocrx_word' id='word_1_548' title='bbox 3201 3715 3341 3782; x_wconf 81' lang='lat' dir='ltr'><strong>Alii,</strong></span> <span class='ocrx_word' id='word_1_549' title='bbox 3372 3729 3469 3784; x_wconf 90' lang='lat' dir='ltr'><strong>per</strong></span> <span class='ocrx_word' id='word_1_550' title='bbox 3493 3714 3602 3768; x_wconf 74' lang='lat' dir='ltr'><strong>da:-</strong></span> 
     </span>
    </p>
   </div>
   <div class='ocr_carea' id='block_1_71' title="bbox 351 3797 3605 3882">
    <p class='ocr_par' dir='ltr' id='par_1_71' title="bbox 351 3797 3605 3882">
     <span class='ocr_line' id='line_1_71' title="bbox 351 3797 3605 3882; baseline 0.004 -35"><span class='ocrx_word' id='word_1_551' title='bbox 351 3809 571 3850; x_wconf 89' lang='lat' dir='ltr'><strong>monum</strong></span> <span class='ocrx_word' id='word_1_552' title='bbox 628 3797 1042 3866; x_wconf 89' lang='lat' dir='ltr'><strong>operationem,</strong></span> <span class='ocrx_word' id='word_1_553' title='bbox 1098 3798 1319 3863; x_wconf 89' lang='lat' dir='ltr'><strong>impium</strong></span> <span class='ocrx_word' id='word_1_554' title='bbox 1382 3799 1524 3857; x_wconf 84' lang='lat' dir='ltr'><strong>istud</strong></span> <span class='ocrx_word' id='word_1_555' title='bbox 1582 3807 1802 3859; x_wconf 78' lang='lat' dir='ltr'><strong>verbum</strong></span> <span class='ocrx_word' id='word_1_556' title='bbox 1869 3819 1925 3861; x_wconf 89' lang='lat' dir='ltr'><strong>et</strong></span> <span class='ocrx_word' id='word_1_557' title='bbox 1963 3809 2231 3865; x_wconf 86' lang='lat' dir='ltr'><strong>atheismo</strong></span> <span class='ocrx_word' id='word_1_558' title='bbox 2289 3811 2505 3882; x_wconf 90' lang='lat' dir='ltr'><strong>plenum</strong></span> <span class='ocrx_word' id='word_1_559' title='bbox 2579 3809 2876 3882; x_wconf 81' lang='lat' dir='ltr'><strong>pratulere.</strong></span> <span class='ocrx_word' id='word_1_560' title='bbox 2924 3809 3052 3865; x_wconf 90' lang='lat' dir='ltr'><strong>deos</strong></span> <span class='ocrx_word' id='word_1_561' title='bbox 3092 3821 3449 3876; x_wconf 77' lang='lat' dir='ltr'><strong>congeneres,</strong></span> <span class='ocrx_word' id='word_1_562' title='bbox 3505 3805 3605 3860; x_wconf 84' lang='lat' dir='ltr'><strong>iis-</strong></span> 
     </span>
    </p>
   </div>
   <div class='ocr_carea' id='block_1_72' title="bbox 351 3885 3603 3970">
    <p class='ocr_par' dir='ltr' id='par_1_72' title="bbox 351 3885 3603 3970">
     <span class='ocr_line' id='line_1_72' title="bbox 351 3885 3603 3970; baseline 0.003 -30"><span class='ocrx_word' id='word_1_563' title='bbox 351 3885 582 3954; x_wconf 87' lang='lat' dir='ltr'><strong>demque</strong></span> <span class='ocrx_word' id='word_1_564' title='bbox 615 3885 957 3958; x_wconf 87' lang='lat' dir='ltr'><strong>passionibus</strong></span> <span class='ocrx_word' id='word_1_565' title='bbox 989 3885 1278 3952; x_wconf 78' lang='lat' dir='ltr'><strong>obnoxios,</strong></span> <span class='ocrx_word' id='word_1_566' title='bbox 1302 3888 1498 3956; x_wconf 87' lang='lat' dir='ltr'><strong>quibus</strong></span> <span class='ocrx_word' id='word_1_567' title='bbox 1535 3893 1784 3959; x_wconf 88' lang='lat' dir='ltr'><strong>mortale,</strong></span> <span class='ocrx_word' id='word_1_568' title='bbox 1841 3898 2115 3964; x_wconf 86' lang='lat' dir='ltr'><strong>passibile.</strong></span> <span class='ocrx_word' id='word_1_569' title='bbox 2185 3910 2241 3954; x_wconf 89' lang='lat' dir='ltr'><strong>et</strong></span> <span class='ocrx_word' id='word_1_570' title='bbox 2304 3899 2581 3969; x_wconf 86' lang='lat' dir='ltr'><strong>peccabile</strong></span> <span class='ocrx_word' id='word_1_571' title='bbox 2602 3913 2772 3970; x_wconf 79' lang='lat' dir='ltr'><strong>genus</strong></span> <span class='ocrx_word' id='word_1_572' title='bbox 2819 3898 3097 3953; x_wconf 88' lang='lat' dir='ltr'><strong>hominum</strong></span> <span class='ocrx_word' id='word_1_573' title='bbox 3127 3896 3603 3967; x_wconf 86' lang='lat' dir='ltr'><strong>subjacet,horum</strong></span> 
     </span>
    </p>
   </div>
   <div class='ocr_carea' id='block_1_73' title="bbox 349 3977 3601 4057">
    <p class='ocr_par' dir='ltr' id='par_1_73' title="bbox 349 3977 3601 4057">
     <span class='ocr_line' id='line_1_73' title="bbox 349 3977 3601 4057; baseline 0.005 -28"><span class='ocrx_word' id='word_1_574' title='bbox 349 3978 593 4033; x_wconf 89' lang='lat' dir='ltr'><strong>omnium</strong></span> <span class='ocrx_word' id='word_1_575' title='bbox 643 3987 699 4033; x_wconf 92' lang='lat' dir='ltr'><strong>et</strong></span> <span class='ocrx_word' id='word_1_576' title='bbox 743 3977 1078 4047; x_wconf 77' lang='lat' dir='ltr'><strong>singulorum</strong></span> <span class='ocrx_word' id='word_1_577' title='bbox 1139 3977 1354 4035; x_wconf 87' lang='lat' dir='ltr'><strong>Patrem</strong></span> <span class='ocrx_word' id='word_1_578' title='bbox 1422 3981 1616 4048; x_wconf 83' lang='lat' dir='ltr'><strong>Deum,</strong></span> <span class='ocrx_word' id='word_1_579' title='bbox 1663 3986 1892 4057; x_wconf 83' lang='lat' dir='ltr'><strong>singulis</strong></span> <span class='ocrx_word' id='word_1_580' title='bbox 1939 3997 1995 4044; x_wconf 88' lang='lat' dir='ltr'><strong>et</strong></span> <span class='ocrx_word' id='word_1_581' title='bbox 2045 3992 2314 4047; x_wconf 82' lang='lat' dir='ltr'><strong>universis</strong></span> <span class='ocrx_word' id='word_1_582' title='bbox 2360 3993 2672 4048; x_wconf 83' lang='lat' dir='ltr'><strong>assimilari.</strong></span> <span class='ocrx_word' id='word_1_583' title='bbox 2720 3989 2908 4051; x_wconf 68' lang='lat' dir='ltr'><strong>Prteco</strong></span> <span class='ocrx_word' id='word_1_584' title='bbox 2953 3998 3131 4044; x_wconf 84' lang='lat' dir='ltr'><strong>autem</strong></span> <span class='ocrx_word' id='word_1_585' title='bbox 3187 3989 3601 4045; x_wconf 84' lang='lat' dir='ltr'><strong>Ecclesiasticus</strong></span> 
     </span>
    </p>
   </div>
   <div class='ocr_carea' id='block_1_74' title="bbox 351 4069 3604 4158">
    <p class='ocr_par' dir='ltr' id='par_1_74' title="bbox 351 4069 3604 4158">
     <span class='ocr_line' id='line_1_74' title="bbox 351 4069 3604 4158; baseline 0.005 -37"><span class='ocrx_word' id='word_1_586' title='bbox 351 4069 508 4122; x_wconf 88' lang='lat' dir='ltr'><strong>unius</strong></span> <span class='ocrx_word' id='word_1_587' title='bbox 536 4069 649 4133; x_wconf 86' lang='lat' dir='ltr'><strong>Dei,</strong></span> <span class='ocrx_word' id='word_1_588' title='bbox 678 4085 840 4124; x_wconf 87' lang='lat' dir='ltr'><strong>unum</strong></span> <span class='ocrx_word' id='word_1_589' title='bbox 874 4070 1178 4134; x_wconf 82' lang='lat' dir='ltr'><strong>annuntiat,</strong></span> <span class='ocrx_word' id='word_1_590' title='bbox 1205 4079 1262 4126; x_wconf 88' lang='lat' dir='ltr'><strong>et</strong></span> <span class='ocrx_word' id='word_1_591' title='bbox 1301 4073 1638 4142; x_wconf 77' lang='lat' dir='ltr'><strong>unigenitum</strong></span> <span class='ocrx_word' id='word_1_592' title='bbox 1668 4077 1864 4139; x_wconf 85' lang='lat' dir='ltr'><strong>Filium</strong></span> <span class='ocrx_word' id='word_1_593' title='bbox 1896 4099 1910 4134; x_wconf 90' lang='lat'><strong>:</strong></span> <span class='ocrx_word' id='word_1_594' title='bbox 1951 4096 2112 4151; x_wconf 85' lang='lat' dir='ltr'><strong>quem</strong></span> <span class='ocrx_word' id='word_1_595' title='bbox 2167 4085 2330 4144; x_wconf 79' lang='lat' dir='ltr'><strong>Pater</strong></span> <span class='ocrx_word' id='word_1_596' title='bbox 2379 4087 2448 4143; x_wconf 84' lang='lat' dir='ltr'><strong>ad</strong></span> <span class='ocrx_word' id='word_1_597' title='bbox 2494 4085 2723 4144; x_wconf 79' lang='lat' dir='ltr'><strong>salutent</strong></span> <span class='ocrx_word' id='word_1_598' title='bbox 2757 4085 3177 4148; x_wconf 80' lang='lat' dir='ltr'><strong>universorum,</strong></span> <span class='ocrx_word' id='word_1_599' title='bbox 3259 4091 3314 4138; x_wconf 84' lang='lat' dir='ltr'><strong>et</strong></span> <span class='ocrx_word' id='word_1_600' title='bbox 3378 4081 3604 4158; x_wconf 75' lang='lat' dir='ltr'><strong>singulis</strong></span> 
     </span>
    </p>
   </div>
   <div class='ocr_carea' id='block_1_75' title="bbox 353 4161 1564 4230">
    <p class='ocr_par' dir='ltr' id='par_1_75' title="bbox 353 4161 1564 4230">
     <span class='ocr_line' id='line_1_75' title="bbox 353 4161 1564 4230; baseline 0.008 -20"><span class='ocrx_word' id='word_1_601' title='bbox 353 4161 742 4230; x_wconf 80' lang='lat' dir='ltr'><strong>providendum</strong></span> <span class='ocrx_word' id='word_1_602' title='bbox 773 4162 1060 4225; x_wconf 89' lang='lat' dir='ltr'><strong>creaturis,</strong></span> <span class='ocrx_word' id='word_1_603' title='bbox 1091 4164 1387 4221; x_wconf 83' lang='lat' dir='ltr'><strong>subsistere</strong></span> <span class='ocrx_word' id='word_1_604' title='bbox 1413 4167 1564 4222; x_wconf 79' lang='lat' dir='ltr'><strong>fecit.</strong></span> 
     </span>
    </p>
   </div>
   <div class='ocr_carea' id='block_1_76' title="bbox 996 4254 1262 4311">
    <p class='ocr_par' dir='ltr' id='par_1_76' title="bbox 996 4254 1262 4311">
     <span class='ocr_line' id='line_1_76' title="bbox 996 4254 1262 4311; baseline 0.004 -4"><span class='ocrx_word' id='word_1_605' title='bbox 996 4254 1262 4311; x_wconf 53' lang='lat' dir='ltr'><strong>unum.</strong></span> 
     </span>
    </p>
   </div>
   <div class='ocr_carea' id='block_1_77' title="bbox 349 4341 1928 4422">
    <p class='ocr_par' dir='ltr' id='par_1_77' title="bbox 349 4341 1928 4422">
     <span class='ocr_line' id='line_1_77' title="bbox 349 4341 1928 4422; baseline 0.009 -27"><span class='ocrx_word' id='word_1_606' title='bbox 349 4341 480 4396; x_wconf 83' lang='grc' dir='ltr'><strong>Ὅτι</strong></span> <span class='ocrx_word' id='word_1_607' title='bbox 519 4343 815 4412; x_wconf 60' lang='grc' dir='ltr'><strong>ἀναγκαία</strong></span> <span class='ocrx_word' id='word_1_608' title='bbox 853 4343 952 4422; x_wconf 65' lang='grc' dir='ltr'><strong>καί</strong></span> <span class='ocrx_word' id='word_1_609' title='bbox 987 4346 1284 4422; x_wconf 58' lang='grc' dir='ltr'><strong>σωτήριος</strong></span> <span class='ocrx_word' id='word_1_610' title='bbox 1325 4348 1452 4422; x_wconf 77' lang='grc' dir='ltr'><strong>τοῖς</strong></span> <span class='ocrx_word' id='word_1_611' title='bbox 1496 4349 1690 4406; x_wconf 72' lang='grc' dir='ltr'><strong>πᾶσιν</strong></span> <span class='ocrx_word' id='word_1_612' title='bbox 1743 4355 1778 4422; x_wconf 69' lang='grc' dir='ltr'><strong><em>ἡ</em></strong></span> <span class='ocrx_word' id='word_1_613' title='bbox 1821 4354 1928 4410; x_wconf 86' lang='grc' dir='ltr'><strong>τοῦ</strong></span> 
     </span>
    </p>
   </div>
   <div class='ocr_carea' id='block_1_78' title="bbox 882 4416 1393 4474">
    <p class='ocr_par' dir='ltr' id='par_1_78' title="bbox 882 4416 1393 4474">
     <span class='ocr_line' id='line_1_78' title="bbox 882 4416 1393 4474; baseline 0.01 -6"><span class='ocrx_word' id='word_1_614' title='bbox 882 4416 1014 4471; x_wconf 82' lang='grc' dir='ltr'><strong>Υίοῦ</strong></span> <span class='ocrx_word' id='word_1_615' title='bbox 1048 4416 1393 4474; x_wconf 80' lang='grc' dir='ltr'><strong>ἐπιστασία.</strong></span> 
     </span>
    </p>
   </div>
   <div class='ocr_carea' id='block_1_79' title="bbox 429 4507 1927 4585">
    <p class='ocr_par' dir='ltr' id='par_1_79' title="bbox 429 4507 1927 4585">
     <span class='ocr_line' id='line_1_79' title="bbox 429 4507 1927 4585; baseline 0.006 -26"><span class='ocrx_word' id='word_1_616' title='bbox 429 4507 645 4579; x_wconf 82' lang='grc' dir='ltr'><strong>Ἐπειδὴ</strong></span> <span class='ocrx_word' id='word_1_617' title='bbox 670 4509 778 4580; x_wconf 70' lang='grc' dir='ltr'><strong>γὰρ</strong></span> <span class='ocrx_word' id='word_1_618' title='bbox 798 4511 833 4580; x_wconf 83' lang='grc' dir='ltr'><strong>ἡ</strong></span> <span class='ocrx_word' id='word_1_619' title='bbox 856 4508 965 4563; x_wconf 85' lang='grc' dir='ltr'><strong>τῶν</strong></span> <span class='ocrx_word' id='word_1_620' title='bbox 995 4511 1294 4578; x_wconf 88' lang='grc' dir='ltr'><strong>γεγονότων</strong></span> <span class='ocrx_word' id='word_1_621' title='bbox 1316 4511 1477 4581; x_wconf 83' lang='grc' dir='ltr'><strong>φύσις</strong></span> <span class='ocrx_word' id='word_1_622' title='bbox 1506 4513 1565 4566; x_wconf 82' lang='grc' dir='ltr'><strong>ὲν</strong></span> <span class='ocrx_word' id='word_1_623' title='bbox 1596 4513 1808 4585; x_wconf 84' lang='grc' dir='ltr'><strong>σώμασι</strong></span> <span class='ocrx_word' id='word_1_624' title='bbox 1831 4516 1927 4571; x_wconf 79' lang='grc' dir='ltr'><strong>καὶ</strong></span> 
     </span>
    </p>
   </div>
   <div class='ocr_carea' id='block_1_80' title="bbox 345 4601 1925 4674">
    <p class='ocr_par' dir='ltr' id='par_1_80' title="bbox 345 4601 1925 4674">
     <span class='ocr_line' id='line_1_80' title="bbox 345 4601 1925 4674; baseline 0.004 -19"><span class='ocrx_word' id='word_1_625' title='bbox 345 4601 679 4672; x_wconf 84' lang='grc' dir='ltr'><strong>ἀσωμάτοις,</strong></span> <span class='ocrx_word' id='word_1_626' title='bbox 712 4601 977 4671; x_wconf 75' lang='grc' dir='ltr'><strong>ἐμψύχοις</strong></span> <span class='ocrx_word' id='word_1_627' title='bbox 1000 4618 1060 4654; x_wconf 85' lang='grc' dir='ltr'><strong>τε</strong></span> <span class='ocrx_word' id='word_1_628' title='bbox 1091 4601 1183 4662; x_wconf 69' lang='grc' dir='ltr'>καὶ</span> <span class='ocrx_word' id='word_1_629' title='bbox 1206 4601 1452 4674; x_wconf 74' lang='grc' dir='ltr'><strong>ἀψύχοις,</strong></span> <span class='ocrx_word' id='word_1_630' title='bbox 1480 4604 1717 4673; x_wconf 84' lang='grc' dir='ltr'><strong>λογικοῖς</strong></span> <span class='ocrx_word' id='word_1_631' title='bbox 1744 4623 1804 4659; x_wconf 88' lang='grc' dir='ltr'>τε</span> <span class='ocrx_word' id='word_1_632' title='bbox 1829 4609 1925 4662; x_wconf 81' lang='grc' dir='ltr'><strong>καὶ</strong></span> 
     </span>
    </p>
   </div>
   <div class='ocr_carea' id='block_1_81' title="bbox 343 4693 1922 4770">
    <p class='ocr_par' dir='ltr' id='par_1_81' title="bbox 343 4693 1922 4770">
     <span class='ocr_line' id='line_1_81' title="bbox 343 4693 1922 4770; baseline 0.003 -23"><span class='ocrx_word' id='word_1_633' title='bbox 343 4693 577 4763; x_wconf 82' lang='grc' dir='ltr'><strong>ἀλόγοις,</strong></span> <span class='ocrx_word' id='word_1_634' title='bbox 627 4693 838 4764; x_wconf 84' lang='grc' dir='ltr'><strong>θνητοῖς</strong></span> <span class='ocrx_word' id='word_1_635' title='bbox 877 4710 936 4746; x_wconf 91' lang='grc' dir='ltr'>τε</span> <span class='ocrx_word' id='word_1_636' title='bbox 981 4693 1074 4746; x_wconf 79' lang='grc' dir='ltr'><strong>καὶ</strong></span> <span class='ocrx_word' id='word_1_637' title='bbox 1101 4694 1404 4760; x_wconf 83' lang='grc' dir='ltr'><strong>ἀθανάτοις,</strong></span> <span class='ocrx_word' id='word_1_638' title='bbox 1437 4697 1500 4750; x_wconf 75' lang='grc' dir='ltr'>τὸ</span> <span class='ocrx_word' id='word_1_639' title='bbox 1540 4697 1795 4770; x_wconf 79' lang='grc' dir='ltr'><strong>διάφορον</strong></span> <span class='ocrx_word' id='word_1_640' title='bbox 1827 4715 1922 4752; x_wconf 89' lang='grc' dir='ltr'><strong>κε-</strong></span> 
     </span>
    </p>
   </div>
   <div class='ocr_carea' id='block_1_82' title="bbox 344 4786 1920 4862">
    <p class='ocr_par' dir='ltr' id='par_1_82' title="bbox 344 4786 1920 4862">
     <span class='ocr_line' id='line_1_82' title="bbox 344 4786 1920 4862; baseline 0.003 -22"><span class='ocrx_word' id='word_1_641' title='bbox 344 4789 589 4859; x_wconf 85' lang='grc' dir='ltr'><strong>κτημένη</strong></span> <span class='ocrx_word' id='word_1_642' title='bbox 614 4827 628 4850; x_wconf 88' lang='grc'><strong>,</strong></span> <span class='ocrx_word' id='word_1_643' title='bbox 658 4786 738 4858; x_wconf 84' lang='grc' dir='ltr'><strong>τῷ</strong></span> <span class='ocrx_word' id='word_1_644' title='bbox 771 4786 911 4860; x_wconf 83' lang='grc' dir='ltr'><strong>ὑπὲρ</strong></span> <span class='ocrx_word' id='word_1_645' title='bbox 938 4788 1154 4842; x_wconf 78' lang='grc' dir='ltr'><strong>πάντων</strong></span> <span class='ocrx_word' id='word_1_646' title='bbox 1188 4791 1280 4841; x_wconf 77' lang='grc' dir='ltr'><strong>καὶ</strong></span> <span class='ocrx_word' id='word_1_647' title='bbox 1307 4790 1401 4842; x_wconf 75' lang='grc' dir='ltr'><strong>ἐπὶ</strong></span> <span class='ocrx_word' id='word_1_648' title='bbox 1431 4791 1647 4845; x_wconf 81' lang='grc' dir='ltr'><strong>πάντων</strong></span> <span class='ocrx_word' id='word_1_649' title='bbox 1673 4791 1792 4862; x_wconf 88' lang='grc' dir='ltr'><strong>Θεῷ</strong></span> <span class='ocrx_word' id='word_1_650' title='bbox 1821 4808 1920 4844; x_wconf 91' lang='grc' dir='ltr'><strong>πε-</strong></span> 
     </span>
    </p>
   </div>
   <div class='ocr_carea' id='block_1_83' title="bbox 340 4879 1917 4955">
    <p class='ocr_par' dir='ltr' id='par_1_83' title="bbox 340 4879 1917 4955">
     <span class='ocr_line' id='line_1_83' title="bbox 340 4879 1917 4955; baseline 0.001 -23"><span class='ocrx_word' id='word_1_651' title='bbox 340 4879 522 4944; x_wconf 72' lang='grc' dir='ltr'><strong>“-ἀζειν</strong></span> <span class='ocrx_word' id='word_1_652' title='bbox 549 4881 642 4933; x_wconf 84' lang='grc' dir='ltr'><strong>καί</strong></span> <span class='ocrx_word' id='word_1_653' title='bbox 669 4879 776 4933; x_wconf 78' lang='grc' dir='ltr'>τῶν</span> <span class='ocrx_word' id='word_1_654' title='bbox 798 4879 899 4951; x_wconf 81' lang='grc' dir='ltr'><strong>τῆς</strong></span> <span class='ocrx_word' id='word_1_655' title='bbox 923 4879 1088 4932; x_wconf 78' lang='grc' dir='ltr'><strong>αὐτοῦ</strong></span> <span class='ocrx_word' id='word_1_656' title='bbox 1122 4879 1374 4950; x_wconf 78' lang='grc' dir='ltr'><strong>θεότητος</strong></span> <span class='ocrx_word' id='word_1_657' title='bbox 1409 4881 1788 4954; x_wconf 83' lang='grc' dir='ltr'><strong>μαρμαρυγῶν</strong></span> <span class='ocrx_word' id='word_1_658' title='bbox 1819 4883 1917 4955; x_wconf 82' lang='grc' dir='ltr'><strong>οὐχ</strong></span> 
     </span>
    </p>
   </div>
   <div class='ocr_carea' id='block_1_84' title="bbox 337 4968 1920 5045">
    <p class='ocr_par' dir='ltr' id='par_1_84' title="bbox 337 4968 1920 5045">
     <span class='ocr_line' id='line_1_84' title="bbox 337 4968 1920 5045; baseline 0.001 -20"><span class='ocrx_word' id='word_1_659' title='bbox 337 4988 373 5014; x_wconf 77' lang='grc' dir='ltr'>η</span> <span class='ocrx_word' id='word_1_660' title='bbox 392 4986 425 5025; x_wconf 72' lang='grc' dir='ltr'>α</span> <span class='ocrx_word' id='word_1_661' title='bbox 454 4989 514 5025; x_wconf 90' lang='grc' dir='ltr'><strong>τε</strong></span> <span class='ocrx_word' id='word_1_662' title='bbox 545 4968 614 5042; x_wconf 82' lang='grc' dir='ltr'><strong>ἦν</strong></span> <span class='ocrx_word' id='word_1_663' title='bbox 651 4972 897 5043; x_wconf 86' lang='grc' dir='ltr'><strong>μετέχειν</strong></span> <span class='ocrx_word' id='word_1_664' title='bbox 927 4971 994 5026; x_wconf 87' lang='grc' dir='ltr'><strong>δι’</strong></span> <span class='ocrx_word' id='word_1_665' title='bbox 1024 4971 1331 5044; x_wconf 76' lang='grc' dir='ltr'><strong>ὑπερϐολὴν</strong></span> <span class='ocrx_word' id='word_1_666' title='bbox 1360 4973 1458 5044; x_wconf 81' lang='grc' dir='ltr'><strong>τῆς</strong></span> <span class='ocrx_word' id='word_1_667' title='bbox 1483 4973 1590 5027; x_wconf 87' lang='grc' dir='ltr'><strong>ἀπὸ</strong></span> <span class='ocrx_word' id='word_1_668' title='bbox 1619 4970 1711 5026; x_wconf 76' lang='grc' dir='ltr'><strong>τοῦ</strong></span> <span class='ocrx_word' id='word_1_669' title='bbox 1741 4973 1920 5045; x_wconf 85' lang='grc' dir='ltr'><strong>κρείτ-</strong></span> 
     </span>
    </p>
   </div>
   <div class='ocr_carea' id='block_1_85' title="bbox 339 5063 1915 5137">
    <p class='ocr_par' dir='ltr' id='par_1_85' title="bbox 339 5063 1915 5137">
     <span class='ocr_line' id='line_1_85' title="bbox 339 5063 1915 5137; baseline 0.001 -23"><span class='ocrx_word' id='word_1_670' title='bbox 339 5078 490 5126; x_wconf 71' lang='grc' dir='ltr'><strong>τονος</strong></span> <span class='ocrx_word' id='word_1_671' title='bbox 511 5063 818 5133; x_wconf 80' lang='grc' dir='ltr'><strong>ἐλλείψεως,</strong></span> <span class='ocrx_word' id='word_1_672' title='bbox 854 5064 1070 5135; x_wconf 78' lang='grc' dir='ltr'><strong>μακρὰν</strong></span> <span class='ocrx_word' id='word_1_673' title='bbox 1097 5064 1154 5116; x_wconf 83' lang='grc' dir='ltr'><strong>δὲ</strong></span> <span class='ocrx_word' id='word_1_674' title='bbox 1195 5064 1289 5117; x_wconf 78' lang='grc' dir='ltr'><strong>καὶ</strong></span> <span class='ocrx_word' id='word_1_675' title='bbox 1316 5064 1672 5137; x_wconf 75' lang='grc' dir='ltr'><strong>πορρωτάτω,</strong></span> <span class='ocrx_word' id='word_1_676' title='bbox 1703 5063 1915 5133; x_wconf 73' lang='grc' dir='ltr'><strong>φύσεως</strong></span> 
     </span>
    </p>
   </div>
   <div class='ocr_carea' id='block_1_86' title="bbox 339 5152 1922 5227">
    <p class='ocr_par' dir='ltr' id='par_1_86' title="bbox 339 5152 1922 5227">
     <span class='ocr_line' id='line_1_86' title="bbox 339 5152 1922 5227; baseline 0.004 -23"><span class='ocrx_word' id='word_1_677' title='bbox 339 5152 611 5223; x_wconf 77' lang='grc' dir='ltr'><strong>ἀσθενείᾳ,</strong></span> <span class='ocrx_word' id='word_1_678' title='bbox 641 5153 898 5207; x_wconf 83' lang='grc' dir='ltr'><strong>διολισθὲν</strong></span> <span class='ocrx_word' id='word_1_679' title='bbox 923 5155 988 5209; x_wconf 81' lang='grc' dir='ltr'><strong>ἃν</strong></span> <span class='ocrx_word' id='word_1_680' title='bbox 1017 5153 1126 5225; x_wconf 81' lang='grc' dir='ltr'><strong>εἴη,</strong></span> <span class='ocrx_word' id='word_1_681' title='bbox 1156 5154 1266 5224; x_wconf 76' lang='grc'><strong>(47)</strong></span> <span class='ocrx_word' id='word_1_682' title='bbox 1305 5156 1354 5208; x_wconf 82' lang='grc' dir='ltr'><strong>εί</strong></span> <span class='ocrx_word' id='word_1_683' title='bbox 1387 5154 1462 5227; x_wconf 85' lang='grc' dir='ltr'><strong>μὴ</strong></span> <span class='ocrx_word' id='word_1_684' title='bbox 1488 5155 1621 5208; x_wconf 80' lang='grc' dir='ltr'>Θεοῦ</span> <span class='ocrx_word' id='word_1_685' title='bbox 1668 5156 1922 5227; x_wconf 76' lang='grc' dir='ltr'><strong>Σωτῆρος-</strong></span> 
     </span>
    </p>
   </div>
   <div class='ocr_carea' id='block_1_87' title="bbox 339 5241 1919 5317">
    <p class='ocr_par' dir='ltr' id='par_1_87' title="bbox 339 5241 1919 5317">
     <span class='ocr_line' id='line_1_87' title="bbox 339 5241 1919 5317; baseline 0.001 -21"><span class='ocrx_word' id='word_1_686' title='bbox 339 5243 495 5313; x_wconf 74' lang='grc' dir='ltr'><strong>ἔτυχε</strong></span> <span class='ocrx_word' id='word_1_687' title='bbox 547 5241 758 5314; x_wconf 81' lang='grc' dir='ltr'><strong>βοηθοῦ,</strong></span> <span class='ocrx_word' id='word_1_688' title='bbox 799 5243 1021 5308; x_wconf 79' lang='grc' dir='ltr'><strong>εἰκότως</strong></span> <span class='ocrx_word' id='word_1_689' title='bbox 1052 5245 1086 5315; x_wconf 78' lang='grc' dir='ltr'><strong>ἡ</strong></span> <span class='ocrx_word' id='word_1_690' title='bbox 1120 5246 1358 5316; x_wconf 78' lang='grc' dir='ltr'><strong>πατρικὴ</strong></span> <span class='ocrx_word' id='word_1_691' title='bbox 1394 5245 1795 5317; x_wconf 79' lang='grc' dir='ltr'><strong>φιλανθρωπία.</strong></span> <span class='ocrx_word' id='word_1_692' title='bbox 1829 5247 1919 5300; x_wconf 83' lang='grc' dir='ltr'><strong>τὸν</strong></span> 
     </span>
    </p>
   </div>
   <div class='ocr_carea' id='block_1_88' title="bbox 2644 4259 2976 4316">
    <p class='ocr_par' dir='ltr' id='par_1_88' title="bbox 2644 4259 2976 4316">
     <span class='ocr_line' id='line_1_88' title="bbox 2644 4259 2976 4316; baseline -0.006 0"><span class='ocrx_word' id='word_1_693' title='bbox 2644 4261 2796 4316; x_wconf 65' lang='lat' dir='ltr'><strong>CAP.</strong></span> <span class='ocrx_word' id='word_1_694' title='bbox 2843 4259 2976 4315; x_wconf 77' lang='lat' dir='ltr'>XIII.</span> 
     </span>
    </p>
   </div>
   <div class='ocr_carea' id='block_1_89' title="bbox 2105 4349 3546 4422">
    <p class='ocr_par' dir='ltr' id='par_1_89' title="bbox 2105 4349 3546 4422">
     <span class='ocr_line' id='line_1_89' title="bbox 2105 4349 3546 4422; baseline 0.001 -16"><span class='ocrx_word' id='word_1_695' title='bbox 2105 4353 2259 4420; x_wconf 82' lang='lat' dir='ltr'><strong>Quod</strong></span> <span class='ocrx_word' id='word_1_696' title='bbox 2287 4353 2540 4407; x_wconf 82' lang='lat' dir='ltr'><strong>adventus</strong></span> <span class='ocrx_word' id='word_1_697' title='bbox 2569 4349 2699 4406; x_wconf 82' lang='lat' dir='ltr'><strong>Filii</strong></span> <span class='ocrx_word' id='word_1_698' title='bbox 2736 4353 2974 4408; x_wconf 85' lang='lat' dir='ltr'><strong>omnibus</strong></span> <span class='ocrx_word' id='word_1_699' title='bbox 3004 4351 3163 4422; x_wconf 72' lang='lat' dir='ltr'><strong>fuerit</strong></span> <span class='ocrx_word' id='word_1_700' title='bbox 3204 4351 3453 4407; x_wconf 82' lang='lat' dir='ltr'><strong>salutaris</strong></span> <span class='ocrx_word' id='word_1_701' title='bbox 3483 4361 3546 4413; x_wconf 77' lang='grc' dir='ltr'><strong>ει-</strong></span> 
     </span>
    </p>
   </div>
   <div class='ocr_carea' id='block_1_90' title="bbox 2648 4439 2991 4482">
    <p class='ocr_par' dir='ltr' id='par_1_90' title="bbox 2648 4439 2991 4482">
     <span class='ocr_line' id='line_1_90' title="bbox 2648 4439 2991 4482; baseline 0.003 -5"><span class='ocrx_word' id='word_1_702' title='bbox 2648 4439 2991 4482; x_wconf 72' lang='lat' dir='ltr'><strong>necessarius.</strong></span> 
     </span>
    </p>
   </div>
   <div class='ocr_carea' id='block_1_91' title="bbox 2101 4513 3602 4584">
    <p class='ocr_par' dir='ltr' id='par_1_91' title="bbox 2101 4513 3602 4584">
     <span class='ocr_line' id='line_1_91' title="bbox 2101 4513 3602 4584; baseline 0.002 -18"><span class='ocrx_word' id='word_1_703' title='bbox 2101 4513 2546 4584; x_wconf 88' lang='lat' dir='ltr'><strong>Quandoquidem</strong></span> <span class='ocrx_word' id='word_1_704' title='bbox 2579 4527 2712 4568; x_wconf 82' lang='lat' dir='ltr'><strong>vero</strong></span> <span class='ocrx_word' id='word_1_705' title='bbox 2759 4527 2941 4568; x_wconf 88' lang='lat' dir='ltr'><strong>rerum</strong></span> <span class='ocrx_word' id='word_1_706' title='bbox 2985 4520 3462 4583; x_wconf 78' lang='lat' dir='ltr'><strong>progeneratarum</strong></span> <span class='ocrx_word' id='word_1_707' title='bbox 3505 4527 3602 4570; x_wconf 75' lang='lat' dir='ltr'><strong>na-</strong></span> 
     </span>
    </p>
   </div>
   <div class='ocr_carea' id='block_1_92' title="bbox 2028 4604 3602 4676">
    <p class='ocr_par' dir='ltr' id='par_1_92' title="bbox 2028 4604 3602 4676">
     <span class='ocr_line' id='line_1_92' title="bbox 2028 4604 3602 4676; baseline -0.001 -16"><span class='ocrx_word' id='word_1_708' title='bbox 2028 4616 2168 4673; x_wconf 82' lang='lat' dir='ltr'><strong>tura,</strong></span> <span class='ocrx_word' id='word_1_709' title='bbox 2205 4622 2326 4676; x_wconf 82' lang='lat' dir='ltr'><strong>quae</strong></span> <span class='ocrx_word' id='word_1_710' title='bbox 2351 4604 2714 4662; x_wconf 78' lang='lat' dir='ltr'><strong>differentiam</strong></span> <span class='ocrx_word' id='word_1_711' title='bbox 2751 4607 2944 4662; x_wconf 89' lang='lat' dir='ltr'><strong>sortita</strong></span> <span class='ocrx_word' id='word_1_712' title='bbox 2981 4613 3067 4660; x_wconf 89' lang='lat' dir='ltr'><strong>est</strong></span> <span class='ocrx_word' id='word_1_713' title='bbox 3093 4604 3470 4675; x_wconf 77' lang='lat' dir='ltr'><strong>multiplicem,</strong></span> <span class='ocrx_word' id='word_1_714' title='bbox 3502 4618 3602 4674; x_wconf 89' lang='lat' dir='ltr'><strong>per</strong></span> 
     </span>
    </p>
   </div>
   <div class='ocr_carea' id='block_1_93' title="bbox 2025 4697 3599 4767">
    <p class='ocr_par' dir='ltr' id='par_1_93' title="bbox 2025 4697 3599 4767">
     <span class='ocr_line' id='line_1_93' title="bbox 2025 4697 3599 4767; baseline 0.002 -15"><span class='ocrx_word' id='word_1_715' title='bbox 2025 4713 2319 4766; x_wconf 81' lang='lat' dir='ltr'><strong>corporeas</strong></span> <span class='ocrx_word' id='word_1_716' title='bbox 2344 4708 2397 4753; x_wconf 90' lang='lat' dir='ltr'><strong>et</strong></span> <span class='ocrx_word' id='word_1_717' title='bbox 2424 4699 2774 4767; x_wconf 88' lang='lat' dir='ltr'><strong>incorporeas</strong></span> <span class='ocrx_word' id='word_1_718' title='bbox 2808 4700 3075 4752; x_wconf 89' lang='lat' dir='ltr'><strong>essentias</strong></span> <span class='ocrx_word' id='word_1_719' title='bbox 3093 4737 3108 4763; x_wconf 95' lang='lat'><strong>,</strong></span> <span class='ocrx_word' id='word_1_720' title='bbox 3135 4697 3403 4753; x_wconf 88' lang='lat' dir='ltr'><strong>animatas</strong></span> <span class='ocrx_word' id='word_1_721' title='bbox 3431 4708 3488 4753; x_wconf 89' lang='lat' dir='ltr'><strong>et</strong></span> <span class='ocrx_word' id='word_1_722' title='bbox 3513 4698 3599 4755; x_wconf 67' lang='lat' dir='ltr'><strong>in-~</strong></span> 
     </span>
    </p>
   </div>
   <div class='ocr_carea' id='block_1_94' title="bbox 2025 4790 3603 4856">
    <p class='ocr_par' dir='ltr' id='par_1_94' title="bbox 2025 4790 3603 4856">
     <span class='ocr_line' id='line_1_94' title="bbox 2025 4790 3603 4856; baseline 0.003 -12"><span class='ocrx_word' id='word_1_723' title='bbox 2025 4793 2295 4848; x_wconf 84' lang='lat' dir='ltr'><strong>animatas</strong></span> <span class='ocrx_word' id='word_1_724' title='bbox 2325 4833 2340 4855; x_wconf 89' lang='lat'><strong>,</strong></span> <span class='ocrx_word' id='word_1_725' title='bbox 2369 4793 2700 4854; x_wconf 79' lang='lat' dir='ltr'><strong>rationales.</strong></span> <span class='ocrx_word' id='word_1_726' title='bbox 2729 4801 2784 4846; x_wconf 92' lang='lat' dir='ltr'><strong>et</strong></span> <span class='ocrx_word' id='word_1_727' title='bbox 2815 4790 3193 4856; x_wconf 90' lang='lat' dir='ltr'><strong>irrationales,</strong></span> <span class='ocrx_word' id='word_1_728' title='bbox 3237 4791 3490 4846; x_wconf 87' lang='lat' dir='ltr'><strong>mortales</strong></span> <span class='ocrx_word' id='word_1_729' title='bbox 3545 4800 3603 4848; x_wconf 86' lang='grc' dir='ltr'><strong>ει</strong></span> 
     </span>
    </p>
   </div>
   <div class='ocr_carea' id='block_1_95' title="bbox 2024 4882 3597 4954">
    <p class='ocr_par' dir='ltr' id='par_1_95' title="bbox 2024 4882 3597 4954">
     <span class='ocr_line' id='line_1_95' title="bbox 2024 4882 3597 4954; baseline 0.002 -18"><span class='ocrx_word' id='word_1_730' title='bbox 2024 4882 2364 4938; x_wconf 87' lang='lat' dir='ltr'><strong>immortales</strong></span> <span class='ocrx_word' id='word_1_731' title='bbox 2387 4923 2403 4949; x_wconf 96' lang='lat'><strong>,</strong></span> <span class='ocrx_word' id='word_1_732' title='bbox 2453 4887 2889 4954; x_wconf 89' lang='lat' dir='ltr'><strong>appropinquare</strong></span> <span class='ocrx_word' id='word_1_733' title='bbox 2921 4883 3030 4939; x_wconf 91' lang='lat' dir='ltr'><strong>Deo</strong></span> <span class='ocrx_word' id='word_1_734' title='bbox 3056 4923 3072 4951; x_wconf 88' lang='lat'><strong>,</strong></span> <span class='ocrx_word' id='word_1_735' title='bbox 3101 4884 3190 4953; x_wconf 89' lang='lat' dir='ltr'><strong>qui</strong></span> <span class='ocrx_word' id='word_1_736' title='bbox 3223 4898 3385 4953; x_wconf 89' lang='lat' dir='ltr'><strong>super</strong></span> <span class='ocrx_word' id='word_1_737' title='bbox 3416 4885 3597 4939; x_wconf 90' lang='lat' dir='ltr'><strong>omnia</strong></span> 
     </span>
    </p>
   </div>
   <div class='ocr_carea' id='block_1_96' title="bbox 2022 4973 3598 5044">
    <p class='ocr_par' dir='ltr' id='par_1_96' title="bbox 2022 4973 3598 5044">
     <span class='ocr_line' id='line_1_96' title="bbox 2022 4973 3598 5044; baseline 0 -16"><span class='ocrx_word' id='word_1_738' title='bbox 2022 4982 2077 5028; x_wconf 89' lang='lat' dir='ltr'><strong>et</strong></span> <span class='ocrx_word' id='word_1_739' title='bbox 2109 4990 2205 5043; x_wconf 89' lang='lat' dir='ltr'><strong>per</strong></span> <span class='ocrx_word' id='word_1_740' title='bbox 2238 4974 2420 5028; x_wconf 90' lang='lat' dir='ltr'><strong>omnia</strong></span> <span class='ocrx_word' id='word_1_741' title='bbox 2449 4984 2665 5044; x_wconf 69' lang='lat' dir='ltr'><strong>praeest,</strong></span> <span class='ocrx_word' id='word_1_742' title='bbox 2688 4979 2746 5038; x_wconf 51' lang='grc' dir='ltr'>ᾖ</span> <span class='ocrx_word' id='word_1_743' title='bbox 2784 4973 2928 5028; x_wconf 91' lang='lat' dir='ltr'><strong>illius</strong></span> <span class='ocrx_word' id='word_1_744' title='bbox 2949 4975 3251 5029; x_wconf 88' lang='lat' dir='ltr'><strong>divinitatis</strong></span> <span class='ocrx_word' id='word_1_745' title='bbox 3278 4973 3598 5043; x_wconf 87' lang='lat' dir='ltr'><strong>splendores</strong></span> 
     </span>
    </p>
   </div>
   <div class='ocr_carea' id='block_1_97' title="bbox 2023 5059 3594 5137">
    <p class='ocr_par' dir='ltr' id='par_1_97' title="bbox 2023 5059 3594 5137">
     <span class='ocr_line' id='line_1_97' title="bbox 2023 5059 3594 5137; baseline -0.003 -21"><span class='ocrx_word' id='word_1_746' title='bbox 2023 5063 2168 5118; x_wconf 92' lang='lat' dir='ltr'><strong>nullo</strong></span> <span class='ocrx_word' id='word_1_747' title='bbox 2221 5065 2604 5134; x_wconf 82' lang='lat' dir='ltr'><strong>modo-potuit</strong></span> <span class='ocrx_word' id='word_1_748' title='bbox 2642 5063 2967 5137; x_wconf 88' lang='lat' dir='ltr'><strong>participare</strong></span> <span class='ocrx_word' id='word_1_749' title='bbox 2996 5102 3010 5126; x_wconf 93' lang='lat'><strong>,</strong></span> <span class='ocrx_word' id='word_1_750' title='bbox 3054 5061 3125 5118; x_wconf 89' lang='lat' dir='ltr'><strong>ob</strong></span> <span class='ocrx_word' id='word_1_751' title='bbox 3176 5060 3396 5115; x_wconf 88' lang='lat' dir='ltr'><strong>nimiam</strong></span> <span class='ocrx_word' id='word_1_752' title='bbox 3447 5059 3594 5115; x_wconf 87' lang='lat' dir='ltr'><strong>illam</strong></span> 
     </span>
    </p>
   </div>
   <div class='ocr_carea' id='block_1_98' title="bbox 2021 5151 3594 5226">
    <p class='ocr_par' dir='ltr' id='par_1_98' title="bbox 2021 5151 3594 5226">
     <span class='ocr_line' id='line_1_98' title="bbox 2021 5151 3594 5226; baseline -0.003 -16"><span class='ocrx_word' id='word_1_753' title='bbox 2021 5171 2174 5210; x_wconf 87' lang='lat' dir='ltr'><strong>suam</strong></span> <span class='ocrx_word' id='word_1_754' title='bbox 2210 5155 2575 5211; x_wconf 73' lang='lat' dir='ltr'><strong>deﬁcientium</strong></span> <span class='ocrx_word' id='word_1_755' title='bbox 2601 5196 2616 5220; x_wconf 89' lang='lat'><strong>,</strong></span> <span class='ocrx_word' id='word_1_756' title='bbox 2645 5171 2742 5226; x_wconf 89' lang='lat' dir='ltr'><strong>per</strong></span> <span class='ocrx_word' id='word_1_757' title='bbox 2790 5170 2949 5225; x_wconf 89' lang='lat' dir='ltr'><strong>quam</strong></span> <span class='ocrx_word' id='word_1_758' title='bbox 2989 5172 3018 5208; x_wconf 93' lang='lat' dir='ltr'><strong>a</strong></span> <span class='ocrx_word' id='word_1_759' title='bbox 3057 5162 3248 5209; x_wconf 84' lang='lat' dir='ltr'><strong>natura</strong></span> <span class='ocrx_word' id='word_1_760' title='bbox 3298 5153 3386 5208; x_wconf 85' lang='lat' dir='ltr'><strong>illa</strong></span> <span class='ocrx_word' id='word_1_761' title='bbox 3425 5151 3594 5214; x_wconf 86' lang='lat' dir='ltr'><strong>subli-</strong></span> 
     </span>
    </p>
   </div>
   <div class='ocr_carea' id='block_1_99' title="bbox 2026 5245 3593 5318">
    <p class='ocr_par' dir='ltr' id='par_1_99' title="bbox 2026 5245 3593 5318">
     <span class='ocr_line' id='line_1_99' title="bbox 2026 5245 3593 5318; baseline -0.001 -17"><span class='ocrx_word' id='word_1_762' title='bbox 2026 5249 2265 5304; x_wconf 77' lang='lat' dir='ltr'><strong>tnissima</strong></span> <span class='ocrx_word' id='word_1_763' title='bbox 2293 5258 2633 5306; x_wconf 76' lang='lat' dir='ltr'><strong>.semovetur.</strong></span> <span class='ocrx_word' id='word_1_764' title='bbox 2668 5247 2818 5304; x_wconf 85' lang='lat' dir='ltr'><strong>Unde</strong></span> <span class='ocrx_word' id='word_1_765' title='bbox 2847 5261 3084 5318; x_wconf 82' lang='lat' dir='ltr'><strong>magno,</strong></span> <span class='ocrx_word' id='word_1_766' title='bbox 3131 5248 3244 5302; x_wconf 90' lang='lat' dir='ltr'><strong>imo</strong></span> <span class='ocrx_word' id='word_1_767' title='bbox 3275 5245 3593 5316; x_wconf 79' lang='lat' dir='ltr'><strong>longissimo</strong></span> 
     </span>
    </p>
   </div>
   <div class='ocr_carea' id='block_1_100' title="bbox 415 5383 3586 5480">
    <p class='ocr_par' dir='ltr' id='par_1_100' title="bbox 415 5383 3586 5480">
     <span class='ocr_line' id='line_1_100' title="bbox 415 5383 3586 5480; baseline 0.001 -21"><span class='ocrx_word' id='word_1_768' title='bbox 415 5410 477 5470; x_wconf 63' lang='lat'><strong>&gt;14</strong></span> <span class='ocrx_word' id='word_1_769' title='bbox 504 5405 600 5461; x_wconf 86' lang='lat' dir='ltr'><strong>Ed.</strong></span> <span class='ocrx_word' id='word_1_770' title='bbox 635 5406 832 5473; x_wconf 86' lang='lat' dir='ltr'><strong>Paris.,</strong></span> <span class='ocrx_word' id='word_1_771' title='bbox 855 5421 1013 5478; x_wconf 77' lang='lat' dir='ltr'><strong>pagg.</strong></span> <span class='ocrx_word' id='word_1_772' title='bbox 1033 5407 1217 5472; x_wconf 61' lang='lat'><strong>75,74.</strong></span> <span class='ocrx_word' id='word_1_773' title='bbox 1247 5410 1292 5442; x_wconf 80' lang='lat'><strong>“</strong></span> <span class='ocrx_word' id='word_1_774' title='bbox 1311 5407 1501 5466; x_wconf 78' lang='lat' dir='ltr'><strong>Matth.</strong></span> <span class='ocrx_word' id='word_1_775' title='bbox 1540 5409 2055 5480; x_wconf 46' lang='lat' dir='ltr'><strong>x1,27.,“.loan.n:,</strong></span> <span class='ocrx_word' id='word_1_776' title='bbox 2090 5407 2144 5463; x_wconf 86' lang='lat'><strong>6.</strong></span> <span class='ocrx_word' id='word_1_777' title='bbox 2183 5408 2227 5440; x_wconf 72' lang='grc' dir='ltr'><strong>θ’</strong></span> <span class='ocrx_word' id='word_1_778' title='bbox 2246 5407 2604 5474; x_wconf 68' lang='grc' dir='ltr'><strong>1οοιι.ιν,24.</strong></span> <span class='ocrx_word' id='word_1_779' title='bbox 2682 5407 2728 5440; x_wconf 80' lang='grc'>⁶⁸</span> <span class='ocrx_word' id='word_1_780' title='bbox 2743 5405 2871 5474; x_wconf 86' lang='lat' dir='ltr'><strong>Sap.</strong></span> <span class='ocrx_word' id='word_1_781' title='bbox 2901 5420 3007 5472; x_wconf 79' lang='lat' dir='ltr'><strong>vn,</strong></span> <span class='ocrx_word' id='word_1_782' title='bbox 3037 5405 3126 5460; x_wconf 73' lang='lat'><strong>26.</strong></span> <span class='ocrx_word' id='word_1_783' title='bbox 3206 5405 3251 5439; x_wconf 79' lang='lat'><strong>“</strong></span> <span class='ocrx_word' id='word_1_784' title='bbox 3266 5383 3494 5474; x_wconf 8' lang='lat' dir='ltr'><strong>ilebr.rt,</strong></span> <span class='ocrx_word' id='word_1_785' title='bbox 3531 5405 3586 5462; x_wconf 79' lang='lat'><strong>3.</strong></span> 
     </span>
    </p>
   </div>
   <div class='ocr_carea' id='block_1_101' title="bbox 416 5642 1899 5724">
    <p class='ocr_par' dir='ltr' id='par_1_101' title="bbox 416 5642 1899 5724">
     <span class='ocr_line' id='line_1_101' title="bbox 416 5642 1899 5724; baseline 0.004 -26"><span class='ocrx_word' id='word_1_786' title='bbox 416 5642 522 5716; x_wconf 61' lang='lat'><strong>(£6)</strong></span> <span class='ocrx_word' id='word_1_787' title='bbox 554 5643 723 5724; x_wconf 64' lang='lat' dir='ltr'><strong>Vingo</strong></span> <span class='ocrx_word' id='word_1_788' title='bbox 750 5647 855 5724; x_wconf 59' lang='grc' dir='ltr'><strong>καὶ</strong></span> <span class='ocrx_word' id='word_1_789' title='bbox 891 5645 1150 5724; x_wconf 61' lang='grc' dir='ltr'><strong>μείωσιν,Δ</strong></span> <span class='ocrx_word' id='word_1_790' title='bbox 1169 5644 1290 5724; x_wconf 59' lang='lat' dir='ltr'><strong>dein</strong></span> <span class='ocrx_word' id='word_1_791' title='bbox 1321 5647 1445 5718; x_wconf 76' lang='grc' dir='ltr'><strong>ῥοὴν</strong></span> <span class='ocrx_word' id='word_1_792' title='bbox 1474 5658 1524 5703; x_wconf 83' lang='grc' dir='ltr'><strong>ει</strong></span> <span class='ocrx_word' id='word_1_793' title='bbox 1552 5648 1899 5724; x_wconf 78' lang='grc' dir='ltr'><strong>γεννησιουρ-</strong></span> 
     </span>
    </p>
   </div>
   <div class='ocr_carea' id='block_1_102' title="bbox 2089 5653 3586 5728">
    <p class='ocr_par' dir='ltr' id='par_1_102' title="bbox 2089 5653 3586 5728">
     <span class='ocr_line' id='line_1_102' title="bbox 2089 5653 3586 5728; baseline -0.007 -13"><span class='ocrx_word' id='word_1_794' title='bbox 2089 5657 2200 5728; x_wconf 70' lang='grc'><strong>(47)</strong></span> <span class='ocrx_word' id='word_1_795' title='bbox 2235 5658 2304 5712; x_wconf 80' lang='lat' dir='ltr'><strong>Ei</strong></span> <span class='ocrx_word' id='word_1_796' title='bbox 2325 5657 2412 5728; x_wconf 79' lang='grc' dir='ltr'><strong>μὴ</strong></span> <span class='ocrx_word' id='word_1_797' title='bbox 2455 5659 2603 5712; x_wconf 84' lang='grc' dir='ltr'><strong>Θεοῦ</strong></span> <span class='ocrx_word' id='word_1_798' title='bbox 2632 5657 2945 5726; x_wconf 77' lang='grc' dir='ltr'><strong>Σωτήριος.</strong></span> <span class='ocrx_word' id='word_1_799' title='bbox 2981 5655 3058 5728; x_wconf 73' lang='lat' dir='ltr'><strong>lta</strong></span> <span class='ocrx_word' id='word_1_800' title='bbox 3099 5655 3306 5728; x_wconf 82' lang='lat' dir='ltr'><strong>legend.</strong></span> <span class='ocrx_word' id='word_1_801' title='bbox 3365 5653 3586 5728; x_wconf 71' lang='lat' dir='ltr'><strong>omnino</strong></span> 
     </span>
    </p>
   </div>
   <div class='ocr_carea' id='block_1_103' title="bbox 336 5714 1935 5804">
    <p class='ocr_par' dir='ltr' id='par_1_103' title="bbox 336 5714 1897 5804">
     <span class='ocr_line' id='line_1_103' title="bbox 336 5714 1897 5804; baseline 0.006 -36"><span class='ocrx_word' id='word_1_802' title='bbox 336 5714 545 5804; x_wconf 48' lang='grc' dir='ltr'><strong>γίαῇξι</strong></span> <span class='ocrx_word' id='word_1_803' title='bbox 575 5714 668 5804; x_wconf 50' lang='grc' dir='ltr'><strong>και</strong></span> <span class='ocrx_word' id='word_1_804' title='bbox 691 5716 720 5768; x_wconf 84' lang='grc' dir='ltr'>ὁ</span> <span class='ocrx_word' id='word_1_805' title='bbox 747 5714 906 5804; x_wconf 56' lang='grc' dir='ltr'><strong>ἣλιος</strong></span> <span class='ocrx_word' id='word_1_806' title='bbox 918 5728 982 5804; x_wconf 39' lang='lat' dir='ltr'><strong>‘e‘t</strong></span> <span class='ocrx_word' id='word_1_807' title='bbox 1005 5716 1102 5769; x_wconf 88' lang='grc' dir='ltr'><strong>ἀπ.</strong></span> <span class='ocrx_word' id='word_1_808' title='bbox 1125 5714 1507 5804; x_wconf 37' lang='grc' dir='ltr'><strong>δόξηξςκζιιοιτο⁸</strong></span> <span class='ocrx_word' id='word_1_809' title='bbox 1540 5714 1796 5804; x_wconf 50' lang='lat' dir='ltr'><strong>disiiqu</strong></span> 
     </span>
    </p>
   </div>
   <div class='ocr_carea' id='block_1_104' title="bbox 2039 5714 3591 5804">
    <p class='ocr_par' dir='ltr' id='par_1_104' title="bbox 2039 5714 3591 5804">
     <span class='ocr_line' id='line_1_104' title="bbox 2039 5714 3591 5804; baseline 0 -24"><span class='ocrx_word' id='word_1_810' title='bbox 2039 5714 2159 5781; x_wconf 66' lang='grc' dir='ltr'><strong>»εἰει</strong></span> <span class='ocrx_word' id='word_1_811' title='bbox 2182 5714 2363 5804; x_wconf 69' lang='lat' dir='ltr'><strong>[vulgo</strong></span> <span class='ocrx_word' id='word_1_812' title='bbox 2391 5714 2631 5804; x_wconf 47' lang='lat' dir='ltr'><strong>ialm,</strong></span> <span class='ocrx_word' id='word_1_813' title='bbox 2660 5714 2864 5795; x_wconf 58' lang='lat' dir='ltr'><strong>statiin,</strong></span> <span class='ocrx_word' id='word_1_814' title='bbox 2892 5714 3180 5802; x_wconf 68' lang='grc' dir='ltr'><strong>χωροῦντὶ</strong></span> <span class='ocrx_word' id='word_1_815' title='bbox 3195 5726 3300 5802; x_wconf 69' lang='grc' dir='ltr'><strong>[εἰς</strong></span> <span class='ocrx_word' id='word_1_816' title='bbox 3329 5733 3379 5781; x_wconf 86' lang='grc' dir='ltr'><strong>ει</strong></span> <span class='ocrx_word' id='word_1_817' title='bbox 3398 5721 3591 5804; x_wconf 60' lang='lat' dir='ltr'><strong>coddd</strong></span> 
     </span>
    </p>
   </div>
   <div class='ocr_carea' id='block_1_105' title="bbox 337 5783 1888 5858">
    <p class='ocr_par' dir='ltr' id='par_1_105' title="bbox 337 5783 1888 5858">
     <span class='ocr_line' id='line_1_105' title="bbox 337 5783 1888 5858; baseline 0.007 -21"><span class='ocrx_word' id='word_1_818' title='bbox 337 5783 585 5858; x_wconf 54' lang='grc' dir='ltr'><strong>αὶάἲδιον</strong></span> <span class='ocrx_word' id='word_1_819' title='bbox 617 5793 675 5858; x_wconf 80' lang='lat' dir='ltr'><strong>et</strong></span> <span class='ocrx_word' id='word_1_820' title='bbox 703 5783 1130 5858; x_wconf 66' lang='grc' dir='ltr'><strong>καταίξὰλλοντες</strong></span> <span class='ocrx_word' id='word_1_821' title='bbox 1157 5799 1211 5840; x_wconf 84' lang='lat' dir='ltr'><strong>et</strong></span> <span class='ocrx_word' id='word_1_822' title='bbox 1239 5783 1394 5858; x_wconf 76' lang='grc' dir='ltr'><strong>ἀνδρ.</strong></span> <span class='ocrx_word' id='word_1_823' title='bbox 1426 5791 1516 5844; x_wconf 71' lang='grc' dir='ltr'><strong>καὶ</strong></span> <span class='ocrx_word' id='word_1_824' title='bbox 1548 5783 1708 5850; x_wconf 52' lang='grc' dir='ltr'><strong>θεῶν)</strong></span> <span class='ocrx_word' id='word_1_825' title='bbox 1754 5793 1888 5848; x_wconf 82' lang='lat' dir='ltr'><strong>Dein</strong></span> 
     </span>
    </p>
   </div>
   <div class='ocr_carea' id='block_1_106' title="bbox 337 5854 1406 5928">
    <p class='ocr_par' dir='ltr' id='par_1_106' title="bbox 337 5854 1406 5928">
     <span class='ocr_line' id='line_1_106' title="bbox 337 5854 1406 5928; baseline 0.005 -19"><span class='ocrx_word' id='word_1_826' title='bbox 337 5856 484 5909; x_wconf 77' lang='grc' dir='ltr'><strong>ἄλλοι</strong></span> <span class='ocrx_word' id='word_1_827' title='bbox 515 5854 570 5908; x_wconf 74' lang='grc' dir='ltr'><strong>δὲ</strong></span> <span class='ocrx_word' id='word_1_828' title='bbox 611 5855 786 5928; x_wconf 77' lang='grc' dir='ltr'><strong>μένει</strong></span> <span class='ocrx_word' id='word_1_829' title='bbox 814 5856 893 5923; x_wconf 79' lang='grc' dir='ltr'><strong>τῷ</strong></span> <span class='ocrx_word' id='word_1_830' title='bbox 921 5857 1068 5926; x_wconf 79' lang='grc' dir='ltr'><strong>διαφ.</strong></span> <span class='ocrx_word' id='word_1_831' title='bbox 1103 5857 1206 5928; x_wconf 81' lang='lat' dir='ltr'><strong>Mp.</strong></span> <span class='ocrx_word' id='word_1_832' title='bbox 1233 5859 1301 5911; x_wconf 79' lang='grc' dir='ltr'><strong>ῑσ.</strong></span> <span class='ocrx_word' id='word_1_833' title='bbox 1331 5854 1406 5914; x_wconf 77' lang='grc' dir='ltr'><strong>τό.</strong></span> 
     </span>
    </p>
   </div>
   <div class='ocr_carea' id='block_1_107' title="bbox 2009 5799 2517 5868">
    <p class='ocr_par' dir='ltr' id='par_1_107' title="bbox 2009 5799 2517 5868">
     <span class='ocr_line' id='line_1_107' title="bbox 2009 5799 2517 5868; baseline 0 -16"><span class='ocrx_word' id='word_1_834' title='bbox 2009 5814 2198 5868; x_wconf 84' lang='lat' dir='ltr'><strong>nempe</strong></span> <span class='ocrx_word' id='word_1_835' title='bbox 2226 5799 2408 5865; x_wconf 69' lang='lat' dir='ltr'><strong>lilium.</strong></span> <span class='ocrx_word' id='word_1_836' title='bbox 2451 5799 2517 5853; x_wconf 83' lang='grc' dir='ltr'><strong>Μ.</strong></span> 
     </span>
    </p>
   </div>
  </div>
