4190 6406
541 299 638 354 851

1218 296 1488 356 EUSEBll
1529 297 2014 354 CAESARIENSIS
2052 296 2202 354 OPP.
2243 299 2422 356 PARS
2461 301 2549 357 ιν.
2589 333 2658 344 --
2700 299 3114 359 οοσΜΑτιεΑ.

3675 295 3784 360 852

541 415 849 479 in'ervallo,
876 423 1101 485 propter
1125 413 1424 467 naturalem
1457 421 1610 468 suam
1643 413 2014 469 inﬁrmitatem
2045 415 2100 469 at

2219 416 2382 470 αὑτοῦ
2430 417 2691 488 μονογενῆ
2739 417 2911 472 Παῖδα
2957 418 3050 470 ἐπὶ
3087 417 3220 484 πᾶσι
3269 414 3520 484 καθίστη,
3569 413 3664 468 καὶ
3695 411 3784 468 διὰ

541 509 631 562 illo
660 507 988 573 excidisset,
1021 505 1126 560 nisi
1171 507 1336 560 Deum
1373 502 1674 572 adiutorem
1713 506 1888 576 ipsum
1921 509 2109 560 nanci-

541 609 807 664 sceretur,
843 607 1071 667 paterna
1103 597 1194 651 illa
1237 597 1329 650 Dei
1363 597 1757 662 misericordia,
1791 613 1888 652 nec
1921 602 2111 653 imme-

541 694 668 760 rito,
701 708 858 746 suum
889 691 1079 746 Filium
1129 691 1463 760 unigenitum
1495 705 1658 760 super
1687 705 1878 746 onmes
1907 692 2113 746 consti-

539 785 663 850 tuit,
697 793 882 854 utpote
907 783 996 854 qui
1027 798 1125 854 per
1154 783 1335 844 omnia
1356 791 1704 850 comtnearet,
1728 784 1978 838 omnibus
1996 785 2110 838 loco

539 877 901 931 moderatoris
931 875 1269 944 prtesideret,
1309 885 1360 926 et
1389 873 1509 928 illos
1538 873 1757 942 largiter
1780 875 1845 928 de
1876 889 1970 930 sua
1998 891 2112 930 nm-

539 967 814 1021 niiicentia
854 966 1128 1036 irrigaret.
1181 964 1460 1020 Universis
1499 965 1767 1032 siquidem
1811 977 1862 1022 et
1890 967 2113 1036 singulis

538 1075 664 1114 eum
715 1059 898 1123 Pater,
930 1059 1020 1126 qui
1053 1067 1356 1126 genuerat,
1404 1069 1510 1112 tam
1563 1059 1652 1125 qui
1685 1069 1811 1112 sunt
1857 1059 1908 1112 itt
1937 1059 2110 1126 caelis,

539 1162 702 1220 quam
737 1153 826 1222 qui
869 1166 1030 1220 super
1059 1160 1254 1216 terras,
1289 1159 1560 1219 pastorem
1595 1150 1874 1204 constituit
1906 1161 1961 1205 et
1984 1151 2111 1205 Ser—

537 1251 778 1297 vatorem
803 1284 817 1304 ,
848 1253 1150 1298 curatorem
1197 1242 1342 1295 dedit
1381 1251 1434 1294 et
1477 1243 1772 1308 custodem,
1839 1243 2108 1296 medicum

542 1338 598 1388 et
621 1335 1036 1403 gubernatorem
1083 1334 1278 1386 solum.
1315 1333 1388 1385 llli
1426 1349 1606 1388 rerum
1641 1333 1878 1388 omnium
1907 1334 2109 1402 guber-

539 1425 735 1479 nacula
783 1425 834 1478 itt
891 1441 1081 1480 manus
1133 1424 1315 1486 dedit,
1350 1425 1440 1493 qui
1471 1434 1526 1478 et
1558 1425 1646 1478 illa
1684 1425 2024 1493 produceret,
2057 1433 2112 1478 et

537 1518 803 1585 producta
858 1527 1190 1584 procuraret.
1227 1517 1280 1569 ld
1309 1519 1450 1584 quod
1485 1519 1601 1586 ipse
1629 1517 1785 1570 docet
1808 1557 1824 1582 ,
1874 1517 1962 1569 tibi
2013 1518 2108 1580 ait,

539 1609 732 1663 Omnia
755 1611 882 1662 mihi
906 1609 1103 1668 tradita
1141 1621 1257 1662 sunt
1305 1627 1335 1663 α
1365 1607 1524 1664 Patre
1547 1628 1658 1666 meo
1684 1611 1752 1666 7°.
1785 1612 1848 1665 Et
1881 1625 2063 1665 rursus
2092 1629 2104 1665 :

537 1699 704 1754 Pater
731 1702 866 1754 enim
895 1701 1065 1770 diligit
1098 1701 1319 1766 Filium,
1345 1713 1390 1755 et
1415 1704 1588 1756 omnia
1615 1703 1690 1756 illi
1715 1704 1770 1756 in
1803 1720 1989 1756 manus
2019 1706 2108 1756 de—

2217 509 2430 560 πάντων
2459 509 2758 580 χωροῦντα,
2788 510 2884 562 καί⁸
2913 513 3026 573 τοῖς
3051 511 3215 563 πᾶσιν
3253 509 3663 574 ἐπιστατοῦντα,
3691 511 3786 562 καὶ

2214 598 2312 660 τὰς
2365 597 2422 662 ἐξ
2478 600 2642 652 αὑτοῦ
2701 599 2966 670 χορηγίας
3018 599 3340 670 ἐπάρδοντα.
3407 600 3630 654 Πάντων
3676 599 3782 672 γὰρ

2214 691 2443 762 ἁθρόως,
2478 693 2585 744 τῶν
2618 710 2676 748 τε
2705 693 3095 764 κατ’-οὐρανὸν,
3131 693 3223 746 καὶ
3255 693 3361 746 τῶν
3405 694 3496 746 ἐπὶ
3533 694 3636 763 γῆς
3677 711 3786 748 ποι·

2217 783 2352 851 μένα
2403 782 2499 835 καὶ
2541 783 2788 854 Σωτῆρα.
2837 783 3105 854 κηδεμόνα
3155 800 3215 836 τε
3263 782 3358 835 καὶ
3403 782 3639 850 φύλακα,
3693 782 3786 836 καὶ

2217 873 2397 944 ἰατρὸν
2421 914 2435 936 ,
2485 874 2580 926 καὶ
2628 874 2962 946 κυϐερνήτην
3013 875 3172 946 μόνον
3223 875 3408 928 αὑτὸν,
3439 875 3468 926 ὁ
3519 874 3788 942 γεννήσας

2215 965 2454 1032 ἀνέδειξε
2507 966 2717 1036 Πατὴρ,
2763 969 2862 1038 τῆς
2899 967 3006 1020 τῶν
3048 967 3184 1020 ὅλων
3231 963 3542 1030 συστάσεώς
3589 982 3648 1018 τε
3690 965 3782 1018 καὶ

2212 1057 2528 1127 διοικήσεως
2573 1057 2717 1128 μόνῳ
2737 1059 2860 1121 τοὺς
2887 1056 3080 1122 οἴακας
3095 1058 3229 1127 MT)
3247 1055 3558 1127 ἐγχειρίσας
3577 1074 3588 1084 ·
3607 1055 3635 1108 ὃ
3651 1055 3786 1108 διδά-

2217 1166 2333 1201 σκει
2374 1147 2545 1216 λέγων
2579 1149 2768 1213 αὐτός’
2821 1149 3026 1202 Πάντα
3061 1165 3162 1218 μοι
3205 1148 3500 1216 παρεδόθη
3533 1148 3648 1202 ὑπὸ
3676 1143 3780 1202 τοῦ

2212 1241 2440 1309 Πατρός
2449 1259 2587 1309 μου.
2607 1241 2716 1296 Καὶ
2731 1237 2904 1305 αὖθις,
2923 1240 3101 1310 Ὅγὰρ
3119 1240 3316 1310 Πατὴρ
3335 1239 3498 1309 φιλεῖ
3515 1233 3780 1298 τὸνΐῐὸν,

2214 1333 2310 1384 καὶ
2341 1333 2538 1386 πάντα
2563 1332 2822 1385 δέδωκεν-
2857 1333 2927 1384 er
2953 1331 3028 1399 τῇ
3065 1331 3218 1400 χειρὶ
3247 1331 3453 1386 αὐτοῦ.
3496 1330 3553 1384 '0
3579 1331 3646 1395 δ’,
3693 1324 3782 1382 οἷα

2215 1425 2376 1494 σοφὸς
2402 1424 2758 1494 κυϐερνήτης,
2791 1423 2881 1476 τὸν
2904 1423 3104 1494 κλῆρον
3132 1421 3283 1494 παρὰ
3305 1421 3399 1476 τοῦ
3428 1421 3639 1492 Πατρδς
3661 1421 3782 1474 ὑπο-

2209 1515 2547 1585 δεδεγμένος,
2583 1513 2778 1577 ἐπιϐὰς
2808 1514 2900 1566 τοῦ
2953 1515 3264 1584 σύμπαντος
3310 1515 3536 1583 κόσμου,
3580 1515 3690 1568 ἄνω
3721 1531 3780 1566 τε

2213 1607 2348 1678 πρὸς
2371 1609 2462 1660 τὸν
2489 1608 2654 1661 αὑτοῦ
2677 1608 2893 1677 Πατέρα
2920 1607 3152 1676 βλέπων,
3183 1607 3304 1674 ἄγει
3325 1607 3415 1662 καὶ
3441 1606 3594 1676 φέρει
3617 1605 3782 1674 πηδα-

2209 1702 2432 1773 λιουχῶν
2459 1704 2520 1755 τὸ
2541 1704 2666 1766 πᾶν,
2697 1704 2816 1756 οὑδὲ
2855 1704 2917 1756 τὸ
2961 1700 3320 1772 σμικρότατον
3367 1698 3476 1752 τῶν
3517 1697 3779 1770 δεομένων

538 1793 614 1844 dit
639 1793 705 1844 ⁷¹.
753 1791 909 1859 Isque
955 1791 1100 1846 velut
1155 1793 1388 1858 prudens
1421 1795 1752 1864 gubernator
1797 1794 2100 1864 quispiam,

2211 1793 2311 1864 τῆς
2359 1793 2419 1860 ἐξ
2471 1793 2636 1846 αὑτοῦ
2681 1793 2943 1866 χορηγίας
2985 1791 3260 1864 παρορῶν,
3291 1789 3398 1842 οὐδ’
3428 1787 3780 1860 ὑπερφρονῶν

538 1893 740 1937 sortem
771 1885 916 1940 illam
949 1887 1036 1940 ubi
1073 1887 1139 1940 de
1168 1887 1325 1940 Patre
1357 1898 1689 1957 susceperat,
1738 1903 1900 1957 super
1949 1906 2103 1942 mun-

538 1977 664 2030 dum
708 1982 1008 2033 ascendens
1047 1981 1361 2034 universum
1389 2021 1405 2048 ,
1437 1997 1757 2049 sursumque
1791 1983 1857 2036 ad
1892 1981 2104 2035 Patrem

539 2085 696 2122 suum
725 2071 970 2131 intuitus.
1003 2073 1408 2125 universitatem
1459 2085 1638 2124 rerum
1671 2073 1817 2142 agit,
1857 2071 1959 2127 fert
1991 2087 2107 2128 mo-

539 2163 780 2215 derando
815 2162 1049 2232 singula,
1083 2177 1182 2216 nec
1213 2162 1294 2216 vel
1331 2163 1722 2218 minutissimas
1755 2179 1840 2218 res
1883 2179 1982 2234 ope
2027 2165 2108 2235 ip-

539 2253 650 2308 sius
683 2269 952 2324 operaque
981 2255 1283 2322 indigentes
1303 2295 1318 2319 ,
1349 2255 1567 2324 insuper
1608 2256 1808 2322 habet,
1839 2261 1930 2310 aut
1961 2258 2108 2312 vilis-

538 2347 704 2400 simas
741 2346 1042 2414 despecturi.
1095 2345 1340 2416 Cumque
1387 2347 1590 2416 jugiter
1639 2347 1860 2402 assistat
1911 2349 2100 2403 horum

537 2441 764 2510 singulis
787 2479 801 2503 ,
839 2440 1034 2508 cuique
1065 2441 1141 2492 rei
1175 2439 1368 2494 dividit
1405 2456 1467 2494 ea
1501 2455 1618 2509 quae
1666 2441 1972 2494 conducunt
2005 2457 2020 2494 :
2052 2451 2106 2494 et

537 2545 793 2602 tanquam
829 2533 1068 2587 medicus
1115 2533 1422 2602 suppeditat
1479 2533 1772 2597 universis,
1807 2547 1926 2601 quae
1958 2531 2106 2586 salu-

537 2636 642 2680 tem
688 2625 936 2680 videntur
1004 2625 1251 2680 allatura.
1309 2625 1444 2678 Hinc
1491 2625 1778 2680 admodum
1818 2638 2056 2692 congrue
2086 2663 2101 2688 ,

535 2735 710 2786 neque
743 2719 907 2771 vitam
945 2717 1274 2771 abhorrebat
1303 2718 1614 2786 victumque
1646 2718 1960 2770 humanum.
1995 2714 2101 2770 Sed

535 2826 658 2864 cum
689 2811 756 2863 ab
787 2809 932 2862 omni
956 2819 1098 2862 retro
1129 2809 1474 2876 antiquitate,
1507 2807 1804 2862 subsidium
1839 2805 2102 2862 submini-

533 2899 742 2952 strabat
794 2897 1095 2960 atlluenter,
1131 2897 1440 2958 hominibus
1495 2896 1586 2964 qui
1642 2911 1670 2949 a
1705 2889 1904 2950 saeculo
1951 2894 2103 2948 vixe-

533 3000 684 3054 runt,
741 2989 850 3043 Deo
880 2991 1020 3042 caris
1051 3001 1102 3040 et
1139 2989 1332 3048 amicis
1364 3008 1377 3042 :
1416 3003 1557 3042 nunc
1579 2987 1814 3040 humana
1841 2987 2010 3042 forma
2041 3003 2100 3043 se

533 3080 972 3150 conspiciendum
1021 3079 1303 3132 insinuans
1349 3079 1645 3148 majoribus
1701 3078 2094 3134 Hebraeorum:

533 3185 676 3228 nunc
721 3186 850 3225 vero
883 3169 1115 3237 posteris
1153 3169 1398 3235 illorum,
1465 3168 1610 3238 leges
1655 3169 1786 3238 ipsis
1835 3185 2100 3240 congruas

531 3263 882 3334 promulgans
916 3280 930 3316 :
969 3269 1026 3315 et
1054 3269 1328 3328 postremo
1357 3275 1454 3328 per
1481 3260 1791 3330 pr0phetas,
1822 3262 2101 3316 vaticiniis

531 3354 722 3418 variis,
757 3353 896 3422 apud
942 3352 1316 3422 posteritatem
1341 3391 1356 3412 ,
1393 3366 1547 3405 suam
1571 3351 1805 3405 divinam
1840 3354 1978 3407 inter
2005 3353 2102 3407 ho-

533 3447 710 3502 mines
739 3443 1197 3514 dispensationem
1235 3441 1405 3496 ntulto
1431 3451 1558 3496 ante
1585 3443 1934 3498 annuntians.
1958 3442 2102 3510 Qua-

532 3554 653 3592 rum
683 3519 925 3608 quidem,
957 3535 1094 3604 apud
1125 3533 1377 3588 saeculum
1417 3535 1565 3603 prius
1595 3535 1935 3590 oraculorum
1958 3551 2102 3590 com-

529 3631 884 3698 plementum,
937 3627 1026 3680 ubi
1065 3637 1275 3694 tempus
1307 3626 1640 3693 advenerat,
1671 3619 2046 3695 consignatum
2076 3669 2091 3692 ,

531 3720 706 3790 reipsa
735 3717 986 3773 effectum
1021 3717 1191 3770 dedit.
1232 3717 1439 3782 Suique
1471 3714 1695 3783 factum,
1731 3724 1790 3770 ut
1819 3716 2094 3786 deinceps,

530 3811 668 3880 apud
713 3809 965 3862 homines
1013 3809 1250 3860 humano
1291 3821 1442 3861 more
1471 3816 1808 3864 versaretur.
1861 3807 2098 3878 Eratque

529 3900 840 3968 unigenitus
887 3899 976 3953 Dei
1019 3897 1188 3952 Filius
1220 3897 1356 3964 ipse.
1401 3897 1494 3966 qui
1537 3897 1588 3952 in
1625 3898 1858 3968 imagine
1889 3900 2094 3965 divina,

525 3992 631 4048 hoc
663 4001 747 4046 est
771 4005 1001 4059 corpore
1029 3991 1390 4043 instrumento
1421 4028 1436 4053 ,
1467 4005 1591 4043 cum
1625 3989 1863 4046 humano
1902 4007 2098 4062 genere

525 4082 992 4139 conversationem
1026 4081 1213 4134 habuit
1241 4121 1255 4145 ,
1287 4080 1527 4134 docendo
1549 4121 1562 4145 ,
1593 4083 1836 4136 sanando
1860 4125 1874 4148 ,
1903 4084 2097 4138 divinat

523 4190 636 4232 sua:
683 4174 964 4244 sapientia:
1004 4171 1264 4226 inetl‘abili
1318 4171 1564 4226 doctrina
1611 4174 1992 4229 tnstituendo:
2033 4183 2090 4240 »Β

521 4269 723 4337 quique
760 4267 955 4330 adhuc,
989 4265 1052 4318 ad
1084 4275 1271 4319 nutum
1313 4265 1392 4319 sui
1426 4263 1603 4318 Patris
1634 4305 1647 4330 ,
1684 4271 1750 4322 de
1783 4268 2095 4323 misericor-

519 4361 607 4415 dia
641 4357 758 4428 cjus
787 4357 1138 4428 exsuperanti
1173 4372 1344 4425 usque
1373 4356 1438 4410 ad
1474 4367 1660 4426 portas
1687 4361 1876 4413 mortis
1901 4364 2090 4426 evasit,

2213 1885 2319 1937 τῶν
2371 1885 2742 1958 βραχυτάτων.
2783 1885 2874 1938 Διὸ
2900 1883 2984 1956 δὴ,
3024 1886 3134 1946 τοῖς
3161 1883 3345 1944 πᾶσιν,
3367 1880 3490 1934 ἐπεὶ
3519 1881 3780 1951 πάρεστιν

2214 1977 2454 2046 ἑκάστῳ,
2489 1975 2668 2046 νέμων
2693 1975 2762 2029 τὰ
2793 1975 3096 2046 πρόσφορα,
3125 1976 3189 2044 τῇ
3227 1990 3284 2026 τε
3317 1973 3422 2024 τῶν
3461 1970 3594 2024 ὅλων
3622 1970 3776 2041 θερα-

2215 2069 2341 2140 πείᾳ
2373 2069 2528 2138 δίκην
2561 2067 2744 2139 ἰατροῦ
2783 2065 2850 2120 τὰ
2890 2067 3125 2138 ἁρμόδια
3151 2065 3284 2135 πρὸς
3313 2062 3584 2134 σωτηρίαν
3611 2063 3780 2132 ἐπαρ-

2213 2159 2342 2213 κῶν.
2382 2159 2542 2213 Ὅθεν
2576 2161 2799 2218 εἰκότως
2831 2159 2950 2212 οὑδέ
2993 2157 3086 2210 τοῦ
3113 2157 3230 2210 κατ’
3266 2155 3548 2226 ἄνθρωπον
3581 2154 3776 2225 ὑπερε-

2213 2257 2447 2328 φρόνησε
2500 2254 2638 2325 βίου,
2693 2253 2828 2306 ἀλλὰ
2885 2254 2978 2306 καὶ¹
3032 2249 3214 2305 πάλαι
3247 2251 3512 2321 πρότερον
3557 2251 3668 2310 τοῖς
3717 2247 3776 2312 ἐξ

2211 2348 2402 2410 αἰῶνος
2432 2347 2698 2416 φιλοθέοις
2727 2345 2950 2416 ἀνδράσι
2981 2343 3076 2416 τὴν
3101 2343 3160 2408 ἐξ
3185 2341 3347 2396 αὑτοῦ
3379 2343 3636 2412 παρεῖχεν
3665 2341 3782 2392 ἐπι-

2211 2441 2451 2510 κουρίαν,
2486 2435 2588 2494 ὦδε
2625 2441 2722 2510 μὲν
2757 2437 3078 2509 ἀνθρωπείῳ
3113 2438 3345 2508 σχήματι
3369 2437 3480 2496 τοῖς
3513 2431 3776 2502 Ἑϐραίων

2211 2531 2578 2602 προπάτορσιν
2603 2530 3039 2600 ἐπιφαινόμενος,
3063 2522 3162 2580 ὧδε
3185 2527 3241 2579 δὲ
3275 2527 3384 2587 τοῖς
3404 2524 3606 2577 τούτων
3643 2523 3778 2575 ἀπο-

2207 2623 2382 2690 γόνοις
2420 2621 2708 2692 ἀρμοδίους
2755 2621 3165 2690 διαταττόμενος
3215 2619 3428 2688 νόμους,
3479 2615 3576 2686 ’ήδη
3605 2613 3662 2666 δὲ
3683 2613 3780 2668 κα*⁵

2206 2717 2317 2777 τοῖς
2348 2715 2656 2784 μετέπειτα,
2685 2713 2772 2766 διὰ
2801 2712 3110 2784 προφητῶν,
3143 2709 3438 2781 μελλούσης
3464 2705 3624 2760 αὑτοῦ
3655 2706 3773 2758 θεο-

2207 2807 2430 2876 φανείας
2456 2807 2654 2860 ἅπασιν
2679 2806 2974 2876 ἐκλάμψειν
2997 2800 3566 2876 ἀνθρώποις,ἐξεδίδου
3593 2797 3776 2850 θεσπί-
3825 2863 3836 2874 ,

2209 2917 2406 2968 σματα.
2459 2899 2546 2961 Ὡς
2591 2899 2647 2951 δὲ
2689 2899 2718 2951 ὁ
2763 2897 2876 2967 (48)
2931 2896 3132 2949 τούτων
3183 2893 3520 2965 προσήλαυνε
3563 2891 3771 2962 χρόνος,

2205 2993 2384 3064 ἔργοις
2441 2990 2674 3061 ἐπλήρου
2727 2989 2970 3042 παλαιῶν
3023 2987 3286 3058 χρησμῶν
3337 2984 3770 3054 ἀποτελέσματα,

2207 3068 2300 3135 καί
2329 3082 2392 3153 δὴ
2423 3081 2601 3154 παρῆν
2623 3080 2808 3135 λοιπὸν
2841 3077 3042 3150 ἀναμὶξ
3068 3078 3145 3149 τῷ
3177 3076 3352 3146 θνητῷ
3383 3075 3482 3146 βίῳ
3513 3074 3621 3143 (49)
3651 3089 3776 3126 συν-

2127 3149 2170 3206 c
2205 3149 2616 3244 αγελαξόμενος.
2667 3173 2836 3236 Αὐτός
2891 3149 2956 3224 τε
3005 3167 3075 3242 ἦν
3117 3172 3145 3222 ὁ
3181 3169 3274 3222 τοῦ
3301 3168 3434 3220 Θεοῦ
3481 3163 3772 3252 μονογε

2203 3269 2348 3332 Υἱὸς,
2373 3269 2447 3330 ὼς
2471 3268 2529 3318 ἐν
2558 3265 2831 3336 ἀγάλματι
2861 3264 3010 3335 θείῳ,
3037 3263 3112 3334 τῷ
3139 3264 3230 3316 τοῦ
3261 3261 3509 3332 σώματος
3535 3259 3770 3330 ὀργάνῳ,

2199 3360 2278 3430 τῷ
2331 3360 2436 3414 τῶν
2486 3359 2784 3430 ἀνθρώπων
2829 3357 3139 3429 καθομιλῶν
3185 3357 3332 3424 γένει
3379 3353 3768 3417 διδασκαλίαις,

2201 3451 2514 3524 θεραπείαις
2539 3451 2722 3504 ἐνθέου
2759 3451 2950 3520 σοφίας
2973 3489 2988 3510 ,
3023 3451 3352 3520 ἀπορρήτοις
3384 3447 3766 3515 παιδεύμασιν.

2201 3545 2310 3617 (50)
2347 3545 2482 3615 Ἤδη
2527 3543 2582 3596 δέ
2632 3543 2809 3595 αὑτῶν
2857 3541 3018 3612 μέχρι
3067 3539 3294 3593 θανάτου
3345 3539 3526 3592 πυλῶν
3573 3537 3768 3616 ᾕλαυνε

2201 3635 2464 3708 πατρικοῦ
2510 3633 2774 3704 νεύματος
2817 3631 3226 3704 ὑπερϐαλλούσῃ
3260 3629 3654 3700 φιλανθρωπίᾳ,
3693 3627 3770 3692 ὡς

2199 3725 2265 3777 ἂν
2293 3725 2386 3777 καὶ
2426 3723 2550 3786 τοὺς
2583 3723 2707 3794 τῇδε
2756 3723 2856 3791 τῆς
2899 3721 3093 3774 ἐαυτοῦ
3129 3719 3482 3784 καταξιὼσειε
3525 3719 3768 3791 χάριτος,

2199 3815 2292 3868 ἐπὶ
2340 3815 2437 3886 τὴν
2487 3815 2613 3886 παρ’
2651 3812 2799 3883 αὐτῷ
2843 3813 2986 3877 ζωὴν
3022 3812 3390 3883 παρελκύσας.
3440 3809 3596 3864 (Victo
3635 3809 3768 3873 @zbc

2195 3903 2261 3976 ἦν
2295 3907 2353 3957 ἐν
2383 3905 2598 3976 Χριστῷ
2640 3904 2841 3975 κόσμον
2877 3903 3258 3957 καταλλάσσων
3287 3901 3494 3972 ἐαυτῷ·
3537 3901 3631 3954 καὶΙ
3668 3899 3769 3971 τὴν

2197 3999 2458 4069 ένσαρκον
2499 3998 2788 4068 ὑπέμεινεν
2835 3997 3166 4066 οἰκονομίαν,
3209 3996 3388 4067 προὼν
3439 3995 3536 4066 μὲν
3575 3993 3764 4064 αὑτῆς,

2157 4105 2160 4108 ·
2196 4090 2288 4142 καὶ
2315 4089 2702 4160 προῦπάρχων,
2741 4089 2951 4158 θεότητι
2982 4087 3254 4158 πατρικῆς
3279 4088 3436 4157 δόξης
3469 4083 3768 4156 τετιμημέ-

2195 4199 2281 4244 νος
2301 4200 2314 4212 ·
2342 4181 2402 4234 οὑ
2429 4181 2534 4252 μὴν
2571 4201 2588 4231 ι
2609 4181 2898 4251 ἁρπαγμὸν
2927 4179 3224 4250 ἡγούμενος
3251 4179 3311 4232 τὸ
3339 4174 3478 4231 εἶναι
3510 4179 3600 4230 ἴσα
3623 4175 3763 4248 Θεῷ,

2199 4293 2216 4322 ι
2247 4273 2434 4326 ἑαυτὸν
2471 4272 2516 4325 δ’
2545 4269 2637 4326 οὖν
2667 4271 2927 4334 κενώσας,
2967 4273 3061 4325 καὶ
3107 4274 3318 4341 μορφὴν
3345 4272 3536 4325 δούλου
3563 4270 3762 4336 λαϐὼν,

2199 4383 2216 4414 t
2252 4364 2608 4416 ἐταπείνωσεν
2640 4363 2849 4426 ἐαυτὸν,
2883 4363 3120 4434 ὑπήκοος
3157 4363 3236 4434 τῷ
3272 4364 3445 4432 Πατρὶ
3477 4361 3764 4431 γενόμενος

517 4467 626 4524 quo
654 4463 709 4505 et.
741 4450 894 4515 illos,
927 4450 1018 4520 qui
1069 4449 1141 4504 ibi
1193 4450 1598 4516 detinebantur,
1639 4453 1825 4521 gratia:
1875 4469 2090 4522 quoque

2200 4475 2216 4506 ι
2256 4455 2417 4527 μέχρι
2473 4455 2722 4520 θανάτου,
2765 4475 2783 4506 ι
2843 4457 2928 4518 ἵν’,
2987 4453 3175 4525 ὥσπερ
3215 4456 3243 4507 ὁ
3284 4454 3509 4517 θάνατος
3551 4453 3617 4506 δι’
3645 4453 3764 4516 ἐνὸς

517 4545 810 4615 participes
841 4559 952 4598 suae
989 4541 1192 4597 faceret
1217 4583 1231 4606 ,
1265 4543 1328 4595 ad
1354 4541 1519 4594 vitam
1555 4557 1657 4594 una
1681 4555 1860 4598 secum
1909 4551 2089 4602 extra-

517 4651 654 4696 ctos.
701 4641 781 4692 Ad
815 4637 976 4692 istum
1003 4635 1224 4690 modum
1259 4636 1398 4689 Deus
1430 4635 1482 4688 in
1528 4635 1743 4690 Christo
1765 4645 1904 4699 erat,
1933 4653 2087 4690 mun-

514 4734 640 4788 dttnt
671 4730 1033 4786 reconcilians
1080 4729 1221 4783 sibi:
1256 4728 1336 4782 sic
1371 4729 1423 4780 in
1456 4743 1620 4783 carne
1669 4729 1842 4782 obivit
1866 4743 2084 4784 (necno-

514 4828 678 4882 miam
711 4865 727 4890 ,
763 4831 1051 4893 antequam
1086 4823 1200 4890 ipse
1258 4821 1622 4883 subsistebat,
1666 4821 1950 4875 divinitate
2001 4837 2084 4890 pa-

509 4927 680 4972 ternae
707 4917 894 4988 gloriae
937 4915 1234 4970 honoratus
1263 4930 1278 4967 :
1313 4928 1418 4967 tton
1455 4913 1932 4994 rapinaruducens
1964 4926 2084 4967 esse

2194 4547 2609 4618 ἁμαρτήσαντος
2653 4539 2942 4618 ἀνθρώπου
2983 4547 3182 4608 παντὸς
3233 4546 3622 4616 κατεκυρίευσε
3669 4545 3763 4614 γέ-

2193 4617 2336 4701 νους,
2375 4637 2516 4690 οὕτω
2543 4637 2634 4690 καὶ
2666 4639 2698 4710 ἡ
2733 4617 2946 4702 αἰώνιος
2975 4617 3087 4710 ζωὴ
3109 4638 3195 4692 διὰ
3225 4638 3326 4708 τῆς
3354 4638 3522 4691 αὑτοῦ
3541 4637 3764 4708 χάριτος

2192 4729 2300 4782 τῶν
2360 4731 2471 4804 (5i)
2520 4734 2599 4795 εἰς
2653 4731 2814 4784 αὑτὸν
2871 4731 3280 4802 [πιστευόντων]
3343 4731 3438 4782 καὶ
3489 4730 3554 4782 δι’
3596 4729 3760 4784 αὑτοῦ

2191 4821 2267 4892 τῷ
2314 4822 2431 4894 Θεῴ
2483 4825 2574 4876 καὶ
2606 4825 2779 4894 Πατρὶ
2817 4823 2980 4877 αὑτοῦ
3029 4823 3463 4894 γνωριζομένων,
3516 4821 3760 4893 βασιλεύ-

2193 4932 2354 4970 σειεν.

506 5012 772 5082 aequalem
818 5013 964 5076 Deo,
993 5010 1341 5078 semetipsum
1378 5019 1558 5062 tamen
1603 5007 1929 5062 exinaniens
1956 5050 1971 5074 ,
2026 5017 2080 5063 et
2119 5009 2346 5064 formam
2417 5001 2556 5068 servi
2632 5027 2914 5070 assumens
2941 5055 2956 5082 ,
3003 5013 3307 5069 bumiliavit
3333 5027 3393 5068 se
3423 5011 3596 5068 factus
3624 5011 3754 5068 obe-

592 5204 651 5260 ῇ
686 5195 783 5250 Ed.
817 5195 1014 5258 Paris.,
1041 5149 1164 5265 pag.
1190 5195 1276 5248 75.
1367 5196 1413 5227 "°
1443 5194 1630 5252 Matth.
1654 5213 1731 5264 tu,
1757 5195 1845 5250 27.
1923 5197 1966 5228 ⁷¹
1991 5195 2146 5252 Joan.
2179 5213 2261 5262 ttt,
2288 5199 2374 5252 335.

576 5415 1264 5488 (47Ἳῄνιιιςςρέγχειρήσας
1284 5427 1336 5470 et
1367 5418 1534 5470 πᾶσιν
1573 5418 1694 5469 ἐπεὶ
1733 5417 1992 5488 πάρεστιν
2037 5427 2089 5472 et

501 5478 546 5554 ᾧ
579 5487 632 5538 δὲ
667 5478 764 5556 μέν
798 5478 1124 5548 είῶδετοῖς.

577 5557 688 5624 (48)
730 5557 792 5607 Ὀ
835 5557 1062 5608 τούτων
1108 5557 1503 5623 προσέλαυνε.
1562 5558 1796 5611 Τούτων.
1843 5557 2081 5623 Nempe,

503 5627 698 5699 quibus
739 5625 1064 5699 πολυμερῶς
1107 5627 1210 5699 ’καὶ
1261 5629 1636 5699 πολυτρόπως,
1699 5639 1880 5694 patres
1947 5629 2076 5699 olim

509 5697 772 5751 allocutus
801 5696 892 5768 est
918 5713 930 5748 :
966 5696 1392 5768 ideolcgcmlum
1419 5696 1743 5768 παρέλαυνε,
1769 5698 2030 5768 βτεξεᾼιειτὶἰι
2057 5716 2072 5752 :

515 5767 745 5837 explicat
771 5767 935 5832 enint,
967 5767 1106 5836 quod
1142 5767 1358 5838 ponitur
1387 5785 1413 5823 a
1455 5766 1514 5822 BL
1565 5767 1726 5823 Paulo
1755 5769 1822 5822 ad
1851 5766 1981 5824 lleb.
2021 5783 2068 5834 t,

2390 5450 2454 5458 —-
2491 5418 2604 5472 Mox
2634 5420 2792 5493 vulgo
2816 5421 2906 5474 καὶ
2937 5421 3243 5493 δέηπαρείη.

2255 5489 2366 5564 (_
2389 5490 2956 5564 ξυναγεᾼαζόμενος.
2985 5489 3144 5558 Forte
3172 5489 3637 5564 συναυλιζόμενος.
3669 5491 3750 5548 Μ.-

2255 5559 2367 5634 (50)
2395 5559 2562 5634 Ynlgo
2590 5560 2688 5634 ήδη
2714 5562 2776 5634 δή
2803 5575 2857 5615 et
2879 5561 2984 5631 Mp.
3015 5579 3106 5634 γρ.
3139 5565 3266 5634 ᾇδου
3310 5565 3426 5618 loco
3460 5559 3741 5629 θανάτους

2181 5629 2300 5682 dein
2349 5629 2510 5700 vulgo
2537 5629 2621 5701 τῇ
2661 5629 2890 5703 θεότητι,
2918 5629 2970 5686 et
3022 5629 3111 5686 ἴσα
3151 5629 3216 5688 ἐι
3246 5635 3363 5697 ἐνὸς
3405 5635 3758 5705 ἁμαρτανονο.

2211 5717 2286 5763 Ος;

2247 5771 2475 5837 (51)]Ξὶς
2492 5775 2696 5832 αὐτόν.
2713 5773 2750 5826 Λ
2763 5785 2942 5838 pparct
2969 5777 3152 5832 deesse
3175 5777 3260 5832 hic
3277 5777 3650 5830 πιστευόντων.
3667 5771 3738 5830 Μ.
