4158 6390
528 354 630 410 855

1192 345 1461 404 EUSEBII
1499 341 1979 401 CASSABIENSIS
2013 340 2164 399 OPP.
2206 340 2387 397 PARS
2426 339 2512 396 IV.
2539 368 2605 380 —
2643 336 3061 396 DOGMATICA.

3614 370 3621 375 ρ
3655 333 3762 393 856

531 490 548 521 s
587 470 733 525 daeos
762 466 1076 538 alloquitur,
1108 464 1198 534 qui
1228 473 1355 520 tunc
1376 464 1637 534 temporis
1664 477 1724 518 se
1752 461 1918 517 Deum
1949 462 2092 517 scire

2199 477 2218 512 ι
2256 459 2480 522 τοῦντας
2505 457 2551 512 δ’
2572 456 2734 514 αὑτοῦ
2777 457 2867 511 τὸν
2895 456 3088 524 Λόγον,
3135 454 3202 508 δι’
3227 446 3289 507 οῦ
3317 452 3478 524 μόνου
3498 448 3764 521 γινώσκε-

530 585 544 610 ι
590 561 1014 623 arbitrabantur,
1068 556 1300 611 Verbum
1330 566 1510 610 autem
1549 555 1643 610 Dei
1695 555 2087 624 repudiabant;

530 674 545 699 ι
586 665 695 719 quo
723 658 901 703 tamen
929 647 1017 701 ille
1054 647 1170 702 solo
1214 645 1541 701 intermedio
1576 642 1992 713 agnoscebatur,
2016 643 2094 697 ait

531 760 549 791 ι
591 742 757 796 enim:
792 737 959 793 Nemo
990 740 1127 793 novit
1160 736 1373 793 Patrem
1404 738 1503 791 nisi
1530 735 1726 803 Filius,
1745 744 1792 790 et
1813 736 1898 790 cui
1920 733 1967 787 F
1970 735 2092 791 ilius

533 851 551 883 ι
587 831 829 887 rerelabil
852 830 921 885 ⁷³.
947 830 1083 885 Nam
1114 845 1235 886 cum
1271 830 1378 885 alio
1405 829 1596 899 quovis
1641 828 1800 883 modo
1847 826 2095 897 impossi-

535 943 552 974 ι
596 922 701 977 bile
729 921 919 978 fuisset
972 901 1299 993 cognoscere
1331 921 1518 988 Deum,
1575 934 1672 991 per
1715 934 1870 974 suum
1926 918 2095 987 ipsius

532 1036 550 1066 ε
599 1015 853 1081 Verbum,
888 1015 968 1069 sui
992 1016 1352 1085 cognitionem
1387 1014 1694 1069 hominibus
1726 1012 1867 1067 Deus
1893 1012 2091 1081 imper-

530 1125 551 1159 ι
588 1107 782 1173 tiebat,
814 1117 874 1163 ut
901 1121 1119 1163 errasse
1153 1106 1301 1160 illum
1335 1105 1640 1160 certissime
1687 1113 1920 1165 constet,
1972 1118 2093 1158 cum

538 1216 557 1250 s
596 1212 769 1267 neque
794 1197 1006 1254 Patrem
1041 1199 1311 1254 exactiore
1346 1198 1523 1259 modo,
1560 1211 1735 1266 neque
1764 1196 1881 1264 ejus
1901 1194 2093 1250 Filium

542 1310 561 1342 ι
603 1291 945 1363 intelligeret.
986 1312 1005 1349 ι
1040 1292 1166 1348 llzec
1203 1291 1315 1362 ipsa
1342 1290 1633 1347 Marcellus
1680 1290 1958 1345 mandavit
2012 1290 2097 1351 lite

538 1386 689 1452 teris,
722 1385 848 1441 dum
886 1400 945 1441 se
980 1386 1090 1439 vult
1116 1399 1350 1455 purgare
1393 1400 1423 1437 a
1450 1384 1755 1455 suspicione
1786 1384 1931 1438 omni
1990 1381 2096 1436 Sa-

531 1480 850 1536 bellianismi
884 1498 896 1534 :
928 1479 1019 1535 sed
1052 1479 1235 1547 lingua
1274 1486 1479 1532 tantum
1509 1488 1563 1532 et
1594 1490 1726 1531 voce
1756 1484 1931 1530 tenus.
1964 1474 2095 1528 Nam

529 1582 791 1640 quantum
826 1573 892 1627 ad
921 1571 1083 1626 animi
1110 1571 1432 1625 sententiam
1461 1570 1569 1632 sui,
1606 1578 1812 1624 etcum
1864 1567 1958 1622 illo
2000 1567 2099 1621 ho-

532 1665 674 1717 mine
700 1663 1124 1733 conspirantem,
1156 1662 1345 1716 iisdem
1397 1662 1594 1731 quibus
1620 1660 1727 1723 ille,
1762 1659 1883 1716 telis
1930 1658 2096 1713 conli-

2197 572 2217 604 ι
2255 571 2343 607 ται
2379 553 2408 605 ὁ
2445 551 2594 615 Θεὸς,
2642 550 2825 619 ἔλεγεν
2847 562 2861 577 ⁶
2881 548 3094 613 Οὐδεὶς
3122 544 3488 617 ἐπιγινώσκει
3511 544 3619 597 τὸν
3644 546 3764 596 Πα-

2196 664 2215 697 ι
2254 644 2394 716 τέρα
2427 647 2480 699 si
2501 643 2589 715 μὴ
2622 647 2655 699 ὀ
2694 642 2854 707 Υἱὸς,
2877 640 2973 695 καὶ
3000 633 3137 707 ᾧᾶν
3155 642 3188 693 ό
3212 637 3338 703 Υἱὸς
3361 636 3758 704 ἀποκαλύψει.

2198 754 2217 787 ι
2256 735 2474 805 Ἐπειδὴ
2508 734 2618 806 γὰρ
2647 733 2908 787 ἀδύνατον
2940 726 3007 801 ἦν
3034 730 3233 802 ἑτέρως
3254 728 3453 798 γνῶναι
3490 728 3581 779 τὸν
3608 728 3759 791 Θεὸν,

2199 843 2218 879 ι
2256 824 2344 879 διά
2394 823 2488 879 τοῦ
2545 824 2674 895 ἰδίου
2728 823 2899 890 Λόγου
2944 806 3133 882 εἰδέναι
3190 819 3350 874 αὑτὸν
3388 819 3512 882 τοὺς
3551 817 3762 889 ιὶινθρὼ⁴

2198 936 2216 968 ι
2250 933 2384 980 πους
2421 915 2678 979 διδάσκει,
2713 914 2851 967 ὥστε
2874 910 3077 983 ὲσφάλη
3129 911 3226 982 μὲν
3260 911 3527 972 κάκεῖνος,
3571 909 3644 980 μὴ
3674 910 3764 962 τὸν

2199 1029 2218 1062 ι
2261 1010 2480 1082 Πατέρα
2528 1011 2623 1064 καί
2659 1010 2749 1063 τὸν
2792 1006 2980 1061 τούτου
3024 1006 3194 1074 Λόγον
3237 1004 3476 1075 ἀκριϐῶς
3524 1003 3700 1071 γνούς.
3737 1021 3757 1054 ι

2194 1102 2378 1158 Ταῦτα
2399 1102 2713 1175 Μάρκελλος
2743 1100 2948 1171 ἔγραφε
2973 1139 2987 1161 ,
3016 1098 3115 1168 τῆς
3152 1096 3242 1150 τοῦ
3277 1094 3614 1158 Σαϐελλίζειν
3640 1095 3766 1147 ὑπο-

2194 1197 2341 1260 νοίας
2375 1194 2655 1266 καθαίρων
2680 1193 2892 1256 ἑαυτὸν,
2929 1192 3089 1262 μέχρι
3120 1188 3305 1259 φωνῆς
3337 1188 3431 1240 καὶ
3461 1186 3618 1254 λόγου
3642 1204 3653 1215 ·
3694 1187 3761 1257 τῇ

2195 1303 2258 1355 γε
2289 1287 2385 1357 μὲν
2414 1284 2636 1358 γνώμῃ,
2668 1285 2759 1338 καλ⁸
2804 1286 2869 1355 τῇ
2907 1282 3041 1353 πρὸς
3080 1280 3168 1333 τὸν
3206 1278 3375 1349 ἀνδρα
3423 1276 3763 1357 ὁμοφροσύχῃ

2196 1377 2475 1432 ἁλίσκεται
2513 1381 2623 1440 τοῖς
2658 1378 2839 1439 αὐτοῖς
2891 1373 3082 1443 ἐκείνῳ
3131 1371 3578 1443 περιπειρόμενος
3621 1369 3766 1439 βέλε-

2199 1488 2302 1525 σιν.
2344 1469 2431 1533 Ὠς
2463 1468 2647 1540 ἔμοιγε
2675 1470 2769 1523 καὶ
2795 1469 2861 1522 δι’
2890 1467 3052 1539 εὐχῆς
3092 1464 3331 1536 ὑπῆρξεν
3364 1462 3428 1516 ἂν
3458 1462 3518 1514 τὸ
3548 1461 3621 1533 μὴ
3643 1461 3764 1515 τότε

2199 1564 2381 1626 αὐτοῖς
2418 1562 2580 1617 αὐτὸν
2609 1563 2924 1634 περιπεσεῖν
2951 1579 2964 1591 ·
3016 1558 3132 1617 νυνὶ
3174 1558 3230 1610 δὲ
3259 1556 3448 1610 κάκιον
3491 1555 3523 1625 ἢ
3559 1556 3766 1618 ἐκεῖνος

2200 1653 2532 1726 πλημμελῶν
2558 1656 2823 1724 φαίνεται.
2840 1654 2899 1706 '0
2915 1652 3013 1724 μὲν
3038 1650 3145 1722 γὰρ
3160 1650 3299 1719 τάχα
3328 1665 3428 1701 που
3465 1645 3767 1717 σφαλλόμε-

532 1769 631 1809 sus
672 1769 793 1810 esse
825 1754 1280 1823 deprehenditur,
1316 1762 1373 1807 ut
1423 1753 1551 1808 mihi
1585 1752 1801 1822 quidem
1855 1750 1984 1805 illud
2034 1750 2089 1803 in

2200 1763 2286 1810 νος
2305 1745 2486 1815 ἠγνόει
2511 1762 2524 1776 ’
2566 1748 2594 1799 ό
2626 1746 2703 1810 δὲ,
2732 1743 3008 1815 ὁμολογῶν
3028 1741 3292 1812 ἐσφάλθαι
3316 1739 3435 1811 (58)
3456 1739 3545 1793 τὸν
3574 1738 3767 1809 ἄνδρα,

529 1847 672 1902 votis
705 1846 799 1911 sit,
838 1861 907 1902 ne
944 1846 997 1901 in
1036 1844 1193 1912 hujus
1225 1844 1554 1900 mentionem
1596 1842 1899 1901 istiusmodi
1960 1841 2092 1896 inci-

2196 1838 2426 1892 κᾶπειτα
2473 1838 2633 1891 αὑτὸν
2679 1835 2834 1890 ὠθῶν
2886 1836 2977 1891 ἐπὶ
3011 1835 3103 1890 τὸν
3153 1832 3403 1906 προφανῆ
3452 1832 3550 1902 τῆς
3597 1830 3768 1900 αὖτῆς

530 1941 698 1995 disset
730 1958 743 1994 :
779 1938 921 1994 ultra
970 1939 1123 1994 illum
1146 1939 1347 2008 quippe
1375 1937 1587 1991 videtur
1634 1950 1952 2006 progressus
1988 1935 2092 1991 im-

2197 1930 2511 1994 δυσσεϐείας
2579 1929 2841 2001 κρημνὸν,
2915 1928 3169 1999 οὐδεμιᾶς
3242 1925 3439 1993 γένοιτ’
3489 1923 3555 1978 ἂν
3619 1922 3769 1987 ἄξιος

529 2031 749 2095 pietate.
784 2027 875 2083 llle
895 2028 1037 2082 enim
1062 2025 1329 2091 fortassis,
1358 2040 1454 2095 per
1478 2024 1839 2095 ignorantiam
1858 2023 2088 2081 erravit:

2200 2022 2547 2095 συγγνώμης.
2580 2022 2737 2095 ’Λλλά
2764 2023 2872 2094 γὰρ
2902 2018 3318 2091 διασκεψώμεθα
3345 2017 3412 2072 τά
3448 2017 3765 2087 λελεγμένα.

534 2126 592 2183 >14
630 2120 720 2175 ille
743 2130 944 2188 autem,
976 2122 1213 2189 quicum
1252 2122 1575 2175 confiteatur
1639 2118 1790 2174 illum
1826 2117 2097 2172 hominem
2138 2119 2444 2184 aberrasse,
2510 2128 2563 2173 et
2599 2128 2776 2173 tamen
2839 2121 3187 2188 semetipsum
3224 2116 3277 2171 in
3324 2114 3463 2173 idem
3507 2100 3769 2183 protrusit

530 2214 814 2271 manifeste
873 2214 1227 2285 pracipitium
1280 2214 1608 2284 impietatis,
1668 2214 1829 2269 venia
1870 2226 2091 2283 prorsus
2127 2214 2272 2279 omni
2300 2214 2573 2283 indignum
2604 2228 2663 2270 se
2693 2214 2961 2285 praestitit.
2989 2212 3099 2269 Sed
3154 2213 3269 2284 ipsa
3304 2211 3421 2283 ejus
3478 2210 3619 2266 dicta
3680 2211 3764 2264 in-

530 2306 924 2375 trospiciamus.

1136 2400 1288 2457 CAP.
1321 2400 1476 2473 lxvr.

530 2490 802 2556 Quomodo
832 2508 857 2546 e
900 2493 1011 2546 suis
1041 2493 1210 2561 ipsius
1237 2494 1403 2561 verbis
1427 2492 1829 2561 deprehenditur
1853 2492 2091 2549 eamdem

564 2562 732 2624 ipsam
764 2558 1070 2629 opinionem
1093 2578 1210 2615 cum
1242 2560 1474 2617 Subellio
1495 2558 1706 2629 ferere,
1749 2562 2057 2616 Marcellus.

598 2650 866 2722 imprimis
895 2653 1023 2707 illud
1052 2655 1262 2719 statuit,
1308 2669 1409 2708 nec
1440 2654 1728 2709 Sabellium
1763 2668 1863 2709 nec
1879 2652 2092 2709 Judaeos

527 2745 811 2812 agnovisse
848 2745 1034 2811 Deum,
1067 2760 1133 2799 eo
1157 2749 1299 2813 quod
1325 2745 1560 2800 Verbum
1594 2747 1929 2816 ignorabant.
1958 2745 2091 2800 Ver-

530 2836 655 2890 bum
690 2851 819 2892 vero
851 2835 1125 2906 quodnam
1174 2837 1534 2906 intelligebat,
1569 2837 1960 2906 dispiciendum
1993 2853 2091 2893 no-

524 2925 609 2981 bis
638 2936 741 2983 est.
794 2927 1071 2996 Siquidem
1134 2927 1326 2983 Filium
1368 2930 1457 2983 Dei
1506 2929 1861 2999 unigenitum,
1915 2929 2091 2984 subsi-

526 3030 758 3076 stentem
790 3021 970 3073 vivum
993 3033 1133 3084 esse,
1170 3020 1447 3075 enimvero
1482 3021 1622 3075 hunc
1650 3021 1721 3075 ita
1754 3034 1929 3091 neque
1955 3022 2095 3090 ipse-

2824 2397 2979 2453 ΚΕΦ.
3020 2396 3136 2463 Iq'.

2199 2490 2394 2555 Ὅπως
2431 2490 2742 2542 ἁλίσκεται
2773 2488 2870 2542 διὰ
2899 2489 3016 2541 τῶν
3042 2488 3228 2543 αὐτοῦ
3263 2488 3494 2556 φωνῶν,
3516 2486 3588 2541 τὰ
3618 2488 3780 2546 αὐτὰ.

2408 2558 2486 2624 τῷ
2514 2559 2810 2623 Σαϐελλίῳ
2840 2556 3100 2622 δοξάζων
3129 2561 3163 2613 ὀ
3189 2558 3563 2626 Μάρκελλος.

2268 2651 2490 2722 Πρῶτον
2531 2652 2629 2722 μὲν
2671 2646 2763 2704 οῦν
2808 2652 2946 2722 μήτε
2989 2650 3080 2703 τὸν
3115 2650 3421 2713 Σαὸέλλιον,
3458 2652 3595 2722 μήτε
3632 2652 3766 2704 Ἰου-

2196 2746 2377 2809 δαίους
2406 2745 2707 2815 ἠγνωκέναι
2722 2744 2809 2798 τὸν
2824 2744 2955 2797 Θεὸν
2971 2743 3094 2816 ἔφη,
3118 2743 3197 2815 τῷ
3219 2744 3293 2816 μὴ
3312 2744 3400 2797 τὸν
3412 2744 3580 2812 Λόγον
3595 2746 3770 2813 ἠγνω-

2199 2836 2353 2889 κέναι
2380 2835 2591 2900 αὐτούς.
2610 2835 2719 2906 (59)
2736 2834 3045 2905 Σκέψασθαι
3072 2835 3128 2889 δὲ
3165 2835 3270 2908 χρὴ
3309 2836 3488 2888 ὁποῖον
3518 2835 3769 2888 ὑποτίθε-

2198 2945 2287 2981 ται
2319 2928 2519 2996 Λόγοψ
2572 2927 2633 2979 El
2681 2926 2779 2997 μὲν
2811 2923 2920 2995 γάρ
2951 2925 3043 2979 τὸν
3077 2925 3203 2979 Υἱὺν
3226 2925 3321 2979 τοῦ
3366 2925 3499 2979 Θεοῦ
3534 2926 3625 2978 τὸν
3666 2942 3767 2997 μοο

2202 3020 2412 3091 νογενῆ,
2445 3019 2535 3073 τὸν
2568 3017 2875 3088 ὑφεστῶτα,
2926 3019 3015 3073 καὶ
3060 3018 3239 3083 ζῶντα
3260 3057 3275 3082 ,
3322 3016 3434 3091 ὀιλλζΙ
3470 3017 3576 3070 οὐδ’
3605 3016 3765 3080 αὐτὸς

529 3120 638 3164 met
669 3110 905 3179 agnm'il.
928 3109 1170 3180 Cumque
1219 3111 1472 3166 Servator
1511 3120 1695 3166 noster
1734 3112 2092 3167 diversimoole

2198 3110 2386 3165 τοῦτον
2420 3110 2580 3179 ἔγνω.
2612 3109 2816 3164 Αὐτίκα
2846 3110 2891 3164 δ’
2916 3104 3031 3174 οῦν,
3072 3110 3164 3163 τοῦ
3205 3110 3456 3181 Σωτῆρος
3480 3108 3634 3179 ἡμῶν
3656 3109 3768 3162 δια-

530 3200 853 3255 mentionem
890 3199 1009 3255 Filii
1065 3200 1297 3257 fecerit:
1341 3210 1394 3255 et
1437 3201 1711 3256 multoties
1742 3201 2089 3271 Uuigenitum

2198 3203 2377 3273 φόρως
2410 3201 2878 3273 μνημονεύσαντος
2908 3200 3001 3254 τοῦ
3044 3200 3194 3266 Υίοῦ,
3225 3201 3319 3254 καὶ
3365 3199 3622 3263 πολλάκις
3671 3216 3766 3270 μο-

529 3286 678 3341 illum
708 3287 1081 3358 appellaverit,
1114 3304 1215 3343 nec
1242 3289 1437 3342 alicubi
1471 3303 1531 3343 se
1558 3286 1794 3343 Verbum
1854 3288 2092 3341 nomina-

525 3377 685 3441 verit,
722 3377 815 3431 sed
855 3376 1054 3447 ubique
1080 3392 1174 3447 per
1192 3376 1478 3446 Evangelia
1514 3392 1573 3432 se
1596 3376 1688 3431 Dei
1724 3376 1915 3430 Filium
1940 3392 2095 3430 usur-

529 3468 739 3537 paverit
770 3486 783 3522 :
813 3468 881 3522 ob
911 3483 1137 3538 eamque
1168 3468 1341 3537 ipsam
1379 3467 1814 3532 confessionem,
1878 3466 2090 3521 Petrum

525 3560 739 3636 beatum
769 3559 1143 3627 praedicaverit
1186 3570 1407 3629 propter
1455 3560 1601 3615 illam
1643 3559 2037 3615 confessionem
2072 3574 2086 3610 :

527 3647 607 3703 Tu
644 3665 698 3703 es
721 3650 811 3703 ille
833 3648 1095 3714 Christus,
1128 3647 1303 3703 Filius
1335 3649 1430 3704 Dei
1459 3638 1563 3703 vivi
1587 3650 1633 3681 7"
1660 3665 1679 3702 :
1718 3650 1867 3719 Cujus
1896 3648 2095 3704 revela-

526 3738 726 3792 tionem
779 3754 809 3793 a
861 3738 1020 3793 Patre
1054 3738 1354 3810 profectam
1387 3741 1434 3795 ei
1478 3741 1616 3797 dixit
1644 3741 1964 3805 inuetuisse,
2001 3740 2089 3793 ubi

525 3832 877 3898 testificatur,
916 3831 1112 3887 Beatus
1146 3850 1221 3899 es,
1250 3833 1432 3888 Simon
1451 3832 1708 3903 Barjona,
1753 3836 1874 3904 quia
1898 3851 2022 3888 caro
2044 3845 2092 3887 et

525 3926 741 3996 sanguis
772 3927 868 3979 hoc
912 3927 1005 3979 tibi
1037 3942 1142 3980 non
1181 3927 1446 3993 reuelauit;
1488 3929 1578 3980 sed
1617 3925 1782 3981 Pater
1832 3944 1974 3981 meus
2003 3926 2090 3996 qui

525 4027 599 4071 est
624 4017 678 4070 in
702 4017 844 4071 caelis
898 4017 966 4073 ⁷⁵.
1011 4017 1109 4072 Vir
1137 4018 1238 4072 iste
1272 4018 1623 4081 admirabilis,
1663 4017 1945 4073 obturatas
1996 4018 2093 4071 ha-

526 4108 661 4164 bens
693 4123 876 4169 aures.
901 4108 1015 4162 haec
1043 4107 1259 4163 disertis
1301 4106 1482 4163 verbis
1534 4108 1721 4163 scribit
1752 4125 1764 4160 :
1803 4128 1823 4161 s
1857 4107 1923 4161 Et
1954 4109 2093 4163 hanc

525 4202 696 4269 ipsam
735 4198 806 4253 ob
833 4198 1094 4254 rationem
1123 4199 1306 4254 nullibi
1343 4215 1401 4255 se
1436 4198 1630 4253 Filium
1666 4199 1757 4257 Dei
1803 4200 2091 4264 nominat,

528 4290 729 4359 ubique
756 4297 936 4345 autem
959 4288 1155 4344 Filium
1211 4290 1468 4358 hominis,
1518 4298 1575 4344 ut
1605 4306 1700 4360 per
1752 4291 1891 4347 hanc
1935 4306 2090 4346 suam

524 4383 942 4449 confessionem,
976 4391 1162 4438 notum
1195 4381 1417 4446 faceret,
1454 4397 1575 4437 eum
1610 4382 1700 4452 qui
1752 4397 1937 4437 revera
1972 4392 2092 4438 erat

2196 3290 2386 3362 νογενῆ
2422 3290 2548 3347 Υίὸν
2588 3291 2916 3356 ἀνειπόντος,
2952 3289 3047 3345 καὶ
3075 3290 3341 3362 μηδέποτε
3368 3290 3539 3357 Λόγον
3579 3288 3767 3341 ἑαυτὸν

2194 3384 2648 3447 ἀποκαλέσαντος,
2689 3382 2774 3436 διὰ
2801 3383 3015 3437 πάντων
3052 3382 3107 3435 δὲ
3135 3381 3242 3435 τῶν
3271 3380 3613 3450 Εὑαγγελίων
3640 3379 3767 3433 Υίδν

2194 3477 2328 3532 Θεοῦ
2355 3474 2491 3532 εἶναι
2514 3476 2843 3541 διδάξαντος,
2878 3477 2963 3543 ἐφ’
3000 3468 3045 3543 ᾧ
3089 3474 3182 3529 καὶ
3220 3473 3514 3545 μακαρίζει
3542 3472 3632 3525 τὸν
3662 3473 3768 3525 Πέ-

2193 3588 2319 3642 τρον
2349 3570 2628 3642 εἰρηκότα,
2661 3568 2743 3622 Σὺ
2769 3564 2830 3623 εἴ
2855 3570 2888 3622 ὀ
2916 3567 3191 3635 Χριστὸς,
3226 3569 3260 3621 ό
3294 3566 3427 3632 Υἱός
3478 3565 3583 3619 τοῦ
3616 3564 3767 3620 Θεοῦ

2193 3661 2299 3717 τοῦ
2328 3660 2569 3729 ζῶντοςο
2601 3662 2694 3716 καὶ
2720 3660 2819 3732 τὴν
2850 3659 3051 3730 γνῶσιν
3083 3658 3232 3730 αὑτῷ
3264 3657 3657 3728 ἀποκαλύψεως
3670 3657 3765 3711 τοῦ

2195 3750 2405 3823 Πατρὸς
2432 3751 2709 3820 γεγονέναι
2742 3751 3007 3821 μαρτυρεῖ
3030 3766 3228 3819 φησας.
3251 3747 3549 3816 Μακάριος
3577 3743 3649 3812 εἷ,
3671 3747 3769 3800 Σί-

2189 3859 2319 3910 μων
2339 3826 2629 3908 Βαριωνᾶ,
2657 3843 2744 3895 ὅτι
2774 3842 2929 3911 σὰρξ
2962 3842 3059 3911 καὶ
3085 3836 3228 3909 αἷμα
3259 3841 3371 3896 οὐκ
3412 3837 3769 3906 ἀπεκάλυψέ

2196 3945 2315 3993 σοι,
2345 3931 2482 3984 ἀλλ’
2527 3932 2560 3984 ό
2592 3929 2792 3999 Πατήρ
2811 3948 2934 4000 μου
2963 3933 2996 3984 ό
3043 3928 3350 3997 οὐράνιοςο
3393 3930 3422 3981 ὁ
3459 3927 3767 3999 θαυμαστὸς

2193 4017 2345 4086 οὗτος
2374 4021 2562 4092 ὥσπερ
2594 4021 2921 4092 βεδυσμένος
2950 4020 3017 4074 τὰ
3059 4014 3193 4083 ὦτα,
3232 4019 3405 4074 ταῦτα
3447 4020 3589 4073 κατά
3620 4018 3769 4085 λέξιν

2193 4111 2391 4182 γράφει
2414 4128 2427 4142 ο
2465 4131 2484 4164 s
2525 4112 2634 4165 Καὶ
2677 4112 2765 4166 διά
2788 4112 2946 4166 τοῦτο
2967 4113 3065 4183 οὐχ
3096 4112 3225 4165 Υἱὸν
3264 4111 3397 4165 Θεοῦ
3427 4112 3617 4165 ἑαυτὸν
3646 4110 3765 4163 ὀνο-

2198 4221 2216 4253 ι
2259 4203 2439 4273 μάζει,
2472 4202 2605 4257 ἀλλά
2626 4203 2899 4273 πανταχοῦ
2929 4204 3055 4256 Υἱδν
3073 4202 3356 4274 ἀνθρώπου
3379 4202 3568 4257 ἑαυτὸν
3595 4202 3765 4270 λέγει.

2198 4312 2216 4346 ι
2258 4295 2344 4347 ἵνα
2379 4294 2468 4348 διὰ
2509 4296 2609 4365 τῆς
2662 4294 2915 4367 τοιαύτης
2947 4294 3271 4365 ὁμολογίας,
3327 4293 3439 4364 (60)
3493 4294 3637 4347 θέσει
3672 4293 3766 4347 τὸν

2199 4403 2217 4437 ι
2257 4384 2561 4457 ἄνθρωπον,
2590 4385 2677 4439 διά
2706 4386 2804 4457 τῆς
2825 4386 2958 4458 πρὸς
2974 4385 3133 4441 αὑτὸν
3166 4386 3468 4451 κοινωνίας.
3486 4385 3609 4439 Υἱδν
3628 4385 3766 4439 Θεοῦ

524 4474 699 4532 Filius
721 4475 975 4541 hominis,
999 4482 1217 4545 propter
1244 4475 1673 4530 communionem
1699 4473 1865 4538 illam,
1897 4473 2090 4527 Filium

2203 4495 2221 4529 ι
2262 4476 2513 4544 γενέσθαι
2554 4477 2969 4550 παρασκευάσῃ.
3006 4496 3024 4530 ι
3081 4477 3242 4548 Ὁρᾷς
3302 4478 3451 4539 ὅπως
3486 4477 3610 4530 Υἱὸν
3665 4477 3765 4547 μὲν

524 4567 618 4623 Dei
653 4568 1025 4624 constitutum.
1070 4586 1088 4619 ι
1114 4566 1271 4622 Vides
1299 4577 1496 4632 autem,
1530 4567 1670 4635 quod
1702 4581 1805 4620 non
1852 4566 2012 4630 audet
2044 4582 2092 4622 sc

2199 4570 2361 4624 αὑτὸν
2391 4569 2485 4623 τοῦ
2509 4570 2645 4623 Θεοῦ
2676 4569 2956 4640 ὁμολογεῖν
2992 4571 3052 4622 οὐ
3077 4569 3269 4640 τολμᾷ,
3301 4570 3377 4633 ὡς
3398 4571 3463 4623 ἂν
3502 4569 3573 4640 μὴ
3603 4570 3766 4622 ἐκπέ-

530 4660 621 4713 Dei
680 4659 873 4714 Filium
923 4660 1202 4729 profiteri:
1255 4675 1322 4713 ne
1366 4675 1396 4713 a
1436 4660 1689 4726 dogmate
1756 4656 1845 4711 illo
1884 4657 2092 4713 excidat

2197 4678 2278 4713 σοι
2303 4658 2397 4712 τοῦ
2429 4660 2718 4714 Σαϐελλίου
2739 4661 3026 4731 δόγματος·
3051 4659 3176 4714 Υἱὸν
3200 4659 3254 4712 δὲ
3275 4657 3562 4729 ἀνθρώπου
3588 4657 3763 4721 καλεῖ,

524 4752 854 4808 Sabelliano.
895 4751 1094 4817 Filium
1147 4766 1280 4807 vero
1319 4751 1575 4814 hominis,
1612 4758 1833 4819 propter
1873 4763 2092 4804 carnem

2196 4750 2257 4804 δι’
2287 4752 2352 4823 ἣν
2381 4751 2634 4823 ἀνείληφε
2670 4752 2865 4824 σάρκα.
2898 4752 3007 4805 Καὶ
3066 4750 3237 4818 Λόγον
3296 4749 3352 4802 δὲ
3402 4750 3469 4803 δι’
3497 4749 3616 4802 ὅλου
3667 4749 3763 4802 τοῦ

522 4841 670 4896 illam
730 4857 891 4912 quam
939 4843 1254 4912 assumpsit,
1306 4841 1571 4896 nominat.
1636 4838 1871 4893 Verbum
1910 4847 2089 4893 autem

2196 4843 2396 4896 οίκείου
2433 4845 2863 4914 συγγράμματος
2894 4842 3148 4913 ὀνομάζει
3183 4841 3417 4912 συνεχῶς
3466 4844 3761 4913 ἐπισημαιο

521 4930 725 5001 ubique
757 4932 812 4986 in
846 4931 938 4990 illo
958 4948 1059 4988 suo
1082 4932 1283 5002 scripto
1317 4929 1604 5001 compellat
1634 4928 1993 4997 frequentius,
2034 4937 2092 4984 ut

2196 4932 2434 5002 νόμενος,
2466 4932 2543 4995 ὡς
2572 4933 2722 4986 οὐδὲν
2752 4932 2862 5003 (6|)
2890 4932 3073 5003 ἕτερον
3109 4926 3176 5000 ἦν
3222 4930 3407 4999 Λόγος.
3452 4931 3561 4983 Καὶ
3598 4932 3655 4983 ἐν
3678 4925 3761 4995 οἷς

521 5020 787 5077 indicaret
807 5021 964 5088 illud,
994 5022 1096 5077 nisi
1114 5020 1367 5101 Verbum,
1394 5019 1527 5075 nihil
1555 5034 1776 5083 prorsus
1796 5020 2086 5075 exstitisse.

2196 5023 2232 5089 δ’
2259 5020 2350 5076 οῦν
2380 5025 2472 5077 τὸν
2501 5023 2783 5077 Σαϐἐλλιον
2817 5024 3260 5101 καταμέμφεται,
3276 5021 3626 5094 παρατίθεται
3657 5020 3759 5093 μὲν

593 5144 652 5201 is
688 5138 784 5194 Ed.
811 5136 1010 5205 Paris,
1043 5153 1169 5209 pag.
1199 5138 1289 5190 77.
1347 5136 1417 5195 ⁷³.
1461 5137 1651 5192 Matth.
1681 5134 1866 5200 xt,27.
1930 5138 1978 5167 ’δ
2009 5135 2198 5189 Matth.
2230 5151 2340 5199 xvi,
2371 5135 2455 5188 l6.
2535 5141 2579 5168 ’°
2609 5142 2745 5193 tum.
2778 5142 2863 5206 l6,
2905 5147 2988 5202 l7.

590 5298 703 5370 (58)
739 5299 921 5374 fulgo
963 5297 1246 5374 Δἡσςράλθαι
1309 5305 1365 5354 et
1426 5297 1618 5352 ἑαυτὸν
1669 5291 1806 5351 ὧθεν
1862 5308 1916 5354 et
1944 5298 2091 5365 ἄξιος

2196 5302 2420 5374 obscura
2454 5320 2472 5371 ;
2510 5303 2870 5374 hocgvolebat,
2898 5302 2990 5355 τὸν
3017 5302 3321 5374 ἄνθρωπον,
3353 5317 3543 5371 nempe
3571 5303 3751 5374 φύσει,

739 5367 807 5423 Et
836 5367 918 5440 bis
954 5367 1309 5440 ’ίιγνιυκέναωΔ
1371 5436 1393 5440 _
1509 5439 1514 5440 ί
1673 5436 1710 5440 __
1826 5438 1836 5440 4

2196 5372 2339 5426 θέσει
2370 5367 2567 5427 factum
2608 5372 2699 5426 Dei
2752 5373 2962 5429 Filium.
3000 5367 3216 5440 propter
3257 5375 3398 5426 illam
3449 5367 3752 5435 κοινώνεανᾲ

593 5436 704 5512 (59)
734 5436 1081 5512 Σκέψασθαι
1099 5438 1172 5512 δὲ
1200 5438 1336 5509 χρή.
1371 5436 1453 5512 lta
1505 5439 1646 5512 lego.
1666 5436 1798 5512 Nam
1825 5438 2085 5512 hoevult,

2196 5440 2261 5496 M.
2291 5474 2362 5483 ——-
2388 5444 2516 5497 Dein
2547 5443 2701 5512 vulgo

524 5507 791 5594 Sabellius
822 5507 1586 5594 meminitiayqquuidBer
1634 5507 1790 5594 λόγον
1825 5510 2089 5594 intelligat

2258 5512 2375 5594 (61),
2400 5507 2762 5594 Έτερᾳῇἦῇ
2780 5517 2811 5567 ό
2832 5514 3039 5594 Λόγος.
3071 5512 3211 5581 Lege
3226 5507 3392 5594 ςείμὴ
3419 5515 3447 5567 ὁ
3475 5512 3663 5594 Λόγρςι,
3698 5514 3750 5568 id

526 5582 818 5652 videamus.
853 5580 990 5633 Num
1027 5579 1237 5652 ﬁlium?
1269 5578 1357 5634 M.
1380 5579 1591 5633 —Mox
1636 5583 1795 5652 vulgo
1818 5578 2085 5652 μηδέποτε
2186 5578 2329 5638 enim
2348 5578 2488 5648 'vult,
2523 5578 2667 5639 nullo
2693 5578 2802 5640 alio
2838 5578 3053 5652 nomine
3088 5578 3429 5652 appellatalii.
3453 5614 3524 5624 —
3554 5578 3751 5640 MJmo

521 5650 711 5725 ἑαυτόν
754 5650 910 5716 λόγον
932 5657 986 5725 et
1014 5648 1173 5725 μοῦῤ
1200 5650 1515 5725 ξπουρᾲνιος
1547 5657 1601 5725 et
1645 5642 1798 5713 οὗτος
1818 5642 1831 5650 ⁷
1849 5642 2080 5722 ὑπερϐε-

2196 5642 2535 5723 Ιυεθιιιιυιηέἰ
2566 5656 2692 5725 quid
2751 5657 2902 5708 video
2942 5649 3009 5725 ἦν
3041 5655 3074 5720 ἢ
3122 5642 3281 5724 λόγος
3340 5653 3410 5710 cf.
3442 5669 3495 5725 p.
3530 5654 3631 5709 117
3661 5654 3743 5720 D;

521 5718 877 5799 δυσμενοςβι
906 5718 1025 5799 υἱὸν
1051 5718 1349 5799 ἀνῼρῴπου
1368 5721 1454 5774 ἵνα
1480 5721 1589 5799 διὰ.
1608 5788 1619 5799 .
1957 5718 1968 5722 ⁷

2196 5718 2343 5792 ροῖνο
2380 5727 2536 5797 vulgo
2559 5718 2910 5799 παρατίθεται
2940 5718 3055 5787 τ’ἀς.

595 5787 708 5862 (GU)
737 5788 907 5844 Θέσει
962 5790 1065 5844 τὸν
1116 5787 1443 5859 ἄνθρωπον.
1501 5787 1802 5858 Trajectilia
1847 5799 1991 5858 sunt,
2024 5800 2076 5847 et

2730 5444 2827 5514 μὲν
2851 5441 2984 5496 Θεοῦ
3010 5443 3171 5514 αὑτὸν
3192 5443 3341 5514 ὁμολ.
