4158 6390
406 331 512 388 857

1378 330 1470 388 DE
1505 330 2045 390 ECCLESIAS‘I'HIA
2083 333 2490 392 THEOLOGIA
2529 332 2656 390 LIB.
2697 333 2740 390 l.

3536 327 3644 394 858

405 445 500 509 τὰς
541 441 636 499 τοῦ
666 443 919 516 Σωτῆρος
945 444 1150 515 φωνὰς,
1188 445 1256 499 δι’
1297 437 1373 500 ὧν
1401 445 1507 518 ἔφη
1532 463 1547 478 ο
1584 447 1796 514 Οὐδεὶς
1823 446 1963 518 erro

2082 446 2137 501 In
2173 446 2267 503 illo
2291 455 2470 502 autem
2496 462 2654 517 passu
2686 459 2793 516 quo
2826 445 3122 503 Satellium
3176 453 3420 514 accusat,
3476 444 3644 503 verba

403 535 509 590 τὸν
528 535 760 604 Πατέρα
782 538 835 590 ει
861 536 948 607 μὴ
979 540 1012 591 ό
1051 537 1205 604 Υἱὸς,
1233 537 1331 590 καὶ
1357 531 1405 605 ᾧ
1428 538 1504 592 ἂν
1536 541 1569 593 ό
1596 539 1726 606 Υἱὸς
1746 540 1972 593 ἀποκα-

402 628 605 696 λύψει.
639 627 850 699 Ὠσπερ
893 627 951 681 δὲ
999 627 1465 699 ἐπανορθούμενος
1494 630 1684 695 αὐτὰς,
1727 631 1846 685 ἀντὶ
1877 629 1974 684 τοῦ

410 718 548 773 Υίοῦ
587 719 784 788 Λόγον
822 714 978 781 αὖθις
1021 718 1302 790 ὀνομάζει,
1337 712 1438 774 ὧδε
1472 721 1663 791 λέγων·
1703 739 1721 770 ι
1764 720 1975 787 Οὐδείς

403 829 425 863 ι
461 809 571 881 γὰρ
590 805 737 876 οἶδε,
765 812 918 881 φησὶ,
946 811 1052 866 τὸν
1077 813 1306 882 Πατέρα
1329 815 1381 866 ει
1413 811 1499 882 μὴ
1538 816 1570 866 ό
1607 814 1758 879 Υἱὸς,
1791 812 1974 866 τουτέ-

403 919 424 954 ι
461 920 575 956 στιν
618 904 648 957 ό
694 906 904 974 Λόγος,
943 923 961 954 ι
991 905 1085 958 καὶ
1117 905 1367 978 ἐπιφέρει
1389 923 1402 936 ο
1437 925 1454 956 ι
1490 905 1546 959 Ὀ
1571 905 1678 976 γὰρ
1708 905 1878 974 Λόγος
1906 905 1971 958 δι’

407 1012 424 1046 ι
471 993 664 1046 ἑαυτοῦ
690 993 786 1066 τὴν
797 994 1008 1066 Πατρὸς
1027 994 1253 1066 παρέχει
1283 994 1505 1064 γνῶσιν,
1533 1015 1550 1044 ι
1575 995 1668 1048 καὶ
1688 993 1973 1065 προστίθη-

401 1102 505 1139 σιν·
535 1105 554 1138 ι
595 1085 873 1140 Ἀδύνατον
903 1081 970 1157 ἦν
1003 1086 1201 1157 ἑτέρως
1226 1085 1427 1155 γνῶναι
1444 1087 1532 1139 τὸν
1549 1085 1748 1157 Θεὸν,ἢ
1771 1085 1858 1140 διὰ
1876 1083 1970 1139 τοῦ

405 1196 424 1229 ι
438 1176 564 1230 ίδίου
577 1177 773 1245 Λόγου.
789 1197 807 1228 ι
819 1179 926 1231 Καὶ
943 1173 1094 1242 αὖθις
1109 1180 1322 1247 Λόγον,
1343 1178 1462 1231 ἀντὶ
1478 1177 1569 1231 τοῦ
1595 1176 1751 1242 Υίοῦ,
1768 1176 1966 1247 τίθησι’

401 1269 494 1323 καὶ
529 1268 620 1320 τὸν
645 1268 798 1336 ἅγιον
836 1267 1000 1328 αὐτοῦ
1036 1269 1207 1338 Λόγον
1240 1267 1522 1324 ἀποκαλεῖ.
1578 1269 1688 1322 Καὶ
1726 1271 1784 1321 ἐν
1829 1268 1970 1322 οὕτω

399 1359 753 1432 βραχυτάτοις
788 1361 994 1432 ῥήμασι
1026 1359 1284 1423 πολλάκις
1336 1361 1432 1430 μὲν
1464 1361 1833 1431 ἐμνημόνευσε
1869 1361 1968 1414 Λό-

394 1469 518 1522 γου,
553 1453 682 1506 Υἱοῦ
702 1454 757 1507 δέ
782 1454 889 1506 οὐδ’
907 1453 1072 1519 ams.
1102 1453 1256 1508 Ἀλλὰ
1274 1455 1367 1507 καὶ
1395 1454 1563 1522 αὐτὴν
1586 1453 1680 1507 τοῦ
1718 1454 1966 1525 Σωτῆρος

400 1546 686 1614 μεταποιεῖ
714 1543 815 1614 τὴν
835 1543 1013 1614 ρῆσιν,
1038 1544 1157 1598 ἀντὶ
1188 1543 1303 1606 τοῦ,
1323 1545 1350 1595 ό
1369 1543 1494 1607 Υἱὸς
1516 1542 1756 1612 ἐπάγων,
1783 1543 1966 1596 τουτέη

400 1650 516 1686 στιν
557 1637 590 1687 o'
619 1635 810 1704 Λόγος
831 1676 846 1699 ,
891 1632 1010 1704 οὐχὶ
1045 1633 1244 1704 μᾶλλον
1275 1633 1372 1704 τῆς
1404 1632 1498 1686 τοῦ
1534 1632 1662 1685 Υἱοῦ
1694 1633 1964 1702 σημασίας

400 1725 743 1800 ἁρμοζούσης
772 1729 836 1797 τῇ
860 1726 951 1780 τοῦ
984 1725 1194 1798 Πατρὸς
1228 1725 1515 1798 ἐπηγορίᾳ.
1548 1724 1708 1777 Ὅθεν
1739 1724 1962 1787 είκότως

394 1799 547 1890 ὁμὲν
567 1817 752 1893 Σωτὴρ
782 1818 1072 1890 προσφυῶς
1102 1819 1378 1888 ἐφήρμοσε
1405 1819 1468 1888 τῇ
1497 1815 1587 1869 τοῦ
1620 1815 1827 1885 Πατρὸς
1864 1814 1961 1887 τὴν
1995 1799 2034 1854 Β

394 1911 489 1966 τοῦ
519 1909 648 1974 Υζοῦ
683 1909 942 1979 συζυγίαν
960 1927 973 1940 ο
992 1910 1020 1962 ό
1060 1909 1116 1962 δὲ
1147 1908 1238 1962 τὸν
1267 1907 1394 1960 Υἱὸν
1420 1909 1590 1960 εἰπεῖν
1620 1905 1961 1976 παραιτησά-

400 2021 558 2074 μενος
581 2003 692 2058 ἄνω
713 2001 861 2056 κάτω
888 2001 978 2055 τὸν
1008 2001 1176 2069 Λόγον
1205 1998 1315 2068 (62)
1347 1997 1531 2069 θρυλεῖ
1561 1999 1654 2050 καὶ
1675 1996 1962 2061 Σαϐελλίου

399 2097 498 2167 μὲν
546 2095 860 2167 κατηγορεῖ,
911 2092 1003 2145 τὸν
1051 2092 1177 2144 Υἱὸν
1232 2089 1597 2162 ἀρνουμένου’
1655 2089 1847 2147 ταύτὸν
1906 2089 1961 2142 δὲ

395 2188 649 2260 πράττων
695 2187 907 2257 ἐκείνῳ,
943 2183 1354 2256 σχηματίζεται,
1395 2185 1462 2254 τῇ
1492 2183 1612 2238 κατ’
1642 2181 1802 2244 αὐτοῦ
1846 2181 1961 2234 δια-

395 2280 523 2352 ϐολῇ
543 2280 644 2352 τὴν
661 2283 759 2351 τῆς
787 2278 1103 2345 κακοδοξίας
1126 2278 1380 2330 ὑπόνοιαν
1406 2276 1672 2330 ἐκκλίνειν
1697 2276 1957 2346 οἰόμενος,

395 2373 458 2426 Εἰ
488 2372 586 2443 μὲν
614 2367 713 2427 οὖν,
731 2369 808 2440 τῷ
829 2370 1097 2441 Σαϐελλίῳ
1129 2369 1401 2441 μέμφεται
1429 2369 1519 2422 τὸν
1549 2369 1677 2422 Υἱὸν
1705 2367 1798 2423 τοῦ
1826 2367 1960 2422 Θεοῦ

392 2463 732 2536 ἀρνουμένῳ,
783 2462 956 2534 ἑαυτῷ
979 2463 1240 2534 πρότερον
1261 2462 1397 2533 χρῆν
1435 2460 1745 2533 μέμψασθαι
1766 2477 1782 2492 ο
1824 2462 1873 2515 εἰ
1903 2461 1960 2514 δὲ

393 2557 476 2611 ὃτι
514 2556 573 2610 ὂν
605 2557 766 2621 αὐτὸς
805 2556 1031 2628 ὡρίζετο
1065 2557 1255 2624 Λόγον,
1290 2554 1573 2617 Σαϐέλλιος
1613 2554 1830 2623 ἠγνόει·
1862 2554 1961 2608 οὐκ

390 2648 567 2720 ὀρθῶς
588 2647 745 2702 τοῦτό
769 2664 832 2716 γε
857 2649 1066 2721 ᾐτιᾶτο.
1100 2647 1236 2702 Οὔτε
1262 2647 1371 2718 γὰρ
1393 2645 1700 2710 Σαϐέλλιον,
1721 2644 1832 2700 οὔτ’
1861 2647 1959 2700 αὐ-

389 2741 517 2806 τοὺς
558 2740 862 2807 Ἰουδαίους,
894 2741 1020 2804 τοὺς
1046 2739 1136 2793 τὸν
1161 2739 1393 2810 Χριστὸν
1419 2738 1512 2791 τοῦ
1531 2736 1665 2791 Θεοῦ
1696 2737 1960 2809 ἀρνουμέ-

389 2850 534 2896 νους,
566 2833 625 2886 ὃν
650 2849 783 2903 φησι
807 2831 1127 2904 Μάρκελλος
1148 2833 1204 2885 ἐν
1233 2830 1310 2902 τῷ
1337 2829 1455 2901 Θεῷ
1486 2826 1624 2883 εἶναι
1651 2830 1823 2898 Λόγον
1840 2869 1855 2895 ,
1889 2827 1958 2880 δι’

388 2920 450 2978 οὗ
473 2925 661 2978 Μωσεῖ
687 2924 782 2977 καὶ
814 2925 927 2988 τοῖς
961 2924 1264 2995 προφήταις
1288 2922 1712 2994 κεχρημάτικεν,
1761 2919 1958 2989 ἀγνοῆφ

391 3033 504 3080 σαι,
537 3014 724 3069 τοῦτον
766 3015 822 3068 δὲ
851 3013 1094 3086 ἀκριϐῶς
1125 3014 1344 3079 εἰδέναι,
1376 3013 1470 3068 καὶ
1505 3015 1532 3066 ό
1556 3014 1664 3076 πᾶς
1691 3010 1832 3065 εἴποι
1867 3009 1953 3076 ἂν,

2078 537 2384 592 Servatoris
2437 538 2924 603 commemoravit,
2968 538 3166 607 quibus
3197 538 3310 592 ait:
3349 535 3518 591 Nemo
3547 552 3642 590 no-

2073 627 2145 683 vit
2171 624 2387 681 Patrem
2411 628 2513 680 nisi
2545 611 2742 693 Filius,
2766 638 2812 682 et
2831 629 2916 682 cui
2943 627 3118 683 Filius
3141 630 3297 682 uoluit
3324 629 3551 682 revelare
3571 628 3639 684 "'.

2075 719 2205 786 Quae
2251 719 2377 774 dum
2431 719 2642 783 recitat,
2687 728 2939 789 tanquam
3009 730 3380 785 correcturus,
3427 726 3485 784 Et
3541 737 3640 790 pro

2077 809 2220 864 Filio
2276 808 2502 864 Verbum
2549 823 2674 865 eum
2734 810 3049 865 nominavit.
3105 811 3197 866 Sic
3247 811 3388 866 enim
3444 810 3636 865 fatur:

2081 919 2099 954 ι
2145 899 2314 955 Nemo
2338 902 2475 954 novit
2528 899 2744 954 Patrem
2771 901 2871 954 nisi
2902 900 3099 967 Filius,
3132 902 3235 956 hoc
3262 912 3348 957 est
3389 900 3638 969 Verbum,

2077 1011 2095 1044 ‹
2130 992 2331 1062 quibus
2367 992 2516 1046 addit
2553 1012 2565 1046 :
2608 991 2842 1047 Verbum
2879 992 3076 1046 etenim
3104 1006 3200 1062 per
3234 1007 3295 1047 se
3333 991 3511 1048 Patris
3541 1008 3639 1048 ex-

2078 1104 2098 1137 ι
2130 1083 2278 1142 hibet
2307 1083 2668 1155 cognitionem
2697 1099 2713 1137 :
2742 1083 2936 1152 quibus
2969 1082 3214 1152 adjungit
3241 1101 3256 1139 :
3301 1082 3638 1154 [inpossibile

2077 1199 2095 1230 ι
2127 1175 2390 1246 siquidem
2420 1184 2541 1230 erat
2564 1174 2808 1242 alioquin
2834 1174 3000 1229 Deum
3024 1188 3372 1246 cognoscere,
3412 1175 3514 1229 nisi
3537 1189 3637 1243 per

2075 1290 2093 1322 ι
2129 1269 2398 1338 proprium
2430 1267 2598 1340 ipsius
2637 1266 2892 1323 Verbum.
2931 1287 2951 1322 ι
2989 1268 3184 1324 lterum
3208 1279 3386 1324 autem
3419 1285 3515 1338 pro
3547 1269 3637 1324 Fi-

2068 1361 2140 1416 lio
2201 1362 2480 1416 substituit
2549 1358 2812 1416 Verbum:
2846 1368 2902 1415 et
2937 1371 3184 1416 sanctum
3239 1360 3356 1430 ejus
3404 1360 3635 1417 Verbum

2068 1454 2329 1508 nominat.
2368 1453 2521 1520 Smpe
2551 1467 2777 1508 numero
2811 1461 2990 1507 autem
3029 1467 3126 1522 per
3167 1467 3328 1509 voces
3355 1464 3462 1508 tam
3497 1468 3633 1524 pau-

2066 1546 2316 1601 cissimas
2349 1544 2534 1612 Verbi,
2569 1543 2754 1599 nullibi
2791 1553 2970 1599 autem
3018 1544 3164 1608 Filii,
3203 1545 3530 1600 mentionem
3562 1545 3634 1600 fa-

2064 1638 2160 1702 cit.
2191 1635 2329 1703 Quin
2357 1647 2411 1694 et
2440 1637 2615 1707 ipsam
2668 1635 2975 1692 Servatoris
3026 1637 3318 1692 dictionem
3368 1635 3633 1692 transfor-

2072 1737 2182 1782 mat
2218 1745 2232 1781 :
2268 1727 2356 1784 ubi
2393 1742 2493 1798 pro
2527 1728 2687 1794 Filio,
2721 1728 3008 1793 subinfert,
3068 1730 3173 1784 hoc
3220 1740 3304 1784 est
3354 1731 3630 1791 Verbum:

2066 1819 2228 1889 idque
2251 1835 2376 1874 cum
2407 1818 2530 1875 Filii
2567 1823 2878 1893 appellatio,
2919 1823 3088 1876 multo
3141 1822 3310 1891 magis
3333 1821 3632 1890 paternita-

2066 1913 2134 1966 tis
2156 1911 2418 1968 vocabulo
2444 1914 2768 1971 conveniret
2807 1929 2966 1984 quam
2998 1912 3158 1968 Verbi
3191 1930 3206 1968 :
3248 1929 3370 1968 cum
3411 1923 3466 1969 et
3518 1914 3634 1982 ipse

2065 2001 2324 2057 Servatur
2347 2003 2503 2074 juxta
2553 2006 2984 2076 congruentiam,
3041 2005 3232 2060 Filium
3287 2019 3409 2060 cum
3473 2003 3634 2058 Patre

2064 2095 2430 2164 copulaverat.
2495 2096 2572 2151 lla
2618 2111 2833 2167 semper
2891 2097 3160 2167 refugiens
3213 2097 3632 2166 appellationem

2063 2187 2204 2250 Filii,
2235 2188 2492 2256 Verbum,
2521 2203 2714 2244 vocem
2749 2204 2948 2260 susque
2975 2189 3149 2258 deque
3182 2197 3381 2244 versat.
3414 2187 3635 2253 ,Sabel-

2062 2279 2191 2333 lium
2222 2287 2368 2334 certe
2408 2279 2629 2334 damnat
2667 2278 3026 2351 abnegantem
3071 2279 3289 2345 Filium,
3339 2287 3394 2333 et
3452 2288 3629 2333 tamen

2061 2385 2121 2426 se
2146 2368 2480 2425 conformem
2504 2369 2678 2424 eidem
2703 2380 2920 2438 praestat
2946 2387 2961 2424 :
2990 2369 3144 2438 quasi
3180 2377 3361 2439 posset
3407 2378 3463 2423 et
3520 2367 3632 2424 vel-

2062 2464 2157 2532 let,
2208 2463 2277 2518 ab
2324 2463 2467 2520 illius
2500 2462 2882 2528 accusatione,
2939 2463 3304 2532 suspicionem
3361 2463 3633 2518 haereseos

2060 2555 2297 2611 amoliri.
2326 2555 2458 2613 Cum
2485 2555 2529 2612 si
2556 2555 2717 2610 vellet
2741 2555 3032 2611 Sabellium
3063 2557 3133 2610 ob
3167 2555 3219 2610 id
3248 2555 3421 2624 ipsum
3447 2554 3631 2608 redar-

2059 2663 2244 2720 guere,
2273 2651 2418 2719 quod
2444 2647 2641 2702 Filium
2668 2646 2758 2702 ille
2797 2649 2890 2703 Dei
2922 2648 3240 2717 abnegaret,
3275 2647 3628 2717 semetipsum

2059 2748 2184 2796 ante
2204 2754 2326 2795 eum
2359 2739 2592 2795 debebat
2623 2754 2902 2795 accusare.
2931 2740 3084 2807 Quod
3110 2740 3159 2794 si
3184 2738 3454 2795 Sabellius
3478 2739 3632 2808 igno-

2058 2832 2238 2896 rabat,
2259 2845 2418 2900 quem
2449 2841 2609 2887 vocat
2650 2832 2766 2904 ipse
2803 2832 3064 2899 Verbum,
3109 2848 3214 2888 non
3251 2842 3369 2887 erat
3391 2832 3496 2887 hoc
3529 2847 3628 2885 no-

2057 2924 2202 2980 mine
2225 2925 2574 2982 incusandus.
2603 2926 2739 2981 Nam
2783 2940 2882 2982 nec
2903 2935 3054 2982 certe
3073 2925 3368 2991 Sabellius,
3414 2939 3482 2980 ne
3507 2924 3632 2996 qui-

2059 3015 2178 3070 dem
2227 3013 2398 3072 Judaai
2451 3017 2544 3087 qui
2601 3017 2876 3074 Christum
2915 3016 3062 3073 illum
3108 3017 3202 3073 Dei
3264 3017 3628 3082 abnuebant,

389 3109 451 3161 οὐ
480 3107 637 3179 μόνον
670 3107 935 3162 Ἰουδαίων
963 3106 1097 3160 ἀλλὰ
1126 3107 1220 3161 καὶ
1259 3107 1542 3177 Ἑλλήνων.
1597 3105 1825 3174 Λογικὸν
1849 3102 1957 3175 γὰρ

2063 3121 2218 3176 quem
2247 3106 2534 3165 Marcellus
2562 3108 2816 3175 afﬁrmat,
2855 3109 2907 3166 in
2941 3111 3054 3165 Deo
3088 3107 3325 3164 Verbum
3349 3122 3490 3171 esse,
3533 3121 3631 3178 per

387 3201 473 3263 τίς
498 3200 596 3253 οὐκ
617 3198 680 3252 ἂν
699 3199 1079 3271 ὁμολογήσειεν
1105 3194 1244 3252 εἶναι
1270 3198 1361 3251 τὸν
1384 3197 1537 3262 Θεὸν,
1555 3196 1630 3260 ὡς
1657 3196 1750 3250 καὶ
1773 3195 1955 3265 σοφὸν,

390 3291 486 3354 καὶ
509 3292 710 3361 ἀγαθὸν
741 3292 834 3346 καὶ
864 3291 1087 3347 δυνατόν
1108 3309 1124 3357 ;
1159 3290 1446 3355 meum;
1469 3291 1526 3343 δέ
1549 3289 1707 3344 τοῦτο
1739 3288 1836 3360 μὲν
1859 3287 1960 3341 οὐκ

389 3383 456 3448 ἂν
503 3383 763 3456 ἀρνηθείη
802 3384 1034 3450 είδὲναι;
1077 3384 1158 3437 ὅτι
1190 3383 1247 3438 δὲ
1278 3384 1352 3456 μὴ
1397 3383 1490 3436 καὶ
1521 3381 1651 3436 Υἱὸν
1691 3380 1784 3434 τοῦ
1822 3377 1959 3433 Θεοῦ

388 3474 565 3540 ζῶντα
602 3475 694 3528 καὶ
723 3474 1028 3544 ὑφεστῶτα,
1053 3474 1187 3529 ὄντα
1207 3491 1266 3530 τε
1289 3475 1381 3528 καὶ
1409 3473 1643 3544 προόντα
1672 3471 1771 3542 τῆς
1825 3488 1959 3543 σαρ-

387 3570 483 3634 κός
537 3569 807 3640 ὁμολογεῖ.
846 3565 1062 3639 Ταύτης
1097 3568 1260 3626 ἕνεκα
1306 3567 1405 3637 τῆς
1441 3565 1578 3636 πρὸς
1642 3562 1959 3635 Μάρκελλον

387 3657 726 3730 συμφωνίας,
761 3657 962 3729 ὁμοίως
1000 3656 1152 3727 αὐτῷ
1187 3657 1288 3727 τῆς
1319 3655 1412 3709 τοῦ
1450 3655 1585 3708 Θεοῦ
1639 3653 1964 3724 Ἐκκλησίας

385 3751 580 3821 ἠλάθη.
615 3750 737 3814 Πῶς
759 3751 816 3803 δέ
838 3749 908 3803 τὰ
941 3749 1032 3804 ἴσα
1061 3748 1378 3821 Μάρκελλος
1399 3747 1476 3820 τῷ
1498 3747 1771 3819 Σαϐελλίῳ
1801 3746 1963 3818 ἐφρό-

385 3861 487 3906 νει,
519 3842 675 3914 δῆλος
726 3841 793 3896 ἂν
842 3841 929 3912 εῐη
977 3841 1037 3906 ἐξ
1070 3833 1146 3894 ὧν
1191 3840 1251 3896 ἓν
1286 3841 1380 3894 καὶ
1433 3840 1628 3894 ταύτὸν
1684 3835 1825 3894 εἶναι
1872 3837 1963 3892 τὸν

383 3935 517 3987 Θεὸν
568 3936 664 3989 καὶ
720 3935 811 3988 τὸν
864 3933 1029 3992 αὐτοῦ
1061 3933 1230 4003 Λόγον
1278 3933 1628 3999 διεστεΰκατο,
1693 3932 1824 3986 ποτέ
1863 3931 1964 4003 μὲν

385 4027 567 4090 αὐτοῖς
598 4028 836 4098 ῥήμασιν
863 4024 1052 4083 εἰπών.

2061 3211 2220 3266 quem
2244 3195 2444 3252 Mosem
2503 3207 2558 3255 et
2597 3199 2889 3270 prophetas
2939 3199 3334 3268 alloquebatur.
3374 3196 3486 3253 lino
3523 3212 3630 3252 non

2059 3285 2428 3343 soliseludazi
2458 3289 2563 3345 hoc
2613 3289 2794 3345 dicent
2853 3290 3096 3360 apprime
3149 3289 3486 3359 intelligere,
3533 3287 3632 3344 sed

2061 3377 2161 3446 ipsi
2195 3378 2362 3434 etiam
2395 3379 2617 3450 pagani.
2645 3379 2781 3435 Nam
2804 3379 2928 3450 quis
2953 3395 3056 3434 nou
3092 3379 3258 3434 Deum
3309 3389 3488 3435 mente
3511 3393 3634 3435 esse

2060 3471 2345 3539 praeditum
2371 3470 2652 3539 fatebitur,
2685 3481 2745 3528 ut
2796 3472 3123 3542 sapientem,
3181 3481 3241 3525 ut
3297 3472 3495 3527 bonum
3523 3511 3541 3536 ,
3571 3485 3632 3524 at

2061 3561 2376 3629 potentem?
2411 3561 2679 3618 Sabellius
2708 3562 2862 3619 nullo
2879 3571 3026 3617 certe
3067 3572 3226 3617 [nouo
3278 3568 3540 3616 tatercrur
3569 3575 3632 3617 se

2058 3653 2161 3708 hoc
2193 3653 2467 3722 ignorare.
2495 3654 2635 3720 Quin
2683 3653 2880 3709 Filium
2905 3654 2998 3710 Dei
3023 3654 3205 3709 vivum
3239 3666 3294 3708 et
3329 3652 3633 3707 subsisten-

2059 3754 2188 3813 tem,
2219 3747 2309 3817 qui
2333 3757 2389 3803 et
2413 3756 2576 3810 esset,
2603 3758 2658 3802 et
2689 3758 2812 3803 ante
2842 3761 3062 3802 carnem
3097 3755 3432 3815 assumptam
3461 3752 3630 3811 esset,

2059 3847 2402 3908 agnosceret.
2441 3837 2508 3892 Et
2541 3848 2718 3894 tamen
2757 3838 2827 3893 ob
2848 3838 2991 3892 lianc
3019 3837 3188 3906 ipsam
3212 3851 3336 3891 cum
3367 3835 3470 3890 hoc
3497 3832 3633 3888 Mar-

2060 3929 2198 3985 cello
2225 3932 2768 3997 contesserationcm,
2794 3931 3002 4002 ejectus
3030 3928 3118 3984 ille
3155 3928 3257 3982 fuit
3287 3925 3359 3981 ab
3387 3925 3632 3984 Ecclesia

2061 4023 2176 4079 Dei.
2203 4022 2324 4090 Quo
2379 4034 2538 4096 pacto
2595 4035 2778 4079 autem
2837 4023 3120 4078 Marcellus
3155 4023 3386 4087 dicatur,
3439 4019 3628 4075 eadem

385 4132 506 4171 cum
534 4116 769 4172 Sabellio
798 4118 1072 4188 opinatus,
1139 4119 1483 4176 manifestum
1551 4119 1683 4183 fiet,
1736 4125 2022 4188 propterea
2060 4116 2201 4186 quod
2237 4132 2404 4172 unum
2455 4128 2616 4187 atque
2672 4117 2814 4172 idem
2857 4116 3174 4190 proﬁteatur
3221 4114 3411 4178 Deum,
3466 4121 3634 4182 atque

386 4208 553 4279 ipsius
581 4208 676 4265 Dei
706 4207 962 4277 Verbum,
997 4211 1150 4268 hisce
1187 4212 1480 4282 aliquando
1511 4211 1691 4267 verbis
1718 4223 1872 4266 usus.

1012 4307 1173 4363 ΚΕΦ.
1215 4307 1314 4364 lZ'.

388 4393 587 4464 ὀπως
620 4395 854 4465 ἠρνεῖτο
883 4397 1436 4522 γυμνῆηττῇῃκεξαλῇ
1468 4399 1584 4469 τὴν
1614 4400 1957 4456 ὑπόστασιν

1011 4486 1119 4522 του
1219 4487 1320 4522 ου.

1011 4486 1119 4524 του
1166 4486 1320 4526 ιἰου.

462 4579 482 4616 ι
514 4561 578 4616 Ei
617 4561 716 4632 μὲν
740 4561 846 4632 γὰρ
875 4562 909 4633 ἡ
939 4561 1034 4616 τοῦ
1069 4561 1182 4631 (65)
1227 4562 1538 4634 πνεύματος
1580 4561 1823 4629 ἐξέτασις
1868 4561 1956 4632 γί-

393 4671 413 4704 ι
455 4669 634 4720 γνοιτο
693 4637 850 4723 μόνη,
884 4652 943 4706 ἐν
991 4652 1085 4706 καὶ
1121 4653 1316 4706 ταύτὸν
1361 4654 1591 4718 εἰκότως
1624 4654 1692 4709 ἂν
1728 4654 1758 4706 ό
1787 4652 1958 4721 Λόγος

398 4765 416 4796 ι
457 4740 594 4799 εἴναι
621 4744 699 4816 τῷ
725 4743 844 4816 Θεῷ
871 4745 1131 4815 φαίνοιτοο
1157 4764 1175 4797 ι
1205 4744 1315 4814 (64)
1345 4745 1476 4799 ποτὲ
1502 4746 1559 4800 δέ
1596 4745 1956 4817 παραϐάλλων

379 4838 458 4910 τῷ
489 4838 812 4911 ἀνθρωπείῳ
851 4837 995 4908 λόγῳ
1034 4837 1127 4891 τὸν
1167 4835 1263 4891 τοῦ
1310 4837 1469 4901 Θεοῦ,
1509 4837 1603 4891 καί
1663 4836 1948 4906 ἐπιλέγων,

386 4949 405 4982 ι
439 4929 496 4984 ἒν
545 4931 639 4984 καὶ
669 4930 863 4984 ταύτὸν
899 4925 1037 4983 εἶναι
1071 4927 1152 5000 τῷ
1205 4927 1529 4999 ἀνθρωπείῳ
1571 4928 1664 4981 τὸν
1717 4928 1774 4980 ἐν
1803 4926 1952 4998 αὑτῷ

387 5039 407 5073 ι
441 5021 633 5090 Λόγον,
683 5021 860 5076 οὐδενὶ
890 5018 1256 5093 χωριζόμενον
1285 5020 1458 5092 ἑτέρῳ
1488 5020 1522 5092 ἢ
1577 5019 1716 5092 μόνῃ
1749 5020 1818 5090 τῇ
1850 5017 1950 5092 τῆς

459 5159 518 5216 ›Ῑ‹
550 5152 650 5209 Ed.
687 5153 888 5220 Paris"
915 5169 1036 5226 pag.
1070 5155 1160 5221 78,
1189 5155 1276 5212 79.
1352 5155 1400 5188 ⁷⁸
1433 5153 1623 5212 Matth.
1650 5171 1728 5221 χι,
1749 5155 1838 5212 ‘27.

461 5365 573 5438 (69)
608 5365 776 5445 Vulso
808 5366 1032 5445 θρεελλεξ
1075 5369 1341 5445 ει-.ἑκρῆν
1393 5371 1566 5443 μέμψο
1624 5381 1681 5428 ει
1715 5372 1954 5445 ὁρίζεται

461 5388 573 5438 (02)
618 5388 776 5436 vulgo
808 5388 1024 5438 υρυΛΑει
1075 5388 1130 5422 ει
1173 5388 1198 5422 ε
1240 5388 1283 5441 pi

392 5437 561 5511 λόγον
578 5448 632 5492 et
661 5437 974 5511 Μάρκελλος
995 5388 1283 5511 23962115,).

461 5507 573 5580 (65)
625 5507 968 5580 Πνεύματος
997 5507 1292 5580 ἐξέτασις.
1349 5508 1499 5577 Vult,
1527 5511 1738 5580 opinor,
1769 5521 1825 5568 ut
1868 5527 1956 5568 se-

389 5579 622 5632 cundum
654 5579 932 5642 deitatem,
968 5579 1058 5630 vei
1079 5579 1312 5634 divinam
1351 5579 1616 5636 rationein
1647 5584 1955 5639 considere-

394 5663 514 5722 unus
539 5646 859 5722 λόγον,,ιιξιιη
880 5645 1127 5722 πνεῦμα,
1159 5648 1257 5722 ipsi
1280 5648 1495 5722 ponitur
1515 5665 1613 5721 pro
1642 5653 1751 5708 Deo
1783 5671 1796 5708 :
1829 5654 1955 5722 quia

392 5717 650 5789 Servatur
678 5717 840 5789 dixit.
871 5716 1009 5774 Deus
1033 5716 1257 5789 spiritus
1282 5716 1363 5775 est
1390 5716 1571 5789 Uouit.
1603 5737 1676 5787 ιν,
1707 5723 1820 5789 24).
1845 5716 1916 5777 Μ.

463 5788 573 5855 (64)
607 5787 753 5843 Ποτὲ
783 5786 850 5844 δὲ
889 5787 1306 5858 παραϐάλλων.
1359 5782 1675 5859 Marcellus,
1721 5782 1953 5854 Verbum

2586 4305 2645 4363 ›Ι‹
2683 4296 2838 4359 CAP.
2875 4296 3039 4354 xvn.
3442 4341 3450 4360 ,

2168 4389 2322 4456 Quod
2344 4389 2772 4459 manifestissime
2797 4399 3035 4460 pernegat
3063 4388 3373 4460 hypostasin
3399 4385 3555 4440 Filii.

2131 4502 2152 4535 σ
2194 4483 2282 4556 [Β.
2307 4481 2445 4538 LXII
2469 4482 2591 4538 coll.
2617 4499 2671 4553 p.
2727 4482 2878 4556 £07.]
2906 4482 3180 4553 Siquidem
3202 4481 3370 4536 solius
3407 4477 3633 4547 spiritus

2065 4594 2085 4629 ι
2128 4576 2432 4646 disquisitio
2497 4575 2610 4640 tiat,
2663 4574 2904 4638 omnino,
2967 4589 3067 4628 nec
3127 4572 3343 4641 injuria,
3387 4568 3628 4652 Verbum

2062 4686 2080 4720 ι
2123 4683 2283 4721 unum
2311 4677 2472 4737 atque
2502 4668 2641 4722 idem
2674 4683 2797 4722 cum
2831 4667 2940 4722 Deo
2970 4663 3236 4719 videbitur
3256 4677 3396 4718 esse.
3417 4680 3436 4714 ι
3461 4659 3628 4716 Com-

2055 4774 2261 4829 ponens
2309 4768 2487 4815 autem
2533 4758 2819 4829 aliquando
2862 4757 3096 4812 Verbum
3128 4754 3219 4808 Dei
3242 4767 3364 4807 cum
3389 4752 3635 4806 humano

2058 4847 2254 4910 verbo,
2312 4846 2560 4917 adiungit
2605 4865 2618 4900 :
2655 4864 2675 4898 ι
2730 4844 2902 4901 Unum
2943 4855 3106 4912 atque
3141 4858 3235 4913 per
3255 4839 3438 4896 omnia
3481 4837 3627 4894 idem

2061 4954 2081 4988 ι
2122 4954 2244 4993 cum
2292 4940 2512 4993 homine
2541 4952 2663 4992 esse
2715 4937 2842 4991 illud
2889 4938 3030 5006 quod
3067 4937 3119 4989 in
3147 4935 3261 5004 ipso
3291 4933 3450 4994 inest,
3493 4931 3625 4985 Ver-

2061 5047 2081 5080 ι
2121 5030 2248 5085 bum
2295 5030 2466 5086 nihilo
2493 5030 2709 5103 quidem
2750 5029 2821 5086 ab
2863 5027 2970 5084 alio
3011 5027 3473 5089 discriminatum,
3520 5021 3626 5078 nisi

2055 5373 2170 5434 Dei,
2195 5386 2318 5426 cum
2355 5369 2588 5425 hominis
2616 5367 2783 5423 verbo
2810 5366 3198 5434 componebat,
3226 5374 3279 5419 et
3321 5363 3624 5434 ἐνδιάφετσν

2051 5453 2109 5515 et
2134 5431 2482 5515 προφορικόν.
2513 5439 2790 5515 legendum
2815 5437 2895 5508 τῷ
2918 5431 2976 5490 ἔν
2995 5435 3287 5515 ἀνθρῴπῳ,
3312 5449 3415 5515 n_o_n
3437 5431 3623 5515 eiad);-

2054 5485 2109 5566 ὃ·
2139 5485 2482 5515 ’νισντνινν---ν
2513 5485 2789 5510 "vv-mm"
2828 5485 2891 5535 ης
2919 5485 2967 5490 --
2997 5485 3287 5519 ν--ι-ηρ-τι
3314 5485 3321 5486 ί
3565 5503 3576 5512 ,

2093 5511 2328 5584 ρωαίῳ,
2358 5518 2504 5584 patet
2523 5524 2591 5564 ex
2613 5507 2776 5584 paulo
2796 5504 3406 5584 postsequenttbus._M.
3455 5572 3478 5584 _
3533 5518 3617 5555 ein

2052 5572 2377 5667 adserui
2397 5579 2448 5634 θ·
2483 5597 2549 5667 με
2581 5572 2734 5667 ρδδὲγ
2755 5666 2764 5667 ,
2902 5573 2992 5667 ἥγο
3019 5572 3620 5667 ’Βοίιῑφιῐιξιβειειεεξη

2054 5645 2236 5723 ψεννθῑ
2257 5645 2464 5715 τούτοις
2484 5645 2650 5704 αὐτὸν
2681 5648 2867 5712 εἰπὼν,
2895 5645 2988 5771 πί).
3027 5657 3078 5704 et
3111 5645 3356 5718 χωρῆσαι
3391 5651 3444 5699 et
3493 5645 3616 5698 ἐπι-

2059 5725 2279 5771 σκάπτει
2303 5733 2351 5771 et
2383 5723 2441 5771 οὐ
2473 5721 2579 5771 γὰο
2613 5719 2677 5771 ἄν
2707 5731 2758 5771 et
2784 5737 2921 5771 παοε
2949 5736 3001 5771 'n.

2059 5719 2279 5778 σκάπτει
2303 5733 2353 5779 et
2383 5723 2441 5775 οὐ
2473 5721 2579 5800 γὰρ
2613 5719 2677 5774 ἄν
2707 5731 2758 5778 et
2784 5719 2980 5792 παρείη
