4158 6390
525 271 632 332 εει

1225 265 1494 320 EUSEBII
1531 264 1997 321 CESARIENSIS
2033 264 2182 321 OPP.
2224 263 2400 321 PARS
2434 263 2526 320 ιν.
2564 295 2633 309 -
2668 263 3086 321 DOGMATICA.

3647 269 3758 326 860

533 410 556 446 ι
594 389 773 460 operis
801 389 1170 444 tantummodo
1207 388 1462 442 ellicacia.
1511 406 1530 440 ι
1561 387 1825 454 Quocirca
1869 388 1958 443 ubi
2017 387 2090 440 ita

2213 403 2218 436 ι
2256 385 2505 457 πράξεως
2543 385 2810 456 ἐνεργείᾳ.
2840 403 2859 437 ι
2883 385 3103 456 Διόπερ,
3135 385 3265 439 ποτὶ
3307 384 3402 456 μὲν
3427 385 3760 456 ἀπεφαίνετο

527 483 733 548 statuit,
787 481 1098 550 pniusquam
1155 481 1384 534 mundus
1443 481 1877 545 produceretur,
1961 479 2092 533 nihil

529 574 754 627 omnino
804 579 999 640 praeter
1069 569 1235 622 Deum
1303 569 1590 632 exstitisse,
1646 579 1700 622 et
1765 568 1890 623 alibi
1944 569 2094 622 hisce

529 662 660 728 ipsis
698 658 878 714 verliis
927 660 1140 713 utitur:
1189 678 1207 710 ι
1247 657 1382 713 Cum
1432 658 1666 712 nondum
1715 659 1817 712 iste
1865 657 2093 711 mundus

535 772 554 804 ι
596 751 886 821 productus
932 749 1122 815 fuerat,
1178 759 1373 819 praeter
1413 750 1576 804 Deum
1616 749 1832 818 quidem
1897 749 2092 812 solum,

537 863 555 896 ι
599 843 730 898 nihil
785 851 905 897 erat
956 842 1134 908 aliud;
1167 861 1186 894 ι
1230 852 1283 894 et
1329 841 1414 895 ubi
1465 841 1704 894 divinum
1770 841 1899 895 illud
1962 839 2096 895 Ver-

530 937 698 1001 bum,
769 943 952 989 nostro
1009 934 1296 988 indicativo
1359 947 1454 1001 per
1516 932 1699 987 omnia
1777 932 2097 986 assimilavit

530 1030 716 1092 verbo,
767 1027 820 1082 in
860 1027 1053 1096 quibus
1088 1027 1187 1079 ista
1223 1025 1415 1080 scribit
1469 1025 1563 1097 [Β.
1620 1024 1708 1078 LV
1745 1025 1866 1080 coll.
1923 1039 1975 1092 p.
2029 1023 2097 1078 59

535 1121 596 1174 1).
632 1120 731 1174 lli
763 1121 820 1173 ι).
850 1118 950 1173 125
967 1116 1053 1189 8.]
1100 1134 1159 1170 ιι
1202 1116 1658 1183 Quemadmodum
1715 1131 1800 1171 res
1836 1117 2097 1171 universa:

540 1231 559 1264 ι
601 1227 719 1281 quae
747 1210 1020 1279 producta:
1045 1208 1275 1273 fuerunt,
1301 1225 1331 1263 a
1357 1207 1518 1263 Patre
1545 1209 1980 1279 producebantur
2001 1223 2097 1275 per

544 1323 562 1354 ι
608 1301 862 1368 Verbum,
921 1301 985 1355 ad
1017 1301 1264 1355 eumdem
1289 1300 1502 1354 modum
1531 1311 1585 1356 et
1607 1316 1725 1370 qua:
1757 1316 1786 1353 a
1833 1300 1992 1354 Patre
2014 1299 2097 1354 di-

541 1416 558 1445 σ
596 1395 876 1453 cebautur,
907 1409 1003 1464 per
1019 1393 1254 1448 Verbum
1291 1395 1518 1448 indicem
1541 1393 1892 1448 edebantur.»
1921 1393 2097 1462 Atque

531 1489 632 1551 ita,
662 1501 782 1540 cum
813 1485 915 1540 hoc
941 1493 1095 1553 pacto
1139 1484 1488 1540 indicativum
1515 1483 1740 1538 verbum
1775 1482 2094 1552 compellas-

533 1585 618 1631 set
661 1577 858 1646 ipsum.
894 1590 1146 1630 sermone
1192 1575 1569 1645 progrediente
1618 1582 1794 1627 tamen
1844 1573 2096 1630 eumdem

535 1669 710 1736 ipsum
756 1681 783 1718 a
816 1665 975 1720 Patre
1006 1665 1417 1734 inseparabilem
1441 1665 1778 1734 pronuntiat,
1806 1663 1947 1732 quod
1974 1679 2095 1731 spe-

2194 477 2299 548 πρὸ
2320 477 2419 547 τῆς
2443 476 2537 530 τοῦ
2569 477 2775 547 κόσμου
2821 476 3128 539 συστάσεως
3173 477 3337 548 μηδὲν
3384 477 3570 548 ἕτερον
3617 475 3756 533 εἶναι

2197 570 2334 640 πλὴν
2375 569 2544 632 Θεοῦ,
2602 569 2698 622 καὶ
2748 568 2911 622 πάλιν
2957 569 3138 632 αὐτοῖς
3176 570 3412 640 ῥήμασιν
3447 569 3647 638 ἔλεγεν,
3675 571 3756 625 ὅτι

2199 680 2218 712 ‹
2267 662 2430 732 μήπω
2461 661 2554 714 τοῦ
2588 661 2789 732 κόσμου
2815 661 3114 729 γεγονότος,
3136 660 3289 713 οὐδὲν
3328 661 3515 732 ἓτερον
3535 656 3601 732 ἦν
3621 660 3752 731 πλὴν

2201 771 2218 803 ‹
2264 752 2398 805 Θεοῦ
2449 752 2642 824 μόνου·
2686 770 2704 803 ι
2757 753 2887 805 ποτὲ
2926 751 2985 805 δὲ
3019 751 3098 822 τῷ
3134 751 3388 823 ἡμετέρῳ
3440 751 3754 823 σημαντικῷ

2196 846 2338 916 λόγῳ
2374 845 2464 898 τὸν
2495 843 2589 897 τοῦ
2615 843 2748 897 Θεοῦ
2780 842 3134 914 παρέϐαλλεν,
3165 845 3223 896 ὲν
3247 838 3330 907 οἷς
3357 836 3460 898 ὧδε
3481 843 3716 915 ἔγραφεν
3741 861 3758 874 ⁸

2203 957 2221 988 ι
2245 938 2418 990 ’Ὠσπε
2428 955 2458 1008 ρ
2483 935 2553 989 τὰ
2572 937 2830 1004 γεγονότα
2858 934 3036 990 πάντα
3063 935 3166 988 ὑπὸ
3198 934 3292 988 τοῦ
3327 935 3542 1006 Πατρὸς
3561 935 3646 988 διὰ
3665 937 3758 989 τοῦ

2202 1047 2220 1077 ‹
2269 1028 2441 1095 Λόγου
2479 1026 2720 1095 γέγονεν,
2775 1025 2918 1078 οὕτω
2952 1025 3046 1078 καὶ
3097 1024 3165 1077 τὰ
3213 1023 3479 1094 λεγόμενα
3518 1024 3620 1076 ύπὸ
3667 1023 3760 1076 τοῦ

2202 1136 2220 1164 ε
2263 1117 2476 1189 [ἰατρὸς
2504 1117 2592 1170 διὰ
2621 1114 2716 1169 τοῦ
2745 1116 2918 1183 Λόγου
2943 1115 3283 1186 σημαίνεται.
3327 1132 3345 1165 ι
3388 1113 3498 1168 Καὶ
3523 1113 3586 1186 δὴ
3605 1113 3762 1182 λόγον

2199 1207 2526 1280 σημαντικὸν
2549 1210 2606 1261 ὲν
2648 1207 2855 1270 τούτοις
2885 1205 3046 1259 αὑτὸν
3085 1204 3340 1267 ἀνειπὼν,
3381 1205 3580 1275 προῖὼν
3615 1205 3757 1274 ἑξῆς.

2199 1299 2497 1371 ἀχώριστον
2542 1297 2704 1352 αὐτὸν
2736 1300 2803 1368 τῇ
2847 1297 3159 1360 ὑποστάσει,
3185 1295 3243 1350 ἓν
3274 1297 3368 1349 καὶ
3396 1295 3588 1349 ταύτὸν
3621 1292 3766 1348 εἶναι

2195 1391 2272 1462 τῷ
2321 1391 2496 1462 Ila-:91
2543 1389 2898 1459 παρίστησιν.
2943 1379 3045 1439 ὧδέ
3088 1404 3163 1456 πη
3214 1385 3416 1453 λέγων·
3457 1403 3477 1436 ι
3517 1382 3766 1437 Τοῦτοδὲ

2204 1502 2223 1534 ‹
2269 1483 2446 1554 ῥᾴδιον
2468 1478 2618 1552 οἶμαι
2632 1483 2746 1544 τοῖς
2770 1477 3109 1550 εὐφρονοῦσι,
3142 1478 3235 1552 καί
3262 1476 3370 1530 ἀπὸ
3397 1475 3590 1548 μικροῦ
3618 1492 3764 1539 τινος

2203 1593 2220 1634 ι
2267 1574 2359 1627 καί⁸
2372 1571 2624 1626 ταπεινοῦ
2641 1571 2760 1629 καθ’
2777 1571 2926 1640 ἡμᾶς
2937 1567 3375 1641 παραδείγματος
3396 1567 3617 1636 γνῶναι.
3629 1565 3763 1618 Ούδὲ

2205 1685 2221 1715 ι
2265 1663 2372 1737 γὰρ
2405 1664 2497 1717 τὸν
2527 1662 2620 1716 τοῦ
2641 1661 2926 1733 ἀνθρώπου
2946 1659 3104 1728 λόγον
3118 1659 3344 1730 δυνάμει
3364 1659 3458 1712 καὶ
3477 1658 3765 1712 ὑποστάσει

533 1764 649 1810 ctat
690 1757 756 1808 ad
809 1756 1128 1826 hypostasin
1186 1771 1374 1821 suam,
1435 1770 1708 1823 unumque
1758 1770 1882 1809 cum
1938 1753 2097 1808 Patre

2213 1776 2227 1809 ι
2267 1757 2497 1827 χωρίσαι
2518 1756 2626 1808 τινὶ
2655 1753 2895 1808 δυνατόν.
2926 1754 3024 1806 Ἐν
3065 1753 3174 1824 γάρ
3203 1752 3316 1804 ἐστι
3348 1749 3450 1804 καὶ·
3469 1749 3661 1822 ταύτὸν
3690 1749 3767 1820 τῷ

536 1857 699 1916 atque
746 1846 884 1900 idem
937 1847 1114 1911 docet,
1165 1847 1312 1901 hisce
1359 1846 1584 1900 verbis:
1628 1865 1648 1898 ‹
1689 1845 1868 1916 Atque
1929 1845 2096 1909 istud,

541 1955 560 1990 ι
601 1938 815 2006 opinor,
867 1937 956 2008 qui
993 1948 1136 1991 recte
1183 1939 1366 1992 volunt
1407 1951 1619 2005 sapere,
1667 1953 1773 1991 non
1808 1937 2097 1991 admodum

541 2046 562 2078 ι
601 2027 888 2082 diiiiculter
915 2029 1190 2083 collecturi
1223 2037 1348 2082 sunt
1378 2029 1444 2082 ab
1472 2028 1596 2081 exili
1628 2028 1862 2098 quodam
1915 2039 1968 2081 et
1994 2028 2099 2082 hn-

541 2138 564 2169 c
605 2117 714 2172 mili
764 2118 906 2172 inter
937 2119 1180 2173 homines
1203 2117 1466 2188 exemplo.
1495 2117 1626 2171 Nam
1659 2134 1756 2173 nec
1781 2119 2096 2184 humanum,

542 2232 560 2257 ι
612 2209 678 2264 ab
709 2210 925 2264 homine
956 2212 1198 2276 verbum,
1226 2220 1493 2278 potestate
1530 2212 1708 2280 quivis
1740 2221 1793 2264 et
1824 2211 2100 2282 hypostasi

543 2322 562 2352 ε
605 2301 958 2370 separaverit.
997 2301 1086 2355 Est
1119 2302 1263 2355 enim
1293 2303 1540 2368 verbum,
1569 2315 1732 2356 unum
1767 2310 1927 2372 atque
1961 2303 2100 2357 idem

541 2411 562 2441 ι
596 2407 716 2446 cum
745 2391 959 2445 homine
991 2407 1006 2443 :
1039 2406 1141 2444 non
1167 2391 1323 2445 aliter
1347 2391 1566 2445 omnino
1597 2393 1918 2461 separabile,
1938 2408 2098 2460 quam

544 2501 568 2533 ι
603 2481 767 2536 solius
808 2481 1140 2550 operationis
1185 2479 1398 2534 eli'ectu.
1433 2500 1451 2532 ι
1479 2480 1592 2547 Qua
1645 2481 1996 2535 similitudine
2045 2491 2102 2534 et

540 2573 666 2626 alibi
698 2587 824 2627 usus
851 2580 953 2635 est,
987 2573 1072 2625 ubi
1107 2573 1181 2626 ait
1213 2572 1302 2643 μι.
1339 2572 1470 2645 LVI]
1501 2591 1513 2625 :
1551 2590 1570 2624 ι
1603 2572 1944 2640 Quaecunque
1978 2583 2103 2626 sunt

544 2682 564 2715 ς
609 2678 728 2732 quae
752 2662 909 2717 Pater
933 2662 1077 2731 loqui
1109 2662 1549 2731 deprehenditur,
1596 2663 1684 2716 illa
1715 2664 1896 2716 omnia
1926 2663 2103 2732 prolo-

544 2773 565 2806 ι
607 2755 789 2824 quitur
821 2769 916 2820 per
946 2752 1177 2809 Verbum
1228 2768 1405 2806 suum.
1451 2756 1627 2822 Atque
1680 2754 1780 2808 hoc
1839 2754 1890 2807 in
1950 2756 2106 2810 nobis

550 2861 572 2901 ι
613 2846 743 2912 ipsis
769 2855 992 2914 apparet
1020 2858 1141 2897 esse
1175 2845 1266 2904 ita,
1297 2844 1560 2914 siquidem
1585 2846 1766 2914 parvis
1796 2845 1954 2899 liceat
1985 2862 2101 2899 ma-

549 2955 568 2992 ι
608 2952 712 3006 gna
741 2951 1081 3006 componere.
1133 2935 1265 2990 Nam
1296 2951 1629 3006 qttmcunque
1679 2953 1775 2991 nos
1818 2937 1971 3005 juxta
2007 2955 2106 2992 no-

548 3061 557 3073 .
610 3040 782 3081 strum
814 3041 1000 3095 posse,
1044 3027 1223 3081 dicere
1255 3027 1334 3080 vel
1374 3026 1555 3083 facere
1592 3030 1975 3098 cupiverimns,
2011 3045 2106 3092 per

549 3135 572 3172 ι
612 3128 852 3172 nostrum
901 3133 1000 3172 nos
1050 3117 1272 3172 verbum
1320 3119 1411 3174 illa
1440 3119 1632 3176 eﬂ'ecta
1659 3120 1870 3176 damus.
1928 3140 1945 3171 ι
1981 3120 2106 3176 limo

546 3225 645 3266 nos
686 3219 898 3279 oportet
944 3211 1257 3266 existimare
1305 3227 1416 3266 non
1441 3213 1619 3266 minus
1656 3212 1967 3268 Marcellum
2027 3214 2108 3268 di-

546 3307 759 3354 centem
800 3300 1007 3364 audire,
1045 3317 1208 3370 quam
1244 3300 1560 3358 Sabellium.
1602 3303 1711 3358 Nisi
1760 3303 1898 3359 forte
1925 3304 2106 3359 riden-

545 3393 672 3445 dum
715 3392 931 3447 volebat
961 3393 1254 3448 Sabellium
1300 3393 1584 3449 Marcellus
1624 3395 1942 3464 propinare;
1983 3396 2108 3466 quia

549 3501 654 3540 non
707 3485 960 3550 audebat,
1025 3486 1166 3555 quod
1215 3501 1380 3542 ausus
1406 3497 1490 3541 est
1545 3489 1676 3556 ipse,
1714 3487 1942 3542 Verbum
1985 3489 2112 3543 illud

548 3577 643 3631 Dei
683 3577 1067 3642 indicativum,
1112 3581 1256 3648 quod
1297 3580 1569 3634 existimat
1625 3589 1865 3647 tanttnn,
1916 3580 2110 3635 Filium

549 3669 642 3724 Dei
687 3670 986 3724 nominare.
1029 3670 1189 3726 Certe
1240 3687 1346 3725 non
1397 3687 1462 3726 eo
1489 3672 1731 3740 prorupit
1776 3673 1820 3726 is
1867 3673 2110 3737 insaniw,

551 3771 610 3814 nt
644 3775 974 3826 sermonem,
1029 3777 1124 3831 per
1175 3764 1355 3816 omnia
1393 3763 1630 3816 humano
1679 3763 2010 3816 simillimum
2052 3769 2108 3826 ᾖ

550 3853 663 3906 Deo
689 3851 926 3905 onmium
977 3867 1232 3920 supremo
1266 3851 1491 3906 auderet
1521 3851 1813 3906 ascribere.
1866 3851 1972 3904 Sed
2015 3866 2117 3905 nec

548 3956 616 3995 eo
641 3942 886 3996 stultitia:
915 3943 1150 4003 devenit,
1182 3953 1238 3994 ut
1275 3926 1499 3996 verbum
1534 3942 1748 4012 aliquod
1801 3958 1904 3996 non
1937 3943 2117 3996 subsi-

550 4051 722 4108 stens,
769 4040 964 4094 Filium
1022 4041 1114 4094 Dei
1145 4039 1468 4092 nominaret.
1526 4036 1786 4104 Quocirca
1823 4040 1912 4107 qui
1954 4053 2116 4091 unum

551 4132 684 4186 dixit
727 4131 892 4184 Deum
941 4129 1228 4196 Sabellius,
1281 4127 1474 4183 Filium
1499 4143 1624 4181 vero
1657 4129 1962 4197 abnegavit.
1993 4144 2124 4182 con.

550 4233 878 4294 sequenter,
936 4223 1225 4277 secundum
1279 4237 1430 4276 suam
1485 4222 1900 4288 suppositionem
1971 4236 2122 4273 eum-

548 4316 668 4370 dent
723 4314 1010 4370 alIirmavit
1035 4312 1272 4376 Patrem,
1307 4327 1466 4381 quem
1507 4320 1562 4365 et
1601 4309 1813 4364 Filium.
1845 4310 2124 4364 Marcellus

2210 1869 2226 1901 ι
2268 1847 2535 1921 ἀνθρώπῳ
2560 1847 2588 1900 ὁ
2614 1847 2789 1916 λόγος,
2829 1847 2924 1900 καὶ⁹
2947 1845 3122 1899 οὐδενὶ
3165 1843 3530 1916 χωριζόμενος
3575 1843 3765 1914 ἑτέρῳ,

2210 1961 2228 1994 ι
2273 1943 2306 2012 ἢ
2338 1941 2478 2012 μόνῃ
2511 1943 2578 2011 τῇ
2607 1939 2707 2011 τῆς
2737 1937 2988 2009 πράξεως
3020 1935 3292 2009 ἐνεργείᾳ.
3325 1953 3344 1985 ι
3385 1935 3495 1989 Καὶ
3521 1929 3676 1997 αὖθις
3702 1937 3766 2004 τῇ

2204 2035 2338 2105 αὐτῇ
2377 2033 2638 2104 κέχρηται
2670 2029 2836 2084 εἰκόνι
2867 2031 2924 2082 ὲν
2963 2023 3045 2092 οἷς
3073 2045 3204 2099 φησι
3223 2044 3236 2058 ο
3276 2045 3306 2081 ι
3332 2026 3517 2080 Πάντα
3541 2026 3648 2095 γὰρ
3670 2026 3797 2097 ὅσα.

2212 2145 2230 2176 ι
2273 2125 2338 2178 ἂν
2368 2126 2397 2177 ὁ
2432 2123 2623 2194 Πατὴρ
2649 2120 2804 2194 λέγῃ,
2829 2120 3001 2175 ταῦτα
3047 2119 3322 2189 πανταχοῦ
3355 2117 3445 2170 διὰ
3470 2117 3577 2193 τοῦ.
3597 2117 3769 2186 Λόγου

2213 2239 2229 2270 ι
2270 2217 2441 2287 λέγων
2473 2217 2736 2286 φαίνεται.
2755 2212 2926 2268 Τοῦτο
2955 2215 3011 2268 δὲ
3038 2213 3196 2284 δῆλόν
3229 2211 3466 2266 ἐστικαὶ
3496 2213 3587 2281 ἀφ’
3613 2211 3793 2282 ἡμῶν,

2212 2330 2230 2361 ‹
2277 2309 2477 2372 αὐτῶν,
2514 2309 2612 2361 ὅσα
2645 2305 2814 2378 μικρά
2849 2305 3103 2377 μεγάλοις
3128 2303 3220 2358 καὶ
3249 2303 3414 2366 θείοις
3451 2302 3769 2356 ἀπεικάσαι.

2213 2424 2229 2454 ι
2278 2403 2388 2455 Καὶ
2433 2402 2598 2472 ἡμεῖς
2626 2398 2754 2469 γὰρ,
2793 2397 2969 2451 πάντα
2997 2397 3099 2465 ὅσα
3127 2394 3192 2449 ἂν
3233 2393 3506 2464 θέλωμεν,
3540 2391 3681 2446 κατά
3712 2389 3774 2445 τὸ

2213 2515 2229 2545 ι
2269 2492 2487 2546 δυνατὸν
2516 2490 2692 2557 λέγειν
2717 2475 2778 2540 τε
2809 2488 2902 2542 καὶ
2925 2489 3116 2549 ποιεῖν,
3135 2484 3212 2555 τῷ
3236 2483 3489 2556 ἡμετέρῳ
3514 2483 3773 2554 ποιοῦμεν

2214 2607 2231 2637 ι
2271 2586 2433 2656 λόγῳ.
2479 2603 2496 2636 ι
2530 2580 2715 2636 Ταῦτα
2746 2580 2806 2634 οὐ
2849 2578 3049 2649 μᾶλλον
3080 2576 3399 2648 Μαρκέλλου
3427 2574 3772 2647 ἢΣαϐελλίου

2208 2678 2450 2747 λέγοντος
2489 2673 2710 2728 ἀκούειν
2747 2672 3010 2742 προσήκει
3030 2667 3288 2739 νομίζειν,
3312 2669 3367 2721 εἰ
3397 2666 3470 2738 μὴ
3494 2667 3600 2738 ἄρα
3632 2665 3776 2720 τοῖσδ’

2209 2767 2544 2822 ἐπισκώπτοι
2572 2763 2842 2833 Σαδελλίῳ
2872 2759 3311 2833 Μάρκελλος,ὃτι
3340 2758 3414 2830 μὴ
3440 2758 3667 2822 ἀναιδῶς
3685 2757 3793 2813 τὸν.

2209 2865 2268 2915 ὲν
2296 2859 2372 2930 τῷ
2399 2857 2516 2928 Θεῷ
2546 2855 2876 2927 σημαντικὸν
2904 2855 3095 2922 Λόγον,
3135 2850 3212 2916 ὡς
3244 2851 3406 2914 αὐτὸς
3427 2850 3615 2916 οἴεται,
3649 2849 3776 2902 Υίὸν

2209 2951 2408 3022 ἐτόλμα
2428 2947 2727 3019 ὀνομάζειν.
2761 2946 2834 2999 Οὐ
2858 2945 2966 3016 γὰρ
2993 2940 3060 2999 αὖ
3092 2942 3326 3013 τοσαύτη
3354 2940 3502 3013 αὐτῷ
3515 2939 3784 3011 λογισμοῦ

2137 3079 2180 3136 C
2212 3045 2391 3116 παρῆν
2413 3043 2585 3103 ἄνοια,
2605 3040 2680 3104 ὡς
2708 3038 2877 3108 Λόγον
2906 3037 3104 3108 ὁμοίως
3120 3033 3445 3136 ἀνθρόιποις,
3456 3033 3564 3136 εκαὶ
3686 3031 3778 3136 ἐπὶ

2211 3137 2426 3189 πάντων
2459 3134 2656 3187 διδόναι
2685 3129 2823 3201 Θεῷ.
2869 3128 2990 3182 Οὐδ’
3019 3127 3190 3190 οὕτως
3222 3125 3426 3197 ἡλίθιός
3455 3120 3544 3195 ἦν,
3573 3123 3648 3186 ὡς
3688 3121 3777 3175 τὸν

2215 3227 2287 3299 μὴ
2310 3224 2591 3296 ὑφεστῶτα
2614 3224 2799 3293 λόγον,
2827 3220 2954 3274 Υίὸν
2971 3219 3104 3272 Θεοῦ
3126 3218 3327 3273 καλεῖν.
3351 3217 3570 3286 Διόπερ,
3593 3212 3781 3267 Σαϐέλ-

2209 3320 2320 3383 λιος
2374 3319 2469 3372 ἕνα
2524 3317 2656 3370 Θεὸν
2709 3312 2900 3376 εἰπὼν,
2953 3311 3046 3364 τὸν
3104 3310 3163 3363 δὲ
3209 3308 3337 3361 Υίὸν
3383 3305 3776 3378 ἀρνησάμενος,

2212 3410 2492 3481 ἑπομένως
2530 3412 2596 3478 τῇ
2643 3405 2790 3476 αὐτῷ
2818 3403 3035 3475 δοθείσῃ
3071 3400 3341 3463 ὑποθέσει,
3371 3399 3460 3451 τὸν
3491 3396 3650 3451 αὑτὸν
3674 3396 3783 3448 Πα-

2211 3501 2344 3570 τέρα
2366 3495 2502 3552 εἷναι
2523 3499 2615 3549 καὶ
2631 3494 2756 3548 Υἱόν
2779 3493 3000 3562 ἔφασκε.
3020 3488 3337 3561 Μάρκελλος
3358 3487 3414 3540 δὲ
3433 3486 3564 3557 (65),
3587 3484 3783 3556 ὁμοίως

2214 3590 2407 3658 ἐκείνῳ
2431 3587 2489 3641 ἓν
2515 3586 2607 3640 καὶ
2629 3583 2824 3638 ταύτὸν
2854 3578 2993 3635 εἶναι
3029 3580 3120 3633 τὸν
3141 3579 3292 3643 Θεὸν,
3328 3577 3421 3631 καὶ
3442 3576 3532 3628 τὸν
3559 3578 3615 3629 ὲν
3637 3573 3785 3643 αύτῷ

2215 3677 2386 3744 Λόγον
2419 3673 2612 3736 διδοὺς,
2651 3672 2824 3743 μάτην
2853 3667 3116 3737 ἐσφάλθαι
3141 3666 3230 3720 τὸν
3255 3664 3558 3725 Σαΰέλλιον,
3592 3664 3709 3734 ούχὶ
3728 3662 3785 3714 δὲ

2218 3769 2310 3822 καὶ
2336 3766 2526 3820 ἑαυτὸν
2552 3762 2821 3834 ὁμολογεῖ.
2867 3760 2936 3813 Ἦ
2985 3759 3096 3829 γάρ
3135 3758 3380 3812 κάκεῖνον
3429 3753 3786 3825 ἀποδέχεσθαι

2217 3858 2375 3929 χρῆν,
2403 3855 2436 3926 ἢ
2469 3857 2563 3908 καὶ
2601 3850 2764 3907 αὑτὸν
2801 3848 3110 3921 μέμφεσθαι
3136 3863 3150 3876 °
3185 3848 3218 3918 ἢ
3260 3847 3609 3919 μεμφόμενον
3646 3846 3787 3898 έκεῖ-

2219 3968 2332 4016 νον,
2369 3948 2468 4020 τὴν
2505 3945 2696 4016 ὁμοίαν
2729 3941 2878 4013 αὐτῷ
2918 3938 3236 4005 κακοδοξίαν
3276 3937 3657 4009 ἐκτρέπεσθαι,
3693 3937 3791 3989 καὶ

2225 4039 2298 4110 μὴ
2326 4033 2760 4108 ἀνδριαντοποιοῦ
2799 4032 2953 4100 δίκην
2990 4028 3336 4082 ὑποτίθεσθαι
3378 4027 3469 4080 τὸν
3515 4024 3668 4091 Θεὸν,
3720 4029 3789 4096 τῇ

2224 4129 2414 4184 ἑαυτοῦ
2455 4127 2750 4199 ὲνθυμήσει
2776 4124 2869 4177 καλ⁹
2892 4120 2969 4192 τῷ
2995 4121 3109 4191 ἰδίῳ
3129 4118 3374 4190 λογισμῷ
3417 4116 3793 4190 προσδιαλεγόσ

2229 4239 2406 4295 μενον,
2441 4220 2599 4274 αὐτόν
2625 4236 2684 4272 τε
2715 4215 2891 4286 ἐαυτῷ
2925 4212 3425 4287 παρακελευόμενον
3447 4211 3645 4281 λέγειν,
3674 4209 3791 4280 (66)

2229 4316 2361 4382 Ἀγε
2406 4312 2740 4379 ποιήσωμεν,
2783 4305 2884 4374 ἀγε
2929 4303 3222 4374 πλάσωμεν
3268 4301 3582 4373 ἀνδριάντα.
3639 4299 3795 4354 υῦτω

549 4423 678 4464 vero
707 4409 800 4478 qui
838 4407 1060 4470 perinde
1114 4415 1276 4475 atque
1325 4405 1412 4459 ille
1447 4407 1610 4458 Deum
1655 4417 1818 4456 unum
1871 4403 2109 4472 idemque

2227 4405 2334 4474 γὰρ
2355 4402 2449 4455 καὶ
2469 4400 2557 4453 τὸν
2568 4399 2696 4452 Θεὸν
2713 4396 2989 4469 εἰρηκέναι
3002 4396 3084 4459 τὸ,
3102 4393 3450 4463 Ποιήσωμεν
3463 4394 3793 4462 ἄνθρωπον,

549 4502 820 4556 statuebat
849 4515 972 4556 cum
1009 4497 1184 4554 Verbo
1210 4514 1328 4560 suo,
1359 4498 1539 4566 inepte
1568 4507 1790 4551 accusat
1816 4495 2113 4550 Sabellium

547 4595 774 4660 erroris,
802 4609 1024 4662 prorsus
1052 4593 1150 4646 nisi
1185 4607 1244 4647 se
1267 4602 1323 4645 et
1351 4605 1564 4645 errasse
1589 4589 1840 4644 fateatur.
1873 4588 2004 4642 Nam
2039 4588 2121 4642 vel

551 4702 675 4742 cum
721 4686 957 4741 Sabellio
985 4685 1307 4753 conspirare
1357 4684 1610 4747 debebat,
1653 4682 1736 4736 vel
1766 4682 2117 4747 semetipsum

550 4782 906 4848 redarguere,
947 4788 1039 4832 aut
1079 4779 1123 4833 si
1177 4777 1503 4845 redarguere
1544 4773 1842 4829 Sabellium
1883 4770 2117 4834 volebat,

552 4874 796 4928 eamdem
844 4887 1062 4942 pravam
1097 4887 1248 4926 suam
1294 4869 1542 4924 haeresim
1586 4865 1838 4934 ahjurare
1869 4881 1990 4920 eum
2031 4866 2124 4919 de-

552 4966 668 5019 cuit
705 4981 720 5018 :
763 4981 864 5020 nec
912 4966 1204 5019 admodum
1261 4963 1490 5033 alicujus
1536 4971 1731 5016 statu-te
1783 4957 2120 5022 cunllaturis,

557 5060 722 5112 Deum
763 5073 1066 5128 supponere
1105 5057 1518 5126 colloquentem,
1552 5069 1672 5106 cum
1705 5067 1800 5106 sua
1825 5049 2118 5104 ratiocina-

560 5152 727 5212 tione.
772 5159 828 5204 et
875 5150 1038 5204 animi
1096 5149 1177 5202 sui
1236 5147 1637 5216 intelligentia:
1683 5146 1968 5213 ipsumque
2022 5136 2124 5190 sibi

559 5241 661 5310 ipsi
687 5242 1038 5312 imperantem
1069 5242 1408 5296 introducere
1438 5242 1503 5294 ad
1539 5240 1680 5294 hunc
1723 5236 1939 5291 modum
1975 5248 1987 5284 :
2022 5229 2125 5283 Fa-

547 5447 550 5451 ,
647 5386 708 5446 ᾖ(
743 5383 839 5438 Ed.
861 5382 1056 5450 Paris.,
1086 5399 1207 5453 pag.
1246 5382 1334 5440 80.

657 5546 744 5616 65)
775 5545 945 5611 Vulgo
969 5546 1167 5616 ὁμοίως
1197 5545 1344 5616 αὐτῷ
1368 5557 1419 5600 et
1441 5544 1594 5598 ἁποδ.
1625 5545 1812 5615 ἐχρῆν.

657 5562 722 5601 υς)
785 5562 945 5611 vulgo
969 5562 1167 5616 ομοιως
1197 5564 1344 5616 αυτῳ
1368 5562 1419 5600 et
1441 5562 1594 5598 απόο.
1625 5562 1812 5615 εχρην.

656 5562 744 5689 6ϋῖ
780 5619 909 5686 ’Ἄγε
947 5617 1312 5687 ποιήσωμεν.
1353 5616 1655 5689 Legi-miunt
1693 5616 2038 5689 «ποιήσωμεν,
2076 5619 2133 5689 ut

568 5683 698 5744 altas
727 5683 996 5753 'habctur,
1043 5683 1221 5744 statim
1259 5703 1353 5758 pro
1394 5687 1694 5755 μηδέποτε,
1745 5683 1964 5740 reStitue
2005 5683 2131 5736 ποτὲ

2226 4499 2350 4568 ἔφη,
2381 4493 2512 4566 μηδὲ
2523 4492 2653 4544 ποτε
2684 4491 2780 4562 μὲν
2800 4489 3117 4550 ἐνδιάθετον,
3142 4489 3216 4551 ὡς
3239 4484 3604 4558 ἐπ’ἁνθρὼπῳ
3618 4486 3793 4554 λόγον,

2229 4588 2356 4642 ποτὲ
2399 4586 2455 4638 δὲ
2480 4581 2834 4654 σημαντικὸν,
2851 4582 2924 4644 ὡς
2941 4581 3031 4634 τὸν
3067 4582 3122 4634 ἐν
3145 4581 3273 4651 ἡμῖν
3301 4577 3631 4650 προφορικὸν
3653 4617 3667 4635 .
3703 4575 3798 4630 καὶ

2231 4685 2286 4735 ὲν
2323 4681 2401 4752 τῷ
2417 4677 2536 4748 Θεῷ
2565 4674 2926 4729 ὑποτίθεσθαι.
2960 4672 3145 4726 Ταῦτα
3170 4673 3278 4744 γὰρ
3307 4655 3592 4724 Σαϐελλίου
3618 4669 3799 4740 ἦΊου-

2231 4773 2395 4826 δαίων
2425 4768 2569 4831 τινὸς
2603 4765 2712 4819 τῶν
2736 4765 2826 4818 τὸν
2859 4763 2987 4817 Υίὸν
3017 4763 3112 4814 τοῦ
3152 4761 3286 4815 Θεοῦ
3323 4757 3800 4832 ἀπαρακαλύπτως

2230 4862 2573 4936 ἀρνουμένων
2589 4856 2809 4912 ἀνεκτὸν
2832 4851 2900 4936 ἦν
2935 4853 3131 4924 μᾶλλον
3149 4851 3182 4922 ἢ
3201 4848 3523 4921 Χριστιανοῦ
3557 4848 3800 4916 λέγοντος

2231 4949 2469 5010 ἀκ⁶ούειν.
2509 4953 2567 5004 '0
2588 4951 2654 5016 δ’,
2675 4949 2862 5018 ὥσπερ
2883 4943 3418 5014 ὲγκαλλωπιζόμενος
3443 4943 3510 5012 τῇ
3541 4939 3798 5008 Ἰουδαϊκῇ

2229 5045 2562 5115 διδασκαλίᾳ,
2589 5043 2652 5114 τῇ
2677 5037 2974 5110 Ἐκκλησία
3000 5033 3235 5107 Χριστοῦ
3266 5034 3394 5104 περὶ
3433 5032 3525 5085 τοῦ
3568 5031 3642 5102 μὴ
3669 5025 3804 5082 εἶναι

2230 5139 2321 5191 τὸν
2355 5138 2480 5190 Υἱὸν
2521 5133 2614 5188 τοῦ
2656 5131 2813 5194 Θεοῦ,
2861 5129 2920 5183 τὸ
2967 5127 3224 5190 δυσσεϐὲς
3281 5125 3430 5178 τουτὶ
3491 5122 3585 5176 καὶ
3648 5119 3800 5174 ἄθεον

2235 5229 2443 5298 εἰσάγει
2475 5228 2671 5298 δόγμα,
2704 5223 2813 5295 πρὸ
2846 5221 2942 5274 τοῦ
2984 5221 3076 5273 τὸν
3111 5219 3312 5289 κόσμον
3354 5213 3606 5284 γενέσθαι
3641 5208 3801 5282 μηδὲν

2287 5536 2363 5589 ἐν.
2405 5533 2474 5587 Μ.
2494 5529 2750 5596 --Vulgo
2782 5543 2940 5594 supra
2977 5525 3324 5596 πλάσσωμεν.
3349 5519 3464 5596 blox
3491 5516 3663 5596 vulgq
3681 5513 3804 5594 ποτὲ

2287 5556 2363 5589 εν.
2405 5556 2564 5587 M.-—-
2593 5556 2750 5596 νιιικυ
2782 5556 2940 5594 διψιη
2978 5556 3324 5593 ’διιιυιυυυυριςη
3349 5556 3464 5584 μιν.
3499 5556 3645 5585 ηαδ..
3688 5556 3804 5594 ,ἰν-ν

2240 5556 2303 5678 δὴ
2329 5622 2472 5678 σημ.⁸
2511 5612 2564 5654 et
2598 5599 2748 5678 ἐκκλ.
2781 5599 2873 5656 τοῦ
2905 5615 2990 5668 χρ.
3026 5607 3075 5654 et
3108 5593 3199 5646 τοῦ
3234 5590 3547 5662 ποιηθέντος
3583 5585 3727 5658 aiith
3755 5596 3808 5642 et

2243 5671 2565 5739 παραδεδειγ
2573 5671 2748 5740 μένον.
