4190 6406
453 339 552 399 861
1409 341 1497 397 DE
1542 336 2082 398 ECCLESIASTICA
2120 336 2520 395 THEOLOGIA
2558 335 2685 395 LIB.
2727 337 2767 397 l.
3613 343 3717 400 882

452 461 636 532 ἕτερον
669 457 809 517 εἶναι
846 463 985 535 πλὴν
1014 463 1151 518 Θεοῦ
1186 464 1370 537 μόνου,
1398 462 1464 516 δι’
1495 462 1617 516 ὅλου
1644 459 1740 513 τοῦ
1777 459 2021 531 πονηθέν-

2137 460 2346 517 ciamus
2375 459 2625 528 agedum,
2669 461 2897 528 agedum
2935 460 3218 527 tingamus,
3276 475 3377 532 age
3408 462 3717 521 conﬁemus

451 571 542 617 τος
559 554 709 626 αὒτῷ
734 556 1162 629 συγγράμματος
1183 555 1624 620 κατασκευάζων,
1648 553 1714 608 ἵν’
1730 552 2021 626 ἀποκλείσῃ

2135 560 2393 607 statuam.
2424 551 2499 605 lta
2532 553 2675 606 enim
2706 553 2963 621 supponit
3000 554 3164 607 Deum
3209 554 3498 625 aliquand‘o
3525 559 3705 633 prolo-

448 645 526 716 τῷ
569 648 683 720 Υἱῷ
727 648 825 720 τὴν
875 649 1128 721 πάροδον.
1173 649 1332 703 ’Λλλά
1361 648 1457 703 καὶ
1488 646 1811 718 σεμνύνεται
1844 645 2021 717 αὐχῶν

2133 652 2338 705 cntum,
2371 639 2659 695 Faciamus
2688 643 2949 695 hominem
2978 644 3042 699 ".
3070 643 3343 715 Nusquam
3367 656 3518 702 certe
3551 655 3708 704 vocat

450 739 546 792 ἕνα
600 738 732 794 Θεὸν
778 739 993 794 εἰδέναι·
1045 741 1120 805 ὡς
1175 741 1295 811 οὐχὶ
1347 740 1440 794 καὶ
1467 738 1624 810 ἡμῶν
1649 738 1809 792 τοῦτο
1839 738 2021 806 λεγόν-

2132 734 2367 788 Verbum
2405 735 2547 787 intus
2576 735 2948 799 constitutum,
2978 741 3247 804 quomodo
3280 737 3430 807 loqui
3465 753 3581 793 mos
3613 748 3707 794 est

448 848 577 893 των,
608 831 700 885 τὸν
728 832 855 887 Υἰὸν
901 832 993 886 τοῦ
1023 832 1157 886 Θεοῦ
1192 832 1406 902 ἀληθῶς
1443 830 1573 884 Υἰὸν
1618 826 1758 884 εἶναι
1787 829 2025 902 παραδε-

449 922 503 977 δε
513 924 768 995 ιγμένων,
805 927 935 997 παρ’
951 924 1113 978 αὐτοῦ
1128 942 1188 978 τε
1204 923 1607 996 μεμαθηκότων
1625 924 1722 977 ἕνα
1737 922 2023 994 γνωρίζειν

448 1014 601 1081 Θεὸν,
635 1017 795 1071 αὐτόν
826 1035 884 1071 τε
907 1013 1044 1071 εἶναι
1066 1017 1200 1071 Θεὸν
1232 1018 1368 1090 ὁμοῦ
1391 1020 1485 1073 καὶ
1508 1017 1728 1089 Πατέρα
1747 1014 1860 1087 (67)
1889 1012 2021 1067 Υἱοῦ

444 1108 541 1161 τοῦ
574 1107 915 1179 μονογενοῦς,
942 1111 1136 1166 ἑαυτοῦ
1151 1111 1360 1183 δηλαδὴι
1369 1111 1522 1175 ὔντος
1535 1108 1748 1181 ἀληθῶς
1761 1106 1894 1161 Υἱοῦ
1917 1106 2023 1179 πρὸ

445 1199 664 1254 πάντων
692 1200 901 1254 αἰώνων
936 1200 996 1266 ἐξ
1031 1202 1196 1255 αὐτοῦ
1221 1202 1611 1273 γεγενημένου,
1638 1201 1733 1253 καὶ
1760 1200 1821 1253 οὐ
1862 1198 2020 1270 μόνον

443 1290 617 1359 Λόγου
661 1292 996 1363 κεκλημένου
1048 1293 1155 1366 πρὸ
1186 1294 1283 1365 τῆς
1323 1292 1637 1364 ἀναλήψεως
1668 1291 1767 1361 τῆς
1797 1278 2018 1361 σαρκὸς,

442 1383 578 1454 ὅπερ
604 1384 633 1435 ό
662 1385 910 1453 γενναῖος
949 1384 1265 1457 διορίζεται,
1316 1383 1451 1438 ἀλλά
1489 1383 1584 1436 καὶ⁸
1627 1381 1801 1454 μυρία
1832 1381 2017 1451 ἕτερα,

440 1475 469 1528 ὁ
486 1475 544 1528 δὲ
575 1474 683 1529 κᾶν
712 1475 906 1547 τούτῳ,
935 1477 1035 1548 τῆς
1056 1476 1208 1540 θείας
1226 1477 1452 1549 Γραφῆς
1479 1475 1893 1546 καταψεύδετᾶι,
1913 1476 2021 1547 πρὸ

439 1569 540 1640 τῆς
596 1570 863 1643 ὲνσάρκου
921 1570 1224 1643 παρουσίας
1276 1570 1441 1643 μηδὲν
1478 1570 1666 1643 ἕτερον
1720 1570 2019 1642 κεκλῆσθαι

440 1660 601 1718 αὐτὸν
625 1662 1110 1735 ἀπισχυριζόμενος
1136 1663 1169 1733 ἦ
1191 1662 1379 1731 Λόγον.
1584 1648 1587 1651 ’

2130 827 2183 879 in
2220 826 2499 879 humanis:
2526 839 2581 880 at
2618 828 2886 881 interdum
2929 838 3083 883 vocat
3117 831 3491 893 indicativum,
3531 831 3705 886 simil-

2127 919 2313 975 lituum
2348 931 2533 974 nostro
2562 922 2724 975 verbo
2749 922 3041 991 prolatitio.
3073 923 3228 978 Esset
3253 924 3356 978 hoc
3385 925 3439 977 in
3467 922 3706 979 Sabellio

2128 1013 2346 1081 quidem
2424 1014 2743 1069 tolerabile:
2775 1015 2857 1069 vel
2904 1016 2953 1068 in
2988 1015 3296 1071 Judarorum
3364 1015 3547 1088 aliquo
3608 1016 3706 1087 qui

2125 1107 2242 1159 sine
2274 1105 2721 1177 tergiversatione
2750 1107 2926 1177 aliqua
2966 1108 3157 1162 Filium
3181 1108 3281 1177 Dei
3305 1117 3705 1180 pernegaturus

2125 1207 2267 1252 esset
2304 1219 2318 1253 :
2355 1209 2411 1251 at
2443 1200 2565 1268 quis
2601 1200 2715 1254 haec
2744 1200 3012 1254 dicentem
3039 1199 3409 1257 Christianum
3436 1201 3610 1256 ferat?
3635 1202 3704 1257 At

2127 1290 2217 1345 ille
2263 1291 2423 1346 veluti
2461 1293 2551 1361 qui
2606 1292 2931 1363 gloriaretur
2979 1294 3046 1348 de
3092 1292 3408 1360 Judaismo,
3472 1295 3702 1366 impium

2126 1385 2319 1455 dogma
2358 1395 2519 1452 atque
2558 1387 2779 1440 athequ
2822 1385 3119 1440 introducit
3169 1386 3219 1439 in
3260 1384 3581 1452 Ecclesiam,
3615 1386 3703 1441 Fi-

2127 1477 2255 1531 lium
2283 1478 2375 1533 Dei
2399 1480 2711 1547 neutiquam
2743 1480 3039 1543 exstitisse,
3085 1490 3212 1533 ante
3256 1478 3440 1533 mundi
3494 1478 3699 1549 produ-

2126 1567 2357 1624 ctionem
2387 1590 2402 1624 :
2436 1586 2555 1623 cum
2584 1570 2700 1624 solo
2731 1570 2836 1624 Deo
2868 1581 3096 1639 excepto
3127 1570 3258 1624 nihil
3283 1570 3440 1641 plane
3463 1579 3701 1626 exstaret

2126 1661 2244 1715 ibi:
2289 1664 2499 1731 hocque
2549 1663 2722 1733 ipsum
2771 1663 3148 1728 constabilirc,
3187 1679 3286 1735 per
3330 1663 3522 1732 scripti
3552 1663 3699 1718 illius

442 1757 524 1811 sui
555 1772 866 1827 processum
896 1766 1127 1811 conatur
1159 1758 1474 1812 universum
1507 1773 1523 1811 :
1562 1757 1615 1811 in
1645 1772 1767 1813 eum
1819 1757 2007 1821 linem,
2043 1764 2101 1827 ut
2131 1755 2279 1827 Filio
2337 1774 2554 1812 onmem
2619 1760 2823 1813 aditum
2859 1760 2925 1813 ad
2972 1759 3384 1814 subsistentiam
3433 1757 3699 1813 interclu-

439 1855 551 1909 dat.
591 1852 696 1909 Sed
728 1863 783 1910 et
811 1854 1033 1925 insuper
1064 1855 1415 1910 vehementer
1447 1855 1727 1923 gloriatur,
1762 1869 1821 1910 se
1852 1870 2016 1908 unum
2057 1858 2432 1921 tantummodo
2477 1856 2640 1910 Deum
2713 1872 3041 1927 agnoscere:
3105 1858 3263 1927 quasi
3296 1857 3399 1912 hoc
3444 1872 3541 1911 nos
3590 1871 3696 1910 non

439 1947 822 2003 conﬁteremur
850 1964 973 2004 cum
998 1949 1112 2015 illo,
1143 1950 1234 2019 qui
1265 1958 1442 2004 tamen
1478 1950 1568 2003 Dei
1600 1965 1785 2004 revera
1816 1949 2013 2004 Filium
2053 1963 2176 2005 esse
2228 1951 2561 2019 accepimus,
2608 1960 2662 2005 et
2721 1951 2790 2005 ab
2829 1953 3057 2019 ipsomet
3098 1952 3262 2006 etiam
3328 1951 3466 2006 Filio
3531 1968 3698 2006 unum

440 2043 606 2098 Deum
639 2058 936 2115 agnoscere
971 2045 1149 2100 edocti
1188 2045 1412 2108 fuimus,
1445 2045 1729 2115 ipsumque
1762 2046 1929 2100 Deum
1951 2060 2070 2109 esse
2110 2044 2270 2101 simul
2291 2058 2454 2117 atque
2476 2046 2686 2100 Patrem
2715 2046 2837 2101 Filii
2863 2048 3151 2117 unigeniti,
3181 2049 3264 2103 sui
3290 2048 3698 2118 nempeipsius,

438 2137 529 2206 qui
564 2153 661 2192 nos
699 2138 777 2193 sic
802 2138 1005 2205 docuit,
1048 2141 1140 2211 qui
1189 2156 1314 2196 vere
1353 2139 1519 2195 Filius
1558 2141 1858 2213 exsistebat
1882 2151 2010 2196 ante
2056 2143 2236 2197 omnia
2279 2142 2499 2219 smcula,
2542 2143 2609 2197 de
2644 2142 2735 2197 illo
2788 2142 2949 2197 Patre
3006 2144 3239 2214 genitus.
3265 2157 3424 2213 quem
3462 2158 3567 2198 non
3605 2159 3695 2198 so-

440 2232 546 2285 lum
591 2232 826 2288 Verbum
898 2237 1223 2306 compellare
1271 2235 1509 2291 solemus
1542 2277 1557 2302 ,
1609 2237 1772 2292 etiam
1811 2244 1937 2291 ante
1977 2250 2285 2310 susceptam
2312 2252 2552 2302 carnem,
2589 2239 2664 2291 uti
2695 2237 2843 2291 illum
2889 2235 3292 2291 circumscribit
3355 2237 3531 2292 bonus
3594 2236 3698 2291 iste

438 2331 541 2395 vir,
577 2329 670 2384 sed
702 2330 883 2386 multis
911 2330 1030 2387 aliis
1063 2333 1376 2387 nominibus
1404 2372 1420 2395 ,
1474 2332 1566 2401 qui
1630 2331 1736 2387 hoc
1794 2331 1909 2401 ipso
1959 2332 2223 2406 mendacii
2286 2332 2532 2404 coarguit
2560 2331 2920 2400 Scriptorum.
2966 2331 3092 2385 dum
3146 2330 3519 2386 vehementius
3551 2344 3698 2385 asse-

435 2433 589 2477 verat
641 2422 790 2479 illum
838 2424 984 2480 tiullo
1015 2424 1121 2481 alio
1169 2425 1390 2479 nomine
1444 2425 1718 2480 exstitisse
1748 2433 1958 2492 notum,
1991 2432 2120 2478 ante
2151 2439 2303 2480 suam
2339 2424 2795 2493 incarnationem.

1073 2521 1229 2574 ΚΕΦ.
1270 2522 1377 2573 IH'.

2655 2525 2717 2591 ἧς
2742 2517 2895 2587 car.
2948 2516 3129 2589 xwu.

434 2608 637 2682 ’θείως
679 2610 794 2680 πρὸ
842 2609 955 2682 ςῆς
1002 2611 1512 2681 ἐψανθρωπήσεως
1580 2610 1771 2682 aesar,
1810 2611 2017 2680 ἕτερον

2124 2612 2277 2680 Quod
2304 2612 2522 2682 afﬁrmet
2573 2609 2921 2682 Filium‘ame
2949 2616 3275 2682 assumptum
3315 2623 3523 2661 carnem
3565 2607 3698 2682 nihil

501 2676 772 2752 ξεριὶσκὲν
789 2676 959 2752 ,εἶναι
989 2683 1095 2736 τὸν
1142 2676 1278 2737 flor
1301 2676 1349 2752 ἦ
1369 2676 1584 2751 Λόγον,
1629 2681 1791 2748 αὐτῷ
1823 2676 2019 2751 μόνον

2126 2676 2160 2680 θ’
2188 2676 2406 2751 μνον-δῖα
2440 2681 2590 2735 aliud
2620 2680 2879 2742 exstitisse
2901 2694 3058 2748 quam
3110 2676 3354 2740 Verbum,
3388 2678 3689 2732 consimilli»

501 2748 709 2820 ὅμοιον
734 2751 814 2818 τῷ
840 2752 976 2821 παρ’
1000 2748 1352 2822 ἀνθρώποις.
1460 2748 1470 2751 ⁷
1825 2748 1838 2751 ’

2188 2748 2335 2807 mum
2357 2754 2590 2806 humano
2620 2752 2796 2805 verba.

512 2840 847 2895 Ἐπάκουσον
892 2840 1046 2910 γοῦν,
1088 2841 1165 2905 ὡς
1200 2833 1600 2895 διαϐεϐαιοῦται
1619 2880 1635 2905 ,
1682 2839 1866 2903 αὐτοῖς
1917 2838 2017 2910 ῥή-

2190 2845 2325 2901 Audi
2347 2857 2530 2900 autem
2548 2843 2820 2915 quomodo
2834 2843 2938 2898 hoc
2956 2842 3130 2914 ipsum
3149 2841 3363 2902 doceat.
3383 2840 3510 2895 dum
3530 2839 3700 2896 diser-

434 2950 566 3005 μασι
616 2933 803 2988 τοῦτον
842 2935 1070 3006 γράφων
1110 2934 1202 2988 τὸν
1241 2933 1475 3006 τρόπον·
1531 2952 1550 2985 ι
1598 2933 1760 2986 Ὥστε
1808 2947 2015 2985 παντα-

437 3049 457 3081 ‹
503 3028 658 3100 χόθεν
692 3029 803 3100 (68)
841 3029 956 3082 ἐστὶ
996 3027 1177 3099 δῆλον,
1212 3028 1376 3100 μηδὲν
1408 3027 1596 3100 ἕτερον
1636 3028 1702 3099 τῇ
1751 3026 2013 3098 ἀῖδιότητι

439 3140 457 3171 ι
502 3118 596 3173 τοῦ
619 3118 790 3187 Λόγου
821 3118 1111 3191 ἁρμόττειν
1137 3117 1327 3189 ὄνομα,
1365 3116 1398 3188 ἢ
1427 3116 1596 3183 τοῦθ’,
1628 3116 1765 3188 ὅπερ
1787 3117 1816 3170 ό
1846 3113 2017 3184 ἁγιώ-

437 3233 459 3264 σ
502 3229 661 3275 τατος
694 3211 787 3265 τοῦ
819 3210 953 3264 Θεοῦ
998 3209 1245 3281 μαθητὴς
1283 3208 1379 3268 mi.
1410 3207 1706 3270 ἀπόστολος
1739 3206 2013 3279 Ἰωάννης,

437 3325 457 3357 ι
504 3306 562 3357 ὲν
606 3292 754 3375 ’ἀρχῇ
801 3303 895 3363 τοῦ
949 3301 1283 3371 Εὐαγγελίου
1333 3300 1577 3375 εἴρηκεν.
1632 3298 1851 3371 Ἐπειδὴ
1906 3298 2013 3371 γὰρ

439 3417 458 3448 ι
509 3396 646 3467 μετά
691 3395 790 3467 τὴν
834 3395 935 3466 τῆς
989 3394 1189 3468 σαρκὸς
1227 3378 1492 3464 ἀνάληψιν
1540 3391 1777 3464 Χριστός
1819 3408 1881 3444 τε
1922 3391 2016 3444 καὶ

435 3508 454 3540 ι
514 3487 719 3571 Ἰησοῦς
746 3486 1090 3571 κηρύττεται,
1122 3484 1233 3558 ζωή
1268 3503 1327 3538 τε
1362 3485 1455 3538 καὶ
1494 3484 1645 3551 ὁδὸς,
1699 3484 1795 3537 καὶ
1834 3482 2015 3555 ἡμέρα

2117 2936 2189 2992 tis
2211 2937 2429 3006 quidem
2456 2935 2637 2990 verbis
2656 2935 2728 2989 ita
2763 2934 2953 2990 scribit
2981 2931 3073 3007 [Β.
3096 2931 3367 3006 XXXVll}
3392 2948 3435 2986 τι
3458 2931 3609 2986 Adeo
3639 2940 3699 2986 ut

2122 3046 2143 3080 c
2186 3028 2342 3098 plane
2363 3028 2509 3083 omni
2529 3027 2690 3082 modo
2721 3026 3068 3083 manifestum
3094 3015 3276 3093 fuerit,
3295 3026 3503 3082 nullum
3532 3025 3697 3081 alium

2121 3135 2142 3169 α
2186 3132 2378 3173 nomen
2405 3117 2689 3172 mlernitali
2713 3115 2872 3172 Verbi
2889 3119 3274 3173 convenienter
3294 3117 3695 3182 ascribendum,

2122 3231 2140 3262 ι
2182 3196 2349 3281 quam.
2367 3211 2471 3266 hoc
2495 3210 2693 3281 ipsum,
2717 3211 2860 3280 quod
2890 3226 2919 3263 a
2950 3209 3294 3266 sanctissimo
3329 3209 3423 3264 Dei
3449 3209 3700 3279 apostolo

2121 3320 2141 3354 ι
2184 3314 2238 3357 et
2267 3303 2535 3371 discipulo
2578 3301 2809 3368 Joanne,
2862 3303 2913 3356 iu
2954 3303 3225 3373 principio
3254 3303 3475 3372 ponitur
3511 3300 3696 3355 Evan-

2123 3415 2141 3448 ι
2182 3394 2326 3466 gelii.
2392 3395 2673 3465 Siquidem
2726 3395 2791 3460 is,
2852 3404 2974 3463 post
3027 3404 3358 3465 assumptam
3425 3408 3695 3458 carnem,

2124 3506 2143 3539 ι
2181 3488 2428 3543 Christus
2466 3496 2521 3541 et
2544 3485 2703 3541 Iesus
2719 3486 3305 3557 praedicatumvitaque
3328 3494 3385 3539 et
3414 3485 3522 3549 via,
3554 3484 3689 3550 dies.

2123 3599 2141 3633 ‹
2187 3580 2536 3644 resurrectio,
2573 3580 2796 3644 ostium,
2827 3578 3003 3648 panis,
3040 3588 3092 3634 et
3125 3592 3244 3648 quae
3266 3586 3464 3633 caetera
3494 3576 3568 3632 illi
3597 3591 3695 3632 no-

2124 3690 2141 3722 ι
2189 3672 2329 3726 mina
2390 3672 2443 3727 in
2502 3672 2802 3742 Scripturis
2867 3670 3237 3724 sacrosanctis
3296 3670 3688 3732 ascribuntur,

438 3597 457 3629 ι
504 3579 596 3632 καὶ
628 3568 959 3654 ἀνάστασις,
1004 3568 1099 3631 καὶ
1149 3575 1288 3648 θύρα
1353 3576 1447 3629 καὶ
1493 3575 1694 3653 ἄρτος,
1742 3574 1837 3627 καὶ
1868 3571 1937 3627 ἐῖ
1959 3591 2014 3651 τιι

436 3688 455 3720 ι
502 3670 687 3741 ἕτερον
743 3670 849 3724 ὑπὸ
908 3668 1020 3723 τῶν
1067 3668 1226 3722 θείων
1273 3667 1591 3739 ὀνομάζοιτο
1645 3665 1896 3745 ΓραφᾷΝ,
1952 3665 2013 3733 οὐ

437 3783 455 3814 ι
507 3764 655 3835 παρά
709 3762 866 3817 τοῦτο
908 3762 1123 3832 ἀγνοεῖν
1176 3762 1324 3832 ἡμᾶς
1370 3761 1637 3831 προσήκει
1695 3758 1756 3813 τὸ
1802 3757 2016 3830 πρῶτον

2125 3784 2153 3837 ι¹
2190 3775 2367 3819 tamen
2408 3782 2515 3820 non
2546 3765 2804 3820 debemus
2846 3766 3118 3833 ignorare,
3153 3763 3295 3832 quod
3340 3762 3591 3833 princeps
3616 3760 3692 3816 illi

440 3877 459 3910 ι
505 3858 696 3928 ὄνομα,
729 3857 810 3910 ὅτι
850 3854 1022 3924 Λόγος
1064 3852 1173 3925 (69)
1217 3849 1310 3925 ἦν.
1353 3852 1452 3906 Διὰ
1480 3851 1640 3906 τοῦτο
1683 3849 1814 3922 γὰρ,
1847 3848 1944 3904 καὶ
1991 3851 2019 3903 ὁ

2127 3875 2144 3906 ι
2190 3870 2381 3911 nomen
2435 3854 2669 3909 Verbum
2722 3852 2917 3911 fuerat.
2951 3851 3031 3911 Ob
3082 3853 3424 3933 hancipsam
3473 3865 3693 3906 causam

437 3970 454 4002 ι
499 3950 801 4021 ἁγιώτατος
841 3947 1233 4019 εὐαγγελιστὴς
1261 3947 1354 4000 καὶ
1392 3944 1636 4017 μαθητὴς
1658 3944 1750 3998 τοῦ
1778 3942 2006 4015 Κυρίου,

2124 3964 2137 3997 ι
2182 3945 2555 4000 sanctissimus
2595 3943 2925 4013 evangelista
2981 3952 3035 3996 et
3097 3940 3393 4011 discipulus
3443 3939 3691 4005 Domini,

433 4064 453 4097 ι
502 4044 703 4115 σφόδρα
738 4040 1055 4114 ἐγρηγορὼς
1084 4040 1163 4113 τῷ
1196 4038 1486 4111 πνεύματι,
1515 4037 1613 4109 τῆς
1646 4035 1851 4092 ἀνωθεν
1887 4052 2015 4108 μνη-

2124 4054 2142 4087 σ
2188 4035 2339 4092 valde
2366 4036 2582 4107 quidem
2609 4035 2696 4089 ille
2721 4036 2911 4105 spiritu
2944 4034 3202 4105 vigilans,
3234 4034 3323 4088 ubi
3348 4032 3515 4096 illius,
3544 4030 3691 4101 qunti

434 4158 453 4190 ι
502 4136 741 4209 μονεύων
774 4135 982 4208 ἀρχῆς,
1025 4134 1118 4187 καὶ
1173 4131 1396 4206 μηδενὸς
1436 4130 1547 4202 (70)
1592 4129 1879 4200 νεωτέρου,
1917 4128 2014 4181 Ἐν

2124 4150 2141 4181 ι
2179 4140 2297 4185 erat
2320 4129 2387 4184 ab
2415 4130 2561 4185 omni
2593 4141 2741 4185 retro
2774 4129 3079 4183 :eteruitate
3116 4128 3370 4197 principii
3415 4125 3686 4189 meminit,

434 4249 453 4281 ι
501 4228 655 4301 ἀρχῇ
696 4225 775 4300 ἦν
800 4231 833 4283 ό
871 4228 1079 4297 Λόγος,
1125 4223 1250 4298 ἔφη.
1292 4222 1391 4277 καὶ
1432 4225 1466 4276 ό
1502 4223 1692 4291 Λόγος
1740 4215 1823 4289 ἦν
1863 4217 2013 4288 πρὸς

2124 4241 2140 4273 ι
2186 4236 2284 4276 nec
2312 4220 2539 4276 inferius
2565 4222 2921 4286 descendens,
2961 4219 3030 4275 In
3063 4219 3343 4290 principio,
3379 4219 3538 4282 dixit,
3577 4225 3689 4272 erat

437 4341 454 4374 ι
500 4320 608 4375 τὸν
642 4318 811 4386 Θεὸν,
839 4319 937 4374 καὶ
978 4317 1121 4384 Θεὸς
1156 4314 1237 4388 ἦν
1271 4319 1304 4370 ό
1330 4316 1542 4385 Λόγος,
1577 4314 1666 4367 ἵνα
1693 4312 1842 4384 δείξῃ
1875 4310 1929 4364 εῐ
1955 4328 2010 4364 τι

2124 4331 2139 4366 ι
2190 4311 2531 4368 Verbum:et
2584 4311 2804 4367 Verbum
2867 4321 2979 4366 erat
3018 4314 3159 4380 apud
3201 4311 3367 4365 Deum
3394 4327 3414 4361 :
3451 4319 3497 4364 et
3549 4308 3687 4362 Deus

437 4432 456 4459 ι
503 4413 685 4469 καινὸν
710 4414 804 4467 καλ⁸
841 4410 1102 4486 νεώτερον
1129 4408 1320 4479 ὄνομα,
1351 4406 1493 4461 τοῦτ’
1532 4406 1640 4459 ἀπὸ
1673 4405 1771 4476 τῆς
1819 4402 2011 4475 καινῆς

2124 4425 2136 4456 ι
2173 4416 2283 4460 erat
2330 4403 2466 4460 illud
2517 4403 2745 4461 Verbum
2761 4404 2829 4469 ⁷⁸,
2886 4416 2941 4458 ut
2972 4404 3052 4459 sic
3089 4402 3429 4467 ostenderet,
3465 4402 3509 4456 si
3540 4401 3685 4469 quod

436 4527 456 4560 ι
503 4507 649 4577 αὑτῷ
694 4506 790 4560 καὶ
828 4505 955 4569 νέας
983 4501 1190 4575 ὑπῆρξε
1224 4499 1367 4554 κατὰ
1412 4499 1590 4570 σάρκα
1630 4496 1958 4568 οἰκονομίας.
1986 4513 2005 4547 ο

2124 4518 2137 4549 ι
2179 4498 2323 4552 aliud
2350 4498 2416 4553 de
2438 4513 2576 4553 novo
2599 4507 2654 4553 et
2676 4497 2936 4553 novitium
2967 4494 3042 4550 illi
3076 4487 3439 4564 adaptabatur
3464 4506 3684 4559 nomen,

434 4601 541 4655 Καὶ
572 4598 700 4670 ἑξῆς
747 4597 1016 4666 ἐπιλέγει·
1060 4613 1078 4646 ι
1108 4592 1337 4656 οὐκοῦν,
1383 4589 1490 4663 πρὸ
1535 4589 1635 4660 μὲν
1676 4585 1771 4641 τοῦ
1820 4585 2013 4639 κατελ-

2124 4608 2138 4641 ι
2182 4590 2307 4644 illud
2333 4589 2381 4643 ei
2416 4589 2732 4655 accessisse,
2766 4604 2795 4642 a
2828 4602 2964 4642 nova
2996 4585 3085 4639 illa
3114 4601 3211 4640 sua
3243 4581 3540 4639 secundum
3562 4596 3689 4636 car-

437 4715 456 4747 ι
502 4694 613 4749 θεῖν
664 4692 758 4747 καὶ
808 4690 896 4744 διὰ
941 4690 1040 4760 τῆς
1078 4685 1353 4758 Παρθένου
1395 4682 1686 4754 τεχθῆναι,
1734 4680 1904 4750 Λόγος
1942 4673 2010 4750 ἦν

2124 4701 2137 4733 ι
2181 4697 2300 4736 nem
2326 4681 2749 4751 dispensatione.
2800 4698 2819 4732 ›
2853 4676 3063 4746 Quibus
3089 4674 3340 4744 adjunxit
3366 4673 3419 4728 in
3453 4687 3687 4742 sequen-

391 4800 396 4805 '
424 4810 439 4838 ι
504 4789 681 4860 μόνον.
721 4787 897 4848 Ἐπεὶ,
927 4783 980 4836 τι
1010 4782 1123 4853 (Ἠ)
1157 4780 1344 4851 ἓτερον
1374 4772 1465 4848 ἦν,
1499 4775 1605 4846 πρὸ
1635 4773 1730 4828 τοῧ
1776 4773 1876 4843 τὴν
1914 4772 2008 4827 ἀν-

2124 4775 2293 4829 Iibus:
2332 4793 2351 4826 ι
2388 4775 2655 4845 Quocirca
2684 4772 2997 4844 priusquam
3021 4769 3126 4823 huc
3154 4767 3222 4821 ad
3261 4781 3359 4821 nos
3388 4765 3681 4821 descende-
3764 4818 3781 4831 ,

424 4904 441 4932 ι
502 4858 781 4952 θρωπίνην
804 4876 1093 4933 ἀναλαϐεῖν
1121 4875 1300 4946 σάρκα
1331 4870 1393 4923 τὸ
1429 4866 1686 4932 κατελθὸν
1717 4865 1804 4918 ἐπ’
1845 4862 2008 4934 ἐσχά-

2124 4886 2140 4929 ι
2184 4874 2284 4932 ret,
2318 4877 2371 4929 et
2416 4869 2482 4920 de
2534 4865 2749 4935 Virgine
2790 4870 3122 4926 nasceretur,
3152 4858 3381 4915 Verbum
3417 4872 3516 4911 nec
3549 4872 3687 4926 pra:-

426 4997 443 5027 ι
500 4949 609 5029 των
635 4949 747 5027 τῶν
784 4969 1044 5043 ήμερῶν;
1086 4967 1160 5031 ὡς
1202 4965 1297 5019 καὶ
1330 4960 1493 5025 αὐτὸς
1535 4959 1763 5030 ἔγραφε.
1810 4955 1919 5008 Καὶ
1950 4955 2011 5008 τὸ

2124 4980 2136 5012 ι
2179 4973 2320 5014 terea
2352 4959 2642 5029 quidquam
2668 4956 2786 5013 fuit.
2812 4956 2945 5011 Nam
2972 4956 3098 5026 quid
3136 4962 3253 5008 erat
3275 4949 3449 5014 aliud,
3477 4964 3686 5018 quaeso,

426 5086 442 5116 ι
477 5065 757 5138 ’γεννηθὲν
784 5040 848 5117 ὲκ
896 5040 995 5134 τῆς
1041 5059 1201 5130 ἁγίας
1233 5056 1532 5129 Παρθένου,
1572 5053 1724 5106 οὐδὲν
1755 5050 1941 5122 ἕτερον
1974 5049 2007 5120 ἢ

2124 5072 2135 5104 ι
2182 5053 2489 5121 priusquam
2530 5050 2813 5103 humanam
2863 5057 3161 5103 assumeret
3194 5058 3435 5106 carnem,
3464 5043 3512 5096 id
3543 5040 3689 5111 quod

428 5181 444 5211 ι
508 5133 740 5227 Λόγος.»
791 5155 903 5209 Καὶ
948 5154 1109 5208 πάλιν
1161 5149 1444 5222 ἐπιφέρει·
1500 5167 1518 5199 ι
1554 5144 1824 5216 Πρότερον
1880 5142 2008 5215 γάρ,

2124 5165 2137 5196 ι
2180 5138 2454 5200 descendit
2484 5143 2535 5196 in
2561 5141 2866 5197 novissimis
2898 5139 3123 5195 diebus?
3147 5136 3288 5208 quod
3323 5145 3376 5190 et
3410 5135 3582 5198 ipsum
3620 5133 3690 5188 ab

429 5266 446 5299 ι
504 5226 692 5317 ὥσπερ
738 5243 995 5307 πολλάκις
1028 5243 1185 5314 ἔφην,
1210 5241 1362 5295 οὐδὲν
1391 5239 1574 5310 ἕτερον
1604 5233 1673 5309 ἦν
1707 5234 1741 5306 ἢ
1769 5234 1959 5304 Λόγος.
1984 5253 2003 5286 ι

2124 5256 2145 5297 ι,
2179 5252 2245 5293 eo
2278 5236 2535 5306 scriptum
2560 5231 2876 5288 alﬁrmatur.
2905 5233 3209 5297 Enimvero,
3239 5226 3378 5298 quod
3403 5227 3469 5281 de
3499 5233 3688 5280 sancta

515 5395 573 5454 >14
613 5388 710 5447 Ed.
736 5387 1078 5455 Paris.,pag.
1102 5385 1187 5440 81.
1240 5384 1284 5415 ⁷⁷
1319 5382 1452 5438 Gen.
1491 5399 1534 5448 i,
1565 5377 1656 5435 26.
1730 5376 1777 5409 ⁷⁸
1803 5373 1961 5430 Joan.
1986 5389 2026 5441 ι,
2060 5374 2112 5430 ι.

2186 5544 2299 5613 (69)
2324 5544 2495 5608 Vulgo
2525 5543 2620 5596 ὧν.
2653 5613 2663 5614 7
2752 5613 2757 5614 γ
2813 5611 2823 5614 _
3016 5611 3027 5614 _
3129 5608 3140 5614 _
3192 5607 3212 5614 _
3335 5604 3351 5614 _
3397 5604 3411 5614 _
3473 5601 3508 5614 η
3638 5599 3653 5614 _

2189 5601 2300 5685 iw)
2327 5601 2456 5670 Post
2481 5619 2532 5668 b.
2568 5630 2618 5667 ν.
2650 5613 2715 5666 Β.
2739 5611 2996 5682 ὀνόματος
3012 5607 3255 5681 ἐμνήσθη
3271 5604 3353 5661 vel
3367 5601 3542 5659 simile
3557 5601 3691 5672 quid

2117 5687 2384 5741 excidisse
2412 5685 2602 5740 credit.

2188 5758 2299 5830 (7t)
2324 5755 2497 5829 Vulgo
2523 5750 2590 5829 ἦν
2619 5754 2835 5828 ἕτεροις
2867 5767 2991 5811 mox
3030 5749 3186 5822 vulgo
3212 5742 3437 5818 ἔγραψε.

509 5553 624 5623 (67)
668 5553 775 5607 Kal
805 5551 945 5624 Υίὸν
965 5549 1353 5624 μφςργςενοῇς.
1403 5546 1574 5624 Patet.
1613 5542 1898 5624 legendum
1924 5541 2014 5624 (ex

394 5661 406 5672 -
442 5616 753 5680 εοὶ1ι1.ἰ1ρι1ἰ
781 5616 1001 5692 Πατέρα
1034 5616 1166 5692 me
1198 5618 1291 5692 τοῦ
1318 5635 1435 5689 μον.
1470 5626 1520 5671 et
1544 5616 1714 5692 delevi
1758 5628 1882 5692 mox
1905 5616 2014 5665 τῶν

445 5704 570 5751 ante
600 5692 831 5761 αἰώνων)
863 5685 1083 5762 Πατέρα
1108 5690 1240 5762 Υἰοῦ
1296 5685 1635 5762 μονογενοῦςἵ
1679 5685 1872 5762 Statim
1905 5697 2017 5762 _t_‘e-

442 5748 640 5828 scribe,
672 5765 759 5818 ὅδε
786 5748 892 5818 κ’ἂν
919 5748 1092 5831 τούτῳ
1120 5760 1223 5830 [sic
1252 5748 1308 5816 ei
1333 5748 1513 5826 codd,
1549 5748 1707 5831 vulgo
1729 5748 1877 5815 ὧδετ.
1905 5752 1977 5809 Μ.

995 5814 1173 5905 δῆλον.
