4190 6406
487 286 595 343 863

1157 281 1430 340 EUSEBll
1467 282 1950 340 CAESARIENSIS
1985 284 2139 340 OPP.
2181 285 2362 342 PARS
2398 285 2489 342 lV.
2529 320 2598 330 —
2636 289 3058 348 DOGMATICA.

3643 289 3750 346 861

495 425 514 457 ι
558 401 778 473 Virgine
809 402 1158 464 nascebatur,
1203 401 1335 457 nihil
1370 403 1472 458 nisi
1515 403 1748 457 Verbum
1779 415 1915 459 erat.
1960 423 1979 456 ι
2011 405 2074 459 Ει

2188 406 2288 460 Kal.
2317 407 2670 479 προστίθησιν
2695 403 2852 472 αὖθις
2880 408 3137 477 φάσκων·
3175 427 3193 461 ι
3225 409 3287 462 ’0
3321 408 3421 479 μὲν
3447 406 3560 477 γὰρ
3581 404 3751 473 Λόγος

489 491 761 549 subinl'ert
777 493 953 548 denuo
974 491 1067 564 [Β.
1095 491 1257 551 XLlll
1273 491 1398 550 coll.
1423 509 1477 563 p.
1500 493 1594 557 55,
1613 493 1673 546 D.
1696 493 1762 548 R‘.
1797 491 2063 567 X'XXVl.]

494 609 511 638 ι
560 586 722 641 Prius
753 587 923 651 enim,
956 587 1030 641 uti
1063 587 1266 642 dictum
1293 596 1378 642 est
1407 602 1569 657 saepe,
1615 587 1745 641 nihil
1796 588 1899 643 nisi
1936 587 2068 644 Ver-

493 697 510 726 ι
559 677 683 731 bum
701 677 900 731 fuerat.
943 696 962 729 ›
1013 677 1092 732 Ad
1138 693 1258 747 qua:
1301 677 1553 746 deinceps
1602 677 1865 732 accedunt
1919 678 2064 732 ista:

493 789 510 818 ι
557 769 793 824 Verbum
820 770 1034 838 quidem
1069 769 1119 822 in
1163 769 1430 840 principio
1468 780 1604 831 erat,
1633 769 1765 824 nihil
1802 771 2068 826 exsistens

496 881 511 907 ι
558 861 726 924 aliud,
754 876 916 930 quam
942 860 1203 916 Verbum.
1239 861 1413 918 Verbo
1442 863 1782 916 autem'buic
1813 863 2068 918 adnuitus

495 971 512 1001 ι
561 951 746 1015 homo,
777 967 898 1006 cum
924 953 1072 1021 prius
1089 967 1192 1007 non
1212 963 1386 1020 esset,
1415 954 1576 1008 bomo
1598 951 1778 1018 (iebat,
1803 953 1944 1022 quod
1971 968 2070 1007 nos

495 1064 509 1093 τ
563 1043 745 1098 docuit
786 1042 1064 1099 Joannes:
1101 1044 1170 1099 Et
1219 1043 1442 1099 Verbum
1490 1060 1615 1098 caro
1661 1049 1860 1114 factum
1891 1053 1967 1099 est
1999 1046 2069 1108 τ’,

497 1155 513 1184 ι
557 1143 616 1190 ut
659 1135 826 1191 solius
871 1134 1034 1190 Verbi
1072 1137 1322 1192 videatur
1359 1139 1427 1191 ob
1481 1138 1585 1191 hoc
1635 1137 1808 1206 ipsum
1872 1136 2073 1193 fecisse

499 1248 514 1275 ι
560 1229 912 1283 mentionem.
961 1227 1094 1282 Nam
1142 1229 1257 1283 sive
1289 1228 1512 1292 Christi,
1545 1243 1640 1283 seu
1670 1228 1906 1290 nominis
1942 1225 2071 1284 Jesu

498 1342 516 1370 ι
563 1321 906 1377 meminerint
937 1336 1108 1376 sacra:
1125 1322 1364 1386 Litterae,
1392 1322 1642 1375 videntur
1661 1322 1748 1375 bis
1765 1321 2072 1377 nominibus

501 1432 519 1463 ι
556 1412 882 1482 compellare
905 1411 1142 1466 Verbum
1187 1413 1317 1466 illud
1363 1412 1478 1476 Dei,
1522 1417 1580 1476 ᾖ
1623 1422 1743 1482 post
1766 1421 2070 1480 susceptam

501 1524 518 1552 ι
561 1519 803 1561 carnem.
868 1503 1020 1571 Quod
1065 1504 1108 1557 si
1167 1504 1292 1574 quis
1344 1504 1611 1573 receperit
1639 1518 1696 1559 se
1729 1513 2073 1559 ostensurum

500 1618 517 1646 ι
564 1610 756 1651 nomen
790 1595 1010 1661 Christi,
1041 1594 1164 1648 Filii
1185 1635 1200 1658 ,
1234 1604 1360 1649 ante
1394 1594 1529 1648 Novi
1558 1594 1897 1650 Testamenti
1936 1603 2076 1648 tem-

433 1763 440 1770 ,
503 1708 519 1736 ι
562 1703 690 1756 pora
711 1697 1052 1754 usurpatum,
1079 1697 1132 1741 et
1154 1684 1324 1742 Verbo
1350 1689 1666 1755 ascriptum,
1687 1685 1733 1740 is
1755 1684 1892 1740 sciat
1911 1698 2073 1754 opor-

2173 517 2191 550 ι
2238 500 2298 551 ὲν
2344 499 2487 570 ἀρχῇ
2525 495 2614 571 ἦν,
2654 501 2820 572 μηδὲν
2867 501 3053 573 ἕτερον
3094 499 3172 554 ὢν
3215 501 3248 571 ἢ
3290 499 3483 568 Λόγος·
3514 500 3544 552 ὀ
3575 498 3630 552 δὲ
3673 498 3752 568 τῷ

2173 609 2192 641 ι
2238 590 2396 661 Λόγῳ
2432 591 2654 656 ὲνωθεὶς
2702 591 3012 665 ἄνθρωπος,
3055 593 3155 646 οὑκ
3186 592 3262 646 ὢν
3300 592 3566 664 πρότερον
3596 587 3754 658 γέγο-

2173 701 2193 734 ι
2239 700 2329 735 νεν
2375 683 2680 755 ἄνθρωπος,
2710 684 2785 748 ὡς
2827 685 3067 738 διδάσκει
3115 685 3262 755 ἡμᾶς
3312 683 3426 754 (72)
3460 682 3749 751 Ἰωάννης·

2176 791 2194 824 ι
2242 773 2351 828 Kal
2385 775 2419 826 ό
2467 776 2660 843 Λόγος
2705 773 2864 842 σὰρξ
2913 773 3171 844 ἐγένετο.
3226 771 3327 825 Διὰ
3371 768 3531 824 τοῦτο
3573 768 3754 821 τοίνυν

2175 884 2195 916 ι
2241 865 2335 918 τοῦ
2368 865 2541 934 Λόγου
2580 866 2933 938 μνημονεύων
2975 866 3222 935 φαίνεται
3269 865 3447 935 μόνον.
3481 863 3604 916 Εἴτε
3645 860 3752 932 γὰρ

2176 977 2196 1011 ι
2255 959 2452 1031 Ἰησοῦ,
2489 959 2600 1012 εἴτε
2632 958 2868 1031 Χριστοῦ
2900 959 3160 1029 ὀνόματος
3204 955 3530 1029 μνημονεύοι
3565 955 3600 1024 ἡ
3634 953 3754 1006 θεία

2175 1067 2195 1100 ι
2243 1049 2452 1120 Γραφὴ,
2480 1048 2570 1102 τὸν
2605 1048 2743 1119 μετά
2770 1049 2870 1118 τῆς
2894 1047 3238 1119 ἀνθρωπίνης
3275 1045 3405 1101 ὃντα
3435 1041 3637 1116 σαρκὸς
3657 1038 3754 1095 τοῦ

2179 1161 2198 1194 ι
2247 1141 2382 1194 Θεοῦ
2417 1143 2587 1210 Λόγον
2613 1141 2904 1212 ὀνομάζειν
2943 1141 3212 1210 φαίνεται.
3245 1140 3308 1192 Ei
3329 1138 3387 1192 δέ
3421 1154 3505 1200 τις
3531 1135 3627 1190 κα)⁵
3649 1134 3756 1205 πρὸ

2179 1252 2198 1286 ι
2242 1234 2342 1304 τῆς
2373 1233 2519 1296 Νέας
2541 1232 2834 1303 Διαθήκης,
2856 1231 2963 1302 (75)
2993 1231 3089 1284 τοῦ
3120 1228 3378 1300 Χριστοῦ,
3406 1226 3538 1280 Υίοῦ
3565 1226 3753 1295 ὄνομα,

2178 1345 2198 1377 ι
2247 1325 2356 1394 (τι)
2382 1323 2458 1395 τῷ
2492 1325 2650 1395 Λόγῳ
2681 1325 2827 1395 μόνῳ
2869 1323 3140 1376 δεικνύναι
3179 1319 3437 1376 δύνασθαι
3483 1315 3755 1386 ἐπαγγέλ-

2180 1437 2199 1468 ι
2243 1416 2407 1479 λοιτο,
2434 1417 2656 1486 εὑρήσει
2685 1415 2845 1468 τοῦτο
2871 1412 3224 1486 προφητικῶς
3259 1410 3564 1483 εἰρημένον.
3591 1429 3611 1461 ι
3649 1409 3760 1462 Kal.

2179 1507 2298 1579 μεθ’
2340 1508 2502 1579 ἕτερα
2551 1507 2746 1577 ἐπάγει
2789 1506 2999 1576 λέγων·
3049 1523 3067 1556 ι
3100 1503 3338 1566 Εἰκότως
3380 1499 3474 1554 οὖν
3514 1500 3621 1572 πρὸ
3661 1499 3759 1569 τῆς

2182 1619 2201 1652 ι
2245 1599 2472 1653 καθόδου
2515 1599 2677 1654 τοῦτο
2742 1595 2833 1671 ἦν,
2891 1601 3027 1670 ὅπερ
3075 1597 3334 1660 πολλάκις
3379 1595 3608 1666 ἔφαμεν,
3647 1591 3760 1662 (75)

2185 1711 2204 1742 ‹
2250 1692 2453 1760 Λόγος·
2485 1691 2624 1763 μετά
2665 1693 2722 1746 δὲ
2753 1691 2851 1762 τὴν
2881 1691 3126 1753 κάθοδον,
3156 1691 3252 1744 κα).
3289 1689 3385 1760 τὴν
3427 1689 3528 1758 τῆς
3564 1685 3762 1758 σαρκὸς

507 1799 524 1829 ο
571 1788 667 1844 tet,
706 1779 821 1834 haec
865 1777 1046 1832 omnia
1084 1777 1401 1847 propbetice
1457 1777 1532 1830 ita
1569 1776 1734 1831 dicta.
1774 1795 1793 1829 ι
1848 1775 1915 1830 Ει
1956 1783 2080 1846 post

2189 1802 2207 1834 ι
2254 1759 2520 1853 ἀνάληψιν
2581 1759 2854 1854 διαφόρων
2920 1784 3014 1837 κα).
3077 1783 3186 1835 τῶν
3241 1759 3551 1852 ὲπηνγοριῶν
3602 1777 3762 1831 τετύαο

499 1880 693 1925 cretera
730 1869 998 1924 subinl'ert
1035 1869 1331 1938 inquiens:
1367 1887 1385 1920 ι
1426 1867 1543 1924 Non
1577 1868 1847 1924 immerito
1877 1869 2074 1938 igitur,

506 1982 523 2008 ι
573 1962 677 2026 iam
727 1975 869 2031 saepe
913 1960 1176 2026 diximus,
1216 1971 1342 2016 ante
1387 1976 1544 2016 suum
1584 1962 1903 2016 descensum
1960 1969 2080 2017 erat

2192 1893 2210 1926 ι
2256 1891 2410 1946 χηκε.
2441 1894 2458 1926 ι
2502 1875 2690 1929 Ταῦτα
2735 1877 2834 1947 μὲν
2861 1873 2974 1939 οῦν,
3000 1876 3067 1929 δι’
3102 1868 3176 1929 ὧν
3202 1871 3520 1945 Μάρκελλος
3549 1869 3765 1924 ἁλίσκε-

2183 1985 2296 2030 ται,
2335 1967 2424 2020 τὸν
2464 1968 2562 2038 μὲν
2591 1969 2719 2022 Υἱόν
2745 1969 2838 2022 τοῦ
2876 1969 3011 2022 Θεοῦ
3039 1968 3133 2022 τὸν
3167 1968 3317 2032 ὄντα,
3347 1966 3441 2019 καὶ
3466 1965 3646 2030 ζῶντα
3672 1963 3767 2017 καὶ

503 2075 520 2104 ι
567 2051 797 2106 Verbum
825 2070 839 2106 :
870 2062 992 2123 post
1023 2052 1344 2107 descensum
1368 2061 1423 2107 et
1447 2052 1627 2107 carnis
1647 2051 2068 2121 assumptionem

2188 2057 2390 2128 ἀληθῶς
2418 2057 2543 2111 Υίὸν
2575 2059 2703 2113 ὄντα
2728 2059 3082 2132 ἀρνούμενος,
3126 2059 3299 2128 Λόγον
3335 2056 3392 2110 δὲ
3426 2055 3580 2126 ψιλὸν
3615 2052 3767 2107 είσά-

505 2169 524 2200 ι
564 2149 743 2204 varias
785 2147 980 2203 exinde
1025 2146 1414 2216 appellationes
1455 2146 1711 2202 obtinuit.
1773 2165 1791 2199 ι
1833 2146 1898 2200 Et
1959 2145 2073 2202 hinc

2177 2168 2309 2219 γων.
2349 2151 2628 2206 Δέδεικται
2660 2152 2718 2206 δὲ
2749 2152 2838 2206 διὰ
2868 2151 2976 2204 τῶν
3020 2148 3327 2222 ἔμπροσθεν
3355 2142 3768 2218 παρατεθεισῶν

499 2248 628 2294 sunt
654 2239 871 2310 quidem
911 2237 1021 2300 illa,
1076 2237 1274 2308 quibus
1301 2237 1738 2299 demonstratur,
1761 2234 2070 2290 Marcellum

2188 2245 2342 2298 κὺτοῦ
2373 2245 2565 2315 φωνῶν
2604 2245 2698 2299 κα).
2725 2247 2906 2298 ὁποῖον
2935 2245 3097 2298 αὑτὸν
3129 2241 3266 2296 εἶναι
3289 2241 3457 2310 Λόγον
3486 2236 3780 2294 ὑπετίθετο.

500 2332 896 2398 deprehensum
921 2327 1119 2384 Filium
1148 2328 1239 2382 Dei
1259 2325 1405 2380 illum
1434 2326 1702 2381 viventem
1743 2340 1870 2382 vere
1892 2335 1945 2380 et
1975 2341 2072 2381 ex-

502 2428 783 2482 sistentem
826 2440 954 2480 vere
987 2424 1285 2494 abnegasse
1314 2439 1327 2474 z
1366 2432 1421 2478 et
1453 2423 1652 2477 nudum
1693 2431 1902 2478 tantum
1937 2422 2071 2478 Ver-

503 2517 958 2588 bumimagiuari.
994 2515 1183 2570 Sedet
1213 2515 1433 2584 insuper
1465 2523 1708 2586 apparet,
1745 2530 1812 2569 ex
1849 2516 1914 2570 iis
1953 2531 2073 2585 quae

502 2609 556 2663 in
587 2608 1018 2678 praecedentibus
1045 2607 1112 2661 de
1154 2605 1322 2676 ipsius
1365 2604 1503 2661 libro
1547 2605 1722 2675 posita
1773 2614 1922 2671 sunt,
1983 2622 2077 2660 cu—

497 2698 738 2770 jusmodi
771 2699 920 2752 illum
947 2698 1182 2752 Verbum
1211 2711 1332 2752 esse
1359 2697 1702 2766 cpinabatur,
1731 2711 1852 2750 cum
1884 2712 2075 2751 exem-

502 2788 596 2860 plo
619 2791 686 2844 de
711 2790 948 2844 humano
977 2787 1144 2842 verbo
1170 2796 1432 2842 uteretur.
1483 2785 1659 2841 Unum
1687 2800 1879 2857 nempe
1904 2787 2076 2842 idem-

2182 2337 2589 2409 παραδείγματι
2622 2338 2902 2410 χρώμενος
2939 2337 3016 2408 τῷ
3049 2336 3376 2408 ἀνθρωπείῳ
3418 2334 3582 2403 λόγῳ,
3610 2331 3668 2384 ἓν
3710 2346 3771 2383 τε

2183 2429 2278 2482 καὶ
2309 2429 2504 2483 ταύτὸν
2534 2426 2672 2484 εἷναι
2705 2430 2879 2499 λέγων
2912 2429 3075 2483 αὑτὸν
3116 2428 3193 2499 τῷ
3226 2427 3364 2498 Θεῷ.
3393 2428 3503 2478 Kal.
3535 2423 3599 2493 δὴ
3640 2419 3774 2474 ταύ‹

2181 2539 2282 2594 την
2325 2522 2498 2594 ἀρχὴν
2551 2523 3033 2594 ὑποστησάμενος,
3091 2520 3396 2584 ἀκολούθως
3437 2521 3500 2571 ὲκ
3532 2515 3632 2585 τῆς
3681 2513 3772 2567 60-

2183 2611 2369 2684 θείσης
2398 2611 2546 2684 αύτῷ
2594 2613 2946 2675 ὑποστάσεως
2988 2612 3080 2664 ἐπὶ
3126 2609 3188 2664 τὸ
3219 2605 3646 2678 καταψεύδεσθαι
3673 2602 3772 2673 τῆς

2183 2702 2542 2759 θεοπνεύστου
2573 2707 2794 2778 Γραφῆς
2830 2704 3186 2776 διαστρόφους
3215 2720 3274 2755 τε
3309 2701 3477 2770 αὑτῆς
3506 2693 3775 2752 ποιεῖσθαι

2181 2796 2282 2861 τὰς
2307 2799 2622 2871 ἑρμηνείας.

505 2899 613 2952 que
659 2881 804 2937 illum
859 2897 980 2937 cum
1028 2881 1138 2936 Deo
1187 2895 1307 2936 esse
1359 2888 1622 2936 statuens.
1677 2879 1789 2936 Hoc
1821 2885 1886 2935 ad
1941 2881 2086 2940 hunc
2162 2891 2384 2946 modum
2450 2895 2748 2948 constituto
2776 2891 3047 2962 principio
3091 2898 3487 2958 consequenter
3517 2883 3582 2938 ad
3628 2881 3775 2944 bane

505 2991 658 3034 suam
711 2975 1163 3043 suppositionem,
1219 2973 1394 3042 pergit
1439 2973 1505 3028 ad
1577 2973 1918 3030 mendacium
1971 2975 2268 3048 Scriptura:
2332 2983 2761 3055 impingendum,
2833 2994 2888 3039 et
2932 2983 2998 3037 ad
3051 2982 3200 3036 illam
3268 2974 3784 3048 interpretandam,

506 3071 774 3123 detortam
797 3067 852 3122 in
890 3069 1214 3123 sententiam
1244 3083 1417 3122 suam.

1135 3161 1286 3218 CAP.
1330 3161 1470 3217 XIX.

2834 3167 2992 3221 ΚΕΦ.
3034 3164 3134 3218 ῙΘ’.

509 3256 663 3324 Quod
689 3273 854 3310 sacra:
871 3255 1183 3327 scriptum,
1210 3272 1311 3309 non
1337 3255 1700 3327 tantummodo
1732 3255 1960 3311 Verbum
1991 3276 2090 3327 ap-

575 3328 763 3396 pellent
795 3328 889 3381 Dei
924 3325 1143 3389 Filium,
1174 3329 1264 3380 sed
1300 3328 1556 3379 sexcentis
1591 3326 1710 3380 aliis
1739 3328 1957 3383 diversis
1999 3325 2093 3384 no-

579 3398 828 3462 minibus,
856 3399 1017 3452 etiam
1043 3406 1164 3451 ante
1190 3397 1609 3450 incarnationem
1631 3413 1806 3453 suam.

583 3487 660 3544 De
682 3489 879 3556 quibus
901 3489 1145 3558 quidem.
1166 3487 1211 3543 si
1237 3488 1289 3542 in
1324 3488 1597 3558 praesenti,
1624 3489 1898 3560 paulisper
1923 3491 2090 3562 dispi-

512 3587 745 3647 ciamus,
783 3596 893 3636 nou
935 3581 1170 3636 absurde
1194 3580 1439 3635 facturos
1459 3579 1808 3646 arbitramur,
1839 3591 1896 3637 ut
1921 3584 2091 3653 ignari

511 3675 706 3729 hrum
737 3688 918 3728 rerum
955 3671 1280 3742 intelligant,
1321 3671 1525 3727 nullam
1562 3673 1722 3743 plane
1753 3672 2091 3744 Scripturam

514 3767 664 3823 illius
699 3765 885 3821 favere
923 3765 1186 3835 opinioni,
1214 3763 1306 3833 qui
1346 3763 1574 3819 novitati
1621 3765 1847 3819 studens
1881 3779 1912 3820 a
1945 3773 2092 3819 recta

514 3859 622 3912 title
661 3857 936 3914 aberravit
961 3872 973 3907 :
1003 3855 1113 3910 into
1136 3854 1296 3926 plane
1325 3854 1660 3910 contrarium
1701 3856 2095 3926 proloquautur

514 3965 706 4006 omnes
721 3965 734 4002 :
752 3948 1117 4004 etocclamant
1132 3945 1250 4003 suis
1264 3946 1589 4002 testimoniis
1607 3958 1792 4002 contra
1811 3962 2095 4018 perversas

515 4039 688 4112 ipsius
726 4039 1086 4095 narrationes.
1119 4037 1353 4094 Omnino
1381 4046 1560 4093 autem
1593 4053 1815 4094 necesse
1834 4037 2095 4094 fuitistud

520 4128 763 4202 aggredi,
793 4137 1078 4198 propterea
1121 4127 1265 4199 quod
1295 4137 1444 4194 sunt,
1472 4128 1562 4197 qui
1597 4128 1903 4196 suspiciunt
1931 4129 2094 4183 istum

517 4222 818 4288 bominem,
866 4236 934 4276 ne
985 4220 1106 4290 quis
1170 4218 1406 4274 fortasse
1460 4219 1528 4273 de
1558 4218 1773 4273 illorum
1847 4233 2094 4282 numero,

519 4329 615 4387 per
674 4328 951 4369 sacrarum
1039 4310 1370 4367 Litterarum
1450 4311 1835 4382 ignorantiam,
1907 4310 2097 4366 existi-

518 4415 633 4463 met
669 4406 834 4462 ferire
869 4406 1015 4460 illum
1035 4419 1256 4475 scopum
1297 4401 1563 4458 veritatis.
1604 4403 1781 4471 Atque
1810 4401 1943 4456 illud
1971 4413 2098 4457 ante

2193 3259 2385 3325 Ὅπως
2414 3259 2475 3311 αὶ
2502 3256 2648 3312 θεῖαι
2667 3257 2896 3328 Γραφαὶ
2928 3258 2999 3311 οὐ
3022 3254 3457 3328 μόνῳ-Λόγον,
3479 3247 3640 3328 auo
3672 3247 3782 3300 καὶ

2256 3317 2444 3399 μυριά
2478 3317 2727 3399 super:
2755 3317 2851 3399 κὶιὶ
2924 3317 3045 3399 ετρὸ
3098 3323 3206 3399 τῆς
3267 3317 3778 3394 ἐγανθρωπήσεως

2261 3395 2563 3468 ὦιίόμαζον
2594 3395 2702 3453 τὸν
2731 3398 2869 3452 nar
2899 3397 3004 3450 τοῦ
3037 3395 3205 3450 Θεοῦ.

2265 3490 2380 3560 (7G)
2419 3483 2519 3544 Ὧν
2553 3490 2831 3562 βραχείας,
2860 3489 2952 3542 ἐπὶ
2979 3486 3070 3540 τοῦ
3107 3486 3393 3557 παρόντος,
3429 3482 3609 3545 καλῶς
3634 3481 3790 3554 ἔχειν,

2194 3583 2367 3654 ἐφάνη
2396 3600 2485 3653 μοι
2512 3579 2925 3652 διασκέψασθαι,
2953 3582 3064 3644 τοῖς
3094 3597 3150 3632 τε
3176 3577 3461 3648 ἀγνοοῦσιν
3491 3574 3778 3642 ἐπιδεῖξαι,

2194 3676 2270 3740 ὡς
2313 3675 2538 3747 οὐδεμία
2583 3675 2681 3747 μὲν
2713 3673 2862 3744 αὑτῷ
2906 3670 3278 3746 νεωτερίζοντι
3309 3670 3406 3724 καὶ
3455 3670 3553 3741 τῆς
3591 3667 3782 3738 ὑγιοῦς

2197 3769 2583 3841 έκτρεπομένῳ
2634 3769 2869 3832 πίστεως
2919 3766 3135 3837 συνᾴδει
3199 3762 3410 3836 Γραφὴ,
3468 3759 3783 3816 τούναντίον

2196 3854 2253 3909 δὲ
2289 3858 2458 3909 πᾶσαι
2501 3854 2970 3925 ἀντιφθέγγονται,
3005 3853 3100 3908 καὶ
3147 3849 3612 3924 ἀντιμαρτυροῦσι
3657 3850 3784 3912 ταῖς

2196 3947 2296 4001 οὑκ
2331 3946 2505 4019 ὀρθῶς
2541 3946 2688 4018 αύτῷ
2728 3945 3200 4018 παραληφθείσαις
3239 3944 3576 4014 διηγήσεσιν.
3602 3941 3794 4011 Ὅπερ⁴

2197 4042 2362 4112 ἐχρῆν
2397 4041 2629 4112 μάλιστα
2658 4041 2770 4105 τοῖς
2814 4041 2906 4093 τὸν
2941 4039 3110 4111 ἄνδρα
3142 4037 3374 4109 τιμῶσιν
3415 4033 3779 4102 ἐνδείξασθαι,

2205 4136 2406 4206 μήποτ’
2445 4134 2555 4204 ἄρα
2579 4151 2663 4198 τις
2724 4133 2904 4186 αὐτῶν
2932 4131 3160 4204 ἀπειρία
3191 4131 3302 4185 τῶν
3345 4129 3505 4184 θείων
3545 4130 3784 4198 ἀναγνω-

2204 4229 2389 4299 μάτων
2438 4227 2724 4297 τυγχάνειν
2766 4226 2928 4281 αὐτὸν
2974 4225 3070 4280 τοῦ
3125 4226 3225 4297 τῆς
3273 4223 3532 4297 ἀληθείας
3575 4224 3782 4278 σκοποῦ

2200 4319 2491 4390 νομίσειεν.
2527 4318 2637 4376 Καὶ
2662 4319 2724 4386 δὴ
2758 4318 2945 4372 τοῦτον
2972 4318 3187 4391 πρῶτον
3211 4315 3622 4388 διασκοπητέον,
3654 4316 3682 4368 ὃ
3712 4315 3779 4387 δὴ

2200 4412 2296 4466 καὶ
2320 4412 2653 4483 τετόλμηκεν
2681 4411 3086 4484 ἀποφήνασθαι,
3114 4411 3243 4483 πρὶν
3291 4407 3547 4480 τεχθῆναι
3570 4408 3657 4462 διὰ
3680 4393 3791 4479 τῆς

518 4501 628 4557 alia
659 4499 714 4554 in
749 4499 1107 4569 qumstiouem
1139 4509 1418 4559 vocemus,
1461 4495 1604 4565 quod
1633 4493 1902 4549 aﬂlrmare
1932 4510 2081 4552 ausu:

2204 4498 2480 4571 Παρθένου
2510 4499 2600 4553 τὸν
2616 4501 2740 4553 Υίόν
2759 4498 2854 4552 τοῦ
2877 4499 3036 4564 Θεοῦ,
3065 4499 3139 4569 μὴ
3163 4499 3274 4568 (77)
3292 4496 3589 4568 κεκλῆσθαι
3611 4495 3782 4567 ἑτέρῳ

519 4602 624 4657 cst.
658 4592 855 4648 Filium
889 4592 976 4648 Dei
1003 4589 1148 4646 nullo
1169 4589 1277 4644 alio
1309 4587 1549 4652 nomine,
1585 4587 1688 4642 nisi
1719 4587 1881 4642 Verbi
1909 4597 2081 4643 notuu

2204 4589 2485 4661 ὀνόματιῆ
2523 4590 2711 4659 Λόγον.
2746 4589 2898 4661 Μηδὲ
2947 4591 3055 4660 γάρ
3085 4585 3221 4642 εἶναι
3259 4589 3420 4642 αύτὸν
3452 4607 3504 4643 τι
3542 4588 3646 4659 πρὸ
3682 4587 3782 4659 τῆς

523 4683 901 4756 appellatione,
967 4681 1281 4752 priusquam
1345 4679 1411 4735 de
1464 4678 1690 4748 Virgine
1746 4689 2088 4735 nasceretur.

521 4767 687 4842 quue
711 4771 782 4826 ob
817 4785 938 4826 eam
963 4784 1186 4826 causam
1211 4768 1358 4839 quod
1385 4778 1513 4824 ante
1535 4768 1879 4839 praesentiam
1909 4770 2092 4824 incar-

520 4863 761 4919 nationis
791 4861 925 4918 nibil
949 4861 1093 4916 aliud
1138 4868 1197 4927 ὦ
1246 4877 1407 4931 quam
1450 4860 1686 4916 Verbum
1715 4869 1881 4916 erat:
1921 4875 2098 4930 neque

521 4955 630 5010 alio
662 4950 772 5011 ullo
836 4955 1080 5021 nomine,
1122 4955 1225 5010 nisi
1274 4953 1590 5024 propbetice
1621 4963 1928 5008 vocaretur.
1965 4953 2100 5008 Ver-

602 5080 662 5139 714
697 5073 793 5132 Ed.
826 5074 1022 5142 Paris.,
1053 5089 1178 5144 pag.
1217 5072 1399 5140 82,85.
1437 5073 1482 5104 ⁷⁸
1512 5070 1672 5127 Joau.
1703 5088 1742 5128 ι.
1766 5071 1854 5126 ﬂ.

601 5215 717 5288 (72)
758 5215 928 5286 Vulgo
957 5217 1001 5288 ὀ
1022 5215 1197 5268 Ἰωάν.
1229 5212 1294 5270 Β.
1328 5211 1551 5267 alterum
1573 5211 1859 5284 ἄνθρωπος
1881 5211 2020 5267 delet
2052 5225 2081 5266 e

2213 5212 2424 5288 legend.
2485 5212 2804 5288 ὑπόστασιν,
2842 5212 2943 5288 big

529 5287 654 5342 Ino:
693 5303 865 5358 novavi
879 5287 1045 5342 scrib.

533 5350 882 5484 Υι(ἶῒὴΜῒοῦ
932 5353 1214 5426 Χριστοῦ,
1268 5352 1377 5408 τοῦ
1417 5351 1580 5409 Υἱοῦ.
1648 5350 1886 5423 Legeud.
1933 5351 1967 5422 ἢ
2007 5350 2102 5405 τοῦ

587 5445 689 5483 .ου.
778 5467 789 5479 .

587 5427 689 5483 Eoi).
721 5427 789 5480 M.

605 5499 718 5572 (74)
753 5495 844 5563 Τῷ
879 5497 1044 5572 λόγῳ.
1079 5497 1266 5572 μόνῳ.
1325 5491 1570 5572 Obscura
1599 5531 1615 5557 ,
1674 5501 1728 5548 et
1788 5490 2102 5572 imperfecte

535 5563 850 5640 illtitl,fquod
881 5563 1133 5640 τῷλόγῳ
1165 5566 1328 5637 μόνῳ,
1367 5567 1506 5620 idem
1535 5575 1650 5630 est,
1683 5579 1746 5640 ac
1780 5563 1824 5618 si
1875 5563 2099 5640 diceret,

532 5639 615 5711 τῷ
654 5633 797 5716 λόγῳ
829 5633 986 5710 μονον
1046 5633 1202 5716 aeq,
1241 5633 1415 5716 _(_leest_
1441 5645 1624 5716 autem
1648 5705 1660 5716 ι
1687 5633 2101 5716 διαφερόμενον,

537 5703 980 5782 προστιθέμενον,
1013 5720 1106 5763 aut
1134 5708 1308 5782 simile
1329 5706 1477 5782 quid.
1510 5704 1764 5782 Δοθεςσης
1794 5703 2102 5782 asceam

539 5774 814 5850 στάσεως,
841 5791 996 5837 antea
1027 5779 1244 5836 memini
1273 5777 1526 5832 ὑπόθεσιν
1556 5774 1836 5847 scriptum,
1878 5774 1964 5829 ubi
1987 5781 2104 5832 erat

2202 4680 2467 4751 ὲνσάρκου
2490 4680 2842 4752 παρουσίαςῆ
2868 4680 3059 4748 Λόγον,
3087 4679 3208 4750 μηδ’
3226 4677 3540 4750 ὠνομάσθαι
3559 4677 3780 4748 ἑτέρως,

2202 4773 2250 4827 εξ
2290 4773 2366 4845 μὴ
2409 4773 2516 4843 ἄρα
2557 4772 2941 4845 προφητικῶς·
2985 4771 3157 4839 Λόγον
3220 4770 3329 4841 γὰρ
3383 4765 3521 4825 εἷναί
3574 4787 3634 4822 τε
3687 4771 3782 4824 καὶ

2205 4862 2542 4933 ὠνομάσθαι,
2573 4864 2669 4916 καὶ
2711 4863 2862 4916 οὐδὲν
2909 4861 3094 4931 ἕτερον
3144 4862 3360 4930 φάσκει,
3405 4859 3541 4932 μετά
3590 4860 3646 4914 δὲ
3681 4862 3792 4932 τὴν,

2208 4952 2470 5025 ἑνσαρκον
2505 4953 2824 5026 παρουσίαν,
2864 4953 3134 5025 διαφόρων
3182 4953 3276 5006 καὶ
3328 4951 3436 5005 τῶν
3472 4950 3787 5022 έπηγοριῶν

2213 5212 2424 5281 legend.
2485 5212 2804 5294 ὑπόστασιν,
2854 5212 2943 5267 bic
2997 5225 3100 5334 aro
3144 5210 3515 5275 ὑποστάσεως,
3570 5206 3779 5278 legend.

2213 5279 2979 5362 exegisses;[et_snc.codd.]._
3144 5351 3158 5362 ⁸
3224 5349 3268 5362 ,Α

2282 5355 2394 5420 (75)
2415 5349 2598 5424 Vulgo
2627 5353 2656 5406 ὀ
2687 5351 2857 5419 Λόγος
2889 5349 3103 5424 etinl'ra
3136 5349 3385 5406 ὑπέθετο.

2279 5419 2390 5492 (ῖϐ)
2406 5419 2623 5492 initium
2648 5424 2816 5491 ipsum
2841 5422 3401 5492 capitis‘depravatum
3428 5427 3530 5492 est,
3561 5419 3776 5492 legend.

2210 5487 2343 5566 περι
2374 5487 2472 5548 ’ὧν
2521 5493 2640 5566 διὰ-λ
2667 5487 2820 5566 βραη
2855 5487 2960 5548 etc.
2995 5487 3070 5546 Μ.
3097 5487 3167 5533 -ὲ-
3200 5490 3322 5546 Mox
3360 5491 3516 5560 vulgo
3556 5491 3782 5564 οὐδεμία

2207 5561 2355 5634 αὐτῷ
2381 5581 2430 5619 ν.
2461 5573 2514 5634 et
2541 5565 2571 5616 ὀ
2599 5563 2656 5616 δὲ
2674 5561 2798 5634 καί.

2278 5630 2394 5719 (7⁷7)
2420 5633 2518 5719 φὴ
2533 5633 2866 5719 κεκλήσθω.
2881 5631 2992 5714 lmo
3008 5631 3321 5719 κεκλῇσθαι.
3339 5630 3605 5719 Λερ-μοι
3625 5631 3786 5703 vulgo

2209 5703 2522 5778 ὠνομάσθαι
2557 5705 2742 5778 ἕτερον
2774 5716 2827 5762 et
2851 5703 3004 5758 τοῦτο
3039 5703 3093 5755 δὲ
3119 5703 3212 5757 οὖν
3239 5719 3334 5774 πρ.
3361 5703 3594 5763 δεκτέον.
