4158 6390
335 366 442 424 865

1321 355 1409 427 DE
1444 371 1979 434 ECCLESIASTICA
2020 376 2417 437 'rueowcm
2458 380 2588 436 Lm.
2629 382 2672 438 ι.

3482 392 3589 452 866

335 490 713 562 τετυχηκέναι.
758 490 929 546 Τοῦτο
955 491 1020 563 δὴ
1051 487 1147 548 οὖν
1176 491 1394 565 πρῶτον
1423 495 1659 564 δεκτέον,
1685 498 1873 571 ἀμαθῶ

1980 540 1991 564 ι
2017 500 2145 555 bum
2173 517 2302 558 vero
2316 513 2372 559 et
2395 515 2519 560 erat
2541 515 2653 560 tum
2677 517 2730 562 et
2755 506 3054 576 dicebatur,
3079 519 3136 565 et
3161 512 3300 567 nihil
3327 513 3496 573 aliud.
3518 522 3589 575 At

335 583 432 637 καὶ
465 583 574 637 τῶν
607 583 767 638 θείων
811 583 1045 656 Γραφῶν
1083 586 1548 658 ἀνεπιστημόνως,
1585 590 1745 645 αὐτὸν
1777 591 1873 646 ἀπε

2014 599 2298 661 postquam
2331 609 2495 651 carne
2543 607 2756 668 sumpta
2786 598 3026 665 advenit,
3076 602 3312 661 diversis
3365 608 3584 674 quidem

337 677 666 749 φηνάμενον.

980 941 1136 996 ΚΕΦ.
1178 943 1262 998 K'.

329 1030 693 1108 Παρᾳθέσξές
723 1031 820 1108 “al
859 1030 1161 1108 ἑρμηγεῖὶέιι
1201 1035 1435 1108 metm?
1473 1033 1592 1090 τῶν
1638 1036 1758 1091 ἀπὸ
1797 1037 1907 1108 τῆς

398 1103 561 1167 θείας
604 1099 847 1175 ιῖραςρῆς
875 1099 1368 1171 ἀάοδείξεωόηίέν
1394 1105 1559 1173 ὅλοις
1590 1099 1906 1175 τριάκονέὰ

397 1173 763 1240 κεφαλαίοις.

394 1269 462 1316 α’.
502 1262 723 1336 Πρῶτον
772 1262 871 1334 μὲν
904 1263 1014 1336 γὰρ
1047 1265 1209 1330 αὐτὸς
1243 1269 1272 1320 ὁ
1311 1266 1451 1332 θεῖος
1512 1271 1904 1344 εὐαγγελιστὴς

336 1353 608 1426 Ἰωάννης,
627 1355 654 1406 ὁ
673 1354 737 1426 δὴ
755 1355 890 1428 (77')
910 1357 1082 1425 Λόγον
1099 1357 1260 1411 αὑτὸν
1287 1360 1542 1423 ἀνειπὼν,
1561 1363 1660 1415 οὐκ
1685 1366 1764 1426 εἰς
1794 1381 1902 1429 μα-

321 1446 474 1518 κρὸν,
513 1446 627 1501 ἀλλ’
675 1447 835 1512 εὐθὺς
885 1449 978 1502 καὶ
1022 1449 1174 1520 παρά
1226 1452 1360 1506 πόδα
1394 1453 1526 1507 Θεὸν
1565 1455 1725 1509 αὑτὸν
1763 1457 1898 1510 ὠνό-

321 1555 480 1610 μασε,
527 1541 741 1610 φήσας·
799 1539 909 1593 Καὶ
965 1539 1111 1606 Θεὸς
1146 1537 1224 1611 ἦν
1256 1545 1290 1596 ὁ
1336 1544 1545 1613 Λόγος.
1596 1547 1900 1618 Δυνάμενος

2013 680 2185 737 titulis
2223 686 2606 755 usurpabatur.
2638 687 2794 755 Quod
2841 691 2908 747 ab
2948 691 3042 747 illo
3080 693 3154 748 ita
3183 697 3440 765 positum,
3468 697 3588 755 ’ἕως

2009 773 2186 841 perite
2210 774 2437 840 dictum,
2468 789 2523 832 et
2547 793 2642 847 per
2671 796 2939 837 summam
2979 783 3384 855 Scripturarum
3427 789 3581 858 igno-

2011 865 2264 932 rantiam,
2291 877 2415 923 ante
2443 871 2624 925 omnia
2666 858 3146 930 demonstrandum
3166 887 3270 933 est.

2637 961 2791 1018 CAP.
2834 963 2953 1019 XX.

2008 1067 2306 1138 Proposin
2345 1089 2438 1143 per
2483 1085 2661 1155 partes
2689 1095 2716 1131 e
2743 1082 2907 1133 sacris
2956 1081 3191 1155 Litteris,
3223 1093 3272 1138 et
3302 1085 3583 1155 explicata:

2467 1161 2574 1200 xu
2613 1149 3116 1206 demonstrationes.

2079 1279 2131 1332 Ι.
2168 1276 2436 1348 Imprimis
2480 1281 2808 1352 evangelista
2862 1283 3102 1340 Joannes
3165 1286 3303 1356 ipse,
3361 1288 3454 1359 qui
3515 1292 3583 1345 de

2004 1368 2166 1424 Verbi
2200 1371 2565 1441 appellatione
2610 1390 2734 1429 eum
2766 1379 3012 1446 agnovit,
3045 1395 3150 1434 non
3182 1380 3369 1438 multis
3408 1381 3581 1438 inter-

2001 1462 2215 1530 positis,
2246 1464 2374 1532 quin
2420 1467 2624 1530 statim,
2661 1476 2716 1522 et
2767 1467 2822 1523 in
2873 1472 3157 1538 procinctu
3207 1473 3373 1540 velut,
3411 1474 3578 1530 Deum

1999 1555 2252 1609 eumdem
2286 1557 2538 1626 appellat,
2570 1559 2823 1628 inquiens
2857 1579 2870 1614 :
2899 1560 2970 1615 Et
3004 1561 3147 1618 Deus
3174 1575 3286 1620 erat
3332 1564 3578 1623 Verbum.

318 1630 447 1698 γοῦν
473 1631 670 1694 εἰπεῖν,
699 1630 812 1702 (78)
839 1633 932 1685 καὶ
953 1633 1088 1687 Θεοῦ
1117 1630 1184 1706 ἦν
1206 1635 1235 1686 ό
1271 1634 1462 1704 Λόγος,
1487 1636 1644 1690 τοῦτο
1675 1639 1770 1709 μὲν
1798 1641 1873 1694 οὺς

2000 1645 2133 1700 Cum
2169 1648 2312 1702 enim
2352 1649 2401 1704 ei
2447 1649 2607 1705 facile
2633 1651 2826 1708 fuisset
2851 1654 3035 1710 dicere
3062 1672 3076 1708 :
3105 1664 3163 1711 et
3196 1658 3434 1714 divinum
3457 1674 3578 1715 erat

316 1722 442 1793 ἔφη,
469 1722 545 1785 ὡς
568 1721 634 1777 ἃν
676 1723 748 1794 μή
779 1741 862 1787 τις
890 1725 1051 1778 αὐτὸν
1088 1725 1165 1796 τῷ
1196 1727 1345 1799 παρὰ
1374 1727 1677 1801 ἀνθρώποις
1709 1731 1873 1802 ὅμοιοε

1999 1734 2260 1805 Verbum,
2299 1739 2399 1794 hoc
2434 1757 2540 1795 non
2591 1742 2664 1796 ita
2717 1745 2919 1812 posuit,
2952 1762 3022 1802 ne
3050 1749 3176 1818 quis
3207 1748 3357 1804 illum
3387 1753 3578 1820 opina-

315 1810 452 1867 εἶναι
509 1815 735 1884 φήσειεο
784 1814 915 1868 Θεὸν
959 1816 1015 1869 δὲ
1066 1817 1230 1871 αὑτὸν
1271 1819 1458 1885 καλεῖ,
1503 1821 1565 1873 τὸ
1621 1822 1873 1894 ὑπερφυὲ.

322 1905 857 1924 η-ηιος..
1106 1908 1334 1924 η...
1636 1913 1658 1924 ..
1783 1915 1805 1924 -

1999 1838 2155 1882 retur
2201 1829 2434 1884 similem
2491 1834 2728 1888 humano
2777 1835 2992 1891 cuidam
3043 1839 3208 1894 verbo
3253 1841 3572 1897 exstitisse:

313 1905 408 1958 τοῦ
444 1907 572 1975 περὶ
620 1906 782 1960 αὐτὸν
830 1908 1167 1980 θεοπρεποῦς
1211 1909 1554 1983 ἀξιώματος,
1603 1913 1745 1967 οὕτω
1778 1915 1890 1969 δει-

313 1995 410 2049 κνύ
419 2013 466 2060 ς.

301 2153 307 2158 ,
382 2089 447 2160 β’.
485 2088 742 2154 Μεταϐἀς
771 2089 828 2142 δὲ
867 2091 950 2162 ἐφ’
976 2065 1166 2163 ἑτέραν
1210 2094 1451 2150 ἐπίνοιαν
1495 2096 1594 2168 τῆς
1625 2098 1754 2170 περὶ
1796 2100 1892 2152 αὖ-

1996 1922 2092 1976 sed
2120 1920 2356 1993 appellat
2386 1939 2508 1978 eum
2544 1924 2712 1981 Deum
2742 1941 2755 1980 :
2781 1943 2886 1998 quo
2917 1931 3114 1987 divina:
3147 1933 3426 2004 dignitatis
3457 1936 3575 2007 ejus

1994 2013 2506 2070 excellentissimam
2549 2018 2810 2074 indicaret
2836 2031 3106 2076 naturam.

2062 2105 2117 2158 2.
2161 2103 2458 2162 Transiens
2517 2109 2646 2165 hinc
2717 2113 2782 2165 ad
2845 2112 3006 2167 aliam
3073 2115 3570 2172 considerationem

309 2181 403 2234 τοῦ
449 2181 786 2250 δοξολογίας,
829 2183 957 2250 Φῶς
1005 2185 1164 2237 αὐτὸν
1195 2185 1476 2258 ὠνόμασε,
1517 2191 1873 2261 προῦπάρχειι

1992 2195 2302 2262 quauulam,
2337 2197 2483 2253 illius
2528 2213 2690 2269 quam
2724 2203 2960 2258 habebat
2988 2203 3426 2274 gloriﬁcationis,
3458 2206 3569 2260 Lu-

309 2271 471 2326 αὒτὸν
520 2273 618 2343 τῆς
672 2272 768 2326 τοῦ
835 2273 1084 2345 σώματος
1131 2275 1482 2348 ἀναλήψεως,
1546 2278 1688 2332 κατά
1731 2278 1873 2333 τοῦτ(

1991 2301 2098 2339 cem
2153 2286 2300 2341 illum
2349 2297 2530 2356 vocat,
2566 2302 2621 2346 et
2669 2307 2768 2362 per
2795 2293 2945 2349 illum
2977 2271 3152 2366 ipsum
3189 2298 3399 2354 titulum
3432 2315 3571 2371 pra:-

307 2366 443 2420 αὺτὸ
497 2365 778 2438 δηλώσας,
840 2368 898 2420 ὲν
960 2362 1043 2433 οἷς
1098 2370 1228 2440 περὶ
1272 2369 1366 2424 τοῦ
1427 2372 1732 2426 Βαπτιστοῦ
1780 2391 1886 2446 φη-

308 2478 442 2624 σιγῇ
490 2554 610 2606 Οὐκ
649 2548 728 2624 ἦν
776 2552 1006 2620 ἐκεῖνος
1053 2553 1120 2607 τὸ
1156 2553 1301 2624 φῶς,
1343 2554 1480 2608 ἀλλ’
1522 2555 1624 2608 ἵνα
1663 2573 1886 2625 μαρτυ-

1989 2378 2266 2432 exslitisse
2299 2393 2420 2434 eum
2453 2382 2698 2438 iudicare
2726 2385 2895 2441 voluit
2928 2397 3053 2443 ante
3077 2401 3415 2459 assumptum
3445 2407 3570 2447 cor-

1989 2483 2089 2537 pus
2115 2486 2271 2525 suum
2303 2491 2315 2526 :
2347 2473 2615 2542 siquidem
2639 2475 2705 2531 de
2733 2476 2974 2545 Baptista
3015 2479 3226 2535 locutus
3244 2482 3320 2536 ait
3339 2501 3354 2537 :
3373 2531 3385 2546 ,

2058 2561 2112 2616 3.
2152 2562 2280 2617 Non
2307 2573 2422 2618 erat
2456 2566 2543 2619 ille
2579 2566 2692 2640 lux,
2726 2569 2816 2622 sed
2853 2579 2909 2623 ut
2938 2573 3292 2626 testimonium
3330 2574 3570 2643 perhibe-

295 2647 467 2717 ρήσῃ
492 2645 627 2716 περὶ
653 2645 760 2700 τοῦ
788 2646 1000 2716 φωτὸς,
1028 2647 1060 2700 ὃ
1086 2647 1313 2716 secutast
1342 2646 1538 2700 πάντα
1575 2649 1873 2717 ἄνθρωπον

1988 2665 2064 2708 ret
2094 2656 2158 2709 de
2188 2656 2386 2710 lumine
2424 2657 2540 2725 illo,
2568 2659 2707 2729 quod
2747 2661 3014 2716 illuminat
3057 2681 3259 2719 onmem
3301 2669 3566 2722 hominem

300 2741 629 2810 ἐρχόμενον
672 2741 758 2805 εὶς
796 2739 902 2792 τὸν
952 2741 1204 2810 κόσμον.
1256 2739 1352 2792 Ἐν
1395 2737 1476 2804 τῷ
1533 2741 1738 2809 κόσμῳ
1783 2737 1882 2811 ἦν,

299 2831 401 2886 καὶ
441 2834 474 2885 ό
510 2832 736 2901 κόσμος
784 2829 857 2883 δι’
903 2830 1088 2884 αὐτοῦ
1137 2829 1396 2899 ἐγένετο,
1433 2831 1531 2882 καὶ
1577 2833 1610 2884 d
1652 2831 1883 2900 κόσμος

298 2923 488 2980 αὐτὸν
535 2925 646 2978 οὐκ
675 2925 848 2993 ἔγνω.
879 2924 984 2988 Είς
1031 2920 1103 2976 τὰ
1139 2920 1260 2975 ῖδια
1301 2917 1470 2991 ἦλθε,
1513 2921 1610 2974 καὶ
1644 2924 1698 2975 οἱ
1744 2922 1881 2976 ἴδιοι

298 3015 486 3070 αὐτὸν
513 3015 585 3068 οὐ
632 3011 992 3082 παρέλαϐον.
1034 3013 1197 3083 Ὁρᾷς
1238 3013 1386 3075 ὅπως
1433 3010 1642 3076 τούτοις
1678 3015 1739 3066 οὐ
1779 3014 1881 3067 Λό-

299 3124 394 3176 γον
427 3105 606 3177 μόνον,
632 3104 707 3169 ὡς
735 3103 910 3157 ἐδόκει
949 3103 1276 3174 Μαρκέλλῳ,
1305 3102 1440 3157 ἀλλά
1471 3105 1564 3157 καὶ
1597 3105 1748 3169 Θεὸν,
1780 3106 1878 3159 καί⁵

1986 2748 2270 2800 venientem
2289 2748 2342 2802 in
2377 2749 2514 2802 hunc
2537 2752 2812 2807 mundum.
2848 2751 2913 2807 In
2952 2758 3147 2809 mundo
3177 2769 3315 2823 erat,
3347 2769 3395 2813 et
3419 2774 3566 2813 manv

1984 2839 2082 2890 dus
2103 2854 2194 2907 per
2227 2839 2396 2907 ipsum
2425 2840 2601 2909 [actus
2621 2853 2719 2907 est,
2743 2852 2792 2895 et
2822 2845 3052 2900 mundus
3091 2862 3208 2900 eum
3236 2865 3339 2902 non
3367 2866 3564 2920 cogno-

1983 2933 2072 2982 vit.
2107 2929 2171 2982 In
2201 2932 2418 2999 propria
2449 2933 2610 2995 venit,
2649 2941 2700 2986 et
2729 2935 2812 2988 sui
2863 2952 2982 2989 eum
3025 2953 3128 2991 non
3171 2955 3469 3008 receperunt
3491 2944 3562 2999 ⁸⁸.

1985 3017 2146 3075 Vides
2177 3032 2381 3089 autem,
2415 3034 2470 3076 ut
2512 3023 2566 3077 iu
2606 3025 2725 3080 iStis
2776 3042 2882 3082 non
2919 3026 3156 3084 Verbum
3193 3032 3563 3103 solummodo,

1981 3113 2074 3168 sed
2125 3125 2180 3168 et
2228 3115 2392 3170 Deum
2439 3125 2496 3170 et
2553 3116 2752 3182 lucem,
2788 3119 2940 3173 illum
2995 3122 3321 3189 nominavit,
3370 3136 3561 3184 contra

299 3199 415 3270 φῶς
458 3199 619 3252 αὑτὸν
650 3198 923 3270 ὠνόμασε,
959 3197 1329 3271 προϋπάρχειν
1365 3215 1423 3251 τε
1461 3198 1623 3252 αὑτὸν
1652 3199 1873 3267 ἐδίδαξε,

1981 3223 2140 3276 quam
2206 3208 2489 3263 Marcello
2522 3210 2832 3265 videbatur.
2889 3211 3289 3273 Praeexstitisse
3346 3233 3563 3288 quoque

298 3294 394 3348 καὶ
429 3292 522 3345 τὸν
567 3293 770 3362 κόσμον
797 3290 863 3343 δι’
892 3290 1056 3343 αὐτοῦ
1086 3291 1384 3359 γεγονέναι.
1413 3292 1621 3363 Ὥσπερ
1653 3293 1761 3364 γὰρ
1788 3292 1877 3346 διὰ

293 3384 392 3440 τοῦ
435 3383 570 3437 Θεοῦ
632 3382 742 3455 (79)
810 3382 984 3451 Λόγου
1034 3383 1389 3453 γεγεννῆσθαι
1429 3385 1505 3462 τάξ
1529 3385 1734 3451 πάντα,
1785 3387 1878 3439 καὶ

293 3479 465 3550 χωρὶς
493 3476 658 3530 αὑτοῦ
698 3473 954 3545 γενέσθαι
1001 3475 1152 3528 οὐδὲν
1197 3476 1562 3548 προείρηκεν,
1607 3476 1750 3530 οὕτω
1782 3478 1877 3531 καὶ

290 3571 380 3626 διὰ
407 3569 518 3641 (8θ)
558 3569 652 3623 τοῦ
684 3569 859 3638 φωτός
880 3585 894 3601 ο
926 3569 978 3622 Ὁ
1006 3569 1118 3638 γὰρ
1145 3569 1391 3638 κόσμος,
1415 3570 1571 3640 φησὶ,
1598 3569 1672 3623 δι’
1689 3571 1875 3626 αὑτοῦ

289 3663 549 3734 ἐγένετο.
587 3663 674 3727 Ὠς
712 3659 851 3716 εἶναι
883 3661 940 3715 ἓν
981 3663 1074 3715 καί
1115 3661 1308 3714 ταύτὸν
1347 3662 1414 3716 τὸ
1458 3662 1584 3731 φῶς
1626 3663 1724 3717 καὶ
1769 3663 1876 3719 τὸν

295 3756 445 3811 θεὸν
480 3758 694 3827 Λόγον.
724 3755 911 3824 Λέγων
939 3753 994 3806 δὲ
1027 3754 1094 3806 δι’
1123 3750 1288 3807 αὖτοῦ
1325 3754 1704 3826 γεγεννῆσθαι,
1743 3759 1874 3811 ποτὲ

294 3844 396 3915 μὲν
422 3838 514 3897 τὸν
547 3841 772 3913 κόσμον,
806 3841 936 3894 ποτὲ
975 3837 1031 3892 δὲ
1073 3840 1141 3893 τά
1173 3841 1370 3904 πάντα,
1421 3841 1482 3895 τὸ
1521 3842 1628 3914 (8i)
1665 3845 1873 3916 ὑπηρε-

288 3935 442 3989 τικὸν
471 3934 565 3987 τοῦ
599 3934 733 3987 Θεοῦ
764 3933 1084 4005 παρίστησι.
1125 3933 1433 4004 Δυνάμενος
1468 3934 1598 4003 γοῦν
1638 3939 1665 3990 ό
1708 3938 1871 4007 εὐαγ-

289 4025 542 4098 γελιστὴς
597 4027 791 4088 εἰπεῖν,
840 4024 1043 4078 Πάντα
1095 4025 1196 4078 ὑπ’
1244 4025 1430 4080 αὑτοῦ
1479 4027 1734 4097 ἐγένετο,
1778 4029 1874 4082 καὶ

287 4115 474 4184 αὖθις,
507 4118 617 4172 Kal
635 4172 637 4174 .
657 4121 689 4172 d
728 4117 956 4186 κόσμος
983 4118 1083 4171 ὑπ’
1109 4117 1296 4171 αὑτοῦ
1325 4117 1583 4188 ἐγένετο,
1608 4121 1727 4191 οὐχ,
1767 4123 1870 4176 ὑπ’

286 4209 496 4275 αὐτοῦ,
528 4210 653 4280 ἔφη,
688 4209 821 4262 ἀλλά
847 4207 921 4261 δι’
942 4209 1127 4263 αὐτοῦ
1160 4205 1240 4280 ἦν
1269 4225 1282 4240 ·
1311 4209 1374 4261 ἵν’
1397 4211 1544 4281 ἡμᾶς
1575 4211 1873 4287 ἀναπέμψῃ

286 4307 379 4358 ἐπὶ
407 4305 506 4375 τὴν
533 4304 641 4357 τῶν
669 4303 805 4356 ὅλων
838 4301 1149 4373 ποιητικὴν,
1181 4300 1276 4354 τοῦ
1317 4302 1528 4374 Πατρὸς
1561 4301 1865 4357 αὑθεντίαν.

299 4396 459 4449 Ἀλλά
489 4394 589 4449 καὶ
617 4398 649 4448 ὀ
679 4395 937 4464 κόσμος,
964 4395 1147 4464 φησὶν,
1190 4392 1377 4447 αὐτόν
1407 4396 1516 4448 οὐκ
1547 4394 1722 4465 ἔγνω.
1763 4397 1867 4451 Τὸν

283 4487 342 4540 δὲ
381 4488 474 4539 ἐπὶ
516 4485 732 4538 πάντων
759 4483 890 4538 Θεὸν
921 4489 1176 4555 φυσικαῖς
1206 4487 1438 4549 ἐννοίαις
1467 4487 1704 4552 ἅπαντες
1731 4490 1865 4561 ὁμο·

1980 3297 2209 3353 aﬂirmat
2269 3299 2417 3352 illum
2465 3317 2480 3353 :
2530 3309 2586 3354 et
2641 3304 2901 3356 nmudum
2963 3319 3060 3373 per
3113 3305 3289 3375 ipsum
3351 3309 3558 3364 factum

1978 3390 2167 3446 fuisse.
2195 3391 2660 3458 Quemadmodum
2691 3396 2836 3448 enim
2868 3395 2920 3448 in
2945 3399 3377 3464 praecedentibus
3406 3404 3561 3457 dixe-

1979 3491 2083 3548 rat,
2115 3484 2295 3537 omnia
2321 3482 2578 3552 producta
2613 3484 2782 3539 fuisse
2809 3501 2905 3555 per
2942 3487 3182 3543 Verbum
3210 3490 3327 3557 Dei,
3353 3504 3408 3547 et
3436 3493 3558 3548 sine

1979 3574 2070 3628 illo
2131 3575 2262 3629 nihil
2303 3575 2464 3646 plane
2517 3585 2906 3646 procreatum,
2969 3579 3046 3640 ita
3100 3595 3316 3651 quoque
3365 3595 3419 3639 et
3462 3601 3559 3654 per

1977 3663 2150 3718 lucem
2182 3664 2300 3717 ait:
2331 3662 2475 3718 Nam
2508 3664 2759 3727 mundus,
2805 3664 3007 3735 inquit,
3043 3683 3136 3735 per
3179 3668 3330 3721 illum
3380 3671 3554 3739 [actus

1975 3763 2072 3816 est,
2113 3763 2173 3808 ut
2206 3757 2276 3808 ita
2311 3771 2448 3808 unus
2479 3756 2730 3823 idemque
2765 3753 2948 3822 fuerit,
2978 3753 3120 3821 Lux,
3153 3765 3207 3812 et
3240 3756 3382 3813 Deus
3422 3756 3552 3812 Ver-

1976 3847 2382 3914 bum.Cumque
2415 3861 2512 3917 per
2539 3847 2687 3902 illum
2720 3845 2954 3903 aﬂlrmet
2985 3847 3187 3904 fautum
3220 3865 3364 3906 nunc
3395 3867 3555 3906 mun-

1974 3943 2126 4005 dum,
2167 3955 2309 3994 nunc
2366 3952 2563 3995 czetera
2612 3940 2822 4005 omnia,
2871 3941 3181 3996 subindicat
3234 3942 3383 3998 illum
3439 3945 3556 4000 Deo

1973 4031 2433 4086 subministrasse.
2463 4028 2596 4083 Nam
2634 4034 2696 4092 >14
2729 4044 2852 4084 cum
2899 4038 3085 4099 posset
3115 4029 3184 4084 ad
3224 4031 3388 4085 istum
3437 4047 3551 4087 mo-

1974 4122 2097 4178 dum
2123 4121 2367 4192 proferre
2388 4120 2716 4188 evangelista
2742 4135 2758 4172 :
2799 4121 2994 4175 Omnia
3021 4122 3088 4175 ab
3119 4121 3211 4176 illo
3234 4122 3377 4191 facta
3399 4135 3549 4190 sunt,

1973 4224 2134 4282 atque
2168 4215 2362 4267 iterum
2397 4227 2410 4266 :
2443 4210 2675 4266 Mundus
2707 4218 2771 4266 ab
2804 4212 2898 4265 illo
2928 4211 3104 4282 factus
3147 4224 3244 4283 est,
3280 4223 3384 4270 n0n
3415 4215 3548 4272 i!lud

1971 4308 2169 4378 posuit,
2203 4307 2269 4360 ab
2293 4323 2354 4360 eo
2377 4323 2396 4361 :
2430 4307 2523 4360 sed
2553 4322 2645 4374 per
2668 4323 2804 4360 eum.
2849 4305 2968 4373 Quo
3001 4307 3212 4362 scilicet
3242 4310 3548 4364 remitteret

1971 4416 2066 4456 nos
2111 4400 2177 4454 ad
2231 4400 2595 4454 authenticam
2627 4399 2804 4454 Patris
2833 4400 3018 4454 omnia
3047 4399 3267 4454 creandi
3302 4410 3544 4469 potesta-

1972 4505 2098 4546 tem.
2147 4490 2254 4546 Sed
2303 4501 2352 4546 et
2393 4493 2642 4555 mundus,
2677 4493 2874 4560 inquit,
2908 4491 3080 4560 ipsum
3126 4506 3229 4544 non
3280 4491 3544 4560 cognorit.

285 4575 533 4645 λογοῦσιν
572 4574 868 4646 ἄνθρωποι,
897 4577 990 4629 καὶ
1023 4576 1230 4648 πρῶτοί
1265 4595 1328 4646 γε
1365 4578 1633 4632 Ἰουδαίων
1675 4582 1865 4647 παῖδες

1980 4583 2100 4640 Cum
2133 4585 2322 4650 Deum,
2354 4583 2448 4654 qui
2500 4583 2572 4638 sit
2615 4597 2779 4654 super
2807 4582 3013 4646 omnia,
3053 4597 3152 4651 per
3181 4581 3430 4636 notiones
3461 4581 3544 4634 in-

284 4671 348 4722 ἐκ
378 4668 486 4721 τῶν
540 4666 892 4738 προφητικῶν
944 4667 1174 4738 Γραφῶν
1222 4669 1747 4740 χειραγωγούμενοι,
1787 4672 1862 4735 ὡς

283 4762 379 4818 καὶ
409 4762 569 4826 αὐτὸς
600 4761 836 4833 παρίστη
873 4759 1210 4832 Μάρκελλος,
1238 4763 1293 4815 ὲν
1320 4767 1432 4827 τοῖς
1474 4763 1598 4835 ἑξῆς
1631 4763 1857 4836 προϊών.

281 4853 491 4908 Οὐκοῦν
527 4855 712 4926 ἕτερος
737 4849 805 4925 ἦν
835 4847 1008 4916 οὗτος,
1034 4852 1092 4905 ὃν
1117 4854 1146 4906 ὁ
1177 4854 1379 4925 κόσμος
1412 4855 1514 4909 οὐκ
1543 4856 1703 4924 ἔγνω,
1727 4856 1861 4920 Θεὸς

279 4949 375 5001 καὶ
390 4947 578 5017 Λόγος,
608 4946 723 5017 φῶς
742 4946 1002 5018 ὑπάρχων
1031 4963 1090 4999 τε
1107 4947 1199 5000 καὶ
1213 4947 1602 5018 ὠνομασμένος
1621 4967 1634 4977 ’
1657 4949 1772 5018 φῶς
1793 4949 1850 5002 δὲ

278 5040 379 5094 οὐκ
392 5041 667 5112 αἰσθητὸν,
688 5040 810 5094 οὐδὲ
828 5041 937 5112 (8‘2)
955 5039 1173 5111 σαρκῶν
1186 5040 1319 5112 (82⁸)
1333 5039 1642 5112 ὀφθαλμοὺς
1657 5041 1857 5112 ὁμοίως

355 5232 415 5290 >14
440 5225 536 5281 Ed.
567 5226 770 5289 [θοι-ξε..
805 5243 928 5298 pag.
954 5226 1044 5285 ει.
1128 5227 1175 5260 ⁸⁸
1206 5225 1436 5292 Joan.'t,
1471 5226 1528 5294 8,
1567 5228 1655 5282 11.

351 5435 484 5506 (77⁸)
510 5434 680 5504 Vulgo
712 5436 820 5490 ὅδε.
1473 5447 1476 5452 ’
1774 5503 1786 5517 .

349 5505 460 5586 (_7_8)
490 5507 601 5586 Kal
629 5507 772 5586 Θεὸς
792 5505 872 5575 ἦν
899 5507 933 5559 ὁ
955 5506 1163 5586 Λόγος.
1193 5504 1444 5586 Ιιηοηκαὶ
1470 5502 1788 5586 Osiocjdedt
1811 5517 1843 5559 e

277 5573 449 5648 codd._'
471 5595 523 5648 κ.
563 5575 748 5648 Θεοῦ],
786 5573 996 5648 poterat
1032 5573 1270 5648 Joanqu
1306 5577 1528 5648 dixisse,
1556 5573 1676 5648 καὶί
1700 5573 1842 5648 Osis;

1968 4677 2105 4730 sitas
2133 4695 2161 4730 a
2191 4686 2384 4730 natura
2419 4684 2753 4746 cognoscant
2777 4688 2971 4729 omnes
2999 4690 3015 4728 :
3045 4672 3315 4742 imprimis
3357 4682 3539 4726 autem

1968 4769 2061 4824 lilii
2102 4769 2428 4835 Judzorum,
2499 4767 2916 4822 manuductione
2956 4763 3363 4834 Scripturarum
3416 4779 3542 4832 pro-

1965 4861 2344 4931 pheticarum,
2393 4859 2538 4929 quod
2596 4858 2977 4929 progrediente
3041 4870 3293 4910 sermone
3355 4853 3542 4909 docuit

1964 4951 2194 5022 ipsemet
2225 4950 2531 5006 Marcellus.
2564 4948 2832 5015 Quocirca
2877 4956 2997 5002 erat
3041 4947 3182 5001 alius
3221 4947 3325 5001 iste
3368 4960 3532 5013 quem

1965 5044 2200 5099 mundus
2243 5060 2348 5099 non
2385 5042 2659 5114 cognovit,
2709 5040 2851 5096 Deus
2889 5048 3054 5109 atque
3100 5036 3362 5103 Verbum,
3415 5035 3534 5092 Lux

2023 5431 2136 5502 (79l
2165 5431 2268 5502 Ἰσ.
2303 5429 2461 5500 λόγον
2485 5429 2591 5500 Mp.
2624 5427 2746 5502 Mox
2768 5427 2927 5502 vulgo
2950 5425 3069 5480 οὐδὲ
3098 5424 3156 5502 ἓν
3192 5441 3288 5498 πρ.
3433 5488 3496 5502 ψ,

1991 5493 2136 5584 ηζὸρ)
2167 5501 2276 5555 Τοῦ
2311 5493 2554 5584 ’φωξόςξ
2598 5501 2794 5584 γὰρ
2833 5493 3090 5584 iacitur.
3112 5493 3395 5584 Pege-rem,

1949 5566 2238 5646 τῷῖκόσμῳ
2263 5566 2372 5643 γάρ
2407 5566 2504 5646 ἦν,
2525 5573 2621 5646 καὶ
2647 5566 2909 5646 δ’κόσμος
2938 5568 3005 5621 δι’
3032 5566 3214 5621 αὑτοῦ.
3253 5566 3363 5623 llos
3413 5573 3524 5632 est,

275 5641 344 5718 ἦν
377 5647 405 5698 ὁ
432 5645 607 5718 λόγος,
630 5659 684 5700 at
706 5640 861 5718 dixit,
888 5647 986 5718 καὶ
1015 5647 1162 5718 Θεὸς
1177 5643 1277 5718 ἦν,
1306 5645 1506 5714 aliquid
1533 5645 1679 5718 aliud
1709 5646 1846 5718 dixit

1980 5640 2166 5718 luilux'
2186 5640 2306 5718 erat
2331 5640 2385 5697 et
2415 5640 2714 5718 dicebatur.
2750 5640 2822 5698 Μ.

276 5715 551 5795 praeterLd
598 5716 822 5786 φωτίζει
854 5717 1031 5795 πάντα
1069 5715 1384 5795 avdaci-nov;
1417 5717 1693 5795 .mutilate
1711 5715 1846 5795 citat

276 5781 705 5858 evangelistam,
749 5789 1089 5858 apudiquein
1147 5781 1375 5858 legitur,
1404 5781 1482 5855 ἦν
1513 5784 1591 5858 τὸΔ
1609 5782 1736 5854 φῶς
1779 5783 1847 5837 τὸ

275 5854 565 5923 dludit-0r
579 5858 611 5913 ὃ
627 5856 872 5928 φωτίζει.
897 5854 1039 5914 Μζ-
1052 5858 1133 5914 Iul
1135 5877 1190 5913 ra
1201 5854 1363 5930 'vulgo
1380 5854 1751 5928 προϋπάρχειν
1764 5871 1843 5907 τε.

2023 5715 2137 5779 (8|)
2186 5714 2582 5781 Ὑπηρετικόν.
2622 5713 2784 5768 Forte
2809 5708 2999 5780 αὑτοῦ,
3028 5709 3107 5781 τῷ
3131 5706 3270 5776 Θεῷ.
3304 5705 3377 5762 Μ.

2027 5782 2140 5848 (82)
2171 5781 2338 5849 Vulgo
2360 5782 2643 5853 σαρκικὸν.

2023 5853 2158 5925 (82')
2193 5853 2325 5908 Οὐδὲ
2357 5853 2506 5927 ὀφο.,
2538 5853 2643 5924 Mp.
