4160 6444
548 311 654 370 867
1217 309 1486 366 EUSEBII
1523 307 2003 366 CESARIENSIS
2039 307 2191 366 OPP.
2233 309 2416 366 PARS
2455 309 2548 364 IV.
2588 340 2656 350 —
2695 309 3118 366 DOGMATICA.
3699 305 3806 360 868

547 427 822 483 assistens
845 435 899 484 et
925 428 1352 499 appellatuslux.
1383 429 1500 484 Lux
1531 439 1714 486 autem
1747 445 1852 486 non
1887 430 2123 486 sensibi-
2149 435 2190 492 Α

2162 435 2198 491 Λ
2226 430 2359 502 ἡλίῳ
2407 429 2639 501 φωτίζον
2659 447 2672 462 ·
2723 430 2865 484 οὕτω
2909 431 3017 503 γὰρ
3069 429 3136 484 ἂν
3187 428 3281 484 καὶ
3324 428 3358 498 ἠ
3423 423 3532 480 τῶν
3593 421 3805 492 ἀλόγων

548 519 638 584 lis,
673 533 778 574 non
811 517 1112 589 corporalis
1143 535 1292 574 :non
1325 535 1445 589 qua:
1479 521 1690 586 oculos,
1719 531 1780 576 ut
1807 520 1889 574 sol
1921 521 2120 574 illumi-

2223 521 2377 586 ζώων
2451 523 2611 594 φύσις
2685 527 2933 595 μετεῖχεν
3005 521 3192 576 αὑτοῦ.
3252 519 3390 574 Νυνὶ
3445 517 3503 572 δὲ
3565 515 3807 568 διδάσκει

548 618 738 666 raret:
780 626 904 664 nam
939 612 1018 665 sic
1047 610 1188 665 illius
1224 611 1359 666 adeo
1409 613 1702 682 participes
1745 613 1941 668 ﬂerent
1969 627 2122 668 crea-

2220 617 2402 668 ὁποῖον
2459 611 2528 686 ἦν
2587 616 2734 686 φῶς,
2783 615 2990 684 λέγων·
3040 610 3161 669 Ἦν
3217 610 3330 682 (83)
3400 608 3468 662 τὸ
3527 606 3684 676 φῶς,
3737 604 3804 658 τὸ

547 712 682 758 tura:
719 703 1080 758 irrationales.
1123 702 1278 759 Nunc
1307 703 1484 773 qualis
1513 715 1633 760 erat
1663 705 1752 759 ille
1783 705 1877 759 lux
1901 721 2000 761 nos
2027 709 2121 762 do-

2220 704 2470 773 φωτίζον
2511 707 2709 760 πάντα
2732 706 3043 776 ἄνθρωπον
3079 705 3406 772 ἐρχόμενον
3427 703 3514 766 εις
3537 699 3641 752 τὸν
3661 697 3807 752 κέσ-

546 807 656 860 cet,
687 795 982 864 inquiens:
1012 795 1144 850 Erat
1194 806 1370 852 autem
1415 797 1511 851 lux
1553 797 1866 852 illuminans
1912 815 2121 853 omnem

2215 816 2353 868 μον.
2389 799 2526 870 (85⁸)
2553 801 2729 854 Μόνον
2757 803 2864 871 ἄρα
2891 796 2959 870 ἦν
2991 797 3292 868 ἀνθρώπων
3307 795 3369 848 τὸ
3405 793 3619 862 λογικὸν
3647 791 3806 846 τοῦτο

544 895 806 950 hominem
835 891 1114 946 venientem
1150 889 1206 942 in
1225 888 1364 944 hunc
1395 891 1670 944 mundum.
1703 890 1786 943 Ad
1818 889 1962 945 solos
1992 903 2121 957 ergo

2223 893 2356 962 φῶς.
2395 894 2486 947 Διὸ
2510 894 2736 966 δυνάμει
2780 895 2939 964 νοερᾷ
2977 892 3071 946 καὶ
3101 892 3292 960 λογικῇ
3333 889 3430 966 τὰς
3467 888 3586 941 κατ’
3623 885 3807 938 εἰκόνα

543 981 792 1036 homines
841 979 1148 1048 pertinebat
1205 978 1484 1033 rationalis
1543 980 1648 1034 ista
1701 979 1815 1036 lux.
1851 979 2118 1048 Quocirca

2220 989 2317 1059 τὴν
2351 983 2513 1040 αὑτοῦ
2547 983 2640 1040 καὶ
2678 985 2936 1057 ὁμοίωσιν
2981 967 3364 1053 πεποιημένας
3393 977 3574 1048 ψυχὰς
3613 973 3805 1046 νοερᾶς

543 1087 640 1141 per
669 1072 968 1142 potentiam
999 1087 1152 1124 suam
1181 1071 1440 1140 praeditus
1473 1071 1760 1128 intellectu
1788 1083 1845 1127 et
1877 1073 2115 1138 ratione,

2221 1077 2316 1131 καὶ
2345 1076 2570 1146 λογικὰς
2599 1075 2985 1148 ἀπειργάζετο.
3021 1076 3108 1138 Ὠς
3135 1073 3191 1128 δὲ
3215 1073 3312 1126 οὐκ
3349 1069 3607 1140 αἰσθητὸν
3648 1063 3807 1134 ἐτύγ-

542 1166 636 1237 qui
679 1174 762 1220 est
805 1165 919 1230 lux,
953 1166 1018 1218 ad
1068 1165 1360 1234 imaginem
1410 1179 1564 1218 suam
1601 1173 1657 1220 et
1707 1165 2118 1220 similitudinem

2223 1188 2351 1242 χανε
2390 1171 2526 1240 φῶς,
2557 1172 2729 1234 οὕτως
2771 1169 2982 1223 οὐδὲτὸ
3026 1168 3280 1221 ἐπέκεινα
3314 1165 3423 1218 τῶν
3467 1163 3605 1218 ὅλων
3645 1160 3805 1224 αὐτὸς

545 1258 835 1313 rationales
891 1257 1100 1311 animas
1149 1267 1204 1311 et
1250 1251 1617 1328 intelligentes
1673 1257 1946 1328 produxit.
2001 1258 2118 1312 Non

2221 1263 2250 1316 6
2277 1263 2406 1326 Θεὸς
2428 1259 2515 1334 ἦν.
2559 1263 2618 1315 '0
2651 1257 2762 1332 γάρ
2810 1261 2942 1325 Θεὸς
2993 1261 3107 1330 φῶς
3151 1263 3286 1320 ἐστι,
3332 1257 3426 1310 καὶ
3471 1253 3660 1309 σκοτία
3705 1253 3805 1306 οὐκ

541 1361 660 1404 erat
687 1355 816 1421 ergo
841 1349 928 1404 illa
955 1350 1046 1403 lux
1081 1349 1389 1415 sensibilis;
1423 1361 1480 1404 ut
1516 1365 1689 1422 neque
1721 1353 1866 1406 Deus
1888 1360 2006 1422 erat
2034 1351 2120 1406 ille

2223 1353 2368 1408 ἔστιν
2403 1357 2458 1406 ὲν
2493 1351 2642 1421 αὐτῷ
2662 1353 2908 1424 οὐδεμία.
2943 1351 3054 1406 Καὶ
3091 1347 3200 1424 γάρ
3236 1354 3264 1405 6
3315 1351 3410 1422 μὲν
3443 1344 3560 1418 φῶς
3599 1343 3805 1416 ἀπρόσ-

541 1441 634 1510 qui
672 1451 757 1496 est
787 1455 952 1510 super
976 1443 1252 1496 universa.
1293 1435 1438 1496 Deus
1464 1443 1608 1496 cnim
1643 1441 1734 1496 lux
1761 1451 1868 1509 est,
1894 1453 1950 1498 et
1979 1453 2122 1498 tene-

2226 1464 2334 1500 ιτον
2357 1443 2445 1518 ἦν,
2469 1445 2543 1510 ὡς
2570 1449 2598 1500 6
2625 1447 2764 1510 θεῖος
2805 1445 3125 1520 Ἀπόστολος
3146 1443 3395 1498 διδάσκει
3417 1483 3430 1506 ,
3465 1439 3656 1508 λέγων·
3678 1435 3806 1502 Φῶς

539 1533 652 1587 brae
676 1549 781 1587 non
814 1541 939 1586 sunt
968 1532 1020 1585 in
1057 1546 1144 1586 eo.
1169 1530 1284 1584 Lux
1310 1540 1492 1586 autem
1527 1541 1612 1586 est
1634 1531 1938 1596 inaccessa,
1974 1535 2120 1601 quod

2221 1539 2400 1594 οἰκῶν
2441 1529 2790 1608 ἀπρόσιτον,
2847 1539 2920 1592 ὃν
2976 1535 3138 1592 εἶδεν
3184 1536 3417 1602 οὐδεὶς,
3480 1532 3605 1586 οὐδ’
3659 1528 3807 1584 ιδεῖν

537 1617 828 1694 Apostolus
865 1625 1043 1690 docet,
1079 1623 1165 1676 ubi
1201 1625 1277 1676 ait
1309 1641 1322 1676 :
1353 1619 1544 1678 Lucem
1575 1625 1827 1679 habitans
1880 1625 2116 1680 inacces-

2221 1631 2488 1685 δύναται.
2536 1631 2586 1682 Ὁ
2618 1630 2669 1682 δ’
2707 1631 2777 1684 ἐν
2813 1629 2893 1696 τῷ
2933 1630 3137 1699 κόσμῳ
3171 1624 3269 1698 ἦν,
3314 1623 3574 1695 φωτίζων
3611 1620 3804 1674 πάντα

539 1735 676 1783 sam,
703 1733 854 1788 quem
908 1733 1057 1770 nemo
1085 1713 1233 1779 uidit,
1277 1716 1368 1770 sed
1411 1733 1500 1770 nec
1529 1727 1698 1783 potest
1726 1717 1898 1771 videre
1920 1717 1988 1774 εί.
2019 1717 2119 1771 Ille
2151 1785 2182 1793 __

2160 1785 2187 1793 _
2221 1723 2534 1792 ἅνθρωπον
2563 1725 2887 1793 ἐρχόμενον
2931 1723 3018 1788 εἰς
3059 1715 3166 1774 τὸν
3207 1717 3458 1789 κόσμον.
3509 1713 3670 1768 Ἀλλὰ
3707 1713 3803 1766 καὶ

539 1817 714 1862 autent
745 1808 800 1860 in
833 1809 1029 1862 mundo
1071 1818 1206 1872 erat,
1240 1807 1553 1862 illuntinans
1610 1826 1810 1862 omnem
1855 1810 2118 1863 hominem
2151 1785 2182 1838 Ε

2158 1785 2192 1838 Β
2226 1820 2254 1871 6
2293 1785 2514 1886 κόσμος,
2550 1785 2717 1885 φῇἔιξ
2753 1813 2841 1866 διὰ
2885 1785 3038 1866 τοῦδε
3089 1809 3180 1866 rei}
3229 1785 3406 1880 φωτὸς
3437 1807 3660 1877 γέγονε.
3709 1803 3801 1856 τοῦ

539 1901 826 1954 venientem
865 1895 940 1952 'in
993 1900 1270 1952 mundum.
1324 1897 1432 1954 Sed
1477 1909 1534 1954 et.
1578 1901 1835 1965 mundus,
1883 1901 1980 1964 ait,
2024 1917 2120 1970 per

2225 1909 2558 1982 κρείττονος,
2600 1908 2801 1980 δηλαδὴ
2853 1906 2947 1960 τοῦ
2995 1903 3208 1976 Πατρὸς
3263 1901 3351 1956 διὰ
3404 1900 3498 1954 τοῦ
3565 1897 3696 1952 Υἱοῦ
3743 1893 3804 1949 τὸ

539 1993 684 2046 hanc
714 1991 890 2046 lucem
923 1990 1098 2046 lactus
1131 2000 1286 2058 erat;
1329 1992 1609 2058 nimirum,
1637 1993 1779 2061 quod
1832 2008 2118 2062 supremus

2228 2004 2335 2055 πᾶν
2369 2002 2778 2072 συνισταμένου.
2810 2001 2970 2072 Τρεῖς
3005 1999 3102 2068 μὲν
3132 1997 3195 2067 δὴ
3227 1989 3388 2050 αὗται
3419 1993 3559 2048 κατὰ
3583 1991 3644 2046 τὸ
3673 1987 3806 2044 αὑτδ

539 2083 724 2146 Pater,
749 2098 844 2152 per
873 2083 1070 2138 Filium
1110 2099 1267 2138 suum
1312 2084 1564 2138 universa
1615 2085 1992 2140 constituerat.
2025 2087 2120 2140 At-

2225 2091 2332 2144 τῶν
2359 2092 2452 2145 τοῦ
2491 2091 2622 2144 Υἱοῦ
2661 2090 2753 2144 τοῦ
2785 2088 2918 2143 Θεοῦ
2952 2086 3062 2158 (84)
3102 2085 3411 2157 δυναμένων
3445 2082 3678 2153 εὔφημοι
3711 2077 3805 2132 καὶ

537 2190 646 2243 que
690 2175 762 2230 ita
817 2185 927 2230 tres
979 2175 1094 2230 ista:
1149 2175 1563 2246 appellationes,
1611 2176 1666 2230 in
1721 2193 1886 2231 unum
1939 2175 2118 2232 locum

2225 2182 2466 2246 εὐσεϐεῖς
2517 2181 2808 2254 ὲπηγορίαι
2844 2179 2924 2252 τῷ
2979 2178 3211 2249 θεολόγῳ
3247 2177 3345 2247 τῆς
3377 2174 3601 2248 Γραφῆς
3645 2171 3805 2240 ἀρκο-

537 2273 811 2336 congestae
858 2280 890 2318 a
946 2258 1216 2335 theologo,
1257 2261 1311 2318 in
1351 2265 1621 2336 principio
1666 2259 1972 2336 Scriptura:
2005 2285 2118 2324 suae

2229 2275 2375 2346 μένῳ
2413 2269 2881 2347 παρελείφθησαψ
2913 2274 2942 2326 6
2974 2267 3166 2340 Λόγος,
3208 2268 3304 2322 καὶ
3347 2269 3376 2321 6
3420 2265 3574 2330 Θεὸς,
3609 2261 3704 2316 καὶ
3743 2257 3806 2314 τδ

536 2358 813 2428 leguntur,
841 2373 961 2428 quae
989 2357 1076 2426 pie
1102 2355 1321 2427 quidem
1359 2365 1414 2412 et
1445 2359 1566 2414 sine
1613 2359 1724 2413 ulla
1762 2359 1996 2424 oll‘ensa,
2023 2379 2119 2430 po-
2227 2367 2361 2438 φῶς.

535 2457 792 2504 testatem
845 2447 1147 2519 insignium
1209 2445 1335 2503 Filii
1391 2449 1528 2516 Dei,
1579 2465 1776 2521 nempe
1843 2449 2116 2520 Verbum,

535 2540 680 2598 Deus
705 2550 870 2612 atque
901 2541 1014 2596 lux.

605 2636 660 2690 4.
702 2635 962 2702 Quartam
997 2635 1086 2690 bis
1120 2635 1362 2690 annectit
1404 2636 1546 2692 idem
1582 2650 1648 2692 eo
1671 2636 1809 2704 loco,
1855 2637 2118 2711 Unigeni-

2295 2641 2358 2694 δ’.
2405 2640 2541 2712 Ἤδη
2610 2640 2667 2694 δὲ
2720 2639 2814 2693 καὶ
2881 2637 3146 2709 τετάρτην
3219 2635 3571 2708 προστίθησιν
3621 2637 3650 2688 6
3701 2633 3807 2690 αὖ·

537 2743 650 2784 tum
680 2731 956 2802 appellans
977 2730 1099 2786 istis
1120 2731 1382 2786 vocibus:
1405 2731 1474 2784 Et
1522 2729 1744 2786 Verbum
1766 2751 1890 2789 caro
1915 2736 2116 2804 factum

2224 2727 2336 2796 τὸς,
2371 2731 2652 2801 Μονογενῆ
2703 2729 2794 2784 τὸν
2849 2729 3009 2784 αὐτὸν
3064 2727 3372 2790 ἀποκαλῶν,
3415 2729 3471 2779 ὲν
3517 2721 3596 2789 οἷς
3635 2741 3768 2796 φησι
3789 2738 3805 2756 ⁸

545 2837 644 2890 est,
685 2837 733 2878 et
763 2825 1012 2877 habitavit
1039 2824 1095 2876 in
1125 2819 1274 2876 nobis
1303 2845 1315 2880 :
1350 2823 1420 2876 Et
1456 2825 1684 2878 vidimus
1709 2825 1932 2894 gloriam
1976 2829 2114 2898 ejus,

2225 2825 2334 2880 Kal
2393 2828 2426 2878 ό
2485 2817 2674 2894 Λόγος
2733 2822 2889 2891 σὰρξ
2960 2821 3227 2891 ἐγένετο,
3285 2821 3384 2873 καὶ
3451 2817 3811 2884 ἐσκήνωσεν

537 2919 764 2989 gloriam
801 2918 956 2988 quasi
992 2915 1258 2988 Unigeniti
1286 2935 1318 2970 a
1369 2911 1550 2982 Putre,
1581 2921 1792 2988 plenum
1830 2923 2022 2996 gratiae
2065 2935 2117 2978 et

2224 2918 2294 2970 ἐν
2347 2916 2511 2986 ἡμῖν,
2585 2917 2682 2970 καὶ
2740 2913 3108 2983 ἐθεασάμεθα
3166 2911 3284 2980 τὴν
3349 2911 3538 2976 δόξαν
3593 2907 3804 2974 aurai};

541 3009 779 3063 veritatis
801 3007 872 3064 ⁸³.
909 3006 985 3061 lta
1014 3024 1230 3078 quoque
1257 3019 1311 3064 et
1341 3007 1660 3080 Unigeuitus
1691 3013 1976 3069 dicebatur
2001 3015 2114 3084 ille,

2225 3007 2414 3074 δόξαν
2485 3009 2564 3074 ὡς
2626 3005 3007 3076 Μονογενοῦς
3084 3007 3245 3075 παρὰ
3321 3004 3580 3073 Πατρός,
3643 3001 3807 3070 πλή-

533 3104 847 3172 priusquam
917 3101 1320 3156 incarnaretur.
1375 3101 1511 3156 Nam
1577 3114 1855 3176 utcunque
1927 3117 2114 3162 nostra
2145 3149 2176 3207 ε

2164 3149 2186 3170 ,
2216 3119 2335 3170 ρης
2392 3101 2632 3172 χάριτος
2685 3099 2782 3152 καὶ
2833 3099 3141 3168 ἀληθείας,
3197 3097 3404 3152 Οὐκοῦν
3457 3097 3552 3151 καὶ
3601 3097 3630 3148 6
3687 3093 3807 3148 Mo-

533 3205 720 3256 causa,
745 3191 890 3259 quod
915 3192 992 3244 ait
1023 3209 1037 3244 :
1065 3189 1202 3244 Caro
1224 3191 1401 3261 factus
1424 3204 1498 3248 est
1524 3192 1726 3249 Sermo.
1755 3193 2117 3254 Nihilominus
2146 3185 2176 3207 ’⁸

2157 3185 2187 3207 ⁸⁸⁸
2221 3193 2446 3264 νογενὴς
2493 3192 2586 3246 τοῦ
2635 3190 2772 3244 Θεοῦ
2828 3192 2955 3262 πρὶν
3012 3191 3046 3261 ἢ
3093 3190 3192 3258 τὴν
3253 3191 3431 3260 σάρκα
3487 3185 3800 3246 ἀναλαϐεῖν,

534 3297 634 3336 nos
673 3281 773 3352 ipsi
828 3283 1025 3353 quibus
1063 3283 1305 3339 revelare
1355 3290 1414 3348 ›Ι‹
1463 3287 1715 3357 dignatus
1744 3298 1829 3343 est
1864 3287 2118 3344 divinita-

2219 3283 2608 3357 ἐχρημάτιζεν.
2655 3283 2718 3336 El
2777 3283 2885 3354 γὰρ
2940 3282 3036 3335 καὶ
3089 3281 3160 3335 τά
3221 3280 3488 3352 μάλιστα,
3535 3277 3699 3349 φησι,
3735 3277 3808 3330 δι’

535 3385 646 3432 tem
676 3391 854 3444 suam,
893 3379 1206 3448 neutiquam
1255 3379 1306 3433 in
1355 3393 1575 3433 carnem
1628 3381 2002 3450 respicientes,
2034 3391 2119 3438 est

2219 3381 2386 3450 ἡμᾶς,
2419 3381 2448 3432 6
2481 3380 2674 3448 Λόγος
2695 3377 2852 3446 σὰρξ
2871 3374 3128 3445 ἐγένετο,
3167 3373 3279 3428 ἀλλ’
3311 3375 3462 3444 ὅμως
3506 3373 3691 3444 ἡμεῖς,
3723 3365 3807 3436 οἷς

534 3466 683 3521 enim
720 3481 848 3522 caro
889 3469 1034 3523 servi
1091 3467 1286 3535 forma,
1320 3471 1412 3525 sed
1462 3471 1516 3524 in
1556 3470 1723 3540 ipsius
1769 3472 1998 3542 gloriam
2034 3473 2118 3526 in-

2218 3471 2554 3542 κατηξίωσεν
2586 3465 2917 3536 ἐνδείξασθαι
2943 3467 3039 3539 τὴν
3072 3467 3263 3520 ἑαυτοῦ
3303 3465 3531 3536 θεότητα
3554 3504 3568 3529 ,
3595 3463 3695 3517 οὑκ
3725 3465 3808 3526 εἰς

535 3569 774 3624 tuentes,
804 3576 925 3630 qua:
971 3573 1128 3616 extra
1179 3564 1396 3632 quidem
1448 3577 1648 3632 corpus
1691 3579 1721 3617 a
1770 3574 1953 3618 mente
1982 3580 2114 3635 pura

2215 3565 2315 3636 τὴν
2341 3564 2517 3634 σάρκα
2551 3561 2884 3633 ἀφορῶντες,
2909 3560 3046 3630 αὕτη
3092 3558 3200 3630 γάρ
3235 3557 3347 3627 (85)
3392 3557 3574 3630 μορφὴ
3615 3553 3807 3608 δούλου

534 3651 729 3707 visitur
773 3664 829 3707 et
863 3653 1146 3718 defaecata,
1192 3655 1422 3710 vidimus
1454 3655 1572 3726 ejus
1603 3655 1852 3726 gloriam,
1884 3656 2114 3724 gloriam

2213 3651 2304 3727 ἧν,
2341 3655 2453 3709 ἀλλ’
2479 3657 2559 3718 εἰς
2583 3655 2681 3726 τὴν
2711 3652 2867 3720 δόξαν
2897 3650 3062 3704 αὑτοῦ
3099 3650 3196 3722 τὴν
3227 3649 3384 3713 ἐκτὸς
3425 3649 3518 3703 τοῦ
3555 3647 3807 3718 σώματος

533 3741 884 3810 ineffabilem,
913 3753 965 3798 et
1020 3755 1238 3814 captum
1289 3745 1585 3814 quemlibet
1633 3746 1928 3801 humanum
1962 3756 2113 3800 trau-

2216 3747 2292 3818 νῷ
2319 3747 2542 3818 καθαρῷ
2570 3746 2974 3817 θεωρουμένην,
3011 3733 3354 3814 ἐθεασάμεθα
3385 3741 3484 3813 τὴν
3511 3741 3668 3809 δόξαν
3715 3741 3807 3794 αὒ-

533 3837 910 3899 scendentem,
939 3837 1154 3905 qualem
1191 3836 1450 3890 nimirum
1484 3837 1608 3906 quis
1658 3838 1942 3907 imaginari
1986 3839 2114 3894 velit

2218 3841 2332 3906 τοῦ,
2387 3841 2544 3905 δόξαν
2603 3839 2842 3912 ἄρρητον
2900 3837 2995 3890 καὶ
3046 3836 3223 3889 πάντα
3278 3833 3488 3904 θνητῶν
3545 3832 3806 3905 λογισμὸν
3849 3871 3861 3882 .

536 3927 772 3996 gloriam
825 3925 1102 3997 Unigeniti
1157 3928 1272 3982 Dei.
1335 3927 1463 3981 Erat
1511 3938 1694 3983 autem
1723 3945 1753 3984 a
1788 3931 1970 3996 Patre,
2007 3931 2112 3985 ista

2217 3933 2670 4003 ὑπερϐαίνουσαν,
2703 3932 2894 3984 ὁποίαν
2914 3947 2996 3994 τις
3017 3931 3286 4001 ἐννοήσειε
3317 3927 3472 3991 δόξαν
3501 3925 3631 3979 Υἱοῦ
3663 3923 3799 3979 Θεοῦ

535 4021 732 4092 gloria.
771 4020 1178 4074 Animadvertis
1215 4035 1320 4076 non
1351 4021 1441 4076 hie
1465 4021 1592 4087 dici,
1621 4022 1852 4078 vidimus
1877 4023 2110 4092 gloriam

2218 4025 2558 4098 μονογενοῦς.
2601 4021 2709 4077 Ἦν
2747 4023 2803 4077 δὲ
2847 4022 2984 4096 αὕτη
3042 4021 3192 4094 παρὰ
3242 4019 3338 4075 τοῦ
3391 4019 3603 4092 Πατρὸς
3651 4019 3800 4086 δόξα.

535 4112 673 4180 ejus,
709 4113 938 4184 gloriam
978 4111 1140 4166 veluti
1173 4109 1361 4180 Verbi,
1406 4130 1471 4168 ne
1513 4126 1623 4168 tum
1666 4131 1787 4170 cum
1817 4115 2026 4169 dixerat
2057 4117 2110 4170 in

2225 4120 2388 4190 Ὁρᾷς
2415 4158 2427 4182 ,
2460 4119 2607 4181 ὅπως
2653 4117 2751 4169 οὐκ
2789 4111 2939 4182 εἷπε,
2975 4115 3066 4169 κα)⁵
3114 4111 3456 4183 ἐθεασάμεθα
3501 4111 3601 4183 τὴν
3646 4110 3805 4175 δόξαν

533 4205 1006 4274 praecedentibus:
1041 4204 1267 4260 Verbum
1330 4223 1457 4260 cura
1497 4207 1696 4275 factum
1741 4207 1862 4274 fuit,
1907 4209 2000 4262 sed
2055 4217 2113 4260 ut

2214 4212 2399 4276 αὑτοῦ,
2429 4211 2584 4273 δόξαν
2609 4205 2684 4272 ὡς
2714 4208 2909 4276 Λόγου,
2938 4205 3114 4260 καίτοι
3165 4202 3462 4276 προειπὼν,
3517 4203 3580 4256 '0
3610 4203 3803 4272 Λόγος

534 4295 762 4365 intelligi
807 4307 988 4366 posset
1021 4297 1320 4367 cujusmodi
1377 4295 1612 4352 Verbum
1649 4297 1738 4352 ille
1777 4310 1898 4350 cum
1944 4311 2114 4366 pone-

2213 4301 2367 4369 σὰρε
2395 4299 2653 4368 ἐγένετο,
2681 4297 2796 4350 ἀλλ’
2826 4298 2912 4350 ἵνα
2928 4296 3114 4369 διδάξῃ
3149 4297 3330 4348 ὁποῖον
3361 4293 3522 4348 αὑτὸν
3562 4293 3801 4363 ὑπεστή-

535 4401 638 4456 ret,
687 4389 954 4464 (minime
993 4391 1208 4460 quidem
1265 4389 1619 4443 iudicativum
1649 4405 1663 4440 :
1697 4405 1822 4443 nam
1869 4390 2108 4446 Verbum

2215 4413 2344 4450 σατο
2372 4395 2560 4463 Λόγον·
2595 4393 2698 4462 (ὅτι
2730 4392 2803 4464 μὴ
2828 4393 3180 4464 σημαντικὸν,
3205 4391 3321 4454 πῶς
3341 4392 3450 4462 γάρ
3483 4391 3577 4445 καὶ
3603 4383 3714 4444 οἷόν
3739 4407 3797 4444 τε

533 4484 751 4553 quidem
791 4483 919 4547 tale,
951 4497 1080 4538 caro
1115 4482 1232 4538 lieri
1284 4481 1565 4552 nequibat)
1593 4481 1942 4552 Unigenitum
1972 4497 2110 4552 prze-
2143 4505 2176 4560 ι]

2158 4505 2188 4560 ο
2215 4485 2282 4560 ἦν
2305 4489 2395 4542 τὸν
2422 4488 2660 4540 τοιοῦτον
2685 4487 2864 4558 σάρκα
2898 4485 3148 4554 γενέσθαι
3171 4502 3184 4546 ;
3210 4485 3230 4554 )
3284 4483 3596 4552 ἀναγκαίως
3635 4484 3801 4537 Μονο-

533 4577 768 4642 dixerat,
797 4587 854 4631 et
899 4575 1124 4643 gloriam
1186 4575 1302 4645 ejus
1339 4575 1522 4640 talem,
1576 4575 1793 4644 qualem
1833 4575 1958 4630 Filii
2009 4575 2103 4634 Dei

2219 4581 2350 4652 γενῆ
2409 4579 2570 4633 αὐτὸν
2622 4581 2869 4651 προεῖπε.
2912 4578 3022 4630 Καὶ
3054 4576 3151 4647 τὴν
3195 4573 3351 4641 δόξαν
3379 4575 3542 4629 αὐτοῦ
3595 4574 3799 4648 ταύτην

534 4669 800 4739 ttuigeuiti
848 4668 1078 4738 gloriam
1113 4667 1484 4736 intelligimus.
1516 4667 1580 4722 Et
1604 4666 1831 4737 gloriam
1878 4667 1951 4722 illi
1987 4684 2107 4724 eam

2219 4671 2357 4728 εἷναι
2383 4673 2658 4737 διδάσκει,
2709 4671 2830 4725 καθ’
2863 4671 2928 4741 ἢν
2965 4673 3162 4724 νοεῖται
3197 4668 3493 4740 μονογενὴς-
3530 4665 3626 4720 τοῢ
3659 4665 3795 4722 Θεοῦ

530 4775 558 4814 a
595 4759 754 4814 Patre
805 4774 1018 4829 quoque
1071 4760 1231 4814 docet
1277 4768 1334 4810 et
1385 4774 1490 4813 non
1539 4759 1758 4814 aliunde
1802 4760 2108 4816 advenisse.

2219 4767 2364 4830 Υἱός.
2416 4765 2710 4836 ’Υπάρχειν
2735 4780 2794 4816 τε
2825 4761 2933 4833 (86)
2969 4761 3137 4832 αὐτῷ,
3168 4759 3322 4831 φησι,
3366 4760 3466 4831 τὴν
3501 4759 3657 4825 δόξαν
3700 4759 3796 4812 οὐκ

529 4853 666 4908 Nam
709 4869 809 4910 nec
849 4856 1166 4924 ingenitam,
1211 4872 1308 4910 nec
1348 4856 1617 4926 principio
1668 4865 1965 4924 carentem,
2009 4872 2110 4914 nec

2219 4857 2440 4913 ἄλλοθεν
2468 4857 2500 4930 ἢ
2535 4855 2682 4930 παρὰ
2707 4853 2799 4908 τοῦ
2828 4853 3038 4924 Πατρός
3064 4865 3076 4878 ⁸
3105 4851 3165 4905 οὐ
3203 4851 3310 4922 γὰρ
3338 4849 3650 4920 ἀγέννητον,
3678 4849 3793 4902 οὐδὲ

527 4960 560 4998 a
604 4961 662 5002 se
699 4961 1025 5016 possessam,
1065 4959 1122 5002 et
1162 4963 1266 5001 non
1313 4948 1536 5004 aliunde
1580 4947 1810 5018 gloriam
1847 4948 2102 5015 habebat,

2218 4953 2473 5024 ἄναρχον,
2504 4950 2624 5004 οὐδὲ
2659 4949 2953 5019 ῑδιόκτητον
2987 4939 3100 5016 εἶχε
3125 4945 3224 5014 τὴν
3249 4944 3438 5010 δόξαν,
3467 4943 3600 4998 ἀλλὰ
3649 4941 3793 5014 παρῇ

532 5041 627 5096 sed
655 5054 686 5092 a
716 5040 875 5095 Patre
920 5057 1020 5096 suo
1071 5051 1352 5110 acceptam
1387 5060 1399 5096 :
1430 5041 1574 5110 quod
1631 5041 1793 5096 docet
1848 5043 1963 5112 ipse
2019 5042 2104 5096 in-

2214 5043 2306 5096 τοῦ
2365 5041 2575 5114 Πατρός
2609 5037 2786 5092 λαϐὼν
2841 5037 2970 5108 (87).
3027 5035 3094 5092 Ὀ
3121 5035 3184 5107 δὴ
3222 5035 3315 5090 καὶ
3355 5035 3516 5098 αὐτὸς
3555 5033 3793 5104 napis-ct!

533 5133 730 5200 quiens
760 5149 772 5184 :
808 5131 991 5198 Pater,
1031 5133 1270 5204 gloriﬁca
1305 5149 1386 5187 me
1429 5133 1599 5202 gloria
1629 5131 1724 5186 illa
1770 5150 1927 5203 quam
1964 5136 2104 5204 apud

2215 5135 2406 5205 λέγων,
2425 5132 2637 5201 Πάτερ,
2674 5131 2941 5196 δόξασόν
2965 5147 3042 5199 με
3065 5127 3140 5198 τῇ
3172 5127 3342 5197 δόξῃ,
3367 5126 3448 5194 ῆν
3483 5121 3649 5194 εἶχον
3677 5121 3791 5192 ,τρὶ

536 5235 587 5280 te
634 5227 818 5293 habui,
865 5239 986 5282 ante
1039 5228 1462 5282 constitutionem
1507 5228 1660 5281 istius
1707 5227 1983 5291 mundi”,
2011 5228 2098 5282 cui

2211 5229 2319 5282 τοῦ
2353 5227 2460 5281 τὸν
2491 5228 2721 5295 κόσμον
2750 5225 2902 5279 εἶναι
2923 5221 3084 5294 παρὰ
3107 5223 3228 5276 σοι.
3263 5224 3359 5275 ὐν
3383 5219 3477 5274 καὶ
3508 5215 3791 5290 ἀμείϐεται

609 5393 670 5452 ›Ι‹
699 5388 798 5443 Ed.
841 5387 1039 5458 Paris.,
1067 5407 1191 5464 pag.
1220 5393 1306 5448 85.
1383 5392 1423 5424 ³⁸
1449 5394 1468 5448 ι
1496 5391 1638 5448 Tim.
1660 5409 1732 5458 νι,
1766 5393 1853 5452 lli.
1931 5393 1975 5426 ⁸⁸
2000 5391 2154 5450 Joan.
2190 5391 2252 5459 1,1

1236 5393 1306 5448 35.
1383 5392 1423 5424 ³⁸
1449 5394 1468 5448 ι
1496 5391 1732 5458 Τὶηι.νι,
1766 5393 1853 5452 lli.
1931 5393 1975 5426 ⁸⁸
2000 5391 2154 5450 Joan.
2190 5391 2326 5459 1,14.
2405 5393 2450 5424 ⁸³
2474 5390 2634 5450 Joan.
2657 5405 2793 5458 χιιι,
2825 5389 2879 5445 5.

742 5545 856 5624 Ἦν
880 5552 908 5604 6
935 5551 1092 5624 ὶέγος
1121 5553 1296 5624 vulgo.
2216 5557 2252 5609 λι

2216 5557 2306 5610 λου
2315 5573 2439 5614 σαν.
2979 5621 2981 5624 ι

605 5621 965 5697 (ξδ’)-Μόνφν
993 5621 1242 5697 {dolio}
1277 5626 1434 5697 vulgo
1467 5627 1706 5682 διδάσκει
1740 5627 2069 5692 Απόστολος.

1920 5628 2069 5692 τολος.
2289 5627 2400 5697 (86)
2435 5627 2506 5680 ῖσ.
2541 5625 2688 5694 αὖτῷ
2719 5627 2800 5681 vel
2831 5621 2995 5681 αὐτοῦ
3036 5627 3166 5695 Μελ,
3189 5625 3346 5694 vulgo
3378 5623 3563 5697 αὐτόν.

885 5693 957 5746 ἵσ.
994 5690 1293 5770 δυνάμεων.
1336 5690 1480 5770 ΑΙῦΓι-ιι
1509 5703 1661 5764 vulgo
1706 5690 2096 5770 ἐχρημάτισεν.

2285 5690 2398 5770 (877)
2428 5697 2599 5770 Vulgo
2624 5690 2729 5758 ὅδε,
2757 5709 2818 5770 et
2841 5715 2958 5770 mox
2993 5690 3142 5770 παρά
3169 5715 3262 5752 σου
3281 5690 3341 5768 et
3358 5692 3588 5761 ὲδόξασά
3613 5707 3677 5751 σε
3695 5690 3793 5752 καὶ

607 5763 721 5834 (85)
753 5763 922 5836 Vulgo
963 5783 1070 5823 om.
1119 5763 1230 5820 καί.
1265 5767 1410 5823 lnl'ra
1455 5768 1642 5838 θνητὸν
1699 5763 1782 5822 >’“
1823 5763 2098 5842 ὅπερὸάλ-
2207 5779 2250 5826 el

1515 5771 1642 5838 ητὸν
1699 5763 1782 5822 >’“
1823 5763 2098 5842 ὅπερὸάλ-
2207 5779 2262 5826 et
2287 5763 2452 5823 αὐτοῦ
2489 5763 2690 5832 πάντες
2719 5779 2774 5824 ει
2801 5769 2988 5822 ἀκούει
3024 5763 3156 5822 Σάσ.
