4160 6444
343 370 446 428 869

1291 376 1375 431 DE
1412 377 1944 434 ECCLESIASTICA
1983 379 2375 438 TllEOLOGlA
2416 383 2546 443 LIB.
2587 384 2627 441 I.

3471 391 3576 447 870

342 485 517 554 λέγων
547 485 576 540 6
607 486 817 560 Πατήρ·
856 488 965 543 Καὶ
997 488 1259 554 ἐδόξασα
1303 489 1401 542 καί
1429 489 1614 544 πάλιν
1651 491 1898 557 δοξάσωλ

2015 499 2346 564 respondens
2385 497 2460 552 ait
2505 497 2666 554 Pater
2699 513 2714 552 :
2743 497 2811 552 Et
2837 499 3139 569 gloriﬁcavi
3182 512 3252 568 te,
3287 514 3332 558 et
3383 506 3570 561 iterum

341 580 453 633 Καὶ
493 580 572 634 ἔτι
621 581 819 653 μᾶλλον
858 582 960 656 τὴν
1009 584 1304 638 ὑπόστασιν
1348 585 1510 639 αὑτοῦ
1548 587 1856 657 συνίστησιν
1883 589 1912 641 6

342 670 505 733 αὐτὸς
553 671 942 744 εὐαγγελιστὴς
971 675 1279 746 ἐπιφέρων,
1346 677 1594 749 Ἰωάννης
1642 682 1912 751 μαρτυρεί

338 760 468 832 περὶ
493 761 657 814 αὑτοῦ
683 764 776 816 καὶ
801 763 1038 836 κέκραγε
1079 765 1251 834 λέγων
1277 784 1290 797 ·
1320 763 1512 836 Οὗτος
1542 767 1620 840 ἦν
1650 774 1682 825 d
1717 773 1908 826 ὀπίσω

338 864 454 914 μου
476 847 797 918 ἐρχόμενος
820 889 834 914 ,
863 852 931 918 ὃς
960 855 1298 922 ἔμπροσθέν
1331 874 1448 924 μου
1485 860 1729 929 γέγονεν
1750 900 1764 924 ,
1817 862 1908 916 ὅτι

339 937 567 1008 πρῶτός
591 960 708 1012 μου
748 941 847 1015 ἦν,
883 944 972 998 ὅτι
1021 945 1090 1000 ἐκ
1135 947 1244 1001 τοῦ
1291 949 1681 1018 πληρώματος
1720 953 1905 1006 αὐτοῦ

336 1030 508 1098 ἡμεῖς
537 1033 758 1102 πάντες
803 1036 1112 1107 ἐλάϐομεν.
1167 1039 1327 1092 ’Δλλὰ
1377 1040 1604 1110 βοῶντος
1639 1044 1902 1105 Ἰωάννου,

337 1121 417 1174 ὅτι
445 1123 659 1194 πρῶτος
700 1122 768 1196 ἦν
804 1127 966 1180 αὐτοῦ
994 1167 1009 1192 ,
1034 1129 1132 1183 οὐκ
1174 1129 1358 1183 ἀκούει
1397 1134 1426 1184 6
1453 1133 1570 1196 νέος
1597 1135 1901 1198 Σαὸέλ).ιος,

337 1214 510 1268 καίτοι
537 1215 676 1268 κατὰ
695 1218 873 1290 σάρκα
893 1220 1101 1290 προῆγε
1145 1221 1239 1274 τοῦ
1267 1220 1481 1294 (88-89)
1518 1223 1617 1295 τὴν
1643 1227 1853 1294 γένεσιν
1876 1231 1904 1281 6

336 1303 640 1376 Βαπτιστὴς
684 1308 952 1378 Ἰωάννης.
984 1309 1108 1373 Πῶς
1141 1305 1234 1363 οὖν
1255 1311 1610 1382 μαρτύρεται,
1644 1315 1728 1367 ὅτι
1753 1316 1900 1386 πρῶ-

330 1411 422 1460 τος
448 1396 610 1450 αὑτοῦ
645 1394 712 1470 ἧν
734 1403 832 1470 ςτῇ
858 1401 957 1470 μὲν
984 1401 1093 1472 γὰρ
1117 1403 1258 1456 κατὰ
1287 1405 1461 1475 σάρκα
1492 1407 1767 1477 γεννήσει,
1802 1406 1901 1460 οὑκ

331 1481 398 1558 ἦν
420 1488 635 1559 πρῶτος
661 1490 825 1544 αὑτοῦ
849 1495 876 1545 6
899 1493 1088 1564 Σωτήρ
1113 1510 1127 1526 ⁸
1163 1494 1360 1548 οὐκοῦν
1382 1496 1503 1549 καθ’
1536 1497 1564 1550 ὃ
1589 1498 1900 1570 Μονογενὴς

329 1572 397 1649 ἦν
424 1574 517 1630 τοῦ
539 1577 696 1644 Θεοῦ,
725 1579 936 1650 πρῶτος
967 1576 1034 1652 ἦν
1064 1582 1156 1635 τοῦ
1186 1584 1451 1642 Ἰωάννου.
1478 1586 1571 1639 καὶ
1593 1586 1898 1658 ἔμπροσθεν

331 1667 494 1721 αὐτοῦ
518 1669 758 1737 γέγονεν.
788 1665 858 1722 Ἀ
869 1673 915 1741 ρ’
935 1668 1027 1726 οὖν
1047 1674 1350 1746 ἐπιδέχεται
1365 1677 1537 1730 ταῦτα
1558 1678 1651 1731 ὲπὶ
1675 1678 1763 1732 τὸν
1789 1681 1898 1732 Πα-

330 1757 464 1829 τέρα
486 1760 578 1812 καὶ
593 1759 722 1815 Θεὸν
747 1760 851 1814 τῶν
871 1763 1005 1816 ὅλων
1040 1765 1422 1837 ἀναφέρεσθαι,
1451 1767 1484 1840 ἢ
1519 1769 1611 1822 ἐπὶ
1642 1769 1896 1824 άνούσιον

2011 585 2401 655 gloriﬁcabo“.
2460 590 2563 644 Sed
2605 592 2782 646 adhuc
2821 592 3050 647 ulterius
3102 597 3432 666 evangelista
3483 599 3573 653 ille

2010 677 2152 731 idem
2181 678 2248 732 de
2277 679 2553 749 hypostasi
2580 681 2751 750 ipsius
2776 683 3023 750 perhibet
3054 685 3443 755 testimonium,
3478 691 3567 744 ubi

2008 766 2240 823 Joannes
2289 770 2528 840 Baptista
2579 773 2942 828 testimonium
2975 776 3022 829 ei
3054 777 3345 844 perhibuit,
3369 791 3422 834 et
3454 782 3570 834 cla-

2009 862 2176 916 mavit
2207 863 2389 918 dicens
2424 864 2570 918 :llic
2617 875 2730 920 erat
2773 868 2860 935 qui
2888 877 3001 935 post
3044 885 3125 922 me
3170 871 3400 936 veniens,
3449 885 3568 926 ante

2007 972 2087 1009 me
2117 955 2288 1024 factus
2319 967 2416 1022 est,
2448 959 2570 1028 quia
2603 961 2751 1027 prior
2779 975 2858 1012 me
2902 972 3036 1025 erat,
3067 965 3190 1031 quia
3234 966 3298 1018 de
3340 966 3568 1034 plenitu-

2005 1053 2127 1106 dine
2154 1053 2267 1122 ejus
2295 1068 2469 1106 omnes
2498 1054 2787 1122 accepimus
2804 1056 2870 1112 ⁸⁸.
2916 1057 3020 1112 Sed
3055 1059 3375 1113 clamantem
3399 1058 3567 1114 Joan~

2006 1159 2127 1198 nem
2157 1145 2299 1213 quod
2346 1147 2497 1214 prior
2535 1146 2652 1214 ipso
2692 1144 2873 1212 fuerit,
2902 1148 3170 1204 Sabellius
3229 1166 3334 1205 non
3393 1153 3564 1218 audit,

2005 1249 2277 1308 utcunque
2318 1240 2384 1293 de
2416 1241 2767 1308 generatione
2804 1234 2944 1309 ap'nd
2976 1241 3191 1296 Patrem
3219 1242 3459 1312 Baptista
3484 1245 3568 1299 in-

2002 1331 2258 1384 stituebat
2313 1345 2637 1386 sermonem.
2689 1332 2970 1398 Quomodo
3014 1333 3177 1400 igitur
3221 1334 3268 1388 ei
3320 1336 3566 1389 testimo-

2002 1424 2148 1476 nium
2176 1423 2440 1490 perhibet,
2478 1425 2623 1492 quod
2653 1434 2778 1480 ante
2816 1425 2990 1494 ipsum
3035 1424 3195 1478 erat?
3222 1425 3388 1479 Certe
3418 1429 3560 1494 quod

2001 1522 2210 1582 spectat
2262 1514 2443 1569 carnis
2487 1515 2926 1584 generationem,
2966 1514 3226 1568 Servator
3286 1530 3393 1568 non
3442 1524 3564 1568 erat

2001 1613 2125 1656 ante
2145 1619 2267 1658 eum
2298 1619 2312 1656 :
2343 1608 2653 1660 necessario
2679 1607 2788 1659 vult
2825 1607 3119 1660 secundum
3129 1621 3292 1689 .eam,
3322 1620 3427 1674 qua
3466 1606 3560 1660 Dei

1999 1694 2196 1748 dicitur
2231 1694 2569 1766 Unigenitns.
2612 1695 2918 1751 Secundum
2969 1697 3112 1752 hanc
3168 1701 3318 1766 prior
3354 1697 3561 1753 Joanne

2000 1777 2124 1843 fuit,
2155 1789 2211 1834 et
2237 1791 2364 1835 ante
2398 1797 2519 1836 eum
2582 1781 2931 1836 nascebatur.
2973 1781 3289 1836 Patieturne
3340 1783 3441 1836 ista
3492 1784 3558 1837 ad

333 1850 424 1902 καὶ
436 1850 800 1904 ἀνυπόστατον
815 1854 872 1906 ἐν
902 1853 980 1924 τῷ
1009 1854 1126 1925 Θεῷ
1162 1855 1432 1924 Λόγοντὺν
1468 1857 1627 1910 αὑτὸν
1661 1858 1790 1912 ὄντα
1821 1859 1898 1930 τῷ

1998 1861 2208 1916 Patrem
2243 1873 2297 1918 et
2327 1865 2699 1919 universorum
2728 1866 2895 1920 Deum
2927 1867 3140 1931 referri,
3173 1882 3239 1919 an
3272 1869 3450 1936 potius
3486 1869 3556 1920 ad

330 1940 480 2012 Θεῷς
531 1945 638 1996 Καὶ
669 1944 784 2008 πῶς
820 1945 885 2001 ἂν
913 1946 997 2016 εἴη
1019 1946 1238 2001 δυνατὸν
1268 1949 1394 2019 περὶ
1425 1950 1519 2002 τοῦ
1549 1949 1624 2020 μὴ
1657 1950 1898 2020 ὑφεστῶ-

329 2049 418 2097 τος
445 2033 602 2102 λόγου
618 2035 868 2105 λέγεσθαι
889 2037 967 2102 τὸ,
996 2039 1371 2106 ’ἔμπροσθέν
1391 2058 1509 2109 μου
1531 2040 1735 2110 γέγονε
1759 2058 1777 2103 ;
1802 2043 1896 2106 Τίς

328 2123 374 2174 δ’
403 2123 545 2177 οὕτω
572 2126 783 2196 μανείη,
817 2127 890 2192 ὡς
946 2129 1163 2199 νομίσαι
1197 2130 1446 2200 Ἰωάννην
1477 2116 1567 2183 τὸν
1590 2131 1895 2203 Βαπτιστὴν

330 2215 459 2286 περὶ
474 2215 566 2267 τοῦ
584 2217 716 2270 Θεοῦ
733 2218 838 2273 τῶν
858 2219 993 2272 ὅλων
1008 2221 1283 2291 εἰρηκέναι
1299 2221 1766 2290 τὸ,”Εμπροσθέν
1777 2243 1894 2292 μου

329 2303 536 2373 γέγονε
555 2347 569 2370 ,
602 2309 696 2361 καὶ
738 2310 822 2363 ὅτι
876 2311 1102 2379 πρῶτός
1124 2330 1242 2382 μου
1266 2309 1378 2382 ﬁt»;
1406 2314 1609 2368 Οὐκοῦν
1632 2316 1896 2370 δέδεικται

330 2396 416 2448 διὰ
458 2399 660 2452 τούτων
716 2403 1079 2472 προῦπάρχων
1125 2404 1223 2474 τῆς
1273 2405 1513 2460 Ἰωάννου
1564 2408 1822 2475 γενέσεως
1867 2411 1896 2461 6

331 2489 765 2562 θεολογούμενος,
800 2495 894 2547 καὶ
951 2494 1254 2566 ἔμπροσθεν
1298 2497 1460 2550 αὐτοῦ
1503 2498 1739 2567 γεγονὼς
1783 2499 1893 2564 «90)

331 2582 558 2654 συνέστη
581 2602 638 2637 τε
670 2585 730 2638 οὐ
767 2587 924 2656 μόνον
961 2587 1130 2656 Λόγος
1149 2629 1162 2652 ,
1193 2588 1328 2642 ἀλλὰ
1365 2592 1454 2643 καί
1482 2590 1612 2654 Θεὸς
1637 2592 1728 2645 καὶ
1757 2592 1890 2659 φῶς.

329 2675 423 2728 καὶ
446 2677 771 2748 Μονογενὴς,
804 2679 909 2750 πρὸ
943 2679 1040 2750 τῆς
1080 2680 1342 2752 ὲνσάρκου
1385 2685 1683 2754 παρουσίας
1724 2685 1894 2757 ὑπάρ-

326 2783 437 2835 χων
464 2784 522 2819 τε
549 2769 642 2821 καὶ⁵
666 2769 1067 2841 ὠνομασμένος.
1095 2773 1309 2826 Τούτων
1342 2772 1397 2826 δὲ
1429 2774 1592 2828 πόθεν
1629 2776 1662 2834 ἡ
1697 2776 1892 2842 γνῶσις

326 2857 402 2927 τῷ
435 2858 806 2931 εὐαγγελιστῇ,
837 2862 995 2924 αὐτὸς
1033 2862 1259 2932 δηλώσει
1282 2863 1451 2930 λέγων
1483 2863 1640 2935 ἑξῆς,
1671 2869 1699 2918 6
1724 2867 1892 2918 Μονοο

327 2950 488 3022 γενὴς
519 2951 645 3015 Υἱὸς
679 2955 708 3005 6
729 2951 802 3005 ὢν
835 2955 914 3016 εἰς
936 2953 1024 3007 τὸν
1053 2954 1249 3007 κόλπον
1272 2954 1364 3008 τοῦ
1391 2955 1604 3026 Πατρὸς
1623 2996 1638 3019 ,
1687 2958 1893 3019 ἐκεῖνος

326 3040 646 3112 ἐξηγήσατο.
701 3045 862 3115 Ὁρᾷς
914 3043 1064 3115 παρὰ
1114 3045 1256 3109 τίνος
1299 3045 1580 3116 μεμάθηκε
1625 3046 1718 3099 τοῦ
1765 3048 1888 3100 Υίοῦ

327 3133 426 3203 τὴν
453 3131 743 3202 θεολογίαν.

2000 1955 2222 2008 verbum
2270 1955 2693 2010 involn‘ntarium
2734 1967 2787 2010 et
2826 1957 3122 2012 inexistens
3159 1958 3212 2010 in
3241 1958 3382 2024 Deo,
3415 1961 3556 2028 quod

1998 2061 2118 2100 eum
2136 2046 2245 2101 Deo
2275 2048 2412 2101 idem
2436 2047 2548 2102 sit?
2570 2048 2672 2102 Sed
2692 2049 2756 2102 de
2782 2050 2943 2104 verbo
2968 2066 3072 2105 non
3100 2049 3447 2115 subsistente,
3471 2063 3556 2104 est

1999 2135 2327 2205 impossibile
2349 2146 2410 2190 ut
2437 2137 2649 2191 dicatur
2689 2137 2820 2191 illud
2855 2155 2868 2191 :
2906 2139 3041 2192 Ante
3085 2156 3166 2194 me
3205 2139 3398 2207 fuerat.
3423 2139 3556 2206 Quis

1998 2231 2132 2281 adeo
2164 2228 2386 2283 insanus
2419 2238 2521 2292 est,
2555 2239 2611 2283 ut
2641 2229 2892 2297 opinetur
2919 2229 3214 2298 Baptistam
3250 2232 3314 2286 de
3335 2232 3554 2286 univer-

1998 2331 2178 2374 sorum
2224 2319 2335 2374 Deo
2387 2320 2574 2374 isthmc
2632 2334 2964 2388 usurpasse:
2997 2321 3129 2374 Erat
3168 2333 3289 2376 ante
3345 2339 3445 2385 me,
3500 2334 3554 2378 et

1997 2413 2142 2481 prius
2167 2427 2244 2464 me
2288 2412 2494 2481 genitus
2518 2422 2591 2466 est
2615 2413 2640 2465 ?
2677 2417 2734 2475 ﬁt
2765 2411 2900 2467 llinc
2930 2413 3097 2482 igitur
3123 2414 3554 2468 demonstratum

1997 2514 2104 2568 est,
2136 2519 2258 2557 eutn
2307 2504 2376 2557 de
2424 2504 2580 2568 cujus
2618 2501 2902 2558 divinitate
2935 2504 3134 2574 agitur,
3163 2512 3289 2558 ante
3315 2505 3552 2574 genitum

1995 2594 2255 2650 Joannem
2309 2594 2654 2650 substitisse:
2689 2604 2743 2649 et
2792 2596 2940 2664 prius
2980 2593 3069 2649 illo
3117 2596 3352 2664 genitum
3385 2596 3553 2650 exsti~

1949 2750 1955 2757 γ
1997 2685 2176 2740 tisse:
2215 2684 2306 2754 qui
2359 2698 2464 2738 non
2502 2684 2673 2738 solum
2723 2686 2878 2740 modo
2933 2683 3194 2751 Verbum,
3250 2685 3346 2740 sed
3391 2687 3552 2750 Deus,

1997 2776 2112 2842 lux,
2144 2775 2488 2846 Unigenitus,
2518 2785 2645 2829 ante
2672 2775 2959 2828 adventum
2989 2775 3040 2828 in
3070 2790 3235 2831 carne
3260 2785 3314 2831 et
3356 2786 3553 2831 eratet

1993 2868 2296 2922 dicebatur.
2360 2867 2512 2923 Unde
2569 2881 2697 2921 vero
2751 2866 2864 2921 hac
2913 2866 3153 2935 cognitio
3207 2866 3554 2935 evangelista:

1993 2959 2306 3021 accesserit,
2325 2958 2437 3028 ipse
2457 2974 2554 3014 nos
2581 2958 2794 3013 docebit
2819 2958 2871 3015 in
2896 2957 3272 3025 sequentibus,
3295 2956 3552 3026 Uuigeni-

1994 3057 2080 3100 tus
2120 3046 2310 3111 Filius,
2353 3049 2446 3117 qui
2476 3061 2595 3102 erat
2634 3050 2685 3102 in
2724 3048 2843 3102 sinu
2880 3047 3082 3110 Patris,
3108 3048 3222 3115 ipse
3249 3047 3548 3103 enarravit.

1997 3136 2154 3192 Vides
2181 3137 2339 3193 Verbi
2371 3139 2668 3193 divinitatis
2708 3139 2943 3192 rationes
2971 3137 3110 3192 unde
3131 3137 3340 3191 didicit.

397 3223 457 3276 ε’.
485 3223 691 3296 Οὺγὰρ
725 3227 926 3297 Μωσῆς
950 3244 1110 3296 φησιν
1135 3227 1266 3296 (9i),
1317 3229 1436 3282 οὐδὲ
1475 3230 1766 3300 προφητῶν
1809 3250 1889 3296 τις

2061 3227 2113 3283 5.
2153 3227 2271 3284 Non
2318 3229 2530 3300 Moyses
2576 3230 2670 3296 ait,
2707 3231 2800 3285 sed
2845 3243 2947 3284 nec
2986 3227 3363 3298 prophetarum
3405 3228 3555 3298 quis-

327 3313 434 3366 τῶν
464 3315 600 3384 μετὰ
626 3315 826 3368 Μωσέα
846 3332 858 3345 '
889 3314 1008 3367 οὐδέ
1033 3332 1096 3383 γε
1116 3316 1360 3384 ἀγγέλων
1385 3335 1487 3380 τις,
1516 3317 1547 3387 ἣ
1576 3319 1681 3371 τῶν
1717 3337 1893 3391 κρειτ-

327 3402 493 3457 τόνων
538 3405 818 3473 δυνάμεων
837 3444 850 3468 ,
883 3404 995 3457 ἀλλ’
1017 3405 1176 3468 αὐτὸς
1209 3407 1236 3458 6
1287 3409 1574 3477 μονογενὴς
1603 3408 1726 3471 Υἱὸς
1753 3411 1891 3463 τοῦτ’

325 3495 642 3566 ἐξηγήσατο.
669 3496 872 3570 Οὐκοῦν
915 3499 943 3551 ὁ
983 3497 1078 3568 μὲν
1120 3498 1345 3569 ἀόρατος
1385 3499 1515 3563 Θεὸς
1558 3499 1655 3553 οὑκ
1699 3500 1893 3572 ἐξηγή-

327 3603 490 3651 σατο,
527 3588 556 3640 6
601 3587 657 3640 δὲ
707 3589 995 3660 μονογενὴς
1035 3589 1160 3653 Υἱὸς
1207 3589 1397 3660 ὁρατὸς
1433 3590 1750 3660 γενόμενος,
1794 3593 1891 3662 τὴν

327 3679 566 3750 περὶτοῦ
596 3680 805 3750 Πατρδς
837 3679 1140 3751 ἀνθρώποις
1167 3681 1422 3750 ἐξήγησιν
1451 3682 1758 3751 ἐποιήσατο,
1787 3683 1893 3734 ἓτε-

329 3793 418 3847 ρος
461 3775 534 3828 ὢν
576 3775 774 3847 δηλαδὴ
821 3775 969 3847 παρὰ
997 3777 1086 3828 τὸν
1137 3776 1364 3845 ἀόρατον
1419 3775 1582 3829 Θεόν·
1624 3776 1760 3830 ἀλλὰ
1798 3778 1891 3830 καὶ

273 3911 284 3919 .
327 3868 691 3938 προῦπάρχων
719 3864 808 3939 ἦν,
844 3868 944 3920 οὐκ
987 3869 1044 3920 ἐν
1070 3870 1136 3939 τῇ
1185 3867 1389 3939 διανοίᾳ
1420 3867 1509 3919 τοῦ
1538 3867 1748 3940 Πατρὸς
1769 3907 1783 3931 ,
1817 3869 1890 3932 ὡς

327 3955 498 4009 ἐδόκει
526 3957 847 4028 Μαρκέλλῳ,
880 3957 994 4010 ἀλλ’
1018 3959 1074 4010 ἐν
1105 3960 1215 4021 τοῖς
1238 3956 1454 4020 κόλποις
1488 3947 1678 4021 αὑτοῦ,
1704 3957 1850 4011 ὥσπε
1859 3977 1890 4030 ρ

327 4047 440 4116 (92)
465 4048 528 4118 δὴ
557 4049 588 4118 ἡ
599 4051 687 4118 μίν
717 4047 1094 4119 ἐπήγγελταιό
1127 4048 1314 4120 Σωτὴρ
1336 4049 1415 4112 είς
1435 4047 1666 4113 κόλπους
1697 4049 1890 4120 Ἀϐρα-

327 4140 407 4210 ὰμ
432 4141 527 4193 καὶ
563 4139 746 4192 Ἰσαὰκ
771 4141 861 4192 καὶ
900 4137 1089 4194 Ἰακὼϐ
1117 4138 1608 4200 διαναπαύσασθαι.
1633 4138 1776 4193 οὕτω
1797 4141 1889 4193 καὶ

326 4233 354 4282 ὁ
386 4232 512 4294 Υἱὸς
539 4235 616 4295 είς
637 4232 726 4285 τὸν
755 4232 950 4285 κόλπον
978 4226 1044 4302 ἦν
1073 4229 1167 4283 τοῦ
1193 4231 1405 4302 Πατρὸς
1426 4271 1442 4298 ,
1471 4232 1568 4302 οὺχ
1614 4229 1695 4294 εἷς
1739 4233 1832 4285 καὶ
1861 4235 1889 4285 ὁ

327 4322 486 4385 αὐτὸς
525 4321 598 4375 ὢν
627 4323 702 4394 τῷ
741 4324 930 4395 Πατρὶ,
961 4323 1082 4374 ἐπεὶ
1115 4322 1246 4393 μηδὲ
1277 4323 1436 4392 ἡμεῖς
1461 4322 1615 4375 αὐτοὶ
1654 4323 1888 4394 ἐσόμεθα

327 4415 438 4476 τοῖς
461 4415 635 4482 ἁγίοις
675 4416 960 4484 πατράσιν.
1007 4413 1165 4466 ’Λλλὰ
1190 4413 1297 4485 γὰρ
1324 4414 1418 4466 ἐπὶ
1455 4413 1666 4478 τούτοις
1711 4416 1885 4486 τήρει,

327 4508 474 4568 ὅπως
495 4506 631 4576 μετὰ
646 4507 703 4558 τὸ
718 4505 861 4570 ἅπαξ
881 4507 1140 4576 ὀνομάσαι
1158 4505 1326 4574 Λόγον
1351 4505 1444 4559 καὶ
1458 4504 1587 4559 Θεὸν
1610 4506 1700 4559 τὸν
1725 4507 1884 4561 αὑτὸν

328 4599 589 4660 ἀνειπεῖν,
620 4598 713 4651 καὶ
738 4598 848 4667 φῶς
871 4597 1232 4661 ἀποκαλέσαι,
1265 4595 1360 4650 καὶ
1389 4596 1666 4667 Μονογενῆ
1694 4598 1879 4667 φάναι,

328 4691 420 4744 καὶ
445 4690 570 4742 Υἱὸν
595 4689 726 4742 Θεοῦ
770 4689 1126 4760 ὁμολογῆσαι,
1156 4691 1255 4744 οὐκ
1293 4690 1371 4744 ἔτι
1400 4688 1571 4757 Λόγον
1607 4689 1879 4760 ὀνομάζει,

325 4783 458 4837 ἀλλὰ
491 4783 584 4836 καὶ
614 4782 774 4836 αὐτὸν
802 4781 984 4835 λοιπὸν
1022 4784 1222 4852 ἱστορεῖ
1270 4781 1359 4835 τὸν
1392 4783 1653 4852 Σωτῆρα,
1688 4781 1746 4834 οὺ
1779 4781 1881 4832 A6-

325 4893 418 4942 γον
446 4874 636 4927 ἑαυτὸν
659 4872 1031 4927 ἀποκαλοῦντα
1054 4912 1069 4934 ,
1117 4873 1251 4927 ἀλλὰ
1285 4874 1412 4926 Υίδν
1441 4874 1535 4926 καὶ
1583 4873 1879 4941 Μονογενῆ,

327 4966 415 5018 καὶ
447 4967 577 5033 φῶς,
613 4967 704 5019 καὶ
730 4965 873 5037 ζωὴν
896 5004 910 5029 ,
955 4965 1048 5016 καὶ¹
1073 4963 1362 5034 ἀλήθειαν,
1397 4965 1490 5017 καὶ
1512 4962 1647 5017 ἄλλα
1683 4962 1880 5033 μυρία·

325 5057 510 5127 ὥσπερ
531 5056 624 5111 οὖν
647 5057 876 5111 ἀκοῦσαι
907 5059 1167 5132 πάρεστιν
1187 5057 1350 5110 αὐτοῦ
1377 5049 1478 5110 ὧδέ
1505 5072 1582 5127 πη
1603 5055 1883 5107 διδάσκον-

328 5162 414 5208 τος
435 5163 449 5176 ο
486 5148 645 5199 Οὕτω
665 5147 772 5215 γὰρ
798 5147 1110 5214 ἠγάπησεν
1125 5150 1157 5201 ό
1178 5145 1318 5213 Θεὸς
1341 5145 1447 5199 τὸν
1458 5145 1706 5213 κόσμον,
1727 5142 1882 5196 ὥστε

328 5238 433 5290 τὸν
477 5236 609 5290 Υἱὸν
632 5237 813 5290 αὑτοῦ
856 5237 958 5290 τὸν
978 5235 1274 5308 μονογενῆ
1311 5235 1534 5290 ἔδωκεν
1556 5274 1572 5298 ,
1606 5235 1707 5288 ἵνα
1764 5231 1881 5298 πᾶς

401 5425 461 5484 >14
487 5418 586 5474 Ed.
607 5416 803 5484 Parim,
834 5433 958 5489 pag.
981 5415 1071 5472 86.
1144 5417 1190 5448 “
1222 5415 1377 5472 Joan.
1407 5431 1504 5482 xu,
1531 5413 1622 5470 28.
1677 5413 1722 5446 ⁸³
1746 5411 1898 5468 Joan.
1933 5425 1973 5478 ι,

401 5660 613 5731 (88-89)
642 5658 806 5732 Vulgo
830 5660 1035 5732 πατρός
1057 5668 1110 5715 et
1141 5657 1273 5713 infra
1299 5655 1510 5726 πρῶτος
1541 5656 1704 5711 αὐτοῦ
1724 5651 1792 5728 ἦν
1828 5665 1884 5711 et

327 5735 419 5786 ἐπὶ
441 5732 690 5787 ἀκούσιον
714 5743 767 5786 et
789 5731 1032 5802 νομίσας.

398 5804 506 5874 (90)
536 5795 870 5872 Συνέστηκεν
897 5803 957 5854 οὐ
993 5801 1149 5872 vulgo
1181 5808 1233 5855 et
1260 5799 1353 5853 τοῦ
1386 5797 1513 5852 Υἱοῦ
1543 5795 1844 5870 θεολογίαν.

1993 3320 2136 3388 piam
2168 3329 2291 3389 post
2330 3319 2568 3391 Moysem
2594 3333 2609 3373 :
2634 3335 2738 3375 non
2770 3335 2800 3374 e
2843 3333 3068 3374 numero
3096 3317 3430 3387 angelorum,
3459 3330 3553 3371 aut

1992 3411 2303 3468 sublimium
2333 3412 2529 3481 aliquis
2556 3420 2880 3482 potestatum
2913 3427 2926 3464 :
2952 3411 3045 3465 sed
3086 3410 3200 3478 ipse
3227 3408 3395 3463 Filius
3423 3410 3549 3462 uni-

1992 3503 2226 3571 genitus,
2268 3504 2370 3557 hoc
2407 3503 2718 3557 enarrabat.
2775 3499 3098 3570 Unigenitus
3132 3499 3322 3562 Filius,
3368 3499 3548 3554 factus

1975 3593 2242 3656 visibilis,
2278 3596 2675 3647 enarrationem
2719 3593 2785 3646 de
2821 3591 2980 3645 Patre
3011 3590 3152 3660 apud
3196 3590 3440 3645 homines
3464 3592 3549 3644 in-

1991 3685 2250 3739 stituebat
2273 3685 2438 3749 alius,
2462 3698 2651 3752 nempe
2674 3683 2970 3745 exsistens,
3011 3682 3078 3737 ab
3105 3680 3360 3736 invisibili
3398 3680 3544 3735 Deo:

1990 3774 2084 3828 sed
2107 3785 2161 3829 et
2193 3775 2605 3841 praeexsistebat
2638 3772 2728 3828 ille
2763 3789 2893 3836 non,
2921 3771 3063 3841 quod
3093 3770 3343 3825 Marcello
3374 3771 3547 3824 visum

1990 3874 2092 3928 est,
2132 3864 2185 3918 in
2236 3875 2415 3920 mente
2454 3863 2665 3928 Patris;
2691 3863 2784 3918 sed
2827 3863 2881 3916 in
2927 3863 3048 3917 sinu
3089 3861 3246 3930 ejus:
3278 3863 3548 3932 quomodo

1990 3954 2241 4020 promisit
2291 3955 2548 4010 Servator
2605 3953 2777 4019 nobis,
2835 3968 2934 4008 nos
2984 3953 3038 4007 in
3079 3953 3200 4008 sinu
3247 3954 3544 4020 Abraham,

1992 4043 2158 4110 Isaac,
2190 4053 2244 4100 et
2273 4043 2440 4100 Jacob
2477 4044 2756 4114 quieturos
2787 4059 2803 4099 :
2835 4044 2910 4099 ita
2942 4052 2999 4100 et
3041 4043 3157 4113 ipse
3191 4053 3313 4098 erat
3344 4043 3396 4098 in
3425 4043 3545 4098 sinu

1990 4135 2187 4201 Patris,
2214 4151 2321 4192 non
2348 4152 2488 4192 unus
2524 4136 2772 4206 idemque
2797 4151 2917 4190 cum
2948 4150 3046 4192 suo
3073 4135 3252 4189 Patre.
3279 4134 3411 4189 Nam
3448 4151 3548 4191 nec

1991 4242 2088 4282 nos
2117 4227 2282 4283 futuri
2315 4242 2506 4282 sumus
2533 4227 2693 4284 iidem
2727 4243 2849 4282 cum
2891 4228 3094 4282 anctis
3137 4227 3243 4283 illis
3280 4228 3543 4297 patribus.

1989 4320 2095 4375 Sed
2125 4330 2181 4375 et
2223 4319 2351 4374 illud
2396 4320 2615 4391 insuper
2645 4320 3041 4376 observandum
3073 4321 3240 4383 venit,
3282 4319 3425 4388 quod
3457 4319 3547 4372 ubi

1987 4412 2152 4468 semel
2168 4411 2398 4468 Verbum
2417 4412 2814 4476 nominaverat,
2842 4410 3087 4467 eumdem
3114 4410 3278 4465 etiam
3302 4419 3356 4464 et
3380 4409 3547 4464 Deum

1986 4513 2042 4558 et
2068 4502 2242 4559 lucem
2279 4503 2435 4569 dixit,
2459 4514 2514 4559 et
2543 4503 2882 4572 Unigenitum
2914 4500 3222 4573 appellavit,
3258 4510 3313 4554 et
3351 4498 3544 4554 Filium

1987 4595 2082 4649 Dei
2112 4595 2418 4649 conﬁtetur.
2451 4592 2562 4650 Nec
2618 4595 2870 4663 deinceps
2905 4593 3055 4647 illum
3103 4590 3338 4646 Verbntn
3385 4605 3544 4644 usur-

1986 4699 2100 4758 pat,
2131 4690 2226 4744 sed
2255 4698 2308 4744 et
2339 4687 2678 4742 Servatorem
2705 4692 3110 4746 connnemorat,
3129 4683 3348 4750 insuper
3372 4681 3544 4748 ipsum

1989 4791 2046 4831 se
2077 4775 2346 4832 dicentem
2385 4792 2494 4832 non
2521 4775 2778 4839 Verbum,
2811 4775 2904 4828 sed
2945 4770 3140 4825 Filium
3184 4769 3542 4838 unigenitum,

1988 4867 2184 4936 lucem,
2219 4849 2407 4932 vitam,
2450 4866 2756 4928 veritatem,
2789 4873 2844 4918 et
2869 4869 3124 4917 sexcenta
3161 4861 3377 4929 quidem
3412 4860 3538 4914 alia.

1983 4959 2246 5015 Nimirum
2276 4959 2464 5014 audire
2491 4959 2619 5014 licet
2650 4959 2823 5028 ipsum
2863 4957 2943 5010 sic
2976 4956 3258 5009 docentem
3288 4969 3304 5006 :
3337 4951 3425 5006 Sic
3461 4955 3544 5005 di-

1985 5049 2113 5103 lexit
2158 5049 2298 5103 Deus
2341 5051 2613 5111 mundum,
2661 5057 2716 5099 ut
2760 5043 2959 5097 Filium
3006 5059 3159 5097 suum
3221 5043 3544 5111 unigenitum

1986 5147 2158 5205 daret,
2188 5150 2243 5194 ut
2270 5142 2436 5194 omnis
2465 5139 2553 5209 qui
2585 5138 2756 5192 credet
2803 5138 2857 5190 in
2890 5152 3005 5188 eum
3043 5151 3144 5188 non
3177 5147 3350 5200 pereat
3376 5135 3442 5187 ⁸⁸.
3479 5135 3544 5188 Et

1988 5234 2221 5289 iterum:
2251 5231 2430 5302 Neque
2475 5234 2612 5286 enim
2657 5233 2799 5286 misit
2860 5230 2999 5284 Deus
3053 5228 3251 5283 Filium
3302 5245 3454 5282 suum
3490 5230 3544 5283 in

2006 5411 2092 5477 15,
2127 5411 2209 5466 l6.
2283 5411 2328 5442 ⁸⁸
2359 5408 2512 5463 Joan.
2545 5409 2742 5474 m,16.

2056 5649 2157 5719 (91Δ
2172 5647 2332 5719 ’Ἀλλ
2347 5646 2500 5719 ρὺδὲ
2543 5645 2865 5716 προφητῶν
2918 5645 3178 5719 τιςηηωε
3218 5653 3301 5702 est
3331 5641 3539 5700 vet-ale

1988 5716 2112 5775 etin.
2140 5716 2282 5788 Μς-
2312 5717 2455 5788 (Ego,
2474 5719 2630 5773 codd.
2653 5729 2869 5774 secutus
2895 5732 3010 5774 sum
3037 5716 3056 5787 )

2056 5788 2165 5859 (92)
2207 5786 2481 5857 vulgate.
