4158 6390
600 380 698 437 sn
1345 353 1617 427 Bessan
1652 346 2132 424 casamc’nsts
2169 348 2320 422 ora.
2363 359 2545 418 mas
2579 358 2666 416 tv.
2704 387 2773 400 -
2809 355 3228 414 DOGMATICA.
3744 360 3852 415 επ

599 494 884 557 mundum,
923 498 979 542 ut
1001 487 1202 557 judicet
1237 484 1494 538 mundum
1513 482 1580 536 ⁸⁷.
1621 480 1685 534 Et
1715 481 1915 534 tertio:
1945 479 2048 544 Qui
2075 495 2178 531 non

2299 477 2316 530 ί
2371 475 2673 529 πιστεύων
2712 475 2800 541 είς
2828 472 3016 527 αὐτὸν
3050 470 3137 542 μὴ
3157 468 3474 539 ἀπόληται.
3504 470 3617 526 Καὶ
3648 471 3812 540 πάλιν
3830 489 3843 502 ·

601 584 794 646 credit,
817 582 934 648 jam
965 577 1242 646 judicatus
1289 584 1386 638 est,
1421 574 1545 643 quia
1575 587 1680 624 non
1711 570 1880 623 credit
1904 570 1960 623 iu
1989 583 2178 621 nomen

2299 569 2358 623 ὶὺ
2407 568 2518 638 γὰρ
2575 566 2936 622 ἀπέστειλεν
2981 566 3014 618 d
3077 563 3222 629 Θεὸς
3271 561 3380 616 τὸν
3432 562 3570 617 rw.-
3611 565 3699 630 εις
3744 563 3854 618 τὸν

602 672 864 744 unigeniti
915 667 1046 722 Filii
1076 665 1172 720 Dei
1195 665 1261 718 ⁸⁸.
1296 661 1373 718 lta
1412 663 1515 718 hoc
1543 660 1598 714 in
1625 660 1741 714 loco
1771 658 1964 712 iterum
1992 672 2008 710 :
2038 656 2179 710 Deus

2299 663 2532 729 ιόσμον,
2563 659 2666 713 ἵνα
2691 658 2865 728 κρίνῃ
2885 656 2993 710 τὸν
3020 657 3272 725 κόσμονε
3311 655 3420 709 Ka‘t
3452 651 3608 719 αὖθις
3629 676 3644 691 ·
3684 657 3739 709 '0
3784 656 3854 710 δὲ

604 764 748 818 dedit
779 771 826 814 et
845 759 987 812 misit
1013 753 1434 820 Fitium,mundi
1456 751 1830 813 Seruatorem;
1860 759 1915 804 et
1936 749 2028 819 qui
2064 750 2181 802 mit-

2299 753 2362 822 νὴ
2397 752 2700 806 πιστεύων
2744 748 2862 819 ἤδη
2892 748 3175 817 κέκριται,
3211 746 3302 800 ὄτι
3347 749 3420 800 οὐ
3454 750 3853 802 πεπίστευκεν

609 858 843 920 tebatur,
868 860 988 907 erat
1016 850 1238 908 omnino
1258 848 1395 902 alius
1419 863 1447 900 a
1471 846 1736 900 mittente.
1767 842 2028 910 Quocirca
2050 842 2179 896 mihi

606 948 824 1001 videtur
847 943 1104 998 Servator
1121 942 1174 996 in
1198 938 1570 1008 sequentibus,
1599 945 1854 1006 tanquam
1873 931 2180 988 Marcellum

607 1047 665 1094 et
705 1045 933 1094 caeteros
961 1037 1054 1105 qui
1112 1044 1320 1089 naturae
1339 1029 1458 1086 Filii
1505 1029 1764 1094 invident,
1807 1026 2185 1098 pronuntiasse

609 1133 755 1205 quod
781 1131 1040 1200 scriptum
1061 1137 1142 1183 ost
1166 1125 1385 1182 :Noune
1408 1127 1461 1179 in
1486 1124 1593 1192 leqe
1615 1135 1782 1178 vestra
1804 1123 2054 1189 scriptum
2074 1130 2182 1175 est:

617 1232 680 1293 ᾗ
715 1226 828 1296 Ego
872 1225 1006 1288 duri,
1039 1223 1114 1274 dii
1150 1221 1293 1274 estis.
1338 1217 1444 1273 Eos
1487 1219 1623 1272 dixit
1666 1217 1811 1278 deos,
1847 1216 1916 1269 ad
1943 1231 2073 1284 quos
2103 1214 2188 1283 [a-

612 1331 754 1374 ctum
775 1327 850 1372 est
875 1318 1082 1370 uerbum
1109 1314 1203 1367 Dei
1222 1327 1414 1382 :neque
1439 1311 1623 1380 poterit
1649 1307 1863 1362 dissolvi
1885 1300 2184 1376 Scriptura.

614 1410 779 1477 Quem
827 1407 989 1460 Pater
1021 1403 1392 1471 sanctiﬁcavit,
1426 1412 1473 1456 et
1522 1402 1577 1454 in
1621 1401 1873 1454 mundum
1907 1398 2070 1461 misit,
2097 1413 2188 1450 vos

613 1503 788 1556 dicitis
816 1515 835 1554 :
861 1501 1012 1564 Quod
1040 1496 1389 1565 blasphemas,
1417 1491 1663 1562 quoniam
1689 1491 1824 1555 dixi,
1843 1490 1981 1559 quod
2012 1487 2189 1542 Filius

613 1594 712 1650 Dei
739 1610 853 1647 sum
873 1592 943 1644 ⁸⁸.
968 1590 1206 1647 Audisne
1245 1587 1332 1640 hic
1378 1584 1588 1654 quoties
1625 1597 1684 1636 se
1717 1581 1973 1636 Servalor
2019 1581 2191 1634 nomi-

616 1695 708 1740 net
747 1699 855 1738 non
893 1679 1149 1744 Verbum,
1178 1678 1270 1732 sed
1311 1674 1506 1729 Filium
1551 1682 1607 1726 et
1636 1669 1980 1741 Unigenitum
2011 1686 2024 1722 :
2057 1685 2192 1738 qua-

2281 849 2368 912 είς
2409 844 2476 898 τὸ
2503 844 2692 913 ὄνομα
2739 840 2848 896 τοῦ
2918 839 3288 910 μονογενοῦς
3339 838 3474 893 Υίοῦ
3526 838 3631 892 τοῦ
3681 838 3848 893 Θεοῦ.

2282 938 2394 991 Καὶ
2450 935 2684 989 ἐνταῦθα
2744 933 2938 988 πάλινο
3000 929 3066 984 Ὃ
3128 930 3246 1000 μὲν
3298 930 3444 996 Θεὸς
3484 929 3686 984 ἐδίδου
3750 928 3847 982 καὶ

2283 1029 2622 1085 ἀπέστελλε
2664 1025 2772 1081 τὸν
2806 1025 2942 1080 Υἱὸν
2982 1023 3224 1092 Σωτῆρα
3267 1021 3375 1076 τοῦ
3418 1022 3650 1091 κόσμου
3672 1061 3687 1085 ,
3730 1021 3760 1074 6
3795 1022 3854 1077 δὲ

2284 1122 2639 1178 ἀπεστέλλετο
2699 1119 2887 1190 ἕτερος
2948 1117 3024 1171 ὢν
3085 1115 3306 1189 δηλαδὴ,
3355 1113 3508 1187 παρά
3575 1116 3666 1170 τὸν
3721 1116 3853 1171 ἀπο-

2286 1217 2592 1271 στέλλοντα.
2641 1215 2734 1268 Διό
2777 1231 2866 1286 μοι
2921 1211 3069 1266 δοκεῖ
3117 1211 3206 1265 διά
3260 1209 3366 1264 τῶν
3404 1209 3567 1280 ἑξῆς,
3605 1199 3682 1272 ὡς
3718 1208 3852 1281 πρὸς

2285 1305 2446 1362 αὑτὸν
2479 1305 2794 1377 Μάρκελλον
2823 1304 2912 1358 καὶ
2941 1293 3077 1374 πρὸς
3099 1303 3225 1366 τοὺς
3257 1301 3737 1372 διαφθονουμένους
3786 1305 3851 1373 τῇ

2286 1398 2380 1452 τοῦ
2408 1397 2537 1450 Υίοῦ
2568 1397 2726 1466 φύσει
2763 1394 3178 1466 ἀναγεγράφθαι
3219 1394 3381 1457 αὐτὸς
3415 1395 3444 1447 6
3472 1394 3662 1464 Σωτὴρ
3699 1395 3853 1465 ἡμῶν

2288 1488 2556 1562 εἰρηκώςο
2593 1490 2714 1542 Οὐκ
2750 1489 2883 1542 ἔστι
2911 1485 3313 1558 γεγραμμένον
3341 1486 3412 1539 ἐν
3442 1485 3524 1551 τῷ
3544 1473 3734 1554 νόμῳ,
3768 1485 3855 1539 ὅτι

2287 1583 2402 1653 ἐγὼ
2419 1578 2574 1636 εἶπαο
2605 1581 2738 1634 Θεοί
2767 1581 2903 1634 ἐστε
2922 1596 2937 1647 ι
2973 1579 3040 1633 El
3059 1579 3328 1644 ἐκείνους
3345 1569 3474 1632 εἷπε
3495 1577 3686 1644 θεοὺς,
3708 1577 3857 1646 πρὸς

2291 1673 2399 1738 οὓς
2421 1676 2455 1727 ό
2487 1673 2669 1744 λόγος
2691 1671 2927 1740 ἐγένετο
2945 1671 3053 1725 τοῦ
3077 1670 3245 1724 Θεοῦο
3273 1669 3370 1724 καὶ
3395 1671 3466 1724 οὐ
3487 1668 3732 1723 δύναται
3749 1672 3859 1724 λυ·-

616 1777 741 1832 liter
789 1787 912 1828 sese
949 1787 978 1825 a
1011 1769 1173 1824 Patre
1227 1765 1448 1820 missum
1496 1763 1685 1818 doceat
1723 1768 1824 1815 :et
1878 1759 2188 1828 priusquam

2299 1763 2467 1832 θῆναι
2489 1765 2527 1832 ἡ
2551 1763 2782 1833 Γραρή.
2803 1765 2905 1816 Ὃν
2925 1765 2958 1817 d
2977 1761 3180 1830 Πατὴρ
3202 1761 3436 1831 ήγιάσε,
3464 1760 3562 1815 καὶ
3585 1760 3850 1815 ἀπέστειο

617 1870 944 1929 mitteretur,
987 1859 1381 1917 sanctiﬁcatum
1415 1872 1430 1923 ;
1480 1865 1536 1909 et
1557 1853 2068 1923 ,quemadmodum,
2096 1865 2192 1904 eos

618 1959 707 2030 qui
740 1962 1034 2028 gravantur
1056 1949 1298 2006 confiteri
1330 1948 1506 2018 ipsum
1536 1945 1730 2001 Filium
1756 1955 1875 1998 esse
1898 1941 2015 2005 Dei,
2041 1956 2193 1994 aver-

617 2057 785 2114 setur,
812 2063 843 2102 e
873 2044 1069 2101 divinis
1100 2040 1399 2109 Scripturis
1432 2038 1652 2100 docens,
1681 2035 1822 2104 quod
1855 2047 1959 2087 non
1986 2040 2190 2086 tantum

621 2141 716 2194 ﬁlii
755 2139 868 2203 Dei,
922 2137 1019 2192 sed
1051 2133 1213 2189 etiam
1249 2131 1320 2186 dii
1364 2128 1618 2184 mortales
1648 2126 1892 2182 homines
1921 2122 2193 2194 appellen-

624 2242 714 2288 tur
746 2249 760 2286 :
794 2239 852 2286 ut
892 2229 1111 2283 minime
1145 2225 1463 2292 blaspheme
1488 2220 1691 2274 dictum
1720 2219 2002 2281 habeatur,
2026 2217 2197 2270 conli-

626 2323 730 2378 teri
763 2321 912 2376 illum
936 2317 1120 2380 simul,
1144 2326 1200 2370 et
1229 2313 1320 2369 Dei
1347 2305 1566 2375 Filium,
1593 2320 1649 2364 et
1685 2308 1876 2370 Deum,
1913 2321 2071 2375 quem
2095 2304 2197 2359 Pa-

623 2425 710 2472 ter
743 2409 1102 2467 sanctiﬁcavit
1131 2417 1186 2461 et
1213 2407 1265 2460 in
1304 2404 1560 2458 mundum
1585 2400 1752 2455 misit.
1783 2399 1921 2465 Quid
1951 2413 2082 2467 ergo
2108 2396 2196 2450 ille

621 2505 954 2577 patiebatur,
983 2501 1072 2570 qui
1101 2508 1224 2570 post
1254 2498 1415 2551 hasce
1444 2508 1604 2548 voces
1624 2507 1789 2547 ausus
1823 2500 1907 2545 est
1931 2488 2194 2544 exsertim

623 2597 826 2662 dicere,
852 2593 1090 2650 Verbum
1115 2605 1238 2645 esse
1263 2587 1435 2653 illum,
1454 2600 1557 2640 nec
1586 2593 1844 2655 praetcrea
1869 2582 2193 2654 quidquam:

623 2696 787 2755 atque
825 2684 894 2740 ob
921 2698 1040 2739 eam
1076 2695 1296 2736 causam
1339 2679 1411 2732 ita
1459 2676 1685 2731 totidem
1723 2675 1904 2729 verbis
1934 2673 2194 2734 scribere,

625 2776 718 2849 μ’..
743 2775 913 2830 XXIV
951 2773 1074 2829 coll.
1119 2789 1172 2843 p.
1201 2769 1294 2843 ω]
1327 2788 1347 2822 ι
1386 2767 1506 2824 Non
1545 2767 1785 2822 nominat
1825 2781 1948 2821 eum
1983 2764 2072 2820 Dei
2108 2763 2198 2819 Fi-

629 2883 652 2919 s
697 2866 830 2920 lium
865 2880 881 2919 :
909 2867 1004 2920 sed
1026 2862 1222 2932 ubique
1238 2860 1431 2915 Filium
1456 2859 1687 2913 hominis
1713 2858 1902 2926 seipse
1932 2855 2196 2926 appellat,

631 2975 652 3009 ι
697 2967 756 3011 ιιι
783 2957 863 3012 sic
894 2971 990 3024 per
1022 2952 1324 3009 istiusmodi
1350 2949 1772 3012 confessionem,
1792 2949 2068 3004 hominem
2101 2965 2200 3002 na-

630 3069 652 3103 s
699 3049 943 3104 turaliter
961 3048 1332 3109 exsisteutem,
1369 3044 1462 3099 Dei
1507 3043 1699 3098 Filium
1740 3040 1936 3096 factum
1979 3055 2202 3110 persua-

2291 1859 2401 1910 νῑεν
2416 1859 2501 1922 εὶς
2517 1856 2624 1909 τὸν
2643 1848 2891 1925 κόσμον,
2913 1855 3082 1924 ὑμεῖς
3099 1854 3324 1925 λέγετε,
3347 1853 3437 1907 ὅτι
3453 1853 3858 1922 βλασφημεῖς,

2293 1949 2380 2002 ὅτι
2402 1935 2592 2012 εἶπον,
2615 1947 2746 2012 Υἱὸς
2778 1946 2884 2000 τοῦ
2917 1945 3066 2000 Θεοῦ
3105 1947 3242 2015 είμι.
3268 1943 3509 2009 Ἀκούεις
3533 1944 3722 2006 ὁσάκις
3746 1942 3860 2014 (95)

2293 2041 2389 2093 αὐτ
2396 2040 2453 2103 ὸς
2467 2043 2494 2093 6
2509 2038 2696 2112 Σωτὴρ
2711 2037 2904 2092 ἑαυτὸν
2923 2040 2982 2092 οὐ
2997 2039 3185 2107 Λόγον,
3199 2037 3335 2091 ἀλλά
3351 2037 3479 2090 Υίὸν
3493 2031 3758 2110 ὠνόμασε,
3772 2033 3864 2089 καὶ

2293 2126 2569 2203 Μονογενῆ
2606 2135 2921 2204 προσεῖπεν·
2939 2131 3086 2193 ὅπως
3115 2129 3171 2182 δὲ
3195 2129 3528 2183 ἀπεστάλθαι
3548 2129 3756 2191 ἑαυτὸν,
3771 2128 3866 2180 καὶ

2294 2222 2550 2294 ήγιάσθαι
2579 2223 2684 2294 πρὸ
2709 2223 2805 2276 τοῦ
2827 2221 3195 2293 ἀποσταλῆναι
3228 2220 3332 2273 ὑπὸ
3359 2220 3452 2274 τοῦ
3470 2215 3678 2292 [ἰατρὸς
3694 2220 3864 2274 ἐδίδαδ

2297 2324 2416 2376 σκε,
2453 2314 2546 2368 καὶ
2561 2315 2636 2378 ὼς
2656 2315 2784 2378 τοὺς
2799 2313 3090 2376 ὀκνοῦντας
3113 2314 3240 2367 Υἱὸν
3265 2313 3426 2368 αὐτὸν
3451 2313 3729 2384 ὁμολογεῖν
3769 2313 3865 2366 τοῦ

2295 2405 2430 2460 Θεοῦ
2452 2407 2708 2473 δυσωπεῖ,
2738 2406 3003 2460 διδάσκων
3029 2407 3092 2459 ὲκ
3114 2408 3212 2478 τῆς
3238 2402 3388 2470 θείας
3425 2406 3647 2478 Γραφῆς
3665 2444 3681 2470 ,
3702 2405 3777 2469 ὡς
3803 2406 3864 2458 οὓ

2301 2499 2459 2569 μόνον
2476 2498 2584 2551 υίοὶ
2598 2497 2755 2563 Θεοῦ,
2771 2496 2907 2550 ἀλλά
2921 2497 3014 2550 καὶ
3033 2495 3144 2551 θεοὶ
3171 2497 3353 2567 θνητοὶ
3366 2497 3462 2570 τὴν
3493 2497 3652 2567 φῦσιν
3677 2497 3866 2569 ἄνδρες

2297 2597 2604 2670 ἐκλήθησαν
2624 2614 2638 2628 ·
2669 2597 2750 2652 διὸ
2772 2599 2844 2670 μὴ
2887 2599 3084 2669 χρῆναι
3112 2595 3352 2667 νομίζειν
3391 2593 3705 2666 βλάσφημον
3729 2589 3867 2647 εἶναι

2297 2690 2359 2743 τὸ
2408 2691 2504 2744 καὶ
2544 2690 2673 2744 Υἱδν
2718 2689 2852 2744 Θεοῦ
2901 2689 2995 2743 καὶ
3029 2687 3160 2742 Θεὸν
3199 2687 3480 2759 ὁμολογεῖν
3519 2687 3577 2739 6v
3617 2688 3646 2739 6
3679 2684 3867 2756 Πατὴρ

2299 2782 2495 2852 ἡγίασε
2520 2783 2615 2836 καὶ
2641 2781 2955 2836 ἀπέστειλεν
2981 2781 3059 2846 είς
3085 2779 3176 2834 τὸν
3220 2777 3442 2850 κόσμον.
3481 2777 3545 2830 Τί
3577 2773 3670 2831 οὖν
3703 2777 3870 2848 ἐχρῆν

2299 2875 2492 2929 παθεῖν
2541 2874 2632 2928 τὸν
2679 2874 2814 2946 μετά
2861 2872 2960 2938 τὰς
2993 2871 3257 2936 τοσαύτας
3305 2870 3488 2940 φωνὰς
3521 2870 3869 2941 τολμήσαντα

2303 2963 2490 3034 φάναι,
2510 2962 2618 3034 (94)
2637 2980 2656 3012 ι
2691 2963 2810 3017 ὅλον
2833 2958 2971 3016 εἶναι
2999 2963 3182 3026 αὐτὸν,
3199 2961 3295 3015 καὶ
3323 2960 3473 3014 οὐδὲν
3493 2959 3699 3029 ἕτερον,
3729 2977 3747 3010 ι
3779 2959 3872 3012 αὑ-

2301 3056 2504 3122 τολεξεί
2537 3072 2598 3109 τε
2623 3055 2899 3126 εἰρηκότα,
2937 3074 2956 3106 ι
2987 3055 3079 3109 καὶ
3104 3054 3193 3109 διὰ
3217 3053 3404 3115 τοῦτο,
3432 3053 3530 3122 οὐχ
3560 3053 3688 3106 Υίδν
3732 3050 3869 3105 Θεοῦ

633 3164 666 3198 ι.
701 3146 846 3212 deat,
889 3157 987 3212 per
1030 3138 1335 3208 hujusmodi
1366 3153 1486 3194 cum
1518 3136 1626 3191 Deo
1667 3134 2124 3190 communionem.
2168 3151 2187 3184 ι

2311 3166 2329 3200 ι
2363 3147 2523 3201 αὐτὸν
2541 3143 2812 3216 ὀνομάζει,
2835 3144 2969 3199 ἀλλὰ
2994 3143 3267 3215 πανταχοῦ
3293 3144 3419 3196 Υίὸν
3445 3141 3729 3214 ἀνθρώπου
3751 3143 3873 3194 ἑαυε

626 3234 756 3292 Huic
784 3251 906 3291 cum
965 3234 1215 3288 dicantur
1261 3245 1292 3284 a
1328 3228 1604 3294 Marcello,
1660 3227 1829 3284 miror
1869 3239 1970 3295 ego
2004 3224 2198 3294 quibus

2308 3258 2326 3292 ι
2359 3239 2450 3292 τὸν
2481 3238 2646 3306 λέγει,
2683 3239 2772 3291 ἵνα
2802 3236 2891 3289 διὰ
2917 3237 3017 3306 τῆς
3042 3235 3293 3307 τοιαύτης
3321 3234 3604 3306 ὁμολογίας
3637 3233 3746 3304 (95)
3782 3232 3872 3286 06-

627 3330 800 3387 oculis
854 3338 1052 3384 contra
1109 3323 1250 3380 tueri
1276 3361 1292 3391 ,
1323 3323 1545 3392 quibus
1588 3318 1792 3374 labellis
1832 3318 2203 3372 contradicere

628 3433 710 3479 tot
741 3423 938 3476 audeat
979 3416 1321 3474 testimoniis.
1350 3415 1488 3481 Quin
1534 3422 1589 3467 et
1627 3412 1819 3466 ducem
1871 3425 1992 3466 esse
2030 3411 2202 3480 ipsum

627 3529 688 3569 se
709 3512 970 3566 Servator
1013 3509 1089 3562 ait
1116 3516 1478 3576 congruenter
1508 3503 1575 3558 iis
1611 3518 1731 3572 qua:
1775 3505 1840 3556 de
1901 3503 2020 3556 luce
2079 3509 2206 3556 sunt

628 3604 908 3674 praedicta,
935 3599 1069 3672 Ego,
1105 3601 1378 3670 inquiens.
1413 3614 1527 3651 sum
1555 3597 1650 3650 tua:
1690 3594 1872 3650 mundi
1889 3596 1956 3649 '°.
2006 3597 2071 3650 Et
2105 3598 2206 3649 ite-

629 3709 748 3750 rum
781 3709 794 3745 :
827 3691 938 3762 Ego
967 3707 1084 3744 sum
1116 3689 1230 3753 lux,
1259 3697 1307 3742 et
1334 3688 1547 3749 ueritas,
1565 3697 1612 3739 et
1641 3687 1747 3740 vita
1766 3685 1834 3738 ⁹¹.
1855 3684 1920 3739 Et
1949 3686 2202 3740 demum:

631 3785 748 3839 Lua=
785 3784 920 3838 venit
951 3783 1006 3836 iu
1036 3782 1310 3844 mundum,
1350 3791 1399 3834 et
1429 3781 1724 3833 dilexerunt
1756 3778 1990 3832 homines
2039 3780 2206 3848 magis

632 3876 871 3931 tenebras
892 3892 1050 3946 quam
1078 3875 1246 3927 lucem
1270 3876 1337 3926 ⁸⁸.
1356 3871 1507 3939 Quod
1533 3872 1578 3926 si
1611 3871 1734 3940 quis
1757 3871 2075 3940 interroget,
2105 3887 2208 3924 uu-

631 3971 699 4022 de
751 3966 994 4031 advenit,
1041 3963 1389 4034 respondebit
1441 3963 1486 4016 is
1523 3961 1613 4031 qui
1661 3961 1844 4028 dixit,
1879 3958 1980 4026 Qui
2020 3962 2208 4014 desur-

634 4073 750 4111 sum
793 4057 924 4110 veuit
973 4071 1128 4124 super
1179 4069 1357 4106 omnes
1397 4065 1469 4106 est
1500 4052 1570 4118 ⁸⁸,
1605 4063 1659 4106 et
1695 4051 1799 4117 Qui
1839 4053 1902 4106 de
1952 4051 2079 4106 εωιο
2122 4067 2210 4106 ue-

637 4147 736 4212 rtit,
760 4145 899 4213 quod
935 4145 1081 4205 uidit,
1107 4155 1154 4197 et
1181 4144 1400 4208 audivit,
1444 4145 1774 4211 testiﬁcatur.
1800 4143 1847 4176 ³⁸
1876 4143 2008 4210 Quis
2030 4155 2211 4197 autem

638 4237 863 4292 eratille
897 4227 988 4306 qui
1019 4237 1085 4291 de
1115 4235 1253 4291 coelo
1282 4235 1478 4290 venit?
1520 4233 1657 4289 Num
1706 4250 1810 4289 non
1852 4249 1980 4290 caro
2001 4275 2015 4298 ,
2051 4248 2212 4302 quam

641 4329 933 4398 assumpsit
977 4327 1282 4382 Servator?
1339 4325 1725 4397 Nequaquam,
1772 4329 1865 4382 sed
1910 4327 2024 4396 ipse
2076 4333 2212 4389 erat,

639 4435 832 4491 nempe
857 4421 946 4474 lux
967 4420 1404 4489 Verbum,atque
1430 4420 1590 4483 Deus,
1616 4417 1938 4489 Unigeuitus
1973 4418 2210 4473 existens

2308 3349 2328 3384 ι
2358 3346 2440 3383 σει
2483 3328 2575 3382 τὸν
2605 3327 2890 3398 ἄνθρωπον
2911 3367 2928 3392 ,
2956 3325 3044 3380 διὰ
3092 3326 3192 3398 τῆς
3220 3324 3355 3395 πρὸς
3381 3323 3541 3377 αὐτὸν
3567 3323 3872 3385 κοινωνίας,

2309 3440 2328 3473 ι
2355 3419 2486 3473 Υἱὸν
2531 3418 2666 3471 Θεοῦ
2712 3416 2965 3486 γενέσθαι
3015 3415 3430 3488 παρασκευάσῃ.
3465 3431 3486 3466 s
3536 3413 3722 3466 Ταῦτα
3764 3412 3874 3482 γὰρ

2302 3510 2620 3585 Μάρκελλος
2660 3507 2828 3562 εἰπὼν
2851 3548 2865 3573 ,
2895 3508 2994 3561 οὐκ
3032 3504 3128 3561 οἷδ’
3159 3507 3306 3570 ὅπως
3335 3506 3540 3568 ὁποίοις
3577 3503 3876 3574 ὀφθαλμοῖς

2302 3598 2414 3665 οἷός
2444 3618 2504 3654 τε
2542 3597 2609 3672 ἦν
2635 3597 2973 3653 ἀντιϐλέπειν
2991 3637 3006 3662 ,
3036 3597 3070 3668 ἦ
3106 3597 3278 3660 ποίοις
3323 3596 3554 3667 χείλεσιν
3583 3595 3875 3664 ἀντιφθέγ-

2303 3693 2516 3762 γεσθαι,
2542 3693 2664 3754 ταῖς
2691 3688 2981 3751 τοσαύταις
3015 3687 3360 3759 μαρτυρίαις.
3401 3688 3512 3740 Ka‘t
3543 3685 3658 3755 φῶς
3690 3685 3746 3737 δὲ
3773 3685 3874 3738 αὐ-

2303 3787 2394 3840 τὸν
2423 3782 2609 3838 εἶναιὸ
2636 3782 2824 3855 Σωτὴρ
2851 3782 3110 3853 παρίστη,
3139 3779 3443 3852 συμφώνως
3472 3782 3585 3843 τοῖς
3615 3777 3742 3848 περὶ
3779 3777 3875 3832 τοῦ

2306 3875 2483 3945 φωτὸς
2512 3871 2925 3944 προαποδοθεῖσι
2951 3912 2966 3935 ,
2990 3870 3162 3938 λέγων
3181 3909 3197 3933 ,
3215 3869 3358 3939 Ἐγώ
3388 3871 3505 3938 ειμι
3536 3867 3600 3921 τὸ
3627 3867 3752 3937 φῶς
3767 3867 3876 3921 τοῦ

2307 3967 2557 4035 κόσμου.
2580 3963 2689 4017 Καὶ
2702 3963 2886 4017 πάλινο
2902 3960 3042 4032 Ἐγώ
3059 3965 3175 4031 εἰμι
3193 3962 3256 4015 τὸ
3273 3959 3416 4031 φῶς,
3435 3961 3533 4014 καί
3549 3961 3589 4029 ἠ
3603 3959 3875 4027 ἀλήθεια,

2307 4059 2406 4112 καὶ
2427 4059 2464 4126 ἠ
2484 4056 2617 4126 ζωή.
2639 4057 2746 4110 Kal.
2771 4051 2925 4118 αὖθις
2943 4069 2957 4084 ·
2978 4055 3099 4108 Ὅτι
3119 4053 3184 4107 τὸ
3204 4052 3331 4123 φῶς
3351 4053 3648 4119 ἐλήλυθεν
3669 4054 3755 4118 είς
3769 4050 3878 4105 τὸν

2309 4150 2558 4218 κόσμον,
2601 4145 2700 4201 καί
2739 4146 3066 4217 ἠγάπησαν
3109 4148 3164 4199 οἱ
3203 4144 3498 4212 ἄνθρωποι
3525 4141 3765 4214 μᾶλλον
3811 4143 3878 4196 τὸ

2311 4239 2531 4304 σκότος
2560 4238 2598 4306 ἣ
2625 4236 2691 4290 τὸ
2715 4237 2858 4306 φῶς.
2892 4237 3000 4290 Καὶ
3031 4235 3086 4288 εἴ
3107 4235 3171 4304 γέ
3203 4251 3286 4299 τις
3312 4234 3518 4305 ἔροιτο,
3554 4233 3718 4286 πόθεν
3747 4231 3876 4302 itif;—

2313 4329 2491 4394 λυθεν,
2525 4332 2900 4402 ἀποκρινεῖται
2921 4332 2950 4382 6
2982 4328 3169 4393 εἰπὼν,
3214 4329 3269 4382 '0
3299 4329 3518 4383 ἀνωθεν
3533 4327 3876 4397 ἐρχόμενος,

2314 4423 2513 4477 ἐπάνω
2544 4422 2785 4477 πάντων
2801 4423 3000 4486 ἐστὶν,
3031 4423 3145 4486 καὶ,
3190 4422 3255 4476 '0
3281 4423 3349 4476 ὲκ
3376 4422 3482 4477 τοῦ
3499 4420 3755 4494 οὐρανοῦ
3787 4422 3877 4490 ἐρ-

639 4521 694 4568 et
724 4512 915 4569 Filius.
955 4513 1004 4567 Is
1029 4512 1117 4566 illa
1149 4513 1331 4566 omnia
1365 4527 1485 4582 qua:
1507 4512 1659 4577 vidit,
1687 4521 1742 4566 et
1767 4510 1993 4576 audivit,
2021 4513 2198 4565 teStill-

2309 4517 2581 4586 χόμενος,
2619 4517 2652 4570 ὃ
2684 4515 2904 4586 ἑώρακε
2935 4514 3034 4570 καί
3061 4515 3321 4584 ἤκουσε,
3346 4517 3650 4586 μαρτυρεῖ.
3696 4518 3792 4583 Τίς
3832 4520 3878 4572 δ’

641 4613 816 4661 catur.
849 4607 930 4661 Au
958 4606 1163 4659 audivit
1186 4605 1300 4659 haec
1322 4613 1376 4658 et
1409 4605 1563 4670 vidit,
1580 4620 1713 4659 cum
1746 4605 1798 4657 in
1839 4603 2000 4658 ter-ris
2026 4618 2208 4658 versa-

641 4697 839 4752 retur?
870 4695 1006 4761 Non,
1032 4697 1126 4752 sed
1157 4697 1326 4768 prius.
1365 4695 1435 4750 At
1469 4711 1714 4765 quaenam
1752 4695 1839 4750 illa
1886 4705 2062 4762 erant,
2089 4711 2208 4766 quae

641 4797 699 4842 ct
722 4788 874 4853 vidit,
899 4789 1000 4843 nisi
1032 4789 1194 4844 Pater
1220 4789 1244 4842 ?
1278 4788 1448 4856 Quem
1499 4787 1587 4842 ille
1617 4788 1843 4853 audivit,
1884 4797 2080 4858 praeter
2107 4787 2213 4842 Pa-

643 4879 817 4934 trem?
847 4879 996 4934 Adeo
1017 4890 1196 4935 autem
1219 4880 1571 4950 semetipsum
1596 4878 1833 4935 Verbum
1869 4894 2210 4950 nequaquam

643 4971 1062 5042 signiﬁcativum
1084 4987 1204 5028 esse
1228 4973 1505 5044 professus
1535 4981 1640 5038 est,
1675 4979 1734 5037 ᾖ(
1759 4974 1853 5027 sed
1869 4972 2062 5028 Filium
2087 4987 2210 5028 vere

645 5064 825 5118 vivum
883 5077 938 5119 et
984 5066 1409 5136 subsistentem,
1443 5078 1502 5124 ut
1546 5070 1620 5124 ita
1656 5068 1820 5123 fuerit
1863 5067 2208 5138 prolocutus,

647 5154 809 5210 Pater
825 5157 994 5230 diligit
1025 5155 1313 5226 Filium,et
1343 5162 1520 5215 omnia
1543 5160 1759 5215 tradidit
1781 5160 1837 5213 in
1863 5175 2023 5213 manu
2051 5163 2162 5229 ejus
2187 5176 2201 5214 :

647 5248 735 5315 qui
764 5251 923 5303 credit
958 5251 1013 5303 in
1047 5247 1270 5317 Filium,
1299 5253 1455 5306 vitam
1489 5253 1644 5308 habet
1681 5260 1935 5308 (sternam
1972 5252 2044 5304 ⁸⁵.
2070 5253 2208 5307 Cre-

2307 4605 2376 4681 ἦν
2404 4610 2432 4661 6
2462 4609 2750 4680 ἐρχόμενος
2772 4610 2836 4660 ὲκ
2855 4605 2950 4661 τοῦ
2972 4607 3238 4679 οὐρανοῦ;
3271 4609 3419 4678 Μήτι
3443 4626 3506 4677 γε
3549 4610 3582 4681 ἠ
3620 4610 3776 4682 σὰρξ,
3809 4613 3879 4684 ἢν

2309 4701 2596 4772 ἀνείληφεν
2619 4704 2648 4754 6
2676 4700 2867 4770 Σωτήρ
2893 4715 2907 4764 ;
2939 4699 3222 4770 Οὐδαμῶς,
3261 4699 3378 4754 ἀλλ’
3413 4701 3574 4766 αὐτὸς
3615 4703 3876 4773 δηλονότι,

2307 4795 2368 4848 τὸ
2391 4794 2524 4864 φῶς,
2558 4793 2654 4846 καὶ
2680 4795 2709 4846 6
2743 4793 2915 4860 Λόγος
2936 4832 2951 4858 ,
2984 4793 3076 4846 καὶ
3103 4794 3132 4845 6
3161 4791 3293 4856 Θεὸς
3313 4831 3329 4858 ,
3357 4794 3452 4847 καὶ
3485 4795 3514 4847 ὁ
3545 4796 3876 4868 Μονογενὴς,

2309 4886 2406 4942 καὶ
2439 4887 2468 4940 ὁ
2500 4886 2649 4950 Υἱὸς,
2671 4884 2831 4948 αὐτὸς
2865 4883 2939 4937 ὣν
2955 4885 3126 4938 ταῦτα
3164 4884 3358 4940 πάντα.
3408 4887 3476 4939 Ἃ
3519 4885 3732 4958 ἑώρακε
3768 4889 3880 4941 τοί-

2310 4996 2404 5034 νυν
2433 4971 2587 5042 οῦτος
2609 4977 2704 5031 καὶ
2727 4976 2764 5030 ἃ.
2787 4976 3010 5048 ἢκουσε,
3048 4976 3209 5048 φησὶ,
3243 4980 3525 5050 μαρτυρεῖ.
3557 4980 3764 5035 Οὐκοῦν
3784 4981 3880 5033 καὶ

2309 5067 2456 5140 ἑώρα
2482 5069 2576 5122 καὶ
2596 5067 2796 5137 ἤκουσε
2835 5066 2964 5136 πρὶν
3006 5067 3098 5118 ἐπὶ
3126 5065 3229 5136 γῆς
3269 5067 3459 5120 ἐλθεῖν.
3488 5065 3620 5121 Τίνα
3644 5067 3702 5122 δὲ
3731 5067 3879 5138 ἐώρα

2315 5159 2425 5232 (96)
2457 5161 2491 5232 ἢ
2526 5161 2618 5214 τὸν
2649 5158 2898 5230 Πατέρα;
2926 5155 3082 5220 Τίνος
3108 5156 3166 5210 δὲ
3191 5159 3420 5230 ἤκουσεν
3454 5159 3488 5230 ἢ
3512 5158 3606 5212 τοῦ
3630 5159 3877 5231 Πατρὸςς

2314 5252 2458 5308 οὕτω
2497 5253 2556 5307 δὲ
2591 5251 2784 5306 ἑαυτὸν
2803 5289 2820 5316 ,
2856 5249 2916 5303 οὑ
2955 5249 3126 5321 Λόγον
3167 5251 3497 5322 σημαντικὸν
3515 5285 3532 5318 ,
3574 5251 3708 5307 ἀλλά
3751 5251 3880 5306 Υἱὸν

721 5401 1142 5481 inmaturis"
1175 5419 1296 5474 pag.
1328 5404 1426 5481 _8_7.
1496 5405 1551 5481 '1
1568 5405 1725 5481 toan.
1749 5421 1834 5481 tu,
1867 5405 1956 5481 i'i.
1991 5404 2198 5481 __.;.Albi_t

2299 5406 2384 5481 8._
2411 5407 2475 5481 ξ’
2508 5408 2672 5481 Joan.
2698 5428 2766 5476 κ,
2797 5407 2990 5472 ὅι-ὅϐ.
3059 5415 3108 5450 ⁸ο
3136 5413 3290 5473 Joan.
3329 5428 3444 5481 vtu,
3478 5413 3568 5471 12.
3642 5412 3690 5447 ⁹¹
3717 5410 3878 5471 Josn.

649 5484 739 5525 xvi
790 5471 842 5525 6.
922 5472 969 5504 "
1017 5470 1190 5529 Joauf
1215 5470 1295 5546 ιιῖ,
1320 5476 1408 5536 19.

722 5668 1032 5754 (Q5)“Yttlgo
1063 5687 1173 5728 om.
1204 5675 1364 5742 αὐτός
1387 5694 1402 5746 ;
1429 5693 1549 5736 mox
1593 5675 1750 5752 vulgo
1807 5678 2124 5754 ἀπεστάλθη
2148 5690 2204 5740 et

637 5741 680 5795 Θ
695 5741 785 5796 εοῦ
816 5741 977 5807 Υἱός.

721 5813 832 5885 (94)
867 5811 972 5886 Mp.
1001 5813 1073 5868 ῐσ.
1100 5813 1271 5885 λόγον.

1507 5477 1554 5511 οι
1588 5469 1840 5535 unum.
1914 5472 2126 5532 “Ibid.
2174 5477 2264 5535 52.
2339 5479 2540 5536 "Ibid.
2593 5469 2806 5550 35,56.

2383 5685 2495 5760 (ἓξ)
2522 5686 2628 5760 Ην.
2655 5705 2726 5743 ισ.
2762 5690 2942 5760 φύσει.

2383 5756 2493 5828 (96)
2523 5756 2691 5833 γυιδυ
2714 5756 2826 5816 καί.
