4158 6390
426 405 532 460 875
1366 406 1455 460 DE
1494 407 1949 464 ECCLESIASTJ

2066 412 2456 470 TllEOLOGlA
2495 417 2622 472 LIB.
2666 418 2708 473 1.
3551 433 3655 490 874

422 517 640 591 ἀληθῶς
692 514 871 580 ζῶντα
935 518 1030 571 καὶ
1083 515 1368 586 ὑφεστῶτα
1428 518 1730 584 ἐδίδασκεν,
1773 520 1848 584 ὡς
1907 521 1949 574 λε

2049 532 2068 582 ι
2096 523 2272 576 dimus
2301 524 2502 592 itaque,
2526 527 2668 595 quod
2720 527 2911 584 Filium
2963 548 3118 587 suum
3153 535 3294 592 Deus
3328 553 3446 593 cum
3470 541 3659 613 dilige-

423 630 540 681 γειν
560 653 575 675 ,
609 611 674 666 Ὅ
693 613 896 682 Πατὴρ
932 609 1135 682 ἀγαπᾷ
1159 611 1267 665 τὸν
1314 612 1448 666 Υἰόν
1475 612 1573 665 καὶ
1603 612 1797 667 πάντα
1818 614 1949 668 δέδιε

2099 624 2179 666 ret
2207 613 2386 679 Pater,
2415 618 2598 671 omnia
2627 618 2729 687 ipsi
2777 621 2828 674 in
2859 638 3050 679 manus
3084 627 3324 682 tradidit.
3365 632 3658 688 Attenden-

425 722 530 758 κεν
557 701 635 756 ἐν
673 703 748 773 τῇ
781 705 932 774 χειρί
984 705 1200 759 αὐτοῦ·
1233 707 1267 758 ό
1314 705 1612 758 πιστεύων
1638 705 1750 774 (97)
1777 708 1862 772 είς
1886 707 1949 760 τὸ

2092 703 2214 757 dum
2254 717 2337 760 est
2380 721 2541 775 porro
2585 710 2774 764 sedulo
2813 713 2878 766 ad
2912 714 3063 780 illud,
3101 721 3300 783 omnia,
3337 733 3520 791 utpote
3547 742 3658 797 qun

434 797 576 849 Υὶὸν
605 795 730 863 ἔχει
760 793 915 864 ’ζωὴν
956 797 1212 850 αἰώνιον.
1267 796 1615 866 Πιστεύωμεν
1654 798 1863 863 τοίνυν,
1907 800 1949 851 ὅτ

2092 809 2270 848 rerum
2301 799 2539 853 omnium
2575 803 2939 860 subsistentia.-
2973 812 3498 880 comprehenduntur
3524 837 3536 871 :
3558 837 3669 873 uin--

422 887 514 940 τὸν
536 888 662 941 Υἰὸν
690 887 918 956 ἀγαπῶν
937 887 1172 960 ὁΠατὴρ
1203 887 1378 940 πάντα
1396 887 1622 942 δέδωκεν
1654 891 1712 942 ἐν
1749 893 1814 960 τῇ
1847 909 1949 962 χειε

2089 885 2153 941 de
2195 895 2251 941 et
2292 887 2478 944 videre
2515 891 2784 961 quispiam
2843 909 3024 964 posset
3077 904 3498 971 magnitudinem
3548 927 3646 979 po-

421 979 606 1032 αὑτοῦ.
655 979 952 1050 Ἐπιμελῶς
977 979 1033 1033 δὲ
1063 980 1389 1050 προσεκτέον
1420 978 1499 1050 τῷ
1519 980 1715 1033 πάντα
1744 981 1846 1051 τῆς
1878 984 1949 1035 τῶ

2089 976 2268 1030 tentia:
2300 977 2420 1032 Filii
2465 983 2592 1048 Dei;
2622 984 2746 1037 dum
2786 991 3068 1058 recogitet,
3110 1007 3367 1062 quantam
3409 976 3654 1070 qualem-

422 1072 690 1143 γεννητῶν
730 1072 1010 1144 ὑπάρξεως
1037 1072 1292 1126 ἁπάντων
1317 1072 1696 1144 περιληπτικῷ
1736 1074 1848 1126 ὄντι
1874 1115 1887 1137 ,
1916 1076 1944 1129 δ

2084 1083 2187 1134 que
2211 1068 2262 1123 in
2307 1087 2523 1127 manum
2591 1077 2786 1131 tradita
2833 1081 2902 1135 sit
2939 1099 2967 1136 a
3013 1083 3176 1143 Patre
3215 1105 3394 1146 rerum
3434 1096 3653 1152 univer-

415 1157 478 1217 οὗ
508 1164 570 1218 τὸ
605 1164 828 1235 μέγεθος
855 1165 952 1234 τῆς
971 1163 1066 1218 τοῦ
1093 1164 1222 1218 Υίοῦ
1256 1166 1350 1218 τοῦ
1379 1165 1513 1218 Θεοῦ
1547 1165 1846 1236 δυνάμεως,
1885 1166 1949 1218 ἴδε

2081 1173 2260 1213 sarum
2293 1162 2659 1219 subsistentia.
2695 1167 2751 1222 Si
2800 1187 3048 1241 magnum
3106 1179 3176 1232 sit
3222 1181 3418 1238 ccelum
3461 1197 3515 1240 et
3549 1188 3650 1245 hoc

414 1253 480 1306 ἄν
506 1271 608 1317 τις,
643 1256 900 1326 ἐννοήσας
923 1256 1023 1326 ὅσῃ
1058 1257 1151 1308 καὶ
1182 1256 1344 1328 ὁποίᾳ
1381 1257 1524 1327 χειρὶ
1566 1258 1712 1328 παρὰ
1744 1258 1836 1312 τοῦ
1872 1261 1949 1312 Πα

2083 1249 2410 1317 universum,
2436 1266 2582 1312 certe
2614 1273 2733 1326 qua!
2760 1277 2918 1330 supra
2949 1275 3074 1320 sunt
3099 1269 3197 1322 ista
3220 1274 3392 1328 oculis
3421 1291 3650 1347 usurpa-

410 1346 537 1416 τρὸς
568 1347 886 1400 ὑπεδέδεκτο
919 1347 1016 1418 τὴν
1064 1348 1170 1400 τῶν
1219 1347 1386 1401 ὄντων
1425 1350 1678 1407 ἁπάντων
1725 1350 1949 1424 ὓπαρξιν

2082 1349 2152 1405 ta,
2180 1341 2231 1394 in
2262 1347 2620 1412 potestatibus
2643 1352 2992 1410 subsistentia
3020 1358 3375 1431 incorporeis,
3403 1369 3646 1423 incorru-

409 1437 473 1488 Εί
501 1437 608 1506 γὰρ
640 1435 703 1507 δὴ
733 1436 900 1506 μέγας
930 1437 958 1488 6
1004 1436 1225 1506 σύμπας
1267 1437 1492 1506 οὐρανός
1530 1456 1586 1490 τε
1630 1439 1720 1492 καὶ
1754 1439 1949 1511 κόσμος

2078 1435 2378 1502 ptibilibus,
2414 1438 2840 1511 intelligibilibus
2867 1458 2922 1502 et
2959 1451 3179 1518 divinis,
3219 1456 3388 1512 multo
3425 1462 3641 1529 quidem

408 1527 502 1579 καί
543 1527 748 1580 τούτων
790 1527 869 1579 έτι
938 1527 1136 1600 μακρῷ
1189 1526 1469 1597 κρείττονα
1517 1529 1610 1583 καὶ
1658 1530 1949 1601 διαφέροντι

2079 1526 2226 1580 hisce
2272 1539 2397 1584 sunt
2424 1531 2732 1602 majora,et
2763 1539 2829 1592 ab
2879 1541 2996 1596 istis
3042 1544 3198 1616 longe
3241 1526 3642 1620 discrepantia:

405 1616 660 1685 τυγχάνει
704 1616 773 1669 τὰ
818 1617 1071 1670 ἐπέκεινα
1094 1618 1200 1670 τῶν
1241 1618 1532 1688 ὁρωμένων
1575 1622 1634 1672 ἐν
1665 1621 1949 1692 ἀσωμάτοι.

2073 1631 2244 1687 eique
2273 1621 2340 1676 ab
2369 1622 2488 1679 istis
2516 1627 2792 1697 universa,
2818 1648 2938 1702 qua:
2970 1651 3093 1690 cum
3121 1649 3337 1707 captum
3365 1653 3644 1702 transcen-

407 1709 499 1760 καὶ
531 1707 844 1776 ἁφθάρτοις,
871 1711 1082 1780 νοεραῑς
1103 1725 1163 1762 τε
1186 1711 1280 1764 καὶ
1312 1710 1486 1774 Θείαις
1520 1711 1802 1780 ὑφεστῶτα
1823 1713 1949 1768 δυνά

2073 1708 2200 1763 dant
2253 1723 2514 1779 nostrum,
2549 1729 2786 1775 nostram
2822 1737 3039 1794 quoque
3089 1728 3643 1804 refugiuntcognitio-

408 1815 554 1868 μεσι,
600 1799 774 1852 πάντα
815 1817 876 1853 τε
921 1800 1021 1853 ὅσα
1067 1800 1158 1855 τὸν
1206 1802 1473 1874 ἡμέτερον
1533 1804 1949 1876 διαδιδράσκοντες

2073 1815 2217 1854 nem.
2248 1802 2348 1858 Ista
2395 1809 2572 1862 omnia
2604 1820 2658 1866 et
2705 1813 2909 1884 singula
2949 1832 3069 1872 cum
3121 1823 3278 1877 unica
3314 1824 3402 1878 illa
3449 1843 3644 1888 Itianuz

403 1866 546 1951 νοῦν,
573 1889 671 1958 τὴν
696 1889 967 1961 ἡμετέραν
1008 1891 1208 1958 γνῶσιν
1229 1866 1490 1946 ’λανθάνει
1511 1909 1524 1923 ·
1556 1866 1759 1948 τούτων
1799 1898 1949 1950 ἁπάν

2074 1891 2194 1947 Filii
2231 1893 2324 1949 Dei
2369 1899 2630 1970 unigeniti
2673 1866 3061 1975 apprehendat,
3096 1917 3351 1981 potentia:
3388 1933 3498 1973 sua:
3529 1923 3639 1976 vir»

403 1995 507 2030 των
549 1978 646 2048 μία
675 1978 767 2032 τοῦ
797 1980 1132 2048 Μονογενοῦς
1175 1982 1301 2035 Υἱοῦ
1341 1983 1434 2036 τοῦ
1483 1985 1616 2038 Θεοῦ
1655 1988 1774 2057 χεὶρ
1812 2006 1949 2059 περι·

2074 1993 2261 2052 tutem,
2287 2000 2502 2043 omnem
2532 1995 2956 2062 magnitudinem
2976 1978 3336 2074 supergressa:
3362 2011 3636 2078 patefacit.

401 2067 752 2140 δραττομένη,
783 2070 880 2140 τῆς
907 2071 1366 2142 άπειρομεγέθους
1385 2075 1546 2128 αὑτοῦ
1568 2077 1851 2148 δυνάμεως
1871 2081 1968 2152 τὴν

401 2161 597 2232 ἀρετὴν
631 2161 998 2216 ἐπιδείκνυται
1035 2163 1166 2235 (98).
1205 2166 1269 2219 "0
1293 2165 1354 2239 δὴ
1371 2167 1464 2221 καὶ
1499 2168 1565 2220 δι’
1589 2169 1780 2241 ἐτέρας
1809 2171 1967 2226 πάλιν

401 2254 562 2314 αὐτὸς
614 2255 642 2306 6
693 2253 819 2319 Υἱὸς
865 2256 1101 2328 παρίστη
1139 2258 1343 2328 φωνῆς,
1391 2258 1595 2327 λέγων.
1642 2261 1842 2316 Πάντα
1863 2281 1966 2332 μοι

397 2345 696 2414 ,παρεδόθη
732 2346 850 2400 ὑπὸ
901 2347 1004 2400 τοῦ
1059 2349 1291 2416 Πατρός
1332 2367 1472 2418 μου.
1522 2346 1656 2414 Εἶθ’,
1679 2351 1756 2416 ὡς
1811 2354 1965 2423 ἡμῶν

400 2435 744 2508 ἀπορούντων
767 2477 781 2502 ,
803 2438 888 2501 τίς
924 2439 1044 2491 ποτ’
1074 2434 1163 2510 ἦν,
1195 2439 1289 2493 καὶ
1336 2443 1365 2492 6
1398 2441 1626 2512 πηλίκος
1645 2482 1660 2506 ,
1694 2444 1723 2494 6
1750 2443 1847 2514 τὴν
1877 2463 1964 2498 τοο

398 2526 598 2598 σαύτην
616 2528 1078 2602 παρακαταθήκην
1093 2530 1532 2602 ὑποδεδεγμένος,
1554 2533 1650 2601 Μὴ
1667 2532 1839 2602 ζήτει,
1862 2553 1965 2608 φη-

399 2619 473 2684 cl,
484 2619 626 2689 μηδ’
660 2620 862 2689 ἐρώτα.
907 2622 982 2674 Οὑ
1013 2621 1119 2693 γὰρ
1147 2621 1260 2692 ἔχει
1293 2623 1453 2692 φύσιν
1481 2624 1785 2696 ἀνθρώποις
1824 2645 1962 2697 γνω-

394 2711 672 2782 ρίζεσθαι,
716 2712 829 2766 ἀλλ’
871 2713 990 2767 οὐδὲ
1033 2718 1153 2778 ταῖς
1207 2717 1476 2786 κρείττοσι
1521 2718 1616 2772 καὶ
1667 2719 1962 2791 θειοτέραις

393 2803 682 2874 δυνάμεσιν
709 2805 742 2874 ἡ
770 2804 1004 2876 ἀκριϐὴς
1030 2806 1123 2860 τοῦ
1171 2807 1299 2860 Υίοῦ
1341 2808 1432 2860 τοῦ
1464 2809 1597 2862 Θεοῦ
1637 2812 1955 2883 κατάληψις.

389 2895 481 2948 Διὸ
527 2897 830 2966 προφήσας.
875 2895 1077 2950 Πάντα
1100 2915 1200 2966 μοι
1228 2898 1525 2968 παρεδόθη
1558 2901 1677 2955 ὑπὸ
1698 2902 1806 2956 τοῦ
1841 2907 1958 2958 Πα-

388 2986 526 3052 τρός
536 3003 675 3054 μου,
704 2988 948 3058 ἐπήγαγε
971 3005 984 3018 ·
1034 2987 1145 3041 Καὶ
1185 2989 1384 3055 οὐδεὶς
1434 2988 1541 3061 (99)
1582 2989 1954 3061 ἐπιγινώσκει

388 3076 495 3130 τὸν
521 3077 681 3142 Υίὸν,
695 3081 744 3131 εὶ
754 3077 840 3147 μὴ
857 3082 890 3132 ὀ
904 3078 1122 3147 Πατήρ.
1147 3080 1458 3148 Σεσιγάσθω
1472 3082 1648 3135 τοίνυν
1670 3085 1777 3146 πᾶς
1792 3084 1955 3156 ἀπόρ-

2070 2073 2219 2141 Qnod
2263 2077 2459 2147 ipsum,
2490 2089 2545 2135 et
2574 2098 2671 2150 per
2704 2086 2863 2141 aliam
2910 2104 3064 2145 suam
3097 2073 3284 2150 vocem
3314 2073 3517 2156 indicat
3548 2103 3638 2158 Fi-

2068 2163 2170 2221 lius
2209 2169 2294 2220 ubi
2346 2169 2613 2239 loquitur,
2659 2173 2847 2230 Omni’a
2870 2181 2996 2234 mihi
3024 2185 3217 2238 tradita
3245 2198 3366 2243 sunt
3407 2209 3441 2246 α
3479 2193 3638 2250 Patre

2068 2273 2178 2312 meo
2205 2260 2270 2312 ⁸⁸.
2293 2260 2492 2318 Deinde
2519 2279 2583 2320 ac
2611 2266 2656 2321 si
2689 2284 2785 2324 nos
2813 2271 2863 2325 in
2889 2273 3094 2331 incerto
3125 2277 3637 2356 lnereremus,quis-

2067 2364 2188 2402 nam
2226 2351 2313 2406 ille
2353 2365 2518 2420 esset,
2551 2367 2606 2410 et
2647 2360 2846 2428 qualis,
2881 2367 2972 2435 qui
3004 2367 3308 2436 depositum
3353 2351 3634 2446 receperat

2064 2439 2404 2510 istiusmodi,
2462 2445 2680 2514 Nolito,
2756 2453 2869 2519 ait,
2946 2474 3181 2527 quaerere
3253 2477 3345 2517 nec
3405 2439 3633 2526 int-erro-

2060 2547 2186 2600 gare
2211 2536 2366 2605 quis?
2418 2536 2538 2595 Non
2590 2553 2675 2598 est
2715 2548 2859 2603 enim
2917 2551 3006 2605 ille
3047 2554 3169 2609 talis
3223 2559 3313 2626 qui
3350 2560 3418 2615 ab
3453 2564 3631 2621 homi-

2064 2625 2220 2679 nibus
2253 2630 2422 2695 possit
2447 2638 2833 2703 comprehendi
2864 2660 2876 2695 :
2911 2644 3019 2700 imo
3061 2663 3129 2704 ne
3152 2625 3366 2719 quidem
3389 2658 3630 2726 perfecte

2063 2714 2286 2786 intelligi
2317 2727 2497 2787 potest
2545 2721 2614 2776 ab
2644 2724 2839 2794 illisce,
2870 2746 2991 2799 quae
3025 2714 3448 2811 sunt-superne,
3475 2757 3629 2816 pote-

2061 2805 2293 2861 statibus
2329 2825 2344 2874 ;
2376 2824 2496 2864 cum
2547 2812 2619 2868 sit
2657 2814 2827 2873 Filius
2873 2819 2989 2875 Dei.
3037 2805 3303 2892 Quocirca
3344 2805 3627 2904 postquam

2057 2898 2464 2965 enuntiaverat,
2501 2901 2696 2958 Omnia
2729 2910 2859 2962 mihi
2906 2912 3035 2967 data
3076 2931 3195 2972 sum
3228 2939 3261 2975 a
3286 2898 3452 2979 Patre
3482 2898 3625 2995 meo,

2057 2982 2274 3043 intulit:
2307 2988 2374 3044 Et
2420 3008 2570 3047 nemo
2614 2999 2753 3050 nouit
2798 2998 3020 3070 Filium,
3053 3010 3155 3063 nisi
3200 3011 3365 3068 Pater
3386 3018 3452 3070 ’⁷.
3483 2982 3628 3086 Quo:

2055 3077 2198 3133 circa
2239 3081 2456 3140 silentio
2497 3086 2803 3145 involvatur
2834 3098 3012 3152 omnis
3043 3100 3109 3154 de
3138 3101 3276 3158 Filio
3309 3107 3400 3162 Dei
3442 3125 3624 3165 sermo

390 3169 551 3238 ρητος
589 3169 714 3240 περὶ
753 3169 846 3222 τοῦ
886 3169 1016 3222 Υίοῦ
1047 3169 1141 3223 τοῦ
1178 3170 1310 3224 Θεοῦ
1335 3173 1538 3240 Λόγος,
1567 3176 1660 3228 καὶ
1698 3175 1844 3245 μόνῳ
1869 3176 1948 3248 τῷ

2053 3172 2141 3238 qui
2164 3181 2247 3226 est
2280 3173 2676 3244 inenarrabilis,
2706 3190 2760 3236 et
2791 3184 2891 3238 soli
2927 3188 3042 3258 ejus
3087 3189 3232 3247 Patri
3274 3203 3624 3256 commende-

387 3259 559 3330 ﬂatpl
575 3258 1002 3330 παραδεδόσθωή
1021 3261 1116 3331 τῆς
1146 3261 1205 3327 ἐξ
1232 3262 1394 3316 αὑτοῦ
1411 3265 1672 3332 γενέσεως
1692 3267 1854 3320 αὑτοῦ
1875 3269 1952 3340 (ἐ)

386 3350 584 3419 γνῶσις
604 3391 618 3414 ,
657 3351 788 3422 μηδὲ
824 3354 1131 3424 περαιτέρω
1155 3372 1236 3418 τις
1258 3355 1434 3426 ζητῶν
1469 3359 1714 3428 χωρείτω
1739 3360 1952 3429 φύσεως

387 3441 514 3513 πέρι
531 3443 624 3495 καὶ
638 3444 823 3507 οὑσίας
839 3445 1168 3516 ἀπορρήτου.
1193 3447 1343 3518 Μόνη
1365 3446 1421 3500 δὲ
1439 3448 1568 3518 ἡμῖν
1585 3450 1618 3519 ἡ
1639 3452 1802 3504 αὐτοῦ
1824 3455 1951 3524 περὶ

383 3533 550 3586 αὑτοῦ
576 3533 888 3588 διδασκαλία
917 3539 982 3606 τῇ
1012 3537 1111 3606 τῆς
1135 3537 1367 3600 πίστεως
1388 3537 1719 3608 βεδαιούσθω
1743 3542 1945 3614 χάριτι,

381 3623 567 3692 σαφῶς
592 3625 766 3680 πάντα
783 3625 929 3696 αὐτῷ
948 3626 1052 3679 ὑπὸ
1070 3625 1162 3679 τοῦ
1179 3626 1386 3698 Πατρὸς
1410 3629 1801 3697 παραδεδόσθαι
1825 3651 1946 3686 παι-

377 3716 622 3770 δεύουσα.
658 3715 865 3770 Οὑκοῦν
902 3717 931 3768 6
971 3717 1067 3786 μὲν
1081 3717 1208 3780 Θεὸς
1238 3716 1406 3770 ἐδίδου
1428 3720 1521 3772 καὶ
1538 3723 1824 3792 παρεδίδου
1850 3727 1942 3778 ἐπὶ

383 3805 659 3874 βελτιώσει
681 3807 776 3860 καὶ
801 3806 1037 3878 ὠφελείᾳ
1053 3845 1068 3869 ,
1091 3804 1178 3858 οἷα
1199 3806 1408 3878 Σωτῆρι
1432 3811 1524 3863 καὶ
1547 3812 1714 3883 ἰατρῷ
1735 3814 1828 3867 καὶ
1852 3833 1945 3868 κυ-

376 3895 608 3968 ϐερνήτῃ
654 3897 763 3951 τῶν
811 3897 946 3950 ὅλων
992 3898 1091 3968 τὴν
1130 3899 1428 3970 παράδοσιν
1449 3901 1796 3972 ποιούμενος·
1839 3907 1942 3960 ὁδὲ

376 3987 504 4052 Υίὺς
535 3988 824 4058 ἐλάμϐανε,
863 3990 956 4042 καὶ
1000 3985 1090 4043 οἷα
1126 3989 1314 4052 πιστὸς
1348 3992 1810 4063 παραθηκοφύλαξ
1842 3997 1941 4067 τὴν

373 4080 518 4134 δόσιν
535 4081 786 4151 ὑπείχετο
809 4081 908 4150 (2),
929 4082 1026 4152 οὑχ
1045 4081 1120 4146 ὡς
1137 4082 1307 4154 Λόγος
1333 4084 1583 4155 ἀνούσιος
1610 4087 1702 4140 καὶ
1733 4087 1937 4142 ἀνυπό-

375 4190 587 4237 στατος,
606 4174 721 4227 ἀλλ’
753 4175 828 4238 ὡς
860 4174 1074 4245 ἀληθῶς
1092 4175 1218 4240 Υἱὸς
1250 4174 1325 4230 ὢν
1351 4178 1658 4248 Μονογενὴς
1683 4179 1777 4232 καὶ
1799 4181 1938 4250 ἀγα-

371 4265 544 4336 πητὸς
575 4264 669 4318 τοῦ
700 4265 934 4337 Πατρός.

2056 3269 2142 3314 tur
2181 3262 2326 3319 illius
2370 3267 2436 3323 de
2476 3269 2657 3340 seipso
2691 3278 3059 3342 generationis
3093 3286 3282 3343 modus
3331 3298 3386 3344 et
3427 3292 3622 3347 intelli-

2053 3354 2231 3420 gentia
2269 3371 2285 3407 :
2323 3370 2421 3412 nec
2449 3359 2802 3428 disquirendo
2830 3369 3098 3438 quispiam
3129 3380 3507 3446 progrediatur
3541 3384 3623 3436 ulc

2053 3443 2248 3511 terius,
2284 3447 2336 3499 in
2381 3457 2574 3504 natura
2609 3461 2662 3506 et
2692 3457 2994 3514 substantia
3036 3443 3402 3524 inenarrabili.
3449 3472 3621 3541 Ipsius

2050 3542 2229 3586 autem
2262 3536 2327 3590 de
2379 3539 2557 3608 seipso
2589 3541 2836 3601 doctrina
2883 3549 3222 3609 solummodo
3260 3573 3356 3626 per
3389 3563 3617 3630 gratiam

2048 3640 2168 3694 quae
2195 3642 2259 3682 ex
2290 3628 2402 3686 fide
2424 3644 2508 3688 est
2532 3637 2809 3708 obsignata
2855 3654 3070 3699 maneat
3102 3663 3259 3714 :qua:
3289 3628 3471 3707 omnia
3497 3656 3620 3724 qui-

2048 3717 2166 3771 dem
2209 3719 2306 3787 ipsi
2348 3725 2545 3780 tradita
2593 3745 2622 3781 a
2675 3729 2835 3787 Patre
2873 3747 2974 3789 suo
3009 3736 3295 3794 manifeste
3327 3717 3616 3800 admodum.

2047 3825 2144 3865 nos
2175 3813 2350 3869 docet.
2381 3817 2536 3874 Dedit
2577 3835 2707 3892 ergo
2733 3823 2875 3880 Deus
2908 3835 3072 3896 atque
3103 3832 3323 3887 tradidit
3353 3834 3617 3902 illi‘,hanc

2047 3904 2390 3962 traditionem
2444 3925 2619 3982 suam,
2649 3914 2716 3969 ad
2756 3919 3188 3976 emendationem
3217 3934 3270 3978 et
3310 3927 3613 3994 profectum

2045 3996 2438 4068 universitatis,
2464 4013 2720 4075 tanquam
2755 4009 3057 4077 Servatori,
3085 4015 3315 4080 medico,
3343 4020 3616 4088 guberna-

2047 4090 2146 4143 tori
2169 4093 2431 4148 omnium.
2468 4103 2526 4162 >14
2558 4099 2728 4156 Filius
2749 4115 2814 4156 ea
2846 4105 3071 4175 recepit,
3097 4116 3152 4162 et
3183 4120 3438 4180 tanquam
3476 4114 3614 4168 fidus

2043 4183 2310 4254 quispiam
2333 4186 2561 4258 depositi
2589 4204 2768 4250 custos
2791 4196 3003 4265 idonum
3048 4199 3176 4255 illud
3210 4206 3350 4273 apud
3380 4221 3438 4260 se
3471 4207 3614 4261 deti-

2039 4276 2188 4344 nuit,
2231 4293 2335 4333 non
2385 4290 2443 4335 ut
2469 4284 2701 4341 Verbum
2764 4289 3124 4349 insubsisteus
3179 4304 3234 4350 et
3299 4297 3604 4352 substantia

370 4371 579 4422 carens,
609 4356 702 4411 sed
737 4366 988 4426 tanquam
1018 4357 1083 4422 is,
1115 4339 1234 4427 'qui
1260 4373 1386 4416 vere
1407 4375 1529 4416 cum
1577 4363 1650 4417 sit
1685 4362 1852 4418 Filius
1873 4402 1888 4428 ,
1921 4357 2228 4436 unigenitus
2266 4381 2322 4426 et
2364 4373 2590 4432 dilectus
2627 4377 2795 4446 Patri,
2837 4382 2903 4436 ad
2936 4383 3076 4451 haec,
3109 4389 3456 4457 semetipsum
3495 4391 3609 4460 ipse

368 4449 664 4503 nominavit
689 4462 877 4519 panem
905 4451 1046 4513 vitae,
1072 4450 1316 4520 inquiens
1348 4468 1363 4506 :

437 4542 506 4606 ζ’.
541 4543 662 4595 Ἔτι
706 4544 840 4614 πρὸς
880 4543 1087 4608 τούτοις
1120 4547 1213 4599 καὶ
1255 4547 1415 4616 ἄρτον
1459 4548 1556 4618 τῆς
1599 4549 1741 4620 ζωῆς
1774 4549 1932 4615 αὐτὸς
1963 4557 2008 4612 D

367 4633 557 4688 ἑαυτὸν
575 4633 842 4705 ὠνόμαζε,
864 4635 1034 4704 λέγων
1053 4653 1066 4666 ·
1103 4635 1242 4706 Ἐγώ
1256 4639 1371 4706 ειμι
1387 4641 1418 4691 ὀ
1435 4637 1610 4706 ἄρτος
1628 4639 1737 4707 τῆς
1755 4640 1922 4708 ζωῆς.

375 4725 515 4797 Ἐγώ
545 4729 662 4797 ειμι
695 4729 728 4782 d
754 4726 931 4795 ἄρτος
962 4731 995 4782 ό
1020 4727 1150 4796 ζῶν,
1181 4731 1214 4783 d
1243 4729 1312 4783 ἐκ
1337 4731 1444 4785 τοῦ
1468 4731 1725 4799 οὐρανοῦ
1753 4749 1928 4785 κατα-

362 4815 486 4883 ϐάς.
539 4817 648 4869 Καὶ
701 4816 850 4880 ὅπως
899 4817 1111 4888 ὑπῆρχε
1161 4815 1288 4882 ζῶν,
1331 4817 1574 4888 διεσάφει
1622 4820 1924 4891 τρανὸτατα

358 4907 646 4981 διαρθρῶν,
675 4912 733 4964 ὲν
765 4903 844 4972 οἷς
877 4927 1030 4980 φησι,
1062 4909 1268 4975 Καθὼς
1299 4909 1615 4965 ἀπέστειλέ
1640 4929 1718 4980 με
1757 4915 1790 4966 ὁ
1817 4911 1928 4974 ζῶν

356 4999 580 5067 Πατὴρ,
620 5000 780 5069 κάγὼ
809 4999 881 5061 ζῶ
917 5000 1014 5055 διὰ
1038 5001 1143 5054 τόν
1172 5001 1420 5070 Πατέρα.
1456 5002 1565 5056 Καὶ
1604 5003 1664 5056 Ὀ
1695 5003 1927 5072 τρώγων

350 5107 446 5159 με,
474 5091 747 5158 κάκεῖνος
773 5090 937 5157 ζήσει
969 5091 1042 5146 δι’
1069 5091 1190 5162 ἐμέ.
1225 5091 1394 5145 Τοῦτο
1425 5092 1480 5146 δὲ
1506 5092 1599 5146 καὶ
1629 5095 1688 5147 ὲν
1721 5095 1927 5166 ἑτέροις

355 5179 590 5244 ἐδίδαξεν
621 5181 790 5235 εἰπών
809 5200 821 5212 ο
859 5184 1083 5250 Ὠσπερ
1113 5184 1222 5253 γὰρ
1246 5186 1278 5238 o'
1298 5184 1499 5252 Πατὴρ
1525 5183 1677 5252 ζωὴν
1702 5185 1822 5254 ἔχει
1855 5186 1926 5239 ἐν

256 5274 261 5278 ’
353 5272 562 5337 ἐαυτῷ,
595 5273 747 5326 οὕτω
780 5275 878 5328 καὶ
928 5274 1007 5340 τῷ
1056 5275 1169 5339 Υἱῷ
1199 5275 1277 5346 (5)
1307 5275 1527 5330 ἔδωκεν
1569 5277 1734 5348 ἔχειν
1770 5277 1923 5344 (why

427 5415 507 5480 »Β
524 5409 618 5480 Ed.
643 5407 812 5464 Paris.
839 5425 959 5480 pag.
994 5409 1180 5474 88,89.

2108 4555 2159 4608 '7.
2205 4558 2314 4628 Ego
2341 4578 2455 4615 sum
2480 4567 2630 4631 panis
2667 4567 2805 4620 vitae.
2845 4567 2957 4638 Ego
2983 4588 3097 4624 sum
3126 4574 3275 4634 panis
3321 4576 3408 4630 ille
3439 4580 3602 4632 vivus.

2033 4651 2122 4717 qui
2165 4654 2229 4704 de
2253 4653 2378 4706 caelo
2402 4655 2658 4711 descendi
2685 4660 2750 4712 ’⁸.
2779 4659 3021 4726 Qualiter
3058 4672 3236 4718 autem
3282 4671 3435 4722 vivus
3463 4672 3604 4724 exsi-

2033 4741 2228 4805 stebat,
2258 4745 2594 4811 apertissime
2634 4748 2928 4804 declaravit
2980 4751 3253 4819 inquiens,
3289 4755 3416 4808 dum
3459 4759 3599 4813 aﬂir-

2035 4840 2163 4894 mat,
2194 4831 2643 4898 Quemadmodum
2682 4841 2825 4894 misit
2863 4858 2943 4895 me
2986 4843 3157 4897 vivens
3207 4843 3386 4910 Pater,
3432 4859 3480 4901 et
3508 4867 3600 4918 ego

2034 4920 2145 4974 rivo
2177 4939 2270 4991 per
2289 4922 2506 4981 Patrem
2533 4929 2600 4982 ”.
2623 4929 2687 4983 Et
2718 4949 2731 4984 :
2763 4931 2866 4996 Qui
2899 4949 2979 4987 me
3001 4937 3245 5004 comedit,
3281 4938 3368 4993 ille
3393 4955 3601 5011 propter

2032 5027 2112 5064 me
2164 5014 2288 5068 vivet
2316 5017 2350 5068 ¹.
2397 5016 2510 5073 Hoc
2540 5019 2711 5090 ipsum
2743 5024 2870 5078 alibi
2924 5025 3164 5091 edocuit,
3204 5029 3494 5099 inquiens:
3529 5033 3598 5088 Et

2030 5107 2465 5166 quemadmodum
2515 5109 2680 5166 Pater
2711 5115 2868 5167 vitam
2915 5118 3066 5173 habet
3106 5121 3160 5173 in
3193 5125 3485 5188 semetipso,
3522 5129 3596 5180 ita

2031 5205 2078 5246 et
2107 5193 2251 5249 Filio
2282 5200 2429 5252 dedit
2477 5201 2666 5256 habere
2694 5205 2852 5258 vitam
2884 5207 2936 5261 in
2979 5213 3254 5281 semetipso
3270 5213 3312 5266 ί.
3348 5215 3474 5268 Erat
3497 5217 3596 5285 ἰεῦ»

2033 5293 2120 5337 tur
2152 5288 2308 5353 panis
2346 5290 2470 5344 vita:
2505 5310 2518 5344 :
2561 5300 2617 5346 et
2656 5293 2708 5348 in
2757 5297 2898 5350 cmlo
2945 5299 3290 5367 subsistebat,
3323 5305 3594 5374 angelicas

420 5479 466 5513 "
492 5478 683 5534 Matth.
713 5494 788 5543 ιι,
815 5478 930 5534 ΞἹῌ
981 5481 1024 5511 ’⁷
1050 5481 1178 5534 ibid.
1255 5480 1298 5512 ’⁸
1321 5479 1473 5536 Joan.
1500 5497 1572 5546 vr,
1600 5482 1689 5548 55,
1715 5484 1806 5540 Μ.
1883 5487 1926 5518 ⁸³

2050 5486 2084 5538 1.
2117 5486 2205 5540 SS.
2283 5488 2298 5517 ¹
2337 5487 2465 5542 ibid.
2543 5492 2562 5521 ’
2590 5490 2745 5546 Joan.
2774 5511 2826 5560 ν,
2862 5497 2951 5551 26.

416 5655 527 5726 (97)
565 5655 746 5731 ﬁlung
771 5657 1094 5729 πιστεύομεν
1142 5668 1194 5712 et
1251 5659 1373 5713 dein
1419 5661 1702 5731 ὑπάρξεως
1735 5665 1908 5718 ἁπάν-

342 5744 451 5781 των
482 5735 532 5778 et
556 5725 895 5780 ἀπεδέδεκτο.

415 5797 528 5863 (98)
559 5795 728 5863 Vulgo
752 5796 840 5850 ὅδε
864 5808 916 5850 et
948 5798 1056 5852 ἀπὸ
1087 5797 1181 5851 τοῦ
1207 5817 1264 5852 π.

415 5868 526 5938 (99)
553 5867 722 5937 Vulgo
747 5866 1003 5934 γινώσκει
1035 5879 1089 5923 et
1120 5885 1238 5922 mox
1265 5869 1658 5940 παραδιδότθω.

666 5961 937 6023 Ρλτιιοι.
983 5961 1100 6024 Gn.
1153 5964 1198 6023 Χ
1218 5963 1261 6024 Χ
1280 5963 1384 6024 IV.

2087 5667 2164 5752 (1)
2187 5667 2355 5752 Y'ulgo
2381 5687 2489 5752 om.
2509 5673 2674 5752 αὑτοῦ
2703 5687 2750 5730 et
2786 5693 2903 5752 mn}
2932 5681 3334 5752 παραδίδοσθαι.

2086 5736 2162 5807 (‘2)
2201 5735 2368 5808 Vulgo
2402 5743 2576 5811 ὲπείχ.
2607 5757 2659 5798 et
2706 5763 2824 5802 mox
2855 5735 3021 5820 ἄρτον
3047 5752 3144 5820 τῆς
3375 5756 3586 5825 τρανῶ-

2015 5825 2172 5860 τατα.

2087 5878 2161 5948 (5)
2200 5877 2364 5949 Vulgo
2389 5881 2636 5939 δέδωκεν.

3192 5988 3267 6041 '28
