4158 6390
532 388 636 443 873

1212 382 1471 438 ElISEBll
1511 379 1976 437 C.ES.\RIENSIS
2011 379 2161 434 OPP.
2204 379 2378 435 PARS
2413 380 2503 436 IV.
2542 412 2608 421 --
2647 379 3061 436 DOGMATICA.

3670 387 3770 440 876

531 508 761 561 virtutes
783 505 1014 574 irrigans
1042 512 1203 570 alque
1239 500 1506 564 nutriens,
1537 513 1633 567 per
1670 513 1781 553 suae
1809 499 2099 553 divinitatis

2205 499 2274 550 ἐν
2297 498 2504 563 ἐαυτῷ.
2537 501 2658 569 ’Ἆρ’
2687 495 2778 552 οὖν
2809 500 2902 553 καὶ
2928 499 3088 570 ἄρτος
3114 495 3178 570 ἦν
3199 499 3343 571 ζωῆς
3363 517 3376 532 ο
3406 502 3499 554 καὶ
3527 503 3770 574 ὑπῆρχεν

533 606 873 666 potestatem.
908 592 1032 648 Haec
1069 599 1189 646 erat
1215 589 1324 657 ille,
1362 590 1678 658 priusquam
1709 590 1760 643 in
1783 599 1980 645 terram
2010 591 2102 645 de-

534 688 815 742 scenderet
847 683 1058 750 ;Filius
1087 693 1225 748 erat,
1253 683 1419 736 vitam
1453 683 1506 736 in
1557 683 1734 751 seipso
1777 684 2099 737 continens:

534 782 600 834 ad
631 793 753 833 eum
780 777 998 830 modum
1031 790 1137 844 quo
1170 776 1222 828 in
1257 789 1313 830 se
1349 775 1579 829 habebat
1598 775 1764 829 vitam
1795 773 1974 832 Pater.
2005 775 2104 828 Pa-

533 874 631 925 tris
656 870 800 925 euim
832 868 915 923 sui
962 868 1129 922 vitam
1175 877 1230 922 et
1259 865 1456 921 divinas
1501 881 1612 922 suae
1652 867 1776 922 vita
1809 867 1950 936 quod
1979 882 2105 937 pro~

531 963 704 1032 prium
771 960 947 1014 fuerat
995 968 1157 1029 atque
1194 959 1465 1026 peculiare
1501 958 1604 1031 (ob
1635 960 1777 1029 quod
1814 959 1960 1015 soius
2010 961 2105 1015 ha—

530 1054 660 1108 bere
703 1050 906 1106 dicitur
936 1049 1422 1111 immortalitatem,
1461 1050 1916 1118 quemadmodum
1952 1050 2102 1104 locu-

532 1155 617 1198 tus
680 1154 763 1198 est
808 1141 1024 1197 divinus
1079 1140 1596 1210 Apostolus)nemo
1653 1152 1850 1210 praeter
1909 1140 2104 1197 Filium

529 1235 808 1306 possidere
854 1233 1054 1302 poterit
1089 1233 1218 1302 :qui
1262 1242 1318 1288 et
1355 1233 1534 1304 imago
1572 1234 1659 1288 sui
1708 1233 1887 1290 Patris
1929 1235 2021 1300 sit,
2052 1245 2107 1290 et

533 1329 706 1381 factus
734 1341 948 1396 quoque
977 1326 1044 1378 ad
1103 1325 1396 1395 imaginem
1439 1322 1637 1380 Patris.
1669 1324 1812 1380 Ante
1850 1341 1980 1382 vero
2025 1327 2106 1381 di-

531 1428 672 1472 ctam
729 1417 817 1471 ille
862 1419 1027 1471 vitam
1059 1416 1324 1485 possidet,
1363 1430 1471 1471 non
1526 1417 1644 1471 sine
1673 1417 1965 1486 principio,
2000 1432 2104 1473 non

531 1508 851 1578 ingenitam,
891 1523 1044 1563 suam
1091 1507 1393 1576 propriam,
1426 1507 1575 1563 velut
1601 1507 1778 1562 Patris
1807 1511 2106 1578 possessio-

531 1613 676 1663 nem,
699 1599 791 1652 sed
815 1612 974 1666 quam
1000 1596 1210 1666 accepit
1232 1611 1262 1649 a
1293 1595 1473 1652 Patre.
1525 1598 1602 1651 Ita
1625 1597 1770 1651 enim
1803 1598 1898 1663 ait,
1916 1597 1985 1651 Et
2012 1597 2109 1653 Fi-

531 1693 601 1744 lio
635 1691 780 1744 dedit
820 1692 979 1744 vitam
1014 1689 1204 1742 habere
1235 1689 1288 1741 in
1336 1688 1632 1756 semetipso,
1665 1689 2106 1758 qumadmodum

530 1779 695 1833 Pater
714 1779 871 1833 habet
907 1780 1087 1842 vitam,
1122 1780 1178 1831 in
1209 1779 1398 1847 seipse.
1428 1775 1524 1832 Ille
1551 1792 1679 1848 ergo
1705 1779 1872 1845 dedit,
1901 1779 2108 1847 accepit

2204 593 2261 642 ὲν
2293 589 2370 660 τῷ
2396 590 2628 662 οὐρανῷ,
2662 589 2760 653 τὰς
2791 590 3086 658 ἀγγελικάς
3112 590 3366 662 δυνάμεις
3396 594 3645 666 ἐπάρδων
3679 597 3770 648 καὶ

2202 681 2415 751 τρέφων
2443 683 2507 750 τῇ
2534 681 2632 751 τῆς
2661 679 2910 750 θεότητος
2934 678 3100 733 αὐτοῦ
3127 680 3370 750 δυνάμει.
3404 684 3514 735 Καὶ
3537 683 3771 738 τοσαῦτα

2202 768 2290 842 ἦν,
2328 773 2455 843 πρὶν
2504 773 2597 826 ἐπὶ
2631 773 2732 844 γῆς
2765 772 2955 826 ὲλθεῖν·
3011 772 3137 835 Υἱός
3178 790 3238 826 τε
3269 770 3336 844 ἦν
3369 772 3512 846 ζωὴν
3542 773 3681 844 ἔχων
3715 777 3771 828 ὲν

2203 863 2382 935 ἑαυτῷ
2427 864 2628 934 ὁμοίως
2656 864 2734 935 τῷ
2765 866 2939 937 Πατρὶ
2973 865 3118 939 ζωὴν
3146 864 3321 935 ἔχοντι
3371 869 3430 919 ὲν
3463 868 3664 936 ἑαυτῷ.
3700 869 3771 922 Τδ

2203 953 2312 1023 γὰρ
2343 952 2617 1025 ἐξαίρετον
2648 955 2741 1008 καὶ
2773 955 2972 1020 ἰδιάζον
3000 957 3098 1026 τῆς
3126 955 3220 1009 τοῦ
3237 956 3448 1029 Πατρδς
3472 957 3766 1028 ἅγεννήτου

2205 1049 2298 1101 καὶ
2331 1049 2515 1121 θεῖκῆς
2542 1048 2709 1120 ζωῆς,
2735 1050 2802 1103 δι’
2835 1051 2902 1122 ἢν
2933 1051 3092 1122 μόνος
3131 1051 3275 1120 ἔχειν
3308 1051 3606 1105 ἀθανασίαν
3633 1051 3772 1106 κατά

2203 1138 2294 1192 τὸν
2327 1138 2467 1192 θεῖον
2511 1140 2828 1193 Ἀπόστολον
2849 1142 3083 1212 εἴρηται,
3123 1141 3280 1212 μόνος
3310 1141 3375 1196 ἂν
3403 1141 3516 1212 ἔχοι
3544 1142 3574 1194 ό
3604 1141 3729 1206 Υἱός
3752 1160 3767 1172 ο

2205 1229 2300 1282 ac:
2333 1227 2494 1281 εἰκὼν
2542 1229 2635 1282 τοῦ
2670 1230 2881 1300 Πατρὺς
2930 1231 3025 1283 καὶ
3073 1230 3210 1284 κατά
3252 1230 3409 1284 τοῦτο
3467 1232 3767 1302 τυγχάνων.

2210 1321 2362 1389 Ἔχει
2407 1319 2464 1372 δὲ
2507 1319 2606 1390 τὴν
2655 1320 2947 1392 εἰρημένην
2995 1321 3162 1393 ζωὴν,
3204 1323 3301 1375 οὐκ
3351 1323 3604 1394 ἄναρχον,
3650 1324 3770 1378 οὐδὲ

2205 1411 2518 1480 ἀγέννητον,
2553 1411 2671 1464 οὐδὲ
2719 1411 3014 1482 ἰδιόκτητον
3042 1413 3240 1483 ὁμοίως
3278 1412 3356 1484 τῷ
3401 1415 3596 1486 Πατρὶ,
3636 1415 3768 1469 ἀλλά

2207 1503 2355 1571 παρά
2394 1502 2487 1556 τοῦ
2527 1504 2740 1574 Πατρὸς
2779 1502 2979 1558 λαϐὼν.
3014 1501 3168 1558 Οὕτω
3208 1506 3317 1577 γάρ
3344 1523 3505 1576 φησι·
3542 1507 3646 1560 Καὶ
3691 1506 3772 1572 τῷ

2215 1594 2324 1660 Υιῷ
2345 1594 2527 1648 ἔδωκε
2553 1594 2708 1664 ζωὴν
2730 1594 2800 1647 ἐν
2833 1594 3024 1660 ἐαυτῷ
3060 1595 3224 1665 ἔχειν
3249 1597 3344 1667 (4),
3375 1598 3568 1665 καθὼς
3598 1602 3630 1653 ὀ
3655 1602 3772 1653 Πα-

2206 1685 2316 1753 τὴρ
2340 1683 2492 1753 ζωὴν
2525 1685 2652 1755 ἔχει
2678 1685 2971 1752 ἐνέαυτῷ.
3008 1686 3215 1741 οὐκοῦν
3238 1688 3267 1740 ό
3296 1688 3393 1758 μὲν
3420 1687 3637 1753 ἔδωκεν,
3659 1692 3686 1743 ό
3710 1689 3766 1742 δὲ

2207 1775 2414 1846 εἴληφε.
2449 1776 2559 1830 Καὶ
2613 1777 2770 1847 μόνος
2819 1776 2962 1830 τοῦτ’
3002 1776 3194 1848 εἴληφε
3233 1779 3295 1831 τὸ
3336 1779 3526 1851 γέρας,
3573 1780 3648 1844 ὡς
3692 1782 3768 1854 μὴ

531 1874 657 1926 iste.
690 1871 958 1940 Solusque
984 1871 1122 1924 hanc
1145 1870 1309 1924 habet
1336 1870 1437 1925 iste
1459 1870 1968 1940 praerogativammt
1996 1885 2099 1924 non

2203 1865 2400 1929 ἔξωθέν
2445 1867 2608 1921 ποθεν
2645 1869 2795 1940 αὐτῷ
2843 1867 3160 1940 πορίζεσθαι
3200 1871 3400 1941 ὁμοίως
3431 1874 3542 1936 τοῖς
3568 1871 3769 1937 λοιποῖς

531 1983 560 2016 σε
593 1964 726 2018 foris
771 1963 992 2017 aliunde
1026 1963 1092 2017 ad
1145 1961 1298 2016 illum
1347 1963 1646 2017 accesserit
1687 1962 1818 2026 vita,
1847 1965 2108 2032 quemad-

535 2054 747 2108 modum
792 2053 1010 2107 caeteris
1035 2053 1305 2108 creaturis
1334 2052 1596 2107 accedere
1635 2051 1789 2117 solet,
1813 2053 1906 2108 sed
1937 2053 1991 2107 in
2023 2068 2109 2108 se-

533 2145 650 2213 ipso
680 2145 1064 2198 scaturientem
1098 2142 1242 2196 illam
1272 2152 1471 2209 teneat,
1503 2143 1796 2198 secundum
1838 2146 2106 2199 conditio-

530 2254 654 2291 nem
682 2235 795 2305 ejus
817 2252 938 2307 quae
972 2238 1025 2290 in
1046 2236 1207 2291 Patre
1246 2245 1351 2292 est.
1383 2236 1677 2304 Quocirca,
1711 2251 1831 2306 quae
1875 2238 2101 2308 partici-

535 2343 663 2402 pant
694 2333 764 2386 de
817 2331 925 2385 vita
975 2330 1180 2397 omnis,
1219 2331 1406 2385 vivunt
1452 2330 1541 2385 illa
1585 2331 1652 2385 de
1701 2330 1822 2385 Filii
1861 2330 2107 2401 largitate

529 2433 934 2495 superet-egent.
977 2423 1124 2479 solus
1175 2432 1354 2478 autem
1397 2423 1511 2494 ipse
1541 2424 1705 2480 vitam
1739 2425 1899 2480 habet
1936 2426 1990 2480 in
2020 2439 2107 2480 se-

531 2519 648 2588 ipso
673 2518 1080 2582 scaturientem,
1116 2515 1274 2571 Patre
1314 2515 1459 2571 illam
1491 2517 1773 2588 largiente,
1808 2519 1874 2572 ad
1916 2531 2102 2572 eorum

531 2627 686 2665 nsum
717 2619 773 2666 et
809 2609 1124 2664 fruitionem
1146 2651 1161 2676 ,
1191 2609 1284 2679 qui
1318 2609 1572 2679 deinceps
1611 2618 1767 2664 erant
1802 2611 1905 2664 vita
1930 2608 2102 2663 vivifi-

530 2703 710 2757 candi.
742 2702 799 2758 ld
823 2702 966 2772 quod
1009 2703 1235 2772 ipsemet
1271 2709 1502 2755 testatur
1530 2701 1804 2770 inquiens.
1839 2702 2104 2768 Quemad-

529 2794 740 2847 modum
758 2808 839 2846 me
867 2792 1010 2845 misit
1037 2792 1206 2845 vivens
1233 2789 1410 2856 Pater,
1431 2801 1478 2845 et
1505 2807 1598 2861 ego
1627 2793 1736 2846 vivo
1763 2803 1974 2861 prapter
1999 2792 2103 2848 Pa-

528 2895 679 2936 trem.
714 2882 778 2936 Et
806 2899 820 2934 :
849 2880 952 2946 Qui
977 2880 1222 2943 comedit,
1245 2881 1336 2934 ille
1365 2891 1575 2949 propter
1595 2896 1675 2935 me
1700 2881 1846 2935 vivet.
1890 2879 1992 2935 Hic
2025 2895 2098 2936 est

524 2967 702 3035 panis,
735 2968 825 3037 qui
847 2967 912 3020 de
945 2968 1073 3022 caelo
1099 2967 1418 3026 descendit’.
1442 2966 1604 3023 Vides
1632 2977 1831 3036 autem,
1864 2981 1922 3024 ut
1946 2972 2100 3040 panis

528 3067 648 3113 erat
691 3059 839 3126 vitae,
868 3059 1034 3114 etiam
1075 3058 1201 3112 dum
1251 3059 1426 3114 adhuc
1456 3059 1510 3114 in
1542 3060 1695 3116 caelis
1735 3072 1898 3120 esset.
1928 3069 1986 3128 ›Ῑ‹
2017 3062 2098 3119 0b

529 3165 690 3219 quam
720 3150 894 3220 ipsam
932 3165 1154 3205 causam
1185 3149 1380 3221 legitur
1409 3150 1602 3207 alicubi
1639 3153 1860 3218 dictum,
1896 3153 2096 3210 Panem

529 3239 840 3309 angelorum
877 3239 1175 3294 comedebat
1201 3240 1355 3295 homo
1384 3241 1428 3295 ⁵.
1456 3240 1775 3312 Priusquam
1807 3259 1936 3314 ergo
1968 3247 2095 3301 mit-

529 3339 752 3395 teretur,
781 3329 996 3385 vivebat
1018 3331 1082 3408 in
1136 3331 1310 3395 coelo,
1341 3339 1396 3386 et
1433 3347 1528 3403 per
1564 3333 1779 3390 Patrem
1830 3337 2045 3394 vivebat
2078 3358 2093 3395 :

529 3437 634 3478 non
667 3430 726 3476 ut
748 3421 978 3477 Verbum
1005 3423 1452 3492 significativum;
1495 3440 1602 3480 non
1631 3434 1689 3480 ut
1734 3443 1896 3483 unum
1937 3438 2099 3501 atque

531 3515 671 3568 idem
713 3530 836 3570 cum
869 3514 980 3568 Deo
1013 3516 1303 3582 exsistens,
1332 3517 1428 3572 sed
1466 3525 1723 3586 tanquam
1759 3519 1804 3574 is
1845 3519 1936 3589 qui
1965 3522 2095 3577 sub-

529 3605 768 3669 sisteret,
798 3616 853 3659 et
895 3603 1060 3657 vitam
1109 3605 1210 3660 sibi
1256 3607 1526 3676 propriam
1565 3608 1873 3676 possidebat
1905 3629 1918 3664 :
1950 3611 2096 3666 illam

531 3696 756 3761 scilicet,
787 3710 948 3764 quam
982 3695 1139 3750 Pater
1161 3695 1420 3766 elargitus
1452 3697 1524 3751 illi
1549 3697 1746 3756 fuerat.
1772 3699 2098 3770 Progressus

529 3789 728 3851 denuo,
759 3786 1132 3841 excellentiam
1181 3797 1420 3856 paternae
1450 3788 1633 3857 gloriae
1671 3790 1795 3844 dum
1827 3791 2093 3856 insinuat,

530 3878 607 3930 ait
633 3892 650 3931 :
695 3877 1146 3942 Quemadmodum
1180 3894 1262 3932 nte
1289 3876 1451 3933 Pater
1481 3881 1677 3951 docuit,
1721 3885 1820 3938 ista
1850 3883 2036 3952 loquor
2049 3887 2093 3940 ⁸.

533 3967 618 4032 Et,
659 3966 764 4032 Qui
797 3984 878 4022 me
906 3969 1071 4032 misit,
1103 3971 1148 4023 is
1175 3985 1375 4025 meeum
1405 3979 1524 4027 est:
1557 3989 1661 4028 non
1692 3991 1773 4030 me
1793 3977 1991 4032 dimisit
2017 3994 2099 4033 so-

531 4062 662 4124 lum,
687 4062 936 4130 quoniam
963 4078 1054 4131 ego
1071 4063 1280 4130 ubique,
1295 4079 1413 4133 qua!
1431 4076 1551 4118 sunt
1570 4067 1672 4134 ipsi
1698 4069 2094 4138 complacentia,

531 4151 668 4219 facio
685 4151 726 4204 ⁸.
755 4149 916 4207 Omni
956 4153 1113 4207 modo
1139 4155 1226 4209 hic
1249 4155 1377 4210 mibi
1406 4157 1662 4213 observes
1693 4159 1872 4224 velim,
1898 4161 2028 4231 quid
2043 4170 2098 4216 et

463 4295 478 4314 ο
530 4243 819 4310 quomodo,
857 4243 1070 4312 ubique,
1105 4245 1459 4301 dicatur.Non
1485 4247 1825 4314 enim,Nuuc
1859 4249 2096 4315 ait,dum

531 4333 584 4386 in
635 4333 795 4387 terris
844 4347 940 4403 per
975 4347 1198 4387 carnem
1232 4349 1353 4390 cum
1390 4335 1700 4393 hominibus
1729 4353 1939 4407 versor,
1978 4354 2097 4410 quite

529 4422 673 4476 Patri
705 4431 829 4477 sunt
849 4424 1264 4494 complacentia,
1293 4423 1436 4481 facio
1469 4445 1482 4482 :
1508 4429 1600 4482 sed
1643 4443 1856 4498 semper
1892 4439 1946 4486 et
1977 4433 2094 4486 ubi-

2206 1957 2340 2021 ζῶσι
2369 1959 2466 2030 τὴν
2491 1959 2658 2031 ζωὴν,
2696 1961 2811 2014 ἀλλ’
2842 1963 2901 2014 ὲν
2926 1961 3104 2032 ἐαυτῷ
3133 1961 3483 2033 πηγάζουσαν
3509 1963 3650 2035 ἔχειν
3673 1967 3772 2019 αὐο

2205 2045 2323 2116 τὴν,
2362 2047 2502 2100 κατά
2548 2049 2647 2118 τὴν
2692 2051 2752 2103 ὲν
2784 2049 2861 2121 τῷ
2893 2051 3086 2122 Πατρι.
3115 2051 3206 2105 Διὸ
3239 2051 3416 2107 πάντα
3448 2053 3548 2124 μὲν
3575 2054 3642 2108 τά
3670 2055 3770 2124 τῆς

2207 2136 2351 2209 ζωῆς
2386 2139 2585 2211 μέτοχα
2619 2139 2678 2208 ἐξ
2712 2143 3068 2215 ἐπιχορηγίας
3094 2143 3186 2199 τοῦ
3222 2144 3351 2198 Υἱοῦ
3382 2143 3448 2216 ζῇ
3469 2161 3484 2175 ο
3519 2145 3677 2216 μόνος
3709 2147 3769 2199 δὲ

2205 2230 2365 2292 αὐτὸς
2390 2233 2742 2302 πηγάζουσαν
2771 2234 2918 2306 ζωὴν
2947 2235 3058 2305 ἔχει
3102 2237 3160 2288 ὲν
3193 2235 3390 2306 ἑαυτῷ,
3429 2236 3524 2289 τοῦ
3561 2238 3771 2310 Πατρὸς

2205 2321 2354 2392 αὐτῷ
2379 2323 2535 2376 τοῦτο
2560 2324 2947 2396 δωρησαμένου
2977 2329 3056 2389 εἰς
3084 2327 3381 2381 ἀπόλαυσιν
3412 2327 3521 2382 τῶν
3555 2329 3770 2399 μελλόν-

2202 2430 2310 2467 των
2321 2414 2387 2467 δι’
2402 2415 2565 2468 αὐτοῦ
2579 2414 2975 2479 ζωοποιεῖσθαι.
3003 2421 3067 2472 Ὃ
3081 2419 3144 2490 δὴ
3165 2418 3242 2489 (5)
3259 2419 3351 2474 καὶ
3362 2420 3522 2484 αὐτὸς
3531 2421 3769 2475 διδάσκει

2203 2504 2372 2573 λέγων
2390 2523 2405 2537 ο
2438 2507 2638 2572 Καθὼς
2670 2507 2991 2564 ἀπέστειλέ
3011 2527 3088 2579 με
3137 2515 3170 2564 ὁ
3211 2509 3322 2572 ὧν
3360 2513 3581 2582 Πατὴρ,
3609 2513 3772 2584 κάγὼ

2203 2595 2275 2657 ζῶ
2299 2596 2399 2654 διὰ
2426 2599 2533 2654 τὸν
2556 2599 2807 2670 Πατέρα.
2853 2602 2963 2655 Καί
2980 2619 2993 2632 ’
3033 2603 3094 2656 '0
3115 2603 3349 2672 τρώγων
3371 2621 3466 2674 με,
3495 2605 3770 2672 κάκεῖνος

2202 2687 2362 2755 ζήσει
2389 2690 2465 2744 δι’
2492 2692 2616 2761 ἐμέ.
2639 2689 2828 2760 Οὗτός
2859 2695 3029 2749 ἐστιν
3045 2698 3078 2749 ό
3103 2694 3283 2764 ἄρτος
3315 2699 3348 2749 ό
3376 2697 3444 2750 ἐκ
3465 2696 3570 2751 τοῦ
3596 2700 3769 2766 οὐρα·-

2199 2782 2312 2836 rei?
2340 2784 2616 2850 καταϐάς.
2659 2785 2819 2856 Ὁρᾷς
2843 2787 2990 2851 ὅπως
3024 2787 3118 2840 καὶ
3151 2789 3208 2840 ὲν
3244 2787 3456 2858 οὐρανῷ
3485 2787 3767 2859 ὑπάρχων,

2200 2872 2363 2944 ἄρτος
2391 2869 2458 2945 ἦν
2487 2872 2650 2946 ζωῆς.
2668 2876 2758 2929 Διὸ
2787 2876 3032 2930 λέλεκται
3092 2893 3193 2930 που
3216 2893 3231 2907 ’
3254 2878 3460 2945 Ἄρτον
3503 2878 3770 2948 ἀγγέλων

2198 2965 2416 3033 ἔφαγεν
2427 2969 2460 3019 ό
2472 2966 2795 3035 ἅνθρωπος.
2809 2968 2916 3021 Καὶ
2939 2969 3067 3039 πρὶν
3083 2969 3415 3023 ἀπεστάλθαι
3430 2970 3536 3042 ἄρα
3561 2969 3662 3024 ὑπὸ
3672 2969 3767 3024 τοῦ

2203 3057 2433 3127 Πατρδς,
2463 3059 2520 3110 ὲν
2563 3058 2773 3130 οὐρανῷ
2798 3055 2867 3128 ἦν
2899 3058 2996 3131 (6),
3029 3059 3123 3114 καὶ
3163 3057 3256 3131 ἔζη
3295 3059 3381 3113 διά
3421 3061 3511 3115 τὸν
3552 3063 3767 3135 Πατέρα

2197 3150 2295 3219 οὐχ
2319 3149 2395 3212 ὡς
2406 3150 2577 3220 Λόγος
2605 3151 3063 3222 σημαντικὸς,οὐδ’
3087 3151 3162 3215 ὡς
3185 3151 3243 3206 ἓν
3265 3153 3359 3206 καὶ
3376 3153 3570 3207 ταύτὸν
3593 3156 3766 3226 ὐπάρ-

2199 3258 2308 3311 χων
2337 3241 2415 3312 τῷ
2440 3241 2577 3313 Θεῷ,
2605 3243 2718 3296 ἀλλ’
2744 3242 2819 3307 ὡς
2845 3245 3092 3314 ὑφεστὼς
3131 3248 3227 3300 καὶ
3256 3244 3398 3316 ζωὴν
3428 3245 3564 3299 ἰδίαν
3601 3246 3764 3317 ἔχων,

2195 3334 2263 3405 ἢν
2307 3337 2336 3388 ὁ
2383 3335 2570 3408 Πατὴρ
2599 3336 2748 3408 αὐτῷ
2791 3337 3007 3391 δέδωκε.
3044 3339 3154 3393 Καὶ
3184 3339 3388 3410 προῖὼν
3431 3339 3487 3393 δὲ
3535 3339 3660 3410 ἑξῆς
3705 3340 3767 3393 τδ

2198 3425 2459 3498 ὑπερέχον
2510 3427 2610 3498 τῆς
2671 3427 2763 3482 τοῦ
2799 3429 3012 3503 Πατρός
3057 3430 3216 3502 δόξης
3263 3431 3532 3502 παριστὰς
3577 3431 3760 3500 ἔλεγε·

2194 3516 2398 3583 Καθὼς
2435 3517 2672 3582 ἐδίδαξέ
2697 3519 3030 3589 μεΠατὴρ,
3077 3521 3268 3576 ταῦτα
3287 3518 3479 3578 λαλῶ.
3515 3521 3655 3580 ,Καὶ”
3702 3521 3764 3577 '0

2196 3608 2435 3678 πέμψας
2462 3627 2540 3679 με
2556 3611 2684 3680 μετ’
2711 3611 2855 3680 ἐμοῦ
2881 3613 3069 3666 ἐστιν.
3093 3615 3214 3668 οὐκ
3238 3614 3434 3684 ἀφῆκέ
3452 3632 3528 3684 με
3554 3617 3765 3684 μόνον,

2195 3701 2283 3755 ὅτι
2309 3702 2424 3770 ἐγὼ
2444 3703 2516 3758 τὰ
2549 3702 2774 3772 ἀρεστὰ
2813 3703 2972 3770 αὐτῷ
3013 3705 3162 3760 ποιῶ
3196 3707 3471 3763 πάντοτε.
3504 3710 3670 3781 Τήρει
3706 3710 3763 3762 δὲ

2196 3793 2620 3866 ἀκριϐῶς,ὃπως
2635 3797 2847 3868 εῖρηται
2875 3798 3149 3853 πάντοτε.
3167 3801 3242 3852 Οὐ
3271 3801 3398 3870 γάρ,
3424 3800 3560 3867 Νῦν,
3577 3803 3763 3873 φησιν,

2195 3885 2281 3936 ὅτε
2315 3885 2405 3937 ἐπὶ
2441 3885 2543 3955 γῆς
2570 3885 2873 3958 ἀνθρώποις
2904 3888 2993 3941 eia:
3036 3890 3236 3959 σαρκὸς
3265 3891 3458 3961 όμιλῶ,
3530 3894 3596 3946 τὰ
3637 3894 3768 3964 ἀρε-

2198 3975 2387 4046 στάτῷ
2417 3976 2493 4047 (7)
2516 3978 2690 4050 Πατρὶ
2737 3978 3157 4052 διαπράττομαι,
3200 3983 3337 4036 ἀλλά
3372 3986 3469 4037 καὶ
3511 3985 3763 4040 πάντοτε.

2196 4066 2304 4119 Καὶ
2334 4064 2504 4119 ταῦτα
2543 4067 2600 4119 δὲ
2649 4068 2828 4123 λαλεῖν
2870 4072 3228 4144 μαρτύρεται,
3283 4073 3446 4144 άπερ,
3489 4075 3566 4137 ὡς
3612 4075 3765 4145 παρά

2193 4155 2546 4224 διδασκάλου,
2579 4159 2730 4230 παρά
2765 4161 2860 4214 τοῦ
2912 4163 3122 4234 Πατρὸς
3182 4164 3530 4236 μεμάθηκεν·
3570 4162 3768 4218 οὐκοῦν

2195 4248 2289 4300 καὶ
2321 4247 2636 4304 διδάσκαλον
2666 4252 3028 4323 ἐπιγράφεται
3054 4255 3146 4308 τὸν
3174 4257 3416 4328 Πατέρα,
3456 4258 3638 4329 ἕτερος
3661 4257 3760 4323 ὢν,

2193 4339 2411 4412 δηλαδὴ,
2463 4343 2591 4413 παρ’
2640 4344 2824 4408 αὐτὸν,
2879 4344 2932 4397 si
2949 4362 3012 4415 γε
3039 4349 3143 4412 πᾶς
3182 4349 3289 4420 ὅτῳ
3327 4347 3765 4420 μαθητευόμενος

2193 4432 2379 4504 ἕτερος
2402 4435 2656 4506 τυγχάνει
2682 4437 2776 4490 τοῦ
2801 4437 3154 4503 διδάσκοντος.
3187 4442 3249 4494 Et
3291 4441 3336 4494 δ’
3362 4442 3422 4494 ὲν
3445 4440 3523 4512 τῷ
3546 4440 3664 4512 Θεῷ
3690 4436 3764 4512 ἦν

529 4523 651 4576 que.
687 4506 813 4564 Haec
839 4520 1018 4564 autem
1055 4511 1128 4566 ita
1159 4527 1218 4568 se
1245 4511 1480 4568 locutum
1508 4523 1758 4582 testatur,
1785 4529 1843 4572 ut
1879 4521 1970 4590 qui
2004 4521 2090 4576 illa

2199 4527 2221 4578 δ
2247 4525 2438 4594 Λόγος,
2485 4525 2551 4581 δι’
2581 4527 2638 4582 δν
2680 4530 2774 4583 καὶ
2808 4528 3025 4598 λογικὸς
3063 4530 3129 4585 ἂν
3155 4533 3345 4604 ῥηθείη
3380 4506 3605 4587 τῶνυτοῦ
3635 4506 3761 4588 *Πα-

528 4608 810 4667 acceperat
836 4613 865 4651 a
893 4596 1054 4654 Patre
1072 4613 1192 4654 suo.
1225 4599 1488 4667 Quocirca
1511 4605 1783 4661 doctorem
1811 4622 1966 4664 suum
2005 4609 2088 4664 in-

528 4688 715 4744 scribit
746 4688 986 4754 Patrem,
1016 4689 1154 4749 alius
1182 4692 1251 4746 ab
1279 4707 1344 4748 eo
1387 4694 1570 4762 procul
1595 4697 1756 4752 dubio
1785 4700 2088 4757 exsistens:

527 4781 793 4850 siqttidem
825 4781 1002 4837 omnis
1023 4783 1115 4848 qui
1143 4784 1212 4838 ab
1239 4783 1346 4840 alio
1363 4786 1912 4852 edocetur,diversus
1939 4793 2094 4862 plane

529 4876 598 4927 ab
623 4872 716 4928 illo
736 4875 972 4940 exsistit,
996 4875 1089 4944 qui
1127 4876 1306 4931 docet.
1342 4879 1495 4945 Quod
1537 4881 1582 4936 si
1624 4881 1679 4936 in
1711 4881 1820 4939 Deo
1857 4881 2091 4942 Verbum

528 4973 644 5020 erat
674 4966 917 5034 (propter
965 4967 1108 5036 quod
1143 4966 1350 5037 logicus
1388 4971 1598 5026 dicatur
1638 4972 1770 5044 ille),
1809 4976 2094 5047 cogitatio-

530 5069 657 5108 num
692 5056 774 5109 sui
813 5055 988 5112 Patris
1017 5065 1071 5110 et
1105 5072 1359 5118 sensuum
1405 5065 1778 5118 tantummodo
1818 5064 2091 5134 significa-

531 5143 698 5198 tivutn
730 5161 745 5197 :
775 5145 867 5214 qui
923 5155 1099 5216 potest
1150 5147 1288 5214 fieri,
1332 5159 1391 5203 ut
1435 5149 1507 5204 sit
1555 5149 1670 5220 ipse
1709 5154 1968 5222 magister
2006 5158 2088 5211 sui

531 5233 698 5301 ipsius
744 5232 1104 5291 informatur?
1134 5235 1433 5303 Quomodo,
1463 5253 1584 5294 cum
1630 5256 1661 5295 a
1701 5241 1810 5298 Deo
1833 5244 1905 5299 sit
1943 5244 2089 5301 inse-

612 5375 671 5442 ἧς
699 5369 794 5425 Ed.
827 5371 1003 5428 Paris.
1032 5389 1155 5442 pag.
1190 5375 1280 5430 90.

2194 4617 2322 4690 τρὸς
2365 4621 2649 4691 νοημάτων
2700 4624 3034 4693 σημαντικός
3078 4641 3163 4688 τις
3201 4625 3307 4678 ὤν’
3346 4625 3463 4686 πῶς
3498 4625 3562 4678 ἂν
3597 4623 3764 4688 αὐτὸς

2197 4709 2387 4762 ἑαυτοῦ
2416 4711 2627 4779 γένοιτο
2643 4711 2960 4779 διδάσκαλος
2983 4732 2997 4779 ;
3027 4715 3152 4779 Πῶς
3175 4716 3219 4769 δ’
3244 4716 3544 4787 ἀχώριατος
3564 4715 3638 4769 ὢν
3662 4715 3760 4768 τοῦ

2196 4799 2350 4867 Θεοῦ,
2375 4802 2564 4856 ἑαυτὸν
2587 4804 2769 4872 ἔλεγεν
2791 4805 3159 4871 ἀπεστάλθαι;
3185 4807 3308 4870 Πῶς
3331 4807 3409 4872 δὲ,
3429 4807 3486 4860 ἓν
3508 4809 3604 4861 καὶ
3627 4807 3760 4863 ταύ-

2195 4892 2287 4946 τὸν
2335 4893 2592 4966 ὑπάρχων
2631 4897 2710 4968 τῷ
2759 4897 2900 4970 Θεῷ,
2946 4899 3013 4953 τὰ
3059 4899 3263 4970 ἀρεστά
3313 4900 3572 4971 πράττειν
3610 4900 3764 4970 αὐτῷ

2195 4981 2619 5054 διεμαρτύρετο;
2661 4987 2724 5039 Ei
2757 4988 2816 5040 δὲ
2844 4989 2980 5059 πρὸς
3018 4989 3210 5044 ταῦτα
3233 4989 3379 5058 λέγοι
3418 4991 3758 5061 Μάρκελλοςν

2195 5067 2253 5119 ὲν
2293 5072 2358 5139 τῇ
2391 5073 2556 5141 σαρκὶ
2586 5073 2713 5126 ὅντα
2755 5077 2847 5129 τὸν
2890 5078 3082 5146 Λόγον,
3121 5078 3321 5143 ταύτας
3364 5080 3636 5151 εἰρηκέναι
3659 5081 3761 5143 τὰς

2197 5161 2397 5227 φωνὰς,
2432 5164 2528 5216 καὶ
2559 5165 2612 5218 τί
2631 5167 2789 5221 τοῦτο
2811 5171 3055 5241 φήσομεν
3086 5172 3220 5243 πρὸς
3245 5172 3340 5225 τὸν
3381 5171 3455 5244 μὴ
3474 5171 3759 5243 ὁμολογεῖν

2195 5251 2286 5304 τὸν
2338 5253 2464 5306 Υιδν
2503 5255 2578 5326 (8)
2638 5260 2801 5313 αὐτὸν
2858 5255 3018 5327 εἶναι,
3043 5263 3178 5316 ἀλλὰ
3210 5264 3380 5332 Λάγον
3413 5264 3602 5335 μόνονς
3633 5262 3759 5325 Πῶς

602 5439 794 5495 ’Joau.
827 5458 900 5507 νι,
958 5439 1047 5507 58,
1071 5439 1158 5497 59.
1237 5450 1257 5475 ⁸
1283 5445 1424 5501 Psal.
1453 5453 1781 5517 t.xsvn,25;
1814 5454 1855 5507 fl
1892 5455 2045 5511 Esdr.
2077 5473 2149 5524 Ix,
2188 5460 2270 5512 {5.
2347 5460 2370 5491 ⁵
2400 5458 2556 5516 Joan.
2593 5479 2709 5528 vnt,
2739 5465 2829 5522 98.
2905 5466 3078 5522 ‘ibid.
3103 5467 3194 5524 29.

531 5579 681 5683 nili)
710 5578 878 5653 Vulgo
907 5582 963 5634 ὲν
981 5583 1156 5654 ἑαυτῷ
1175 5584 1354 5660 ἔχειν;
1395 5603 1555 5662 supra
1582 5594 1737 5662 vulgo
1782 5595 1923 5648 κατά
1971 5596 2093 5650 τοῦ-

541 5668 642 5707 τον.

602 5721 678 5790 (5)
705 5719 874 5790 Vulgo
900 5720 976 5776 δέ.

604 5789 679 5860 (6t
711 5789 828 5845 Mss.
856 5791 980 5860 ἕζην
1008 5811 1019 5857 ;
1046 5811 1165 5851 mox
1190 5799 1348 5869 vulgo
1370 5798 1476 5853 οὐδ
1494 5802 1568 5866 ὠς
1585 5814 1633 5858 et
1656 5804 1781 5872 ἑξῆς
1800 5806 2086 5877 ὑπεροχήν,

2196 5609 2250 5653 et
2283 5599 2418 5653 infra
2447 5601 2528 5654 ὅτι
2554 5603 2664 5657 ἐπί.

2269 5670 2347 5746 (ξι)
2375 5668 2542 5746 Χυὲεο
2560 5674 2708 5746 αὐτῷ

2270 5739 2344 5812 (8)
2375 5738 2540 5812 Vulgo
2572 5738 2943 5818 τὸνμὴύμολ.
2981 5747 3072 5800 τὸν
3099 5748 3243 5804 Υἱάν.
