4158 6390
379 406 480 460 877

1319 405 1406 462 DE
1440 407 1980 463 ECCLESIASTICA
2019 407 2410 464 THEOLOGIA
2446 409 2578 465 LlB.
2613 411 2654 464 I.

3503 415 3604 468 878

377 518 423 573 δ’
451 521 508 572 ἐν
547 522 612 589 τῇ
650 521 812 592 σαρκὶ
849 519 938 593 ἦν,
972 524 1062 578 ὅτε
1094 525 1264 578 ταῦτα
1302 523 1517 592 ἕλεγενς
1545 519 1692 596 *Αρά
1723 542 1786 594 γε
1819 524 1949 588 ζῶν,

2053 525 2330 592 parabilis,
2374 527 2593 580 missum
2645 525 2844 581 fatetur
2900 529 3247 596 semetipsum
3282 529 3612 596 ?Quommlo

378 609 474 662 καὶ
507 608 771 678 ὑφεστὼς,
805 614 900 666 καὶ
933 614 1026 667 τοῦ
1058 615 1270 686 Πατρὸς
1313 615 1572 685 ὑπάρχων
1607 616 1794 681 ὲκτός;
1839 617 1947 670 Καὶ

377 698 463 762 τίς
489 695 557 769 ἦν
586 701 616 752 6
645 701 834 774 Πατὴρ
877 703 1012 768 τότε,
1049 705 1122 775 μὴ
1165 705 1256 758 τὸν
1286 707 1481 759 οἰκεῖον
1520 706 1851 777 κεκτημένος
1889 708 1948 760 ἐν

376 789 556 864 ἐαυτῷ
586 793 777 863 Λόγον,
808 794 921 849 ἀλλ’
957 797 1200 864 ὑφεστὼς
1226 798 1353 852 ἀνευ
1396 799 1598 867 Λόγους
1643 799 1868 852 ὲνοικῶν
1891 799 1948 852 δὲ

379 888 437 940 ὲν
468 890 531 958 τῇ
580 889 741 960 σαρκὶ
779 893 808 944 ό
848 891 1037 960 Λόγος,
1068 891 1146 944 ὅτ’
1175 893 1268 945 ἐπὶ
1308 892 1412 963 γῆς
1453 895 1688 948 ἐποιεῖτο
1708 895 1806 958 τὰς
1835 895 1948 947 δια-

377 979 588 1053 τριϐὰς,
610 982 658 1034 εί
683 981 780 1052 μὲν
803 980 896 1034 τοῦ
917 982 1128 1054 Πατρὸς
1147 983 1305 1047 ἐκτὸς
1320 979 1408 1055 ἦν,
1427 985 1535 1049 ζῶν
1561 986 1654 1039 καὶ
1678 985 1945 1057 ὑφεστὼς,

377 1072 472 1124 καὶ
509 1073 606 1142 τὴν
654 1071 830 1143 σάρκα
872 1071 1036 1126 κινῶν
1081 1073 1260 1144 ψυχῆς
1308 1075 1482 1146 δίκην,
1515 1075 1699 1144 ἕτερος
1745 1077 1946 1148 δηλαδὴ

379 1163 528 1236 παρὰ
553 1163 643 1218 τὸν
670 1164 907 1239 Πατέρα,
949 1166 1043 1220 καὶ
1078 1165 1170 1220 δύο
1201 1166 1361 1220 πάλιν
1404 1166 1749 1232 ὑποστάσεις,
1785 1167 1949 1231 αὐτός

375 1272 436 1308 τε
463 1256 554 1308 κα1⁵
580 1256 609 1307 6
631 1256 850 1328 Πατὴρ,
880 1258 1147 1329 ὑπῆρχον.
1176 1258 1413 1322 Μάταιός
1435 1276 1493 1312 τε
1519 1261 1625 1321 πᾶς
1646 1261 1674 1312 6
1693 1259 1946 1331 Μαρκέλ-

375 1344 468 1399 λου
519 1345 834 1418 πεφώραται
891 1348 1082 1417 πόνος,
1131 1347 1360 1420 οὐσιώδη
1401 1350 1575 1419 Λόγον
1623 1349 1801 1414 ζῶντα
1852 1350 1948 1404 καὶ⁸

377 1436 686 1505 ὑφεστῶτα,
725 1439 815 1492 τὸν
848 1440 1000 1510 ἐντῇι
1016 1443 1174 1516 σαρκὶ
1209 1442 1496 1510 γενόμενον
1517 1442 1850 1514 ὁριζομένου.
1885 1443 1948 1495 El

373 1529 419 1582 δ’
439 1531 596 1593 ἐκτὸς
637 1531 846 1602 ὑπῆρχε
887 1533 983 1588 τοῦ
1017 1534 1150 1588 Θεοῦ
1190 1535 1272 1606 (9)
1294 1538 1322 1589 6
1360 1538 1418 1589 ἐν
1455 1535 1533 1605 τῷ
1563 1535 1775 1605 σώματι
1808 1553 1946 1589 κατ-

372 1622 538 1674 οικῶν
595 1622 793 1691 Λόγος,
832 1622 1030 1694 ἥνωται
1066 1624 1124 1678 δὲ
1167 1626 1260 1679 καὶ
1297 1627 1536 1697 συνῆπτο
1578 1626 1659 1696 τῷ
1688 1626 1826 1697 Θεῷ,
1873 1626 1948 1690 ὡς

373 1712 433 1764 ἓν
456 1713 549 1766 καὶ
573 1714 765 1767 ταύτὸν
792 1710 930 1767 εἷναί
957 1731 1014 1768 τε
1045 1715 1192 1786 αὑτῷ
1212 1715 1271 1783 ἐξ
1295 1718 1541 1790 ἀνάγκης
1568 1716 1752 1782 δώσει,
1779 1717 1812 1787 ἢ
1845 1718 1947 1770 αὐ-

374 1802 464 1858 τὸν
501 1799 640 1858 εἶναι
670 1804 761 1858 τὸν
799 1805 1017 1878 Πατέρα
1054 1808 1112 1860 ἐν
1139 1810 1205 1878 τῇ
1245 1810 1486 1880 σαρκὶ,ἣ
1533 1809 1646 1880 (10)
1684 1808 1776 1862 τὸν
1816 1809 1944 1862 Υἰὸν

376 1896 660 1964 ὑφεστῶτα
688 1897 806 1951 καθ’
838 1899 1030 1952 ἑαυτὸν
1057 1901 1150 1953 καὶ
1177 1902 1501 1972 ἐνεργοῦντα
1523 1904 1581 1955 ὲν
1607 1901 1686 1972 τῷ
1707 1901 1940 1973 σώματι,

369 1987 408 2058 ἢ
432 1988 607 2059 ψυχὴν
649 1989 955 2061 ἀνθρώπου,
1002 1990 1112 2062 ἢεί
1159 1993 1324 2063 μηδὲν
1367 1993 1589 2056 τούτων,
1639 1993 1942 2063 αὐτόματον

374 2080 635 2133 κινεῖσθαι
671 2080 768 2152 τὴν
813 2081 1010 2154 σάρκα,
1054 2083 1258 2155 ἄψυχον
1301 2079 1466 2139 οὖσαν
1509 2085 1605 2138 καὶ
1635 2084 1846 2154 ἄλογον.
1880 2087 1942 2139 Ei

372 2169 476 2239 μὲν
504 2167 595 2224 οὖν
639 2172 730 2226 τὸν
759 2174 977 2245 Πατέρα
1021 2174 1190 2243 λέγοι,
1240 2175 1392 2230 ἔσται
1440 2177 1469 2231 6
1517 2177 1706 2249 Πατὴρ
1732 2178 1880 2248 αῦτῷ
1916 2180 1944 2232 6

341 2261 652 2332 ,γεννηθεὶς
695 2265 789 2319 καὶ
828 2264 1012 2320 παθὼν
1051 2268 1142 2321 καὶ
1175 2269 1282 2322 πᾶν
1321 2267 1483 2340 ἔργον
1521 2269 1945 2342 ἀνθρωποπαθὲς

373 2353 689 2424 ὑπομείνας,
703 2355 730 2408 ὃ
751 2354 815 2428 δὴ
835 2355 1204 2428 φθεγξάμενον
1217 2359 1501 2416 Σαὸἐλλιον
1519 2363 1770 2426 ἀσεϐείας
1785 2363 1946 2433 ἐγρά-

373 2443 512 2513 ψατο
545 2446 759 2518 γραφὴν
780 2448 873 2502 τοῦ
907 2449 1042 2504 Θεοῦ
1082 2451 1114 2521 ἡ
1149 2451 1463 2523 Ἐκκλησία.
1503 2455 1566 2508 Ei
1603 2453 1660 2507 δὲ
1705 2454 1797 2509 τὸν
1831 2455 1942 2506 Πα-

373 2532 508 2604 τέρα
547 2535 720 2605 λέγειν
765 2537 824 2589 οὐ
872 2537 1088 2610 θεμιτὸν
1132 2541 1641 2616 ἐνανθρωπήσαντα,
1684 2544 1774 2598 τὸν
1819 2545 1946 2597 Υἱὸν

373 2626 654 2695 ὁμολογεῖν
695 2629 927 2701 ἀνάγκη,
972 2629 1120 2702 αὐτῷ
1171 2633 1638 2706 μαθητευομένους
1675 2635 1832 2689 τοῦτο
1873 2637 1948 2689 δι-

371 2720 640 2776 δάσκοντι.
679 2723 744 2776 El
779 2723 836 2776 δὲ
883 2723 1069 2778 τοῦτον
1111 2727 1325 2797 ἀρνοῖτο
1362 2729 1679 2799 Μάρκελλος
1715 2730 1949 2798 ὑφεστά-

372 2829 480 2876 ναι,
506 2813 623 2883 ὥρα
651 2813 804 2884 ψιλὸν
829 2815 1112 2888 ἄνθρωπον
1154 2817 1315 2872 αὐτὸν
1356 2820 1705 2876 ὑποτίθεσθαι
1728 2822 1793 2874 ὲκ
1840 2820 1946 2874 σώ-

378 2921 545 2975 ματος
577 2906 673 2958 καὶ
705 2906 886 2977 ψυχῆς
933 2910 1260 2976 συνεστῶτα,
1305 2912 1380 2976 ὡς
1423 2912 1585 2984 μηδὲν
1627 2914 1726 2983 τῆς
1762 2913 1948 2984 κοινῆς

373 2995 677 3069 ἀνθρώπων
703 2999 1039 3056 διαλλάττειν
1067 3001 1301 3071 φύσεως.
1348 3006 1508 3060 Ἀλλά
1535 3007 1628 3061 καὶ
1653 3006 1812 3061 τοῦτο
1850 3007 1952 3078 ,τῆς

386 3089 711 3160 Ἐκκλησίας
723 3093 1054 3164 ἀπελήλαται
1068 3095 1127 3148 τὸ
1137 3095 1331 3168 δόγμα·
1349 3097 1377 3150 ὃ
1391 3098 1447 3152 δὲ
1471 3099 1634 3153 πάλαι
1658 3099 1754 3170 μὲν
1767 3098 1959 3152 Ἐὀιω-

371 3185 534 3244 ναῖοι,
563 3183 757 3236 νεωστὶ
781 3185 836 3238 δὲ
868 3188 897 3238 6
920 3187 1266 3258 Σαμοσατεὺς
1305 3188 1398 3242 καὶ
1426 3191 1476 3244 oi
1511 3190 1737 3261 ἐπίκλην
1765 3189 1824 3255 ἐξ
1861 3191 1957 3243 αὐ-

2049 631 2167 666 cum
2199 615 2269 668 sit
2307 631 2467 669 unum
2495 626 2655 685 atque
2680 617 2820 670 idem
2852 633 2970 672 cum
3001 619 3125 682 Deo,
3151 633 3209 672 se
3243 619 3350 674 Deo
3376 623 3611 689 complw.

2047 706 2220 757 ccntia
2265 707 2523 774 perﬁcere
2572 710 2859 764 testatur?
2888 709 3041 776 Quod
3074 711 3119 765 si
3174 713 3498 780 reSpondeat
3544 716 3610 766 ad

2047 795 2160 848 haec
2188 795 2495 863 Marcellus,
2539 796 2774 855 Verbum
2822 816 3043 857 carnem
3092 802 3289 858 factum
3326 805 3441 861 haec
3483 821 3614 876 pro-

2047 886 2360 943 nuntiasse:
2390 898 2443 944 et
2470 890 2597 959 quid
2631 893 2772 948 istud
2804 893 3023 962 inquam
3068 895 3133 947 ad
3164 895 3314 963 illud,
3348 911 3454 952 non
3482 913 3614 951 con-

2051 977 2188 1031 Iiteri
2214 991 2337 1032 cum
2372 977 2565 1034 Filium
2596 995 2733 1047 esse,
2757 985 2851 1038 sed
2878 983 3053 1040 solum
3083 984 3339 1040 Verbum.
3371 987 3614 1055 Qualiter

2046 1058 2174 1124 vero
2203 1069 2257 1124 in
2297 1085 2460 1127 carne
2497 1071 2598 1128 fuit
2626 1089 2748 1129 cum
2775 1074 2888 1131 haec
2914 1076 3322 1148 proloqueretur
3347 1079 3370 1132 2
3403 1079 3614 1136 Numne

2048 1161 2256 1226 vivens,
2296 1162 2632 1227 subsistens,
2664 1175 2820 1220 extra
2877 1166 3090 1222 Patrem
3141 1169 3516 1224 constitutus?
3551 1170 3616 1226 Et

2046 1253 2403 1322 quis,quaaso,
2429 1263 2545 1309 erat
2574 1265 2680 1308 tum
2707 1256 2796 1310 ille
2823 1255 3007 1320 Pater,
3031 1259 3121 1327 qui
3146 1273 3300 1314 suum
3326 1260 3376 1313 in
3402 1276 3459 1315 se
3484 1260 3616 1315 Ver-

2048 1344 2171 1396 bum
2203 1351 2328 1397 tunc
2357 1359 2461 1398 non
2487 1344 2840 1414 possidebat?
2866 1349 2961 1402 sed
2985 1348 3104 1402 sine
3145 1362 3245 1402 suo
3279 1347 3455 1403 Verbo
3481 1351 3612 1403 sub-

2048 1432 2330 1489 sistebat?
2364 1449 2582 1490 carnem
2630 1450 2761 1492 vero
2806 1436 3043 1493 Verbum
3097 1446 3224 1493 tunc
3270 1439 3611 1505 inhabitans,

2048 1542 2170 1580 cum
2211 1527 2262 1581 in
2310 1527 2468 1584 terris
2507 1527 2596 1583 hic
2642 1539 3096 1597 conversaretur,
3144 1531 3408 1600 siquidem
3458 1542 3611 1588 extra

2049 1633 2202 1672 suum
2256 1618 2468 1674 Patrem
2517 1619 2729 1686 fuerat,
2764 1622 2989 1690 vivens,
3024 1625 3344 1689 subsistens,
3395 1641 3613 1681 carnem

2052 1723 2271 1764 movens
2293 1713 2360 1766 ad
2389 1711 2563 1766 instar
2595 1712 2810 1777 animae,
2839 1713 3060 1768 omnino
3085 1723 3202 1769 erat
3241 1714 3379 1770 alius
3402 1730 3432 1768 a
3457 1715 3616 1770 Patre

2050 1816 2167 1865 suo,
2193 1802 2386 1857 et-duaz
2407 1811 2516 1857 tum
2538 1802 2880 1875 hypostases,
2920 1806 3032 1876 ipse
3055 1814 3217 1876 atque
3239 1805 3414 1870 Pater,
3440 1807 3618 1864 subsi-

1973 1882 2014 1936 Β
2043 1893 2276 1948 stebant.
2303 1894 2660 1951 Frustraneus
2681 1896 2786 1952 erit
2801 1911 2964 1967 porro
2986 1897 3221 1953 Marcelli
3249 1899 3398 1952 labor
3421 1900 3616 1964 omnis,

2043 1983 2135 2051 qui
2163 1983 2331 2050 illum,
2367 1988 2507 2054 quod
2549 1986 2601 2040 in
2638 2001 2804 2042 carne
2837 1987 2940 2042 fuit
2970 1987 3328 2043 substantiale
3358 1987 3615 2053 Verbum,

2043 2077 2244 2141 vivum,
2268 2086 2326 2133 et
2355 2078 2653 2134 subsistens
2679 2081 3079 2135 determinavit.
3107 2080 3263 2148 Quod
3301 2082 3346 2134 si
3382 2080 3614 2136 Verbum

2044 2167 2171 2223 illud
2198 2169 2340 2242 quod
2365 2169 2708 2226 inltabitabat
2739 2186 2980 2236 carnem.
3022 2184 3177 2228 extra
3219 2176 3383 2228 Deum
3422 2175 3617 2233 fuerat.
3667 2236 3669 2238 ,

2044 2261 2252 2316 unitum
2307 2275 2436 2316 vero
2482 2260 2588 2316 fuit
2634 2273 2690 2318 et
2726 2264 3035 2335 copulatum
3093 2265 3268 2320 eidem
3295 2307 3311 2332 ,
3358 2275 3616 2336 tanquam
3729 2262 3733 2266 ’

2048 2356 2108 2414 vis
2136 2367 2300 2410 unum
2340 2363 2502 2422 atque
2527 2354 2667 2410 idem
2692 2369 2814 2409 cum
2860 2361 2938 2410 eo'
2967 2373 2981 2411 :
3008 2356 3228 2410 omnino
3256 2371 3620 2412 concessurus
3670 2424 3671 2427 η
3728 2417 3731 2419 ς

2042 2455 2125 2497 est
2148 2442 2222 2496 illi
2247 2444 2640 2512 exsistentiam,
2667 2455 2720 2500 et
2750 2445 2923 2516 ipsum
2945 2461 3157 2517 quoque
3181 2462 3322 2513 esse,
3358 2463 3480 2502 cum
3511 2463 3628 2503 cur.

2047 2547 2116 2587 ne
2139 2533 2484 2590 exsistentem
2510 2535 2750 2605 Patrem,
2781 2545 2838 2594 et
2864 2538 3058 2613 Filium
3083 2554 3113 2592 a
3139 2554 3198 2595 se
3217 2549 3272 2594 et
3302 2555 3398 2610 per
3420 2553 3480 2594 se
3503 2541 3629 2595 sub-

2047 2626 2350 2694 sistentem,
2377 2636 2432 2682 et
2466 2629 2519 2682 in
2542 2643 2769 2698 corpore
2789 2641 3099 2701 operantem
3139 2649 3153 2686 :
3181 2643 3275 2687 aut
3305 2632 3493 2690 saltem
3523 2633 3624 2687 liu-

2049 2732 2261 2771 mauatu
2303 2718 2536 2774 animum
2577 2737 2590 2773 :
2623 2720 2668 2775 si
2705 2721 2837 2776 nihil
2888 2722 3120 2789 horum;
3177 2735 3288 2778 tum
3328 2734 3481 2780 certe
3526 2740 3622 2779 sua

2051 2820 2244 2880 sponte
2286 2826 2384 2881 per
2408 2826 2467 2868 se
2495 2813 2699 2868 moveri
2743 2830 2983 2880 carnem,
3029 2815 3261 2870 fateatur
3286 2811 3507 2871 necesse
3541 2830 3627 2871 est
3662 2809 3666 2813 ’

2054 2903 2346 2958 iuauimam
2399 2915 2456 2960 et
2507 2904 2871 2962 irrationalem
2915 2925 2930 2961 :
2980 2902 3063 2963 Sin
3111 2917 3242 2964 vero
3295 2911 3628 2966 concesserit

2054 3008 2175 3051 esse
2204 2994 2417 3050 Patrem
2450 3013 2466 3050 :
2493 2996 2597 3050 erit
2624 2996 2698 3051 illi
2722 2997 2902 3064 Pater,
2936 2999 3170 3070 genitus,
3197 3011 3411 3069 passus,
3433 3007 3488 3054 et
3511 2995 3630 3053 oin-

2056 3087 2144 3139 nia
2173 3086 2408 3141 humana
2438 3101 2600 3156 opera
2638 3089 2730 3158 qui
2765 3091 2982 3144 subivit.
3024 3089 3180 3158 Quod
3210 3092 3336 3146 eum
3365 3089 3630 3146 Sabellius

2055 3177 2185 3233 olim
2229 3176 2540 3243 aﬂirmavit,
2575 3179 2852 3249 inscripsit
2887 3182 2937 3235 ei
2985 3182 3159 3236 dicam
3203 3181 3496 3252 impietatis
3527 3181 3631 3252 Ec-

373 3270 470 3323 τοῦ
501 3271 792 3326 Παυλιανοὶ
816 3247 1180 3346 φρονήσαντες
1215 3247 1346 3349 (11),
1390 3247 1704 3349 δυσφήμωνι
1725 3247 1949 3346 ὑπέμει-

2057 3271 2217 3326 clesia
2270 3269 2387 3326 Dei.
2445 3270 2598 3337 Quod
2632 3273 2676 3327 si
2727 3247 2880 3328 nefas
2920 3273 2987 3326 sit
3026 3274 3230 3334 dicere,
3280 3247 3628 3328 incarnatum

375 3381 474 3417 ναν
493 3364 666 3436 δίκην.
686 3365 749 3418 Τί
771 3366 835 3438 δὴ
857 3361 948 3421 οὖν
972 3366 1217 3423 λείπεται
1241 3369 1378 3441 μετά
1398 3369 1622 3441 ταῦταῆ
1646 3369 1744 3441 τὴν
1772 3369 1951 3440 σάρκα

377 3457 538 3526 μόνον
567 3458 804 3529 εἰσάγειν
827 3459 949 3532 δίχα
976 3463 1175 3527 παντὸς
1211 3465 1419 3518 ὲνοίκου
1455 3463 1564 3525 τῶν
1602 3463 1758 3534 δίκην
1800 3462 1952 3533 παρά

375 3552 489 3614 τοῖς
515 3550 937 3622 Θαυματοποιοῖς
981 3555 1287 3626 αὐτόματον
1313 3555 1672 3626 κινουμένην;
1697 3555 1808 3610 Καὶ
1836 3555 1951 3617 πῶς

378 3643 411 3710 ἠ
436 3641 592 3713 σὰρξ,
616 3643 710 3696 καὶ
742 3644 871 3697 αὐτὸ
894 3645 1016 3699 καθ’
1043 3646 1204 3700 ὲαυτδ
1235 3647 1296 3701 τὸ
1331 3647 1511 3716 σῶμα,
1538 3645 1660 3715 δίχα
1687 3645 1780 3699 τοῦ
1801 3647 1953 3716 ἐνερ-

374 3732 599 3802 γοῦντος
647 3733 798 3789 εἶπεν
831 3736 942 3808 (12)
975 3737 1062 3800 ἂν,
1107 3738 1312 3804 Καθὼς
1355 3738 1590 3802 ἐδίδαξέ
1627 3755 1723 3808 με,
1765 3737 1952 3792 ταῦτα

374 3824 583 3891 me;
613 3827 729 3890 πῶς
751 3827 857 3899 8ὶή
890 3828 1044 3899 σὰρξ,
1079 3825 1232 3883 εἶπεν
1255 3828 1322 3883 ἂν
1341 3830 1442 3892 ὅτι,
1476 3829 1621 3898 Ἐγὼ
1641 3831 1711 3883 τὰ
1731 3829 1954 3898 ἀρεστὰ

377 3914 538 3980 αὐτῷ
583 3916 728 3970 ποιῶ
768 3916 1065 3982 adnare,-
1100 3919 1225 3982 Πῶς
1257 3919 1317 3972 δὲ
1358 3921 1391 3990 ὴ
1439 3918 1577 3990 σὰρξ
1622 3916 1952 3974 ἀπεστάλθαι

378 4006 576 4077 ἑαυτὴν
611 4008 762 4080 παρά
796 4007 889 4062 τοῦ
932 4011 1146 4080 Πατρὸς
1181 4009 1401 4079 ἔλεγεν;
1443 4006 1590 4082 τΛρα
1640 4009 1696 4063 δὲ
1735 4009 1953 4080 Πατέρα

377 4097 481 4166 τῆς
509 4099 710 4169 σαρκὸς
737 4098 830 4151 τὸν
870 4098 1002 4151 Θεὸν
1045 4099 1224 4168 λέγειν
1267 4101 1431 4166 ὅσιον,
1465 4101 1498 4170 ἢ
1532 4099 1734 4172 μᾶλλον
1767 4098 1861 4153 τοῦ
1896 4101 1954 4152 ὲν

377 4189 519 4260 αὐτῇ
582 4189 964 4253 κατοικοῦντος
986 4207 1044 4243 τε
1078 4193 1172 4244 καὶ
1209 4191 1586 4264 ὲνεργοῦντοςς
1629 4193 1725 4256 Τίς
1761 4188 1853 4246 οῦν
1886 4187 1954 4263 ἦν

375 4271 566 4345 οῦτος;
596 4279 807 4352 Πότερα
850 4282 883 4334 6
915 4282 974 4334 ὲν
997 4281 1075 4351 τῷ
1103 4282 1213 4351 (15)
1241 4281 1359 4353 Θεῷ
1401 4284 1590 4352 Λόγος,
1614 4284 1776 4348 αὐτὸς
1817 4283 1890 4337 ὢν
1925 4285 1954 4336 6

377 4371 511 4436 Θεὸς
549 4371 693 4428 κατὰ
721 4372 1030 4436 Σαϐελλιον,
1079 4372 1134 4444 ἢ,
1177 4374 1311 4446 ὅπερ
1353 4375 1498 4428 ὅσιον
1529 4376 1622 4429 καὶ
1649 4376 1845 4447 ἀληθὶς
1869 4375 1954 4428 λέ-

380 4479 518 4530 γειν,
541 4464 571 4516 6
595 4463 703 4527 ζῶν
726 4465 817 4518 καὶ
843 4463 1088 4533 ὑφεστὼς
1111 4467 1424 4537 Μονογενὴς
1449 4467 1576 4530 Υἱὸς
1597 4467 1688 4521 τοῦ
1710 4468 1866 4522 Θεοῦ.
1891 4469 1954 4521 El

2053 3359 2509 3428 fuisse-Patrem;
2543 3375 2766 3417 necesse
2799 3372 2882 3416 est
2916 3363 2982 3416 de
3017 3362 3154 3416 Filio
3183 3363 3287 3417 hoc
3315 3359 3633 3431 pronuntie-

2055 3468 2200 3516 mus,
2229 3453 2302 3507 ab
2330 3452 2500 3522 ipsius
2529 3453 2716 3514 schola
2739 3461 2796 3508 et
2827 3453 3136 3522 disciplina,
3165 3453 3259 3522 qui
3298 3454 3401 3508 hoc
3425 3451 3629 3514 docuit,

2052 3540 2297 3615 profecti.
2351 3545 2505 3610 Quod
2557 3545 2605 3600 si
2665 3544 2813 3600 illum
2843 3544 3197 3616 abnegaverit
3246 3545 3631 3600 subsistentem

2051 3634 2360 3704 Marcellus,
2395 3651 2603 3694 merum
2631 3638 2778 3692 illum
2810 3637 3082 3691 hominem
3105 3638 3370 3692 concedat
3395 3643 3608 3703 Oportet

2053 3725 2123 3780 de
2157 3741 2384 3797 corpore
2413 3737 2576 3797 atque
2603 3727 2785 3782 anima
2811 3727 3202 3782 constitutum:
3233 3728 3307 3781 ita
3344 3736 3457 3780 uta
3489 3716 3632 3786 cum:

2056 3820 2200 3874 muni
2243 3829 2434 3875 natura
2465 3820 2742 3876 hominum
2781 3820 3090 3876 nullatenus
3141 3821 3379 3876 recedat.
3433 3819 3624 3876 Sed-et

2055 3911 2248 3980 dogma
2277 3913 2380 3967 hoc
2422 3910 2666 3966 Ecclesia
2691 3911 2881 3979 reiecit
2911 3912 3075 3966 etiam
3116 3925 3132 3966 :
3163 3913 3306 3982 quod
3349 3927 3470 3967 cum
3500 3913 3630 3968 olim

2054 4001 2293 4057 Ebionrei
2330 4011 2644 4058 tuerentur:
2694 4012 2749 4058 et
2773 4018 2878 4058 non
2914 4004 2986 4058 ita
3022 4003 3230 4072 pridem
3260 4016 3630 4076 pmpugnaret

2055 4093 2464 4160 Samosatenus,
2494 4104 2551 4150 et
2579 4095 2671 4166 qui
2707 4096 2775 4151 ah
2821 4095 2914 4151 illo
2943 4096 3386 4162 denominantur,
3422 4097 3634 4152 Paulin-

2057 4189 2131 4253 ni,
2164 4186 2514 4258 blasphemiae
2532 4187 2879 4253 sententiam,
2905 4189 2972 4242 ab
3001 4187 3242 4244 Ecclesia
3270 4188 3432 4242 latam
3464 4188 3518 4241 in
3538 4202 3634 4242 eos

2057 4279 2357 4335 subierunt.
2385 4277 2524 4346 Quid
2560 4292 2690 4349 ergo
2719 4287 2890 4334 restat
2919 4278 3088 4342 aliud,
3119 4294 3281 4349 quam
3321 4289 3381 4332 ut
3409 4292 3631 4334 carnem

2059 4375 2362 4431 introducat
2393 4373 2591 4428 nudam
2624 4374 2773 4429 omni
2802 4388 3027 4442 prorsus
3063 4373 3416 4429 habitatore?
3447 4376 3633 4428 admu-

2057 4467 2183 4522 dum
2216 4481 2402 4522 eorum
2444 4481 2729 4535 poparum,
2780 4479 2918 4535 quos
2945 4465 3150 4534 seipsos
3189 4465 3520 4527 motitantes,
3567 4480 3631 4518 a-

378 4549 438 4604 δὲ
468 4549 734 4622 μηδέτερα
772 4551 973 4606 τούτων
999 4553 1168 4622 λέγοι,
1195 4554 1253 4619 ἐξ
1291 4556 1537 4627 ἀνάγκης
1588 4558 1949 4630 ὑποστήσεται

2056 4569 2226 4631 gyrtae
2261 4559 2694 4614 circumducunt.
2726 4555 2792 4609 Et
2816 4569 2924 4624 quo
2956 4564 3115 4623 pacto
3147 4569 3298 4621 caro,
3341 4563 3396 4609 et
3429 4554 3634 4623 ipsum-

385 4642 561 4715 ψυχὴν
599 4643 907 4716 ἀνθρώπου,
945 4647 1037 4700 καὶ
1067 4646 1220 4700 ἔσται
1255 4647 1403 4719 αὐτῷ
1437 4648 1591 4718 ψιλὸς
1617 4649 1949 4723 ἀνθρωποςὸ

2057 4662 2170 4706 ruet
2193 4666 2286 4720 per
2314 4651 2550 4720 seipsum
2602 4662 2791 4716 corpus
2823 4647 3029 4717 absque
3063 4647 3172 4699 ullo
3208 4647 3526 4714 inoperante
3551 4647 3632 4699 di-

382 4734 634 4805 Χριστός.
677 4739 787 4791 Καὶ
816 4738 998 4792 οὐκέτι
1054 4739 1356 4804 Σασὲλλιος,
1402 4741 1697 4805 Παυλιανδς
1743 4742 1786 4794 δ’
1821 4745 1952 4814 ἡμῖν

378 4825 551 4891 ἔσται,
571 4829 602 4882 6
633 4828 750 4892 νέος
793 4830 1162 4902 συγγραφεύς.
1190 4832 1253 4886 Ei
1275 4831 1332 4898 δὲ
1369 4832 1460 4885 τὸν
1482 4835 1539 4887 εν
1569 4834 1650 4905 τῷ
1817 4839 1948 4909 φαίη

379 4918 548 4988 Λόγον
578 4921 852 4992 ἐνοικῆσαι
879 4926 946 4994 τῇ
972 4926 1154 4996 σαρκὶ,
1181 4923 1336 4980 οὐδὲν
1354 4922 1539 4996 Ξτερον
1559 4925 1686 4980 ὄντα
1709 4926 1948 4998 ῆΛόγον.

382 5012 474 5064 καὶ
501 5013 672 5083 Λόγον
701 5017 1034 5086 σημαντικὸν
1066 5018 1098 5090 ἢ
1122 5017 1471 5090 ἐνεργητικόν
1490 5035 1502 5045 ·
1529 5018 1624 5072 καὶ
1661 5019 1777 5084 πῶς
1796 5013 1948 5084 οὗτος

381 5096 534 5157 εἶπεν
555 5105 620 5159 ἂν
637 5106 738 5176 ζῇν
763 5107 1063 5173 ἰδιάζουσαν
1084 5109 1230 5181 ζωὴν
1252 5107 1405 5179 παρά
1439 5108 1532 5162 τὸν
1554 5109 1772 5180 Πατέρα
1794 5126 1807 5174 ;
1837 5110 1946 5164 Ποῦ

379 5192 437 5244 δὲ
462 5193 621 5256 αὐτὸς
642 5195 946 5249 ἀπέσταλτο
970 5197 1310 5267 συνημμένος
1337 5198 1429 5250 καὶ
1455 5198 1728 5268 ἡνωμένος
1754 5198 1839 5249 ἀεὶ
1872 5200 1946 5269 τῷ

458 5399 515 5456 ἧς
555 5392 652 5447 Ed.
678 5393 851 5450 Paris.
879 5411 998 5466 pag.
1029 5396 1120 5450 9i.

453 5575 530 5645 (9)
574 5578 799 5660 ἘπειόςΔ
828 5579 1080 5660 ῥπάρχει
1125 5583 1223 5638 τοῦ
1277 5583 1446 5660 Θεοῦ.
1497 5587 1709 5660 Potius
1744 5590 1956 5660 ὑπῆρχε

379 5644 486 5715 (εἰς
508 5646 714 5730 eodm},
748 5644 1064 5730 util-vortit,
1095 5662 1151 5707 et
1179 5655 1468 5724 συνῆπται.
1496 5657 1564 5712 Μ.
1592 5691 1645 5699 -
1664 5657 1778 5713 Mox
1803 5644 1960 5730 vulgo

387 5717 548 5782 σαρκὶ
580 5717 685 5772 καῖ
699 5738 748 5772 τ.
781 5717 929 5776 Υἱὸν.

401 5860 405 5864 _
455 5785 567 5872 (19)
598 5786 828 5872 Vulg‘oj
870 5793 1038 5858 deest,
1073 5805 1127 5850 et
1152 5810 1271 5851 mox
1299 5796 1454 5865 vulgo
1480 5797 1564 5850 ὁδε
1587 5797 1775 5867 φθεγξ.
1801 5813 1851 5855 et
1884 5800 1965 5854 in-

385 5859 463 5911 l'ra
491 5858 683 5928 δόγμα·
711 5858 743 5912 ὃ
769 5858 846 5916 δέ.

2056 4742 2219 4808 xerit,
2258 4741 2388 4808 Quae
2417 4741 2505 4795 ille
2536 4756 2617 4793 me
2661 4738 2864 4804 docuit,
2918 4740 3291 4806 eaproloqttor
3310 4739 3336 4790 ?
3365 4739 3633 4804 quomodo

2055 4849 2184 4888 caro
2212 4833 2430 4896 dixerit,
2480 4831 2592 4901 Ego
2632 4848 2848 4898 semper,
2891 4840 2939 4882 α
2965 4829 3154 4899 ubique
3182 4845 3244 4882 ea
3277 4844 3482 4894 operor,
3516 4843 3633 4894 quo:

2054 4931 2173 4976 sunt
2200 4921 2279 4975 illi
2313 4920 2730 4990 eomplacentia?
2757 4919 2876 4986 Quo
2934 4928 3109 4988 pacto,
3145 4935 3204 4973 se
3251 4932 3382 4972 caro
3412 4917 3631 4972 missam

2057 5016 2250 5072 dixerit
2283 5027 2314 5066 a
2352 5015 2544 5082 patre?
2587 5016 2741 5070 Anne
2792 5014 2974 5068 carnis
2999 5023 3207 5082 patrem
3236 5013 3416 5067 dicere
3443 5012 3628 5075 Deum,

2055 5117 2299 5163 sanctum
2327 5104 2454 5160 est?
2489 5113 2584 5159 aut
2610 5104 2786 5174 potius
2815 5103 2953 5173 ejus,
2979 5105 3072 5175 qui
3097 5119 3316 5160 carnem
3353 5104 3554 5161 insidet
3579 5119 3636 5159 et

2057 5199 2359 5254 inhabitet?
2387 5197 2518 5264 Quis
2552 5197 2766 5251 tandem
2812 5198 2898 5252 ille
2930 5199 3129 5251 fuerit?
3159 5197 3366 5252 Numne
3404 5197 3630 5252 Verbum

2138 5585 2182 5653 (1
2203 5584 2246 5652 1)
2276 5581 2593 5652 Δυσςρημίας
2624 5581 2694 5636 δί.
2728 5584 2780 5638 in
2827 5599 3008 5649 corr.;
3054 5599 3178 5638 mox
3211 5586 3368 5652 vulgo
3397 5586 3448 5637 τί
3489 5585 3546 5639 δέ
3577 5594 3633 5637 et

2065 5653 2351 5726 δίκην-τῂν
2371 5669 2428 5703 π.
2467 5723 2485 5726 Α
2940 5725 2943 5726 ν
3063 5724 3072 5726 4
3220 5722 3228 5726 Δ
3645 5689 3648 5692 .

2140 5722 2252 5793 (1⁸2)
2431 5723 2636 5777 εἴπειεν
2661 5742 2674 5786 ;
2709 5741 2828 5778 mox
2865 5725 3022 5792 vulgo
3050 5724 3115 5778 ἂν
3143 5722 3252 5792 ἐγὼ
3283 5726 3371 5778 τά.

2143 5795 2256 5865 (13)
2279 5792 2450 5862 Vulgo
2495 5811 2604 5848 om.
2628 5795 2724 5864 τῷ,
2762 5807 2816 5850 et
2868 5793 3003 5849 infra
3050 5796 3204 5864 vulgo
3239 5795 3631 5865 συνημμένοςῆ

2069 5863 2356 5932 ἠνομίνος.
