4158 6390
521 431 624 488 879

1217 425 1480 480 EL’SEBII
1519 420 1994 479 C/ESAIHENSIS
2030 419 2178 479 OPP.
2225 418 2401 476 PARS
2440 419 2528 480 IV.
2568 447 2636 460 —
2677 413 3092 473 DOGMATICA.

3655 407 3757 462 880

524 550 653 606 illud
675 551 818 620 quod
846 550 898 604 in
936 548 1044 602 Deo
1072 548 1267 611 fuerat,
1293 546 1519 616 ipsemet
1547 546 1686 600 idem
1715 544 1879 610 Deus,
1911 554 1968 598 ut
1995 543 2092 598 Sa-

2208 541 2346 613 Βεῷ;
2371 541 2492 603 Πῶς
2516 537 2828 592 διδάσκαλον
2850 533 3013 588 αὐτοῦ
3040 546 3204 601 φησιν
3227 522 3365 582 εἶναι
3392 527 3483 581 τὸν
3510 524 3758 596 Πατέρα;

523 642 688 696 bellin
725 638 918 710 placuit
947 639 1087 692 ?aut
1118 638 1293 707 potius
1337 636 1498 709 (quod
1527 651 1647 691 cum
1681 637 1964 691 sanctitate
1985 645 2090 690 stat

525 743 578 784 et
612 728 858 796 veritate)
892 728 1078 782 vivens
1126 736 1180 782 et
1214 726 1519 782 subsistens
1561 727 1871 796 unigenitus
1923 725 2091 780 Filius

531 825 624 881 Dei
645 824 668 850 "
695 823 846 888 Quod
875 820 919 874 si
959 819 1088 874 nihil
1123 819 1314 874 horum
1349 817 1447 889 ipsi
1487 818 1753 884 arriserit,
1782 816 2092 873 omnimodo

527 914 817 970 substituet
853 911 940 966 hic
962 912 1247 965 humanam
1273 911 1544 976 animam;
1574 918 1733 979 atque
1760 911 1833 964 ita
1885 910 1990 963 erit
2019 909 2094 963 illi

527 1006 704 1060 nudus
735 1005 898 1057 homo
931 1001 1195 1057 Christus.
1230 998 1341 1055 Nec
1369 998 1596 1054 ulterius
1633 999 1787 1054 nobis
1831 997 2094 1052 Sabellius

527 1095 784 1167 prodibit,
811 1094 907 1148 sed
942 1093 1008 1147 de
1031 1101 1176 1148 secta
1201 1089 1607 1154 Paulianorum,
1636 1105 1806 1145 novus
1835 1091 2091 1160 scriptor.

528 1189 682 1255 Quod
713 1187 756 1242 si
808 1186 1041 1240 Verbum
1097 1183 1224 1238 illud
1257 1183 1457 1238 dixerit
1499 1182 1772 1237 hominem
1829 1183 2092 1247 habitare,

530 1279 672 1348 quod
708 1278 762 1330 in
795 1275 904 1330 Deo
962 1273 1084 1342 fuit,
1131 1274 1261 1329 nihil
1295 1273 1440 1328 aliud
1496 1275 1693 1343 ipsum.
1725 1273 1825 1328 nisi
1863 1273 2094 1328 Verbum

531 1371 819 1433 exsistens,
851 1377 904 1424 et
927 1365 1156 1422 Verbum
1189 1364 1603 1436 significativum
1635 1365 1718 1420 vel
1741 1366 2093 1436 operativum,

532 1477 638 1530 quo
666 1470 821 1531 pacto
837 1461 941 1514 hoc
959 1459 1187 1523 dicatur,
1212 1460 1376 1512 vitam
1403 1456 1672 1528 propriam
1695 1467 1750 1512 et
1775 1456 2097 1527 peculiarem
2119 1493 2122 1495 λ

533 1552 717 1606 vivere
764 1549 1064 1618 sejunctam
1098 1563 1128 1601 a
1159 1546 1352 1601 Patre?
1384 1545 1502 1613 Quo
1534 1547 1732 1601 missus
1771 1547 1871 1600 fuit
1897 1547 1984 1602 ille
2009 1546 2100 1617 qui

536 1643 752 1712 quidem
806 1641 1054 1696 counitus
1079 1654 1313 1709 semper,
1341 1647 1395 1692 et
1434 1637 1711 1708 copulatus
1745 1638 1893 1693 Patri
1925 1639 2103 1694 consi-

536 1733 751 1790 stebat?
777 1732 894 1799 Quo
922 1741 1078 1802 pacto
1099 1741 1478 1800 praeceptorem
1505 1744 1658 1784 suum
1681 1729 1907 1783 affirmat
1933 1729 2099 1784 Deum

537 1823 795 1879 Patrem?
825 1839 931 1892 quo
961 1834 1124 1892 pacto
1169 1837 1227 1877 se
1258 1835 1471 1890 semper
1511 1830 1566 1876 et
1616 1827 1673 1886 >14
1712 1822 1910 1892 ubique
1955 1821 2101 1875 Patri

538 1932 636 1972 suo
666 1913 1050 1984 complacentia
1085 1913 1282 1968 fecisse
1313 1913 1488 1968 dicet?
1527 1911 1662 1967 Sunt
1703 1914 1845 1967 enim
1895 1913 1976 1967 ha:
2003 1928 2101 1967 vo-
2133 1893 2176 1949 Β

540 2028 634 2067 ccs
671 2010 804 2065 satis
836 2009 998 2063 clara).
1029 2015 1083 2062 et
1117 2005 1417 2060 manifestae
1445 2004 1536 2058 filii
1583 2004 1722 2058 illius
1754 2004 1858 2058 vivi
1890 2014 1946 2060 et
1972 2003 2104 2060 sub-

542 2101 804 2164 sistentis,
839 2099 928 2170 qui
963 2098 1158 2168 ubique
1207 2109 1353 2152 certe
1390 2113 1486 2167 per
1539 2095 1885 2167 Evangelium
1910 2097 2102 2166 depre-

541 2205 698 2248 catur
742 2192 980 2259 Patrem,
1039 2200 1096 2245 et
1131 2205 1160 2243 a
1191 2190 1374 2251 Patre.
1427 2197 1485 2242 ut
1534 2203 1593 2243 se
1623 2187 1905 2258 glorificet,
1949 2189 2102 2257 petit.

543 2287 672 2352 Quae
723 2283 940 2356 quidem
1010 2281 1212 2349 omnia,
1269 2281 1398 2352 qttid
1469 2279 1608 2335 aliud
1667 2279 1883 2344 ducent,
1941 2295 2103 2351 quam

542 2380 717 2448 ipsum
767 2391 952 2432 revera
983 2373 1329 2430 suhsﬁtisse?
1375 2371 1642 2444 imprimis
1671 2370 1759 2424 ubi
1807 2371 1881 2425 ait
1915 2371 2106 2426 :Duo-

543 2488 657 2525 rum
696 2471 959 2524 hominum
999 2468 1347 2520 testimonium
1377 2480 1553 2520 verum
1579 2472 1674 2518 est.
1719 2462 1828 2534 Ego
1857 2479 1994 2529 sum,
2019 2463 2107 2533 qui

544 2561 895 2617 testimonium
940 2559 1182 2627 perhibeo
1216 2556 1549 2624 mihimetipsi
1601 2570 1620 2607 :
1647 2565 1694 2607 et
1741 2555 1828 2623 qui
1861 2553 2002 2607 misit
2028 2569 2108 2606 me

545 2653 727 2717 Pater,
751 2651 815 2705 de
835 2667 914 2704 me
941 2651 985 2704 is
1008 2649 1237 2718 perhibet
1261 2647 1612 2701 testimonium
1631 2645 1672 2697 ⁷.
1703 2644 1805 2699 Tot
1827 2643 1959 2697 locis
1986 2657 2106 2696 cum

545 2759 605 2799 se
636 2743 815 2798 vivum
847 2739 1219 2811 pnedicaverit
1247 2737 1522 2802 Servator,
1557 2749 1820 2804 nusquam
1842 2747 1900 2788 se
1930 2742 2106 2787 tamen

557 2834 778 2890 Verbum
815 2831 1129 2893 nominavit,
1175 2829 1266 2883 sed
1310 2827 1524 2892 Filium,
1576 2836 1631 2880 et
1666 2825 1861 2888 lucem,
1907 2834 1961 2878 et
1995 2824 2110 2876 uni-

546 2926 806 2998 genitum,
830 2933 883 2978 et
917 2935 1108 2992 panem
1135 2925 1276 2972 vitae.
1322 2917 1492 2971 Verba
1527 2925 1706 2970 autem
1738 2929 1830 2969 sua
1870 2922 1925 2968 et
1949 2913 2109 2968 verba

547 3031 608 3071 se
642 3015 841 3069 habere
873 3012 1086 3082 quidem
1140 3009 1317 3074 docet,
1372 3007 1463 3061 ubi
1493 3005 1589 3070 ait,
1624 3004 1686 3060 Si
1730 3003 1844 3074 quis
1888 3000 2110 3057 Verbum

548 3120 720 3159 meum
765 3099 1141 3156 custodiverit'
1169 3115 1184 3152 :
1215 3107 1269 3151 at
1296 3095 1666 3165 semetipsum,
1704 3093 1936 3150 Verbum
1985 3109 2112 3148 nus-

548 3210 709 3265 quam
754 3193 1016 3249 nominat.
1058 3189 1122 3244 Et
1155 3197 1300 3245 certe
1333 3187 1754 3244 erubescendum
1792 3184 1865 3240 illi
1913 3184 2107 3244 fuerat.

547 3287 662 3356 qui,
692 3285 840 3340 hisce
878 3283 1128 3338 omnibus
1158 3295 1266 3334 non
1296 3278 1654 3347 obstantibus,
1701 3275 1932 3332 Verbum
1965 3276 2112 3331 illum

548 3387 602 3431 et
632 3375 764 3432 nihil
805 3373 947 3428 aliud
973 3373 1078 3428 nisi
1117 3371 1353 3426 Verbum
1401 3369 1719 3439 designavit.
1742 3368 1962 3425 Audisis
1985 3383 2114 3441 ergo

547 3483 668 3540 qua
699 3465 938 3537 scripsit,
976 3465 1128 3520 dixit.
1160 3463 1250 3537 [Β.
1292 3461 1584 3534 XXXVll.]
1624 3481 1643 3516 ι
1671 3461 1820 3517 Adeo
1854 3470 1912 3516 ut
1936 3461 2116 3515 omni-

554 3561 758 3614 cmodo
805 3555 1152 3612 manifestum
1217 3556 1398 3618 fuerit,
1474 3553 1676 3608 nullum
1730 3553 1872 3608 aliud
1922 3567 2113 3606 nomen

556 3671 573 3702 ι
605 3651 762 3708 Verbi
789 3650 1076 3707 mternitati
1102 3662 1400 3720 congruere
1422 3655 1616 3718 praeter
1639 3647 1740 3700 hoc
1763 3646 1956 3716 ipsum,
1980 3642 2118 3713 quod

554 3763 574 3796 ι
598 3741 973 3799 sanctissimus
1002 3741 1093 3797 Dei
1147 3739 1443 3810 discipulus
1490 3747 1546 3792 et
1583 3740 1861 3807 apostolus
1885 3735 2120 3791 Joannes

555 3855 574 3887 ι
604 3836 654 3890 in
683 3834 955 3907 principio
1004 3831 1277 3903 Evangelii
1327 3829 1648 3885 nominavit.
1687 3847 1706 3881 ι
1733 3827 1799 3882 Ει
1839 3827 2115 3882 secundo:

555 3946 572 3978 ι
610 3927 676 3982 Ut
705 3926 1035 3990 ostenderet,
1088 3922 1230 3993 quod
1272 3922 1316 3977 si
1342 3936 1537 3976 novum
1591 3933 1785 3974 nomen
1825 3918 2038 3987 aliquod
2064 3926 2119 3972 et

555 4035 575 4068 ι
607 4032 779 4086 nuper
809 4014 993 4069 datum
1020 4015 1068 4067 ei
1106 4012 1478 4076 conveniebat,
1507 4025 1537 4064 a
1557 4024 1698 4066 novo
1723 4019 1780 4064 et
1812 4023 1980 4078 nuper
2005 4017 2116 4062 tra-

556 4129 574 4159 ‹
604 4108 716 4164 dito
753 4116 1095 4172 testamento,
1128 4105 1229 4160 huc
1265 4115 1382 4159 erat
1428 4103 1602 4174 ipsum
1632 4118 1926 4172 congruum
1956 4101 2029 4155 illi
2063 4101 2117 4156 in

555 4221 573 4253 ι
598 4215 763 4256 carne
793 4197 1199 4268 dispensationi.
1229 4216 1247 4247 ι
1284 4197 1350 4250 Et
1371 4195 1562 4250 tertio:
1582 4213 1600 4246 ι
1626 4193 1911 4262 Quocirca,
1938 4193 2118 4264 prius-

555 4316 574 4346 ι
597 4307 759 4364 quam
795 4290 1164 4352 descenderet,
1193 4299 1248 4344 et
1273 4289 1339 4343 de
1364 4285 1585 4358 Virgine
1613 4294 1949 4340 nasceretur.
1980 4282 2118 4339 Ver-

557 4403 576 4434 ι
593 4383 721 4437 bum
739 4390 857 4436 erat
878 4379 1267 4434 tantummodo.
1293 4377 1430 4444 Quid
1452 4377 1594 4432 enim
1613 4385 1756 4431 esset
1775 4374 1917 4431 aliud
1941 4375 2118 4445 prius-

2191 633 2313 697 Πῶς
2337 634 2394 687 δὲ
2415 632 2482 686 τὰ
2504 629 2709 703 ἀρεστά
2747 628 2824 699 τῷ
2867 626 3044 696 Ila-cpi.
3067 623 3298 677 πάντοτε
3338 619 3598 692 πράττειν
3641 620 3765 670 ἐαυ-

2189 728 2280 780 τὸν
2303 725 2521 793 ἕλεγεν;
2568 716 2728 776 αὗται
2769 719 2878 791 γὰρ
2933 716 3228 789 διαρρήδην
3269 712 3402 767 Υἱοῦ
3456 711 3765 783 ὑφεστῶτος

2193 820 2284 872 καὶ
2307 818 2505 883 ζῶντος
2533 816 2645 885 (14)
2667 810 2776 867 εἷεν
2800 813 2865 865 ἂν
2891 809 3086 880 φωναὶ,
3105 808 3198 861 καὶ
3221 807 3288 860 δι’
3313 806 3434 860 ὅλου
3457 805 3513 858 δὲ
3536 805 3646 874 (15)
3672 803 3766 856 τοῦ

2193 910 2518 979 Εὐαγγελίου
2555 909 2584 959 ὁ
2621 906 2908 976 εὐχόμενος
2946 901 3026 972 τῷ
3062 901 3255 971 Πατρὶ,
3292 899 3526 965 δοξάζων
3547 899 3636 951 τὸν
3661 898 3771 951 Πα-

2191 1000 2324 1070 τέρα
2347 1002 2374 1052 ὁ
2403 997 2549 1068 παρά
2585 995 2678 1049 τοῦ
2713 993 2922 1064 Πατρδς
2945 990 3268 1059 δοξασθῆναι
3293 987 3479 1052 ἀξιῶν,
3503 986 3554 1040 τί
3584 988 3768 1056 ἕτερον

2194 1091 2228 1160 ἢ
2257 1087 2540 1159 ὑφεστῶτα
2569 1085 2759 1138 ἑαυτὸν
2779 1084 3036 1144 δείκνυσι,
3087 1081 3182 1133 καὶ
3223 1079 3457 1150 μάλιστα
3493 1080 3582 1132 ὅτε
3615 1078 3767 1146 φησι,

2197 1182 2311 1236 Δύο
2357 1176 2680 1246 ἀνθρώπων
2715 1178 2753 1243 ἡ
2787 1173 3080 1243 μαρτυρία
3124 1169 3356 1238 ἀληθής
3397 1169 3587 1223 ἐστιν.
3627 1165 3771 1235 Ἐγώ

2195 1277 2309 1344 εἰμι
2341 1276 2373 1326 ό
2413 1267 2728 1341 μαρτυρῶν
2757 1266 2890 1335 περὶ
2926 1263 3213 1335 ἐμαυτοῦο
3247 1263 3360 1316 καί·
3419 1261 3481 1314 '0
3531 1262 3771 1330 πέμψας

2193 1383 2269 1436 με
2299 1364 2500 1432 Πατὴρ
2526 1359 2816 1432 μαρτυρεῖ
2838 1359 2968 1427 περὶ
2997 1356 3160 1427 ἐμοῦ.
3190 1353 3290 1407 Διά
3319 1352 3588 1408 τοσούτων
3613 1350 3770 1414 αὐτὸς

2198 1459 2228 1510 ὁ
2277 1455 2465 1526 Σωτὴρ
2509 1453 2686 1518 ζῶντα
2745 1453 2934 1504 ἑαυτὸν
2977 1449 3352 1521 παραστήσας,
3390 1443 3628 1515 οὐδαμοῦ
3675 1444 3769 1515 μὲν

2200 1549 2395 1617 Λόγον
2416 1543 2605 1598 ἑαυτὸν
2628 1542 2930 1611 ὠνόμασεν,
2957 1537 3085 1591 Υἱὸν
3107 1535 3185 1600 δὲ,
3209 1535 3304 1588 καὶ
3327 1531 3462 1603 φῶς,
3488 1531 3581 1584 καὶ
3604 1531 3772 1584 Μονο-

2201 1641 2355 1710 γενῆ,
2381 1637 2474 1691 καὶ
2497 1635 2660 1708 ἄρτον
2684 1633 2828 1703 ζωῆς
2855 1630 2985 1703 (16).
3035 1628 3168 1702 [Καὶ
3191 1626 3372 1680 πάντα
3395 1625 3572 1693 λόγον,
3601 1622 3633 1693 ἢ
3667 1621 3769 1675 Λό⁹

2203 1729 2344 1801 γον,]
2388 1729 2495 1783 Kal.
2537 1725 2693 1795 λόγον
2741 1724 2838 1794 μὲν
2873 1722 3016 1794 ἔχειν
3064 1720 3299 1774 διδάσκει
3349 1716 3594 1786 φάσκων,
3635 1711 3774 1766 Ἐάν

2203 1839 2292 1886 τις
2320 1818 2520 1889 ἀγαπᾷ
2545 1835 2640 1888 με,
2680 1815 2786 1871 τὸν
2813 1816 3007 1883 Λόγον
3033 1830 3151 1882 μου
3184 1808 3461 1878 τηρήσει·
3498 1803 3685 1858 ἑαυτὸν
3714 1801 3772 1854 δὲ

2203 1912 2371 1980 Λόγον
2405 1906 2540 1963 εἶναι
2579 1907 2638 1962 οὔ
2671 1923 2855 1978 φησιν.
2891 1905 3013 1968 Πῶς
3055 1898 3146 1956 οὖν
3181 1901 3316 1974 μετά
3360 1899 3532 1952 ταῦτα
3577 1895 3770 1953 πάντα,

2203 2004 2302 2057 οὐκ
2337 2002 2560 2074 ἐρυθριᾷ
2587 2003 2616 2054 ό
2646 2000 2802 2070 μόνον
2846 1996 3037 2065 Λόγον,
3079 1995 3172 2048 καὶ
3214 1993 3364 2046 οὐδὲν
3405 1992 3589 2062 ἓτερον
3636 1985 3771 2041 εἶναι

2206 2095 2365 2148 αὐτὸν
2393 2092 2844 2162 ἁποφηνάμενοςς
2881 2087 3208 2141 Ἐπάκουσον
3225 2083 3352 2151 γοῦν
3375 2083 3520 2144 ὅπως
3547 2080 3769 2152 ἔγραφε,

2205 2186 2396 2255 λέγων,
2435 2205 2454 2235 ι
2481 2185 2643 2236 Ὥστε
2685 2175 3014 2248 πανταχόθεν
3051 2175 3206 2246 δῆλόν
3249 2177 3365 2227 ἐστι
3398 2171 3560 2243 μηδὲν
3592 2169 3773 2236 ἕτερον

2213 2296 2230 2328 ι
2259 2279 2323 2347 τῇ
2361 2265 2619 2346 ἀῖδιότητι
2651 2271 2741 2325 τοῦ
2772 2271 2949 2340 Λόγου
2981 2267 3268 2339 ἁρμόττειν
3313 2263 3505 2334 ὄνομα,
3536 2263 3570 2333 ἢ
3606 2259 3772 2320 τοῦθ’.

2215 2388 2232 2420 ι
2256 2370 2390 2439 ὅπερ
2410 2369 2437 2420 ό
2460 2364 2762 2434 ἀγιώτατος
2781 2361 2876 2416 τοῦ
2899 2360 3032 2416 Θεοῦ
3064 2357 3310 2431 μαθητὴς
3341 2357 3436 2410 καὶ
3485 2352 3777 2414 ἀπόστολος

2215 2481 2232 2512 ‹
2275 2461 2544 2530 Ἰωάννης,
2570 2459 2628 2511 ὲν
2661 2459 2801 2529 ἀρχῇ
2835 2453 2928 2508 τοῦ
2959 2451 3284 2522 Εὑαγγελίου
3317 2444 3777 2519 εἷπεν(17).[Καὶ

2216 2575 2233 2604 ι
2255 2550 2462 2622 πάλιν·]
2483 2552 2596 2604 Ἵνα
2617 2549 2766 2622 δείξῃ
2785 2549 2865 2602 ὅτι
2879 2544 3188 2616 εῐτιικαινὸν
3207 2543 3300 2597 καὶ
3314 2541 3569 2610 νεώτερον
3585 2539 3775 2608 ὄνομα,

2217 2663 2237 2694 ι
2258 2642 2400 2696 τοῦτ’
2435 2641 2540 2695 ἀπὸ
2569 2640 2668 2710 τῆς
2708 2641 2899 2709 καινῆς
2931 2635 3083 2706 αὐτῷ
3116 2635 3210 2688 καὶ⁵
3249 2634 3375 2697 νέας
3406 2632 3611 2702 ὑπῆρξε
3641 2627 3778 2682 κατά

2217 2755 2235 2786 ι
2262 2734 2439 2806 σάρκα
2466 2732 2792 2803 οἰκονομίας.
2812 2728 2947 2802 [Καὶ
2961 2725 3162 2800 αὖθιςοξ
3185 2723 3393 2780 Οὐκοῦν
3423 2722 3528 2794 πρὸ
3559 2720 3658 2792 μὲν
3683 2716 3779 2771 τοῦ

2218 2848 2236 2881 ι
2267 2826 2562 2886 κατελθεῖν.
2578 2825 2670 2880 καὶ
2697 2825 2784 2877 διὰ
2804 2825 2900 2895 τῆς
2933 2822 3202 2894 Παρθένου
3227 2817 3502 2890 τεχθῆναι,
3519 2815 3686 2883 Λόγος
3713 2809 3783 2883 ἦν

2218 2942 2237 2973 ι
2265 2923 2443 2993 μόνον.
2485 2919 2639 2972 Ἐπεὶ
2663 2918 2715 2971 τί
2743 2916 2830 2970 ἓτε
2841 2934 2930 2988 ρον
2959 2911 3049 2986 ἦν,
3077 2914 3180 2985 πρὸ
3203 2911 3294 2966 τοῦ
3322 2909 3418 2981 τὴν
3439 2907 3782 2980 ἀνθρωπίνην

2220 3035 2237 3067 ι
2259 3012 2544 3068 ἀναλαϐεῖν
2577 3012 2773 3080 σάρκα,
2791 3009 2850 3062 τὸ
2881 3006 3144 3076 κατῆλθον
3168 3005 3252 3057 ἐπ’
3279 3002 3517 3072 ἐσχάτων
3545 2998 3650 3051 τῶν
3674 2995 3784 3067 (18)

2220 3123 2238 3156 ι
2269 3101 2486 3174 ἡμερῶν
2505 3117 2518 3165 ;
2538 3100 2612 3164 ὡς
2641 3100 2733 3154 καὶ
2760 3099 2922 3162 αὐτὸς
2947 3097 3210 3168 γέγραφε.
3230 3093 3338 3146 Kal.
3358 3091 3418 3144 τὸ
3445 3086 3698 3158 γεννηθὲν
3722 3086 3784 3137 ὲκ

2221 3208 2238 3240 ι
2271 3173 2369 3260 τῆς
2388 3173 2671 3258 Παρθένου
2700 3185 2849 3239 οὐδὲν
2877 3185 3062 3256 ἕτερον
3085 3179 3153 3255 ἦν
3180 3183 3214 3254 ἢ
3251 3181 3440 3248 Λόγος.
3472 3196 3490 3229 ι
3538 3173 3786 3230 Τοσαῦτα

2218 3278 2520 3352 Μαρκέλλῳ
2560 3279 2732 3330 εἰπεῖν
2779 3276 2872 3328 καὶ¹
2909 3271 3282 3344 ἀποφήνασθαι
3326 3270 3575 3341 πάρεστι,
3601 3264 3687 3317 διὰ
3726 3263 3788 3316 τὸ

2223 3373 2296 3444 μὴ
2322 3371 2603 3443 ὁμολογεῖν
2631 3370 2721 3423 τὺν
2761 3369 2888 3422 Υίὸν
2924 3365 3018 3420 τοῦ
3056 3365 3212 3427 Θεοῦ,
3245 3362 3380 3434 πρὸς
3406 3361 3464 3414 ὃν
3493 3356 3644 3412 εἶπεν
3672 3356 3738 3409 ἂν
3758 3357 3788 3408 ὁ

2218 3461 2623 3532 Εὐαγγελιστὴς
2679 3460 2817 3531 μέγα
2854 3456 3170 3527 ὲπιὸοήσας.
3212 3452 3276 3505 Τί
3311 3452 3446 3522 φῂς,
3499 3447 3785 3517 ἀνθρωπε;

2220 3557 2294 3609 υὺ
2321 3557 2515 3625 Λόγον
2565 3552 2723 3606 αὑτὸν
2761 3551 2896 3621 ἔφην
2933 3549 3092 3620 μόνον
3117 3587 3131 3610 ,
3179 3543 3338 3598 ἀλλὰ
3382 3541 3479 3596 καὶ
3512 3539 3661 3594 Θεὸν
3688 3535 3787 3588 καὶ

2218 3644 2346 3716 φῶς
2368 3645 2434 3698 τὸ
2464 3642 2714 3714 φωτίζον
2755 3641 2951 3695 πάντα
2996 3637 3309 3706 ἄνθρωπον
3350 3633 3676 3702 ἐρχόμενον
3699 3631 3786 3692 εἰς

2217 3736 2326 3790 τὸν
2357 3735 2608 3804 κόσμον,
2640 3732 2737 3788 καὶ
2767 3728 3074 3801 Μονογενῆ
3112 3727 3250 3782 Υίὸν
3279 3726 3385 3781 τὸν
3406 3725 3492 3787 εἰς
3522 3720 3629 3774 τὸν
3651 3720 3790 3772 κόλ-

2219 3847 2337 3884 πον
2367 3829 2470 3883 τοῦ
2514 3826 2761 3894 Πατρός.
2781 3826 2872 3896 Μὴ
2892 3824 2956 3894 δὴ
2991 3823 3148 3895 μόνον
3175 3816 3266 3874 οὖν
3290 3813 3685 3885 συκοφαντείτω
3705 3826 3788 3872 τις

2219 3920 2308 3974 τὸν
2325 3919 2570 3988 θεολόγον
2590 3918 2724 3988 (19),
2744 3917 2858 3970 ἀλλ’
2883 3915 3124 3987 ἀκρισῶς
3152 3912 3390 3966 ὲπαῖὲτω
3413 3905 3788 3970 αὑτοῦ,όποὶον

2171 4063 2180 4072 ,
2218 4012 2446 4065 ὑπέθετο
2473 4010 2665 4080 Λόγον,
2681 4008 2832 4080 παρά
2865 4008 3029 4070 πόδας
3051 4004 3312 4074 συνάψας,
3354 4000 3463 4057 Καὶ
3490 3998 3634 4062 Θεὸς
3656 3991 3735 4064 ἦν
3755 3997 3788 4047 δ

2219 4109 2410 4177 Λόγος
2429 4123 2444 4136 ·
2469 4106 2562 4159 καὶ
2584 4101 2891 4176 προστιθεὶς
2916 4099 2996 4163 τὸ,
3016 4095 3217 4151 Πάντα
3233 4094 3308 4147 δι’
3324 4089 3508 4147 αὑτοῦ
3531 4085 3786 4177 ἐγένετοΣ

2219 4173 2376 4251 Κατὰ
2411 4197 2468 4250 δὲ
2520 4173 2680 4248 αὐτόν
2727 4191 2818 4245 τὸν
2867 4188 2974 4242 τῶν
3013 4186 3148 4241 ὅλων
3189 4183 3420 4254 Σωτῆρα
3468 4177 3590 4232 οὐδὲ
3640 4173 3788 4238 ἅπαξ

2220 4288 2536 4359 ὠνόμασται
2565 4285 2754 4352 Λόγος,
2805 4279 2943 4335 ἀλλὰ
2973 4277 3104 4341 Υἱὸς
3133 4275 3291 4337 Θεοῦ,
3325 4272 3418 4327 καὶ
3454 4265 3786 4359 Μονογενῆς,

2222 4357 2485 4450 καὶήφῶς,
2531 4378 2627 4432 καὶ
2667 4376 2802 4447 ζωὴ,
2849 4375 2942 4427 καὶ
2973 4369 3218 4442 ἀλήθεια,
3253 4367 3348 4420 καὶ
3379 4364 3556 4418 πάντα
3592 4357 3789 4431 μᾶλλον

555 4490 758 4544 «quam
815 4488 1034 4529 carnem
1111 4471 1400 4526 humanam
1476 4470 1807 4532 assumebat,
1865 4469 1931 4533 is,
1999 4469 2115 4536 qui,
2149 4461 2254 4541 υῆ
2290 4470 2478 4538 Λόγος.

557 4543 746 4638 equod
786 4566 853 4621 ab
891 4566 1007 4636 ipso
1053 4566 1313 4635 scriptum
1377 4570 1481 4628 est,
1546 4561 1828 4617 descendit
1864 4561 1917 4614 in
1993 4562 2304 4618 novissimis
2361 4561 2728 4632 temporibus?
2777 4569 2924 4614 certe
2979 4563 3137 4609 natus
3170 4552 3236 4607 de
3293 4547 3513 4618 Virgine
3559 4543 3693 4600 nihil
3735 4558 3790 4594 a-

556 4681 576 4714 ι
601 4637 710 4718 liud
737 4670 874 4715 erat.
909 4678 926 4711 ι
958 4658 1080 4713 [hec
1116 4656 1274 4711 facile
1295 4654 1394 4710 fuit
1459 4655 1692 4709 sciscere
1729 4661 1779 4707 et
1841 4653 2047 4706 sentire
2105 4651 2382 4718 Marcello,
2436 4663 2719 4724 propterea
2775 4651 2918 4720 quod
2942 4646 3137 4702 Filium
3187 4643 3279 4698 Dei
3317 4655 3420 4694 non
3455 4637 3789 4706 proﬁteatur,

551 4758 617 4810 ad
649 4768 810 4824 quem
841 4767 935 4806 sua
987 4747 1254 4804 referebat
1301 4746 1649 4815 evangelista.
1699 4744 1839 4812 Quid
1889 4746 1990 4809 ais,
2057 4745 2129 4799 mi
2170 4746 2373 4802 homo?
2440 4723 2555 4800 Non
2602 4745 2750 4798 illum
2811 4738 3148 4796 solummodo
3191 4727 3493 4788 nominavit
3540 4723 3784 4790 Verbum.

549 4846 639 4900 sed
663 4854 712 4899 et
748 4842 954 4896 Deum:
985 4842 1074 4892 sed
1101 4845 1288 4902 lucem,
1316 4838 1704 4890 illuminantem
1763 4849 1967 4888 omnem
2006 4833 2265 4888 hominem
2312 4838 2366 4889 in
2434 4836 2571 4890 hunc
2640 4834 2895 4888 mundum
2959 4831 3244 4886 venientem
3283 4845 3303 4883 :
3340 4831 3434 4883 sed
3466 4826 3790 4896 unigenitum

554 4936 774 4999 Filium,
813 4933 900 5002 qui
937 4931 1037 5000 fuit
1074 4931 1128 4984 in
1169 4931 1289 4983 sinu
1330 4928 1509 4983 Patris
1529 4931 1571 4982 ’.
1615 4926 1785 4983 Nemo
1843 4927 2046 4982 idcirco
2070 4927 2139 4982 de
2175 4928 2303 4983 hinc
2350 4929 2654 5000 theologum
2723 4936 2776 4982 et
2823 4925 3208 4996 evangelistam
3249 4922 3630 4981 calumnietur,
3693 4916 3789 4968 sed

553 5043 675 5082 cum
724 5023 1075 5078 accuratione
1114 5021 1262 5074 illum
1314 5019 1517 5081 audiat,
1569 5018 1860 5087 qualenam
1894 5016 2132 5070 Verbum
2172 5017 2510 5087 designabat,
2573 5034 2696 5073 cum
2723 5017 2908 5071 statim
2936 5012 3200 5080 intulerit,
3230 5011 3296 5066 Et
3335 5010 3475 5064 Deus
3499 5017 3614 5063 erat
3668 5003 3792 5058 Ver-

553 5122 692 5173 bum.
751 5116 850 5171 Cui
900 5126 954 5168 et
993 5114 1191 5184 adjecit
1233 5113 1381 5176 illud,
1439 5111 1628 5166 Omnia
1665 5128 1757 5180 per
1794 5110 1945 5163 illum
1984 5111 2124 5179 facta
2160 5122 2281 5166 sunt
2308 5113 2373 5166 ³⁸.
2428 5114 2498 5167 At
2545 5112 2616 5167 ab
2665 5113 2898 5182 ipsomet
2958 5110 3250 5164 Servatore
3314 5101 3698 5166 universitatis,
3729 5114 3795 5153 ne

627 5263 686 5321 ὦ
722 5255 819 5309 Ed.
859 5254 1034 5307 Paris.
1063 5267 1184 5320 pag.
1212 5252 1304 5304 92.

622 5311 827 5381 rJoan.
853 5341 969 5390 VIII,
1011 5311 1096 5388 Π,
1128 5311 1212 5377 ἱ8.
1288 5323 1306 5350 ⁸
1344 5320 1474 5374 ibid.
1506 5318 1596 5381 5|,
1619 5317 1707 5372 52.
1783 5318 1803 5348 ⁹
1833 5315 1988 5371 Joan.
2030 5333 2066 5382 ι,

2208 5316 2251 5378 9.
2295 5313 2381 5366 18.
2460 5311 2741 5365 "ibid.5.

2220 5471 2273 5524 p.
2299 5451 2370 5524 92
2401 5449 2589 5524 D].V—
2620 5449 2737 5524 Mos
2773 5447 2932 5524 vulgo
2960 5447 3186 5524 Expatbe.

2293 5523 2405 5591 (Π)
2436 5507 2831 5591 ἑύαγγελίουᾼ
2845 5507 3056 5591 sietsi}:
3083 5507 3225 5591 [lege
3247 5507 3422 5591 εἶπεν.
3439 5511 3530 5591 _M.

2287 5583 2397 5662 (‘18)
2425 5583 2738 5660 Vulgo'om.
2767 5587 2901 5662 τῶν.
2926 5588 3045 5662 hic;
3070 5583 3233 5662 vulgo
3266 5583 3506 5662 unum};
3527 5598 3584 5662 τ.
3633 5596 3690 5662 (ρ.
3728 5592 3791 5628 π.

2213 5651 2706 5732 ἄνθρ.’ὲρχ.ἐἰςτ.
2737 5678 2791 5712 κ.
2827 5661 2919 5732 καὶ
2941 5658 3074 5732 Θεὸν
3104 5651 3202 5732 ua}.
3241 5673 3299 5732 μ.
3339 5655 3464 5732 [ibit
3491 5652 3582 5732 τὸν
3615 5651 3695 5711 είς
3737 5665 3795 5698 u.

2210 5752 2258 5786 τ.
2286 5718 2375 5795 IL,
2411 5718 2502 5785 inii
2533 5733 2592 5784 οὐ
2620 5718 2774 5798 λόγον
2809 5728 2970 5799 μόνον
2994 5727 3096 5797 ἔφη
3127 5718 3308 5799 αὐτόν.
3344 5725 3436 5799 Μὴ
3455 5718 3577 5777 οὖν.

2283 5805 2395 5874 (l9)
2427 5803 2595 5871 Vulgo
2614 5796 2866 5867 θεολόγον
2896 5798 2987 5852 καὶ
3015 5796 3426 5864 εὐαγγελιστήν.

621 5467 735 5538 (Η)
758 5465 924 5538 Vulgo
950 5465 1147 5538 ζῶντος
1180 5463 1275 5515 xal.
1311 5462 1498 5538 ὑφεστ.

619 5530 730 5604 (15)
757 5530 930 5603 Vulgo
959 5537 1045 5599 ἄν,
1073 5545 1128 5589 et
1164 5548 1286 5604 mox
1315 5530 1544 5604 οὐδαμῆ.

621 5595 728 5678 (I65
782 5595 893 5661 Καί
959 5595 1154 5678 mina
1197 5595 2109 5678 λόγον,ςῆᾉιόγονελίειιίειιιοςτι

550 5666 673 5732 sunt
700 5666 822 5751 ista,
861 5677 999 5751 forte
1027 5666 1330 5751 legendnn’i,
1355 5672 1448 5751 καί
1469 5667 1754 5751 πανταχοῦ
1770 5666 1924 5751 λόγον
1952 5668 2107 5751 στρε-

552 5689 673 5732 sunt
700 5689 822 5741 ista,
861 5689 999 5729 torte
1027 5689 1073 5727 le
1113 5689 1324 5731 cttuuttt,
1355 5689 1448 5722 και
1483 5689 1754 5737 πανταχου
1771 5689 1924 5734 Αογον
1952 5689 2107 5751 στρε-

552 5767 684 5815 φων,
721 5747 815 5800 καὶ
847 5745 1045 5808 πάντα,
1072 5689 1108 5812 ξ
1147 5740 1241 5793 καὶ
1271 5740 1433 5815 αὑτὸν
1469 5739 1749 5815 λόγονὲμξν
1781 5737 1924 5806 ἔχειν
1960 5736 2108 5815 διοά-

551 5807 696 5868 σκων
725 5819 940 5883 φάσκει.
973 5807 1389 5883 ξιβιιέιιιξ-υρίηοι·
1416 5819 1498 5861 est
1529 5808 1752 5883 aluistis
1789 5823 1892 5883 non
1920 5807 2105 5883 admo—

549 5889 672 5939 dum
698 5875 958 5938 divcrsus.
981 5880 1122 5935 M.——
1140 5879 1272 5950 [Καὶ
1295 5879 1469 5932 πάντα
1502 5876 1699 5946 μᾶλλον
1718 5877 1749 5945 ἢ
1769 5877 1935 5942 Λόγον
1974 5874 2014 5925 ιι
2041 5876 2110 5925 rt.
