4158 6390
404 397 505 451 881

1353 390 1440 444 DE
1473 390 2007 446 ECCLESIASTICA
2048 390 2438 447 THEOLOGIA
2483 391 2610 446 LIB.
2650 389 2693 444 Ι.

3539 391 3644 448 832

405 513 586 572 semel,
612 511 827 582 quidem
863 497 1096 566 Verbum
1135 511 1466 574 nominatur,
1497 511 1593 565 sed
1650 509 1818 566 Filius
1859 511 1972 578 Dei,
2011 510 2107 566 sed
2138 511 2466 584 unigenitus,
2507 511 2602 567 sed
2632 509 2744 575 lux,
2808 508 2904 566 scd
2946 509 3079 574 vita,
3135 509 3228 565 sed
3263 509 3460 565 veritas
3495 527 3510 564 :
3545 512 3641 566 sed

403 607 580 661 omnia
612 607 788 674 potius
817 620 978 674 quam
1008 605 1262 660 Verbum.

473 703 543 768 η’.
579 696 640 749 Ei
672 695 728 748 δὲ
759 694 1089 764 λέγοιταῦτα
1121 697 1184 748 ἐκ
1217 695 1316 764 τῆς
1341 695 1548 766 Καινῆς
1579 695 1853 767 Διαθήκης
1883 697 1962 750 εί-

2135 692 2187 747 8.
2219 692 2368 760 Quod
2386 693 2429 746 si
2448 691 2534 746 hic
2555 700 2808 760 opponat,
2827 692 2929 746 bas
2950 687 3014 744 ile
3045 687 3193 743 Novo
3208 686 3552 744 Testamento
3575 694 3646 752 vlo

404 785 622 857 ρῆσθαι,
649 785 964 856 λεχθήσεται
989 784 1154 855 αὐτῷ,
1185 785 1268 838 ὃτι
1299 785 1394 838 καὶ
1423 785 1505 847 τὸ,
1555 787 1656 839 Ἐν
1673 784 1830 854 ἀρχῇ
1845 782 1970 856 ἦνό

403 878 611 947 Λόγος,
638 877 743 930 οὐδ’
774 876 1034 948 ἑτέρωθεν
1061 872 1128 948 ἦν
1153 876 1185 946 ἦ
1215 875 1274 940 ἐξ
1305 877 1492 947 αὐτῆς.
1528 877 1622 930 Ἓν
1646 876 1755 948 (20)
1788 876 1852 947 δὴ
1878 873 1970 931 οὖν

403 965 497 1018 καὶ
525 965 585 1018 τὸ
615 963 746 1018 αὐτὸ
782 963 1128 1032 Εὑαγγέλιον,
1158 965 1187 1017 6
1219 963 1378 1027 αὐτός
1416 981 1473 1016 τε
1506 961 1912 1033 εὑαγγελιστὴς,
1941 964 1970 1016 6

403 1056 574 1125 Λόγον
615 1056 774 1110 αὑτὸν
802 1055 990 1121 είπὼν,
1023 1055 1120 1108 καὶ
1149 1056 1217 1109 τὰ
1248 1056 1407 1110 λοιπὰ
1437 1057 1612 1110 πάντα
1644 1055 1771 1126 περὶ
1805 1053 1968 1108 αὑτοῦ

403 1148 794 1218 συνεγράψατο.
855 1148 965 1201 Καὶ
1025 1146 1233 1210 Παῦλος
1281 1148 1340 1202 δὲ
1392 1151 1420 1203 6
1468 1149 1607 1211 θεῖος
1651 1147 1969 1212 ’Λπόστολος

403 1238 597 1306 λέγων’

470 1414 533 1468 Θ’.
569 1415 731 1485 Ἡμῖν
756 1409 844 1481 εἷς
876 1415 1019 1482 Θεὸς
1040 1418 1074 1470 ὁ
1097 1415 1318 1485 Πατὴρ,
1338 1417 1408 1482 ἐξ
1431 1412 1502 1473 οὗ
1534 1417 1604 1471 τὰ
1626 1417 1838 1481 πάντα,
1869 1417 1966 1471 καὶ

397 1501 486 1572 εἷς
509 1507 724 1574 Κύριος
757 1507 997 1575 Ἰησοῦς
1023 1508 1296 1576 Χριστὸς,
1324 1507 1397 1561 δι’
1428 1505 1498 1564 οὗ
1532 1509 1604 1562 τὰ
1631 1507 1844 1574 πάντα,
1877 1508 1969 1579 δῆ-

398 1598 489 1662 λός
521 1599 636 1650 ἐστι
674 1599 766 1652 τὸν
801 1599 905 1671 πρὸ
935 1600 1032 1670 τῆς
1063 1601 1324 1672 ἐνσάρκου
1367 1601 1667 1672 παρουσίας
1718 1600 1843 1654 Υίὸν
1875 1600 1967 1654 τοῦ

399 1687 557 1752 Θεοῦ,
600 1689 665 1743 δι’
709 1681 769 1743 οὗ
802 1689 870 1744 τὰ
903 1691 1079 1744 πάντα
1112 1691 1346 1760 ἐγένετο,
1376 1693 1436 1746 οὐ
1469 1692 1638 1762 Λόγον
1668 1691 1965 1762 ὀνομάζων,

400 1779 533 1834 ἀλλὰ
552 1780 753 1852 Κύριον
786 1781 991 1854 Ἰησοῦν
1026 1782 1116 1836 καὶ
1137 1783 1390 1854 Χριστόν.
1423 1783 1560 1836 Ἀλλ’
1587 1781 1699 1853 (2-1)
1730 1785 1780 1836 εἰ
1827 1781 1968 1835 κατὰ

400 1871 715 1944 Μάρκελλον
740 1868 820 1938 εἷς
847 1875 939 1928 καὶ
967 1877 996 1928 6
1020 1874 1178 1938 αὐτὸς
1203 1870 1270 1945 ἦν
1301 1877 1331 1928 6
1365 1874 1516 1938 Θεὸς,
1552 1875 1644 1929 καὶ
1673 1876 1701 1928 6
1735 1877 1792 1928 ἐν
1822 1875 1968 1946 αὐτῷ

399 1964 569 2032 Λόγος
591 1965 722 2036 (22),
751 1968 984 2038 ἐπήρκει
1011 1965 1088 2036 τῷ
1115 1966 1420 2038 ’Λποστόλῳ
1451 1968 1646 2036 φάναι·
1685 1966 1856 2036 Ἡμῖν
1879 1963 1969 2034 εἷς

2070 789 2382 854 desumptas
2409 797 2530 838 esse
2579 782 3037 845 nomenclaturas,
3088 780 3375 835 dicendum
3425 780 3501 834 illi
3537 792 3647 845 est,

2070 878 2214 948 quod
2252 886 2307 931 et
2332 874 2461 930 illud
2495 874 2883 937 testimonium,
2945 871 3013 926 In
3047 871 3308 940 principio
3354 881 3466 924 erat
3512 863 3644 924 Ver-

2070 968 2188 1021 bum
2213 966 2278 1032 ¹¹,
2313 980 2418 1020 non
2449 973 2534 1019 cst
2563 965 2896 1032 desumptum
2926 960 3158 1027 aliunde,
3188 970 3246 1015 ut
3279 976 3447 1016 unum
3481 968 3644 1031 atque

2069 1060 2208 1116 idem
2237 1056 2603 1128 Evangelium,
2630 1065 2790 1124 atque
2811 1056 3036 1123 ipsemet
3056 1053 3406 1124 evangelista,
3429 1053 3518 1124 qui
3547 1069 3643 1107 no-

2069 1148 2294 1205 minavit
2326 1148 2494 1208 illum.
2526 1145 2787 1210 Verbum,
2825 1146 2913 1200 illa
2953 1154 3146 1200 cetera
3191 1145 3258 1199 de
3287 1143 3474 1199 eodem
3503 1144 3642 1198 scri-

2069 1240 2175 1310 ptis
2219 1236 2576 1294 mandaverit.
2627 1235 2732 1291 Sed
2764 1244 2817 1289 et
2865 1235 3078 1290 divinus
3129 1235 3414 1304 Apostolus
3442 1233 3640 1290 Paulus

2068 1331 2226 1392 dixit,

2139 1422 2192 1476 9.
2223 1419 2368 1475 Unus
2409 1421 2549 1475 Deus
2612 1419 2770 1473 Pater
2803 1435 2831 1473 e
2871 1435 2973 1488 quo
3027 1427 3146 1473 sunt
3177 1420 3372 1484 omnia,
3419 1429 3467 1474 et
3503 1435 3640 1473 unus

2069 1513 2323 1568 Dominus
2355 1510 2509 1566 Iesus
2544 1510 2806 1577 Christus,
2864 1527 2954 1581 per
2991 1526 3139 1580 quem
3202 1519 3322 1564 sunt
3361 1510 3535 1564 omnia
3562 1512 3637 1577 ";

2069 1605 2204 1659 satis
2227 1607 2391 1665 clare,
2427 1600 2520 1656 Dei
2552 1600 2770 1667 Filium,
2794 1616 2888 1670 per
2920 1614 3076 1670 quem
3105 1600 3286 1654 omnia
3315 1599 3456 1654 facta
3487 1609 3615 1655 sunt

2068 1697 2230 1752 etiam
2280 1701 2407 1748 ante
2462 1692 2632 1761 ipsius
2687 1692 2738 1746 in
2772 1706 2939 1747 carne
2993 1691 3308 1752 adventum,
3343 1706 3447 1746 non
3485 1705 3617 1746 voca

2068 1786 2324 1850 Verbum,
2351 1784 2442 1840 sed
2473 1783 2758 1838 Dominum
2810 1782 2989 1838 Jesum
3019 1781 3312 1838 Christum.
3371 1781 3524 1849 Quod
3570 1781 3639 1847 si,

2068 1875 2520 1948 quemadmodum
2557 1871 2808 1928 Marcello
2840 1872 3034 1942 placet,
3073 1873 3216 1928 idem
3243 1882 3364 1927 erat
3389 1883 3443 1928 et
3471 1872 3636 1937 Deus,

2069 1979 2122 2023 et
2143 1969 2194 2023 in
2229 1968 2338 2022 Deo
2363 1966 2622 2030 Verbum,
2646 1963 2948 2021 suﬂ‘ecisset
2977 1962 3232 2034 Apostolo
3253 1962 3380 2018 illud
3415 1963 3640 2026 dixisse,

403 2054 547 2119 Θεὸς
574 2056 606 2106 ὀ
637 2036 872 2122 Πατὴρ,
895 2055 964 2119 ἐξ
995 2052 1067 2111 οὗ
1098 2056 1167 2109 τὰ
1200 2036 1412 2109 πάντα.
1446 2055 1666 2128 Πλήρης
1693 2056 1800 2128 γὰρ
1835 2052 1904 2129 ἦν
1936 2059 1963 2130 ή

2078 2059 2242 2114 Nobis
2282 2076 2416 2114 unus
2447 2058 2586 2114 Deus
2620 2056 2802 2122 Pater,
2837 2073 2865 2112 e
2915 2073 3014 2128 quo
3043 2066 3164 2111 sunt
3202 2057 3397 2111 omnia.
3435 2055 3640 2110 Sensus

399 2143 624 2208 διάνοια,
662 2146 757 2198 καὶ
787 2149 816 2199 6
853 2146 1022 2214 Λόγος
1065 2147 1376 2219 αὐτοτελὴς,
1412 2149 1504 2202 τὸν
1545 2149 1676 2202 Θεὸν
1724 2149 1973 2221 εἰσηγού-

404 2249 562 2303 μενος
606 2235 831 2306 ποιητὴν
861 2236 968 2290 τῶν
999 2237 1154 2293 ὅλων.
1211 2239 1370 2292 Ἀλλὰ
1395 2240 1550 2294 τοῦτο
1579 2240 1672 2294 καὶ
1723 2240 1973 2307 Ἰουδαῖος

401 2323 466 2377 ἄν
497 2341 581 2389 τις
621 2327 782 2380 εἴποι.
836 2329 893 2381 '0
933 2328 989 2382 δέ
1032 2330 1130 2401 τῆς
1145 2331 1468 2402 Ἐκκλησίας
1514 2332 1689 2405 κῆρυξ
1723 2333 1858 2405 πρὸς
1893 2335 1970 2406 τῷ

401 2417 651 2489 προτέρῳ
684 2411 774 2472 καὶ
802 2420 862 2473 τὸ
891 2419 1140 2493 δεύτερον
1176 2424 1250 2496 μὴ
1279 2425 1492 2493 ἀγνοεῖν
1523 2425 1782 2483 διδάσκει.
1819 2428 1884 2480 Τί
1913 2428 1971 2481 δέ

399 2503 468 2578 ἦν
510 2509 698 2577 τοῦτο;
724 2511 834 2566 Καὶ
879 2507 966 2578 εἷς
1011 2515 1224 2584 Κύριος
1268 2516 1504 2585 Ἰησοῦς
1543 2518 1812 2586 Χριστός.
1878 2519 1971 2572 Διὸ

403 2598 720 2671 προστίθησι
756 2602 818 2656 τὸ
865 2602 1110 2674 δεύτερον
1148 2603 1272 2675 ἑξῆς
1315 2606 1506 2674 λέγων,
1538 2606 1680 2675 ἡμῖν
1703 2625 1718 2638 ο
1757 2609 1805 2661 εί
1838 2608 1966 2681 γὰρ,

399 2691 494 2742 καὶ
525 2691 598 2761 μὴ
623 2692 805 2754 πᾶσιν,
835 2692 949 2745 ἀλλ’
979 2692 1142 2762 ἡμῖν,
1170 2696 1352 2766 φησιν,
1380 2691 1468 2763 εἷς
1495 2698 1706 2766 Κύριος
1741 2699 1970 2766 Ἰησοῦς

399 2781 671 2847 Χριστός.
721 2781 819 2835 Διὰ
851 2783 902 2835 τί
941 2783 998 2837 δέ
1045 2785 1181 2854 μετὰ
1214 2785 1305 2839 τὸν
1341 2787 1449 2840 ἕνα
1489 2787 1636 2841 Θεὸν
1681 2790 1776 2842 καὶ
1815 2784 1970 2854 οὗτος

398 2870 543 2940 ἡμῖν
591 2867 679 2938 εἷς
721 2874 936 2942 Κύριος
977 2877 1323 2948 παρίστησιν,
1357 2878 1644 2948 ἐπιλέγων,
1685 2880 1760 2935 δι’
1793 2877 1864 2938 οὗ
1896 2884 1969 2938 τὰ

399 2961 593 3016 πάντα
612 2979 630 3027 ;
647 2965 858 3035 Ἐπειδὴ
873 2964 980 3038 γὰρ
995 2967 1066 3020 τὰ
1083 2967 1280 3023 πάντα
1305 2969 1378 3022 δι’
1395 2972 1580 3026 αὐτοῦ
1607 2971 1857 3044 ἐγένετο,
1887 2978 1966 3030 εί-

400 3053 572 3118 κότως
609 3056 761 3126 ἡμῖν,
809 3059 920 3121 τοῖς
953 3057 1096 3113 τοῦτ’
1130 3061 1533 3131 ἐπισταμένοις,
1577 3065 1784 3137 Κύριος
1826 3063 1966 3122 εἶναι

398 3141 504 3196 τῶν
533 3142 667 3197 ὅλων
712 3145 852 3216 μετὰ
883 3147 975 3202 τὸν
1023 3149 1116 3202 ἐπὶ
1157 3150 1371 3206 πάντων
1412 3153 1543 3208 Θεὸν
1591 3159 1963 3216 πεπίστευται.

401 3236 522 3288 Ὅτι
558 3235 614 3288 δέ
639 3239 700 3290 οὐ
731 3239 858 3308 περὶ
883 3239 983 3309 τῆς
1015 3241 1214 3311 σαρκὸς
1248 3243 1400 3298 ταῦτ’
1435 3245 1546 3317 (25)
1592 3247 1797 3318 ἔλεγεν,
1827 3251 1964 3307 ἀλλὰ

400 3328 526 3397 περὶ
555 3328 648 3381 τοῦ
679 3328 815 3383 Θεοῦ
843 3331 1036 3401 Λόγου,
1072 3333 1227 3404 δῆλός
1258 3335 1405 3390 ἐστιν
1433 3340 1497 3391 ἐκ
1523 3338 1617 3393 τοῦ
1657 3342 1958 3415 ἐπιφέρειν,

395 3417 470 3472 δι’
513 3415 584 3476 οὗ
610 3419 682 3474 τὰ
722 3421 936 3478 πάντα.
964 3454 1034 3463 —
1063 3425 1232 3494 Ἡμῖν
1269 3426 1400 3496 γὰρ,
1437 3431 1619 3499 φησιν,
1648 3425 1736 3498 εἷς
1767 3434 1910 3501 Θεὸς
1929 3439 1962 3490 ό

395 3509 617 3580 Πατὴρ,
663 3513 732 3577 ἐξ
765 3508 836 3570 οὗ
864 3514 936 3569 τὰ
972 3514 1186 3584 πάντα,
1231 3519 1329 3572 καὶ
1359 3515 1447 3585 εἷς
1473 3522 1684 3590 Κύριος
1736 3523 1962 3591 Ἰησοῦς

393 3604 664 3671 Χριστὸς,
701 3605 774 3658 δι’
812 3602 883 3662 οὗ
918 3607 987 3662 τὰ
1015 3608 1231 3664 πάντα.
1265 3612 1331 3664 Ὀ
1356 3611 1420 3682 δὴ
1445 3612 1554 3683 (24)
1583 3614 1676 3666 καὶ
1709 3617 1836 3688 περὶ
1867 3616 1960 3671 τοῦ

395 3695 590 3764 φωτὸς,
630 3700 723 3751 καὶ
756 3699 882 3769 περὶ
917 3699 1009 3754 τοῦ
1044 3702 1320 3774 περιόντος
1362 3704 1532 3772 Λόγου
1576 3705 1686 3778 (25)
1726 3709 1956 3781 εἴρηται.

396 3787 564 3850 Αὐτὸς
593 3784 686 3843 οὖν
709 3785 778 3861 ἦν
817 3789 1023 3861 Ἰησοῦς
1055 3791 1284 3864 Χριστὸς
1325 3795 1384 3847 τὸ
1429 3795 1543 3865 φῶς
1568 3798 1660 3851 καὶ
1709 3801 1738 3853 6
1766 3799 1955 3870 Λόγος,

393 3878 460 3930 δι’
497 3870 556 3930 οὗ
585 3880 654 3934 τὰ
677 3880 853 3936 πάντα
879 3882 1120 3952 γέγονεν,
1151 3885 1266 3938 ἀλλ’
1294 3887 1392 3958 οὐχ
1421 3889 1452 3957 ἡ
1482 3887 1635 3959 σάρξ.
1663 3891 1736 3944 Οὐ
1764 3892 1870 3964 γὰρ
1893 3892 1958 3947 ἂν

393 3971 652 4041 περὶτῆς
692 3973 891 4044 σαρκὸς
921 3976 1302 4048 ἀσυναρτήτως
1341 3978 1452 4048 (26)
1493 3979 1663 4046 οὕτως
1697 3980 1848 4038 εἶπεν
1891 3987 1957 4040 ἂν

394 4063 563 4129 τὸ,δι’
597 4061 667 4120 οὗ
701 4065 772 4119 τὰ
799 4065 1014 4124 πάντα.

460 4151 582 4209 υἷδέ
630 4157 689 4210 δὲ
741 4159 831 4210 τὸν
867 4159 966 4229 τῆς
1001 4160 1202 4231 σαρκὸς
1243 4166 1664 4238 προϋπάρχοντα
1694 4168 1787 4223 τοῦ
1819 4170 1954 4222 Θεοῦ

394 4244 520 4297 Υίδν
559 4247 789 4318 Χριστὸν
828 4249 1110 4320 ὀνομάζειν
1153 4253 1182 4304 6
1227 4253 1388 4318 αὐτὸς
1433 4256 1661 4323 Παῦλος,
1711 4261 1851 4315 κατὰ
1891 4262 1956 4314 τὸ

391 4336 540 4401 αὐτὸ,
563 4337 794 4408 Πέτραν
821 4341 982 4394 αὑτὸν
1029 4343 1336 4411 ἀποκαλῶν,
1369 4348 1436 4401 δι’
1481 4342 1557 4403 ὧν
1589 4352 1787 4422 γράφει
1826 4355 1954 4426 περὶ

388 4427 496 4480 τῶν
523 4431 579 4481 ἐν
601 4432 666 4500 τῇ
691 4431 882 4502 ἐρήμῳ
904 4433 1390 4506 συνδιατριψάντων
1401 4440 1480 4511 τῷ
1494 4443 1730 4504 Μωῦσεί,
1757 4445 1948 4514 λέγων,

392 4521 645 4574 Ἐπινον
673 4521 782 4590 γὰρ
798 4523 866 4576 ἐκ
897 4527 1296 4596 πνευματικῆς
1335 4530 1792 4602 ἀκολουθούσης
1844 4537 1948 4590 πέ-

387 4627 548 4678 τρας,
586 4611 624 4678 ἡ
658 4611 726 4665 δὲ
747 4613 929 4684 πέτρα
952 4613 1030 4687 ἦν
1063 4621 1096 4672 ὁ
1126 4620 1396 4688 Χριστός.
1427 4624 1536 4677 Καὶ
1563 4627 1950 4698 ἐπισφραγίζε-

2071 2153 2270 2206 etenim
2319 2152 2484 2230 plene.
2517 2149 2800 2205 constabat
2846 2167 2858 2201 :
2895 2157 2948 2202 ct
2995 2162 3174 2203 sermo
3203 2146 3472 2216 perlectus
3499 2158 3637 2230 erat,

2072 2260 2178 2314 quo
2203 2244 2343 2299 Deus
2372 2223 2609 2298 universi
2653 2241 2902 2298 conditor
2931 2240 3248 2310 ponebatur.
3297 2237 3401 2294 Sed
3442 2223 3640 2300 vellu-

2072 2338 2221 2393 daeus
2250 2339 2323 2392 ita
2357 2334 2667 2391 aﬂlrmarct.
2706 2333 2960 2388 Ecclesia:
3008 2345 3137 2402 ergo
3173 2345 3371 2401 prteco,
3419 2331 3484 2384 ad
3509 2331 3638 2386 illud

2071 2429 2242 2500 prius,
2265 2428 2367 2483 hoc
2398 2427 2630 2497 positum
2675 2426 2726 2478 in
2759 2423 3011 2479 secundis
3033 2438 3131 2478 nos
3163 2422 3336 2477 noluit
3364 2421 3635 2491 ignorare.

2072 2523 2348 2587 Quodnam
2391 2535 2521 2575 vero
2552 2518 2721 2575 illud?
2749 2517 2822 2572 Et
2851 2532 2986 2571 unus
3012 2515 3268 2571 Dominus
3295 2515 3452 2570 Iesus
3485 2513 3641 2568 Chri-

2070 2626 2200 2670 stus.
2241 2612 2532 2681 Quocirca,
2567 2612 2622 2666 in
2645 2609 2899 2666 secundis
2947 2608 3127 2679 posuit
3171 2606 3327 2672 illud,
3356 2607 3505 2660 nobis
3535 2607 3640 2660 bo‘c

2069 2723 2256 2775 sensu,
2300 2715 2380 2771 ut,
2434 2721 2539 2761 non
2591 2705 2662 2759 sit
2688 2704 2974 2769 omnibus,
3012 2711 3069 2756 at
3120 2702 3268 2755 nobis
3316 2710 3498 2754 tamen
3529 2709 3634 2765 est,

2071 2817 2205 2854 unus
2245 2797 2501 2854 Dominus
2531 2796 2688 2852 Jesus
2722 2795 2983 2850 Christus.
3015 2793 3281 2860 Quorsum
3314 2805 3446 2846 vero
3487 2800 3639 2862 post-

2069 2907 2228 2960 quam
2259 2889 2521 2954 edixerat,
2567 2873 2701 2942 unus
2730 2887 2892 2952 Deus,
2928 2893 2982 2942 et
3019 2901 3180 2939 unum
3217 2898 3430 2953 quoque
3451 2881 3637 2936 Domi-

2069 2999 2191 3036 num
2223 2979 2419 3050 adjecit
2465 2979 2604 3034 idem
2651 2978 2918 3049 inquiens,
2965 2994 3057 3047 per
3081 2992 3232 3046 quem
3267 2985 3386 3028 sunt
3422 2975 3636 3030 omnia?

2067 3074 2223 3130 Certe
2251 3072 2372 3142 quia
2397 3087 2488 3142 per
2511 3069 2659 3125 illum
2687 3070 2863 3124 omnia
2908 3067 3052 3138 facta
3079 3067 3310 3138 fuerant,
3343 3079 3448 3122 non
3492 3063 3634 3132 injus

2068 3167 2167 3231 ria,
2205 3172 2324 3235 post
2350 3163 2515 3218 Deum
2553 3161 2699 3216 illum
2724 3161 3120 3224 universorum,
3159 3172 3187 3210 a
3212 3156 3388 3224 nobis,
3415 3154 3504 3225 qui
3532 3153 3634 3209 hoc

2064 3255 2230 3326 probe
2252 3252 2576 3315 noverimus,
2609 3250 2870 3306 Dominus
2895 3250 3267 3306 universorum
3291 3253 3632 3318 agnoscetur.

2065 3346 2288 3402 Constat
2333 3358 2464 3400 vero
2502 3345 2636 3408 haec,
2674 3359 2775 3398 non
2805 3344 2869 3400 de
2909 3357 3070 3397 carne
3100 3341 3300 3396 dixisse
3342 3339 3511 3403 illum,
3536 3340 3632 3392 sed

2063 3440 2130 3493 de
2163 3437 2255 3493 Dei
2297 3437 2483 3501 verbo,
2509 3448 2794 3506 propterea
2826 3432 2966 3504 quod
2999 3431 3319 3494 subinl'erat,
3358 3446 3450 3501 per
3478 3444 3633 3500 quem

2062 3539 2182 3585 sunt
2214 3529 2409 3581 omnia.
2443 3555 2512 3566 -
2544 3524 2736 3591 Nobis,
2775 3526 3043 3594 inquiens,
3098 3539 3236 3577 unus
3269 3521 3405 3578 Deus
3448 3520 3628 3586 Pater,

2061 3638 2088 3676 e
2113 3637 2217 3685 quo
2249 3621 2372 3674 sunt
2401 3619 2595 3682 omnia,
2629 3627 2677 3672 et
2710 3634 2843 3671 unus
2884 3616 3140 3671 Dominus
3178 3614 3336 3670 Jesus
3365 3613 3629 3678 Christus,

2059 3727 2150 3781 per
2175 3727 2326 3782 quem
2376 3721 2497 3765 sunt
2542 3709 2740 3764 omnia.
2772 3709 2925 3775 Quod
2971 3709 3146 3777 ipsum
3197 3709 3262 3762 de
3299 3707 3438 3771 luce,
3481 3716 3536 3760 et
3565 3706 3630 3760 de

2059 3805 2244 3871 verbo,
2279 3803 2420 3874 quod
2444 3801 2718 3869 circumit,
2747 3802 2928 3857 omnia
2969 3802 3172 3857 dictum
3203 3811 3308 3857 est.
3352 3799 3482 3855 Erat
3509 3800 3630 3854 ideo

2059 3898 2170 3967 ipse
2193 3895 2350 3952 Jesus
2378 3894 2624 3952 Christus
2666 3895 2777 3959 lux,
2818 3904 2874 3949 et
2903 3891 3160 3958 Verbum,
3185 3907 3282 3960 per
3302 3905 3463 3964 quem
3501 3900 3629 3946 sunt

2056 3987 2255 4056 omnia,
2293 4001 2399 4043 non
2425 3996 2602 4041 autem
2634 4000 2779 4040 caro.
2805 3983 2988 4055 Neque
3010 3983 3152 4040 enim
3177 3983 3248 4039 ita
3277 3983 3625 4040 indistinctitn

2057 4083 2123 4136 de
2179 4094 2344 4135 carne
2390 4079 2616 4144 diceret,
2672 4094 2763 4148 per
2791 4094 2943 4147 quem
2971 4087 3090 4131 sunt
3121 4077 3319 4130 omnia.

2127 4169 2233 4226 Sed
2254 4184 2354 4226 nec
2378 4169 2469 4226 Dei
2485 4168 2676 4223 Filium
2704 4177 2830 4222 ante
2858 4181 3076 4222 carnem
3099 4167 3452 4221 exsiStentem
3469 4163 3625 4220 Chri-

2055 4270 2195 4318 stum
2211 4262 2546 4318 nominasset
2573 4261 2710 4315 idem
2735 4258 2972 4325 Paulus,»
2998 4258 3064 4312 ad
3103 4257 3350 4311 eumdem
3384 4257 3622 4320 modum,

2054 4355 2142 4409 ubi
2168 4369 2288 4408 eum
2307 4352 2757 4425 appellatpetram
2784 4353 2836 4404 in
2863 4353 3052 4406 eodem
3071 4351 3210 4411 loco,
3247 4349 3315 4404 de
3332 4348 3526 4418 papulo
3556 4349 3626 4400 lo-

2052 4461 2222 4517 quens
2239 4447 2327 4515 qui
2346 4460 2466 4499 cum
2484 4443 2663 4515 Moyse
2681 4446 2734 4498 in
2751 4444 2965 4498 deserto
2979 4441 3353 4498 versabantur.
3371 4438 3624 4492 Bibebant

2051 4539 2114 4591 de
2130 4538 2397 4607 spirituali
2427 4537 2659 4605 sequenti
2686 4553 2772 4591 eos
2800 4547 2947 4604 petra
2970 4552 2988 4598 ;
3010 4545 3158 4606 petra
3191 4544 3364 4589 autem
3388 4534 3482 4586 illa
3510 4541 3625 4585 erat

2051 4629 2288 4685 Christus
2315 4629 2376 4682 ⁸³.
2420 4628 2572 4697 Quod
2619 4629 2790 4698 ipsum
2838 4629 3123 4699 consignat
3160 4627 3298 4682 idem
3324 4625 3505 4681 statim
3536 4625 3622 4676 in-

387 4720 474 4758 ται
500 4705 561 4757 τὸ
588 4705 739 4772 αὐτὸ,
784 4707 901 4777 μεθ’
937 4709 1097 4781 ἕτερα
1139 4711 1380 4781 φάσκων·
1411 4716 1576 4782 Μηδὲ
1608 4718 1952 4788 ἐκπειράζω-

2062 4724 2268 4792 quiens,
2319 4721 2430 4778 Nec
2480 4732 2734 4776 tentemus
2770 4726 2828 4783 »ξι
2873 4718 3141 4775 Christum
3179 4728 3230 4771 ut
3271 4716 3510 4771 nonnulli
3544 4730 3625 4768 eo-

378 4813 494 4864 μεν
515 4797 620 4850 τὸν
645 4799 920 4866 Χριστὸν,
955 4802 1144 4870 καθώς
1174 4821 1331 4871 τινες
1367 4805 1562 4862 αὐτῶν
1591 4810 1936 4879 ἐπείρασαν,

383 4888 480 4943 καί
518 4890 634 4943 ὑπὸ
674 4889 789 4944 τῶν
839 4891 1034 4961 ὄφεων
1078 4894 1410 4955 ἀπώλοντο.
1463 4901 1572 4953 Καὶ
1617 4900 1697 4954 ἔτι
1743 4903 1940 4972 μᾶλλον

382 4977 523 5031 τοῦτ’
553 4981 683 5033 αὐτὸ
713 4981 918 5050 βεϐαιοῖ
944 4983 1132 5052 λέγων’
1157 4987 1361 5041 Πίστει
1385 4991 1644 5058 Μωῦσῆς
1651 4991 1838 5062 μέγας
1851 5013 1942 5064 τε·

383 5068 651 5134 νόμενος,
691 5069 996 5136 ἠρνήσατο
1028 5073 1304 5143 λέγεσθαι
1339 5077 1468 5144 υίὸς
1505 5082 1794 5150 θυγατρὸς
1825 5087 1938 5138 Φα-

373 5155 518 5223 ραώ·
545 5157 783 5224 μείζονα
807 5162 1071 5216 πλοῦτον
1097 5166 1476 5237 ἡγησάμενος
1496 5171 1614 5224 τῶν
1637 5175 1936 5244 Αἰγύπτου

380 5247 695 5316 θησαιφῶν
726 5252 830 5306 τὸν
853 5254 1191 5326 ὀνειδισμὸν
1224 5261 1330 5316 τοῦ
1365 5265 1638 5333 Χριστοῦ.
1683 5269 1934 5340 Ἐναργέσ

451 5392 508 5460 ᾗ(
531 5387 632 5460 _I£d.
666 5387 837 5445 Paris.
878 5406 997 5460 pag.
1028 5393 1206 5457 93,94.

2048 4832 2163 4868 rum
2189 4824 2517 4868 tentaverunt
2559 4826 2606 4868 et
2642 4832 2674 4868 a
2709 4814 3029 4882 serpentibus
3059 4811 3216 4864 occisi
3250 4819 3368 4864 sunt
3399 4808 3463 4864 “.
3509 4807 3614 4862 Sed

2047 4908 2332 4962 conﬁrmat
2377 4906 2503 4961 illud
2555 4909 2726 4976 ipsqu
2791 4907 2880 4960 ubi
2932 4906 3025 4966 ait,
3075 4902 3180 4958 Per
3222 4903 3381 4971 ﬁdem
3416 4900 3620 4970 Moyses

2045 4999 2298 5068 grandior
2335 4998 2530 5067 factus,
2571 4997 2776 5066 negavit
2803 5014 2858 5051 se
2889 5012 2998 5050 esse
3019 4996 3188 5064 ﬁlium
3222 4993 3349 5060 filia:
3377 4991 3621 5046 Pharao-

2046 5092 2146 5144 nis.
2200 5089 2432 5158 Majores
2466 5091 2678 5143 divitias
2721 5088 2990 5142 aestimans
3033 5088 3292 5142 thesauris
3327 5084 3617 5157 Egyptia-

2046 5197 2157 5233 rum
2192 5181 2560 5250 improperium
2599 5179 2795 5234 Christi
2821 5181 2884 5236 ".
2930 5178 3037 5235 Sed
3059 5190 3114 5234 et
3137 5178 3278 5233 idem
3311 5179 3481 5248 ipsum
3512 5176 3613 5231 ad;

2042 5270 2148 5328 huc
2176 5271 2443 5328 elllcacius
2499 5273 2736 5328 insinuat
2767 5271 2856 5326 ubi
2897 5271 3011 5328 ait:
3054 5270 3164 5326 Hoc
3189 5273 3325 5327 idem
3353 5274 3610 5327 sentiatur

451 5458 489 5486 ”
519 5457 673 5512 Joan.
704 5475 741 5523 ι,
781 5461 829 5513 l.
879 5457 984 5514 "’l
1009 5463 1129 5519 Cor.
1157 5483 1272 5532 VIII,
1305 5467 1355 5521 6.
1436 5469 1476 5501 ⁸³
1506 5469 1521 5523 I
1557 5469 1680 5525 Cor.
1715 5487 1766 5538 κ,
1797 5473 1849 5527 4.
1930 5474 1972 5505 ¹⁵
2003 5475 2130 5529 ibitl.
2157 5477 2210 5531 9.
2293 5478 2520 5537 "llebr.
2561 5481 2746 5546 31,24,
2779 5482 2868 5535 26.

445 5619 556 5686 (20)
582 5618 752 5689 Vulgo
773 5623 850 5677 δέ.

450 5691 560 5755 121)
587 5688 754 5759 Vulgo
778 5709 888 5745 om.
923 5695 1057 5749 ἀλλ’.

447 5761 558 5834 (ἐξ)
590 5759 758 5834 Υυίεο
791 5765 1023 5834 ὐπὴρκει

449 5830 558 5898 (23)
589 5832 755 5901 Vulgo
785 5830 944 5887 τοῦοἶ

2111 5639 2224 5712 (24)
2262 5640 2428 5712 Vulgo
2455 5643 2481 5694 ὃ
2503 5644 2580 5696 δέ.

2250 5707 2565 5786 ζζερῐόντος
2590 5715 2795 5782 λόγου.
2829 5715 2991 5774 Forte
3022 5714 3298 5786 προόντος.
3331 5707 3406 5765 Μ.

2112 5780 2224 5851 (26)
2253 5780 2416 5852 Vulgo
2449 5785 2596 5836 ασπα
2607 5780 2832 5857 ρτῇτως.
