  <div class='ocr_page' id='page_1' title='image "/cluster/home/n/w/nwhite01/storage/ocr_20150623/24/hvd.32044073501108/451.png"; bbox 0 0 4158 6390; ppageno 0'>
   <div class='ocr_carea' id='block_1_1' title="bbox 527 342 622 398">
    <p class='ocr_par' dir='ltr' id='par_1_1' title="bbox 527 342 622 398">
     <span class='ocr_line' id='line_1_1' title="bbox 527 342 622 398; baseline 0.011 -2"><span class='ocrx_word' id='word_1_1' title='bbox 527 342 622 398; x_wconf 73' lang='grc' dir='ltr'><strong>88Ἰ</strong></span> 
     </span>
    </p>
   </div>
   <div class='ocr_carea' id='block_1_2' title="bbox 1265 340 3109 402">
    <p class='ocr_par' dir='ltr' id='par_1_2' title="bbox 1265 340 3109 402">
     <span class='ocr_line' id='line_1_2' title="bbox 1265 340 3109 402; baseline -0.001 -6"><span class='ocrx_word' id='word_1_2' title='bbox 1265 341 1533 402; x_wconf 82' lang='lat' dir='ltr'><strong>EUSEBII</strong></span> <span class='ocrx_word' id='word_1_3' title='bbox 1571 341 2036 398; x_wconf 68' lang='lat' dir='ltr'><strong>CESARIENSIS</strong></span> <span class='ocrx_word' id='word_1_4' title='bbox 2071 340 2219 396; x_wconf 82' lang='grc' dir='ltr'>ΟΡΡ.</span> <span class='ocrx_word' id='word_1_5' title='bbox 2261 340 2438 396; x_wconf 78' lang='lat' dir='ltr'><strong>PARS</strong></span> <span class='ocrx_word' id='word_1_6' title='bbox 2473 341 2562 396; x_wconf 74' lang='grc' dir='ltr'>Ν.</span> <span class='ocrx_word' id='word_1_7' title='bbox 2589 371 2660 382; x_wconf 92' lang='lat'><strong>-—</strong></span> <span class='ocrx_word' id='word_1_8' title='bbox 2689 340 3109 397; x_wconf 76' lang='lat' dir='ltr'><strong>DOGMATICA.</strong></span> 
     </span>
    </p>
   </div>
   <div class='ocr_carea' id='block_1_3' title="bbox 3679 343 3790 400">
    <p class='ocr_par' dir='ltr' id='par_1_3' title="bbox 3679 343 3790 400">
     <span class='ocr_line' id='line_1_3' title="bbox 3679 343 3790 400; baseline -0.036 -1"><span class='ocrx_word' id='word_1_9' title='bbox 3679 343 3790 400; x_wconf 76' lang='lat'><strong>388</strong></span> 
     </span>
    </p>
   </div>
   <div class='ocr_carea' id='block_1_4' title="bbox 529 457 2099 536">
    <p class='ocr_par' dir='ltr' id='par_1_4' title="bbox 529 462 2099 536">
     <span class='ocr_line' id='line_1_4' title="bbox 529 462 2099 536; baseline -0.002 -18"><span class='ocrx_word' id='word_1_10' title='bbox 529 472 751 536; x_wconf 85' lang='lat' dir='ltr'><strong>posset,</strong></span> <span class='ocrx_word' id='word_1_11' title='bbox 791 463 882 534; x_wconf 88' lang='lat' dir='ltr'><strong>qui</strong></span> <span class='ocrx_word' id='word_1_12' title='bbox 917 471 1002 519; x_wconf 82' lang='lat' dir='ltr'><strong>est</strong></span> <span class='ocrx_word' id='word_1_13' title='bbox 1049 462 1274 534; x_wconf 77' lang='lat' dir='ltr'><strong>imago?</strong></span> <span class='ocrx_word' id='word_1_14' title='bbox 1316 462 1542 518; x_wconf 81' lang='lat' dir='ltr'><strong>dixisset</strong></span> <span class='ocrx_word' id='word_1_15' title='bbox 1587 464 1812 533; x_wconf 89' lang='lat' dir='ltr'><strong>utique,</strong></span> <span class='ocrx_word' id='word_1_16' title='bbox 1858 479 1976 534; x_wconf 66' lang='lat' dir='ltr'><strong>qua:</strong></span> <span class='ocrx_word' id='word_1_17' title='bbox 2023 471 2099 518; x_wconf 87' lang='lat' dir='ltr'><strong>est</strong></span> 
     </span>
    </p>
   </div>
   <div class='ocr_carea' id='block_1_5' title="bbox 2203 457 3788 536">
    <p class='ocr_par' dir='ltr' id='par_1_5' title="bbox 2210 457 3788 531">
     <span class='ocr_line' id='line_1_5' title="bbox 2210 457 3788 531; baseline -0.001 -18"><span class='ocrx_word' id='word_1_18' title='bbox 2210 461 2408 529; x_wconf 81' lang='grc' dir='ltr'>λέγειν,</span> <span class='ocrx_word' id='word_1_19' title='bbox 2445 462 2504 524; x_wconf 84' lang='grc' dir='ltr'>ὃς</span> <span class='ocrx_word' id='word_1_20' title='bbox 2537 459 2904 524; x_wconf 58' lang='lat' dir='ltr'><strong>eameam;</strong></span> <span class='ocrx_word' id='word_1_21' title='bbox 2943 458 3064 512; x_wconf 79' lang='grc' dir='ltr'>δέον</span> <span class='ocrx_word' id='word_1_22' title='bbox 3093 461 3142 512; x_wconf 83' lang='grc' dir='ltr'><strong>εἰ</strong></span> <span class='ocrx_word' id='word_1_23' title='bbox 3177 457 3285 531; x_wconf 75' lang='grc' dir='ltr'>ἄρα</span> <span class='ocrx_word' id='word_1_24' title='bbox 3326 459 3516 531; x_wconf 83' lang='grc' dir='ltr'>φῆσαι,</span> <span class='ocrx_word' id='word_1_25' title='bbox 3549 461 3584 531; x_wconf 77' lang='grc' dir='ltr'>ἦ</span> <span class='ocrx_word' id='word_1_26' title='bbox 3634 462 3788 514; x_wconf 68' lang='grc' dir='ltr'>ἐστιν</span> 
     </span>
    </p>
   </div>
   <div class='ocr_carea' id='block_1_6' title="bbox 528 568 728 624">
    <p class='ocr_par' dir='ltr' id='par_1_6' title="bbox 528 568 728 624">
     <span class='ocr_line' id='line_1_6' title="bbox 528 568 728 624; baseline 0 -16"><span class='ocrx_word' id='word_1_27' title='bbox 528 568 728 624; x_wconf 84' lang='lat' dir='ltr'><strong>nuago.</strong></span> 
     </span>
    </p>
   </div>
   <div class='ocr_carea' id='block_1_7' title="bbox 601 646 2104 716">
    <p class='ocr_par' dir='ltr' id='par_1_7' title="bbox 601 646 2104 716">
     <span class='ocr_line' id='line_1_7' title="bbox 601 646 2104 716; baseline -0.002 -15"><span class='ocrx_word' id='word_1_28' title='bbox 601 647 686 701; x_wconf 80' lang='grc'><strong>15.</strong></span> <span class='ocrx_word' id='word_1_29' title='bbox 716 646 857 700; x_wconf 84' lang='lat' dir='ltr'><strong>Alibi</strong></span> <span class='ocrx_word' id='word_1_30' title='bbox 898 660 1116 716; x_wconf 90' lang='lat' dir='ltr'><strong>quoque</strong></span> <span class='ocrx_word' id='word_1_31' title='bbox 1161 646 1302 702; x_wconf 90' lang='lat' dir='ltr'><strong>idem</strong></span> <span class='ocrx_word' id='word_1_32' title='bbox 1347 646 1598 702; x_wconf 89' lang='lat' dir='ltr'><strong>eumdem</strong></span> <span class='ocrx_word' id='word_1_33' title='bbox 1649 646 1884 716; x_wconf 81' lang='lat' dir='ltr'><strong>appellat</strong></span> <span class='ocrx_word' id='word_1_34' title='bbox 1913 646 2104 716; x_wconf 77' lang='lat' dir='ltr'><strong>imagi-</strong></span> 
     </span>
    </p>
   </div>
   <div class='ocr_carea' id='block_1_8' title="bbox 530 737 2102 808">
    <p class='ocr_par' dir='ltr' id='par_1_8' title="bbox 530 737 2102 808">
     <span class='ocr_line' id='line_1_8' title="bbox 530 737 2102 808; baseline 0 -18"><span class='ocrx_word' id='word_1_35' title='bbox 530 754 650 792; x_wconf 98' lang='lat' dir='ltr'><strong>nem</strong></span> <span class='ocrx_word' id='word_1_36' title='bbox 704 738 819 801; x_wconf 86' lang='lat' dir='ltr'><strong>Dei.</strong></span> <span class='ocrx_word' id='word_1_37' title='bbox 856 757 875 790; x_wconf 80' lang='grc' dir='ltr'><strong>ι</strong></span> <span class='ocrx_word' id='word_1_38' title='bbox 913 737 1064 806; x_wconf 86' lang='lat' dir='ltr'><strong>Quod</strong></span> <span class='ocrx_word' id='word_1_39' title='bbox 1111 739 1158 794; x_wconf 85' lang='lat' dir='ltr'><strong>si</strong></span> <span class='ocrx_word' id='word_1_40' title='bbox 1205 739 1581 794; x_wconf 84' lang='lat' dir='ltr'><strong>absconditum</strong></span> <span class='ocrx_word' id='word_1_41' title='bbox 1634 739 1706 793; x_wconf 92' lang='lat' dir='ltr'><strong>sit</strong></span> <span class='ocrx_word' id='word_1_42' title='bbox 1749 738 2102 808; x_wconf 85' lang='lat' dir='ltr'><strong>Evangelium</strong></span> 
     </span>
    </p>
   </div>
   <div class='ocr_carea' id='block_1_9' title="bbox 535 831 2102 902">
    <p class='ocr_par' dir='ltr' id='par_1_9' title="bbox 535 831 2102 902">
     <span class='ocr_line' id='line_1_9' title="bbox 535 831 2102 902; baseline 0.003 -22"><span class='ocrx_word' id='word_1_43' title='bbox 535 847 554 880; x_wconf 78' lang='grc' dir='ltr'><strong>ι</strong></span> <span class='ocrx_word' id='word_1_44' title='bbox 593 841 836 885; x_wconf 88' lang='lat' dir='ltr'><strong>nostrum</strong></span> <span class='ocrx_word' id='word_1_45' title='bbox 863 872 878 896; x_wconf 90' lang='lat'><strong>,</strong></span> <span class='ocrx_word' id='word_1_46' title='bbox 909 831 977 886; x_wconf 90' lang='lat' dir='ltr'><strong>ah</strong></span> <span class='ocrx_word' id='word_1_47' title='bbox 1007 832 1073 886; x_wconf 91' lang='lat' dir='ltr'><strong>iis</strong></span> <span class='ocrx_word' id='word_1_48' title='bbox 1099 839 1184 886; x_wconf 89' lang='lat' dir='ltr'><strong>est</strong></span> <span class='ocrx_word' id='word_1_49' title='bbox 1216 831 1591 886; x_wconf 88' lang='lat' dir='ltr'><strong>absconditum</strong></span> <span class='ocrx_word' id='word_1_50' title='bbox 1624 832 1714 901; x_wconf 78' lang='lat' dir='ltr'><strong>qui</strong></span> <span class='ocrx_word' id='word_1_51' title='bbox 1751 840 2010 902; x_wconf 84' lang='lat' dir='ltr'><strong>pereunt,</strong></span> <span class='ocrx_word' id='word_1_52' title='bbox 2051 832 2102 885; x_wconf 91' lang='lat' dir='ltr'><strong>in</strong></span> 
     </span>
    </p>
   </div>
   <div class='ocr_carea' id='block_1_10' title="bbox 533 923 2104 990">
    <p class='ocr_par' dir='ltr' id='par_1_10' title="bbox 533 923 2104 990">
     <span class='ocr_line' id='line_1_10' title="bbox 533 923 2104 990; baseline 0.004 -18"><span class='ocrx_word' id='word_1_53' title='bbox 533 939 554 972; x_wconf 75' lang='grc' dir='ltr'><strong>ι</strong></span> <span class='ocrx_word' id='word_1_54' title='bbox 591 924 788 990; x_wconf 83' lang='lat' dir='ltr'><strong>quibus</strong></span> <span class='ocrx_word' id='word_1_55' title='bbox 829 923 970 979; x_wconf 88' lang='lat' dir='ltr'><strong>Deus</strong></span> <span class='ocrx_word' id='word_1_56' title='bbox 1005 924 1184 981; x_wconf 69' lang='lat' dir='ltr'><strong>saeculi</strong></span> <span class='ocrx_word' id='word_1_57' title='bbox 1233 925 1390 980; x_wconf 91' lang='lat' dir='ltr'><strong>istius</strong></span> <span class='ocrx_word' id='word_1_58' title='bbox 1427 925 1726 980; x_wconf 71' lang='lat' dir='ltr'><strong>obcaecavit</strong></span> <span class='ocrx_word' id='word_1_59' title='bbox 1771 924 2104 980; x_wconf 88' lang='lat' dir='ltr'><strong>intellectum</strong></span> 
     </span>
    </p>
   </div>
   <div class='ocr_carea' id='block_1_11' title="bbox 535 1015 2104 1086">
    <p class='ocr_par' dir='ltr' id='par_1_11' title="bbox 535 1015 2104 1086">
     <span class='ocr_line' id='line_1_11' title="bbox 535 1015 2104 1086; baseline 0.003 -22"><span class='ocrx_word' id='word_1_60' title='bbox 535 1033 552 1064; x_wconf 79' lang='grc' dir='ltr'><strong>ι</strong></span> <span class='ocrx_word' id='word_1_61' title='bbox 591 1015 989 1070; x_wconf 86' lang='lat' dir='ltr'><strong>iucredulorum</strong></span> <span class='ocrx_word' id='word_1_62' title='bbox 1015 1057 1032 1082; x_wconf 94' lang='lat'><strong>,</strong></span> <span class='ocrx_word' id='word_1_63' title='bbox 1065 1031 1130 1070; x_wconf 90' lang='lat' dir='ltr'><strong>ne</strong></span> <span class='ocrx_word' id='word_1_64' title='bbox 1171 1016 1457 1071; x_wconf 86' lang='lat' dir='ltr'><strong>irradiaret</strong></span> <span class='ocrx_word' id='word_1_65' title='bbox 1493 1017 1544 1070; x_wconf 90' lang='lat' dir='ltr'><strong>in</strong></span> <span class='ocrx_word' id='word_1_66' title='bbox 1575 1017 1832 1072; x_wconf 84' lang='lat' dir='ltr'><strong>cordibus</strong></span> <span class='ocrx_word' id='word_1_67' title='bbox 1859 1017 2104 1086; x_wconf 86' lang='lat' dir='ltr'><strong>ipsorum</strong></span> 
     </span>
    </p>
   </div>
   <div class='ocr_carea' id='block_1_12' title="bbox 535 1108 2106 1180">
    <p class='ocr_par' dir='ltr' id='par_1_12' title="bbox 535 1108 2106 1180">
     <span class='ocr_line' id='line_1_12' title="bbox 535 1108 2106 1180; baseline 0.003 -22"><span class='ocrx_word' id='word_1_68' title='bbox 535 1124 556 1158; x_wconf 77' lang='grc' dir='ltr'><strong>ι</strong></span> <span class='ocrx_word' id='word_1_69' title='bbox 594 1108 916 1164; x_wconf 87' lang='lat' dir='ltr'><strong>illuminatio</strong></span> <span class='ocrx_word' id='word_1_70' title='bbox 944 1109 1220 1180; x_wconf 80' lang='lat' dir='ltr'><strong>Evangelii</strong></span> <span class='ocrx_word' id='word_1_71' title='bbox 1248 1108 1375 1164; x_wconf 84' lang='lat' dir='ltr'><strong>Jesu</strong></span> <span class='ocrx_word' id='word_1_72' title='bbox 1427 1109 1654 1170; x_wconf 84' lang='lat' dir='ltr'><strong>Christi,</strong></span> <span class='ocrx_word' id='word_1_73' title='bbox 1695 1109 1788 1179; x_wconf 90' lang='lat' dir='ltr'><strong>qui</strong></span> <span class='ocrx_word' id='word_1_74' title='bbox 1819 1118 1904 1164; x_wconf 90' lang='lat' dir='ltr'><strong>est</strong></span> <span class='ocrx_word' id='word_1_75' title='bbox 1927 1110 2106 1178; x_wconf 83' lang='lat' dir='ltr'><strong>imago</strong></span> 
     </span>
    </p>
   </div>
   <div class='ocr_carea' id='block_1_13' title="bbox 535 1199 2105 1270">
    <p class='ocr_par' dir='ltr' id='par_1_13' title="bbox 535 1199 2105 1270">
     <span class='ocr_line' id='line_1_13' title="bbox 535 1199 2105 1270; baseline 0.003 -20"><span class='ocrx_word' id='word_1_76' title='bbox 535 1217 554 1250; x_wconf 74' lang='grc' dir='ltr'><strong>ι</strong></span> <span class='ocrx_word' id='word_1_77' title='bbox 589 1199 707 1256; x_wconf 88' lang='lat' dir='ltr'><strong>Dei.</strong></span> <span class='ocrx_word' id='word_1_78' title='bbox 764 1218 783 1252; x_wconf 71' lang='grc' dir='ltr'><strong>ι</strong></span> <span class='ocrx_word' id='word_1_79' title='bbox 841 1200 942 1256; x_wconf 86' lang='lat' dir='ltr'><strong>Ubi</strong></span> <span class='ocrx_word' id='word_1_80' title='bbox 992 1201 1376 1255; x_wconf 72' lang='lat' dir='ltr'><strong>advertendum</strong></span> <span class='ocrx_word' id='word_1_81' title='bbox 1414 1200 1570 1255; x_wconf 88' lang='lat' dir='ltr'><strong>nobis</strong></span> <span class='ocrx_word' id='word_1_82' title='bbox 1603 1201 1786 1254; x_wconf 88' lang='lat' dir='ltr'><strong>animo</strong></span> <span class='ocrx_word' id='word_1_83' title='bbox 1817 1209 1940 1270; x_wconf 82' lang='lat' dir='ltr'><strong>est,</strong></span> <span class='ocrx_word' id='word_1_84' title='bbox 1964 1202 2105 1270; x_wconf 91' lang='lat' dir='ltr'><strong>quod</strong></span> 
     </span>
    </p>
   </div>
   <div class='ocr_carea' id='block_1_14' title="bbox 530 1291 2108 1362">
    <p class='ocr_par' dir='ltr' id='par_1_14' title="bbox 530 1291 2108 1362">
     <span class='ocr_line' id='line_1_14' title="bbox 530 1291 2108 1362; baseline 0.001 -17"><span class='ocrx_word' id='word_1_85' title='bbox 530 1291 742 1346; x_wconf 88' lang='lat' dir='ltr'><strong>divinus</strong></span> <span class='ocrx_word' id='word_1_86' title='bbox 759 1292 1051 1362; x_wconf 81' lang='lat' dir='ltr'><strong>Apostolus</strong></span> <span class='ocrx_word' id='word_1_87' title='bbox 1077 1291 1548 1347; x_wconf 86' lang='lat' dir='ltr'><strong>determinativum</strong></span> <span class='ocrx_word' id='word_1_88' title='bbox 1580 1291 1646 1347; x_wconf 90' lang='lat' dir='ltr'><strong>de</strong></span> <span class='ocrx_word' id='word_1_89' title='bbox 1665 1291 1881 1348; x_wconf 86' lang='lat' dir='ltr'><strong>Christo</strong></span> <span class='ocrx_word' id='word_1_90' title='bbox 1899 1307 2108 1348; x_wconf 91' lang='lat' dir='ltr'><strong>sermo-</strong></span> 
     </span>
    </p>
   </div>
   <div class='ocr_carea' id='block_1_15' title="bbox 529 1382 2104 1454">
    <p class='ocr_par' dir='ltr' id='par_1_15' title="bbox 529 1382 2104 1454">
     <span class='ocr_line' id='line_1_15' title="bbox 529 1382 2104 1454; baseline 0.001 -18"><span class='ocrx_word' id='word_1_91' title='bbox 529 1397 651 1436; x_wconf 87' lang='lat' dir='ltr'><strong>nem</strong></span> <span class='ocrx_word' id='word_1_92' title='bbox 675 1383 930 1448; x_wconf 89' lang='lat' dir='ltr'><strong>instituit,</strong></span> <span class='ocrx_word' id='word_1_93' title='bbox 962 1383 1251 1452; x_wconf 81' lang='lat' dir='ltr'><strong>imaginem</strong></span> <span class='ocrx_word' id='word_1_94' title='bbox 1277 1382 1370 1436; x_wconf 91' lang='lat' dir='ltr'><strong>Dei</strong></span> <span class='ocrx_word' id='word_1_95' title='bbox 1391 1382 1596 1437; x_wconf 88' lang='lat' dir='ltr'><strong>scilicet</strong></span> <span class='ocrx_word' id='word_1_96' title='bbox 1615 1382 1890 1454; x_wconf 84' lang='lat' dir='ltr'><strong>appellans</strong></span> <span class='ocrx_word' id='word_1_97' title='bbox 1910 1383 2104 1452; x_wconf 89' lang='lat' dir='ltr'><strong>ipsum,</strong></span> 
     </span>
    </p>
   </div>
   <div class='ocr_carea' id='block_1_16' title="bbox 529 1472 2108 1543">
    <p class='ocr_par' dir='ltr' id='par_1_16' title="bbox 529 1472 2108 1543">
     <span class='ocr_line' id='line_1_16' title="bbox 529 1472 2108 1543; baseline -0.001 -15"><span class='ocrx_word' id='word_1_98' title='bbox 529 1489 598 1528; x_wconf 89' lang='lat' dir='ltr'><strong>ne</strong></span> <span class='ocrx_word' id='word_1_99' title='bbox 629 1475 750 1543; x_wconf 89' lang='lat' dir='ltr'><strong>quis</strong></span> <span class='ocrx_word' id='word_1_100' title='bbox 779 1473 914 1528; x_wconf 90' lang='lat' dir='ltr'><strong>duos</strong></span> <span class='ocrx_word' id='word_1_101' title='bbox 939 1473 1226 1543; x_wconf 81' lang='lat' dir='ltr'><strong>imaginari</strong></span> <span class='ocrx_word' id='word_1_102' title='bbox 1255 1472 1386 1528; x_wconf 93' lang='lat' dir='ltr'><strong>deos</strong></span> <span class='ocrx_word' id='word_1_103' title='bbox 1415 1481 1615 1542; x_wconf 85' lang='lat' dir='ltr'><strong>posset,</strong></span> <span class='ocrx_word' id='word_1_104' title='bbox 1634 1472 1728 1528; x_wconf 88' lang='lat' dir='ltr'><strong>sed</strong></span> <span class='ocrx_word' id='word_1_105' title='bbox 1750 1487 1936 1540; x_wconf 88' lang='lat' dir='ltr'><strong>unum,</strong></span> <span class='ocrx_word' id='word_1_106' title='bbox 1958 1487 2108 1526; x_wconf 92' lang='lat' dir='ltr'><strong>nem-</strong></span> 
     </span>
    </p>
   </div>
   <div class='ocr_carea' id='block_1_17' title="bbox 529 1563 2107 1634">
    <p class='ocr_par' dir='ltr' id='par_1_17' title="bbox 529 1563 2107 1634">
     <span class='ocr_line' id='line_1_17' title="bbox 529 1563 2107 1634; baseline 0 -16"><span class='ocrx_word' id='word_1_107' title='bbox 529 1579 596 1634; x_wconf 89' lang='lat' dir='ltr'><strong>pe</strong></span> <span class='ocrx_word' id='word_1_108' title='bbox 623 1579 744 1619; x_wconf 90' lang='lat' dir='ltr'><strong>eum</strong></span> <span class='ocrx_word' id='word_1_109' title='bbox 770 1565 859 1634; x_wconf 89' lang='lat' dir='ltr'><strong>qui</strong></span> <span class='ocrx_word' id='word_1_110' title='bbox 893 1578 1054 1632; x_wconf 87' lang='lat' dir='ltr'><strong>supra</strong></span> <span class='ocrx_word' id='word_1_111' title='bbox 1087 1564 1267 1618; x_wconf 89' lang='lat' dir='ltr'><strong>omnia</strong></span> <span class='ocrx_word' id='word_1_112' title='bbox 1293 1575 1393 1620; x_wconf 91' lang='lat' dir='ltr'><strong>est.</strong></span> <span class='ocrx_word' id='word_1_113' title='bbox 1417 1564 1473 1620; x_wconf 88' lang='lat' dir='ltr'><strong>Si</strong></span> <span class='ocrx_word' id='word_1_114' title='bbox 1497 1565 1640 1618; x_wconf 89' lang='lat' dir='ltr'><strong>enim</strong></span> <span class='ocrx_word' id='word_1_115' title='bbox 1669 1578 1810 1618; x_wconf 87' lang='lat' dir='ltr'><strong>unus</strong></span> <span class='ocrx_word' id='word_1_116' title='bbox 1837 1573 1921 1618; x_wconf 90' lang='lat' dir='ltr'><strong>est</strong></span> <span class='ocrx_word' id='word_1_117' title='bbox 1943 1563 2107 1632; x_wconf 86' lang='lat' dir='ltr'><strong>Deus,</strong></span> 
     </span>
    </p>
   </div>
   <div class='ocr_carea' id='block_1_18' title="bbox 532 1655 2104 1728">
    <p class='ocr_par' dir='ltr' id='par_1_18' title="bbox 532 1655 2104 1728">
     <span class='ocr_line' id='line_1_18' title="bbox 532 1655 2104 1728; baseline -0.002 -16"><span class='ocrx_word' id='word_1_118' title='bbox 532 1669 582 1712; x_wconf 90' lang='lat' dir='ltr'><strong>et</strong></span> <span class='ocrx_word' id='word_1_119' title='bbox 611 1669 806 1728; x_wconf 84' lang='lat' dir='ltr'><strong>praeter</strong></span> <span class='ocrx_word' id='word_1_120' title='bbox 831 1657 982 1712; x_wconf 89' lang='lat' dir='ltr'><strong>illum</strong></span> <span class='ocrx_word' id='word_1_121' title='bbox 1011 1672 1118 1712; x_wconf 89' lang='lat' dir='ltr'><strong>non</strong></span> <span class='ocrx_word' id='word_1_122' title='bbox 1144 1664 1229 1712; x_wconf 88' lang='lat' dir='ltr'><strong>est</strong></span> <span class='ocrx_word' id='word_1_123' title='bbox 1255 1657 1416 1724; x_wconf 89' lang='lat' dir='ltr'><strong>alius,</strong></span> <span class='ocrx_word' id='word_1_124' title='bbox 1453 1656 1624 1726; x_wconf 87' lang='lat' dir='ltr'><strong>ipsius</strong></span> <span class='ocrx_word' id='word_1_125' title='bbox 1649 1655 1720 1710; x_wconf 86' lang='lat' dir='ltr'><strong>sit</strong></span> <span class='ocrx_word' id='word_1_126' title='bbox 1743 1666 1979 1724; x_wconf 88' lang='lat' dir='ltr'><strong>oportet,</strong></span> <span class='ocrx_word' id='word_1_127' title='bbox 2015 1655 2104 1724; x_wconf 91' lang='lat' dir='ltr'><strong>qui</strong></span> 
     </span>
    </p>
   </div>
   <div class='ocr_carea' id='block_1_19' title="bbox 531 1748 2100 1819">
    <p class='ocr_par' dir='ltr' id='par_1_19' title="bbox 531 1748 2100 1819">
     <span class='ocr_line' id='line_1_19' title="bbox 531 1748 2100 1819; baseline -0.003 -15"><span class='ocrx_word' id='word_1_128' title='bbox 531 1765 628 1819; x_wconf 87' lang='lat' dir='ltr'><strong>per</strong></span> <span class='ocrx_word' id='word_1_129' title='bbox 650 1749 843 1804; x_wconf 84' lang='lat' dir='ltr'><strong>Filium</strong></span> <span class='ocrx_word' id='word_1_130' title='bbox 882 1765 1037 1804; x_wconf 90' lang='lat' dir='ltr'><strong>suum</strong></span> <span class='ocrx_word' id='word_1_131' title='bbox 1066 1760 1322 1819; x_wconf 85' lang='lat' dir='ltr'><strong>tanquam</strong></span> <span class='ocrx_word' id='word_1_132' title='bbox 1345 1764 1440 1819; x_wconf 90' lang='lat' dir='ltr'><strong>per</strong></span> <span class='ocrx_word' id='word_1_133' title='bbox 1460 1748 1752 1816; x_wconf 77' lang='lat' dir='ltr'><strong>imaginem</strong></span> <span class='ocrx_word' id='word_1_134' title='bbox 1771 1748 2100 1817; x_wconf 79' lang='lat' dir='ltr'><strong>agnoscitur.</strong></span> 
     </span>
    </p>
   </div>
   <div class='ocr_carea' id='block_1_20' title="bbox 530 1837 2103 1910">
    <p class='ocr_par' dir='ltr' id='par_1_20' title="bbox 530 1837 2103 1910">
     <span class='ocr_line' id='line_1_20' title="bbox 530 1837 2103 1910; baseline 0 -18"><span class='ocrx_word' id='word_1_135' title='bbox 530 1842 874 1910; x_wconf 78' lang='lat' dir='ltr'><strong>Quapropter</strong></span> <span class='ocrx_word' id='word_1_136' title='bbox 893 1849 948 1894; x_wconf 91' lang='lat' dir='ltr'><strong>et</strong></span> <span class='ocrx_word' id='word_1_137' title='bbox 984 1839 1155 1894; x_wconf 83' lang='lat' dir='ltr'><strong>Filius</strong></span> <span class='ocrx_word' id='word_1_138' title='bbox 1196 1852 1411 1909; x_wconf 88' lang='lat' dir='ltr'><strong>quoque</strong></span> <span class='ocrx_word' id='word_1_139' title='bbox 1441 1839 1584 1893; x_wconf 88' lang='lat' dir='ltr'><strong>Deus</strong></span> <span class='ocrx_word' id='word_1_140' title='bbox 1604 1845 1710 1902; x_wconf 86' lang='lat' dir='ltr'><strong>est,</strong></span> <span class='ocrx_word' id='word_1_141' title='bbox 1743 1847 1964 1908; x_wconf 83' lang='lat' dir='ltr'><strong>propter</strong></span> <span class='ocrx_word' id='word_1_142' title='bbox 2001 1837 2103 1892; x_wconf 89' lang='lat' dir='ltr'><strong>Pa-</strong></span> 
     </span>
    </p>
   </div>
   <div class='ocr_carea' id='block_1_21' title="bbox 532 1929 2101 2001">
    <p class='ocr_par' dir='ltr' id='par_1_21' title="bbox 532 1929 2101 2001">
     <span class='ocr_line' id='line_1_21' title="bbox 532 1929 2101 2001; baseline 0.001 -19"><span class='ocrx_word' id='word_1_143' title='bbox 532 1932 627 1986; x_wconf 86' lang='lat' dir='ltr'><strong>tris</strong></span> <span class='ocrx_word' id='word_1_144' title='bbox 657 1933 905 2001; x_wconf 88' lang='lat' dir='ltr'><strong>liguram,</strong></span> <span class='ocrx_word' id='word_1_145' title='bbox 947 1933 999 1986; x_wconf 91' lang='lat' dir='ltr'><strong>in</strong></span> <span class='ocrx_word' id='word_1_146' title='bbox 1029 1932 1164 2001; x_wconf 89' lang='lat' dir='ltr'><strong>ipso,</strong></span> <span class='ocrx_word' id='word_1_147' title='bbox 1193 1941 1250 1984; x_wconf 90' lang='lat' dir='ltr'><strong>ut</strong></span> <span class='ocrx_word' id='word_1_148' title='bbox 1279 1932 1330 1985; x_wconf 88' lang='lat' dir='ltr'><strong>in</strong></span> <span class='ocrx_word' id='word_1_149' title='bbox 1356 1931 1613 2000; x_wconf 79' lang='lat' dir='ltr'><strong>imagine,</strong></span> <span class='ocrx_word' id='word_1_150' title='bbox 1639 1929 2009 1986; x_wconf 87' lang='lat' dir='ltr'><strong>resultantem.</strong></span> <span class='ocrx_word' id='word_1_151' title='bbox 2047 1929 2101 1984; x_wconf 91' lang='lat' dir='ltr'><strong>ld</strong></span> 
     </span>
    </p>
   </div>
   <div class='ocr_carea' id='block_1_22' title="bbox 529 2021 2104 2094">
    <p class='ocr_par' dir='ltr' id='par_1_22' title="bbox 529 2021 2104 2094">
     <span class='ocr_line' id='line_1_22' title="bbox 529 2021 2104 2094; baseline 0.001 -19"><span class='ocrx_word' id='word_1_152' title='bbox 529 2023 672 2093; x_wconf 86' lang='lat' dir='ltr'><strong>quod</strong></span> <span class='ocrx_word' id='word_1_153' title='bbox 706 2023 919 2077; x_wconf 90' lang='lat' dir='ltr'><strong>divinus</strong></span> <span class='ocrx_word' id='word_1_154' title='bbox 953 2023 1246 2090; x_wconf 84' lang='lat' dir='ltr'><strong>Apostolus</strong></span> <span class='ocrx_word' id='word_1_155' title='bbox 1269 2022 1492 2088; x_wconf 90' lang='lat' dir='ltr'><strong>indicat,</strong></span> <span class='ocrx_word' id='word_1_156' title='bbox 1525 2024 1650 2077; x_wconf 94' lang='lat' dir='ltr'><strong>dum</strong></span> <span class='ocrx_word' id='word_1_157' title='bbox 1699 2021 1992 2094; x_wconf 88' lang='lat' dir='ltr'><strong>aliquando</strong></span> <span class='ocrx_word' id='word_1_158' title='bbox 2029 2024 2104 2076; x_wconf 90' lang='lat' dir='ltr'><strong>in-</strong></span> 
     </span>
    </p>
   </div>
   <div class='ocr_carea' id='block_1_23' title="bbox 530 2113 2100 2184">
    <p class='ocr_par' dir='ltr' id='par_1_23' title="bbox 530 2113 2100 2184">
     <span class='ocr_line' id='line_1_23' title="bbox 530 2113 2100 2184; baseline -0.003 -14"><span class='ocrx_word' id='word_1_159' title='bbox 530 2116 689 2184; x_wconf 86' lang='lat' dir='ltr'><strong>quit,</strong></span> <span class='ocrx_word' id='word_1_160' title='bbox 719 2116 812 2184; x_wconf 87' lang='lat' dir='ltr'><strong>qui</strong></span> <span class='ocrx_word' id='word_1_161' title='bbox 865 2131 984 2168; x_wconf 86' lang='lat' dir='ltr'><strong>cum</strong></span> <span class='ocrx_word' id='word_1_162' title='bbox 1023 2115 1080 2167; x_wconf 88' lang='lat' dir='ltr'><strong>in</strong></span> <span class='ocrx_word' id='word_1_163' title='bbox 1119 2113 1219 2168; x_wconf 96' lang='lat' dir='ltr'><strong>Dei</strong></span> <span class='ocrx_word' id='word_1_164' title='bbox 1265 2114 1435 2182; x_wconf 78' lang='lat' dir='ltr'><strong>[arma</strong></span> <span class='ocrx_word' id='word_1_165' title='bbox 1473 2124 1644 2168; x_wconf 80' lang='lat' dir='ltr'><strong>esset:</strong></span> <span class='ocrx_word' id='word_1_166' title='bbox 1677 2113 1967 2184; x_wconf 85' lang='lat' dir='ltr'><strong>aliquando</strong></span> <span class='ocrx_word' id='word_1_167' title='bbox 2000 2129 2100 2167; x_wconf 82' lang='lat' dir='ltr'><strong>au-</strong></span> 
     </span>
    </p>
   </div>
   <div class='ocr_carea' id='block_1_24' title="bbox 529 2205 2102 2274">
    <p class='ocr_par' dir='ltr' id='par_1_24' title="bbox 529 2205 2102 2274">
     <span class='ocr_line' id='line_1_24' title="bbox 529 2205 2102 2274; baseline -0.002 -14"><span class='ocrx_word' id='word_1_168' title='bbox 529 2215 658 2272; x_wconf 83' lang='lat' dir='ltr'><strong>tem,</strong></span> <span class='ocrx_word' id='word_1_169' title='bbox 690 2221 813 2262; x_wconf 88' lang='lat' dir='ltr'><strong>eum</strong></span> <span class='ocrx_word' id='word_1_170' title='bbox 846 2205 1134 2273; x_wconf 75' lang='lat' dir='ltr'><strong>imaginem</strong></span> <span class='ocrx_word' id='word_1_171' title='bbox 1172 2207 1260 2260; x_wconf 81' lang='lat' dir='ltr'><strong>Dei</strong></span> <span class='ocrx_word' id='word_1_172' title='bbox 1310 2205 1497 2261; x_wconf 85' lang='lat' dir='ltr'><strong>detinit</strong></span> <span class='ocrx_word' id='word_1_173' title='bbox 1529 2220 1672 2260; x_wconf 89' lang='lat' dir='ltr'><strong>esse.</strong></span> <span class='ocrx_word' id='word_1_174' title='bbox 1701 2207 1883 2274; x_wconf 82' lang='lat' dir='ltr'><strong>Atque</strong></span> <span class='ocrx_word' id='word_1_175' title='bbox 1913 2205 1988 2258; x_wconf 86' lang='lat' dir='ltr'><strong>ita</strong></span> <span class='ocrx_word' id='word_1_176' title='bbox 2017 2205 2102 2258; x_wconf 94' lang='lat' dir='ltr'><strong>iu-</strong></span> 
     </span>
    </p>
   </div>
   <div class='ocr_carea' id='block_1_25' title="bbox 535 2295 2103 2352">
    <p class='ocr_par' dir='ltr' id='par_1_25' title="bbox 535 2295 2103 2352">
     <span class='ocr_line' id='line_1_25' title="bbox 535 2295 2103 2352; baseline 0 -2"><span class='ocrx_word' id='word_1_177' title='bbox 535 2305 618 2351; x_wconf 91' lang='lat' dir='ltr'><strong>ter</strong></span> <span class='ocrx_word' id='word_1_178' title='bbox 643 2307 874 2352; x_wconf 67' lang='lat' dir='ltr'><strong>caeteras</strong></span> <span class='ocrx_word' id='word_1_179' title='bbox 903 2297 1344 2352; x_wconf 80' lang='lat' dir='ltr'><strong>nomenclaturas</strong></span> <span class='ocrx_word' id='word_1_180' title='bbox 1391 2295 1562 2352; x_wconf 87' lang='lat' dir='ltr'><strong>Filius</strong></span> <span class='ocrx_word' id='word_1_181' title='bbox 1614 2305 1672 2352; x_wconf 85' lang='lat' dir='ltr'><strong>et</strong></span> <span class='ocrx_word' id='word_1_182' title='bbox 1703 2305 1821 2351; x_wconf 84' lang='lat' dir='ltr'><strong>erat</strong></span> <span class='ocrx_word' id='word_1_183' title='bbox 1855 2307 1909 2350; x_wconf 92' lang='lat' dir='ltr'><strong>et</strong></span> <span class='ocrx_word' id='word_1_184' title='bbox 1954 2297 2103 2351; x_wconf 87' lang='lat' dir='ltr'><strong>dice-</strong></span> 
     </span>
    </p>
   </div>
   <div class='ocr_carea' id='block_1_26' title="bbox 527 2387 2098 2458">
    <p class='ocr_par' dir='ltr' id='par_1_26' title="bbox 527 2387 2098 2458">
     <span class='ocr_line' id='line_1_26' title="bbox 527 2387 2098 2458; baseline -0.001 -14"><span class='ocrx_word' id='word_1_185' title='bbox 527 2389 690 2444; x_wconf 88' lang='lat' dir='ltr'><strong>batur</strong></span> <span class='ocrx_word' id='word_1_186' title='bbox 745 2389 922 2458; x_wconf 83' lang='lat' dir='ltr'><strong>imago</strong></span> <span class='ocrx_word' id='word_1_187' title='bbox 956 2389 1050 2444; x_wconf 86' lang='lat' dir='ltr'><strong>Dei</strong></span> <span class='ocrx_word' id='word_1_188' title='bbox 1082 2429 1095 2454; x_wconf 94' lang='lat'><strong>,</strong></span> <span class='ocrx_word' id='word_1_189' title='bbox 1130 2387 1441 2458; x_wconf 89' lang='lat' dir='ltr'><strong>priusquam</strong></span> <span class='ocrx_word' id='word_1_190' title='bbox 1487 2389 1541 2442; x_wconf 91' lang='lat' dir='ltr'><strong>in</strong></span> <span class='ocrx_word' id='word_1_191' title='bbox 1590 2403 1756 2443; x_wconf 90' lang='lat' dir='ltr'><strong>carne</strong></span> <span class='ocrx_word' id='word_1_192' title='bbox 1801 2388 2098 2443; x_wconf 89' lang='lat' dir='ltr'><strong>adveniret.</strong></span> 
     </span>
    </p>
   </div>
   <div class='ocr_carea' id='block_1_27' title="bbox 528 2481 2100 2552">
    <p class='ocr_par' dir='ltr' id='par_1_27' title="bbox 528 2481 2100 2552">
     <span class='ocr_line' id='line_1_27' title="bbox 528 2481 2100 2552; baseline -0.002 -16"><span class='ocrx_word' id='word_1_193' title='bbox 528 2485 704 2552; x_wconf 85' lang='lat' dir='ltr'><strong>Atque</strong></span> <span class='ocrx_word' id='word_1_194' title='bbox 721 2482 824 2539; x_wconf 90' lang='lat' dir='ltr'><strong>ista</strong></span> <span class='ocrx_word' id='word_1_195' title='bbox 854 2483 1070 2552; x_wconf 89' lang='lat' dir='ltr'><strong>quidem</strong></span> <span class='ocrx_word' id='word_1_196' title='bbox 1109 2497 1278 2552; x_wconf 89' lang='lat' dir='ltr'><strong>pauca</strong></span> <span class='ocrx_word' id='word_1_197' title='bbox 1315 2481 1382 2537; x_wconf 92' lang='lat' dir='ltr'><strong>de</strong></span> <span class='ocrx_word' id='word_1_198' title='bbox 1428 2482 1749 2546; x_wconf 84' lang='lat' dir='ltr'><strong>innumeris,</strong></span> <span class='ocrx_word' id='word_1_199' title='bbox 1787 2497 1851 2536; x_wconf 90' lang='lat' dir='ltr'><strong>ne</strong></span> <span class='ocrx_word' id='word_1_200' title='bbox 1887 2483 2100 2536; x_wconf 90' lang='lat' dir='ltr'><strong>modum</strong></span> 
     </span>
    </p>
   </div>
   <div class='ocr_carea' id='block_1_28' title="bbox 527 2571 2102 2638">
    <p class='ocr_par' dir='ltr' id='par_1_28' title="bbox 527 2571 2102 2638">
     <span class='ocr_line' id='line_1_28' title="bbox 527 2571 2102 2638; baseline -0.001 -12"><span class='ocrx_word' id='word_1_201' title='bbox 527 2571 875 2638; x_wconf 80' lang='lat' dir='ltr'><strong>excedamus,</strong></span> <span class='ocrx_word' id='word_1_202' title='bbox 915 2571 1115 2629; x_wconf 83' lang='lat' dir='ltr'><strong>eNovo</strong></span> <span class='ocrx_word' id='word_1_203' title='bbox 1147 2571 1496 2628; x_wconf 88' lang='lat' dir='ltr'><strong>Testamento</strong></span> <span class='ocrx_word' id='word_1_204' title='bbox 1547 2573 1774 2628; x_wconf 87' lang='lat' dir='ltr'><strong>adducta</strong></span> <span class='ocrx_word' id='word_1_205' title='bbox 1810 2573 1940 2628; x_wconf 86' lang='lat' dir='ltr'><strong>sint.</strong></span> <span class='ocrx_word' id='word_1_206' title='bbox 1963 2571 2102 2638; x_wconf 84' lang='lat' dir='ltr'><strong>Quin</strong></span> 
     </span>
    </p>
   </div>
   <div class='ocr_carea' id='block_1_29' title="bbox 528 2663 2102 2736">
    <p class='ocr_par' dir='ltr' id='par_1_29' title="bbox 528 2663 2102 2736">
     <span class='ocr_line' id='line_1_29' title="bbox 528 2663 2102 2736; baseline 0 -16"><span class='ocrx_word' id='word_1_207' title='bbox 528 2676 584 2721; x_wconf 89' lang='lat' dir='ltr'><strong>et</strong></span> <span class='ocrx_word' id='word_1_208' title='bbox 613 2665 740 2720; x_wconf 92' lang='lat' dir='ltr'><strong>olim</strong></span> <span class='ocrx_word' id='word_1_209' title='bbox 767 2667 1091 2721; x_wconf 86' lang='lat' dir='ltr'><strong>exsistentes</strong></span> <span class='ocrx_word' id='word_1_210' title='bbox 1117 2666 1392 2736; x_wconf 68' lang='lat' dir='ltr'><strong>propheta:</strong></span> <span class='ocrx_word' id='word_1_211' title='bbox 1419 2663 1538 2729; x_wconf 84' lang='lat' dir='ltr'><strong>Dei,</strong></span> <span class='ocrx_word' id='word_1_212' title='bbox 1571 2667 1820 2721; x_wconf 89' lang='lat' dir='ltr'><strong>eumdem</strong></span> <span class='ocrx_word' id='word_1_213' title='bbox 1871 2667 2102 2721; x_wconf 87' lang='lat' dir='ltr'><strong>diversis</strong></span> 
     </span>
    </p>
   </div>
   <div class='ocr_carea' id='block_1_30' title="bbox 530 2757 1569 2828">
    <p class='ocr_par' dir='ltr' id='par_1_30' title="bbox 530 2757 1569 2828">
     <span class='ocr_line' id='line_1_30' title="bbox 530 2757 1569 2828; baseline -0.002 -16"><span class='ocrx_word' id='word_1_214' title='bbox 530 2757 852 2828; x_wconf 82' lang='lat' dir='ltr'><strong>thenlogicis</strong></span> <span class='ocrx_word' id='word_1_215' title='bbox 880 2757 1188 2812; x_wconf 86' lang='lat' dir='ltr'><strong>nominibus</strong></span> <span class='ocrx_word' id='word_1_216' title='bbox 1211 2757 1569 2813; x_wconf 88' lang='lat' dir='ltr'><strong>honorarunt.</strong></span> 
     </span>
    </p>
   </div>
   <div class='ocr_carea' id='block_1_31' title="bbox 599 2845 2098 2918">
    <p class='ocr_par' dir='ltr' id='par_1_31' title="bbox 599 2845 2098 2918">
     <span class='ocr_line' id='line_1_31' title="bbox 599 2845 2098 2918; baseline -0.001 -16"><span class='ocrx_word' id='word_1_217' title='bbox 599 2849 688 2903; x_wconf 75' lang='grc'><strong>16.</strong></span> <span class='ocrx_word' id='word_1_218' title='bbox 719 2849 816 2904; x_wconf 88' lang='lat' dir='ltr'><strong>Est</strong></span> <span class='ocrx_word' id='word_1_219' title='bbox 839 2848 930 2917; x_wconf 89' lang='lat' dir='ltr'><strong>qui</strong></span> <span class='ocrx_word' id='word_1_220' title='bbox 959 2863 1079 2901; x_wconf 84' lang='lat' dir='ltr'><strong>eum</strong></span> <span class='ocrx_word' id='word_1_221' title='bbox 1103 2889 1117 2912; x_wconf 93' lang='lat'><strong>,</strong></span> <span class='ocrx_word' id='word_1_222' title='bbox 1151 2845 1410 2918; x_wconf 80' lang='lat' dir='ltr'><strong>Spiritum</strong></span> <span class='ocrx_word' id='word_1_223' title='bbox 1457 2849 1550 2902; x_wconf 88' lang='lat' dir='ltr'><strong>Dei</strong></span> <span class='ocrx_word' id='word_1_224' title='bbox 1581 2855 1740 2904; x_wconf 85' lang='lat' dir='ltr'><strong>vocat</strong></span> <span class='ocrx_word' id='word_1_225' title='bbox 1763 2888 1777 2910; x_wconf 88' lang='lat'><strong>,</strong></span> <span class='ocrx_word' id='word_1_226' title='bbox 1806 2847 2056 2917; x_wconf 81' lang='lat' dir='ltr'><strong>inquiens</strong></span> <span class='ocrx_word' id='word_1_227' title='bbox 2086 2866 2098 2901; x_wconf 91' lang='lat'>:</span> 
     </span>
    </p>
   </div>
   <div class='ocr_carea' id='block_1_32' title="bbox 527 2939 2104 3012">
    <p class='ocr_par' dir='ltr' id='par_1_32' title="bbox 527 2939 2104 3012">
     <span class='ocr_line' id='line_1_32' title="bbox 527 2939 2104 3012; baseline 0 -18"><span class='ocrx_word' id='word_1_228' title='bbox 527 2940 842 3012; x_wconf 81' lang='lat' dir='ltr'><strong>Egredietur</strong></span> <span class='ocrx_word' id='word_1_229' title='bbox 867 2939 1016 3004; x_wconf 82' lang='lat' dir='ltr'><strong>virga</strong></span> <span class='ocrx_word' id='word_1_230' title='bbox 1041 2941 1105 2995; x_wconf 86' lang='lat' dir='ltr'><strong>de</strong></span> <span class='ocrx_word' id='word_1_231' title='bbox 1133 2942 1308 2995; x_wconf 82' lang='lat' dir='ltr'><strong>radice</strong></span> <span class='ocrx_word' id='word_1_232' title='bbox 1346 2940 1490 2996; x_wconf 80' lang='lat' dir='ltr'><strong>Iesse</strong></span> <span class='ocrx_word' id='word_1_233' title='bbox 1528 2958 1546 2995; x_wconf 89' lang='lat'><strong><em>:</em></strong></span> <span class='ocrx_word' id='word_1_234' title='bbox 1592 2947 1650 3005; x_wconf 64' lang='grc' dir='ltr'><strong>ᾖ(</strong></span> <span class='ocrx_word' id='word_1_235' title='bbox 1692 2953 1740 2996; x_wconf 86' lang='lat' dir='ltr'><strong>et</strong></span> <span class='ocrx_word' id='word_1_236' title='bbox 1768 2943 1868 3011; x_wconf 79' lang='lat' dir='ltr'><strong>[los</strong></span> <span class='ocrx_word' id='word_1_237' title='bbox 1912 2947 1976 2994; x_wconf 88' lang='lat' dir='ltr'><strong>de</strong></span> <span class='ocrx_word' id='word_1_238' title='bbox 2015 2957 2104 2994; x_wconf 86' lang='lat' dir='ltr'><strong>ra-</strong></span> 
     </span>
    </p>
   </div>
   <div class='ocr_carea' id='block_1_33' title="bbox 527 3031 2102 3101">
    <p class='ocr_par' dir='ltr' id='par_1_33' title="bbox 527 3031 2102 3101">
     <span class='ocr_line' id='line_1_33' title="bbox 527 3031 2102 3101; baseline 0.001 -17"><span class='ocrx_word' id='word_1_239' title='bbox 527 3033 642 3085; x_wconf 82' lang='lat' dir='ltr'><strong>dice</strong></span> <span class='ocrx_word' id='word_1_240' title='bbox 665 3031 782 3100; x_wconf 85' lang='lat' dir='ltr'><strong>ejus</strong></span> <span class='ocrx_word' id='word_1_241' title='bbox 803 3033 1070 3098; x_wconf 75' lang='lat' dir='ltr'><strong>ascendet,</strong></span> <span class='ocrx_word' id='word_1_242' title='bbox 1107 3042 1154 3086; x_wconf 91' lang='lat' dir='ltr'><strong>et</strong></span> <span class='ocrx_word' id='word_1_243' title='bbox 1189 3033 1472 3101; x_wconf 78' lang='lat' dir='ltr'><strong>requiescet</strong></span> <span class='ocrx_word' id='word_1_244' title='bbox 1506 3049 1664 3101; x_wconf 83' lang='lat' dir='ltr'><strong>super</strong></span> <span class='ocrx_word' id='word_1_245' title='bbox 1689 3031 1836 3086; x_wconf 82' lang='lat' dir='ltr'><strong>illum</strong></span> <span class='ocrx_word' id='word_1_246' title='bbox 1873 3032 2102 3100; x_wconf 84' lang='lat' dir='ltr'><strong>Spiritus</strong></span> 
     </span>
    </p>
   </div>
   <div class='ocr_carea' id='block_1_34' title="bbox 2206 571 2386 607">
    <p class='ocr_par' dir='ltr' id='par_1_34' title="bbox 2206 571 2386 607">
     <span class='ocr_line' id='line_1_34' title="bbox 2206 571 2386 607; baseline 0.006 -1"><span class='ocrx_word' id='word_1_247' title='bbox 2206 571 2230 606; x_wconf 88' lang='grc' dir='ltr'><strong>ε</strong></span> <span class='ocrx_word' id='word_1_248' title='bbox 2240 571 2386 607; x_wconf 86' lang='grc' dir='ltr'>ικων.</span> 
     </span>
    </p>
   </div>
   <div class='ocr_carea' id='block_1_35' title="bbox 2281 641 3788 716">
    <p class='ocr_par' dir='ltr' id='par_1_35' title="bbox 2281 641 3788 716">
     <span class='ocr_line' id='line_1_35' title="bbox 2281 641 3788 716; baseline -0.002 -18"><span class='ocrx_word' id='word_1_249' title='bbox 2281 652 2360 698; x_wconf 86' lang='grc' dir='ltr'>ιε’.</span> <span class='ocrx_word' id='word_1_250' title='bbox 2402 645 2513 698; x_wconf 77' lang='grc' dir='ltr'><strong>Καὶ</strong></span> <span class='ocrx_word' id='word_1_251' title='bbox 2563 646 2620 698; x_wconf 83' lang='grc' dir='ltr'>ὲν</span> <span class='ocrx_word' id='word_1_252' title='bbox 2665 644 2836 716; x_wconf 72' lang='grc' dir='ltr'>ἑτέρῳ</span> <span class='ocrx_word' id='word_1_253' title='bbox 2889 644 2945 697; x_wconf 82' lang='grc' dir='ltr'>δὲ</span> <span class='ocrx_word' id='word_1_254' title='bbox 2995 643 3158 697; x_wconf 78' lang='grc' dir='ltr'>πάλιν</span> <span class='ocrx_word' id='word_1_255' title='bbox 3201 645 3228 696; x_wconf 91' lang='lat'><strong>6</strong></span> <span class='ocrx_word' id='word_1_256' title='bbox 3273 643 3434 708; x_wconf 81' lang='grc' dir='ltr'>αὐτὸς</span> <span class='ocrx_word' id='word_1_257' title='bbox 3475 642 3657 697; x_wconf 86' lang='grc' dir='ltr'>είκόνα</span> <span class='ocrx_word' id='word_1_258' title='bbox 3687 641 3788 696; x_wconf 77' lang='grc' dir='ltr'><strong>τοῦ</strong></span> 
     </span>
    </p>
   </div>
   <div class='ocr_carea' id='block_1_36' title="bbox 2207 735 3790 806">
    <p class='ocr_par' dir='ltr' id='par_1_36' title="bbox 2207 735 3790 806">
     <span class='ocr_line' id='line_1_36' title="bbox 2207 735 3790 806; baseline -0.002 -16"><span class='ocrx_word' id='word_1_259' title='bbox 2207 735 2342 790; x_wconf 85' lang='grc' dir='ltr'>Θεοῦ</span> <span class='ocrx_word' id='word_1_260' title='bbox 2359 735 2517 789; x_wconf 83' lang='grc' dir='ltr'>αὑτὸν</span> <span class='ocrx_word' id='word_1_261' title='bbox 2532 735 2779 806; x_wconf 81' lang='grc' dir='ltr'>ὠνόμαζε</span> <span class='ocrx_word' id='word_1_262' title='bbox 2810 735 3002 804; x_wconf 82' lang='grc' dir='ltr'>λέγων,</span> <span class='ocrx_word' id='word_1_263' title='bbox 3028 756 3048 788; x_wconf 79' lang='grc' dir='ltr'><strong>ι</strong></span> <span class='ocrx_word' id='word_1_264' title='bbox 3077 736 3139 790; x_wconf 85' lang='grc' dir='ltr'><strong>Εἰ</strong></span> <span class='ocrx_word' id='word_1_265' title='bbox 3168 737 3224 789; x_wconf 87' lang='grc' dir='ltr'>δὲ</span> <span class='ocrx_word' id='word_1_266' title='bbox 3254 737 3346 790; x_wconf 80' lang='grc' dir='ltr'>καὶ</span> <span class='ocrx_word' id='word_1_267' title='bbox 3367 735 3480 790; x_wconf 79' lang='grc' dir='ltr'>ἔστι</span> <span class='ocrx_word' id='word_1_268' title='bbox 3509 735 3790 806; x_wconf 78' lang='grc' dir='ltr'>κεκαλυμ-</span> 
     </span>
    </p>
   </div>
   <div class='ocr_carea' id='block_1_37' title="bbox 2215 827 3791 901">
    <p class='ocr_par' dir='ltr' id='par_1_37' title="bbox 2215 827 3791 901">
     <span class='ocr_line' id='line_1_37' title="bbox 2215 827 3791 901; baseline 0 -19"><span class='ocrx_word' id='word_1_269' title='bbox 2215 851 2234 882; x_wconf 74' lang='grc' dir='ltr'><strong>ι</strong></span> <span class='ocrx_word' id='word_1_270' title='bbox 2269 829 2426 901; x_wconf 80' lang='grc' dir='ltr'>μένον</span> <span class='ocrx_word' id='word_1_271' title='bbox 2442 827 2502 880; x_wconf 73' lang='grc' dir='ltr'>τὸ</span> <span class='ocrx_word' id='word_1_272' title='bbox 2521 827 2632 898; x_wconf 69' lang='grc'><strong>(42)</strong></span> <span class='ocrx_word' id='word_1_273' title='bbox 2647 827 2978 897; x_wconf 81' lang='grc' dir='ltr'>Εὐαγγέλιον</span> <span class='ocrx_word' id='word_1_274' title='bbox 3001 829 3178 899; x_wconf 85' lang='grc' dir='ltr'>ήμῶν,</span> <span class='ocrx_word' id='word_1_275' title='bbox 3197 832 3252 882; x_wconf 79' lang='grc' dir='ltr'>ὲν</span> <span class='ocrx_word' id='word_1_276' title='bbox 3268 832 3379 892; x_wconf 83' lang='grc' dir='ltr'>τοῖς</span> <span class='ocrx_word' id='word_1_277' title='bbox 3395 829 3596 882; x_wconf 79' lang='grc' dir='ltr'>ἀπολλυ</span> <span class='ocrx_word' id='word_1_278' title='bbox 3604 829 3791 900; x_wconf 83' lang='grc' dir='ltr'>μένοις</span> 
     </span>
    </p>
   </div>
   <div class='ocr_carea' id='block_1_38' title="bbox 2218 916 3786 992">
    <p class='ocr_par' dir='ltr' id='par_1_38' title="bbox 2218 916 3786 992">
     <span class='ocr_line' id='line_1_38' title="bbox 2218 916 3786 992; baseline -0.001 -17"><span class='ocrx_word' id='word_1_279' title='bbox 2218 942 2236 974; x_wconf 85' lang='grc' dir='ltr'><strong>ι</strong></span> <span class='ocrx_word' id='word_1_280' title='bbox 2268 923 2385 975; x_wconf 76' lang='grc' dir='ltr'>ἐστὶ</span> <span class='ocrx_word' id='word_1_281' title='bbox 2404 921 2840 992; x_wconf 81' lang='grc' dir='ltr'><strong>κεκαλυμμένον,</strong></span> <span class='ocrx_word' id='word_1_282' title='bbox 2861 922 2919 974; x_wconf 81' lang='grc' dir='ltr'>ἐν</span> <span class='ocrx_word' id='word_1_283' title='bbox 2939 916 3022 984; x_wconf 75' lang='grc' dir='ltr'>οἷς</span> <span class='ocrx_word' id='word_1_284' title='bbox 3043 924 3072 975; x_wconf 89' lang='lat'><strong>6</strong></span> <span class='ocrx_word' id='word_1_285' title='bbox 3093 922 3225 986; x_wconf 77' lang='grc' dir='ltr'>Θεὸς</span> <span class='ocrx_word' id='word_1_286' title='bbox 3251 921 3346 975; x_wconf 81' lang='grc' dir='ltr'><strong>τοῦ</strong></span> <span class='ocrx_word' id='word_1_287' title='bbox 3376 922 3568 986; x_wconf 86' lang='grc' dir='ltr'>αίῶνος</span> <span class='ocrx_word' id='word_1_288' title='bbox 3589 923 3786 976; x_wconf 81' lang='grc' dir='ltr'>τούτου</span> 
     </span>
    </p>
   </div>
   <div class='ocr_carea' id='block_1_39' title="bbox 2214 1013 3788 1086">
    <p class='ocr_par' dir='ltr' id='par_1_39' title="bbox 2214 1013 3788 1086">
     <span class='ocr_line' id='line_1_39' title="bbox 2214 1013 3788 1086; baseline 0.001 -20"><span class='ocrx_word' id='word_1_289' title='bbox 2214 1035 2238 1066; x_wconf 69' lang='grc' dir='ltr'>ιο</span> <span class='ocrx_word' id='word_1_290' title='bbox 2269 1013 2545 1084; x_wconf 76' lang='grc' dir='ltr'>ἐτύφλωσε</span> <span class='ocrx_word' id='word_1_291' title='bbox 2576 1013 2644 1067; x_wconf 78' lang='grc' dir='ltr'><strong>τὰ</strong></span> <span class='ocrx_word' id='word_1_292' title='bbox 2675 1016 2918 1086; x_wconf 82' lang='grc' dir='ltr'><strong>νοήματα</strong></span> <span class='ocrx_word' id='word_1_293' title='bbox 2947 1015 3054 1068; x_wconf 83' lang='grc' dir='ltr'>τῶν</span> <span class='ocrx_word' id='word_1_294' title='bbox 3105 1015 3367 1078; x_wconf 83' lang='grc' dir='ltr'>ἀπίστων,</span> <span class='ocrx_word' id='word_1_295' title='bbox 3413 1014 3550 1086; x_wconf 84' lang='grc' dir='ltr'>πρὸς</span> <span class='ocrx_word' id='word_1_296' title='bbox 3591 1014 3652 1067; x_wconf 79' lang='grc' dir='ltr'>τὸ</span> <span class='ocrx_word' id='word_1_297' title='bbox 3707 1015 3788 1086; x_wconf 79' lang='grc' dir='ltr'>μὴ</span> 
     </span>
    </p>
   </div>
   <div class='ocr_carea' id='block_1_40' title="bbox 2217 1102 3790 1177">
    <p class='ocr_par' dir='ltr' id='par_1_40' title="bbox 2217 1102 3790 1177">
     <span class='ocr_line' id='line_1_40' title="bbox 2217 1102 3790 1177; baseline 0.002 -22"><span class='ocrx_word' id='word_1_298' title='bbox 2217 1124 2233 1155; x_wconf 81' lang='grc' dir='ltr'><strong>ι</strong></span> <span class='ocrx_word' id='word_1_299' title='bbox 2269 1103 2616 1177; x_wconf 82' lang='grc' dir='ltr'>καταυγάσαι</span> <span class='ocrx_word' id='word_1_300' title='bbox 2641 1102 2753 1173; x_wconf 76' lang='grc'><strong>(45)</strong></span> <span class='ocrx_word' id='word_1_301' title='bbox 2788 1105 2978 1168; x_wconf 82' lang='grc' dir='ltr'>ἐνταϊς</span> <span class='ocrx_word' id='word_1_302' title='bbox 3003 1105 3250 1177; x_wconf 80' lang='grc' dir='ltr'><strong>καρδίαις</strong></span> <span class='ocrx_word' id='word_1_303' title='bbox 3277 1105 3458 1158; x_wconf 84' lang='grc' dir='ltr'>αὐτῶν</span> <span class='ocrx_word' id='word_1_304' title='bbox 3491 1106 3583 1159; x_wconf 82' lang='grc' dir='ltr'>τὸν</span> <span class='ocrx_word' id='word_1_305' title='bbox 3615 1122 3790 1176; x_wconf 82' lang='grc' dir='ltr'>φωτι-</span> 
     </span>
    </p>
   </div>
   <div class='ocr_carea' id='block_1_41' title="bbox 2217 1173 3790 1264">
    <p class='ocr_par' dir='ltr' id='par_1_41' title="bbox 2217 1173 3790 1264">
     <span class='ocr_line' id='line_1_41' title="bbox 2217 1173 3790 1264; baseline 0.001 -18"><span class='ocrx_word' id='word_1_306' title='bbox 2217 1215 2238 1246; x_wconf 78' lang='lat' dir='ltr'><strong>e</strong></span> <span class='ocrx_word' id='word_1_307' title='bbox 2275 1194 2410 1264; x_wconf 83' lang='grc' dir='ltr'>σμὺν</span> <span class='ocrx_word' id='word_1_308' title='bbox 2435 1193 2530 1248; x_wconf 88' lang='grc' dir='ltr'><strong>τοῦ</strong></span> <span class='ocrx_word' id='word_1_309' title='bbox 2543 1173 2893 1264; x_wconf 80' lang='grc' dir='ltr'>Ἐύαγγελίου</span> <span class='ocrx_word' id='word_1_310' title='bbox 2923 1193 3018 1247; x_wconf 86' lang='grc' dir='ltr'><strong>τοῦ</strong></span> <span class='ocrx_word' id='word_1_311' title='bbox 3051 1173 3305 1264; x_wconf 71' lang='grc' dir='ltr'>Χριστοῦ,</span> <span class='ocrx_word' id='word_1_312' title='bbox 3341 1197 3399 1260; x_wconf 80' lang='grc' dir='ltr'>ὃς</span> <span class='ocrx_word' id='word_1_313' title='bbox 3437 1198 3585 1250; x_wconf 83' lang='grc' dir='ltr'>ἐστιν</span> <span class='ocrx_word' id='word_1_314' title='bbox 3619 1173 3790 1249; x_wconf 77' lang='grc' dir='ltr'>εἰκὼν</span> 
     </span>
    </p>
   </div>
   <div class='ocr_carea' id='block_1_42' title="bbox 2219 1285 3782 1359">
    <p class='ocr_par' dir='ltr' id='par_1_42' title="bbox 2219 1285 3782 1359">
     <span class='ocr_line' id='line_1_42' title="bbox 2219 1285 3782 1359; baseline 0 -20"><span class='ocrx_word' id='word_1_315' title='bbox 2219 1307 2237 1338; x_wconf 78' lang='grc' dir='ltr'><strong>ι</strong></span> <span class='ocrx_word' id='word_1_316' title='bbox 2271 1287 2363 1340; x_wconf 84' lang='grc' dir='ltr'><strong>τοῦ</strong></span> <span class='ocrx_word' id='word_1_317' title='bbox 2383 1287 2540 1342; x_wconf 86' lang='grc' dir='ltr'>Θεοῦ.</span> <span class='ocrx_word' id='word_1_318' title='bbox 2570 1305 2592 1336; x_wconf 75' lang='grc' dir='ltr'><strong>ι</strong></span> <span class='ocrx_word' id='word_1_319' title='bbox 2621 1285 2791 1340; x_wconf 80' lang='grc' dir='ltr'>Ἔνθα</span> <span class='ocrx_word' id='word_1_320' title='bbox 2811 1287 2905 1340; x_wconf 72' lang='grc' dir='ltr'>καὶ</span> <span class='ocrx_word' id='word_1_321' title='bbox 2927 1289 3192 1358; x_wconf 84' lang='grc' dir='ltr'>προσήκει</span> <span class='ocrx_word' id='word_1_322' title='bbox 3217 1287 3307 1340; x_wconf 76' lang='grc' dir='ltr'>τὸν</span> <span class='ocrx_word' id='word_1_323' title='bbox 3329 1287 3451 1340; x_wconf 88' lang='grc' dir='ltr'>νοῦν</span> <span class='ocrx_word' id='word_1_324' title='bbox 3469 1287 3782 1359; x_wconf 79' lang='grc' dir='ltr'>ἐπιστῆσαι,</span> 
     </span>
    </p>
   </div>
   <div class='ocr_carea' id='block_1_43' title="bbox 2208 1381 3786 1452">
    <p class='ocr_par' dir='ltr' id='par_1_43' title="bbox 2208 1381 3786 1452">
     <span class='ocr_line' id='line_1_43' title="bbox 2208 1381 3786 1452; baseline -0.001 -19"><span class='ocrx_word' id='word_1_325' title='bbox 2208 1381 2282 1444; x_wconf 80' lang='grc' dir='ltr'>ὡς</span> <span class='ocrx_word' id='word_1_326' title='bbox 2315 1383 2343 1434; x_wconf 98' lang='lat'><strong>6</strong></span> <span class='ocrx_word' id='word_1_327' title='bbox 2375 1381 2516 1445; x_wconf 84' lang='grc' dir='ltr'>θεῖος</span> <span class='ocrx_word' id='word_1_328' title='bbox 2565 1381 2881 1444; x_wconf 86' lang='grc' dir='ltr'>Ἀπόστολος</span> <span class='ocrx_word' id='word_1_329' title='bbox 2911 1382 3096 1452; x_wconf 81' lang='grc' dir='ltr'>ὁρικὸν</span> <span class='ocrx_word' id='word_1_330' title='bbox 3116 1381 3438 1452; x_wconf 75' lang='grc' dir='ltr'>ἐξηνέγκατο</span> <span class='ocrx_word' id='word_1_331' title='bbox 3465 1383 3621 1451; x_wconf 86' lang='grc' dir='ltr'>λόγον</span> <span class='ocrx_word' id='word_1_332' title='bbox 3651 1381 3786 1451; x_wconf 79' lang='grc' dir='ltr'>περὶ</span> 
     </span>
    </p>
   </div>
   <div class='ocr_carea' id='block_1_44' title="bbox 2209 1471 3781 1546">
    <p class='ocr_par' dir='ltr' id='par_1_44' title="bbox 2209 1471 3781 1546">
     <span class='ocr_line' id='line_1_44' title="bbox 2209 1471 3781 1546; baseline -0.002 -20"><span class='ocrx_word' id='word_1_333' title='bbox 2209 1473 2304 1526; x_wconf 85' lang='grc' dir='ltr'><strong>τοῦ</strong></span> <span class='ocrx_word' id='word_1_334' title='bbox 2340 1473 2598 1546; x_wconf 75' lang='grc' dir='ltr'><strong>Χριστοῦ,</strong></span> <span class='ocrx_word' id='word_1_335' title='bbox 2621 1472 2798 1526; x_wconf 78' lang='grc' dir='ltr'>εἰπὼν</span> <span class='ocrx_word' id='word_1_336' title='bbox 2821 1473 2981 1526; x_wconf 79' lang='grc' dir='ltr'>αὐτὸν</span> <span class='ocrx_word' id='word_1_337' title='bbox 3032 1472 3213 1524; x_wconf 79' lang='grc' dir='ltr'>εἰκόνα</span> <span class='ocrx_word' id='word_1_338' title='bbox 3242 1471 3336 1524; x_wconf 89' lang='grc' dir='ltr'><strong>τοῦ</strong></span> <span class='ocrx_word' id='word_1_339' title='bbox 3377 1471 3532 1536; x_wconf 85' lang='grc' dir='ltr'>Θεοῦ,</span> <span class='ocrx_word' id='word_1_340' title='bbox 3568 1472 3656 1524; x_wconf 82' lang='grc' dir='ltr'>ἵνα</span> <span class='ocrx_word' id='word_1_341' title='bbox 3703 1473 3781 1542; x_wconf 84' lang='grc' dir='ltr'>μή</span> 
     </span>
    </p>
   </div>
   <div class='ocr_carea' id='block_1_45' title="bbox 2209 1562 3780 1629">
    <p class='ocr_par' dir='ltr' id='par_1_45' title="bbox 2209 1562 3780 1629">
     <span class='ocr_line' id='line_1_45' title="bbox 2209 1562 3780 1629; baseline -0.001 -12"><span class='ocrx_word' id='word_1_342' title='bbox 2209 1583 2292 1628; x_wconf 89' lang='grc' dir='ltr'><strong>τις</strong></span> <span class='ocrx_word' id='word_1_343' title='bbox 2324 1566 2415 1618; x_wconf 83' lang='grc' dir='ltr'>δύο</span> <span class='ocrx_word' id='word_1_344' title='bbox 2448 1566 2602 1628; x_wconf 78' lang='grc' dir='ltr'>θεοὺς</span> <span class='ocrx_word' id='word_1_345' title='bbox 2639 1564 2898 1618; x_wconf 74' lang='grc' dir='ltr'>ὑπολάϐοι</span> <span class='ocrx_word' id='word_1_346' title='bbox 2929 1562 3065 1617; x_wconf 82' lang='grc' dir='ltr'>εἶναι</span> <span class='ocrx_word' id='word_1_347' title='bbox 3085 1605 3100 1629; x_wconf 92' lang='grc'><strong>,</strong></span> <span class='ocrx_word' id='word_1_348' title='bbox 3130 1563 3243 1618; x_wconf 83' lang='grc' dir='ltr'>ἀλλ’</span> <span class='ocrx_word' id='word_1_349' title='bbox 3283 1563 3376 1616; x_wconf 79' lang='grc' dir='ltr'>ἕνα</span> <span class='ocrx_word' id='word_1_350' title='bbox 3407 1563 3497 1616; x_wconf 85' lang='grc' dir='ltr'>τὸν</span> <span class='ocrx_word' id='word_1_351' title='bbox 3524 1564 3613 1616; x_wconf 79' lang='grc' dir='ltr'><strong>ἐπὶ</strong></span> <span class='ocrx_word' id='word_1_352' title='bbox 3641 1563 3780 1617; x_wconf 80' lang='grc' dir='ltr'>πάν-</span> 
     </span>
    </p>
   </div>
   <div class='ocr_carea' id='block_1_46' title="bbox 2209 1652 3777 1729">
    <p class='ocr_par' dir='ltr' id='par_1_46' title="bbox 2209 1652 3777 1729">
     <span class='ocr_line' id='line_1_46' title="bbox 2209 1652 3777 1729; baseline -0.004 -18"><span class='ocrx_word' id='word_1_353' title='bbox 2209 1674 2336 1711; x_wconf 86' lang='grc' dir='ltr'>των.</span> <span class='ocrx_word' id='word_1_354' title='bbox 2367 1658 2427 1710; x_wconf 83' lang='lat' dir='ltr'><strong>Ei</strong></span> <span class='ocrx_word' id='word_1_355' title='bbox 2454 1657 2563 1729; x_wconf 78' lang='grc' dir='ltr'><strong>γὰρ</strong></span> <span class='ocrx_word' id='word_1_356' title='bbox 2591 1653 2672 1720; x_wconf 79' lang='grc' dir='ltr'>εἷς</span> <span class='ocrx_word' id='word_1_357' title='bbox 2695 1655 2846 1720; x_wconf 84' lang='grc' dir='ltr'>Θεὸς,</span> <span class='ocrx_word' id='word_1_358' title='bbox 2879 1655 2975 1709; x_wconf 68' lang='grc' dir='ltr'>καὶ</span> <span class='ocrx_word' id='word_1_359' title='bbox 3005 1655 3104 1708; x_wconf 82' lang='grc' dir='ltr'>οὐκ</span> <span class='ocrx_word' id='word_1_360' title='bbox 3137 1653 3282 1707; x_wconf 79' lang='grc' dir='ltr'>ἐστιν</span> <span class='ocrx_word' id='word_1_361' title='bbox 3307 1653 3487 1722; x_wconf 71' lang='grc' dir='ltr'>ἕτερος</span> <span class='ocrx_word' id='word_1_362' title='bbox 3511 1653 3647 1722; x_wconf 83' lang='grc' dir='ltr'>πλὴν</span> <span class='ocrx_word' id='word_1_363' title='bbox 3673 1652 3777 1704; x_wconf 82' lang='grc' dir='ltr'><strong>αὐ-</strong></span> 
     </span>
    </p>
   </div>
   <div class='ocr_carea' id='block_1_47' title="bbox 2209 1743 3781 1818">
    <p class='ocr_par' dir='ltr' id='par_1_47' title="bbox 2209 1743 3781 1818">
     <span class='ocr_line' id='line_1_47' title="bbox 2209 1743 3781 1818; baseline -0.005 -15"><span class='ocrx_word' id='word_1_364' title='bbox 2209 1750 2324 1814; x_wconf 87' lang='grc' dir='ltr'>τοῦ,</span> <span class='ocrx_word' id='word_1_365' title='bbox 2365 1751 2526 1812; x_wconf 82' lang='grc' dir='ltr'>αὐτὸς</span> <span class='ocrx_word' id='word_1_366' title='bbox 2555 1749 2622 1802; x_wconf 84' lang='grc' dir='ltr'>ἂν</span> <span class='ocrx_word' id='word_1_367' title='bbox 2654 1748 2740 1818; x_wconf 78' lang='grc' dir='ltr'><strong>εἴη</strong></span> <span class='ocrx_word' id='word_1_368' title='bbox 2767 1749 2796 1800; x_wconf 85' lang='grc' dir='ltr'>ὁ</span> <span class='ocrx_word' id='word_1_369' title='bbox 2837 1747 2932 1801; x_wconf 74' lang='grc' dir='ltr'>καὶ</span> <span class='ocrx_word' id='word_1_370' title='bbox 2960 1745 3046 1800; x_wconf 79' lang='grc' dir='ltr'><strong>διὰ</strong></span> <span class='ocrx_word' id='word_1_371' title='bbox 3078 1746 3172 1798; x_wconf 90' lang='grc' dir='ltr'><strong>τοῦ</strong></span> <span class='ocrx_word' id='word_1_372' title='bbox 3207 1745 3335 1798; x_wconf 85' lang='grc' dir='ltr'>Υἱοῦ</span> <span class='ocrx_word' id='word_1_373' title='bbox 3362 1744 3438 1807; x_wconf 85' lang='grc' dir='ltr'>ὡς</span> <span class='ocrx_word' id='word_1_374' title='bbox 3470 1743 3534 1796; x_wconf 78' lang='grc' dir='ltr'>δι’</span> <span class='ocrx_word' id='word_1_375' title='bbox 3573 1744 3781 1806; x_wconf 84' lang='grc' dir='ltr'>εἰκόνος</span> 
     </span>
    </p>
   </div>
   <div class='ocr_carea' id='block_1_48' title="bbox 2207 1833 3784 1914">
    <p class='ocr_par' dir='ltr' id='par_1_48' title="bbox 2207 1833 3784 1914">
     <span class='ocr_line' id='line_1_48' title="bbox 2207 1833 3784 1914; baseline -0.005 -20"><span class='ocrx_word' id='word_1_376' title='bbox 2207 1841 2621 1914; x_wconf 78' lang='grc' dir='ltr'>γνωριζόμενος.</span> <span class='ocrx_word' id='word_1_377' title='bbox 2653 1841 2744 1892; x_wconf 86' lang='grc' dir='ltr'><strong>Διὸ</strong></span> <span class='ocrx_word' id='word_1_378' title='bbox 2777 1840 2870 1892; x_wconf 72' lang='grc' dir='ltr'>καὶ</span> <span class='ocrx_word' id='word_1_379' title='bbox 2904 1841 2932 1898; x_wconf 83' lang='lat'><strong>6</strong></span> <span class='ocrx_word' id='word_1_380' title='bbox 2965 1839 3090 1902; x_wconf 78' lang='grc' dir='ltr'><strong>Υἱὸς</strong></span> <span class='ocrx_word' id='word_1_381' title='bbox 3118 1837 3270 1901; x_wconf 82' lang='grc' dir='ltr'><strong>Θεὸς,</strong></span> <span class='ocrx_word' id='word_1_382' title='bbox 3301 1835 3389 1890; x_wconf 80' lang='grc' dir='ltr'><strong>διὰ</strong></span> <span class='ocrx_word' id='word_1_383' title='bbox 3415 1836 3514 1907; x_wconf 80' lang='grc' dir='ltr'>τὴν</span> <span class='ocrx_word' id='word_1_384' title='bbox 3548 1835 3603 1887; x_wconf 81' lang='grc' dir='ltr'>ὲν</span> <span class='ocrx_word' id='word_1_385' title='bbox 3635 1833 3784 1906; x_wconf 74' lang='grc' dir='ltr'>αὐτῷ</span> 
     </span>
    </p>
   </div>
   <div class='ocr_carea' id='block_1_49' title="bbox 2203 1927 3783 2005">
    <p class='ocr_par' dir='ltr' id='par_1_49' title="bbox 2203 1927 3783 2005">
     <span class='ocr_line' id='line_1_49' title="bbox 2203 1927 3783 2005; baseline -0.005 -17"><span class='ocrx_word' id='word_1_386' title='bbox 2203 1935 2296 1988; x_wconf 86' lang='grc' dir='ltr'><strong>τοῦ</strong></span> <span class='ocrx_word' id='word_1_387' title='bbox 2327 1934 2538 2005; x_wconf 83' lang='grc' dir='ltr'>Πατρὸς</span> <span class='ocrx_word' id='word_1_388' title='bbox 2571 1933 2646 1996; x_wconf 85' lang='grc' dir='ltr'><strong>ὡς</strong></span> <span class='ocrx_word' id='word_1_389' title='bbox 2673 1935 2730 1986; x_wconf 84' lang='grc' dir='ltr'>ὲν</span> <span class='ocrx_word' id='word_1_390' title='bbox 2755 1932 2922 1986; x_wconf 76' lang='grc' dir='ltr'>εικόνι</span> <span class='ocrx_word' id='word_1_391' title='bbox 2949 1931 3248 2003; x_wconf 82' lang='grc' dir='ltr'>μόρφωσιν.</span> <span class='ocrx_word' id='word_1_392' title='bbox 3279 1931 3344 1982; x_wconf 90' lang='grc' dir='ltr'><strong>Ὃ</strong></span> <span class='ocrx_word' id='word_1_393' title='bbox 3365 1927 3431 2000; x_wconf 83' lang='grc' dir='ltr'>δὴ</span> <span class='ocrx_word' id='word_1_394' title='bbox 3452 1927 3783 1998; x_wconf 78' lang='grc' dir='ltr'>παρίστησιν</span> 
     </span>
    </p>
   </div>
   <div class='ocr_carea' id='block_1_50' title="bbox 2203 2017 3784 2095">
    <p class='ocr_par' dir='ltr' id='par_1_50' title="bbox 2203 2017 3784 2095">
     <span class='ocr_line' id='line_1_50' title="bbox 2203 2017 3784 2095; baseline -0.004 -14"><span class='ocrx_word' id='word_1_395' title='bbox 2203 2031 2232 2082; x_wconf 88' lang='lat'><strong>6</strong></span> <span class='ocrx_word' id='word_1_396' title='bbox 2267 2028 2407 2092; x_wconf 86' lang='grc' dir='ltr'>θεῖος</span> <span class='ocrx_word' id='word_1_397' title='bbox 2445 2026 2784 2089; x_wconf 83' lang='grc' dir='ltr'>Ἀπόστολος,</span> <span class='ocrx_word' id='word_1_398' title='bbox 2825 2024 2946 2077; x_wconf 84' lang='grc' dir='ltr'>τοτὲ</span> <span class='ocrx_word' id='word_1_399' title='bbox 2983 2024 3083 2095; x_wconf 79' lang='grc' dir='ltr'>μὲν</span> <span class='ocrx_word' id='word_1_400' title='bbox 3119 2022 3309 2090; x_wconf 80' lang='grc' dir='ltr'>λέγων,</span> <span class='ocrx_word' id='word_1_401' title='bbox 3349 2019 3418 2086; x_wconf 81' lang='grc' dir='ltr'>ὃς</span> <span class='ocrx_word' id='word_1_402' title='bbox 3466 2021 3536 2074; x_wconf 82' lang='grc' dir='ltr'><strong>ἐν</strong></span> <span class='ocrx_word' id='word_1_403' title='bbox 3580 2017 3784 2088; x_wconf 61' lang='grc' dir='ltr'>μορφῇ</span> 
     </span>
    </p>
   </div>
   <div class='ocr_carea' id='block_1_51' title="bbox 2206 2111 3780 2188">
    <p class='ocr_par' dir='ltr' id='par_1_51' title="bbox 2206 2111 3780 2188">
     <span class='ocr_line' id='line_1_51' title="bbox 2206 2111 3780 2188; baseline -0.007 -14"><span class='ocrx_word' id='word_1_404' title='bbox 2206 2119 2353 2174; x_wconf 86' lang='grc' dir='ltr'>Θεοῦ</span> <span class='ocrx_word' id='word_1_405' title='bbox 2381 2118 2686 2188; x_wconf 77' lang='grc' dir='ltr'><strong>ὑπάρχων,</strong></span> <span class='ocrx_word' id='word_1_406' title='bbox 2727 2115 2850 2170; x_wconf 75' lang='grc' dir='ltr'>τοτὲ</span> <span class='ocrx_word' id='word_1_407' title='bbox 2877 2115 2934 2169; x_wconf 84' lang='grc' dir='ltr'>δὲ</span> <span class='ocrx_word' id='word_1_408' title='bbox 2965 2115 3124 2170; x_wconf 84' lang='grc' dir='ltr'>αὑτὸν</span> <span class='ocrx_word' id='word_1_409' title='bbox 3167 2115 3347 2168; x_wconf 81' lang='grc' dir='ltr'>εἰκόνα</span> <span class='ocrx_word' id='word_1_410' title='bbox 3373 2112 3467 2166; x_wconf 83' lang='grc' dir='ltr'><strong>τοῦ</strong></span> <span class='ocrx_word' id='word_1_411' title='bbox 3499 2111 3634 2164; x_wconf 88' lang='grc' dir='ltr'>Θεοῦ</span> <span class='ocrx_word' id='word_1_412' title='bbox 3663 2113 3780 2184; x_wconf 83' lang='grc' dir='ltr'>ὁρι-</span> 
     </span>
    </p>
   </div>
   <div class='ocr_carea' id='block_1_52' title="bbox 2204 2201 3785 2284">
    <p class='ocr_par' dir='ltr' id='par_1_52' title="bbox 2204 2201 3785 2284">
     <span class='ocr_line' id='line_1_52' title="bbox 2204 2201 3785 2284; baseline -0.007 -17"><span class='ocrx_word' id='word_1_413' title='bbox 2204 2214 2445 2284; x_wconf 76' lang='grc' dir='ltr'>ζόμενος.</span> <span class='ocrx_word' id='word_1_414' title='bbox 2497 2211 2706 2266; x_wconf 79' lang='grc' dir='ltr'>Οὐκοῦν</span> <span class='ocrx_word' id='word_1_415' title='bbox 2763 2208 2901 2280; x_wconf 84' lang='grc' dir='ltr'>μετὰ</span> <span class='ocrx_word' id='word_1_416' title='bbox 2947 2207 3056 2260; x_wconf 87' lang='grc' dir='ltr'><strong>τῶν</strong></span> <span class='ocrx_word' id='word_1_417' title='bbox 3105 2205 3278 2260; x_wconf 80' lang='grc' dir='ltr'>ἄλλων</span> <span class='ocrx_word' id='word_1_418' title='bbox 3317 2203 3634 2275; x_wconf 82' lang='grc' dir='ltr'>’ὲπηγοριῶν</span> <span class='ocrx_word' id='word_1_419' title='bbox 3688 2201 3785 2256; x_wconf 82' lang='grc' dir='ltr'>καὶ</span> 
     </span>
    </p>
   </div>
   <div class='ocr_carea' id='block_1_53' title="bbox 2204 2293 3778 2373">
    <p class='ocr_par' dir='ltr' id='par_1_53' title="bbox 2204 2293 3778 2373">
     <span class='ocr_line' id='line_1_53' title="bbox 2204 2293 3778 2373; baseline -0.008 -13"><span class='ocrx_word' id='word_1_420' title='bbox 2204 2307 2366 2361; x_wconf 82' lang='grc' dir='ltr'>εἰκὼν</span> <span class='ocrx_word' id='word_1_421' title='bbox 2404 2305 2497 2358; x_wconf 90' lang='grc' dir='ltr'><strong>τοῦ</strong></span> <span class='ocrx_word' id='word_1_422' title='bbox 2533 2302 2668 2356; x_wconf 83' lang='grc' dir='ltr'>Θεοῦ</span> <span class='ocrx_word' id='word_1_423' title='bbox 2699 2302 2806 2373; x_wconf 85' lang='grc' dir='ltr'>πρὸ</span> <span class='ocrx_word' id='word_1_424' title='bbox 2833 2300 2937 2370; x_wconf 79' lang='grc' dir='ltr'>τῆς</span> <span class='ocrx_word' id='word_1_425' title='bbox 2979 2299 3246 2370; x_wconf 78' lang='grc' dir='ltr'>ἐνσὰρκου</span> <span class='ocrx_word' id='word_1_426' title='bbox 3275 2297 3575 2368; x_wconf 78' lang='grc' dir='ltr'>παρουσίας</span> <span class='ocrx_word' id='word_1_427' title='bbox 3599 2298 3626 2349; x_wconf 90' lang='lat'><strong>6</strong></span> <span class='ocrx_word' id='word_1_428' title='bbox 3655 2293 3778 2357; x_wconf 81' lang='grc' dir='ltr'>Υίὺς</span> 
     </span>
    </p>
   </div>
   <div class='ocr_carea' id='block_1_54' title="bbox 2201 2387 3775 2472">
    <p class='ocr_par' dir='ltr' id='par_1_54' title="bbox 2201 2387 3775 2472">
     <span class='ocr_line' id='line_1_54' title="bbox 2201 2387 3775 2472; baseline -0.008 -20"><span class='ocrx_word' id='word_1_429' title='bbox 2201 2396 2269 2472; x_wconf 83' lang='grc' dir='ltr'>ἦν</span> <span class='ocrx_word' id='word_1_430' title='bbox 2292 2417 2351 2452; x_wconf 86' lang='grc' dir='ltr'><strong>τε</strong></span> <span class='ocrx_word' id='word_1_431' title='bbox 2384 2398 2476 2452; x_wconf 71' lang='grc' dir='ltr'>καὶ</span> <span class='ocrx_word' id='word_1_432' title='bbox 2500 2395 2831 2467; x_wconf 86' lang='grc' dir='ltr'>ὠνόμασται.</span> <span class='ocrx_word' id='word_1_433' title='bbox 2863 2391 3022 2446; x_wconf 82' lang='grc' dir='ltr'>Ἀλλὰ</span> <span class='ocrx_word' id='word_1_434' title='bbox 3051 2389 3224 2445; x_wconf 86' lang='grc' dir='ltr'>ταῦτα</span> <span class='ocrx_word' id='word_1_435' title='bbox 3251 2391 3349 2462; x_wconf 85' lang='grc' dir='ltr'>μὲν</span> <span class='ocrx_word' id='word_1_436' title='bbox 3375 2388 3484 2443; x_wconf 79' lang='grc' dir='ltr'><strong>ἀπὸ</strong></span> <span class='ocrx_word' id='word_1_437' title='bbox 3513 2387 3613 2458; x_wconf 82' lang='grc' dir='ltr'>τῆς</span> <span class='ocrx_word' id='word_1_438' title='bbox 3637 2389 3775 2440; x_wconf 78' lang='grc' dir='ltr'>Και-</span> 
     </span>
    </p>
   </div>
   <div class='ocr_carea' id='block_1_55' title="bbox 2204 2481 3778 2563">
    <p class='ocr_par' dir='ltr' id='par_1_55' title="bbox 2204 2481 3778 2563">
     <span class='ocr_line' id='line_1_55' title="bbox 2204 2481 3778 2563; baseline -0.01 -17"><span class='ocrx_word' id='word_1_439' title='bbox 2204 2493 2300 2563; x_wconf 86' lang='grc' dir='ltr'>νῆς</span> <span class='ocrx_word' id='word_1_440' title='bbox 2339 2489 2628 2561; x_wconf 81' lang='grc' dir='ltr'>Διαθήκης,</span> <span class='ocrx_word' id='word_1_441' title='bbox 2661 2487 2815 2556; x_wconf 75' lang='grc' dir='ltr'>ὀλίγα</span> <span class='ocrx_word' id='word_1_442' title='bbox 2845 2485 2952 2539; x_wconf 80' lang='grc' dir='ltr'><strong>ἀπὸ</strong></span> <span class='ocrx_word' id='word_1_443' title='bbox 2985 2483 3190 2556; x_wconf 77' lang='grc' dir='ltr'>μυρίων</span> <span class='ocrx_word' id='word_1_444' title='bbox 3215 2485 3346 2554; x_wconf 84' lang='grc' dir='ltr'>ἡμῖν</span> <span class='ocrx_word' id='word_1_445' title='bbox 3373 2481 3532 2551; x_wconf 85' lang='grc' dir='ltr'>λόγου</span> <span class='ocrx_word' id='word_1_446' title='bbox 3564 2497 3778 2550; x_wconf 88' lang='grc' dir='ltr'>συμμε-</span> 
     </span>
    </p>
   </div>
   <div class='ocr_carea' id='block_1_56' title="bbox 2211 2579 2865 2655">
    <p class='ocr_par' dir='ltr' id='par_1_56' title="bbox 2211 2579 2865 2655">
     <span class='ocr_line' id='line_1_56' title="bbox 2211 2579 2865 2655; baseline -0.012 -17"><span class='ocrx_word' id='word_1_447' title='bbox 2211 2584 2366 2655; x_wconf 86' lang='grc' dir='ltr'>τρίας</span> <span class='ocrx_word' id='word_1_448' title='bbox 2392 2582 2552 2654; x_wconf 81' lang='grc' dir='ltr'>χάριν</span> <span class='ocrx_word' id='word_1_449' title='bbox 2582 2579 2865 2650; x_wconf 82' lang='grc' dir='ltr'>συνῆκται.</span> 
     </span>
    </p>
   </div>
   <div class='ocr_carea' id='block_1_57' title="bbox 2275 2843 3778 2918">
    <p class='ocr_par' dir='ltr' id='par_1_57' title="bbox 2275 2843 3778 2918">
     <span class='ocr_line' id='line_1_57' title="bbox 2275 2843 3778 2918; baseline -0.006 -14"><span class='ocrx_word' id='word_1_450' title='bbox 2275 2859 2368 2916; x_wconf 81' lang='grc' dir='ltr'>ις’.</span> <span class='ocrx_word' id='word_1_451' title='bbox 2391 2851 2500 2903; x_wconf 74' lang='grc' dir='ltr'><strong>Καὶ</strong></span> <span class='ocrx_word' id='word_1_452' title='bbox 2528 2851 2578 2902; x_wconf 74' lang='lat' dir='ltr'><strong>oi</strong></span> <span class='ocrx_word' id='word_1_453' title='bbox 2605 2847 2776 2902; x_wconf 78' lang='grc' dir='ltr'>πάλαι</span> <span class='ocrx_word' id='word_1_454' title='bbox 2803 2849 2906 2918; x_wconf 78' lang='grc' dir='ltr'>μὲν</span> <span class='ocrx_word' id='word_1_455' title='bbox 2921 2846 3200 2918; x_wconf 74' lang='grc' dir='ltr'>γενόμενοι</span> <span class='ocrx_word' id='word_1_456' title='bbox 3224 2843 3317 2898; x_wconf 87' lang='grc' dir='ltr'><strong>τοῦ</strong></span> <span class='ocrx_word' id='word_1_457' title='bbox 3340 2843 3475 2898; x_wconf 85' lang='grc' dir='ltr'>Θεοῦ</span> <span class='ocrx_word' id='word_1_458' title='bbox 3501 2843 3778 2915; x_wconf 81' lang='grc' dir='ltr'>προφῆται</span> 
     </span>
    </p>
   </div>
   <div class='ocr_carea' id='block_1_58' title="bbox 2202 2935 3782 3013">
    <p class='ocr_par' dir='ltr' id='par_1_58' title="bbox 2202 2935 3782 3013">
     <span class='ocr_line' id='line_1_58' title="bbox 2202 2935 3782 3013; baseline -0.008 -14"><span class='ocrx_word' id='word_1_459' title='bbox 2202 2945 2292 3000; x_wconf 82' lang='grc' dir='ltr'><strong>τὸν</strong></span> <span class='ocrx_word' id='word_1_460' title='bbox 2327 2943 2487 2998; x_wconf 82' lang='grc' dir='ltr'>αὐτὸν</span> <span class='ocrx_word' id='word_1_461' title='bbox 2523 2941 2632 3013; x_wconf 68' lang='grc'><strong>(44)</strong></span> <span class='ocrx_word' id='word_1_462' title='bbox 2665 2939 2942 3011; x_wconf 83' lang='grc' dir='ltr'>διαφόροις</span> <span class='ocrx_word' id='word_1_463' title='bbox 2984 2938 3186 3009; x_wconf 81' lang='grc' dir='ltr'>ἐτίμων</span> <span class='ocrx_word' id='word_1_464' title='bbox 3215 2935 3530 3005; x_wconf 84' lang='grc' dir='ltr'>θεολογίαις.</span> <span class='ocrx_word' id='word_1_465' title='bbox 3579 2937 3637 2988; x_wconf 88' lang='grc' dir='ltr'>Ὁ</span> <span class='ocrx_word' id='word_1_466' title='bbox 3682 2936 3782 3006; x_wconf 78' lang='grc' dir='ltr'>μὲν</span> 
     </span>
    </p>
   </div>
   <div class='ocr_carea' id='block_1_59' title="bbox 2203 3026 3778 3107">
    <p class='ocr_par' dir='ltr' id='par_1_59' title="bbox 2203 3026 3778 3107">
     <span class='ocr_line' id='line_1_59' title="bbox 2203 3026 3778 3107; baseline -0.008 -18"><span class='ocrx_word' id='word_1_467' title='bbox 2203 3035 2312 3107; x_wconf 86' lang='grc' dir='ltr'><strong>γὰρ</strong></span> <span class='ocrx_word' id='word_1_468' title='bbox 2342 3031 2606 3089; x_wconf 83' lang='grc' dir='ltr'>ἀπεκάλει</span> <span class='ocrx_word' id='word_1_469' title='bbox 2639 3030 2800 3084; x_wconf 81' lang='grc' dir='ltr'>αὐτὸν</span> <span class='ocrx_word' id='word_1_470' title='bbox 2853 3029 3069 3099; x_wconf 88' lang='grc' dir='ltr'>πνεῦμα</span> <span class='ocrx_word' id='word_1_471' title='bbox 3103 3026 3198 3081; x_wconf 86' lang='grc' dir='ltr'><strong>τοῦ</strong></span> <span class='ocrx_word' id='word_1_472' title='bbox 3227 3027 3384 3092; x_wconf 89' lang='grc' dir='ltr'>Θεοῦ,</span> <span class='ocrx_word' id='word_1_473' title='bbox 3414 3027 3604 3096; x_wconf 82' lang='grc' dir='ltr'>λέγων.</span> <span class='ocrx_word' id='word_1_474' title='bbox 3652 3027 3778 3092; x_wconf 78' lang='grc' dir='ltr'><strong>Ἑξ-</strong></span> 
     </span>
    </p>
   </div>
   <div class='ocr_carea' id='block_1_60' title="bbox 526 3117 2099 3200">
    <p class='ocr_par' dir='ltr' id='par_1_60' title="bbox 526 3122 2096 3194">
     <span class='ocr_line' id='line_1_60' title="bbox 526 3122 2096 3194; baseline 0.001 -17"><span class='ocrx_word' id='word_1_475' title='bbox 526 3123 761 3190; x_wconf 84' lang='lat' dir='ltr'><strong>Domini,</strong></span> <span class='ocrx_word' id='word_1_476' title='bbox 800 3125 1016 3192; x_wconf 77' lang='lat' dir='ltr'><strong>spiritus</strong></span> <span class='ocrx_word' id='word_1_477' title='bbox 1037 3124 1308 3194; x_wconf 76' lang='lat' dir='ltr'><strong>sapientia:</strong></span> <span class='ocrx_word' id='word_1_478' title='bbox 1337 3133 1383 3177; x_wconf 89' lang='lat' dir='ltr'><strong>et</strong></span> <span class='ocrx_word' id='word_1_479' title='bbox 1424 3122 1778 3194; x_wconf 64' lang='lat' dir='ltr'><strong>intelligentiae</strong></span> <span class='ocrx_word' id='word_1_480' title='bbox 1805 3123 1871 3190; x_wconf 83' lang='grc'><strong>³³,</strong></span> <span class='ocrx_word' id='word_1_481' title='bbox 1895 3134 1949 3177; x_wconf 86' lang='lat' dir='ltr'><strong>et</strong></span> <span class='ocrx_word' id='word_1_482' title='bbox 1977 3139 2096 3192; x_wconf 69' lang='lat' dir='ltr'><strong>quae</strong></span> 
     </span>
    </p>
   </div>
   <div class='ocr_carea' id='block_1_61' title="bbox 2203 3117 3780 3200">
    <p class='ocr_par' dir='ltr' id='par_1_61' title="bbox 2203 3117 3780 3193">
     <span class='ocr_line' id='line_1_61' title="bbox 2203 3117 3780 3193; baseline -0.011 -4"><span class='ocrx_word' id='word_1_483' title='bbox 2203 3133 2504 3189; x_wconf 72' lang='grc' dir='ltr'>ελεύσεται</span> <span class='ocrx_word' id='word_1_484' title='bbox 2519 3123 2740 3193; x_wconf 74' lang='grc' dir='ltr'>ῥάϐδος</span> <span class='ocrx_word' id='word_1_485' title='bbox 2754 3124 2822 3176; x_wconf 86' lang='grc' dir='ltr'>ἐκ</span> <span class='ocrx_word' id='word_1_486' title='bbox 2845 3122 2954 3190; x_wconf 83' lang='grc' dir='ltr'>τῆς</span> <span class='ocrx_word' id='word_1_487' title='bbox 2967 3121 3132 3190; x_wconf 70' lang='grc' dir='ltr'>ῥίζης</span> <span class='ocrx_word' id='word_1_488' title='bbox 3147 3121 3374 3178; x_wconf 81' lang='grc' dir='ltr'>Ἰεσσαί</span> <span class='ocrx_word' id='word_1_489' title='bbox 3379 3137 3392 3151; x_wconf 74' lang='grc' dir='ltr'><strong>ο</strong></span> <span class='ocrx_word' id='word_1_490' title='bbox 3409 3119 3503 3174; x_wconf 76' lang='grc' dir='ltr'><strong>καί</strong></span> <span class='ocrx_word' id='word_1_491' title='bbox 3522 3117 3780 3185; x_wconf 76' lang='grc' dir='ltr'>ἄνθοςέκ</span> 
     </span>
    </p>
   </div>
   <div class='ocr_carea' id='block_1_62' title="bbox 527 3215 2096 3286">
    <p class='ocr_par' dir='ltr' id='par_1_62' title="bbox 527 3215 2096 3286">
     <span class='ocr_line' id='line_1_62' title="bbox 527 3215 2096 3286; baseline 0 -16"><span class='ocrx_word' id='word_1_492' title='bbox 527 3225 848 3285; x_wconf 84' lang='lat' dir='ltr'><strong>sequuntur.</strong></span> <span class='ocrx_word' id='word_1_493' title='bbox 895 3215 1186 3286; x_wconf 77' lang='lat' dir='ltr'><strong>Perspicua</strong></span> <span class='ocrx_word' id='word_1_494' title='bbox 1207 3216 1474 3286; x_wconf 81' lang='lat' dir='ltr'><strong>siquidem</strong></span> <span class='ocrx_word' id='word_1_495' title='bbox 1506 3215 1560 3270; x_wconf 89' lang='lat' dir='ltr'><strong>in</strong></span> <span class='ocrx_word' id='word_1_496' title='bbox 1587 3216 1704 3272; x_wconf 86' lang='lat' dir='ltr'><strong>istis</strong></span> <span class='ocrx_word' id='word_1_497' title='bbox 1729 3215 2096 3272; x_wconf 85' lang='lat' dir='ltr'><strong>manifestavit</strong></span> 
     </span>
    </p>
   </div>
   <div class='ocr_carea' id='block_1_63' title="bbox 525 3307 2092 3376">
    <p class='ocr_par' dir='ltr' id='par_1_63' title="bbox 525 3307 2092 3376">
     <span class='ocr_line' id='line_1_63' title="bbox 525 3307 2092 3376; baseline 0.001 -14"><span class='ocrx_word' id='word_1_498' title='bbox 525 3323 647 3362; x_wconf 86' lang='lat' dir='ltr'><strong>eum</strong></span> <span class='ocrx_word' id='word_1_499' title='bbox 675 3308 765 3376; x_wconf 93' lang='lat' dir='ltr'><strong>qui</strong></span> <span class='ocrx_word' id='word_1_500' title='bbox 797 3307 863 3363; x_wconf 92' lang='lat' dir='ltr'><strong>de</strong></span> <span class='ocrx_word' id='word_1_501' title='bbox 879 3308 1084 3364; x_wconf 89' lang='lat' dir='ltr'><strong>semine</strong></span> <span class='ocrx_word' id='word_1_502' title='bbox 1107 3309 1274 3364; x_wconf 85' lang='lat' dir='ltr'><strong>David</strong></span> <span class='ocrx_word' id='word_1_503' title='bbox 1312 3307 1491 3363; x_wconf 80' lang='lat' dir='ltr'><strong>fuerat</strong></span> <span class='ocrx_word' id='word_1_504' title='bbox 1523 3310 1818 3364; x_wconf 89' lang='lat' dir='ltr'><strong>secundum</strong></span> <span class='ocrx_word' id='word_1_505' title='bbox 1853 3325 2092 3375; x_wconf 88' lang='lat' dir='ltr'><strong>carnem,</strong></span> 
     </span>
    </p>
   </div>
   <div class='ocr_carea' id='block_1_64' title="bbox 529 3399 2097 3457">
    <p class='ocr_par' dir='ltr' id='par_1_64' title="bbox 529 3399 2097 3457">
     <span class='ocr_line' id='line_1_64' title="bbox 529 3399 2097 3457; baseline 0.004 -6"><span class='ocrx_word' id='word_1_506' title='bbox 529 3411 584 3453; x_wconf 81' lang='lat' dir='ltr'><strong>et</strong></span> <span class='ocrx_word' id='word_1_507' title='bbox 617 3400 931 3456; x_wconf 81' lang='lat' dir='ltr'><strong>inhabitans</strong></span> <span class='ocrx_word' id='word_1_508' title='bbox 966 3401 1128 3456; x_wconf 89' lang='lat' dir='ltr'><strong>etiam</strong></span> <span class='ocrx_word' id='word_1_509' title='bbox 1166 3401 1220 3456; x_wconf 93' lang='lat' dir='ltr'><strong>in</strong></span> <span class='ocrx_word' id='word_1_510' title='bbox 1259 3400 1351 3455; x_wconf 91' lang='lat' dir='ltr'><strong>illo</strong></span> <span class='ocrx_word' id='word_1_511' title='bbox 1382 3399 1472 3456; x_wconf 90' lang='lat' dir='ltr'><strong>Dei</strong></span> <span class='ocrx_word' id='word_1_512' title='bbox 1521 3400 1780 3456; x_wconf 83' lang='lat' dir='ltr'><strong>Verbum.</strong></span> <span class='ocrx_word' id='word_1_513' title='bbox 1820 3401 1972 3457; x_wconf 89' lang='lat' dir='ltr'><strong>Unde</strong></span> <span class='ocrx_word' id='word_1_514' title='bbox 2011 3402 2097 3456; x_wconf 78' lang='grc' dir='ltr'><strong>(Ιί-</strong></span> 
     </span>
    </p>
   </div>
   <div class='ocr_carea' id='block_1_65' title="bbox 531 3489 2100 3561">
    <p class='ocr_par' dir='ltr' id='par_1_65' title="bbox 531 3489 2100 3561">
     <span class='ocr_line' id='line_1_65' title="bbox 531 3489 2100 3561; baseline 0.002 -18"><span class='ocrx_word' id='word_1_515' title='bbox 531 3493 686 3544; x_wconf 89' lang='lat' dir='ltr'><strong>vinus</strong></span> <span class='ocrx_word' id='word_1_516' title='bbox 711 3489 1004 3559; x_wconf 78' lang='lat' dir='ltr'><strong>Apostolus</strong></span> <span class='ocrx_word' id='word_1_517' title='bbox 1030 3506 1172 3546; x_wconf 91' lang='lat' dir='ltr'><strong>nunc</strong></span> <span class='ocrx_word' id='word_1_518' title='bbox 1211 3491 1478 3561; x_wconf 88' lang='lat' dir='ltr'><strong>loquitur,</strong></span> <span class='ocrx_word' id='word_1_519' title='bbox 1500 3489 1752 3547; x_wconf 85' lang='lat' dir='ltr'><strong>Dominus</strong></span> <span class='ocrx_word' id='word_1_520' title='bbox 1786 3501 1960 3545; x_wconf 89' lang='lat' dir='ltr'><strong>autem</strong></span> <span class='ocrx_word' id='word_1_521' title='bbox 1995 3493 2100 3560; x_wconf 84' lang='lat' dir='ltr'><strong>spi-</strong></span> 
     </span>
    </p>
   </div>
   <div class='ocr_carea' id='block_1_66' title="bbox 527 3581 2096 3663">
    <p class='ocr_par' dir='ltr' id='par_1_66' title="bbox 527 3581 2096 3663">
     <span class='ocr_line' id='line_1_66' title="bbox 527 3581 2096 3663; baseline 0.001 -27"><span class='ocrx_word' id='word_1_522' title='bbox 527 3583 658 3636; x_wconf 74' lang='lat' dir='ltr'><strong>situs</strong></span> <span class='ocrx_word' id='word_1_523' title='bbox 685 3591 762 3636; x_wconf 91' lang='lat' dir='ltr'><strong>est</strong></span> <span class='ocrx_word' id='word_1_524' title='bbox 793 3583 868 3646; x_wconf 76' lang='grc' dir='ltr'><strong>²⁶ς</strong></span> <span class='ocrx_word' id='word_1_525' title='bbox 913 3597 1056 3637; x_wconf 86' lang='lat' dir='ltr'><strong>nunc</strong></span> <span class='ocrx_word' id='word_1_526' title='bbox 1090 3583 1283 3638; x_wconf 80' lang='lat' dir='ltr'><strong>iterum</strong></span> <span class='ocrx_word' id='word_1_527' title='bbox 1306 3623 1321 3646; x_wconf 91' lang='lat'><strong>,</strong></span> <span class='ocrx_word' id='word_1_528' title='bbox 1371 3581 1607 3636; x_wconf 77' lang='lat' dir='ltr'><strong>Christus</strong></span> <span class='ocrx_word' id='word_1_529' title='bbox 1641 3581 1736 3635; x_wconf 86' lang='lat' dir='ltr'><strong>Dei</strong></span> <span class='ocrx_word' id='word_1_530' title='bbox 1771 3584 2024 3663; x_wconf 75' lang='lat' dir='ltr'><strong>potentia,</strong></span> <span class='ocrx_word' id='word_1_531' title='bbox 2047 3593 2096 3637; x_wconf 88' lang='lat' dir='ltr'><strong>et</strong></span> 
     </span>
    </p>
   </div>
   <div class='ocr_carea' id='block_1_67' title="bbox 525 3669 2095 3743">
    <p class='ocr_par' dir='ltr' id='par_1_67' title="bbox 525 3669 2095 3743">
     <span class='ocr_line' id='line_1_67' title="bbox 525 3669 2095 3743; baseline 0.001 -17"><span class='ocrx_word' id='word_1_532' title='bbox 525 3673 786 3741; x_wconf 85' lang='lat' dir='ltr'><strong>sapientia</strong></span> <span class='ocrx_word' id='word_1_533' title='bbox 833 3673 926 3728; x_wconf 87' lang='lat' dir='ltr'><strong>Dei</strong></span> <span class='ocrx_word' id='word_1_534' title='bbox 967 3669 1036 3726; x_wconf 73' lang='grc'><strong>’⁵.</strong></span> <span class='ocrx_word' id='word_1_535' title='bbox 1087 3673 1242 3729; x_wconf 86' lang='lat' dir='ltr'><strong>Alius</strong></span> <span class='ocrx_word' id='word_1_536' title='bbox 1289 3675 1511 3743; x_wconf 88' lang='lat' dir='ltr'><strong>insuper</strong></span> <span class='ocrx_word' id='word_1_537' title='bbox 1559 3671 1822 3741; x_wconf 87' lang='lat' dir='ltr'><strong>propheta</strong></span> <span class='ocrx_word' id='word_1_538' title='bbox 1867 3688 1986 3728; x_wconf 87' lang='lat' dir='ltr'><strong>eum</strong></span> <span class='ocrx_word' id='word_1_539' title='bbox 2029 3675 2095 3728; x_wconf 81' lang='lat' dir='ltr'><strong>ad</strong></span> 
     </span>
    </p>
   </div>
   <div class='ocr_carea' id='block_1_68' title="bbox 525 3762 2097 3834">
    <p class='ocr_par' dir='ltr' id='par_1_68' title="bbox 525 3762 2097 3834">
     <span class='ocr_line' id='line_1_68' title="bbox 525 3762 2097 3834; baseline 0.002 -18"><span class='ocrx_word' id='word_1_540' title='bbox 525 3763 775 3817; x_wconf 88' lang='lat' dir='ltr'><strong>eumdem</strong></span> <span class='ocrx_word' id='word_1_541' title='bbox 816 3763 1032 3818; x_wconf 88' lang='lat' dir='ltr'><strong>modum</strong></span> <span class='ocrx_word' id='word_1_542' title='bbox 1069 3764 1317 3834; x_wconf 89' lang='lat' dir='ltr'><strong>spiritum</strong></span> <span class='ocrx_word' id='word_1_543' title='bbox 1369 3762 1630 3833; x_wconf 84' lang='lat' dir='ltr'><strong>appellat,</strong></span> <span class='ocrx_word' id='word_1_544' title='bbox 1679 3763 1912 3832; x_wconf 85' lang='lat' dir='ltr'><strong>Spiritus</strong></span> <span class='ocrx_word' id='word_1_545' title='bbox 1941 3765 2097 3834; x_wconf 80' lang='lat' dir='ltr'><strong>faciei</strong></span> 
     </span>
    </p>
   </div>
   <div class='ocr_carea' id='block_1_69' title="bbox 523 3853 2097 3925">
    <p class='ocr_par' dir='ltr' id='par_1_69' title="bbox 523 3853 2097 3925">
     <span class='ocr_line' id='line_1_69' title="bbox 523 3853 2097 3925; baseline 0.002 -17"><span class='ocrx_word' id='word_1_546' title='bbox 523 3865 719 3909; x_wconf 67' lang='lat' dir='ltr'><strong>nostris</strong></span> <span class='ocrx_word' id='word_1_547' title='bbox 737 3854 980 3909; x_wconf 79' lang='lat' dir='ltr'><strong>Christus</strong></span> <span class='ocrx_word' id='word_1_548' title='bbox 1013 3854 1265 3909; x_wconf 82' lang='lat' dir='ltr'><strong>Dominus</strong></span> <span class='ocrx_word' id='word_1_549' title='bbox 1297 3855 1362 3908; x_wconf 79' lang='grc'><strong>³⁸.</strong></span> <span class='ocrx_word' id='word_1_550' title='bbox 1389 3854 1454 3908; x_wconf 89' lang='lat' dir='ltr'><strong>Et</strong></span> <span class='ocrx_word' id='word_1_551' title='bbox 1489 3853 1542 3909; x_wconf 88' lang='lat' dir='ltr'><strong>in</strong></span> <span class='ocrx_word' id='word_1_552' title='bbox 1581 3853 1877 3925; x_wconf 85' lang='lat' dir='ltr'><strong>Evangelia</strong></span> <span class='ocrx_word' id='word_1_553' title='bbox 1905 3855 1974 3910; x_wconf 88' lang='lat' dir='ltr'><strong>de</strong></span> <span class='ocrx_word' id='word_1_554' title='bbox 2005 3871 2097 3910; x_wconf 76' lang='lat' dir='ltr'><strong>eo-</strong></span> 
     </span>
    </p>
   </div>
   <div class='ocr_carea' id='block_1_70' title="bbox 522 3943 2094 4018">
    <p class='ocr_par' dir='ltr' id='par_1_70' title="bbox 522 3943 2094 4018">
     <span class='ocr_line' id='line_1_70' title="bbox 522 3943 2094 4018; baseline 0.001 -18"><span class='ocrx_word' id='word_1_555' title='bbox 522 3947 644 4000; x_wconf 85' lang='lat' dir='ltr'><strong>dem</strong></span> <span class='ocrx_word' id='word_1_556' title='bbox 692 3947 1052 4014; x_wconf 84' lang='lat' dir='ltr'><strong>liquidissimo</strong></span> <span class='ocrx_word' id='word_1_557' title='bbox 1102 3946 1344 4001; x_wconf 87' lang='lat' dir='ltr'><strong>dicitur:</strong></span> <span class='ocrx_word' id='word_1_558' title='bbox 1384 3943 1520 4000; x_wconf 84' lang='lat' dir='ltr'><strong>Ecce</strong></span> <span class='ocrx_word' id='word_1_559' title='bbox 1577 3963 1708 4015; x_wconf 86' lang='lat' dir='ltr'><strong>puer</strong></span> <span class='ocrx_word' id='word_1_560' title='bbox 1750 3964 1894 4000; x_wconf 87' lang='lat' dir='ltr'><strong>meus</strong></span> <span class='ocrx_word' id='word_1_561' title='bbox 1944 3964 2094 4018; x_wconf 87' lang='lat' dir='ltr'><strong>quem</strong></span> 
     </span>
    </p>
   </div>
   <div class='ocr_carea' id='block_1_71' title="bbox 524 4038 2094 4109">
    <p class='ocr_par' dir='ltr' id='par_1_71' title="bbox 524 4038 2094 4109">
     <span class='ocr_line' id='line_1_71' title="bbox 524 4038 2094 4109; baseline 0.002 -17"><span class='ocrx_word' id='word_1_562' title='bbox 524 4038 676 4109; x_wconf 85' lang='lat' dir='ltr'><strong>elegi,</strong></span> <span class='ocrx_word' id='word_1_563' title='bbox 714 4039 936 4094; x_wconf 82' lang='lat' dir='ltr'><strong>dilectus</strong></span> <span class='ocrx_word' id='word_1_564' title='bbox 977 4055 1122 4094; x_wconf 85' lang='lat' dir='ltr'><strong>meus</strong></span> <span class='ocrx_word' id='word_1_565' title='bbox 1164 4041 1219 4092; x_wconf 91' lang='lat' dir='ltr'><strong>in</strong></span> <span class='ocrx_word' id='word_1_566' title='bbox 1242 4055 1344 4109; x_wconf 75' lang='lat' dir='ltr'><strong>quo</strong></span> <span class='ocrx_word' id='word_1_567' title='bbox 1389 4040 1514 4093; x_wconf 85' lang='lat' dir='ltr'><strong>bene</strong></span> <span class='ocrx_word' id='word_1_568' title='bbox 1551 4041 1864 4107; x_wconf 84' lang='lat' dir='ltr'><strong>complacuit</strong></span> <span class='ocrx_word' id='word_1_569' title='bbox 1905 4043 2094 4095; x_wconf 70' lang='lat' dir='ltr'><strong>anima:</strong></span> 
     </span>
    </p>
   </div>
   <div class='ocr_carea' id='block_1_72' title="bbox 521 4127 2098 4199">
    <p class='ocr_par' dir='ltr' id='par_1_72' title="bbox 521 4127 2098 4199">
     <span class='ocr_line' id='line_1_72' title="bbox 521 4127 2098 4199; baseline 0.002 -16"><span class='ocrx_word' id='word_1_570' title='bbox 521 4145 672 4183; x_wconf 74' lang='lat' dir='ltr'><strong>mete.</strong></span> <span class='ocrx_word' id='word_1_571' title='bbox 691 4127 899 4182; x_wconf 83' lang='lat' dir='ltr'><strong>Panum</strong></span> <span class='ocrx_word' id='word_1_572' title='bbox 927 4129 1172 4196; x_wconf 81' lang='lat' dir='ltr'><strong>spiritum</strong></span> <span class='ocrx_word' id='word_1_573' title='bbox 1210 4145 1380 4184; x_wconf 84' lang='lat' dir='ltr'><strong>meum</strong></span> <span class='ocrx_word' id='word_1_574' title='bbox 1405 4146 1563 4199; x_wconf 85' lang='lat' dir='ltr'><strong>super</strong></span> <span class='ocrx_word' id='word_1_575' title='bbox 1594 4147 1732 4199; x_wconf 90' lang='lat' dir='ltr'><strong>eum,</strong></span> <span class='ocrx_word' id='word_1_576' title='bbox 1751 4139 1800 4184; x_wconf 91' lang='lat' dir='ltr'><strong>et</strong></span> <span class='ocrx_word' id='word_1_577' title='bbox 1824 4131 2098 4199; x_wconf 81' lang='lat' dir='ltr'><strong>judicium</strong></span> 
     </span>
    </p>
   </div>
   <div class='ocr_carea' id='block_1_73' title="bbox 521 4220 1140 4289">
    <p class='ocr_par' dir='ltr' id='par_1_73' title="bbox 521 4220 1140 4289">
     <span class='ocr_line' id='line_1_73' title="bbox 521 4220 1140 4289; baseline 0.003 -15"><span class='ocrx_word' id='word_1_578' title='bbox 521 4221 760 4289; x_wconf 83' lang='lat' dir='ltr'><strong>gentibus</strong></span> <span class='ocrx_word' id='word_1_579' title='bbox 795 4220 1059 4274; x_wconf 85' lang='lat' dir='ltr'><strong>nuntiabit</strong></span> <span class='ocrx_word' id='word_1_580' title='bbox 1075 4221 1140 4276; x_wconf 80' lang='grc'><strong>³⁷.</strong></span> 
     </span>
    </p>
   </div>
   <div class='ocr_carea' id='block_1_74' title="bbox 591 4400 2092 4470">
    <p class='ocr_par' dir='ltr' id='par_1_74' title="bbox 591 4400 2092 4470">
     <span class='ocr_line' id='line_1_74' title="bbox 591 4400 2092 4470; baseline -0.001 -15"><span class='ocrx_word' id='word_1_581' title='bbox 591 4401 682 4455; x_wconf 69' lang='grc'><strong>17.</strong></span> <span class='ocrx_word' id='word_1_582' title='bbox 713 4400 863 4455; x_wconf 71' lang='lat' dir='ltr'><strong>Alius</strong></span> <span class='ocrx_word' id='word_1_583' title='bbox 893 4414 1054 4470; x_wconf 90' lang='lat' dir='ltr'><strong>porro</strong></span> <span class='ocrx_word' id='word_1_584' title='bbox 1090 4402 1348 4469; x_wconf 86' lang='lat' dir='ltr'><strong>propheta</strong></span> <span class='ocrx_word' id='word_1_585' title='bbox 1377 4401 1548 4455; x_wconf 82' lang='lat' dir='ltr'><strong>vitam</strong></span> <span class='ocrx_word' id='word_1_586' title='bbox 1580 4415 1705 4455; x_wconf 88' lang='lat' dir='ltr'><strong>eum</strong></span> <span class='ocrx_word' id='word_1_587' title='bbox 1732 4411 1908 4462; x_wconf 85' lang='lat' dir='ltr'><strong>vocat.</strong></span> <span class='ocrx_word' id='word_1_588' title='bbox 1932 4409 1982 4454; x_wconf 89' lang='lat' dir='ltr'><strong>et</strong></span> <span class='ocrx_word' id='word_1_589' title='bbox 2006 4400 2092 4454; x_wconf 83' lang='lat' dir='ltr'><strong>lu-</strong></span> 
     </span>
    </p>
   </div>
   <div class='ocr_carea' id='block_1_75' title="bbox 2198 3211 3779 3292">
    <p class='ocr_par' dir='ltr' id='par_1_75' title="bbox 2198 3211 3779 3292">
     <span class='ocr_line' id='line_1_75' title="bbox 2198 3211 3779 3292; baseline -0.006 -16"><span class='ocrx_word' id='word_1_590' title='bbox 2198 3225 2307 3292; x_wconf 80' lang='grc' dir='ltr'>τῆς</span> <span class='ocrx_word' id='word_1_591' title='bbox 2321 3216 2610 3290; x_wconf 67' lang='grc' dir='ltr'><strong>ῥίζηςμὲἱ)</strong></span> <span class='ocrx_word' id='word_1_592' title='bbox 2629 3215 3016 3282; x_wconf 69' lang='grc' dir='ltr'>ἀναϐήσεται,</span> <span class='ocrx_word' id='word_1_593' title='bbox 3037 3214 3136 3268; x_wconf 76' lang='grc' dir='ltr'><strong>καί</strong></span> <span class='ocrx_word' id='word_1_594' title='bbox 3155 3213 3642 3268; x_wconf 65' lang='grc' dir='ltr'>ἐπαιιαπαύσεται</span> <span class='ocrx_word' id='word_1_595' title='bbox 3665 3211 3779 3282; x_wconf 75' lang='grc'><strong>(46)</strong></span> 
     </span>
    </p>
   </div>
   <div class='ocr_carea' id='block_1_76' title="bbox 2197 3302 3780 3378">
    <p class='ocr_par' dir='ltr' id='par_1_76' title="bbox 2197 3302 3780 3378">
     <span class='ocr_line' id='line_1_76' title="bbox 2197 3302 3780 3378; baseline -0.01 -8"><span class='ocrx_word' id='word_1_596' title='bbox 2197 3317 2288 3371; x_wconf 81' lang='grc' dir='ltr'><strong>ἐπ’</strong></span> <span class='ocrx_word' id='word_1_597' title='bbox 2329 3311 2520 3368; x_wconf 74' lang='grc' dir='ltr'>αὑτὸν</span> <span class='ocrx_word' id='word_1_598' title='bbox 2545 3309 2786 3378; x_wconf 78' lang='grc' dir='ltr'>πνεῦμα</span> <span class='ocrx_word' id='word_1_599' title='bbox 2811 3307 2918 3362; x_wconf 83' lang='grc' dir='ltr'>τοῦ</span> <span class='ocrx_word' id='word_1_600' title='bbox 2951 3307 3120 3369; x_wconf 86' lang='grc' dir='ltr'>Θεοῦ,</span> <span class='ocrx_word' id='word_1_601' title='bbox 3147 3305 3383 3374; x_wconf 75' lang='grc' dir='ltr'>πνεῦμα</span> <span class='ocrx_word' id='word_1_602' title='bbox 3411 3303 3649 3373; x_wconf 69' lang='grc' dir='ltr'>σοφίας,</span> <span class='ocrx_word' id='word_1_603' title='bbox 3679 3302 3780 3355; x_wconf 78' lang='grc' dir='ltr'>καὶ</span> 
     </span>
    </p>
   </div>
   <div class='ocr_carea' id='block_1_77' title="bbox 2198 3393 3777 3469">
    <p class='ocr_par' dir='ltr' id='par_1_77' title="bbox 2198 3393 3777 3469">
     <span class='ocr_line' id='line_1_77' title="bbox 2198 3393 3777 3469; baseline -0.009 -9"><span class='ocrx_word' id='word_1_604' title='bbox 2198 3405 2530 3466; x_wconf 75' lang='grc' dir='ltr'>συνέσεως,</span> <span class='ocrx_word' id='word_1_605' title='bbox 2555 3401 2648 3453; x_wconf 56' lang='grc' dir='ltr'><strong>καὶ⁵</strong></span> <span class='ocrx_word' id='word_1_606' title='bbox 2677 3398 2745 3452; x_wconf 83' lang='grc' dir='ltr'>τὰ</span> <span class='ocrx_word' id='word_1_607' title='bbox 2783 3398 2930 3469; x_wconf 73' lang='grc' dir='ltr'>ἑξῆς.</span> <span class='ocrx_word' id='word_1_608' title='bbox 2959 3395 3157 3466; x_wconf 80' lang='grc' dir='ltr'>Σαφῶς</span> <span class='ocrx_word' id='word_1_609' title='bbox 3185 3395 3294 3466; x_wconf 78' lang='grc' dir='ltr'><strong>γὰρ</strong></span> <span class='ocrx_word' id='word_1_610' title='bbox 3325 3395 3415 3448; x_wconf 86' lang='grc' dir='ltr'>τὸν</span> <span class='ocrx_word' id='word_1_611' title='bbox 3441 3397 3505 3448; x_wconf 80' lang='grc' dir='ltr'>ὲκ</span> <span class='ocrx_word' id='word_1_612' title='bbox 3532 3393 3777 3465; x_wconf 82' lang='grc' dir='ltr'>σπέρμα-</span> 
     </span>
    </p>
   </div>
   <div class='ocr_carea' id='block_1_78' title="bbox 2195 3483 3776 3561">
    <p class='ocr_par' dir='ltr' id='par_1_78' title="bbox 2195 3483 3776 3561">
     <span class='ocr_line' id='line_1_78' title="bbox 2195 3483 3776 3561; baseline -0.01 -10"><span class='ocrx_word' id='word_1_613' title='bbox 2195 3515 2288 3561; x_wconf 88' lang='grc' dir='ltr'><strong>τος</strong></span> <span class='ocrx_word' id='word_1_614' title='bbox 2332 3493 2517 3556; x_wconf 73' lang='grc' dir='ltr'>Δασὶδ,</span> <span class='ocrx_word' id='word_1_615' title='bbox 2569 3491 2712 3546; x_wconf 80' lang='grc' dir='ltr'>κατὰ</span> <span class='ocrx_word' id='word_1_616' title='bbox 2745 3489 2923 3561; x_wconf 81' lang='grc' dir='ltr'>σάρκα</span> <span class='ocrx_word' id='word_1_617' title='bbox 2966 3489 3062 3542; x_wconf 69' lang='grc' dir='ltr'>καὶ</span> <span class='ocrx_word' id='word_1_618' title='bbox 3103 3487 3192 3540; x_wconf 80' lang='grc' dir='ltr'>τὸν</span> <span class='ocrx_word' id='word_1_619' title='bbox 3229 3487 3586 3556; x_wconf 83' lang='grc' dir='ltr'>ὲνοικήσαντα</span> <span class='ocrx_word' id='word_1_620' title='bbox 3629 3483 3776 3554; x_wconf 84' lang='grc' dir='ltr'><strong>αὐτῷ</strong></span> 
     </span>
    </p>
   </div>
   <div class='ocr_carea' id='block_1_79' title="bbox 2197 3575 3780 3656">
    <p class='ocr_par' dir='ltr' id='par_1_79' title="bbox 2197 3575 3780 3656">
     <span class='ocr_line' id='line_1_79' title="bbox 2197 3575 3780 3656; baseline -0.01 -12"><span class='ocrx_word' id='word_1_621' title='bbox 2197 3590 2328 3644; x_wconf 84' lang='grc' dir='ltr'>Θεὸν</span> <span class='ocrx_word' id='word_1_622' title='bbox 2351 3585 2645 3656; x_wconf 78' lang='grc' dir='ltr'>Λόγον,διὰ</span> <span class='ocrx_word' id='word_1_623' title='bbox 2671 3583 2874 3638; x_wconf 84' lang='grc' dir='ltr'>τούτων</span> <span class='ocrx_word' id='word_1_624' title='bbox 2901 3581 3110 3653; x_wconf 78' lang='grc' dir='ltr'>ἐδήλου.</span> <span class='ocrx_word' id='word_1_625' title='bbox 3143 3580 3334 3633; x_wconf 82' lang='grc' dir='ltr'>Ἔνθεν</span> <span class='ocrx_word' id='word_1_626' title='bbox 3364 3580 3392 3632; x_wconf 93' lang='lat'><strong>6</strong></span> <span class='ocrx_word' id='word_1_627' title='bbox 3432 3577 3576 3640; x_wconf 86' lang='grc' dir='ltr'>θεῖος</span> <span class='ocrx_word' id='word_1_628' title='bbox 3616 3575 3780 3629; x_wconf 72' lang='grc' dir='ltr'>Ἀπό-</span> 
     </span>
    </p>
   </div>
   <div class='ocr_carea' id='block_1_80' title="bbox 2199 3668 3779 3748">
    <p class='ocr_par' dir='ltr' id='par_1_80' title="bbox 2199 3668 3779 3748">
     <span class='ocr_line' id='line_1_80' title="bbox 2199 3668 3779 3748; baseline -0.008 -13"><span class='ocrx_word' id='word_1_629' title='bbox 2199 3681 2384 3746; x_wconf 83' lang='grc' dir='ltr'>στολος</span> <span class='ocrx_word' id='word_1_630' title='bbox 2413 3679 2545 3733; x_wconf 84' lang='grc' dir='ltr'>ποτὲ</span> <span class='ocrx_word' id='word_1_631' title='bbox 2581 3676 2678 3748; x_wconf 83' lang='grc' dir='ltr'>μὲν</span> <span class='ocrx_word' id='word_1_632' title='bbox 2715 3675 2922 3743; x_wconf 76' lang='grc' dir='ltr'>ἔλεγεν·</span> <span class='ocrx_word' id='word_1_633' title='bbox 2981 3674 3034 3726; x_wconf 90' lang='grc' dir='ltr'><strong><em>Ὁ</em></strong></span> <span class='ocrx_word' id='word_1_634' title='bbox 3075 3671 3144 3725; x_wconf 83' lang='grc' dir='ltr'>δὲ</span> <span class='ocrx_word' id='word_1_635' title='bbox 3185 3673 3400 3740; x_wconf 86' lang='grc' dir='ltr'>Κύριος</span> <span class='ocrx_word' id='word_1_636' title='bbox 3435 3669 3502 3724; x_wconf 80' lang='grc' dir='ltr'>τὸ</span> <span class='ocrx_word' id='word_1_637' title='bbox 3543 3668 3779 3738; x_wconf 77' lang='grc' dir='ltr'>πνεῦμά</span> 
     </span>
    </p>
   </div>
   <div class='ocr_carea' id='block_1_81' title="bbox 2195 3760 3776 3836">
    <p class='ocr_par' dir='ltr' id='par_1_81' title="bbox 2195 3760 3776 3836">
     <span class='ocr_line' id='line_1_81' title="bbox 2195 3760 3776 3836; baseline -0.007 -9"><span class='ocrx_word' id='word_1_638' title='bbox 2195 3773 2386 3826; x_wconf 80' lang='grc' dir='ltr'>ἐστιν·</span> <span class='ocrx_word' id='word_1_639' title='bbox 2445 3770 2574 3824; x_wconf 84' lang='grc' dir='ltr'>ποτὲ</span> <span class='ocrx_word' id='word_1_640' title='bbox 2618 3768 2695 3834; x_wconf 80' lang='grc' dir='ltr'>δὲ,</span> <span class='ocrx_word' id='word_1_641' title='bbox 2727 3765 2980 3836; x_wconf 81' lang='grc' dir='ltr'>Χριστὸς</span> <span class='ocrx_word' id='word_1_642' title='bbox 3026 3765 3174 3820; x_wconf 82' lang='grc' dir='ltr'>Θεοῦ</span> <span class='ocrx_word' id='word_1_643' title='bbox 3211 3763 3463 3832; x_wconf 74' lang='grc' dir='ltr'>δύναμις</span> <span class='ocrx_word' id='word_1_644' title='bbox 3491 3761 3590 3815; x_wconf 80' lang='grc' dir='ltr'><strong>καί</strong></span> <span class='ocrx_word' id='word_1_645' title='bbox 3629 3760 3776 3816; x_wconf 81' lang='grc' dir='ltr'>Θεοῦ</span> 
     </span>
    </p>
   </div>
   <div class='ocr_carea' id='block_1_82' title="bbox 2197 3851 3773 3933">
    <p class='ocr_par' dir='ltr' id='par_1_82' title="bbox 2197 3851 3773 3933">
     <span class='ocr_line' id='line_1_82' title="bbox 2197 3851 3773 3933; baseline -0.01 -14"><span class='ocrx_word' id='word_1_646' title='bbox 2197 3865 2403 3933; x_wconf 70' lang='grc' dir='ltr'>σοφία.</span> <span class='ocrx_word' id='word_1_647' title='bbox 2427 3863 2536 3915; x_wconf 81' lang='grc' dir='ltr'>Καὶ</span> <span class='ocrx_word' id='word_1_648' title='bbox 2556 3860 2740 3930; x_wconf 76' lang='grc' dir='ltr'>ἕτερος</span> <span class='ocrx_word' id='word_1_649' title='bbox 2765 3857 2821 3910; x_wconf 78' lang='grc' dir='ltr'>δὲ</span> <span class='ocrx_word' id='word_1_650' title='bbox 2847 3858 3047 3927; x_wconf 81' lang='grc' dir='ltr'>ὁμοίως</span> <span class='ocrx_word' id='word_1_651' title='bbox 3067 3853 3286 3925; x_wconf 88' lang='grc' dir='ltr'>πνεῦμα</span> <span class='ocrx_word' id='word_1_652' title='bbox 3306 3853 3466 3908; x_wconf 84' lang='grc' dir='ltr'>αὑτὸν</span> <span class='ocrx_word' id='word_1_653' title='bbox 3491 3851 3773 3912; x_wconf 81' lang='grc' dir='ltr'>ἀποκαλεῖ,</span> 
     </span>
    </p>
   </div>
   <div class='ocr_carea' id='block_1_83' title="bbox 2197 3944 3772 4024">
    <p class='ocr_par' dir='ltr' id='par_1_83' title="bbox 2197 3944 3772 4024">
     <span class='ocr_line' id='line_1_83' title="bbox 2197 3944 3772 4024; baseline -0.007 -17"><span class='ocrx_word' id='word_1_654' title='bbox 2197 3955 2388 4024; x_wconf 81' lang='grc' dir='ltr'>λέγων,</span> <span class='ocrx_word' id='word_1_655' title='bbox 2424 3951 2666 4021; x_wconf 71' lang='grc' dir='ltr'>Πνεῦμα</span> <span class='ocrx_word' id='word_1_656' title='bbox 2695 3947 3016 4018; x_wconf 79' lang='grc' dir='ltr'>προσώπου</span> <span class='ocrx_word' id='word_1_657' title='bbox 3045 3945 3218 4017; x_wconf 73' lang='grc' dir='ltr'><strong>’ἡμῶν</strong></span> <span class='ocrx_word' id='word_1_658' title='bbox 3247 3944 3498 4014; x_wconf 79' lang='grc' dir='ltr'>Χριστὸς</span> <span class='ocrx_word' id='word_1_659' title='bbox 3539 3945 3772 4012; x_wconf 83' lang='grc' dir='ltr'>Κύριος.</span> 
     </span>
    </p>
   </div>
   <div class='ocr_carea' id='block_1_84' title="bbox 2197 4037 3773 4115">
    <p class='ocr_par' dir='ltr' id='par_1_84' title="bbox 2197 4037 3773 4115">
     <span class='ocr_line' id='line_1_84' title="bbox 2197 4037 3773 4115; baseline -0.006 -17"><span class='ocrx_word' id='word_1_660' title='bbox 2197 4045 2306 4100; x_wconf 74' lang='grc' dir='ltr'><strong>Καὶ</strong></span> <span class='ocrx_word' id='word_1_661' title='bbox 2334 4048 2392 4098; x_wconf 88' lang='grc' dir='ltr'>ὲν</span> <span class='ocrx_word' id='word_1_662' title='bbox 2417 4045 2494 4115; x_wconf 85' lang='grc' dir='ltr'>τῷ</span> <span class='ocrx_word' id='word_1_663' title='bbox 2527 4042 2842 4113; x_wconf 83' lang='grc' dir='ltr'>Εὑαγγελίῳ</span> <span class='ocrx_word' id='word_1_664' title='bbox 2872 4040 2928 4093; x_wconf 81' lang='grc' dir='ltr'>δὲ</span> <span class='ocrx_word' id='word_1_665' title='bbox 2963 4039 3088 4110; x_wconf 78' lang='grc' dir='ltr'>περὶ</span> <span class='ocrx_word' id='word_1_666' title='bbox 3125 4037 3290 4092; x_wconf 84' lang='grc' dir='ltr'>αὐτοῦ</span> <span class='ocrx_word' id='word_1_667' title='bbox 3323 4037 3509 4105; x_wconf 86' lang='grc' dir='ltr'>σαφῶς</span> <span class='ocrx_word' id='word_1_668' title='bbox 3539 4037 3773 4108; x_wconf 76' lang='grc' dir='ltr'>εἴρηται·</span> 
     </span>
    </p>
   </div>
   <div class='ocr_carea' id='block_1_85' title="bbox 2210 4129 3774 4204">
    <p class='ocr_par' dir='ltr' id='par_1_85' title="bbox 2210 4129 3774 4204">
     <span class='ocr_line' id='line_1_85' title="bbox 2210 4129 3774 4204; baseline -0.007 -14"><span class='ocrx_word' id='word_1_669' title='bbox 2210 4135 2364 4190; x_wconf 84' lang='grc' dir='ltr'>Ἰδοὺ</span> <span class='ocrx_word' id='word_1_670' title='bbox 2397 4139 2430 4189; x_wconf 86' lang='grc' dir='ltr'><strong>ό</strong></span> <span class='ocrx_word' id='word_1_671' title='bbox 2455 4134 2595 4201; x_wconf 84' lang='grc' dir='ltr'>παῖς</span> <span class='ocrx_word' id='word_1_672' title='bbox 2609 4151 2749 4204; x_wconf 82' lang='grc' dir='ltr'>μου,</span> <span class='ocrx_word' id='word_1_673' title='bbox 2797 4131 2870 4186; x_wconf 82' lang='grc' dir='ltr'><strong>ὃν</strong></span> <span class='ocrx_word' id='word_1_674' title='bbox 2901 4129 3152 4200; x_wconf 76' lang='grc' dir='ltr'>ᾑρέτισα</span> <span class='ocrx_word' id='word_1_675' title='bbox 3173 4147 3188 4160; x_wconf 77' lang='grc'><strong><em>⁸</em></strong></span> <span class='ocrx_word' id='word_1_676' title='bbox 3237 4133 3270 4184; x_wconf 82' lang='grc' dir='ltr'><em>ὁ</em></span> <span class='ocrx_word' id='word_1_677' title='bbox 3309 4129 3617 4199; x_wconf 72' lang='grc' dir='ltr'>ἀγαπητός</span> <span class='ocrx_word' id='word_1_678' title='bbox 3653 4143 3774 4194; x_wconf 84' lang='grc' dir='ltr'><strong>μου</strong></span> 
     </span>
    </p>
   </div>
   <div class='ocr_carea' id='block_1_86' title="bbox 2195 4215 3776 4294">
    <p class='ocr_par' dir='ltr' id='par_1_86' title="bbox 2195 4215 3776 4294">
     <span class='ocr_line' id='line_1_86' title="bbox 2195 4215 3776 4294; baseline -0.006 -15"><span class='ocrx_word' id='word_1_679' title='bbox 2195 4228 2282 4292; x_wconf 79' lang='grc' dir='ltr'><strong>εις</strong></span> <span class='ocrx_word' id='word_1_680' title='bbox 2307 4225 2378 4278; x_wconf 74' lang='grc' dir='ltr'>ὃν</span> <span class='ocrx_word' id='word_1_681' title='bbox 2405 4224 2753 4294; x_wconf 74' lang='grc' dir='ltr'>ηὐδόκησεν</span> <span class='ocrx_word' id='word_1_682' title='bbox 2773 4224 2813 4290; x_wconf 78' lang='grc' dir='ltr'><em>ἠ</em></span> <span class='ocrx_word' id='word_1_683' title='bbox 2841 4220 3011 4290; x_wconf 75' lang='grc' dir='ltr'><strong>ψυχή</strong></span> <span class='ocrx_word' id='word_1_684' title='bbox 3031 4237 3171 4290; x_wconf 84' lang='grc' dir='ltr'>μου.</span> <span class='ocrx_word' id='word_1_685' title='bbox 3199 4218 3427 4272; x_wconf 82' lang='grc' dir='ltr'>Ἕδωκα</span> <span class='ocrx_word' id='word_1_686' title='bbox 3450 4218 3516 4272; x_wconf 87' lang='grc' dir='ltr'>τὸ</span> <span class='ocrx_word' id='word_1_687' title='bbox 3541 4215 3776 4286; x_wconf 81' lang='grc' dir='ltr'>πνεῦμά</span> 
     </span>
    </p>
   </div>
   <div class='ocr_carea' id='block_1_87' title="bbox 2190 4309 3608 4386">
    <p class='ocr_par' dir='ltr' id='par_1_87' title="bbox 2190 4309 3608 4386">
     <span class='ocr_line' id='line_1_87' title="bbox 2190 4309 3608 4386; baseline -0.004 -16"><span class='ocrx_word' id='word_1_688' title='bbox 2190 4335 2307 4386; x_wconf 82' lang='grc' dir='ltr'>μου</span> <span class='ocrx_word' id='word_1_689' title='bbox 2339 4317 2432 4370; x_wconf 82' lang='grc' dir='ltr'><strong>ἐπ’</strong></span> <span class='ocrx_word' id='word_1_690' title='bbox 2474 4315 2679 4382; x_wconf 80' lang='grc' dir='ltr'><strong>αὐτὸν,</strong></span> <span class='ocrx_word' id='word_1_691' title='bbox 2713 4315 2914 4383; x_wconf 80' lang='grc' dir='ltr'>κρίσιν</span> <span class='ocrx_word' id='word_1_692' title='bbox 2945 4312 3068 4378; x_wconf 83' lang='grc' dir='ltr'>τοῖς</span> <span class='ocrx_word' id='word_1_693' title='bbox 3095 4311 3338 4366; x_wconf 74' lang='grc' dir='ltr'>ἔθνεσιν</span> <span class='ocrx_word' id='word_1_694' title='bbox 3363 4309 3608 4375; x_wconf 80' lang='grc' dir='ltr'>ἐξοίσει.</span> 
     </span>
    </p>
   </div>
   <div class='ocr_carea' id='block_1_88' title="bbox 2267 4401 3776 4478">
    <p class='ocr_par' dir='ltr' id='par_1_88' title="bbox 2267 4401 3776 4478">
     <span class='ocr_line' id='line_1_88' title="bbox 2267 4401 3776 4478; baseline -0.005 -18"><span class='ocrx_word' id='word_1_695' title='bbox 2267 4407 2351 4470; x_wconf 78' lang='grc' dir='ltr'>ιζ’.</span> <span class='ocrx_word' id='word_1_696' title='bbox 2387 4405 2688 4478; x_wconf 86' lang='grc' dir='ltr'>Προφητῶν</span> <span class='ocrx_word' id='word_1_697' title='bbox 2711 4405 2768 4458; x_wconf 80' lang='grc' dir='ltr'>δὲ</span> <span class='ocrx_word' id='word_1_698' title='bbox 2792 4403 2948 4467; x_wconf 81' lang='grc' dir='ltr'>ἄλλος</span> <span class='ocrx_word' id='word_1_699' title='bbox 2999 4402 3143 4475; x_wconf 77' lang='grc' dir='ltr'><strong>ζωὴν</strong></span> <span class='ocrx_word' id='word_1_700' title='bbox 3171 4403 3354 4467; x_wconf 77' lang='grc' dir='ltr'>αὑτὸν,</span> <span class='ocrx_word' id='word_1_701' title='bbox 3377 4404 3471 4455; x_wconf 76' lang='grc' dir='ltr'>καὶ</span> <span class='ocrx_word' id='word_1_702' title='bbox 3505 4401 3618 4471; x_wconf 84' lang='grc' dir='ltr'><strong>φῶς</strong></span> <span class='ocrx_word' id='word_1_703' title='bbox 3645 4401 3776 4454; x_wconf 81' lang='grc' dir='ltr'>ὠνό-</span> 
     </span>
    </p>
   </div>
   <div class='ocr_carea' id='block_1_89' title="bbox 519 4485 2099 4570">
    <p class='ocr_par' dir='ltr' id='par_1_89' title="bbox 519 4491 2090 4562">
     <span class='ocr_line' id='line_1_89' title="bbox 519 4491 2090 4562; baseline -0.002 -15"><span class='ocrx_word' id='word_1_704' title='bbox 519 4505 661 4558; x_wconf 82' lang='lat' dir='ltr'><strong>cem,</strong></span> <span class='ocrx_word' id='word_1_705' title='bbox 693 4492 781 4546; x_wconf 92' lang='lat' dir='ltr'><strong>ubi</strong></span> <span class='ocrx_word' id='word_1_706' title='bbox 817 4491 984 4547; x_wconf 85' lang='lat' dir='ltr'><strong>Deum</strong></span> <span class='ocrx_word' id='word_1_707' title='bbox 1033 4492 1114 4547; x_wconf 91' lang='lat' dir='ltr'><strong>sic</strong></span> <span class='ocrx_word' id='word_1_708' title='bbox 1139 4491 1432 4561; x_wconf 83' lang='lat' dir='ltr'><strong>alloquitur</strong></span> <span class='ocrx_word' id='word_1_709' title='bbox 1461 4492 1741 4561; x_wconf 90' lang='lat' dir='ltr'><strong>inquiens,</strong></span> <span class='ocrx_word' id='word_1_710' title='bbox 1772 4492 1922 4562; x_wconf 79' lang='lat' dir='ltr'><strong>Apud</strong></span> <span class='ocrx_word' id='word_1_711' title='bbox 1947 4501 1996 4544; x_wconf 92' lang='lat' dir='ltr'><strong>te</strong></span> <span class='ocrx_word' id='word_1_712' title='bbox 2016 4502 2090 4545; x_wconf 87' lang='lat' dir='ltr'><strong>est</strong></span> 
     </span>
    </p>
   </div>
   <div class='ocr_carea' id='block_1_90' title="bbox 2203 4485 3772 4570">
    <p class='ocr_par' dir='ltr' id='par_1_90' title="bbox 2203 4492 3772 4570">
     <span class='ocr_line' id='line_1_90' title="bbox 2203 4492 3772 4570; baseline -0.005 -18"><span class='ocrx_word' id='word_1_713' title='bbox 2203 4499 2338 4570; x_wconf 79' lang='grc' dir='ltr'>μαζε</span> <span class='ocrx_word' id='word_1_714' title='bbox 2368 4498 2502 4568; x_wconf 72' lang='grc'>(47),</span> <span class='ocrx_word' id='word_1_715' title='bbox 2531 4499 2588 4549; x_wconf 75' lang='grc' dir='ltr'>ἐν</span> <span class='ocrx_word' id='word_1_716' title='bbox 2633 4496 2712 4567; x_wconf 84' lang='grc' dir='ltr'>τῷ</span> <span class='ocrx_word' id='word_1_717' title='bbox 2764 4496 3102 4567; x_wconf 84' lang='grc' dir='ltr'>προσφωνεῖν</span> <span class='ocrx_word' id='word_1_718' title='bbox 3139 4493 3216 4564; x_wconf 82' lang='grc' dir='ltr'>τῷ</span> <span class='ocrx_word' id='word_1_719' title='bbox 3247 4493 3384 4564; x_wconf 79' lang='grc' dir='ltr'>Θεῷ,</span> <span class='ocrx_word' id='word_1_720' title='bbox 3429 4493 3521 4546; x_wconf 76' lang='grc' dir='ltr'>καὶ</span> <span class='ocrx_word' id='word_1_721' title='bbox 3571 4492 3772 4561; x_wconf 83' lang='grc' dir='ltr'>λέγειν,</span> 
     </span>
    </p>
   </div>
   <div class='ocr_carea' id='block_1_91' title="bbox 519 4577 2093 4652">
    <p class='ocr_par' dir='ltr' id='par_1_91' title="bbox 519 4577 2093 4652">
     <span class='ocr_line' id='line_1_91' title="bbox 519 4577 2093 4652; baseline -0.004 -15"><span class='ocrx_word' id='word_1_722' title='bbox 519 4582 638 4652; x_wconf 79' lang='lat' dir='ltr'><strong>fons</strong></span> <span class='ocrx_word' id='word_1_723' title='bbox 659 4583 804 4649; x_wconf 63' lang='lat' dir='ltr'><strong>vitae,</strong></span> <span class='ocrx_word' id='word_1_724' title='bbox 841 4589 892 4636; x_wconf 84' lang='lat' dir='ltr'><strong>et</strong></span> <span class='ocrx_word' id='word_1_725' title='bbox 918 4582 970 4636; x_wconf 86' lang='lat' dir='ltr'><strong>in</strong></span> <span class='ocrx_word' id='word_1_726' title='bbox 1009 4581 1208 4635; x_wconf 85' lang='lat' dir='ltr'><strong>lumine</strong></span> <span class='ocrx_word' id='word_1_727' title='bbox 1243 4591 1333 4634; x_wconf 85' lang='lat' dir='ltr'><strong>tua</strong></span> <span class='ocrx_word' id='word_1_728' title='bbox 1373 4580 1660 4643; x_wconf 80' lang='lat' dir='ltr'><strong>videbimus</strong></span> <span class='ocrx_word' id='word_1_729' title='bbox 1687 4578 1864 4634; x_wconf 84' lang='lat' dir='ltr'><strong>lumen</strong></span> <span class='ocrx_word' id='word_1_730' title='bbox 1881 4580 1947 4634; x_wconf 77' lang='lat'><strong>“.</strong></span> <span class='ocrx_word' id='word_1_731' title='bbox 1965 4577 2093 4645; x_wconf 84' lang='lat' dir='ltr'><strong>Qui-</strong></span> 
     </span>
    </p>
   </div>
   <div class='ocr_carea' id='block_1_92' title="bbox 519 4670 2096 4744">
    <p class='ocr_par' dir='ltr' id='par_1_92' title="bbox 519 4670 2096 4744">
     <span class='ocr_line' id='line_1_92' title="bbox 519 4670 2096 4744; baseline -0.005 -14"><span class='ocrx_word' id='word_1_732' title='bbox 519 4692 642 4730; x_wconf 82' lang='lat' dir='ltr'><strong>nam</strong></span> <span class='ocrx_word' id='word_1_733' title='bbox 673 4684 790 4730; x_wconf 89' lang='lat' dir='ltr'><strong>erat</strong></span> <span class='ocrx_word' id='word_1_734' title='bbox 821 4674 906 4729; x_wconf 87' lang='lat' dir='ltr'><strong>ille</strong></span> <span class='ocrx_word' id='word_1_735' title='bbox 927 4674 1051 4728; x_wconf 67' lang='lat' dir='ltr'><strong>vita:</strong></span> <span class='ocrx_word' id='word_1_736' title='bbox 1095 4673 1224 4728; x_wconf 19' lang='lat' dir='ltr'><strong>t‘on.</strong></span> <span class='ocrx_word' id='word_1_737' title='bbox 1248 4673 1388 4744; x_wconf 90' lang='lat' dir='ltr'><strong>apud</strong></span> <span class='ocrx_word' id='word_1_738' title='bbox 1435 4673 1647 4728; x_wconf 84' lang='lat' dir='ltr'><strong>Deum?</strong></span> <span class='ocrx_word' id='word_1_739' title='bbox 1695 4670 1818 4740; x_wconf 87' lang='lat' dir='ltr'><strong>quis</strong></span> <span class='ocrx_word' id='word_1_740' title='bbox 1863 4670 2096 4724; x_wconf 78' lang='lat' dir='ltr'><strong>lumen?</strong></span> 
     </span>
    </p>
   </div>
   <div class='ocr_carea' id='block_1_93' title="bbox 519 4761 2088 4838">
    <p class='ocr_par' dir='ltr' id='par_1_93' title="bbox 519 4761 2088 4838">
     <span class='ocr_line' id='line_1_93' title="bbox 519 4761 2088 4838; baseline -0.003 -16"><span class='ocrx_word' id='word_1_741' title='bbox 519 4771 689 4838; x_wconf 87' lang='lat' dir='ltr'><strong>ipsius</strong></span> <span class='ocrx_word' id='word_1_742' title='bbox 719 4783 935 4838; x_wconf 77' lang='lat' dir='ltr'><strong>nempe,</strong></span> <span class='ocrx_word' id='word_1_743' title='bbox 959 4769 1051 4836; x_wconf 89' lang='lat' dir='ltr'><strong>qui</strong></span> <span class='ocrx_word' id='word_1_744' title='bbox 1079 4767 1134 4820; x_wconf 87' lang='lat' dir='ltr'><strong>iu</strong></span> <span class='ocrx_word' id='word_1_745' title='bbox 1173 4765 1465 4836; x_wconf 85' lang='lat' dir='ltr'><strong>Evangelia</strong></span> <span class='ocrx_word' id='word_1_746' title='bbox 1496 4764 1653 4828; x_wconf 72' lang='lat' dir='ltr'><strong>dixit,</strong></span> <span class='ocrx_word' id='word_1_747' title='bbox 1679 4762 1792 4832; x_wconf 84' lang='lat' dir='ltr'><strong>Ego</strong></span> <span class='ocrx_word' id='word_1_748' title='bbox 1829 4779 1944 4816; x_wconf 89' lang='lat' dir='ltr'><strong>sum</strong></span> <span class='ocrx_word' id='word_1_749' title='bbox 1993 4761 2088 4817; x_wconf 69' lang='lat' dir='ltr'><strong>lux</strong></span> 
     </span>
    </p>
   </div>
   <div class='ocr_carea' id='block_1_94' title="bbox 519 4853 2094 4926">
    <p class='ocr_par' dir='ltr' id='par_1_94' title="bbox 519 4853 2094 4926">
     <span class='ocr_line' id='line_1_94' title="bbox 519 4853 2094 4926; baseline -0.003 -15"><span class='ocrx_word' id='word_1_750' title='bbox 519 4859 702 4913; x_wconf 77' lang='lat' dir='ltr'><strong>mundi</strong></span> <span class='ocrx_word' id='word_1_751' title='bbox 725 4861 770 4892; x_wconf 79' lang='grc'><strong>⁸³</strong></span> <span class='ocrx_word' id='word_1_752' title='bbox 797 4875 813 4926; x_wconf 89' lang='lat'><strong>;</strong></span> <span class='ocrx_word' id='word_1_753' title='bbox 841 4867 916 4924; x_wconf 88' lang='lat' dir='ltr'><strong>et,</strong></span> <span class='ocrx_word' id='word_1_754' title='bbox 944 4857 1053 4926; x_wconf 81' lang='lat' dir='ltr'><strong>Ego</strong></span> <span class='ocrx_word' id='word_1_755' title='bbox 1083 4873 1198 4911; x_wconf 89' lang='lat' dir='ltr'><strong>sum</strong></span> <span class='ocrx_word' id='word_1_756' title='bbox 1221 4859 1303 4910; x_wconf 85' lang='lat' dir='ltr'><strong>via</strong></span> <span class='ocrx_word' id='word_1_757' title='bbox 1329 4866 1376 4910; x_wconf 87' lang='lat' dir='ltr'><strong>et</strong></span> <span class='ocrx_word' id='word_1_758' title='bbox 1400 4857 1609 4918; x_wconf 75' lang='lat' dir='ltr'><strong>veritas,</strong></span> <span class='ocrx_word' id='word_1_759' title='bbox 1641 4865 1690 4908; x_wconf 86' lang='lat' dir='ltr'><strong>et</strong></span> <span class='ocrx_word' id='word_1_760' title='bbox 1725 4855 1830 4908; x_wconf 82' lang='lat' dir='ltr'><strong>vita</strong></span> <span class='ocrx_word' id='word_1_761' title='bbox 1855 4853 1919 4905; x_wconf 86' lang='grc'><strong>³⁰.</strong></span> <span class='ocrx_word' id='word_1_762' title='bbox 1949 4853 2094 4921; x_wconf 78' lang='lat' dir='ltr'><strong>Quo--</strong></span> 
     </span>
    </p>
   </div>
   <div class='ocr_carea' id='block_1_95' title="bbox 591 5021 1270 5094">
    <p class='ocr_par' dir='ltr' id='par_1_95' title="bbox 591 5021 1270 5094">
     <span class='ocr_line' id='line_1_95' title="bbox 591 5021 1270 5094; baseline 0 -17"><span class='ocrx_word' id='word_1_763' title='bbox 591 5027 650 5094; x_wconf 50' lang='lat' dir='ltr'><strong>gl}</strong></span> <span class='ocrx_word' id='word_1_764' title='bbox 684 5021 778 5075; x_wconf 87' lang='lat' dir='ltr'><strong>Ed.</strong></span> <span class='ocrx_word' id='word_1_765' title='bbox 819 5022 1144 5094; x_wconf 27' lang='lat' dir='ltr'><strong>Parisnpag.</strong></span> <span class='ocrx_word' id='word_1_766' title='bbox 1178 5023 1270 5094; x_wconf 70' lang='grc'>97.</span> 
     </span>
    </p>
   </div>
   <div class='ocr_carea' id='block_1_96' title="bbox 591 5089 1646 5154">
    <p class='ocr_par' dir='ltr' id='par_1_96' title="bbox 591 5089 1646 5154">
     <span class='ocr_line' id='line_1_96' title="bbox 591 5089 1646 5154; baseline 0.002 -10"><span class='ocrx_word' id='word_1_767' title='bbox 591 5091 758 5146; x_wconf 73' lang='grc' dir='ltr'>⁸³Ιεο.</span> <span class='ocrx_word' id='word_1_768' title='bbox 803 5093 959 5154; x_wconf 68' lang='lat' dir='ltr'><strong>n.1,</strong></span> <span class='ocrx_word' id='word_1_769' title='bbox 997 5093 1053 5146; x_wconf 75' lang='grc'><strong>2.</strong></span> <span class='ocrx_word' id='word_1_770' title='bbox 1097 5089 1117 5094; x_wconf 64' lang='grc'>⁷</span> <span class='ocrx_word' id='word_1_771' title='bbox 1149 5093 1195 5125; x_wconf 62' lang='grc'>²⁵</span> <span class='ocrx_word' id='word_1_772' title='bbox 1221 5089 1414 5146; x_wconf 82' lang='lat' dir='ltr'><strong>llCor.</strong></span> <span class='ocrx_word' id='word_1_773' title='bbox 1449 5107 1530 5153; x_wconf 80' lang='grc' dir='ltr'>ιιι,</span> <span class='ocrx_word' id='word_1_774' title='bbox 1561 5093 1646 5146; x_wconf 86' lang='lat' dir='ltr'><strong>l7.</strong></span> 
     </span>
    </p>
   </div>
   <div class='ocr_carea' id='block_1_97' title="bbox 517 5161 1595 5228">
    <p class='ocr_par' dir='ltr' id='par_1_97' title="bbox 517 5161 1595 5228">
     <span class='ocr_line' id='line_1_97' title="bbox 517 5161 1595 5228; baseline 0.001 -12"><span class='ocrx_word' id='word_1_775' title='bbox 517 5177 686 5226; x_wconf 73' lang='lat' dir='ltr'><strong>xxxv,</strong></span> <span class='ocrx_word' id='word_1_776' title='bbox 726 5161 812 5216; x_wconf 73' lang='lat'><strong>10.</strong></span> <span class='ocrx_word' id='word_1_777' title='bbox 888 5163 932 5194; x_wconf 79' lang='grc'><strong>²⁹</strong></span> <span class='ocrx_word' id='word_1_778' title='bbox 958 5161 1114 5217; x_wconf 74' lang='lat' dir='ltr'><strong>Joan.</strong></span> <span class='ocrx_word' id='word_1_779' title='bbox 1146 5177 1262 5225; x_wconf 83' lang='lat' dir='ltr'><strong>vm,</strong></span> <span class='ocrx_word' id='word_1_780' title='bbox 1293 5161 1390 5228; x_wconf 70' lang='lat' dir='ltr'><strong>l2;</strong></span> <span class='ocrx_word' id='word_1_781' title='bbox 1427 5176 1503 5226; x_wconf 79' lang='lat' dir='ltr'><strong>Ix,</strong></span> <span class='ocrx_word' id='word_1_782' title='bbox 1541 5163 1595 5218; x_wconf 84' lang='lat'><strong>5.</strong></span> 
     </span>
    </p>
   </div>
   <div class='ocr_carea' id='block_1_98' title="bbox 589 5365 1184 5436">
    <p class='ocr_par' dir='ltr' id='par_1_98' title="bbox 589 5365 1184 5436">
     <span class='ocr_line' id='line_1_98' title="bbox 589 5365 1184 5436; baseline -0.003 -16"><span class='ocrx_word' id='word_1_783' title='bbox 589 5367 702 5436; x_wconf 68' lang='lat'><strong>(42)</strong></span> <span class='ocrx_word' id='word_1_784' title='bbox 723 5365 892 5435; x_wconf 83' lang='lat' dir='ltr'><strong>Vulgo</strong></span> <span class='ocrx_word' id='word_1_785' title='bbox 923 5365 1081 5418; x_wconf 87' lang='grc' dir='ltr'>τοῦτο</span> <span class='ocrx_word' id='word_1_786' title='bbox 1101 5365 1184 5418; x_wconf 82' lang='grc' dir='ltr'><strong>τό.</strong></span> 
     </span>
    </p>
   </div>
   <div class='ocr_carea' id='block_1_99' title="bbox 589 5435 2088 5508">
    <p class='ocr_par' dir='ltr' id='par_1_99' title="bbox 589 5435 2088 5508">
     <span class='ocr_line' id='line_1_99' title="bbox 589 5435 2088 5508; baseline 0.001 -17"><span class='ocrx_word' id='word_1_787' title='bbox 589 5435 700 5508; x_wconf 67' lang='grc'><strong>(45)</strong></span> <span class='ocrx_word' id='word_1_788' title='bbox 745 5437 901 5504; x_wconf 82' lang='grc' dir='ltr'>Πρὸς</span> <span class='ocrx_word' id='word_1_789' title='bbox 958 5437 1025 5489; x_wconf 82' lang='grc' dir='ltr'>τὸ</span> <span class='ocrx_word' id='word_1_790' title='bbox 1080 5436 1166 5505; x_wconf 74' lang='grc' dir='ltr'>μὴ</span> <span class='ocrx_word' id='word_1_791' title='bbox 1220 5435 1608 5508; x_wconf 62' lang='lat' dir='ltr'><strong>natam-cidae.</strong></span> <span class='ocrx_word' id='word_1_792' title='bbox 1657 5437 2016 5506; x_wconf 79' lang='lat' dir='ltr'><strong>Apastolusin</strong></span> <span class='ocrx_word' id='word_1_793' title='bbox 2045 5438 2088 5493; x_wconf 86' lang='lat' dir='ltr'><strong>ll</strong></span> 
     </span>
    </p>
   </div>
   <div class='ocr_carea' id='block_1_100' title="bbox 517 5505 2090 5575">
    <p class='ocr_par' dir='ltr' id='par_1_100' title="bbox 517 5505 2090 5575">
     <span class='ocr_line' id='line_1_100' title="bbox 517 5505 2090 5575; baseline 0.001 -13"><span class='ocrx_word' id='word_1_794' title='bbox 517 5505 642 5562; x_wconf 81' lang='lat' dir='ltr'><strong>Cor.</strong></span> <span class='ocrx_word' id='word_1_795' title='bbox 672 5523 744 5570; x_wconf 87' lang='lat' dir='ltr'><strong>tv,</strong></span> <span class='ocrx_word' id='word_1_796' title='bbox 771 5508 824 5565; x_wconf 89' lang='lat'><strong>5.</strong></span> <span class='ocrx_word' id='word_1_797' title='bbox 861 5509 1051 5560; x_wconf 81' lang='lat' dir='ltr'><strong>habet:</strong></span> <span class='ocrx_word' id='word_1_798' title='bbox 1078 5509 1176 5571; x_wconf 80' lang='grc' dir='ltr'><strong>Εἰς</strong></span> <span class='ocrx_word' id='word_1_799' title='bbox 1221 5507 1284 5558; x_wconf 76' lang='grc' dir='ltr'>τὸ</span> <span class='ocrx_word' id='word_1_800' title='bbox 1309 5505 1394 5575; x_wconf 81' lang='grc' dir='ltr'><em>μὴ</em></span> <span class='ocrx_word' id='word_1_801' title='bbox 1444 5505 1714 5575; x_wconf 79' lang='grc' dir='ltr'>αὐγάσαι</span> <span class='ocrx_word' id='word_1_802' title='bbox 1749 5508 1952 5575; x_wconf 81' lang='grc' dir='ltr'>αὐτοῖς</span> <span class='ocrx_word' id='word_1_803' title='bbox 1981 5510 2090 5563; x_wconf 77' lang='grc' dir='ltr'><strong>τὸν</strong></span> 
     </span>
    </p>
   </div>
   <div class='ocr_carea' id='block_1_101' title="bbox 517 5575 2088 5648">
    <p class='ocr_par' dir='ltr' id='par_1_101' title="bbox 517 5575 2088 5648">
     <span class='ocr_line' id='line_1_101' title="bbox 517 5575 2088 5648; baseline 0.001 -17"><span class='ocrx_word' id='word_1_804' title='bbox 517 5578 824 5648; x_wconf 67' lang='grc' dir='ltr'>φωτισμὸν</span> <span class='ocrx_word' id='word_1_805' title='bbox 855 5575 974 5630; x_wconf 78' lang='grc' dir='ltr'><strong>τῶν</strong></span> <span class='ocrx_word' id='word_1_806' title='bbox 1001 5579 1182 5646; x_wconf 64' lang='lat' dir='ltr'><strong>Ebur.</strong></span> <span class='ocrx_word' id='word_1_807' title='bbox 1215 5575 1323 5648; x_wconf 80' lang='grc' dir='ltr'>τῆς</span> <span class='ocrx_word' id='word_1_808' title='bbox 1360 5576 1545 5648; x_wconf 69' lang='grc' dir='ltr'>δόξης</span> <span class='ocrx_word' id='word_1_809' title='bbox 1581 5577 1688 5648; x_wconf 60' lang='grc' dir='ltr'><strong>τοῦ</strong></span> <span class='ocrx_word' id='word_1_810' title='bbox 1714 5579 1992 5647; x_wconf 83' lang='grc' dir='ltr'>Χριστοῦ,</span> <span class='ocrx_word' id='word_1_811' title='bbox 2033 5590 2088 5632; x_wconf 73' lang='lat' dir='ltr'><strong>et</strong></span> 
     </span>
    </p>
   </div>
   <div class='ocr_carea' id='block_1_102' title="bbox 517 5646 2084 5719">
    <p class='ocr_par' dir='ltr' id='par_1_102' title="bbox 517 5646 2084 5719">
     <span class='ocr_line' id='line_1_102' title="bbox 517 5646 2084 5719; baseline 0.001 -21"><span class='ocrx_word' id='word_1_812' title='bbox 517 5646 637 5719; x_wconf 64' lang='lat' dir='ltr'><strong>post</strong></span> <span class='ocrx_word' id='word_1_813' title='bbox 665 5647 822 5719; x_wconf 84' lang='grc' dir='ltr'>Θεοῦ,</span> <span class='ocrx_word' id='word_1_814' title='bbox 857 5649 1092 5710; x_wconf 80' lang='lat' dir='ltr'><strong>additur,</strong></span> <span class='ocrx_word' id='word_1_815' title='bbox 1125 5647 1378 5716; x_wconf 69' lang='grc' dir='ltr'>ἀοράτου.</span> <span class='ocrx_word' id='word_1_816' title='bbox 1407 5646 1473 5699; x_wconf 83' lang='grc' dir='ltr'>Μ.</span> <span class='ocrx_word' id='word_1_817' title='bbox 1511 5679 1578 5689; x_wconf 92' lang='grc'><strong>-</strong></span> <span class='ocrx_word' id='word_1_818' title='bbox 1599 5647 1720 5704; x_wconf 75' lang='lat' dir='ltr'><strong>Mox</strong></span> <span class='ocrx_word' id='word_1_819' title='bbox 1753 5646 1908 5719; x_wconf 60' lang='lat' dir='ltr'><strong>\Vulgo</strong></span> <span class='ocrx_word' id='word_1_820' title='bbox 1939 5649 1968 5700; x_wconf 88' lang='lat'><strong>6</strong></span> <span class='ocrx_word' id='word_1_821' title='bbox 1997 5647 2084 5701; x_wconf 80' lang='grc' dir='ltr'>διὰ</span> 
     </span>
    </p>
   </div>
   <div class='ocr_carea' id='block_1_103' title="bbox 515 5716 950 5790">
    <p class='ocr_par' dir='ltr' id='par_1_103' title="bbox 515 5716 950 5790">
     <span class='ocr_line' id='line_1_103' title="bbox 515 5716 950 5790; baseline 0.002 -19"><span class='ocrx_word' id='word_1_822' title='bbox 515 5716 612 5777; x_wconf 80' lang='grc' dir='ltr'>τοῦ</span> <span class='ocrx_word' id='word_1_823' title='bbox 626 5727 690 5790; x_wconf 66' lang='grc' dir='ltr'><strong>ιιι</strong></span> <span class='ocrx_word' id='word_1_824' title='bbox 711 5717 798 5771; x_wconf 80' lang='grc' dir='ltr'>ὅδε</span> <span class='ocrx_word' id='word_1_825' title='bbox 820 5735 950 5790; x_wconf 87' lang='grc' dir='ltr'>παρ.</span> 
     </span>
    </p>
   </div>
   <div class='ocr_carea' id='block_1_104' title="bbox 587 5786 2082 5859">
    <p class='ocr_par' dir='ltr' id='par_1_104' title="bbox 587 5786 2082 5859">
     <span class='ocr_line' id='line_1_104' title="bbox 587 5786 2082 5859; baseline 0.001 -19"><span class='ocrx_word' id='word_1_826' title='bbox 587 5789 637 5856; x_wconf 60' lang='grc' dir='ltr'><strong>(εἰ</strong></span> <span class='ocrx_word' id='word_1_827' title='bbox 655 5788 698 5858; x_wconf 85' lang='grc' dir='ltr'>ι)</span> <span class='ocrx_word' id='word_1_828' title='bbox 721 5786 1028 5859; x_wconf 62' lang='grc' dir='ltr'>Δίαφόροις</span> <span class='ocrx_word' id='word_1_829' title='bbox 1067 5805 1138 5844; x_wconf 83' lang='grc' dir='ltr'><strong>σε</strong></span> <span class='ocrx_word' id='word_1_830' title='bbox 1163 5790 1358 5858; x_wconf 68' lang='grc' dir='ltr'>τίμιον.</span> <span class='ocrx_word' id='word_1_831' title='bbox 1393 5786 1689 5856; x_wconf 72' lang='lat' dir='ltr'><strong>Depravulc</strong></span> <span class='ocrx_word' id='word_1_832' title='bbox 1719 5807 1731 5854; x_wconf 70' lang='grc' dir='ltr'>ξ</span> <span class='ocrx_word' id='word_1_833' title='bbox 1769 5787 1860 5844; x_wconf 79' lang='lat' dir='ltr'><strong>sed</strong></span> <span class='ocrx_word' id='word_1_834' title='bbox 1909 5787 2082 5842; x_wconf 73' lang='lat' dir='ltr'><strong>facilis</strong></span> 
     </span>
    </p>
   </div>
   <div class='ocr_carea' id='block_1_105' title="bbox 2197 4584 3774 4660">
    <p class='ocr_par' dir='ltr' id='par_1_105' title="bbox 2197 4584 3774 4660">
     <span class='ocr_line' id='line_1_105' title="bbox 2197 4584 3774 4660; baseline -0.006 -14"><span class='ocrx_word' id='word_1_835' title='bbox 2197 4595 2296 4646; x_wconf 80' lang='grc' dir='ltr'>ὅτι·</span> <span class='ocrx_word' id='word_1_836' title='bbox 2319 4591 2483 4660; x_wconf 83' lang='grc' dir='ltr'>Παρὰ</span> <span class='ocrx_word' id='word_1_837' title='bbox 2497 4591 2596 4645; x_wconf 74' lang='grc' dir='ltr'><strong>σοί</strong></span> <span class='ocrx_word' id='word_1_838' title='bbox 2627 4587 2787 4660; x_wconf 78' lang='grc' dir='ltr'><strong>πηγὴ</strong></span> <span class='ocrx_word' id='word_1_839' title='bbox 2819 4587 2987 4657; x_wconf 78' lang='grc' dir='ltr'><strong>ζωῆς,</strong></span> <span class='ocrx_word' id='word_1_840' title='bbox 3005 4588 3074 4640; x_wconf 81' lang='grc' dir='ltr'><strong>ἐν</strong></span> <span class='ocrx_word' id='word_1_841' title='bbox 3099 4584 3178 4650; x_wconf 88' lang='grc' dir='ltr'><strong>τῷ</strong></span> <span class='ocrx_word' id='word_1_842' title='bbox 3194 4586 3341 4654; x_wconf 77' lang='grc' dir='ltr'><strong>φωτί</strong></span> <span class='ocrx_word' id='word_1_843' title='bbox 3365 4601 3479 4638; x_wconf 89' lang='grc' dir='ltr'>σου</span> <span class='ocrx_word' id='word_1_844' title='bbox 3507 4585 3774 4652; x_wconf 71' lang='grc' dir='ltr'>ὀψόμεθα</span> 
     </span>
    </p>
   </div>
   <div class='ocr_carea' id='block_1_106' title="bbox 2197 4677 3769 4754">
    <p class='ocr_par' dir='ltr' id='par_1_106' title="bbox 2197 4677 3769 4754">
     <span class='ocr_line' id='line_1_106' title="bbox 2197 4677 3769 4754; baseline -0.01 0"><span class='ocrx_word' id='word_1_845' title='bbox 2197 4683 2341 4754; x_wconf 63' lang='grc' dir='ltr'><em>φῶς.</em></span> <span class='ocrx_word' id='word_1_846' title='bbox 2373 4683 2468 4748; x_wconf 75' lang='grc' dir='ltr'><strong>Τίς</strong></span> <span class='ocrx_word' id='word_1_847' title='bbox 2499 4682 2608 4754; x_wconf 78' lang='grc' dir='ltr'><strong>γὰρ</strong></span> <span class='ocrx_word' id='word_1_848' title='bbox 2634 4678 2702 4753; x_wconf 83' lang='grc' dir='ltr'>ἦν</span> <span class='ocrx_word' id='word_1_849' title='bbox 2737 4684 2772 4753; x_wconf 79' lang='grc' dir='ltr'>ἡ</span> <span class='ocrx_word' id='word_1_850' title='bbox 2825 4680 2973 4750; x_wconf 81' lang='grc' dir='ltr'>παρὰ</span> <span class='ocrx_word' id='word_1_851' title='bbox 3002 4679 3078 4749; x_wconf 75' lang='grc' dir='ltr'><strong>τῷ</strong></span> <span class='ocrx_word' id='word_1_852' title='bbox 3123 4677 3242 4749; x_wconf 75' lang='grc' dir='ltr'><strong>Θεῷ</strong></span> <span class='ocrx_word' id='word_1_853' title='bbox 3279 4677 3428 4748; x_wconf 73' lang='grc' dir='ltr'><strong>πηγὴ</strong></span> <span class='ocrx_word' id='word_1_854' title='bbox 3459 4677 3557 4747; x_wconf 80' lang='grc' dir='ltr'><strong>τῆς</strong></span> <span class='ocrx_word' id='word_1_855' title='bbox 3603 4677 3769 4746; x_wconf 78' lang='grc' dir='ltr'>ζωῆς.</span> 
     </span>
    </p>
   </div>
   <div class='ocr_carea' id='block_1_107' title="bbox 2196 4764 3774 4841">
    <p class='ocr_par' dir='ltr' id='par_1_107' title="bbox 2196 4764 3774 4841">
     <span class='ocr_line' id='line_1_107' title="bbox 2196 4764 3774 4841; baseline -0.003 -18"><span class='ocrx_word' id='word_1_856' title='bbox 2196 4772 2286 4823; x_wconf 76' lang='grc' dir='ltr'>καὶ</span> <span class='ocrx_word' id='word_1_857' title='bbox 2313 4769 2373 4824; x_wconf 83' lang='grc' dir='ltr'><strong>τό</strong></span> <span class='ocrx_word' id='word_1_858' title='bbox 2427 4772 2564 4840; x_wconf 82' lang='grc' dir='ltr'>φῶς,</span> <span class='ocrx_word' id='word_1_859' title='bbox 2593 4771 2626 4841; x_wconf 87' lang='grc' dir='ltr'>ἣ</span> <span class='ocrx_word' id='word_1_860' title='bbox 2666 4770 2827 4834; x_wconf 76' lang='grc' dir='ltr'>αὐτὸς</span> <span class='ocrx_word' id='word_1_861' title='bbox 2859 4770 2887 4821; x_wconf 84' lang='grc' dir='ltr'><strong>ὁ</strong></span> <span class='ocrx_word' id='word_1_862' title='bbox 2919 4771 2977 4822; x_wconf 78' lang='grc' dir='ltr'>ἐν</span> <span class='ocrx_word' id='word_1_863' title='bbox 3009 4766 3359 4835; x_wconf 82' lang='grc' dir='ltr'>Εὐαγγελίοις</span> <span class='ocrx_word' id='word_1_864' title='bbox 3406 4764 3591 4829; x_wconf 87' lang='grc' dir='ltr'>εἰπὼν,</span> <span class='ocrx_word' id='word_1_865' title='bbox 3632 4764 3774 4836; x_wconf 80' lang='grc' dir='ltr'><strong>Ἐγώ</strong></span> 
     </span>
    </p>
   </div>
   <div class='ocr_carea' id='block_1_108' title="bbox 2191 4857 3771 4930">
    <p class='ocr_par' dir='ltr' id='par_1_108' title="bbox 2191 4857 3771 4930">
     <span class='ocr_line' id='line_1_108' title="bbox 2191 4857 3771 4930; baseline -0.001 -18"><span class='ocrx_word' id='word_1_866' title='bbox 2191 4861 2306 4929; x_wconf 83' lang='grc' dir='ltr'>εἰμι</span> <span class='ocrx_word' id='word_1_867' title='bbox 2327 4860 2390 4914; x_wconf 84' lang='grc' dir='ltr'>τὸ</span> <span class='ocrx_word' id='word_1_868' title='bbox 2412 4861 2537 4930; x_wconf 63' lang='grc' dir='ltr'><strong>φῶς</strong></span> <span class='ocrx_word' id='word_1_869' title='bbox 2580 4861 2686 4916; x_wconf 80' lang='grc' dir='ltr'>τοῦ</span> <span class='ocrx_word' id='word_1_870' title='bbox 2732 4861 2994 4928; x_wconf 81' lang='grc' dir='ltr'>κόσμου’</span> <span class='ocrx_word' id='word_1_871' title='bbox 3042 4858 3152 4911; x_wconf 85' lang='grc' dir='ltr'>καί·</span> <span class='ocrx_word' id='word_1_872' title='bbox 3199 4857 3342 4928; x_wconf 73' lang='grc' dir='ltr'><strong>Ἐγώ</strong></span> <span class='ocrx_word' id='word_1_873' title='bbox 3379 4859 3494 4926; x_wconf 64' lang='grc' dir='ltr'>εἰμι</span> <span class='ocrx_word' id='word_1_874' title='bbox 3541 4859 3578 4926; x_wconf 69' lang='grc' dir='ltr'><strong><em>ἡ</em></strong></span> <span class='ocrx_word' id='word_1_875' title='bbox 3629 4857 3771 4924; x_wconf 80' lang='grc' dir='ltr'>ὁδὸς</span> 
     </span>
    </p>
   </div>
   <div class='ocr_carea' id='block_1_109' title="bbox 1745 5083 2099 5158">
    <p class='ocr_par' dir='ltr' id='par_1_109' title="bbox 1745 5091 2063 5158">
     <span class='ocr_line' id='line_1_109' title="bbox 1745 5091 2063 5158; baseline 0.003 -14"><span class='ocrx_word' id='word_1_876' title='bbox 1745 5095 1792 5124; x_wconf 75' lang='grc'><strong>’⁸</strong></span> <span class='ocrx_word' id='word_1_877' title='bbox 1823 5091 1838 5144; x_wconf 96' lang='grc'><strong>1</strong></span> <span class='ocrx_word' id='word_1_878' title='bbox 1872 5093 1999 5146; x_wconf 86' lang='lat' dir='ltr'><strong>Cor.</strong></span> <span class='ocrx_word' id='word_1_879' title='bbox 2027 5109 2063 5158; x_wconf 88' lang='grc' dir='ltr'><strong>ι,</strong></span> 
     </span>
    </p>
   </div>
   <div class='ocr_carea' id='block_1_110' title="bbox 2203 5083 3759 5158">
    <p class='ocr_par' dir='ltr' id='par_1_110' title="bbox 2273 5083 3759 5158">
     <span class='ocr_line' id='line_1_110' title="bbox 2273 5083 3759 5158; baseline -0.009 -6"><span class='ocrx_word' id='word_1_880' title='bbox 2273 5095 2536 5151; x_wconf 79' lang='lat' dir='ltr'><strong>&quot;Thrcn.</strong></span> <span class='ocrx_word' id='word_1_881' title='bbox 2576 5109 2664 5158; x_wconf 84' lang='lat' dir='ltr'><strong>tv,</strong></span> <span class='ocrx_word' id='word_1_882' title='bbox 2713 5095 2803 5148; x_wconf 70' lang='grc' dir='ltr'>ΞΟ.</span> <span class='ocrx_word' id='word_1_883' title='bbox 2879 5094 2922 5126; x_wconf 78' lang='grc'><strong>⁸⁷</strong></span> <span class='ocrx_word' id='word_1_884' title='bbox 2955 5092 3142 5148; x_wconf 78' lang='lat' dir='ltr'><strong>Matth.</strong></span> <span class='ocrx_word' id='word_1_885' title='bbox 3197 5107 3312 5156; x_wconf 80' lang='lat' dir='ltr'><strong>xu,</strong></span> <span class='ocrx_word' id='word_1_886' title='bbox 3369 5087 3458 5142; x_wconf 81' lang='grc'><strong>18.</strong></span> <span class='ocrx_word' id='word_1_887' title='bbox 3543 5087 3588 5118; x_wconf 83' lang='grc'><strong>’⁸</strong></span> <span class='ocrx_word' id='word_1_888' title='bbox 3617 5083 3759 5139; x_wconf 84' lang='lat' dir='ltr'><strong>Psal.</strong></span> 
     </span>
    </p>
   </div>
   <div class='ocr_carea' id='block_1_111' title="bbox 1673 5161 2140 5228">
    <p class='ocr_par' dir='ltr' id='par_1_111' title="bbox 1673 5161 2140 5228">
     <span class='ocr_line' id='line_1_111' title="bbox 1673 5161 2140 5228; baseline 0.006 -12"><span class='ocrx_word' id='word_1_889' title='bbox 1673 5162 1717 5193; x_wconf 85' lang='grc'>³⁰</span> <span class='ocrx_word' id='word_1_890' title='bbox 1754 5161 1910 5217; x_wconf 81' lang='lat' dir='ltr'><strong>Joan.</strong></span> <span class='ocrx_word' id='word_1_891' title='bbox 1940 5179 2048 5228; x_wconf 78' lang='lat' dir='ltr'><strong>xw,</strong></span> <span class='ocrx_word' id='word_1_892' title='bbox 2087 5163 2140 5223; x_wconf 91' lang='lat'><strong>6.</strong></span> 
     </span>
    </p>
   </div>
   <div class='ocr_carea' id='block_1_112' title="bbox 2197 5367 2846 5438">
    <p class='ocr_par' dir='ltr' id='par_1_112' title="bbox 2197 5367 2846 5438">
     <span class='ocr_line' id='line_1_112' title="bbox 2197 5367 2846 5438; baseline -0.011 -11"><span class='ocrx_word' id='word_1_893' title='bbox 2197 5371 2483 5434; x_wconf 86' lang='lat' dir='ltr'><strong>correctio,</strong></span> <span class='ocrx_word' id='word_1_894' title='bbox 2518 5369 2737 5438; x_wconf 75' lang='grc' dir='ltr'>ἐτίμων.</span> <span class='ocrx_word' id='word_1_895' title='bbox 2775 5367 2846 5420; x_wconf 83' lang='grc' dir='ltr'>Μ.</span> 
     </span>
    </p>
   </div>
   <div class='ocr_carea' id='block_1_113' title="bbox 2267 5437 2984 5513">
    <p class='ocr_par' dir='ltr' id='par_1_113' title="bbox 2267 5437 2984 5513">
     <span class='ocr_line' id='line_1_113' title="bbox 2267 5437 2984 5513; baseline -0.011 -16"><span class='ocrx_word' id='word_1_896' title='bbox 2407 5440 2568 5513; x_wconf 66' lang='lat' dir='ltr'><strong>Vulgo</strong></span> <span class='ocrx_word' id='word_1_897' title='bbox 2600 5437 2696 5507; x_wconf 79' lang='grc' dir='ltr'>τῆς</span> <span class='ocrx_word' id='word_1_898' title='bbox 2719 5441 2771 5513; x_wconf 64' lang='grc' dir='ltr'><strong>ρ.</strong></span> <span class='ocrx_word' id='word_1_899' title='bbox 2799 5437 2984 5490; x_wconf 78' lang='grc' dir='ltr'>αὑτοῦ.</span> 
     </span>
    </p>
   </div>
   <div class='ocr_carea' id='block_1_114' title="bbox 2265 5493 3764 5580">
    <p class='ocr_par' dir='ltr' id='par_1_114' title="bbox 2265 5493 3764 5580">
     <span class='ocr_line' id='line_1_114' title="bbox 2265 5493 3764 5580; baseline -0.007 -15"><span class='ocrx_word' id='word_1_900' title='bbox 2265 5493 2376 5580; x_wconf 48' lang='lat' dir='ltr'><strong>lilii</strong></span> <span class='ocrx_word' id='word_1_901' title='bbox 2429 5493 2948 5580; x_wconf 63' lang='grc' dir='ltr'>Ἐἑέαναὲἱὰύσεται</span> <span class='ocrx_word' id='word_1_902' title='bbox 2972 5507 3066 5560; x_wconf 76' lang='grc' dir='ltr'><strong>ἐπ’</strong></span> <span class='ocrx_word' id='word_1_903' title='bbox 3095 5507 3299 5580; x_wconf 46' lang='lat' dir='ltr'><strong>ainde.</strong></span> <span class='ocrx_word' id='word_1_904' title='bbox 3344 5499 3764 5580; x_wconf 57' lang='lat' dir='ltr'><strong>Apm_l_Prop_he-</strong></span> 
     </span>
    </p>
   </div>
   <div class='ocr_carea' id='block_1_115' title="bbox 2197 5572 3760 5646">
    <p class='ocr_par' dir='ltr' id='par_1_115' title="bbox 2197 5572 3760 5646">
     <span class='ocr_line' id='line_1_115' title="bbox 2197 5572 3760 5646; baseline -0.005 -12"><span class='ocrx_word' id='word_1_905' title='bbox 2197 5572 2300 5636; x_wconf 78' lang='lat' dir='ltr'><strong>tam</strong></span> <span class='ocrx_word' id='word_1_906' title='bbox 2356 5572 2570 5646; x_wconf 73' lang='lat' dir='ltr'><strong>legitur,</strong></span> <span class='ocrx_word' id='word_1_907' title='bbox 2619 5579 3028 5632; x_wconf 69' lang='grc' dir='ltr'>ἀναπαύσεται</span> <span class='ocrx_word' id='word_1_908' title='bbox 3081 5576 3172 5628; x_wconf 80' lang='grc' dir='ltr'><strong>ἐπ’</strong></span> <span class='ocrx_word' id='word_1_909' title='bbox 3203 5572 3760 5646; x_wconf 15' lang='grc' dir='ltr'>αὐτούς.Μ.Ϋ-Μῡκ</span> 
     </span>
    </p>
   </div>
   <div class='ocr_carea' id='block_1_116' title="bbox 2192 5645 3580 5718">
    <p class='ocr_par' dir='ltr' id='par_1_116' title="bbox 2192 5645 3580 5718">
     <span class='ocr_line' id='line_1_116' title="bbox 2192 5645 3580 5718; baseline -0.005 -14"><span class='ocrx_word' id='word_1_910' title='bbox 2192 5652 2350 5716; x_wconf 73' lang='lat' dir='ltr'><strong>vulgo</strong></span> <span class='ocrx_word' id='word_1_911' title='bbox 2379 5645 2534 5718; x_wconf 69' lang='grc' dir='ltr'>λόγον</span> <span class='ocrx_word' id='word_1_912' title='bbox 2559 5647 2692 5700; x_wconf 71' lang='grc' dir='ltr'>Θεὸν</span> <span class='ocrx_word' id='word_1_913' title='bbox 2721 5659 2774 5701; x_wconf 80' lang='lat' dir='ltr'><strong>et</strong></span> <span class='ocrx_word' id='word_1_914' title='bbox 2802 5647 2990 5701; x_wconf 80' lang='grc' dir='ltr'>ἄλλοτε</span> <span class='ocrx_word' id='word_1_915' title='bbox 3023 5646 3096 5718; x_wconf 26' lang='grc' dir='ltr'><strong>δὲ*</strong></span> <span class='ocrx_word' id='word_1_916' title='bbox 3115 5665 3203 5718; x_wconf 76' lang='grc' dir='ltr'><strong>χρ.</strong></span> <span class='ocrx_word' id='word_1_917' title='bbox 3235 5658 3283 5700; x_wconf 85' lang='lat' dir='ltr'><strong>et</strong></span> <span class='ocrx_word' id='word_1_918' title='bbox 3309 5645 3580 5718; x_wconf 40' lang='lat' dir='ltr'><strong>Eﬁ’gl’t‘té.</strong></span> 
     </span>
    </p>
   </div>
   <div class='ocr_carea' id='block_1_117' title="bbox 2260 5713 3674 5790">
    <p class='ocr_par' dir='ltr' id='par_1_117' title="bbox 2260 5713 3674 5790">
     <span class='ocr_line' id='line_1_117' title="bbox 2260 5713 3674 5790; baseline -0.007 -16"><span class='ocrx_word' id='word_1_919' title='bbox 2260 5713 2368 5790; x_wconf 67' lang='lat' dir='ltr'><strong>(l7)</strong></span> <span class='ocrx_word' id='word_1_920' title='bbox 2399 5713 2561 5790; x_wconf 77' lang='lat' dir='ltr'><strong>Vulgo</strong></span> <span class='ocrx_word' id='word_1_921' title='bbox 2587 5719 2835 5788; x_wconf 78' lang='grc' dir='ltr'>ὠνόμασε</span> <span class='ocrx_word' id='word_1_922' title='bbox 2867 5729 2914 5773; x_wconf 84' lang='lat' dir='ltr'><strong>ct</strong></span> <span class='ocrx_word' id='word_1_923' title='bbox 2947 5719 3002 5772; x_wconf 77' lang='grc' dir='ltr'>ἐν</span> <span class='ocrx_word' id='word_1_924' title='bbox 3031 5713 3453 5787; x_wconf 64' lang='grc' dir='ltr'>τῷῗύαγγελίω</span> <span class='ocrx_word' id='word_1_925' title='bbox 3485 5713 3674 5766; x_wconf 72' lang='grc' dir='ltr'>εἰπών.</span> 
     </span>
    </p>
   </div>
  </div>
