4160 6444
413 395 518 454 889

1397 380 1485 434 DE
1523 374 1933 433 ECCLESIAS’!
1948 372 2059 427 1οΑ
2090 371 2488 429 TIIEOLOGIA
2525 373 2653 428 LlB.
2696 373 2736 427 Ι.

3557 375 3664 433 ωο

410 515 510 570 καὶ
535 515 572 582 ἡ
601 511 886 578 ἀλήθεια,
927 507 1023 561 καὶ
1057 506 1096 573 η
1139 502 1274 571 ζωή.
1319 501 1430 564 Διὸ,
1462 497 1626 552 πάλιν
1669 492 1926 549 ἱκετεύων
1960 491 1981 544 d

2091 487 2237 543 circa
2292 488 2458 544 Deum
2513 487 2843 558 compellans
2893 486 3117 556 supplex
3155 487 3209 540 in
3251 485 3494 541 oratione
3532 486 3664 542 Pro-

409 606 699 678 Προφήτης
758 603 816 654 ὲν
865 599 996 670 εὐχῇ
1040 597 1176 668 πρὸς
1215 594 1306 647 τὸν
1335 593 1465 646 Θεὸν
1511 590 1678 658 λέγει,
1732 584 1986 651 Ἐξαπό-

408 699 653 752 στειλον
678 692 746 746 τὸ
791 689 917 761 φῶς
945 704 1083 751 σου,
1117 684 1218 739 καὶ
1246 683 1364 752 τὴν
1396 679 1685 749 ἀλήθειάν
1711 695 1846 733 amr
1876 678 1984 730 αὐ-

408 786 482 842 τά
512 803 590 856 με
613 783 918 854 ὁδηγήσει.

482 885 570 949 ιη’.
613 875 892 947 Ἀλήθειαν
931 873 986 926 δὲ
1011 869 1173 924 αὑτὸν
1211 866 1306 922 καὶ
1362 864 1474 936 (48)
1511 859 1814 933 Ζοροϐάϐελ
1838 859 1986 912 ἀνει-

411 971 548 1036 πὼν,
591 968 917 1039 νικητηρίων
961 961 1189 1036 ἠξιώθη,
1224 962 1313 1014 ὅτε
1342 957 1436 1011 ὲπὶ
1458 955 1551 1010 τοῦ
1583 950 1807 1025 Περσῶν
1832 949 1984 1021 βασι-

411 1060 546 1124 λέως
592 1058 995 1128 ἀναγέγραπται
1024 1049 1280 1125 εἰρηκώςο
1319 1048 1432 1103 Kal
1462 1050 1500 1115 η
1530 1042 1777 1111 ἀλήθεια
1791 1039 1980 1111 μένει,

411 1154 508 1209 καὶ
535 1153 728 1222 ἰσχύει
752 1152 840 1215 εὶς
867 1152 974 1203 τὸν
1009 1146 1214 1203 αἰῶνα.
1251 1142 1362 1198 Kal
1395 1139 1482 1210 ζῇ,
1513 1139 1611 1193 καὶ
1649 1134 1855 1206 κρατεῖ
1894 1135 1984 1199 είς

409 1248 518 1300 τὸν
545 1245 730 1299 αἰῶνα
768 1242 876 1297 τοῦ
926 1240 1159 1306 αἰῶνος.
1210 1237 1318 1293 Καὶ
1349 1238 1459 1290 οὐκ
1505 1233 1638 1288 ἐστι
1664 1229 1800 1298 παρ’
1827 1224 1983 1294 αὐτῇ

409 1338 617 1395 λαϐεῖν
649 1337 960 1406 πρόσωπα·
993 1333 1155 1389 ἀλλὰ
1181 1332 1254 1387 τὰ
1271 1330 1473 1384 δίκαια
1491 1325 1664 1390 ποιεῖ,
1689 1323 1805 1379 ἀπὸ
1830 1321 1982 1376 πάν-

407 1451 528 1488 των
556 1429 675 1486 τῶν
708 1430 932 1486 ἀδίκων
967 1429 1065 1484 καὶ
1102 1422 1380 1493 πονηρῶν
1417 1421 1719 1488 ἀπέχεται.
1743 1411 1838 1476 Οἷς
1865 1417 1983 1468 ἐπι-

407 1527 574 1596 λέγειο
609 1525 718 1580 Kal
753 1521 946 1591 αὐτῆς
972 1522 1010 1589 ἠ
1037 1518 1234 1589 ἰσχὺς,
1276 1515 1374 1570 καὶ
1407 1513 1474 1568 τὸ
1509 1511 1852 1577 βασίλειον,
1881 1507 1979 1560 καὶ

407 1623 446 1689 ἡ
473 1618 744 1683 ἐξουσία,
764 1615 860 1669 καὶ
879 1616 916 1683 ἠ
936 1611 1322 1682 μεγαλοσύνη
1349 1605 1588 1660 πάντων
1599 1601 1720 1657 τῶν
1733 1601 1979 1656 αἰώνων.

407 1703 516 1785 Ζῇν
544 1711 652 1782 γάρ
683 1707 850 1762 εἰπὼν
875 1707 971 1778 τὴν
997 1703 1269 1775 ἀλήθειαν,
1303 1701 1397 1754 καὶ
1423 1699 1577 1768 νικᾷν
1616 1697 1709 1751 καὶ
1738 1697 1980 1767 κρατεῖν,

406 1799 860 1873 ὲμφαντικώτατα
905 1795 1246 1866 παρέστησεν
1293 1792 1462 1863 αὐτῆς
1511 1789 1610 1862 τὴν
1656 1789 1977 1843 ὑπόστασιν.

2090 580 2252 648 pheta
2291 579 2551 650 loquitur,
2585 579 2782 635 Emitte
2831 580 3010 634 lumen
3054 590 3206 633 tuum
3237 619 3252 646 ,
3295 588 3346 635 et
3390 580 3661 634 veritatem

2089 684 2256 738 tuam,
2296 672 2390 726 illa
2421 689 2503 727 me
2532 673 2788 728 deducent
2821 673 2887 726 ³¹.

2159 849 2247 906 18.
2285 849 2580 905 Veritatem
2619 851 2846 922 insuper
2870 867 2994 908 eum
3029 868 3152 907 cum
3185 861 3402 906 vocaret
3424 849 3661 905 Zoroba-

2088 939 2173 995 bel
2202 981 2218 1005 ,
2265 941 2508 996 victoriae
2539 941 2780 997 lauream
2822 944 2942 999 tulit
2973 983 2988 1009 ,
3023 944 3116 1014 qui
3154 959 3337 999 coram
3370 941 3658 998 Persarum

2089 1046 2238 1102 rege,
2273 1046 2611 1086 memoratur
2627 1033 2856 1098 dixisse,
2899 1033 3100 1089 Veritas
3137 1045 3309 1088 manet
3341 1046 3390 1088 et
3411 1035 3661 1104 praevalet

2087 1123 2144 1175 in
2183 1132 2456 1177 internum.
2517 1121 2656 1177 Viuit
2700 1134 2752 1178 et
2787 1137 3065 1195 exsuperat
3111 1128 3165 1181 in
3202 1126 3396 1182 secula
3439 1126 3661 1181 steculo-

2089 1214 2425 1285 rnm.Neque
2455 1225 2529 1270 est
2551 1217 2695 1280 apud
2714 1217 2862 1271 illam
2901 1229 3164 1286 respectus
3190 1221 3656 1289 personarum,sed

2080 1307 2346 1376 justitiam
2380 1306 2530 1375 facit,
2571 1309 2637 1360 ab
2685 1308 2882 1378 iniquis
2929 1311 3172 1366 omnibus
3198 1321 3248 1365 et
3280 1311 3457 1382 impiis
3495 1313 3661 1366 absti-

2089 1407 2190 1451 net.
2215 1397 2292 1452 Ad
2315 1411 2434 1466 qua:
2460 1398 2702 1453 annectit
2734 1417 2748 1454 :
2784 1397 2960 1468 Ipsius
2989 1411 3163 1454 autem
3194 1403 3289 1468 vis,
3307 1413 3353 1456 et
3388 1402 3657 1472 regalitas,

2087 1499 2136 1543 et
2184 1499 2409 1558 potestas
2434 1533 2448 1558 ,
2478 1500 2526 1544 et
2563 1491 2957 1561 magniﬁcentia
2991 1503 3066 1546 est
3101 1509 3193 1562 per
3230 1495 3406 1549 omnia
3435 1496 3654 1549 saacula.

2089 1579 2190 1646 Qui
2240 1580 2383 1634 enim
2418 1581 2601 1636 vivere
2664 1582 2952 1637 veritatem
3005 1583 3181 1650 dixit,
3217 1595 3272 1640 et
3334 1585 3553 1638 vincere
3603 1594 3656 1637 et

2087 1686 2415 1741 exsuperare
2460 1691 2475 1728 :
2525 1673 2930 1728 evidentissime
2992 1675 3230 1730 ostendit
3283 1675 3655 1730 exsistentiam

2088 1762 2222 1831 ejus.
2265 1764 2332 1818 Et
2383 1773 2799 1836 consequenter,
2850 1780 2909 1821 se
2956 1766 3215 1822 Servator
3263 1768 3431 1836 ipsam
3475 1767 3657 1837 appel-

545 1891 849 1954 ἀκολούθως
881 1856 1172 1950 καὶάὐτος
1199 1887 1228 1939 ὁ
1267 1856 1457 1955 Σωτὴρ
1487 1856 1744 1953 ἀληθειαν
1790 1878 1981 1932 ἑαυτὸν

2083 1856 2157 1910 lat
2211 1858 2527 1924 veritatem,
2566 1866 2622 1914 et
2647 1859 2904 1929 obsignat
2939 1859 3308 1915 testimonium
3348 1856 3657 1914 Zorobabe—

406 1984 686 2056 ὀνομάζων
729 1982 827 2054 τὴν
872 1980 967 2033 τοῦ
1016 1977 1320 2050 Ζοροϐάϐελ
1365 1973 1668 2047 μαρτυρίαν
1712 1975 1984 2042 ὲπεσφρα-

448 2072 606 2136 ἕζετο.

406 2090 700 2215 γιῖξῖοίςαι
731 2157 974 2228 ποταμὸν
999 2155 1054 2209 δὲ
1089 2154 1249 2210 αὑτὸν
1277 2154 1556 2226 ὠνόμασεν
1591 2156 1620 2208 ὁ
1651 2152 1841 2208 εἰπών’
1871 2152 1981 2207 Τοῦ

405 2251 674 2321 ποταμοῦ
722 2249 794 2303 τὰ
840 2247 1148 2317 ὀρμήματα
1190 2248 1581 2316 εὐφραίνουσι
1629 2247 1744 2315 τὴν
1799 2248 1982 2301 πόλιν

404 2346 514 2400 τοῦ
545 2343 713 2398 Θεοῦ.
742 2342 882 2410 Ἤδη
908 2340 964 2392 δὲ
995 2340 1090 2393 καὶ
1131 2339 1256 2410 ὅρος
1299 2341 1588 2409 προσεῖπεν
1621 2339 1650 2391 ὁ
1674 2340 1874 2409 φήσας·
1909 2337 1979 2392 Τὸ

406 2439 543 2506 ὅρος
567 2436 599 2491 ὃ
647 2434 992 2504 ηὐδόκησεν
1025 2437 1058 2486 ὁ
1091 2431 1253 2498 Θεὸς,
1284 2431 1578 2486 κατοικεῖν
1607 2434 1676 2486 ἐν
1694 2435 1872 2500 αὐτῷ.

478 2536 547 2582 κ’.
583 2527 673 2581 Διὸ
709 2527 804 2579 καὶ
841 2524 992 2596 παρὰ
1040 2521 1120 2594 τῷ
1170 2521 1386 2594 Δανιήλο
1443 2523 1537 2589 Ἐξ
1582 2524 1759 2593 ὅρους
1810 2527 1980 2592 λίθος

402 2620 641 2689 τμηθεὶς
667 2618 812 2673 ἄνευ
838 2616 1069 2688 χειρῶν.
1097 2617 1207 2670 Καὶ
1254 2615 1435 2681 πάλιν,
1481 2618 1511 2668 ὁ
1561 2617 1722 2681 αὐτὸς
1769 2619 1978 2673 ἀποκα-

406 2715 726 2785 θιστάμενος
758 2713 838 2772 εἰς
875 2713 1000 2784 ϐρος
1038 2710 1260 2782 ὑψηλὸν,
1300 2711 1526 2782 ἑωρᾶτο*
1560 2710 1654 2764 τοῦ
1695 2712 1791 2783 μὲν
1821 2713 1980 2784 ὅρους

401 2809 501 2880 τὴν
532 2805 668 2878 προῢ
679 2806 869 2877 παρξιν
891 2805 987 2876 τῆς
1015 2802 1266 2873 θεότητος
1293 2801 1456 2856 αὐτοῦ
1491 2803 1863 2873 σημαίνοντος,
1883 2803 1979 2856 τοῦ

401 2904 459 2956 δὲ
499 2900 668 2964 λίθου,
700 2900 799 2969 τὴν
838 2894 1390 2971 άνθρωπότητοιμθ).

475 3040 581 3086 κα’.
608 3031 1076 3103 Καὶδικαιοσύνην
1099 3030 1156 3084 δὲ
1182 3030 1342 3085 αὐτὸν
1365 3031 1610 3084 ἐκάλουν·
1641 3031 1716 3094 ὡς
1735 3033 1762 3085 ὁ
1783 3031 1974 3100 λέγων’

410 3127 508 3192 Τίς
558 3124 824 3195 ἐξήγειρε
873 3124 990 3179 ἀπὸ
1027 3123 1338 3178 ἀνατολῶν
1392 3123 1803 3190 δικαιοσύνην.
1843 3125 1976 3188 Καὶ,

405 3219 556 3290 ἥλιον
585 3194 950 3287 δικαιοσύνης,
984 3217 1059 3280 ὡς
1081 3219 1108 3270 ὁ
1133 3216 1319 3270 εἰπών’
1345 3216 1474 3283 Τοῖς
1497 3216 1565 3270 δὲ
1592 3216 1980 3286 φοϐουμένοις
2006 3194 2050 3255 c

399 3328 478 3379 με
501 3307 781 3362 ἀνατελεῖ
800 3307 970 3376 ἥλιος
999 3306 1405 3375 δικαιοσύνης,
1428 3306 1526 3361 καὶ
1555 3307 1718 3373 ἴασις
1742 3308 1812 3361 ὲν
1851 3307 1979 3374 ταῖς

405 3402 692 3472 πτέρυξιν
710 3402 918 3456 αὑτοῦ.
940 3402 1050 3455 Καὶ
1062 3401 1238 3467 ἄλλος,
1264 3403 1533 3465 Δύσεται,
1561 3404 1746 3471 φησιν,
1761 3405 1793 3456 ὀ
1810 3402 1980 3470 ἣλιος

407 3496 504 3550 ἐπὶ
559 3494 701 3560 τοὺς
749 3493 1057 3563 προφήτας
1105 3493 1246 3560 τοὺς
1296 3492 1654 3560 πλανῶντας
1691 3493 1799 3546 τὸν
1827 3496 1983 3549 λαόν

402 3605 540 3658 μου·
593 3587 654 3640 ού
695 3586 802 3658 γὰρ
851 3585 914 3657 δὴ
932 3586 1104 3641 ταῦτα
1153 3585 1232 3655 τῷ
1286 3585 1528 3657 αἰσθητῷ
1567 3584 1866 3658 ὲφαρμόζοι
1911 3586 1982 3640 ἂν

408 3677 563 3750 ἡλίῳ,
593 3676 728 3731 ἀλλὰ
750 3676 814 3747 δὴ
846 3676 956 3748 (50)
978 3675 1056 3746 τῷ
1089 3678 1339 3747 ὲνσάρκῳ
1372 3677 1551 3748 Λόγῳ.

477 3860 581 3913 κϐ’.
609 3858 721 3913 Καὶ
753 3857 945 3928 σοφίαν
995 3858 1052 3910 δὲ
1103 3857 1264 3911 αὑτὸν
1290 3857 1545 3930 ὀνομάζει
1584 3859 1832 3931 Σολομὼν
1889 3862 1982 3915 ἐπὶ

409 3952 735 4024 Παροιμίαις
790 3950 983 4019 λέγων·
1038 3951 1101 4004 Ἠ
1140 3951 1328 4019 σοφία
1377 3950 1762 4022 ᾠκοδόμησεν
1794 3953 1982 4024 ἑαυτῇ

406 4038 590 4105 οἷκον,
617 4042 713 4095 καὶ
760 4039 1049 4109 ὐπιὶρεισε
1094 4041 1360 4108 στύλους
1390 4041 1560 4106 ἑπτὰ,
1593 4043 1686 4096 καὶ
1712 4041 1781 4096 τὰ
1834 4043 1977 4116 ἑξῆς.

409 4134 520 4186 Καὶ
540 4134 620 4185 ὅτι
651 4133 981 4204 προκόσμιος
1007 4127 1076 4204 ἦν
1115 4133 1150 4204 ἡ
1180 4133 1341 4202 σοφία
1367 4131 1514 4198 ζῶσα
1549 4133 1643 4187 καὶ
1671 4134 1978 4205 ὑφεστῶσα,

2082 1948 2166 2005 lis.

2152 2127 2236 2184 19.
2262 2127 2509 2183 Fluvium
2544 2127 2837 2199 appellavit
2866 2143 3016 2194 eum,
3042 2128 3090 2182 is
3119 2128 3212 2198 qui
3250 2128 3412 2195 dixit,
3439 2125 3652 2196 lt'lumi:

2082 2221 2161 2275 nis
2188 2221 2410 2288 impetus
2438 2219 2965 2289 lwtiﬁcat,civitatem
2994 2219 3092 2274 Dei
3115 2220 3180 2274 ³⁸.
3221 2217 3452 2273 Montem
3478 2219 3653 2272 nomi-

2081 2313 2229 2367 navit
2254 2313 2474 2381 insuper
2503 2313 2595 2383 qui
2621 2311 2760 2367 dixit
2787 2331 2799 2368 :
2827 2310 3057 2366 Montem
3091 2312 3177 2366 cui
3202 2311 3466 2366 benedixit
3486 2309 3652 2378 Deus,

2080 2417 2135 2460 ut
2166 2407 2219 2460 in
2249 2405 2338 2458 illo
2367 2406 2623 2459 habitaret
2643 2403 2712 2458 ³³.

2155 2502 2212 2560 μΙι
2253 2496 2343 2551 20.
2383 2495 2536 2551 Unde
2576 2494 2715 2566 apud
2759 2493 3038 2551 Danielem
3087 2497 3152 2552 de
3193 2507 3374 2554 monte
3411 2498 3650 2571 legitur:

2083 2588 2305 2644 Excisus
2339 2589 2472 2660 lapis
2519 2589 2634 2643 sine
2663 2590 2905 2644 manibus
2942 2589 3006 2646 ⁸⁸.
3039 2591 3183 2646 Idem
3225 2591 3439 2647 demum
3476 2594 3528 2646 in
3555 2607 3652 2647 ex-

2080 2680 2285 2734 celsum
2316 2690 2554 2734 montem
2583 2683 2671 2736 ubi
2703 2691 3007 2739 recesserat
3037 2683 3338 2739 videbatur.
3362 2684 3466 2740 Per
3496 2700 3654 2740 mon-

2082 2781 2189 2828 tem
2219 2765 2543 2847 intelligitur
2571 2775 2830 2833 divinitas
2871 2777 3274 2848 praeexsistens,
3298 2793 3396 2848 per
3422 2777 3650 2849 lapidem

2079 2879 2207 2921 vero
2233 2866 2470 2922 humana
2501 2878 2723 2924 natura.

2148 3057 2238 3114 21.
2267 3057 2374 3115 Sed
2401 3068 2456 3114 et
2482 3059 2632 3116 illum
2677 3058 2946 3132 justitiam
2983 3064 3325 3134 appellarunt
3355 3074 3453 3122 :ut
3488 3068 3532 3122 is
3560 3071 3652 3137 qui

2082 3146 2218 3202 dixit
2248 3165 2262 3202 :
2296 3147 2581 3205 Exsuscita
2627 3153 2894 3220 justitiam
2941 3157 3006 3208 ab
3045 3154 3262 3211 Oriente
3294 3155 3361 3221 ³⁵,
3399 3166 3454 3211 et
3487 3158 3650 3213 etiam

2075 3240 2297 3309 iustitia:
2329 3241 2499 3298 solem
2531 3261 2544 3297 :
2574 3253 2634 3298 ut
2675 3246 2722 3299 is
2763 3246 2854 3315 qui
2882 3246 3022 3302 dixit
3062 3265 3078 3304 :
3125 3247 3446 3303 Timentibus
3477 3261 3650 3304 autem

2079 3349 2179 3396 me,
2211 3336 2482 3390 exorietur
2503 3339 2581 3391 sol
2596 3338 2825 3406 justitite
2850 3355 2869 3393 :
2909 3351 2957 3394 et
2984 3342 3192 3395 sanatio
3215 3342 3269 3396 in
3297 3343 3398 3396 alis
3431 3343 3546 3412 ejus
3564 3344 3610 3376 ³⁸
3633 3362 3648 3398 :

2079 3433 2135 3478 et
2157 3423 2296 3480 alius
2324 3428 2420 3492 ait,
2453 3426 2665 3483 Occidet
2703 3429 2784 3483 sol
2813 3447 2971 3498 super
3001 3433 3282 3500 prophetas
3305 3476 3319 3498 ,
3348 3433 3439 3504 qui
3473 3451 3652 3489 errare

2080 3515 2282 3584 faciunt
2326 3518 2575 3586 populum
2621 3536 2792 3574 meum
2824 3521 2889 3575 ⁸⁷.
2929 3521 3055 3577 Haec
3103 3539 3208 3578 non
3240 3533 3552 3594 competunt
3575 3528 3654 3579 vi-

2080 3606 2226 3661 sibili
2275 3607 2402 3664 huic
2438 3609 2582 3677 soli,
2619 3611 2716 3667 sed
2767 3612 2928 3669 alteri
2958 3653 2973 3676 .
3003 3627 3199 3684 nempe
3240 3611 3420 3669 Verbo
3473 3615 3652 3670 incar-

2081 3707 2229 3754 nato.

2149 3871 2239 3925 22.
2275 3871 2552 3944 Sapientia
2581 3876 2710 3945 quin
2733 3878 2897 3933 etiam
2927 3877 3149 3944 dicitur,
3177 3876 3429 3934 Salomon
3453 3879 3505 3933 in
3523 3877 3652 3934 Pro-

2081 3965 2286 4019 verbiis
2326 3968 2404 4020 ait
2453 3983 2468 4021 :
2528 3965 2804 4037 Sapientia
2853 3971 2954 4026 sibi
2997 3972 3208 4025 domum
3248 3972 3553 4042 ludiﬁcabit,
3601 3980 3652 4026 et

2080 4056 2350 4111 substituit
2388 4058 2662 4114 columnas
2708 4071 2905 4129 septem
2939 4063 3007 4128 ³⁸,
3047 4071 3102 4116 et
3157 4077 3280 4130 qua:
3325 4071 3650 4132 sequuntur.

2082 4146 2344 4218 Quodque
2389 4158 2520 4205 ante
2559 4150 2818 4206 mundum
2854 4160 2978 4207 erat
3027 4153 3128 4207 ista
3163 4151 3351 4207 vivens
3387 4151 3652 4222 sapientia

409 4224 569 4288 αὐτὸς
594 4223 866 4277 ἐδίδασκεν
895 4226 958 4276 ὲκ
992 4223 1286 4294 προσώπου
1331 4224 1499 4297 αὐτῆς
1525 4227 1729 4292 ταύτας
1757 4228 1981 4300 προέμε-

2082 4249 2137 4294 et
2165 4238 2491 4306 subsistens,
2519 4243 2677 4298 docet
2707 4242 2850 4298 idem
2876 4284 2890 4307 ,
2927 4245 3016 4300 ubi
3050 4253 3307 4314 tanquam
3342 4259 3408 4300 ex
3447 4258 3543 4298 ore
3573 4243 3656 4312 ip-

402 4331 492 4378 νος
524 4317 624 4378 τὰς
660 4315 858 4384 φωνάς’
910 4315 1059 4386 Ἐγὼ
1093 4318 1132 4386 ἡ
1163 4318 1352 4387 σοφία
1381 4319 1816 4388 κατεσκήνωσα
1829 4323 1981 4388 ,ϐου-

2082 4331 2196 4388 sius
2239 4333 2530 4402 Sapientiae
2580 4335 2710 4392 istas
2760 4337 2943 4391 emisit
2982 4352 3146 4392 voces
3186 4355 3199 4391 :
3235 4333 3348 4406 Ego
3395 4335 3653 4404 sapientia

402 4407 545 4475 λὴν,
576 4408 674 4496 καὶ
703 4408 951 4477 γνῶσιν,
1005 4409 1104 4463 καὶ
1139 4410 1398 4465 ἔννοιαν.
1441 4412 1586 4482 Ἐγὼ
1627 4413 1981 4470 ἐπεκαλεσώ

2083 4421 2315 4477 habitari
2343 4426 2656 4494 consilium,
2705 4435 2756 4482 et
2805 4429 3104 4492 scientiam,
3161 4435 3212 4482 et
3256 4426 3649 4496 cogitationem.

398 4511 545 4602 ιέην.
715 4496 842 4567 ea;
866 4497 1152 4567 ἐπιλέγων,
1179 4500 1257 4553 Δι’
1271 4500 1418 4570 ἐμοῦ
1436 4501 1548 4572 (st)
1579 4504 1980 4568 βασιλεύουσι

2086 4512 2199 4584 Ego
2226 4515 2461 4573 invocavi
2493 4519 2538 4551 "
2573 4541 2586 4576 :
2617 4491 2672 4575 et
2698 4519 2782 4576 his
2819 4521 3099 4590 sequentia
3130 4491 3374 4588 adiungit
3397 4532 3412 4571 :
3436 4514 3544 4571 Per
3572 4533 3654 4570 me

397 4585 700 4654 βασιλεῖς,
723 4588 819 4642 καὶ
847 4592 903 4643 οἱ
929 4589 1222 4644 δυνάσται
1247 4588 1544 4663 γράφουσι
1563 4593 1974 4668 δικαιοσύνην,

2088 4621 2234 4677 reges
2256 4621 2476 4678 regnant
2503 4651 2519 4676 ,
2567 4623 2615 4665 et
2649 4585 2946 4666 conditores
2979 4610 3150 4680 legum
3168 4585 3321 4680 justa
3340 4609 3652 4670 decernunt;

401 4676 477 4731 δι’
505 4678 652 4749 ἐμοῦ
679 4681 1030 4751 μεγιστᾶνες
1063 4685 1526 4754 μεγαλύνονται,
1575 4687 1675 4743 καὶ
1699 4690 1980 4758 τύραννοι

2082 4715 2173 4769 per
2207 4717 2288 4755 me
2314 4676 2582 4773 principes
2622 4706 2898 4776 imperant,
2932 4713 2981 4758 et
3002 4676 3235 4772 potentes
3265 4702 3548 4756 decernunt
3562 4701 3653 4767 ju-

399 4769 476 4823 δι’
504 4770 650 4841 ἐμοῦ
679 4773 1024 4840 κρατοῦσιν.

478 4938 535 4994 »Β
571 4933 666 4986 Ed.
702 4931 883 4988 Paris.
914 4947 1035 5000 pag.
1065 4933 1152 4987 98.

474 5003 514 5032 ³⁸
565 5001 707 5055 Psal.
762 5019 889 5068 sui,
923 5004 976 5057 5.
1079 5005 1121 5036 ³’
1169 5005 1311 5060 Psal.
1343 5021 1472 5070 XLV,
1496 5007 1550 5064 5.

402 5084 482 5133 tv.
524 5071 580 5124 9..
657 5073 698 5103 "
738 5072 902 5129 Mich.
937 5088 998 5128 ll!
1023 5114 1038 5133 ,
1065 5073 1119 5130 6.
1213 5075 1256 5107 ³⁸
1302 5076 1462 5132 Prov.
1495 5095 1546 5132 ix

406 5230 795 5354 Πέἐὲὲνγιιιεο
824 5235 1135 5307 Ζοροϐάϐηλ
1165 5248 1220 5292 et
1255 5238 1435 5305 infra;
1473 5257 1597 5297 mox
1655 5244 1814 5316 vulgo
1864 5249 1976 5304 τῶν

459 5317 648 5353 εοσων.

500 5371 587 5452 ιξη
623 5370 730 5452 Tui):
749 5371 816 5426 δὲ
845 5373 951 5452 τοιξ
973 5376 1167 5452 λίθου’,
1187 5377 1302 5446 τὴν
1326 5379 1766 5452 ἀνθρωπότητα.
1802 5386 1976 5445 Locus

407 5453 492 5523 est
533 5443 732 5523 _Dauiel
787 5460 848 5497 ιι.
914 5444 1108 5523 Quem_
1142 5443 1312 5502 locum
1337 5443 1528 5523 “varie
1586 5443 1971 5523 exposuerunt.

404 5512 654 5596 Plerique
674 5527 786 5595 .per
821 5516 1303 5596 montem,_beatarn
1337 5519 1610 5596 Virginem
1629 5512 1968 5596 intelligunti

404 5584 473 5664 de
498 5599 601 5664 qua
643 5585 760 5637 sine
782 5587 1050 5664 inanibus,
1089 5589 1189 5664 hoc
1233 5599 1344 5664 est.
1375 5584 1677 5664 int'erventu
1709 5584 1970 5664 humano,

405 5654 663 5734 Christus
685 5657 1152 5734 processit,atque
1179 5658 1253 5734 ita
1285 5658 1350 5714 de
1374 5659 1613 5734 ihumana
1649 5667 1764 5723 sola
1797 5654 1962 5734 gente-5

409 5726 616 5807 ratione
653 5724 1320 5807 intelligunt.Ambrosius
1371 5733 1518 5801 legit,
1558 5724 1827 5802 montem:
1876 5753 1972 5807 pro

405 5793 601 5862 lapide,
637 5804 691 5848 ut
753 5793 907 5854 inons
967 5797 1177 5870 dicatur
1213 5799 1278 5854 de
1331 5793 1515 5858 monte
1543 5793 1784 5876 excisus,
1802 5793 1972 5865 ὀἶός

657 5010 707 5054 ιι.
762 5019 889 5068 χιιι,
923 5010 976 5057 5.
1079 5010 1121 5036 ³⁸
1169 5010 1311 5060 Psal.
1343 5021 1472 5070 χιιι,
1496 5010 1550 5064 5.
1659 5010 1705 5042 ³³
1736 5010 1880 5069 Psal.
1926 5032 1981 5070 ιι

657 5073 698 5103 ﬂ
741 5072 879 5103 υζιιιι
939 5088 998 5103 ιιι
1065 5073 1096 5103 Ω
1213 5075 1256 5103 38
1307 5076 1442 5103 ου...
1496 5095 1546 5103 ...
1619 5081 1637 5103 ι
1745 5083 1930 5103 ιιηιηη.

2082 5017 2220 5103 νίζ-
2276 5019 2760 5103 .³Γ⁰³.¹1ο.μιν.δὲ-.
2815 5021 2985 5103 τειεεο
3189 5021 3244 5076 ει

738 5072 902 5129 Mich.
937 5088 1038 5139 ιιι,
1065 5073 1119 5130 6.
1213 5075 1256 5107 ³⁸
1302 5076 1462 5132 Prov.
1495 5095 1571 5146 ix,
1615 5081 1667 5134 1.
1745 5083 1953 5142 "Prov.

2082 5072 2099 5152 ',
2133 5086 2220 5154 ta,
2270 5072 2398 5143 ιι(
2441 5072 2508 5120 ια’
2529 5072 2666 5146 ibid.
2693 5072 2780 5158 is,
2809 5072 2896 5147 ιθ.

2081 4793 2283 4846 stitiam
2311 4795 2379 4852 ⁸ο.

3343 5020 3387 5051 ³⁸
3418 5019 3646 5076 Malaclt.

2076 5261 2275 5308 aeterna
2305 5255 2654 5322 generatione
2684 5254 2802 5308 Filii
2825 5270 2855 5310 e
2877 5252 3358 5324 Patretintelligit.
3386 5251 3651 5324 Eusebius

2076 5338 2252 5388 suam,
2270 5335 2322 5378 et
2341 5338 2531 5377 novam
2570 5325 2836 5380 rationem
2863 5326 3032 5380 inivit.
3059 5322 3388 5378 M.—Delevi
3408 5323 3503 5378 τοῦ
3525 5335 3651 5378 ante

2077 5391 2224 5445 λίθου
2261 5404 2316 5447 et
2353 5409 2476 5448 mox
2519 5395 2586 5449 ἄν
2616 5395 2774 5465 vulgo
2829 5404 2950 5465 post
2997 5394 3173 5449 ταῦτα
3218 5396 3448 5464 positum
3489 5394 3649 5463 reieci

2111 5474 2198 5515 ost
2226 5465 2430 5516 ὲφαου..

2077 5479 2198 5532 pom
2226 5479 2430 5534 εφαρμ.

2079 5601 2093 5606 Α
2149 5532 2260 5604 (50)
2407 5533 2477 5586 ἐν
2523 5534 2700 5606 σαρκὶ
2733 5535 2912 5606 λόγῳ.
2943 5535 3142 5606 Aliter,
3181 5535 3470 5606 ἐνσαρκίῳ.
3512 5533 3651 5606 forte

2075 5601 2492 5674 ἐνσαρκωθέντι.
2525 5601 2717 5658 Omnia
2756 5601 2876 5669 ista,
2913 5604 3152 5660 Christus
3198 5601 3648 5674 inisimil’itndine,

2075 5671 2272 5743 noni'in
2303 5675 2640 5741 praprietate,
2672 5675 2748 5728 ait
2769 5674 3120 5743 Augustinus,
3156 5675 3206 5728 in
3253 5673 3397 5727 Psnl.
3425 5688 3541 5726 cm.
3577 5671 3646 5724 Μ.

2079 5770 2138 5782 -
2161 5742 2376 5817 _§_cripsi
2408 5745 2687 5815 ἐνσάρκῳ;
2725 5742 3034 5817 tuosvulgo
3057 5745 3397 5817 προιέμενος.

2151 5813 2262 5883 (51)
2326 5813 2729 5871 Βασιλεύοιυσι
2761 5814 3064 5882 βασιλεῖς.
3104 5813 3296 5869 Ἰιειίιι
3343 5815 3649 5870 Proverbiis
