4158 6390
518 397 616 452 89!

1188 395 1454 450 EUSEBII
1493 395 1961 454 CAESARIENSIS
1995 399 2146 454 OPP.
2189 398 2364 454 PARS
2398 397 2484 454 IV.
2525 428 2594 438 ——
2633 394 3052 452 DOGMATICA.

3661 401 3764 453 899.

589 513 662 568 2'5
693 521 747 568 et
774 512 866 566 24.
902 510 1006 564 Sed
1038 517 1093 564 et
1133 509 1334 578 lignum
1377 512 1506 566 vitae
1537 510 1686 566 illum
1711 511 1986 578 Salomon,
2040 523 2093 568 et

2264 508 2369 578 κγ’,
2401 510 2497 562 κδ’.
2547 507 2706 561 Ἀλλά
2738 508 2830 561 καὶ
2863 506 3018 572 ξύλον
3047 506 3212 575 ζωῆς,
3245 508 3338 560 καὶ
3373 505 3574 579 Κύριον
3600 511 3764 564 αὐτὸν

524 603 812 657 Dominum
861 599 1148 670 appellavit
1199 617 1213 653 :
1273 602 1361 655 ubi
1417 602 1541 656 ait:
1573 601 1793 673 Lignum
1825 607 1943 658 vita!
1973 613 2086 670 est,

525 696 766 749 omnibus
799 695 888 762 qui
922 693 1318 760 apprehendunt
1345 694 1555 762 ipsum,
1585 705 1633 748 et
1671 701 1816 750 tutus
1863 697 1961 750 erit
2002 697 2092 761 qui

525 787 578 839 in
603 800 738 848 eam,
766 783 926 837 veluti
957 784 1012 838 in
1035 783 1316 838 Dominum
1341 786 1584 840 innititur
1605 787 1670 841 ⁸⁸.

597 873 690 928 25.
727 871 831 927 Sed
864 881 919 928 et
949 873 1256 929 Salomonis
1286 885 1441 944 pater
1476 876 1643 932 David
1675 879 1727 933 in
1757 877 2006 943 Psalmis,
2039 891 2094 934 et

529 965 816 1020 Dominum
867 965 1026 1020 simul
1078 975 1234 1021 vocat
1284 978 1335 1022 et
1384 971 1773 1027 sacerdotem:
1819 987 1963 1027 nunc
2013 973 2094 1027 in-

527 1056 724 1124 quiens
749 1073 763 1115 :
796 1056 943 1111 Dixit
969 1056 1230 1113 Dominus
1272 1059 1500 1116 Domina
1531 1075 1641 1116 meo
1661 1103 1676 1128 ,
1701 1064 1822 1119 sede
1843 1082 1874 1118 a
1897 1065 2093 1120 dextris

528 1151 659 1204 meis
676 1149 754 1216 ⁸¹;
781 1161 925 1204 nunc
955 1149 1117 1203 etiam
1151 1148 1396 1205 :Juravit
1422 1151 1676 1208 Dominus
1722 1169 1882 1226 neque
1921 1158 2097 1225 resipi-

530 1249 660 1306 scet,
695 1239 775 1294 Tu
809 1257 862 1294 es
889 1239 1150 1296 Sacerdos
1175 1242 1228 1296 in
1252 1253 1524 1312 teternum,
1553 1248 1841 1300 secundum
1863 1249 2097 1302 ordinem

534 1331 915 1387 Melchisedech
946 1331 1012 1386 ⁸³.

603 1419 693 1478 26.
724 1424 828 1479 Sed
861 1434 916 1479 et
946 1425 1111 1478 Deum
1161 1417 1307 1479 hunc
1339 1427 1579 1496 agnoscit
1613 1436 1669 1482 et
1711 1427 1994 1497 proiitetur
2016 1430 2097 1485 iu-

534 1516 730 1584 quiens
756 1533 769 1570 :
798 1515 958 1570 Sedes
994 1525 1086 1569 tua
1128 1514 1291 1578 Deus,
1331 1517 1388 1570 in
1416 1517 1667 1572 saeculum
1692 1520 1874 1573 steculi
1905 1537 1924 1574 :
1953 1521 2098 1590 virga

535 1607 842 1662 directionis
869 1609 1014 1676 virga
1038 1610 1181 1679 regni
1210 1609 1311 1662 tui.
1339 1606 1582 1664 Dilezisti
1616 1611 1881 1679 justitiam
1911 1623 1959 1668 et
1983 1614 2099 1667 odi-

534 1697 605 1749 sti
632 1697 1001 1766 iniquitatem;
1030 1711 1302 1767 propterea
1327 1701 1476 1752 unxit
1507 1709 1555 1753 te
1591 1698 1757 1764 Deus,
1787 1701 1928 1756 Deus
1955 1714 2100 1768 tuus,

540 1787 654 1842 oleo
683 1788 884 1843 ltetitice
899 1805 1009 1858 pm
1040 1791 1364 1845 consortibus
1386 1791 1488 1845 tuis
1514 1791 1580 1846 ⁸⁸.
1610 1793 1748 1849 Deus
1780 1796 1869 1865 qui
1896 1796 1946 1850 in
1981 1797 2101 1853 i8tis

539 1896 570 1932 a
604 1879 713 1936 Deo
739 1920 754 1946 ,
793 1891 986 1937 unctus
1015 1883 1229 1949 dicitur,
1260 1884 1506 1952 quisnam
1561 1885 1702 1941 alius
1729 1897 1889 1954 esset,
1935 1907 2097 1959 quam

539 1972 632 2040 qui
664 1984 884 2044 propter
909 1975 1220 2029 unctionem
1251 1977 1391 2032 hanc
1419 1985 1722 2047 paternam,
1749 1980 1994 2038 Christus
2016 1997 2104 2041 vo-

541 2074 717 2120 catur.

597 2149 619 2172 ο

617 2251 676 2309 >3
727 2246 817 2300 27.
859 2248 984 2302 Erat
1045 2248 1183 2303 idem
1236 2249 1340 2305 iste
1389 2259 1443 2305 et
1500 2251 1736 2308 Dilectus
1782 2251 1918 2309 Dei:
1965 2255 2106 2324 quod

543 2335 744 2392 Psalmi
777 2337 919 2394 illius
943 2339 1222 2408 inscriptio
1244 2341 1420 2408 docet,
1447 2342 1558 2399 Ode
1583 2358 1741 2414 super
1755 2341 2015 2401 Dilectum
2037 2348 2105 2403 ⁸⁸.

611 2515 700 2572 28.
736 2517 901 2573 lsaias
927 2526 1104 2574 autem
1162 2518 1336 2590 ipsum
1379 2519 1612 2590 appellat
1656 2518 1976 2578 brachium:
2012 2519 2112 2577 Rs-

545 2607 755 2673 velabit,
789 2608 1060 2679 inquiens,
1087 2607 1348 2664 Dominus
1381 2613 1656 2664 brachium
1684 2620 1923 2666 sanctum
1956 2627 2108 2665 suum

546 2699 602 2752 in
632 2710 904 2768 conspectu
933 2703 1202 2756 nationum
1233 2701 1298 2756 ⁸⁸.
1320 2701 1489 2758 David
1507 2704 1570 2758 ad
1592 2707 1842 2758 eumdem
1867 2705 2109 2770 modum,

542 2788 808 2857 justitiam
836 2801 891 2848 et
937 2792 1166 2848 salutem
1198 2795 1417 2863 agnovit
1464 2791 1636 2862 illum,
1672 2795 1922 2864 inquiens
1957 2816 1970 2851 :
2007 2796 2109 2850 Re-

550 2883 736 2937 velavit
771 2882 1025 2938 Dominus
1054 2885 1285 2939 salutare
1311 2902 1484 2949 suum.
1517 2887 1571 2940 in
1613 2895 1888 2959 conspectu
1944 2890 2112 2943 natio-

551 2996 696 3044 num,
722 2979 964 3034 reuelauit
984 2982 1250 3052 justitiam
1279 3001 1429 3039 suam
1454 2984 1524 3037 ⁸⁷.
1955 2981 1961 2988 ’

619 3069 710 3125 29.
747 3069 1066 3126 Etitcrum:
1101 3073 1420 3128 Annuntiate
1449 3077 1582 3129 diem
1627 3076 1690 3130 de
1742 3077 1827 3131 die
1878 3075 2112 3131 salutare

550 3161 665 3228 ejus
718 3159 787 3214 ⁸⁸.
816 3160 882 3214 Ει
912 3161 1104 3216 iterum
1143 3178 1158 3216 :
1209 3163 1340 3230 Quis
1389 3165 1535 3219 dabit
1591 3168 1654 3219 de
1695 3166 1826 3222 Sion
1880 3167 2112 3223 salutare

554 3251 728 3306 Israel
747 3251 828 3305 ⁸⁸7
855 3253 942 3318 Et,
981 3253 1207 3310 Ostende
1227 3257 1398 3320 nobis,
1428 3257 1666 3322 Domine,
1695 3260 1927 3314 salutare
1942 3268 2113 3325 tuum,

553 3343 971 3397 misericordiam
1005 3355 1148 3398 tuam
1181 3345 1269 3401 des
1311 3347 1456 3401 nobis
1484 3347 1549 3402 ⁸⁸.
1595 3347 1731 3415 Quid
1765 3363 1902 3418 opus
1929 3362 2032 3414 eat,
2060 3359 2117 3404 ut

556 3433 658 3488 ista
699 3435 787 3490 hic
813 3436 1064 3505 colligam
1097 3437 1410 3507 sigillatim?
1443 3454 1565 3493 cum
1610 3441 1782 3495 cuivis
1810 3439 1970 3496 liceat
2004 3453 2118 3496 stu-

555 3524 709 3579 dioso
733 3525 799 3580 de
821 3523 1098 3595 Scriptura
1123 3527 1380 3581 divinitus
1403 3527 1662 3597 inspirata
1692 3529 1992 3584 ietiusmodi
2018 3545 2120 3584 un-

557 3615 829 3684 dit-unque
864 3617 1140 3687 colligere.
1175 3616 1384 3686 Ubique
1418 3631 1548 3673 vero
1589 3617 1990 3689 Scripturarum
2021 3636 2120 3691 ap-

555 3719 734 3777 paret,
755 3708 902 3763 viros
927 3711 1022 3764 Dei
1053 3711 1238 3766 divino
1265 3710 1470 3780 Spiritu
1508 3710 1826 3777 illustratos,
1852 3712 2119 3783 unigeniti

558 3799 652 3854 Dei
686 3800 808 3855 Filii
843 3801 1203 3871 cognitionem
1237 3803 1654 3859 inenarrabilem
1699 3803 2076 3862 maniiestasse
2102 3847 2118 3872 ,

558 3887 684 3943 licet
707 3903 814 3944 non
845 3889 988 3945 ultra
1046 3893 1303 3962 populum
1351 3893 1685 3950 iudex-orum.
1737 3894 1999 3962 Quocirca
2039 3899 2124 3951 di-

559 3979 869 4037 versimode
898 3987 1320 4039 enuntiaverunt
1347 3985 1495 4039 illum
1526 3987 1760 4041 obtectis
1796 3987 2120 4057 quibusdam

560 4073 1002 4129 nomenclaturis.
1041 4073 1234 4130 Gratia
1283 4078 1428 4130 enim
1478 4078 1568 4132 illa
1603 4075 2029 4148 praedicationis,
2066 4079 2122 4134 in

559 4164 732 4234 ipsius
765 4168 1109 4236 praesentiam
1135 4176 1189 4223 et
1215 4169 1503 4224 adventum
1527 4170 1937 4226 reservabatur:
1963 4186 2122 4241 quam

558 4257 629 4313 de
657 4258 826 4328 ipsius
857 4259 1164 4324 divinitate,
1192 4275 1289 4331 per
1325 4261 1638 4318 universum
1665 4277 1807 4317 nunc
1853 4272 2124 4318 terrarum

559 4352 772 4415 orbem,
795 4349 962 4405 veluti
1013 4351 1283 4421 quoddam
1320 4353 1450 4408 olim
1486 4353 1862 4408 absconditum
1925 4359 2128 4423 myste-

561 4441 702 4496 rium
731 4449 784 4497 et
815 4442 1030 4497 silentio
1063 4442 1387 4507 involutum,
1421 4443 1678 4502 Ecclesia.
1713 4443 2122 4512 proseminavit.

2191 599 2444 672 Σολομὼν
2496 600 2760 654 ἀπεκάλει
2798 597 2989 665 λέγων·
3031 596 3232 651 Ξύλον
3259 594 3407 664 ζωῆς
3445 597 3576 651 ἐστι
3613 598 3767 654 πᾶσι

2190 692 2314 759 τοῖς
2346 691 2762 761 ἀντεχομένοις
2779 688 2988 758 αὐτῆς,
3023 688 3118 742 καὶ
3144 687 3267 754 τοῖς
3296 689 3766 759 ἐπερειδομένοις

2191 784 2283 836 ἐπ’
2299 783 2516 850 αὐτὴν,
2535 782 2615 846 ὡς
2641 781 2738 834 ἐπὶ
2752 783 2988 849 Κύριον,
3002 778 3308 849 ἀσφαλής.

2261 882 2359 930 κε’.
2380 876 2490 930 Kal
2521 878 2550 929 ὁ
2579 877 2672 930 τοῦ
2707 876 3050 949 Σολομῶντος
3070 877 3126 930 δὲ
3145 880 3326 948 πατὴρ
3349 879 3514 933 Δαϐὶδ
3541 881 3598 933 ὲν
3623 880 3767 932 Ψαλ-

2197 973 2316 1042 μοῖς
2351 969 2486 1042 ὁμοῦ
2525 971 2620 1024 καὶ
2672 970 2877 1041 Κύριον
2915 972 3048 1041 ὁμοῦ
3101 971 3194 1024 καὶ
3248 971 3401 1042 ίερὲα
3438 971 3598 1026 αὑτὸν
3651 974 3763 1034 (52)

2193 1061 2461 1133 ὠνόμαζε·
2490 1062 2609 1116 τοτὲ
2637 1062 2734 1132 μὲν
2754 1061 2944 1131 λέγων·
2976 1063 3160 1118 Εἶπεν
3189 1066 3222 1117 ό
3248 1063 3457 1131 Κύριος
3476 1064 3554 1130 τῷ
3577 1066 3768 1134 Κυρίῳ

2189 1172 2327 1222 μου·
2352 1153 2547 1208 Κάθου
2576 1154 2643 1207 ἐκ
2666 1153 2878 1218 δεξιῶν
2887 1171 3025 1223 μου·
3044 1155 3165 1207 τοτὲ
3190 1155 3244 1208 δὲ
3273 1157 3518 1224 φάσκων⁹
3544 1159 3769 1226 ’Ὧμοσε

2196 1246 2427 1314 Κύριος,
2463 1247 2561 1300 καί
2612 1248 2685 1299 οὐ
2724 1245 3298 1315 μεταμεληθήσεταιο
3333 1247 3416 1301 Σὺ
3453 1249 3644 1318 ἱερεὺς
3681 1252 3769 1316 εἰς

2196 1337 2304 1391 τὸν
2325 1335 2530 1403 αἰῶνα,
2565 1335 2714 1391 κατὰ
2760 1336 2877 1406 τὴν
2904 1335 3076 1401 τάξιν
3096 1337 3484 1407 Μελχισεδέκ.

2266 1434 2380 1492 κς’.
2430 1425 2541 1482 Kal
2587 1427 2721 1482 Θεὸν
2746 1428 2803 1482 δὲ
2846 1428 3010 1482 αὐτὸν
3057 1425 3194 1482 οἶδεν
3218 1429 3496 1499 ὁμολογεῖν
3523 1431 3550 1482 ὁ
3582 1429 3768 1494 αὐτὸς,

2200 1519 2443 1588 φάσκωνο
2490 1519 2542 1572 Ὀ
2572 1521 2785 1588 θρόνος
2817 1536 2954 1584 σου,
2987 1523 3021 1574 ὀ
3041 1519 3203 1586 Θεὸς,
3225 1522 3311 1586 είς
3326 1517 3433 1573 τὸν
3461 1517 3645 1573 αἰῶνα
3667 1518 3772 1572 τοῦ

2198 1610 2431 1678 αίῶνος,
2447 1610 2667 1680 ῥάϐδος
2683 1613 3006 1680 εὐθύτητος
3027 1612 3066 1679 ἡ
3087 1611 3308 1680 ράὄδος
3330 1609 3441 1680 τῆς
3451 1611 3772 1676 ,βασιλείας

2199 1715 2334 1753 σου.
2376 1695 2711 1768 Ἠγάπησας
2733 1698 3144 1769 δικαιοσύνην,
3184 1697 3282 1755 καί
3307 1700 3604 1770 ἐμίσησας
3633 1700 3774 1753 ἀνο-

2197 1793 2362 1862 μίαν-
2390 1791 2487 1846 διὰ
2535 1791 2712 1846 τοῦτο
2763 1791 2970 1861 ἐχρισέ
3013 1805 3089 1847 σε
3143 1795 3176 1847 ὀ
3206 1790 3372 1858 Θεὸς,
3415 1793 3448 1845 d
3475 1792 3619 1856 Θεός
3653 1805 3771 1842 σου

2201 1884 2408 1938 ἔλαιον
2445 1881 2858 1953 ἀγαλλιάσεως
2908 1882 3067 1950 παρὰ
3097 1883 3242 1950 τοὺς
3289 1883 3585 1953 μετόχους
3633 1895 3768 1934 σου.

2201 1975 2333 2036 Θεὸς
2357 1972 2465 2042 γὰρ
2498 1974 2557 2027 ὲν
2609 1971 2820 2035 τούτοις
2848 1973 3130 2044 χριόμενος
3158 1972 3262 2027 ὑπὸ
3282 1973 3376 2026 τοῦ
3415 1971 3552 2025 Θεοῦ
3589 1969 3678 2033 τίς
3707 1971 3774 2023 ἂν

2203 2067 2389 2137 ἕτερος
2417 2066 2498 2137 εἴη
2527 2064 2559 2136 ἢ
2586 2065 2765 2128 αὐτὸς,
2791 2067 2818 2118 ὁ
2839 2063 2924 2119 διὰ
2953 2065 3014 2118 τὺ
3039 2067 3244 2138 χρίσμα
3262 2067 3322 2119 τὸ
3363 2063 3626 2137 πατρικὸν
3650 2063 3775 2132 Χρι-

2208 2155 2329 2218 στὸς
2351 2155 2806 2226 ἀνηγορευμένος.

2277 2246 2378 2313 κζ’.
2415 2248 2473 2302 '0
2494 2245 2538 2300 δ’
2569 2247 2730 2309 αὐτὸς
2765 2241 2917 2310 οὗτος
2945 2245 3036 2299 καὶ
3080 2241 3386 2310 ’Δγαπητὸς
3421 2235 3487 2311 ἦν
3506 2240 3598 2294 τοῦ
3616 2239 3773 2294 Θεοῦο

2205 2339 2234 2392 ὃ
2261 2339 2324 2412 δὴ
2358 2340 2684 2412 παρίστησιν
2713 2339 2827 2409 (55)
2859 2339 2891 2409 ἡ
2937 2336 3028 2390 τοῦ
3063 2332 3290 2404 Ψαλμοῦ
3344 2332 3637 2404 προγραφὴ
3681 2350 3780 2386 πε-

2211 2431 2484 2502 ριέχουσα,
2513 2429 2651 2500 ’ῼδὴ
2683 2429 2832 2497 ὑπὲρ
2849 2427 2954 2482 τοῦ
2980 2426 3327 2496 Ἀγαπητοῦ.

2279 2530 2385 2594 κη’.
2445 2521 2671 2585 Ἡσαΐας
2703 2521 2760 2574 δὲ
2805 2519 3062 2592 βραχίονα
3095 2519 3256 2572 αὐτὸν
3290 2519 3552 2572 ἀπεκάλει
3584 2517 3774 2586 λέγων’

2223 2615 2626 2682 Ἀποκαὶύψει
2653 2613 2867 2680 Κύριος
2890 2611 2996 2665 τὸν
3010 2611 3313 2680 βραχίονα
3335 2609 3444 2664 τὸν
3479 2609 3649 2678 ἄτιον
3676 2613 3780 2664 αὐ-

2212 2705 2316 2760 τοῦ
2356 2703 2613 2758 ἐνώπιον
2666 2701 2907 2756 πάντων
2929 2699 3138 2754 ἐθνῶν.
3194 2701 3301 2754 Καὶ
3344 2698 3506 2753 Δαϐὶδ
3544 2698 3676 2769 ὁμοῦ
3703 2699 3780 2752 δι-

2212 2796 2500 2867 καιοσύνην
2539 2796 2634 2850 καὶ
2663 2794 2934 2866 σωτηρίαν
2966 2793 3128 2846 αὑτὸν
3159 2792 3438 2862 ἠπίστατοο
3470 2791 3549 2844 διὸ
3578 2791 3774 2858 ἐλεγενο

2224 2889 2536 2960 Ἐγνώρισε
2585 2888 2801 2955 Κύριος
2849 2885 2915 2939 τὸ
2967 2883 3260 2952 σωτήριον
3306 2882 3491 2936 αὑτοῦ
3533 2882 3786 2936 ἐνώπιον

2213 2975 2331 3030 τῶν
2356 2971 2564 3030 ἐθνῶν’
2609 2970 2966 3038 ἀπεκάλυψεν
3010 2968 3126 3036 τὴν
3163 2967 3555 3034 δικαιοσύνην
3577 2966 3780 3020 αὑτοῦ.

2284 3069 2386 3123 κθ¹.
2420 3067 2528 3120 Καὶ
2566 3065 2744 3120 πάλιν·
2781 3061 3247 3132 Εὑαγγελίζεσθε
3288 3059 3514 3130 ἡμέραν
3551 3059 3619 3124 ἐξ
3647 3060 3786 3127 ἠμέ-

2207 3179 2322 3231 ρας
2353 3160 2419 3214 τὸ
2443 3159 2736 3228 σωτήριον
2759 3155 2966 3211 αὐτοῦ’
3014 3155 3125 3207 Kal
3157 3147 3330 3217 αὖθις⁸
3371 3153 3466 3219 Τίς
3493 3151 3673 3205 δώσει
3719 3152 3787 3204 ἐκ

2219 3253 2371 3310 Σιὼν
2395 3251 2463 3307 τὸ
2494 3251 2786 3318 σωτήριον
2813 3247 2920 3304 τοῦ
2947 3245 3216 3317 Ἰσραήλ;
3247 3245 3364 3301 καίο
3400 3243 3604 3312 Δεῖξον
3625 3243 3786 3315 ἡμῖν,

2216 3346 2412 3413 Κύριε,
2446 3343 2511 3396 τὸ
2549 3342 2721 3408 ἔλεός
2747 3354 2884 3402 σου,
2915 3339 3014 3393 καὶ
3051 3337 3120 3392 τὸ
3154 3335 3448 3406 σωτήριόν
3475 3352 3590 3390 σου
3636 3335 3791 3402 δῴης

2217 3437 2381 3507 ἡμῖν.
2405 3435 2517 3490 Kal
2542 3433 2595 3488 τί
2627 3451 2692 3506 με
2711 3433 2792 3487 δεῖ
2817 3431 2936 3487 καθ’
2959 3431 3186 3485 ἕκαστον
3227 3429 3614 3498 ἀναλέγεσθαι;
3645 3446 3787 3496 παρ-

2217 3528 2277 3583 ὸν
2343 3527 2422 3599 τῷ
2453 3523 2742 3597 φιλομαθεῖ
2782 3521 2853 3577 τὰ
2903 3519 3129 3576 τοιαῦτα
3172 3520 3425 3589 συνάγειν
3453 3519 3530 3584 ’ἐξ
3576 3518 3791 3587 ἁπάσης

2218 3621 2318 3690 τῆς
2367 3616 2719 3673 θεοπνεύστου
2775 3614 3016 3686 Γραφῆς’
3063 3613 3128 3666 δι’
3161 3607 3228 3683 ἧς
3284 3613 3559 3680 φαίνονται
3608 3612 3656 3662 oi
3698 3607 3793 3660 τοῦ

2219 3713 2353 3767 Θεοῦ
2386 3711 2657 3782 ἄνθρωποι
2693 3707 2768 3778 τῷ
2797 3706 2924 3775 θείῳ
2954 3705 3229 3776 Πνεύματι
3271 3701 3649 3773 φωτισθέντες,
3698 3699 3794 3768 τὴν

2220 3805 2316 3859 τοῦ
2344 3801 2678 3871 Μονογενοῦς
2700 3799 2831 3852 Υἱοῦ
2860 3797 2954 3851 τοῦ
2984 3797 3120 3850 Θεοῦ
3143 3795 3342 3863 γνῶσιν
3370 3794 3678 3864 ἀπόρρητον
3706 3789 3794 3844 οὗ⁶⁹

2224 3914 2322 3950 σαν
2351 3895 2490 3958 τότε,
2544 3894 2637 3947 καὶ
2686 3892 2754 3945 τὰ
2803 3889 2983 3962 πλήθη
3029 3887 3492 3958 διαλαμϐάνουσαν
3538 3883 3649 3954 (54)
3701 3882 3795 3935 τοῦ

2235 3987 2503 4042 Ἰουδαίων
2536 3983 2686 4039 λαοῦ.
2723 3983 2812 4037 Διὸ
2858 3982 2952 4036 xal
2999 3979 3269 4052 διαφόρως
3298 3977 3456 4031 αὑτὸν
3497 3973 3796 4044 ὲξεφώνουν

2224 4077 2659 4148 κεκαλυμμέναις
2688 4077 2810 4137 ταῖς
2837 4071 3176 4142 ἐπηγορίαις.
3208 4068 3565 4138 Ἑφυλὰττετο
3594 4065 3702 4136 γὰρ
3728 4066 3796 4135 τῇ

2226 4169 2389 4224 αὐτοῦ
2430 4168 2704 4240 παρουσίᾳ
2735 4167 2769 4237 ἡ
2812 4162 2966 4236 χάρις
2991 4161 3085 4216 τοῦ
3121 4160 3475 4234 κηρύγματος
3523 4155 3621 4220 τῆς
3668 4156 3799 4225 περὶ

2206 4261 2387 4318 ,αὐτοῦ
2421 4259 2718 4329 Θεολογίας,
2749 4259 2814 4330 ἦν
2851 4256 2972 4312 καθ’
2999 4255 3127 4328 ὅλης
3157 4253 3257 4323 τῆς
3284 4248 3605 4321 οἰκουμένης
3632 4249 3665 4318 ὴ
3701 4248 3799 4299 αύ-

2227 4355 2319 4410 τοῦ
2359 4353 2671 4423 Ἐκκλησία,
2706 4352 2894 4422 ὥσπερ
2915 4366 2967 4403 τι
2999 4347 3165 4403 πάλαι
3205 4345 3432 4416 κρύφιον
3461 4342 3556 4395 καὶ
3578 4353 3798 4408 σεσιγη-

2231 4447 2387 4520 μένον
2418 4446 2710 4518 μυστήριον
2741 4440 3148 4516 παραλαϐοῦσα,
3185 4437 3522 4508 σεμνύνεται.

631 4532 722 4588 50.
755 4533 870 4588 Hoc
897 4535 1070 4603 ipsum
1097 4548 1194 4590 nos
1220 4535 1403 4591 docuit
1453 4537 1669 4592 divinus
1701 4536 1992 4605 Apostolus
2039 4535 2112 4589 in-

2301 4539 2364 4592 λ’.
2399 4536 2567 4592 Τοῦτο
2612 4535 2748 4606 γοῦν.
2790 4535 2885 4589 καὶ
2925 4535 2954 4587 ὁ
2998 4533 3139 4595 θεῖος
3201 4526 3518 4588 Ἀπόστολος
3564 4521 3802 4578 διδάσκει

561 4627 754 4694 quiens
787 4643 803 4680 :
843 4625 1142 4680 Secundum
1171 4628 1609 4698 dispensationem
1656 4628 1788 4694 Dei,
1831 4643 1948 4698 qua:
1997 4628 2124 4681 data

562 4731 635 4772 est
665 4719 793 4772 mihi
821 4735 947 4790 erga
977 4736 1088 4783 vos,
1111 4721 1395 4790 adimplere
1415 4724 1624 4776 verbum
1658 4721 1776 4787 Dei,
1818 4723 2124 4791 mysterium

563 4810 698 4864 illud
723 4813 862 4882 quod
879 4829 910 4867 a
933 4813 1125 4868 steculo
1149 4814 1509 4869 absconditum
1532 4817 1704 4884 [uerat
1747 4814 1803 4868 in
1831 4814 2126 4883 generatio-

565 4901 715 4957 nibus
744 4919 763 4958 :
788 4920 924 4958 nunc
977 4913 1151 4960 autem
1178 4905 1568 4974 manifestatum
1612 4915 1687 4959 est
1721 4905 1916 4958 sanctis
1962 4903 2076 4971 ejus
2107 4941 2122 4966 ,

636 5069 696 5142 {If
861 5067 1036 5124 Paris.
1072 5083 1193 5142 pag.
1234 5069 1322 5142 99.

648 5136 692 5206 ⁸⁸
735 5137 890 5192 Prov.
931 5156 1009 5206 Ill,
1045 5136 1170 5196 i8.'
1249 5140 1294 5173 ⁸²
1331 5137 1476 5194 Psal.
1511 5155 1621 5200 cux.
1650 5137 1703 5194 i.

567 5203 610 5237 ⁸⁷
641 5205 784 5262 Psal.
823 5203 1068 5276 xcvn,'2.
1145 5209 1190 5244 ⁸⁸
1240 5209 1383 5266 Psal.
1417 5227 1536 5277 xcv,
1592 5208 1648 5264 2.

1817 5137 1862 5169 ⁸⁸
1903 5135 2033 5191 ibid.
2065 5136 2119 5190 4.

569 5417 764 5488 legitur
790 5435 804 5471 :
833 5429 890 5475 et
910 5420 1000 5475 hic
1026 5419 1332 5488 aliquoties.
1360 5419 1496 5489 apud
1525 5426 1790 5472 nostrum.
1819 5413 1889 5469 Μ.
1921 5445 1990 5456 -—
2010 5414 2132 5489 Mox

2232 4633 2405 4701 λέγων
2422 4647 2435 4660 ⁶
2462 4630 2625 4684 Κατὰ
2653 4629 2764 4697 τὴν
2795 4625 3141 4696 οἰκονομίαν
3162 4621 3267 4676 τοῦ
3291 4619 3461 4683 Θεοῦ,
3482 4615 3598 4684 τὴν
3625 4613 3809 4668 60092-

2231 4722 2352 4778 σάν
2361 4737 2462 4793 μοι
2475 4724 2561 4788 είς
2579 4718 2754 4790 ὑμᾶς,
2773 4716 3088 4787 πληρῶσαι
3107 4713 3212 4768 τὸν
3225 4711 3409 4781 λόγον
3430 4707 3534 4764 τοῦ
3551 4704 3718 4767 Θεοῦ,
3736 4703 3805 4756 τὸ

2225 4815 2562 4885 μυστήριον
2574 4812 2640 4866 τὸ
2660 4806 3183 4878 ἀποκεκρυμμένον
3194 4803 3308 4860 ἀπὸ
3330 4799 3448 4856 τῶν
3461 4799 3690 4854 αίώνων
3701 4807 3806 4852 και

2231 4907 2348 4960 ἀπὸ
2361 4903 2487 4959 τῶν
2501 4901 2721 4974 γενεῶν
2736 4920 2749 4932 υ
2774 4902 2907 4955 νυνὶ
2925 4897 2992 4953 δὲ
3009 4893 3347 4967 ἐφανερώθη
3364 4892 3487 4959 τοῖς
3500 4891 3689 4960 ἁγίοις
3707 4892 3810 4943 αὑ-

2241 5133 2288 5167 ⁸⁸
2325 5133 2467 5188 Psal.
2500 5149 2642 5197 κων,
2677 5132 2728 5192 7,
2781 5132 2832 5184 8.
2934 5127 2979 5159 ⁸⁸
3013 5127 3144 5183 ibid.
3185 5127 3234 5179 l.
3361 5122 3533 5177 “lsa.
3582 5133 3699 5183 un,
3751 5117 3806 5171 i.

1748 5208 1793 5241 ⁸⁸
1843 5206 1986 5262 Psal.
2018 5223 2138 5271 xm,
2172 5206 2222 5261 7.
2310 5207 2357 5238 ⁸⁰
2418 5205 2558 5259 Psal.
2587 5215 2808 5264 umv,
2837 5197 2890 5252 8.

2239 5411 2333 5466 τοῦ
2360 5405 2666 5479 ἀγαπητοῦ.
2696 5403 2766 5458 Μ.
2796 5402 3055 5479 τειιρτο
3099 5399 3256 5471 vulgo
3277 5400 3306 5453 ὁ
3332 5399 3390 5453 δὲ
3443 5411 3577 5468 παρ.
3603 5403 3657 5449 et
3684 5409 3814 5450 mox

569 5473 727 5562 vulgo
780 5473 1140 5562 μεγαλοῦνταὶ
1184 5473 1244 5546 et
1280 5473 1738 5562 ἀντέρειδομένοις
1766 5489 1855 5540 ὲπ.
1889 5497 1943 5541 et
1989 5488 2112 5541 dces

2242 5473 2492 5562 ἐπικαλεῖ
2506 5473 2573 5556 _et
2595 5473 3038 5562 sifayyfki'aaalis;

569 5559 717 5632 ὁμοῦ-
735 5559 853 5632 post
870 5560 1132 5632 ψαλμοῖς·

597 5625 620 5715 ἐ
624 5625 752 5715 έῦἳ)
785 5625 1251 5715 Ῡιιίιζυθὶὒνόμασε
1275 5639 1327 5683 et
1381 5646 1502 5685 mox
1552 5631 1648 5685 καὶ
1691 5629 1820 5682 Δεδν
1865 5627 1922 5680 δὲ
1975 5625 2138 5679 αὐτὸν

570 5701 780 5773 οἶδεν-ει
804 5701 939 5773 inira
959 5701 1435 5773 ἀναγορευόμενος.

639 5770 894 5842 (55)1‘qt3
941 5766 1190 5841 Ψαλμὸῦ
1245 5766 1575 5842 προγραφή.
1624 5769 1877 5842 ἝκείνουΔ
1902 5766 2135 5842 scilicet,

572 5836 660 5896 aut
695 5836 884 5909 αὑτοῦ,
914 5836 1100 5912 ηοωιώ
1129 5843 1216 5910 Η,
1239 5836 1691 5911 οιιῇιιείιιὲυὲἰριὶο
1722 5849 1822 5904 est,
1852 5836 1961 5908 ᾠδὴ
1993 5837 2136 5905 ὑπὲρ

656 6099 880 6314 ’ἱ

2313 5551 2424 5634 (54)
2456 5537 2939 5634 Ἰῖἷιννᾋούδαζελν
2996 5543 3170 5634 λαοῦ.
3231 5537 3813 5634 Leontii-degravatus:

2241 5603 2484 5678 nec—sibe
2507 5617 2710 5673 codicis
2725 5615 2923 5671 auxilio
2955 5613 3246 5673 sanandus,
3290 5612 3498 5677 Opinor.
3527 5604 3671 5658 M.—
3688 5603 3813 5658 Mn!

2237 5694 2397 5760 vulgo
2424 5689 2518 5744 τοῦ
2538 5686 2670 5744 Θεοῦ
2701 5689 2749 5741 οἱ
2780 5701 2939 5758 προφ.
2976 5696 3033 5741 et
3053 5683 3239 5737 τούτου
3269 5678 3566 5750 μυστηρίου
3598 5685 3649 5732 et
3672 5678 3819 5728 κατὰ

2240 5763 2340 5834 τὴν
2365 5760 2442 5827 ἐξ.
