4158 6390
419 364 524 419 893

1370 354 1456 409 DE
1496 350 2030 408 ECCIJSSIASTICA
2082 352 2477 408 THEOLOGIA
2517 351 2646 409 LIB.
2682 351 2723 407 Ι.

3541 353 3646 408 894

415 473 545 534 τοῦ,
578 465 668 537 οἷς
692 470 992 537 ἐθέλησεν
1007 471 1039 523 ὁ
1058 467 1200 534 Θεὸς
1230 468 1534 536 γνωρίσαι,
1567 466 1657 530 τίς
1673 467 1705 518 ό
1725 464 1986 530 πλοῦτος

2096 483 2212 536 quos
2254 465 2413 520 voluit
2471 465 2607 519 Deus
2663 479 2987 532 cognoscere,
3029 479 3269 534 quanam
3310 466 3414 518 sint
3447 466 3647 520 diuitiis

415 561 523 630 τῆς
541 561 722 628 δόξης
739 560 844 615 τοῦ
850 562 1183 630 μυστηρίου
1198 559 1408 612 τούτου
1423 557 1492 610 ἐν·
1505 555 1629 620 τοῖς
1642 556 1901 614 ἔθνεσιν,
1921 553 1987 621 ὅς

414 656 543 708 ἐστι
562 653 812 723 Χριστὸς
824 653 893 705 ἐν
908 651 1066 722 ὑμῖν,
1086 651 1122 717 ἡ
1139 647 1433 717 ἐλπὶςτῆς
1447 646 1649 713 δόξης.
1665 647 1827 717 Ὀρᾷς
1843 646 1988 708 ὃπως

422 743 715 816 μυστήριον
758 739 826 814 ἦν
881 741 1369 812 ἀποκεκρυμμένον
1433 739 1715 810 πρότερον,
1774 737 1890 789 νυνὶ
1931 737 1987 789 δὲ

420 837 751 907 φανελρωθὲν,
781 839 809 890 ὁ
842 835 966 897 Υἱὸς
991 832 1083 887 τοῦ
1113 833 1267 888 Θεοῦ.
1296 831 1492 902 Διόπερ
1523 831 1572 884 οἱ
1609 831 1704 901 μὲν
1737 828 1827 882 τοῦ
1853 827 1986 880 Θεοῦ

421 930 692 999 προφῆται
730 927 804 998 τῷ
846 925 1163 998 προφητικῷ
1208 924 1479 994 πνεύματι
1516 921 1787 994 μυστικῶς
1828 920 1986 973 αὐτὸν

421 1024 749 1090 ὲθεολόγουν.
793 1021 866 1074 Τὸ
896 1020 952 1074 δὲ
997 1019 1197 1090 πλῆθος
1243 1017 1336 1072 τοῦ
1381 1017 1644 1071 Ἰουδαίων
1694 1014 1879 1077 ἔθνους
1930 1016 1987 1066 ὲν

421 1116 612 1184 ἀγνοίᾳ.
646 1114 905 1183 ἐτύγχανε
946 1111 1039 1164 τοῦ
1089 1110 1467 1182 κεκρυμμένου
1517 1106 1832 1180 μυστηρίουι
1868 1104 1987 1158 ὅθεν

420 1207 549 1260 Θεὸν
592 1206 689 1276 μὲν
720 1205 1024 1258 ἐδιδάσκετο
1052 1203 1146 1256 ἕνα
1190 1203 1406 1266 ειδέναι,
1435 1201 1523 1254 διὰ
1545 1200 1606 1253 τὸ
1642 1202 1708 1270 τῇ
1743 1197 1988 1268 πολυθέῳ

419 1299 595 1370 πλάνῃ
629 1296 866 1367 συνεχῶς
901 1294 1296 1367 ὑποσύρεσθαις
1353 1292 1572 1363 Πατέρα
1615 1291 1670 1344 δὲ
1718 1290 1847 1344 ὄντα
1897 1288 1987 1342 τὸν

419 1390 549 1444 Θεὸν
580 1388 706 1442 Υίοῦ
732 1388 824 1441 τοῦ
850 1385 1185 1455 Μονογενοῦς
1217 1386 1420 1456 ὴγνόειο
1445 1384 1602 1437 τοῦτο
1629 1382 1735 1453 γὰρ
1763 1380 1989 1450 ἐφυλάτ-

417 1500 539 1536 τετο
597 1484 660 1552 τῇ
740 1480 800 1544 ἐξ
829 1478 995 1532 ἐθνῶν
1037 1476 1329 1548 Ἐκκλησία
1373 1475 1433 1528 τὸ
1489 1473 1806 1544 μυστήριον,
1867 1470 1986 1524 κατ’

419 1574 694 1645 ἐξαίρετον
748 1571 904 1644 χάριν
951 1572 1086 1640 αὐτῇ
1133 1568 1522 1639 δεδωρημένον.
1569 1565 1653 1617 Ἐν
1679 1563 1827 1634 αὐτῷ
1881 1564 1990 1633 γάρ

418 1663 545 1726 εισι,
576 1659 715 1713 κατά
756 1659 846 1713 τὸν
885 1656 1220 1722 Ἀπόστολον,
1252 1657 1452 1718 πάντες
1493 1656 1541 1706 οἱ
1583 1652 1844 1724 θησαυροὶ
1889 1655 1988 1723 τῆς

421 1754 612 1822 σοφίας
663 1753 758 1806 καὶ
786 1752 1038 1821 γνώσεως
1071 1751 1394 1821 ἀπόκρυφοι.
1438 1747 1595 1800 Ἀλλά
1630 1745 1738 1817 γὰρ
1787 1745 1874 1799 διὰ
1901 1762 1988 1798 το-

2087 559 2320 627 mysterii
2346 558 2497 611 istius
2526 558 2580 610 iu
2604 556 2864 625 gentibus,
2895 555 2985 624 qui
3025 565 3099 609 est
3134 554 3375 609 Christus
3403 556 3455 607 in
3483 557 3646 616 vobis,

2085 666 2201 719 spes
2238 650 2420 720 gloria:
2443 649 2556 719 ejus
2585 649 2651 701 ⁸⁸.
2694 646 2853 702 Vides
2898 657 2956 700 ut
2983 646 3355 701 absconditum
3397 647 3499 702 hoc
3526 661 3648 715 my-

2085 741 2309 798 sterium
2350 741 2526 795 fuerat
2560 743 2705 810 prius
2735 780 2751 806 ,
2785 754 2928 794 nunc
2963 747 3139 793 autem
3167 736 3464 790 revelatum
3499 756 3512 791 :
3557 737 3647 790 Fi-

2085 835 2188 888 lius
2224 833 2340 888 Dei.
2397 832 2732 900 Quapropter
2784 833 3060 900 prophetae
3112 830 3203 883 Dei
3257 829 3542 899 mysticum
3593 829 3647 881 in

2087 927 2304 982 modum
2365 922 2683 996 prophetico
2731 921 2937 992 Spiritu
2986 937 3108 977 eum
3165 921 3524 986 deiﬁcarunt;
3554 919 3649 975 Ju-

2084 1021 2325 1076 daeorum
2371 1027 2549 1072 autem
2572 1015 2747 1070 omnis
2775 1013 3065 1069 multitudo
3087 1014 3141 1068 in
3165 1014 3466 1084 ignorantia
3493 1013 3650 1068 istius

2087 1110 2331 1184 mysterii
2383 1109 2768 1180 persistebant.
2830 1107 2996 1161 Deum
3035 1105 3250 1176 quidem
3282 1119 3447 1158 unum
3479 1118 3647 1173 agno-

2085 1219 2236 1259 scere
2265 1202 2463 1268 edocti,
2486 1215 2551 1256 eo
2582 1199 2725 1270 quod
2783 1197 2836 1252 in
2875 1211 3091 1252 errores
3123 1196 3189 1250 de
3227 1196 3448 1249 deorum
3507 1195 3648 1248 mul-

2089 1293 2318 1348 titudine
2347 1292 2540 1360 saepius
2564 1287 3053 1344 abstrahebantur:
3081 1283 3298 1340 Patrem
3327 1299 3454 1338 vero
3480 1284 3645 1338 Deum

2087 1383 2346 1451 unigeniti
2377 1382 2459 1435 sui
2486 1378 2603 1434 Filii
2638 1377 2980 1448 ignorabant.
3029 1376 3165 1431 Nam
3206 1375 3310 1431 hoc
3359 1375 3424 1430 de
3470 1376 3648 1444 genti-

2088 1473 2191 1528 bus
2238 1471 2498 1527 Ecclesias
2543 1469 2923 1524 reservabatur
2971 1467 3289 1537 mysterium
3317 1505 3333 1529 ,
3392 1475 3646 1534 tanquam

2092 1561 2270 1633 gratia
2306 1559 2551 1630 quaedam
2585 1558 2882 1620 excellens,
2907 1555 3006 1626 ipsi
3040 1554 3418 1625 impertienda.
3472 1561 3531 1616 iis
3588 1551 3645 1606 in

2091 1656 2205 1723 ipso
2236 1651 2380 1708 enim
2414 1659 2562 1717 sunt,
2599 1649 2739 1718 quod
2757 1647 3046 1717 Apostolus
3074 1647 3329 1702 observat
3355 1645 3425 1710 ⁸⁸,
3458 1657 3649 1698 omnes

2094 1746 2334 1802 thesauri
2358 1741 2661 1798 absconditi
2682 1739 3029 1808 cognitionis.
3089 1735 3376 1791 Enimvero
3413 1742 3490 1787 tot
3535 1733 3657 1801 jam.

421 1811 622 1898 σούτων
643 1847 670 1898 ὁ
693 1811 950 1898 τοῦυθεοῦ
1000 1811 1188 1911 Λόγος,
1281 1811 1338 1894 έν
1367 1841 1507 1912 ἀρχῇ
1547 1811 1683 1912 πρὸς
1707 1811 1812 1891 ’τὸν
1834 1837 1986 1900 Θεὸν,

2096 1837 2440 1901 testimoniis,
2469 1833 2565 1889 Dei
2594 1833 2725 1887 illud
2766 1831 2998 1886 Verbum
3024 1827 3166 1898 quod
3220 1827 3274 1881 in
3325 1825 3480 1881 initio
3529 1832 3652 1880 erat
3741 1867 3746 1870 .

418 1935 478 1986 οὐ
533 1935 690 2004 μόνον
735 1933 901 2000 Λόγος
949 1929 1302 2000 κεκλημένος,
1339 1929 1414 1991 ὡς
1446 1927 1764 2000 Μάρκελλος
1794 1925 1986 1989 οἴεται,

418 2023 727 2094 ἀπεδείχθη,
764 2023 900 2076 ἀλλά
931 2023 1024 2074 καὶ
1056 2020 1200 2084 Υἱὸς,
1233 2021 1326 2073 καὶ
1352 2019 1681 2090 Μονογενὴς,
1714 2019 1807 2070 καὶ
1853 2015 1987 2086 φῶς,

420 2116 513 2169 καὶ
546 2115 724 2183 ἄρτος,
756 2110 1094 2182 καὶΊησοῦς,
1121 2111 1215 2163 καὶ
1240 2111 1492 2178 Χριστὸς,
1522 2110 1617 2162 καὶ⁸
1644 2108 1866 2180 Κύριος,
1898 2109 1992 2161 καὶ

420 2207 724 2277 ἀρχιερεὺς,
750 2207 843 2258 καὶ
865 2203 1222 2275 ἀπαύγασμα,
1247 2203 1341 2256 καὶ
1360 2203 1668 2274 χαρακτὴρ,
1691 2202 1786 2254 καὶ
1807 2198 1989 2263 εἰκὼν,

421 2297 515 2350 καὶ
540 2296 887 2365 Πρωτὸτοκος
928 2296 1106 2368 πάσης
1138 2297 1387 2359 κτίσεως,
1417 2295 1511 2348 καὶ
1543 2293 1693 2367 πηγὴ
1713 2293 1874 2366 ζωῆς,
1899 2294 1993 2348 καὶ

423 2387 670 2459 ἀλήθεια,
699 2389 792 2441 καὶ
819 2388 1079 2458 ποταμὸς,
1127 2387 1222 2441 καὶ
1253 2386 1584 2458 δικαιοσύνη,
1622 2386 1715 2440 καὶ
1741 2387 1889 2457 ἥλιος
1919 2387 1994 2440 δι-

422 2479 734 2550 καιοσύνης,
783 2479 877 2532 καὶ
918 2478 1100 2548 σοφία,
1129 2479 1224 2532 καὶ
1254 2478 1408 2544 ξύλον
1449 2479 1611 2550 ζωῆς,
1647 2478 1738 2532 καὶ
1770 2477 1991 2547 Κύριος,

423 2572 517 2624 καὶ
544 2569 694 2633 Θεὸς,
731 2570 825 2623 καὶ
874 2569 1199 2639 Ἀγαπητὸς,
1235 2569 1329 2620 καὶ
1363 2569 1558 2639 ἱερεὺς,
1603 2568 1700 2621 καὶ
1736 2566 1992 2640 βραχίων,

426 2660 538 2732 (55)
584 2661 678 2714 καὶ
717 2661 998 2732 σωτήριον,
1037 2662 1132 2714 καὶ
1161 2660 1336 2714 πάντα
1368 2659 1560 2724 ταῦτα,
1629 2658 1704 2711 ὣν
1732 2659 1825 2712 καὶ
1865 2673 1997 2730 προ.

425 2755 686 2825 ῡπάρχων
715 2754 815 2822 τῆς
839 2753 1058 2824 σαρκὸς,
1080 2753 1406 2824 ὠνομάζετσ
1437 2752 1512 2815 ὡς
1527 2754 1583 2805 αἱ
1612 2751 1997 2824 παρατεθεῖσαι

425 2848 636 2918 Γραφαὶ
680 2847 1031 2916 δεδηλώκασι.
1081 2845 1198 2899 Τίνι
1221 2844 1401 2898 τοίνυν
1427 2844 1593 2914 λόγῳ,
1617 2843 1788 2896 ταῦτα
1819 2843 1999 2897 πάντα

424 2942 620 3011 παρεὶς
652 2938 986 3008 Μάρκελλος,
1010 2939 1100 2990 ἐπὶ
1136 2937 1295 3007 μόνου
1329 2935 1421 2990 τοῦ
1450 2937 1622 3004 Λόγου
1648 2936 1886 3000 locarat;
1935 2934 1996 2988 οὐ

423 3026 709 3080 διαϐαίνων
747 3027 844 3098 μὲν
875 3026 968 3078 καὶ
1008 3026 1102 3078 ἐπὶ
1134 3024 1232 3088 τὰς
1259 3025 1449 3090 λοιπὰς
1473 3026 1809 3096 ἐπωνυμίας,
1839 3022 1998 3095 μόνον

424 3119 481 3172 δὲ
532 3119 713 3212 Λόγον
751 3119 909 3172 αὐτὸν
962 3114 1100 3171 εἶναι
1137 3119 1359 3188 φάσκων
1393 3117 1486 3171 τοῦ
1515 3116 1668 3171 Θεοῦ·
1701 3118 1792 3170 καὶ
1842 3117 1997 3186 λόγον
2024 3154 2065 3212 C

430 3211 783 3281 σημαντικὸν,
829 3210 956 3263 ποτὲ
991 3209 1090 3280 μὲν
1119 3207 1454 3280 ἡσυχάζοντα
1490 3211 1547 3262 ὲν
1571 3207 1646 3280 τῷ
1678 3208 1816 3280 Θεῷ,
1869 3209 1997 3262 ποτὲ

428 3301 484 3355 δὲ
514 3303 597 3354 ὲνε
609 3300 764 3372 ργείᾳ
809 3302 942 3375 μόνῃ
976 3301 1235 3355 λαλοῦντα
1276 3303 1309 3373 ἢ
1346 3302 1683 3372 πράττοντα;
1716 3297 1793 3354 Ἦ
1813 3300 1899 3354 διὰ
1937 3299 1999 3353 τὸ

429 3393 804 3458 Σαδελλιάζειν
836 3394 1114 3466 ἄντικρυς,
1145 3395 1239 3448 καὶ
1263 3394 1336 3466 μὴ
1365 3394 1638 3448 πιστεύειν
1666 3397 1744 3458 εἰς
1769 3395 1859 3448 τὸν
1872 3395 2000 3448 Υίὸν

428 3485 521 3540 τοῦ
545 3485 700 3552 Θεοῦ,
737 3487 869 3558 μηδὲ
891 3487 1172 3558 γνωρίζειν
1205 3487 1264 3539 τὸ
1293 3487 1587 3556 μυστήριον
1622 3485 1685 3538 τὸ
1720 3485 2002 3556 προϋπάρ-

431 3597 523 3648 χον
555 3578 654 3650 μὲν
689 3577 875 3642 πάλαι,
937 3578 1071 3649 μόνῃ
1109 3579 1166 3630 δὲ
1216 3580 1282 3647 τῇ
1316 3576 1610 3648 Ἐκκλησία
1645 3574 1738 3628 τοῦ
1769 3575 1999 3646 Χριστοῦ

433 3671 521 3724 ἱιά
572 3672 670 3742 τῆς
723 3671 884 3726 αὐτοῦ
918 3669 1229 3742 φανερωθὲν
1261 3669 1499 3739 χάριτος.
1543 3670 1606 3722 EE
1638 3669 1693 3720 δὲ
1729 3668 1873 3736 λέγοι
1905 3686 2005 3738 μυ-

439 3765 652 3834 στήριον
705 3759 842 3816 εἶναι
891 3761 1266 3831 ἀγνοούμενον,
1317 3761 1377 3813 τὸ
1413 3759 1520 3831 (56)
1555 3759 1724 3828 Λόγον
1772 3757 1912 3828 ἔχειν
1947 3761 2004 3813 ἐν

439 3853 612 3924 ἑαυτῷ
640 3855 728 3908 τὸν
753 3855 905 3916 Θεὸν,
933 3853 1229 3924 κεχρῆσθαι
1245 3853 1405 3923 λόγῳ,
1422 3852 1577 3905 τοῦτο
1602 3850 1708 3923 γὰρ
1724 3851 1871 3921 αὐτῷ
1885 3853 2004 3905 Μα-

442 3945 650 4018 ρκέλλῳ
680 3946 826 3999 δοκεῖ
849 3946 983 4014 (57),
1030 3943 1216 3996 τοῦτον
1240 3943 1499 4014 γράφοντι
1525 3941 1612 3996 τὸν
1633 3943 1850 4014 τρόπον·
1885 3961 1904 3993 ι
1940 3942 2005 3994 Τί

445 4056 464 4089 ι
499 4038 609 4110 γὰρ
638 4037 822 4108 ἕτερον
869 4033 936 4108 ἦν
977 4036 1463 4104 ἀποκεκρυμμένον
1500 4036 1828 4107 μυστήριον,
1868 4036 2006 4089 κατὰ

447 4149 466 4180 ι
495 4129 584 4182 τὸν
612 4129 816 4198 Λόγον;
843 4128 1012 4192 οὕτως
1038 4127 1094 4181 δὲ
1122 4123 1190 4199 ἦν
1215 4127 1701 4198 ἀποκεκρυμμένον
1727 4126 1872 4196 ἐντῷ
1890 4125 2009 4196 Θεῷ

446 4238 464 4270 ι
497 4218 652 4271 τοῦτο
705 4218 966 4290 πρότερον
1019 4217 1079 4270 τὸ
1117 4217 1434 4288 μυστήριον,
1475 4214 1614 4268 ὥστε
1657 4215 1860 4286 μηδένα
1912 4214 2006 4268 τοῦ

447 4330 465 4361 ι
500 4310 761 4381 προτέρου
783 4309 912 4362 λαοῦ
953 4308 1135 4378 σαφῶς
1160 4308 1228 4360 τὰ
1242 4307 1384 4361 κατά
1409 4307 1498 4360 τὸν
1522 4306 1692 4374 Λόγον
1723 4305 1938 4360 εἰδέναι·
1985 4324 2005 4356 ι

444 4404 490 4455 εἰ
515 4402 579 4473 δὴ
598 4399 690 4455 οὖν
716 4401 873 4454 τοῦτο
907 4401 1076 4467 λέγοι,
1115 4398 1448 4470 μανθανέτω,
1494 4398 1574 4450 ὅτι
1603 4396 1695 4450 καὶ
1725 4397 1834 4459 πᾶς
1877 4396 2008 4448 ’1ου-

2089 1924 2230 1992 apud
2259 1923 2450 1985 Deum,
2477 1937 2584 1977 nou
2624 1920 2785 1976 modo
2828 1918 2967 1987 quod
3021 1915 3304 1971 Marcellus
3356 1914 3609 1983 Opinatur
3633 1952 3652 1978 ,

2093 2017 2323 2072 Verbum
2343 2015 2545 2070 dictum
2570 2022 2674 2076 est,
2710 2016 2804 2068 sed
2835 2021 2888 2065 et
2913 2010 3100 2076 Filius,
3135 2018 3188 2064 et
3222 2002 3564 2077 Unigénitus,
3595 2014 3654 2058 et

2091 2109 2203 2174 lux,
2223 2117 2278 2163 et
2303 2107 2478 2178 panis,
2508 2115 2563 2162 et
2591 2104 2770 2169 Jesus,
2798 2114 2852 2159 et
2874 2102 3142 2168 Christus,
3175 2109 3230 2156 et
3268 2097 3550 2161 Dominus,
3597 2105 3653 2150 et

2090 2201 2355 2264 Pontifex,
2405 2208 2459 2253 ct
2494 2199 2768 2266 splendor,
2799 2205 2851 2250 et
2893 2194 3196 2256 character,
3244 2198 3300 2246 et
3348 2189 3548 2260 imago,
3599 2197 3656 2240 et

2092 2291 2490 2361 Primogenitus
2530 2290 2707 2344 omnis
2745 2297 3044 2342 creaturae:
3083 2291 3139 2337 et
3170 2281 3291 2336 fons
3313 2282 3458 2345 vita,
3492 2288 3545 2334 et
3570 2293 3656 2332 ve-

2092 2387 2245 2448 ritas,
2269 2384 2564 2450 etﬂumen,
2607 2391 2662 2436 et
2689 2381 2925 2451 justitia,
2956 2388 3011 2433 et
3059 2377 3142 2434 sol
3193 2375 3436 2444 iustitiae.
3475 2383 3532 2428 et
3573 2386 3656 2426 sa-

2094 2479 2317 2548 pientia,
2341 2487 2398 2532 et
2422 2477 2627 2546 lignum
2650 2475 2796 2540 vitze,
2829 2483 2885 2528 et
2914 2470 3192 2535 Dominus,
3219 2477 3276 2524 et
3313 2467 3476 2528 Deus,
3498 2472 3554 2519 et
3575 2462 3658 2516 di-

2093 2567 2284 2630 lectus,
2315 2575 2371 2620 et
2398 2565 2684 2626 Sacerdos,
2720 2572 2776 2617 et
2814 2561 3122 2624 brachium,
3151 2566 3207 2613 et
3255 2555 3493 2612 salutare
3533 2576 3545 2608 :
3600 2562 3656 2607 et

2094 2659 2244 2714 hisce
2273 2657 2490 2726 quidem
2515 2653 2766 2710 omnibus
2782 2650 3155 2722 appellabatur
3179 2646 3508 2710 nominibus,
3533 2658 3655 2696 cum

2094 2750 2404 2813 exsisteret,
2426 2757 2477 2803 et
2511 2745 2909 2817 praeexsisteret
2940 2751 3064 2796 ante
3096 2754 3315 2795 carnem
3343 2743 3610 2804 sumptam
3636 2747 3653 2788 :

2096 2852 2154 2896 ut
2174 2857 2204 2896 e
2224 2840 2448 2909 prolatis
2469 2839 2558 2893 hic
2592 2837 2893 2906 Scripturis
2920 2843 3196 2889 ostensum
3225 2837 3329 2886 est.
3364 2828 3494 2894 Quae
3516 2825 3658 2879 ratio

2095 2929 2405 2986 Marcellum
2435 2927 2527 2983 hic
2558 2925 2869 2990 commovit,
2900 2932 2957 2976 ut
2981 2923 3098 2976 istis
3142 2918 3411 2975 universis
3434 2923 3656 2985 praeter-

2095 3022 2298 3085 missis,
2329 3021 2382 3076 in
2413 3017 2528 3074 solo
2550 3017 2725 3073 Verbo
2756 3012 3056 3070 resideret?
3095 3011 3276 3080 Neque
3300 3008 3446 3063 enim
3480 3017 3660 3058 trans-

2100 3114 2199 3169 ivit
2225 3114 2290 3168 ad
2342 3119 2570 3167 caeteras
2619 3104 3078 3170 nomenclaturas,
3115 3097 3451 3156 solummodo
3508 3095 3656 3147 illum

2099 3207 2192 3262 Dei
2226 3205 2460 3260 Verbum
2487 3216 2607 3259 esse
2634 3199 2860 3264 statuit;
2895 3205 2949 3251 et
2982 3195 3208 3250 verbum
3233 3189 3451 3260 quidem
3488 3185 3660 3255 signi—

2098 3297 2396 3358 ﬁcativum,
2427 3291 2697 3347 interdum
2726 3289 2780 3344 in
2802 3289 2910 3342 Deo
2941 3283 3356 3353 conquiescens,
3390 3277 3658 3333 interdum

2097 3404 2157 3444 re
2186 3397 2240 3442 et
2275 3401 2371 3441 ore
2399 3384 2691 3456 prolatum,
2718 3380 2802 3434 vel
2837 3379 3004 3434 etiam
3045 3388 3298 3444 operans.
3326 3369 3487 3426 Certe
3529 3381 3660 3436 pro-

2097 3490 2278 3548 pterea
2310 3474 2451 3546 quod
2483 3472 2950 3532 Sabellianizaret,
2988 3465 3162 3520 necin
3192 3462 3284 3516 Dei
3313 3460 3504 3514 Filium
3539 3471 3662 3511 cre-

2099 3568 2276 3631 deret,
2323 3579 2422 3620 nec
2449 3569 2767 3633 agnosceret
2797 3557 3112 3629 mysterium
3166 3551 3316 3615 illud,
3351 3550 3493 3619 quod
3549 3548 3664 3616 qui-

2100 3660 2221 3714 dem
2250 3655 2658 3728 prarexsistebat
2690 3652 2815 3709 olim
2868 3666 2882 3704 :
2943 3657 2997 3702 at
3030 3646 3127 3701 soli
3159 3643 3360 3700 Christi
3413 3639 3664 3694 Ecclesia:

2100 3766 2195 3822 per
2230 3750 2398 3819 ipsius
2427 3746 2652 3817 gratiam
2687 3741 2984 3797 revelatum
3010 3747 3111 3793 est.
3139 3735 3289 3802 Quod
3315 3733 3359 3787 si
3382 3732 3524 3786 dicat
3551 3744 3666 3801 my-

2102 3821 2326 3897 sterium
2355 3838 2484 3893 illud
2512 3837 2842 3906 incOgnitum
2877 3847 3018 3898 esse,
3055 3831 3218 3884 Deum
3250 3841 3372 3880 cum
3393 3824 3447 3878 iu
3475 3837 3534 3877 se
3563 3821 3665 3874 ha-

2090 3935 2256 4011 beret
2289 3931 2551 3992 Verbum.
2582 3926 2746 3981 verbo
2779 3923 2868 3980 illo
2902 3937 3081 3987 usum,
3108 3919 3209 3973 hoc
3234 3915 3498 3984 siquidem
3525 3910 3667 3964 Mar-

2104 4025 2241 4080 cello
2269 4022 2482 4076 videtur
2525 4019 2599 4074 ita
2652 4031 2792 4080 esse,
2823 4030 2944 4071 cum
2974 4014 3053 4068 sic
3085 4009 3366 4079 scripserit
3395 4025 3409 4060 :
3451 4025 3470 4056 ‹
3529 4003 3667 4070 Quid

2112 4134 2132 4168 ι
2165 4114 2310 4168 aliud
2343 4111 2520 4166 fuerat
2550 4107 2866 4181 mysterium
2906 4104 3039 4160 illud
3079 4099 3478 4160 absconditum,
3503 4109 3668 4164 quam

2114 4225 2133 4258 ι
2161 4203 2400 4260 Verbum
2425 4202 2449 4256 ‘i
2475 4201 2552 4255 Ita
2587 4208 2764 4253 autem
2792 4198 2843 4251 in
2869 4197 2977 4250 Deo
2992 4193 3143 4256 olim,
3165 4200 3283 4247 erat
3308 4191 3410 4244 hoc
3438 4188 3668 4241 abscon-

2113 4315 2132 4350 ι
2163 4295 2333 4350 ditum
2383 4291 2725 4363 mysterium;
2770 4296 2829 4341 ut
2879 4300 3034 4339 nemo
3064 4281 3202 4353 apud
3247 4279 3486 4350 priorem
3516 4274 3668 4328 illum

2115 4406 2134 4442 ι
2165 4386 2420 4458 populum
2457 4381 2783 4450 intelligeret
2845 4377 3010 4441 clare,
3060 4388 3182 4442 quae
3231 4367 3547 4438 spectabant
3601 4365 3670 4458 ait

441 4453 768 4547 ocima-16v
791 4453 891 4544 τὸν
937 4453 1168 4562 Χριστὸν
1207 4487 1300 4542 τοῦ
1335 4453 1468 4542 Θεοῦ
1517 4490 1592 4561 μὴ
1624 4453 1998 4558 ἐπεγνωκότωι

2119 4497 2138 4530 ι
2172 4453 2432 4532 Verbum.
2467 4491 2486 4526 ι
2521 4470 2578 4525 Si
2608 4474 2709 4524 hoc
2738 4466 2998 4537 posuerit,
3031 4464 3207 4518 discat
3249 4465 3480 4529 Oportet,
3526 4453 3670 4523 quod

441 4585 821 4657 ὁμολογήσειεν
861 4581 926 4636 ἂν
959 4582 1049 4636 τὸν
1099 4582 1269 4650 Λόγον
1322 4580 1463 4650 ἔχειν
1504 4580 1595 4633 τὸν
1638 4578 1792 4645 Θεὸν,
1814 4578 1908 4632 καὶ
1936 4579 2010 4649 μὴ

442 4677 582 4734 εἶναι
607 4679 818 4746 ἄλογον.
838 4676 1008 4730 Τοῦτο
1043 4675 1100 4728 δὲ
1129 4675 1222 4728 καὶ
1249 4672 1533 4736 Σαϐέλλιος
1559 4671 1740 4735 αὐτὸς,
1781 4672 1876 4725 καὶ
1905 4674 2011 4734 πᾶς

445 4769 646 4840 Ἕλλην
691 4786 752 4822 τε
783 4770 876 4822 καὶ
917 4766 1209 4838 βάρϐαρος,
1244 4765 1273 4816 ὁ
1300 4764 1430 4817 Θεὸν
1462 4757 1600 4816 εἶναι
1627 4763 2010 4832 ὑφιστάμενος,

445 4861 856 4931 ἀναμφιλέκτως
878 4860 1119 4930 φήσειεν
1147 4858 1300 4928 "Aput
1326 4853 1435 4927 γὰρ
1454 4854 1530 4925 τῷ
1553 4855 1682 4908 Θεὸν
1711 4856 1902 4918 εἰπεῖν,
1919 4853 2014 4906 καλ⁴

449 4952 606 5019 σοφὸν
640 4951 800 5004 αὑτὸν
830 4953 959 5014 νοεῖ,
1007 4949 1101 5003 καὶ
1131 4947 1367 5016 λογικὸν,
1401 4946 1494 4999 καὶ
1538 4944 1780 5009 δυνατὸν,
1811 4943 1906 4996 καὶ
1935 4943 2013 4996 δί-

449 5058 622 5106 καιον,
652 5043 747 5094 καὶ
789 5041 1012 5111 ἀγαθόν.
1051 5042 1206 5094 Ποῖον
1239 5035 1333 5094 οὖν
1373 5039 1669 5110 μυστήριον
1697 5034 1764 5108 ἦν
1811 5038 2012 5091 ἀποκε-

448 5133 760 5202 κρυμμένον
785 5133 845 5184 τὸ
891 5135 1004 5196 τοῖς
1057 5133 1220 5186 πᾶσιν
1274 5130 1726 5202 ὁμολογούμενον;
1766 5130 1861 5192 Τίς
1908 5128 2017 5200 γὰρ

450 5222 547 5275 οὐκ
594 5221 661 5273 ἀν
717 5220 859 5273 εἴποι
914 5222 970 5274 ὲν
1016 5220 1093 5291 τῷ
1147 5219 1266 5290 Θεῷ
1317 5219 1507 5290 σοφίαν
1561 5214 1716 5283 εἶναι,
1776 5218 1868 5272 καὶ
1924 5217 2016 5270 δύ⁶

559 5381 617 5438 ἧς
655 5374 753 5428 Ed.
789 5375 956 5428 Paris.
993 5390 1112 5437 ρτιρ.
1152 5375 1275 5430 100.

557 5445 836 5500 “Colms.
874 5463 913 5512 ι,
943 5445 1130 5499 25-27.
1206 5447 1251 5478 ⁵¹
1282 5444 1488 5500 Coloss.
1530 5460 1593 5507 ιι,
1644 5443 1695 5495 3.

547 5559 636 5624 55)
660 5561 757 5629 Bp.
793 5561 887 5613 καὶ
909 5557 1224 5629 δικαιοσύνη
1245 5559 1401 5613 codd.

553 5576 636 5624 DD)
661 5576 757 5682 131?.
793 5576 887 5613 και
909 5576 1224 5629 οικαιοσυνη
1245 5576 1320 5612 cm

553 5630 639 5696 56)
719 5630 778 5682 όν
816 5633 970 5696 vulgo
993 5640 1179 5683 contra
1199 5629 1320 5682 cod.

528 5693 638 5770 (57)
667 5693 999 5770 Μαρκέλαῳ
1023 5698 1203 5754 δοκεῖ.
1227 5695 1663 5770 Βαιτιίιιεὲδοκει,
1694 5696 1897 5770 statim,
1936 5693 2016 5745 le»

459 5766 686 5842 gendum
717 5766 930 5840 opinor,
963 5770 995 5840 ἦ
1026 5770 1086 5823 τὸ
1118 5768 1259 5826 κατὰ
1283 5767 1370 5822 τὸν
1400 5766 1575 5835 λόγον.
1615 5782 1755 5828 mox,
1786 5766 2014 5834 ἀναμφι-

2113 4570 2417 4627 Ιυόιιιοτιιιη
2441 4563 2686 4636 quilibet,
2715 4562 2804 4630 qui
2833 4559 3108 4615 Christum
3133 4552 3227 4608 Dei
3263 4565 3367 4605 non
3390 4555 3671 4618 agnoscat,

2115 4663 2348 4718 Verbum
2380 4668 2560 4713 tamen
2604 4652 2804 4709 habere
2852 4651 3021 4704 Deum
3066 4642 3415 4700 conﬁtebitur
3445 4675 3460 4700 ,
3502 4651 3674 4705 neque

2114 4769 2232 4810 esse
2278 4753 2426 4807 illum
2482 4749 2722 4819 alogum.
2757 4745 2870 4800 Hoc
2935 4743 3166 4811 ipsemet
3219 4732 3530 4790 Sabellius:
3568 4728 3674 4782 hoc

2113 4845 2365 4900 ethnicus
2392 4839 2570 4910 quivis
2603 4837 2860 4892 fatebitur
2889 4851 2904 4888 :
2949 4831 3052 4885 hoc
3077 4827 3362 4886 barbarus.
3384 4821 3476 4891 qui
3509 4821 3674 4874 Deum

2117 4939 2382 5009 agnoscit.
2408 4936 2524 4990 sine
2543 4932 2795 5000 scrupulo
2826 4925 3191 4984 conﬁtebitur.
3246 4920 3380 4974 Nam
3412 4918 3514 4972 hoc
3561 4917 3678 4984 ipso

2119 5007 2259 5100 quod
2299 5029 2463 5082 Deum
2489 5021 2870 5083 conﬁteantur,
2904 5017 3201 5086 sapientem
3229 5007 3555 5100 intelligunt,
3585 5018 3676 5056 ra-

2123 5095 2394 5182 tionalem,
2419 5123 2710 5187 potentem,
2737 5109 2941 5178 justum
2969 5147 2985 5172 ,
3031 5107 3253 5161 bonum.
3299 5099 3365 5154 Et
3409 5095 3678 5166 quodnam

2127 5222 2237 5266 tum
2273 5207 2586 5278 mysteriutn
2641 5205 2743 5258 hoc
2795 5199 3066 5255 occultum
3111 5195 3310 5256 fuerat,
3367 5188 3509 5258 quod
3558 5193 3680 5240 erat

2119 5555 2322 5635 λέκτιῇ
2351 5563 2403 5604 et
2443 5549 2800 5635 036vﬂsimiv.
2836 5559 2940 5635 "OQ
2955 5541 3108 5635 ιΘεῷ.
3134 5539 3278 5635 Μτ-
3301 5537 3430 5635 ξίοξ
3453 5531 3688 5635 ῖξιιςῧέἁ

2121 5599 3121 5747 ἑμέριλέκτνωξξνιὶιρ.ἀναμφιλέκτως
3177 5621 3232 5666 et
3278 5609 3337 5661 τὸ
3389 5603 3502 5675 Θεῷ
3531 5599 3685 5672 ,Vﬂp.

2165 5708 2271 5747 ε’ν.

2165 5711 2271 5747 εον.
