4158 6390
531 412 640 469 895

1208 413 1476 469 EUSEBH
1515 416 1985 476 CASSARIENSIS
2021 421 2169 477 OPP.
2207 423 2388 478 PARS
2426 424 2514 479 IV.
2550 455 2620 466 -—
2658 425 3056 484 DOGSIATICA

3661 441 3765 495 896

533 531 676 601 apud
707 544 894 585 omnes
918 530 970 583 in
998 530 1244 585 confesso
1277 531 1508 600 positum
1533 534 1558 587 ?
1603 533 1735 600 Quis
1762 552 1868 591 non
1894 537 2087 592 dixerit

2192 557 2372 610 ναμιν,
2433 541 2526 593 καὶ
2575 540 2738 612 ζωὴν,
2782 543 2875 596 καὶ
2918 543 3053 612 φῶς,
3094 546 3185 598 καὶ
3230 547 3504 619 ἀλήθειαν,
3549 553 3644 606 καὶ
3687 554 3764 607 διο

535 625 587 677 in
622 623 728 677 Deo
778 620 1100 690 sapientiam
1130 637 1272 685 esse,
1297 634 1347 679 et
1384 628 1701 694 potentiam,
1729 641 1785 682 et
1825 632 2011 697 vitam,
2042 641 2096 684 et

532 710 732 774 lucem,
768 719 822 765 et
851 710 1156 776 veritatem,
1191 721 1244 766 et
1267 712 1556 783 justitiam,
1593 723 1646 770 et
1700 718 1986 782 rationem,
2042 730 2096 775 et

530 801 790 870 quidquid
821 801 1018 855 bonum
1050 812 1103 857 et
1131 802 1416 858 honestum
1447 805 1570 859 est?
1596 805 1732 873 Quin
1769 809 1945 877 potius
1973 826 2094 864 eum

531 907 670 957 esse,
721 893 903 947 omnia
945 894 1044 948 ista
1080 912 1095 948 :
1127 904 1220 948 aut
1249 897 1291 950 si
1328 903 1386 961 ᾖ(
1428 898 1556 967 quid
1599 899 1682 954 his
1722 903 1988 970 superius,
2042 913 2098 956 et

532 981 723 1036 melius
748 983 1040 1048 exstiterit,
1075 986 1217 1054 quod
1245 987 1398 1040 nobis
1452 988 1522 1041 sit
1578 989 1928 1058 incognitum.
1973 990 2096 1046 Haec

529 1085 744 1138 natura,
783 1090 812 1128 a
838 1076 1011 1144 seipsa
1033 1077 1223 1132 edocta
1259 1079 1403 1146 cogit
1431 1092 1866 1150 unumquemque
1889 1085 1954 1138 de
1985 1086 2095 1140 Deo

532 1169 794 1234 proliteri.
818 1167 970 1224 Unde
996 1179 1051 1224 et
1081 1171 1146 1223 de
1175 1170 1308 1225 Filio
1340 1171 1514 1226 edocti
1541 1187 1730 1229 sumus
1784 1176 1900 1231 hzec
1927 1179 2091 1232 etiam

529 1255 765 1323 singula,
793 1256 1128 1324 unigenitum
1187 1259 1334 1313 illum
1376 1275 1516 1330 esse,
1546 1261 1763 1329 Filium,
1820 1267 2091 1322 lueredem

531 1349 709 1405 Patris
742 1351 848 1415 sui,
877 1353 1054 1406 omnia
1084 1356 1446 1423 possidentem
1483 1372 1603 1425 quae
1629 1361 1863 1428 possidet
1912 1361 2089 1420 Pater.

537 1441 687 1496 Unde
719 1443 916 1496 dicitur
963 1444 1149 1509 fuisse,
1199 1447 1454 1514 informa
1487 1447 1601 1513 Dei,
1670 1459 1725 1504 et
1776 1452 1947 1521 imago
1972 1453 2088 1518 Dei,

523 1528 676 1596 juxta
695 1531 930 1586 divinum
950 1533 1283 1603 Apostolutn,
1312 1538 1401 1590 ubi
1432 1539 1506 1592 ait
1534 1557 1548 1593 :
1585 1539 1688 1604 Qui
1712 1557 1829 1594 cum
1848 1543 1900 1595 in
1921 1543 2092 1610 forma

531 1621 626 1673 Dei
653 1633 804 1688 esset,
837 1641 938 1679 non
968 1637 1042 1680 es!
1063 1629 1352 1683 arbitratus
1388 1633 1648 1700 rapinam,
1680 1649 1790 1687 esse
1829 1651 1884 1689 se
1911 1653 2091 1702 a’qua-

527 1713 625 1766 lem
647 1713 755 1768 Deo
789 1715 856 1770 ⁸³.
884 1717 948 1770 Et
977 1732 1164 1774 rursus
1196 1739 1211 1775 :
1255 1720 1361 1786 Qui
1387 1732 1461 1777 est
1485 1725 1656 1794 imago
1683 1725 1783 1779 Dei
1823 1727 1892 1782 “.
1947 1730 2092 1795 Quo-

526 1807 669 1859 circa
699 1808 840 1876 quod
873 1809 1012 1863 Deus
1038 1821 1156 1864 erat
1208 1812 1430 1880 logicus,
1475 1831 1580 1870 non
1617 1818 1715 1872 fuit
1754 1818 1851 1874 hoc
1897 1831 2090 1892 myste-

441 1911 448 1917 ·
527 1894 686 1960 rium,
721 1897 860 1964 quod
891 1914 922 1950 a
951 1899 1142 1952 sa'culo
1165 1899 1527 1957 absconditum
1565 1905 1762 1974 fuerat,
1800 1921 1849 1963 et
1876 1929 1909 1964 α
1939 1929 2087 1981 gene-

527 1987 839 2042 rationibus.
873 1987 1055 2058 Neque
1112 1990 1240 2044 illud
1294 2009 1436 2048 nunc
1490 1999 1785 2053 revelatum
1840 2001 2038 2058 dicitur
2071 2045 2087 2070 ,

523 2078 665 2145 quod
690 2079 913 2149 singulis
944 2082 1272 2147 horninibus,
1297 2098 1392 2151 per
1418 2087 1665 2144 notiones
1695 2092 1966 2148 naturales
1997 2110 2088 2150 co-

523 2168 886 2235 guitissimum
910 2181 1015 2225 est.
1053 2172 1204 2238 Quod
1244 2177 1286 2230 si
1336 2178 1636 2248 interroget
1668 2182 1956 2251 quispiam,
2020 2185 2085 2237 il-

524 2259 613 2313 lud
663 2261 945 2328 quulenam
1003 2265 1154 2318 erat?
1187 2270 1473 2336 respondet
1515 2271 1824 2340 Apostolus,
1859 2275 1946 2330 ubi
1990 2277 2084 2339 ait,

521 2353 588 2404 At
617 2353 827 2407 nuncin
857 2357 1052 2410 sam-tis
1080 2359 1469 2424 manifestatum
1492 2372 1566 2417 est
1599 2364 1689 2430 ⁸⁸⁸,
1716 2365 1782 2420 iis
1811 2366 2084 2433 nimirum,

521 2444 716 2512 quibus
745 2445 910 2500 voluit
941 2449 1042 2504 hoc
1095 2450 1270 2518 ipsum
1300 2451 1438 2509 Deus
1477 2454 1741 2518 revelare,
1791 2474 1912 2528 qute
1963 2469 2088 2515 sunt

521 2535 722 2591 divitiae
759 2537 964 2607 giorim,
1001 2543 1241 2612 mysterii
1287 2545 1445 2614 hujus
1481 2547 1533 2600 in
1595 2549 1846 2619 gentibus
1891 2551 2087 2621 quibus

519 2637 604 2683 est
635 2629 885 2686 Christus
911 2632 961 2686 in
987 2633 1161 2689 nobis.
1197 2634 1443 2692 Christus
1498 2650 1618 2694 erat
1665 2640 1829 2709 igitur
1887 2653 2087 2714 mysteo

521 2719 660 2774 rium
695 2721 822 2775 illud
851 2741 864 2777 :
893 2721 1063 2779 Filius
1093 2725 1139 2781 is
1167 2727 1419 2781 nimirum
1459 2729 1572 2784 Dei.
1598 2729 1861 2797 Quocirca
1895 2735 2086 2804 mysti-

518 2827 640 2864 cum
669 2813 721 2866 in
747 2815 984 2878 modum,
1013 2815 1160 2870 illum
1208 2818 1337 2872 olim
1365 2819 1744 2877 diversimodis
1767 2825 2085 2893 appellatio-

518 2905 680 2960 nibus
703 2907 978 2976 prophetze
995 2906 1452 2975 gloriﬁcaverunt,
1478 2911 1529 2965 id
1555 2913 1695 2980 quod
1719 2924 1834 2967 erat
1867 2915 2083 2971 inenar-

517 2993 686 3048 rabile
712 2996 1106 3051 a-bscondentes
1135 3015 1152 3053 :
1194 2997 1444 3068 illiusque
1480 3003 1860 3059 revelationem
1897 3007 2083 3075 gratia;

517 3085 686 3154 ipsius
720 3086 771 3139 in
806 3102 994 3141 omnes
1026 3086 1405 3156 dill‘undendze,
1454 3093 1608 3161 quasi
1658 3095 1967 3151 thesaurum
1996 3114 2080 3154 re-

2196 630 2506 700 καιοσύνην,
2551 633 2643 684 καὶ
2669 632 2842 700 λόγον,
2890 635 2983 687 καὶ
3023 637 3130 688 πᾶν
3162 638 3191 690 ὃ
3215 655 3266 690 τι
3316 639 3478 694 καλὸν
3501 643 3595 696 καὶ
3631 645 3764 713 ἀγα-

2197 719 2321 785 θόν;
2378 719 2576 790 μᾶλλον
2635 721 2692 775 δὲ
2757 724 2918 777 αὑτὸν
2979 721 3115 779 εἶναι
3174 728 3348 782 πάντα
3407 730 3612 798 ταῦτα,
3670 738 3762 790 καὶ

2195 809 2250 862 εἴ
2263 828 2314 863 τι
2334 811 2536 866 τούτων
2561 811 2826 886 ἀνώτερόν
2853 832 2912 866 τε
2939 816 3029 869 καὶ
3049 821 3312 888 κρεῖττον,
3329 822 3422 874 καὶ
3440 826 3572 892 ἡμῖν
3589 825 3762 894 ἄγνω-

2197 901 2452 970 στον(58)
2486 919 2500 933 ο
2531 902 2704 956 ταῦτα
2750 905 2858 977 γὰρ
2898 906 3271 973 αὐτοδίδακτος
3301 910 3460 980 φύσις
3484 913 3760 983 ὁμολογεῖν

2196 993 2440 1064 περὶτοῦ
2466 992 2600 1047 Θεοῦ
2634 995 2812 1049 πάντα
2851 997 3136 1068 ἄνθρωπον
3162 999 3538 1071 ἐξαναγκάζει.
3572 1007 3760 1061 Ἔνθεν

2195 1085 2287 1138 καὶ
2310 1085 2401 1138 τὸν
2427 1087 2556 1140 Υίὸν
2573 1087 2931 1159 διδασκόμεθα
2959 1090 3135 1144 πάντα
3155 1091 3325 1147 ταῦτα
3353 1091 3509 1159 εἶναι,
3536 1097 3630 1151 ἆτε
3653 1100 3760 1152 Μο-

2194 1179 2383 1249 νογενῆ
2410 1179 2554 1244 Υίὺν,
2595 1180 2689 1234 καὶ
2713 1181 3040 1253 κληρονόμον
3081 1183 3206 1237 ὄντα
3249 1185 3342 1239 τοῦ
3388 1187 3617 1261 Πατρὸς,
3667 1192 3760 1246 καὶ

2198 1267 2362 1320 πάντ’
2419 1268 2644 1337 ἔχοντα,
2691 1271 2789 1323 ὅσα
2840 1275 2933 1326 καὶ
2989 1275 3018 1326 ὁ
3071 1275 3277 1346 Πατήρ.
3316 1276 3405 1329 Διὺ
3445 1278 3514 1330 ἐν
3559 1267 3760 1349 λιβρφῇ

2195 1356 2338 1411 Θεοῦ
2378 1358 2623 1412 λέλεκται
2677 1359 2820 1430 (59)·
2879 1361 2970 1415 καὶ
3029 1364 3206 1417 εἰκὼν
3258 1365 3363 1419 τοῦ
3415 1369 3561 1422 Θεοῦ
3624 1369 3756 1441 (60),

2190 1449 2334 1502 κατὰ
2361 1449 2451 1501 τὸν
2473 1448 2614 1503 θεῖον
2655 1451 2990 1518 Ἀπόστολον,
3020 1457 3263 1523 φήσαντα
3281 1495 3294 1507 .
3337 1458 3438 1522 Ὃς
3462 1458 3532 1510 ἐν
3557 1461 3761 1530 μορφῇ

2195 1543 2341 1597 Θεοῦ
2360 1541 2664 1611 ὑπάρχων,
2694 1544 2805 1610 οὐχ
2836 1542 3146 1612 ἁρπαγμὸν
3176 1544 3444 1614 ἡγήσατο
3472 1544 3622 1603 εἶναι
3645 1550 3757 1616 (6|)

2192 1633 2298 1688 ἴσα
2321 1632 2459 1699 Θεῷ.
2486 1634 2594 1686 Καὶ
2617 1633 2796 1686 πάλιν·
2829 1634 2933 1699 ’⁷ος
2951 1633 3120 1687 ἐστιν
3136 1633 3314 1688 εἰκὼν
3334 1637 3439 1690 τοῦ
3463 1639 3758 1710 Θεοῦ.ῐούκ

2189 1724 2297 1796 ἄρα
2324 1726 2385 1778 τὸ
2418 1724 2630 1792 λογικὸν
2659 1719 2796 1778 εἶναι
2825 1724 2915 1777 τὸν
2940 1725 3070 1779 Θεὸν
3089 1726 3242 1780 τοῦτο
3263 1722 3330 1798 ἦν
3351 1727 3416 1781 τὸ
3427 1729 3760 1800 μυστήριον

2191 1819 2251 1870 τὸ
2261 1816 2786 1886 ἀποκεκρυμμένον
2799 1817 2916 1870 ἀπὸ
2932 1816 3049 1870 τῶν
3062 1817 3288 1872 αἰώνων
3304 1821 3401 1874 καὶ
3415 1820 3530 1874 ἀπὸ
3547 1821 3663 1875 τῶν
3673 1841 3760 1894 γε·

2188 1905 2369 1958 νεῶν·
2404 1904 2522 1958 οὐδὲ
2566 1903 2719 1958 τοῦτο
2757 1905 2850 1958 νῦν
2892 1905 3228 1978 ἐφανερώθη,
3274 1908 3336 1961 τὸ
3384 1915 3638 1980 φυσικαῖς
3669 1915 3756 1966 ὲν-

2190 1999 2362 2060 νοίαις
2414 1999 2578 2052 πᾶσιν
2643 1997 2946 2070 ἀνθρώποις
3009 1999 3368 2071 ἐγνωσμένον.
3432 2003 3592 2057 Ἀλλὰ
3650 2007 3758 2078 γὰρ

2191 2089 2358 2151 ποῖον,
2377 2089 2425 2140 εί
2449 2086 2622 2158 ἔροιτό
2649 2104 2752 2149 τις,
2789 2088 3139 2160 ἀποκρίνεται
3171 2092 3198 2142 ό
3233 2091 3577 2155 Ἀπόστολος·
3608 2097 3756 2149 Νυνὶ

2188 2178 2255 2232 δὲ
2265 2179 2618 2248 ἐφανερώθη,
2636 2179 2829 2248 λέγων,
2846 2178 2968 2246 τοῖς
2978 2181 3166 2249 ἁγίοις
3179 2181 3384 2247 αὑτοῦ,
3402 2178 3482 2248 οἷς
3497 2183 3759 2255 ἠθέλησεν

2187 2273 2215 2324 ὁ
2243 2271 2373 2334 Θεὸς
2395 2271 2678 2342 γνωρίσαι,
2707 2271 2788 2336 τίς
2810 2274 2838 2325 ό
2861 2271 3088 2336 πλοῦτος
3112 2273 3210 2344 τῆς
3241 2273 3397 2345 δόξης
3431 2275 3523 2328 τοῦ
3551 2292 3756 2346 μυστη-

2191 2360 2305 2432 ρίου
2327 2360 2516 2414 τούτου
2546 2362 2603 2414 ὲν
2629 2364 2741 2425 τοῖς
2769 2361 2996 2426 ἔθνεσιν,
3017 2357 3100 2427 οἷς
3128 2364 3242 2417 ἐστι
3267 2365 3499 2436 Χριστὸς
3524 2369 3582 2420 ὲν
3609 2370 3751 2439 ὑμῖν.

2187 2452 2426 2522 Χριστὸς
2447 2447 2540 2506 οὖν
2566 2447 2635 2523 ἦν
2662 2453 2722 2506 τὸ
2750 2455 3075 2526 μυστήριονο
3106 2454 3262 2526 δῆλον
3293 2458 3338 2510 δ’
3369 2459 3450 2512 ὃτι
3481 2460 3609 2524 Υἱὸς
3643 2462 3755 2533 (62)

2185 2542 2279 2596 τοῦ
2309 2543 2464 2597 Θεοῦ.
2501 2544 2591 2597 Διὸ
2642 2546 2918 2616 μυστικῶς
2965 2547 3228 2618 πρότερον
3258 2549 3530 2622 διαφόροις
3569 2553 3617 2605 oi
3661 2552 3753 2606 τοῦ

2185 2634 2319 2688 Θεοῦ
2351 2636 2624 2707 προφῆται
2651 2637 2812 2690 αὑτὸν
2835 2636 3083 2717 ἐδόξαζον
3115 2641 3450 2711 ἐπηγορίαις,
3483 2643 3543 2696 τὸ
3581 2644 3754 2717 ἀπόρ-

2187 2726 2347 2796 ρητον
2381 2715 2844 2795 ἀποκρύπτοντες,
2873 2727 2967 2780 καὶ
3002 2730 3065 2798 τῇ
3102 2729 3266 2783 αὐτοῦ
3315 2731 3496 2803 χάριτι
3537 2733 3635 2806 τὴν
3674 2715 3756 2796 είς

2187 2815 2396 2880 πάντας
2432 2815 2771 2888 ἀποκάλυψιν
2797 2817 2960 2872 αὑτοῦ
2986 2822 3390 2891 ταμιευόμενοι.
3422 2824 3548 2876 Ὅτε
3577 2826 3754 2878 τοίνυν

2187 2907 2324 2978 μετὰ
2355 2907 2620 2972 τοσαύτας
2641 2908 2751 2962 τῶν
2776 2909 3005 2980 Γραφῶν
3034 2914 3336 2984 μαρτυρίας
3364 2915 3752 2986 διῖσχυρίζεται

2184 2997 2519 3070 Μάρκελλος,
2560 2999 2666 3053 τὸν
2692 3001 2761 3053 ἐν
2791 3000 2947 3068 ἀρχῇ
2981 3004 3194 3071 Λόγον,
3227 3005 3354 3076 πρὶν
3382 3005 3413 3076 ἢ
3448 3008 3546 3076 τὴν
3575 3007 3750 3079 σάρκα

2184 3089 2489 3154 ἀναλαϐεῖν,
2519 3092 2682 3162 μηδὲν
2709 3093 2892 3164 ἕτερον
2921 3089 3056 3148 εἶναι
3080 3096 3112 3167 ἢ
3136 3097 3306 3165 Λόγον
3327 3115 3341 3129 ο
3373 3100 3465 3151 καὶ
3496 3100 3616 3170 μηδ’
3645 3103 3753 3154 ἑτέ-

516 3186 801 3231 servantes
833 3177 1190 3233 reconditum.
1221 3179 1355 3235 Cum
1386 3197 1512 3238 vero
1545 3196 1664 3252 post
1696 3195 1772 3240 tot
1825 3202 1856 3242 e
1908 3191 2080 3246 sacris

2188 3199 2264 3254 ρῳ
2289 3183 2623 3254 χρηματίσαι
2642 3183 2890 3255 ὀνόματιο
2925 3185 3044 3239 τότε
3067 3187 3122 3240 δὲ
3152 3187 3418 3260 διαφόρων
3445 3192 3751 3263 ὲπηγοριῶν

516 3267 818 3338 Scripturis
845 3269 1152 3325 testimonia
1180 3275 1468 3329 contendat
1491 3267 1769 3333 Marcellus
1799 3278 2076 3336 nihilomi-

515 3375 638 3423 nus,
667 3360 818 3428 illud,
845 3361 910 3415 In
934 3365 1194 3434 principio
1245 3364 1712 3436 erat'Verbum”,
1745 3371 1878 3426 nihil
1933 3373 2076 3429 aliud

515 3453 773 3520 indicare,
805 3468 964 3523 quam
987 3470 1131 3521 eum,
1158 3458 1467 3529 priusquam
1494 3465 1800 3518 assumebat
1830 3480 2074 3530 carnem,

513 3542 645 3598 nihil
675 3543 820 3599 aliud
875 3561 1034 3616 quam
1087 3547 1316 3604 Verbum
1364 3552 1682 3610 exstitisse:
1743 3569 1917 3624 neque
1967 3548 2121 3610 ullo'

512 3643 709 3702 praater
734 3635 862 3691 illud
903 3638 1120 3693 nomine
1149 3641 1473 3709 appellatum
1503 3661 1516 3696 :
1543 3652 1652 3698 tum
1682 3659 1810 3699 vero
1841 3645 2075 3716 primum

511 3739 608 3793 per
629 3728 808 3782 varias
837 3728 1133 3785 indicatum
1168 3736 1634 3800 nomenclaturas,
1687 3736 1902 3805 quando
1940 3735 2077 3791 Ver-

2183 3275 2554 3347 τετυχηκέναι,
2586 3275 2673 3328 ὅτε
2702 3277 2731 3328 ὀ
2765 3277 2935 3346 Λόγος
2979 3277 3116 3350 σὰρξ
3150 3280 3383 3348 ἐγένετο,
3421 3282 3525 3355 πρὸ
3561 3281 3748 3335 τούτου

2185 3368 2349 3438 μηδὲν
2399 3366 2582 3438 ἕτερον
2636 3366 2762 3420 ὄντα
2811 3369 2843 3439 ἣ
2885 3371 3084 3439 Λόγον·
3132 3372 3249 3435 πῶς
3279 3374 3378 3426 οὑκ
3411 3373 3625 3446 ἀμαθὴς
3658 3377 3754 3428 καὶ

2183 3459 2437 3524 ἀσύνετος
2484 3459 2592 3512 τῶν
2645 3460 2803 3514 θείων
2848 3463 3110 3535 ἐλέγχοιτ’
3155 3465 3222 3519 ἂν
3271 3467 3745 3538 άναγνωσμάτων;

2195 3551 2354 3605 Ἀλλὰ
2413 3552 2543 3624 γὰρ,
2590 3552 2778 3607 τούτου
2827 3557 3137 3622 συστάντος,
3201 3559 3334 3632 φέρε
3388 3561 3590 3626 λοιπὸν,
3637 3561 3748 3615 ὦσ-

2184 3663 2290 3716 περ
2345 3645 2768 3711 ἀναϐεϐιωκότα,
2826 3649 2917 3701 τὸν
2967 3650 3084 3706 νέον
3139 3652 3422 3707 Σαϐέλλιον
3483 3657 3748 3708 ἐποπτεύ-

2185 3754 2385 3808 σωμεν.

510 3819 636 3874 bum
669 3836 801 3876 caro
835 3822 1035 3877 factum
1061 3823 1257 3890 fuerat,
1289 3842 1413 3881 cum
1440 3829 1592 3898 prius
1648 3840 1846 3899 praeter
1875 3828 2111 3886 Verbum
2149 3833 2307 3903 plane
2329 3830 2460 3886 nihil
2528 3834 2864 3903 exstitisset;
2906 3844 3052 3893 certe
3097 3853 3318 3907 prorsus
3363 3842 3451 3897 hic
3496 3841 3745 3900 indoctus

509 3913 950 3984 deprehenditur,
982 3927 1036 3972 et
1070 3919 1119 3973 in
1155 3919 1450 3992 Scripturis
1490 3923 1662 3979 sacris
1710 3925 2074 3996 intelligendis
2109 3927 2266 3998 plane
2327 3928 2525 3984 infans.
2562 3926 2673 3985 Hoc
2735 3944 2867 3986 vero
2905 3930 2983 3986 sic
3011 3931 3296 4001 adornato,
3331 3933 3558 4006 agedum
3588 3937 3743 3991 dein-

509 4025 658 4082 ceps,
682 4011 849 4066 veluti
882 4013 1205 4080 redivivum,
1246 4034 1442 4074 novum
1477 4018 1621 4077 hunc
1648 4020 1942 4078 Sabellium
1976 4024 2437 4096 introspiciamus.
2711 4007 2721 4015 ’

582 4170 783 4243 ῨΒῌΕᾴ,
811 4169 986 4226 Paris.
1016 4187 1144 4243 pag.
1175 4174 1296 4228 101.

577 4238 625 4272 ⁸³
653 4239 881 4310 Philipp.
909 4257 969 4310 tt,
1001 4238 1054 4296 6.
1097 4238 1176 4276 ’σε
1205 4244 1368 4300 llebr.
1399 4261 1452 4311 t,.
1471 4247 1524 4301 ‘5.
1595 4246 1661 4280 ’δ’
1682 4246 1890 4304 Coloss.
1921 4263 1958 4314 t,
1988 4247 2078 4305 26.
2153 4251 2200 4284 ⁸³
2224 4248 2381 4305 Joan.
2409 4267 2448 4317 ι,
2477 4252 2528 4306 l.

574 4419 688 4494 (βξ)
713 4420 880 4494 Υιιιεο
911 4422 1033 4492 ἄγνο
1073 4424 1179 4494 εἴη·

571 4492 683 4560 (59)
717 4491 886 4560 Vulgo
927 4491 1162 4561 λέγεταιζ

712 4563 910 4639 Elicio?
937 4564 1044 4639 τοᾷ
1073 4565 1243 4622 Θεοῦ.
1277 4567 1427 4624 Adde
1453 4568 1706 4639 ἀοράτου,
1735 4569 1804 4623 Μ.

576 4631 688 4708 (61)
712 4633 882 4708 Vulgo
907 4636 968 4690 τὸ
991 4631 1150 4691 εἶναι.

2169 4433 2362 4513 ληίδε)
2395 4433 2592 4513 erigat
2621 4436 2675 4490 δ’
2708 4437 2798 4492 ὅτι
2827 4440 2977 4507 Υἱός.
3023 4441 3192 4513 Forte,
3235 4441 3395 4513 δῆλον
3447 4442 3523 4508 δὲ,
3556 4444 3744 4499 καθότι

2165 4504 2304 4583 ’ἴςῑδς
2335 4505 2428 4583 τοᾷ
2458 4505 2630 4583 θεοῦ..
2660 4522 2852 4583 nempe
2888 4504 3012 4583 ante
3037 4511 3229 4567 szecula
3263 4504 3548 4583 e'xsistcus,
3576 4532 3742 4583 oppo-

2177 4575 2310 4630 situs
2343 4575 2456 4653 lilio
2487 4577 2742 4634 hominis.
2764 4576 2831 4636 Μ.
2858 4580 3060 4638 -Μοχ
3101 4582 3254 4653 vulgo
3287 4575 3544 4649 ἐδόξασαν
3568 4575 3624 4639 εἰ
3640 4575 3738 4639 τα-

2178 4645 2472 4717 μιευμένοι.
