4158 6390
553 403 657 459 899

1275 401 1538 457 EUSEBII
1576 399 2044 457 CASSARIENSIS
2079 399 2233 455 OPP.
2279 399 2454 455 PARS
2493 402 2582 456 iV.
2624 433 2692 441 —
2729 398 3146 457 DOGMATICA.

2773 146 2974 172 -.ι’-’ἔ

3685 399 3797 452 900'

548 523 640 577 29..
683 523 837 589 Quod
863 532 910 577 et
958 524 1015 576 in
1060 523 1325 593 prophetis
1375 537 1466 588 per
1514 519 1716 575 Filium
1770 520 1936 577 Pater
1979 520 2117 575 Deus

2228 518 2305 589 ιβ’
2333 520 2464 593 Ὅτι
2495 520 2594 593 καὶ
2645 521 2716 574 ὲν
2753 519 2878 593 τοῖς
2918 518 3246 589 προφήταις
3287 517 3384 571 διὰ
3425 517 3532 572 τοῦ
3582 517 3719 572 Υἱοῦ
3763 522 3796 572 ό

621 596 921 648 docebatur.

547 664 637 716 9.3.
681 663 831 726 Quod
868 661 1100 716 Ecclesia
1137 662 1347 714 minime
1384 665 1633 726 prtrdicat
1669 663 1798 716 duos
1826 663 1970 717 deos.

547 733 638 788 Si.
681 731 827 798 Quod
864 731 1144 785 Jiarcellus
1189 731 1554 786 assimilaverit
1595 734 1688 786 Dei
1732 731 1954 786 Verbum
1995 731 2115 784 uni-

619 805 850 882 ggm‘tum
889 805 1054 855 verbis
1092 801 1186 854 Dei
1224 802 1407 868 illisce,
1441 803 1630 874 quibus
1666 805 1987 880 imperantur
2025 802 2113 871 fa-

547 875 924 1006 Ξὸῗωόἕείὶιεν
955 944 1064 1010 ipse
1091 942 1188 996 sibi
1211 943 1488 1008 contraria
1522 941 1751 1007 scripsit.

1222 1207 1374 1266 CAP.
1414 1207 1452 1262 l.

641 1314 888 1381 Qualiter
921 1315 1138 1372 Sabellii
1174 1314 1362 1386 dogma
1396 1315 1704 1371 restauravit
1744 1301 2045 1371 Marcellus.

623 1451 749 1507 Post
775 1451 1013 1507 exhibita
1038 1451 1344 1506 testimonia
1379 1450 1671 1522 Scriptura:
1704 1464 1894 1516 sacrm,
1926 1451 2121 1520 quibus

553 1544 681 1599 illud
716 1554 990 1599 ostensum
1030 1552 1132 1609 est,
1173 1543 1312 1613 quod
1358 1558 1464 1597 non
1516 1543 1853 1598 solummodo
1884 1543 2115 1598 Verbum

551 1638 848 1692 vocabatur
880 1634 973 1689 Dei
1027 1635 1194 1690 Filius
1244 1645 1368 1689 ante
1420 1649 1572 1689 suum
1614 1635 1668 1688 in
1705 1648 1870 1689 carne
1919 1635 2116 1690 adven-

554 1741 683 1793 tum,
715 1729 789 1781 uti
823 1727 1072 1782 Marcello
1123 1728 1296 1781 visum
1346 1727 1564 1789 fuerat,
1604 1726 1698 1781 sed
1733 1726 2003 1781 sexcentis
2049 1729 2116 1782 ab

2291 589 2494 658 Πατὴρ
2520 590 2903 659 ἐθεολογεῖτο.

2220 667 2305 729 κγ’
2345 661 2475 713 ’Ὁτι
2495 660 2580 730 μὴ
2606 659 2716 730 δύο
2737 657 2921 727 θεοὺς
2951 660 2990 728 ἡ
3022 657 3356 730 Ἐκκλησία
3378 658 3670 730 κηρύττει.

2219 726 2576 808 κᾶν-’Ὅπως
2594 726 2944 808 Μᾴρκελλός
2969 726 3101 808 τοῖς
3115 729 3317 808 λόγοις
3353 727 3460 808 τρῦ
3489 728 3640 808 ἓεοῦ
3668 726 3793 808 τοῖς

2287 799 2407 854 τῶν
2443 797 2747 868 πρακτέων
2803 797 3291 868 παραγγελτικοῖς
3341 797 3446 852 τὸν
3481 797 3790 866 Moverer-ﬁ

2291 870 2485 940 Λόγον
2510 870 2836 940 ἀφωμοίου.

2219 948 2319 994 κε’.
2363 936 2566 1006 Ὅπωξ
2581 936 2769 1005 ,αὐτὸς
2801 937 2989 1004 ἑαυτῷ
3011 937 3296 993 τάναντία
3317 936 3558 1008 ἐπραψε.

2880 1203 3037 1260 ΚΕΦ.
3069 1207 3152 1258 Λ’⁴

2227 1299 2418 1363 Ὅπως
2453 1296 2566 1366 τὴν
2593 1297 2922 1353 Σαϐελλίου
2957 1295 3158 1422 ἔὲξαν
3199 1293 3517 1350 ἀνενεοῦτο
3559 1297 3593 1349 ὁ
3636 1295 3795 1364 Μάρ-

2892 1384 2958 1421 κε
3041 1385 3129 1422 oc.

2892 1384 3129 1432 κενινιος.

2296 1457 2452 1517 Μετὰ
2477 1456 2574 1522 τὰς
2604 1455 2995 1528 παρατεθείσας
3056 1455 3165 1526 (65)
3207 1453 3314 1507 τῶν
3356 1452 3514 1507 θείων
3553 1454 3795 1521 ἀναγνω-

2226 1550 2444 1622 σμάτων
2470 1549 2786 1621 μαρτυρίας,
2841 1547 2953 1619 (64)
2975 1546 3040 1600 δι’
3076 1539 3152 1600 ὧν
3192 1545 3274 1598 ὅτι
3319 1544 3394 1615 μὴ
3437 1543 3596 1614 μόνον
3627 1543 3795 1612 Λόγος

2224 1641 2506 1713 ὠνόμαστο
2533 1641 2638 1712 πρὸ
2679 1641 2777 1711 τῆς
2817 1639 3081 1710 ὲνσάρκου
3123 1635 3425 1707 παρουσίας
3469 1637 3498 1688 6
3531 1635 3658 1698 Υἱὸς
3697 1635 3792 1689 τοῦ

2224 1729 2382 1797 Θεοῦ,
2411 1730 2676 1803 παρέστη,
2693 1730 2881 1802 ὥσπερ
2895 1726 2985 1784 οὖν
3007 1729 3180 1784 ἐδόκει
3203 1726 3524 1799 Μαρκέλλῳ,
3548 1726 3681 1780 ἀλλά
3701 1729 3796 1781 καὶ

556 1834 622 1872 eo
689 1823 747 1882 »Β
798 1818 1024 1871 diversis
1073 1817 1415 1882 nominibus,
1462 1817 1687 1887 agedum
1730 1819 1982 1888 deinceps
2035 1819 2117 1873 in-

2228 1822 2396 1894 μυρία
2419 1821 2582 1892 ἕτερα
2614 1864 2629 1889 ,
2661 1822 2792 1894 φέρε
2821 1822 2885 1893 δὴ
2909 1821 3090 1875 λοιπὸν
3116 1819 3400 1873 Σαϐελλίω
3422 1819 3656 1882 είδωλον,
3690 1819 3797 1874 ὥσ-

554 1920 800 1963 Iueamur
834 1908 1030 1962 idolum
1056 1905 1294 1972 Sabellii,
1328 1908 1471 1962 velut
1498 1911 1562 1963 de
1595 1917 1742 1963 terra
1779 1924 1840 1966 se
1867 1924 2124 1966 exseren-

551 1999 641 2052 tis.
667 1999 844 2053 Ausus
873 2006 957 2052 est
992 1997 1201 2061 dicere,
1247 1997 1446 2065 ipsum,
1477 1997 1566 2066 qui
1605 2012 1767 2069 super
1795 1999 1977 2054 omnia
2022 2007 2125 2064 εει,

552 2089 764 2143 Patrem
799 2089 1005 2144 Domini
1045 2088 1213 2143 nostri
1240 2087 1365 2144 Jesu
1390 2090 1612 2156 Christi,
1643 2092 1811 2146 Deum
1837 2092 1904 2147 de
1938 2103 2125 2146 sancta

551 2181 770 2250 Virgine
803 2181 1076 2250 genitum;
1122 2180 1298 2249 ipsum
1335 2196 1550 2252 quoque
1593 2198 1840 2253 passum,
1887 2184 2013 2238 dum
2055 2186 2126 2239 ita

551 2273 743 2327 scribit
784 2290 797 2325 :
846 2270 936 2344 [Β.
964 2270 1130 2324 XLIX
1181 2271 1307 2326 coli.
1345 2289 1399 2343 p.
1428 2271 1499 2326 55
1533 2272 1597 2345 1)]
1634 2293 1652 2324 ι
1695 2273 1960 2341 Quidnam
2012 2286 2129 2328 erat

555 2379 575 2412 s
619 2377 768 2431 ergo,
813 2363 954 2430 quod
1000 2360 1277 2415 descendit
1311 2370 1438 2417 ante
1493 2362 1965 2417 incarnationem?
1998 2361 2127 2418 Om-

554 2470 574 2502 s
623 2451 748 2506 nino
786 2451 948 2516 dicet,
994 2449 1228 2520 Spiritus
1261 2462 1400 2507 erat.
1445 2450 1581 2507 Nam
1615 2453 1659 2508 si
1694 2467 1852 2508 secus
1889 2469 2129 2522 pronun-

555 2562 573 2593 ι
619 2543 799 2608 tiarel,
839 2543 1162 2612 obloquetur
1196 2544 1245 2598 ei
1274 2544 1498 2614 angelus
1531 2545 1599 2608 is.
1627 2545 1716 2614 qui
1747 2545 1812 2599 ad
1853 2544 2125 2617 Virginem

555 2651 576 2686 s
619 2636 715 2702 ait,
750 2634 980 2701 Spiritus
1011 2644 1224 2690 sanctus
1260 2637 1582 2704 superveniet
1620 2639 1674 2692 in
1709 2648 1759 2692 te
1802 2637 1865 2691 ⁵⁸.
1898 2637 2050 2706 Quod
2082 2638 2127 2693 si

557 2741 578 2775 ι
623 2726 958 2779 concesserit
985 2739 1106 2780 esse
1151 2726 1429 2796 spiritum,
1457 2728 1669 2791 {audiat
1698 2727 1965 2782 dicentem
1999 2727 2130 2783 Ser-

559 2835 580 2868 s
626 2827 866 2881 vatorem
915 2834 928 2870 :
975 2815 1116 2874 Deus
1155 2818 1375 2886 spiritus
1408 2825 1484 2872 est
1516 2817 1586 2873 δ’.
1625 2835 1645 2870 s
1696 2817 1857 2874 Hisce
1909 2820 2119 2885 verbis,

553 2912 677 2964 dum
705 2909 794 2978 qui
832 2918 915 2963 est
947 2923 1111 2978 super
1151 2923 1374 2974 omnes,
1413 2909 1479 2964 de
1507 2925 1614 2980 quo
1644 2925 1744 2964 nos
1782 2912 1965 2967 docuit
2002 2911 2129 2966 Sor-

2228 1931 2336 1985 περ
2369 1914 2478 1967 άπὸ
2509 1914 2612 1985 γῆς
2645 1913 2951 1984 ἀνακῦψαν.
2986 1911 3431 1982 ὲποπτεύσωμεν.
3471 1912 3795 1982 Ἐτόλμησεν

2227 2008 2398 2061 εἰπεῖν
2427 2007 2537 2076 (65)
2571 2003 2733 2061 αὐτὸν
2763 2006 2853 2060 τὸν
2893 2007 2984 2060 ἐπὶ
3043 2006 3259 2062 πάντων
3289 2005 3441 2069 Θεὸν,
3467 2005 3557 2058 τὸν
3579 1985 3797 2078 Πατέρα

2228 2100 2318 2153 τοῦ
2346 2100 2550 2172 Κυρίου
2577 2099 2732 2172 ἡμῶν
2758 2100 2933 2172 Ἰησοῦ
2955 2099 3214 2172 Χριστοῦ,
3235 2099 3591 2170 γεγεννῆσθαι
3615 2101 3679 2151 ὲκ
3701 2098 3798 2168 τῆς

2227 2191 2387 2260 ἁγίας
2420 2191 2726 2264 Παρθένου,
2759 2193 2853 2246 καὶ
2889 2192 3051 2246 αὑτὸν
3083 2193 3425 2259 πεπονθέναι,
3453 2191 3640 2245 τοῦτον
3664 2192 3798 2262 γρά-

2227 2283 2332 2352 ψας
2353 2284 2443 2337 τὸν
2462 2284 2663 2356 τρόπον
2680 2301 2696 2315 ·
2733 2303 2752 2335 ι
2788 2283 2853 2336 Τί
2882 2285 3058 2338 τοίνυν
3081 2281 3150 2356 ἦν
3181 2285 3241 2338 τὸ
3266 2285 3545 2350 κατελθὸν,
3574 2284 3680 2355 πρὸ
3705 2282 3798 2336 τοῦ

2234 2393 2253 2426 ι
2285 2373 2737 2446 ὲνανθρωπῆσαι;
2766 2358 2990 2438 Πάντως
3033 2373 3137 2428 πού
3171 2393 3304 2446 φησι
3329 2374 3570 2445 Πνεῦμα.
3603 2375 3666 2426 Ei
3695 2373 3800 2444 γάρ

2234 2487 2252 2518 ‹
2290 2485 2342 2520 τι
2382 2467 2532 2542 παρὰ
2564 2467 2722 2521 τοῦτο
2749 2467 2928 2537 λέγειν
2962 2467 3152 2534 ἐθέλοι,
3190 2468 3628 2538 οὺσυγχωρήσει
3655 2463 3802 2536 αὐτῷ

2233 2577 2252 2610 ι
2285 2559 2313 2610 6
2351 2558 2487 2630 πρὸς
2535 2560 2633 2630 τὴν
2683 2559 2957 2631 Παρθένον
2998 2558 3236 2631 εἰρηκὼς
3281 2558 3802 2628 ἅγγελος·11νεῦμα

2233 2668 2251 2702 ι
2288 2650 2960 2720 ἅγιονέπελεύσεταιὲπὶ
2981 2649 3073 2706 σέ.
3106 2652 3167 2705 El
3190 2651 3246 2704 δὲ
3276 2651 3498 2724 Πνεῦμα
3545 2646 3682 2704 εἷναί
3706 2669 3802 2722 φη-

2234 2758 2252 2791 ι
2289 2757 2394 2804 σιν,
2447 2741 2691 2795 ἀκουέτω
2741 2740 2834 2795 τοῦ
2885 2743 3132 2813 Σωτῆρος
3181 2742 3429 2811 λέγοντος
3449 2759 3462 2772 ·
3489 2742 3727 2812 Πνεῦμα
3767 2746 3800 2796 ὀ

2234 2850 2254 2883 ι
2294 2834 2452 2896 Θεός.
2479 2853 2498 2886 ι
2520 2833 2618 2887 Διὰ
2644 2835 2846 2888 τούτων
2861 2835 2952 2889 τὸν
2975 2835 3085 2888 τῶν
3106 2833 3242 2888 ὅλων
3258 2834 3410 2898 Θεὸν,
3436 2825 3634 2908 περιοῦ
3648 2837 3677 2888 6
3692 2835 3802 2888 Σω-

2227 2924 2332 2996 τὴρ
2356 2927 2450 2980 καὶ
2491 2925 2694 2998 Κύριος
2745 2926 2900 3000 ἡμῶν
2940 2926 3194 2994 ἐδίδαξεν,
3246 2926 3452 2981 εἰπών’
3505 2926 3742 2997 Πνεῦμα
3769 2931 3802 2981 ὀ

553 3009 709 3053 vator
737 3008 793 3054 et
832 3000 1120 3067 Dominus,
1161 3000 1446 3071 inquiens,
1488 3000 1632 3056 Deus
1673 3003 1889 3071 spiritus
1927 3013 2039 3070 est,
2080 3016 2125 3059 et

2232 3017 2394 3086 Θεὸς,
2436 3019 2534 3072 καί
2585 3019 2728 3089 τοὺς
2783 3019 3277 3088 προσκυνοῦντας
3307 3020 3512 3087 αὑτὸν,
3539 3021 3608 3075 ἐν
3633 3021 3807 3075 πνεύο

547 3091 637 3160 qui
674 3090 898 3144 adorant
936 3105 1077 3155 eum,
1114 3107 1202 3146 eos
1241 3095 1300 3146 in
1331 3092 1520 3162 spiritu
1553 3102 1602 3148 et
1640 3095 1864 3150 veritate
1904 3098 2125 3153 adorare

2228 3123 2367 3176 ματι
2411 3109 2508 3162 καὶ
2540 3110 2789 3179 ἀληθείᾳ
2831 3110 2926 3165 δεῖ
2948 3111 3333 3180 προσκυνεῖν,
3378 3111 3440 3165 τὸ
3473 3111 3705 3166 ἐπελθὸν
3734 3115 3802 3183 τῇ

550 3192 747 3251 oportet
775 3182 843 3249 ⁸³,
880 3184 1132 3254 spiritum
1181 3183 1334 3239 illum
1387 3198 1508 3240 esse
1541 3188 1876 3256 pronuntiat,
1918 3190 2010 3260 qui
2042 3208 2125 3246 su-

2236 3199 2496 3272 Παρθένῳ
2522 3178 2746 3273 Πνεῦμα
2774 3197 2911 3256 εἶναι
2939 3178 3072 3275 ἓςρη·
3111 3203 3367 3275 ἄντικρυς
3401 3203 3493 3257 τὸν
3526 3178 3808 3257 Σαϐέλλιον

553 3277 804 3348 pervenit
843 3277 1139 3348 Virginem,
1191 3277 1412 3333 Sabellii
1450 3293 1694 3335 errorem
1746 3296 2035 3342 renovans.
2076 3286 2125 3341 in

2235 3291 2643 3364 ἀνανεούμενος.
2677 3293 2788 3347 Καὶ
2813 3293 3016 3366 προῖὼν
3051 3293 3198 3366 ἑξῆς,
3241 3295 3500 3367 Ἰερεμίου
3544 3294 3637 3348 τοῦ
3672 3313 3808 3367 προ-

553 3382 842 3438 progressu
873 3367 1113 3434 demum,
1144 3384 1266 3425 cum
1305 3368 1570 3426 Jeremias
1608 3370 1876 3446 [Baruch]
1909 3376 1974 3431 de
2005 3377 2125 3434 Ser-

2234 3385 2407 3455 φήτου
2435 3387 2564 3456 περὶ
2589 3385 2687 3456 τῆς
2714 3386 3177 3459 ὲνανθρωπήσεως
3215 3388 3306 3442 τοῦ
3341 3388 3593 3460 Σωτῆρος
3624 3389 3810 3456 σαφῶς

550 3463 757 3520 vatoris
813 3463 1188 3519 incarnatione
1233 3464 1440 3520 diceret
1483 3480 1499 3520 :
1545 3467 1672 3522 Post
1721 3468 1832 3522 hac
1880 3469 1939 3525 in
1981 3472 2125 3526 terris

2237 3474 2539 3546 εἰρηκότος,
2569 3476 2733 3529 Μετὰ
2746 3475 2930 3529 ταῦτα
2959 3476 3056 3530 ἐπὶ
3079 3475 3190 3545 τῆς
3216 3475 3328 3546 γῆς
3355 3475 3542 3544 ὤφθη,
3565 3476 3661 3529 καὶ
3687 3475 3812 3542 τοῖς

552 3555 695 3608 risus
727 3563 824 3619 est,
843 3565 889 3610 et
929 3571 1045 3609 cum
1081 3553 1374 3612 hominibus
1391 3566 1723 3614 conuersatus
1749 3557 1818 3626 '°,
1855 3561 2132 3618 oraculum

552 3647 684 3702 illud
703 3646 804 3703 iste
829 3647 896 3706 ad
919 3646 1132 3704 Patrem
1161 3649 1366 3714 retulit,
1385 3648 1609 3705 totidem
1640 3652 1824 3709 verbis
1844 3655 2087 3712 scribens
2114 3673 2130 3712 :

553 3738 645 3810 Eli.
675 3739 710 3794 4
738 3739 858 3794 coll.
885 3755 938 3810 p.
967 3740 1071 3796 152
1102 3739 1158 3812 υ]
1192 3757 1211 3792 ι
1239 3741 1342 3796 Sed
1369 3741 1583 3796 videtur
1610 3752 1666 3798 et
1689 3742 1853 3800 Pater
1883 3747 1936 3802 in
1969 3749 2133 3803 verbo

560 3850 580 3882 ι
624 3845 766 3899 esse,
797 3833 920 3887 licet
957 3831 1114 3888 aliter
1153 3832 1366 3887 Asterio
1410 3842 1465 3888 et
1503 3836 1655 3904 paria
1707 3851 1828 3892 cum
1868 3837 1962 3896 illo
2001 3855 2130 3896 sen-

569 3939 586 3971 ι
635 3921 893 3977 tieulibus
933 3922 1196 3977 videatur.
1220 3941 1239 3974 ι
1273 3922 1411 3989 Quin
1443 3923 1496 3978 in
1543 3924 1854 3984 Servatoris
1882 3932 2133 4000 passione

557 4014 659 4068 hoc
695 4013 868 4082 ipsum
903 4014 1051 4071 facit.
1095 4013 1227 4068 Nam
1257 4029 1378 4068 cum
1411 4015 1476 4070 de
1505 4014 1741 4073 Tbrenis
1763 4018 2012 4077 Ieremia:
2046 4039 2132 4079 re-

556 4105 791 4170 tulisset,
830 4103 1058 4173 Spiritus
1097 4105 1204 4159 oris
1241 4107 1407 4160 nostri
1439 4105 1702 4175 Christus,
1739 4124 1922 4179 captus
1962 4127 2036 4170 est
2074 4117 2130 4174 in

553 4197 781 4264 peccatis
827 4197 1018 4253 nostris
1059 4197 1126 4262 °°,
1169 4196 1412 4268 adjuugit
1455 4220 1468 4257 :
1516 4198 1588 4272 [Β
1616 4200 1710 4276 41]
1743 4222 1760 4256 ι
1790 4204 1854 4260 Et
1884 4207 1971 4263 hic
2005 4225 2133 4278 pro-

563 4305 582 4338 ι
629 4289 787 4358 pheta
831 4289 899 4343 de
930 4288 1093 4343 verbo
1127 4291 1216 4359 qui
1257 4306 1476 4347 carnem
1520 4305 1760 4352 nostram
1804 4302 2127 4372 assumpsit,

561 4397 581 4433 ι
627 4379 866 4435 disserit.
895 4398 914 4434 s
962 4380 1029 4436 Et
1080 4392 1191 4435 tum
1237 4381 1444 4441 infert:
1485 4401 1506 4436 ι
1535 4383 1696 4441 Pater
1743 4390 1948 4447 umbrze
1994 4408 2128 4448 con-

560 4489 580 4521 s
625 4471 766 4525 ditor
809 4471 945 4526 haud
1004 4473 1234 4528 dicetur.
1261 4491 1280 4525 ι
1325 4474 1481 4540 Quod
1539 4491 1668 4532 vero
1719 4477 1860 4536 Deus
1903 4483 2125 4552 spiritus

555 4561 745 4628 fuerit,
792 4563 1047 4622 Servator
1078 4565 1234 4622 docet
1265 4585 1279 4624 :
1317 4565 1456 4624 Deus
1497 4569 1728 4640 Spiritus
1760 4582 1858 4630 est.
1900 4574 2036 4643 Quin
2069 4591 2123 4636 et

556 4655 698 4721 quod
741 4655 832 4709 lux
867 4657 968 4722 sit,
1017 4671 1116 4711 nos
1159 4660 1323 4712 etiam
1375 4660 1531 4716 docet
1565 4680 1580 4717 :
1621 4663 1736 4732 Ego
1783 4683 1898 4720 sum
1939 4668 2121 4731 lux“.

558 4743 718 4799 Vides
744 4760 832 4812 en,
863 4757 921 4800 ut
959 4746 1096 4801 dicta
1129 4748 1241 4802 haec
1287 4748 1352 4804 de
1385 4749 1690 4820 Servatore,
1718 4757 1786 4812 ad
1821 4755 1998 4815 Patris
2043 4762 2125 4815 di-

554 4834 833 4890 \‘iuilaleiu
882 4837 1098 4896 referat.
1147 4837 1307 4896 Tollit
1340 4856 1470 4895 vero
1503 4841 1622 4899 Filii
1672 4846 1986 4917 bypostasin
2035 4852 2120 4906 di-

2231 3565 2561 3634 ἀνθρώποις
2608 3567 3095 3636 συνανεστράερη,
3128 3569 3220 3620 ἐπὶ
3244 3568 3333 3621 τὸν
3361 3568 3578 3642 Πατέρα
3608 3568 3808 3637 άναφέο

2238 3677 2319 3732 ρει
2349 3659 2409 3714 τὸ
2440 3659 2639 3730 λόγιον,
2667 3662 2889 3730 φάσκων
2904 3662 3084 3724 αὐτοῖς
3112 3661 3372 3734 ῥήμασιν·
3414 3679 3432 3711 ι
3456 3659 3599 3724 Ἀλλ,
3634 3659 3809 3712 ἔοικεν

2238 3767 2257 3800 ‹
2293 3751 2349 3803 ὲν
2389 3750 2468 3821 τῷ
2493 3751 2899 3822 ΛόγῳὸΠατὴρ
2931 3745 3090 3814 εῖναι,
3125 3749 3516 3822 κᾶνρὶστερίῳ
3549 3750 3624 3821 μὴ
3652 3751 3805 3821 δοκῇ,

2237 3861 2257 3893 ι
2292 3843 2386 3896 καὶ
2435 3844 2547 3907 τοῖς
2586 3843 2756 3896 ταύτὰ
2816 3841 2925 3914 (66)
2986 3841 3178 3913 ἐκείνῳ
3244 3841 3550 3913 φρονοῦσιν.
3623 3860 3642 3893 s
3702 3843 3810 3895 Καὶ

2233 3935 2325 3987 ἐπὶ
2352 3933 2446 3990 τοῦ
2486 3933 2690 3998 πάθους
2718 3935 2773 3988 δὲ
2803 3935 2897 3988 τοῦ
2925 3935 3175 4008 Σωτῆρος
3208 3935 3402 3988 ταύτὸν
3432 3937 3591 3988 ποιεῖ.
3621 3935 3810 4006 Παρα-

2232 4024 2344 4090 θεὶς
2387 4026 2494 4098 γὰρ
2542 4025 2649 4080 ἀπὸ
2686 4025 2794 4082 τῶν
2843 4025 3104 4100 Ἱερεμίου
3153 4028 3399 4100 Θρήνων,
3446 4026 3514 4081 Τὸ
3571 4028 3813 4097 Πνεῦμα

2230 4119 2554 4187 προσώπου
2583 4119 2752 4190 ἡμῶν
2784 4121 3034 4189 Χριστὸς
3066 4123 3299 4191 Κύριος,
3339 4119 3691 4189 συνελήφθη
3741 4121 3812 4174 ὲν

2229 4211 2358 4277 ταῖς
2392 4211 2737 4282 διαφθοραῖς
2764 4215 2962 4268 αὐτων
2985 4213 3117 4283 (67),
3150 4213 3413 4282 ἐπιλέγει,
3453 4231 3471 4265 ι
3517 4213 3814 4269 Κάνταῦθα

2237 4322 2255 4355 ι
2290 4303 2490 4378 ὁμοίως
2516 4306 2545 4358 6
2577 4306 2860 4378 προφήτης
2893 4305 3020 4378 περὶ
3042 4304 3136 4358 τοῦ
3165 4306 3264 4377 τὴν
3289 4305 3563 4377 ἡμετέραν
3589 4306 3809 4378 ἀνειλη-

2235 4415 2253 4446 ι
2296 4395 2456 4464 φότος
2488 4395 2667 4467 σάρκα
2695 4395 2804 4468 (68)
2827 4395 2986 4466 λόγον
3015 4396 3343 4465 διαλέγεται.
3381 4417 3399 4449 s
3451 4397 3730 4468 Ἐπιφέρει
3755 4397 3813 4451 δὲ

2156 4525 2200 4580 D
2229 4487 2417 4557 λέγων’
2451 4507 2469 4540 t
2499 4487 2724 4561 Πνεῦμα
2751 4491 2907 4554 σκιᾶς
2927 4489 3039 4562 (69)
3068 4491 3345 4562 ποιητικὸν
3371 4491 3469 4545 οὐκ
3495 4491 3558 4544 ἄν
3580 4507 3708 4546 ποτε
3730 4491 3814 4558 γέ-

2235 4601 2252 4630 ι
2290 4598 2453 4635 νοιτο.
2483 4601 2501 4634 ι
2529 4581 2758 4653 Πνεῦμα
2786 4582 2844 4636 δὲ
2875 4583 2957 4637 ὅτι
2985 4584 3145 4647 αὐτὸς
3168 4586 3197 4637 6
3220 4583 3374 4647 Θεὸς,
3405 4585 3434 4637 6
3460 4584 3651 4654 Σωτὴρ
3683 4583 3808 4654 εφη·

2231 4672 2467 4743 Πνεῦμα
2510 4678 2544 4730 ὁ
2591 4676 2753 4742 Θεός.
2821 4676 2944 4731 Ὅτι
2976 4677 3034 4730 δὲ
3094 4678 3124 4729 ὁ
3175 4677 3306 4739 Θεὸς
3339 4676 3454 4746 φῶς
3487 4678 3621 4742 ἐστι,
3651 4678 3813 4740 αὐτὸς

2226 4765 2462 4820 διδάσκει
2514 4769 2662 4838 ἡμᾶς
2707 4768 2909 4838 λέγων’
2955 4767 3091 4839 Εἰμὶ
3140 4767 3254 4837 ἐγὼ
3291 4766 3359 4824 τὸ
3396 4767 3535 4838 φῶς.
3573 4769 3812 4838 Θεωρεῖς

2225 4856 2373 4921 ὅπως
2398 4859 2468 4914 τὰ
2513 4860 2751 4931 περὶτοῦ
2775 4861 3032 4934 Σωτῆρος
3062 4861 3364 4933 λελεγμένα
3390 4864 3482 4918 επὶ
3505 4863 3604 4934 τὴν
3627 4863 3814 4932 656m-

559 4928 876 4990 rectissime.
907 4929 1031 4983 dum
1059 4938 1183 4984 ante
1214 4947 1392 4984 rerum
1420 4935 1658 4990 omnium
1688 4937 2118 5012 productionem,

2228 4964 2294 5000 τα
2343 4949 2434 5002 τοῦ
2477 4928 2691 5025 Πατρὸς
2747 4928 3060 5029 μεταφέρει.
3105 4928 3418 5008 Καῖνπάλιν
3460 4928 3675 5026 ἀναιρεῖ
3713 4928 3813 5028 την

630 5070 690 5138 ᾖ(
715 5066 826 5138 _Ed.
850 5065 1025 5126 Paris.
1057 5084 1178 5138 pag.
1204 5069 1324 5124 103.

627 5135 676 5168 ⁸⁸
715 5135 843 5190 Luc.
886 5152 935 5203 ι,
975 5135 1069 5192 55.
1131 5135 1203 5172 ’⁸¹
1241 5139 1396 5194 Joan.
1437 5158 1514 5207 tv,
1549 5143 1638 5198 24.

556 5205 652 5272 12;
687 5221 765 5272 is,
799 5206 854 5260 5.

628 5347 738 5486 (ὅδὲ
771 5346 942 5416 Vulgo
966 5348 1316 5419 παραθέσεις.

628 5417 716 5486 (64
765 5420 1122 5486 Μαρτυρίας.
1151 5419 1316 5486 lmpet

627 5417 738 5501 (ϐξ)
765 5417 1486 5505 Μαρτγριᾴς.“1ῳρειίε‹ξιο,
1521 5423 1606 5505 vel
1651 5423 1933 5505 legendum
1987 5445 2129 5505 μαροο

554 5506 620 5543 τυ
661 5490 778 5555 ιῶν,
805 5498 860 5542 et
891 5490 1001 5542 τῶν
1030 5492 1094 5543 ἐκ
1118 5490 1298 5556 θείων,
1329 5492 1415 5546 vel
1452 5504 1621 5558 certe,
1650 5490 1745 5550 καὶ
1799 5490 1998 5568 μαρτυ’
2021 5490 2124 5568 ία’ς,

558 5505 674 5614 νυῗι
699 5560 787 5614 illa
808 5559 1221 5629 iScripturarum
1261 5563 1566 5618 testimonia
1591 5604 1608 5629 ,
1647 5566 1700 5621 iu
1766 5569 1946 5629 priore
1983 5516 2124 5626 fibra

560 5583 674 5614 vult
701 5583 787 5614 ma
817 5583 1221 5629 Dcnpulrarum
1261 5583 1566 5618 tesumonla
1591 5604 1608 5629 ,
1648 5583 1700 5621 III
1766 5583 1946 5638 priore
1988 5583 2126 5626 libro

559 5631 741 5714 allata:
774 5628 846 5714 id;
878 5659 948 5714 -π
979 5629 1125 5686 lnira
1153 5633 1300 5714 vuig.
1322 5632 1466 5714 φέρε
1484 5633 1570 5714 δέζ
1775 5706 1788 5714 ⁸
2078 5711 2088 5714 _

600 5699 744 5779 ,(65)
780 5700 1109 5779 Ἐζέλμησε
1149 5699 1491 5779 χαρέιαεῖν.
1523 5704 1660 5779 liam
1689 5706 1953 5779 rationem
1999 5711 2120 5767 red-

560 5769 790 5840 dit,_rttr
826 5769 1041 5825 εἴδωλον
1073 5769 1359 5826 Σαδελλίου
1389 5775 1760 5840 appellaverit.
1802 5777 1871 5832 Μ.

559 5837 744 5911 Δκήπὶ)
779 5839 947 5910 Vulgo
978 5841 1149 5896 ταῦτα
1178 5858 1300 5898 mox
1321 5837 1524 5906 πάθους
1553 5845 1636 5916 δή.

806 6055 1026 6313 \

1746 5146 1792 5177 ⁸⁸
1831 5146 1961 5202 ibid.
2051 5152 2098 5190 ”
2137 5153 2346 5210 Baruch
2379 5155 2488 5220 ‘m,
2532 5156 2624 5211 58.

2740 5157 2788 5189 “
2823 5155 3025 5212 Threu.
3071 5172 3144 5223 Iv,
3195 5158 3286 5215 ΞΟ.
3390 5159 3432 5191 ⁸¹
3471 5158 3624 5214 Joan.
3679 5173 3809 5221 vui,

2304 5364 2807 5442 (6⁵1)Διαςρθοραῖ‹;ιΔ
2846 5369 3064 5442 αὐτόν.
3101 5369 3354 5442 Restitute
3394 5369 3718 5442 aqua“;qu
3736 5371 3809 5442 έν

2231 5439 2352 5499 ταῖς
2383 5435 2700 5561 διαφθείραῖς
2749 5435 2929 5493 αὐτῶν
2961 5440 3200 5508 ἐπιλέγει
3221 5457 3234 5472 ο
3264 5439 3544 5495 κάνταῦθα
3565 5435 3616 5495 in
3643 5435 3805 5495 LXX.

2231 5514 2315 5561 est.
2346 5508 2527 5561 ἡμων.
2615 5548 2629 5561 .

2231 5508 2629 5717 ⁸³Ξ6ᾌῖίῖξὶιέξξ
2655 5576 2834 5647 λόγον.
2981 5648 3007 5660 _

2325 5646 2414 5717 69)
2446 5648 2681 5717 Πατέρα
2735 5648 2804 5702 δὲ
2862 5663 3007 5705 σκια

2325 5646 2414 5717 69)
2446 5648 2681 5717 Πατέρα
2732 5646 2804 5702 δὲ
2862 5648 3060 5717 σκιᾶς.
3112 5652 3236 5707 Haec
3284 5668 3382 5708 nec
3428 5652 3663 5717 corrigo.
3710 5665 3810 5706 nec

2229 5731 2508 5789 concoquo
2529 5734 2551 5789 ξ
2581 5720 2918 5788 loquebatur,
2943 5723 3156 5789 Opinor,
3185 5724 3251 5777 de
3268 5723 3564 5783 luce.M.—-
3580 5720 3713 5778 Dedi
3741 5737 3807 5775 ex

2230 5787 2386 5864 codd.
2421 5787 2663 5864 πνεῦμα.
2685 5817 2754 5830 --
2797 5789 2916 5864 Mox
2959 5787 3119 5862 vulgo
3144 5787 3316 5864 ἡμᾶς
3348 5794 3522 5862 λέγων
3567 5823 3630 5835 -—
3667 5793 3804 5863 φῶς.

2236 5857 2404 5912 Porro
2433 5857 2590 5930 vulgo
2616 5859 3054 5933 ἀποφηνάμενος.
