4158 6390
379 387 477 444 901
1358 390 1444 446 DE
1483 390 1928 448 ECCLESIASTI

2050 393 2460 451 TIIEOLOGIA.
2493 392 2618 449 LIB.
2661 393 2723 449 ll.
3498 399 3604 455 902

380 503 673 558 ὑπόστασιν
700 501 794 557 τοῦ
825 503 953 558 Υξοῦ
985 509 1162 577 γυμνῇ
1192 509 1257 578 τῇ
1284 507 1511 580 κεφαλῇ,
1538 510 1672 579 πρὸς
1703 510 1802 579 τῆς
1836 509 1931 563 τῶι

2048 509 2179 564 nihil
2209 524 2428 578 prorsus
2473 509 2748 564 exstitisse
2786 518 2980 578 prmter
3012 509 3178 565 Deum
3209 511 3385 568 docet.
3427 511 3604 570 Verba

377 595 650 666 γεννητῶν
679 595 1036 668 δημιουργίας
1079 598 1242 668 μηδὲν
1286 600 1470 668 ἕτερον
1509 595 1644 653 εἶναι
1688 601 1826 670 πλὴν
1849 600 1931 653 τοῐ

2045 613 2221 656 autem
2247 601 2367 670 ejus
2394 601 2508 660 haec
2538 603 2650 669 ipsa
2675 610 2832 655 sunt:
2861 599 2932 672 [li
2961 600 3094 656 XCII
3121 612 3174 656 et
3207 602 3386 678 XCIII]
3426 624 3445 658 ι
3469 607 3608 662 Cou-

377 687 513 742 Θεοῦ
547 689 707 760 μόνου
746 691 1206 760 ἀποφαινόμενοςο
1250 692 1448 762 γράφει
1483 690 1525 744 δ’
1561 689 1654 746 οῦν
1677 688 1778 746 ὦδε
1809 692 1931 746 κατὸ

2049 709 2066 742 ι
2112 705 2316 745 cessam
2347 690 2422 745 illi
2459 691 2705 760 gloriam,
2750 691 3002 746 Asterius
3033 704 3089 747 et
3125 694 3377 764 gloriam,
3405 705 3460 752 et
3493 713 3600 754 non

376 781 519 846 λέξιν
551 781 714 853 ἰΤὴν
738 782 984 838 δοθεῖσαν
1007 783 1154 854 αὐτῷ
1177 781 1330 848 δόξαν
1364 783 1638 855 Ἀστέριος
1653 785 1808 849 δόξαν
1823 787 1931 839 ὀνο-

2048 799 2066 832 ι
2110 779 2335 849 gloriam
2375 779 2617 836 nominat
2658 797 2671 834 :
2708 779 2835 834 dum
2889 795 2992 834 non
3029 781 3414 848 reminiscitur,
3459 787 3603 853 quod

383 891 404 924 ι
445 871 628 944 μάζει,
650 876 742 927 καί
770 873 831 926 οὐ
849 873 1006 940 δόξαν
1029 874 1188 944 μόνον
1205 874 1338 945 (70),
1356 875 1491 930 ἀλλὰ
1507 877 1599 930 καὶ
1615 877 1931 948 προκόσμιοι

2048 890 2066 922 ι
2114 886 2235 925 cum
2274 871 2508 925 nondum
2558 871 2786 926 mundus
2831 880 2973 927 esset
3013 872 3297 939 conditus,
3335 875 3470 930 nihil
3507 891 3606 931 ex-

384 984 402 1017 s
440 965 616 1035 δόξαν.
634 966 746 1019 Οὐκ
758 964 969 1031 ἐννοῶν,
997 967 1100 1030 ὃτι,
1128 968 1292 1039 μήπω
1311 967 1403 1021 τοῦ
1418 969 1621 1040 κόσμου
1638 970 1940 1039 γεγονότος,

383 1077 402 1108 s
447 1057 558 1128 (71)
585 1057 733 1111 οὐδὲν
747 1042 931 1129 ἕτερον
971 1053 1040 1129 ἦν
1061 1057 1199 1129 πλὴν
1214 1057 1347 1112 Θεοῦ
1374 1059 1554 1130 μόνου.
1595 1077 1613 1114 ι
1649 1059 1760 1112 Kal.
1790 1056 1943 1124 αὖθις

376 1150 438 1204 τὸ
475 1151 607 1206 αὐτὸ
640 1149 850 1220 βεϐαιοί
882 1149 1090 1219 λέγων·
1123 1170 1141 1203 ι
1177 1151 1418 1222 Οὐρανὸς
1443 1153 1536 1206 καὶ
1550 1151 1622 1222 γῆ
1637 1152 1728 1205 καὶ
1763 1151 1941 1205 πάντα

381 1263 399 1296 t
436 1243 504 1297 τὰ
539 1245 596 1296 ἐν
627 1243 874 1313 οὐρανοῖς
917 1244 1012 1297 καὶ
1042 1243 1135 1296 ἐπὶ
1153 1243 1254 1314 τῆς
1275 1243 1376 1314 γῆς
1397 1245 1667 1309 δντα,ὐπὸ
1685 1244 1783 1298 τοῦ
1807 1245 1940 1299 Θεοῦ

379 1355 398 1386 ι
436 1335 740 1405 γεγένηται.
764 1335 826 1388 Ei
850 1335 1029 1388 τοίνυν
1056 1335 1214 1388 τοῦτο
1246 1336 1508 1402 πιστεύοι,
1543 1337 1754 1409 ἀνάγκη
1780 1338 1941 1392 αὐτὸν

378 1445 398 1477 ι
439 1428 656 1480 κάκεῖνο
701 1425 1096 1497 συνομολογεῖν,
1145 1428 1226 1480 ὅτι
1286 1427 1424 1498 πλὴν
1459 1427 1593 1482 Θεοῦ
1636 1430 1787 1483 οὐδὲν
1829 1429 1942 1483 ἓτε-

381 1537 397 1567 ι
439 1535 549 1588 ρον.
589 1535 607 1566 s

1017 1605 1172 1658 ΚΕΦ.
1224 1605 1300 1659 B’.

483 1697 673 1761 Ὅπως
709 1693 803 1749 καὶ
822 1692 1155 1756 Ἰουδαΐζων
1180 1695 1255 1765 τῇ
1283 1696 1430 1766 δόξῃ
1450 1699 1831 1770 διελέγχεται.

453 1789 615 1860 Ὁρᾷς
660 1787 907 1840 Ἰουδαῖον
931 1787 1042 1857 (72)
1070 1787 1346 1858 ἄντικρυς,
1373 1791 1464 1844 τὸν
1511 1793 1784 1866 Μονογενῆ
1811 1795 1938 1850 Υίὸν

2048 984 2065 1014 s
2109 962 2286 1017 stabat
2320 961 2461 1016 aliud
2497 971 2690 1031 prteter
2719 963 2890 1018 solum
2933 964 3118 1019 Deum.
3141 983 3161 1024 ι
3195 965 3300 1022 Sed
3341 977 3396 1023 et
3439 968 3606 1026 idem-

2045 1056 2330 1124 nietipsum
2393 1053 2710 1118 conﬁrmat,
2784 1055 3032 1124 inquiens
3099 1072 3142 1112 ε’
3180 1075 3200 1111 ι
3267 1058 3472 1114 Caelum
3552 1070 3607 1117 et

2047 1161 2065 1193 ι
2113 1153 2276 1208 terra,
2305 1153 2359 1197 et
2389 1158 2508 1212 qua:
2535 1144 2585 1196 in
2616 1143 2768 1198 caelis
2792 1156 2917 1200 sunt
2945 1155 2999 1200 et
3030 1146 3082 1201 in
3113 1155 3259 1204 terra
3292 1149 3541 1206 universa
3573 1168 3603 1204 a

2046 1250 2064 1283 ι
2115 1235 2220 1288 Deo
2256 1233 2475 1288 fuerunt
2523 1234 2686 1288 facta.
2736 1233 2849 1290 Hoc
2894 1236 2939 1290 si
2979 1238 3202 1303 credat,
3255 1254 3478 1296 necesse
3521 1253 3607 1298 est

2047 1342 2064 1373 ι
2112 1324 2253 1393 quod
2292 1325 2564 1394 conspiret
2601 1326 2718 1396 ejus
2750 1326 2931 1396 opinio
2957 1343 3079 1385 cum
3109 1343 3196 1394 ea,
3223 1328 3374 1396 Quod
3408 1343 3606 1400 praeter

2045 1435 2064 1466 ι
2112 1416 2276 1471 Deum
2307 1417 2436 1470 nihil
2465 1425 2602 1471 erat.
2631 1436 2648 1466 I

2647 1603 2704 1660 »Β
2742 1595 2891 1651 car.
2938 1600 3001 1656 ιι.

2111 1688 2262 1752 Quod
2293 1687 2584 1743 Judaizare
2611 1691 3013 1756 deprehenditur
3047 1694 3102 1748 in
3142 1696 3383 1762 opinions
3411 1714 3528 1754 sua.

2109 1777 2269 1832 Vides
2303 1790 2359 1832 ut
2392 1791 2596 1835 tantum
2628 1796 2733 1836 non
2768 1781 3090 1841 seJudaeum
3137 1797 3376 1854 praestet,
3409 1804 3603 1858 perne-

370 1880 464 1933 τοῦ
495 1877 652 1944 Θεοῦ,
695 1879 762 1932 δι’
785 1873 845 1933 οὗ
891 1877 961 1932 τὰ
1001 1880 1177 1934 πάντα
1205 1880 1444 1950 γέγονεν,
1486 1883 1834 1955 ἀρνούμενον.
1873 1889 1931 1940 Ei

2038 1887 2169 1937 guns
2198 1872 2288 1926 Dei
2322 1871 2510 1926 Filium
2544 1873 2900 1944 unigenitum,
2939 1891 3034 1946 per
3074 1892 3233 1946 quem
3262 1882 3440 1937 omnia
3473 1900 3602 1940 cou-

371 1973 478 2045 γὰρ
505 1971 644 2044 πλὴν
675 1969 810 2024 Θεοῦ
832 1971 982 2028 οὐδὲν
1007 1972 1192 2042 ἕτερον
1224 1967 1292 2044 ἦν
1323 1974 1430 2046 πρὸ
1460 1975 1558 2045 τῆς
1597 1975 1692 2028 τοῦ
1729 1978 1932 2048 κόσμου

368 2066 652 2134 γενέσεως,
683 2066 782 2118 οὐκ
827 2061 895 2137 ἦν
944 2066 1052 2136 ἄρα
1093 2067 1122 2118 6
1161 2065 1307 2130 Υἱός.
1352 2069 1460 2120 Καὶ
1505 2067 1621 2131 πῶς
1667 2070 1843 2125 πάντα
1868 2071 1934 2124 δι’

369 2155 532 2210 αὑτοῦ
564 2155 776 2224 ἐγένετο
810 2157 904 2209 καὶ
936 2158 1102 2227 χωρὶς
1136 2157 1300 2210 αὐτοῦ
1329 2159 1544 2228 ἐγένετο
1574 2160 1694 2214 οὐδὲ
1739 2161 1833 2226 ἒν;
1877 2164 1936 2216 '0

2037 1964 2192 2018 didit.
2246 1963 2518 2034 Siquidem
2574 1976 2766 2034 praeter
2817 1967 2985 2022 Deum
3038 1970 3172 2030 nihil
3225 1983 3344 2027 erat
3413 1975 3597 2042 aliud,

2035 2057 2342 2126 priusquam
2396 2057 2626 2113 mundus
2664 2059 3103 2128 producebantur:
3140 2073 3250 2118 tum
3303 2076 3453 2123 certe
3493 2085 3598 2124 non

2035 2157 2152 2202 erat
2180 2145 2378 2214 Filius;
2404 2157 2457 2202 et
2490 2159 2626 2214 tum,
2654 2153 2921 2219 quomodo
2945 2155 3124 2207 omnia
3155 2171 3251 2224 per
3281 2158 3428 2212 illum
3458 2159 3600 2217 facta

375 2251 471 2320 μὲν
493 2245 584 2302 οῦν
629 2249 895 2312 Ἰουδαῖος,
930 2252 958 2303 6
986 2251 1076 2304 τὸν
1112 2252 1343 2323 Χριστὸν
1375 2251 1468 2305 τοῦ
1506 2253 1640 2306 Θεοῦ
1673 2254 1931 2326 ἀρνούμε-

2032 2239 2268 2331 ξιιεηηι,
2294 2249 2347 2297 et
2378 2240 2496 2295 sine
2523 2255 2588 2295 eo
2633 2242 2834 2300 factum
2863 2253 2947 2299 est
2996 2245 3168 2300 nihil?
3196 2247 3354 2304 Certe
3386 2249 3601 2309 ludens

371 2357 479 2406 νος,
519 2341 626 2412 πρὸ
660 2341 757 2412 τῆς
798 2340 892 2395 τοῦ
926 2341 1130 2413 κόσμου
1165 2343 1428 2411 γενέσεως
1464 2345 1614 2399 οὐδὲν
1644 2341 1754 2400 οἶδε
1797 2347 1936 2420 πλὴν

369 2432 503 2487 Θεοῦ
525 2433 706 2504 μόνου,
727 2433 1240 2505 συμμαρτυροῦντος
1272 2435 1420 2506 αὑτῷ
1451 2437 1769 2508 Μαρκέλλου
1797 2439 1931 2511 (7'5)'

367 2526 402 2597 ἠ
425 2525 481 2577 δὲ
515 2523 750 2596 Χριστοῦ
767 2525 1082 2596 Ἐκκλησία,
1115 2527 1212 2578 σὺν
1251 2528 1531 2600 παρρησίᾳ
1558 2529 1708 2604 πάσῃ
1736 2531 1934 2601 σεμνύ-

369 2634 519 2670 νεται
548 2616 780 2684 λέγουσα
799 2635 812 2647 ·
849 2617 1021 2686 Ἡμῖν
1051 2613 1140 2684 εἷς
1181 2618 1324 2686 Θεὸς
1353 2623 1385 2674 ὀ
1412 2620 1635 2689 Πατὴρ,
1669 2622 1739 2687 ἐξ
1764 2619 1836 2679 οὗ
1862 2623 1935 2678 τὰ

369 2709 594 2763 πάντα·
631 2709 727 2763 καὶ
763 2707 850 2775 εἷς
889 2710 1104 2777 Κύριος
1148 2711 1386 2780 Ἰησοῦς
1421 2713 1692 2782 Χριστὸς,
1742 2713 1818 2767 δι’
1860 2711 1932 2771 οὗ

369 2801 440 2854 τὰ
467 2799 679 2854 πάντα.
719 2801 886 2854 Ἐπὰν
925 2801 980 2854 δὲ
1023 2801 1174 2872 λέγῃ,
1219 2802 1300 2856 Δι’
1322 2798 1393 2858 οὗ
1427 2805 1501 2858 τὰ
1537 2804 1750 2870 πάντα,
1795 2800 1934 2860 οἶδεν

368 2893 529 2947 αὐτὸν
553 2892 660 2964 πρὸ
685 2893 922 2946 πάντων.
963 2893 1124 2947 Ὥστε
1151 2894 1258 2966 πρὸ
1301 2895 1402 2964 τῆς
1427 2895 1518 2949 τοῦ
1549 2897 1754 2968 κόσμου
1783 2899 1934 2967 γενέ-

371 3001 505 3048 σεως
519 2987 548 3037 6
569 2984 741 3052 λέγων
761 2984 908 3037 οὐδὲν
923 2983 1107 3056 ἕτερον
1129 2981 1263 3038 εἶναι
1289 2984 1426 3057 πλὴν
1459 2986 1595 3040 Θεοῦ
1623 2987 1808 3058 μόνου,
1831 2988 1932 3059 τῆς

369 3075 624 3147 ἀληθείας
661 3075 1072 3146 καταψεύδεται.
1112 3077 1217 3130 Σὺν
1251 3077 1357 3148 γὰρ
1381 3077 1459 3148 τῷ
1499 3077 1643 3148 μόνῳ
1672 3078 1791 3150 Θεῷ
1837 3081 1931 3135 καὶ

2035 2332 2124 2400 qui
2155 2331 2428 2387 Christum
2460 2347 2578 2388 esse
2606 2342 2866 2404 pernegat
2893 2335 2984 2389 Dei
3016 2334 3233 2405 Filium,
3263 2349 3388 2396 ante
3413 2347 3598 2400 mundi

2034 2427 2476 2483 constitutionem
2501 2438 2754 2498 agnoscet
2774 2429 3044 2485 exstitisse
3069 2431 3226 2500 plane
3249 2433 3381 2488 nihil
3405 2449 3601 2506 przeter

2033 2519 2205 2574 solum
2235 2519 2400 2575 Deum
2429 2537 2444 2574 :
2480 2523 2568 2575 cui
2609 2521 2854 2590 perhibet
2885 2520 3171 2580 Marcellus
3203 2528 3594 2586 testimonium.

2032 2615 2102 2668 At
2147 2612 2351 2669 Christi
2401 2613 2671 2680 Ecclesia,
2717 2631 2839 2670 cum
2885 2617 3031 2672 omni
3068 2618 3316 2676 libertate
3365 2622 3600 2692 gloriose

2033 2707 2353 2777 proﬁtetur:
2388 2705 2556 2762 Nobis
2589 2723 2724 2760 unus
2770 2706 2910 2762 Deus
2954 2719 3033 2763 est
3069 2709 3250 2778 Pater,
3284 2729 3312 2766 e
3342 2730 3444 2783 quo
3475 2726 3597 2770 sunt

2033 2799 2247 2853 omnia:
2277 2807 2326 2853 et
2356 2814 2491 2852 unus
2527 2799 2782 2853 Dominus
2823 2798 2980 2855 Iesus
3025 2801 3285 2870 Christus,
3327 2823 3420 2874 per
3447 2825 3599 2878 quem

2031 2898 2156 2945 sunt
2189 2891 2363 2944 omnia
2395 2889 2461 2942 ⁸³.
2519 2887 2653 2944 Cum
2698 2904 2828 2945 vero
2885 2893 3031 2948 dicat
3066 2910 3080 2944 :
3120 2894 3226 2952 Per
3279 2916 3431 2969 quem
3475 2911 3598 2956 sunt

2033 2983 2231 3048 omnia,
2260 2983 2408 3037 illum
2439 2982 2683 3052 agnoscit
2709 2992 2836 3037 ante
2861 2987 3067 3042 omnia.
3095 2987 3246 3045 Adeo
3271 3000 3331 3046 ut
3359 2993 3450 3062 qui
3485 3003 3600 3047 tue-

2034 3083 2140 3140 tur,
2185 3082 2313 3130 ante
2355 3076 2613 3130 mundum
2658 3075 2973 3141 conditum,
3009 3078 3143 3132 nihil
3189 3081 3408 3138 omnino
3453 3084 3599 3140 aliud

369 3169 398 3220 6
423 3166 728 3236 Μονογενὴς
743 3165 908 3220 αὑτοῦ
927 3166 1051 3230 Υἱὸς
1072 3161 1140 3238 ἦν
1168 3167 1274 3238 πρὸ
1292 3167 1392 3238 τῆς
1408 3170 1501 3222 τοῦ
1517 3169 1719 3240 κόσμου
1737 3171 1928 3225 συστά-

2035 3165 2202 3222 fuisse
2237 3177 2434 3237 pneter
2474 3166 2677 3231 Deum,
2729 3168 3011 3224 veritatem
3062 3171 3230 3241 ipsam
3286 3176 3596 3231 mentiatur.

373 3274 528 3320 σεως,
559 3256 754 3327 καὶτῷ
797 3257 972 3328 Ila-cpi
1002 3258 1184 3329 συνῆν.
1230 3258 1400 3312 Τοῦτο
1439 3259 1540 3331 γὰρ
1573 3259 1776 3328 ἐδίδαξε
1818 3261 1930 3333 (74)

369 3348 464 3401 νῦν
483 3348 576 3402 καὶ
601 3349 630 3400 6
658 3348 844 3401 εἰπών’
873 3349 990 3402 Ἐπ’
1004 3347 1267 3418 ἐσχάτου
1289 3350 1398 3422 (75)
1421 3349 1540 3406 τῶν
1550 3351 1784 3422 ἡμερῶν
1807 3355 1934 3408 τού-

365 3458 483 3494 των
496 3439 803 3508 ἐλάλησεν
833 3439 980 3509 ἡμῖν
999 3440 1068 3495 ἐν
1098 3440 1228 3506 Titii,
1252 3441 1326 3495 δν
1355 3443 1533 3510 ἔθηκε
1555 3445 1932 3514 κληρονόμον

366 3531 624 3598 πάντων,
655 3533 730 3587 δι’
760 3529 832 3588 οὗ
868 3533 965 3586 καὶ
1005 3533 1256 3601 ἐποίησε
1290 3534 1432 3600 τοὺς
1458 3533 1701 3601 αἰῶνας.
1736 3538 1845 3590 Καὶ
1873 3537 1932 3589 ὲν

365 3625 692 3697 Παροιμίαις
714 3624 801 3678 διὰ
823 3625 1182 3696 Σολομῶντος,
1201 3625 1361 3688 αὐτὸς
1386 3627 1414 3676 6
1445 3625 1568 3690 Υἱὸς
1595 3626 1722 3698 περὶ
1739 3627 1930 3680 ἑαυτοῦ

364 3715 601 3770 διδάσκει
635 3713 838 3782 λέγων·
909 3714 1116 3768 Ἡνικα
1158 3712 1435 3780 ἡτοίμαζε
1481 3711 1589 3766 τὸν
1633 3712 1928 3781 οὐρανὸν,

365 3806 774 3876 συμπαρήμην
811 3804 990 3871 αὐτῷ.
1027 3804 1188 3858 Ἀλλὰ
1223 3804 1336 3858 καί·
1359 3803 1550 3870 Αὐτὸς
1573 3803 1654 3873 ἦν
1681 3804 1746 3857 τὸ
1783 3803 1928 3873 φῶς,

363 3900 456 3952 τὸ*
479 3896 727 3968 φωτίζον
758 3897 956 3950 πάντα
989 3895 1302 3964 ἄνθρωπον
1336 3896 1663 3966 ἐρχόμενον
1691 3898 1778 3962 εις
1823 3893 1932 3948 τὸν

364 3994 614 4061 κόσμον.
651 3989 890 4060 Ἐπειδὴ’
936 3989 1032 4041 Ἐν
1077 3987 1156 4054 τῷ
1191 3984 1492 4057 κόσμῳῆν
1517 3989 1612 4042 καὶ
1637 3991 1669 4042 ό
1704 3990 1930 4057 κόσμος

363 4081 638 4137 διἀὑτοῦ
659 4080 912 4152 ἐγένετο.
936 4081 998 4134 Εἰ
1023 4079 1080 4133 δὲ
1109 4081 1138 4132 6
1171 4079 1372 4150 κόσμος
1408 4079 1476 4133 δι’
1497 4078 1664 4133 αὐτοῦ
1693 4080 1926 4150 ἐγένετο,

359 4177 538 4250 δῆλον,
577 4177 652 4241 ὡς
697 4176 1015 4248 προϋπῆρχε
1057 4174 1149 4228 τοῦ
1191 4174 1418 4245 κόσμου.
1469 4177 1583 4230 Οὐκ
1617 4175 1728 4248 ἄρα
1770 4176 1930 4246 μόνος

359 4270 428 4345 ἦν
448 4273 476 4324 6
508 4271 638 4334 Θεὸς
667 4271 771 4343 πρὸ
797 4270 898 4341 τῆς
933 4269 1024 4324 τοῦ
1057 4269 1262 4340 κόσμου
1307 4271 1612 4334 συστάσεως
1633 4285 1648 4300 ο
1683 4270 1844 4342 συνῆν
1869 4270 1926 4324 δὲ

361 4362 508 4433 αὐτῷ
537 4363 564 4414 6
582 4360 892 4433 Μονογενὴς
933 4359 1097 4414 αὐτοῦ
1127 4359 1274 4424 Υίὺς,
1306 4360 1385 4423 εἰς
1415 4359 1473 4411 ὃν
1493 4358 1713 4431 ἀφορῶν
1751 4361 1779 4412 6
1819 4359 1928 4411 Πα-

359 4457 464 4526 τὴρ
509 4455 756 4525 ἔχαιρεν,
791 4454 866 4517 ὡς
902 4453 1137 4508 διδάσκει
1175 4452 1356 4516 αὐτὸς,
1387 4451 1460 4505 ὢν
1491 4450 1602 4523 (76)
1657 4453 1691 4522 ὴ
1743 4451 1921 4521 σοφία,

2035 3257 2150 3313 Una
2177 3259 2375 3314 etenim
2407 3271 2529 3313 cum
2567 3257 2656 3312 illo
2686 3257 2801 3312 solo
2833 3258 2962 3326 Deo,
3004 3267 3060 3316 et
3089 3262 3396 3332 unigenitus
3432 3267 3602 3334 Ipsius

2031 3351 2198 3406 Filius
2220 3360 2338 3406 erat
2361 3360 2486 3408 ante
2515 3351 2701 3408 mundi
2727 3353 3137 3421 productionem
3164 3368 3180 3408 :
3207 3365 3262 3410 et
3289 3373 3410 3410 cum
3439 3357 3600 3414 Patre

2030 3442 2476 3497 conversabatur.
2520 3441 2634 3497 Hoc
2674 3443 2874 3498 etenim
2903 3443 3120 3497 edocuit
3167 3445 3212 3498 is
3271 3448 3364 3516 qui
3414 3448 3546 3502 dixit
3581 3468 3594 3504 :

2031 3532 2098 3587 In
2118 3532 2406 3587 novissimis
2418 3532 2498 3586 his
2519 3534 2718 3598 diebus,
2739 3533 2944 3587 locutus
2965 3545 3040 3588 est
3070 3535 3218 3590 nobis
3240 3538 3293 3590 in
3307 3535 3449 3592 Filio
3477 3555 3595 3603 suo,

2028 3640 2181 3693 quem
2210 3623 2382 3691 posuit
2415 3625 2672 3679 [tandem
2709 3626 2962 3692 omnium,
3007 3643 3100 3696 per
3129 3644 3279 3698 quem
3316 3641 3364 3684 et
3399 3639 3597 3687 scutula

2030 3718 2264 3772 condidit
2287 3718 2351 3772 “.
2379 3718 2444 3773 Et
2475 3719 2528 3772 in
2569 3718 2875 3775 Proverbiis
2906 3735 3002 3790 per
3031 3719 3400 3788 Salomonem,
3426 3723 3596 3779 Filius

2031 3811 2144 3882 ipse
2170 3812 2236 3867 de
2262 3827 2320 3867 se
2341 3813 2543 3879 docuit,
2570 3812 2702 3868 Cum
2733 3825 2944 3884 pararet
2973 3817 3179 3878 emtum,
3211 3817 3424 3870 aderam
3459 3819 3593 3872 ei“.

2031 3902 2134 3958 Sed
2163 3912 2216 3958 et
2234 3903 2362 3957 Erat
2403 3904 2512 3974 ipse
2543 3904 2655 3972 luat,
2680 3906 2984 3962 illuminans
3007 3924 3207 3962 omnem
3227 3909 3486 3964 hominem
3511 3926 3596 3964 ve-

2029 3996 2252 4050 nientem
2270 3997 2325 4048 in
2345 3995 2480 4048 hunc
2501 3995 2750 4050 mundum
2765 3995 2828 4050 ⁸³.
2843 3995 3304 4067 Quandoquidem,
3319 3999 3386 4054 In
3401 4005 3598 4056 mundo

2028 4095 2160 4153 erat,
2175 4096 2223 4140 et
2246 4091 2468 4140 mundus
2483 4101 2571 4155 per
2589 4087 2757 4152 ipsum
2780 4084 2954 4156 {actus
2983 4088 3083 4158 fuit
3101 4087 3158 4140 “.
3181 4088 3332 4154 Quod
3353 4090 3398 4144 si
3424 4092 3596 4146 Iactus

2028 4177 2128 4232 fuit
2155 4194 2251 4248 per
2279 4179 2453 4249 ipsum
2490 4180 2741 4242 mundus,
2771 4188 2918 4234 certe
2953 4189 3099 4249 patet
3134 4180 3264 4236 illud
3295 4182 3440 4252 quod
3468 4195 3596 4238 ante

2029 4269 2286 4324 mundum
2323 4266 2497 4322 fuerat
2524 4267 2658 4336 ipse.
2687 4267 2948 4334 Quocirca
2981 4269 3149 4332 solus,
3178 4278 3302 4324 ante
3336 4271 3590 4327 mundum

2029 4359 2298 4414 conditum
2347 4373 2452 4414 non
2496 4369 2613 4414 erat
2659 4359 2799 4414 Deus
2837 4377 2849 4414 :
2896 4363 3320 4416 conversabatur
3360 4379 3480 4418 cum
3527 4380 3592 4418 eo

2029 4451 2332 4522 unigenitus
2356 4451 2474 4520 ejus
2503 4449 2690 4518 Filius,
2727 4450 2779 4504 iu
2807 4465 2966 4520 quem
2995 4466 3116 4506 cum
3149 4451 3312 4506 Pater
3343 4453 3590 4510 intueba-

361 4547 530 4615 λέγων
573 4547 630 4599 ἐν
674 4546 1030 4617 Παροιμίαις·
1081 4543 1228 4614 Ἐγὼ
1273 4542 1437 4613 ἢμην
1470 4539 1512 4616 ᾖ
1563 4543 1924 4612 προσέχαιρε

2032 4550 2135 4604 tur,
2167 4542 2467 4611 gaudebat,
2504 4541 2646 4611 quod
2693 4541 2807 4610 ipse
2852 4553 2953 4594 nos
2985 4541 3198 4607 docuit,
3234 4541 3321 4597 illa
3365 4545 3417 4597 in
3456 4543 3589 4599 Pro-

360 4640 487 4693 καθ’
513 4638 760 4708 ἡμέραν.
795 4637 904 4692 Καὶ
945 4637 1104 4700 αὐτὸς
1133 4636 1189 4689 δὲ
1219 4638 1248 4690 6
1286 4636 1434 4701 Υἱὸς,
1480 4637 1602 4700 ταῖς
1629 4637 1924 4706 πατρικαῖς

359 4732 584 4797 ἐννοίαις
633 4731 952 4795 ὲνατενίζων
981 4770 996 4794 ,
1061 4728 1399 4801 εὐφροσύνης
1458 4728 1778 4800 ἐπληροῦτο.
1833 4727 1924 4780 Διό

359 4839 542 4894 φησιν’
579 4823 1004 4891 ιιύςρραινόμην
1031 4821 1099 4874 δὲ
1135 4819 1389 4874 ἐνώπιον
1425 4819 1610 4874 αὐτοῦ
1639 4820 1710 4872 ἐν
1743 4816 1924 4873 παντὶ

357 4911 556 4981 καιρῷ.
606 4912 791 4968 Ταῦτα
825 4913 921 4983 μὲν
956 4913 990 4983 ή
1022 4911 1259 4984 Χριστοῦ
1275 4910 1568 4982 Ἐκκλησία
1615 4911 1683 4964 τὰ
1725 4909 1923 4982 εὐσεϐῆ

358 5007 452 5060 καὶ
483 5007 602 5061 Θεῖα
631 5007 900 5077 μυστήρια
927 5004 1318 5059 παραλαϐοῦσα
1347 5005 1624 5074 φυλάττει.
1671 5003 1728 5055 '0
1760 5002 1815 5056 δὲ
1838 5001 1926 5054 λέ-

364 5131 422 5188 )Ῐ4
459 5124 553 5178 Ed.
596 5123 770 5180 Paris.
806 5141 929 5194 pag.
967 5126 1090 5180 104.

431 5196 472 5225 ⁶¹
515 5193 683 5250 ICor.
709 5193 837 5259 vm,
867 5196 921 5248 6.
1034 5197 1078 5227 ⁸³
1117 5194 1283 5250 Hebr.
1336 5211 1386 5260 ι,
1431 5194 1486 5249 2.

358 5265 446 5318 50.
521 5266 567 5295 ⁸⁵
607 5265 735 5317 ibid.

420 5360 532 5499 (70)
561 5360 734 5413 Μόνον
757 5360 842 5414 ἀλ.
872 5380 924 5414 κ.
958 5378 1052 5432 πρ.
1083 5363 1129 5415 δ.
1165 5361 1324 5426 vulgo
1350 5377 1457 5415 om.

423 5431 502 5499 (7i
569 5429 758 5484 Οὐδὲν
807 5432 1008 5499 ἕτερον
1049 5429 1127 5499 ἦν
1179 5431 1344 5499 πλὴν
1390 5449 1456 5485 το

423 5431 532 5500 (71)
569 5431 758 5484 Οὐδὲν
807 5431 1012 5500 ἕτερον
1049 5431 1127 5501 ἦν
1179 5431 1344 5500 πλὴν
1390 5431 1494 5486 τοῦ
1529 5431 1696 5487 Θεοῦ.
1754 5431 1906 5485 Solus

357 5501 498 5575 lieus
532 5513 648 5554 erat
688 5514 939 5575 creatura
972 5505 1152 5575 nulla,
1191 5505 1482 5575 hoc_totics
1509 5506 1731 5575 urgebat
1763 5499 1906 5554 hlaro

1601 5193 1645 5224 “
1686 5191 1846 5247 Prov.
1895 5206 2014 5256 vm,
2061 5189 2151 5243 27.

2027 4634 2230 4688 verbiis
2259 4633 2557 4703 Sapientia,
2596 4634 2884 4704 inquiens:
2920 4633 3032 4703 Ego
3059 4651 3202 4688 nam
3229 4637 3283 4688 in
3313 4651 3416 4705 qua
3459 4652 3592 4705 gau-

2027 4727 2176 4779 debat
2207 4727 2453 4778 eontinuo
2475 4725 2540 4777 ".
2585 4725 2690 4779 Sed
2733 4734 2788 4779 et
2829 4727 3056 4795 ipsemet
3089 4724 3256 4780 Filius
3285 4728 3591 4794 replebatur

2027 4815 2417 4882 oblectatione,
2460 4815 2584 4869 dum
2619 4816 2670 4868 in
2720 4822 2971 4884 paternas
3020 4815 3374 4885 cogitationes
3409 4817 3588 4873 intue-

2030 4917 2199 4962 retur.
2227 4904 2487 4970 Quocirca
2515 4906 2678 4970 dixit,
2713 4905 3023 4960 Oblectabar
3056 4918 3231 4961 autem
3260 4923 3437 4961 coram
3472 4909 3589 4973 illo,

2030 5001 2168 5051 omni
2222 5008 2445 5063 tempore
2481 4995 2548 5049 ⁸⁸.
2598 4993 2724 5052 Haec
2779 5007 2904 5052 sunt
2963 4997 3052 5051 illa
3102 5000 3352 5068 mysteria
3402 5013 3590 5054 sacro-

2261 5187 2306 5219 ⁸⁸
2343 5183 2500 5239 Joan.
2543 5199 2592 5249 I,
2625 5186 2677 5240 9.
2773 5185 2817 5218 ⁸⁸
2856 5187 2985 5244 ibid.
3019 5188 3103 5243 l0.
3199 5189 3241 5221 ⁸⁷
3281 5187 3442 5244 Prov.
3469 5204 3588 5256 vin,

2114 5353 2202 5425 72)
2245 5351 2554 5425 ἸουδαῖονΣ
2584 5352 2718 5425 Nam
2765 5349 2936 5410 Judaei
2967 5393 2983 5419 ,
3042 5354 3422 5424 paternitstem
3479 5353 3589 5409 Deo

569 5429 758 5484 Οὐδὲν
807 5420 1015 5500 ἕτερον’
1049 5429 1127 5501 ἦν
1179 5420 1344 5500 πλὴν
1390 5431 1494 5486 τοῦ
1529 5431 1696 5487 Θεοῦ.
1754 5426 1910 5501 Solus

2032 5420 2398 5501 letralteliant,
2417 5422 2587 5501 αὐτῷ.
2616 5420 2691 5501 Μ..

2091 5494 2202 5567 (75)
2258 5491 2624 5573 Marp-asellum.
2667 5491 2802 5547 Tum
2860 5491 3146 5573 legendum
3214 5493 3479 5573 Ἰουδαῖοι,
3533 5504 3589 5573 et

357 5571 542 5637 callus,
567 5582 756 5625 contra
807 5573 1098 5636 Asterium,
1139 5563 1246 5642 'qui
1287 5571 1556 5626 Christum
1573 5563 1908 5626 “creaturam

357 5641 605 5687 ducebat-
635 5645 728 5687 sed
785 5643 968 5687 multis
1025 5645 1237 5687 ςειιριιΙίς
1289 5642 1486 5687 mundo
1528 5641 1908 5687 antimtiorem-

2032 5563 2553 5645 τυμμαρτυροῦντες,
2574 5563 2662 5616 hic
2682 5577 2812 5633 ergo
2833 5563 3052 5634 repone,
3078 5563 3419 5687 Μαρκέλλου,
3444 5567 3586 5634 quod

2032 5653 2139 5687 :uin
2175 5637 2250 5687 ῐσ.
2277 5651 2326 5687 ιιι
2356 5633 2466 5687 MD.
2493 5642 2593 5686 est.
2628 5632 2708 5687 M.
2735 5661 2804 5671 —
2833 5631 2951 5687 Mox
2987 5637 3146 5687 vulao
3214 5634 3350 5687 ἐγοι.

357 5641 606 5702 docebat.
635 5645 728 5695 sed
785 5643 968 5696 multis
1025 5641 1237 5696 saeculis
1289 5642 1486 5696 mundo
1528 5641 1908 5710 antiquiorem.

360 5711 638 5776 Eusebius,
688 5712 900 5765 Asterio
931 5712 1246 5836 σύμὲιηφος,
1289 5720 1558 5780 arreptum
1598 5713 1914 5778 interpreta-

360 5781 680 5836 turmiilies.
714 5782 778 5834 de
814 5793 1004 5836 tit-stata
1061 5783 1158 5836 “ilu
1226 5784 1514 5836 hvuostasi.
1571 5781 1638 5836 Μ.
1674 5779 1907 5835 -—Iul'ra

360 5781 680 5843 turmillies,
714 5782 778 5834 de
814 5779 1014 5852 negata
1041 5779 1158 5838 Filii
1226 5779 1514 5852 hypostasi.
1571 5781 1638 5839 Μ.
1674 5810 1743 5822 -—
1768 5779 1907 5835 lul'ra

359 5855 512 5922 vulgo
537 5852 694 5907 αὑτὸν
737 5852 993 5922 κάκείνῳ.

2017 5631 2257 5706 cunila.
2277 5631 2329 5706 iii
2356 5633 2466 5704 Mp.
2493 5642 2593 5706 est.
2628 5632 2708 5688 M.
2735 5631 2804 5671 ἐ-
2833 5631 2951 5687 Mox
2987 5637 3146 5706 vulgo

2118 5634 2146 5688 ιι
2175 5637 2250 5690 ῑσ.
2277 5642 2326 5688 ιιι
2356 5634 2466 5704 Μι).
2493 5642 2593 5686 est.
2628 5634 2708 5688 M.
2735 5661 2804 5671 —
2833 5634 2951 5687 Mox
2987 5637 3146 5706 vulgo
3180 5634 3350 5703 λέγοι.

2118 5705 2206 5777 ﬂ)
2243 5704 2366 5777 M85-
2406 5703 2576 5777 ἡμᾶςτ
2967 5775 2977 5777 _
3051 5773 3062 5777 -

2118 5707 2206 5777 74)
2243 5707 2366 5757 Mss.
2406 5707 2576 5775 ἡμᾶς.

2087 5707 2200 5847 ἓ75)
2243 5773 2407 5847 Vulgo
2445 5772 2686 5847 ἐσχάτων
2716 5783 2772 5847 et
2800 5789 2918 5826 mos
2955 5773 3231 5828 ἁπάντων.

2086 5844 2198 5918 (76)
2243 5846 2301 5899 Ἠ
2334 5845 2536 5912 σοφία,
2572 5845 2667 5896 καὶ
2697 5845 2910 5914 λόγων.
2941 5847 3030 5900 Sic
3060 5846 3267 5913 legend.
3305 5844 3380 5896 Μ,
