4160 6444
469 389 573 444 905

1133 384 1401 441 EUSEBll
1441 383 1923 439 CAESARIENSIS
1961 383 2115 440 OPP.
2158 386 2338 441 PARS
2377 386 2444 441 lV
2510 416 2578 425 —
2618 384 3036 440 DOGMATICA.

3609 395 3718 450 $04

442 512 672 572 sancta,
703 517 821 572 quze
850 499 1016 555 semel
1054 509 1274 570 accepta
1316 500 1516 555 Christi
1551 501 1788 555 Ecclesia
1823 502 1909 570 pie
1945 517 2036 555 cu-

2148 522 2276 573 γων,
2310 523 2328 555 ι
2370 506 2538 576 μήπω
2585 502 2677 556 τοῦ
2729 502 2936 573 κόσμου
2984 500 3268 570 γεγονότος
3317 501 3484 572 μηδὲν
3533 503 3721 575 ἕτερον

439 579 445 616 ³
469 596 652 651 slodit.
678 593 727 648 Is
757 609 909 657 vero,
934 592 1026 663 qui
1048 603 1250 657 tuetur,
1270 611 1289 644 t
1317 603 1441 647 anle
1461 594 1714 648 mundum
1746 596 2042 659 c0ndituut,

469 688 600 742 nihil
618 696 811 755 praeter
833 685 1006 738 solum
1030 684 1194 738 Deum
1213 685 1512 748 exstitisse,
1540 703 1558 736 ι
1590 700 1620 738 e
1646 685 1854 738 duobus
1880 701 2042 738 unuru

468 778 775 835 necessario
807 777 1104 842 constituit,
1134 775 1427 831 Sabellium
1469 790 1546 840 se,
1576 776 1659 831 vel
1689 774 1955 830 Judaeum.
1980 782 2038 840 »Β

467 869 600 924 Nam
632 870 674 924 si
713 870 777 924 de
804 868 884 923 sui
921 867 1082 922 animi
1117 867 1385 923 sententia
1423 866 1616 921 Filium
1653 879 1834 937 neget,
1866 867 2042 921 solum

470 963 637 1017 Deum
668 959 962 1031 professus,
1006 957 1222 1014 Iudaeus
1271 967 1353 1014 est
1399 959 1489 1028 qui
1538 958 1812 1014 Christum
1848 961 2043 1029 rejicit.

474 1054 565 1109 Vel
588 1055 630 1107 si
665 1053 839 1107 Verbo
870 1063 1025 1108 tenus
1056 1051 1298 1122 agnoscit
1325 1051 1449 1106 Filii
1482 1051 1839 1116 vocabulum,
1867 1051 2042 1120 ipsum

470 1155 646 1200 autem
680 1144 873 1200 Filium
908 1160 1027 1200 esse
1065 1159 1230 1199 unum
1261 1143 1430 1197 Deum
1471 1142 1639 1208 dicat,
1668 1159 1833 1198 unum
1883 1151 2044 1213 atque

469 1239 738 1306 eumdem,
769 1238 841 1293 ita
869 1245 925 1292 et
957 1236 1168 1290 Patrem
1197 1247 1251 1290 et
1279 1236 1478 1290 Filium
1505 1235 1883 1290 arbitrabitur.
1910 1235 2044 1290 Nam

470 1333 514 1386 si
547 1340 673 1387 ante
700 1331 980 1396 mundum,
1003 1329 1138 1384 nihil
1165 1327 1413 1384 exstabat
1444 1329 1602 1398 plane
1627 1339 1824 1397 praeter
1853 1328 2042 1395 Deum,

471 1426 585 1496 ipse
620 1424 705 1480 vel
747 1424 908 1480 Pater
935 1430 989 1479 et
1021 1423 1189 1478 Filius
1244 1423 1406 1479 simul
1441 1423 1588 1479 erit:
1634 1424 1714 1479 vel
1749 1435 1900 1480 certe
1941 1440 2044 1480 non

467 1519 717 1586 genuerit
755 1516 945 1572 ﬁlium.

1111 1609 1265 1666 CAP.
1309 1608 1397 1665 Ill.

470 1700 742 1766 Quomodo
779 1701 875 1755 Dei
917 1699 1142 1754 Verbum
1183 1703 1238 1754 in
1286 1699 1394 1754 Deo
1433 1700 1707 1767 exsistam,
1736 1703 1850 1756 sine
1897 1702 2046 1771 prin-

836 1773 970 1840 cipio
997 1771 1250 1839 deﬁnivit,
1279 1781 1328 1825 et
1361 1771 1679 1841 ingenitum.

537 1861 645 1919 Sed
693 1862 905 1916 videtur
942 1861 1224 1916 Marcellus
1255 1875 1399 1926 eum,
1429 1862 1518 1929 qui
1557 1861 1608 1916 in
1647 1861 1755 1916 Deo
1789 1871 1909 1916 erat
1941 1860 2044 1916 Lo-
2074 1881 2116 1936 Β

469 1970 595 2026 gon,
630 1955 922 2010 secundum
957 1969 1116 2024 quem
1155 1953 1357 2023 logicos
1406 1953 1743 2022 intelligitur,
1791 1953 2038 2006 eumdem

469 2057 589 2097 esse
627 2051 680 2098 et
709 2042 903 2097 Filium
943 2042 1236 2097 arbitrari:
1269 2053 1328 2097 ut
1366 2042 1440 2096 ita
1475 2042 1589 2112 ipse
1634 2044 1705 2096 sit
1743 2042 1825 2096 sui
1875 2041 2044 2110 ipsius

471 2131 654 2200 Pater,
682 2143 737 2188 et
762 2147 794 2187 e
822 2147 1084 2188 converso
1110 2132 1195 2187 sui
1224 2131 1394 2202 ipsius
1423 2131 1612 2187 Filius.
1643 2133 1861 2188 Audisis
1890 2148 2042 2203 ergo,

2147 591 2286 649 εἶναι
2325 596 2463 666 πλὴν
2493 594 2628 647 Θεοῦ
2667 595 2852 664 μόνον,
2885 613 2902 644 ι
2941 593 3086 645 δυεῖν
3112 591 3338 662 θάτερον
3366 593 3557 647 ἑαυτὸν
3593 595 3721 648 ὄντα

2148 689 2407 760 παρίστη,
2439 688 2472 758 ἢ
2520 687 2792 748 Ἰουδαῖον,
2823 686 2855 757 ἢ
2885 684 3194 738 Σαϐἐλλιον.
3229 686 3298 736 ’Ἡ
3341 683 3450 756 γὰρ
3496 685 3722 740 αὐτόθεν

2145 778 2471 849 ἀρνούμενος
2509 778 2599 830 τὸν
2647 776 2794 841 Υἱὸν,
2825 775 2958 830 Θεὸν
2989 776 3046 828 δὲ
3102 776 3262 846 μόνον
3295 775 3549 845 εἰσάγων,
3588 777 3719 832 Ἰου-

2144 871 2292 934 δαῖος
2360 869 2512 923 ἔσται
2561 869 2653 922 τὸν
2699 867 2933 940 Χριστὸν
2987 866 3403 939 ἀρνούμενοςοῆ
3441 869 3602 940 μέχρι
3636 868 3722 921 λό-

2145 980 2239 1031 γου
2271 962 2384 1034 (77)
2412 961 2510 1032 τὴν
2543 961 2636 1014 τοῦ
2652 961 2779 1014 Υίοῦ
2798 961 3097 1033 πρόσρησιν
3127 960 3539 1031 ἀποδεχόμενος,
3559 963 3722 1016 αὐτὸν

2143 1055 2186 1108 δ’
2221 1049 2360 1107 εἶναι
2394 1054 2622 1124 φάσκων
2656 1053 2750 1106 τὸν
2804 1053 2902 1106 ἕνα
2945 1052 3097 1116 Θεὸν,
3156 1052 3280 1105 Υίὸν
3313 1052 3445 1123 ὁμοῦ
3481 1052 3592 1123 (78)
3627 1053 3721 1107 καὶ

2146 1147 2383 1218 Πατέρα,
2411 1146 2502 1200 τὸν
2532 1145 2816 1198 Σαόέλλιον
2839 1143 3218 1198 ὲνανεώσεται.
3252 1144 3314 1196 El
3345 1143 3453 1216 γὰρ
3487 1144 3592 1217 πρὸ
3623 1142 3718 1197 τοῦ

2145 1237 2348 1308 κόσμου
2382 1236 2534 1290 οὐδὲν
2561 1236 2747 1307 ἓτερον
2776 1231 2844 1306 ἦν
2874 1235 3012 1306 πλὴν
3036 1235 3191 1300 Θεοῦ,
3245 1235 3406 1298 αὐτὸς
3430 1234 3579 1288 ἔσται
3608 1235 3716 1288 Πα-

2144 1326 2246 1399 τὴρ
2270 1328 2364 1380 καὶ
2390 1327 2538 1392 Υἱὸς,
2569 1328 2601 1398 ἧ
2629 1327 2749 1380 οὐδὲ
2776 1326 2885 1391 ἕξει
2919 1327 3051 1380 υἱόν.

2837 1599 2966 1650 ἘΦ.
3010 1597 3083 1649 Γ¹.

2146 1680 2344 1746 Ὅπως
2370 1681 2478 1736 τὸν
2496 1683 2690 1756 Λμότον
2717 1599 2996 1740 τοῦλθεοῦ
3023 1687 3093 1739 ἐν
3123 1683 3205 1751 τῷ
3233 1683 3354 1756 Θεῷ
3373 1684 3518 1740 ὄντα
3537 1685 3716 1756 ἄναρ-

2361 1770 2475 1822 χον
2498 1750 2650 1810 εἶναι
2676 1755 2774 1808 καὶ
2814 1755 3148 1825 ἀγέννητον
3170 1750 3439 1823 ὡρίζετο.

2227 1844 2364 1897 Ἀλλ’
2394 1845 2539 1899 ἔοικε
2565 1845 2884 1917 Μάρκελλος
2899 1848 2989 1902 τὸν
3017 1850 3074 1901 ὲν
3106 1847 3258 1914 αύτῷ
3287 1847 3365 1920 τῷ
3391 1847 3512 1920 Θεῷ
3526 1848 3719 1919 Λόγον,

2144 1938 2264 1991 καθ’
2280 1938 2339 1992 ὃν
2356 1939 2569 2008 λογικὸς
2596 1942 2816 2004 νοεῖται,
2833 1940 3017 1994 τοῦτον
3043 1937 3181 1995 εἶναι
3211 1941 3441 2011 φάσκειν
3456 1942 3548 1995 τὸν
3570 1942 3718 1995 Υίόν·

2143 2031 2283 2084 ὥστε
2310 2027 2449 2086 εῖναι
2481 2031 2645 2084 αὑτὸν
2669 2031 2863 2085 ἑαυτοῦ
2897 2033 3118 2105 Πατέρα
3145 2033 3239 2088 καὶ
3263 2029 3330 2088 αὖ
3367 2035 3529 2088 πάλιν
3558 2035 3722 2089 αὑτὸν

2145 2123 2338 2177 ἑαυτοῦ
2367 2123 2515 2178 Υἱόν.
2549 2125 2880 2179 Ἐπάκουσον
2905 2123 3036 2193 γοῦν
3072 2125 3179 2179 τῶν
3219 2126 3384 2180 αὑτοῦ
3409 2127 3620 2196 φωνῶν,
3653 2127 3720 2180 δι’

469 2241 589 2294 qua:
620 2226 838 2280 totidem
867 2225 1045 2282 verbis
1069 2227 1328 2296 scripsit:
1360 2224 1431 2298 [Β
1467 2224 1600 2280 XCII
1633 2226 1760 2282 coll.
1787 2241 1842 2296 p.
1875 2227 1944 2281 59
1974 2225 2036 2299 Β]

2148 2209 2217 2270 ὧν
2247 2215 2433 2270 τοῦτον
2473 2216 2674 2286 γράφει
2710 2215 2803 2269 τὸν
2847 2217 3046 2287 τρόπον
3073 2235 3086 2248 ·
3125 2235 3144 2268 ι
3181 2218 3295 2290 Πρὸ
3336 2219 3444 2290 γάρ
3487 2219 3588 2289 τῆς
3631 2219 3724 2290 δη-

474 2337 494 2371 ι
535 2320 676 2373 Ante
733 2318 972 2374 universi
1023 2319 1434 2383 conditionem,
1483 2327 1638 2385 erat,
1694 2327 1755 2373 ut
1805 2319 2038 2384 videtur,

475 2428 496 2462 ‹
543 2411 698 2480 quies
727 2409 865 2476 alia,
913 2410 967 2465 in
1016 2409 1129 2464 Deo
1173 2410 1351 2466 Verbo
1402 2410 1700 2492 exsistente
1746 2411 1848 2468 :"si
1900 2410 2043 2466 enim

475 2520 496 2554 ι
542 2502 728 2556 credat
762 2501 1008 2556 Asterius
1045 2500 1212 2556 Deum
1247 2515 1369 2556 esse
1402 2501 1642 2556 universi
1687 2501 2042 2566 conditorem,

475 2609 495 2642 ι
541 2600 685 2646 certe
727 2593 880 2647 nobis
925 2591 1052 2646 illud
1099 2605 1462 2648 concessurus
1489 2600 1607 2658 est,
1640 2591 1788 2646 illum
1833 2607 2048 2662 semper

477 2701 496 2735 ι
541 2685 838 2748 exstitisse,
885 2699 1159 2754 nunquam
1211 2683 1509 2740 exsistendi
1553 2684 1882 2754 principium
1923 2697 2043 2739 sor-

477 2792 495 2826 t
543 2776 717 2840 litum,
761 2776 944 2830 omnia
992 2785 1170 2830 autem
1223 2775 1293 2830 ab
1341 2774 1432 2829 illo
1463 2775 1608 2829 facta
1664 2774 1857 2840 fuisse,
1900 2773 2046 2828 etde

475 2885 496 2918 ι
541 2867 710 2922 nihilo
757 2866 964 2920 factau
1016 2866 1176 2922 Vides
1216 2875 1278 2921 ut
1327 2867 1494 2922 Deum
1541 2874 1788 2920 statuens
1841 2865 2046 2933 absque

469 2959 614 3012 omni
649 2958 911 3028 principio
943 2955 1180 3012 Verbum
1210 2959 1356 3026 quod
1397 2957 1449 3012 in
1489 2957 1580 3013 illo
1610 2966 1750 3022 erat,
1783 2957 1834 3011 in
1863 2959 2045 3026 quiete

469 3047 700 3108 statuit,
752 3055 878 3101 ante
952 3046 1135 3101 mundi
1214 3046 1595 3111 condituram,
1663 3047 2042 3102 constitutum.

469 3137 655 3207 Pergit
687 3152 867 3208 porro,
911 3145 966 3192 et
1001 3137 1243 3208 adjungit
1287 3155 1302 3191 :
1356 3155 1376 3190 ι
1418 3135 1476 3191 Si
1524 3136 1670 3192 istud
1714 3137 1938 3203 credat,
1991 3147 2045 3192 et

2150 2325 2169 2358 t
2213 2307 2500 2378 μιουργίας
2541 2307 2761 2377 ἀπάσης
2805 2305 3006 2376 ἡσυχία
3027 2324 3110 2370 τις
3147 2302 3235 2378 ἦν,
3268 2308 3344 2371 ὡς
3371 2307 3538 2374 εἰκὸς,
3569 2307 3722 2371 όντος

2150 2417 2169 2448 ι
2205 2401 2262 2452 ὲν
2285 2399 2363 2470 τῷ
2389 2397 2506 2470 Θεῷ
2534 2399 2629 2452 τοῦ
2661 2399 2856 2466 Λόγου.
2879 2400 2943 2452 El
2970 2399 3078 2470 γὰρ
3106 2400 3336 2472 ποιητὴν
3354 2401 3611 2454 ἁπάντων
3632 2399 3724 2454 τὸν

2151 2509 2170 2542 ι
2207 2490 2338 2543 Θεὸν
2404 2491 2679 2562 Ἀστέριος
2733 2492 3096 2546 πεπίστευκεν
3149 2487 3324 2556 εἶναι,
3411 2493 3584 2562 δῆλον.
3640 2492 3724 2546 ὅτι

2151 2600 2170 2633 ι
2213 2582 2629 2655 συνομολογήσει
2666 2584 2798 2654 ἡμῖν
2833 2584 2928 2637 καὶ
2961 2583 3142 2647 αὐτὸς,
3176 2584 3266 2638 τὸν
3299 2584 3398 2656 μὲν
3432 2585 3520 2638 ἀεὶ
3543 2584 3724 2655 ὑπάρ-

2151 2692 2170 2724 ι
2212 2692 2324 2744 χειν
2343 2715 2358 2740 ,
2398 2674 2530 2744 μηδὲ
2562 2673 2783 2729 πώποτε
2813 2674 2986 2747 ἀρχὴν
3010 2675 3104 2729 τοῦ
3140 2675 3279 2729 εἶναι
3309 2676 3562 2740 λαὸόντα,
3590 2677 3722 2731 τάδε

2152 2782 2170 2815 ι
2209 2764 2533 2834 γεγενῆσθαί
2577 2781 2637 2817 τε
2669 2764 2775 2817 ὑπὸ
2801 2752 2987 2828 αὐτοῦ,
3031 2765 3125 2819 καὶ
3154 2765 3211 2832 ἐξ
3243 2767 3343 2820 οὐκ
3369 2766 3538 2820 όντων
3566 2785 3728 2837 γεγε-

2151 2874 2170 2907 ι
2210 2855 2422 2927 νῆσθαι.
2455 2874 2474 2907 ι
2525 2856 2685 2928 Ὁρᾷς
2727 2857 2896 2922 ὅπως,
2934 2856 3027 2909 τὸν
3059 2857 3190 2911 Θεὸν
3220 2859 3453 2930 ἄναρχον
3482 2861 3727 2933 ὑποστηο

2147 2947 2401 3018 σάμενος,
2422 2948 2514 3000 τὸν
2541 2948 2712 3017 Λόγον
2735 2950 2792 3002 ὲν
2825 2948 2974 3020 αὐτῷ
2991 2949 3119 3003 ὅντα
3137 2951 3194 3004 ὲν
3223 2953 3424 3023 ἡσυχίᾳ
3447 2949 3586 3006 εἶναι
3619 2955 3728 3026 πρὸ

2144 3039 2244 3110 τῆς
2267 3039 2625 3112 δημιουργίας
2649 3041 2759 3112 (79)
2791 3039 2918 3114 ἔφη,
2953 3042 3047 3095 καὶ
3073 3042 3277 3114 προῖὼν
3300 3042 3428 3114 ἑξῆς
3458 3045 3723 3113 ἐπιλέγει·

2150 3150 2170 3181 ι
2207 3132 2269 3185 El
2296 3131 2475 3185 τοίνυν
2519 3131 2679 3185 τοῦτο
2722 3133 2990 3200 πιστεύει,
3039 3134 3251 3206 ἀνάγκη
3299 3135 3460 3188 αὑτὸν
3505 3137 3729 3190 κάκεῖνο

475 3245 496 3280 ι
543 3228 672 3283 illud
729 3244 943 3300 quoque
1008 3243 1128 3284 eum
1195 3226 1357 3284 fateri
1432 3242 1654 3284 necesse
1715 3238 1834 3296 est,
1905 3231 2044 3301 quod

2156 3241 2175 3275 t
2215 3223 2612 3296 συνομολογεῖν,
2633 3226 2714 3279 ὅτι
2741 3225 2878 3298 πλὴν
2904 3226 3060 3292 Θεοῦ,
3084 3227 3235 3281 οὐδὲν
3254 3227 3340 3280 ἓτε
3349 3245 3440 3299 ρον
3461 3225 3547 3300 ἦν.
3568 3227 3728 3301 Εἴχεν

473 3335 495 3370 ι
538 3318 696 3388 plane
730 3331 926 3390 praeter
960 3319 1132 3374 Deum
1167 3318 1299 3374 nihil
1327 3330 1442 3374 erat
1471 3319 1636 3374 aliud.
1674 3319 2045 3392 Habuitergn,

474 3428 494 3462 ι
546 3403 777 3467 Verbum
829 3412 884 3466 in
959 3411 1118 3467 Patre
1188 3411 1522 3478 subsistens,
1573 3428 1731 3468 suam
1801 3414 2046 3483 peculia-

474 3520 496 3555 ι
542 3517 655 3558 rem
707 3503 952 3573 gloriam.
979 3522 998 3556 ο
1040 3503 1176 3558 Hinc
1199 3503 1491 3574 profectus,
1525 3512 1580 3559 et
1625 3513 1912 3571 :eternum,
1947 3507 2048 3561 hoc

468 3605 553 3650 est
581 3595 874 3666 ingenitum
903 3609 1023 3650 esse
1052 3593 1284 3650 Verbum
1322 3595 1674 3665 pronuntiat:
1707 3592 1798 3666 [R.
1834 3595 2046 3651 XLVlll

469 3687 596 3742 coll.
625 3704 677 3758 p.
703 3687 774 3742 55
803 3686 868 3760 C]
904 3707 922 3740 ι
951 3687 1117 3743 Audis
1166 3702 1295 3758 ergo
1341 3685 1577 3757 Spiritus
1629 3689 1809 3744 sancti
1846 3704 2048 3746 conso-

473 3799 494 3832 ι
544 3781 811 3846 nautiam,
841 3781 931 3851 qui
976 3795 1074 3850 per
1119 3779 1320 3835 multas
1365 3789 1420 3835 et
1463 3781 1707 3836 diversas
1749 3796 2043 3852 personas,

477 3891 495 3922 ι
544 3874 702 3929 Verbi
737 3875 1028 3930 aeternitati
1063 3872 1433 3928 testimonium
1470 3874 1736 3942 perhibet.
1766 3893 1785 3926 ι
1823 3875 1891 3928 Et
1922 3889 2046 3928 rur-

470 3979 603 4019 sus:
642 3982 660 4014 ι
693 3963 756 4018 Et
793 3965 863 4020 ob
915 3965 1021 4020 hoc
1071 3964 1247 4034 ipsum
1306 3963 1587 4019 exorditur
1627 3965 1695 4020 ab
1742 3969 2047 4022 aeternitate

477 4072 497 4104 ι
544 4051 724 4118 Verbi,
765 4052 832 4107 In
858 4055 1117 4123 principio
1158 4063 1268 4108 erat
1303 4053 1555 4120 Verbum,
1583 4063 1633 4109 et
1676 4053 1902 4110 Verbum
1933 4065 2046 4110 erat

477 4161 499 4195 ι
546 4145 684 4213 apud
716 4143 903 4211 Deum,
930 4156 978 4199 et
1009 4144 1149 4199 Deus
1192 4155 1302 4199 erat
1351 4145 1577 4201 Verbum
1605 4145 1670 4200 ".
1708 4145 1907 4203 Tribus
1958 4147 2044 4202 hic

477 4254 497 4287 ι
538 4237 807 4292 continuis
840 4237 1164 4292 testimoniis
1194 4253 1324 4294 usus
1351 4239 1710 4295 aeternitatem
1737 4239 1897 4296 Verbi
1930 4239 2045 4295 vult

477 4347 498 4381 ι
543 4329 955 4384 οοηειεώὶΙίνε.»
1010 4329 1258 4395 Qualiter
1306 4344 1436 4385 vere
1480 4330 1715 4385 Verbum
1757 4331 2040 4386 counitnm

470 4431 590 4477 erat
621 4423 751 4486 Deo,
777 4431 833 4476 et
862 4436 984 4477 cum
1016 4421 1109 4476 illo
1134 4437 1236 4476 una
1270 4421 1594 4490 ingenitum,
1632 4432 1844 4477 tueatur
1865 4437 2043 4492 operze

471 4515 702 4585 pretium
739 4524 854 4580 est,
903 4522 961 4569 ut
1009 4513 1177 4584 ipsius
1221 4514 1400 4569 verbis
1449 4513 1687 4583 positum
1738 4513 2038 4570 audiamus.

2156 3336 2174 3369 t
2214 3314 2306 3370 οὖν
2337 3319 2437 3389 τὴν
2483 3317 2690 3373 οἰκείαν
2716 3319 2871 3385 δόξαν
2898 3322 2925 3374 ό
2955 3321 3148 3389 Λόγος,
3180 3321 3255 3375 ὢν
3283 3324 3342 3376 ὲν
3371 3322 3450 3393 τῷ
3474 3324 3668 3396 Πατρί.
3702 3345 3720 3376 ›

2159 3407 2434 3462 Ἐντεῦθεν
2478 3409 2722 3475 εἰκότως,
2765 3411 2856 3464 καὶ
2915 3412 3104 3480 ἀΐδιον,
3162 3412 3460 3468 τοῦτ’ἐστιν
3505 3416 3728 3486 ἀγέννη-

2144 3518 2258 3566 τον,
2287 3497 2427 3554 slva!
2457 3519 2589 3574 φησι
2623 3503 2714 3556 τὸν
2750 3504 2942 3573 Λόγον,
2976 3498 3079 3559 ὧδε
3123 3506 3349 3577 γράφων
3369 3524 3383 3539 ο
3413 3526 3430 3558 ι
3481 3508 3727 3573 ’Λκούεις

2152 3611 2171 3645 ι
2211 3593 2390 3647 τοίνυν
2420 3595 2522 3665 τῆς
2553 3597 2872 3667 συμφωνίας
2899 3598 2992 3650 τοῦ
3033 3598 3190 3666 ἁγίου
3233 3599 3583 3672 Πνεύματος,
3637 3602 3727 3655 διὰ

2152 3703 2172 3736 ι
2209 3685 2416 3740 πολλῶν
2441 3689 2534 3741 καὶ
2561 3688 2834 3760 διαφόρων
2855 3689 3161 3760 προσώπων
3186 3694 3252 3763 τῇ
3273 3692 3365 3746 τοῦ
3390 3694 3564 3763 Λόγου
3585 3712 3727 3767 μαρ-

2152 3796 2170 3829 t
2210 3779 2475 3852 τυρούσης
2507 3781 2792 3852 ἀῖδιότητι.
2835 3801 2853 3833 ι
2884 3783 2994 3837 Καὶ
3023 3783 3217 3836 πάλιν·
3255 3804 3274 3836 ι
3315 3786 3424 3838 Kal
3454 3785 3542 3839 διά
3569 3785 3728 3840 τοῦτο

2150 3889 2170 3922 ι
2215 3871 2440 3944 ἄρχεται
2472 3873 2571 3944 μὲν
2615 3873 2723 3926 ἀπὸ
2767 3874 2867 3945 τῆς
2905 3874 3205 3946 ἀῖδιότητος
3241 3877 3336 3930 τοῦ
3366 3879 3562 3947 Λόγου,
3621 3879 3726 3934 Ἐν

2151 3983 2170 4018 ι
2203 3965 2362 4036 ἀρχῇ
2401 3962 2481 4036 ἦν
2506 3965 2620 4036 (80)
2652 3969 2686 4021 ὀ
2722 3968 2932 4036 Λόγος,
2970 3967 3167 4037 λέγων,
3211 3969 3310 4024 καὶ
3357 3974 3391 4024 ό
3429 3973 3619 4041 Λόγος
3647 3970 3726 4042 ἦν

2150 4076 2168 4109 ι
2217 4058 2366 4126 πρὸς
2383 4058 2491 4111 τὸν
2512 4057 2679 4122 Θεὸν,
2699 4058 2798 4112 καὶ
2826 4059 2970 4126 Θεὸς
2991 4055 3115 4131 ἦνό
3134 4063 3347 4131 Λόγος-ο
3365 4063 3542 4134 τρισὶν
3564 4064 3724 4118 ἐπαλ-

2151 4167 2169 4200 ι
2214 4149 2392 4222 λήλοις
2409 4151 2732 4224 μαρτυρίαις
2759 4151 3039 4222 χρώμενος
3069 4153 3167 4226 τὴν
3199 4155 3475 4227 ἀῖδιότητα
3505 4157 3599 4210 τοῦ
3617 4158 3724 4212 Λό-

2151 4264 2169 4296 ι
2209 4261 2307 4312 γου
2324 4243 2596 4299 δεικνύναι
2613 4244 2880 4315 βούλεται.
2909 4265 2928 4297 ι
2953 4247 3140 4310 Ὅπως
3155 4247 3212 4301 δὲ
3241 4247 3478 4318 ἡνῶσθαι
3512 4248 3589 4320 τῷ
3604 4249 3724 4321 Θεῷ

2144 4340 2236 4392 καὶ
2254 4339 2645 4409 συναγέννητον
2668 4333 2803 4392 εῖναι
2831 4337 2981 4409 αὐτῷ
2999 4338 3090 4392 τὸν
3123 4338 3295 4408 Λόγον
3327 4340 3552 4409 ἔφασκε,
3584 4341 3726 4413 πάρ-

2143 4447 2288 4484 εστιν
2314 4430 2479 4484 αὐτοῦ
2509 4428 2828 4495 ἐπακοῦσαι,
2875 4423 2979 4484 ὧδέ
3023 4447 3100 4501 πη
3141 4429 3409 4499 λέγοντος·
3435 4451 3454 4483 ι
3487 4432 3600 4503 Τὴν
3624 4433 3725 4503 μὲν

2146 4524 2288 4577 κατά
2309 4524 2488 4596 σάρκα
2535 4524 2846 4595 οἰκονομίαν
2862 4523 2938 4595 τῷ
2959 4523 3227 4596 ἀνθρώπῳ
3257 4523 3530 4595 διαφέρειν
3561 4524 3725 4593 γινώ-

476 4623 498 4658 ι
522 4605 980 4675 Dispensationem
997 4605 1212 4675 quidem
1241 4604 1478 4675 inparue
1508 4604 1649 4660 illius
1670 4605 1736 4660 ad
1773 4604 2042 4663 hominem

2151 4585 2507 4690 ωομεν-’τὴν
2535 4617 2591 4671 δὲ
2617 4585 2759 4672 κατά
2803 4585 3018 4688 πνεῦμα
3061 4585 3339 4688 ἀῐδιότητα
3359 4585 3606 4689 ’ἡνῶσθαι
3644 4618 3724 4689 τῷ

472 4706 722 4766 spectare
753 4696 1101 4768 intelligimus
1131 4715 1144 4750 :
1184 4705 1241 4750 at
1271 4711 1420 4761 vero,
1450 4696 1750 4751 secundum
1788 4695 2039 4765 spiritum

471 4787 832 4843 aeternitatem
880 4787 999 4858 ejus
1072 4787 1279 4842 unitam
1353 4803 1474 4842 cum
1538 4787 1702 4844 Patre
1769 4787 2043 4844 credimus

471 4894 608 4935 esse.
644 4897 664 4931 ι

1112 4969 1266 5025 CAP.
1323 4968 1411 5025 IV.

510 5070 570 5128 >14
614 5063 888 5129 Quomodo
927 5078 1111 5134 unum_
1133 5061 1451 5134 atqueidem
1479 5077 1587 5118 esse
1615 5061 1823 5118 verbum
1852 5072 2007 5134 atque

1074 5131 1246 5188 Deum
1269 5133 1426 5189 dixit.

543 5224 646 5293 Qui
676 5226 741 5279 ad
774 5226 917 5280 hunc
959 5224 1174 5278 modum
1224 5224 1276 5278 in
1319 5225 1428 5280 Deo
1469 5224 1693 5280 verbum
1743 5239 1864 5280 esse
1913 5239 2046 5282 con-

547 5347 606 5405 >14
639 5340 736 5411 Ed.
760 5339 932 5395 Paris.
956 5355 1079 5411 pag.
1119 5338 1375 5407 105,106.

564 5412 590 5458 .’
626 5409 783 5466 Joan.
813 5427 852 5476 ι,
882 5412 934 5464 1.

545 5507 658 5575 (77)
695 5505 758 5560 Ἠ
776 5505 951 5575 μέχρι
981 5505 1186 5574 λόγου.
1212 5503 1380 5570 Forte
1410 5503 1690 5575 μόνου.,Μ.

544 5560 656 5644 (788
703 5560 810 5631 Kal
842 5560 1078 5644 ἤὶῖτέρά
1121 5560 1531 5629 ἐνάνεώσέται.
1569 5560 1613 5629 Ε⁸
1614 5589 1750 5642 orte,
1795 5576 1889 5630 ἕνα
1951 5577 2041 5630 καὶ

472 5646 644 5703 αὑτὸν
665 5646 964 5717 νομίσεται,
1000 5656 1098 5700 huc
1129 5646 1489 5717 est.Sabellii_
1505 5647 1742 5701 tuebitur
1769 5648 2036 5717 harresim.

471 5721 662 5798 addidi
695 5715 757 5798 ei:
795 5720 951 5798 codd.
983 5717 1072 5770 τὸν
1089 5715 1402 5798 ’Σαβελλιον
1436 5715 1508 5769 cf.
1541 5731 1594 5798 p‘.
1636 5717 1734 5798 ti)?
1852 5719 1947 5798 lin.
1981 5717 2038 5798 ln

473 5796 578 5844 ruite
607 5791 815 5858 plenius
864 5788 1055 5860 leges,“
1084 5787 1310 5860 ἢίαύτὸς
1345 5786 1504 5860 ,ἔσται
1550 5786 1914 5860 ΙῘατὴρλόμοῦ
1949 5789 2042 5860 καὶ

471 5856 671 5931 γυ)ςῆ
701 5859 854 5925 ὅλως,
871 5857 982 5912 οὔθ’
999 5856 1115 5924 ἕξει
1135 5857 1279 5925 Υἱόν,
1307 5859 1354 5912 ei
1384 5859 1482 5912 hoc
1506 5868 1588 5911 cst
1615 5856 1942 5912 lutiaismus.
1970 5858 2038 5910 lit.

2150 4709 2324 4782 Πατρί
2356 4708 2815 4781 πεπιστεύκαμεν.
2859 4729 2878 4763 ι

2795 4979 2950 5032 ΚΕΦ.
2993 4980 3066 5032 Δ’.

2150 5068 2348 5134 Ὅπως
2369 5069 2438 5122 ἓν
2458 5070 2556 5124 καὶ
2573 5071 2762 5124 αὑτὸν
2785 5067 2940 5195 εένλοὲι
2967 5070 3072 5125 τὸν
3101 5073 3296 5142 Λόγον
3317 5073 3414 5126 καὶ
3445 5070 3552 5125 τὸν
3571 5069 3722 5125 Θεὸν

2855 5181 2867 5194 .
2931 5158 3015 5195 τε.

2855 5158 3015 5211 Mrs.

2222 5229 2420 5284 Τοῦτον
2461 5229 2571 5301 (8|)
2614 5231 2678 5303 δὴ
2717 5233 2807 5286 τὸν
2838 5233 3038 5305 τρόπον
3071 5237 3129 5288 ὲν
3155 5234 3233 5305 τῷ
3262 5234 3382 5304 Θεῷ
3400 5235 3529 5298 δοὺς
3577 5229 3721 5294 εἶναι

2145 5541 2206 5551 --
2246 5509 2388 5566 lnfra
2423 5511 2492 5565 τά
2528 5513 2585 5567 δὲ
2625 5529 2746 5583 γεγ.
2787 5515 3063 5570 transtulit
3089 5514 3258 5570 Mont.
3292 5508 3471 5569 omnia
3495 5513 3717 5585 (πάντα)

2147 5592 2329 5636 autem
2364 5593 2469 5637 est.

2359 5653 2456 5731 '_5_ic_
2479 5653 2625 5731 Μρά
2653 5655 2908 5731 codd._et_
2925 5657 3085 5724 vulgo
3113 5657 3198 5727 ἐφ’

2215 5721 2546 5799 (§|_l)__Vulgo:
2565 5724 2656 5799 ξΕν
2681 5726 2821 5799 ἀρχῇ
2850 5721 2943 5799 οῦν
2972 5721 3172 5784 αἰποιὶ
3204 5721 3292 5781 ἐπ’
3325 5726 3600 5799 ἀλλήλαις.

2214 5792 2501 5866 (8|)Vulgo
2521 5795 2578 5848 δέ
2609 5808 2662 5850 et
2702 5792 2914 5866 ἔν’λεῷ.
