4160 6444
420 316 532 373 ³905

1368 316 1455 371 DE
1484 312 2015 373 ECCLESIASTICA
2054 309 2449 369 THEOLOGIA
2484 308 2614 367 LIB.
2659 309 2720 367 ll.

3558 308 3666 363 906

426 436 520 489 τὸν
545 418 700 502 λόγον
733 433 868 501 (82),
891 433 949 485 ἒν
980 433 1075 485 καὶ
1104 432 1298 486 ταύτὸν
1344 427 1484 484 εἶναι
1534 431 1683 501 αύτῷ
1712 430 1837 500 ἑξῆς
1865 432 2003 483 ἀπο-

2114 428 2290 495 cessit,
2325 408 2486 482 tinum
2514 437 2676 498 alque
2708 426 2847 482 idem
2886 439 3009 481 cum
3038 439 3102 480 eo
3134 424 3262 479 illud
3286 425 3540 493 deinceps
3565 422 3666 478 do-

430 526 700 595 φαίνεται,
737 526 877 578 κατά
918 524 1061 588 λέξιν
1106 520 1206 577 ὦδε
1243 524 1467 595 γράφων
1493 540 1506 552 ·
1537 541 1556 573 ι
1596 524 1658 575 Et
1693 523 1791 592 μὲν
1821 521 1927 591 γὰρ
1966 522 2000 589 ἡ

435 633 455 665 ι
493 612 589 665 τοῦ
615 613 753 665 Πνεύ
762 629 928 683 ματος
952 612 1196 676 ἐξέτασις
1220 612 1458 679 γίγνοιτο
1490 612 1648 680 μόνη,
1670 611 1732 662 ἒν
1758 609 1851 663 καὶ
1871 610 2000 661 ταύ-

436 723 475 755 r
496 703 587 757 τὸν
624 703 847 765 εἰκότως
876 704 941 756 ἂν
965 705 991 756 ὁ
1017 702 1187 770 Λόγος
1214 698 1355 755 εἶναι
1386 702 1467 771 τῷ
1499 700 1619 771 Θεῷ
1648 702 1888 769 φαίνοιτο
1907 718 1919 730 ·
1953 702 2001 752 εί

437 810 459 842 ι
495 792 552 847 δὲ
603 793 635 861 ἡ
688 792 838 845 κατὰ
886 791 1083 859 σάρκα
1130 792 1414 862 προσθήκη
1469 791 1560 843 ἐπὶ
1610 789 1704 842 τοῦ
1753 789 2002 859 Σωτῆρος

437 902 456 932 ί
490 881 833 946 ἐξετάζοιτο,
878 882 1129 953 ἐνεργείᾳ
1167 884 1201 952 ἡ
1236 880 1427 947 θεότης
1471 880 1606 953 μόνῃ
1640 877 2001 932 πλατύνεσθαι

436 994 455 1025 ι
496 974 668 1027 δοκεῖ·
691 974 830 1026 ὥστε
859 975 1082 1036 εἰκότως
1106 974 1271 1044 μονὰς
1286 972 1455 1035 ὅντως
1478 972 1626 1024 ἐστὶν
1642 971 1996 1041 ἀδιαίρετος.»

432 1066 542 1118 Καὶ
573 1064 732 1117 πάλιν
767 1063 969 1135 προῖὼν
1017 1080 1210 1133 φησιν·
1250 1081 1268 1113 ι
1308 1064 1383 1115 Ού
1422 1063 1512 1117 διὰ
1542 1062 1642 1134 τὴν
1693 1064 1749 1114 ὲν
1799 1060 2002 1114 ἅπασιν

320 1180 325 1185 ~
437 1175 457 1208 ι
498 1151 591 1209 οὖν
619 1155 796 1223 λόγοις
843 1172 901 1207 τε
944 1157 1039 1207 καὶ
1094 1155 1277 1225 ἔργοις
1307 1154 1506 1226 ἀκριϐῆ
1543 1154 1881 1224 συμφωνίαν,
1929 1152 2005 1214 ὡς

435 1263 459 1300 ε
504 1245 776 1317 Ἀστέριος
805 1244 930 1315 ἔφη,
964 1246 993 1296 ό
1014 1245 1202 1315 Σωτὴρ
1226 1244 1396 1311 λέγει,
1434 1243 1581 1313 Ἐγὼ
1615 1243 1710 1296 καὶ
1741 1246 1774 1295 ό
1802 1240 2005 1307 Πατὴρ

435 1353 462 1393 ι
498 1337 570 1391 ἓν
588 1338 790 1405 ἐσμεν
819 1335 956 1389 ἀλλά
980 1336 1113 1388 διότι
1143 1334 1398 1386 ἀδύνατόν
1420 1335 1566 1385 ἐστιν
1590 1333 1622 1403 ἢ
1645 1332 1814 1400 Λόγον
1848 1331 2003 1394 Θεοῦ,

437 1450 459 1487 ι
497 1434 534 1505 ἢ
560 1432 692 1486 Θεὸν
723 1431 816 1483 τοῦ
845 1430 1039 1482 ἑαυτοῦ
1069 1427 1382 1500 μερίζεσθαι
1417 1427 1610 1494 Λόγου.
1648 1445 1666 1476 ι
1702 1426 1765 1478 Εἰ
1800 1426 1909 1495 (85)
1943 1426 2006 1496 δὴ

432 1518 526 1576 οὖν
553 1522 611 1574 ἓν
630 1521 724 1574 καὶ
746 1520 937 1573 ταύτὸν
959 1514 1026 1589 ἦν
1058 1520 1086 1571 6
1106 1517 1238 1580 Θεὸς
1270 1518 1364 1570 καὶ
1391 1519 1419 1570 ό
1444 1518 1500 1569 ὲν
1531 1515 1678 1585 αύτῷ
1710 1515 1901 1583 Λόγος,
1932 1515 2007 1577 ὼς

433 1616 581 1668 δοκεῖ
612 1613 937 1684 Μαρκέλλῳ,
986 1613 1015 1663 6
1055 1613 1112 1663 ἐν
1141 1613 1206 1680 τῇ
1250 1609 1380 1679 ἁγίᾳ
1407 1607 1670 1679 Παρθένῳ
1695 1607 2004 1676 γενόμενος,

436 1707 531 1760 κα)⁸
569 1703 890 1776 σαρκωθεὶς,
936 1703 1029 1755 καὶ
1073 1699 1515 1770 ἐνανθρωπήσας,
1561 1699 1655 1751 καὶ
1702 1696 1890 1751 παθὼν
1941 1695 2008 1748 τὰ

436 1766 919 1868 ἀναγεγραμμένα,
950 1794 1043 1846 καὶ
1079 1766 1546 1862 ἀποθανὼνήύπὲρ
1585 1789 1691 1841 τῶν
1725 1787 2007 1859 ἁμαρτιῶν

2114 1795 2170 1840 ut
2216 1787 2471 1842 Marcello
2512 1787 2725 1842 videtur

436 1887 614 1958 ἡμῶν,
640 1886 801 1949 αὐτὸς
820 1881 887 1956 ἦν
908 1887 937 1938 ὁ
962 1886 1054 1937 ἐπὶ
1073 1884 1286 1937 πάντων
1315 1882 1466 1944 Θεός.
1490 1883 1553 1933 Ὃ
1575 1881 1638 1950 δὴ
1666 1880 2009 1953 τολμήσαντα

438 1981 602 2050 φάναι
631 1980 721 2032 τὸν
748 1976 1086 2045 Σαὸέλλιονή
1133 1974 1424 2043 Ἐκκλησία
1456 1972 1551 2028 τοῦ
1580 1972 1713 2026 Θεοῦ
1746 1973 1805 2025 ὲν
1833 1971 2012 2035 ἀθέοις

438 2069 533 2127 καὶ
561 2069 899 2140 βλασφήμοις
928 2066 1035 2135 (84)
1057 2063 1359 2128 κατέλεξεν.

1087 2331 1244 2387 ΚΕΦ.
1285 2326 1363 2384 Ει.

672 2423 793 2477 Ὅτι
820 2423 1006 2478 ταῦτα
1032 2423 1225 2491 λέγων
1250 2420 1485 2490 ἠρνεῖτο
1509 2422 1614 2475 τὸν
1648 2422 1801 2474 Υὶόν.

507 2512 576 2569 Ἐί
603 2516 660 2569 δὲ
683 2515 832 2584 λέγοι
854 2514 1166 2586 Μάρκελλος
1188 2513 1277 2565 τὸν
1296 2514 1464 2581 Λόγον
1487 2507 1629 2565 εἶναι
1654 2511 1747 2564 τοῦ
1771 2510 1904 2563 Θεοῦ
1925 2511 2014 2563 τὸν

443 2606 814 2677 ωρκωθέντα,
838 2605 949 2659 ἀλλ’
967 2605 1268 2676 ἀχώριστον
1293 2603 1456 2657 αὐτὸν
1477 2603 1713 2674 ὡρίσατο
1741 2602 1852 2672 (85)
1878 2598 2016 2655 εἶναι

440 2696 536 2749 τοῦ
573 2696 730 2761 Θεοῦ,
764 2696 966 2766 μονάδα
999 2696 1120 2758 δοὺς
1150 2695 1477 2765 ἀδιαίρετον,
1506 2694 1600 2747 καὶ
1626 2693 1752 2764 μίαν
1782 2693 2017 2745 ὑπόστα-

445 2806 528 2843 σιν
550 2789 644 2843 τοῦ
673 2788 806 2842 Θεοῦ
830 2789 925 2841 καὶ
957 2788 1047 2843 τοῦ
1076 2789 1134 2840 ὲν
1165 2787 1315 2858 αὐτῷ
1352 2786 1549 2853 Λόγου,
1578 2786 1652 2848 ὡς
1678 2785 1798 2855 μηδ’
1832 2786 2017 2855 ἕτερον

443 2882 582 2932 νοεῖν
623 2880 713 2932 τὸν
764 2879 1263 2949 ὲνανθρωπήσαντα
1309 2880 1428 2935 κατ’
1461 2877 1651 2943 αὐτὸν,
1699 2878 1732 2946 ἢ
1784 2876 1874 2928 τὸν
1924 2876 2018 2928 ἐπὶ

443 2971 660 3023 πάντων
686 2971 844 3023 Θεόν·
881 2972 928 3021 εἰ
956 2969 1011 3022 δὲ
1041 2969 1207 3039 μονάς
1230 2970 1377 3021 ἐστιν
1403 2967 1726 3039 ἀδιαίρετος,
1749 2968 1808 3019 ἓν
1838 2984 1896 3019 τε
1923 2965 2017 3019 καὶ

2101 527 2190 572 cet
2210 519 2507 584 exstitisse,
2542 519 2613 572 ita
2649 518 2889 573 scribens
2918 536 2931 571 :
2971 515 3060 589 [Β.
3090 514 3231 570 LXII
3259 515 3382 571 coll.
3412 530 3465 584 p.
3504 515 3572 571 79
3597 513 3667 586 Α]

2107 626 2127 658 σ
2167 608 2444 677 Siquidem
2472 610 2695 678 spiritus
2740 609 2836 664 iiat
2867 608 3034 665 solius
3078 608 3473 678 interpretatio,
3500 621 3670 660 unum

2109 716 2128 750 ι
2163 713 2287 753 cum
2367 699 2476 753 Deo
2528 708 2689 769 atque
2754 700 2897 755 idem
2959 714 3059 754 nec
3123 698 3394 753 immerito
3459 696 3678 773 videbit

2109 806 2128 838 ι
2163 797 2249 840 tur
2276 802 2398 842 esse
2428 788 2701 854 Verbum;
2734 788 2874 863 quod
2926 788 2970 842 si
3027 787 3451 843 additamentum
3516 784 3668 848 illud,

2110 895 2127 927 ι
2160 879 2454 933 secundum
2503 893 2741 942 carnem,
2790 878 3078 946 adjiciatur
3128 888 3180 932 ut
3235 875 3551 945 requisitum
3614 876 3669 929 in

2109 985 2128 1019 ι
2163 968 2468 1032 Servatore,
2510 968 2624 1022 sola
2656 971 2965 1036 operatione
3013 969 3225 1024 videtur
3260 967 3514 1022 divinitas
3571 981 3671 1020 ex-

2110 1078 2129 1110 ι
2165 1062 2308 1115 tendi
2349 1076 2361 1109 ε
2403 1061 2474 1114 ita
2506 1062 2683 1117 unitas
2709 1075 2806 1115 nec
2853 1060 3050 1127 injuria
3097 1061 3201 1115 erit
3246 1059 3611 1115 indivisibilis.
3641 1077 3664 1110 ο

2104 1150 2174 1206 Et
2220 1153 2270 1205 in
2321 1167 2610 1221 progressu
2659 1152 2851 1206 iterum
2880 1152 2970 1222 [Β.
3000 1151 3165 1206 LXIV
3205 1151 3328 1206 coll.
3370 1166 3422 1220 p.
3459 1152 3527 1205 '57
3559 1149 3668 1221 D]:

2112 1260 2131 1293 ι
2165 1241 2279 1297 Non
2312 1253 2531 1312 propter
2562 1242 2707 1296 illam
2734 1243 3135 1297 exactissimam
3176 1244 3371 1312 ubique
3398 1243 3454 1296 in
3492 1241 3673 1296 verbis

2114 1351 2132 1385 ι
2165 1343 2218 1388 et
2240 1333 2400 1387 factis
2438 1334 2872 1400 consonantiam,
2905 1334 2955 1387 id
2997 1334 3140 1402 quod
3174 1334 3389 1388 videtur
3435 1332 3670 1398 Asterie,

2114 1441 2133 1471 ι
2165 1408 2556 1476 Servatorait:
2605 1422 2716 1492 Ego
2755 1434 2801 1476 et
2855 1422 3017 1476 Pater
3060 1439 3219 1476 unum
3248 1439 3430 1477 sumus
3454 1421 3522 1486 ⁷⁸,
3576 1421 3671 1476 sed

2115 1532 2133 1564 ι
2162 1515 2302 1583 quod
2333 1514 2488 1583 plane
2512 1516 2585 1568 sit
2615 1515 2962 1584 impossibile,
2992 1513 3073 1568 vel
3098 1514 3332 1569 Verbum
3355 1529 3386 1568 a
3409 1513 3520 1570 Deo
3543 1553 3558 1579 ,
3587 1513 3673 1567 vel

2114 1621 2133 1656 ι
2169 1604 2335 1658 Deum
2367 1620 2395 1657 a
2433 1603 2610 1659 Verbo
2640 1620 2737 1659 suo
2763 1620 3036 1672 separare.
3072 1624 3093 1656 θ
3126 1604 3279 1670 Quod
3309 1605 3354 1658 si
3401 1605 3473 1657 ita
3506 1617 3672 1657 unum

2110 1704 2227 1748 erat
2247 1705 2406 1764 atque
2430 1695 2572 1749 idem
2603 1696 2741 1750 Deus
2766 1712 2887 1750 cum
2913 1696 3108 1762 Verbo,
3136 1696 3277 1765 quod
3301 1695 3355 1748 itt
3381 1696 3496 1764 ipso
3531 1706 3672 1755 erat.

2784 1807 2799 1854 ;
2859 1799 2969 1843 tum
3029 1791 3118 1859 qui
3177 1789 3389 1859 genitus
3448 1796 3567 1841 erat
3620 1788 3673 1840 in

2111 1880 2455 1936 sanctissima
2487 1880 2727 1950 Virgine,
2752 1895 2971 1936 carnem
3006 1883 3242 1946 indutus,
3272 1882 3432 1943 homo
3476 1879 3674 1945 factus,

2111 1973 2202 2042 qui
2243 1988 2362 2042 qua:
2396 1974 2596 2042 scripta
2638 1986 2762 2027 sunt
2802 1974 3134 2042 patiebatur,
3187 1974 3276 2043 qui
3329 1982 3554 2027 mortem
3580 1986 3679 2039 op-

2112 2063 2268 2131 petiit
2305 2077 2400 2131 pro
2420 2063 2655 2133 peccatis
2683 2064 2905 2127 nostris,
2955 2071 3073 2117 erat
3098 2064 3211 2131 ipse
3237 2077 3400 2131 super
3424 2062 3676 2115 universa

2115 2153 2276 2207 Deus.
2332 2153 2482 2219 Quod
2531 2169 2652 2208 cum
2704 2153 2971 2209 Sabellius
3023 2154 3271 2217 sentiret,
3328 2152 3479 2207 illum
3532 2152 3679 2207 inter

2108 2244 2302 2300 at-heos
2335 2253 2389 2298 et
2424 2243 2769 2314 blasphemas
2798 2243 3296 2314 reposuitEcclesia
3329 2243 3443 2298 Dei.

2767 2335 2919 2393 CAP.
2958 2326 3021 2390 ν.

2372 2427 2526 2492 Quod
2564 2442 2680 2480 cum
2711 2427 2784 2479 ita
2818 2429 2999 2492 dicat,
3031 2425 3080 2478 F
3083 2427 3231 2480 ilium
3261 2435 3428 2495 neget.

2185 2516 2336 2582 Quod
2366 2517 2414 2572 si
2445 2517 2588 2573 dicat
2636 2517 2918 2572 Marcellus
2950 2518 3182 2572 Verbum
3226 2517 3390 2573 fuisse
3429 2517 3679 2572 inearna-
3710 2559 3715 2565 .

2116 2619 2254 2674 tum,
2289 2611 2526 2681 illudque
2564 2609 2797 2666 Verbum
2846 2625 2877 2664 a
2924 2612 3035 2666 Deo
3073 2610 3432 2681 inseparabile
3466 2610 3679 2677 statuit,

2117 2705 2311 2774 quippe
2347 2705 2492 2773 quod
2523 2704 2701 2759 unitas
2726 2706 2795 2760 sit
2818 2705 3042 2760 indivisa
3088 2723 3101 2760 :
3144 2704 3285 2773 quod
3316 2721 3419 2759 una
3459 2704 3531 2759 sit
3585 2705 3684 2776 Ity-

2116 2793 2352 2862 postasis
2377 2794 2488 2861 Dei,
2515 2804 2568 2849 et
2596 2793 2779 2861 Verbi,
2805 2796 2944 2864 quod
2972 2794 3023 2847 in
3059 2794 3175 2863 ipso
3208 2804 3326 2849 erat
3357 2811 3372 2847 :
3406 2809 3513 2847 non
3555 2807 3687 2863 pos-

2118 2900 2304 2938 sumus
2345 2885 2502 2940 aliter
2540 2901 2652 2940 rem
2693 2887 2999 2955 concipere,
3046 2886 3174 2954 quin
3222 2885 3519 2940 secundum
3563 2899 3686 2939 eum

2119 2972 2260 3028 Deus
2284 2973 2353 3038 is,
2376 2976 2466 3044 qui
2498 2984 2581 3029 est
2605 2988 2767 3044 super
2790 2976 2991 3038 omnia,
3019 2975 3090 3028 sit
3114 2974 3461 3043 incarnatus;
3488 2972 3534 3028 si
3566 2974 3689 3028 uni-

442 3060 636 3113 ταύτὸν
663 3062 689 3112 6
717 3059 847 3123 Θεὸς
872 3059 966 3112 καὶ
993 3060 1023 3111 ό
1050 3060 1105 3111 ἐν
1133 3056 1283 3127 αὐτῷ
1310 3056 1497 3126 Λόγος,
1515 3058 1610 3110 καὶ
1637 3056 1748 3125 (86)
1779 3055 1844 3108 ἂν
1873 3054 2008 3107 εἴποι

2124 3073 2204 3119 tas
2229 3073 2313 3119 est
2342 3065 2568 3119 indivisa
2598 3081 2611 3116 :
2637 3066 2683 3120 si
2727 3081 2889 3119 unum
2916 3078 3077 3134 atque
3110 3065 3251 3118 idem
3276 3065 3506 3119 exsistat
3546 3064 3689 3120 Deus

445 3166 528 3211 τις
555 3148 673 3200 τίνα
715 3149 930 3219 Πατέρα
952 3163 967 3181 ⁸
991 3147 1111 3200 τίνα
1148 3147 1203 3200 δὲ
1235 3147 1378 3213 Υἰὸν,
1422 3148 1540 3210 ἐνὸς
1580 3147 1731 3208 όντος
1757 3145 1850 3198 τοῦ
1883 3147 2008 3199 ὑπο-

2128 3164 2251 3204 cum
2277 3149 2481 3217 Verbo,
2513 3153 2659 3220 quod
2689 3153 2744 3206 in
2789 3153 2905 3220 ipso
2951 3162 3034 3207 est
3068 3170 3083 3206 :
3123 3167 3408 3219 quemnam
3453 3152 3691 3207 dicemus

447 3239 699 3307 κειμένου
720 3255 734 3300 ;
752 3238 907 3291 υῦτω
939 3239 1034 3308 μὲν
1059 3238 1121 3306 δὴ
1144 3237 1456 3309 Μάρκελλος
1482 3240 1777 3309 υἱοπάτορα
1803 3239 1893 3292 τὸν
1921 3238 2016 3291 ἕνα

448 3331 539 3380 καὶ
576 3328 666 3379 τὸν
701 3327 861 3379 αὐτὸν
892 3328 1145 3395 εἰσάγων,
1171 3329 1262 3381 τὸν
1292 3328 1579 3382 Σαϐέλλιον
1602 3329 1839 3382 ἀνενέου.

1094 3595 1251 3648 ΚΕΦ.
1289 3596 1374 3648 G".

1094 3596 1251 3648 ΚΕΦ.
1363 3634 1374 3645 .

621 3687 825 3753 Ὅπως
849 3690 888 3756 ἠ
920 3688 1251 3753 Ἐκκλησία
1275 3596 1538 3739 ἓνοΥἱὸν
1562 3683 1844 3754 θεολογεῖ.

529 3780 593 3833 Ἦ
627 3780 684 3833 δὲ
722 3775 1015 3850 Ἐκκλησία
1053 3779 1145 3831 τοῦ
1172 3778 1341 3843 Θεοῦ,
1387 3777 1482 3830 καὶ
1528 3775 1624 3844 τὴν
1674 3774 1873 3843 μονάδα
1924 3773 2021 3844 τὴν

2124 3241 2341 3297 Patrem
2374 3242 2533 3297 esse?
2556 3258 2718 3311 quem
2754 3258 2878 3298 vero
2905 3242 3132 3307 Filium,
3157 3258 3278 3298 cum
3324 3243 3395 3298 sit
3442 3243 3694 3312 supposi-

2127 3340 2241 3386 tum
2270 3333 2410 3387 idem
2433 3333 2457 3385 ?
2483 3330 2557 3385 Ita
2587 3348 2750 3386 unum
2790 3333 2939 3386 illum
2970 3343 3135 3401 atque
3152 3333 3410 3387 .eutndetn
3458 3347 3580 3387 eum
3609 3334 3694 3387 in-

2129 3421 2376 3474 troducat
2403 3420 2684 3476 Marcellus
2731 3420 2869 3477 Filio
2923 3421 3159 3485 Patrem,
3190 3421 3480 3475 Sabellium
3529 3436 3691 3477 reno-

2126 3510 2284 3564 vavit.
2810 3496 2819 3504 ’

2773 3608 2924 3683 ο-ΑΡ.
2964 3609 3054 3665 vt.

2260 3704 2319 3762 >14
2346 3697 2493 3764 Quid
2521 3699 2587 3753 de
2614 3699 2885 3754 divinitate
2915 3699 3041 3753 Filii
3068 3701 3257 3755 sentiat
3292 3699 3547 3756 Ecclesia.

2199 3790 2268 3844 At
2300 3791 2393 3847 Dei
2440 3790 2680 3847 Ecclesia
2725 3790 3007 3847 indivisam
3030 3793 3192 3863 {certe
3228 3787 3376 3848 novit
3410 3795 3692 3858 unitatem,

446 3868 750 3940 ἀδιαίρετον
770 3869 1045 3939 γνωρίζει,
1077 3867 1207 3938 μίαν
1238 3865 1409 3937 ἀρχὴν
1430 3864 1784 3937 ὁμολογοῦσα,
1813 3863 1901 3916 τὸν
1929 3863 2008 3915 ἕνα

2131 3883 2328 3952 quippe
2380 3897 2498 3951 quae
2536 3882 2738 3937 fatetur
2781 3884 3102 3953 principium
3139 3883 3581 3940 unicum:unum
3629 3887 3696 3945 il-

452 3962 545 4039 καὶ
577 3962 868 4031 ἀγέννητον
891 3961 985 4013 καὶ
1014 3959 1246 4028 ἄναρχον
1274 3957 1430 4010 Θεόν·
1456 3957 1548 4009 καὶ
1570 3957 1660 4008 τὸν
1690 3955 1748 4018 ἐξ
1778 3954 1944 4009 αὐτοῦ
1963 3954 2008 4007 δὲ

2133 3973 2240 4027 lum
2273 3982 2327 4027 et
2357 3973 2690 4040 ingeni-tum,
2719 3983 2774 4027 et
2814 3973 2929 4029 sine
2969 3972 3233 4044 principio
3282 3973 3494 4041 Deum;
3536 3984 3592 4030 et
3629 3977 3696 4031 de

451 4055 774 4126 γεννηθέντα
810 4053 1069 4123 μονογενῆ
1104 4051 1249 4114 Υὶὸν,
1272 4049 1534 4120 ἀκριόὦς,
1558 4048 1691 4100 ὄντα
1721 4049 1815 4100 καὶ
1848 4048 2008 4113 ζῶντι

2136 4066 2253 4133 ipso
2279 4065 2537 4133 genitum,
2569 4064 2900 4133 unigenitum
2944 4064 3138 4121 Filium
3158 4108 3174 4132 ,
3207 4075 3460 4120 accurate
3504 4068 3695 4137 cogni-

452 4146 545 4198 καὶ
567 4136 1116 4213 ὑφεστῶτα,’Σωτῆρα
1131 4142 1490 4210 ἐπιγράφεται
1513 4140 1612 4191 οὐκ
1626 4139 1859 4210 ἄναρχον
1875 4139 2003 4213 ὄντα

2137 4163 2270 4218 tum,
2306 4154 2579 4207 exstitisse
2609 4154 2793 4208 vivere
2842 4163 2894 4208 et
2946 4155 3253 4210 substitisse
3296 4156 3540 4225 agnoscit
3569 4136 3699 4210 Ser-

451 4236 572 4291 οὐδὲ
592 4236 881 4306 ἀγέννητον
914 4234 1046 4305 (87),
1092 4234 1177 4285 ἵνα
1209 4232 1282 4302 μὴ
1308 4230 1401 4284 δύο
1426 4229 1598 4302 ἀρχὰς
1626 4231 1718 4283 καὶ
1753 4230 1845 4283 δύο
1875 4229 2008 4284 θεοὺς

2136 4252 2395 4296 valerem.
2423 4242 2538 4296 Non
2567 4242 2716 4296 illum
2743 4243 2860 4296 sine
2881 4242 3183 4312 principio,
3218 4260 3323 4298 non
3361 4245 3695 4315 ingenitum:

454 4329 843 4399 ὑποστήσηται,
864 4325 923 4391 ἐξ
947 4324 1109 4378 αὑτοῦ
1138 4324 1194 4376 δὲ
1222 4322 1546 4393 γεννηθέντα
1560 4321 1655 4374 τοῦ
1688 4322 1918 4392 Πατρὸς,
1936 4328 2008 4375 κα

2140 4346 2211 4387 ne
2235 4332 2339 4386 duo
2364 4331 2628 4401 principia
2659 4338 2881 4417 statuat,
2927 4340 2982 4385 et
3009 4331 3140 4385 deos
3170 4328 3304 4386 duos
3331 4347 3347 4396 ;
3376 4346 3563 4387 verum
3599 4348 3700 4401 ge-

453 4418 627 4490 ἁρχὴν
648 4417 835 4487 ἔχοντα
850 4416 940 4469 τὸν
961 4413 1340 4484 γεγεννηκότα.
1357 4412 1446 4465 Διὸ
1470 4411 1743 4465 πιστεύειν
1768 4413 2008 4485 παρείλη·

2146 4421 2313 4475 nitum
2344 4421 2412 4476 de
2436 4420 2598 4476 Patre
2629 4411 2756 4488 suo,
2788 4431 2843 4474 et
2865 4420 3187 4489 principium
3229 4421 3513 4476 habentem
3549 4423 3699 4493 geni-

455 4527 554 4580 φεν
583 4511 662 4571 είς
689 4508 784 4561 ἕνα
813 4507 942 4561 Θεὸν
974 4505 1190 4577 Πατέρα
1222 4505 1656 4575 παντοκράτορα,
1707 4506 1799 4557 καὶ
1824 4506 1903 4567 είς
1933 4506 2008 4558 τὸπ

2134 4523 2304 4565 torem
2334 4527 2512 4566 suum.
2538 4512 2718 4579 Atque
2751 4510 2875 4565 ideo
2916 4512 3137 4564 credere
3172 4510 3398 4579 accepit,
3440 4511 3492 4564 in
3532 4525 3695 4566 unum

454 4600 658 4671 Κύριον
710 4598 878 4675 ἡμῶν
904 4597 1112 4667 Ἰησοῦν
1164 4596 1417 4665 Χριστὸν,
1478 4594 1569 4647 τὸν
1612 4596 1876 4665 μονογενῆ
1927 4596 2008 4649 τοι]

2132 4603 2297 4657 Deum
2315 4599 2529 4657 Patrem
2546 4602 2991 4672 omnipotentem,
3010 4608 3064 4653 et
3085 4602 3137 4653 in
3160 4599 3439 4653 Dominum
3455 4609 3698 4655 nostrum

453 4691 590 4744 Θεοῦ
620 4690 777 4753 Υίὸν,
829 4688 925 4760 τῆς
958 4689 1116 4757 ἁγίας
1143 4688 1343 4756 ταύτης
1369 4688 1461 4739 καὶ
1491 4688 1757 4756 μυστικῆς
1787 4689 2008 4752 πίστεως

2132 4689 2315 4747 Jesum
2361 4690 2672 4754 Christum,
2728 4691 3061 4758 unigenitum
3129 4688 3225 4743 Dei
3287 4685 3502 4746 Filium.
3571 4689 3702 4755 Qua:

452 4783 550 4855 τὴν
568 4784 626 4835 ὲν
640 4781 860 4853 Χριστῷ
876 4779 1215 4851 παρεχούσης
1238 4779 1609 4846 ἁναγέννησιν,
1629 4780 1742 4840 τοῖς
1769 4777 1834 4830 δι’
1857 4778 2008 4847 αύτῆ‹

2137 4794 2324 4838 Sancta
2357 4793 2412 4838 et
2436 4783 2661 4854 mystica
2692 4781 2844 4851 ﬁdes,
2873 4779 3335 4849 regenerationem
3380 4778 3433 4833 in
3484 4779 3702 4835 Christo

530 4901 588 4958 ᾖ
612 4896 707 4948 Ed.
738 4892 908 4959 Paris,
941 4906 1060 4961 pag.
1097 4889 1222 4955 107,
1262 4888 1380 4944 108.

528 4989 575 5019 ⁷ο
612 4987 767 5042 Joan.
802 5003 857 5055 κ,
889 4987 981 5041 50.
1327 5000 1341 5015 ³

527 5099 638 5168 (82)
676 5102 785 5152 Ἔν
843 5100 939 5153 καὶ
979 5101 1212 5155 ’ταύτὸν
1251 5098 1422 5155 εἶναι.
1451 5100 1546 5155 Vel
1591 5100 1739 5153 ὄντα.
1784 5098 2021 5154 Marcelli

457 5170 725 5240 sententia
752 5179 889 5234 erat,
918 5171 961 5223 si
991 5169 1239 5225 Christus
1281 5172 1577 5225 secundum
1609 5171 1861 5240 deitatem
1898 5170 2023 5240 (Itoc

457 5250 539 5292 est
574 5237 812 5308 πνεῦμα,
858 5250 912 5291 et
941 5240 1248 5308 πνεύματος
1296 5240 1566 5307 ἐξέτασις)
1610 5237 2015 5298 consideratur.

2124 5101 2310 5173 ἕτερον
2335 5103 2495 5164 νοεῖν,
2531 5101 2618 5155 ubi
2655 5101 2812 5170 paulo
2842 5110 2966 5169 post
3020 5102 3234 5165 legend.
3264 5101 3385 5155 τίνα
3426 5115 3524 5170 pro
3561 5115 3696 5154 πνα.

2126 5186 2280 5225 error
2302 5186 2366 5225 ex
2393 5172 2807 5225 abbreviation
2833 5184 3009 5225 ortus.
3051 5172 3122 5225 Μ.

2126 5186 2280 5225 ϐΙῚὋΓ
2302 5186 2366 5225 ex
2393 5186 2807 5226 auurevmttone
2833 5186 3009 5229 Ol'lUS.
3051 5186 3122 5225 51.

2199 5239 2310 5311 (85)
2345 5240 2516 5311 Vulso
2536 5239 2619 5294 δέ·

458 5307 865 5380 εςκιλ-συναῖδιος
890 5308 967 5377 τῷ
993 5307 1196 5380 Πατρὶ,
1213 5310 1293 5363 vel
1336 5319 1394 5362 ut
1444 5308 1701 5376 loquitur,
1747 5308 2008 5380 ἡνωμένος

2339 5307 2515 5380 Vulgo
2536 5309 2909 5380 ἐγκατέλεξεν.

458 5318 574 5359 erat
601 5313 865 5370 συναῖδιος
890 5313 967 5377 τῷ
993 5313 1184 5379 Πατρὶ,
1213 5313 1293 5363 vel
1336 5319 1394 5362 ut
1444 5313 1701 5376 loquitur,
1747 5313 2008 5379 ἡνωμένος

458 5376 537 5448 τῷ
558 5376 729 5456 Πατρί
751 5392 765 5405 ·
798 5378 842 5431 si
878 5392 1161 5456 vero,_qna
1187 5378 1453 5456 hominem
1492 5379 1807 5456 assumpsit,
1835 5392 2008 5456 respe-

2221 5313 2310 5374 δι)
2351 5313 2515 5379 Vulgo
2536 5313 2909 5380 ἐγκατέλεξεν.

2336 5379 2506 5456 Vulgo
2533 5375 2804 5456 ουκ-εἶναι
2829 5395 2884 5433 et
2920 5396 3039 5434 mox
3065 5382 3329 5456 μηδέτερ.

591 5447 760 5519 liuius
792 5448 1195 5519 assumptinuis
1224 5448 1473 5519 ἐνεργείᾳ
1514 5449 1651 5519 μόνῃ
1694 5447 2008 5500 ὲπλατύνετι

2198 5447 2308 5519 (86)
2344 5448 2512 5515 Vulgo
2542 5448 2757 5519 πνεῦμα
2796 5459 2850 5503 et
2882 5465 3001 5503 mox
3028 5447 3287 5514 τίς’τόν.’
3488 5489 3501 5496 -

459 5455 550 5501 ctu
602 5455 760 5511 hujus
792 5455 1176 5514 assutnptinuis
1224 5455 1473 5519 ἐνεργείᾳ
1514 5455 1651 5519 μόνῃ
1694 5455 2008 5500 ὲπλατύνετι

459 5517 494 5587 ἡ
516 5513 1087 5599 056}1;;,hnon.divisa.
1111 5516 1305 5599 quippe
1332 5517 1675 5599 indiv‘isi’bilis
1700 5518 1926 5599 omnino
1959 5528 2008 5598 ut

2220 5455 2308 5517 86)
2345 5455 2512 5515 Vulgo
2542 5455 2757 5518 πνεῦμα
2796 5459 2850 5503 et
2882 5465 3001 5503 mox
3028 5455 3111 5514 τίς
3142 5455 3254 5506 τόν.
3488 5489 3501 5496 -

2164 5455 2307 5599 ,(³37)
2338 5518 2461 5599 Ἵνα
2484 5518 2569 5586 μὴ
2588 5518 2696 5599 δᾷο
2726 5519 2937 5599 ἀρχᾷςς
2977 5522 3054 5599 Ὀ,
3074 5522 3182 5599 γὰρ
3211 5522 3398 5599 (Iern?
3427 5522 3572 5599 ἀρχὴ
3604 5521 3700 5599 ττθδ

462 5582 567 5659 Lina
604 5582 761 5638 fuerit
784 5593 839 5659 et
873 5584 1143 5659 ipsis_siuta
1173 5584 1345 5659 deitas
1376 5586 1428 5659 in
1450 5585 1614 5659 Filio,
1641 5601 1761 5654 qua:
1802 5595 1924 5659 erat
1959 5586 2013 5639 in
2128 5582 2245 5639 υἱοῦ
2286 5582 2379 5659 καξι
2438 5582 2710 5659 γεννετής.
2760 5582 2866 5643 sed
2893 5582 3173 5645 'lndeltatt't
3209 5582 3584 5659 Λιῆιήῖιιιιιῖίῖε,
3642 5592 3700 5647 iu

462 5653 644 5730 Patre,
692 5654 834 5707 unde
865 5656 1127 5730 sequitur,
1160 5655 1235 5707 ait
1268 5654 1551 5730 gusebius,
1582 5653 1796 5730 Patrem
1850 5654 2018 5730 fuisse
2125 5672 2319 5714 vocum
2355 5653 2583 5712 istarum
2620 5653 2947 5730 πολυσήμων
2973 5663 3348 5727 ambiguitate.
3393 5662 3456 5714 Μ.

462 5725 824 5790 incarnatum,
852 5732 956 5778 etc.
992 5723 1065 5776 Ita
1111 5739 1231 5792 cap.
1267 5724 1321 5789 5,
1358 5724 1475 5782 ulti.
1498 5722 1707 5793 legend.
1734 5725 1828 5789 ὡς,
1891 5724 2012 5795 μηδ’
2812 5722 2843 5730 ..
3123 5722 3149 5727 ,,
3252 5753 3259 5759 _

862 5816 1132 5877 Ρλτιιοι..
1182 5810 1300 5878 Gn.
1344 5810 1577 5877 XXIV.

3307 5826 3383 5881 29
