4158 6390
545 235 646 293 907

1257 233 1518 312 ΕΠΞΕΒῌ
1559 233 2034 290 ΕίΕΞΑΒΙΕΝΞΙΕο
2073 231 2222 290 ΟΡΡ.
2249 231 2432 288 PARS
2471 232 2556 287 iV.
2598 261 2669 276 -—
2707 231 3121 287 DOGMATICA.

3684 237 3785 294 908

545 355 786 417 exhibet,
818 351 884 406 iis
928 351 1016 420 (ιιιί
1069 364 1161 417 per
1213 349 1382 416 ipsam
1413 347 1807 401 illuminantur.
1847 346 1954 402 Sed
1981 347 2106 400 illud

2211 345 2618 416 φωτιζομένοις.
2675 343 2787 412 (88)
2854 343 3013 394 Ἀλλά
3065 343 3162 413 τὴν
3195 344 3397 412 μονάδα
3449 346 3582 415 φησὶ
3629 347 3785 418 Μάρ-

551 446 690 514 quod
722 445 938 514 ponitur
969 456 998 495 a
1031 439 1304 502 Marcello,
1336 439 1620 493 monadem
1662 437 1976 506 operatione
2025 438 2112 492 di-

549 536 732 599 latari,
763 537 814 588 in
849 531 1166 599 corporibus
1217 529 1396 584 locum
1443 528 1635 593 habet;
1673 537 1730 581 at
1771 527 1836 582 de
1863 528 2112 597 incorpo-

551 643 662 688 rea,
687 620 1034 678 inenarrabili
1072 629 1128 674 et
1155 619 1411 674 indicibili
1435 618 1738 673 substantia
1777 632 1962 672 verum
2008 632 2114 672 non

547 729 650 772 est.
719 713 900 783 Neque
954 713 1098 768 enim
1163 711 1414 766 dilatatur
1461 711 1516 765 in
1581 709 1874 778 operando,
1942 723 2117 778 neque

549 806 887 861 contrahitur
919 803 972 856 in
1007 817 1112 857 non
1141 803 1436 870 operando,
1475 817 1648 871 neque
1689 803 1924 857 humano
1961 812 2114 856 more

547 905 837 965 operatur,
901 902 994 948 aut
1035 895 1272 948 buimao
1319 907 1471 948 more
1515 901 1907 948 commovetur.
1971 891 2110 945 Deus

547 989 666 1042 ideo
727 1001 848 1040 cum
887 985 960 1038 sit
1002 985 1229 1039 indivisa
1275 985 1471 1050 unitas,
1513 983 1708 1038 Filium
1767 997 1924 1038 suum
1995 983 2114 1036 uui-

547 1077 784 1148 genitum
811 1077 878 1132 de
909 1075 1086 1146 seipso
1127 1076 1406 1146 generavit
1437 1093 1452 1141 ;
1487 1093 1592 1130 non
1627 1077 1714 1132 ille
1756 1077 1976 1142 divisus,
2007 1090 2110 1130 non

545 1169 806 1222 aiteratus
835 1185 850 1234 ;
890 1183 992 1221 non
1023 1168 1429 1222 conversionem
1461 1181 1648 1236 passus
1683 1181 1856 1236 neque
1883 1166 2107 1230 ﬂuxum,

551 1268 644 1313 aut
681 1259 842 1313 alicui
882 1259 1154 1328 subjectus
1193 1257 1449 1328 passioni.
1489 1256 1674 1324 Neque
1725 1257 1868 1310 enim
1926 1256 2114 1325 praeci-

547 1351 722 1418 piens.
755 1364 926 1418 neque
957 1350 1251 1418 imperans,
1279 1362 1383 1401 non
1430 1347 1575 1416 leges
1637 1349 1881 1402 scribens
1925 1355 1984 1399 ut
2015 1347 2112 1401 ho-

549 1439 722 1493 mines
761 1438 973 1502 solent;
1028 1453 1133 1491 non
1179 1437 1360 1506 lingua
1404 1437 1614 1491 locutus
1662 1446 1756 1490 ant
1805 1437 1962 1491 labiis
2009 1437 2108 1490 ista

545 1539 822 1596 epotatur,
853 1541 1030 1597 neque
1063 1537 1308 1596 respectu
1337 1527 1526 1581 habito
1577 1529 1642 1580 ad
1691 1535 1940 1582 ornatum
1987 1529 2110 1580 uni-

545 1622 710 1686 versi,
761 1618 1048 1674 simillimis
1099 1619 1252 1672 nobis
1303 1618 1476 1672 oculis
1514 1618 1752 1672 intuetur
1798 1637 1812 1671 :
1859 1633 1981 1673 cum
2013 1633 2108 1687 pcr

2215 435 2404 496 κελλος
2453 431 2702 504 ἐνεργείᾳ
2755 429 3147 495 πλατύνεσθαι,
3201 431 3296 484 ὲπὶ
3363 431 3459 502 μὲν
3515 435 3784 504 σωμάτων

2215 524 2408 596 χώραν,
2429 523 2562 593 ἔχει,
2599 522 2690 575 ἐπὶ
2725 521 2782 576 δὲ
2820 521 2917 591 τῆς
2947 521 3237 590 ἀσωμάτου
3284 523 3379 574 καὶ
3429 523 3659 578 ἀλέκτου
3693 526 3785 578 καὶ

2214 615 2592 684 ἀνεκφράστου
2620 612 2803 675 οὐσίας
2823 612 2922 664 οὐκ
2937 611 3038 665 ἔτι.
3071 611 3206 665 οὐδὲ
3227 611 3336 684 γὰρ
3349 614 3408 665 ὲν
3441 612 3519 682 τῷ
3537 614 3782 684 ἐνεργεῖν

2215 706 2562 770 πλατύνεται,
2597 705 2704 757 οὐδ’
2729 707 2785 756 ὲν
2813 703 2892 774 τῷ
2919 704 2993 774 μὴ
3024 705 3264 773 ἐνεργεῖν
3287 703 3650 758 συστέλλεται·
3673 706 3782 758 οὐδ’

2213 798 2350 860 ὅλως
2377 797 2578 867 ὁμοίως
2610 791 2918 866 ἀνθρώποις
2941 795 3172 865 ἐνεργεῖ,
3197 795 3304 848 οὐδ’
3343 795 3543 864 ὁμοίως
3570 795 3782 867 ἀνθρώ-

2215 905 2336 952 ποις
2362 890 2620 940 κινεῖται·
2649 885 2816 956 μονὰς
2845 886 2900 938 δὲ
2927 885 3002 938 ῶν
3028 885 3328 956 ἀδιαίρετος
3355 888 3383 939 ὁ
3411 886 3542 950 Θεὸς
3563 887 3654 940 τὸν
3688 905 3784 957 μο-

2213 979 2403 1050 νογενῆ
2417 978 2582 1032 αὑτοῦ
2596 978 2723 1031 Υἱδν
2757 977 2817 1042 ἐξ
2841 976 3031 1030 ἑαυτοῦ
3061 976 3271 1045 ἐγέννα,
3305 978 3365 1030 οὐ
3385 977 3776 1049 διαιρούμενος,

2212 1070 2320 1122 οὐδ’
2341 1069 2644 1130 ἀλλοίωσιν,
2670 1070 2702 1138 ἢ
2731 1068 2956 1140 τροπὴν,
2987 1068 3020 1138 ἦ
3049 1067 3206 1138 ῥοὴν,
3235 1069 3268 1138 ἦ
3293 1085 3346 1120 τι
3375 1069 3545 1132 πάθος
3572 1067 3778 1138 ὑπομέ-

2211 1175 2337 1212 νων.
2367 1158 2500 1210 Οὐδὲ
2525 1157 2632 1229 γὰρ
2661 1157 3029 1226 προστάττων,
3063 1156 3182 1209 οὐδὲ
3207 1155 3637 1227 ἐγκελευόμενος,
3657 1155 3780 1211 οὐδὲ

2212 1246 2518 1318 νομοθετῶν
2571 1246 2772 1316 ὁμοίως
2815 1245 3124 1316 ἀνθρώποις
3167 1245 3381 1316 γλώττῃ
3426 1248 3520 1300 καὶ
3579 1247 3780 1317 χείλεσι

2211 1337 2408 1400 λαλῶν,
2441 1335 2613 1390 ταῦτα
2643 1337 2900 1405 πράττει·
2933 1336 3052 1388 οὐδέ
3081 1353 3144 1404 γε
3182 1337 3400 1406 ἀφορῶν
3447 1335 3526 1401 είς
3556 1337 3655 1408 τὴν
3684 1335 3782 1390 τοῦ

2211 1428 2410 1490 παντὸς
2429 1427 2806 1498 διακόσμησιν,
2835 1427 3034 1496 ὁμοίως
3063 1429 3194 1497 ἡμῖν
3235 1426 3533 1496 ὀφθαλμοῖς
3569 1426 3784 1498 χρώμε-

2209 1536 2298 1581 νος
2335 1517 2446 1587 (89)
2479 1517 2774 1579 ὲνατενίζει
2803 1517 2965 1570 ὅποτε
2999 1517 3092 1571 καὶ
3115 1517 3182 1570 τά
3213 1517 3287 1588 μὴ
3327 1517 3456 1570 ὄντα
3489 1518 3780 1589 προλαϐὼν

2209 1612 2430 1684 ἀρρήτῳ
2446 1610 2539 1662 καὶ
2561 1608 2713 1678 θεῖκῇ
2739 1608 2984 1677 δυνάμει,
3012 1608 3086 1670 ὡς
3105 1608 3203 1678 ἤδη
3233 1608 3362 1662 ὅντα
3383 1609 3478 1661 καὶ
3497 1609 3782 1677 ὑφεστῶτα

545 1711 800 1764 virtutem
853 1725 1004 1763 suam
1049 1709 1464 1764 incnarrabilem
1504 1719 1560 1762 et
1597 1709 1832 1764 divinam
1875 1725 1937 1763 ea
1995 1725 2107 1778 qua:

2213 1703 2424 1774 θεωρεῖ.
2475 1701 2611 1754 Ἀλλ’
2657 1699 2778 1752 οὐδὲ
2827 1698 2995 1751 ποιῶν
3043 1700 3135 1752 καὶ
3186 1699 3532 1772 δημιουργῶν
3581 1699 3780 1769 ὁμοίως

547 1800 784 1854 nondum
821 1808 944 1853 sunt.
998 1801 1254 1868 producta
1283 1800 1628 1868 anticipando
1675 1800 1970 1863 intueatur,
2003 1816 2107 1855 non

545 1903 700 1944 secus
725 1898 890 1959 atque
911 1888 1024 1956 jam
1052 1889 1410 1944 subsistentia
1443 1900 1498 1944 et
1541 1892 1824 1960 producta.
1876 1890 1982 1946 Sed
2015 1906 2111 1945 ne-

545 1989 650 2040 que
677 1973 754 2036 is,
785 1982 844 2026 ut
871 1973 1011 2041 apud
1043 1989 1140 2026 nos
1165 1973 1402 2028 artiﬁces
1435 1973 1642 2039 solent,
1670 1975 1724 2028 in
1756 1975 2030 2043 operando
2057 1983 2110 2028 et

541 2063 777 2116 creando
795 2061 1072 2115 materiam
1091 2063 1548 2130 prmexsistcntem
1567 2063 1812 2116 manibus
1833 2072 2106 2130 acceptam

545 2151 730 2220 digitis
759 2150 1077 2219 compingit,
1127 2151 1222 2204 sed
1270 2165 1366 2219 per
1423 2150 1753 2206 ineti'ahilem
1809 2152 2006 2206 iterum
2057 2160 2110 2207 et

547 2239 1147 2307 inconiprehensibilcm
1197 2240 1450 2294 virtutem
1495 2256 1690 2304 suam,
1757 2255 1935 2294 rerum
1985 2255 2109 2309 pro-

545 2331 826 2382 ductarum
855 2329 1094 2382 omnium
1133 2331 1488 2384 substantiam
1529 2331 1594 2384 ad
1617 2328 1756 2386 "Esse
1785 2347 1937 2386 suum
1984 2346 2106 2400 per-

543 2421 718 2472 duxit.
761 2420 936 2489 Atque
967 2422 1041 2474 ita
1079 2422 1294 2490 quidem
1331 2423 1511 2477 omnia
1537 2423 1714 2476 eilecit
1743 2424 1851 2487 ille,
1889 2424 2110 2477 rationi-

546 2512 646 2562 bus
677 2517 841 2578 atque
883 2509 1054 2563 modis
1087 2512 1546 2566 inscrutabilibus.
1585 2510 1722 2578 Quid
1751 2526 1850 2566 nos
1875 2511 2108 2567 sollicite

545 2599 665 2652 ideo
699 2600 1032 2662 laboramus,
1067 2609 1122 2652 ut
1152 2599 1382 2654 similem
1411 2602 1698 2668 quamdam
1723 2601 2026 2669 passionem
2052 2602 2102 2655 in

545 2687 634 2742 illo
673 2680 1061 2758 imaginentur?
1091 2693 1150 2751 ἅ(
1198 2689 1252 2742 in
1291 2689 1407 2744 Filii
1439 2690 1521 2744 sui
1563 2691 1944 2759 generatione,
1975 2706 2106 2760 qua-

2211 1795 2324 1855 τοῖς
2351 1793 2480 1863 παρ’
2517 1793 2650 1862 ἡμῖν
2696 1791 2964 1862 τεχνίταις
3012 1790 3482 1861 προὺποκειμένην
3526 1789 3656 1859 ὓλην
3684 1791 3780 1842 λα-

2213 1881 2321 1935 ϐὼν
2357 1883 2512 1954 χερσὶ
2569 1883 2662 1935 καὶ
2690 1881 3338 1944 δακτύλοιςτεκταίνεται
3383 1881 3524 1951 (90),
3557 1881 3778 1952 ἀρρήτῳ

2211 1974 2268 2026 δὲ
2298 1973 2457 2026 πάλιν
2489 1975 2583 2026 καὶ
2611 1974 2978 2045 ἀκαταλήπτῳ
3009 1973 3235 2044 δυνάμει
3263 1973 3321 2040 ἐξ
3357 1975 3458 2027 οὑκ
3489 1975 3657 2027 ὄντων
3697 1977 3776 2038 είς

2211 2065 2270 2116 τὸ
2301 2061 2438 2117 εἶναι
2471 2065 2566 2136 τὴν
2600 2065 2706 2118 τῶν
2737 2064 2976 2134 γενητῶν
3025 2065 3276 2118 ἁπάντων
3321 2066 3659 2136 ὑπεστήσατο
3687 2065 3783 2119 εὑ·-

2214 2153 2351 2208 σίαν.
2383 2154 2516 2225 Ἤδη
2547 2151 2639 2209 οῦν
2665 2156 2840 2208 πάντα
2858 2155 3034 2222 λόγοις
3063 2157 3194 2226 ἡμῖν
3222 2155 3480 2225 ἀρρήτοις
3500 2155 3594 2208 καὶ
3619 2155 3778 2210 ἀσυλ-

2211 2244 2476 2311 λογίστοις
2510 2245 2702 2300 ἐποίει.
2733 2244 2875 2314 Τίδὴ
2909 2246 3015 2317 χρὴ
3040 2246 3298 2315 ἀγωνιᾷν,
3338 2245 3411 2315 μὴ
3436 2245 3633 2316 ὁμοίως
3665 2248 3774 2307 τοῖς

2214 2337 2423 2406 θνητοῖς
2441 2337 2595 2401 ζώοις
2619 2338 2787 2400 πάθος
2812 2355 2865 2390 τι
2893 2338 3020 2408 περὶ
3045 2337 3206 2390 αὑτὸν
3227 2337 3471 2407 εἴποιμεν
3495 2338 3774 2406 γεγονέναι

2211 2429 2304 2480 ἐπὶ
2337 2431 2400 2498 τῇ
2435 2427 2528 2480 τοῦ
2560 2425 2690 2480 Υίοῦ
2723 2429 3009 2498 γεννήσει;
3041 2429 3148 2498 (9i)
3188 2430 3254 2498 ἣν
3301 2430 3440 2499 ὑπὲρ
3472 2429 3648 2481 πάντα
3682 2429 3776 2481 καὶ

2215 2514 2320 2585 πρὸ
2351 2515 2564 2568 πάντων
2589 2516 2818 2587 ὑπέστη»,
2849 2519 2908 2570 οὑ
2933 2518 3073 2571 κατά
3105 2536 3156 2570 τι
3187 2518 3294 2572 τῶν
3323 2519 3388 2589 τῇ
3429 2517 3636 2587 θνητῶν
3671 2519 3770 2586 φύ-

2213 2621 2300 2655 σει
2336 2605 2808 2676 συνεγνωσμένων,
2851 2607 2992 2660 κατὰ
3016 2608 3072 2660 δὲ
3101 2608 3190 2662 τὸν
3219 2607 3367 2678 αὐτῷ
3402 2609 3546 2678 μόνῳ
3575 2625 3773 2679 γνωρι-

2211 2693 2434 2764 ξάμενον
2457 2698 2656 2768 τρόπον
2672 2714 2688 2728 ·

545 2784 648 2836 lem
675 2783 728 2836 in
759 2785 971 2838 caeteris
1027 2785 1625 2853 aniinantibus:quam
1698 2785 1786 2838 ille
1835 2785 2053 2853 quidem
2117 2791 2517 2854 generationem
2593 2805 2756 2861 super
2803 2793 3011 2860 omnia,
3071 2803 3122 2847 et
3161 2804 3286 2850 ante
3331 2795 3510 2850 omnia
3555 2794 3770 2854 subivit,

542 2874 742 2928 nonad
805 2875 1020 2926 modum
1070 2884 1122 2927 et
1161 2876 1575 2943 proportionem
1619 2875 1860 2958 mortalis
1895 2885 2141 2944 naturai;
2183 2880 2276 2934 sed
2331 2880 2483 2949 juxta
2515 2883 2730 2937 modum
2779 2885 2930 2939 illum
2964 2894 3124 2954 atque
3173 2886 3461 2949 rationem,
3491 2903 3611 2956 qua:
3655 2896 3772 2939 erat

547 2968 644 3031 ipsi
677 2968 774 3022 soli
812 2967 1027 3036 cognita
1057 2975 1110 3022 et
1135 2968 1431 3022 intellecta.

1149 3055 1308 3110 CAP.
1343 3056 1453 3111 ΠΙ.

581 3169 854 3234 Quomodo
885 3167 1122 3222 Ecclesia
1169 3166 1354 3221 Putris
1400 3169 1654 3235 prwdicat
1689 3171 2064 3226 monarchiam.

605 3345 900 3400 Enimvero
931 3345 1156 3409 vereris,
1191 3347 1261 3400 mi
1289 3346 1472 3411 homo,
1507 3347 1656 3412 illud,
1693 3362 1758 3403 ne
1787 3350 1829 3404 si
1859 3350 1993 3403 duas
2019 3349 2106 3402 fa-

539 3448 692 3492 teare
723 3439 1064 3508 hypostases,
1102 3438 1209 3492 duo
1237 3439 1424 3493 itidem
1456 3440 1716 3510 principia
1761 3441 2110 3496 subintrodu-

539 3544 652 3592 cas,
686 3538 739 3582 et
777 3545 807 3581 a
861 3527 1074 3583 deitatis
1133 3529 1209 3580 ita
1266 3529 1486 3583 excidas
1541 3531 1878 3584 monarchia.
1920 3531 2106 3586 Discas

537 3633 687 3694 ergo,
715 3617 858 3686 quod
889 3633 1010 3672 cum
1057 3632 1200 3672 unus
1244 3618 1316 3672 sit
1353 3617 1474 3671 sine
1521 3618 1787 3686 principio
1833 3619 2106 3687 ingenitus

542 3707 706 3770 Deus,
737 3705 906 3760 Filius
932 3717 1110 3761 autem
1133 3708 1196 3762 de
1227 3705 1322 3762 illo
1349 3718 1742 3778 progeneretur
1769 3725 1784 3762 :
1815 3725 1979 3763 unum
2013 3724 2106 3764 ne-

538 3797 776 3852 cessarit)
807 3798 1126 3866 principium
1174 3796 1335 3852 fuerit
1359 3837 1376 3860 ,
1425 3799 1738 3853 monarchia
1791 3807 1846 3852 et
1880 3814 2102 3869 regnum

537 3904 737 3952 unum;
779 3904 901 3942 eum
933 3889 1234 3942 subscrihat
1262 3889 1376 3958 ipse
1397 3887 1572 3964 Filius
1605 3899 1834 3958 paterno
1855 3889 2102 3959 imperio,

538 3989 594 4032 et
631 3979 973 4048 principatui.
1015 3977 1351 4048 Caputenim
1383 3979 1582 4034 Christi
1615 3979 1754 4033 Deus
1781 3987 1888 4045 est,
1918 3995 2106 4034 secun-

533 4071 670 4122 dum
701 4069 1012 4137 Apostolnm
1054 4088 1067 4124 :
1107 4072 1198 4125 sed
1227 4071 1430 4124 vereris
1465 4071 1816 4125 vehementer
1841 4085 1908 4125 ne
1937 4085 2101 4140 coga-

533 4169 624 4212 tur
653 4159 700 4213 is
747 4161 851 4214 duo
905 4161 1172 4230 principia
1221 4160 1400 4224 fateri,
1447 4159 1539 4230 qui
1577 4161 1716 4216 duas
1755 4162 2104 4216 conﬁtebitur

536 4251 855 4320 liypostases
898 4251 1078 4305 Patris
1105 4259 1270 4318 atque
1302 4249 1422 4304 Filii
1461 4265 1476 4303 :
1523 4253 1616 4305 sed
1661 4260 1720 4305 et
1761 4251 1902 4305 istud
1931 4250 2100 4314 disce,

530 4343 673 4410 quod
705 4341 986 4412 quiPatris
1009 4353 1063 4398 et
1091 4343 1212 4397 Filii
1264 4345 1584 4420 bypostases
1614 4342 1748 4397 duas
1769 4383 1783 4406 ,
1812 4342 1945 4396 duos
1977 4357 2102 4398 esse

639 4509 698 4565 δῖ(
739 4502 837 4556 Ed.
875 4501 1074 4568 Ρ.ιι·ἱ5.,
1109 4519 1228 4574 pag.
1263 4504 1390 4556 109.

2861 3061 3018 3116 ΚΕΦ.
3053 3063 3123 3118 Z’.

2214 3167 2408 3233 ὀπως
2447 3170 2485 3238 ἡ
2539 3172 2864 3238 Ἐκκλησία
2897 3170 3009 3245 τὴν
3041 3173 3147 3226 τοῦ
3173 3174 3399 3241 Πατρός
3447 3177 3774 3245 μοι-ἀρχίτιν

2844 3243 3139 3308 κηρύττει.

2291 3349 2448 3402 Ἀλλὰ
2479 3351 2638 3422 φοϐῇ,
2671 3345 2716 3405 ὦ
2747 3353 3020 3423 ἄνθρωπε,
3052 3355 3146 3424 μὴ,
3174 3353 3266 3408 δύο
3296 3355 3620 3420 ὑποστάσεις
3647 3359 3771 3427 ὁμο-

2207 3439 2462 3509 λογήσας,
2489 3440 2582 3493 δύο
2614 3442 2787 3513 ἀρχὰς
2813 3443 3144 3511 εἰσαγάγοις,
3180 3445 3274 3497 καὶ
3300 3445 3400 3515 τῆς
3442 3450 3771 3518 μοναρχικῆς

2208 3532 2456 3604 θεότητος
2495 3535 2770 3597 ὲκπέσοις.
2816 3535 3068 3589 Μάνθανε
3101 3537 3297 3600 τοίνυν,
3339 3538 3414 3600 ὡς
3464 3539 3582 3601 ἑνὸς
3623 3540 3773 3604 ὄντος

2205 3625 2442 3695 ἀνάρχου
2475 3627 2569 3679 καὶ¹
2600 3627 2892 3697 ἀγεννήτου
2925 3627 3082 3692 Θεοῦ,
3115 3627 3209 3680 τοῦ
3242 3629 3298 3680 δὲ
3333 3629 3463 3682 Υῐοῦ
3509 3629 3567 3694 ἐξ
3607 3632 3770 3684 αὑτοῦ

2205 3717 2622 3786 γεγεννημένου,
2659 3718 2753 3787 μία
2782 3715 2931 3770 ἔσται
2965 3719 3128 3790 ἀρχὴ,
3165 3719 3430 3789 μοναρχία
3463 3736 3520 3772 τε
3553 3721 3645 3773 καὶ
3678 3719 3770 3790 βα-

2207 3805 2379 3858 σιλεία
2413 3805 2508 3877 μία
2529 3847 2543 3870 ,
2571 3809 2693 3860 ἐπεὶ
2727 3808 2821 3861 καὶ
2845 3808 3005 3870 αὑτὸς
3042 3811 3070 3862 ὁ
3103 3809 3230 3872 Υἱὸς
3259 3809 3432 3880 ἀρχὴν
3469 3811 3768 3881 ἐπιγράφε-

2201 3897 2292 3949 ταὶ
2325 3896 2413 3950 τὸν
2443 3897 2604 3951 αὑτοῦ
2643 3899 2878 3968 Πατέρα.
2923 3899 3032 3968 (92)
3065 3899 3288 3970 Κεφαλὴ
3330 3900 3438 3971 γὰρ
3465 3901 3700 3970 Χριστοῦ
3739 3903 3770 3956 ὁ

2203 3984 2332 4047 Θεὸς
2353 4023 2378 4052 ,ι
2399 3985 2540 4038 κατά
2575 3987 2664 4040 τὸν
2713 3987 3048 4043 ’Λπόστολον.
3098 3989 3255 4042 Ἀλλὰ
3281 3990 3540 4060 ἀγωνιᾷς,
3575 3991 3648 4062 μὴ
3677 3991 3768 4044 δύο

2203 4072 2358 4137 θεοὺς
2403 4075 2612 4148 ἀνάγκη
2769 4077 3168 4148 παραδέξασθαι
3199 4079 3290 4139 τὸν
3321 4079 3413 4132 δύο
3445 4081 3768 4145 ὑποστάσεις

2203 4167 2416 4239 Πατρὸς
2438 4171 2533 4224 καὶ
2561 4170 2690 4223 Υἱοῦ
2719 4167 2855 4224 εἶναι
2885 4169 3268 4240 ὁμολογοῦντα.
3309 4170 3466 4224 Ἀλλὰ
3497 4173 3589 4224 καὶ
3613 4171 3769 4226 τοῦτο

2201 4258 2434 4326 γίνωσκε
2455 4301 2470 4325 ,
2505 4261 2580 4324 ὡς
2611 4263 2639 4312 ὁ
2667 4261 2758 4315 δύο
2790 4261 3112 4325 ὑποστάσεις
3143 4261 3352 4333 Πατρὸς
3375 4262 3470 4314 καὶ
3501 4261 3630 4315 Υίοῦ
3657 4263 3765 4334 (95)

2201 4349 2323 4412 δοὺς
2355 4352 2452 4405 οὐκ
2490 4351 2854 4420 ἀναγκάζεται
2897 4353 2988 4406 δύο
3017 4353 3264 4424 ’πατέρας
3315 4355 3521 4418 εἰπεῖν,
3567 4355 3632 4407 «οὑ
3675 4354 3768 4408 δύο

603 4663 712 4732 (88)
757 4664 931 4732 Ἀλλὰ
965 4663 1075 4730 τὴν
1101 4661 1351 4732 μονάδα,
1381 4673 1486 4732 etc.
1527 4662 1756 4732 Lugenti.
1819 4661 1932 4715 ἀλλ’
1973 4664 2000 4715 ὃ
2044 4681 2096 4716 τι

2207 4662 2398 4718 Christi
2434 4665 2764 4732 iliiinitatctn
2819 4665 3018 4730 retulit,
3044 4663 3180 4732 quod
3209 4665 3273 4716 de
3303 4665 3520 4718 homine
3557 4677 3768 4732 assum-

531 4745 616 4784 aut
654 4731 862 4802 ἐπειδή.
903 4734 957 4784 In
991 4747 1054 4786 co
1087 4731 1228 4800 quod
1257 4737 1333 4784 ait
1377 4731 1681 4797 Marcellus,
1713 4747 1835 4784 nam
1864 4733 2085 4801 alioqui,

533 4803 709 4854 binlea
734 4814 814 4855 est
837 4803 1122 4855 sententia.
1170 4802 1235 4853 M.

2203 4743 2296 4802 pto
2328 4736 2703 4800 nsurpnbalur.
2719 4731 2975 4804 Regulam
3007 4731 3166 4787 tradit
3199 4733 3347 4804 idem
3369 4734 3497 4804 ibid.
3527 4733 3578 4785 in
3611 4731 3766 4804 Com-

2197 4801 2360 4856 noenl.
2395 4805 2458 4856 ad
2494 4804 2689 4856 locum.
2735 4801 2893 4857 ὀτάν
2938 4821 2990 4856 τι
3035 4803 3286 4855 ταπεινὸν
3337 4801 3572 4869 λέγεται,
3623 4802 3762 4871 μετά

597 4871 712 4942 (89)
756 4869 1120 4929 Ὲνατενίζει.
1149 4868 1237 4923 Sic
1273 4871 1639 4922 scribendum.
1663 4870 1732 4926 M.
1757 4870 1885 4942 [CL
1913 4888 1964 4942 p.
1991 4875 2091 4928 105

2207 4871 2515 4942 τῆςσαρκὺς
2543 4871 2694 4934 ὄντος
2725 4873 2909 4936 αὑτοῦ,
2941 4873 3038 4924 οὑκ
3068 4873 3314 4942 εὐτέλεια
3334 4868 3451 4942 ,τῆς
3475 4868 3758 4942 θεότητος,

747 5008 1004 5076 Ἀρῤήτῳ
1050 5007 1120 5060 δὲ
1151 5007 1353 5078 πάλιν.
1419 5005 1477 5060 in
1531 5009 1800 5075 operando
1855 5009 2092 5078 ἄρρητος

529 5087 665 5136 ιιι-ιιι,
692 5079 765 5130 uti
794 5089 848 5131 et
882 5083 932 5131 in
965 5079 1238 5129 intuendo.
1272 5077 1337 5128 Μ.

601 5146 710 5216 (91)
743 5149 847 5201 Ἦν
869 5145 1039 5215 ὺπέρ.
1071 5145 1254 5199 Potius
1285 5146 1364 5197 ὃν.
1386 5143 1550 5210 Quem
1574 5145 1782 5216 Filium
1815 5147 2088 5214 produxit.

529 5214 654 5286 ilice
685 5214 820 5286 scita
854 5214 990 5286 sunt
1011 5229 1200 5282 contra
1239 5218 1490 5281 Arianos,
1537 5215 1658 5268 vide
1709 5217 1908 5270 Athan.
1965 5233 2088 5286 pag.

526 5285 652 5342 408.
683 5285 804 5340 409.
850 5285 916 5338 Μ.

598 5354 708 5424 (92)
739 5353 982 5422 Κεφαλὴ
1043 5353 1152 5424 γὰρ
1205 5353 1457 5420 Χριστοῦ
1503 5357 1537 5407 ό
1565 5355 1724 5420 Θεός.
1789 5353 1964 5407 Locus
2003 5365 2087 5408 est

523 5423 542 5478 Ι
581 5428 704 5478 tlur.
733 5440 807 5495 at,
833 5425 886 5489 5,
924 5423 1183 5477 Ἐνταῦθα
1211 5423 1548 5495 ἐπιπηδῶσιν
1579 5426 1707 5494 ἡμῖν
1731 5425 1778 5475 oi
1799 5425 2080 5495 αἱρετικοὶ,

527 5497 696 5563 inquit
717 5493 1152 5564 Chrysostoinus,
1181 5493 1469 5546 ἐλάττωσίν
1496 5493 1629 5564 τινα
1663 5496 1728 5547 ὲκ
1777 5493 1884 5546 τῶν
1927 5497 2080 5564 εἰρη-

526 5561 699 5634 μένων
759 5561 1113 5624 ἐπινοοῦντες.
1169 5564 1278 5616 lloc
1325 5564 1454 5617 facit
1513 5563 1792 5628 Eusebius,
1849 5561 2080 5618 dutn'a'd

2195 4939 2330 4992 ἀλλά
2373 4942 2468 5010 τῆς
2522 4942 2831 5010 οἰκονομίας
2885 4939 3179 5010 δεχομένης
3227 4941 3287 4993 τὸ
3326 4939 3540 5010 λεχθέν.
3589 4939 3759 5006 Quam

2198 5009 2647 5062 trmlitlit’Atban.
2679 5009 2728 5062 in
2760 5011 2905 5062 hom.
2934 5009 2999 5062 de
3033 5009 3269 5062 humana
3299 5009 3507 5063 Christi
3539 5019 3760 5062 natura.

2198 5079 2338 5130 Ὅσα
2365 5075 2458 5131 οὖν
2497 5077 2684 5148 εὐτελῆ
2715 5079 2932 5148 ῥήματα
2965 5077 3071 5130 ὑπὸ
3119 5077 3214 5130 τοῦ
3246 5078 3382 5132 Θεοῦ
3425 5077 3663 5148 εἴρηται,
3691 5079 3758 5148 τῇ

2225 5097 2338 5130 υσα
2365 5097 2458 5131 ουν
2497 5097 2650 5130 ευτεΑ
2715 5097 2932 5148 ρηματα
2965 5097 3071 5130 υπο
3119 5097 3214 5130 του
3246 5097 3382 5132 δεου
3425 5097 3659 5148 ειρηται,
3691 5097 3756 5148 τῃ

2201 5149 2440 5218 πτωχεία
2471 5147 2633 5200 αὑτοῦ
2651 5097 2929 5218 τδιαφέρει.
2960 5149 3073 5218 Sed
3106 5150 3302 5218 ubique
3341 5149 3480 5202 hanc
3521 5147 3756 5216 regulam

2201 5219 2362 5268 habet
2392 5217 2586 5285 susque
2615 5219 2786 5285 deque
2813 5217 3074 5272 Eusebius
3108 5235 3120 5270 :
3157 5217 3276 5270 nam
3308 5228 3364 5272 et
3421 5219 3474 5269 in
3525 5229 3760 5284 sequen-

2197 5289 2337 5338 tibus
2373 5283 2545 5339 locum
2579 5283 2726 5338 illum
2755 5283 2912 5339 Joan.
2947 5301 3036 5349 xx,
3062 5285 3147 5342 ΓΙ.
3172 5287 3358 5339 eodem
3395 5285 3554 5340 modo
3587 5283 3758 5338 inter-

2231 5363 2471 5425 retatur:
2514 5355 2571 5407 Ὀ
2602 5354 2702 5425 μὲν
2738 5353 2800 5424 δὴ
2830 5353 2960 5418 θεὸς
2989 5356 3081 5406 καὶ
3115 5355 3324 5425 Πατὴρ,
3351 5355 3444 5407 καὶ
3472 5351 3758 5425 αὐτοῦτοῦ

2219 5423 2480 5494 τίοῦγβεὸς
2503 5423 2895 5494 ᾣνεδείκνυται
2925 5441 2937 5474 :
2975 5425 3042 5478 ita
3069 5426 3211 5478 enim
3237 5423 3445 5494 opinor,
3471 5423 3754 5494 legendum

2189 5504 2302 5564 est,
2325 5493 2371 5546 M
2407 5491 2655 5564 :—Vlnl‘ra
2689 5487 2770 5564 [ᾖ]
2801 5492 2958 5563 vulgo
2990 5509 3099 5547 om.

2266 5563 2375 5634 (93)
2407 5561 2574 5631 Vulgo
2605 5559 2928 5634 θεοῖζὶξψιυῖι
2956 5565 3096 5618 delet
3125 5565 3161 5616 li
3189 5581 3202 5618 :
3240 5563 3450 5619 correxi
3479 5561 3602 5625 δοὺς
3627 5559 3756 5615 coll.
