4158 6390
454 235 548 287 911

1126 231 1386 312 EUSEBll
1425 225 1892 310 amsantews
1929 232 2077 289 ore.
2119 235 2295 292 PARS
2329 233 2418 292 IV.
2453 269 2520 281 —
2556 226 2976 295 DOGMATICA.

3599 237 3703 294 912

455 352 593 405 coelo
619 349 1062 413 descendentem,
1125 349 1237 404 tunc
1288 351 1572 406 docuisse?
1621 353 1758 406 Num
1809 352 2015 407 Patrem

2125 355 2216 406 τὸν
2248 337 2432 407 ἔχ’τοῦ
2466 355 2695 425 ούρανοῦ
2739 353 3159 424 κατεληλυθότα,
3205 351 3496 409 καὶταῦτα
3527 356 3708 412 διδάσ-

456 441 667 496 Deum?
699 441 852 496 Anne
881 441 1026 495 Patri
1047 439 1392 508 coniunctum
1422 441 1697 497 Verbum?
1725 444 1781 498 Si
1810 444 2020 500 Patrem

457 535 689 599 dixerit,
747 531 1040 588 Sabellium
1085 532 1319 586 revelate
1379 547 1437 586 se
1486 534 1868 602 exhibentem,
1914 535 2026 604 ipse

457 647 578 684 eum
616 632 872 686 Servatur
920 630 1207 683 mentitum
1263 631 1590 696 convincet,
1641 633 1912 702 inquiens,
1947 631 2026 687 De

459 723 584 776 coelo
609 722 868 783 descendi,
893 738 994 775 non
1021 732 1073 774 ut
1097 738 1189 790 ego
1228 738 1395 775 meam
1421 723 1740 778 voluntatem
1774 725 2022 792 facerem,

458 813 548 865 sed
576 825 628 864 ut
653 812 971 864 voluntatem
999 811 1113 880 ejus
1141 813 1230 878 qui
1263 813 1400 865 misit
1427 830 1505 866 me
1527 815 1595 867 ⁷⁷.
1629 814 1717 881 Ει,
1758 813 1880 868 Non
1908 831 2028 884 pos-

459 918 570 954 sum
596 918 687 971 ego
719 902 782 955 de
807 903 1001 970 meipso
1025 903 1312 970 quidquam
1346 902 1519 970 facere
1539 943 1554 967 ,
1581 905 2026 972 quemadmodum

460 993 639 1058 audio,
671 993 744 1044 ita
761 993 973 1062 judico.
999 991 1180 1061 Neque
1196 1008 1373 1061 quer
1388 1008 1479 1062 ego
1499 994 1816 1048 voluntatem
1835 1011 2024 1060 meam,

459 1084 549 1138 sed
594 1085 907 1137 voluntatem
946 1084 1061 1152 ejus
1090 1086 1179 1153 qui
1219 1083 1362 1138 misit
1401 1100 1480 1138 me
1514 1083 1781 1143 Patris".
1810 1086 1877 1139 Et
1911 1083 2024 1139 Pa-

459 1185 537 1227 ter
569 1189 738 1239 meus,
776 1173 949 1242 major
985 1191 1066 1228 me
1107 1185 1180 1230 est
1212 1175 1282 1229 ’¹⁹.
1313 1174 1446 1230 Nam
1477 1185 1622 1230 certe
1655 1184 1911 1231 extrema:
1941 1191 2030 1232 cu-

455 1263 666 1331 jusdam
716 1264 997 1320 dementiae
1025 1277 1167 1321 esset
1217 1267 1331 1320 lucc
1377 1265 1589 1320 Patrem
1640 1268 1884 1333 dixisse,
1911 1268 2026 1322 exi-

459 1352 699 1410 stimare.
727 1356 879 1424 Quod
908 1357 956 1412 si
1003 1360 1124 1426 quis
1153 1357 1391 1412 Verbum
1426 1359 1536 1414 Deo
1565 1359 1908 1430 congenitum
1943 1362 2024 1415 di-

456 1455 573 1509 cat,
629 1455 684 1499 et
743 1446 908 1499 animi
977 1447 1092 1514 ejus
1151 1450 1512 1514 sententiam,
1566 1465 1672 1518 qua
1737 1453 2028 1504 ratiocina-

456 1546 576 1601 tur,
627 1545 682 1590 et
731 1536 1006 1592 existimet
1053 1538 1201 1592 illum
1252 1554 1315 1592 ea
1380 1554 1636 1594 enarrare
1684 1555 1806 1609 quae
1873 1556 2030 1596 erant

459 1625 598 1692 apud
658 1625 830 1698 ipsum
892 1627 1035 1681 intus
1088 1631 1406 1683 occultata:
1451 1644 1557 1698 quo
1603 1631 1816 1685 tandem
1871 1641 2029 1701 pacto

457 1713 550 1767 Dei
611 1729 778 1770 .tuens

455 1804 736 1869 Quomodo
763 1805 816 1858 in
860 1820 1022 1860 carne
1066 1821 1225 1875 quam
1269 1809 1563 1876 assumpsit
1608 1811 1878 1880 exsistens
1924 1812 2027 1864 'iSta

455 1896 720 1949 enarret?
783 1895 1064 1962 Quomodo
1114 1899 1256 1966 quod
1311 1899 1362 1952 in
1429 1899 1538 1954 Deo
1593 1909 1708 1954 erat
1767 1899 2025 1967 Verbum,

457 1987 635 2048 dicet,
674 1987 745 2041 Se
775 1989 841 2042 de
881 1989 1019 2043 coelo
1077 1989 1455 2057 descendisse,
1487 2006 1592 2046 non
1636 2001 1696 2045 ut
1749 2007 1899 2046 suam
1927 2007 2026 2047 vo-

2133 461 2328 510 κοντα;
2357 445 2563 516 Πότερα
2591 445 2682 498 τὸν
2714 445 2844 497 Θεὸν
2891 445 3070 508 αὐτὸν,
3110 446 3143 515 ἦ
3175 446 3265 498 τὸν
3297 446 3470 517 τούτῳ
3503 464 3709 519 συνημι

2136 535 2294 605 μένον
2331 537 2535 606 Λόγον;
2579 539 2718 591 Ἀλλ’
2765 540 2812 592 εί
2869 539 3014 606 λέγοι
3059 539 3150 591 τὸν
3193 539 3437 610 Πατέρα,
3485 541 3706 611 γυμνῶς

2133 627 2485 697 ἀνακαλύψας
2538 628 2630 681 τὸν
2681 628 2961 682 Σαϐέλλιον
2983 669 2997 693 ,
3045 628 3204 692 αὐτὸς
3241 629 3403 683 αὑτὸν
3443 632 3472 683 6
3517 630 3705 702 Σωτὴρ

2133 717 2460 788 ἐψευσμένον
2505 719 2791 787 ἀπελέγξει
2829 719 3032 786 λέγων·
3079 719 3461 788 Καταὸἐϐηκα
3491 721 3560 774 ἐκ
3596 721 3705 776 τοῦ

2133 809 2424 877 οὐρανοῦ,
2467 811 2580 878 οὐχ
2627 810 2728 862 ἵνα
2772 808 3006 875 ποιήσω
3043 808 3111 861 τὸ
3153 809 3382 878 θέλημα
3427 810 3494 863 τὸ
3537 810 3703 881 ἐμὸν,

2134 899 2294 953 ἀλλά
2322 900 2388 952 τὸ
2420 900 2647 968 θέλημα
2670 900 2776 953 τοῦ
2814 900 3163 968 πέμψαντός
3186 917 3281 969 με.
3318 901 3450 966 Καὶ,
3491 903 3573 956 Oi)
3600 902 3704 956 615-

2133 1007 2312 1061 ναμαι
2368 991 2483 1060 ἐγὼ
2532 992 2633 1046 ἀπ’
2696 992 2953 1061 ἐμαυτοῦ
3017 991 3207 1046 ποιεῖν
3259 991 3457 1046 οὐδέν.
3499 992 3707 1060 Καθὼς

2133 1084 2364 1148 ἀκούω,
2400 1085 2602 1152 κρίνω.
2631 1084 2739 1138 Καὶ
2779 1085 2850 1137 οὐ
2882 1082 3029 1149 ζητῶ
3065 1083 3130 1136 τὸ
3159 1082 3385 1152 θέλημα
3427 1084 3491 1138 τὸ
3537 1083 3703 1154 ἐμὸν,

2134 1175 2294 1229 ἀλλὰ
2326 1175 2648 1244 τὸθέλημα
2679 1173 2786 1228 τοῦ
2813 1174 3158 1243 πέμψαντός
3193 1191 3290 1243 με.
3321 1174 3451 1238 Καὶ,
3498 1174 3564 1227 '0
3583 1177 3705 1229 Πα-

2136 1265 2244 1333 τήρ
2282 1257 2400 1334 μοι)
2425 1264 2639 1334 μείζων
2671 1264 2790 1333 μοῦ
2830 1264 2982 1317 ἐστι.
3015 1263 3198 1316 Ταῦτα
3227 1263 3334 1335 γὰρ
3371 1263 3576 1316 οἴεσθαι
3612 1264 3703 1318 τὸν

2137 1356 2354 1426 Πατέρα
2389 1355 2616 1423 φάσκειν
2663 1351 2897 1423 ἐσχάτης
2934 1353 2998 1406 ἂν
3042 1354 3123 1422 εἴη
3173 1353 3387 1422 μανίας.
3424 1354 3486 1405 Et
3529 1353 3586 1406 δὲ
3614 1355 3706 1406 τὸν

2136 1446 2193 1497 ὲν
2222 1445 2299 1515 τῷ
2325 1445 2444 1515 Θεῷ
2472 1444 2693 1515 συμφυῆ
2724 1444 2893 1510 Λόγον
2929 1443 3059 1511 (99),
3096 1444 3189 1495 καὶ
3216 1443 3312 1513 τὴν
3344 1442 3581 1495 διάνοιαν
3609 1444 3706 1496 αύ-

2135 1536 2250 1602 τοῦ,
2280 1535 2400 1590 καθ’
2426 1537 2491 1606 ἣν
2518 1534 2788 1604 λογίζεται
2816 1535 2908 1586 καὶ⁸
2934 1533 3079 1587 ἔνδον
3109 1535 3166 1586 ὲν
3192 1533 3367 1603 ἐαυτῷ
3391 1533 3700 1596 διανοεῖται,

2136 1629 2204 1682 τὰ
2239 1629 2573 1700 προκείμενα
2617 1626 2869 1690 διεξιέναι
2906 1626 3072 1695 φησί’
3112 1625 3206 1678 καὶ
3238 1621 3355 1687 πῶς
3392 1623 3456 1678 ἂν
3487 1627 3519 1694 ἡ
3553 1623 3705 1678 ἐνθύ-

858 1725 911 1769 et
983 1718 1234 1786 cogitatio
1301 1721 1366 1772 de
1416 1718 1558 1772 coelo
1631 1720 2015 1774 descendebat?

2135 1737 2298 1792 μησις
2329 1718 2421 1772 τοῦ
2453 1717 2586 1770 Θεοῦ
2610 1735 2622 1748 °
2647 1718 2795 1787 καὶὴ
2829 1719 2886 1771 ἐν
2918 1716 3064 1786 αὑτῷ
3087 1716 3292 1770 διάνοια
3329 1715 3702 1785 καταϐέϐηκεν

2131 1813 2194 1864 ὲκ
2220 1810 2312 1864 τοῦ
2346 1809 2607 1882 ούρανοῦς
2639 1807 2762 1870 Πῶς
2787 1808 2829 1860 δ’
2865 1809 2922 1861 έν
2949 1810 3013 1877 τῇ
3045 1807 3206 1877 σαρκὶ
3241 1807 3340 1876 (ί),
3447 1805 3704 1876 ἀνείληφα

2129 1900 2414 1970 γενομένη,
2445 1898 2617 1952 ταῦτα
2647 1896 2884 1966 διεξῄει;
2920 1895 3044 1957 Πῶς
3081 1895 3126 1947 δ’
3156 1896 3213 1948 ὲν
3253 1895 3330 1965 τῷ
3375 1893 3492 1964 Θεῷ
3530 1894 3702 1962 Λόγος

2128 1993 2243 2063 ἐρεῖ
2282 1990 2743 2060 καταϐεϐηκέναι,
2787 1987 2883 2058 ούχ
2917 1987 3003 2041 ἵνα
3047 1988 3245 2058 ποιήσῃ
3275 1987 3336 2040 τὸ
3366 1985 3576 2058 θέλημα
3604 1987 3704 2040 αύ-

455 2077 718 2130 luntatem
748 2078 950 2132 laceret
981 2119 994 2143 ,
1028 2081 1121 2134 sed
1163 2079 1492 2134 voluntatem
1523 2080 1786 2136 mittentis
1813 2082 2015 2151 ipsum!

2125 2081 2240 2145 τοῦ,
2276 2080 2412 2134 ἀλλά
2439 2074 2500 2133 τὸ
2523 2080 2616 2133 τοῦ
2649 2079 2960 2150 πέμψαντος
2998 2080 3196 2139 αύτόν;
3243 2077 3342 2130 Διά
3369 2078 3571 2131 τούτων
3601 2077 3704 2146 μὲν

459 2174 518 2230 >3
553 2168 730 2236 Atque
763 2183 857 2237 per
883 2168 985 2222 ista
1008 2170 1224 2239 quidem
1247 2170 1434 2226 ‘Filius
1463 2171 1701 2226 declarat
1730 2172 2015 2238 honorem,

2125 2166 2152 2217 6
2180 2166 2306 2230 Υίὸς
2344 2165 2436 2218 τοῦ
2482 2165 2618 2218 Θεοῦ
2650 2165 2711 2218 τὸ
2747 2164 2882 2238 πρὸς
2923 2166 3013 2218 τὸν
3052 2166 3271 2236 Πατέρα
3318 2164 3478 2227 σέϐας
3505 2165 3698 2217 ἑαυτοῦ

454 2273 563 2326 quo
587 2258 816 2313 Patrem
842 2261 1291 2330 prosequebatur.
1320 2261 1452 2316 Cum
1483 2275 1611 2316 vero
1635 2262 1795 2317 rebus
1825 2263 2015 2332 genitis

2125 2257 2454 2328 παρίστησιν
2473 2272 2486 2286 ’
2523 2256 2610 2308 ὅτε
2639 2255 2695 2307 δὲ
2725 2255 2830 2308 τῶν
2855 2255 3124 2326 γεννητῶν
3156 2254 3408 2308 ἁπάντων
3440 2254 3700 2324 καθηγεῖε

452 2349 726 2416 praesidet,
756 2363 876 2418 qua:
901 2365 995 2418 per
1025 2350 1201 2418 ipsum
1233 2360 1362 2405 sunt
1398 2353 1674 2420 producta:
1702 2371 1714 2407 :
1763 2361 2015 2422 tanquam

2122 2371 2210 2406 ται
2264 2352 2371 2405 τῶν
2415 2351 2482 2404 δι’
2520 2350 2682 2404 αὐτοῦ
2735 2353 3164 2421 γεγεννημένων,
3217 2350 3293 2412 ὡς
3331 2349 3397 2402 ἂν
3445 2348 3698 2402 ἀπάντων

453 2439 553 2509 qui
588 2442 818 2494 exsistat
850 2440 1117 2495 Servator
1149 2441 1413 2506 omnium,
1458 2440 1723 2498 Dominus
1759 2452 1817 2498 et
1855 2443 2015 2500 Crea-

2122 2440 2382 2510 ὑπάρχων
2406 2440 2597 2510 Σωτὴρ
2620 2439 2714 2492 καὶ
2741 2437 2943 2508 Κύριος
2969 2439 3062 2491 καὶ
3090 2437 3417 2509 δημιουργός
3473 2437 3696 2506 (Πάντα

452 2541 560 2596 tor,
600 2529 818 2596 Omnia,
879 2539 1006 2585 tunc
1052 2531 1248 2599 inquit,
1291 2547 1382 2599 per
1412 2532 1579 2600 ipsum
1615 2533 1755 2602 facta
1794 2542 1937 2601 sunt,
1972 2545 2015 2590 et

2120 2532 2227 2603 γὰρ
2255 2531 2328 2586 δι’
2362 2531 2545 2585 αὑτοῦ
2587 2530 2823 2600 ἐγένετο
2842 2573 2856 2597 ,
2898 2531 3009 2606 καὶ.
3033 2531 3208 2601 χωρὶς
3239 2530 3423 2584 αὐτοῦ
3457 2530 3695 2599 ἐγένετο

449 2620 563 2674 sine
601 2623 711 2688 ipso
750 2621 950 2689 factum
984 2630 1062 2674 est
1104 2621 1234 2675 nihil
1257 2623 1324 2677 ⁸ο.
1355 2620 1506 2676 Tum
1553 2631 1607 2678 et
1637 2624 1801 2692 Deus,
1831 2634 1886 2680 et
1915 2627 2015 2682 Do-

2120 2621 2262 2676 οὺδὲ
2306 2621 2432 2692 ἓν),
2481 2623 2779 2692 τηνικαῦτα
2832 2622 2924 2675 καὶ⁵
2982 2623 3112 2685 Θεὸς
3155 2623 3248 2675 κα“ι¹
3290 2619 3554 2690 δεσπότης
3603 2621 3692 2672 καὶ

451 2712 654 2776 minus,
684 2723 738 2766 et
768 2713 1045 2774 Servatur,
1089 2722 1143 2767 et
1181 2712 1294 2767 Rex
1342 2714 1624 2783 praedicari
1661 2717 1880 2784 poterit.
1917 2717 2015 2771 At-

2120 2713 2308 2784 Σωτὴρ
2351 2712 2446 2764 καὶ
2490 2711 2741 2781 βασιλεὺς
2782 2712 3162 2782 ἀναγορεύοιτο
3199 2712 3282 2765 ἄν.
3325 2711 3415 2764 Διὸ
3463 2712 3556 2762 καὶ
3601 2710 3690 2762 σέ-

450 2817 556 2870 que
595 2803 714 2857 ideo
756 2802 906 2856 illum
946 2805 1175 2857 adorare
1214 2805 1377 2859 veluti
1420 2805 1608 2871 Deum,
1649 2815 1702 2861 et
1728 2807 1928 2872 colere,
1963 2817 2015 2863 et

2120 2803 2233 2855 ϐειν
2273 2803 2366 2856 καὶ
2399 2805 2722 2873 προσκυνεῖν
2745 2843 2759 2866 ,
2793 2805 2888 2856 καὶ
2925 2806 3087 2874 τιμᾷν
3124 2803 3304 2867 αὐτὸν,
3339 2799 3428 2856 οἷα
3463 2803 3613 2864 Θεὸν,
3655 2804 3687 2872 ἡ
3743 2850 3752 2852 _

447 2893 725 2956 venerari,
753 2890 1014 2947 Ecclesia
1057 2893 1229 2961 ipsius
1277 2894 1454 2961 docet,
1496 2896 1609 2963 ipsa
1647 2896 1718 2956 ab
1761 2897 1876 2966 ipso
1914 2898 2015 2952 hoc

2131 2893 2423 2964 Ἐκκλησία
2450 2893 2613 2947 αὐτοῦ
2634 2893 2953 2957 δεδίδακται,
2984 2894 3141 2947 τοῦτο
3164 2895 3417 2964 πράττειν
3447 2896 3574 2965 παρ’
3595 2895 3690 2946 αὑ-

447 2983 658 3036 e‘docta.
701 2983 788 3036 Ait
827 2983 988 3053 igitur
1013 2983 1270 3038 Servator
1295 2986 1440 3054 ipse:
1475 2984 1658 3056 Neque
1684 2989 1821 3042 enim
1849 2986 2014 3043 Pater

2120 2981 2213 3035 τοῦ
2260 2982 2522 3053 μαθοῦσα.
2564 2982 2724 3051 Λέγει
2778 2983 2822 3036 δ’
2867 2981 2958 3035 οὖν
3009 2981 3172 3045 αὐτὸς
3214 2984 3242 3034 6
3284 2983 3506 3053 Σωτήρ·
3550 2981 3692 3034 οὐδὲ

436 3074 646 3140 Judisat
694 3087 1022 3143 quamquam,
1051 3076 1141 3127 sed
1166 3074 1431 3143 judicium
1469 3091 1618 3131 omne
1660 3079 1804 3132 dedit
1873 3077 2014 3133 Filio

2121 3075 2228 3146 γὰρ
2268 3078 2299 3128 ό
2341 3074 2545 3143 Πατὴρ
2578 3075 2761 3143 κρίνει
2803 3073 3039 3139 οὐδένα,
3081 3073 3240 3127 ἀλλὰ
3286 3073 3399 3141 τὴν
3446 3073 3689 3127 ἅπασαν

446 3181 562 3227 suo,
606 3173 662 3217 ut
701 3179 876 3217 omnes
895 3165 1157 3218 ~Itonorent
1195 3163 1414 3232 Filium,
1443 3168 1886 3236 quemadmodum
1914 3171 2007 3224 Ito-

2121 3169 2325 3236 κρίσιν
2370 3166 2589 3220 δέδωκε
2641 3165 2721 3231 τῷ
2779 3164 2887 3230 ΥΙῷ
2919 3167 3018 3218 ἵνα
3059 3164 3282 3231 πάντες
3325 3163 3532 3233 τιμῶσι
3586 3163 3689 3216 τὸν

445 3264 632 3308 norant
677 3252 890 3308 Patrem
918 3255 984 3307 ⁸⁸.
1023 3254 1248 3311 Disertis
1297 3257 1477 3312 verbis
1515 3257 1690 3327 ipsum
1739 3260 2013 3316 honorare

2131 3259 2287 3322 Υἰὸν,
2316 3256 2504 3324 καθὼς
2545 3256 2751 3326 τιμῶσι
2777 3257 2882 3310 τὸν
2909 3257 3158 3324 Πατέρα,
3193 3257 3484 3329 διαρρήδην
3510 3273 3688 3325 παρα-

439 3345 613 3415 jubet,
657 3360 763 3399 non
797 3354 1057 3415 tanquam
1085 3347 1408 3417 prophetas,
1443 3363 1548 3402 non
1588 3349 1735 3404 velut
1767 3351 2010 3422 angelos.

2121 3348 2473 3419 κελευόμενος
2500 3349 2663 3418 τιμᾷν
2692 3347 2850 3401 αὐτὸν
2885 3348 2958 3418 μὴ
2991 3349 3191 3418 ὁμοίως
3219 3351 3330 3410 τοῖς
3362 3347 3684 3418 προφήταις,

444 3447 539 3490 aut
577 3436 785 3507 angelis
811 3437 1019 3492 similes
1048 3447 1370 3507 potestates,
1412 3441 1505 3495 sed
1557 3444 2009 3510 quemadmodum

2123 3439 2244 3510 μηδ’
2277 3439 2476 3509 ὁμοίως
2507 3439 2581 3508 (2)
2615 3438 2886 3506 ἀγγέλοις,
2933 3438 2965 3508 ἢ
3008 3440 3128 3500 ταῖς
3155 3438 3357 3490 τούτων
3397 3438 3472 3507 (5)
3506 3437 3688 3504 διαφε-

445 3529 620 3597 ipsum
650 3527 890 3582 Patrem.
923 3527 1039 3583 Hoc
1070 3530 1215 3584 enim
1247 3531 1364 3600 ipse
1391 3531 1552 3586 Pater
1584 3533 1660 3587 ita
1701 3533 1891 3599 voluit,
1923 3536 2010 3603 qui

2121 3530 2341 3602 ρούσαις
2383 3530 2706 3598 δυνάμεσιν,
2747 3528 2860 3582 ἀλλ’
2889 3527 3037 3599 αὐτῷ
3068 3529 3146 3599 τῷ
3190 3528 3364 3599 Πατρὶ
3401 3525 3688 3598 παραπλη.

443 3636 604 3676 omne
632 3619 898 3690 judicium
941 3622 1089 3676 dedit
1135 3621 1295 3688 Filio,
1333 3632 1395 3678 ut
1450 3638 1640 3679 omnes
1678 3639 1800 3681 eum
1845 3627 2013 3682 hono-

441 3721 583 3778 rent,
613 3711 1069 3780 quemadmodum
1103 3719 1157 3764 et
1183 3710 1451 3767 honorant
1475 3711 1715 3769 Patrem.
1747 3714 1897 3780 Quod
1930 3714 2012 3785 ip-

435 3816 559 3858 sum
590 3817 714 3856 cum
743 3813 936 3857 exacte
968 3803 1293 3871 intelligeret
1320 3802 1574 3858 Thomas
1593 3812 1819 3860 vocatus
1849 3805 2009 3876 Didy-

438 3907 584 3957 mus,
629 3891 933 3962 veluti‘qui
973 3894 1039 3948 de
1087 3893 1256 3948 choro
1306 3893 1588 3949 duodecim
1621 3895 2007 3966 discipulorum

437 3985 636 4048 fuerat,
669 3983 986 4038 clarissimis
1025 3985 1206 4038 verbis
1237 3999 1360 4039 eum
1412 3994 1468 4039 et
1515 3985 1680 4040 Deum
1716 3996 1770 4043 et
1813 3987 2007 4043 Domi-

437 4090 566 4127 num
594 4073 934 4143 consignavit
964 4073 1252 4142 inquiens:
1283 4075 1541 4129 Dominus
1583 4093 1749 4146 meus,
1783 4089 1830 4132 et
1860 4077 2002 4134 Deus

435 4179 580 4219 meus
599 4165 670 4219 ".
691 4163 769 4219 Et
790 4178 888 4220 nos
927 4166 995 4220 ob
1025 4166 1166 4222 hanc
1199 4167 1372 4237 ipsam
1398 4180 1617 4224 causam
1652 4179 1890 4240 oportet,
1913 4171 2005 4226 Fi-

436 4254 568 4307 lium
603 4268 707 4308 non
733 4267 1112 4324 quemcunque
1151 4255 1338 4322 alium,
1371 4256 1557 4314 divino
1595 4257 1805 4316 honore
1839 4275 2005 4316 vene-

435 4343 575 4410 rari;
625 4343 896 4412 quomodo
946 4343 1406 4401 scilicet"Patrem
1462 4345 1796 4404 honoramus
1829 4367 1845 4416 ;
1880 4365 2001 4404 cum

433 4437 488 4488 in
524 4431 625 4490 lioc
669 4436 786 4504 ipso
817 4435 994 4491 'Pater
1033 4451 1126 4506 per
1166 4436 1368 4493 Filium
1413 4439 1730 4496 honoretur.
1757 4441 1913 4509 Quod
1951 4452 2004 4498 et

432 4527 607 4595 ipsum
636 4527 817 4583 docuit
848 4528 1138 4597 inquiens:
1183 4528 1287 4595 Qui
1328 4529 1548 4584 honorat
1572 4529 1798 4600 Filium,
1838 4534 2005 4589 Itono-

433 4628 515 4671 ται
547 4626 595 4670 et
638 4615 868 4682 Patrem,
895 4619 986 4687 qui
1025 4619 1164 4672 misit
1204 4635 1324 4674 eum
1353 4618 1443 4675 "'.
1486 4619 1667 4677 Veluti
1719 4623 1810 4692 qui
1855 4625 2000 4694 regis

432 4706 721 4776 imaginem
749 4707 815 4762 ad
857 4720 917 4762 se
962 4708 1184 4762 missam
1239 4709 1530 4778 honorant,
1589 4724 1769 4782 regem
1827 4715 2000 4784 ipsum

431 4796 682 4866 imaginis
712 4796 854 4853 illius
883 4799 1160 4868 exemplar
1192 4799 1485 4866 honorant,
1519 4801 1584 4854 ad
1608 4803 1855 4857 eumdem
1879 4819 2000 4859 tuo-

433 4888 559 4941 dum
587 4898 641 4944 et
671 4888 828 4946 Pater
852 4890 1148 4945 honoratus
1195 4891 1406 4946 exsistit
1441 4906 1537 4961 per
1575 4892 1797 4961 Filium,
1824 4897 1902 4950 uti
1943 4906 2000 4952 et

507 5033 564 5088 >3
596 5025 690 5079 Ed.
716 5025 868 5082 Paris
897 5065 911 5088 ,
938 5041 1058 5096 pag.
1086 5028 1216 5080 ιιι.

502 5119 544 5148 ⁷⁷
573 5115 726 5170 Joan.
775 5132 849 5176 Vl.
875 5117 962 5173 38.
1037 5119 1084 5149 '"
1107 5117 1258 5172 Joan.
1283 5134 1348 5183 'v,
1379 5116 1448 5173 30

427 5187 476 5217 ⁸³
515 5186 672 5242 Joan.
714 5201 766 5253 ν,
801 5187 899 5241 23.

504 5323 743 5396 (99)"qu
769 5323 884 5392 τὴν
906 5323 1190 5396 διάνοιαν.
1208 5322 1394 5396 Esset,
1425 5323 1566 5377 κατὰ
1585 5325 1681 5396 τὴν
1709 5325 1756 5380 δ.
1802 5327 1873 5382 Μ.

500 5396 573 5464 (ι)
609 5393 773 5464 Vulgo
804 5397 868 5466 ἢν
901 5395 1068 5447 ἀνείλ.
1093 5394 1399 5464 γενόμενος.

502 5463 579 5518 l2)
612 5463 781 5518 Vulito
807 5467 917 5518 τοῖς
945 5465 1072 5518 ἀγγ.

502 5465 556 5534 (2
612 5465 781 5534 Vulgo
807 5465 917 5526 τοῖς
945 5465 1072 5531 ἀγγ.

505 5468 1044 5615 (ὄζΗΔιαφερθῷσηις.
1077 5531 1516 5615 ὃιςνὰμερνι..ν.θί
1562 5533 1868 5615 dill'ereutes
1907 5535 1992 5615 _ab

414 5606 656 5678 ‘atzgclis,
697 5606 898 5660 uttot-is
927 5604 1104 5671 moJo,
1137 5604 1185 5656 in
1217 5605 1417 5659 cwlesti
1463 5606 1761 5660 liicrarchia
1796 5607 1987 5660 distiu-

2120 3623 2267 3686 σίως.
2317 3621 2486 3674 Τοῦτο
2514 3620 2623 3690 γὰρ
2658 3620 2818 3684 αὐτὸς
2856 3622 2885 3673 ό
2917 3620 3107 3692 Πατὴρ
3135 3620 3210 3691 (4)
3245 3618 3542 3690 βουληθεὶς,
3579 3620 3684 3670 πᾶ-

2120 3733 2216 3770 σαν
2253 3716 2352 3786 τὴν
2380 3715 2560 3786 κρίσιν
2592 3715 2787 3768 δέδωκε
2816 3713 2894 3784 τῷ
2928 3712 3060 3783 Υίῷ,
3107 3713 3194 3766 ἵνα
3223 3711 3419 3774 πάντες
3454 3709 3683 3780 τιμῶσιν

2117 3807 2277 3861 αὐτὸν
2308 3805 2491 3869 καθὼς
2520 3807 2717 3876 τιμῶσι
2745 3806 2836 3857 τὸν
2876 3804 3114 3875 Πατέρα.
3161 3805 3229 3856 Ἀ
3260 3802 3323 3873 δὴ
3355 3802 3449 3855 κα)⁸
3484 3800 3683 3871 Θωμᾶς

2114 3901 2142 3952 6
2163 3898 2392 3968 Δίδυμος
2435 3896 2675 3966 ἀκριϐῶς
2705 3897 3086 3967 ἐπιστάμενος,
3131 3895 3226 3949 ἆτε
3256 3893 3348 3947 τοῦ
3391 3891 3550 3963 χοροῦ
3577 3891 3684 3945 τῶν

2115 3989 2322 4044 δώδεκα
2373 3987 2611 4057 γεγονὼς
2669 3987 2952 4059 μαθητῶν,
3009 3988 3279 4059 λαμπροῖς
3331 3987 3540 4056 ῥήμασι
3590 3984 3684 4039 καὶ

2114 4083 2244 4136 Θεὸν
2287 4079 2444 4135 αὑτὸν
2481 4082 2576 4133 καὶ
2617 4080 2820 4152 Κύριον
2851 4081 3193 4151 ἐπεγράφετο
3228 4079 3399 4148 λέγων
3421 4117 3436 4142 ,
3475 4079 3538 4131 '0
3564 4079 3682 4132 Κύ-

2104 4175 2236 4242 ριός
2259 4188 2398 4242 μου,
2434 4175 2530 4228 καί
2556 4177 2589 4227 ό
2613 4174 2758 4237 Θεός
2776 4189 2915 4240 μου.
2946 4172 3036 4224 Διὸ
3072 4171 3136 4242 δὴ
3177 4171 3271 4224 καὶ
3306 4172 3450 4241 ἡμᾶς
3477 4171 3683 4240 προση-

2112 4283 2197 4320 κει
2239 4266 2398 4337 μόνον
2437 4263 2527 4320 τὸν
2566 4265 2694 4318 Υἱὸν
2731 4265 2824 4318 καὶ
2874 4263 3076 4334 μηδένα
3120 4264 3304 4335 ἕτερον
3350 4263 3502 4334 θεῖκῇ
3546 4264 3678 4332 τιμῇ

2035 4385 2081 4441 D
2113 4347 2312 4421 σέϐειν,
2351 4355 2531 4418 καθὼς
2577 4354 2825 4426 τιμῶμεν
2862 4354 2956 4407 τὸν
2995 4354 3236 4425 Πατέρα,
3271 4354 3362 4406 καὶ
3401 4354 3458 4404 έν
3495 4353 3680 4441 τούτῳ

2110 4445 2204 4498 τοῦ
2233 4445 2446 4516 Πατρὸς
2465 4443 2552 4498 διὰ
2580 4445 2672 4498 τοῦ
2707 4443 2836 4496 Υίοῦ
2862 4442 3168 4514 τιμωμένου
3188 4458 3202 4472 ·
3239 4443 3304 4494 Ὃ
3321 4441 3392 4512 δὴ
3424 4440 3516 4493 καὶ
3548 4439 3678 4492 αὐτὸ

2110 4535 2349 4591 διδάσκει
2386 4535 2556 4603 λέγων
2575 4552 2588 4564 ·
2636 4536 2689 4587 '0
2720 4534 2900 4604 τιμῶν
2930 4533 3037 4586 τὸν
3076 4532 3230 4599 Υἱόν,
3256 4530 3390 4600 τιμᾷ
3423 4531 3531 4585 τὸν
3557 4534 3678 4584 [Ia-

2101 4627 2242 4696 τέρα
2283 4627 2390 4681 τὸν
2417 4626 2735 4696 πέμψαντα
2771 4626 2976 4679 αὐτόν.
3020 4625 3229 4694 Ὥσπερ
3258 4624 3366 4694 γὰρ
3397 4624 3492 4676 καὶ
3522 4621 3674 4690 βασι-

2101 4717 2236 4781 λέως
2263 4716 2748 4788 καταπεμφθεῖσαν
2779 4715 2960 4768 είκόνα
2991 4714 3275 4784 τιμῶντες,
3307 4712 3367 4765 τὸ
3397 4711 3674 4780 πρωτότυ-

2101 4824 2201 4863 πον
2239 4809 2336 4878 τῆς
2380 4809 2604 4872 εἰκόνος,
2634 4807 2796 4859 αὑτὸν
2830 4805 2895 4858 ἂν
2929 4806 3260 4876 τιμήσαιμεν
3291 4803 3383 4854 τὸν
3433 4800 3674 4871 βασιλέα,

2099 4899 2193 4953 τὸν
2233 4900 2396 4955 αὑτὸν
2434 4901 2630 4970 τρόπον
2664 4900 2692 4951 6
2729 4898 2916 4968 Πατὴρ
2955 4897 3022 4950 ἂν
3060 4895 3145 4968 εἴη
3177 4895 3263 4948 διὰ
3307 4895 3399 4948 τοῦ
3431 4894 3562 4948 Υίοῦ
3591 4910 3671 4944 τι-

1522 5118 1566 5149 "
1595 5117 1747 5171 Joan.
1777 5134 1884 5182 xtv,
1917 5119 2004 5175 28.

2120 5121 2306 5177 ’Joau.
2357 5139 2394 5188 ι,
2423 5123 2474 5176 3.
2553 5123 2592 5154 "
2631 5121 2786 5177 Joau.
2819 5138 2869 5186 γ,
2900 5121 2992 5187 22,
3019 5120 3108 5176 23.
3184 5120 3406 5176 "Joan.
3453 5135 3543 5184 xx,
3573 5116 3666 5171 28.

2108 5326 2479 5402 guitangelos,
2511 5337 2565 5381 et
2595 5336 2901 5402 potestates.
2947 5325 3014 5378 Μ.
3062 5394 3103 5402 __
3273 5391 3286 5402 .
3446 5392 3458 5402 _
3603 5390 3614 5402 ,

2178 5399 2254 5468 (4)
2287 5391 2473 5466 νῖιιεο
2509 5391 2609 5466 μου
2662 5395 2906 5468 ληφθείς,
2963 5405 3018 5468 at
3061 5394 3223 5468 blont.
3267 5391 3572 5468 jurudedit
3603 5391 3659 5444 in

2103 5459 2374 5589 7iud
2390 5459 2558 5536 “quod
2595 5459 2812 5538 scripsit
2839 5466 3033 5536 Euseb.
3075 5466 3128 5519 in
3159 5459 3300 5519 corr.
3340 5459 3410 5514 ῐσ.
3449 5459 3656 5534 προλη-

2137 5538 2214 5600 et;
2241 5538 2359 5607 ἔφη.
