2079 3195
272 187 325 214 915

609 177 744 217 EtibEBll
753 188 996 217 ‘C.»ESARIENSIS
1015 189 1058 216 ΟΡ

1114 189 1199 217 PARS
1218 189 1262 216 IV.
1283 206 1317 211 —
1336 189 1545 218 DOG‘IATICA.

1847 193 1898 221 9l6

277 257 286 273 ι
309 247 553 282 ccnda,proccssit
567 254 628 275 cum
650 248 783 276 cﬂ‘ectuali
803 247 921 275 emcacia
942 249 1056 275 Verbtnn

1114 248 1237 284 γράφων·
1260 259 1268 273 ι
1288 250 1345 283 Πρὸ
1365 248 1418 283 γὰρ
1432 242 1478 275 τοῦ
1493 249 1539 275 τὸν
1551 240 1653 283 λιόεμον
1673 246 1752 278 εἶναι,
1767 247 1801 285 ἦν
1815 250 1829 276 ό
1845 251 1897 277 Λό-

278 304 287 320 σ
310 295 382 329 quod
392 294 486 321 Patris
499 299 569 321 eral.
585 303 594 320 ι
613 294 697 327 Quam
719 295 841 322 eamdem
862 294 970 322 demum
994 302 1058 321 sen-

277 338 388 366 tentiam
417 339 570 373 expressius
610 341 645 366 ita
667 340 773 373 posuit:
793 339 839 375 [R.
862 338 928 372 LIV,
945 340 1006 367 coll.
1025 340 1057 366 41

276 385 307 418 Ι),
324 385 375 411 165
393 385 499 416 Λ,.164
514 384 561 420 »Β.]
580 393 590 409 ι
610 385 677 412 Cum
698 385 815 412 nondum
848 389 920 412 esset
944 385 1060 411 mundus

278 439 288 456 ι
311 430 366 462 hic,
385 429 502 457 Verbum
520 436 578 457 erat
593 431 619 458 in
636 431 718 458 Patre
731 439 779 458 suo
795 441 802 458 :
822 434 851 463 ᾖ(
871 436 898 458 at
922 439 982 457 cum
1006 430 1060 457 Deo

278 486 287 500 ι
310 476 489 510 complaceret
512 477 687 510 omnipotenti
709 485 802 505 creare
823 477 912 504 omnia
935 484 998 511 qua:
1032 477 1059 503 in

279 529 287 545 ι
311 521 388 548 ccelis
401 525 519 548 erantet
539 521 661 553 interra,
683 522 716 548 ad
732 523 823 549 mundi
851 522 1059 556 productionem

279 576 287 591 ι
313 567 501 600 requirebatur
523 567 645 601 operatio
669 566 802 595 elfectiva.
833 567 866 594 Et
887 576 948 594 cum
964 574 1061 601 praeter

279 622 288 637 ι
314 612 397 638 Deum
422 612 509 639 solum
536 620 588 639 non
615 617 736 640 exstaret
764 613 832 641 alius
856 613 929 649 (nam
953 614 987 640 ab
1004 614 1061 648 ipso

279 668 287 683 ι
313 658 398 686 fuisse
414 659 522 685 condita
539 658 665 685 universa
683 659 709 686 in
728 659 854 686 confesso
870 660 988 693 ponitur)
1005 665 1060 686 tum

279 713 287 728 ε
310 704 461 738 procedens
472 703 590 730 Verbum
609 704 684 736 illud,
699 704 769 738 quod
788 704 863 738 prius
888 704 1060 731 intellectuali

279 759 289 775 ι
314 749 393 777 modo
407 749 479 776 intus
500 749 607 783 agebat.
635 750 801 783 comparavit
816 757 845 776 se
861 754 891 776 ut
907 750 997 777 mundi
1016 750 1062 777 lie-

280 805 289 820 ‹
315 799 356 822 ret
373 795 508 826 conditor,
526 804 535 820 ι
550 794 684 821 subinl‘ert
697 800 787 821 autem
809 799 867 829 post
888 795 945 822 hac
971 794 1062 822 omnia

277 840 398 865 demum.
420 847 430 864 ‹
448 838 524 866 Hanc
541 838 575 865 ob
597 846 716 871 causam,
747 846 799 865 non
825 840 941 874 appellat
963 847 992 866 se
1015 840 1060 867 Dei

279 894 288 909 ι
312 884 422 916 Filium,
439 885 485 911 sed
500 885 599 918 ubique
620 891 648 911 se
664 889 742 911 vocat
765 885 848 911 lilium
878 886 1016 911 hominis:
1033 890 1061 911 ut

279 940 288 954 ι
312 936 360 963 per
374 930 444 956 hanc
456 937 531 956 suam
547 929 743 956 confessionem
764 938 824 956 cum
839 931 883 964 qui
898 935 956 957 erat
968 931 1058 964 homo,

280 984 288 997 ι
313 982 361 1009 per
381 974 598 1002 communionem
625 981 685 1001 cum
703 974 792 1002 Verbo
813 975 907 1002 Filium
930 975 975 1002 Dei
1001 984 1060 1003 esse

279 1031 288 1045 ο
313 1021 470 1055 disponeret
485 1030 490 1047 :
508 1026 533 1047 et
548 1026 736 1048 consummato
750 1021 801 1048 hoc
824 1028 874 1048 suo
896 1029 989 1056 opere,
1008 1022 1058 1049 ite-

279 1074 288 1091 Ι
314 1074 373 1093 rum
394 1066 462 1100 ipse,
483 1066 556 1092 velut
577 1066 694 1092 Verbum
710 1065 869 1093 adunirelur
886 1066 941 1095 Deo
955 1075 962 1098 ;
976 1067 1015 1094 sic
1032 1071 1060 1094 ut

279 1121 288 1138 ‹
313 1111 470 1146 adimpleret
489 1111 552 1138 illud
573 1111 643 1145 quod
658 1111 803 1145 Apostolus
819 1111 936 1142 diccbat.
951 1111 1024 1138 Tunc
1036 1117 1060 1139 et

280 1167 288 1182 ε
312 1158 367 1190 ipse
390 1157 544 1191 subjicietur
563 1162 597 1186 et.
615 1158 660 1191 qui
676 1158 726 1191 ipsi
747 1157 836 1183 omnia
864 1157 973 1192 subjecit
994 1158 1058 1190 Deo,

279 1212 287 1227 ι
300 1207 337 1228 ναι
353 1202 387 1228 sit
405 1201 473 1228 Deus
489 1202 577 1227 omnia
592 1201 618 1227 in
630 1202 748 1228 omnibus
761 1202 793 1228 ⁸⁸.
811 1200 887 1228 Tunc
901 1206 991 1228 autem
1003 1210 1061 1229 om-

278 1257 291 1272 ο
310 1248 354 1274 nia
371 1248 445 1279 ﬁent,
462 1255 521 1282 ουλε
536 1247 611 1281 prius
625 1246 742 1274 fuerant.
757 1256 765 1273 ι
783 1246 845 1274 Ilaec
857 1254 917 1273 cum
929 1247 961 1274 de
973 1246 1060 1274 Verbo

276 1292 419 1320 Marcellus
434 1293 567 1320 edisserat
579 1311 587 1325 ,
604 1292 650 1319 illo
665 1293 792 1319 nimirum
809 1296 919 1326 propter
934 1292 1005 1327 quod
1021 1292 1061 1320 lo-

276 1339 349 1372 gicos
369 1339 438 1365 Deus
459 1337 568 1370 dicitur,
589 1337 614 1364 in
636 1338 768 1365 maximas
793 1338 890 1365 incidit
908 1339 1060 1373 angustias,

1113 304 1122 320 ι
1146 303 1192 328 γος
1210 296 1238 321 ἐν
1255 295 1293 330 τῷ
1309 296 1409 331 Πατρί·
1426 296 1470 321 ὅτε
1489 295 1517 321 δὲ
1534 295 1572 330 (8)
1586 296 1600 321 ὁ
1618 296 1816 331 παντοκράτωρ
1833 296 1898 328 Θεὸς

1113 349 1122 365 ε
1146 341 1233 366 πάντα
1250 341 1285 367 τὰ
1305 348 1334 367 τε
1358 342 1386 366 ἐν
1411 341 1533 375 οὐρανοῖς
1558 340 1606 367 καὶ
1628 341 1674 366 ἐπὶ
1698 342 1750 375 γῆς
1768 341 1898 376 προέθετο

1114 393 1123 409 ε
1145 385 1267 419 ποιῆσαι,
1292 385 1432 420 ἐνεργείας
1455 386 1471 420 ἡ
1496 384 1542 411 τοῦ
1562 385 1663 420 κόσμου
1683 385 1789 419 γένεσις
1812 385 1899 411 ἐδεῖτο

1114 439 1124 455 ι
1147 430 1310 466 δραστικῆς,
1333 432 1379 457 καὶ
1401 431 1444 457 διὰ
1460 430 1554 461 τοῦτο,
1574 430 1687 465 μηδενὸς
1707 430 1784 462 ὄντος
1803 430 1897 466 ἑτέρου

1115 485 1125 502 ε
1147 476 1215 511 πλὴν
1232 476 1298 502 Θεοῦ
1324 476 1432 512 (πάντα
1447 476 1501 511 γὰρ
1514 475 1682 511 ὁμολογεῖται
1697 476 1742 502 ὑπ’
1755 475 1836 502 αὐτοῦ
1849 484 1896 510 γε-

1114 530 1123 546 ι
1147 521 1291 556 γεννῆσθαι
1303 522 1322 556 ),
1342 523 1401 548 τότε
1419 522 1432 548 6
1449 523 1550 555 Λόγος,
1562 520 1699 556 προελθὼν
1723 522 1827 556 ἐγίνετο
1849 521 1896 548 τοῦ

1115 576 1123 592 ι
1146 567 1248 602 κόσμου
1274 568 1398 602 ποιητὴς,
1424 568 1438 594 6
1464 567 1511 593 καὶ
1539 568 1669 603 πρότερον
1696 567 1769 594 ἔνδον
1795 566 1898 602 var-pri);

1115 622 1123 637 ι
1147 613 1299 648 ἐτοιμάζων
1314 614 1404 642 αὐτόν,
1424 623 1432 640 ο
1450 614 1504 639 Καὶ
1520 611 1597 645 αὖθις
1616 614 1683 648 μετὰ
1700 613 1788 640 πάντα
1804 612 1898 646 ἐπιφέ-

1114 666 1155 692 ρει
1176 658 1278 691 λέγων’
1296 667 1305 683 ι
1329 659 1384 685 Καὶ
1402 658 1445 685 διὰ
1467 658 1545 685 τοῦτο
1560 659 1608 693 οὐχ
1622 658 1687 685 Υἰὸν
1710 658 1776 684 Θεοῦ
1801 657 1897 684 ἑαυτὸν

1115 713 1123 729 l
1146 704 1283 739 ὀνομάζει,
1305 704 1373 731 ἀλλὰ
1392 704 1529 739 πανταχοῦ
1555 704 1617 730 Υίὸν
1636 704 1777 740 ἀνθρώπου
1803 703 1897 730 ἑαυτὸν

1116 759 1124 775 t
1148 750 1221 783 λέγει
1234 758 1240 764 ·
1258 750 1301 776 ἴνα
1321 749 1364 776 διὰ
1381 750 1431 784 τῆς
1447 750 1575 785 τοιαύτης
1599 749 1743 784 ὁμολογίας
1758 749 1831 782 Θέσει
1851 748 1899 775 τὸν

1116 804 1125 821 ι
1147 795 1287 831 ἄνθρωπον
1316 796 1359 822 διὰ
1384 796 1434 831 τῆς
1461 796 1529 831 πρὸς
1556 795 1635 821 αὑτὸν
1665 795 1807 827 κοινωνίας
1833 795 1898 821 Υίὸν

1117 851 1126 867 ι
1149 841 1215 867 Θεοῦ
1232 841 1358 875 γενέσθαι
1376 841 1591 878 παρασκευάσῃ”
1617 841 1663 867 καὶ
1683 841 1751 875 μετὰ
1778 841 1809 867 τό
1823 841 1898 871 τέλος

1117 897 1125 912 ι
1147 888 1196 922 τῆς
1216 886 1340 922 πράξεως
1363 886 1454 919 αὖθις,
1472 887 1509 919 ὡς
1536 887 1637 921 Λόγος,
1660 887 1746 922 ἐνωθῇ
1767 885 1805 922 τῷ
1827 887 1898 922 Θεῷ,

1113 942 1122 957 ι
1147 932 1256 967 πληρῶν
1271 932 1358 958 ἐκεῖνο
1378 931 1408 958 τὸ
1423 932 1474 958 ὑπὸ
1488 932 1533 958 τοῦ
1561 931 1719 957 Ἀποστόλου
1743 931 1898 967 εἰρημένον,

1113 987 1122 1002 ι
1150 978 1217 1004 Τότε
1232 978 1323 1010 αὐτὸς
1336 977 1555 1012 ὑποταγήσεται
1573 978 1613 1010 τῷ
1624 976 1805 1009 ὑποτάξαντι
1819 976 1899 1008 αὺτῷ

1114 1033 1122 1048 ι
1144 1023 1180 1049 τὰ
1193 1023 1300 1056 πάντα,
1314 1023 1364 1049 ἵνά
1375 1021 1396 1058 ᾖ
1409 1024 1444 1050 τὰ
1459 1024 1556 1050 πάντα
1571 1023 1619 1049 καὶ
1629 1023 1664 1049 ἐν
1676 1022 1771 1050 πᾶσιν
1783 1024 1799 1049 ὁ
1815 1023 1907 1055 Cede:

1113 1077 1123 1093 ι
1149 1068 1245 1094 Ἔσται
1264 1067 1318 1103 γὰρ
1334 1067 1483 1102 τηνικαῦτα
1500 1067 1573 1094 τοῦθ’
1590 1068 1658 1099 ὅπερ
1679 1067 1809 1103 πρότερον
1822 1065 1867 1103 ἦν.
1885 1077 1895 1092 ι

1113 1112 1235 1139 Τοσαῦτα
1258 1112 1417 1147 Μάρκελλος
1441 1113 1504 1148 περὶ
1522 1111 1567 1139 τοῦ
1585 1112 1672 1146 Λόγου
1689 1112 1790 1144 εἰπὼν,
1805 1112 1852 1139 τοῦ
1869 1112 1899 1138 ὲν

1113 1158 1151 1192 τῷ
1172 1157 1241 1192 Θεῷ,
1264 1158 1323 1183 καθ’
1339 1157 1354 1183 ὃ
1369 1157 1483 1192 νοοῦμεν
1507 1158 1587 1184 αὑτὸν
1605 1157 1712 1190 λογικὸν
1728 1155 1812 1188 εἶναι,
1826 1157 1899 1191 δεινῇ

1114 1203 1251 1238 δυσχωρίᾳ.
1261 1202 1463 1238 περιπέπτωκε,
1478 1202 1614 1238 τολμήσας
1627 1204 1704 1234 ἐκτὸς
1716 1203 1761 1229 τοῦ
1773 1202 1840 1228 Θεοῦ
1855 1211 1902 1240 γε-

1114 1248 1220 1281 γονέναι
1245 1248 1309 1274 ποτε
1338 1248 1419 1282 φάναι
1436 1249 1481 1275 τὸν
1502 1249 1530 1275 ἐν
1551 1248 1626 1284 αὐτῷ
1636 1249 1734 1283 Λόγον,
1752 1248 1799 1275 καὶ
1819 1247 1901 1274 πάλιν

1115 1293 1188 1325 ἐντὸς
1205 1294 1286 1320 αὑτοῦ
1303 1294 1370 1329 μετὰ
1385 1294 1428 1320 τὸν
1445 1294 1539 1330 καιρὸν
1555 1296 1604 1329 τῆς
1624 1295 1748 1330 κρίσεως“
1768 1294 1801 1320 ἵν’
1816 1293 1902 1324 οὓτως

1114 1338 1131 1375 ᾖ
1149 1341 1177 1366 ὲν
1192 1340 1230 1374 τῷ
1244 1340 1303 1376 Θεῴ
1319 1341 1427 1372 ἑνωθεὶς
1444 1339 1528 1376 αὐτῷ,
1542 1341 1636 1376 ὥσπερ
1650 1341 1696 1367 καὶ
1710 1341 1839 1376 πρότερον
1855 1338 1899 1375 ἦν.

276 1391 357 1411 ausus
374 1383 509 1410 aﬂirmare
526 1388 604 1409 extra
620 1383 702 1409 Deum
724 1383 889 1417 processisse
909 1383 1056 1418 aliquando
1075 1385 1121 1418 qui
1148 1385 1174 1411 in
1194 1386 1247 1412 Deo
1267 1390 1327 1412 erat
1344 1386 1424 1420 logon
1443 1395 1449 1412 :
1466 1391 1494 1413 et
1525 1393 1619 1414 rursus
1648 1391 1710 1423 post
1724 1385 1817 1421 judicii
1832 1390 1901 1412 lem-

275 1437 326 1465 pus
356 1429 438 1456 Deum
456 1430 545 1456 denuo
580 1429 788 1463 ingressurum:
806 1434 837 1456 ut
871 1429 907 1455 ita
925 1429 1036 1456 demum
1056 1430 1185 1458 adunitus
1205 1431 1259 1459 Deo
1280 1431 1420 1464 subsistat,
1446 1432 1674 1467 quemadmodum
1694 1436 1720 1459 et
1742 1431 1817 1466 prius
1831 1431 1896 1458 sub-

275 1476 393 1504 stiterat.

596 1522 672 1549 CAP.
691 1522 735 1550 IX.

328 1569 466 1603 Refutatio
485 1577 613 1603 perverse
631 1569 711 1603 hujus
732 1568 845 1596 hominis
862 1569 1007 1596 sementim.

310 1616 387 1644 Nunc
417 1617 526 1643 domum
558 1617 591 1643 ad
622 1616 852 1651 interrogationes
889 1618 1059 1651 respondeat.

275 1662 345 1696 Quid
365 1662 398 1689 de
417 1666 539 1696 tempore
553 1662 714 1689 intermcdio
727 1662 829 1689 sentire
845 1662 985 1695 debemus,
1000 1670 1060 1689 cum

275 1714 353 1737 extra
371 1708 455 1735 Deum
475 1712 547 1735 esset
567 1708 663 1743 logos?
685 1707 825 1741 Quomodo
843 1708 1035 1743 egrediebatur
1051 1709 1063 1735 ?

274 1755 325 1788 Qui
343 1759 428 1781 status
443 1754 490 1781 Dei
509 1754 596 1781 fuerat
616 1753 720 1781 interea
734 1754 797 1780 dum
819 1754 897 1788 logon
913 1755 939 1781 in
954 1762 984 1782 se
1009 1755 1060 1781 sibi

272 1801 413 1835 proprium
430 1807 483 1826 non
498 1799 632 1827 haberet?
655 1799 676 1826 si
695 1799 766 1827 enim
789 1803 849 1833 post
876 1799 968 1826 mundi
995 1807 1061 1826 con-

274 1847 484 1874 summationem
499 1846 526 1873 in
547 1846 602 1873 Deo
616 1846 669 1873 crit
689 1846 774 1881 logos.
796 1845 833 1872 uti
859 1846 936 1880 prius
962 1846 1061 1880 fuerat,

274 1893 411 1926 quomodo
430 1892 483 1918 erit
501 1891 590 1926 Logos
609 1899 623 1918 e
640 1892 693 1918 Deo
706 1892 858 1925 egressus?
879 1892 901 1918 si
921 1892 993 1919 enim
1013 1899 1062 1926 per

274 1945 303 1965 se
326 1937 480 1965 subsistens
504 1945 518 1964 a
550 1937 604 1964 Deo
633 1943 694 1964 erat
713 1938 791 1969 alius,
812 1943 866 1964 tum
892 1937 1062 1965 l'rustraneus

275 1986 318 2009 est
342 1983 431 2009 omnis
454 1982 572 2009 Marcelli
599 1982 686 2010 labor.
713 1984 790 2016 Quod
817 1983 839 2010 si
869 1988 946 2010 extra
977 1984 1060 2010 Deum

274 2036 401 2063 egressus
421 2027 505 2062 logos,
528 2033 691 2056 utnostrum
719 2029 885 2064 prolatitium
910 2030 979 2057 solet
998 2037 1061 2057 ver-

274 2074 350 2105 lunn,
377 2077 453 2100 extra
485 2073 568 2100 Deum
600 2075 788 2109 permanebat,
813 2075 985 2109 inseparatus
1005 2080 1060 2101 tum

274 2123 349 2146 certe
373 2126 492 2153 semper,
515 2124 542 2146 et
565 2120 638 2146 omni
662 2124 784 2154 tempore
813 2121 895 2147 etiam
923 2125 978 2146 tum
1000 2127 1060 2146 cum

274 2169 444 2199 operaretur,
462 2170 521 2192 crat
543 2166 616 2192 intus
636 2165 661 2192 in
684 2166 745 2192 Deo.
765 2168 794 2196 ᾖ
808 2166 883 2197 Quod
905 2165 925 2192 si
947 2165 998 2197 sic,
1016 2169 1041 2192 ta
1054 2179 1060 2186 ε

275 2215 335 2234 inen
352 2207 481 2238 undeiﬁt.
503 2213 531 2234 ut
547 2209 573 2234 in
593 2209 662 2235 diem
676 2207 772 2241 jndicii
789 2209 1063 2242 comperendinctur?

274 2254 312 2279 ait
329 2253 401 2280 enim
418 2258 480 2280 tunc
497 2254 551 2280 1)ιό
577 2254 650 2280 illum
679 2254 904 2286 readuniemlum,
920 2259 947 2281 et
967 2262 1062 2289 perpe-

276 2304 321 2325 tuo
338 2299 470 2331 futurum,
486 2300 556 2326 sicut
571 2300 635 2327 olim
654 2300 729 2334 prius
749 2300 820 2327 fuit:
848 2301 896 2327 sed
921 2308 971 2328 nec
986 2301 1062 2335 logos

273 2345 319 2379 qui
339 2345 372 2372 de
398 2345 453 2372 Deo
479 2346 622 2380 pr0rcssit,
643 2347 731 2381 qualis
750 2351 809 2374 erat
834 2347 919 2380 prius,
944 2347 1062 2374 exstabit

274 2392 347 2425 talis,
362 2393 409 2420 sed
426 2397 454 2420 et
472 2393 542 2420 Deus
559 2394 600 2420 sui
620 2394 704 2428 ipsius
718 2394 859 2422 dissimilis
877 2395 984 2423 futurus
997 2400 1038 2422 est
1052 2405 1058 2422 :

274 2443 369 2472 utpote
384 2438 429 2472 qui
444 2439 509 2465 olim
532 2438 613 2473 logon
642 2447 723 2467 suum
748 2440 773 2467 in
797 2447 828 2468 se
845 2441 973 2474 habebat,
986 2446 1013 2468 cl
1034 2441 1060 2468 in

274 2484 328 2510 ﬁne
345 2484 436 2511 mundi
457 2485 582 2511 eumdem
596 2491 794 2520 resumpturns,
815 2491 843 2513 et
854 2487 960 2514 futurus
973 2487 1062 2521 qualis

273 2528 338 2555 olim
353 2530 428 2562 prius
442 2529 550 2557 fuerat:
565 2530 670 2559 interea
692 2532 822 2567 temporis
840 2532 1010 2559 dissimiliter
1032 2539 1072 2559 se‘

275 2574 429 2601 habiturus.
454 2574 506 2601 Sed
522 2579 549 2602 et
566 2575 642 2611 logos
656 2576 689 2603 ad
705 2577 830 2604 eumdem
855 2577 964 2604 modum
983 2582 1058 2604 extra

275 2619 359 2646 llettm
375 2620 491 2654 positus,
509 2628 562 2648 non
580 2621 686 2648 l'uturus
699 2627 740 2648 est
762 2623 796 2654 is,
817 2622 862 2656 qui
881 2623 957 2657 prius
974 2623 1062 2649 fuerat

273 2670 336 2692 ante
360 2666 452 2693 mundi
480 2667 750 2693 consimimationem.
781 2667 893 2702 Ecquid,
924 2668 998 2695 hisce
1025 2668 1061 2694 ita

310 2726 339 2754 vI<
355 2723 404 2750 Ed-
418 2723 517 2753 Paris..
532 2732 608 2758 pagg.
626 2725 686 2757 H3,
704 2726 762 2753 1M.

308 2769 330 2784 ⁸⁸
346 2768 352 2794 Ι
369 2768 430 2796 Cor.
447 2781 494 2802 xv,
508 2769 552 2796 28.

310 2815 349 2850 (8)
366 2815 450 2850 Vulgo
462 2816 500 2851 τῷ
518 2815 725 2851 παντοκράτορα
739 2815 798 2850 Θεῷ
812 2820 837 2842 ct
852 2815 901 2851 τὴν
922 2825 969 2851 πρ.
981 2815 1060 2841 αὑτὸν

275 2850 415 2886 varum/iw»
433 2857 459 2877 ct
476 2850 533 2877 loro
549 2851 672 2883 πράξεως
690 2850 720 2876 lt,
738 2851 854 2884 κρίσεως
870 2850 965 2878 ctdein
983 2851 1061 2883 vulgo

276 2894 358 2910 fi.‘.'v)_‘
372 2895 411 2909 T‘J.

383 2988 605 3148 Χ

1444 1525 1524 1551 ΚΕΦ.
1545 1524 1584 1551 Θ’.

1198 1570 1342 1604 Ἔλεγχος
1359 1568 1414 1603 τῆς
1427 1569 1480 1596 τοῦ
1493 1569 1606 1603 ἀνδρὸς
1624 1568 1814 1601 κακοδοξίας.

1149 1615 1219 1652 ’Ὠρει
1237 1616 1326 1642 τοίνυν
1351 1615 1488 1650 ἐρωτῶσιν
1502 1615 1566 1649 ἡμῖν
1588 1614 1668 1640 αὐτὸν
1692 1614 1898 1649 ἀποκρίνασθαι.

1113 1661 1145 1687 Τί
1160 1659 1206 1687 οὖν
1221 1662 1249 1688 ἐν
1259 1661 1297 1695 τῷ
1312 1661 1411 1696 μεταξὺ
1427 1660 1524 1696 χρόνῳ,
1538 1660 1581 1686 ὅτε
1596 1660 1672 1691 ἐκτὸς
1685 1658 1717 1694 ἧν
1733 1660 1747 1686 6
1759 1660 1842 1693 Λόγος
1854 1658 1900 1685 τοῦ
1925 1652 1929 1654 1

1114 1707 1193 1738 Θεοῦ,
1210 1707 1343 1743 προσήκει
1354 1708 1441 1739 νοεῖν;
1456 1705 1518 1737 Πῶς
1534 1706 1562 1732 δὲ
1587 1705 1738 1740 προῆλθεν;
1766 1705 1809 1731 Ἐν
1820 1704 1901 1739 όποίςι

1113 1752 1140 1778 δὲ
1153 1750 1186 1787 ἦν
1203 1752 1256 1787 ἄρα
1272 1752 1435 1778 καταστάσει
1452 1752 1466 1778 6
1481 1751 1556 1782 Θεὸς,
1572 1752 1607 1786 μὴ
1626 1751 1694 1785 ἔχων
1706 1751 1734 1777 ὲν
1752 1750 1840 1785 ἑαυτῷ
1854 1749 1899 1776 τὸν

1114 1799 1214 1825 οἰκεῖον
1230 1798 1314 1832 Λόγον
1327 1807 1333 1830 ;
1346 1798 1370 1824 εἰ
1384 1797 1438 1833 γὰρ
1454 1797 1499 1824 ἐπὶ
1517 1796 1554 1832 (9)
1579 1796 1718 1832 συντελείᾳ
1734 1796 1779 1823 τοῦ
1803 1795 1900 1827 παντὸς

1113 1844 1188 1871 ἔσται
1207 1846 1221 1870 6
1242 1844 1327 1877 Λόγος
1339 1845 1367 1870 ἐν
1384 1843 1422 1878 τῷ
1446 1843 1514 1878 Θεῷ,
1531 1843 1625 1878 ὥσπερ
1650 1844 1697 1869 καὶ
1724 1843 1853 1878 πρότερον
1867 1840 1901 1877 ἦν

1114 1891 1167 1927 πρὸ
1184 1890 1229 1917 τοῦ
1242 1899 1338 1925 καιρου
1355 1890 1404 1925 τῆς
1416 1890 1579 1922 συντελείας,
1596 1890 1654 1920 πῶς
1669 1890 1743 1915 ἔσται
1757 1890 1771 1915 6
1785 1889 1869 1921 Λόγος
1886 1889 1901 1913 6

1114 1935 1251 1971 προελθὼν
1259 1936 1304 1962 τοῦ
1317 1935 1383 1961 Θεοῦ
1395 1944 1401 1968 ;
1415 1936 1446 1961 Εἰ
1458 1935 1575 1971 μὲνγὰρ,
1593 1935 1652 1961 καθ’
1666 1935 1759 1961 ἑαυτὸν
1769 1933 1899 1969 ὑφεστὼς,

1113 1983 1206 2017 ἔτερος
1220 1983 1342 2016 ἐγίγνετο
1357 1981 1403 2007 τοῦ
1416 1981 1495 2013 Θεοῦ,
1510 1981 1623 2016 μάταιος
1637 1982 1649 2007 6
1665 1981 1824 2015 Μαρκέλλου
1852 1980 1900 2005 πό-

1114 2036 1158 2058 νος
1170 2036 1176 2042 ’
1192 2028 1216 2053 εἰ
1229 2027 1267 2058 δὲ,
1285 2026 1330 2053 καὶ
1348 2025 1486 2061 προελθὼν
1495 2025 1541 2051 τοῦ
1556 2025 1634 2055 Θεοῦ,
1657 2025 1725 2051 κατὰ
1742 2025 1786 2051 τὸν
1800 2026 1827 2051 ὲν
1836 2026 1900 2059 ἡμῖν

1114 2072 1280 2108 προφορικὸν
1295 2072 1383 2106 λόγον,
1393 2071 1471 2106 ἔμενε
1485 2070 1532 2096 τοῦ
1548 2070 1654 2106 Πατρδς
1667 2069 1827 2105 ἀχώριστος,
1836 2071 1899 2097 οὐκ·

1116 2119 1163 2145 οῦν
1184 2120 1227 2145 ἀεὶ
1245 2119 1292 2145 καὶ
1306 2118 1350 2144 διὰ
1368 2117 1466 2149 παντὸς
1476 2115 1509 2152 ἦν
1523 2117 1551 2142 ἐν
1568 2117 1607 2152 τῷ
1623 2116 1693 2151 Θεῷ.
1707 2117 1753 2143 καὶ
1769 2117 1812 2142 ὅτε
1826 2116 1901 2152 ἑνήρ-

1115 2174 1167 2200 γει.
1183 2165 1244 2196 Πῶς
1256 2162 1301 2190 οὖν
1314 2166 1353 2195 εἰς
1368 2164 1413 2189 τὸν
1426 2163 1475 2197 τῆς
1492 2163 1608 2198 κρίσεως
1624 2162 1779 2197 ἀναπέμπει
1796 2161 1901 2196 καιρὸν,

1116 2210 1175 2236 τότε
1191 2210 1278 2244 λέγων
1294 2210 1375 2236 αὑτὸν
1398 2208 1579 2244 ὲνωθήσεσοαι
1593 2208 1631 2243 τῷ
1652 2208 1720 2242 Θεῷ,
1733 2208 1779 2234 καὶ
1792 2207 1899 2233 ἔσεσθαι

1116 2256 1211 2291 ὥσπερ
1224 2256 1270 2282 καὶ
1288 2256 1418 2291 πρότερον
1437 2252 1487 2289 ἦνς
1503 2255 1534 2280 Εἰ
1545 2254 1599 2289 γὰρ
1613 2254 1673 2280 τότε
1688 2253 1763 2280 ἔσται
1781 2253 1836 2288 (10)
1849 2252 1901 2279 ὥσ-

1118 2311 1170 2337 περ
1185 2302 1231 2328 καὶ
1247 2301 1378 2337 πρότερον
1394 2299 1437 2336 ἦν,
1454 2300 1515 2327 οὔτε
1535 2301 1548 2326 6
1560 2300 1655 2334 Λόγος,
1670 2301 1682 2326 ό
1705 2299 1842 2335 προελθὼν
1855 2299 1902 2325 τοῦ

1114 2348 1193 2379 Θεοῦ,
1208 2348 1299 2378 ὁποῖος
1314 2345 1347 2382 ἦν
1362 2347 1502 2382 πρότερον,
1517 2345 1641 2381 ὑπάρξει.
1661 2345 1740 2372 Ἀλλὰ
1754 2346 1800 2372 καὶ
1823 2344 1902 2376 αὐτὸς

1112 2393 1126 2419 6
1143 2393 1208 2423 Θεὸς
1230 2392 1306 2418 ἔσται
1332 2390 1420 2425 ἑαυτῷ
1447 2390 1582 2425 ἀνόμοιος,
1600 2389 1682 2416 πάλαι
1706 2388 1754 2423 μὲν
1777 2388 1846 2423 ἔχων
1874 2389 1902 2414 ἐν

1113 2437 1202 2472 ἑαυτῷ
1212 2437 1256 2463 τὸν
1272 2436 1369 2470 Λόγον,
1386 2436 1433 2461 καὶ
1447 2435 1492 2461 ἐπὶ
1506 2434 1645 2470 συντελείᾳ
1657 2433 1703 2460 τοῦ
1719 2433 1817 2465 παντὸς
1836 2433 1903 2459 ἀπο-

1114 2482 1266 2517 ληψόμενος
1299 2481 1390 2513 αὐτὸν,
1409 2480 1456 2507 καὶ
1485 2479 1626 2515 γινόμενος
1647 2479 1717 2506 τότε.
1739 2478 1903 2513 (11)ῶσπερ

1114 2528 1306 2563 καὶπρότερον
1327 2525 1375 2562 ἦν·
1395 2527 1423 2552 ἐν
1441 2526 1469 2552 δὲ
1486 2525 1524 2560 τῷ
1543 2525 1643 2560 μεταξῦ
1662 2524 1749 2560 χρόνῳ
1770 2523 1903 2558 ἀνομοίως

1115 2575 1248 2610 κείμενος.
1263 2573 1317 2601 Καὶ
1337 2573 1351 2598 6
1368 2572 1453 2606 Λόγος
1474 2572 1501 2598 δὲ
1518 2571 1657 2602 ὡσαύτως,
1673 2570 1751 2601 ἐκτὸς
1767 2569 1813 2596 τοῦ
1834 2567 1901 2595 Θεοῦ

1115 2620 1269 2654 γενόμενος,
1286 2618 1335 2644 οὐκ
1345 2617 1420 2643 ἔσται
1435 2616 1487 2651 πρὸ
1503 2617 1551 2651 τῆς
1567 2615 1719 2646 συντελείας
1732 2614 1776 2641 τοῦ
1791 2614 1904 2644 παντὸς,

1115 2663 1171 2695 οἷος
1184 2662 1217 2698 ἦν
1233 2663 1374 2698 πρότερον.
1397 2661 1452 2688 Καὶ
1470 2661 1511 2692 τίς
1527 2661 1559 2687 ἂν
1576 2659 1677 2686 τούτων
1693 2659 1904 2693 δυσσεϐέστερος

1153 2813 1190 2847 (9)
1204 2813 1288 2846 Vulgo
1300 2814 1332 2847 τῇ
1350 2821 1422 2839 συντ.
1434 2817 1460 2839 et
1476 2819 1537 2839 mox
1552 2811 1598 2838 καὶ
1615 2811 1644 2837 τδ
1664 2809 1802 2845 πρότερον.

1151 2850 1206 2880 (Ill)
1226 2849 1308 2881 Vulgo
1326 2848 1405 2875 ὥστε.

1152 2886 1172 2917 (l
1183 2885 1205 2917 I)
1227 2883 1278 2917 κιρ.
1291 2883 1326 2908 ἲς.
1342 2883 1453 2917 ὅσπερ,
