4160 6444
455 312 559 374 91⁸1

1256 284 1273 297 ’
1378 313 1467 370 οε
1503 310 2044 371 ECCLESIASTICA
2082 311 2476 371 THEOLOGIA
2513 312 2641 368 LIB.
2684 312 2749 369 u.

3478 306 3481 309 ’
3588 316 3713 373 ι-οιπδ

457 429 655 501 γένοιτ’
684 418 752 483 ἂν
793 426 986 496 λόγοςς
1019 424 1195 490 "om;
1241 423 1351 497 γάρ
1380 424 1444 479 τὸ
1472 420 1567 497 ἦν,
1613 424 1707 479 καὶ
1763 426 1827 479 τὸ
1871 423 2021 477 ἔσται

2151 427 2360 496 positis.
2406 427 2579 495 magis
2611 425 2831 493 impium
2858 423 3055 494 poterit
3086 425 3251 481 csch
3279 424 3512 483 Omnino
3544 429 3711 495 enim,

457 521 635 578 καὶτὸ
674 518 979 589 γεγονέναι,
1026 518 1156 571 ποτὲ
1189 519 1284 572 καὶ
1316 518 1500 589 πάλιν,
1527 517 1762 588 μέλλειν,
1792 514 2035 579 ἔσεσθαι,

457 612 558 683 τῆς
590 613 648 664 ὲν
700 609 879 681 χρόνῳ
910 607 1215 680 μεταϐολῆς
1263 607 1393 661 ὄντα
1430 605 1724 678 δηλωτικὰ,
1781 605 2037 677 ἀλλότρια

458 682 525 757 ἂν
545 702 629 774 είη
663 703 765 772 τῆς
788 699 1019 772 ἀχρόνου
1067 700 1160 753 καὶ
1193 682 1432 769 ἀνάρχου
1478 698 1573 753 καὶ
1619 699 1914 769 ἁγεννήτου
1942 698 2037 752 καὶ

458 791 816 847 ἀναλλοιώτου
847 790 1052 854 οὐσίας.
1082 791 1200 860 Ἐφ’
1216 786 1307 862 ἧς,
1325 790 1386 844 τὸ
1400 786 1539 844 εἶναι
1562 790 1719 861 μόνον
1744 790 2035 861 ἐπιπρέπει

461 887 599 938 νοεῖν
618 902 631 914 ·
666 884 761 938 καὶ
788 878 927 936 εἶναι
957 880 1389 953 ἀπαραλλάκτως
1428 882 1515 935 ἀεὶ
1542 881 1654 951 (12)
1671 882 1814 936 κατά
1843 874 1917 936 τά
1939 884 2036 936 αὺ-

457 976 553 1042 τὰ,
590 976 684 1030 καὶ
703 974 963 1036 ὡσαύτως
982 973 1230 1045 ἔχουσαν,
1263 973 1343 1045 μὴ
1371 972 1717 1045 μειουμένην,
1733 973 1809 1045 μὴ
1825 972 2037 1026 συστελ-

461 1066 715 1138 λομένην,
752 1064 827 1136 μὴ
881 1066 1286 1137 ἐκτεινομένην,
1333 1065 1409 1136 μὴ
1451 1064 1879 1137 ὲξαπλουμένην,
1911 1064 2033 1137 μηδ’

460 1156 618 1220 me;
637 1173 691 1209 τι
712 1156 804 1210 καὶ
831 1156 981 1219 ἐντὸς
1006 1157 1207 1227 ἑαυτῆς
1238 1153 1482 1226 ἔχουσαν,
1504 1155 1626 1228 μηδ’
1638 1154 1824 1209 ἄλλοτε
1869 1155 2037 1228 ἄλλην

459 1249 810 1320 γιγνομένην,
863 1248 985 1320 μηδ’
1016 1249 1201 1321 ἕτερον
1238 1249 1337 1319 μὲν
1379 1243 1545 1301 οὖσαν
1579 1248 1864 1320 πρότερον,
1916 1247 2032 1303 εἶτα

458 1339 673 1394 ἄλλο’τι
703 1340 1054 1412 γιγνομένην,
1086 1340 1181 1394 κα)⁸
1218 1340 1380 1393 πάλιν
1420 1340 1500 1402 είς
1546 1339 1607 1393 τὸ
1644 1342 1869 1410 ἀρχαῖον
1900 1342 2036 1395 ἀπο-

458 1430 889 1503 καθισταμένην.
923 1434 990 1483 “Α
1011 1430 1074 1503 δὴ
1103 1430 1421 1503 Μάρκελλος
1445 1431 1646 1501 ἐτόλμα
1685 1431 2032 1486 ὑποτίθεσθαι

461 1520 630 1575 πάλαι
656 1523 755 1592 μὲν
787 1521 962 1591 λέγων
1010 1516 1148 1575 εἶναι
1184 1521 1273 1574 τὸν
1308 1520 1463 1587 Θεὸν,
1504 1521 1597 1575 καί
1641 1540 1763 1576 τινα
1803 1523 2032 1595 ἡσυχίαν

457 1611 576 1680 ἅμα
604 1612 682 1683 τῷ
714 1611 833 1683 Θεῷ
878 1613 1211 1684 ὑπογράφων
1260 1611 1437 1682 ἑαυτῷ
1469 1613 1588 1665 κατ’
1630 1608 1802 1668 αὐτὸν
1827 1616 2033 1669 ἐκεῖνον

455 1704 547 1758 τὸν
568 1707 676 1761 τῶν
705 1706 881 1761 ἀθέων
918 1706 1253 1777 αἱρεσιωτῶν
1300 1706 1561 1779 ἀρχηγὸν,
1589 1706 1648 1769 ὃς
1680 1706 1747 1758 τὰ
1774 1691 1912 1760 άθεα
1941 1705 2030 1759 δο-

2149 527 2293 582 erat,
2336 519 2465 583 erit,
2496 517 2738 573 futurum
2769 523 2873 580 est,
2909 517 3216 586 aliquando,
3248 519 3464 587 iterum,
3498 521 3710 575 contin-

2139 623 2293 676 gens,
2348 617 2404 663 et
2451 622 2574 679 qua:
2618 619 2748 665 sunt
2778 610 3099 665 mutationis
3147 609 3342 664 indicia
3377 611 3431 666 in
3473 620 3713 681 tempore

2141 699 2543 767 factm,.aiiena
2592 711 2720 758 sunt
2763 716 2992 775 prorsus
3032 712 3065 755 ‘a
3117 702 3420 759 substantia
3465 703 3555 759 illa
3593 719 3711 774 quae

2138 805 2221 847 est
2284 792 2401 846 sine
2462 802 2729 863 tempore,
2786 792 3079 863 principio,
3126 792 3496 861 generatione,
3538 804 3711 849 muta-

2140 885 2305 938 tione.
2344 884 2419 939 De
2450 898 2557 954 qua
2593 884 2771 939 solum
2801 883 2934 940 Esse
2966 883 3309 952 cogitandum
3336 893 3420 940 est
3453 895 3546 950 ;et
3576 884 3710 940 Esse

2141 977 2361 1045 quidem
2429 977 2862 1032 immntabilitcr.
2902 976 3076 1044 Quam
3125 976 3373 1031 eamdem
3421 985 3478 1032 et
3519 976 3705 1032 eodem

2137 1070 2295 1125 modo
2332 1082 2393 1125 se
2446 1069 2737 1126 habentem
2785 1071 3046 1127 debemus
3083 1071 3411 1139 cogitatione
3459 1084 3706 1139 compre-

2136 1161 2418 1216 hendere:
2474 1175 2581 1216 non
2622 1162 2985 1229 imminutam,
3030 1178 3137 1220 non
3194 1169 3543 1225 coarctatam,
3599 1174 3705 1215 non

2136 1250 2438 1317 dilatatam,
2474 1266 2583 1306 non
2626 1264 2945 1323 expansum,
2985 1254 3117 1309 nihil
3149 1263 3305 1309 extra
3350 1268 3413 1308 se
3443 1252 3529 1307 vel
3566 1252 3704 1305 intra

2135 1355 2193 1396 se
2229 1340 2634 1408 continentem;
2677 1356 2783 1396 non
2810 1343 2951 1397 hanc
2976 1345 3157 1410 modo,
3185 1343 3344 1398 modo
3385 1341 3533 1395 illam
3550 1353 3706 1394 com-

2137 1439 2456 1501 parantem:
2492 1440 2744 1486 neutram
2772 1441 3200 1500 permanenter:
3232 1433 3326 1487 sed
3369 1431 3638 1486 diversam
3676 1446 3704 1480 ιι

2135 1536 2195 1576 se
2222 1521 2391 1591 priori
2422 1542 2432 1576 :
2467 1530 2522 1577 et
2562 1535 2753 1577 rursus
2785 1523 2836 1577 in
2870 1533 3072 1577 statum
3116 1522 3265 1579 illum
3293 1521 3526 1590 priorem
3551 1534 3706 1575 revo-

2134 1612 2325 1667 lutam.
2358 1612 2484 1669 llaec
2529 1629 2838 1684 supponere
2863 1623 3050 1668 tamen
3091 1627 3252 1669 ausus
3290 1622 3373 1668 est.
3401 1611 3705 1676 Marcellus,

2135 1703 2335 1774 quippe
2364 1704 2455 1774 qui
2485 1705 2618 1760 olim
2669 1704 2745 1758 ait
2793 1704 2961 1760 Deum
3011 1704 3329 1760 exstitisse:
3381 1711 3438 1758 et
3467 1704 3705 1773 quietem

455 1758 734 1862 “suae;
753 1758 763 1760 ’
780 1758 1136 1864 sane..."
1150 1758 1357 1864 atat:
1375 1758 1514 1848 τε..
1539 1758 1671 1858 ὸεὲς
1716 1758 1833 1848 aut
1861 1758 1995 1866 έιγή
2014 1811 2025 1825 -

2135 1758 2425 1865 qua-Iudam
2457 1758 2624 1850 altam
2661 1758 3001 1865 apuchum
3024 1758 3397 1865 imaginatur:
3430 1758 3707 1869 ad'imitac

457 1883 595 1952 μετὰ
617 1882 675 1936 δὲ
696 1882 796 1955 τὴν
819 1883 984 1954 Σιγὴν
1005 1884 1096 1937 καὶ
1117 1883 1215 1956 τὴν
1232 1884 1490 1956 Ἦσυχίαν
1518 1882 1798 1957 προελθεῖν
1827 1886 1920 1940 τὸν
1933 1885 2033 1940 Λό-

453 1989 550 2042 γον
578 1973 673 2028 τοῦ
715 1974 851 2028 Θεοῦ
899 1977 958 2028 ὲν
1005 1975 1148 2046 ἀρχῇ
1204 1976 1301 2047 τῆς
1356 1976 1713 2046 κοσμοποιίας
1763 1976 2028 2049 δραστικῇ

453 2066 704 2137 ἐνεργείᾳ
721 2083 734 2099 ο
770 2067 848 2130 ὡς
880 2066 1069 2137 μηκέτ’
1091 2062 1229 2121 εἶναι
1257 2067 1419 2121 αὑτὸν
1451 2060 1560 2133 οἷος
1582 2063 1650 2140 ἦν
1674 2069 1732 2123 ὲν
1757 2069 2031 2124 σιωπῶντι

450 2154 536 2231 τῷ
566 2155 687 2227 Θεῷ
719 2157 984 2229 πρότερον
1015 2158 1324 2231 ἡσυχάζων,
1354 2159 1466 2213 ἀλλ’
1487 2161 1730 2231 ἐνεργεῖν
1766 2163 2031 2237 προερχόα

456 2261 617 2313 μενον
651 2245 746 2298 τοῦ
788 2247 947 2303 Θεοῦ.
985 2242 1098 2302 Kal.
1139 2250 1256 2312 πῶς
1278 2249 1387 2322 ἄρα
1426 2249 1652 2321 προῄει;
1682 2251 1905 2316 Πάντως
1930 2270 2029 2306 που

452 2335 595 2389 κατὰ
623 2338 904 2408 προφορὰν
928 2340 1110 2410 φωνῆς
1136 2339 1397 2412 ἐνάρθρου
1419 2359 1432 2374 ο
1466 2340 1838 2413 φθεγγομένου
1869 2344 2031 2414 δηλα-

450 2422 517 2494 δὴ
551 2426 647 2479 καὶ
673 2426 963 2492 λαλοῦντος
984 2429 1078 2482 τοῦ
1112 2430 1248 2484 Θεοῦ
1274 2431 1477 2502 ὁμοίως
1509 2432 1832 2503 ἀνθρώποις.
1861 2434 2031 2488 Τοῦτο

451 2517 583 2585 γοῦν
605 2520 699 2573 καὶ
731 2521 883 2592 αὐτῷ
926 2521 1103 2575 ἐδόκει
1128 2525 1392 2595 γράφοντι
1424 2523 1614 2579 τοῦτον
1658 2526 1750 2578 τὸν
1796 2526 1993 2597 τρόπον
2012 2544 2024 2557 ·

455 2622 474 2655 ι
502 2607 712 2681 Ὥσπερ
736 2609 846 2682 γὰρ
873 2612 940 2665 τὰ
970 2614 1233 2681 γεγονότα
1250 2614 1426 2669 πάντα
1450 2617 1556 2670 ὑπὸ
1582 2615 1676 2669 τοῦ
1700 2617 1912 2688 Πατρός
1943 2616 2030 2670 διὰ

454 2716 479 2756 ι
502 2697 595 2759 τοῦ
631 2700 805 2769 Λόγου
837 2702 1081 2771 γέγονεν,
1113 2704 1256 2758 οὕτω
1284 2706 1375 2759 καὶ
1399 2707 1467 2760 τὰ
1495 2705 1759 2778 λεγόμενα
1791 2704 1896 2761 ὗπὺ
1933 2708 2043 2761 τοῦί

454 2808 473 2841 ι
504 2790 716 2861 Πατρός
765 2791 871 2845 διάη
904 2792 999 2845 τοῦ
1027 2794 1201 2863 Λόγου
1264 2797 1606 2867 σημαίνεται.
1645 2817 1663 2850 ι
1697 2799 1808 2853 Καὶ
1840 2793 2025 2863 αὖθιςο

450 2899 473 2934 ι
504 2880 690 2937 Πάντα
734 2883 843 2956 γὰρ
871 2884 970 2938 ὃσα
995 2884 1059 2939 ἂν
1085 2887 1115 2940 ό
1140 2886 1331 2960 Πατὴρ
1368 2888 1523 2961 λέγῃ,
1548 2888 1723 2944 ταῦτα
1754 2889 2027 2962 πανταχοῦ

452 2987 477 3023 ι
506 2971 594 3027 διὰ
620 2972 715 3027 τοῦ
733 2975 908 3043 Λόγου
938 2975 1113 3045 λέγων
1144 2978 1414 3047 φαίνεται.
1436 2981 1607 3035 Τοῦτο
1636 2980 1693 3035 δὲ
1721 2980 1879 3053 δῆλόν
1911 2984 2027 3037 ἐστι

456 3079 477 3114 ι
515 3064 610 3117 καὶ
640 3064 734 3134 ἀφ’
761 3064 919 3136 ἡμῶν
944 3066 1144 3133 αὐτῶν,
1175 3069 1277 3124 ὅσα
1309 3070 1481 3142 μικρὰ
1512 3073 1627 3135 τοῖς
1655 3072 1911 3142 μεγάλοις
1932 3074 2026 3128 καὶ

452 3173 473 3207 ι
513 3155 677 3220 θείοις
713 3158 1030 3213 ἀπεικάσαι·
1054 3161 1149 3214 καὶ
1176 3163 1339 3233 ἡμεῖς
1366 3162 1476 3233 γὰρ
1499 3162 1675 3217 πάντα
1701 3164 1801 3218 ὅσα
1831 3164 1897 3219 ἂν
1931 3165 2017 3219 θέ-

451 3265 476 3299 ι
503 3248 684 3321 λωμεν
703 3250 921 3309 κατὰτὸ
939 3252 1162 3309 δυνατὸν
1181 3253 1359 3322 λέγειν
1381 3271 1441 3307 τε
1462 3255 1556 3308 καὶ
1577 3258 1768 3322 ποιεῖν,
1788 3255 1868 3328 τῷ
1884 3257 2023 3328 ἠμε-

452 3357 475 3391 r
502 3339 647 3412 τέρῳ
672 3340 929 3413 ποιοῦμεν
956 3343 1297 3417 λόγῳ.ιΕίδὴ
1327 3342 1420 3399 οὖν
1448 3346 1662 3409 οὕτωςὸ
1683 3347 1854 3416 Λόγος
1890 3366 2029 3421 προ-ι

445 3431 577 3501 ἦλθε
597 3433 690 3486 τοῦ
716 3434 928 3505 Πατρὸς
956 3435 1212 3508 δραστικῇ
1238 3438 1508 3510 ἐνεργείᾳ,
1529 3438 1693 3496 πόθεν
1715 3441 2022 3512 Μαρκέλλῳ

446 3521 648 3593 ἐπῆλθε
675 3523 985 3594 περιορίσαι
1013 3526 1201 3596 χρόνον
1227 3530 1292 3598 τῇ
1318 3526 1413 3580 τοῦ
1443 3528 1616 3597 Λόγου
1650 3529 2021 3601 ὲνεργείᾳ,τδν

444 3613 545 3683 τῆς
571 3614 881 3678 συντελείας
902 3614 1023 3668 καθ’
1056 3616 1115 3669 δν
1153 3617 1373 3670 ἔσεσθαι
1408 3618 1606 3688 φάσκει
1638 3619 1728 3673 τὸν
1761 3621 1931 3689 Λόγον
1963 3622 2021 3674 ὲν

444 3704 525 3776 τῷ
556 3704 697 3777 Θεῷ,
725 3705 914 3779 ὥσπερ
942 3708 1037 3761 καὶ
1067 3710 1330 3782 πρότερον
1370 3705 1471 3781 ἦνς
1513 3710 1781 3782 Πρότερον
1805 3712 1861 3765 δὲ
1888 3714 2022 3784 ἠσυ-

445 3797 678 3867 χάζοντα
713 3798 875 3852 αὐτὸν
910 3798 1077 3851 ἐδίδου
1118 3802 1175 3854 ἐν
1206 3800 1480 3855 σιωπῶντι
1512 3800 1591 3873 τῷ
1622 3801 1760 3874 Θεῷ.
1811 3803 2020 3858 Οὐκοῦν

446 3887 540 3943 καὶ
592 3889 733 3961 μετὰ
773 3889 872 3962 τὴν
907 3892 1212 3946 συντέλειαν
1262 3895 1461 3965 ἡσυχία
1507 3912 1592 3959 τις
1638 3894 1810 3960 ἔσται,
1855 3897 2020 3969 μηδὲν

447 3979 729 4053 μέλλοντος
763 3982 1002 4053 ἐνεργεῖν
1022 3983 1114 4036 τοῦ
1132 3985 1327 4054 Λόγου.
1363 3985 1525 4039 ’Λλλὰ
1547 3986 1652 4058 πρὸ
1671 3988 1769 4057 μὲν
1786 3989 1881 4059 τῆς
1913 3988 2019 4043 τῶν

443 4068 685 4142 γενητῶν
720 4070 1029 4135 συστάσεως
1060 4071 1211 4125 οὐδὲν
1248 4068 1339 4144 ἦν,
1378 4075 1531 4145 φησι,
1568 4074 1706 4147 πλὴν
1730 4075 1887 4137 Θεοῦ.
1910 4077 2020 4131 Kal.

442 4160 567 4215 ἐπεὶ
593 4161 759 4233 μηδὲν
778 4157 867 4233 ἦν,
902 4162 1124 4227 είκὸτως
1151 4162 1325 4235 ἐαυτῷ
1343 4163 1440 4236 τὴν
1456 4166 1685 4237 ἡσυχίαν
1719 4167 1979 4222 ὲτυποῦτο
2000 4186 2013 4198 ·

443 4251 586 4305 κατά
624 4253 680 4305 δὲ
724 4254 817 4307 τὸν
860 4255 957 4326 τῆς
994 4254 1305 4319 συντελείας
1350 4256 1544 4327 καιρὸν
1587 4258 1786 4329 Δανιὴλ
1818 4261 1846 4312 ό
1888 4278 2018 4332 προ-

445 4341 623 4414 φήτης
652 4342 757 4417 πρὸ
789 4342 883 4403 τοῦ
934 4344 1124 4417 θρόνου
1168 4345 1261 4399 τοῦ
1306 4345 1440 4400 Θεοῦ
1482 4348 1753 4419 μυριάδας
1798 4349 2016 4403 ἔσεσθαι

2139 1886 2337 1941 tionem
2373 1885 2522 1940 illius
2568 1886 2950 1942 haeresiarcha:
2984 1885 3134 1956 impii
3177 1901 3300 1941 sese
3336 1886 3705 1947 conformans,

2132 1977 2224 2047 qui
2249 1977 2558 2048 blasphema
2595 1977 2901 2034 istiusmodi
2947 1978 3332 2049 dogmatizavit
3362 1996 3376 2032 :
3415 1985 3538 2035 erat
3562 1976 3708 2032 Deus

2129 2076 2187 2125 ct
2227 2068 2374 2140 Sige.
2407 2068 2540 2124 Post
2587 2069 2750 2140 Sigen
2803 2078 2862 2124 et
2900 2068 3206 2142 llesychian
3253 2071 3589 2141 processisse
3632 2071 3710 2125 ait

2132 2160 2338 2231 Logon,
2370 2161 2424 2216 in
2454 2162 2722 2230 principio
2750 2161 3079 2218 conditionis
3118 2163 3323 2230 mundi,
3355 2177 3475 2217 cum
3509 2177 3706 2234 opera-
3768 2166 3777 2171 “

2134 2252 2280 2307 tione
2307 2250 2549 2307 efﬁcaci:
2592 2252 2663 2307 ita
2688 2262 2745 2307 ut
2772 2266 2878 2307 non
2909 2261 3071 2320 esset,
3107 2252 3282 2322 qualis
3313 2262 3433 2307 erat
3462 2254 3614 2324 prius
3653 2254 3704 2309 in

2134 2343 2241 2398 Deo
2277 2344 2689 2415 conquiescenti
2722 2344 3013 2413 quiescens
3060 2345 3197 2414 ipse,
3248 2347 3705 2421 sedpprogressus

2129 2435 2294 2490 eDeo
2320 2447 2657 2505 operaretur.
2707 2435 2772 2497 Et
2800 2450 2907 2505 quo
2961 2436 3125 2490 modo
3177 2436 3394 2490 tandem
3439 2438 3706 2506 processit

2132 2526 2294 2581 inde?
2315 2524 2548 2581 Omnino
2579 2542 2673 2596 per
2700 2527 3057 2598 prolationem
3091 2528 3375 2598 cujusdam
3407 2528 3707 2583 articulatm

2126 2618 2300 2683 Vocis,
2339 2626 2665 2688 personante
2706 2618 2962 2673 nimirum
3004 2628 3057 2674 et
3098 2618 3453 2689 proloqnente
3481 2620 3590 2675 Deo
3639 2620 3706 2674 ad
3765 2637 3768 2640 ’

2133 2710 2347 2763 modum
2401 2710 2649 2764 humanae
2698 2708 2943 2778 loquelae.
2986 2709 3058 2763 lta
3101 2710 3246 2764 enim
3276 2709 3348 2763 illi
3382 2709 3552 2763 visum
3589 2716 3697 2776 est,

2129 2803 2254 2857 dum
2283 2801 2355 2856 ita
2386 2803 2648 2856 scriberet
2691 2820 2705 2857 :
2760 2800 2851 2873 [Β.
2895 2799 2982 2855 LV
3034 2801 3183 2869 coll.,
3249 2818 3304 2872 p.
3335 2802 3405 2857 55
3441 2803 3504 2870 D,
3545 2802 3612 2858 79
3640 2800 3704 2868 Β,

2130 2890 2235 2947 125
2266 2889 2352 2962 BI.
2402 2911 2421 2944 ι
2464 2890 2926 2958 Quemadmodum
2954 2891 3095 2946 facta
3126 2894 3305 2946 omnia
3342 2908 3369 2946 a
3400 2892 3582 2957 Patre,
3609 2908 3706 2963 per

2134 2999 2154 3034 ι
2204 2980 2437 3036 Verbum
2497 2980 2640 3035 iacta
2682 2989 2847 3035 sunt:
2882 2980 2958 3036 ita
2993 2989 3050 3036 et
3079 2981 3225 3036 dicta
3269 2982 3502 3037 omniaa
3545 2982 3706 3037 Patre

2135 3089 2154 3123 ι
2200 3086 2297 3142 per
2333 3070 2568 3127 Verbum
2602 3070 3005 3140 signiﬁcantur.
3045 3071 3160 3129 rEt
3189 3073 3386 3128 iterum
3410 3088 3424 3127 :
3451 3072 3543 3145 [ιι.
3571 3071 3703 3140 LVI,

2128 3163 2249 3220 coll.
2357 3163 2425 3219 ιο
2455 3163 2516 3229 Β,
2542 3164 2644 3220 118
2671 3161 2757 3235 8.]
2808 3161 3040 3219 «Omnia
3073 3179 3411 3236 quaecunque
3431 3163 3593 3219 Pater
3623 3164 3706 3218 di-

2134 3273 2154 3306 ι
2200 3255 2296 3322 cit,
2315 3269 2374 3309 ea
2395 3269 2611 3324 semper
2630 3264 2684 3308 et
2719 3255 2919 3323 ubique
2941 3269 3041 3323 per
3054 3253 3288 3310 Verbum
3321 3255 3698 3310 declarantur:

2135 3363 2153 3396 ι
2199 3344 2340 3414 quod
2364 3352 2418 3397 et
2439 3359 2468 3397 a
2497 3344 2650 3399 nobis
2684 3344 2814 3411 ipsis
2854 3344 2990 3398 satis
3023 3344 3212 3415 liquet,
3256 3345 3524 3414 siquidem
3554 3343 3706 3399 hisce

2134 3452 2155 3486 ι
2196 3432 2379 3503 parvis
2395 3446 2585 3501 magna
2613 3432 2840 3487 liceatet
2865 3432 3045 3487 divina
3074 3446 3413 3503 comparare.
3442 3432 3704 3489 Nosenim

2134 3543 2153 3576 ι
2196 3538 2257 3579 ea
2274 3523 2456 3579 omnia
2471 3538 2590 3594 quae
2604 3525 3140 3593 volumus,quantum
3152 3524 3370 3594 quidem
3392 3539 3701 3593 possumus,

2133 3634 2152 3668 ι
2199 3624 2254 3672 et
2288 3614 2515 3670 facimus
2548 3624 2603 3669 et
2631 3614 2860 3669 dicimus
2918 3613 3224 3669 ministerio
3268 3614 3418 3669 verbi
3444 3616 3639 3671 nostri.
3678 3633 3697 3668 ι

2132 3713 2190 3772 at
2226 3706 2379 3774 Quod
2409 3705 2453 3763 si
2488 3705 2554 3762 ad
2590 3704 2735 3760 hunc
2762 3704 2980 3761 modum
3012 3718 3113 3775 per
3142 3702 3441 3762 efﬁcaciam
3475 3719 3709 3777 cperan-

2129 3811 2233 3855 tem
2284 3796 2547 3867 processit
2579 3795 2646 3851 de
2696 3792 2861 3850 Patre
2892 3793 3150 3862 Verbum,
3190 3796 3334 3852 unde
3386 3810 3705 3867 progressus

2126 3902 2205 3948 est
2235 3889 2542 3957 Marcellus,
2600 3888 2665 3942 ad
2693 3886 3257 3943 circumscribendum
3298 3888 3465 3943 Verbi
3510 3903 3704 3957 opera-

2130 3985 2328 4039 tionem
2388 3990 2629 4051 tempore
2700 3978 2932 4050 quodam
2995 3979 3380 4047 determinato,
3444 3980 3702 4036 nimirum

2128 4071 2315 4126 mundi
2350 4066 2862 4125 consummatione?
2896 4065 3123 4132 Quando
3150 4068 3389 4123 futurum
3424 4080 3527 4136 est,
3562 4070 3702 4140 quod

2125 4146 2377 4227 affirmat,
2425 4171 2483 4217 ut
2539 4160 2769 4216 Verbum
2823 4159 2964 4213 intra
3000 4157 3167 4213 Deum
3207 4161 3486 4225 subsistat,
3516 4171 3708 4232 quent-

2126 4255 2417 4315 admodum
2456 4255 2747 4324 aliquando
2801 4254 3170 4313 subsistebat?
3194 4254 3496 4335 Aliquando
3522 4265 3702 4310 autem

2125 4350 2498 4418 quiescentem
2536 4349 2716 4420 Logon
2748 4350 2918 4418 illum,
2942 4350 2995 4405 in
3024 4349 3331 4421 quiescenti
3355 4346 3518 4402 Patre
3548 4347 3704 4402 nobis

443 4438 689 4505 θεσπίζει
718 4440 923 4509 λέγων’
956 4441 1151 4495 Χίλιαι
1180 4441 1446 4512 χιλιάδες
1464 4442 1884 4513 ἐλειτούργουν
1908 4446 2016 4498 αὺ-

2131 4436 2293 4495 dedit.
2333 4438 2431 4504 ita,
2458 4449 2514 4495 ut
2550 4441 2784 4508 videtur,
2816 4447 2939 4510 post
2965 4439 3151 4497 mundi
3182 4437 3701 4494 consummationem

441 4531 544 4598 τῷ,
569 4531 665 4586 καὶ
689 4532 894 4601 μύριαι
909 4531 1197 4600 μυριάδες
1229 4531 1339 4602 (15)
1374 4532 1895 4601 παρειστήκεισαν
1920 4533 2020 4603 ἐμ·

438 4627 704 4693 προσθεν
726 4622 933 4678 αὑτοῦ.
961 4624 1167 4688 Πάντες
1191 4624 1361 4697 δήπου
1392 4624 1484 4678 καὶ
1525 4626 1573 4676 οἱ
1601 4626 1707 4678 υἱοὶ
1745 4622 1839 4678 τοῦ
1887 4624 2017 4696 μέλ-

436 4716 619 4782 λοντος
644 4716 839 4781 αἰῶνος
871 4716 990 4769 τότε
1029 4714 1270 4768 ἔσονται’
1310 4716 1373 4770 αἵ
1413 4733 1472 4769 τε
1527 4717 1794 4788 μακάριαι
1848 4715 2019 4787 ψυχαὶ

440 4809 814 4881 πατριαρχῶν,
849 4809 943 4862 καὶ
968 4808 1282 4881 προφητῶν,
1310 4809 1403 4862 καὶ
1430 4808 1762 4877 ἀποστόλων,
1795 4808 1927 4877 ἅγιά
1957 4825 2016 4862 τε

436 4901 722 4973 πνεύματα
752 4902 1073 4973 μαρτύρων
1125 4903 1302 4958 πάντα
1332 4921 1391 4957 τε
1435 4901 1683 4974 πρόϐατα
1713 4899 1806 4955 τοῦ
1832 4901 2014 4971 Σωτῆ-

438 5009 531 5063 ρος
578 4993 756 5066 ἡμῶν,
790 4994 859 5049 τά
906 4996 969 5049 ἐκ
1016 4996 1202 5064 δεξιῶν
1234 4994 1398 5051 αὐτοῦ
1450 4993 1758 5067 στησόμενά
1805 5011 1863 5047 τε
1920 4995 2014 5048 καὶ

437 5083 805 5150 ἀκονσόμεναο
860 5088 1036 5142 Δεῦτε
1088 5091 1142 5142 οι
1190 5085 1583 5158 εὐλογημένοι
1641 5085 1748 5140 τοῦ
1789 5086 2018 5153 Πατρός

435 5190 580 5241 μου,
609 5176 1104 5245 κληρονομήσατε
1128 5177 1243 5246 τὴν
1277 5176 1732 5247 ἡτοιμασμένην
1754 5174 1896 5245 ὑμῖν
1915 5176 2023 5242 ,βα-

438 5265 678 5319 σιλείαν
707 5266 823 5319 ἀπὸ
845 5267 1180 5335 καταϐολῆς
1198 5268 1310 5339 (14)
1341 5269 1594 5337 κόσμου.
1614 5267 1896 5322 Τοσούτων
1915 5267 2024 5321 τοί-

512 5375 699 5446 ιΙςῌΕιΙ.
732 5375 929 5432 Paris"
958 5391 1078 5446 pag.
1137 5378 1258 5432 115.

507 5445 551 5477 ⁸⁷
584 5444 719 5500 Dan.
755 5461 848 5509 vn,
886 5448 973 5499 10.

509 5538 631 5614 (Ιῇ
657 5537 828 5614 Vulgo
860 5541 954 5593 καὶ
1107 5539 1225 5593 Mox
1243 5540 1567 5614 vulgodeest
1591 5542 1665 5614 μὴ
1699 5543 2011 5614 ἐκτεινομὲ-

434 5626 554 5677 νην.
585 5610 700 5663 Mox
727 5609 886 5679 vulgo
918 5610 1211 5679 μηδέτερον
1253 5610 1517 5679 μένουσαν
1538 5609 1677 5665 et“
1702 5613 1777 5666 δέ.
1817 5616 1893 5665 Ad
1918 5609 2007 5667 sc-

435 5681 651 5749 qucntia
687 5678 760 5733 cf.
796 5678 1029 5735 l’caraon
1077 5678 1230 5732 l’iml.
1258 5678 1451 5749 'lgutt.
1482 5680 1537 5735 ἢ.
1577 5698 1625 5752 p.
1661 5683 1749 5740 51.

2124 4533 2361 4601 quictPtn
2410 4532 2625 4599 statuit,
2655 4549 2778 4587 cum
2826 4530 2964 4586 nihil
3012 4529 3247 4586 Verbum
3279 4528 3535 4596 deinceps
3570 4541 3701 4596 ope—

2126 4625 2360 4683 rabitur.
2413 4623 2629 4679 Atenim
2676 4631 2804 4678 ante
2843 4619 3031 4677 mundi
3066 4619 3531 4685 constitutionem,
3565 4618 3700 4675 nihil

2122 4726 2242 4770 erat
2272 4731 2497 4784 prorsus
2528 4725 2728 4787 praeter
2753 4715 2944 4781 Deum,
2975 4713 3203 4784 inquiet.
3235 4709 3303 4766 Et
3332 4712 3548 4783 quando
3576 4711 3699 4781 qui-

2122 4807 2242 4862 dem
2270 4806 2402 4862 nihil
2440 4817 2580 4873 erat,
2602 4808 2725 4876 jure
2770 4806 2971 4863 merito
2999 4805 3076 4860 illi
3103 4804 3344 4875 quietem
3375 4803 3699 4872 assignavit.

2122 4896 2239 4959 iam
2291 4898 2344 4952 in
2380 4909 2621 4968 tempore
2663 4896 3153 4953 consummationis
3196 4894 3382 4950 Daniel
3436 4894 3700 4966 propheta

2124 4998 2250 5045 ante
2282 4991 2533 5046 thronum
2568 4988 2664 5044 Dei
2703 4988 3018 5045 constitisse
3048 4988 3280 5043 aliirmat
3323 4988 3701 5044 innumerabi-

2121 5082 2226 5138 lem
2255 5083 2573 5153 angelorum
2616 5080 3017 5141 multitudinem
3048 5095 3059 5129 :
3097 5079 3271 5136 Millia
3313 5081 3562 5145 millium,
3599 5080 3694 5146 ait,

2127 5175 2503 5228 ministrabant
2547 5172 2672 5229 illi:
2701 5183 2749 5227 et
2785 5173 2955 5242 decies
3009 5170 3203 5226 millies
3255 5182 3470 5227 centena
3527 5172 3697 5226 millia

2134 5266 2445 5321 assistebant
2474 5265 2544 5318 ei.
2574 5262 2849 5323 Iudicium
2893 5265 3050 5329 sedit,
3077 5273 3123 5318 et
3149 5263 3273 5319 libri
3300 5265 3466 5335 aperti
3497 5263 3696 5321 sunt".

2192 5542 2299 5610 (l5)
2336 5540 2502 5606 Vulgo
2530 5556 2771 5610 προειστ.

2194 5613 2302 5683 (Η)
2337 5611 2502 5680 Vulgo
2531 5610 2623 5663 τοῦ
2648 5627 2699 5667 κ,
