4160 6444
478 299 591 356 919

1198 293 1469 351 EUSEBII
1506 292 1986 350 CESARIENSIS
2023 291 2173 350 OPP.
2213 291 2392 350 PARS
2432 291 2521 347 IV.
2557 290 3082 361 —DOGMATICA.3

3610 283 3719 342 9‘20

486 413 595 467 Sed
625 418 678 466 et
725 420 850 466 tunc
892 417 1158 481 praeterea
1203 407 1462 478 temporis
1510 408 1809 462 consistent
1858 420 2049 460 omnes

2152 422 2245 457 νυν
2284 405 2557 475 ἐσομένων
2595 404 2685 457 καὶ
2731 403 2995 457 ἀθάνατον
3041 399 3183 470 ζωὴν
3229 393 3541 468 ζησομένων
3576 397 3715 466 μετά

486 501 559 569 illi
607 500 701 554 ﬁlii
747 501 914 554 futuri
958 499 1162 554 smculi.
1215 496 1394 551 Beata!
1441 496 1896 565 patriarcharum,
1928 511 2049 564 pro—

486 592 766 655 phetarum
806 599 860 645 et
885 589 1253 657 apOstolornm
1283 586 1510 650 animae,
1543 585 1767 653 spiritus
1797 584 1872 637 illi
1902 599 2049 637 mar-

487 692 664 750 tyrum
690 679 883 733 sancti.
909 676 1110 732 Omnes
1132 690 1348 746 quoque
1367 673 1674 730 Servatoris
1697 674 1867 729 nostri
1895 687 2050 738 oves,

402 772 417 781 ’
488 783 610 837 quae
652 782 682 821 a
728 767 937 821 dextris
989 767 1158 837 ipsius
1208 766 1523 819 constitutae
1549 764 1813 818 audient:
1848 761 2048 827 Venite,

486 858 741 914 benedicti
771 859 950 911 Patris
980 858 1105 921 mei,
1136 857 1395 926 possidete
1443 870 1656 924 regnum
1695 863 2050 922 praparatum

485 950 628 1003 vobis
671 965 707 1001 α
736 948 896 1019 iactis
935 947 1117 1000 mundi
1154 946 1511 1015 fundamentis
1532 945 1599 996 ⁸⁸.
1630 945 1894 1009 Quocirca
1926 959 2050 997 cum

486 1038 572 1093 vel
619 1046 741 1107 post
789 1037 978 1107 judicii
1028 1046 1258 1105 tempus.
1305 1045 1485 1091 tantus
1539 1049 1800 1089 numerus
1861 1048 2085 1088 eorumr

487 1131 703 1185 futurus
742 1138 844 1196 est,
899 1129 990 1199 qui
1036 1129 1233 1183 victuri
1282 1135 1410 1180 sunt
1458 1125 1625 1179 vitam
1665 1124 2048 1191 immortalem,

484 1221 613 1289 quid
647 1234 823 1275 causae
864 1221 1085 1274 subesse
1135 1216 1356 1287 poterit,
1386 1230 1485 1269 cur
1522 1229 1634 1268 non
1660 1220 1714 1269 et
1742 1220 1852 1267 tum
1886 1214 2048 1267 etiam

486 1313 580 1366 Dei
610 1311 846 1367 Verbum
879 1310 1173 1379 operetur?
1202 1306 1355 1363 Unde
1383 1305 1540 1360 scivit
1567 1304 1869 1370 Marcellus,
1907 1305 2049 1374 quod

487 1413 825 1469 nequaquam
868 1407 980 1455 tum
1012 1406 1233 1451 sanctos
1260 1411 1388 1450 suos
1426 1395 1569 1449 Deus
1596 1394 1670 1447 sit
1698 1392 2047 1457 allocuturus,

487 1504 660 1560 neque
683 1490 867 1545 Verbo
906 1502 1006 1542 suo
1054 1502 1249 1541 usurus
1282 1486 1535 1542 elfectivo
1564 1529 1579 1552 ,
1609 1486 1703 1539 sed
1734 1488 1875 1555 quod
1905 1484 2052 1538 l'utu-

488 1595 605 1633 rum
640 1580 715 1633 sit.
744 1580 796 1632 in
834 1580 944 1634 Deo
995 1577 1249 1641 Verbum,
1296 1576 1749 1644 quemadmodum
1796 1583 1851 1629 et
1900 1574 2050 1642 prius

486 1673 689 1735 fuerat,
736 1671 960 1725 omnino
998 1667 1392 1736 conquiescens
1420 1677 1473 1722 et
1499 1665 1909 1722 conticescens?
1935 1663 2050 1719 Hoc

481 1761 626 1815 enim
653 1760 924 1815 multoties
952 1759 1241 1813 aﬂirmavit
1262 1742 1451 1814 dicens
1480 1776 1497 1813 ι
1530 1776 1549 1809 ι
1578 1758 1731 1813 Tunc
1750 1758 1856 1811 erit
1891 1756 2045 1820 illud,
2079 1739 2121 1794 Β

489 1870 508 1902 ι
554 1852 697 1921 quod
742 1859 798 1905 et
846 1850 996 1921 prius
1028 1849 1391 1904 fueratzerat
1439 1858 1620 1903 autem
1672 1848 1842 1913 prius,
1891 1854 1950 1898 ut
1992 1854 2046 1900 et

487 1961 508 1994 ι
556 1943 672 2011 ipse
698 1955 914 2010 quoque
943 1938 1173 1995 aliirmat
1201 1941 1253 1994 in
1286 1941 1487 2010 quiete.
1528 1922 1870 1994 Conticescet
1914 1951 2044 2007 ergo

489 2053 507 2085 ι
554 2034 851 2109 Deus,_per
874 2032 1008 2088 illud
1039 2042 1269 2103 tempus,
1294 2033 1385 2102 qui
1419 2032 1573 2100 prius
1603 2029 1780 2085 fuerat
1810 2028 2041 2091 locutus,

488 2143 507 2175 ι
550 2132 608 2179 et
640 2139 771 2181 usus
818 2140 916 2179 suo
947 2125 1124 2190 Verbo
1173 2124 1473 2191 operativo.
1504 2122 1573 2174 At
1611 2130 1742 2174 tunc
1787 2133 1885 2187 per
1915 2133 2041 2186 pro—

488 2233 508 2265 ι
554 2215 781 2271 missum
806 2214 938 2269 illud
972 2215 1235 2270 caelorum
1259 2227 1505 2282 regnum,
1536 2211 1758 2281 proprio
1785 2226 1883 2266 suo
1910 2208 2046 2264 Ver-

488 2324 508 2355 ι
555 2305 645 2370 bo,
696 2314 752 2359 et
801 2306 945 2359 omni
983 2319 1104 2374 quae
1136 2304 1189 2358 in
1233 2303 1327 2358 illo
1355 2304 1459 2358 sita
1489 2311 1572 2358 est
1600 2302 1890 2372 sapientia,
1920 2316 2047 2356 san-

488 2415 511 2446 ι
557 2406 676 2451 ctos
719 2411 848 2451 suos
885 2396 1104 2465 penitus
1150 2394 1459 2464 privaturus
1500 2401 1606 2449 est.
1639 2413 1659 2446 ›
1691 2393 1833 2449 Ecce
1864 2402 2042 2448 autem

480 2489 535 2541 in
561 2486 844 2557 qualenam
878 2502 936 2541 se
960 2485 1317 2555 pracipitium
1346 2483 1578 2550 dederit,
1605 2483 1734 2538 dum
1772 2485 2043 2538 neminem

481 2577 591 2631 sibi
614 2578 837 2633 adhibet
878 2577 1320 2631 manuductorem
1348 2594 1363 2631 :
1398 2590 1498 2630 nec
1526 2576 1754 2629 advocat
1802 2574 2045 2643 Scriptu-

482 2682 573 2722 ras
604 2669 658 2723 in
696 2668 1003 2723 consilium.
1041 2666 1174 2720 Nam
1212 2668 1325 2721 haec
1358 2667 1537 2720 omnia
1581 2667 1694 2734 ipse
1732 2666 1833 2719 sibi
1877 2665 2045 2718 fabri-

479 2767 603 2812 cata
631 2758 848 2828 collegit
880 2758 948 2811 de
981 2772 1086 2811 una
1118 2772 1252 2811 voce
1283 2771 1561 2827 perperam
1585 2755 1878 2810 intellecta.
1908 2754 2039 2811 Nam

2152 495 2243 547 τὸν
2267 495 2366 564 τῆς
2398 493 2629 565 κρίσεως
2679 493 2890 564 καιρὸν,
2924 489 3011 543 διὰ
3039 490 3091 542 τί
3135 487 3208 558 μὴ
3250 488 3531 558 ἐνεργήσει
3563 488 3591 539 ό
3617 484 3712 539 τοῦ

2151 582 2286 636 Θεοῦ
2320 583 2492 653 Λόγος
2525 584 2619 637 καὶ¹
2644 583 2794 648 τότε;
2826 582 2994 635 Πόθεν
3037 579 3094 633 δὲ
3126 577 3426 648 Μαρκέλλῳ
3471 576 3711 647 παρέστη

2152 676 2554 746 ἀποφήνασθαι,
2581 677 2664 728 ὅτι
2693 676 2792 727 οὐκ
2829 674 2908 727 ἔτι
2933 672 3157 743 λαλήσει
3192 672 3306 733 τοῖς
3328 669 3504 737 ἁγίοις
3534 670 3563 720 ό
3583 667 3714 730 Θεὸς

2150 766 2291 828 τότε,
2323 766 2440 820 οὐδὲ
2483 769 2742 837 χρήσεται
2789 764 2994 835 ἐνεργῷ
3026 762 3106 832 τῷ
3156 759 3323 815 αὑτοῦ
3370 759 3546 829 Λόγῳ,
3596 757 3714 811 ἀλλ’

2151 855 2325 920 ἔσται,
2345 856 2423 916 ὠς
2448 858 2541 911 καὶ
2570 858 2832 928 πρότερον
2864 852 2953 927 ἧν,
2986 855 3044 907 ἐν
3071 852 3241 923 αὐτῷ,
3271 849 3486 903 σιωπῶν
3513 847 3711 919 δηλαδὴ

2152 947 2245 999 καὶ
2268 935 2589 1017 ἡσυχάξων;
2622 946 2790 1000 Τοῦτο
2822 948 2928 1017 γὰρ
2961 946 3195 1015 παρίστη
3237 942 3493 1005 πολλάκις
3523 940 3713 1006 εἰπὼν,

2149 1037 2268 1089 τότε
2299 1037 2516 1090 ἔσεσθαι
2564 1038 2723 1091 αὐτὸν
2744 1039 2820 1101 ὡς
2852 1036 3225 1106 καὶπρότερον
3265 1029 3331 1104 ἦν
3357 1049 3372 1063 ’
3396 1028 3547 1103 ἧνρδὲ
3579 1028 3715 1101 πρό-

2149 1128 2325 1198 τερον,
2359 1128 2435 1192 ὡς
2462 1129 2621 1191 αὐτὸς
2654 1128 2779 1199 ἔφη,
2803 1129 2861 1181 ὲν
2898 1125 3111 1197 ἡσυχίᾳ.
3157 1123 3366 1178 Οὐκοῦν
3402 1120 3715 1192 ἀποσιωπήνξ

2151 1233 2235 1269 σει
2262 1217 2383 1271 τότε
2413 1220 2441 1270 ό
2477 1217 2631 1280 Θεὸς,
2682 1218 2790 1289 πρὸ
2819 1217 3006 1270 τούτου
3038 1215 3136 1286 μὲν
3170 1214 3366 1277 λαλῶν,
3395 1214 3487 1266 καὶ
3508 1211 3585 1282 τῷ
3613 1210 3714 1263 Λό-

2150 1325 2233 1379 γῳ
2258 1295 2539 1379 χρώμενος
2566 1308 2792 1379 ἐνεργῷ,
2820 1308 2942 1362 τότε
2995 1308 3052 1360 δὲ
3090 1307 3209 1360 κατ’
3255 1305 3422 1374 αὐτὴν
3470 1292 3579 1375 (15)
3613 1302 3713 1372 τὴν

2150 1398 2561 1469 ἐπηγγελμένην
2589 1397 2858 1467 βασιλείαν
2888 1397 3129 1467 οὐρανῶν
3164 1396 3258 1449 τοῦ
3295 1396 3495 1449 οἰκείου
3538 1394 3711 1461 Λόγου

2151 1488 2244 1542 καὶ
2272 1489 2370 1557 τῆς
2392 1489 2451 1540 ἐν
2489 1488 2636 1559 αὐτῷ
2659 1488 2845 1557 σοφίας
2880 1487 3195 1557 ἀποστερῶν
3216 1488 3341 1549 τοὺς
3370 1485 3554 1554 ἁγίους
3601 1483 3719 1553 (16)

2149 1578 2334 1633 αὐτοῦ.
2394 1580 2554 1650 Ὁρᾷς
2607 1582 2687 1643 εὶς
2734 1576 2844 1634 οἷον
2896 1580 3180 1652 κεχώρηκε
3228 1579 3470 1650 κρημνὸν
3527 1576 3715 1647 μηδενὶ

2150 1668 2473 1739 χειραγωγῷ
2525 1670 2886 1740 χρησάμενος,
2923 1670 3056 1741 μηδὲ
3086 1672 3206 1731 ταῖς
3240 1667 3408 1730 θείαις
3449 1666 3715 1737 Γραφαῖς.

2153 1757 2336 1815 Ταῦτα
2360 1759 2490 1827 γοῦν
2518 1760 2693 1815 πάντα
2723 1759 2829 1814 ἀπὸ
2865 1762 2991 1831 μιᾶς
3015 1759 3221 1830 φωνῆς,
3250 1758 3317 1827 ἢν
3345 1757 3418 1829 μὴ
3439 1755 3715 1826 νενόηκεν,

2150 1850 2325 1920 ἐαυτῷ
2350 1850 2657 1920 συνέθηκεν.
2678 1852 2884 1905 Αὐτίκα
2905 1853 3157 1923 χωρήσας
3176 1851 3268 1902 ἐπὶ
3290 1849 3386 1911 τὰς
3418 1845 3715 1912 ἀποδείξεις

2150 1941 2248 2011 τῆς
2275 1940 2417 2005 Νέας
2472 1942 2567 1994 καὶ
2607 1942 2815 2011 Καινῆς
2875 1942 3167 2012 Διαθήκης,
3224 1939 3558 2009 πανταχόθεν
3615 1936 3715 2008 μὲν

2149 2032 2411 2102 ἠλαύνετο
2462 2032 2990 2104 στενοχωρούμενοςο
3045 2033 3172 2103 μίαν
3223 2032 3281 2085 δὲ
3331 2031 3498 2101 μόνην
3541 2027 3715 2099 εὑρὼν

2148 2121 2291 2187 λέξιν
2311 2126 2376 2193 τῇ
2408 2122 2574 2176 αὐτοῦ
2606 2122 3047 2194 συμϐαλλομένην
3073 2120 3377 2191 κακοδοξίᾳ,
3406 2119 3593 2189 ὥσπερ
3611 2118 3718 2170 τινὶ

2150 2213 2454 2283 περιτυχὼν
2511 2214 2755 2285 ὲρμαίῳ,
2808 2214 2983 2285 ταύτῃ
3036 2214 3173 2284 μόνῃ
3223 2211 3550 2282 συνεπλάκη,
3608 2208 3716 2261 οὐδ’

2150 2306 2285 2376 αὐτῇ
2322 2306 2385 2357 ὲκ
2405 2304 2695 2376 προσώπου
2714 2304 2808 2358 τοῦ
2837 2306 3087 2376 Σωτῆρος
3116 2303 3272 2374 ήμῶν
3286 2302 3571 2375 εἰρημένῃ,
3598 2300 3721 2353 ἀλλ’-

2150 2397 2213 2449 ὲκ
2238 2393 2527 2466 προσώπου
2555 2394 2647 2449 τοῦ
2677 2394 3088 2464 εὐαγγελιστοῦσ
3115 2395 3179 2447 δι’
3212 2390 3279 2466 ἧς
3308 2392 3469 2446 αὐτὸν
3498 2392 3716 2462 ὠνόμα-

2153 2503 2265 2550 σεν,
2309 2487 2405 2538 Ἐν
2432 2485 2593 2555 ἀρχῇ
2616 2482 2694 2557 ἦν
2726 2489 2759 2541 ό
2792 2488 3002 2556 Λόγος,
3033 2488 3222 2547 εἰπων,
3246 2484 3346 2537 καὶ
3370 2487 3403 2539 ό
3424 2486 3615 2553 Λόγος
3637 2479 3718 2552 ἦν

2151 2576 2301 2645 πρὸς
2323 2575 2431 2630 τὸν
2454 2577 2622 2641 Θεὸν,
2672 2576 2770 2630 καὶ
2797 2576 2941 2630 Gedr-
2971 2572 3049 2645 ἦν
3068 2578 3100 2629 ό
3144 2576 3325 2643 Λόγος
3350 2592 3364 2604 θ
3405 2573 3554 2627 ἔνθεν
3587 2573 3716 2641 γοῦν

2147 2665 2427 2736 ὁρμηθεὶς,
2462 2666 2537 2730 ὡς
2573 2665 2736 2737 μηδὲν
2769 2666 2895 2718 ὄντα
2917 2666 3102 2735 ἕτερον
3139 2665 3172 2735 ἦ
3205 2665 3381 2732 λόγον,
3411 2665 3594 2734 ὅμοιον
3636 2663 3716 2733 τῷ

2150 2760 2277 2827 παρ’
2297 2759 2427 2828 ἡμῖν
2458 2757 2804 2828 ὲγνωσμένῳ,
2831 2756 2921 2810 τὸν
2952 2756 3079 2809 Υίὸν
3109 2757 3397 2827 ἠρνήσατο.

479 2850 569 2903 ubi
616 2864 676 2904 se
712 2852 777 2903 ad
829 2851 1318 2905 demonstrationes
1356 2848 1707 2919 applicuerat,
1755 2850 1819 2903 de
1845 2847 2191 2906 Testamento
2230 2849 2409 2906 Veteri
2451 2861 2613 2921 atque
2655 2850 2845 2906 Novo:
2911 2852 3257 2921 nndiquaque
3286 2860 3431 2906 certe
3466 2849 3719 2920 impelle-

478 2942 665 3007 batur,
703 2942 754 2994 in
781 2943 1059 3009 angustias
1093 2941 1501 3008 conﬁciebatur,
1525 2957 1684 2995 unam
1712 2957 1837 2997 vero
1859 2943 2104 2998 voeulam
2130 2945 2215 2998 vix
2258 2945 2472 2999 tandem
2500 2946 2723 3013 reperit,
2759 2930 2817 3007 ἦέ
2837 2957 2956 3012 quae
2980 2944 3145 3013 ipsius
3172 2942 3438 2997 haeretica:
3474 2940 3717 3011 οι)ίηίοηὶ

482 3031 666 3085 favere
718 3031 829 3084 visa
885 3042 993 3090 est.
1031 3032 1159 3086 huic
1205 3033 1293 3085 uni
1345 3041 1598 3100 tanquam
1639 3047 1761 3087 cum
1817 3034 1960 3088 bono
2006 3034 2114 3089 Deo
2164 3036 2452 3090 adinvento
2488 3034 2817 3090 adminiculo
2871 3049 2931 3090 se
2967 3033 3243 3104 applicuit.
3274 3032 3386 3088 Nec
3422 3043 3542 3088 erat
3590 3031 3715 3100 qui-

479 3120 600 3173 dem
664 3119 899 3185 illud,de
928 3136 1157 3190 persona
1194 3122 1504 3178 Servatoris
1530 3126 1700 3179 nostri
1724 3125 1920 3179 dictum
1948 3136 2294 3195 usurpatum,
2337 3127 2431 3181 sed
2462 3126 2822 3197 evangelista.
2856 3126 2987 3180 Nam
3014 3126 3063 3179 is
3100 3141 3227 3180 eum
3265 3125 3336 3178 ita
3369 3124 3620 3193 appellat,
3647 3122 3715 3177 In

477 3207 738 3275 principio
782 3219 895 3262 erat
936 3209 1180 3276 Verbum,
1232 3212 1504 3279 inquiens,
1535 3223 1583 3267 et
1618 3213 1839 3269 Verbum
1870 3227 1980 3270 erat
2006 3221 2145 3286 apud
2164 3217 2354 3281 Deum,
2387 3227 2433 3270 et
2468 3217 2609 3272 Deus
2630 3229 2741 3273 erat
2766 3217 2993 3272 Verbum
3011 3218 3079 3271 3’.
3123 3217 3260 3271 Hinc
3307 3216 3396 3271 ille
3441 3216 3718 3286 prolectus

477 3296 675 3354 Filium
715 3298 1030 3368 planissime
1058 3306 1379 3372 pernegavit
1427 3314 1681 3374 tanquam
1710 3308 1803 3376 qui
1837 3307 1988 3376 prius
2033 3307 2168 3361 nihil
2194 3307 2339 3362 aliud
2366 3317 2503 3374 erat,
2532 3324 2694 3379 quam
2729 3310 2951 3365 verbum
2992 3308 3325 3373 simillimum
3352 3307 3477 3363 huic
3504 3316 3716 3366 nostro.

1109 3396 1259 3451 CAP.
1304 3396 1373 3451 X.

481 3485 640 3551 Quod
662 3501 767 3541 non
796 3495 931 3541 recte
963 3488 1095 3555 cepit
1138 3487 1271 3609 illud
1298 3501 1316 3539 :
1349 3506 1366 3539 ι
1394 3487 1459 3543 In
1479 3491 1737 3561 principia
1764 3500 1876 3547 erat
1916 3492 2047 3547 Ver-

1177 3574 1287 3609 um.
1304 3576 1323 3609 ι

470 3680 471 3683 η
549 3646 838 3703 Enimvero
892 3662 997 3702 non
1050 3647 1221 3711 solum
1270 3649 1440 3705 solius
1470 3651 1631 3707 Verbi
1660 3653 1876 3709 nomine
1899 3669 2047 3709 com-

478 3737 702 3805 pellavit
751 3755 978 3809 magnus
1012 3747 1068 3795 et
1101 3740 1316 3795 divinus
1367 3743 1717 3812 evangelista,
1758 3743 1900 3813 quod
1938 3745 2046 3813 iam

481 3826 680 3893 sacpius
714 3842 743 3879 a
770 3828 923 3882 nobis
950 3829 1155 3882 dictum
1186 3837 1291 3894 est,
1319 3829 1411 3884 sed
1452 3832 1641 3896 Deum,
1669 3841 1723 3886 et
1738 3832 1958 3899 Lucem,
1994 3845 2049 3890 et

477 3913 708 3979 Filium,
738 3924 790 3967 et
844 3914 1189 3983 Unigenitum
1229 3919 1576 3985 :quiuetiam
1622 3922 1770 3975 illum
1810 3923 2045 3993 seipsum

481 3997 855 4062 Servatorem,
900 4000 1120 4053 verbum
1165 4009 1343 4056 autem
1393 4005 1560 4060 solius
1605 4006 1900 4077 Scriptura:
1948 4024 2049 4064 ne»

480 4101 753 4156 quaquam
784 4087 1081 4156 appellasse
1109 4093 1389 4159 perhibet;
1424 4108 1519 4162 per
1547 4095 1855 4151 universum
1886 4114 2048 4168 porro

480 4180 833 4249 Evangelium
874 4182 1174 4259 vitamket
1232 4186 1431 4252 lucem,
1489 4195 1544 4241 et
1599 4190 1958 4258 unigenitum,
1993 4201 2049 4243 et

478 4270 681 4325 Filium
734 4272 847 4339 Dei,
896 4283 965 4353 et‘
1001 4275 1307 4342 veritatem,
1353 4287 1409 4332 et
1460 4280 1944 4345 resurrectionem;
1993 4290 2047 4335 et

478 4376 672 4430 panem
696 4365 842 4435 vitm,
872 4373 927 4418 et
957 4366 1145 4430 vitem,
1178 4375 1235 4422 et
1283 4379 1579 4435 pastorem,
1632 4378 1687 4423 et
1733 4371 2047 4427 innumeras

479 4450 614 4506 alias
641 4454 1078 4509 nomenclaturas
1112 4463 1171 4509 ut
1218 4456 1271 4509 in
1311 4456 1740 4526 praecedentibus
1769 4444 2045 4514 ostensum

477 4549 581 4596 est.
623 4541 761 4608 Quid
788 4559 966 4599 causa:
995 4544 1182 4608 fuerit,
1212 4553 1270 4597 ut
1312 4561 1434 4599 cum
1467 4554 1546 4600 tot
1587 4549 1699 4602 sint
1723 4558 1778 4603 et
1808 4549 1964 4616 tales,
1994 4552 2044 4605 in

478 4630 625 4683 nulla
677 4631 782 4685 alia
837 4632 1141 4687 substiterit
1174 4631 1433 4698 dictione,
1475 4634 1571 4687 sed
1632 4649 1732 4690 nec
1784 4638 2046 4693 curiosius

2804 3403 2963 3457 ΚΕΦ.
3004 3405 3062 3456 I'.

2151 3516 2270 3570 Ὅτι
2297 3516 2384 3586 μὴ
2403 3515 2589 3585 ὀρθῶς
2611 3517 2853 3582 ἐδέξατο
2883 3519 2951 3571 τό
2972 3534 3015 3568 ἰ
3041 3516 3136 3569 Ἐν
3149 3515 3305 3584 ἀρχῇ
3320 3512 3447 3585 ἦνό
3467 3518 3715 3584 Λόγος.)

2218 3652 2409 3705 Καίτοι
2453 3651 2514 3704 οὐ
2544 3651 2713 3719 Λόγον
2749 3652 2908 3721 μόνον
2942 3650 3103 3713 αὐτὸς
3135 3651 3164 3702 ό
3218 3649 3393 3717 μέγας
3431 3649 3524 3700 καὶ
3572 3643 3715 3709 θεῖος

2148 3739 2535 3811 εὐαγγελιστὴς
2569 3741 2855 3811 κέκληκεν,
2905 3739 2981 3803 ὡς
3015 3738 3273 3801 πολλάκις
3307 3740 3437 3809 ἡμῖν
3478 3737 3713 3808 εἴρηται,

2147 3831 2284 3884 ἀλλά
2330 3832 2421 3884 καὶ
2453 3832 2605 3888 Θεὸν.
2638 3832 2732 3883 κα).
2764 3832 2903 3896 Φῶς,
2940 3831 3034 3884 καὶ
3064 3831 3211 3894 Υἱὸν,
3258 3831 3353 3883 καὶ
3396 3826 3711 3899 Μονογενῆ’

2149 3922 2312 3975 αὐτόν
2344 3939 2402 3973 τε
2441 3922 2530 3975 τὸν
2578 3923 2805 3993 Σωτῆρα
2854 3924 3058 3994 ἱστορεῖ
3113 3922 3301 3975 ἑαυτὸν
3341 3919 3721 3975 ἀποκαλοῦντα

2148 4009 2304 4078 λόγον
2333 4010 2432 4080 μὲν
2460 4009 2697 4079 οὐδαμοῦ
2725 4011 2824 4080 τῆς
2850 4011 3091 4081 Γραφῆς,
3126 4012 3192 4064 δι’
3216 4011 3335 4064 ὅλου
3356 4011 3412 4063 δὲ
3430 4010 3523 4063 τοῦ
3547 4011 3718 4078 Εὐαγ-

2149 4100 2330 4169 γελίου
2358 4101 2502 4170 ζωὴν
2526 4103 2616 4154 καὶ
2647 4101 2780 4169 φῶς,
2811 4103 2905 4155 καὶ
2943 4104 3239 4173 Μονογενῆ,
3272 4105 3364 4156 καὶ
3398 4103 3525 4155 Υἰὸν
3556 4102 3714 4168 Θεοῦ,

2153 4192 2241 4246 καὶ
2267 4191 2544 4261 ἀλήθειαν,
2587 4193 2681 4245 καὶ
2705 4193 3019 4256 ἀνάστασιν,
3058 4196 3151 4247 καὶ
3202 4195 3362 4265 ἄρτον
3409 4194 3574 4265 ζωῆς,
3621 4197 3716 4248 κα).

2149 4278 2412 4350 ἄμπελον,
2446 4284 2538 4335 καὶ
2558 4284 2813 4353 ποιμένα,
2849 4287 2943 4337 καὶ
2979 4286 3146 4354 μυρία
3187 4286 3374 4355 ἕτερα,
3397 4285 3584 4357 ὥσπερ
3622 4283 3716 4339 οὖν

2148 4372 2248 4441 ἤδη
2293 4371 2681 4442 προδέδεικται.
2715 4374 2779 4425 Τί
2828 4374 2892 4445 δή
2937 4378 3053 4428 ποτ’
3088 4371 3180 4428 οὖν
3222 4375 3490 4429 τοσούτων
3523 4377 3712 4443 ὄντων,

2149 4462 2240 4513 ἐπὶ
2276 4462 2375 4531 μὲν
2408 4461 2514 4515 τῶν
2561 4463 2759 4515 λοιπῶν
2796 4466 3050 4519 ἁπάντων
3098 4467 3195 4537 οὐχ
3227 4467 3436 4520 ἵσταται
3484 4467 3598 4537 (18)
3620 4469 3714 4520 ἐπὶ

2148 4549 2247 4619 τῆς
2279 4549 2497 4615 λέξεως,
2526 4551 2623 4622 τὴν
2671 4552 2728 4606 δὲ
2775 4553 2881 4607 τῶν
2914 4554 3218 4623 λεγομένων
3264 4554 3499 4608 διάνοιαν
3553 4556 3716 4608 πολυ-

2150 4642 2476 4708 πραγμονεῖ,
2499 4640 2593 4692 ἐπὶ
2628 4640 2684 4693 δὲ
2716 4643 2877 4712 μόνου
2906 4644 2998 4695 τοῦ
3042 4644 3215 4710 Λόγου
3247 4643 3713 4713 κυριολεκτεῖσθαι

478 4721 770 4776 verborum
811 4738 1029 4777 sensum
1077 4731 1310 4793 satagat,
1342 4725 1436 4778 sed
1470 4725 1637 4780 solius
1670 4726 1830 4781 Verbi
1858 4742 2042 4783 vocem

2150 4728 2305 4781 αὐτόν
2325 4747 2509 4799 φησιν,
2536 4732 2610 4794 ὠς
2633 4734 2784 4786 οὐδὲν
2826 4734 2957 4788 ὄντα
2989 4734 3173 4804 ἓτερον
3196 4734 3234 4803 ἦ
3262 4734 3466 4800 Λόγον;
3508 4735 3714 4804 Γράφει

483 4814 702 4878 proprie
751 4813 819 4866 de
873 4812 966 4868 illo
1014 4813 1215 4867 dixerit
1272 4822 1608 4883 usurpatam,
1638 4817 1792 4884 quasi
1844 4827 2042 4886 praeter

476 4897 715 4955 Verbum
749 4902 850 4956 hoc
872 4902 1014 4955 nihil
1055 4900 1196 4955 foret
1247 4901 1412 4956 aliud.
1446 4902 1647 4959 Scribit
1698 4914 1878 4960 autem
1910 4906 2029 4961 toti-

477 4989 597 5043 dem
634 4992 816 5047 verbis
844 5009 858 5043 :
892 4990 981 5064 [Β.
1011 4992 1157 5065 XL.]’
1191 5011 1209 5043 ι
1236 4991 1352 5047 Νοιι
1407 4994 1623 5063 quidem
1652 4996 2041 5053 catachrestice

479 5099 499 5131 ι
548 5082 858 5139 nominatus
900 5084 990 5139 ille
1057 5083 1309 5149 Verbum,
1338 5095 1658 5154 rumpantur
1711 5087 1836 5142 licet
1889 5104 2040 5142 men—

484 5188 503 5220 ι
556 5171 755 5237 tiendo,
788 5175 878 5241 qui
910 5173 1122 5228 diversa
1156 5176 1372 5239 docent,
1406 5176 1498 5229 sed
1532 5189 1656 5231 vere
1705 5186 1865 5247 atque
1916 5194 2043 5245 pro-

556 5268 614 5324 >3
654 5262 994 5337 Equaris”
1028 5281 1148 5336 pag.
1193 5267 1312 5320 116.

551 5355 596 5416 5⁸
623 5353 813 5409 Matth.
846 5372 972 5423 xxv,
1002 5359 1090 5413 54.
1167 5360 1211 5389 ⁸⁸
1242 5358 1395 5413 .loan.
1417 5376 1454 5424 ι,
1482 5361 1536 5413 1.

545 5447 658 5521 (l5)
684 5446 853 5521 Y‘ulgo
877 5465 987 5505 om.
1016 5452 1135 5521 τήν.

551 5518 664 5589 (16)
692 5516 863 5589 _V_ulgo
890 5516 1088 5573 αὐτῶν.

549 5588 662 5655 (Π)
692 5586 865 5655 Vulgo
888 5590 1038 5643 deest
1075 5586 1191 5645 τοῦ.

550 5614 593 5642 tt
619 5614 634 5640 ι
701 5614 723 5639 v
740 5614 865 5655 ungo
888 5614 1038 5643 uccat
1075 5614 1191 5645 'wu.

550 5614 662 5730 118)
697 5657 821 5713 Ἐπὶ
846 5657 956 5726 τῆς
978 5656 1219 5724 λέξεως.
1244 5659 1422 5727 Forte,
1446 5662 1578 5732 μηδὲ
1596 5662 1693 5733 τὴ)
1723 5661 1883 5728 λέξιν,
1906 5665 2039 5735 μηδι.

2146 4818 2191 4868 δ’
2241 4815 2333 4873 οὖν
2372 4822 2553 4885 αὐτοῖς
2602 4824 2808 4893 ῥήμασι
2830 4825 3035 4892 λέγων·
3063 4843 3081 4874 ι
3132 4825 3207 4875 Οὐ
3262 4823 3714 4894 καταχρηστικῶς

2153 4924 2170 4957 ι
2204 4909 2524 4979 ὁνομασθεὶς
2555 4912 2759 4982 εΛόγος,
2790 4912 2889 4966 κᾶν
2925 4911 3287 4983 διαρραγῶσιν
3321 4915 3369 4964 οἱ
3414 4912 3713 4982 ιτεροδιδα-

2156 5018 2173 5050 ι
2206 5000 2526 5065 σκαλοῦντες
2566 5003 2899 5073 ψευδόμενοι,
2932 5002 3069 5056 ἀλλὰ
3100 5003 3304 5073 κυρίως
3346 5019 3407 5054 τε
3445 5001 3717 5071 καὶοάληο

2156 5111 2174 5143 ι
2213 5092 2319 5156 θῶς
2356 5093 2614 5164 ὑπάρχων
2641 5095 2831 5163 Λόγος.
2870 5115 2888 5146 ι
2928 5095 3037 5147 Καὶ
3095 5094 3255 5148 πάλιν
3277 5110 3290 5123 ·
3326 5111 3345 5143 ο
3378 5092 3729 5146 Μανθανέτωτ

2158 5202 2176 5235 ι
2212 5185 2388 5239 τοίνυν
2421 5187 2554 5243 Θεοῦ
2588 5190 2757 5256 Λόγον
2788 5187 2899 5262 (19)
2931 5186 3263 5258 ἐληλυθέναι,
3318 5186 3376 5237 οὐ
3411 5185 3580 5253 Λόγον
3612 5203 3713 5238 καη

2154 5456 2413 5529 τὴνητῶν
2446 5467 2499 5511 et
2532 5474 2690 5513 voces
2712 5470 2763 5514 et
2798 5461 3092 5529 signiﬁcata
3119 5450 3320 5515 omisit.
3356 5460 3426 5515 Μ.

2220 5533 2237 5593 (
2249 5527 2334 5595 19)
2357 5528 2780 5603 -Ἕληλυθέφήαμ
2814 5527 2952 5585 Ante
2985 5529 3419 5603 κατεληλυθέναι.
3451 5530 3581 5603 Qum
3632 5531 3710 5603 di-

2147 5605 2324 5685 sputat
2356 5597 2407 5648 in
2443 5602 2810 5685 SSTletllibllS,
2846 5613 2969 5682 sunt
2996 5597 3224 5682 .crautbe
3261 5601 3343 5685 hiis
3392 5602 3585 5685 posita,
3621 5602 3709 5652 οὐ·

2146 5664 2433 5735 δὲνὲτερον
2467 5664 2687 5737 ἧζωήν,
2725 5687 2845 5724 natu
2875 5673 2946 5724 ila
2994 5671 3046 5724 iu
3092 5664 3540 5740 pra-cedentibus,
3574 5681 3705 5733 lum,
