4158 6390
335 376 436 433 921

1279 372 1367 428 DE
1408 373 1942 430 ECCLESIASTICA
1983 374 2384 435 TIIEOI.OGIA
2425 379 2552 435 LIB.
2600 382 2663 439 ll.

3499 377 3604 450 νέξ

358 512 377 543 ι
409 490 789 562 ταχρηστικῶς
834 489 1223 562 ὀνομασθέντα,
1261 492 1336 555 ὡς
1378 493 1530 546 αὐτοί
1575 511 1757 577 φασιν,
1809 494 1904 548 ἀλλ

2034 513 2052 544 ‹
2098 497 2222 590 prie
2246 497 2478 590 Verbum
2507 502 2739 590 exsistit.
2779 520 2799 554 ι
2828 502 2896 557 Ει
2945 504 3142 562 iterum
3169 524 3185 561 :
3210 507 3301 582 [R.
3332 510 3600 590 XXXIX]

349 602 371 633 ι
407 582 579 653 ἀληθῆ
609 584 736 635 ὸντα
765 582 955 650 Λόγον.
984 601 1002 633 ι
1040 583 1150 636 Καὶ
1179 578 1361 646 αὖθις*
1413 603 1430 634 ι
1460 585 1729 656 Πρότερον
1750 626 1765 650 ,
1794 587 1919 651 ξῶσ-

345 695 451 747 περ
480 677 734 740 πολλάκις
774 677 930 748 ἔφην,
973 677 1124 730 οὐδὲν
1149 676 1335 748 ἕτερον
1387 674 1455 747 ἦν
1484 678 1516 748 ἢ
1549 680 1785 748 Λόγος-ι
1823 682 1917 734 καὶ

340 768 500 822 πάλιν
521 785 594 819 σοι
636 768 749 839 Πρὸ
778 768 873 821 τοῦ
916 767 1219 831 κατελθεῖν,
1254 770 1348 822 καὶ
1372 768 1461 839 διᾲ
1506 769 1607 840 τῆς
1639 771 1915 843 Παρθένου

345 878 364 909 ι
402 861 678 933 τεχθῆναι,
721 860 892 930 Λόγος
930 856 997 931 ἦν
1052 861 1248 931 μόνον’
1307 863 1429 915 ἐπεὶ
1485 863 1536 914 τί
1586 862 1773 934 ἕτερον
1823 859 1913 933 ἦν,

346 969 366 1001 ι
411 951 516 1022 πρὸ
538 951 630 1004 τοῦ
657 951 755 1021 τὴν
785 951 1133 1023 ἀνθρωπίνην
1163 952 1454 1008 ἀναλαϐεῖν
1488 954 1666 1025 σάρκα
1697 955 1759 1007 τὸ
1786 972 1917 1009 κατ-

345 1059 373 1095 ι
395 1041 545 1095 ελθὸν
581 1042 667 1095 ἐπ’
688 1041 931 1112 ἐσχάτων
960 1041 1067 1095 τῶν
1094 1043 1337 1115 ἡμερῶν,
1372 1044 1448 1108 ὡς
1463 1046 1556 1100 καὶ
1574 1046 1733 1111 αὐτὸς
1750 1047 1915 1119 ἔγρα-

348 1151 371 1185 ι
405 1149 505 1201 cpe;
532 1132 640 1184 Καὶ
677 1131 737 1183 τὸ
768 1131 1023 1201 γεννηθὲν
1046 1134 1111 1185 ἐκ
1140 1134 1237 1204 τῆς
1279 1135 1558 1207 Παρθένου
1584 1126 1587 1129 ’
1612 1136 1764 1190 οὐδὲν
1791 1136 1912 1190 ἓτε-

345 1241 365 1274 ι
399 1240 488 1294 ρον
520 1218 587 1294 ἦν
621 1221 868 1291 ἢΛόγος.
916 1241 934 1271 ι
964 1222 1148 1275 Ταῦτα
1181 1225 1484 1295 Μαρκέλλῳ
1504 1224 1712 1294 λέγοντι
1750 1224 1816 1299 ἦν
1845 1229 1913 1282 ἂν

336 1315 544 1371 δίκαιον
600 1313 802 1367 τοιανδὶ
857 1315 1227 1383 προσαγαγεῖν
1288 1313 1500 1369 πεῦσιν.
1562 1316 1671 1368 Καὶ
1747 1317 1912 1371 πόθεν

335 1408 489 1477 ἡμῖν,
519 1398 564 1458 ὧ
589 1399 763 1469 οὗτος,
787 1404 848 1457 τὸ
878 1402 1059 1458 οὐδὲν
1088 1404 1293 1472 ἕτερον
1317 1404 1428 1474 (20)
1463 1394 1779 1479 προστίθῃς,
1819 1411 1912 1463 καὶ

334 1496 398 1552 τὸ
413 1496 608 1564 μόνον
624 1511 643 1560 ;
669 1495 743 1548 Τὸ
770 1495 868 1565 μὲν
889 1494 1016 1567 γὰρ,
1046 1495 1148 1548 Ἐν
1174 1493 1333 1563 ἀρχῇ
1359 1491 1437 1564 ἦν
1457 1499 1489 1548 ό
1517 1498 1726 1566 Λόγος,
1757 1500 1914 1570 ἀκρι-

339 1586 449 1648 ϐῶς
480 1585 751 1656 ἔγνωμενι
807 1585 902 1637 καὶ
942 1585 1002 1636 οὐ
1051 1584 1232 1654 μόνον,
1255 1583 1389 1637 ἀλλά
1410 1585 1494 1651 τί,
1518 1586 1626 1639 Καὶ
1661 1586 1805 1653 Θεὸς
1834 1584 1912 1657 ἦν

341 1679 374 1729 ὀ
400 1676 609 1745 Λόγος,
647 1674 741 1728 καὶ
776 1673 903 1742 φῶς
934 1669 1012 1743 ἦν
1054 1673 1121 1726 τὸ
1165 1672 1415 1742 φωτίζον
1457 1674 1653 1728 πάντα
1689 1674 1911 1744 ἄνθρω-

331 1779 452 1820 πον
487 1765 637 1839 [(21)
662 1766 989 1835 ἐρχόμενον
1016 1768 1103 1831 εὶς
1135 1767 1242 1821 τόν
1278 1767 1554 1839 κόσμον1,
1596 1768 1691 1823 καὶ
1719 1785 1906 1837 μονο-

2026 603 2045 634 σ
2093 586 2282 640 Discat
2331 586 2532 644 idcirco
2574 589 2671 644 Del
2716 592 2949 648 Verbum
2982 598 3288 667 advenisse,
3324 617 3429 658 non
3468 586 3602 663 Ver;

2006 694 2042 725 ι(
2096 677 2222 730 bum
2255 678 2473 746 quidem
2509 682 2910 739 catachrestice
2952 686 3395 759 denominatum,
3424 706 3483 751 ut

2023 782 2043 815 ι
2093 767 2264 831 aiunt,
2298 768 2395 822 sed
2430 769 2664 826 Verbum
2699 775 2984 832 verissime
3014 780 3300 837 exsistens.
3334 803 3354 837 ι
3393 785 3463 841 Ει
3492 789 3594 846 ite-

2016 873 2163 911 rum.
2190 857 2281 930 [IL
2315 859 2452 914 XLII
2487 863 2613 918 coll.
2641 879 2695 929 ι).
2729 866 2800 921 55
2827 867 2892 940 Β]
2948 887 2968 921 ι
3002 870 3071 926 Ut
3093 873 3203 939 jam
3225 877 3422 944 smpius
3446 895 3476 933 a
3506 897 3595 937 me

2019 966 2039 999 ι
2085 951 2318 1017 positum
2358 960 2463 1017 est,
2498 953 2634 1008 nihil
2687 966 2806 1011 erat
2833 958 2976 1014 aliud
2999 963 3441 1030 quam'Verbum.
3476 990 3497 1023 ι
3527 973 3593 1028 Et

2016 1053 2254 1095 rursus:
2291 1060 2309 1092 ι
2342 1041 2666 1132 Priusquam
2721 1049 3093 1118 descenderet,
3153 1064 3208 1110 et
3261 1060 3327 1112 de
3371 1060 3592 1132 Virgine

2021 1148 2041 1181 ι
2089 1141 2431 1195 nasceretur,
2470 1131 2706 1190 Verbum
2739 1148 2857 1192 erat
2900 1141 3074 1195 solum
3112 1158 3128 1195 :
3159 1160 3282 1199 nam
3333 1150 3461 1218 quid
3479 1131 3591 1207 lilio

2019 1238 2041 1281 ι
2088 1220 2232 1287 aliud
2282 1232 2514 1292 poterat,
2573 1226 2894 1296 priusquam
2945 1244 3248 1289 assumeret
3296 1237 3587 1296 humanam

2020 1329 2041 1361 ι
2086 1327 2333 1377 carnem,
2359 1315 2451 1383 qui
2480 1315 2762 1371 descendit
2792 1320 2859 1374 ad
2901 1336 3001 1376 nos
3042 1322 3097 1377 in
3131 1325 3442 1384 novissimis
3470 1331 3588 1386 die-

2018 1419 2038 1452 ι
2084 1401 2203 1468 bus,
2228 1420 2246 1454 ι
2267 1412 2324 1456 ιιι
2347 1404 2459 1473 ipse
2502 1404 2780 1474 loquitur?
2802 1409 2887 1474 Et,
2911 1428 2929 1460 ι
2949 1411 3080 1468 Illud
3109 1420 3250 1483 quod
3274 1419 3340 1474 de
3368 1420 3588 1491 Virgine

2019 1511 2038 1543 ι
2088 1494 2437 1560 nascebatur,
2486 1496 2620 1551 nihil
2672 1509 2793 1554 erat
2842 1511 3040 1569 praeter
3095 1503 3347 1564 Verbum.
3379 1528 3400 1561 ι
3461 1498 3587 1568 Haec

2011 1584 2302 1640 aﬂirmanti
2335 1585 2611 1655 Marcello,
2651 1590 2813 1646 talem
2845 1595 3135 1661 quamdam
3162 1599 3595 1672 interrogatum-

2010 1676 2185 1730 culam
2213 1690 2513 1746 proponere
2544 1693 2650 1733 non
2674 1681 2968 1737 absurdum
3002 1683 3194 1739 fuerit:
3218 1686 3286 1741 Et
3313 1692 3584 1746 undenain

2012 1769 2203 1832 nobis,
2258 1785 2291 1825 ο
2325 1771 2467 1826 bone
2524 1776 2583 1834 ὦ
2619 1780 2698 1839 tu,
2757 1773 2860 1828 hoc
2916 1774 3091 1844 ipsum
3141 1778 3271 1831 nihil
3326 1780 3474 1835 aliud
3525 1794 3586 1838 et

332 1857 515 1928 γενὴς
536 1854 615 1929 ἦν
638 1857 784 1923 Υἱὸς,
837 1859 929 1911 καὶ
951 1859 1050 1911 ὅσα
1086 1857 1431 1912 κατείλεκται
1455 1858 1652 1930 ἓτερα;
1691 1860 1811 1913 ’Ότι
1850 1858 1904 1913 δὲ

2009 1855 2177 1933 solum
2206 1862 2502 1931 proponis?
2534 1862 2663 1917 Illud
2698 1871 2846 1919 certe
2876 1885 2889 1920 :
2917 1864 2987 1920 In
3007 1868 3267 1936 principio
3300 1881 3414 1925 erat
3454 1871 3589 1929 Ver-

330 1949 519 2019 Λόγος
542 1944 608 2021 ἦν
633 1950 846 2018 μόνον,
876 1949 971 2002 καὶ
1009 1949 1162 2002 οὐδὲν
1195 1949 1379 2020 ἕτερον
1404 1949 1438 2020 ἢ
1468 1950 1677 2018 Λόγος,
1716 1950 1815 2002 οὐκ
1839 1949 1905 2003 ἂν

329 2038 444 2108 ἔχοι
476 2056 559 2103 τις
583 2040 870 2109 εἰρημένον
895 2039 1192 2104 ἀποδεῖξαι.
1224 2040 1394 2092 Πόθεν
1414 2035 1507 2092 οὖν
1540 2040 1601 2092 τὸ
1621 2040 1719 2109 τῆς
1734 2034 1920 2112 προσ-’

333 2128 512 2202 θήκης
534 2128 828 2199 mittique;
866 2129 963 2182 Διά
991 2130 1042 2181 τί
1068 2129 1177 2203 γάρ
1199 2130 1319 2200 οὐχὶ
1349 2128 1549 2200 μᾶλλον
1586 2129 1713 2182 Υἱὸν
1741 2129 1806 2183 ἄν
1821 2147 1904 2193 τις

330 2220 476 2281 εἴποι
502 2221 665 2273 αὐτὸν
713 2221 893 2291 μόνον,
944 2221 1037 2272 καὶ
1063 2220 1213 2273 οὐδὲν
1240 2221 1425 2291 ἕτερον
1452 2221 1484 2290 ἢ
1515 2220 1673 2286 Υἱόν;
1724 2221 1821 2274 Διά
1851 2221 1909 2277 τί

328 2314 388 2367 δὲ
419 2316 480 2368 οὐ
515 2314 650 2368 Θεὸν
678 2315 772 2367 καὶ
799 2313 952 2367 οὐδὲν
980 2313 1166 2385 ἕτερον
1191 2314 1222 2385 ἢ
1263 2314 1393 2368 Θεόν
1421 2330 1435 2379 ;
1471 2313 1559 2369 διά
1575 2314 1627 2366 τί
1664 2313 1738 2384 μὴ
1789 2314 1904 2383 φῶς

328 2405 424 2464 τοῦ
460 2406 687 2477 κόσμου,
720 2408 815 2460 καὶ
833 2406 986 2460 οὐδὲν
1020 2406 1206 2477 ἕτερον
1240 2407 1274 2477 ἢ
1312 2405 1509 2471 τοῦτο;
1539 2405 1627 2459 διὰ
1652 2406 1704 2458 τί
1732 2406 1790 2459 δὲ
1829 2405 1903 2477 μὴ

330 2498 497 2571 ζωὴν,
523 2498 617 2551 καὶ
640 2497 792 2550 οὐδὲν
840 2496 1056 2567 ἓτερονς
1098 2498 1192 2550 καὶ
1235 2497 1328 2549 ἐπὶ
1361 2495 1468 2549 τῶν
1504 2496 1902 2576 παραπλησίων

329 2591 442 2662 (22)
471 2591 667 2644 ταύτὸν
696 2590 759 2644 ἄν
790 2606 873 2652 τις
910 2585 1226 2642 δικαιότατα
1259 2588 1325 2642 ἂν
1354 2587 1704 2660 προτείνειεν.
1748 2587 1901 2640 κἈλλ²

314 2678 517 2751 ὥσπερ
537 2681 603 2734 ἄν
637 2697 744 2744 τις,
769 2681 818 2734 ει
858 2678 1017 2733 τοῦτο
1046 2680 1215 2747 λέγοι,
1259 2680 1518 2750 ἐλέγχοι-ε’
1565 2679 1632 2733 ἂν
1657 2680 1906 2751 ἁμαρτά-

328 2787 435 2824 νων
461 2770 660 2840 (πάντα
698 2769 806 2842 γὰρ
829 2768 1040 2840 ἀθρόως
1074 2769 1190 2825 ἐστὶ
1219 2768 1411 2835 ταῦτα,
1442 2762 1520 2832 εἷς
1553 2767 1630 2822 ὢν
1652 2769 1778 2831 Υἱὸς
1807 2767 1900 2821 τοῦ

324 2857 484 2926 θεοῦ,
504 2862 599 2914 καὶ
625 2859 755 2914 εἴτι
787 2860 994 2913 τούτων
1037 2858 1329 2929 ἀνώτερον,
1361 2858 1479 2912 καθ’
1511 2859 1746 2928 ἑκάστην
1779 2857 1902 2910 επί-

329 2969 479 3006 νοιαν
505 2953 613 3008 τῶν
649 2955 706 3007 ὲν
739 2952 888 3023 αὐτῷ
917 2952 1112 3006 θεῖκῶν
1141 2952 1441 3024 ιδυνάμεων
1492 2951 1762 3022 διαφόρων
1810 2952 1902 3004 καὶ

329 3044 440 3099 τῶν
471 3045 781 3117 ὲπηγοριῶν
805 3044 1152 3116 ἠξιωμένος),
1182 3043 1326 3097 οὕτω
1352 3044 1445 3096 καὶ
1478 3043 1570 3095 ἐπὶ
1585 3041 1675 3095 τοῦ
1704 3042 1898 3111 Λόγου,

328 3139 357 3190 6
384 3136 490 3206 φάς
525 3138 683 3208 μόνον
731 3138 902 3205 Λόγον
951 3138 1111 3192 αὐτὸν
1165 3132 1331 3189 εἶναι’
1362 3136 1456 3189 καὶ
1492 3134 1644 3187 οὐδὲν
1690 3134 1897 3205 ἕτερον,

2010 1954 2150 2020 bum,
2181 1964 2434 2013 accurate
2466 1958 2737 2013 novimus.
2794 1958 2901 2015 Sed
2941 1976 3050 2016 non
3090 1963 3221 2017 illud
3259 1966 3458 2031 solum,
3483 1969 3587 2023 sed

2005 2044 2135 2114 quid
2176 2046 2684 2114 quaesoiNimirum
2719 2065 2736 2103 :
2767 2057 2824 2104 et
2880 2049 3022 2106 Deus
3069 2062 3183 2108 erat
3249 2053 3494 2123 Verbum,
3524 2066 3585 2112 et

2006 2139 2100 2193 (ua:
2134 2149 2247 2193 erat
2284 2139 2597 2195 illuminans
2629 2154 2835 2196 omnem
2886 2143 3149 2201 hominem
3195 2147 3484 2202 venientem
3518 2150 3576 2204 in

2005 2227 2143 2281 hunc
2178 2228 2428 2283 mundum
2456 2247 2476 2285 :
2495 2239 2551 2284 et
2576 2239 2693 2286 erat
2726 2234 3028 2302 unigenilus
3067 2235 3246 2290 Filius
3269 2238 3338 2291 '°.
3365 2238 3433 2291 Et
3456 2254 3581 2307 qua:

2005 2327 2204 2384 prmter
2241 2319 2344 2374 ista
2373 2319 2479 2375 alia
2516 2321 2828 2378 referuntur
2858 2325 3100 2381 nomina.
3145 2327 3217 2380 At
3268 2328 3411 2396 quod
3446 2327 3579 2384 Ver-

2004 2409 2129 2463 bum
2163 2417 2283 2464 erat
2313 2411 2508 2477 solum,
2543 2426 2720 2481 neque
2756 2415 3051 2483 quidquam
3093 2426 3291 2485 praeter
3330 2416 3580 2482 Verbum,

2004 2514 2162 2555 nemo
2197 2500 2478 2555 hominum
2520 2501 2723 2556 dictum
2781 2517 2903 2557 esse
2945 2511 3125 2572 potest
3174 2504 3575 2562 demonstrare.

2008 2587 2158 2645 Unde
2200 2589 2376 2644 audax
2406 2604 2536 2656 ergo
2578 2590 2710 2645 illud
2740 2592 3190 2657 additamentum,
3228 2593 3413 2650 solius.
3468 2595 3585 2650 Cur

2003 2696 2111 2735 non
2144 2683 2322 2752 potius
2346 2681 2546 2736 Filium
2580 2682 2706 2753 quis
2740 2682 2975 2752 appellet
3001 2696 3124 2738 eum
3168 2684 3370 2752 solum,
3401 2699 3580 2754 neque

2002 2772 2294 2841 quidquam
2342 2783 2539 2842 praeter
2584 2773 2828 2827 Filium?
2864 2772 2972 2827 Cur
3021 2789 3128 2828 non
3177 2774 3369 2840 Deum,
3402 2789 3585 2845 neque

2001 2863 2296 2932 quidquam
2339 2873 2537 2932 praeter
2587 2864 2795 2937 Deum?
2833 2864 2945 2918 Cur
2982 2878 3089 2918 non
3136 2864 3325 2919 mundi
3374 2865 3576 2929 lucem,

2002 2968 2177 3022 neque
2221 2955 2513 3024 quidquam
2563 2969 2760 3024 praeter
2803 2956 3021 3010 lucem?
3059 2954 3170 3010 Cur
3222 2970 3326 3011 non
3366 2955 3573 3022 Lvitam,

2005 3058 2178 3114 neque
2203 3044 2494 3114 quidquam
2526 3046 2733 3114 praeter
2773 3045 2985 3100 vitam?
3012 3046 3295 3112 Quomodo
3320 3047 3486 3099 etiam
3517 3045 3575 3100 in

2003 3134 2239 3196 caeteris,
2273 3149 2372 3190 nec
2401 3134 2679 3190 immerito
2709 3133 2854 3206 loqui
2885 3136 3041 3191 nobis
3060 3136 3205 3190 licet.
3244 3135 3353 3192 Sed
3387 3151 3578 3206 quem-

332 3226 661 3297 σφὰλλεσθαι
696 3226 762 3281 ἂν
798 3227 1012 3312 λέγοιτο
1064 3228 1318 3292 εἰκότως·
1359 3226 1518 3297 μόνου
1553 3225 1663 3296 γὰρ
1690 3223 1782 3277 τοῦ
1812 3224 1902 3276 εὐ-

2006 3224 2296 3280 admodum
2347 3226 2394 3281 is
2432 3226 2524 3293 qui
2567 3226 2673 3280 ista
2718 3227 2917 3281 dixerit
2966 3241 3156 3282 errare
3182 3229 3422 3296 graviter
3444 3242 3583 3282 con-

329 3317 650 3387 αγγελιστοῦ
694 3319 939 3373 Ἰωάννου
989 3322 1184 3389 Λόγον
1228 3320 1390 3373 αὐτὸν
1443 3317 1901 3380 ἀποκαλέσαντος,

329 3411 424 3464 καὶ
453 3411 512 3463 οὐ
536 3398 693 3464 τοῦτο
723 3400 1059 3481 μόνον,’ἀλλά
1081 3411 1175 3464 καὶ
1206 3412 1369 3481 ἕτερα
1387 3427 1399 3440 ·
1436 3409 1529 3463 τοῦ
1562 3409 1619 3462 δὲ
1651 3409 1903 3478 Σωτῆρος

324 3503 469 3572 φῶς,
502 3504 595 3556 καὶ
620 3502 899 3572 ἀλήθειαν,
926 3504 1018 3556 καὶ
1050 3501 1224 3571 ζωὴν,
1271 3504 1366 3555 καὶ
1400 3498 1700 3571 μονογενῆ
1743 3498 1898 3563 Υίὸν,

325 3594 420 3647 καὶ
449 3593 518 3647 τά
548 3595 712 3648 λοιπά
738 3594 933 3647 ἑαυτὸν
960 3593 1296 3656 ἀνειπόντος,
1328 3593 1523 3659 Λόγον
1554 3590 1607 3643 δὲ
1626 3587 1899 3658 οὐδαμῶς,

325 3685 442 3750 πῶς
469 3687 571 3739 οὐκ
590 3686 789 3739 ἄτοπον
825 3686 937 3757 (‘23)
964 3686 1057 3739 ἐπὶ
1087 3687 1186 3755 μὲν
1232 3679 1307 3739 ὧν
1334 3684 1496 3746 αὐτὸς
1541 3682 1732 3737 ἑαυτὸν
1768 3680 1902 3735 ὠνό-

328 3792 491 3846 μασε,
527 3778 601 3847 μὴ
628 3776 805 3845 λέγειν
836 3776 892 3829 ἓν
943 3775 1150 3828 τούτων
1185 3771 1325 3828 εῖναι
1370 3776 1466 3828 καὶ
1509 3774 1663 3827 οὐδὲν
1691 3773 1899 3845 ἕτερον,

325 3865 420 3923 ἐπὶ
447 3864 504 3917 δὲ
533 3865 633 3933 τῆς
662 3865 756 3917 τοῦ
786 3863 1174 3941 εὐαγγελιστοῦ
1208 3865 1335 3936 περὶ
1358 3863 1522 3918 αὐτοῦ
1560 3847 1765 3934 φωνῆς,
1801 3864 1901 3934 τῆς

324 3957 520 4026 Λόγον
541 3956 701 4009 αὐτὸν
743 3955 1089 4025 ἀνειπούσης,
1122 3954 1581 4019 διαϐεϐαιοῦσθαι,
1628 3956 1704 4018 ὡς
1751 3954 1899 4010 οὐδὲν

323 4044 510 4116 ἕτερον
545 4041 613 4116 ἦν
644 4046 676 4116 ἢ
709 4048 932 4117 Λόγος;
981 4046 1141 4100 ’Λλλά
1183 4048 1278 4100 καὶ
1332 4047 1556 4120 κυρίως,
1593 4046 1750 4117 φησὶ,
1805 4046 1915 4107 καὶ.

325 4136 543 4208 ἀληθῶς
565 4137 675 4207 (24)
706 4137 968 4209 ὑπάρχων
992 4138 1123 4199 Θεός
1147 4154 1160 4168 ο
1210 4138 1271 4190 οὐ
1302 4138 1410 4209 γὰρ
1442 4137 1506 4209 δὴ
1542 4137 1730 4208 ἕτερος
1767 4131 1835 4207 ἦν
1870 4137 1918 4188 6.

326 4229 497 4297 Λόγον
519 4228 679 4282 αὐτὸν
705 4228 962 4293 ἀνειπὼν,
988 4229 1073 4282 ἒτε
1084 4240 1175 4299 ρος
1202 4228 1258 4287 δὲ
1285 4232 1314 4281 6
1351 4228 1483 4281 Θεὸν
1514 4228 1856 4291 ἀποκαλέσας
1880 4244 1893 4257 ο

325 4316 406 4382 εἷς
431 4318 488 4372 δὲ
518 4320 612 4372 καὶ
656 4320 685 4372 6
734 4319 915 4382 αὐτὸς.
967 4318 1371 4389 Εὐαγγελιστὴς
1396 4318 1546 4389 ξόμοῦ
1592 4319 1687 4372 καὶ
1727 4318 1897 4386 Λόγον

325 4412 488 4466 αὐτὸν
510 4412 768 4477 ἐδίδαξεν,
794 4412 961 4466 εἰπών
982 4429 995 4442 ·
1015 4412 1124 4467 Καὶ
1144 4412 1308 4483 esse
1340 4407 1419 4481 ἦν
1451 4415 1482 4466 ό
1523 4412 1715 4480 Λόγος
1735 4426 1748 4440 ⁸
1783 4412 1812 4464 6
1850 4409 1895 4462 δ’

325 4507 486 4570 αὐτὸς
516 4509 610 4561 καὶ
633 4507 749 4577 φῶς
778 4507 939 4561 αὐτὸν
971 4506 1243 4576 ὠνόμασε.
1284 4505 1383 4557 Διά
1413 4505 1464 4557 τί
1521 4499 1615 4557 οὖν
1665 4502 1740 4574 μὴ
1794 4519 1895 4557 κυν

327 4599 456 4670 ρίως
480 4601 574 4653 καὶ
596 4598 810 4670 ἀληθῶς
833 4598 981 4661 Υίὸν,
1018 4597 1299 4668 μονογενῆ,
1335 4596 1427 4649 καὶ
1449 4596 1548 4649 ὃσα
1574 4593 1708 4648 ἀλλα
1735 4594 1896 4657 αὐτὸς

320 4693 350 4745 6
376 4691 641 4761 δεσπότης
662 4691 758 4745 καὶ
784 4690 974 4761 Σωτὴρ
994 4688 1089 4742 τοῦ
1134 4686 1516 4756 εὐαγγελιστοῦ
1552 4686 1678 4758 περὶ
1702 4684 1897 4738 ἑαυτοῦ
1920 4716 1925 4719 ‹

327 4781 783 4853 μεμαρτύρηκεν;
826 4767 883 4833 δυ
922 4779 980 4832 δὲ
1022 4778 1200 4832 πάντα
1251 4778 1468 4849 παρεὶς,
1515 4776 1673 4845 μόνον
1723 4774 1893 4842 Λόγον

322 4872 484 4926 αὐτὸν
508 4872 710 4943 κυρίως
738 4873 832 4925 καὶ
863 4871 1079 4941 ἀληθῶς
1109 4870 1375 4939 ὑπάρχειν
1415 4868 1567 4939 φησί.
1602 4867 1706 4920 Καὶ
1733 4882 1894 4937 προσ-

323 4962 556 5034 τίθησιν,
588 4964 665 5026 ὡς
688 4963 796 5034 ἀρα
833 4963 990 5033 μόνον
1036 4961 1120 5032 εἴη
1151 4961 1341 5029 Λόγος.
1387 4958 1662 5011 Ἐντεῦθεν
1705 4957 1762 5009 δὲ
1789 4974 1889 5009 και

321 5056 586 5109 ταπίπτει
619 5056 714 5108 ἐπὶ
743 5055 841 5126 τὴν
878 5054 972 5108 τοῦ
1000 5053 1338 5126 ἀνθρωπείου
1374 5052 1533 5119 λόγου
1579 5050 1890 5121 ὁμοιότητα.

2006 3315 2254 3371 vincetur
2295 3316 2758 3385 (quandoquidem
2830 3317 2877 3371 is
2922 3318 3013 3386 qui
3065 3331 3205 3371 unus
3250 3326 3334 3371 est
3380 3325 3437 3372 et
3479 3318 3575 3373 Dei

2003 3404 2197 3472 Filius,
2234 3407 2389 3462 hisce
2430 3408 2688 3462 omnibus
2738 3406 3053 3462 nominibus
3092 3406 3414 3476 appelletur,
3470 3421 3574 3462 nec

2003 3496 2155 3551 hisce
2197 3504 2428 3562 tantum,
2459 3497 2556 3552 sed
2587 3497 2708 3552 aliis
2753 3495 2942 3551 multis
2966 3503 3163 3566 praeter
3192 3495 3296 3549 ista
3330 3505 3387 3551 et
3424 3495 3577 3551 hisce

2003 3586 2174 3656 magis
2213 3586 2412 3640 divinis
2474 3585 2680 3650 forsan,
2731 3594 2893 3656 prout
2932 3586 3300 3640 diversimodo
3331 3586 3573 3640 divinam

2002 3678 2175 3747 ipsius
2204 3686 2526 3746 potestatem
2554 3686 2609 3731 et
2636 3677 2890 3746 virtutem
2934 3676 3439 3745 apprehen’dimus).
3493 3675 3573 3729 Ita

2002 3784 2217 3839 quoque
2248 3776 2303 3824 et
2336 3784 2460 3824 eum
2494 3769 2586 3838 qui
2639 3767 2873 3822 Verbum
2923 3766 3073 3822 illum
3120 3765 3293 3822 solum
3344 3766 3582 3837 appella-

2002 3861 2162 3925 verit,
2194 3873 2368 3928 neque
2391 3858 2535 3913 aliud
2578 3858 2874 3928 quidquam
2919 3866 3116 3927 praeter
3158 3857 3412 3921 Verbum,
3456 3872 3574 3911 om-

2002 3953 2129 4007 nino
2169 3951 2280 4005 I'alli
2332 3964 2554 4006 necesse
2581 3959 2665 4006 est
2686 3959 2738 4003 et
2768 3964 2979 4004 errare.
3002 3948 3134 4003 Cum
3165 3950 3309 4003 enim
3335 3948 3574 4004 Joannes

1999 4042 2334 4112 evangelista
2390 4040 2539 4095 solus
2588 4042 2766 4110 ipsum
2825 4038 3063 4108 appellet
3103 4037 3353 4102 Verbum,
3396 4053 3578 4109 neque

2012 4132 2235 4187 Verbum
2265 4132 2460 4196 solum,
2484 4132 2579 4187 sed
2613 4130 2797 4185 multis
2821 4130 2943 4184 aliis
2969 4129 3281 4184 nominibus
3302 4130 3566 4200 designet;

1999 4240 2232 4294 cumque
2277 4226 2394 4294 Ipse
2438 4238 2498 4277 sc
2528 4221 2809 4286 Servator,
2848 4221 3016 4275 lucem
3060 4221 3323 4284 nominet,
3357 4232 3413 4275 et
3438 4222 3572 4275 veri-

1999 4326 2181 4381 tatem,
2219 4325 2275 4370 et
2332 4315 2510 4379 vitam,
2568 4323 2623 4369 et
2684 4313 3033 4382 unigenitum,
3085 4321 3140 4365 et
3182 4309 3406 4377 Filium,
3436 4327 3573 4367 nus-

1997 4422 2156 4477 quam
2227 4422 2358 4461 vero
2414 4405 2637 4460 Verbum
2688 4417 2709 4456 :
2769 4404 3043 4472 quomodo
3107 4416 3212 4456 non
3275 4402 3567 4456 absurdum

2001 4501 2162 4555 fuerit
2218 4499 2353 4554 nihil
2385 4498 2601 4568 quidem
2630 4510 2819 4551 eorum
2851 4495 3107 4565 allegare,
3148 4493 3343 4562 quibus
3365 4506 3424 4546 se
3454 4493 3569 4561 ipse

2003 4591 2327 4662 insignivit?
2372 4603 2545 4659 neque
2590 4589 2775 4643 dicere
2823 4589 2994 4656 ipsum
3044 4586 3115 4638 ita
3150 4586 3217 4639 ab
3275 4584 3379 4638 illis
3402 4598 3564 4638 voca-

2004 4692 2138 4748 tum,
2174 4690 2230 4736 et
2252 4681 2400 4735 nullo
2425 4681 2529 4735 alio
2574 4680 2826 4742 nomine;
2857 4676 3110 4731 insistere
3138 4684 3315 4729 autem
3346 4676 3399 4729 in
3436 4688 3571 4729 voce

2002 4772 2115 4837 illa,
2159 4770 2408 4836 Verbum,
2449 4770 2591 4838 quod
2626 4769 2691 4823 de
2742 4768 2859 4837 ipso
2905 4766 3184 4835 usurpavit
3211 4763 3564 4834 evangelista,

1998 4872 2052 4919 et
2075 4870 2392 4919 constanter
2426 4858 2715 4924 aﬂirmare,
2747 4857 2886 4911 nihil
2935 4871 3059 4911 eum
3094 4869 3215 4909 esse
3248 4855 3393 4909 aliud
3431 4869 3567 4924 prte-

1999 4967 2084 5010 ter
2126 4953 2381 5009 Verbum?
2406 4952 2520 5006 Imo
2544 4964 2693 5014 vero,
2723 4946 2918 5016 inquit,
2954 4944 3175 5017 proprie
3212 4952 3373 5012 atque
3398 4945 3569 4999 veris-

2004 5047 2139 5102 sime
2177 5054 2296 5102 erat
2332 5044 2474 5099 Deus
2521 5041 2778 5107 Verbum,
2825 5053 2946 5093 nam
2986 5052 3091 5091 non
3125 5044 3244 5090 erat
3279 5035 3369 5090 ille
3404 5035 3564 5101 alius,

322 5152 414 5222 qui
446 5150 681 5207 Verbum
720 5152 893 5223 ipsum
938 5152 1094 5218 dixit,
1120 5152 1259 5206 alius
1296 5151 1385 5220 qui
1427 5150 1594 5204 Deum
1635 5146 1954 5214 nominavit,
1996 5146 2089 5225 sed
2137 5144 2299 5213 idem;
2330 5149 2491 5210 atque
2531 5151 2668 5193 unus
2717 5131 3044 5204 evangelista
3083 5147 3099 5187 :
3148 5130 3309 5187 simul
3343 5131 3398 5187 et
3430 5130 3567 5189 Ver-

396 5291 454 5349 >I4
488 5283 587 5339 Ed.
620 5283 819 5346 Paris..
849 5300 968 5354 pag.
996 5282 1096 5338 H7

390 5380 438 5412 ’°
465 5378 620 5435 Joan.
645 5392 683 5441 ι,
711 5376 766 5443 9,
797 5376 883 5430 II.

324 5491 417 5546 καὶ
443 5491 534 5543 ἐπὶ
564 5490 671 5542 τῶν
699 5487 1113 5559 παραπλησίων,
1143 5487 1334 5559 ταύτὸν
1366 5487 1430 5541 ἄν
1466 5504 1549 5549 τις
1579 5484 1888 5559 δικαιότατα

324 5560 677 5633 προτείνειεν.
708 5554 879 5611 Μξ-
911 5554 1051 5633 Intra
1077 5557 1232 5627 vulgo
1257 5557 1456 5626 ἕγραχε
1476 5568 1524 5612 ct
1552 5554 1781 5612 τοίανδε.

396 5631 507 5700 (20)
524 5629 712 5700 ,Vulgo
742 5625 1073 5700 προστιθείς.

397 5698 507 5758 (‘21)
533 5698 656 5752 llaec
680 5698 968 5752 om.'cndd.

395 5771 507 5841 (2‘2)
543 5767 708 5839 Vulgo
742 5768 964 5839 ταύτην,
992 5766 1094 5838 Mp.
1126 5766 1355 5821 ταύτων.

2069 5479 2179 5548 (εδ)
2216 5478 2542 5548 ἐπιμενιιιν
2556 5474 2737 5548 “ira;
2761 5472 3010 5548 έᾳντόνο.
3027 5468 3233 5548 [livida
3269 5454 3417 5548 πῖνέ
3436 5480 3566 5523 wn"

1992 5536 2199 5617 intima,
2236 5546 2328 5598 ἐπὶ
2344 5536 2457 5617 ’μὲν
2485 5543 2560 5598 ὣν
2586 5536 2768 5617 αὑτός.
2787 5540 2874 5617 _M.
2906 5536 3115 5617 —_[S_ic
3140 5547 3193 5591 et
3226 5536 3408 5617 codd]

2066 5563 2199 5612 rima,
2236 5563 2328 5598 επι
2401 5563 2457 5598 εν
2485 5563 2560 5598 ων
2586 5563 2768 5609 αυτος.
2807 5563 2874 5594 m.
2906 5570 2973 5579 —
3002 5563 3115 5611 low
3140 5563 3193 5591 ei
3226 5563 3408 5607 cuum]

2066 5617 2177 5686 (24)
2229 5563 2533 5684 Ύπιὶὲχων
2577 5616 2740 5681 Θεός.
2785 5610 2925 5686 Lege
2954 5608 3188 5686 ﬁnias
3230 5606 3381 5686 0:65.
3420 5604 3557 5686 hlar-

1994 5674 2445 5757 cel'lus'vttltlmc'
2470 5686 2668 5753 dicere,
2697 5674 2902 5747 statim:
2954 5674 3203 5747 ίεεοζδιά
3253 5675 3345 5729 τοῦ
3393 5674 3596 5757 εὐαγη.

1994 5755 2259 5827 γελιστοῦ.
2288 5754 2354 5809 Μ.
