4158 6390
370 417 490 475 θίὅι

1291 413 1378 468 DE
1419 412 1963 468 EGCLESIASTiC.\r
2001 413 2395 471 TilEOLOGIA
2433 415 2564 471 LIB.
2605 414 2671 472 ιι.

3466 426 3626 483 ηθῖϐ

372 537 560 599 κελλος
593 534 691 607 τὴν
725 531 1027 587 ὑπόστασιν
1051 528 1159 586 τοῦ·
1191 528 1510 601 μονογενοῦς
1542 529 1675 582 Υἱοῦ
1699 530 1793 583 τοῦ
1814 530 1942 583 Θεοῦ

2053 541 2196 594 sunt,
2243 540 2295 584 et
2340 532 2453 585 sine
2499 534 2612 609 ipso
2669 532 2873 601 factum
2924 542 3005 588 est
3047 534 3181 589 nihil
3221 537 3292 591 ".
3337 536 3395 592 In
3448 553 3624 609 eoque

373 628 634 700 ἀναιρῶν,
662 625 753 679 τὸν
784 622 927 676 θεῖον
951 618 1342 691 εὐαγγελιστὴν
1367 620 1467 691 τῆς
1497 610 1692 674 ἑαυτοῦ
1719 622 1946 674 κακοδο-

375 719 493 784 ξίας
544 716 896 789 μαρτύρεται,
931 715 1009 779 ὡς
1048 712 1201 769 οὐδὲν
1232 712 1420 783 ἕτερον
1458 712 1619 765 αὑτὸν
1651 712 1950 782 ἐπιστάμε-

374 828 465 865 νον
493 810 526 880 ἢ
551 810 744 877 Λόγον,
784 807 914 861 ποτὲ
945 806 1043 877 μὲν
1071 801 1417 874 ἐνεργοῦντα,
1436 802 1625 857 ἄλλοτε
1652 802 1708 855 δὲ
1742 802 1949 873 ἡσυχά-

374 900 535 965 ζοντα
555 900 614 953 ὲν
636 898 711 970 τῷ
744 897 889 969 Θεῷ,
914 896 1010 951 καὶ
1033 894 1191 949 οὐδὲν
1221 893 1406 969 ἕτερον
1427 892 1557 947 ὄντα
1660 892 1819 945 αὐτὸν
1856 891 1947 945 τὸν
1995 911 2001 917 ί

372 992 528 1047 Θεόν.

2048 621 2268 684 dicitur,
2321 632 2372 675 et
2428 622 2568 676 Deus
2617 632 2730 677 erat
2775 621 3017 687 Verbum,
3057 638 3161 679 non
3208 628 3402 682 dividit
3444 629 3621 687 deita-

2046 719 2172 776 tem,
2227 712 2482 780 quoniam
2527 712 2577 764 in
2635 711 2755 780 ipso
2802 722 2922 767 erat
2961 714 3223 777 Verbum,
3262 726 3319 770 et
3361 716 3478 786 ipse
3501 728 3623 773 erat

2045 802 2097 856 in
2155 800 2349 857 Verbo.
2402 802 2469 857 In
2525 820 2606 857 me
2648 805 2809 866 enim,
2863 805 3060 875 inquit,
3101 806 3281 873 Pater,
3330 818 3379 864 et
3420 825 3518 879 ego
3563 810 3620 865 in

2051 891 2211 948 Patre
2258 894 2327 946 ".
2381 892 2668 949 Marcellus
2718 911 2813 965 per
2863 897 2976 952 lucc
3024 907 3100 950 tot
3148 907 3203 952 et
3257 908 3404 954 tanta
3448 900 3622 955 subsi-

2051 985 2302 1038 stentiam
2370 984 2631 1053 tmigeniti
2703 986 2794 1041 Dei
2844 986 2966 1041 Filii
3020 988 3214 1044 tollens
3260 1000 3454 1045 testem
3506 1006 3629 1044 siue

376 1081 642 1137 haeretica;
691 1093 977 1151 pmmqne
1038 1076 1315 1148 opinionis
1370 1077 1501 1132 citat
1552 1078 1972 1145 evangelistam,
2016 1077 2169 1145 quasi
2222 1075 2360 1130 nihil
2423 1077 2568 1130 aliud
2599 1078 2688 1133 ille
2718 1080 2979 1134 voluisset
3021 1082 3266 1153 intelligi,
3294 1100 3454 1153 quam
3491 1086 3649 1142 Vera

373 1173 522 1238 bum,
583 1185 725 1226 nunc
787 1170 1154 1241 operativnm,
1197 1168 1484 1236 quiescens
1519 1167 1655 1223 alias
1699 1167 1751 1221 in
1809 1168 1941 1234 Deo,
1979 1183 2076 1221 nec
2103 1165 2395 1238 quidquam
2431 1167 2573 1221 aliud
2599 1170 2873 1224 existens
2900 1186 3059 1240 quam
3091 1174 3279 1229 Deum.

1011 1261 1169 1314 ΚΕΦ.
1198 1261 1298 1313 IB’.

374 1352 505 1408 Ὀτι
547 1351 655 1422 μὴ,
699 1352 799 1422 ὡςΔ
825 1350 1018 1422 ἐδόκει
1056 1347 1406 1422 Μαρκέλλῳ,
1433 1352 1480 1422 *ό
1514 1349 1947 1422 abun-sliatth

526 1418 643 1489 τὴν
673 1419 806 1487 περὶ
838 1418 944 1472 τοῦ
981 1419 1175 1488 Λόγου
1204 1419 1519 1487 θεολογίαν
1546 1418 1803 1483 ἐξέθετο.

444 1513 636 1567 Καίτοι
666 1513 695 1563 ὁ
725 1511 900 1580 μέγας
932 1508 1340 1579 εὐαγγελιστὴς,
1378 1509 1493 1580 ἅμα
1540 1510 1633 1564 καὶ
1677 1509 1943 1580 θεολόγος,

373 1604 554 1674 τρίτον
585 1602 642 1654 ὲν
669 1599 848 1669 ταύτῷ
878 1598 1255 1670 μνημονεύσας
1291 1598 1385 1651 τοῦ
1418 1599 1591 1667 Λόγου
1616 1638 1631 1663 ,
1662 1599 1769 1652 οὐδ’
1799 1599 1944 1666 ams

373 1692 592 1763 εἴρηκεν
617 1688 779 1742 αὐτὸν
807 1688 939 1742 Θεοῦ
964 1688 1155 1757 Λόγον.
1187 1689 1261 1740 Οὐ
1296 1689 1404 1758 γὰρ
1434 1683 1608 1751 εἶπεν,
1654 1689 1750 1742 Ἐν
1782 1688 1941 1757 ἀρχῇ

2672 1261 2826 1317 CAP.
2878 1262 2991 1316 XII.

2051 1350 2201 1418 Quod
2228 1368 2351 1416 non,
2394 1361 2448 1405 ut
2475 1348 2726 1427 Marcello
2744 1353 3031 1417 videbatur,
3050 1355 3365 1427 theologiam
3386 1358 3453 1414 de
3471 1355 3619 1413 Filio

2495 1421 2816 1490 evangelista
2879 1427 3168 1493 proposuit.

2117 1511 2341 1583 Magnus
2361 1511 2639 1567 enimvero
2672 1513 3000 1583 evangelista
3035 1515 3195 1570 simul
3226 1526 3281 1571 et
3315 1517 3618 1588 theologus,

2049 1612 2131 1658 ter
2156 1619 2279 1657 cum
2313 1602 2473 1659 Verbi
2502 1603 2831 1658 mentionem
2864 1604 2966 1660 hoc
2988 1605 3042 1658 in
3084 1605 3202 1662 loco
3230 1607 3416 1674 faciat,
3447 1625 3515 1664 ne
3539 1627 3618 1665 se-

2050 1694 2152 1749 mel
2178 1693 2396 1763 quidem
2441 1694 2674 1763 appellat
2706 1709 2827 1748 enm
2860 1695 2950 1749 Dei
2993 1696 3256 1751 Verbum.
3284 1698 3399 1753 Non
3434 1700 3623 1770 utique

369 1780 451 1853 ἦν
471 1786 504 1837 ό
532 1782 639 1836 τοῦ
662 1782 808 1835 Θεοῦ
842 1781 1031 1852 Λόγος
1055 1797 1068 1812 ο
1101 1781 1217 1834 ἀλλ’
1243 1781 1529 1851 ἀορίστως,
1568 1782 1665 1833 Ἐν
1688 1779 1845 1850 ἀρχῇ
1867 1777 1942 1851 ἦν

2047 1785 2203 1847 dixit,
2239 1783 2305 1837 In
2338 1786 2591 1854 principio
2616 1797 2728 1839 erat
2764 1784 2981 1840 Verbum
3008 1788 3102 1841 Dei
3127 1803 3147 1843 :
3174 1790 3267 1844 sed
3300 1796 3506 1844 tantum
3534 1790 3619 1847 in-

372 1872 405 1922 ό
434 1870 643 1939 Λόγοςο
674 1872 806 1940 ἡμῖν
838 1868 1146 1923 καταλιπὼν
1191 1871 1369 1939 ζητεῖν
1393 1871 1574 1932 ὁποῖος
1600 1864 1669 1940 ἦν
1701 1871 1729 1922 ὁ
1752 1870 1940 1938 Λόγος.

374 1958 479 2011 Καὶ
504 1957 692 2022 πάλιν,
724 1959 821 2013 καὶ
863 1961 896 2012 ό
929 1961 1121 2029 Λόγος
1144 1956 1223 2028 ἦν
1249 1959 1396 2026 πρὸς
1435 1958 1542 2013 τὸν
1582 1959 1751 2023 Θεὸν,
1800 1956 1943 2022 εἷπε,

370 2048 666 2119 δυνάμενος
691 2051 887 2115 εἰπεῖν,
920 2050 1016 2103 καὶ
1051 2053 1084 2104 ό
1110 2052 1300 2119 Λόγος
1336 2051 1441 2104 τοῦ
1469 2048 1617 2104 Θεοῦ
1652 2046 1731 2119 ἦν
1754 2050 1823 2102 ἐν
1866 2049 1946 2115 τῷ

373 2125 515 2203 θέῷο
542 2139 699 2201 ἀλλὰ,
731 2140 831 2194 και
863 2140 1006 2206 Θεὸς
1030 2136 1107 2210 ἦν
1132 2144 1165 2194 δ
1182 2140 1391 2210 Λόγος,
1414 2141 1557 2211 οὐχὶ,
1575 2140 1671 2194 καὶ
1696 2141 1843 2195 Θεοῦ
1864 2136 1948 2211 ἦν

368 2231 398 2282 ὁ
418 2230 625 2298 Λόγος,
645 2229 768 2300 ἔφη,
804 2230 891 2283 ἵνα
915 2229 988 2302 μὴ
1003 2230 1097 2283 τοῦ
1108 2229 1241 2284 Θεοῦ
1269 2230 1547 2301 ἐνέργειαν
1568 2247 1706 2295 τινα,
1738 2246 1946 2301 σημαν-

368 2322 527 2391 τικήν
557 2339 705 2387 τινος
744 2321 777 2392 ἢ
832 2323 1120 2394 ποιητικὴν
1162 2319 1301 2375 εἶναι
1350 2323 1512 2376 αὐτὸν
1556 2322 1939 2392 ὑπολάϐοιμεν.

379 2416 439 2469 ’0
468 2413 530 2485 δὴ
565 2411 903 2483 Μάρκελλος,
928 2410 1133 2481 οἰηθεὶς
1156 2411 1323 2465 ἁῖδιον
1344 2408 1482 2465 εἶναι
1504 2412 1665 2465 αὐτὸν
1690 2413 1781 2465 τοῦ
1808 2413 1941 2466 Θεοῦ

369 2505 559 2574 Λόγον,
614 2502 758 2556 τοῦτ’
803 2502 948 2555 ἔστιν
996 2500 1287 2570 ἀγέννητον
1310 2540 1325 2563 ,
1371 2501 1629 2562 πολλάκις
1683 2501 1940 2573 ὡρίσατο,

368 2596 430 2647 οὐ
462 2592 720 2665 συνορῶν,
772 2593 875 2655 ὅτι,
910 2590 959 2643 εί
1010 2590 1106 2660 μὲν
1150 2589 1334 2659 ἕτερον
1370 2588 1465 2642 τοῦ
1492 2589 1626 2643 Θεοῦ
1654 2591 1745 2643 τὸν
1772 2591 1941 2660 Λόγον

369 2685 588 2753 φάσκει,
616 2682 708 2736 δύο
737 2680 888 2734 ἔσται
913 2680 1079 2745 ἀΐδια,
1104 2681 1132 2732 ὁ
1158 2678 1329 2748 Λόγος
1361 2681 1455 2734 καὶ
1487 2682 1515 2733 ό
1543 2681 1694 2747 Θεὸς,
1727 2682 1820 2735 καὶ
1842 2683 1942 2735 οὐκ

365 2776 440 2831 ἔτ’
469 2774 621 2827 ἔσται
653 2771 793 2843 ἀρχὴ
827 2771 924 2841 μία
947 2789 961 2801 ·
1009 2772 1057 2823 εί
1089 2771 1147 2823 δὲ
1178 2770 1236 2825 ἓν
1261 2769 1469 2839 λέγοιτο
1506 2771 1694 2836 ἀΐδιον,
1726 2771 1815 2824 τὸν
1839 2773 1940 2825 αὐ-

362 2864 455 2920 τὸν
490 2864 805 2935 ὁριζόμενος
841 2857 978 2915 εἶναι
1002 2863 1093 2915 τὸν
1114 2861 1247 2915 Θεὸν
1295 2861 1374 2931 τῷ
1402 2861 1581 2931 Λόγῳ,
1613 2863 1818 2932 γυμνὸν
1848 2862 1940 2917 τὸν

363 2956 649 3011 manum
682 2953 1025 3026 ὁμολογήσει,
1051 2953 1347 3026 υίοπάτορα
1378 2952 1469 3005 τὸν
1496 2952 1612 3016 ἕνα,
1641 2953 1761 3007 κατ’
1777 2952 1938 3008 αὑτὸν

361 3049 587 3109 ἐκεῖνον,
630 3045 886 3113 εἰσάγων.
931 3044 1122 3098 Ἔσται
1149 3039 1242 3098 οὖν
1284 3045 1313 3095 ὁ
1339 3042 1526 3114 Πατὴρ
1554 3043 1702 3115 αὐτῷ
1742 3061 1937 3116 γεννη-

363 3136 477 3201 θεὶς
510 3134 605 3190 καὶ⁸
644 3135 755 3207 (51)
793 3133 980 3189 παθὼν
1025 3136 1118 3189 καὶ
1163 3134 1323 3198 αὐτὸς
1373 3113 1525 3187 ἔσται
1572 3134 1601 3187 ό
1650 3113 1939 3207 εὐχόμενος
1964 3113 2007 3171 C

364 3225 573 3296 ἑαυτῷ,
608 3226 702 3279 καὶ
734 3223 1068 3278 ἀπεστάλθαι
1095 3223 1266 3291 λέγων
1312 3224 1400 3293 ὑφ’
1431 3223 1655 3287 ἑαυτοῦ,
1687 3225 1781 3278 καὶ
1810 3226 1937 3280 Υίὸν

361 3317 576 3380 ἑαυτοῦ,
601 3316 694 3370 καὶ
722 3314 1006 3386 μονογενῆ,
1032 3316 1131 3367 οὐκ
1154 3313 1523 3385 ἐπαληθεύων,
1554 3315 1650 3368 σὺν
1685 3316 1939 3388 εἰρωνείᾳ

357 3409 419 3465 δὲ
461 3407 944 3478 καταψευδόμενος.
994 3408 1104 3460 Καὶ
1144 3406 1228 3470 τίς
1272 3406 1337 3459 ἂν
1378 3406 1563 3475 ἕτερος
1600 3405 1790 3460 τούτου
1828 3407 1937 3474 (ὅῖ)

359 3500 777 3570 δυσσεϐέστερος
819 3498 1015 3566 γένοιτ’
1056 3497 1122 3550 ἂν
1169 3495 1361 3565 λόγος;
1422 3495 1582 3549 ’Λλλᾶ
1624 3495 1733 3567 γὰρ
1779 3499 1940 3567 ἡμεῖς

361 3590 495 3662 ςέρε
528 3589 743 3660 ἴδωμεν,
787 3589 968 3640 ὁποῖον
1009 3589 1137 3657 ἡμῖν
1164 3588 1191 3639 ὁ
1218 3584 1607 3655 εὑαγγελιστὴς
1635 3585 1804 3652 Λόγον
1851 3586 1941 3637 εὐ-

360 3664 724 3749 αγγελίζεται,
771 3678 1026 3748 φάσκωνο
1073 3677 1176 3729 Ἐν
1209 3673 1368 3742 ἀρχῇ
1409 3670 1488 3743 ἦν
1525 3677 1558 3727 ό
1585 3675 1806 3744 Λόγος,
1842 3674 1939 3731 καὶ

361 3775 398 3829 δ
414 3772 604 3840 Λόγος
633 3767 712 3839 ἦν
740 3769 889 3837 πρὸς
912 3771 1019 3822 τὸν
1044 3767 1211 3828 Θεὸν,
1238 3766 1335 3820 καὶ
1357 3765 1502 3829 Θεὸς
1520 3761 1600 3835 ἦν
1622 3769 1656 3819 ό
1671 3768 1880 3835 Λόγος.

2047 1873 2289 1938 deﬁnite,
2315 1872 2380 1929 Iu
2407 1875 2671 1943 principio
2701 1888 2811 1929 erat
2843 1874 3066 1930 Verbum
3090 1878 3156 1933 ".
3194 1878 3365 1935 Nobis
3401 1878 3620 1951 reliquit

2047 1965 2348 2035 disquirere
2376 1967 2674 2033 cuiusmodi
2714 1967 2841 2021 illud
2862 1978 2980 2022 erat
3008 1967 3262 2025 Verbum.
3300 1970 3508 2027 Rursus
3529 1973 3617 2031 ubi

2045 2056 2201 2120 dixit,
2231 2066 2279 2109 et
2311 2053 2538 2110 Verbum
2564 2066 2677 2110 erat
2702 2058 2844 2123 apud
2881 2056 3043 2111 Deum
3070 2058 3115 2091 "
3148 2100 3163 2127 ,
3193 2061 3365 2129 potuit
3393 2061 3618 2128 dixisse,

2044 2158 2091 2201 et
2132 2145 2357 2201 Verbum
2404 2146 2501 2201 Dei
2551 2161 2665 2202 erat
2707 2149 2849 2218 apud
2874 2148 3078 2214 Deum;
3108 2150 3222 2214 sed,
3248 2162 3296 2205 et
3341 2152 3502 2221 Deus,
3538 2156 3621 2209 in-

2045 2239 2181 2308 quit,
2209 2250 2321 2293 erat
2351 2237 2573 2293 Verbum
2590 2239 2667 2305 ⁹⁶;
2692 2256 2821 2300 non,
2853 2250 2908 2294 et
2938 2237 3160 2294 Verbum
3189 2242 3280 2295 Dei
3315 2251 3428 2297 erat
3454 2244 3621 2309 Deus,

2046 2340 2112 2381 ne
2154 2342 2251 2381 nos
2308 2327 2743 2383 existimaremus
2780 2329 3013 2383 Verbmn
3050 2330 3173 2383 illud
3209 2330 3327 2395 Dei,
3352 2335 3622 2403 operatio-

2045 2418 2128 2472 nis
2155 2419 2569 2489 signiﬂcativum
2601 2434 2739 2475 esse.
2784 2421 2890 2475 Sed
2927 2421 3244 2487 Marcellus,
3272 2441 3394 2480 cum
3427 2427 3618 2495 opina.

2045 2517 2195 2562 retur
2228 2520 2490 2564 teternnm
2513 2525 2633 2564 esse
2655 2510 2829 2579 ipsum
2861 2511 2954 2565 Dei
2993 2513 3251 2577 Verbum,
3284 2516 3386 2573 hoc
3417 2526 3503 2575 est
3529 2517 3619 2571 in-

2042 2600 2305 2667 genitum,
2336 2600 2407 2653 ita
2438 2614 2661 2668 prorsus
2693 2615 2814 2655 cum
2846 2601 3089 2657 deﬁnivit
3119 2622 3134 2658 :
3169 2605 3394 2662 minime
3422 2607 3620 2662 adver-

2044 2697 2184 2753 tens,
2213 2690 2354 2758 quod
2376 2690 2422 2745 si
2460 2691 2692 2746 Verbum
2720 2692 2991 2749 diversum
3023 2694 3150 2764 quid
3193 2710 3221 2748 a
3260 2694 3368 2751 Deo
3395 2704 3618 2761 statuat,

2042 2781 2147 2834 duo
2175 2779 2357 2836 futura
2403 2781 2515 2836 sint
2543 2791 2749 2837 acterna
2781 2800 2795 2836 :
2832 2783 2934 2838 hoc
2979 2795 3064 2839 est
3096 2784 3237 2840 Deus
3259 2795 3312 2839 et
3339 2786 3571 2842 Verbum
3602 2804 3617 2853 ;

2041 2884 2142 2926 nec
2175 2870 2502 2940 principium
2548 2872 2650 2927 boc
2686 2883 2843 2942 pacto
2872 2882 3145 2929 statuetur
3177 2874 3417 2931 unicum.
3464 2877 3618 2943 Quod

2039 2962 2082 3016 si
2115 2962 2334 3017 unicum
2364 2962 2579 3019 dicatur
2604 2973 2888 3030 aeternum,
2911 2975 3072 3035 atque
3101 2967 3232 3023 illud
3277 2968 3450 3039 ipsum
3481 2969 3619 3025 deli-

2041 3053 2153 3107 niat
2182 3067 2302 3109 esse
2327 3052 2495 3109 Deum
2527 3071 2647 3111 cum
2673 3072 2770 3111 suo
2801 3055 3001 3122 Verbo,
3032 3058 3236 3113 nudum
3272 3074 3500 3130 prorsus
3523 3056 3625 3113 Sa-

2044 3143 2266 3200 bellinm
2314 3144 2659 3203 conﬁtebitur
2690 3165 2769 3214 se,
2795 3150 2912 3220 qui,
2941 3161 3000 3204 nt
3035 3150 3120 3203 ille
3152 3150 3303 3218 fecit,
3332 3166 3497 3205 unum
3527 3148 3591 3205 Fi
3617 3183 3623 3192 ι

2045 3235 2118 3290 Ιίο
2170 3234 2385 3290 Patrem
2423 3250 2479 3293 et
2530 3240 2749 3294 unicum
2799 3242 3085 3296 conﬂuxit.
3136 3241 3455 3297 Secundum»
3489 3255 3625 3312 ergo

2046 3326 2241 3394 ipsum,
2270 3328 2376 3381 erit
2414 3328 2565 3383 Patet
2622 3332 2855 3400 genitus,
2895 3344 2949 3386 et
2988 3346 3183 3401 passus
3213 3348 3229 3385 :
3263 3333 3383 3401 ipse
3414 3340 3618 3387 semet-

2048 3414 2152 3483 ipsi
2185 3417 2491 3472 orationem
2534 3419 2720 3474 fundet
2758 3437 2771 3472 :
2805 3420 3029 3476 missum
3076 3435 3135 3475 se
3174 3422 3434 3476 fatebitur
3465 3435 3495 3473 a
3529 3434 3618 3476 se-

2049 3506 2302 3575 metipso,
2322 3516 2377 3563 et
2400 3508 2594 3564 Filium
2625 3513 2706 3566 sui
2740 3512 2910 3580 ipsius
2938 3536 2949 3568 ;
2980 3523 3143 3582 atque
3174 3513 3249 3567 ita
3285 3511 3619 3568 simulatorie

2047 3607 2105 3649 se
2134 3610 2240 3649 non
2272 3611 2481 3665 revera,
2516 3602 2610 3655 sed
2651 3602 2928 3667 mentitus,
2974 3602 3230 3657 fatebitur
3260 3602 3621 3672 unigenitum.

2046 3683 2186 3750 Quid
2209 3685 2314 3742 hoc
2343 3703 2596 3745 sermone
2617 3692 2788 3760 magis
2817 3692 3038 3762 impium
3062 3693 3354 3763 excogitari
3384 3692 3618 3762 poterit?

2044 3771 2152 3828 Nos
2180 3785 2379 3843 autem,
2421 3794 2539 3850 age,
2568 3774 2979 3837 consideremus
3011 3789 3070 3847 >14
3113 3782 3271 3851 quale
3306 3781 3460 3837 nobis
3483 3780 3622 3836 Vero

362 3865 487 3920 bum
522 3863 849 3932 evangelista
897 3860 1159 3926 enuntiet,
1184 3861 1271 3914 ubi
1307 3860 1563 3932 loquitur,
1583 3859 1650 3921 In
1674 3859 1943 3931 ἱρνὺιεὶιιὶο
1981 3876 2093 3920 erat
2140 3867 2383 3938 Verbum,
2442 3885 2490 3928 et
2537 3874 2763 3929 Verbum
2810 3888 2920 3930 erat
2959 3879 3099 3945 apud
3133 3876 3317 3941 Deum,
3356 3883 3406 3930 et
3474 3874 3615 3934 Deis

361 3971 473 4016 erat
517 3957 757 4011 Verbum.

1004 4052 1160 4105 ΚΕΦ.
1202 4050 1303 4104 II".

395 4144 684 4215 Ποσαχῶς
714 4144 781 4198 τὸ
822 4145 1277 4224 cuman-dpereat
1302 4144 1370 4197 ἐκ
1414 4142 1523 4212 τῆς
1557 4141 1663 4197 τοῦ
1705 4143 1902 4213 Λόγου

909 4231 1117 4284 φωνης
1146 4229 1387 4267 reeitat.

404 4326 409 4329 -
442 4302 507 4356 Ἦ
536 4302 633 4372 μὲν
663 4296 758 4355 οῦν
800 4302 892 4355 τὸν
920 4301 1076 4369 λόγον
1098 4300 1332 4372 δηλοῦσα
1380 4300 1544 4367 λέξις,
1578 4300 1644 4354 δι’
1691 4300 1932 4371 Ἑλληνι-

360 4394 465 4463 κῆς
508 4393 753 4463 γλώττης
791 4393 1257 4464 προενηνεγμένη.
1301 4392 1611 4463 πολύσημον
1643 4391 1932 4446 ὑποϐάλλει

2644 4058 2796 4117 CAP.
2858 4059 2996 4116 XIII.

2034 4168 2174 4235 Quot
2204 4171 2370 4225 modis
2398 4171 2747 4242 intelligatur,
2774 4175 2913 4240 quod
2941 4189 3061 4229 voce
3090 4172 3242 4229 Verbi
3265 4174 3611 4255 signi/iretur.

2118 4299 2230 4356 Vox
2282 4302 2368 4357 illa
2405 4302 2601 4374 λόγος,
2645 4302 2829 4361 Graeca
2873 4315 3024 4361 certe
3070 4305 3249 4375 lingua
3287 4305 3331 4360 si
3373 4304 3617 4375 profera-

2031 4403 2138 4457 tur,
2174 4394 2377 4448 variam
2417 4409 2446 4447 a
2488 4409 2547 4448 se
2588 4395 2894 4463 suppeditat
2937 4396 3412 4464 signiﬁcationem.
3441 4395 3617 4450 Voca-

358 4485 457 4555 τὴν
476 4483 536 4548 ἐξ
550 4484 717 4555 αὐτῆς
739 4482 991 4555 θεωρίαν.
1020 4481 1068 4536 α’
1086 4484 1226 4554 (55)·
1240 4482 1515 4553 Κέκληται
1546 4483 1654 4555 γὰρ
1680 4482 1753 4556 [ό]
1772 4484 1926 4553 λόγος

2041 4495 2116 4539 [ιιΐ
2144 4482 2313 4555 logos,
2347 4485 2399 4538 id
2436 4486 2581 4558 quod
2630 4486 2937 4555 disponitur
2993 4489 3044 4542 in
3089 4488 3269 4541 anima
3304 4486 3553 4542 rationali
3592 4503 3613 4541 ι

359 4576 452 4629 καὶ
474 4578 504 4629 ό
535 4576 594 4628 ὲν
621 4577 686 4647 τῇ
710 4575 898 4645 λογικῇ
929 4574 1073 4646 ψυχῇ
1126 4573 1432 4644 καταϐεϐλη
1440 4574 1619 4643 μένος,
1653 4574 1774 4628 καθ’
1792 4574 1851 4627 όν
1876 4575 1936 4627 τὸ

356 4664 663 4733 λογίζεσθαι
688 4668 819 4736 ἡμῖν
852 4665 1100 4736 πάρεστι.
1129 4664 1193 4733 β’.
1216 4666 1323 4717 Καὶ
1340 4664 1488 4733 παρὰ
1515 4663 1701 4717 τοῦτον
1725 4665 1932 4736 ἔτερος,

353 4756 389 4809 ὁ
433 4756 524 4809 διὰ
567 4755 813 4828 γλώττης
867 4757 961 4810 καὶ
1012 4756 1197 4827 φωνῆς
1239 4755 1503 4827 ἐνάρθρου
1541 4756 1819 4827 σημαίνων
1857 4773 1931 4810 τι.

354 4853 421 4917 γ’.
461 4848 570 4901 Καὶ
604 4846 745 4901 κατὰ
773 4848 949 4917 τρίτον
981 4848 1204 4919 τρόπον,
1240 4849 1267 4900 ό
1299 4846 1387 4900 διὰ
1424 4848 1640 4918 γραφῆς
1673 4846 1752 4918 τῷ
1796 4862 1920 4917 γρα-

354 4941 445 5009 φεῖ
464 4938 908 5010 συντεταγμένος.
937 4940 998 4993 δ’.
1027 4940 1164 5011 Ἤδη
1193 4940 1248 4997 δὲ
1276 4938 1430 5008 λόγον
1457 4937 1727 5010 εἰώθαμεν
1753 4938 1936 4991 καλεῖν

354 5027 450 5083 καὶ
475 5027 567 5081 τὸν
594 5031 966 5101 σπερματικὸν
1005 5032 1038 5103 ἢ
1078 5030 1328 5102 φυτικὸν,
1371 5030 1495 5084 καθ’
1524 5029 1583 5083 όν
1610 5029 1836 5100 δυνάμει
1867 5027 1939 5083 τὰ

358 5116 582 5187 μηδέπω
623 5119 795 5187 φύντα
823 5122 1169 5175 ὲναπόκειται
1197 5124 1310 5185 τοῖς
1338 5121 1616 5191 σπέρμασι
1650 5120 1932 5191 μέλλοντα,

353 5206 477 5261 ὅσον
504 5205 656 5261 οὔπω
692 5208 792 5280 τῆς
832 5213 1115 5283 ἐνεργείας
1152 5214 1233 5276 είς
1275 5211 1391 5281 φῶς
1436 5211 1704 5283 προϊέναι.
1739 5217 1800 5264 ε’.
1824 5211 1936 5265 Καὶ

355 5296 504 5367 παρὰ
547 5298 722 5353 ταῦτα
781 5302 983 5372 ἑτέρως
1035 5302 1289 5356 εἰώθασιν
1319 5300 1603 5372 ὀνομάζειν
1650 5301 1803 5370 λόγον
1840 5302 1931 5354 τὸν

353 5386 767 5459 ἑπιστημονικδν
812 5390 1005 5461 τέχνης
1042 5391 1244 5461 τινὸςῆ
1280 5392 1615 5462 ἐπιστήμης,
1665 5391 1759 5445 καὶ⁸
1796 5390 1930 5445 πάν-

428 5526 488 5585 νΒ
523 5523 619 5577 Ed.
662 5522 860 5589 Paris.,
896 5540 1016 5596 pag.
1062 5526 1180 5581 I20.

419 5614 467 5647 ”
492 5614 620 5668 ibid.
653 5615 707 5669 3.

434 5752 543 5824 (51)
566 5749 738 5824 Vulgo
768 5754 1011 5824 πάσχων.

423 5823 535 5896 (ῦιξ)
565 5822 727 5889 Vulg"
756 5822 950 5890 γένοιτ’
983 5825 1046 5878 ἂν
1078 5824 1291 5877 δυσσεϐ.

2033 4576 2174 4632 unde
2220 4577 2486 4649 contingit
2541 4577 2883 4633 ratiocinari.
2919 4577 3013 4632 Est
3056 4585 3110 4632 et
3156 4577 3307 4646 logos
3349 4577 3615 4643 secundo,

2029 4667 2172 4739 quod
2202 4667 2474 4737 signiﬁcat
2515 4665 2744 4735 aliquid,
2770 4681 2868 4735 per
2894 4666 3128 4736 linguam
3168 4673 3222 4719 et
3269 4679 3456 4721 vocem
3483 4667 3617 4720 artic

2032 4755 2288 4811 cnlatam.
2306 4754 2515 4821 Tertio,
2544 4755 2686 4825 quod
2732 4755 3052 4824 descripsit,
3078 4763 3133 4809 et
3160 4756 3448 4819 scribendo
3474 4756 3615 4812 seria

2031 4853 2155 4913 ptor
2178 4844 2452 4915 deposuit.
2480 4844 2728 4899 Solemus
2765 4852 2820 4898 et
2845 4843 3007 4912 logon
3048 4842 3320 4913 appellare
3368 4843 3612 4900 semina~

2031 4935 2134 4990 lem
2157 4945 2212 4990 et
2260 4944 2574 4990 nascentem
2625 4933 2961 4990 facultatem.
2993 4933 3300 4990 Secundum
3330 4947 3492 5004 quem
3522 4934 3609 4990 di-

2032 5037 2227 5083 cuntur
2262 5035 2530 5098 potestate
2572 5040 2717 5091 esse,
2751 5025 2806 5080 in
2833 5024 3138 5080 seminibus
3170 5023 3281 5090 illa,
3316 5038 3439 5095 qua;
3470 5038 3614 5080 nona

2031 5116 2157 5172 dum
2181 5127 2338 5173 enata
2384 5126 2533 5183 sunt,
2560 5117 2654 5172 sed
2694 5116 2949 5186 deinceps
2998 5124 3124 5171 actu
3164 5116 3444 5186 proditura
3481 5123 3608 5169 sunt

2031 5210 2086 5264 in
2125 5210 2317 5265 lucem.
2351 5210 2539 5264 Adhuc
2562 5218 2619 5264 et
2648 5208 2755 5262 alio
2778 5207 2962 5272 modo,
2988 5206 3227 5263 solemus
3262 5204 3416 5278 logon
3449 5220 3604 5261 usur-

2033 5315 2186 5368 pare,
2242 5316 2339 5371 pro
2382 5301 2711 5357 intellectiva
2761 5300 2896 5356 artis
2947 5300 3175 5369 alicujus
3222 5308 3315 5353 aut
3364 5298 3607 5354 scientim

2038 5391 2316 5454 facultate,
2342 5392 2591 5462 quodque
2614 5392 2859 5448 omnium
2894 5401 2945 5448 et
2983 5392 3316 5460 singulorum
3343 5388 3593 5444 istiusmo

781 5616 828 5646 "
855 5616 1007 5671 Jnan.
1039 5633 1149 5682 xw,
1184 5618 1269 5672 10.
1344 5618 1387 5651 ⁸⁵
1412 5618 1563 5672 Joan.
1603 5634 1643 5683 ι,
1677 5620 1725 5674 1.
1802 5618 1848 5650 ³⁵
1876 5616 2003 5672 ibid.
2077 5615 2124 5648 "
2145 5615 2273 5669 ibid.

2092 5754 2202 5819 (53)
2233 5752 2324 5807 Sic
2357 5753 2539 5816 codd.,
2571 5752 2659 5820 qui
2702 5766 2814 5822 om.
2868 5765 3099 5822 sequens
3140 5751 3192 5816 ό,
3227 5747 3315 5801 hic
3362 5752 3417 5800 et
3460 5742 3607 5802 infra

2025 5826 2223 5879 addunt
2250 5837 2505 5883 numeros
2532 5819 2733 5876 omisso
2757 5819 2819 5875 δ’,
