4158 6390
500 354 615 415 997

1154 351 1430 410 EUSEBII
1468 350 1950 408 CESARIENSIS
1985 350 2138 411 OPP.
2177 353 2359 417 PARS
2397 348 2483 408 IV.
2524 382 2593 391 -—
2629 334 3053 407 DOGMATICA.

3660 318 3883 410 εἱς-ε’

484 474 556 529 'di
590 472 986 533 theorematum
1039 468 1550 537 comprehensivum
1575 478 1681 533 est,
1712 469 1881 525 veluti
1911 470 2081 525 mcdi-

2193 467 2290 519 τῶν
2330 466 2439 519 τῶν
2476 461 2695 518 τοιῶνδε
2743 463 3115 536 θεωρημάτων
3169 460 3595 534 καταληπτικὸν,
3652 462 3846 519 οἷον

501 577 626 618 cum
640 599 661 629 ,
697 559 1183 615 architectonicum
1202 597 1218 621 ,
1246 557 1653 627 geometricum.

1118 668 1271 723 CAP.
1312 667 1453 723 XIV.

573 758 820 828 Qualiter
845 761 1153 821 exponenda
1178 760 1245 840 sit
1270 758 1560 840 evangelica
1598 761 1662 813 de
1693 756 1856 812 Verbo
1889 757 2012 812 doc-

1202 837 1379 897 ιινιηιι.

573 936 840 1007 Quocirca
873 950 996 993 cum
1024 934 1180 1007 logos
1205 936 1278 991 ita
1322 936 1684 992 diversimode
1722 937 2078 1008 intelligatur,

503 1032 651 1086 etab
680 1027 1033 1099 evangelista,
1075 1027 1354 1081 indeﬁnite
1375 1028 1579 1082 dictum
1611 1027 1703 1094 sit,
1734 1027 1801 1082 In
1827 1030 2083 1099 principio

502 1128 619 1175 erat
674 1116 927 1181 Verbum,
970 1124 1023 1171 et
1061 1115 1290 1173 Verbum
1321 1117 1455 1170 illud
1489 1126 1600 1171 erat
1643 1119 1785 1187 apud
1824 1118 2014 1187 Deum,
2038 1132 2085 1176 et

503 1208 647 1264 Deus
684 1217 801 1263 erat
850 1205 1099 1272 Verbum,
1146 1207 1664 1262 animadvertendus
1703 1207 1793 1262 hic
1828 1223 1957 1264 usus
1981 1208 2115 1275 est,‘

503 1307 559 1353 ct
586 1297 987 1366 dignoscendus
1025 1298 1177 1352 vocis
1207 1296 1349 1351 illius
1392 1297 1522 1366 logi,
1555 1312 1725 1353 novus
1756 1305 1811 1353 et
1839 1298 2086 1369 peregri-

504 1404 605 1444 nus
620 1402 773 1453 usus,
806 1397 1198 1460 quem,pra:ter
1218 1387 1339 1442 illos
1358 1402 1493 1458 quos
1518 1388 2086 1456 commemoravimus,

501 1479 831 1552 evangelista
871 1479 1096 1534 tradidit
1128 1479 1407 1534 indeﬁnite
1447 1480 1672 1550 loquens
1694 1477 1964 1534 Verbum:
1995 1480 2105 1541 ad-,

499 1571 693 1642 iiciens
715 1581 896 1627 autem
917 1569 1263 1641 peregrinum
1287 1581 1341 1625 et
1369 1570 1800 1640 inexspectatum
1825 1570 1968 1625 illius
1996 1585 2091 1625 vo-

503 1663 586 1719 cis
613 1677 857 1727 sensum,
887 1663 953 1715 ad
993 1660 1100 1714 vim
1134 1669 1189 1716 et
1231 1661 1489 1716 virtutem
1529 1662 1804 1731 propriam
1833 1660 1956 1730 ejus
1987 1662 2089 1731 adg

504 1761 746 1824 aptatum
774 1753 827 1808 in
856 1766 925 1807 eo
951 1751 1092 1821 quod
1117 1751 1284 1815 addit,
1303 1749 1368 1805 Et
1399 1730 1539 1805 Deus
1567 1754 1677 1805 erat
1702 1750 1894 1822 Logos.
1925 1730 2090 1818 Quasi

2185 556 2444 629 ἰατρικὸν,
2474 556 2508 626 ἦ
2543 553 3001 625 ἀρχιτεκτονικὸν,
3038 555 3071 625 ἢ
3105 554 3476 625 γεωμετρικόν
3501 556 3697 624 λόγον.

2830 667 2984 719 ΚΕΦ.
3019 668 3117 719 1Δ’.

2185 757 2379 826 Ὅπως
2433 756 2549 827 χρὴ
2593 754 3003 827 διερμηνεύειν
3025 755 3160 827 Ατὴν
3188 757 3589 827 εὐαγγελικὴν
3632 757 3833 827 ,περὶ

2571 827 2678 879 τοῦ
2710 827 2906 895 Λόγου
2952 824 3355 879 διδασκαλίαν
3464 866 3469 871 .

2254 939 2537 1011 Διαφόρων
2588 937 2769 992 τοίνυν
2819 937 3037 1008 τρόπων
3076 939 3498 1009 παρισταμένων
3550 940 3617 993 ἐκ
3669 940 3842 1010 τῆς·⁸

2183 1028 2278 1084 τοῦ
2304 1030 2463 1098 λόγου
2499 1031 2702 1099 φωνῆς,
2739 1027 2833 1081 τοῦ
2863 1045 2922 1081 τε
2965 1026 3349 1096 εὐαγγελιποῦ
3377 1028 3664 1093 ἀπολύτως
3695 1031 3827 1082 εξ-

2190 1120 2437 1192 ρηκὸτοςν
2476 1121 2579 1173 Ἐν
2625 1119 2785 1188 ἀρχῆ
2835 1114 2913 1188 ἦν
2946 1121 2980 1173 δ
3011 1120 3221 1189 Λόγος,
3278 1117 3378 1171 και
3403 1122 3436 1173 δ
3459 1121 3647 1190 Λόγος
3690 1117 3825 1188 ἦν

2187 1211 2335 1280 πρὸς
2355 1211 2461 1263 τὸν
2488 1209 2656 1273 Θεὸν,
2686 1210 2785 1264 καὶ
2816 1209 2961 1275 Θεὸς
2980 1205 3060 1279 ἦν
3088 1211 3121 1263 ό
3144 1210 3352 1277 Λόγος,
3386 1212 3652 1280 προσήκει
3676 1211 3825 1263 τὸν

2186 1300 2311 1353 νοῦν
2333 1298 2443 1370 (54)
2462 1300 2828 1370 ἐπιστήσαντα
2852 1298 3209 1369 καταμαθεῖν,
3230 1299 3306 1363 ὡς
3331 1298 3477 1364 ξένον
3498 1318 3548 1354 τι
3574 1304 3817 1371 χρῆμα

2187 1389 2345 1458 λόγου
2377 1388 2527 1460 παρὰ
2556 1388 2625 1445 τὰ
2666 1389 2982 1460 ἐγνωσμένα
3016 1391 3148 1462 ήμῖν
3186 1390 3215 1441 6
3251 1389 3639 1460 εὐαγγελιστὴς
3676 1391 3815 1442 ἐπὶ

2188 1479 2281 1533 τοῦ
2310 1479 2574 1551 παρόντος
2603 1478 2991 1549 παραδίδωσιν,
3018 1478 3302 1542 ἁπολύτως
3333 1481 3431 1549 μὲν
3463 1479 3632 1533 εἰπὼν
3654 1480 3809 1533 Λό-

2188 1587 2304 1639 γον,
2354 1570 2609 1640 προσθεὶς
2647 1569 2704 1623 δὲ
2739 1569 2800 1622 τὸ
2839 1569 2986 1633 ξένον
3024 1570 3118 1627 καὶ
3151 1570 3452 1641 παράδοξον
3489 1570 3585 1641 τῆς
3628 1571 3753 1624 mea.
3774 1600 3807 1611 ς

2191 1661 2387 1733 ζούσης
2411 1660 2558 1731 αὐτῷ
2589 1659 2869 1731 δυνάμεως
2897 1662 2956 1713 ἐν
2988 1660 3064 1732 τῷ
3090 1661 3189 1716 καὶ
3212 1661 3357 1728 Θεὸς
3378 1658 3459 1731 ἦν
3494 1664 3528 1715 ό
3553 1663 3803 1730 Λόγοςς

2190 1752 2281 1825 Μή
2328 1752 2437 1825 γὰρ
2468 1740 2579 1806 τῶν
2606 1752 2743 1825 πρός
2792 1769 2865 1817 τι,
2895 1752 3062 1823 φησὶ,
3108 1753 3296 1824 νόμιζε
3329 1749 3467 1807 εἶναι
3512 1754 3606 1806 καὶΙ
3643 1753 3805 1806 τοῦ-

507 1844 715 1899 diceret
753 1859 768 1895 :
803 1841 988 1898 Nolito
1016 1842 1352 1908 existimare,
1381 1843 1484 1897 hoc
1512 1842 1651 1896 inter
1693 1858 1789 1897 eas
1807 1858 1928 1898 esse
1961 1858 2081 1912 qua:

2193 1860 2291 1908 εον,
2316 1843 2391 1904 ὡς
2414 1844 2505 1897 τὸν
2531 1844 2588 1896 ἐν
2612 1843 2757 1917 ψυχῇ
2786 1841 2963 1910 λόγον,
2993 1845 3025 1914 ἢ
3049 1844 3125 1908 ὡς
3151 1844 3241 1898 τὸν
3273 1844 3360 1898 διὰ
3389 1844 3571 1914 φωνῆς
3603 1845 3803 1898 ἀκου-

503 1942 632 1989 3unt
658 1933 727 1989 ad
764 1933 990 2003 aliquid,
1022 1942 1080 1987 ut
1109 1933 1260 1999 logos
1290 1934 1383 2003 qui
1438 1935 1490 1988 in
1531 1933 1711 1988 anima
1747 1945 1851 2001 est,
1887 1943 1980 1989 aut
2009 1934 2088 1989 lo-

506 2039 604 2095 gos
621 2023 714 2094 qui
743 2038 841 2093 per
885 2038 1073 2079 vocem
1115 2025 1430 2094 percipitur,
1459 2026 1619 2093 quive
1664 2024 1959 2080 seminibus
2003 2025 2088 2079 ia-

506 2125 590 2172 est
633 2115 1043 2187 corporalibus,
1083 2121 1141 2180 ᾗ
1197 2125 1292 2170 aut
1349 2117 1602 2172 consistit
1650 2117 1703 2171 in
1763 2117 2087 2172 tbeoremasi

508 2209 930 2264 mathematicis.
979 2208 1041 2263 Hi
1065 2223 1255 2264 omnes
1276 2208 1449 2275 λόγοι,
1472 2223 1593 2263 cum
1623 2208 1731 2262 sint
1763 2209 1829 2262 ad
1854 2209 2052 2277 aliquid
2070 2247 2089 2275 ,

508 2300 563 2354 in
592 2297 697 2354 alia
734 2309 789 2354 et
832 2299 1046 2353 diversa
1080 2299 1491 2370 prasexsistente
1537 2298 1841 2354 substantia
1894 2299 2092 2353 inteliio

508 2396 711 2458 guntur
741 2406 755 2442 :
783 2397 840 2443 at
865 2387 1009 2443 Deus
1046 2387 1217 2459 logos,
1251 2403 1356 2443 non
1403 2387 1573 2444 altero
1606 2388 1808 2459 indiget
1837 2389 2095 2459 pransi-

509 2488 687 2535 stente
707 2495 722 2533 :
743 2490 805 2534 ut
829 2478 882 2534 in
924 2479 1043 2550 ipso
1067 2479 1138 2533 sit
1164 2486 1221 2534 et
1248 2480 1509 2535 subsistat
1544 2496 1557 2532 :
1587 2481 1680 2535 sed
1706 2496 1801 2550 per
1825 2496 1882 2535 se
1905 2481 2093 2536 vivens

508 2579 592 2625 est
611 2578 666 2626 et
679 2570 1001 2632 subsistens.
1013 2568 1181 2624 veluti
1200 2570 1290 2641 qui
1306 2570 1447 2624 Dens
1462 2570 1554 2626 sit.
1566 2588 1585 2621 ι
1607 2569 1750 2625 Deus
1763 2589 1780 2621 ι
1791 2570 1931 2626 enim
1942 2589 1960 2621 ι
1974 2578 2091 2624 erat

505 2660 705 2730 Λόγος.
720 2678 740 2712 ο
755 2659 895 2716 Cum
922 2674 1049 2713 vero
1065 2660 1232 2714 Deum
1256 2659 1402 2714 illum
1420 2659 1620 2714 dictum
1644 2660 1857 2726 audias,
1873 2674 1938 2714 ne
1949 2660 2091 2715 acci-

508 2752 630 2821 pias
676 2749 899 2815 dictum,
926 2748 1079 2820 quasi
1109 2750 1227 2804 sine
1256 2748 1526 2820 principio
1550 2750 1875 2820 ingenitum,
1902 2765 2091 2820 quem~

512 2840 801 2897 admodum
815 2841 1061 2896 Patrem.
1082 2840 1237 2897 Disce
1273 2848 1455 2896 autem
1486 2842 1630 2912 quod
1652 2842 1722 2895 ita
1751 2841 1806 2896 in
1826 2841 2093 2912 principio

512 2940 631 2985 erat
664 2930 765 2986 iste
797 2930 961 2997 Deus,
977 2929 1172 2998 Λόγος.
1192 2930 1473 2997 Quodnam
1490 2946 1620 2986 vero
1645 2932 1817 3001 ipsius
1845 2932 2092 2987 intendat

513 3020 862 3091 principium,
911 3019 1226 3076 manifcstat
1281 3019 1336 3075 in
1386 3022 1798 3091 sequentibus:
1842 3037 1948 3076 non
2008 3023 2089 3077 in-

514 3109 730 3179 quiens,
764 3110 834 3166 Et
866 3109 1104 3167 Verbum
1134 3119 1254 3166 erat
1293 3109 1383 3165 ille
1433 3110 1594 3179 Deus,
1632 3128 1753 3167 cum
1789 3112 2088 3181 adiectione

516 3200 730 3257 articuli
757 3219 771 3256 :
809 3209 870 3256 ut
903 3216 970 3257 ne
999 3200 1150 3256 illum
1175 3214 1316 3266 esse,
1345 3203 1436 3271 qui
1469 3211 1554 3257 est
1579 3215 1740 3271 super
1766 3203 1968 3269 omnia,
1998 3204 2091 3259 de-

516 3291 924 3348 ﬁniret.Verum
955 3308 1023 3348 ne
1050 3278 1207 3357 dixit,
1236 3289 1307 3345 In
1332 3290 1460 3356 Deo,
1487 3306 1552 3346 ne
1577 3289 1643 3348 ad
1675 3292 1966 3347 humanam
1999 3292 2095 3346 de-

512 3385 667 3454 jiciat
693 3400 816 3441 eum
851 3383 1298 3448 similitudinem;
1326 3384 1440 3446 sed,
1474 3391 1531 3438 et
1559 3382 1805 3450 Verbum,
1841 3385 1939 3449 ait,
1978 3393 2091 3437 erat

518 3470 661 3544 apud
699 3474 887 3531 Deum.
916 3473 1049 3529 Nam
1094 3475 1137 3530 si
1187 3475 1522 3545 protulisset,
1569 3474 1634 3531 Et
1682 3473 1916 3530 Verbum
1965 3473 2093 3529 illud

519 3573 660 3632 erat,
692 3566 747 3620 in
779 3565 911 3633 Deo,
945 3567 1109 3621 veluti
1132 3565 1402 3636 quoddam
1435 3566 1687 3621 accidens
1739 3566 1792 3620 in
1828 3566 2095 3636 subjecto,

522 3667 616 3719 aut
642 3667 897 3729 tanquam
917 3658 1060 3713 aliud
1090 3659 1142 3713 in
1166 3657 1293 3725 alio,
1310 3659 1664 3727 compositum
1694 3658 1763 3712 ita
1786 3658 1950 3713 Deum
1971 3659 2098 3713 sub-

523 3746 788 3802 stituisset
819 3734 1173 3802 substernens
1199 3747 1346 3802 illum
1391 3748 1551 3802 veluti
1582 3750 1940 3803 snhs3antiam
1980 3750 2097 3804 sine

526 3836 689 3909 λόγῳ,
737 3845 793 3894 et
833 3838 987 3908 logon
1025 3839 1341 3894 substantia:
1394 3840 1544 3893 velut
1592 3838 1863 3895 accidens.
1895 3838 1949 3893 In
1991 3854 2095 3908 qua

525 3928 780 3998 opinione
808 3940 931 3982 cum
961 3928 1245 3985 Marcellus
1274 3938 1439 3996 esset,
1466 3930 1681 3986 Patrem
1696 3940 1869 4001 atque
1900 3929 2095 3984 Filium

529 4018 583 4071 in
609 4015 750 4069 idem
767 4016 1305 4086 cogit,snbstanliam
1338 4018 1613 4087 appellans
1642 4015 2095 4083 Patrem,Filium

527 4120 657 4161 vero
685 4105 740 4160 in
771 4106 887 4176 ipso
933 4106 1281 4162 exsistentem
1302 4150 1318 4174 ,
1352 4109 1625 4162 accidens.
1676 4108 1755 4163 lla
1810 4107 1973 4161 Deum
2005 4104 2095 4176 qui

527 4198 862 4252 concesserit
901 4197 1017 4253 sine
1052 4197 1216 4268 λόγῳ,
1247 4198 1411 4267 impio
1458 4212 1518 4252 se
1567 4206 1731 4268 atque
1785 4196 2098 4264 blaspltemo

528 4288 765 4357 dogmati
798 4287 1117 4358 lmplicabit,
1148 4303 1270 4343 cum
1301 4288 1547 4343 admittat
1577 4287 1665 4343 ille
1690 4288 1854 4343 Deum
1882 4288 2096 4357 ἄλογον,

523 4372 714 4447 utpote
738 4368 827 4448 qui
874 4378 1031 4447 λόγον
1071 4378 1213 4433 inse
1253 4378 1449 4434 habeat
1490 4388 1743 4448 tanquam
1790 4378 2044 4434 accidens
2079 4396 2094 4432 :

529 4484 636 4526 non
677 4479 854 4545 autem
893 4473 965 4527 sit
994 4472 1106 4540 ipse
1155 4471 1329 4541 λόγος.
1362 4472 1518 4538 ',Cum
1552 4472 1777 4527 omnino
1822 4470 2096 4525 fatendum

529 4559 602 4614 sit
651 4559 910 4624 divinum,
929 4560 1272 4628 ineﬂ'ahilem,
1295 4561 1513 4625 bonum,
1543 4560 1862 4630 simplicem,
1892 4561 2097 4616 incom-

532 4650 789 4719 positum,
804 4651 1145 4718 uniformem,
1165 4667 1327 4721 supra
1346 4652 1529 4707 omnia
1555 4666 1678 4708 esse
1705 4654 1878 4722 ipsum
1898 4653 2062 4707 Deum
2082 4670 2096 4707 :

535 4739 732 4809 ipsum,
766 4741 1008 4812 inquam,
1027 4743 1336 4812 αὑτόλογον,
1355 4743 1699 4814 αὑτοσοφίαν,
1721 4741 1989 4813 αὑτοφὼς,
2002 4745 2103 4798 αὺ-

535 4834 765 4905 τοζωὴν,
793 4835 1116 4902 αὑτόκαλον,
1147 4836 1514 4905 αὑτοὰγαθον,
1550 4845 1645 4891 aut
1685 4836 1729 4891 si
1775 4837 1904 4907 quid
1950 4836 2098 4892 hisce

537 4925 846 4981 nominibus
889 4928 1065 4997 majus
1102 4935 1159 4982 et
1196 4927 1539 4998 praestantius
1571 4927 1866 4998 excogitari
1911 4936 2104 4999 queat.

537 5014 647 5068 lmo
669 5031 801 5073 vero
828 5018 1006 5087 potius
1032 5018 1173 5087 quod
1214 5019 1440 5072 excedat
1469 5026 1704 5072 mentem
1747 5033 1989 5086 omnem,
2018 5034 2104 5073 su-

540 5116 693 5176 pcret
738 5123 953 5165 omnem
986 5109 1367 5181 cogitationem
1404 5119 1461 5164 et
1506 5109 1941 5180 disquisitionem
1980 5110 2101 5165 ani-

2116 3166 2158 3224 ο

617 5288 679 5348 rit
718 5283 814 5338 Ed.
843 5283 1018 5341 Paris.
1042 5300 1163 5354 pag.
1195 5286 1311 5342 121.

616 5440 725 5517 (fit!
760 5437 931 5517 Vulgo
962 5445 1376 5517 καταστήσαντα
1405 5452 1459 5499 et
1484 5459 1606 5517 mox
1629 5447 1797 5517 εἰπὼν
1822 5447 1995 5517 λόγος.

580 5507 730 5610 τςξξ)
755 5507 1201 5610 inlexit-.3151
1224 5511 1362 5579 Mox,
1390 5519 1503 5570 loco
1526 5515 1688 5581 αὑτός
1740 5518 1791 5572 in
1824 5507 1972 5577 corr;
2012 5534 2102 5589 γρο

552 5580 726 5642 οὗτος,
755 5588 829 5661 οι⁹
848 5580 920 5634 ita
947 5580 1103 5635 codd.
1147 5580 1170 5583 ”

761 5647 1065 5724 Χυῑερ.μέν
1098 5651 1494 5724 οὑσιίανᾲκαλῶν
1526 5654 1642 5724 μέν.

622 5652 709 5709 (56
764 5652 1065 5720 νῑιΙεο.μέν
1098 5652 1283 5705 οὐσίαν
1315 5669 1384 5705 κα

622 5652 731 5787 (37;
760 5718 863 5788 Mp.
894 5718 965 5773 τσ.
1003 5720 1384 5793 συμϐεϐηκότι.

2186 1936 2401 2009 όμενον,
2451 1935 2484 2007 ἢ
2532 1935 2608 1999 ὡς
2659 1936 2750 1990 τὸν
2793 1937 2851 1992 ὲν
2902 1937 3233 2006 σωματικοῖς
3270 1934 3402 1989 ὄντα
3434 1934 3792 2006 σπέρμασιν,

2187 2026 2224 2097 ἢ
2262 2027 2337 2090 ὡς
2376 2026 2468 2080 τὸν
2520 2028 2577 2080 ἐν
2629 2026 3031 2098 μαθηματικοῖς
3080 2025 3366 2097 ὑφεστῶτα
3396 2025 3789 2096 θεωρήμασιν.

2188 2111 2344 2171 Οὗτοι
2373 2109 2491 2191 γὰρ’
2514 2116 2733 2180 πάντες,
2754 2116 2863 2170 τῶν
2885 2116 3020 2189 πρός
3045 2134 3097 2169 τι
3117 2116 3288 2180 ὀντες,
3320 2118 3378 2169 ἐν
3408 2115 3570 2186 ἑτέρᾳ
3594 2120 3788 2186 προῦ-

2189 2206 2484 2276 ποκειμένῃ
2546 2205 2791 2259 νοοῦνται
2856 2205 3030 2277 οὐσίᾳ’
3088 2206 3118 2258 6
3169 2203 3227 2257 δὲ
3272 2202 3405 2267 Θεὸς
3444 2204 3615 2271 Λόγος
3668 2203 3797 2273 οὐχ.

2189 2295 2377 2367 ἐτέρου
2409 2296 2576 2350 δεῖται
2603 2295 2696 2349 τοῦ
2730 2296 3220 2367 προῦποκειμένου,
3253 2295 3319 2348 ἵν’
3352 2296 3411 2348 ἐν
3436 2294 3586 2365 αὑτῷ
3616 2294 3785 2363 γενό-

2193 2404 2349 2457 μενος
2398 2388 2506 2459 (55)
2549 2389 2753 2458 ὑποστῇ
2777 2404 2791 2417 ο
2843 2386 2963 2440 καθ’
2994 2384 3184 2440 ἐαυτὸν
3254 2383 3312 2438 δέ
3370 2385 3485 2437 ἐστι
3515 2384 3642 2450 ζῶν,
3673 2384 3782 2437 καὶ

2190 2478 2456 2550 ὑφεστὼς,
2486 2480 2581 2533 am
2597 2479 2729 2543 Θεὸς
2749 2477 2842 2532 ὥν·
2874 2478 3064 2541 «Θεὸς»
3093 2476 3201 2547 γὰρ
3228 2472 3325 2547 «ἦν
3340 2477 3368 2528 6
3385 2476 3577 2545 Λόγος⁶
3592 2460 3615 2527 ιΔ
3635 2476 3778 2530 Θεὸν

2188 2571 2245 2630 δὲ
2278 2570 2441 2626 αὐτὸν
2471 2567 2703 2631 ἁκούων,
2740 2568 2893 2637 φησι,
2934 2566 3008 2639 μὴ
3050 2566 3282 2640 ἄναρχον
3323 2566 3419 2620 καὶ
3450 2566 3781 2638 ἀγέννητον,

2188 2662 2387 2734 ὁμοίως
2434 2660 2510 2733 τῷ
2553 2658 2718 2712 αὑτοῦ
2759 2660 2932 2729 Πατρὶ
2966 2659 3060 2711 καὶ
3098 2656 3260 2710 αὑτὸν
3299 2652 3438 2710 εἶναι
3473 2657 3775 2728 ὑπολάϐῃς,

2193 2754 2428 2827 μάνθανε
2476 2753 2554 2816 δὲ,
2598 2754 2680 2806 ὅτι
2728 2752 2785 2804 ἐν
2836 2752 2976 2823 ἀρχῇ
3023 2747 3091 2821 ἦν
3142 2741 3297 2813 οὗτος
3345 2751 3374 2803 6
3419 2749 3552 2813 Θεὸς
3575 2749 3766 2817 Λόγος.

2190 2849 2324 2902 Τίνα
2354 2846 2397 2899 δ’
2428 2844 2591 2899 αὑτοῦ
2626 2844 2723 2915 τὴν
2754 2841 2928 2914 ἀρχὴν
2967 2840 3286 2909 ὑφίσταται,
3321 2839 3573 2909 διασαφεῖ
3619 2840 3770 2911 ἑξῆς,

2189 2938 2291 2992 οὑκ
2341 2935 2530 2997 εἰπὼν.
2567 2936 2678 2988 Καὶ
2706 2937 2734 2986 6
2768 2933 2939 3001 Λόγος
2981 2928 3048 3002 ἦν
3094 2933 3122 2985 6
3148 2932 3299 2996 Θεὸς,
3346 2930 3483 3001 μετὰ
3526 2931 3625 3001 τῆς
3674 2930 3783 2987 toi

2190 3027 2391 3099 ἄρθρου
2434 3026 2734 3097 προθήκης,
2773 3022 2858 3076 ἴνα
2894 3022 2969 3095 μή
3003 3021 3162 3075 αὑτὸν
3209 3017 3345 3074 εἷναι
3369 3020 3459 3072 τὸν
3504 3020 3598 3074 ἐπὶ
3639 3021 3775 3073 πάν-

2190 3130 2297 3167 των
2343 3113 2623 3183 όρῖσηται,
2672 3110 2786 3163 ἀλλ’
2819 3110 2949 3175 οὐδ’,
3011 3111 3068 3162 ἐν
3104 3109 3182 3179 τῷ
3210 3108 3349 3179 Θεῷ,
3396 3109 3483 3163 ἵνα
3524 3107 3597 3180 μὴ
3665 3127 3769 3162 καφ

2190 3201 2399 3275 ταϐἀλῃ
2441 3202 2531 3254 ἐπὶ
2572 3201 2668 3271 τήν
2720 3198 3067 3271 ἀνθρωπίνην
3124 3198 3434 3269 ὁμοιότητα·
3482 3198 3619 3252 ἀλλὰ
3644 3199 3774 3253 Καὶ

2192 3295 2226 3347 ό
2260 3294 2447 3362 Λόγης
2480 3287 2556 3361 ἦν
2580 3290 2728 3359 πρὸς
2760 3288 2865 3343 τόν
2900 3288 3069 3355 Θεὸν,
3111 3309 3130 3341 ι
3160 3288 3285 3360 ἔφη.
3321 3290 3383 3343 El
3404 3289 3511 3362 γὰρ
3540 3291 3772 3362 εἰρήκει,

2194 3382 2303 3439 Καὶ
2365 3383 2394 3436 6
2427 3382 2594 3450 Λόγος
2650 3377 2718 3454 ἦν
2761 3382 2817 3434 ἐν
2860 3380 2938 3451 τῷ
2980 3380 3136 3451 Θεῷ,
3182 3380 3258 3443 ὡς
3307 3382 3365 3433 ἐν
3429 3380 3783 3453 ὑποκειμένῳ.

2197 3472 2561 3545 συμϐεϐηκὸς,
2591 3474 2684 3527 καὶ
2712 3473 2787 3536 ὡς
2814 3473 2998 3544 ἕτερον
3038 3473 3095 3525 ἐν
3138 3469 3307 3544 ἑτέρῳ
3344 3473 3487 3537 δοὺς,
3522 3472 3775 3526 σύνθετον

2195 3566 2382 3637 ὥσπερ
2417 3567 2601 3637 εἰσῆγε
2643 3565 2731 3617 τὸν
2765 3564 2896 3617 Θεὸν
2929 3564 3117 3618 οὑσίαν
3159 3564 3320 3617 αὑτὸν
3386 3563 3772 3633 ὑποτιθέμενος

2193 3657 2315 3727 δίχα
2347 3657 2526 3725 λόγου,
2552 3655 2894 3727 συμϐεϐηκὸς
2917 3654 2973 3707 δὲ
3003 3657 3069 3726 τῇ
3091 3654 3247 3725 οὐσίᾳ
3278 3654 3369 3708 τὸν
3389 3653 3566 3722 λόγον.
3599 3654 3787 3723 Ὅπερ.

2195 3749 2398 3821 οἰηθεὶς
2430 3748 2743 3821 Μάρκελλος
2773 3746 2865 3799 τὸν
2896 3745 3113 3814 Πατέρα
3146 3745 3240 3798 καὶ
3282 3745 3375 3797 τὸν
3398 3744 3526 3799 Υἱὸν
3574 3743 3665 3797 ἐπὶ
3712 3742 3785 3797 τὸ

2197 3839 2328 3894 αὑτὸ
2362 3840 2600 3906 συνάγει,
2626 3838 2725 3907 τὴν
2748 3836 2857 3908 (56)
2895 3836 2992 3907 μὲν
3010 3835 3198 3888 οὐσίαν
3217 3834 3395 3888 καλῶν
3423 3834 3514 3887 τὸν
3531 3834 3781 3905 Πατέρα,
3804 3904 3811 3913 .

2195 3931 2287 3984 τὸν
2318 3932 2362 3984 δ’
2395 3934 2451 3985 ἐν
2484 3929 2632 4000 αὐτῷ
2663 3929 2853 4000 Λόγον,
2888 3926 2978 3982 τὸν
3010 3927 3165 3982 Υἱόν’
3197 3927 3256 3980 οὑ
3300 3926 3665 3997 λογισόμενος,
3699 3925 3777 3988 ὡς

2196 4024 2225 4075 6
2282 4022 2444 4076 τοῦτο.
2483 3999 2681 4085 διδοὺς,
2736 3999 2827 4072 τὸν
2876 4010 3006 4072 Θεὸν
3048 4019 3176 4073 ἄνευ
3222 4018 3379 4086 λόγου
3423 4016 3774 4086 ὑποθέμενος,

2199 4115 2342 4185 ἀθέῳ
2365 4114 2459 4167 καὶ
2490 4110 2741 4164 δυσσεϐεῖ
2770 4108 3054 4182 περιπέσοι
3085 4108 3150 4163 ἂν
3179 4108 3405 4179 δόγματι
3427 4107 3558 4161 Θεὸν
3587 4104 3776 4173 ἄλογον

2199 4205 2654 4278 παραδεχόμενος,
2685 4202 2878 4273 ἔχοντα
2918 4202 3015 4273 μὲν
3052 4200 3208 4268 λόγον
3249 4199 3325 4262 ὡς
3360 4199 3469 4269 (57)
3504 4196 3781 4268 συμϐεϐη-

2198 4298 2330 4367 κότα
2361 4292 2417 4349 ἐν
2447 4294 2616 4366 αὐτῷ,
2649 4295 2710 4347 οὐ
2758 4292 2863 4364 μὴν
2907 4292 3068 4345 αὑτὸν
3106 4291 3232 4344 ὄντα
3272 4290 3449 4358 λόγον’
3477 4289 3615 4355 δέον,
3642 4288 3699 4341 ἐν
3724 4304 3776 4340 τι

2200 4390 2362 4453 θεῖον,
2392 4387 2648 4458 ἄρρητον,
2677 4383 2901 4453 ἀγαθὸν,
2946 4380 3171 4446 ἁπλοῦν,
3215 4380 3525 4444 ἀσύνθετον,
3573 4396 3781 4449 μονοει-

2130 4504 2172 4559 D
2199 4481 2305 4544 δές,
2354 4478 2414 4532 τὸ
2465 4476 2720 4529 ἐπέκεινα
2762 4474 2870 4527 τῶν
2917 4473 3054 4528 ὅλων
3122 4471 3423 4544 ὁμολογεῖν,
3476 4470 3589 4541 (58)
3618 4469 3780 4524 αὑτό-

2202 4569 2342 4632 θεον,
2404 4564 2691 4630 αὑτονοῦν,
2736 4564 3058 4633 αὑτολόγον,
3100 4561 3459 4631 αὑτοσοφίαν,
3509 4559 3778 4630 αὑτόφως,

2202 4657 2501 4727 αὑτοζωὴν,
2541 4654 2859 4716 αὑτόκαλον,
2893 4653 3230 4723 αὐτοαγαθον
3258 4652 3410 4717 ὄντα,
3452 4652 3547 4704 καὶ
3576 4650 3782 4704 τούτων

2205 4749 2313 4823 (59)
2348 4751 2378 4803 ὃ
2402 4768 2452 4803 τι
2483 4749 2547 4805 ἄν
2587 4766 2672 4812 τις
2698 4749 2944 4819 κρεῖττον
2976 4746 3301 4816 ἐπινοήσειε,
3347 4742 3543 4814 μᾶλλον
3569 4743 3612 4796 δ’
3643 4743 3782 4812 ὑπὲρ

2205 4842 2382 4897 πάντα
2432 4839 2576 4905 νοῦν,
2621 4839 2714 4892 καὶ
2767 4838 2946 4909 πάσης
2998 4837 3251 4890 ἐπέκεινα
3303 4834 3541 4897 διανοίας
3580 4840 3659 4887 τε
3688 4834 3785 4886 καὶ⁸

2206 4933 2575 5005 ἐνθυμήσεως.
2631 4930 2736 4983 Τὸν
2777 4930 2833 4982 δὲ
2868 4929 3058 4982 τούτου
3101 4927 3364 4998 μονογενῆ
3396 4927 3544 4991 Υἱὸν,
3590 4926 3667 4989 ὡς
3714 4924 3784 4978 ἂν

2207 5024 2392 5077 εἰκόνα
2433 5022 2530 5077 τοῦ
2561 5019 2793 5092 Πατρὸς,
2835 5019 2895 5085 ἐξ
2936 5019 3100 5074 αὑτοῦ
3147 5018 3341 5089 φύντα,
3388 5020 3563 5091 πάντη
3597 5036 3658 5073 τε
3691 5022 3787 5074 καὶ

2210 5113 2350 5168 κατὰ
2375 5113 2550 5171 πάντα
2574 5112 2889 5184 ὑμοιοτάτον
2916 5111 3044 5168 ὅντα
3066 5111 3143 5181 τῷ
3170 5111 3542 5182 γεγεννηκότι,
3572 5112 3667 5165 καὶ
3689 5113 3789 5166 αὑ-

2282 5444 2395 5507 (58l
2422 5443 2618 5515 Αὐτὸζ
2639 5438 2772 5499 οὖν.
2789 5443 2952 5515 Forte
2980 5443 3113 5497 αὐτὸ
3139 5446 3217 5499 ὃν.
3249 5443 3318 5498 Μ.
3338 5473 3410 5483 --
3431 5440 3599 5515 Vulgo
3624 5440 3789 5496 αὐτὸν

2213 5515 2335 5568 θεὸν
2366 5515 2528 5567 αὑτὸν
2559 5509 2652 5567 οὖν
2679 5528 2824 5568 corr.
2871 5512 2938 5569 Β.

2266 5584 2396 5655 1'59)
2421 5585 2539 5637 Ὅτι
2588 5582 2666 5655 ἀν
2704 5601 2812 5650 τις.
2857 5585 3014 5641 Forte
3047 5586 3099 5638 ei
3133 5603 3182 5638 τι
3216 5585 3280 5639 ἄν
3321 5601 3424 5647 τις.
3458 5581 3529 5637 Μ.
3563 5611 3630 5622 -—
3659 5583 3785 5635 Mox

2211 5653 2367 5723 vulgo
2402 5653 2641 5724 ἀμουντὰ
2670 5654 2787 5724 τήν.
