4160 6444
327 327 432 394 929

1271 317 1358 381 DE
1392 321 1930 383 ECCLESIASTICA
1967 323 2359 387 TilEOLOGIA
2409 331 2534 390 LIB.
2577 333 2641 390 ll.

3487 349 3593 410 930

325 439 416 495 τὸν
448 439 600 504 Θεὸν,
635 437 730 492 καὶ
753 435 895 504 νοῦν,
925 438 1022 493 καὶ
1056 438 1232 508 λόγον,
1259 441 1353 492 καὶ
1379 439 1593 508 σοφίαν,
1619 439 1713 491 καὶ
1739 439 1880 509 ζωὴν

2010 442 2103 496 mi.
2121 441 2289 510 Hujus
2332 456 2512 500 autem
2546 445 2586 499 F
2594 446 2740 500 ilium
2795 447 3151 518 unigenitum,
3203 455 3368 512 veluti
3416 460 3593 521 Patris

325 534 418 587 καὶ
450 533 566 601 φῶς
615 527 774 596 εἶναι,
817 528 981 586 αὑτοῦ
1027 549 1085 586 τε
1130 531 1224 585 τοῦ
1267 531 1432 585 καλοῦ
1461 532 1556 584 καὶ
1589 530 1794 599 ἀγαθοῦ
1827 533 1908 582 εί-

324 623 484 674 κόνα’
521 619 622 675 οὐκ
647 620 808 674 αὑτὸν
835 621 964 675 ὄντα
988 621 1080 674 τὸν
1113 620 1352 690 Πατέρα,
1385 621 1521 674 ἀλλά
1553 621 1644 674 τὸν
1675 620 1768 673 τοῦ
1793 622 1906 672 Πα-

325 707 452 782 τρὸς
487 712 746 783 μονογενῆ
781 712 910 764 Υίόν
934 729 949 742 ο
983 711 1088 764 οὐδ’
1108 711 1269 764 αὑτὸν
1314 711 1442 763 ὄντα
1477 711 1568 763 τὸν
1613 710 1908 780 ἀγέννητον

323 801 414 870 κα).
448 802 702 872 ἄναρχον,
748 803 882 855 ἀλλά
930 803 1020 855 τὸν
1065 803 1122 868 ἐξ
1174 803 1339 856 αὑτοῦ
1384 803 1556 872 φύντα
1602 804 1698 856 καὶ⁸
1733 803 1907 874 ἀρχὴν

323 894 763 964 ἐπιγραφόμενον
793 895 883 947 τὸν
910 894 1295 964 γεγεννηκότα.
1325 895 1386 946 El
1411 895 1486 958 δὲ,
1517 895 1724 957 τούτοις
1757 895 1906 947 ἀντι-

321 982 496 1050 λέγων
520 984 837 1054 Μάρκελλος
867 984 1060 1044 ταύτὸν
1089 979 1228 1037 εἶναι
1261 984 1372 1054 (40)
1405 985 1604 1053 φάσκοι
1633 985 1725 1038 τὸν
1751 985 1905 1049 Θεὸν,

322 1076 415 1127 καὶ
460 1075 551 1128 τὸν
590 1076 648 1129 ὲν
690 1075 838 1146 αὐτῷ
881 1077 1055 1145 Λόγον
1092 1076 1380 1130 ἀσύνθετον
1421 1079 1515 1131 καὶ
1566 1077 1770 1130 ἁπλοῦν
1817 1077 1906 1131 τὸν

321 1164 453 1218 Θεὸν
497 1164 828 1236 ὁριζόμενος,
862 1165 982 1237 ὥρα
1013 1165 1126 1236 (41)
1172 1167 1309 1236 μήτε
1341 1167 1561 1238 Πατέρα
1604 1168 1743 1238 μήτε
1775 1166 1907 1219 Υίὸν

313 1255 597 1326 ¹ὸμολογείέν
640 1255 822 1322 αὐτὸν,
868 1257 1126 1328 ἄντικρυς
1167 1258 1223 1310 δὲ
1256 1258 1346 1311 τὸν
1381 1258 1631 1311 Ἰουδαῖον
1667 1256 1906 1328 προϐάλ-

315 1343 533 1408 λεσθαι,
562 1345 596 1414 ἥ
627 1345 720 1398 τὸν
758 1346 1046 1399 Σασέλλιον
1087 1347 1328 1416 είσάγειν
1353 1387 1368 1413 ,
1399 1347 1617 1418 Πατέρα
1649 1346 1744 1401 καὶ
1776 1345 1903 1398 Υίὸν

315 1437 405 1491 τὸν
439 1437 598 1492 αὑτὸν
629 1435 766 1492 εἶναι
805 1439 1118 1509 φάσκοντα’
1155 1439 1296 1493 ὥστε
1339 1441 1459 1494 κατ’
1484 1441 1643 1494 αὑτὸν
1684 1441 1766 1502 τὸ,
1809 1439 1905 1490 Ἐν

308 1528 468 1597 ἀρχῇ
484 1525 562 1598 ἦν
585 1532 617 1582 ό
633 1531 842 1598 Λόγος,
863 1530 976 1584 ἴσον
1003 1527 1141 1585 εἶναι
1166 1531 1265 1602 τῷ,
1287 1532 1382 1584 Ἐν
1399 1531 1556 1601 ἀρχῇ
1581 1532 1660 1600 ἦν
1683 1534 1715 1584 ό
1737 1531 1900 1594 Θεός,

313 1620 404 1672 καὶ
430 1619 490 1672 τὸ
513 1659 527 1681 ,
563 1619 662 1672 καὶ
702 1623 737 1674 ό
768 1623 961 1690 Λόγος
991 1618 1072 1691 ἦν
1099 1621 1249 1689 πρὸς
1275 1622 1382 1674 τὸν
1411 1621 1580 1687 Θεὸν,
1618 1623 1730 1674 ίσον
1760 1615 1900 1672 εἶναι

2015 533 2332 602 imaginem,
2383 553 2449 591 ex
2486 537 2604 605 ipso
2652 549 2852 605 ortum,
2917 544 3140 599 omnino
3181 555 3235 601 et
3271 564 3366 618 per
3407 555 3588 610 omnia

2013 638 2170 691 quam
2199 625 2538 680 simillimum
2569 630 2798 697 genitori
2823 645 2940 698 suo,
2975 643 3030 688 et
3070 636 3243 704 ipsum
3277 643 3421 707 quod
3469 657 3589 699 cre-

2013 713 2104 767 dat
2133 713 2324 778 Deum,
2347 725 2402 769 et
2453 731 2709 785 mentem,
2736 730 2790 774 et
2826 721 3005 791 λόγον,
3041 734 3096 780 et
3126 728 3446 796 sapientiam
3473 771 3491 798 ,
3531 744 3586 788 et

2013 804 2199 868 vitam,
2234 814 2286 858 et
2313 807 2508 872 luccm,
2537 807 2679 864 illius
2716 811 2924 879 pulchri
2961 815 3256 886 imaginem
3292 831 3455 890 atque
3488 824 3587 878 bo-

2012 896 2064 949 ni
2105 913 2118 948 :
2154 912 2259 950 non
2292 905 2470 951 tamen
2503 899 2794 966 ipsummet
2824 905 3265 973 genitorem,sed
3298 910 3476 968 Patris
3498 917 3582 969 sui

2010 982 2205 1037 Filium
2238 987 2593 1052 unigenitum,
2619 1003 2725 1041 non
2757 990 2930 1058 ipsum
2959 994 3176 1062 quidem
3218 999 3582 1068 unigenitum,

2010 1083 2065 1125 et
2090 1073 2546 1142 it'nprincipiatum
2583 1093 2594 1128 :
2631 1077 2727 1129 sed
2774 1091 2838 1130 ex
2867 1077 2956 1132 illo
2993 1090 3194 1149 ortum,
3220 1083 3300 1138 sic
3334 1095 3391 1139 ut
3433 1088 3584 1155 prin-

2009 1161 2156 1229 pium
2203 1162 2284 1215 sui
2340 1163 2578 1218 ascribat
2618 1164 2787 1218 Patri.
2838 1166 2989 1234 Quod
3030 1171 3075 1225 si
3119 1171 3268 1228 hisce
3303 1178 3582 1232 contradi-

2007 1251 2176 1304 cendo
2204 1249 2514 1316 Marcellus,
2551 1253 2687 1306 idem
2720 1269 2842 1309 esse
2882 1271 2978 1324 per
3007 1261 3188 1315 omnia
3211 1263 3410 1319 dixerit
3432 1267 3580 1322 illum

2007 1339 2198 1406 Deum,
2231 1350 2284 1396 et
2313 1342 2439 1396 illud
2475 1349 2534 1406 »Β
2566 1343 2617 1398 in
2659 1360 2724 1400 eo
2767 1347 3002 1403 Verbum
3039 1352 3205 1407 Deum
3253 1355 3582 1426 incomposi-

2009 1441 2120 1485 tum
2155 1431 2421 1487 deﬁniens
2461 1443 2624 1504 atque
2668 1435 2968 1506 simplicem
3003 1457 3019 1507 ;
3053 1441 3233 1497 videat
3271 1461 3340 1501 ne
3375 1448 3458 1502 vel
3485 1449 3582 1504 Pa-

2008 1533 2144 1578 trem
2171 1523 2254 1579 vel
2278 1523 2472 1579 Filium
2509 1540 2630 1579 eum
2655 1541 2911 1597 agnoscat
2942 1546 2956 1584 :
2985 1533 3078 1586 sed
3103 1533 3342 1590 Judaeum
3373 1553 3430 1592 se
3453 1554 3581 1608 pro-

2005 1616 2116 1682 dat,
2152 1625 2243 1668 aut
2277 1632 2400 1670 cum
2439 1616 2677 1673 Sabellio
2703 1621 2915 1675 inducat
2947 1623 3159 1679 Patrem
3187 1630 3431 1683 eumdem
3464 1631 3580 1700 pla-

309 1708 407 1779 τῷ,
439 1710 535 1762 καὶ
569 1713 602 1763 ό
641 1711 788 1777 Θεὸς
818 1708 897 1781 ἦν
930 1712 1077 1780 πρὸς
1121 1712 1228 1766 τὸν
1266 1712 1434 1778 Θεὸν,
1479 1713 1683 1783 ὁμοίως
1719 1712 1776 1764 δὲ
1805 1709 1880 1764 κα“

2005 1719 2072 1758 ne
2111 1713 2270 1773 atque
2327 1703 2541 1758 Filium.
2606 1705 2672 1761 Ut
2724 1719 2852 1776 puta
2897 1726 3018 1766 cum
3068 1713 3208 1767 idem
3254 1727 3406 1771 sonet
3435 1721 3578 1788 apud

306 1798 367 1851 τὸ
398 1800 575 1870 τρίτον
608 1802 803 1854 ταύτὸν
853 1797 990 1856 εἶναι
1024 1803 1122 1874 τῷ,
1148 1804 1245 1857 καί
1275 1803 1420 1869 Θεὸς
1455 1799 1535 1874 ἦν
1575 1807 1608 1857 ό
1647 1803 1810 1869 Θεὸς,
1855 1803 1880 1856 ἃ

1994 1793 2162 1858 illum,
2194 1793 2258 1846 In
2275 1796 2531 1864 principio
2571 1805 2682 1849 erat
2731 1795 2956 1852 Verbum
2985 1841 3000 1866 ,
3034 1817 3098 1856 ac
3133 1804 3298 1868 illud,
3330 1805 3390 1858 In
3433 1785 3579 1875 prin-

305 1889 418 1959 (42)
453 1891 515 1961 δὴ
556 1892 689 1963 πρὸς
715 1893 793 1963 τῷ
826 1895 1187 1966 ἀσυναρτήτῳ
1216 1896 1308 1948 καὶ
1340 1893 1774 1967 παραλογώτατα
1802 1894 1886 1966 είη

304 1985 392 2038 ἄν.
428 1983 552 2047 Πῶς
582 1984 640 2038 δὲ
669 1987 763 2039 καὶ
787 1987 848 2039 τὸ
874 1987 1072 2040 πάντα
1105 1987 1179 2040 δι’
1215 1987 1400 2042 αὑτοῦ
1430 1987 1666 2057 ἐγένετο
1704 1986 1887 2057 χώραν

301 2074 434 2140 ἕξει,
481 2075 599 2138 ἐνὸς
651 2075 804 2140 ὄντος
862 2076 956 2129 τοῦ
1017 2077 1414 2147 ὑποκειμένους
1465 2077 1540 2129 Οὑ
1579 2075 1688 2146 γὰρ
1748 2095 1765 2126 ‹
1797 2073 1888 2127 ὑπ’

301 2165 466 2219 αὑτοῦ
501 2185 518 2218 ι
553 2167 741 2237 φησὶν,
774 2167 882 2219 οὐδ’
913 2185 930 2218 ι
952 2167 1011 2230 ἐξ
1042 2166 1204 2221 αὑτοῦ
1231 2186 1248 2218 ι
1292 2166 1360 2219 τὰ
1407 2166 1582 2219 πάντα
1630 2165 1889 2235 γεγεννῆ-

303 2257 448 2323 σθαι,
484 2256 622 2310 ἀλλά
674 2257 781 2310 (δι’
814 2256 998 2310 αὑτοῦ.
1023 2277 1041 2309 ι
1097 2259 1162 2310 Ἦ
1201 2258 1257 2311 δὲ
1300 2277 1318 2309 ι
1346 2258 1472 2311 διὰ»
1523 2257 1779 2326 πρόθεσις
1829 2257 1888 2309 τὸ

305 2348 636 2419 ὑπηρετικὸν
659 2348 912 2419 σημαίνει
930 2367 940 2380 ·
957 2349 1032 2412 ὼς
1049 2350 1076 2401 0
1091 2349 1251 2410 αὑτὸς
1279 2347 1670 2419 εὑαγγελιστὴς
1685 2346 1886 2418 προῖὼν

298 2437 432 2508 ἑξῆς
478 2440 771 2510 παρίστησι
851 2439 1060 2507 λέγων,
1105 2437 1136 2491 ὁ
1202 2439 1388 2506 νόμος
1435 2437 1533 2491 διὰ
1592 2436 1887 2503 Μωῢσέως

299 2527 496 2596 ἐδόθη,
538 2529 570 2595 ἠ
598 2529 771 2598 χάρις
806 2530 904 2583 καὶ
939 2531 976 2597 η
1009 2529 1258 2595 ἀλήθεια
1288 2529 1362 2581 δι’
1403 2528 1598 2596 Ἰησοῦ
1626 2529 1884 2596 Χριστοῦ

296 2619 552 2688 ἐγένετό
587 2620 662 2684 ὡς
694 2622 804 2692 γάρ
839 2622 868 2672 0
897 2621 1082 2692 νόμος,
1118 2622 1216 2675 οὑκ
1263 2621 1337 2674 ὢν
1380 2620 1739 2693 ἀνθρώπινος,
1775 2600 1884 2673 οὐδ’

294 2711 408 2780 (ιδ’)
455 2707 520 2764 αὖ
563 2710 661 2763 τοῦ
693 2712 970 2776 Μωῡσέως
1016 2713 1298 2784 ὑπάρχων,
1329 2713 1444 2765 ἀλλ’
1481 2715 1546 2766 ὲκ
1594 2713 1688 2765 τοῦ
1725 2711 1880 2775 Θεοῦ,

293 2804 532 2857 Μωῦσέα
559 2804 801 2857 διάκονον
833 2806 926 2858 καὶ
970 2805 1247 2876 ὑπηρέτην
1286 2805 1630 2875 ἐπεγράψατο
1675 2805 1772 2875 τῆς
1804 2805 1883 2867 είς

291 2893 608 2966 ἀνθρώπους
634 2894 920 2959 ἐκδόσεως,
956 2897 1048 2949 καὶ
1077 2896 1165 2949 διὰ
1191 2896 1348 2949 τοῦτο
1376 2891 1607 2968 εἴρηται,
1642 2901 1675 2951 ό
1701 2899 1883 2966 νόμος

289 2984 387 3038 διὰ
417 2985 716 3052 Μωῦσέως
755 2985 956 3054 ἐδόθη,
991 2987 1132 3040 οὕτω
1171 2990 1262 3041 καὶ
1304 2990 1336 3058 ὴ
1381 2989 1538 3060 χάρις
1591 2989 1656 3042 δι’
1703 2988 1879 3060 Ἰησοῦ

1992 1885 2126 1952 cipio
2149 1895 2257 1938 erat
2281 1883 2440 1938 Deus.
2466 1885 2530 1938 Et
2567 1885 2715 1952 illud,
2747 1886 2811 1939 Et
2841 1885 3060 1944 Verbum
3083 1904 3196 1947 erat
3221 1897 3361 1963 apud
3384 1896 3574 1964 Deum,

1991 1975 2310 2044 {equivalent
2357 1977 2452 2043 illi,
2487 1968 2552 2030 Et
2596 1977 2735 2033 Deus
2777 1992 2887 2035 erat
2926 1984 3066 2051 apud
3112 1985 3303 2039 Deum.
3339 1987 3407 2041 Et
3440 1989 3572 2046 illud

1995 2069 2209 2122 tertium
2245 2083 2348 2122 non
2381 2069 2451 2122 sit
2477 2069 2617 2122 aliud
2643 2086 2827 2139 quam,
2857 2061 2922 2126 Et
2945 2073 3084 2128 Deus
3114 2087 3225 2129 erat
3257 2078 3422 2133 Deus.
3442 2079 3574 2146 Qua:

1991 2168 2253 2229 praetcrea
2290 2161 2434 2228 quod
2483 2161 2794 2217 cohaereant
2843 2164 3041 2227 minus,
3071 2166 3142 2219 ab
3170 2169 3317 2221 omni
3359 2170 3574 2225 ratione

1987 2261 2115 2305 sunt
2145 2249 2494 2304 alienissima.
2546 2237 2680 2305 Nam
2710 2269 2942 2321 quonam
2977 2265 3134 2323 pacto
3163 2255 3338 2310 locum
3371 2259 3574 2314 habere

1990 2343 2191 2411 poterit
2222 2343 2370 2407 illud,
2407 2343 2596 2397 Omnia
2625 2362 2717 2413 per
2743 2346 2913 2413 ipsum
2943 2346 3086 2414 facta
3127 2357 3270 2415 sunt,
3305 2365 3426 2403 cum
3455 2352 3574 2404 uni-

1989 2433 2597 2504 cumsitsuppositum?
2628 2445 2680 2490 et
2715 2433 2997 2507 Scriptura
3054 2438 3265 2505 doceat,
3301 2455 3406 2494 non
3450 2460 3468 2492 ι
3502 2443 3570 2497 ab

1989 2522 2106 2577 illo»
2141 2523 2336 2577 nedum
2361 2542 2379 2574 ι
2404 2525 2637 2589 ειίΙΙο,›
2680 2527 2773 2580 sed
2811 2542 2936 2595 «per
2965 2527 3145 2580 illum»
3182 2529 3360 2583 omnia
3405 2529 3570 2592 fuisse

1988 2612 2156 2667 facta?
2181 2595 2245 2666 Et
2289 2613 2376 2666 illa
2409 2616 2823 2685 prmpositioper
2855 2615 3157 2672 ministrale
3189 2617 3319 2687 quid
3355 2619 3568 2688 signiti-

1987 2714 2092 2770 cet,
2133 2707 2582 2776 quemadmodum
2625 2709 2678 2763 in
2732 2710 3091 2778 sequentibus
3147 2711 3302 2766 docet
3337 2727 3570 2784 evange-

1986 2795 2132 2858 lista,
2173 2797 2442 2865 inquiens,
2475 2795 2582 2852 Lua:
2605 2816 2696 2860 per
2739 2798 2970 2869 Moysem
2994 2801 3120 2855 data
3151 2810 3226 2856 est
3259 2815 3278 2853 :
3318 2807 3491 2872 gratia
3515 2814 3563 2858 et

1986 2885 2170 2940 veritas
2203 2903 2298 2952 per
2323 2886 2501 2939 Iesum
2527 2885 2793 2940 Christum
2824 2887 2968 2956 facta
2997 2899 3072 2942 est
3104 2890 3170 2943 ⁸⁷.
3202 2891 3565 2956 Quemadmo-

1984 2977 2112 3030 dum
2143 2978 2284 3030 enim
2319 2976 2424 3046 lex,
2471 2992 2576 3030 non
2629 2977 2716 3030 illa
2751 2978 3028 3032 hominum
3061 2980 3143 3034 vel
3187 2979 3387 3050 Moysis
3417 2981 3562 3037 exsi-

289 3077 524 3149 Χριστοῦ
551 3078 786 3146 ἐγένετο,
818 3077 912 3130 τοῦ
939 3079 1152 3150 Πατρὸς
1183 3079 1350 3151 αὐτὴν
1394 3081 1482 3134 διὰ
1513 3079 1605 3132 τοῦ
1640 3080 1877 3151 Χριστοῦ

1984 3077 2152 3132 stens,
2175 3069 2268 3122 sed
2299 3067 2414 3131 Dei,
2441 3068 2528 3122 cui
2565 3067 2812 3122 minister
2831 3077 2885 3123 et
2912 3083 3101 3124 servus
3119 3069 3565 3127 subministrabat

289 3173 791 3244 κατεργασαμένου.
808 3173 1083 3237 Ὡσαύτως
1108 3169 1200 3228 οὖν
1230 3175 1441 3248 εἴρηται
1466 3177 1555 3229 καὶ
1572 3176 1653 3244 τὸ,
1674 3177 1876 3232 Πάντα

285 3259 361 3313 δι’
394 3261 580 3315 αὑτοῦ
612 3263 883 3330 ἐγένετο·
943 3263 1054 3333 (44)
1105 3265 1290 3336 ἐτέρου
1345 3268 1442 3336 μὲν
1486 3270 1869 3338 πεποιηκότος,

285 3348 450 3404 αὑτοῦ
502 3349 559 3403 δὲ
606 3350 1068 3422 διακονησαμένου
1095 3370 1108 3381 °
1163 3353 1292 3407 ὥσθ’
1331 3355 1516 3428 ἕτερον
1557 3357 1738 3427 ζητεῖν
1781 3358 1872 3411 τὸν

287 3443 519 3514 ποιητὴν
550 3444 659 3498 τῶν
717 3445 874 3510 ὅλων,
926 3446 1015 3500 τὸν
1057 3446 1146 3500 διὰ
1191 3447 1282 3500 τοῦ
1336 3448 1755 3518 θεολογουμένου
1804 3449 1873 3501 τὰ

286 3535 464 3589 πάντα
497 3536 964 3607 ὑποστησάμενον.
1023 3540 1135 3590 Καὶ
1181 3537 1265 3600 τίς
1313 3538 1380 3592 ἂν
1420 3540 1628 3606 γένοιτο
1674 3533 1868 3604 οῦτος;

295 3628 436 3680 Ἀλλ’
465 3629 565 3681 οὐκ
609 3628 674 3682 ἂν
704 3629 814 3700 ἔχοι
843 3631 1036 3682 εἰπεῖν.
1070 3625 1170 3682 Ὧν
1198 3630 1368 3693 οὕτως
1397 3631 1650 3700 ἐχόντων,
1683 3632 1871 3702 ὁμολο-

282 3721 396 3786 γεῖν
437 3719 649 3788 ἀνάγκη
708 3719 798 3772 τὸν
846 3719 1262 3790 θεολογούμενον
1307 3720 1410 3772 ὑπὸ
1443 3719 1538 3772 τοῦ
1582 3721 1869 3790 εὐαγγελι-

283 3808 409 3862 στοῦ
456 3811 529 3880 μὴ
569 3810 660 3862 τὸν
697 3811 789 3862 ἐπὶ
817 3810 1036 3863 πάντων
1066 3806 1203 3863 εἶναι
1235 3810 1366 3865 Θεὸν
1385 3852 1399 3876 ,
1439 3811 1559 3882 μηδ’
1588 3813 1748 3866 αὑτὸν
1777 3813 1867 3865 τὸν

281 3900 520 3970 Πατέρα,
555 3900 646 3953 τὸν
689 3900 746 3952 δὲ
777 3901 966 3954 τούτου
1012 3903 1272 3972 μονογενῆ
1304 3901 1430 3954 Υξὸν
1451 3943 1465 3965 ,
1499 3903 1558 3955 ού
1590 3903 1866 3976 συμϐεϐη-

278 3990 412 4044 γότα
436 3989 513 4060 τῷ
530 3991 721 4061 Πατρὶ,
749 3990 880 4056 οὐδ’,
896 3991 972 4054 ὡς
995 3991 1052 4044 ὲν
1077 3991 1440 4062 ὑποκειμένῳ,
1466 3994 1522 4046 ὲν
1544 3993 1693 4064 αύτῷ
1714 3993 1864 4059 ὄντα,

277 4080 400 4133 οὐδὲ
449 4079 507 4132 ἓν
553 4081 647 4132 καὶ
693 4081 889 4134 ταύτὸν
927 4079 1005 4150 τῷ
1052 4079 1168 4150 Θεῷ
1212 4081 1360 4144 ὄντα,
1405 4081 1532 4134 Υίὸν
1578 4081 1624 4134 δ’
1652 4082 1867 4153 ἀληθῶς

278 4172 428 4234 ὄντα,
466 4168 640 4233 ζῶντα
697 4174 789 4224 καὶ
837 4171 1124 4242 ὑφεστῶτα
1170 4172 1228 4224 ὲν
1279 4173 1420 4245 ἀρχῇ
1468 4191 1526 4226 τε
1565 4173 1715 4238 ὄντα,
1772 4175 1866 4226 καὶ

278 4262 417 4334 πρὸς
437 4262 527 4314 τὸν
551 4261 684 4314 Θεὸν
713 4263 862 4325 ὄντα,
912 4264 1004 4316 καὶ
1031 4263 1161 4317 Θεὸν
1195 4263 1343 4329 ὅντα,
1394 4263 1460 4316 δι’
1493 4258 1553 4316 οὗ
1585 4267 1653 4318 τὰ
1687 4266 1865 4320 πάντα

277 4353 620 4424 δημιουργεῖ.
661 4354 749 4416 Ὠς
791 4352 967 4423 ὀρθῶς
993 4353 1104 4423 (45)
1135 4354 1200 4407 ἀν
1235 4370 1355 4406 τινα
1388 4354 1480 4407 ἐπὶ
1510 4354 1571 4407 τὸ
1607 4355 1866 4424 σαφέστε-

1981 3158 2216 3230 Moyses,
2247 3169 2306 3213 ut
2353 3159 2443 3214 illa
2486 3160 2553 3213 ad
2587 3159 2832 3214 homines
2876 3161 3310 3230 pronmlgarctur
3348 3179 3363 3218 :
3398 3171 3564 3232 atque

1979 3250 2100 3306 ideo
2119 3251 2318 3305 dictum
2337 3259 2442 3315 est,
2458 3249 2567 3304 Lex
2591 3267 2684 3319 per
2711 3248 2944 3318 Moysem
2971 3253 3095 3304 data
3113 3252 3235 3320 fuit.
3255 3251 3329 3305 lta
3347 3266 3563 3322 quoque

1976 3352 2032 3398 et
2071 3342 2243 3413 gratia
2277 3342 2401 3396 data
2449 3351 2552 3407 est,
2593 3341 2734 3410 quod
2784 3355 2882 3410 per
2926 3340 3202 3396 Christum
3237 3342 3398 3396 Pater
3439 3359 3559 3399 eam

1976 3443 2255 3501 operatur.
2300 3432 2478 3500 Atque
2511 3432 2577 3485 ad
2626 3431 2786 3484 istum
2824 3431 3042 3485 modum
3097 3433 3332 3497 dicitur,
3367 3429 3578 3486 Omma'

1975 3540 2068 3592 per
2103 3523 2250 3576 illum
2282 3523 2430 3592 facta
2453 3533 2571 3575 sunt
2601 3536 2622 3574 :
2650 3529 2833 3588 utpote
2859 3521 2927 3574 ab
2963 3521 3134 3575 altero
3170 3521 3558 3589 producta,cui
3641 3549 3648 3554 -

1977 3615 2133 3669 alteri
2169 3623 2493 3683 operaturus
2535 3613 2622 3666 hic
2671 3610 3050 3666 subministrat
3083 3625 3098 3664 :
3131 3622 3189 3665 ut
3235 3614 3559 3680 quaerendus

1973 3707 2046 3761 sit
2075 3722 2102 3758 a
2135 3706 2290 3760 nobis
2320 3714 2532 3758 creator
2563 3703 2699 3756 alius
2729 3703 3144 3766 universorum,
3175 3703 3267 3771 qui
3303 3703 3502 3758 dicitur
3524 3720 3556 3757 a
3633 3695 3638 3702 ’

1975 3791 2224 3860 thuologo
2248 3805 2466 3845 creasse
2509 3790 2714 3844 oumia.
2747 3789 2795 3845 ls
2831 3798 3009 3844 autem
3035 3791 3220 3858 ecquis
3255 3789 3396 3846 alius
3431 3807 3554 3846 esse

1970 3880 2227 3950 poterat?
2253 3891 2403 3934 certe
2445 3894 2608 3934 nemo
2653 3880 2871 3934 dixerit.
2901 3879 3031 3946 Quae
3056 3894 3178 3934 cum
3201 3880 3276 3934 ita
3306 3881 3436 3947 sint,
3465 3881 3552 3936 fa-

1949 3973 2072 4036 teri
2099 3989 2198 4028 nos
2249 3981 2466 4042 oportet
2504 3987 2627 4025 eum
2667 3973 2758 4042 qui
2789 3972 2857 4026 ab
2887 3971 3216 4041 evangelista
3246 3971 3551 4038 deiﬁcatur,

1970 4080 2079 4120 non
2115 4080 2232 4119 esse
2261 4064 2431 4118 Deum
2479 4063 2624 4118 illum
2665 4077 2825 4132 super
2859 4062 3065 4129 omnia,
3099 4077 3275 4137 neque
3311 4062 3550 4130 Patrem,

1969 4155 2063 4210 sed
2099 4154 2244 4208 illius
2274 4153 2472 4208 Filium
2521 4152 2856 4222 unigenitum
2889 4169 2906 4209 :
2940 4168 3046 4207 non
3077 4167 3201 4208 cum
3231 4152 3390 4210 Patre
3424 4156 3544 4224 pari

1969 4261 2127 4318 passu
2159 4245 2524 4300 ambulantem
2557 4261 2571 4296 ς
2603 4259 2701 4299 nec
2727 4252 2979 4314 tanquam
3011 4244 3065 4298 in
3097 4231 3378 4313 supposito
3403 4247 3549 4300 exsi-

1967 4347 2196 4393 stentem
2223 4335 2418 4390 unico:
2451 4349 2556 4388 non
2591 4349 2756 4389 unum
2780 4343 2941 4404 atque
2968 4334 3219 4399 eumdem
3253 4351 3378 4390 cum
3408 4335 3540 4402 De‘o,

281 4464 372 4519 ρον
388 4445 754 4516 μεταλαὸόντα
775 4447 938 4514 φάναι
955 4447 1073 4498 ἀντὶ
1098 4444 1212 4510 τοῦ,
1231 4447 1326 4498 Ἑν
1336 4445 1492 4515 ἀρχῇ
1509 4443 1587 4516 ἦν
1603 4450 1636 4500 ό
1650 4449 1861 4516 Λόγος,

1984 4429 2062 4483 ξω
2101 4426 2293 4481 Filium
2349 4440 2474 4481 vere
2507 4425 2880 4490 exsistentem,
2914 4425 3096 4479 vivum
3125 4425 3540 4480 subsistentem:

275 4513 337 4591 τὸ
431 4541 487 4591 ἐν
518 4539 656 4608 ἀρχῇ
694 4534 761 4608 ἦν
841 4538 986 4602 Υἱὸς,
1012 4556 1028 4587 ι
1065 4538 1157 4590 καὶ
1185 4538 1304 4590 ἀντὶ
1438 4513 1458 4603 ν,
1482 4513 1582 4592 ’καὶ
1607 4539 1638 4591 ὁ
1662 4513 1852 4608 Λόγος

1984 4538 2004 4575 ιι
2039 4516 2301 4590 principio
2346 4515 2437 4586 qui
2467 4524 2584 4570 erat
2615 4531 2628 4566 :
2664 4523 2717 4569 et
2756 4515 2896 4582 apud
2942 4513 3106 4568 Deum
3136 4523 3274 4579 erat,
3301 4523 3356 4569 et
3399 4514 3543 4569 Deus

274 4626 354 4698 ἦν
381 4630 532 4699 πρὸς
586 4631 690 4683 τὸν
713 4629 880 4692 Θεὸν,
915 4629 996 4695 τὸ,
1052 4647 1069 4678 ι
1100 4629 1192 4682 καὶ⁸
1227 4631 1254 4682 0
1296 4629 1424 4692 Υἱὸς
1471 4625 1538 4700 ἦν
1582 4631 1717 4701 πρὸς
1763 4631 1854 4684 τὸν

275 4722 574 4792 Πατέρα,›
623 4722 718 4775 καὶ
771 4721 894 4773 ἀντὶ
938 4718 1072 4783 τοῦ,
1139 4720 1234 4772 καὶ
1261 4719 1402 4804 Θεὸς
1432 4717 1510 4790 ἦν
1554 4724 1586 4775 ό
1636 4725 1850 4791 Λόγος,

1953 4618 2071 4664 erat
2105 4625 2119 4661 :
2147 4621 2242 4675 per
2265 4619 2425 4672 quem
2453 4603 2641 4658 condit
2675 4603 2948 4656 universa.
2969 4601 3040 4656 Ut
3067 4600 3270 4655 clarius
3297 4609 3543 4670 transpo-

1950 4701 2056 4755 sita
2112 4699 2228 4753 haec
2258 4693 2502 4766 proferre
2547 4694 2669 4763 quis
2709 4691 2902 4763 possit,
2925 4694 3044 4760 :pro
3089 4691 3202 4758 illo,
3234 4689 3303 4745 In
3339 4692 3540 4762 princi-

274 4815 351 4876 τὸ,
414 4835 430 4862 ι
458 4814 549 4867 καὶ
595 4814 726 4877 Θεὸς
785 4809 848 4883 ἦν
897 4815 924 4867 0
972 4812 1114 4874 Υἱός.
1145 4832 1160 4861 ι
1217 4802 1376 4864 Οὕτω
1421 4812 1466 4864 δ’
1499 4811 1563 4865 ἂν
1593 4814 1850 4884 ἁρμόσειε

1985 4812 2033 4865 io
2061 4821 2173 4864 erat
2223 4809 2468 4870 Verbum,
2495 4824 2512 4858 ι
2550 4805 2606 4860 In
2647 4805 2914 4874 principio
2945 4812 3064 4858 erat
3092 4801 3282 4867 Filius,
3309 4822 3329 4856 ι
3354 4813 3410 4858 et
3439 4819 3537 4872 pro

273 4908 364 4958 καὶ
432 4907 492 4958 τὸ
550 4905 678 4975 ἑξῆς
749 4906 1086 4976 ἐπαγόμενον
1116 4922 1127 4935 ο
1189 4905 1384 4958 πάντα
1445 4904 1554 4972 γὰρ
1609 4904 1682 4956 δι’
1740 4907 1848 4958 αὑ-

272 4998 398 5060 τοῦ,
429 4999 665 5067 ἐγένετο
703 4999 799 5052 καὶ
847 4999 1026 5066 χωρὶς
1066 4997 1251 5052 αὑτοῦ
1295 4997 1528 5066 ἐγένετο
1577 4995 1720 5049 οὐδὲ
1757 4997 1846 5051 ἕν.

274 5087 507 5151 Εἰκότως
533 5089 815 5159 τοιγαροῦν
842 5092 870 5141 0
888 5091 1027 5151 θεῖος
1060 5089 1448 5158 εύαγγελιστὴς
1480 5085 1590 5158 (46)
1623 5089 1680 5141 ἐν
1704 5088 1845 5160 ἀρχῇ

216 5234 234 5242 _
273 5178 433 5230 αὑτὸν
479 5179 602 5249 ἔφη,
635 5179 757 5242 δοὺς
787 5179 932 5248 αὑτῴ
961 5180 1133 5249 ἀρχὴν
1155 5218 1169 5242 ,
1202 5179 1357 5250 δῆλον
1385 5179 1440 5232 δὲ
1477 5179 1558 5232 ὃτι
1597 5179 1696 5250 τὴν
1721 5179 1848 5247 γέν-

251 5366 256 5378 ,
349 5296 407 5353 ›Ι‹
443 5290 539 5346 Ed.
570 5290 766 5355 Paris.,
798 5306 916 5360 pag.
957 5290 1078 5344 12").

245 5391 249 5406 '
343 5382 562 5437 "Joau.
605 5399 642 5446 ι,
671 5383 756 5436 l7.

369 5475 454 5542 00)
481 5474 648 5543 Vulgo
685 5474 916 5542 φάσκον.

368 5543 454 5614 Η)
489 5544 542 5614 lu
567 5559 714 5614 corr.
751 5545 871 5612 ὅρα.

343 5612 454 5684 (42)
489 5612 653 5681 Vulgo
689 5613 766 5670 δέ.

345 5679 457 5754 (ιὸ)
484 5679 650 5754 Vulgo
678 5683 842 5754 αὑτοῦ
871 5679 986 5734 τοῦ.

343 5751 451 5827 (Μ)
483 5751 718 5822 Ἐτέρίιιν
734 5752 849 5823 μὲν
879 5756 1289 5831 πεποιηκότηρτ
1319 5753 1675 5810 ilirectissime
1701 5755 1840 5810 aria-

1961 4903 2083 4968 illo,
2134 4900 2201 4953 Et
2253 4899 2476 4953 Verbum
2529 4909 2639 4950 erat
2673 4895 2815 4964 apud
2848 4895 3042 4960 Deum,
3078 4912 3097 4946 ι
3132 4903 3186 4949 et
3223 4894 3391 4948 Filius
3419 4905 3537 4950 erat

1961 4991 2099 5060 apud
2139 4990 2350 5044 Patrem
2373 5029 2387 5052 ,
2429 5007 2446 5038 ι
2484 4996 2539 5041 et
2574 5001 2670 5056 pro
2703 4984 2812 5050 illo,
2846 4981 2911 5036 Et
2945 4983 3085 5037 Deus
3111 4993 3221 5036 erat
3273 4981 3530 5048 Verbum,

1961 5099 1979 5133 ι
2011 5091 2064 5136 et
2116 5081 2255 5134 Deus
2306 5089 2426 5134 erat
2459 5077 2644 5132 Filius.
2673 5096 2691 5128 ι
2716 5075 2792 5130 lta
2839 5075 2985 5131 enim
3019 5088 3260 5144 congrue
3299 5075 3536 5129 cohere-

1957 5175 2037 5230 bit
2089 5175 2231 5244 quod
2294 5173 2544 5243 adjicitur
2596 5172 2650 5224 in
2709 5167 3058 5238 sequentibus
3099 5164 3334 5220 :Omm'a
3394 5168 3530 5220 enim

1948 5473 2248 5536 nizat,cum
2275 5466 2466 5536 Filium
2501 5461 2870 5536 tantummodo
2901 5460 3148 5536 διάκονον
3173 5459 3224 5536 in
3249 5457 3531 5536 creatione

1947 5527 2213 5612 Sttpptinn}
2246 5555 2266 5612 _:
2296 5535 2598 5612 ut‘llltrysen
2635 5534 2688 5586 in
2725 5533 2856 5598 legis
2887 5531 3336 5602 promulgatione.
3375 5527 3445 5580 Μ.

2019 5606 2133 5677 με)
2165 5607 2325 5674 Vulgo
2353 5606 2569 5677 dxtjva.

2183 5661 2485 5750 Ἐξάρχῇ.
2526 5672 2802 5750 Ααὺτοᾷιμ
2841 5671 2976 5738 ἔφη.
3054 5665 3290 5750 Legend.
3364 5661 3526 5728 αὑτὸν

1948 5740 2082 5804 εἶναι
2109 5740 2230 5816 ἔφη.
2267 5740 2436 5800 Mf;
2460 5740 2718 5815 '[Corrcxi
2747 5743 2917 5796 locum
2952 5754 3014 5794 ex
3048 5740 3203 5792 codd.
3417 5783 3424 5790 .
