4160 6444
346 362 449 420 953

1309 353 1394 408 DE
1435 351 1968 410 ECCLESIASTICA
2009 355 2400 413 TllEOLOGlA
2441 357 2569 413 ΜΒ.
2610 355 2668 413 ll.

3499 368 3604 424 93‘

348 494 487 548 σμου
511 477 606 547 τῆς
624 475 944 546 Ἐχκλησίας
972 475 1283 537 συστάσεως
1309 475 1399 526 τὸν
1421 474 1636 544 Πατέρα
1664 471 1802 527 εἶναι
1837 476 1915 528 καῚ

2032 478 2380 542 prehenditur
2430 477 2754 547 judaizare,
2810 479 3080 533 interdum
3134 482 3474 554 transfugere
3535 490 3602 542 ad

346 567 438 620 τὸν
471 565 600 620 Υῐδν
642 564 1009 637 ὁμολογούσης
1032 582 1045 595 ο
1081 565 1220 640 κατὰ
1267 564 1322 616 δὲ
1365 563 1457 616 τὸν
1505 562 1789 616 Σαϐέλλιον
1830 563 1926 615 ἕνα

348 659 442 712 καὶ
473 657 562 710 τὸν
581 657 742 711 αὑτὸν
771 653 910 710 εἶναι
931 655 1364 726 ἀποφαινόμενος
1387 654 1514 707 Υίὸν
1546 657 1641 708 καὶ
1672 654 1888 726 Πατέρα
1907 672 1924 687 ο

346 748 441 801 καί
475 764 601 800 ποτε
635 747 730 818 μὲν
759 746 867 818 (52)
894 743 959 800 αὖ
986 747 1076 799 τὸν
1124 745 1426 798 ἐνδιάθετον
1470 745 1704 814 εἰσάγων
1730 746 1922 814 Λόγον,

347 839 478 892 ποτὲ
503 839 558 892 δὲ
590 839 936 910 προφορικὸν.
975 840 1036 892 El
1062 838 1174 910 γάρ
1205 838 1582 910 προσποιεῖται
1611 839 1814 901 ταύτας
1850 839 1924 910 μὴ

349 927 741 999 παραδέχεσθαι
788 928 885 991 τὰς
929 927 1110 998 φωνάς
1145 927 1278 1000 (55),
1314 928 1450 1000 πλὴν
1499 929 1563 1000 δὴ
1611 929 1782 998 Λόγος
1825 929 1923 1001 τὴν

346 1021 409 1071 ἐκ
436 1017 527 1071 τοῦ
557 1036 683 1071 ποτε
709 1019 806 1088 μὲν
832 1018 976 1073 ἔνδον
999 1019 1160 1073 αὑτὸν
1189 1019 1365 1088 λέγειν
1397 1020 1456 1072 ὲν
1479 1019 1555 1089 τῷ
1577 1018 1717 1089 Θεῷ,
1735 1019 1922 1073 ἄλλοτε

344 1109 400 1161 δὲ
432 1110 495 1162 δι’
545 1109 823 1180 ἐνεργείας
868 1109 1161 1181 δραπικῆς
1204 1110 1449 1182 προϊέναι
1495 1109 1658 1164 αὑτοῦ
1680 1152 1694 1176 ,
1724 1110 1816 1178 ἀφ’
1848 1103 1922 1163 ὦν

343 1217 402 1251 τε
447 1197 526 1268 τῷ
556 1199 878 1271 ἀνθρωπίνῳ
925 1200 1215 1264 ἀπεικάζει
1241 1201 1402 1254 αὑτὸν
1433 1199 1576 1272 λόγῳ
1598 1218 1612 1232 ·
1647 1203 1674 1254 ὅ
1717 1201 1824 1272 (54)
1858 1219 1920 1270 γε

347 1292 452 1362 μὴν
479 1291 618 1354 θεῖος
654 1293 1040 1365 εὑαγγελιστὴς
1087 1295 1208 1348 κατ’
1240 1295 1430 1348 οὑδένα
1459 1295 1566 1348 τῶν
1601 1294 1923 1366 ἀποδεδομέ-

341 1398 445 1432 νων
473 1380 708 1450 τρόπων,
744 1382 913 1448 Λόγον
949 1385 1291 1456 ὑπεστήσατο
1318 1385 1406 1438 τὸν
1442 1385 1578 1457 πρὸς
1605 1385 1770 1439 αὑτοῦ
1803 1384 1922 1439 θεο-

341 1470 660 1542 ).ογοὺμενον
678 1513 692 1537 ,
729 1473 842 1526 ἀλλ’
865 1469 976 1528 οἷον
1004 1475 1209 1546 ἔπρεπε
1247 1475 1337 1529 τὸν
1375 1477 1636 1547 μονογενῆ
1667 1477 1793 1529 Υἱὸν
1826 1477 1918 1530 τοῦ

339 1560 474 1613 Θεοῦ
505 1564 664 1627 νοεῖν,
693 1563 864 1631 Λόγον
893 1565 990 1635 μὲν
1022 1565 1171 1628 ὄντα,
1199 1565 1394 1619 καθ’ὂν
1422 1567 1598 1620 πάντα
1621 1565 1763 1637 λόγῳ
1795 1583 1918 1620 συν-

334 1651 622 1721 εστήσατο,
656 1654 750 1705 καὶ
782 1654 950 1724 χωρὶς
990 1654 1164 1722 Λόγου
1194 1653 1301 1707 τῶν
1333 1654 1499 1707 ὅντων
1529 1655 1679 1708 οὐδὲν
1705 1655 1912 1724 γέγονε

335 1741 467 1795 Θεὸν
498 1741 554 1795 δὲ
595 1743 690 1796 καὶ
723 1745 1019 1814 Μονογενῆ,
1049 1743 1170 1797 καθ’
1196 1743 1224 1796 δ
1258 1743 1415 1815 μόνος
1448 1745 1662 1816 ἀληθῶς
1687 1741 1754 1816 ἧν
1785 1746 1918 1810 Υἱὸς

2032 559 2328 613 Sabellium
2367 579 2380 614 :
2413 560 2788 626 utﬁjudaizans
2814 573 2938 616 ante
2961 565 3146 618 mundi
3171 569 3602 638 productionem,

2028 657 2226 717 praeter
2263 649 2436 703 solum
2473 650 2638 705 Deum
2661 652 2818 706 docet
2846 651 2978 706 nih‘il
3010 655 3306 710 exstitisse.
3340 656 3472 712 Cum
3496 658 3603 714 Ee-

2027 741 2186 794 clesia
2217 751 2343 795 ante
2372 743 2553 796 mundi
2576 753 2844 808 exortum,
2870 753 2923 798 et
2947 744 3163 802 Patrem
3197 757 3453 816 agnoscat
3476 763 3603 807 ante

2027 831 2241 886 Filium.
2296 831 2516 886 Sabellii
2582 842 2761 904 partes
2812 849 2999 904 agens,
3057 852 3223 890 unum
3258 848 3313 892 et
3346 841 3599 897 eumdem

2025 922 2238 977 Patrem
2265 922 2508 991 designat
2534 938 2694 994 atque
2715 927 2930 980 Filium.
2959 927 3228 980 lnterdmn
3251 929 3601 988 introduceus

2025 1006 2259 1063 Verbum
2295 1011 2597 1065 iunnauens
2633 1032 2646 1067 :
2690 1015 2978 1083 aliquando
3013 1016 3338 1084 prolatitium
3368 1029 3424 1073 et
3453 1036 3603 1074 ema-

2024 1114 2178 1153 naus.
2216 1099 2373 1154 Certe
2396 1102 2563 1155 videri
2598 1104 2708 1156 vult
2738 1105 2835 1158 has
2866 1120 3024 1161 voces
3053 1123 3326 1178 respuere.
3357 1111 3426 1164 At
3454 1114 3599 1166 enim

2024 1191 2150 1258 quid
2201 1190 2346 1244 aliud
2401 1193 2717 1260 assignavit,
2757 1211 2879 1249 cum
2916 1196 3142 1252 Verbum
3180 1200 3308 1254 illud
3369 1201 3512 1256 intus
3547 1203 3599 1256 in

2023 1281 2132 1335 Deo
2165 1297 2307 1336 nunc
2331 1280 2560 1336 aiiirmet
2588 1303 2600 1338 :
2627 1301 2770 1339 nunc
2799 1302 2893 1356 per
2919 1292 3273 1358 operatricem
3305 1292 3599 1350 efﬁcaciam

2021 1373 2236 1441 prodire
2286 1375 2632 1443 pronuntiet?
2691 1377 2831 1430 unde
2881 1388 2934 1431 et
2989 1396 3107 1433 cum
3162 1383 3395 1438 humano
3429 1387 3600 1439 verbo

2022 1463 2294 1532 componit
2325 1462 2479 1516 illud.
2511 1466 2580 1518 At
2606 1466 2752 1519 enim
2776 1466 2988 1520 divinus
3008 1473 3334 1541 evangelista
3363 1473 3598 1529 Verbum

2021 1569 2050 1607 a
2083 1569 2138 1608 se
2161 1554 2467 1609 dcilicatum
2499 1557 2792 1610 secundum
2822 1559 3024 1612 nullum
3054 1562 3278 1616 istorum
3315 1567 3596 1621 modorum

2023 1635 2427 1714 intelligendum
2459 1648 2759 1716 proposuit.
2794 1647 2897 1702 Sed
2927 1662 2985 1704 ut
3025 1666 3122 1720 par
3145 1662 3198 1706 et
3229 1669 3438 1722 aequum
3479 1657 3596 1713 fue-

2025 1746 2105 1789 rat
2163 1737 2495 1805 unigenitum
2545 1739 2638 1792 Dei
2666 1740 2859 1794 Filium
2907 1743 3253 1812 intelligendo
3285 1749 3593 1819 concipere.

334 1833 429 1888 τοῦ
457 1833 547 1885 ἐπὶ
575 1835 788 1887 πάντων
823 1833 956 1886 Θεοῦ
983 1849 996 1862 ·
1037 1833 1161 1897 Υἱὸς
1193 1835 1412 1905 γνήσιος
1440 1835 1630 1899 ὅντως,
1659 1837 1753 1888 καὶ
1780 1836 1915 1904 ἀγα-

2025 1827 2250 1882 Verbum
2279 1844 2401 1883 esse
2425 1830 2625 1894 docuit,
2657 1847 2753 1900 per
2781 1835 2922 1901 quod
2944 1837 3122 1890 omnia
3151 1841 3445 1894 secundum
3471 1857 3597 1897 suas

334 1925 524 1995 πητὸς,
561 1924 638 1994 τῷ
662 1924 825 1978 αὑτοῦ
853 1926 1027 1996 Πατρὶ
1071 1927 1212 1980 κατά
1242 1927 1420 1980 πάντα
1447 1927 1710 1998 άφομοιοὺ
1719 1944 1877 1999 μενος
1899 1943 1912 1956 ’

335 2016 424 2070 Διὸ
452 2018 544 2070 κα)⁸
577 2016 709 2080 Θεὸς
749 2013 817 2088 ἦν
849 2017 1085 2088 άληθῶς,
1115 2017 1236 2070 καθ’
1262 2018 1289 2070 ὃ
1317 2019 1378 2093 τὸ
1412 2037 1494 2071 νοε
1507 2021 1596 2090 ρδν
1629 2021 1723 2072 καὶ
1767 2020 1914 2088 λογι-

335 2111 429 2162 κὸν
457 2111 576 2171 ταῖς
620 2110 738 2160 κατ’
763 2109 946 2162 εἰκόνα
975 2109 1073 2178 τὴν
1103 2107 1264 2160 αὑτοῦ
1297 2111 1692 2180 πεποιημέναις
1717 2112 1914 2182 ψυχαῖς

329 2199 652 2267 ὲναυγάξειν
696 2200 916 2268 φέγγος.
955 2200 1046 2252 Διὸ
1076 2201 1134 2252 οὐ
1178 2199 1392 2253 πάντων
1435 2192 1594 2254 αὑτὸν
1631 2203 1744 2271 φῶς
1774 2200 1913 2256 εἷναί

335 2307 519 2359 φησιν,
553 2289 684 2342 ἀλλὰ
717 2291 891 2360 μόνων
917 2288 1238 2360 ἀνθρώπων.
1271 2285 1390 2344 Ἦν
1417 2290 1525 2361 γὰρ
1558 2292 1625 2346 τὸ
1652 2292 1778 2361 φῶς
1800 2334 1813 2357 ,
1845 2294 1911 2346 τὸ

333 2380 581 2449 φωτίζον
607 2380 801 2434 πάντα
830 2381 1141 2449 ἄνθρωπον
1165 2381 1490 2449 ἐρχόμενον
1535 2386 1622 2449 εἰς
1663 2386 1770 2438 τὸν
1813 2386 1911 2439 κός

329 2489 518 2539 ίσμον,
558 2471 852 2541 ἔφη.οῦτω
874 2472 929 2524 δὲ
964 2472 1056 2525 καὶ
1085 2471 1198 2543 ζωὴ
1230 2473 1473 2544 ὑπῆρχεν
1500 2473 1716 2545 ἀληθῶς
1743 2517 1757 2540 ,
1787 2475 1909 2530 καθ’

334 2561 364 2613 ὃ
407 2564 538 2614 πᾶσι.
585 2565 696 2626 τοῖς
739 2561 910 2627 ζῶσι,
941 2562 1001 2614 τὸ
1041 2564 1140 2632 τῆς
1183 2563 1242 2630 ἐξ
1291 2564 1454 2616 αὑτοῦ
1492 2567 1907 2637 χορηγίας(55),

338 2650 564 2721 παρέχει
597 2652 745 2717 νᾶμα
780 2651 874 2703 καὶ
907 2649 1027 2704 καθ’
1075 2651 1310 2721 ἑκάστην
1341 2651 1396 2704 δὲ
1429 2653 1668 2706 ἐπίνοιαν
1712 2655 1820 2708 τῶν
1852 2659 1910 2709 ὲν

337 2741 486 2811 αὐτῷ
525 2741 718 2794 θεῖκῶν
763 2741 1040 2812 δυνάμεων
1071 2743 1485 2812 παραστατικάς
1511 2743 1690 2815 εὕροις
1714 2743 1778 2797 ἂν
1812 2746 1910 2798 αὑ-

336 2833 429 2886 τοῦ
477 2834 569 2886 καὶ
601 2833 820 2903 ἀληθεῖς
862 2834 1197 2903 ἐπωνυμίας.
1243 2833 1397 2887 Κατά
1435 2835 1612 2888 πάντα
1645 2835 1752 2907 γὰρ
1781 2837 1913 2906 ἀλή-

327 2925 455 2979 ’θεια
496 2921 562 2997 ἦν
584 2927 612 2978 ό
637 2925 764 2988 Υἱὸς
789 2925 882 2978 τοῦ
915 2925 1072 2988 Θεοῦ,
1107 2925 1136 2977 ὃ
1164 2924 1228 2996 δὴ
1273 2923 1604 2995 παρίστησιν
1636 2925 1797 2990 αὐτὸς
1820 2927 1910 2979 λέ·-

335 3033 449 3084 γων
480 3017 590 3088 (56)
613 3035 625 3048 ·
666 3017 812 3086 Ἐγώ
841 3020 955 3088 ειμι
983 3018 1019 3086 ἡ
1053 3016 1323 3084 ἀλήθεια.

2022 1920 2258 1975 rationes
2285 1921 2682 1976 rationabiliter
2715 1935 2842 1979 sunt
2866 1929 3155 1982 constituta
3201 1947 3214 1982 :
3244 1931 3362 1985 sine
3390 1949 3498 2001 quo
3523 1935 3598 1987 ni-

2019 2010 2091 2063 hil
2127 2010 2327 2066 l'actum
2352 2022 2434 2067 est
2457 2029 2642 2066 eorum
2675 2030 2793 2083 quze
2823 2027 2967 2071 sunt.
2995 2018 3160 2073 Deum
3185 2037 3308 2076 eum
3336 2034 3512 2084 vocat,
3542 2035 3596 2078 et

2019 2102 2376 2168 unigenitum,
2425 2113 2704 2172 propterea
2738 2108 2879 2174 quod
2915 2109 3060 2162 solus
3097 2111 3183 2165 ille
3215 2128 3342 2168 vere
3374 2114 3475 2170 fuit
3505 2114 3595 2172 Fi-

2017 2193 2118 2247 lius
2143 2194 2264 2256 Dei;
2313 2195 2425 2261 Dei,
2472 2198 2559 2263 qui
2586 2206 2668 2250 cst
2705 2212 2868 2266 super
2889 2203 3067 2254 omnia
3104 2201 3274 2258 Filius
3303 2209 3591 2276 genuinus,

2017 2283 2162 2338 Patri
2187 2301 2283 2339 suo
2306 2287 2532 2340 dilecms
2565 2304 2579 2339 :
2607 2303 2701 2355 per
2731 2291 2910 2343 omnia
2937 2307 3033 2345 suo
3063 2294 3204 2347 Patri
3232 2297 3591 2354 assimilatus:

2019 2376 2227 2432 ntideo
2261 2391 2384 2430 vere
2424 2378 2563 2433 Deus
2609 2381 2898 2447 exstiterit,
2945 2396 3009 2436 eo
3043 2385 3182 2452 quod
3235 2387 3431 2443 animis
3464 2405 3494 2444 a
3534 2405 3596 2446 se

2017 2468 2215 2523 creatis
2255 2469 2320 2522 ad
2350 2469 2639 2538 imaginem
2675 2486 2827 2525 suam
2860 2472 3276 2530 intellectualem
3305 2478 3479 2534 lucem
3509 2495 3597 2534 ra-

2019 2560 2270 2615 tionalem
2310 2560 2649 2616 irradiaverit
2692 2565 2987 2632 :quocirca
3041 2576 3195 2620 vocat
3228 2567 3399 2622 lucem
3445 2571 3594 2626 illum

2017 2666 2121 2704 non
2180 2665 2358 2704 rerum
2406 2651 2667 2715 omnium,
2720 2655 2814 2706 sed
2865 2654 3140 2710 hominum
3202 2662 3592 2716 tantummodo.

2019 2738 2150 2792 Erat
2185 2741 2343 2806 enim,
2373 2739 2469 2805 ait,
2513 2742 2607 2794 lux
2639 2743 2948 2798 illuminans
2982 2763 3183 2800 onmem
3215 2749 3472 2804 hominem
3507 2767 3594 2805 ve-

2020 2831 2240 2887 nientem
2273 2835 2326 2886 in
2354 2832 2492 2886 hunc
2521 2833 2794 2886 mundum.
2831 2835 2910 2887 Ad
2941 2836 3082 2891 hunc
3124 2841 3337 2892 modum
3377 2849 3430 2894 et
3470 2855 3598 2896 vero

2022 2924 2322 2978 exsistebat
2344 2923 2451 2977 vita
2485 2939 2500 2976 :
2531 2937 2596 2977 eo
2624 2923 2764 2992 quod
2796 2927 3045 2980 omnibus
3082 2929 3385 2984 viventibus
3408 2929 3476 2985 de
3496 2946 3595 2986 suo
3625 2957 3638 2982 ι

2027 3019 2351 3088 suppeditet.
2385 3016 2560 3087 Atque
2589 3017 2659 3070 ita
2689 3018 2932 3072 invenire
2976 3020 3133 3076 nobis
3193 3021 3317 3076 licet
3356 3023 3596 3092 appella-

337 3107 509 3159 tiones
542 3107 588 3159 ei
631 3120 754 3160 vere
788 3107 1098 3171 attributas,
1125 3106 1322 3175 quibus
1347 3121 1465 3174 qua;
1501 3107 1575 3160 illi
1607 3107 1812 3172 insunt,
1864 3107 2061 3162 divina:
2120 3111 2353 3162 virtutes
2395 3117 2873 3176 repraesentantur.
2943 3109 3154 3178 Ubique
3208 3126 3388 3168 autem
3423 3123 3476 3170 et
3500 3131 3596 3186 per

335 3197 516 3251 omnia
557 3206 692 3262 erat,
734 3197 956 3261 veritas,
1001 3198 1090 3251 Dei
1141 3197 1307 3252 Filius
1353 3208 1494 3265 erat,
1525 3201 1666 3268 quod
1713 3202 1782 3254 ab
1817 3201 1932 3270 ipso
1973 3201 2267 3255 edocemur
2290 3199 2379 3253 ubi
2403 3199 2518 3256 ait:
2553 3199 2660 3267 lt'go
2695 3218 2810 3254 sum
2845 3205 3037 3256 veritas
3056 3203 3099 3256 ⁵.

968 3289 1123 3342 ΚΕΦ.
1168 3291 1266 3342 1Ε’.

341 3381 464 3456 Τῶν
497 3381 683 3456 aliter?
703 3381 1062 3456 Μαρξτᾲιλοιί
1085 3383 1298 3456 φωνῷν
1323 3386 1702 3456 παραθέσεις,
1721 3384 1795 3437 δι’
1827 3377 1914 3456 ὧν

408 3451 942 3523 ἠρνεῖτοατόν-Υιὸν
965 3452 1069 3506 τοῦ
1103 3455 1250 3507 Θεοῦ
1289 3451 1519 3522 σαρῶς,
1553 3454 1916 3523 προφορικὸν

407 3521 602 3588 Λόγον
627 3521 662 3587 ἢ
697 3521 1036 3576 ἐνδιάθετον
1066 3523 1319 3592 φάσκων
1355 3521 1513 3580 εἶναι
1546 3521 1759 3578 arma;

417 3611 555 3663 Ἂλλ⁹
579 3612 606 3664 ὁ
633 3613 750 3676 νέος
780 3615 1128 3685 συγγραφεὺς
1160 3614 1334 3668 ταῦτα
1361 3615 1460 3686 μὲν
1493 3613 1616 3667 οὔτε
1647 3613 1910 3684 συνίησιν.

333 3700 454 3754 οὗτε
483 3697 653 3766 οἶδεν,
688 3703 798 3756 οὐθ’
836 3706 917 3757 ὅτι
950 3705 1134 3772 ἀγνοεῖ
1179 3701 1318 3758 οἶδεν
1343 3722 1356 3734 ’
1403 3704 1438 3758 ὃ.
1472 3704 1537 3774 δὴ
1583 3703 1676 3757 καὶ
1717 3703 1914 3757 ειδέναι

334 3793 509 3863 αὐχεῖ,
543 3794 689 3856 ὅπως
718 3795 960 3864 συνίστη.
995 3795 1133 3866 Φέρε
1181 3796 1344 3849 πάλιν
1390 3795 1509 3852 εἶτα
1556 3799 1915 3860 ἀναλαϐόντες

334 3883 688 3954 ἀκούσωμεν,
721 3884 796 3948 ὡς
842 3885 921 3955 τῷ
963 3887 1020 3938 ὲν
1063 3885 1368 3957 ἀνθρώποις
1417 3889 1578 3942 αὑτὸν
1623 3887 1912 3952 ἀπεικάζει

335 3972 496 4044 λόγῳ,
538 3974 614 4045 τῷ
644 3992 703 4028 τε
741 3975 883 4028 κατὰ
909 3975 1174 4043 διάνοιαν,
1202 3979 1295 4031 καὶ
1327 3978 1405 4049 τῷ
1429 3981 1570 4034 κατά
1605 3978 1910 4050 προφορὰν,

334 4063 520 4118 τοῦτον
552 4066 776 4136 γράφων
808 4068 897 4120 τὸν
925 4069 1123 4139 τρόπον
1145 4085 1157 4098 ·
1201 4088 1219 4121 ι
1254 4070 1423 4124 Τοῦτο
1455 4070 1510 4124 δὲ
1547 4071 1727 4142 ῥᾴδιον
1760 4067 1914 4140 οἶμαι

334 4177 359 4208 -ι
395 4160 502 4220 τοῖς
533 4155 591 4212 εὖ
633 4159 884 4230 φρονοῦσι
927 4161 1020 4214 καὶ
1054 4162 1161 4215 ἀπὸ
1198 4162 1393 4234 μικροῦ
1423 4179 1568 4226 τινος
1595 4161 1690 4215 καὶ
1725 4179 1915 4214 ταπει-

341 4267 361 4298 ι
401 4249 491 4301 νοῦ
536 4249 656 4302 καθ’
687 4252 836 4322 ἡμᾶς
881 4252 1318 4324 παραδείγματος
1357 4253 1598 4322 γνῶναι·
1647 4253 1765 4307 οὑδὲ
1807 4252 1914 4324 γὰρ

345 4356 362 4386 ι
400 4337 488 4390 τὸν
526 4338 618 4392 τοῦ
667 4339 954 4412 ἀνθρώπου
1003 4341 1160 4410 λόγον
1203 4341 1429 4414 δυνάμει
1484 4345 1580 4397 καὶ
1620 4343 1914 4397 ὑποστάσει

342 4449 360 4477 ι
401 4429 630 4499 χωρίσαι
661 4433 766 4484 τινὶ
803 4431 1045 4486 δυνατόν.
1083 4435 1178 4487 Ἓν
1218 4435 1326 4506 γάρ
1352 4438 1466 4488 ἐστι
1497 4435 1590 4488 καὶ
1614 4433 1808 4488 ταύτόν
1837 4434 1915 4505 τῷ

343 4541 362 4572 ι
401 4520 668 4592 ἀνθρώπῳ
696 4523 724 4574 ὁ
767 4523 924 4591 λόγος
947 4542 960 4554 ·
990 4525 1083 4576 καὶ
1111 4525 1284 4580 οὐδενὶ
1324 4527 1689 4597 χωριζόμενος
1742 4525 1914 4596 ὲτέρῳ

1937 3297 1984 3357 C

2589 3297 2646 3353 ὦ
2681 3291 2830 3345 CA'P.
2865 3292 2983 3347 XV.

2027 3381 2185 3436 Vates
2222 3392 2586 3453 proponuntur
2610 3383 2735 3448 illa',
2758 3385 2942 3453 quibus
2981 3385 3266 3439 Marcellus
3288 3388 3594 3453 planissime

2085 3450 2355 3520 abnegavit
2398 3452 2492 3503 Dei
2527 3450 2724 3504 Filium
2757 3450 2777 3505 ἑ
2805 3453 3068 3521 afﬁrmans
3101 3455 3249 3508 illum
3288 3450 3407 3512 esse
3464 3457 3596 3514 Ver-

2085 3522 2206 3574 bum
2236 3537 2372 3573 nuuc
2405 3523 2715 3584 immanem,
2757 3537 2895 3574 nunc
2929 3539 3200 3578 emanaus.

2086 3614 2154 3664 At
2203 3611 2439 3666 uovitius
2474 3611 2574 3664 iste
2622 3613 2853 3679 scriptor
2906 3611 3021 3666 hare
3082 3629 3255 3684 neque
3308 3616 3592 3684 intellexit,

2017 3717 2190 3770 neque
2226 3703 2393 3766 novit,
2442 3717 2613 3772 neque
2643 3701 2772 3755 illud
2818 3703 2965 3756 novit
3007 3706 3150 3772 quod
3183 3707 3297 3760 haec
3343 3709 3589 3778 ignoret:

2015 3811 2134 3863 qua:
2170 3806 2346 3849 tamen
2393 3809 2497 3848 non
2549 3795 2760 3849 nescire
2796 3810 2855 3849 se
2881 3795 3178 3864 gloriatur,
3206 3801 3436 3868 qualiter
3462 3805 3596 3860 sub-

2016 3887 2234 3940 sistunt.
2259 3886 2500 3955 Agedum
2539 3899 2686 3950 vero,
2713 3898 3110 3942 reassumeutes
3131 3905 3250 3958 qua:
3274 3891 3416 3945 dicta
3442 3905 3592 3960 sunt,

2016 3977 2302 4031 audiamus
2361 3987 2421 4030 ut
2468 3977 2616 4031 illum
2679 3977 3061 4033 assimilaverit
3108 3979 3343 4036 humano
3381 3983 3591 4039 verbo:

2016 4084 2139 4122 cum
2187 4067 2329 4136 quod
2382 4067 2708 4137 cogitatione
2764 4069 3260 4134 comprehenditur,
3300 4079 3411 4126 tum
3449 4077 3592 4142 quod

2016 4159 2310 4228 profertur.
2342 4157 2415 4211 Ita
2442 4167 2620 4211 autem
2645 4159 2721 4212 ait
2756 4157 2844 4229 [ιί.
2883 4158 2968 4212 LV
2993 4160 3116 4214 coll.
3148 4177 3200 4228 p.
3240 4162 3310 4218 59
3339 4163 3400 4229 D,
3431 4164 3498 4218 79
3529 4164 3592 4231 Β,

2017 4251 2120 4306 114
2151 4249 2216 4322 D]
2259 4270 2270 4304 :
2312 4268 2330 4301 ι
2379 4249 2558 4304 Facile
2603 4251 2704 4304 hoc
2745 4251 2941 4317 opinor
2991 4253 3368 4322 intelligentes,
3414 4253 3596 4310 animo

2021 4362 2039 4394 ι
2078 4340 2519 4411 comprehensuri
2551 4348 2696 4401 sunt,
2724 4340 2792 4393 ab
2820 4339 3094 4404 humanis,
3119 4340 3469 4394 similitudine
3491 4340 3595 4393 hu-

2023 4452 2041 4484 ι
2079 4433 2188 4487 ιιιίιὶ
2221 4431 2436 4501 quidem
2462 4430 2550 4484 illa
2576 4441 2626 4484 et
2651 4439 2840 4485 conten
2867 4432 3062 4484 nenda.
3095 4431 3227 4483 Nam
3263 4445 3438 4498 neque
3473 4448 3597 4500 pos-

2023 4546 2040 4578 ι
2077 4525 2229 4581 sibile
2249 4534 2333 4579 est
2357 4525 2630 4592 cuiquam,
2655 4522 2741 4575 vel
2768 4531 3035 4590 potestate
3063 4531 3116 4575 et
3140 4521 3416 4592 hypostasi
3441 4537 3598 4590 sepa-

343 4638 359 4667 ι
402 4617 434 4686 ἢ
472 4617 607 4690 μόνῃ
634 4619 699 4688 τῇ
734 4618 826 4688 τῆς
849 4617 1097 4688 πράξεως
1120 4621 1392 4691 ἐνεργείᾳ.
1427 4639 1444 4672 ι
1490 4621 1577 4674 Ἐν
1602 4620 1657 4672 δὲ
1697 4617 1908 4681 τούτοις

2021 4633 2036 4665 ι
2073 4628 2195 4669 rare
2222 4615 2444 4670 verbum
2477 4613 2620 4682 quod
2651 4613 2702 4666 in
2729 4611 3038 4666 hominibus
3064 4621 3167 4664 est.
3197 4609 3341 4664 idem
3394 4611 3596 4665 etenim

334 4707 412 4777 τῷ
446 4706 762 4779 προφορικῷ
792 4707 933 4778 λόγῳ
975 4708 1236 4780 κέχρηται
1278 4710 1446 4763 εἰκόνι
1471 4724 1486 4740 ⁸
1517 4709 1595 4780 τῷ
1623 4709 1680 4762 δέ
1717 4725 1779 4777 γε
1827 4711 1912 4762 ὲν-

330 4798 560 4868 διαθέτῳ
584 4801 641 4851 ὲν
667 4795 747 4872 οἷς
771 4798 946 4852 ταῦτά
968 4817 1158 4870 φησιν’
1193 4819 1210 4852 ι
1242 4801 1316 4853 Οὑ
1348 4802 1455 4872 γὰρ
1483 4801 1596 4872 (57)
1625 4801 1688 4872 δὴ
1721 4798 1912 4870 ἐτέρας

339 4905 357 4936 ι
401 4871 734 4958 ὲτοιμασίας,
764 4883 876 4942 οἷον
917 4888 1068 4960 ῦλης,
1110 4890 1143 4961 ἢ
1177 4890 1342 4961 ἄλλης
1366 4871 1508 4955 τινὸς
1540 4871 1909 4960 ἀνθρωπίνης,

341 4997 356 5026 ι
390 4980 418 5030 ὁ
462 4979 591 5042 Θεὸς
622 4981 792 5034 ἐδεῖτο
821 4982 957 5053 πρὸς
997 4985 1337 5056 κατασκευὴν
1358 5024 1372 5047 ,
1403 4983 1539 5036 ἀλλὰ
1566 4982 1769 5052 ταύτης
1812 4981 1913 5050 τῆς

342 5089 358 5117 ι
403 5069 460 5122 ὲν
488 5073 552 5139 τῇ
584 5070 774 5124 ἑαυτοῦ
809 5071 1015 5144 διανοίᾳ
1041 5075 1374 5144 ἑτοιμασίας.
1423 5074 1574 5126 Ἐπεὶ
1597 5067 1690 5124 οῦν
1716 5071 1911 5125 ἀδύνα-

342 5177 359 5206 ι
400 5176 487 5210 τον
527 5157 592 5231 ἦν
636 5165 802 5233 χωρὶς
831 5164 990 5233 λόγου
1027 5165 1119 5217 καὶ
1163 5166 1262 5229 τῆς
1312 5165 1617 5237 προσούσης
1658 5164 1737 5236 τῷ
1769 5163 1913 5234 λόγῳ

416 5301 472 5358 ›Ῑ‹
505 5295 599 5351 ΕεΙ.
632 5295 830 5361 P.u-is.,
860 5314 978 5369 pag.
1018 5298 1141 5352 125.

409 5389 428 5417 '
461 5385 616 5441 Joau.
652 5404 759 5452 ιιν,
785 5388 836 5442 6.

414 5525 527 5593 (52)
558 5525 726 5582 Vulgo
752 5525 937 5579 αὐτόν.

417 5590 526 5664 (53)
561 5594 733 5660 Πλὴν
772 5594 847 5662 δὴ
885 5596 1085 5664 λόγος.
1124 5592 1435 5664 Legendum
1475 5590 1804 5664 [ortmann
1833 5591 1912 5664 δὲ,

343 5664 406 5719 ὲκ
429 5661 564 5726 τοῦ,
595 5664 793 5733 λέγειν,
826 5661 1084 5734 maps»;
1131 5663 1283 5734 ἔνδον
1319 5661 1482 5715 αὑτὸν
1513 5662 1604 5714 τὸν
1631 5661 1820 5734 λόγον,
1857 5663 1914 5713 ὲν

342 5736 421 5806 τῷ
448 5731 677 5806 Θεῷ,γθιῂ
698 5748 875 5806 tamen
908 5731 1378 5806 uil'perﬁciendutu
1411 5731 1733 5806 sententiain
1789 5734 1916 5786 dce-

344 5801 436 5876 rit,
461 5801 632 5862 simile
656 5806 804 5877 quid,
832 5804 1105 5859 ἁλίσκεται
1137 5802 1290 5857 τοῦτο
1324 5802 1517 5869 λέγων.
1563 5801 1633 5860 Μ.

2025 4723 2045 4758 ι
2081 4719 2356 4773 unumque
2401 4719 2523 4759 cum
2571 4703 2789 4757 homine
2844 4701 3068 4755 verbum
3114 4716 3270 4754 suum
3334 4700 3592 4754 exsistit:

2025 4816 2043 4849 ι
2084 4798 2394 4867 neutiquam
2442 4797 2512 4851 ab
2566 4795 2787 4850 homine
2827 4793 3205 4862 separandum,
3249 4791 3349 4846 nisi
3401 4793 3593 4861 agendi

2029 4908 2047 4941 ι
2083 4890 2195 4944 sola
2224 4889 2455 4944 actione.
2503 4905 2522 4938 ›
2570 4887 2749 4941 Utitur
2775 4885 2861 4939 hic
2884 4885 2995 4952 jam
3022 4882 3268 4951 exemplo
3302 4882 3448 4936 verbi
3471 4898 3597 4951 pro-

2027 4981 2182 5033 Ιηιίιίἰ
2218 4997 2231 5032 :
2269 4977 2614 5035 immanentis
2663 4985 2841 5027 autem
2884 4975 3082 5036 denuo,
3121 4971 3210 5025 ubi
3257 4970 3331 5024 ait
3365 4969 3452 5042 [Β.
3487 4971 3594 5026 Llll

2021 5071 2144 5126 coll.
2178 5086 2230 5138 p.
2265 5069 2336 5122 40
2367 5067 2434 5139 A|
2469 5085 2482 5120 :
2517 5086 2536 5118 ι
2575 5066 2755 5136 Neque
2800 5065 2943 5118 enim
2978 5073 3298 5131 apparatura
3332 5064 3436 5117 ulla
3467 5065 3594 5127 alia,

2026 5181 2044 5212 s
2088 5176 2279 5228 nempe
2327 5158 2585 5220 materiae,
2647 5157 2725 5208 vel
2777 5153 3078 5222 hujusmodi
3133 5154 3403 5222 indigebat
3457 5155 3600 5212 Deus

2097 5520 2208 5586 (54)
2241 5519 2410 5588 Vulgo
2438 5519 2560 5590 μέν.

2094 5577 2210 5658 (55)
2247 5577 2411 5656 Vulgo
2438 5577 2708 5660 ’παρέχειν
2730 5586 2911 5657 vitta;
2934 5594 3188 5642 cmterum
3218 5581 3289 5638 cf.
3317 5597 3371 5652 p.
3396 5577 3596 5634 H887.

2095 5663 2113 5713 .’
2119 5661 2208 5732 56)
2241 5660 2414 5732 Vulgo
2441 5659 2622 5732 αὑτός.

2097 5729 2209 5801 (57)
2243 5729 2410 5800 Vulgo
2435 5730 2511 5784 δέ.
