4160 6444
564 335 674 390 935
1236 314 1508 374 EUSEBll
1541 303 2024 367 CASSARIENSIS
2061 301 2210 359 ore.
2255 301 2442 356 mus
2473 295 2562 354 ιγ.
2606 329 2672 339 -
2713 289 3126 352 DOGMA'I‘ICA.
3723 291 3829 346 935

573 470 594 502 ι
631 453 874 503 luunana:
903 439 1176 497 facultatis
1211 438 1278 490 ad
1307 433 1492 490 mundi
1515 431 1878 487 conditionem
1903 445 1916 480 :
1943 425 2036 480 sed
2057 439 2145 479 so-

2307 421 2498 489 σοφίας
2525 419 2771 488 ἐννοῆσαι
2803 415 2930 484 περὶ
2958 413 3056 486 τῆς
3085 409 3178 462 τοῦ
3203 407 3430 478 οὐρανοῦ
3463 405 3829 476 κατασκευῆς,

575 561 594 592 ι
631 543 678 596 la
711 541 797 593 illa
841 551 960 606 quze
994 535 1140 587 intus
1167 531 1241 583 illi
1272 536 1389 581 erat
1423 525 1564 593 apud
1587 523 1828 576 animum
1857 525 2149 589 apparatib-

2308 515 2398 566 τὸν
2429 512 2560 564 Θεὸν
2583 511 2807 570 εἰκότως
2840 505 2964 574 ἔφη,
3007 523 3024 553 ι
3069 501 3280 555 Ἠν-[κα
3313 498 3583 566 ἡτοίμαζε
3607 498 3712 550 τὸν
3733 497 3836 550 οὑ-

575 652 595 686 ι
633 649 711 686 ra.
741 631 874 684 Cum
917 642 1046 679 vt-ro
1089 637 1194 677 non
1219 628 1404 690 posset
1437 616 1574 680 ﬁeri,
1601 625 1659 668 ut
1691 614 1805 667 sine
1833 613 2016 672 verbo,
2061 615 2152 662 aut

2276 604 2457 666 mror,
2499 599 2910 670 συμπαρήμην·
2953 593 3129 657 αὐτῷ.
3163 587 3276 643 Εἴθ’
3311 589 3435 658 ἑξῆς
3465 587 3667 660 προῖὼν
3697 585 3833 657 ὁμοῦ

577 740 599 774 ι
636 722 803 775 verbo
832 733 949 785 qua:
973 723 1170 782 praesto
1197 680 1417 778 semper
1447 705 1548 758 fuit
1579 701 1866 772 sapientia,
1893 698 2154 767 cogi-taret

2276 697 2346 749 ια).
2375 695 2678 748 ἐνδιάθετον
2703 691 2792 743 τὸν
2817 688 2911 741 τοῦ
2949 685 3082 738 Θεοῦ
3116 684 3284 750 Λόγον
3318 681 3578 752 παρίστη,
3607 680 3836 752 γράφων

581 831 600 862 ι
637 811 703 864 de
737 771 862 862 coeli
889 771 1147 873 apparatu
1193 803 1353 862 Deus,
1394 796 1616 851 omnino
1647 771 1791 846 bene
1826 791 1997 844 dixit:
2023 787 2156 841 Cum

2276 789 2396 842 ιῦτω
2421 807 2433 819 ·
2498 807 2516 838 ι
2553 785 2648 848 Τίς
2694 784 2802 855 γὰρ
2851 779 3022 842 οὕτως
3063 778 3234 850 ἥτῶν
3283 775 3452 843 ἁγίων
3500 771 3765 840 ἀγγέλων,
3801 771 3836 842 ἢ

575 915 602 948 1
635 898 817 952 cmlum
843 900 1188 964 prwpararel,
1219 889 1300 942 illi
1331 904 1435 940 una
1463 886 1674 938 aderam
1693 883 1734 936 °.
1770 899 1787 932 ι
1835 881 2156 950 Progressus

2276 901 2282 932 ι
2320 879 2528 950 ἀνδρῶν
2569 876 2793 930 δικαίων
2833 870 3142 936 ἀξιόπιστος
3187 864 3255 938 ἦν
3301 867 3402 938 τὴν
3451 867 3514 918 ἐκ
3547 861 3837 934 προσώπου

571 991 752 1044 adhuc
789 987 1089 1041 immanens
1129 979 1287 1035 simul
1315 992 1434 1032 esse
1458 985 1511 1030 et
1537 975 1664 1030 illud
1691 973 1925 1028 Verbum
1955 971 2155 1036 docuit,

2276 991 2282 1021 l
2325 968 2419 1022 τοῦ
2455 967 2589 1020 Θεοῦ
2631 964 2938 1035 ὁρισθεῖσαν
2969 959 3116 1029 αὐτῷ
3160 956 3432 1027 τιμωρίαν
3469 953 3650 1017 λῦσαι,
3677 955 3725 1004 εί
3763 951 3840 1021 μὴ

579 1081 653 1134 ita
683 1079 930 1148 inquiens
964 1073 1054 1146 [Β.
1091 1071 1175 1125 Lll
1200 1069 1320 1126 coll.
1349 1083 1402 1138 ι).
1429 1069 1498 1121 40
1534 1066 1598 1137 1).]
1628 1084 1642 1118 :
1685 1085 1704 1116 ‹
1736 1065 1801 1118 Et
1823 1063 1944 1132 quis
1978 1075 2160 1130 qumso

583 1193 602 1224 ι
639 1173 754 1227 sive
800 1178 1112 1224 sanctorum
1146 1179 1176 1218 e
1207 1163 1376 1218 choro
1405 1157 1738 1228 angelorum,
1781 1169 1874 1208 seu
1924 1153 2158 1205 virorum

581 1283 606 1316 ‹
633 1263 900 1330 justorum
941 1259 1134 1328 dignus
1159 1253 1290 1310 satis
1313 1261 1432 1306 erat
1457 1248 1778 1318 supplicium
1812 1245 1961 1308 illud,
1995 1261 2023 1296 a
2055 1243 2162 1297 Deo

586 1375 604 1406 ι
641 1351 1004 1423 personaliter
1032 1347 1106 1401 illi
1141 1346 1469 1400 destinatum
1506 1348 1772 1400 avertere,
1803 1335 1901 1390 nisi
1927 1333 2160 1387 Verbum

583 1465 606 1498 ς
641 1445 794 1506 illud,
820 1442 963 1512 quod
989 1448 1184 1509 praesto
1205 1437 1282 1492 illi
1307 1441 1442 1496 erat,
1469 1441 1523 1488 et
1549 1445 1635 1485 res
1659 1427 2003 1497 conﬁngebat
2026 1441 2160 1478 una:

585 1557 606 1590 ‹
640 1537 727 1610 cui
755 1535 920 1592 Pater
951 1533 1084 1587 dixit
1125 1529 1257 1583 illud
1291 1545 1309 1582 :
1345 1525 1635 1578 Faciamus
1679 1519 1998 1574 hominem".
2045 1537 2062 1570 ι
2109 1517 2162 1570 In

581 1627 940 1697 sequentibus
961 1623 1036 1676 ita
1067 1621 1274 1690 liquido
1298 1617 1558 1679 declarat,
1591 1612 1862 1682 quodnam
1895 1610 2166 1664 subintro-

585 1718 816 1773 ducebat
851 1715 1108 1779 Verbum,
1141 1710 1392 1779 inquiens
1427 1723 1440 1757 :
1477 1725 1496 1758 ι
1525 1706 1678 1773 Quod
1711 1703 1756 1758 si
1787 1704 1910 1772 quis
1934 1703 2167 1756 humano

589 1830 609 1862 ι
646 1810 738 1864 illo
764 1808 980 1879 quidem
1027 1815 1080 1859 et
1123 1805 1318 1871 exiguo
1351 1801 1426 1855 uti
1457 1801 1581 1855 velit
1623 1797 1891 1866 exemplo,
1929 1805 1982 1850 et
2037 1803 2156 1848 tan—

594 1919 612 1954 ι
649 1915 810 1970 quam
855 1901 923 1953 ad
974 1898 1266 1962 imaginem
1306 1893 1619 1962 quamdam,
1670 1888 1907 1941 divinam
1947 1885 2164 1952 exigere

587 2012 608 2043 ι
643 1991 1012 2058 operationem
1071 1988 1143 2040 ita
1197 1993 1421 2040 statuet.
1463 1981 1614 2046 Quod
1669 1977 1826 2032 siculi
1859 1983 2161 2028 statuarum

590 2101 608 2133 ‹
648 2083 804 2136 lictor
831 2079 1099 2148 quispiam
1146 2075 1435 2136 excellens,
1467 2079 1698 2126 Statuam
1743 2067 1928 2120 volens
1964 2063 2166 2119 conlin—

488 2241 492 2246 '
587 2191 608 2222 ι
647 2184 794 2240 gere,
839 2169 1088 2238 inprimis
1127 2173 1190 2229 ᾖ
1221 2165 1364 2219 illius
1389 2163 1610 2223 formas,
1641 2167 1696 2212 et
1725 2169 2010 2226 expressas
2041 2153 2166 2219 ligu-

589 2279 608 2310 ι
649 2275 738 2314 ras
793 2261 936 2313 intus
991 2257 1236 2320 revolvit,
1287 2254 1424 2322 apud
1473 2249 1716 2304 animum
1772 2246 2161 2302 considerans:

589 2371 610 2402 ι
651 2360 762 2405 tum
811 2352 1024 2418 adaptat
1075 2349 1123 2403 ei
1157 2344 1569 2414 longitudinem,
1607 2350 1808 2409 quanta
1847 2336 2077 2393 suﬁiciet
2111 2345 2167 2390 et

590 2462 609 2496 ι
647 2441 988 2496 latitudinem
1016 2455 1028 2490 :
1061 2437 1574 2508 proportionemque
1604 2430 1859 2498 cujusque
1880 2428 2072 2496 partis,
2099 2426 2166 2479 ad

589 2552 609 2584 ‹
650 2533 814 2588 totius
838 2543 1146 2584 mensuram
1175 2527 1431 2580 decenter
1457 2524 1660 2592 exigit:
1691 2529 1848 2576 curat
1871 2529 1926 2572 ut
1959 2519 2024 2570 ad
2055 2532 2166 2570 ma-

592 2642 610 2674 ι
649 2637 776 2676 num
811 2620 883 2674 sit
919 2625 1240 2688 praeparata,
1297 2630 1419 2683 qua:
1468 2611 1699 2668 sttﬂlciat
1751 2609 1876 2662 atris
1919 2607 2163 2660 materia.

589 2730 612 2766 ‹
649 2714 825 2782 Atque
861 2711 936 2766 ita
971 2717 1257 2777 postquam
1285 2722 1382 2760 sua
1412 2703 1740 2776 cogitatione
1767 2707 1997 2754 statuam
2030 2712 2168 2766 prte-

589 2819 612 2852 ‹
653 2799 966 2868 ﬁguraverit
999 2796 1146 2850 illam
1187 2813 1201 2848 :
1237 2793 1498 2848 lustrasse
1533 2807 1654 2846 eam
1703 2804 1760 2844 se
1793 2796 2054 2856 reputans
2087 2785 2168 2839 iu-

591 2910 614 2946 ι
651 2893 866 2946 tellectu
899 2903 999 2944 suo
1045 2889 1302 2942 conscius
1353 2885 1615 2940 rationem
1651 2882 1817 2945 illam,
1863 2895 1959 2948 per
2005 2893 2166 2947 quam

591 3001 613 3032 ι
655 2981 1010 3036 ratiocinator
1033 2993 1215 3033 secum
1251 2989 1358 3030 una
1381 2974 1664 3042 cooperari
1707 2987 1808 3027 nec
1833 2986 1892 3026 se
1924 2972 2040 3025 siue
2075 2985 2164 3024 ra-

2266 1080 2284 1110 ι
2315 1059 2474 1120 αὐτὸς
2514 1059 2542 1110 ό
2585 1057 2775 1122 Λόγος,
2805 1055 2833 1105 ό
2881 1048 3182 1120 συμπαρών
3220 1065 3278 1100 τε
3325 1045 3417 1100 καὶ
3457 1044 3840 1115 συμπλάττων,

2268 1173 2284 1202 ι
2321 1151 2455 1221 πρὸς
2489 1149 2546 1200 ὃν
2575 1149 2602 1199 ὁ
2632 1145 2819 1216 Πατὴρ
2842 1187 2855 1206 ,
2895 1141 3240 1208 Ποιήσωμεν
3267 1137 3580 1206 ἄνθρωπον
3599 1177 3612 1197 ,
3643 1135 3780 1205 ἔφης
3817 1154 3836 1186 ι

2263 1243 2482 1304 Τούτοις
2516 1241 2640 1306 ea;
2667 1238 2918 1306 διασαφεῖ
2945 1236 2971 1286 ὀ
2996 1236 3144 1288 ποῖον
3169 1231 3375 1298 είσάγει
3401 1229 3556 1296 λόγον
3581 1228 3803 1296 φάσκων
3825 1245 3838 1256 ·

2269 1353 2286 1384 ι
2323 1331 2434 1386 ἀλλ’
2471 1331 2524 1382 εἴ
2551 1347 2635 1392 τις
2667 1326 2849 1398 μικρῷ
2894 1341 2998 1377 τινι
3041 1323 3135 1375 καὶ
3169 1319 3489 1390 ἀνθρωπίνῳ
3535 1319 3655 1370 καθ’
3693 1313 3844 1388 ἡμᾶς

2271 1444 2290 1477 ι
2333 1422 2732 1493 παραδείγματι
2758 1417 3068 1490 χρώμενος,
3103 1413 3176 1476 ὡς
3207 1412 3293 1464 διὰ
3326 1411 3530 1472 είκόνος
3557 1409 3656 1479 τὴν
3693 1408 3846 1461 θείαν

2273 1533 2290 1565 ι
2325 1514 2565 1580 ἐξετάζοι
2611 1509 2840 1582 πρᾶξιν,
2876 1507 3062 1576 ὥσπερ
3091 1505 3157 1560 ἂν
3190 1503 3244 1558 εἴ
3281 1520 3363 1566 τις
3403 1499 3847 1573 ἀνδριαντοποιὸς

2273 1624 2290 1656 ι
2333 1605 2646 1674 ἐπιστήμων
2699 1599 2867 1670 ἀνὴρ,
2917 1597 3204 1668 ἀνδριάντα
3258 1593 3458 1646 πλάσαι
3505 1591 3844 1662 βουλόμενος,

2273 1712 2290 1746 ι
2330 1692 2540 1764 πρῶτον
2574 1691 2671 1760 μὲν
2696 1689 2816 1750 τοὺς⁵
2839 1687 3050 1748 «τύπους
3083 1683 3248 1736 αὑτοῦ
3277 1685 3370 1736 καὶ
3406 1684 3760 1753 χαρακτῆρας
3791 1683 3850 1733 ἐν

2275 1804 2294 1838 ι
2326 1783 2503 1854 ἐαυτῷ
2539 1785 2763 1835 σκοπεῖ·
2807 1781 2996 1832 ἔπειτα
3037 1777 3236 1839 πλάτος
3274 1793 3334 1829 τε
3363 1777 3456 1827 καὶ
3487 1775 3689 1846 μῆκος,
3725 1773 3850 1826 ὅσον
3945 1793 3950 1796 ·

2276 1895 2294 1927 ι
2333 1875 2622 1945 εὐπρεπὲς,
2658 1875 2826 1924 ἐννοεῖ
2851 1887 2863 1898 ·
2895 1867 3184 1936 ἀναλογίαν
3228 1884 3286 1919 τε
3327 1866 3419 1918 τοῦ
3452 1865 3650 1927 παντὸς
3675 1855 3740 1917 ἐν
3769 1863 3850 1933 τῷ

2275 1986 2293 2018 ι
2330 1965 2449 2018 καθ’
2482 1965 2712 2017 ’ἑκαστον
2739 1959 2978 2024 ἐξετάζει
3011 1957 3197 2030 μέρει,
3227 1955 3428 2027 χαλκοῦ
3462 1973 3516 2007 τε
3547 1955 3646 2026 τὴν
3675 1955 3849 2026 πρόσ-

2276 2077 2293 2110 ι
2329 2074 2490 2127 φορον
2517 2052 2810 2123 ἑτοιμάσας
2838 2050 2989 2121 ὓλην,
3016 2049 3110 2101 κα)⁵
3147 2049 3238 2100 τὸν
3263 2047 3518 2117 ἐσόμενον
3559 2044 3850 2115 ἀνδριάντα

2278 2168 2293 2198 ι
2326 2151 2390 2219 τῇ
2429 2145 2618 2199 ἑαυτοῦ
2659 2139 3019 2214 προτυπὼσας
3057 2139 3298 2208 διανοίᾳ,
3333 2138 3427 2190 καὶ
3469 2135 3672 2204 νοητῶς
3718 2131 3850 2205 όρᾷν

2275 2259 2297 2293 ε
2335 2240 2581 2309 νομίσας,
2617 2233 2870 2297 συνειδώς
2897 2251 2957 2285 τε
2989 2231 3166 2302 ἐαυτῷ
3193 2231 3473 2301 συνεργεῖν
3499 2228 3590 2280 τὸν
3615 2226 3776 2294 λόγον

2277 2350 2296 2380 ι
2333 2329 2639 2398 λογίζεται,
2687 2327 2781 2379 καὶ
2824 2318 2868 2392 ᾧ
2915 2325 3090 2377 πάντα
3146 2323 3404 2393 πράττειν
3449 2319 3638 2371 εἴωθεν
3679 2315 3852 2387 (οὐδὲν

2277 2439 2294 2470 ι
2335 2417 2442 2489 γάρ
2492 2415 2602 2486 (58)
2637 2415 2731 2487 ’μὴ
2781 2415 2924 2484 λόγῳ
2973 2413 3254 2484 γινόμενον
3303 2410 3508 2478 καλὸν),
3552 2409 3854 2480 ἀρχόμενος

2278 2529 2296 2562 ⁸
2327 2511 2426 2580 τῆζ
2477 2509 2738 2579 αἰσθητῆς
2787 2507 2989 2576 ταύτης
3037 2503 3319 2575 ἐργασίας,
3365 2503 3500 2574 πρὸς
3542 2502 3750 2566 ἐαυτὸν,
3777 2501 3854 2565 ὡς

2279 2621 2298 2654 ι
2335 2601 2470 2672 πρὸς
2503 2603 2710 2672 ἕτερον,
2747 2597 3175 2670 παρακελεύεται
3219 2595 3412 2662 λέγων,
3443 2595 3575 2662 Ἀγε
3617 2595 3853 2664 ποιήσω-

2279 2715 2298 2748 (
2341 2713 2464 2767 μεν,
2499 2695 2597 2762 ἆγε
2629 2693 2920 2761 πλάσωμεν
2956 2687 3246 2760 ἀνδριάντα
3273 2704 3286 2716 ·
3323 2687 3494 2748 οὕτως
3521 2687 3548 2737 ὁ
3577 2685 3684 2738 τῶν
3717 2685 3853 2738 ὅλων

2281 2807 2298 2840 ι
2331 2787 2594 2852 δεσπότης
2647 2785 2820 2846 Θεὸς,
2873 2783 2963 2834 τὸν
3009 2779 3247 2850 ἔμψυχον
3298 2779 3362 2831 ἐκ
3413 2781 3514 2848 γῆς
3565 2777 3852 2847 ἀνδριάντα

2281 2897 2298 2930 ι
2341 2877 2529 2942 ποιῶν,
2552 2877 2652 2928 οὐκ
2678 2875 2821 2944 ἄλλῳ
2850 2875 2954 2926 τινὶ
2975 2872 3107 2925 ἀλλὰ
3135 2871 3212 2941 τῷ
3235 2870 3426 2922 ἐαυτοῦ
3459 2868 3855 2938 παρεκελεύετο

2281 2988 2299 3020 ι
2339 2968 2518 3038 Λόγῳ,
2548 2965 2898 3033 Ποιήσωμεν
2914 2961 3245 3028 ἄνθρωπον,
3273 2960 3464 3026 λέγων.
3491 2978 3508 3009 ι
3532 2955 3632 3008 Διά
3651 2955 3854 3007 τούτων

591 3090 612 3122 ι
651 3071 794 3124 tione
840 3069 1132 3138 quidquam
1175 3075 1496 3122 construere
1539 3082 1554 3116 :
1600 3063 1758 3133 (nihil
1812 3064 1956 3118 enim
2009 3061 2167 3132 plane

2276 3059 2518 3128 ἐναργῶς
2531 3058 2627 3112 καὶ
2654 3056 2951 3111 ἐνδιάθετον
2979 3055 3169 3122 Λόγον,
3187 3047 3230 3120 ᾧ
3251 3049 3610 3118 διαλογίζεται
3633 3065 3734 3114 τις,
3759 3047 3855 3100 καὶ

593 3178 614 3211 ι
651 3161 793 3229 quod
815 3169 964 3214 caret
986 3159 1194 3212 ratione
1217 3157 1430 3226 placere
1452 3165 1650 3224 potest,
1675 3163 1733 3207 ut
1753 3153 2056 3224 pulchrum)
2078 3153 2166 3206 ubi

595 3271 614 3302 ι
651 3265 938 3321 aggressus
973 3248 1132 3302 fuerit
1167 3249 1270 3302 hoc
1295 3246 1549 3301 sensibile
1574 3260 1730 3300 suum
1757 3259 1912 3312 opus,
1973 3253 2172 3298 semet-

595 3360 613 3391 ι
653 3340 828 3410 ipsum
855 3337 1070 3404 aﬂ‘atur,
1109 3338 1273 3394 veluti
1298 3335 1484 3402 alium,
1517 3336 1875 3400 adhortando,
1919 3347 2052 3402 age,
2087 3333 2171 3386 iu—

2278 3151 2628 3220 προφορικὸν,
2655 3142 2698 3216 ᾧ
2727 3147 3032 3215 διαλέγεται
3056 3188 3069 3211 ,
3101 3143 3348 3216 προσῆψε
3381 3142 3459 3212 τῷ
3491 3140 3608 3212 Θεῷ
3632 3180 3646 3203 ,
3679 3139 3864 3204 ’ποιοῦ-ε

2277 3243 2365 3296 τόν
2398 3259 2518 3295 τινα
2544 3281 2558 3306 ,
2586 3236 2694 3294 οἷον
2721 3241 2812 3294 τὸν
2839 3239 2959 3294 καθ’
2991 3241 3170 3310 ἡμᾶς,
3205 3239 3298 3292 καὶ
3323 3237 3413 3290 τὸν
3447 3237 3504 3290 ἐν
3533 3235 3608 3306 τῷ
3637 3233 3754 3306 Θεῷ
3779 3229 3856 3288 εἷ-

2279 3351 2365 3386 ναι
2395 3334 2564 3402 Λόγον
2593 3331 2940 3404 ὑποθέμενος.

595 3455 615 3488 ι
655 3437 872 3507 quiens,
903 3437 1172 3490 faciamus
1209 3451 1223 3488 :
1264 3448 1382 3504 age,
1420 3433 1687 3502 tingamus
1737 3442 1993 3486 statuam.
2051 3431 2132 3483 Ad
2198 3431 2359 3484 istmn
2407 3431 2621 3484 modum
2669 3431 3044 3484 universorum
3118 3427 3382 3480 Dominus
3451 3426 3612 3490 Deus,
3663 3438 3696 3478 e
3727 3425 3858 3480 limo

597 3549 616 3582 ι
657 3521 950 3584 animatum
988 3528 1324 3582 conlicturus
1366 3534 1634 3588 statuam;
1675 3537 1780 3576 non
1840 3522 2002 3575 alium
2045 3521 2312 3588 quemvis,
2361 3523 2457 3574 sed
2505 3536 2664 3575 suum
2735 3520 2901 3590 ipsius
2961 3519 3157 3572 aﬂ'atur
3219 3517 3396 3586 λόγον,
3447 3517 3862 3585 inquiens,Fa—

595 3639 618 3674 ε
650 3623 852 3676 ciantus
882 3619 1164 3672 hominem.
1206 3637 1225 3669 ι
1263 3615 1320 3670 lu
1357 3617 1496 3681 istis,
1545 3615 1619 3669 ita
1654 3613 1803 3668 clare
1829 3613 2038 3683 aliingit
2064 3613 2192 3678 Deo,
2235 3629 2360 3667 cum
2396 3613 2630 3668 Verbum
2703 3615 3028 3677 immanens,
3065 3627 3172 3680 quo
3211 3627 3332 3666 cum
3365 3611 3498 3666 solet
3532 3611 3651 3680 quis
3684 3611 3858 3666 collo-

587 3713 709 3783 qui,
733 3721 844 3765 tum
877 3709 1110 3763 Verbum
1143 3723 1424 3773 emanans,
1456 3723 1553 3778 per
1583 3706 1726 3777 quod
1759 3706 1898 3762 solet
1920 3705 2178 3775 colloqui,
2221 3705 2546 3776 imaginatus
2599 3704 2830 3760 Verbum
2879 3704 2971 3758 Dei
3025 3704 3264 3758 divinum
3295 3743 3310 3769 ,
3363 3703 3624 3772 ejusmodi
3693 3704 3858 3772 quale

591 3803 816 3858 verbum
843 3811 1087 3854 nostrum
1121 3809 1227 3855 est.

1221 3891 1372 3948 CAP.
1417 3891 1559 3948 XVI.

772 4007 1057 4076 Refutatur
1083 4020 1324 4074 perversa
1349 4005 1507 4073 hujus
1541 4005 1765 4060 hominis
1803 4007 1996 4076 opinio.

667 4119 782 4174 Non
839 4128 922 4173 est
962 4133 1100 4187 opus
1150 4125 1206 4172 ut
1241 4117 1468 4173 ulterius
1505 4127 1814 4188 satagamus
1866 4119 2175 4186 ostendere,

593 4210 737 4281 quod
785 4225 879 4279 per
928 4209 1027 4262 ista
1065 4219 1287 4279 negatur
1330 4209 1422 4264 Dei
1461 4208 1672 4266 Filius:
1708 4211 2080 4264 tantummodo
2109 4212 2174 4264 ad

2909 3887 3064 3941 ΚΕΦ.
3105 3887 3224 3954 ις’.

2501 4005 2796 4071 Ἔλεγχος
2825 3999 2938 4070 τῆς
2974 3999 3228 4068 τάνδρὸς
3265 3999 3640 4066 κακοδοξίας,

2349 4116 2531 4170 Ταῦτα
2558 4117 2656 4186 μὲν
2705 4109 2802 4168 οὖν
2841 4114 3018 4166 πάντα
3053 4111 3128 4175 ὡς
3173 4113 3442 4184 ἀρνητικὰ
3476 4115 3731 4182 τυγχάνει
3765 4114 3859 4167 τοῦ

2281 4209 2410 4262 Υἱοῦ
2440 4205 2532 4260 τοῦ
2559 4206 2694 4259 Θεοῦ
2715 4205 2871 4258 οὐδὲν
2897 4203 3500 4276 προσεπεξεργάζεσθαι
3528 4204 3608 4255 δεῖ
3629 4221 3642 4233 ’
3673 4205 3861 4261 τοσοῦ-

595 4297 924 4370 interrogata
961 4299 1306 4368 respondeat.
1361 4299 1420 4354 Si
1449 4315 1587 4354 unus
1621 4311 1739 4354 erat
1773 4301 1930 4364 Deus,
1969 4317 2066 4356 nec
2107 4301 2167 4354 ab

2277 4317 2366 4354 τον
2415 4299 2470 4352 δὲ
2525 4294 2679 4369 οἶμαι
2715 4299 3013 4368 προσήκειν
3045 4297 3411 4368 ἐπερωτῆσαι.
3451 4299 3512 4350 El
3549 4297 3657 4367 (5'9)
3691 4297 3754 4370 δὴ
3781 4294 3861 4360 εἷς

592 4406 659 4447 eo
685 4392 974 4460 quidquam
1007 4406 1021 4442 :
1063 4404 1167 4444 non
1198 4390 1374 4455 Pater,
1407 4405 1512 4445 non
1546 4389 1751 4444 Filius:
1781 4406 2038 4460 quorsum
2069 4392 2172 4445 ista

583 4483 835 4548 .nomina,
881 4480 1211 4536 mentiuntur
1245 4495 1417 4536 sacrae
1437 4481 1688 4536 Litterae?
1717 4481 1844 4551 quid
1877 4483 2176 4538 dissimulat

595 4571 902 4636 Marcellus,
939 4572 1062 4624 dum
1093 4570 1184 4640 qui
1210 4585 1316 4624 non
1341 4582 1424 4626 εει
1449 4570 1636 4638 Filius,
1661 4572 1752 4626 sed
1793 4568 2046 4636 Verbum,
2079 4586 2175 4640 ap-

595 4663 758 4730 pellat
801 4673 976 4716 tameu
1015 4662 1230 4716 Filium.
1279 4661 1524 4732 Cumque
1571 4662 1872 4732 exemplum
1923 4663 2176 4718 adhibeat

595 4755 746 4810 verbi
775 4755 1014 4820 humani,
1047 4754 1331 4810 dicendum
1361 4765 1466 4820 est,
1506 4755 1646 4822 quod
1677 4769 1778 4808 non
1807 4756 1983 4810 omnis
2011 4755 2172 4809 homo

597 4846 722 4904 licet
775 4848 986 4902 ratione
1043 4847 1322 4914 praeditus,
1371 4855 1427 4900 et
1459 4845 1796 4915 eougeuitum
1841 4845 1890 4898 in
1925 4860 1982 4899 se
2013 4845 2172 4914 logon

595 4938 899 5007 possidens,
937 4935 1100 4988 lilium
1143 4935 1328 4998 habet,
1363 4943 1421 4988 ut
1451 4935 1753 4990 necessario
1791 4935 1929 4989 Illius
1961 4936 2032 4988 sit
2087 4937 2172 4989 di-

597 5042 810 5084 versum
835 5028 962 5096 quid
992 5043 1021 5079 a
1051 5025 1188 5095 logo.
1227 5025 1283 5082 Si
1321 5043 1450 5096 ergo
1474 5028 1689 5090 dixerit,
1721 5027 1882 5080 Deum
1915 5028 1966 5080 in
2006 5042 2064 5082 se
2095 5027 2174 5083 lo-

595 5135 700 5189 gon
723 5119 996 5183 habuisse,
1027 5133 1124 5172 nec
1153 5128 1411 5185 praeterea
1441 5118 1753 5187 quidquam,
1775 5131 1898 5172 cum
1925 5135 2030 5188 quo
2060 5121 2172 5174 col-

577 5289 580 5292 .
673 5242 732 5299 ᾖ(
761 5235 858 5290 Ed.
893 5233 1090 5298 Paris,
1117 5248 1234 5304 pag.
1268 5233 1384 5288 126.

675 5330 696 5359 ⁶
727 5328 887 5383 Prov.
919 5344 1036 5397 vin,
1067 5329 1154 5382 27.
1235 5330 1252 5360 ⁷
1277 5327 1411 5382 Gen.
1441 5341 1480 5392 ι,
1519 5324 1607 5379 26.

811 5444 976 5516 Vulgo
1005 5443 1066 5497 τὸ
1093 5449 1190 5516 μή.

691 5515 783 5586 59)
810 5515 980 5586 Vulgo
1013 5515 1103 5569 δέ,
1155 5576 1158 5579 _

691 5521 783 5584 59)
812 5521 980 5586 Vulgo
1013 5521 1090 5569 δέ.
1155 5576 1158 5579 _

665 5521 779 5656 (ϐυ)
839 5584 922 5650 Τῷ
970 5587 1038 5638 ἐν
1075 5585 1425 5652 ἀνθρώποις.
1461 5584 1613 5654 Vulg.
1664 5585 1914 5656 οὐρανοῖς
1947 5595 2174 5656 :__err_or

597 5649 1111 5721 ex‘abhreviattoue,
1145 5649 1311 5719 ἀνοις,
1344 5649 1444 5710 huc
1472 5649 1923 5725 σει,’ἀνθρὶϋττοις.
1964 5651 2030 5704 Μ.
2063 5649 2174 5720 [Sic

2280 4391 2412 4453 Θεὸς
2452 4385 2520 4459 ἦν
2539 4430 2553 4453 ,
2583 4389 2676 4442 καὶ
2705 4388 2853 4441 οὐδὲν
2881 4389 3064 4460 ἕτερον
3084 4431 3099 4454 ,
3126 4390 3187 4442 οὐ
3220 4390 3409 4460 Πατὴρ
3428 4429 3442 4452 ,
3471 4389 3571 4459 οὐχ
3609 4389 3738 4453 Υἱὸς
3761 4429 3775 4454 ,
3809 4389 3860 4442 τί

2281 4481 2637 4552 κατεψεύδετο
2665 4481 2772 4546 τῶν
2807 4479 3060 4534 τοιούτων
3084 4481 3361 4550 ὀνομάτων
3392 4483 3424 4550 ἡ
3458 4481 3684 4550 Γραφή;
3726 4479 3860 4532 τίδὲ

2280 4576 2376 4628 καὶ
2421 4573 2582 4637 αὐτὸς
2629 4571 2947 4644 Μάρκελλος
2997 4573 3386 4644 ὑποκρίνεται,
3435 4572 3524 4625 τὸν
3585 4571 3658 4642 μὴ
3709 4571 3858 4638 Υἰὸν,

2279 4665 2416 4720 ἀλλὰ
2445 4666 2637 4732 Λόγον,
2689 4665 2817 4718 re»
2861 4663 3182 4728 ἀποκαλῶν;
3213 4665 3325 4717 Καὶ
3373 4665 3558 4736 ἐπειδὴ
3595 4663 3862 4736 κέχρηται

2281 4759 2682 4830 παραδείγματι
2713 4758 2820 4830 (60)
2847 4758 2926 4828 τῷ
2971 4759 3028 4812 ἐν
3061 4757 3370 4828 ἀνθρώποις
3397 4759 3539 4828 λόγῳ
3559 4799 3573 4822 ,
3616 4759 3858 4820 λεκτέον,

2281 4850 2356 4913 ὡς
2385 4849 2446 4902 οὑ
2477 4850 2583 4910 πᾶς
2613 4847 2896 4917 ἄνθρωπος
2935 4848 3048 4900 υἱὸν
3093 4847 3226 4918 ἔχει,
3255 4847 3472 4914 λογικὸς
3513 4845 3620 4910 ὢν,
3655 4848 3748 4900 καὶ
3769 4849 3862 4900 τὸν

2284 4938 2502 5008 συμφυῆ
2551 4937 2706 5004 λόγον
2737 4937 2793 4988 ὲν
2837 4937 2983 5006 αὐτῷ
3025 4937 3380 5006 κεκτημένος.
3427 4936 3632 4990 Οὐκοῦν
3675 4937 3862 5007 ἔτερόν

2280 5031 2330 5083 τί
2365 5034 2510 5082 ἐστιν
2545 5031 2669 5093 Υἱὸς
2699 5031 2850 5100 παρὰ
2880 5031 2971 5082 τὸν
3015 5030 3188 5096 λόγον.
3219 5031 3322 5082 Τὸν
3351 5025 3442 5084 οὖν
3470 5028 3600 5082 Θεὸν
3631 5031 3678 5081 εἰ
3703 5028 3862 5096 λόγον

2283 5121 2426 5192 ἔχειν
2460 5125 2516 5175 ἐν
2557 5124 2734 5194 ἑαυτῷ
2778 5123 2974 5192 φάσκοι
3003 5121 3097 5175 καὶ
3129 5121 3240 5194 (61)
3271 5122 3420 5174 οὐδὲν
3449 5121 3632 5191 ἕτερον
3655 5161 3668 5186 ,
3697 5113 3741 5188 ᾧ
3765 5122 3863 5173 καὶ

2283 5445 2428 5514 dedi,
2465 5458 2613 5514 corr.
2638 5513 2643 5514 γ
2669 5439 2927 5514 secutus].

2354 5513 2464 5581 itii)
2502 5511 2692 5566 Οὐδὲν
2711 5506 2934 5579 ἑτερο-ὖ.
2972 5513 3127 5568 Deest
3163 5513 3298 5569 forte
3321 5514 3352 5585 ἢ
3380 5513 3556 5582 λόγον,
3647 5509 3757 5566 καί.
3786 5508 3857 5570 Μ.

2285 5611 2346 5624 -—
2383 5585 2554 5652 Supra
2599 5585 2752 5654 Vulgo
2789 5587 3005 5654 φάσκει.
