4158 6390
365 387 469 445 957

1316 394 1406 450 DE
1435 394 1968 452 ECCLESIASTICA
1992 396 2391 456 THEOLOGIA
2429 400 2559 458 LIB.
2603 402 2667 459 Il.

3499 410 3607 471 938

361 501 633 568 διενοεῖτο,
677 496 723 572 ᾧ
761 503 855 557 καὶ
883 503 1018 577 πρὸς
1048 506 1237 560 ἐαυτὸν
1260 507 1547 578 διελέγετο,
1577 511 1918 580 Ποιήσωμεν

2029 511 2363 582 loquebatur,
2398 514 2684 574 Faciamus
2698 519 2977 591 hominem,
3008 522 3277 594 inquiens,
3324 528 3452 598 quid
3477 543 3606 586 eum

358 591 690 663 ἄνθρωπον,
734 594 908 664 λέγων
946 612 960 626 ⁸
986 597 1040 650 τί
1077 598 1169 650 καὶ
1201 597 1374 669 μάτην
1407 599 1520 651 υἱὸν
1547 600 1834 672 ὀνομάζοι;
1864 601 1931 656 Τί

359 682 417 735 δέ
450 683 546 754 τὴν
584 683 906 756 Ἐκκλησίαν
929 685 1308 758 ύποκρίνεται;
1346 689 1410 742 Τί
1446 689 1524 752 δὲ,
1558 690 1632 762 μὴ
1662 691 1932 746 πιστεύων

360 775 439 837 εἰς
470 776 559 828 τὸν
587 775 713 829 Υίὸν
746 777 841 831 τοῦ
871 777 1005 830 Θεοῦ
1050 783 1424 850 προσποιεῖται
1451 781 1760 847 πιστεύειν,
1799 801 1932 855 σχη-

361 863 719 936 ματιζόμενος
762 864 852 918 διὰ
895 865 989 919 τοῦ
1041 866 1136 919 τὸν
1181 868 1351 937 Λόγον
1399 870 1489 924 τὸν
1554 873 1612 924 ἐν
1683 872 1762 944 τῷ
1813 872 1932 944 Θεῷ

360 953 488 1009 Υἰὸν
525 955 854 1023 ἀποκαλεῖνς
886 957 1076 1027 Σαφῶς
1122 961 1217 1013 τοῦ
1248 962 1685 1035 παραδείγματος
1731 963 1927 1035 μακρῷ

357 1044 628 1127 διεστάναι
665 1046 1005 1113 διδάσκοντος
1053 1050 1144 1104 τὸν
1193 1052 1428 1123 ἔμφυτον
1475 1056 1532 1107 ἐν
1573 1054 1716 1127 ψυχῇ
1769 1055 1926 1125 λόγον

357 1136 508 1207 παρά
529 1115 623 1191 τὶν
653 1137 716 1192 έκ
744 1157 887 1203 τινος
920 1115 1394 1213 γεννηθένταξκαὶ
1431 1145 1551 1200 καθ’
1589 1115 1792 1202 ’ἑαυτὸν
1826 1115 1927 1219 ύφ-

354 1226 565 1280 εστῶτα
589 1268 604 1294 ,
657 1229 751 1282 καὶ
810 1228 986 1294 ζῶντα
1007 1269 1022 1294 ,
1083 1233 1175 1286 καὶ
1231 1233 1555 1304 ἐνεργοῦντα
1602 1236 1750 1292 Υίόν.
1788 1238 1926 1294 Ἀλλ’

351 1319 453 1372 οὐκ
507 1318 656 1388 ἐγὼ,
707 1321 877 1393 φησὶ,
936 1323 1012 1386 ὡς
1058 1323 1243 1391 εἰκὸς,
1286 1325 1399 1378 ἀλλ’
1435 1328 1463 1376 ὁ
1503 1327 1643 1392 θεῖος
1694 1330 1925 1400 εὐαγγε-

348 1410 541 1483 λιστὴς
592 1412 762 1480 Λόγον
820 1414 979 1467 αὑτὸν
1029 1418 1340 1485 προσεῖπεν.
1399 1418 1710 1472 Ἀκόλουθον
1748 1421 1926 1476 τοίνυν

352 1503 436 1574 εἴη
469 1502 535 1557 ἂν
569 1504 662 1557 καὶ
687 1505 833 1575 ἡμᾶς
857 1506 1029 1577 τούτῳ
1050 1507 1425 1578 συνομολογεῖν
1454 1510 1590 1580 (58).
1618 1511 1747 1577 Ναὶ,
1777 1530 1849 1583 φη
1859 1515 1920 1584 μὶ

352 1592 448 1645 καὶ
480 1592 661 1657 αὐτός.

993 1685 1148 1739 ΚΕΦ.
1189 1687 1286 1742 1Ζ¹.

431 1774 735 1845 Ἐρμηνεία
761 1776 869 1845 τῆς
896 1776 1162 1845 ἀληθοῦς
1188 1777 1455 1847 διανοίας
1496 1782 1604 1836 τοῦ
1634 1784 1848 1853 Λόγου.

2031 613 2084 657 et
2112 602 2311 658 frustra
2346 607 2582 675 quidem,
2611 610 2842 680 appellat
2866 613 3107 669 Filium?
3135 616 3271 683 Quid
3305 618 3604 678 Ecclesiam

2031 694 2265 763 decipit?
2292 698 2420 765 quid
2447 714 2571 755 cum
2603 717 2706 758 non
2735 706 2940 773 credat,
2974 708 3125 778 ﬁngit
3183 720 3360 766 tamen
3392 728 3452 769 se
3485 729 3606 770 cre-

2031 785 2157 840 dere
2188 785 2241 840 in
2277 787 2471 845 Filium
2503 791 2633 848 Dei?
2670 804 2856 865 utpote
2879 800 2969 867 qui
2998 800 3165 855 videri
3191 801 3308 859 vult
3343 819 3439 874 per
3472 805 3606 862 Ver-

2031 875 2154 929 bum
2205 876 2395 933 Filium
2441 880 2534 937 Dci
2584 886 2911 945 nominasse.
2947 889 3079 944 Cum
3105 892 3272 961 ipsius
3299 898 3603 965 exemplum

2031 970 2311 1038 perspicue
2342 973 2551 1040 doceat,
2576 975 2885 1047 longissime
2938 984 3136 1039 distare
3173 985 3390 1040 insitum
3422 989 3603 1044 animo

2030 1056 2183 1128 logon
2219 1065 2278 1124 ὦ
2316 1061 2384 1116 ab
2427 1063 2517 1119 illo
2562 1070 2705 1135 quod
2753 1070 2818 1126 de
2857 1071 3038 1142 aliquo
3072 1089 3494 1146 progeneratur,
3548 1093 3603 1138 et

2029 1164 2124 1217 per
2153 1166 2212 1205 se
2234 1153 2478 1209 subsistit
2510 1168 2565 1210 et
2595 1158 2745 1221 vivit,
2788 1170 2843 1217 et
2882 1176 3155 1232 operatur,
3199 1176 3254 1223 et
3296 1166 3335 1221 F
3342 1169 3463 1224 ilius
3493 1180 3598 1226 est.

2030 1239 2134 1295 Sed
2163 1244 2409 1299 fortassis
2440 1247 2682 1316 inquiet:
2710 1250 2827 1308 Non
2871 1269 2973 1324 ego
3021 1257 3167 1311 illum
3217 1261 3424 1329 appello
3466 1261 3601 1317 Ver-

2030 1332 2176 1396 bum,
2229 1336 2321 1389 sed
2386 1337 2598 1395 divinus
2646 1345 2971 1412 evangelista

2029 1440 2146 1479 sum
2194 1443 2292 1496 par
2332 1439 2415 1485 est
2447 1433 2716 1490 confiteri.
2774 1437 2866 1492 Est
2908 1439 3066 1509 plane
3113 1443 3274 1499 etiam
3322 1461 3443 1503 meo
3480 1448 3600 1502 aui-

2030 1533 2136 1573 mo.

2623 1704 2705 1758 CA
2716 1706 2774 1760 P.
2811 1704 2968 1762 XVII.

2267 1788 2412 1845 Verre
2449 1799 2721 1851 sententiae
2758 1800 2822 1852 de
2864 1798 3026 1854 Verba
3053 1802 3356 1873 explicatio.

419 1864 566 1936 Πλὴν
605 1865 710 1918 οὐδ’
738 1866 938 1937 ἑτέρως
990 1868 1286 1939 προσήκειν
1315 1863 1469 1940 οἶμαι
1514 1870 1793 1936 ἐξακούειν
1824 1874 1918 1945 τῆς

2096 1879 2203 1937 Sed
2237 1897 2342 1938 non
2372 1886 2533 1941 aliter
2553 1890 2774 1944 omnino
2795 1906 2898 1947 vox
2928 1893 3018 1948 illa
3070 1895 3480 1965 interpretanda
3513 1911 3598 1958 est

346 1957 597 2030 φωνῆςῆ
643 1958 790 2029 αὐτῷ
834 1959 994 2013 πάλιν
1046 1959 1518 2032 μαθητευομένους
1565 1961 1647 2033 τῷ
1691 1964 1923 2033 εὐαγγε-

345 2050 502 2121 λιστῇ
572 2048 872 2104 διδάσκοντι
923 2053 1104 2106 ὁποῖον
1161 2052 1440 2124 διωρίζετο
1489 2052 1689 2122 Λόγον.
1733 2054 1925 2123 Σαφῶς

345 2143 402 2196 δὲ
446 2143 634 2197 τοῦτον
679 2145 917 2215 παρίστη
962 2139 1073 2208 οἷός
1124 2162 1209 2209 τις
1249 2139 1338 2216 ἦν,
1388 2147 1769 2201 ἐπισυνάπτων
1797 2148 1925 2219 ἑξῆς

346 2236 442 2289 καὶ
474 2235 668 2305 λέγων,
703 2236 812 2289 Καὶ
854 2234 997 2302 Θεὸς
1038 2233 1119 2307 ἦν
1157 2240 1191 2291 ό
1216 2238 1424 2307 Λόγος.
1453 2238 1756 2310 Δυνάμενος
1794 2240 1923 2309 γοῦν

344 2327 546 2389 εἰπεῖν,
589 2324 698 2379 Καὶ
742 2324 887 2391 Θεὸς
938 2321 1019 2395 ἦν
1056 2328 1089 2380 δ
1118 2329 1340 2399 Λόγος,
1404 2326 1544 2398 μετά
1568 2328 1667 2400 τῆς
1696 2329 1790 2382 τοῦ
1820 2330 1923 2402 ἄρ-

346 2417 477 2489 θρου
509 2417 843 2489 προσθήκης,
865 2417 918 2469 εἰ
945 2434 1009 2486 γε
1035 2417 1093 2471 ἓν
1122 2419 1216 2472 καὶ⁵
1255 2419 1452 2473 ταύτὸν
1478 2422 1663 2490 ἠγεῖτο
1689 2420 1780 2474 τὸν
1813 2422 1923 2475 Πα-

342 2505 477 2575 τέρα
519 2500 657 2559 εἶναι
688 2505 782 2558 καὶ
820 2505 911 2558 τὸν
940 2504 1087 2571 Υίὸν,
1135 2505 1301 2559 αὐτόν
1344 2523 1406 2560 τε
1447 2502 1587 2561 εἶναι
1634 2508 1723 2562 τὸν
1750 2509 1922 2578 Λόγον

342 2594 436 2650 τὸν
460 2597 553 2650 ἐπὶ
585 2597 802 2653 πάντων
851 2596 1005 2663 Θεὸν,
1038 2597 1136 2669 οὐχ
1182 2597 1353 2664 οὕτως
1388 2598 1522 2671 (δι’)
1550 2598 1779 2666 ἐξέδωκε
1824 2601 1922 2674 τὴν

342 2690 580 2761 γραφήν.
608 2690 679 2742 Ἦ
717 2689 845 2760 γὰρ,
877 2708 896 2741 ι
929 2690 1039 2743 Καὶ
1067 2688 1202 2744 Θεοῦ
1234 2686 1302 2762 ἦν
1331 2692 1360 2744 6
1397 2691 1569 2761 Λόγος
1598 2711 1617 2744 ι
1655 2693 1820 2765 ἐχρῆν
1853 2695 1923 2747 si-

342 2785 487 2845 πεῖν,
516 2781 548 2852 ἢ
581 2799 601 2833 r
627 2783 656 2833 6
686 2780 819 2845 Θεὸς
857 2777 924 2853 ἦν
953 2783 982 2834 6
1008 2782 1199 2851 Λόγος,
1231 2801 1250 2834 ι
1290 2783 1426 2854 μετὰ
1468 2783 1785 2858 προσθήκης
1824 2785 1919 2840 τοῦ

340 2870 566 2944 ἄρθρου,
612 2874 659 2926 εί
704 2875 770 2944 τῇ
826 2872 1145 2945 Μαρκέλλου
1213 2876 1421 2947 διανοίᾳ
1480 2875 1769 2948 σύμφωνον
1821 2877 1919 2950 τὴν

339 2963 561 3036 γραφὴν
604 2966 858 3018 ἐποιεῖτο.
888 2964 1027 3018 Νυνὶ
1051 2964 1107 3018 δὲ
1136 2966 1231 3020 καὶ
1261 2967 1421 3021 αὐτὸν
1464 2968 1555 3021 τὸν
1584 2969 1755 3038 Λόγον
1787 2970 1918 3026 Θεὸν

338 3050 479 3111 εἶναι
512 3056 786 3127 παρίστη,
831 3057 1030 3126 ὁμοίως
1064 3055 1161 3127 τῷ,
1197 3058 1334 3129 πρὸς
1373 3058 1431 3111 ὃν
1457 3055 1524 3131 ἦν
1550 3059 1700 3132 Θεῷ·
1737 3080 1920 3133 προει-

339 3144 459 3201 νεὼν
489 3145 617 3217 γὰρ,
660 3145 770 3199 Καὶ
799 3149 832 3200 ό
862 3148 1049 3216 Λόγος
1085 3144 1163 3218 ἦν
1193 3150 1344 3218 πρὸς
1373 3148 1479 3203 τὸν
1512 3151 1679 3215 Θεὸν,
1722 3155 1916 3222 ἐπάγει

337 3234 531 3305 λέγων,
560 3234 672 3289 Καὶ
721 3235 865 3302 Θεὸς
893 3231 972 3306 ἦν
999 3240 1033 3292 d
1063 3239 1270 3309 Λόγος,
1323 3242 1607 3313 μονονουχὶ
1647 3244 1914 3312 σαφέστε-

340 3346 433 3401 ρον
463 3330 611 3399 ἡμᾶς
653 3329 915 3383 διδάσκων
945 3330 1156 3402 πρῶτον
1211 3332 1309 3403 μὲν
1350 3334 1598 3404 ἡγεῖσθαι
1648 3336 1781 3390 Θεὸν
1825 3338 1916 3390 τὸν

336 3422 592 3477 ἐπέκεινα
639 3422 747 3476 τῶν
777 3422 932 3489 ὅλων,
976 3423 1138 3478 αὐτὸν
1166 3423 1257 3479 τὸν
1297 3424 1390 3478 τοῦ
1446 3426 1620 3496 Λόγου
1667 3429 1915 3501 Πατέρα,

335 3515 474 3580 πρὸς
509 3515 567 3570 ὃν
602 3510 670 3587 ἦν
706 3517 735 3570 6
761 3516 952 3585 Λόγος,
999 3516 1190 3571 ἔπειτα
1221 3519 1335 3587 μετ’
1373 3517 1532 3571 αὐτὸν
1569 3520 1645 3591 μὴ
1679 3522 1914 3590 ἀγνοεῖν,

334 3607 410 3671 ὡς
439 3608 533 3662 καὶ
565 3609 594 3661 6
627 3608 798 3677 Λόγος
827 3608 991 3663 αὐτοῦ
1030 3609 1059 3661 6
1096 3607 1388 3679 μονογενὴς
1422 3609 1566 3673 Υἱὸς,
1604 3612 1726 3681 οὐχ).
1756 3612 1919 3676 αὐτὸς

331 3694 402 3770 ἦν
434 3701 462 3753 6
487 3700 579 3752 ἐπὶ
618 3699 835 3753 πάντων
867 3700 1019 3764 Θεὸς,
1048 3701 1162 3753 ἀλλ’
1197 3701 1277 3753 ὅτι
1311 3701 1403 3754 καὶ
1450 3700 1614 3765 αὐτὸς
1652 3701 1785 3767 Θεὸς
1826 3699 1914 3775 ἦν.

345 3790 407 3843 '0
434 3790 543 3862 γὰρ
576 3811 594 3842 ι
622 3792 716 3845 καὶ
745 3810 764 3842 ι
806 3790 1099 3863 σύνδεσμος
1136 3790 1215 3862 τῷ
1268 3792 1444 3864 Πατρὶ
1501 3792 1761 3846 συνάπτει
1818 3795 1917 3865 τὴν

335 3879 563 3952 θεότητα
589 3880 680 3934 τοῦ
733 3879 884 3933 Υίοῦ.
935 3881 1026 3933 Διό
1074 3898 1226 3953 φησι,
1261 3882 1369 3937 Καὶ
1391 3885 1425 3937 ὁ
1460 3882 1603 3949 Θεὸς
1625 3879 1707 3953 ἦν
1740 3886 1772 3936 ὀ
1804 3884 1916 3938 Ad-

334 3988 461 4043 γος,
515 3972 581 4024 ἵν’
643 3970 841 4042 ῐδωμεν
884 3971 1014 4026 Θεὸν
1055 3973 1145 4025 τὸν
1177 3974 1269 4026 ἐπὶ
1302 3974 1537 4037 πάντων,
1584 3974 1719 4045 πρὸς
1761 3973 1820 4027 ὃν
1849 3971 1918 4048 ἦν

332 4066 363 4119 6
390 4064 590 4133 Λόγος,
643 4063 732 4118 καὶ
762 4063 894 4118 Θεὸν
936 4066 1097 4118 αὐτὸν
1135 4065 1225 4120 τὸν
1258 4066 1451 4134 Λόγον.
1496 4068 1693 4120 ’Λκουε
1732 4066 1808 4131 ὡς
1841 4069 1919 4122 εἰ·

336 4156 468 4211 κόνα
514 4156 608 4209 τοῦ
660 4156 817 4221 Θεοῦ,
862 4156 956 4210 καὶ
991 4158 1173 4210 εἰκόνα
1209 4157 1319 4229 (62)
1351 4160 1450 4229 οὐχ
1491 4158 1567 4222 ὡς
1619 4161 1676 4212 ἐν
1723 4159 1918 4231 ἀψύχῳ

336 4246 459 4320 ὕλῃ,
506 4248 619 4302 ἀλλ’
641 4247 717 4311 ὼς
756 4249 815 4303 ἐν
844 4246 959 4319 ru;
992 4248 1185 4313 ζῶντι,
1235 4249 1331 4303 καὶ
1376 4249 1745 4321 ἀκριϐέστατα
1777 4251 1915 4322 πρὸς

333 4338 431 4411 τὴν
460 4340 764 4411 ἀρχέτυπον
801 4339 1027 4411 θεότητα
1057 4339 1152 4393 τοῦ
1204 4340 1415 4411 Πατρὸς
1459 4340 1910 4412 ἀφωμοιωμένον.

350 4429 503 4482 Ἐπεὶ
540 4430 597 4483 δὲ
625 4430 704 4501 τῷ
746 4430 1067 4500 ἀνθρωπίνῳ
1115 4429 1257 4501 λόγῳ
1307 4430 1397 4482 τὸν
1422 4429 1519 4483 τοῦ
1560 4431 1694 4486 Θεοῦ
1728 4449 1911 4504 παρα-

2025 1987 2185 2041 quam
2215 1977 2480 2044 quomodo
2506 1992 2604 2032 nos
2642 1980 2829 2034 docuit
2871 1982 2984 2052 ipse
3026 1987 3391 2058 evangelista:
3425 1997 3598 2062 quod-

2026 2078 2148 2117 nam
2182 2065 2296 2134 ipse
2332 2066 2563 2122 Verbum
2596 2069 2881 2140 intelligat.
2924 2073 2977 2128 ld
3006 2090 3132 2131 vero
3175 2080 3413 2136 insinuat
3458 2086 3596 2142 satis

2024 2157 2169 2210 clare
2199 2157 2251 2211 iu
2280 2158 2348 2214 iis
2376 2174 2497 2228 qua:
2522 2161 2778 2229 adnectit,
2800 2172 2852 2218 et
2883 2164 3023 2221 Deus
3052 2177 3166 2221 erat
3208 2168 3449 2238 Verbum,
3471 2191 3594 2232 cum

2024 2247 2270 2317 proloqui
2320 2252 2619 2319 potuisset,
2656 2262 2713 2308 et
2757 2253 2850 2311 ille
2889 2256 3066 2326 Deus,
3107 2260 3290 2317 addito
3335 2268 3591 2335 articulo,

2023 2347 2140 2390 erat
2176 2339 2406 2394 Verbum
2432 2380 2447 2404 ,
2480 2342 2528 2397 si
2557 2358 2721 2399 unum
2755 2356 2810 2400 et
2853 2349 3099 2403 eumdem
3123 2389 3141 2416 ,
3185 2361 3241 2407 et
3284 2351 3500 2413 Patrem
3540 2370 3597 2415 et

2022 2426 2216 2485 Filium
2261 2433 2603 2501 appellasset,
2633 2435 2677 2489 si
2719 2434 2948 2492 Verbum
2981 2439 3110 2497 illud
3129 2444 3442 2514 opinaretur
3475 2464 3597 2506 esse

2022 2518 2169 2574 illum
2199 2519 2365 2576 Deum
2413 2524 2504 2593 qui
2540 2533 2623 2580 est
2653 2539 2818 2596 super
2850 2531 3053 2585 omnia.
3085 2533 3194 2591 Sed
3219 2552 3323 2592 non
3363 2539 3439 2594 ita
3466 2557 3589 2611 pro-

2023 2611 2231 2669 locutus
2259 2624 2364 2670 est.
2411 2614 2543 2670 Nam
2578 2617 2664 2672 vel
2715 2618 2896 2676 dicere
2942 2624 3195 2695 debebat,
3224 2638 3281 2684 et
3328 2632 3419 2687 Dei
3472 2646 3596 2691 erat

2022 2701 2258 2760 Verbum
2280 2746 2295 2770 ,
2326 2707 2407 2760 vel
2438 2706 2584 2765 Deus
2611 2721 2731 2767 erat
2755 2711 2844 2767 ille
2868 2711 3101 2771 Verbum
3128 2735 3142 2771 :
3172 2720 3386 2792 adjectp
3406 2739 3596 2796 nempe

2021 2799 2274 2864 articulo,
2308 2801 2354 2855 si
2390 2816 2515 2856 cum
2550 2803 2793 2862 Hareelli
2840 2810 3110 2865 sententia
3152 2811 3433 2883 Scriptura
3463 2832 3598 2873 con-

2021 2890 2303 2958 spirasset.
2350 2892 2420 2947 At
2466 2910 2611 2952 nunc
2655 2907 2713 2952 et
2761 2896 2936 2969 ipsum
2969 2898 3208 2957 Verbum
3255 2903 3424 2960 Deum
3473 2923 3597 2966 esse

2022 2980 2260 3035 insinuat
2285 3021 2300 3044 ,
2333 2984 2588 3040 similiter
2625 2986 2701 3042 illi
2736 2989 2864 3054 Deo,
2910 2992 3049 3060 apud
3091 3007 3251 3063 quem
3288 3007 3425 3053 erat.
3458 2998 3593 3056 Nam

2020 3085 2141 3124 cum
2193 3073 2339 3143 prius
2385 3076 2650 3141 edixerat,
2689 3078 2752 3133 Et
2795 3079 3017 3137 Verbum
3064 3095 3179 3139 erat
3226 3095 3365 3157 apud
3402 3089 3590 3159 Deum,

2020 3161 2306 3230 subinlert,
2340 3176 2387 3219 et
2418 3165 2557 3222 Deus
2589 3181 2700 3223 erat
2741 3169 2965 3227 Verbum
2996 3190 3016 3230 :
3043 3175 3356 3244 planissime
3384 3198 3481 3238 nos
3511 3186 3595 3239 in-

2022 3250 2283 3322 l'ormans,
2303 3265 2506 3312 tantum
2536 3276 2643 3316 non
2669 3271 2728 3316 ut
2752 3264 2984 3332 primum
3018 3267 3182 3321 Deum
3215 3268 3360 3326 illum
3389 3274 3591 3331 intelli-

2017 3359 2209 3412 gamus
2256 3362 2398 3414 esse,
2450 3351 2540 3419 qui
2591 3362 2673 3405 est
2714 3369 2877 3423 super
2925 3357 3127 3420 omnia.
3175 3359 3346 3429 ipsum
3399 3380 3593 3437 nempe

2022 3435 2181 3490 Verbi
2230 3437 2486 3506 Patrem,
2545 3442 2686 3510 apud
2732 3459 2892 3513 quem
2933 3455 3052 3499 erat
3093 3447 3361 3518 Verbum;
3396 3464 3507 3510 tum
3535 3435 3589 3513 in

2018 3525 2289 3589 secundis,
2313 3536 2463 3583 utne
2492 3527 2664 3597 igunri
2692 3532 2883 3597 simus,
2907 3533 3050 3603 quod
3077 3545 3132 3590 et
3159 3536 3394 3596 Verbum
3421 3544 3590 3612 ipsius

2020 3615 2324 3685 nuigcnitus
2345 3617 2517 3675 Filius
2538 3637 2644 3676 non
2696 3635 2812 3678 erat
2842 3628 3063 3696 quidem
3092 3628 3186 3685 ille
3216 3646 3381 3702 super
3407 3640 3587 3692 omnia

2026 3706 2166 3762 Deus
2191 3748 2207 3775 ,
2238 3710 2331 3764 sed
2358 3714 2502 3781 quod
2531 3725 2587 3768 et
2612 3716 2724 3784 ipse
2743 3718 2904 3773 etiam
2936 3719 3080 3777 Deus
3105 3731 3254 3790 erat;
3284 3727 3589 3797 conjunctio

2017 3797 2216 3852 etenim
2252 3798 2377 3865 illa,
2416 3812 2470 3856 et
2512 3804 2855 3861 divinitatem
2904 3809 3027 3865 Filii
3083 3816 3357 3870 connectit
3393 3817 3584 3884 Patri;

2020 3887 2143 3943 inde
2174 3889 2272 3956 ait,
2303 3901 2350 3944 et
2379 3891 2519 3946 Deus
2539 3904 2652 3948 erat
2688 3891 2915 3951 Verbum
2937 3913 2958 3952 :
2983 3910 3039 3955 ut
3069 3901 3237 3958 Deum
3262 3905 3412 3959 illum
3446 3909 3588 3962 scia-

2019 3992 2140 4033 mus
2166 3994 2306 4047 esse,
2335 3980 2426 4050 qui
2459 3990 2544 4037 est
2573 3998 2735 4054 super
2765 3987 2973 4052 omnia,
3004 3989 3144 4059 apud
3170 4006 3332 4061 quem
3363 4004 3415 4047 et
3451 3992 3588 4049 Ver-

2018 4066 2144 4120 bum
2173 4078 2312 4134 erat,
2347 4071 2439 4125 sed
2466 4080 2522 4126 et
2547 4071 2783 4129 Verbum
2810 4091 3022 4147 quoque
3056 4080 3225 4136 Deum
3251 4083 3458 4149 audies,
3482 4085 3589 4139 ve!-

2018 4157 2096 4210 uti
2143 4158 2232 4226 qui
2264 4160 2335 4214 sit
2361 4160 2538 4233 imago
2568 4162 2699 4231 Dei,
2731 4179 2835 4220 non
2869 4178 2925 4221 ut
2955 4171 3007 4223 in
3035 4171 3261 4226 materia
3291 4171 3585 4230 inanimata

2016 4250 2423 4319 subsistentem,
2484 4256 2578 4309 sed
2634 4266 2692 4311 ut
2725 4257 2776 4311 in
2828 4258 2969 4315 Filio
3008 4263 3129 4317 vivo
3165 4265 3255 4333 qui
3289 4279 3452 4335 quam
3486 4284 3585 4322 ex-

2016 4341 2287 4396 actissime
2318 4353 2667 4413 repracsentat
2703 4347 3030 4419 archetypon
3059 4350 3204 4406 illam
3236 4352 3415 4410 Patris
3447 4356 3585 4411 divi-

2018 4431 2263 4488 nitatem.
2312 4433 2577 4500 Quoniam
2623 4453 2756 4493 vero
2784 4438 2956 4493 visum
3001 4440 3256 4498 Marcello
3297 4444 3400 4500 fuit
3428 4446 3585 4518 logon

336 4520 550 4574 ϐάλλειν
595 4520 768 4574 ἐδόκει
817 4523 1141 4595 Μαρκέλλῳ,
1188 4526 1282 4579 καὶ
1331 4526 1481 4596 πόσῳ
1534 4524 1725 4595 βελτίω
1769 4519 1910 4580 εἶναι

2021 4521 2137 4585 Dei,
2170 4536 2356 4580 nostro
2400 4526 2679 4583 hominum
2730 4532 3049 4596 assimilare,
3083 4537 3129 4588 si
3177 4538 3398 4592 omnino
3446 4539 3585 4619 banc

334 4612 598 4682 φήσομεν,
658 4612 827 4667 εἰκόνι
885 4614 1165 4685 χρώμενον
1230 4615 1309 4686 τῷ
1364 4616 1686 4688 ἀνθρωπίνῳ
1742 4617 1905 4687 λόγῳ,

330 4703 505 4774 τούτῳ
535 4703 732 4774 μᾶλλον
754 4704 1060 4776 χρήσασθαι
1081 4704 1159 4777 τῷ
1180 4706 1601 4777 παραδείγματι,
1625 4707 1718 4759 καὶ
1744 4706 1909 4773 φάναι

330 4795 424 4851 τοῦ
458 4797 587 4869 παρ’
624 4797 755 4870 ἡμῖν
783 4797 940 4867 λόγου
985 4797 1194 4871 πατέρα
1237 4794 1375 4852 εἶναι
1411 4798 1502 4850 τὸν
1537 4797 1679 4861 νοῦν,
1724 4797 1909 4871 ἕτερον

329 4890 457 4942 ὄντα
488 4889 640 4961 παρά
667 4890 756 4943 τὸν
787 4889 964 4959 λόγον.
995 4890 1099 4945 Τὸν
1134 4890 1232 4962 μὲν
1259 4890 1370 4961 γὰρ
1402 4888 1537 4961 (62⁸)
1568 4889 1714 4955 νοῦν,
1760 4891 1912 4953 ὅστις

332 4980 462 5034 ποτέ
494 4981 587 5035 καὶ
612 4983 793 5046 ὁποῖος
824 4980 899 5035 ὣν
924 4982 1025 5053 τὴν
1054 4982 1239 5036 οὐσίαν
1282 4981 1545 5053 ὑπάρχει,
1591 4981 1767 5045 οὐδεὶς
1796 4979 1911 5033 πώ-

332 5088 465 5125 ποτε
494 5071 794 5144 ἀνθρώπων
815 5074 977 5142 ἔγνω,
1016 5072 1267 5144 βασιλεὺς
1293 5073 1339 5126 δ’
1363 5067 1450 5127 οἷα
1479 5074 1536 5126 ἐν
1573 5072 1911 5144 ἀπορρήτοις

332 5165 464 5217 εἵσω
498 5168 611 5229 τοῖς
661 5166 825 5220 αὑτοῦ
882 5166 1150 5238 ταμιείοις
1194 5165 1477 5237 ἱδρυμένος
1526 5164 1596 5219 τὰ
1652 5163 1901 5236 πρακτέα

334 5253 671 5324 βουλεύεται·
713 5258 741 5308 6
768 5255 812 5308 δ’
834 5254 894 5320 ἐξ
933 5255 1094 5310 αὐτοῦ
1124 5255 1302 5324 λόγος,
1329 5248 1418 5308 οἷα
1443 5253 1647 5325 πατρὸς
1688 5253 1747 5319 ἐξ
1777 5252 1905 5307 ἀδύ-

2017 4616 2277 4671 adbibere
2309 4618 2520 4674 volebat
2548 4622 2958 4679 similitudinem
2980 4665 2996 4691 ,
3045 4638 3249 4696 quanto
3281 4632 3482 4687 rectius
3517 4616 3585 4696 is,

2017 4706 2081 4758 ad
2137 4706 2280 4762 hunc
2326 4711 2542 4763 modum
2590 4713 2921 4781 protulisset,
2954 4726 3012 4771 ut
3050 4718 3275 4785 diceret,
3313 4729 3374 4787 )3
3414 4725 3582 4778 nostri

2015 4795 2119 4866 logi
2150 4808 2427 4867 parentem
2458 4814 2579 4854 esse
2624 4813 2857 4858 mentem
2879 4846 2894 4871 ,
2923 4822 3042 4876 quae
3084 4809 3354 4865 diversum
3387 4812 3514 4882 quid
3551 4829 3582 4867 a

2013 4887 2132 4956 lngo
2160 4890 2391 4944 exsistit.
2423 4889 2651 4945 Mentem
2683 4894 2826 4947 enim
2856 4911 3016 4953 nemo
3050 4900 3267 4968 quidem
3306 4902 3579 4959 hominum

2013 4982 2163 5036 novit
2209 4997 2330 5050 qum
2368 4983 2469 5050 sit,
2517 4985 2731 5053 qualive
2782 4989 3003 5056 praedita
3049 4992 3120 5047 sit
3170 4994 3442 5052 essentia:
3487 4998 3579 5052 sed

2010 5073 2176 5128 veluti
2210 5073 2429 5142 quidam
2461 5089 2577 5141 rex,
2598 5075 2740 5131 intus
2772 5089 2825 5132 et
2856 5078 2907 5133 in
2941 5081 3167 5136 secretis
3193 5083 3307 5139 suis
3334 5099 3582 5156 recepta-

2013 5166 2147 5221 culis
2192 5167 2457 5233 residens,
2492 5167 2557 5221 de
2603 5168 2763 5224 rebus
2790 5172 3011 5241 agendis
3058 5174 3289 5244 despicit
3321 5189 3375 5232 et
3405 5179 3583 5233 deter-

2011 5255 2221 5311 minat:
2272 5256 2440 5325 ipsius
2478 5266 2655 5312 autem
2693 5257 2875 5329 logos,
2903 5275 2969 5318 ex
3018 5276 3084 5319 co
3119 5265 3418 5336 procedens
3464 5278 3583 5322 tan-

330 5362 439 5400 των
466 5342 651 5416 μυχῶν
680 5345 1071 5417 γεγεννημένος
1096 5348 1207 5410 τοῖς
1233 5345 1389 5409 ἐκτὸς
1418 5347 1549 5400 πᾶσι
1580 5344 1901 5400 καθίσταται

2021 5360 2166 5416 luam
2199 5359 2230 5401 a
2261 5347 2508 5417 genitore
2548 5352 2899 5423 progenitus,
2935 5354 2990 5411 in
3030 5355 3389 5417 abditissimis
3418 5374 3584 5416 nene-

401 5532 461 5596 ἦ
498 5530 595 5586 Ed.
623 5529 824 5585 Paris"
851 5544 971 5600 pag.
993 5529 1117 5594 127,
1144 5531 1259 5586 128.

397 5730 734 5814 (ἓὲῖῌιξιεῖ)
765 5728 1001 5814 ίὲὓτωίίῖ
1112 5800 1161 5814 ..
1237 5799 1312 5814 ._
1470 5801 1483 5814 .
1587 5800 1660 5814 η.

399 5800 520 5873 (62)
543 5802 650 5857 Καὶ
676 5800 858 5854 εἰκόνα
881 5800 1003 5856 add.
1028 5800 1209 5866 codd.;
1237 5800 1375 5855 intra
1401 5801 1556 5873 vulgo
1584 5800 1826 5872 βελτίων.

696 5900 965 5962 Pirene.
999 5898 1116 5961 Gn.
1162 5897 1388 5962 XXIV.

2089 5726 2219 5802 (ω’)
2246 5727 2414 5801 Vulgo
2446 5747 2554 5789 om.
2573 5734 2696 5803 γάρ.

3224 5889 3305 5950 30

3038 1364 3052 1401 :
3106 1359 3161 1404 et
3218 1365 3315 1406 nos
3362 1352 3489 1407 illud
3520 1354 3602 1422 ip-
3714 1362 3732 1378 ’
