4158 6390
476 292 575 351 Mi

1393 291 1480 349 DE
1509 291 2050 351 ECCLESIASTICA
2102 292 2499 352 TllEOLOGlA
2546 293 2678 353 LIB.
2718 293 2778 352 li.

3631 303 3739 361 912

475 410 570 465 καὶ
601 408 914 478 ἀναγκαίως
956 409 1478 484 ἐπισημαινομὲνης,
1519 409 1685 477 ὡς’ὲν
1728 412 1906 467 οὐδενὶ
1943 411 2027 467 τῶ*

2158 412 2537 483 prophetarum
2593 418 2910 482 exsistebat,
2942 416 3082 488 quod
3128 416 3195 473 ad
3227 418 3518 489 quemlibet
3548 436 3735 481 corum

473 501 769 576 προφητῶν
791 498 890 573 ἦν,
917 502 1052 557 ἀλλά
1076 504 1198 558 καθ’
1224 504 1454 559 ἕκαστον
1480 505 1747 576 ἐγίγνετο
1772 504 1885 578 (70)
1914 506 2052 578 πρὸς

470 594 533 651 ὃν
565 597 600 668 ἠ
637 595 869 651 ἑκάστου
906 595 1135 668 δύναμις
1153 638 1168 659 ,
1205 597 1291 650 οἵα
1336 615 1396 651 τε
1435 594 1503 671 ἦν
1560 600 1779 672 χωρεῖν,
1814 598 2052 674 προσιὼν

470 689 609 760 αὐτῇ
650 689 745 743 καὶ
773 690 838 760 τῇ
886 688 1116 743 ἑκάστου
1154 688 1297 761 ψυχῇ
1336 688 1398 744 τὸ
1427 691 1761 765 κατάλληλον
1793 693 2049 765 παρέχων

468 778 532 843 ἐξ
562 777 725 833 αὐτοῦ
756 779 971 851 πνεῦμα
998 781 1092 834 καὶ
1119 780 1310 853 νοεράν
1339 782 1562 848 εἰκότως
1588 785 1681 838 ἐπὶ
1716 784 1810 839 τοῦ
1846 787 2049 858 παρόν-

465 885 559 933 τος
587 870 616 922 ὁ
652 870 1077 943 εὐαγγελιστὴς,
1129 868 1223 925 τοῦ
1264 873 1439 944 Λόγου
1504 875 1712 948 μέλλων
1761 878 2071 949 εὐαγγελί-’

427 959 655 1026 ιζεσθαι
709 962 1038 1035 οἰκονομίαν,
1091 963 1191 1018 οὐκ
1244 964 1322 1019 ἔθ’
1368 967 1573 1039 ὁμοίως
1630 970 1743 1036 τοῖς
1798 973 2049 1038 παλαιοῖς

464 1057 746 1127 γεγονέναι
802 1057 962 1114 αὑτὸν
1024 1055 1211 1131 ἕτερόν
1261 1057 1376 1131 (71)
1437 1076 1561 1116 τινα
1615 1062 1883 1130 διδάσκει,
1931 1065 2047 1120 ἀλλ’

464 1148 628 1202 αὐτὸν
676 1148 854 1220 σάρκα
892 1148 1240 1222 ἀνειληφέναι
1278 1151 1373 1206 καὶ
1402 1151 1689 1225 ἄνθρωπον
1732 1156 2042 1225 γεγονέναι·

462 1234 564 1291 εἶτ’
587 1238 773 1311 ἐπειδὴ
806 1239 904 1312 τὴν
944 1241 1024 1304 εἰς
1064 1239 1384 1313 ἀνθρώπους
1426 1243 1592 1298 αὐτοῦ
1634 1246 1899 1319 σωτήριον
1936 1249 2047 1312 τοῖς

462 1330 628 1384 πᾶσιν
662 1330 895 1402 πάροδον
928 1329 1218 1403 κηρύττειν
1250 1332 1496 1404 ἔμελλεν,
1536 1334 1664 1407 ἑξῆς
1700 1336 1893 1406 λέγων,
1932 1337 2045 1392 Καὶ

463 1422 498 1474 ὁ
536 1422 728 1491 Λόγος
762 1421 917 1491 σὰρξ
946 1422 1202 1493 ἐγένετο,
1232 1425 1329 1479 καὶ
1373 1423 1730 1493 ἐσκήνωσεν
1770 1428 1840 1481 ἐν
1876 1430 2041 1499 ἡμῖν,

460 1511 775 1581 ἀναγκαίως
810 1515 902 1567 ἐπὶ
936 1514 1035 1585 τὴν
1087 1510 1261 1590 ἀρχὴν
1288 1517 1596 1592 ἀνατρέχει,
1641 1518 1732 1573 τὸν
1768 1521 1897 1591 χθὲς
1946 1521 2041 1575 καὶ

461 1602 654 1674 πρώην
692 1604 1044 1676 σαρκωθὲντα
1093 1608 1267 1677 Λόγον
1310 1609 1394 1673 τίς
1440 1628 1571 1665 ποτε
1615 1607 1684 1684 ἦν
1733 1614 1827 1666 καὶ
1860 1615 2042 1679 ὁποῖος

459 1694 704 1759 δεικνύςυ
751 1695 990 1765 θεολογεῖ
1016 1714 1075 1751 τε
1113 1699 1298 1765 αὑτὸν,
1335 1702 1469 1774 ὁμοῦ
1505 1703 1604 1777 τὴν
1647 1703 1847 1774 γνῶσιν
1878 1706 2039 1761 αὐτοῦ

460 1789 555 1842 καὶ
586 1787 684 1860 τὴν
717 1790 798 1850 είς
825 1788 1145 1863 ἀνθρώπους
1176 1792 1495 1865 θεοφάνειαν
1533 1797 2036 1871 εὐαγγελιζόμενος,

457 1873 579 1944 εἷθ’,
609 1880 683 1945 ὡς
720 1880 828 1939 τῶν
854 1883 1123 1949 παλαιῶν,
1161 1886 1225 1938 ὲκ
1262 1886 1371 1941 τῶν
1404 1887 1563 1945 θείων
1595 1890 2039 1963 ἀναγνωσμάτων

457 1971 963 2044 προμεμαθηκότων
986 1975 1080 2030 τὸν
1108 1977 1191 2046 ἐφ’
1216 1978 1431 2052 ἑκάστῳ
1462 1982 1719 2056 προφήτῃ
1744 1984 2036 2055 γενόμενον

455 2062 650 2132 Λόγον,
695 2065 861 2130 αὐτὸς
904 2067 1003 2141 τὴν
1054 2067 1334 2141 θειοτέραν
1383 2071 1476 2125 καὶ
1535 2073 1810 2146 ἐξαίρετον
1861 2075 2037 2148 ἀρχὴν

454 2153 620 2207 αὐτοῦ
685 2155 981 2227 κηρύττει,
1040 2157 1106 2229 ῆν
1151 2158 1329 2225 οὐδεὶς
1378 2162 1674 2233 προφητῶν
1729 2163 2035 2235 ἀνθρώποις

446 2247 677 2318 γυμνῶς
731 2247 871 2304 οὕτω
947 2251 1041 2304 καὶ
1100 2252 1582 2325 ἀπαρακαλύπτως
1642 2255 1886 2328 ἐξέφηνε.
1943 2259 2034 2312 Διό

456 2343 672 2414 μεγάλῃ
709 2346 859 2415 φωνῇ
890 2346 1002 2409 τοῖς
1028 2347 1163 2399 πᾶσι
1188 2345 1250 2399 τὸ
1275 2346 1495 2419 λεληθὸς
1523 2349 1617 2402 καὶ
1649 2347 1878 2421 κρύφιον
1905 2352 2033 2422 περὶ

450 2433 548 2486 τοῦ
586 2435 759 2503 Λόγου
812 2437 1109 2509 μυστήριον
1156 2438 1486 2511 παραδιδοὺς
1534 2440 1663 2494 ἐϐόα
1704 2441 1898 2512 λέγων’
1937 2445 2033 2497 Ἐν

452 2523 613 2594 ἀρχῇ
667 2521 749 2597 ἦν
792 2529 825 2581 ό
870 2527 1090 2597 Λόγος,
1142 2530 1242 2584 καὶ
1275 2533 1310 2584 ό
1360 2532 1552 2602 Λόγος
1598 2528 1678 2604 ἦν
1723 2534 1874 2604 πρὸς
1924 2536 2031 2590 τὸν

453 2611 621 2678 Θεὸν,
667 2614 764 2669 καί
812 2614 957 2682 Θεὸς
1003 2612 1082 2687 ἦν
1121 2620 1153 2671 ό
1190 2618 1402 2688 Λόγος.
1460 2619 1663 2673 Πάντα
1724 2620 1801 2675 δι’
1842 2622 2030 2677 αὐτοῦ

448 2702 708 2774 ἐγένετο,
748 2707 846 2762 καί
890 2707 1068 2778 χωρίς
1115 2708 1303 2764 αὐτοῦ
1360 2711 1597 2781 ἐγένετο
1650 2712 1793 2767 οὐδὲ
1834 2712 1922 2768 ἓν.
1965 2715 2028 2768 Εἰ

447 2794 557 2870 γὰρ
588 2797 738 2870 παρά
764 2798 869 2852 τῶν
898 2799 1177 2873 προτέρων
1209 2799 1369 2857 θείων
1404 2803 1631 2876 Γραφῶν
1662 2805 2029 2875 παιδαγωγού-

449 2902 600 2956 μενοι
628 2887 815 2955 πάλαι,
840 2889 1107 2963 πρότερον
1132 2894 1507 2965 μεμαθήκατε,
1525 2894 1708 2965 φησὶν,
1728 2898 1809 2950 ὅτι
1836 2898 2026 2968 Λόγος

415 2964 669 3045 ’Κυρίου
696 2979 930 3049 ἐγένετο
975 2982 1112 3054 πρὸς
1140 2983 1291 3037 τάνδε
1319 2984 1410 3037 τὸν
1451 2964 1733 3058 προφήτην
1782 2986 1895 3059 (72)
1929 2964 2025 3041 sui.

2153 506 2353 575 factum
2380 518 2477 572 est,
2507 516 2565 563 ut
2591 509 2854 579 cujusque
2890 509 3007 579 ejus
3033 525 3203 581 capax
3231 520 3348 568 erat
3378 524 3643 585 potestas,
3677 529 3728 572 et

2152 594 2434 663 cujuslibet
2475 599 2671 654 anima:
2718 599 3059 670 suggerebat,
3109 603 3178 658 de
3224 619 3324 660 suo
3377 605 3568 675 spiritu
3597 622 3727 661 con-

2153 689 2479 745 venienter:
2528 700 2588 747 ut
2640 693 2711 746 ita
2760 708 2864 747 non
2916 694 3217 765 incongrue
3262 697 3351 754 hic
3397 700 3731 771 evangelista

2151 779 2369 844 dixerit,
2393 782 2481 836 ubi
2513 782 2673 838 Verbi
2708 783 2851 841 illius
2874 788 3232 841 mconomiam
3256 798 3376 845 erat
3411 792 3732 856 traditurus.

2152 885 2256 925 non
2308 875 2532 942 perinde
2579 876 2887 931 ordinatum
2946 876 3094 932 illum
3146 895 3328 947 nunc,
3378 890 3542 952 atque
3597 883 3728 939 olim

2149 963 2288 1032 apud
2321 965 2575 1035 antiquos
2606 966 2742 1031 illos,
2775 969 2868 1022 sed
2916 982 3102 1025 nostro
3144 971 3376 1040 quodam
3427 983 3483 1027 et
3513 973 3730 1029 diverso

2151 1055 2330 1120 modo,
2353 1071 2545 1125 nempe
2572 1071 2736 1112 carne
2761 1069 3066 1130 assumpta,
3089 1059 3308 1117 homine
3333 1060 3508 1131 facto;
3534 1065 3730 1122 deinde

2146 1146 2288 1215 quod
2330 1150 2709 1207 ennntiaturus
2758 1165 2879 1207 erat
2927 1152 2980 1206 in
3029 1155 3724 1224 sequentibussalutarcm

2145 1236 2316 1307 ipsius
2377 1237 2442 1292 ad
2488 1241 2736 1295 homines
2767 1243 3056 1298 adventum
3079 1283 3095 1307 ,
3131 1245 3218 1299 ubi
3254 1245 3361 1313 ait,
3395 1244 3465 1300 Et
3501 1247 3727 1303 Verbum

2145 1343 2268 1381 caro
2307 1328 2503 1395 factum
2555 1342 2653 1394 est,
2688 1343 2735 1385 et
2777 1334 3037 1388 habitavit
3081 1334 3137 1389 in
3180 1336 3327 1391 nobis
3355 1334 3420 1404 ",
3465 1338 3586 1394 ideo
3615 1354 3723 1394 non

2146 1418 2437 1490 incongrue
2484 1422 2537 1476 in
2588 1423 2856 1495 principio
2908 1427 3142 1482 recurrit
3186 1429 3253 1484 ad
3303 1427 3563 1497 Verbum,
3596 1439 3725 1487 tunc

2146 1525 2316 1581 nuper
2365 1514 2720 1580 incarnatum,
2767 1518 2912 1586 quod
2958 1527 3015 1574 et
3055 1513 3225 1588 'quale
3277 1519 3456 1576 fuerat
3500 1523 3724 1578 demon-

2145 1603 2369 1660 strando
2397 1622 2410 1658 :
2446 1604 2554 1661 Deo
2600 1606 2731 1662 illud
2763 1609 3015 1677 ascribit,
3047 1612 3378 1670 annuntians
3419 1613 3577 1668 simul
3606 1613 3722 1683 ejus

2145 1694 2421 1757 deitatem,
2448 1707 2503 1752 et
2532 1698 2599 1753 ad
2626 1699 2872 1757 homines
2893 1701 3185 1756 adventum
3214 1711 3367 1769 ;tum
3393 1704 3557 1759 etiam
3576 1707 3718 1775 quod

2073 1763 2117 1822 Β
2142 1801 2263 1840 cum
2319 1798 2528 1845 veteres
2560 1789 2851 1847 electione
2891 1792 3297 1864 Scripturarum
3343 1795 3469 1851 olim
3506 1796 3718 1851 didice-

2141 1885 2263 1932 rant
2342 1879 2537 1948 cuiqne
2589 1882 2865 1951 prophetat
2912 1885 3153 1940 Verbum
3232 1886 3718 1956 superadvenisse.

2138 1967 2254 2038 ipse
2283 1970 2517 2026 divinius
2542 1974 2812 2044 quoddam
2839 1986 2896 2032 et
2939 1977 3297 2033 excellentius
3340 1978 3483 2034 illius
3509 1979 3713 2048 princi-

2138 2059 2282 2129 pium
2314 2072 2579 2119 enarret:
2624 2065 2768 2134 quod
2818 2065 3000 2122 nullus
3049 2082 3288 2136 unquam
3328 2067 3714 2137 prophetarum

2138 2160 2245 2205 tam
2293 2162 2479 2223 aperte
2529 2162 2586 2211 et
2638 2156 2786 2212 clare
2834 2158 3158 2213 enuntiavit.
3207 2157 3477 2226 Quocirca
3536 2159 3716 2215 latens

2136 2242 2262 2297 illud
2300 2252 2355 2299 et
2414 2246 2685 2302 occultum
2731 2249 2798 2304 de
2819 2247 2999 2306 Verbo
3033 2251 3351 2322 mysterium
3398 2265 3521 2307 cum
3555 2250 3718 2308 vellet

2124 2334 2348 2391 tradere
2370 2376 2387 2402 ,
2422 2336 2519 2403 ait,
2569 2336 2636 2392 In
2673 2338 2931 2410 principio
2959 2349 3075 2395 erat
3114 2338 3363 2404 Verbum,
3394 2348 3444 2394 et
3486 2336 3713 2393 Verbum

2132 2436 2243 2480 erat
2273 2428 2413 2496 apud
2456 2428 2641 2498 Deum,
2679 2441 2728 2487 et
2773 2432 2914 2487 Deus
2958 2442 3069 2488 erat
3102 2431 3351 2486 Verbum.
3396 2431 3586 2488 Omnia
3620 2446 3716 2500 per

2132 2518 2306 2587 ipsum
2349 2520 2493 2591 facta
2519 2530 2664 2588 sunt,
2696 2532 2744 2577 et
2783 2524 2894 2578 sine
2923 2524 3034 2592 ipso
3063 2523 3265 2594 factum
3292 2533 3366 2577 cst
3394 2522 3544 2576 nihil.
3574 2520 3711 2575 Nam

2120 2609 2201 2678 si,
2233 2611 2429 2680 inquit,
2463 2612 2533 2668 ab
2562 2614 2958 2685 antiquissimis
3007 2615 3136 2671 olim
3189 2613 3488 2684 Scripturis
3547 2612 3711 2667 insti-

2134 2701 2253 2768 tuti,
2284 2703 2413 2757 illud
2448 2703 2739 2774 aliquando
2764 2703 2940 2761 edocti
2966 2703 3440 2775 accepi»tis,quod
3480 2700 3711 2756 Verbum

2131 2793 2344 2850 Domini
2368 2795 2566 2865 factum
2592 2798 2745 2853 sitad
2771 2798 2917 2853 hunc
2968 2797 3315 2868 prophetam,
3338 2805 3394 2852 et
3422 2796 3487 2850 ad
3518 2794 3707 2858 alium,

2129 2896 2291 2953 atque
2329 2886 2399 2939 ita
2426 2887 2682 2956 deinceps
2714 2887 2782 2941 ad
2812 2887 2977 2942 alium
3004 2904 3019 2951 ;
3070 2897 3126 2941 at
3156 2902 3300 2942 nunc
3332 2887 3572 2953 tandem,
3601 2902 3714 2940 non

2129 2977 2580 3045 quemadmodum
2635 2978 2835 3049 factum
2889 2989 2974 3035 est
3001 2978 3238 3035 Verbum
3293 2978 3551 3043 Domini,
3608 2980 3705 3035 sed

444 3067 585 3138 πρὸς
608 3068 794 3143 ἕτερον
823 3070 987 3125 πάλιν
1029 3073 1233 3144 ὁμοίως
1277 3074 1532 3145 ἐγένετο,
1563 3077 1657 3130 καὶ
1694 3072 1849 3142 αὖθις
1886 3077 2022 3150 πρὸς

2127 3069 2580 3138 quemadmodum
2620 3082 2734 3126 erat
2780 3072 2832 3126 in
2886 3070 3196 3141 principio,
3252 3085 3478 3126 necesse
3517 3080 3602 3127 est
3646 3081 3708 3126 ut

442 3157 623 3225 ἄλλον,
654 3160 791 3215 ἀλλά
826 3161 921 3217 νῦν
950 3163 1049 3235 ούχ
1074 3165 1223 3230 ὅπως
1246 3166 1505 3236 ἐγένετο,
1538 3168 1652 3222 ἀλλ’
1675 3170 1823 3234 ὅπως
1858 3166 1939 3242 ἦν
1962 3172 2020 3224 ἐν

442 3251 606 3324 ἀρχῇ,
637 3256 750 3318 τοῖς
782 3257 947 3311 πᾶσιν
976 3258 1270 3324 ἀναγκαῖον
1301 3260 1786 3330 εὐαγγελίσασθαν
1823 3263 1917 3316 καὶ
1943 3263 2020 3327 ὡς

443 3341 590 3410 Θεὸς
626 3340 724 3415 ἦν,
769 3346 863 3401 καὶ
913 3348 989 3413 ὡς
1036 3349 1234 3404 πάντα
1283 3351 1359 3405 δι’
1400 3352 1588 3407 αὐτοῦ
1625 3353 1882 3422 ἐγένετο,
1922 3356 2021 3409 καὶ

437 3431 517 3498 ὡς
561 3434 722 3501 αὐτὸς
777 3439 984 3504 ἐκεῖνος
1018 3442 1048 3495 ό
1100 3441 1233 3506 Θεὸς
1269 3442 1474 3512 Λόγος,
1520 3443 1588 3497 δι’
1636 3438 1697 3499 οὗ
1733 3445 1802 3499 τὰ
1840 3446 2018 3501 πάντα

435 3524 814 3600 φιλανθρωπία
843 3530 935 3583 τοῦ
975 3532 1186 3605 [ἰατρὸς
1247 3532 1406 3604 σὰρξ
1436 3534 1673 3603 ἐγένετο,
1716 3536 1811 3590 καὶ
1848 3537 2016 3609 ἐσκή-

434 3630 608 3672 νωσεν
646 3619 704 3673 ὲν
736 3621 887 3690 ἡμῖν.
927 3621 1088 3675 Ταῦτ’
1141 3622 1525 3694 εὐηγγελίζετο
1573 3626 1824 3698 Ἰωάννης
1855 3628 1885 3680 ὁ
1915 3627 2015 3699 μὲ-

433 3722 539 3775 γας
584 3707 680 3762 τοῦ
726 3711 961 3781 Χριστοῦ
1012 3715 1257 3787 μαθητὴς
1295 3717 1389 3770 καὶ
1421 3717 1716 3783 ἀπόστολος
1738 3759 1753 3784 ,
1801 3719 1873 3773 τὰ
1917 3721 2015 3776 νέα

433 3797 530 3852 καὶ
561 3798 723 3853 καινά
757 3799 852 3854 τοῦ
904 3804 1153 3877 Σωτῆρος
1194 3807 1463 3861 παιδεύων
1509 3809 1754 3876 ἅπαντας
1803 3812 2014 3885 ἀνθρώ-

434 3904 569 3953 πους
611 3892 912 3963 μυστήρια,
957 3894 1053 3966 οὐχ
1092 3898 1174 3950 ὄτι
1208 3897 1421 3967 λογικὸς
1450 3896 1519 3973 ἦν
1546 3902 1575 3955 ὁ
1613 3901 1768 3967 Θεὸς,
1791 3903 1901 3957 οὐδ’
1928 3904 2010 3959 ὃτι

430 3978 595 4045 αὐτὸς
626 3980 763 4054 πρὸς
784 3983 975 4060 ἑαυτὸν
1000 3985 1270 4053 διενοεῖτο,
1298 3992 1392 4045 καὶ
1412 3991 1590 4063 ἑαυτῷ
1616 3994 2007 4067 προδιελέγετο,

428 4070 782 4143 Ποιήσωμεν
844 4075 1177 4146 ἄνθρωπον,
1230 4081 1404 4153 λέγων
1428 4098 1443 4115 ο
1501 4084 1612 4138 οὐδ’
1679 4086 1761 4140 ὅτι
1830 4087 2009 4157 λόγοις

428 4167 691 4240 κέχρηται
712 4174 823 4237 τοῖς
849 4173 958 4228 τῶν
987 4176 1275 4247 πρακτέων
1320 4177 1794 4250 παραγγελτικοῖς.
1821 4179 2006 4234 Ταῦτα

427 4257 536 4330 γὰρ
567 4260 679 4332 (75)
707 4266 817 4328 πᾶς
837 4265 1167 4339 ἀρνούμενος
1200 4269 1291 4323 τὸν
1319 4270 1445 4324 Υίὸν
1471 4269 1565 4324 τοῦ
1588 4270 1722 4325 Θεοῦ
1743 4273 1884 4326 εἴποι
1914 4272 2002 4337 ἂν,

422 4349 454 4402 δ
504 4350 568 4424 δὴ
602 4355 696 4408 καὶ
752 4358 1065 4430 Μάρκελλος
1113 4362 1304 4426 ποιῶν,
1351 4362 1428 4427 ὼς
1471 4363 1564 4417 ἐπὶ
1616 4366 2004 4438 κρησφύγητον

2123 3160 2562 3230 evangelizelnr:
2595 3173 2650 3219 et
2697 3164 2971 3233 quomodo
3019 3163 3158 3218 Deus
3202 3173 3354 3227 erat,
3391 3172 3444 3217 et
3470 3164 3706 3234 qualiter

2120 3252 2297 3305 omnia
2324 3268 2419 3318 per
2443 3252 2593 3307 illum
2621 3253 2765 3323 facta
2790 3262 2935 3318 sunt,
2981 3263 3036 3310 et
3061 3254 3204 3323 quod
3237 3255 3351 3323 ipse
3380 3254 3542 3317 Deus,
3573 3253 3704 3309 Ver-

2119 3342 2244 3398 bum
2280 3344 2429 3409 illud,
2459 3363 2555 3416 per
2583 3361 2744 3416 quem
2790 3348 2974 3403 omnia
3029 3347 3170 3402 facta
3219 3355 3368 3411 sunt,
3409 3362 3440 3402 e
3473 3356 3697 3415 paterna

2119 3433 2492 3489 misericordia
2529 3452 2653 3490 caro
2689 3435 2830 3491 facta
2864 3436 2965 3500 sit,
3002 3446 3058 3491 et
3102 3436 3155 3489 in
3200 3436 3353 3489 nobis
3406 3435 3696 3489 habitavit.

2122 3530 2180 3589 >14
2216 3525 2338 3579 llam
2368 3523 2603 3581 Joannes
2648 3526 2739 3581 ille
2779 3541 3006 3596 magnus
3052 3525 3255 3581 Christi
3297 3524 3597 3595 discipulus
3641 3536 3699 3580 et

2116 3614 2395 3683 apostolus
2439 3615 2867 3684 evangelizavit:
2915 3630 3104 3672 carnes
3154 3615 3373 3685 quidem
3448 3616 3699 3671 homines

2113 3706 2349 3762 edocens
2384 3720 2518 3762 nova
2549 3717 2605 3764 et
2648 3723 2850 3779 nupera
2900 3707 3210 3764 Servatoris
3253 3708 3549 3779 mysteria,
3582 3723 3687 3763 non

2112 3797 2254 3867 quod
2288 3797 2574 3854 eratDeus
2624 3800 2835 3855 ratione
2889 3801 3190 3869 praeditus,
3224 3815 3331 3854 non
3379 3799 3522 3869 quod
3569 3799 3687 3870 ipse

2111 3890 2251 3959 apud
2305 3905 2362 3946 se
2404 3892 2662 3962 cogitavit
2711 3900 2766 3948 et
2795 3906 2980 3949 secum
3013 3892 3314 3949 collocutus
3362 3893 3456 3958 sit,
3485 3888 3688 3944 Facia-

2110 3999 2225 4038 mus
2259 3984 2562 4048 hominem,
2600 3984 2849 4055 inquiens
2874 4023 2889 4049 ,
2924 4000 3024 4041 nec
3057 3989 3199 4055 quod
3232 3984 3413 4040 verbis
3460 3984 3533 4038 sit
3562 3998 3694 4038 usus

2111 4090 2289 4130 rerum
2319 4076 2678 4146 gerendarum
2714 4076 3111 4135 admonitoriis.
3155 4077 3261 4132 ista
3302 4076 3444 4131 enim
3488 4076 3687 4145 quivis,

2107 4167 2198 4237 qui
2231 4164 2322 4222 Dei
2359 4167 2549 4223 Filium
2581 4169 2912 4238 abnegaret,
2953 4170 3136 4224 dicere
3179 4176 3399 4239 posset,
3424 4168 3687 4237 quemad-

2108 4257 2324 4313 modum
2371 4269 2427 4314 et
2473 4258 2763 4315 Marcellus
2803 4258 3225 4330 deprehenditur
3294 4258 3520 4323 fecisse,
3593 4258 3684 4328 qui

2107 4359 2363 4420 tanquam
2390 4351 2456 4406 ad
2483 4350 2748 4421 refugium
2774 4352 3043 4421 quoddam
3076 4366 3134 4406 se
3163 4351 3230 4404 ad
3265 4358 3503 4405 veterem
3537 4347 3688 4403 Scri-

422 4441 516 4495 ἐπὶ
537 4442 635 4515 τὴν
663 4446 900 4503 παλαιὰν
946 4451 1276 4522 καταφεύγει
1305 4453 1548 4525 Γραφὴν,
1575 4433 1670 4509 καί
1705 4433 1785 4509 τάή
1803 4433 2001 4527 νηπιά-

2127 4452 2314 4498 ituram
2350 4433 2653 4505 convertit.
2687 4460 2917 4514 qumque
2966 4443 3332 4498 infantissimo
3371 4440 3680 4496 Juda‘orum

421 4529 567 4596 ζοντι
597 4535 676 4607 τῷ
710 4537 821 4611 (74)
872 4541 1137 4598 Ἰουδαίων
1180 4544 1295 4615 λαῷ
1324 4546 1455 4617 περὶ
1482 4544 1578 4600 τοῦ
1612 4545 1686 4619 μὴ
1712 4546 1997 4602 εἰδωλολα-

418 4624 588 4693 τρεῖν,
615 4625 710 4679 ἕνα
737 4626 792 4681 δὲ
816 4629 976 4700 μόνον
1021 4632 1218 4687 εἰδέναι
1250 4651 1311 4687 τε
1354 4635 1448 4689 καὶ
1480 4635 1657 4689 σέὁειν
1686 4636 1820 4691 Θεὸν
1852 4656 1994 4711 παρ-

416 4715 728 4803 ηγγελμένα
781 4722 1034 4792 συνάγειν
1084 4728 1359 4799 πειρᾶται.
1396 4728 1563 4782 Ἔνθα
1596 4728 1691 4782 καὶ
1729 4729 1995 4803 ηύρόησεν

2103 4532 2299 4603 papnlo
2327 4533 2518 4589 tradita
2544 4535 2816 4603 quondam
2860 4533 3110 4593 fuerant,
3149 4534 3215 4587 de
3247 4546 3353 4585 non
3390 4532 3682 4586 adorandis

2103 4624 2278 4688 idolis,
2323 4624 2419 4678 sed
2456 4625 2545 4679 uni
2598 4625 2705 4681 Deo
2751 4625 3151 4697 cognoscendo,
3199 4623 3591 4691 serviendoque
3623 4622 3678 4677 iu

2102 4727 2266 4766 unum
2302 4718 2518 4784 coegit:
2553 4714 2642 4769 ubi
2687 4715 2933 4769 doctrina
2977 4715 3045 4770 de
3094 4713 3206 4769 Deo
3253 4713 3367 4767 solo
3397 4720 3452 4767 et
3481 4728 3587 4767 uno
3625 4714 3676 4767 ei

414 4802 565 4875 αύτῷ
602 4808 634 4878 ή
681 4808 811 4881 περὶ
846 4811 940 4866 τοῦ
981 4814 1100 4879 ἐνὸς
1140 4815 1275 4871 Θεοῦ
1322 4817 1673 4883 διδασκαλία,
1707 4802 1993 4892 χρησίμως

2129 4804 2361 4859 uccessit
2384 4805 2618 4871 abunde,
2646 4814 2832 4873 utpote
2860 4821 2982 4875 qua:
3029 4806 3236 4861 utiliter
3279 4803 3590 4870 admodum,
3621 4817 3677 4859 et

412 4896 532 4950 τότε
571 4899 668 4953 καὶ
724 4904 867 4958 κατά
915 4907 1107 4981 καιρὸν
1180 4909 1657 4983 εἰδωλολατροῦσιν
1717 4912 1989 4979 Ἰουδαίοις

2130 4904 2397 4964 pportune
2414 4894 2708 4950 idololatris
2728 4894 2927 4950 .ludaeis
2947 4896 3278 4951 tradebatur.
3298 4895 3414 4961 Quo
3436 4896 3525 4951 ille
3553 4909 3674 4951 sese

378 4990 842 5067 “παραδεδομένη.
896 5000 1005 5054 Καὶ
1058 5000 1122 5074 δὴ
1173 5001 1407 5057 ἐνταῦθα
1474 5003 1825 5073 καταφυγὼν,
1891 5006 1986 5060 καὶ

2127 4985 2399 5051 auferens,
2433 4996 2489 5042 et
2512 4985 2736 5042 Judaiea
2788 4988 2973 5043 cordis
3001 4987 3223 5056 duritia,
3255 4987 3418 5045 veluti
3463 4988 3671 5043 munito

409 5075 597 5168 i'oartzp
635 5084 694 5136 ὲν
725 5086 1039 5161 ὀχυρώματι
1071 5094 1262 5148 ἑαυτὸν
1292 5096 1360 5166 τῇ
1398 5094 1662 5166 Ἰουδαῖκῇ
1713 5098 1982 5168 περιφρά-

2086 5078 2321 5149 quodam
2367 5080 2771 5149 propugnaculo
2803 5080 3064 5150 vallatus,
3089 5081 3157 5138 ad
3195 5081 3392 5140 Filium
3438 5082 3530 5139 Dei
3568 5098 3668 5138 ne-

411 5164 509 5232 ξας
565 5175 997 5251 σκληροκαρδίᾳ,
1043 5181 1144 5254 τὴν
1191 5164 1419 5255 ἄρνησιν
1472 5164 1983 5255 προύϐάλλετο-τοῦ
2085 5169 2317 5242 Sanam“
2345 5170 2635 5241 Ρτοοθεείιο

408 5263 541 5321 Υἰοῦ
573 5267 668 5322 τοῦ
692 5264 857 5324 Θεοῦ,

478 5477 542 5540 >14
573 5473 671 5529 Ed.
709 5473 909 5541 Paris.,
936 5492 1059 5549 pag.
1087 5479 1212 5535 150.
1277 5479 1489 5536 “.loan.
1537 5497 1576 5553 ι,
1615 5481 1701 5539 ιι.

472 5628 586 5704 (3'0)
614 5629 953 5704 Ἐπικαπρδς
981 5632 1023 5691 δ-

464 5701 579 5774 (zn
611 5702 754 5774 μρδς
782 5701 967 5772 ιτε-ρινν
1010 5704 1073 5757 κ-

463 5771 578 5847 (Ἷξ)
610 5771 774 5841 vulgo
798 5771 947 5827 τόνδε
983 5775 1287 5846 προφήτην.

2148 5636 2262 5711 (75)
2285 5635 2465 5711 ,Υιιιεο
2494 5652 2598 5711 03n-
2626 5639 2732 5711 γάρ

2142 5708 2254 5780 (74)
2283 5708 2447 5778 Vulgo
2472 5709 2599 5765 τῶν.
