4158 6390
523 279 622 336 945
1201 273 1468 330 EL'SEBII
1508 267 1982 330 C£SARIENSIS
2017 269 2165 326 OPP.
2211 269 2389 324 PARS
2431 269 2520 325 IV.
2563 301 2630 310 --
2669 269 3094 326 DOGMATICA.

1155 392 1308 446 CAP.
1348 392 1492 446 XIX.

497 489 673 553 Quod
717 485 994 541 Marcellus
1033 483 1302 538 advocatis
1347 485 1402 538 in
1447 483 1798 538 testimonium
1846 500 1873 538 e
1925 481 2094 536 Veteri

575 557 918 611 Testamento
948 553 1232 620 Scripturis
1255 556 1318 606 de
1349 555 1456 608 Deo
1485 572 1610 616 uno,
1634 572 1737 608 non
1760 570 1906 608 secus
1938 569 2095 624 quam

587 628 766 682 Judwi
799 625 985 684 solent,
1017 625 1342 693 abuegaverit
1375 625 1470 678 Dei
1497 624 1723 678 Filium.

589 719 682 792 [Β.
711 717 890 782 LVIII,
925 716 1145 786 coll.{p.
1198 717 1298 771 158
1345 716 1433 789 3.]
1499 718 1718 772 Audisis
1760 730 1940 772 autem
1978 717 2095 786 qui-

520 817 619 869 bus
669 813 838 864 utitur
881 809 1140 873 vocibus,
1188 809 1314 863 dum
1371 810 1442 863 ita
1472 810 1660 864 scribit
1699 828 1712 864 :
1749 827 1768 860 ι
1796 810 2094 876 Quemnam

519 925 540 958 ε
573 920 702 960 vero
729 919 850 958 eum
879 903 1174 956 arbitratur
1204 903 1450 956 Asterius
1473 943 1488 967 ,
1525 903 1616 973 qui
1647 904 1804 966 dixit,
1840 903 1949 972 Ego
1978 918 2094 955 sum

521 1015 540 1048 ι
577 997 667 1068 qui
684 1013 799 1050 sum
815 997 880 1062 “‘,
899 995 1095 1048 Filium
1114 1011 1180 1048 an
1199 995 1407 1049 Patrem
1424 996 1446 1048 ί
1463 998 1598 1050 duas
1614 996 1809 1050 etenim
1837 997 2094 1066 liyposta-

520 1103 538 1136 ι
575 1099 663 1140 ses
689 1083 870 1138 Patris
915 1095 968 1138 et
1007 1083 1128 1138 Filii
1176 1083 1410 1138 affirmat
1457 1100 1578 1139 esse
1603 1125 1616 1149 ,
1650 1101 1872 1139 carnem
1925 1086 2096 1154 respi-

521 1197 540 1228 ι
581 1177 734 1232 ciens
781 1178 1076 1230 humanam
1127 1175 1488 1245 illain,quam
1535 1178 1830 1244 assumpsit
1861 1177 2092 1231 Verbum

519 1289 540 1322 ι
583 1269 699 1336 Dei,
731 1277 786 1324 et
813 1268 881 1324 ob
909 1267 1053 1321 illam
1083 1283 1302 1322 carnem
1331 1270 1384 1322 in
1429 1269 1571 1323 hanc
1606 1271 1939 1323 descendens
1970 1269 2094 1338 opi-

501 1383 540 1416 -ι
575 1363 813 1418 nionem.
845 1361 1021 1432 Atque
1051 1362 1124 1415 ita
1161 1361 1251 1415 Dei
1293 1361 1486 1416 Filium
1525 1363 1797 1430 separavit
1837 1378 1866 1416 a
1913 1361 2092 1429 Patre,

503 1477 540 1508 ει
581 1473 685 1510 non
715 1455 874 1510 aliter
898 1469 1060 1524 quam
1093 1455 1136 1508 si
1168 1454 1287 1522 quis
1331 1453 1503 1507 lilium
1532 1455 1763 1508 hominis
1790 1469 1818 1506 a
1855 1454 2090 1508 naturali

523 1571 540 1599 ε
577 1564 674 1604 suo
703 1557 853 1616 patre
877 1555 1178 1615 separaret.
1211 1563 1230 1598 ι
1263 1545 1326 1598 Et
1381 1554 1490 1598 tum
1523 1544 1766 1615 adjungit
1807 1543 1898 1616 [Β.
1933 1545 2090 1600 LVIII

517 1641 666 1706 roll.,
698 1655 746 1710 p.
779 1637 880 1693 158
911 1635 972 1709 Β]
1007 1654 1020 1689 :
1061 1655 1078 1688 ι
1107 1635 1168 1690 Si
1217 1635 1420 1690 idcirco
1445 1635 1660 1690 Patrem
1697 1651 1754 1690 se
1785 1653 1812 1688 a
1845 1635 1981 1691 Filio
2013 1651 2094 1692 se-

3673 272 3792 330 $43

2845 389 3000 442 ΚΕΦ.
3047 389 3147 444 ΙΘ’.

2205 482 2395 548 Ὅπως
2417 482 2770 551 Μάρκελλος
2785 483 2890 548 τὰς
2911 483 3044 552 περὶ
3063 482 3204 548 ἐνὸς
3223 481 3372 538 Θεοῦ
3392 481 3502 550 τῆς
3517 481 3796 552 Halani;-

2271 554 2562 621 Διαθήκης
2591 553 2835 622 Γραφὰς
2875 551 3347 624 μαρτυρόμενος,
3391 553 3605 624 ὁμοίως
3650 551 3794 606 ’1ου-

2272 624 2460 690 δαίοις
2489 627 2595 677 τὸν
2633 625 2772 676 Υὶὸν
2804 623 2910 676 τοῦ
2939 624 3086 678 Θεοῦ
3115 623 3370 692 ἠρνεῖτο.

2285 716 2616 770 Ἐπάκουσον
2672 715 2823 784 γοῦν,
2878 717 3019 780 οἵαις
3091 717 3351 788 κέχρηται
3405 718 3628 785 φωναῖς,
3676 707 3790 768 ὧδε

2177 808 2426 878 ’γράφων
2465 808 2606 862 κατὰ
2653 807 2829 874 λέξιν·
2871 827 2890 859 ι
2920 808 3052 861 Τίνα
3093 809 3276 862 τοίνυν
3319 808 3431 871 τὸν,
3476 805 3621 876 Ἐγώ
3666 809 3790 876 εἰμι

2208 917 2225 949 ι
2273 903 2306 952 ό
2355 898 2458 964 ὢν,
2487 899 2712 972 λέγοντα
2761 900 3034 972 ’Δστέριος
3063 895 3201 954 εἶναι
3259 900 3458 963 οἴεται,
3507 899 3596 952 τὸν
3639 899 3787 964 Υίὸν,

2209 1011 2226 1041 ι
2273 993 2306 1063 ἢ
2339 992 2428 1044 τὸν
2454 971 2710 1066 Πατέρα;
2735 992 2827 1044 δύο
2856 971 2963 1064 γὰρ
2995 992 3319 1053 ὑποστάσεις
3347 991 3428 1053 είς
3451 989 3548 1060 τὴν
3575 989 3792 1060 ἀνθρω-

2207 1105 2222 1136 ι
2272 1086 2432 1156 πίνην
2459 1087 2523 1155 ἢν
2566 1087 2595 1138 ὁ
2627 1083 2720 1138 τοῦ
2753 1084 2888 1137 Θεοῦ
2923 1085 3094 1154 Λόγος
3132 1083 3388 1154 ἀνείληφε
3439 1083 3618 1155 σάρκα
3651 1081 3793 1150 ἀφορ
3861 1126 3868 1128 .

2208 1195 2224 1226 ι
2279 1177 2405 1248 ρῶν,
2437 1179 2530 1230 καὶ
2571 1176 2636 1230 δι’
2677 1177 2848 1248 αὐτὴν
2897 1175 3042 1230 οὓτω
3098 1175 3520 1246 φανταζόμενος,
3575 1171 3794 1244 Πατρός

2207 1288 2223 1318 ι
2271 1285 2330 1320 τε
2363 1268 2458 1322 καὶ
2487 1267 2615 1321 Υἱοῦ
2648 1267 2849 1338 ἔφησεν
2881 1263 3039 1322 εῖναι.
3067 1267 3222 1321 Οὕτω
3246 1267 3336 1320 τὸν
3379 1265 3507 1318 Υίὸν
3536 1263 3627 1316 τοῦ
3649 1262 3792 1316 Θεοῦ

2207 1380 2224 1410 ι
2277 1360 2523 1432 χωρίζων
2553 1359 2669 1433 (75)
2697 1359 2792 1412 τοῦ
2837 1359 3070 1431 Πατρδς,
3113 1358 3190 1423 ὡς
3237 1360 3329 1412 καὶ
3370 1358 3484 1410 υἱὸν
3537 1354 3648 1426 (76)
3689 1356 3794 1406 ἀν-

2203 1475 2222 1502 1
2274 1451 2490 1524 Θρώπου
2548 1452 2839 1524 χωρίσειεν
2895 1452 2959 1504 ἄν
2999 1467 3080 1514 τις
3117 1449 3210 1504 τοῦ
3271 1449 3414 1503 κατὰ
3467 1448 3628 1518 φύσιν
3681 1464 3794 1499 πα-

2210 1563 2225 1593 ι
2271 1543 2450 1614 τρός.»
2501 1543 2612 1595 Καὶ
2660 1542 2899 1611 ἐπιλέγει
2952 1543 3109 1613 ἑξῆς·
3152 1561 3170 1592 ι
3202 1541 3263 1595 Εἰ
3307 1541 3487 1595 τοίνυν
3535 1541 3624 1592 τὸν
3669 1541 3793 1591 Πα-

2205 1652 2224 1684 ι
2270 1633 2402 1705 τέρα
2434 1633 2731 1706 χωρίζοντα
2760 1634 2950 1687 ἑαυτὸν
2977 1631 3071 1686 τοῦ
3099 1633 3230 1686 Υἱοῦ
3257 1634 3394 1705 πρὸς
3429 1633 3520 1686 τὸν
3551 1633 3794 1686 Μωῦσὲα

524 1755 541 1787 ι
581 1743 861 1804 parantem
905 1731 1021 1784 haec
1063 1731 1128 1782 ad
1174 1728 1372 1782 Mosen)
1441 1727 1670 1783 amrmet
1731 1729 2089 1798 prolocutum,

2207 1745 2222 1776 ι
2269 1725 2420 1779 ταῦτ’
2455 1725 2732 1797 εἰρηκέναι
2768 1729 2963 1798 φήσει,
3010 1727 3108 1780 οὐκ
3154 1721 3294 1780 εἶναι
3341 1727 3432 1780 τὸν
3481 1725 3609 1780 Υἱδν
3654 1724 3792 1778 Θεὸν

521 1843 543 1875 ‹
579 1820 1123 1894 profecm'l‘atebitur,
1157 1835 1261 1873 non
1303 1834 1424 1874 esse
1455 1818 1620 1874 Deum
1653 1820 1744 1888 qui
1791 1827 1874 1872 est
1905 1817 2094 1873 Filius.

525 1937 544 1968 ι
589 1915 868 1983 Quomodo
915 1914 1060 1970 enim
1115 1911 1204 1981 qui
1241 1913 1352 1979 ait,
1387 1911 1498 1981 Ego
1535 1929 1650 1965 sum
1683 1912 1774 1981 qui
1825 1927 1960 1975 sum,
1991 1925 2096 1966 non

527 2029 544 2061 ι
581 2009 707 2063 item
739 2021 1098 2061 concessurus
1122 2012 1241 2069 est,
1279 2005 1420 2074 quod
1451 2005 1540 2073 qui
1574 2014 1678 2068 est,
1712 2019 1769 2059 se
1795 2004 1931 2058 dixit
1957 2017 2095 2070 esse,

525 2099 658 2172 «:Iad
734 2097 1094 2152 diﬂ'erentiam
1161 2096 1498 2150 statuendam
1579 2097 1722 2151 inter
1799 2096 1971 2163 ipsum
2045 2101 2100 2148 et

527 2211 546 2244 ι
583 2206 691 2246 non
735 2189 868 2244 eus?
896 2208 915 2242 ι
952 2187 1053 2256 Qui
1087 2188 1136 2243 si
1185 2189 1329 2242 dicat
1362 2187 1558 2241 Filium
1592 2187 1873 2256 liypostasi
1908 2186 2100 2242 distin-

523 2290 670 2338 ctum
715 2283 816 2337 hoc
881 2282 956 2335 ita
1009 2280 1427 2348 pronuntiasse,
1475 2277 1584 2348 Ego
1642 2296 1757 2332 sum
1812 2279 1902 2348 qui
1946 2294 2096 2341 sum,

507 2381 588 2440 +14
631 2375 772 2429 idem
817 2375 885 2428 de
928 2373 1090 2427 Patre
1130 2387 1348 2442 quoque
1401 2373 1601 2426 dixisse
1653 2370 2095 2426 existimabitur:

519 2467 788 2522 utrumvis
833 2467 1023 2520 autem
1085 2464 1437 2532 conjunctum
1490 2474 1572 2518 est
1628 2479 1748 2517 cum
1800 2463 2096 2532 impietate.

503 2561 731 2615 Rursus
757 2575 906 2624 vero,
931 2559 1056 2612 dum
1080 2557 1294 2612 Patrem
1331 2573 1452 2612 esse
1483 2556 1677 2610 Filium
1701 2555 1932 2625 probare
1965 2557 2096 2619 vult,

521 2653 629 2706 hoc
666 2651 824 2706 modo
845 2651 1069 2705 scribit:
1107 2669 1124 2701 ι
1155 2649 1274 2719 Ipse
1303 2650 1446 2703 enim
1479 2646 1824 2702 conlitcbitur
1851 2647 2100 2716 inquiens

495 2742 612 2815 illi.
644 2740 854 2814 LXVI],
890 2741 953 2794 In
983 2757 1066 2796 me
1113 2751 1188 2795 est
1241 2740 1422 2806 Pater,
1460 2749 1509 2794 et
1539 2755 1630 2809 ego
1667 2741 1720 2793 in
1746 2737 1926 2794 Patre.
1961 2739 2097 2794 Eum

507 2853 653 2889 “vero
683 2836 786 2888 hoc
813 2832 1014 2888 dixisse
1036 2848 1142 2886 non
1177 2834 1292 2887 sine
1323 2833 1558 2897 ratione,
1596 2841 1689 2886 aut
1714 2847 1741 2886 a
1763 2847 1925 2902 scopo
1940 2833 2100 2888 aber-

520 2933 921 2993 tantem,patet
943 2939 1006 2978 ex
1039 2924 1585 2993 Apostolidictoalibi
1605 2943 1617 2978 :
1639 2939 1832 2994 nempe
1865 2925 1952 2978 ubi
1979 2927 2052 2979 ait
2082 2944 2096 2981 :

501 3017 671 3070 “Unus
698 3017 834 3070 enim
863 3025 936 3069 est
971 3015 1248 3081 Dominus,
1281 3033 1385 3068 una
1426 3015 1578 3084 ﬁdes,
1611 3033 1773 3070 unum
1813 3017 2096 3083 baptisma,

2207 1839 2231 1871 -ι
2277 1819 2620 1890 ὁμολογήσει.
2690 1820 2813 1883 Πῶς
2873 1820 2981 1892 γὰρ
3045 1822 3281 1891 ἐγχωρεῖ
3357 1821 3448 1873 τὸν
3532 1819 3794 1888 λέγοντα,

2213 1932 2229 1964 ι
2291 1912 2436 1982 Ἐγώ
2463 1915 2577 1983 ειμι
2607 1917 2640 1968 ὁ
2668 1914 2773 1977 ὢν,
2807 1915 2880 1986 μὴ
2937 1915 3345 1985 συνομολογεῖν,
3375 1915 3458 1966 ὅτι
3505 1911 3644 1966 κατὰ
3690 1912 3796 1965 ἀν-

2203 2024 2230 2055 »ι
2277 2004 2614 2076 τιδιαστολὴν
2687 2005 2782 2058 τοῦ
2857 2005 2932 2078 μὴ
3002 2006 3152 2070 ὄντος
3205 2009 3232 2060 ὁ
3293 2004 3367 2058 ὢν
3413 2005 3604 2059 ἑαυτὸν
3649 1999 3794 2058 εἷναί

2211 2117 2228 2148 ι
2280 2116 2476 2170 φησιν;
2509 2119 2526 2150 ι
2589 2101 2651 2154 El
2699 2100 2757 2154 δὲ
2816 2100 2907 2154 τὸν
2967 2099 3095 2153 Υίὸν
3169 2097 3463 2152 ὑποστάσει
3523 2097 3792 2171 διῃρημέ-

2205 2206 2293 2242 νον
2343 2191 2499 2244 τοῦτο
2549 2193 2745 2260 φάσκει
2802 2190 2980 2260 λέγειν
3039 2190 3099 2243 τὺ
3169 2189 3316 2260 Ἐγώ
3367 2191 3484 2260 ειμι
3557 2191 3589 2242 ό
3669 2185 3782 2250 ὢν,

2195 2281 2399 2335 ταύτὸν
2445 2278 2600 2346 αὖθις
2631 2283 2758 2356 περί
2781 2281 2875 2336 τοῦ
2909 2281 3121 2354 Πατρός
3161 2281 3340 2350 λέγειν
3378 2279 3789 2352 νομισθήσεται·

2193 2374 2462 2445 ἑκάτερον
2490 2376 2547 2428 δὲ
2575 2374 2779 2430 τούτων
2807 2373 3020 2439 ἀσεϐές.
3047 2374 3158 2428 Καὶ
3193 2373 3304 2446 (77)
3341 2372 3500 2427 πάλιν
3527 2367 3664 2426 εἶναι
3695 2371 3794 2424 τὸν

2207 2466 2428 2538 Πατέρα
2477 2466 2571 2519 καὶ
2620 2465 2709 2518 τὸν
2755 2466 2884 2519 Υἰδν
2924 2465 3192 2532 ἐπιδεῖξαι
3237 2466 3594 2536 πειρώμενος,
3646 2461 3796 2516 οὕτω

2205 2558 2427 2630 γράφει·
2465 2577 2482 2610 ι
2521 2558 2692 2622 Αὐτὸς
2740 2557 2850 2630 γὰρ
2907 2557 3156 2628 ὁμολογεί
3195 2557 3388 2624 λέγων,
3442 2557 3544 2610 Ἐν
3573 2555 3700 2626 ἐμοὶ
3753 2557 3796 2608 δ

2205 2649 2428 2718 Πατὴρ,
2459 2650 2618 2722 κάγὼ
2644 2652 2714 2705 ἐν
2736 2649 2815 2716 τῷ
2843 2651 3046 2718 Πατρί.
3069 2651 3191 2702 ’Ότι
3222 2649 3278 2702 δὲ
3301 2648 3455 2702 τοῦτο
3483 2649 3580 2719 οὐχ
3603 2646 3795 2709 ἁπλῶς

2203 2741 2324 2794 οὐδὲ
2379 2742 2637 2805 ἀσκόπως
2685 2742 2896 2814 εἴρηκε,
2949 2742 3104 2814 δῆλον
3153 2741 3262 2812 (78)
3318 2742 3409 2794 καὶ
3451 2743 3543 2810 ἀφ’
3589 2739 3784 2810 ἐτέρας

2195 2835 2568 2906 ιάποστολικῆς
2625 2837 2854 2907 ρήσεως,
2904 2831 3009 2902 Εἷς
3055 2836 3186 2904 γὰρ,
3250 2837 3278 2888 ὁ
3327 2833 3517 2898 εἰπὼν,
3551 2833 3786 2900 Κύριος,

2199 2929 2310 2998 μία
2335 2929 2560 2994 πίστις,
2587 2927 2655 2981 ἓν
2669 2927 3003 2998 βάπτισμα,
3037 2923 3124 2994 εἷς
3155 2925 3319 2994 Θεὸς,
3366 2926 3490 2997 ἔφη,
3524 2925 3621 2980 καὶ
3667 2929 3790 2979 Πα-

2205 3019 2337 3088 τὴρ,
2388 3023 2420 3074 ὀ
2447 3021 2544 3072 ἐπὶ
2594 3019 2856 3086 πάντων,
2885 3021 2982 3074 καὶ
3021 3018 3118 3074 διὰ
3155 3018 3413 3083 πάντων,
3449 3019 3545 3072 καὶ
3571 3019 3641 3072 ἐν
3667 3019 3786 3070 πᾶ-

519 3127 657 3163 unus
702 3108 842 3162 Deus
885 3117 933 3162 et
979 3107 1167 3172 Pater,
1215 3111 1306 3177 qui
1353 3118 1428 3161 est
1475 3125 1630 3178 super
1667 3113 1880 3176 omnia,
1921 3121 1972 3163 et
2012 3127 2097 3177 per

2205 3127 2327 3166 σιν.
2372 3113 2554 3182 Ὁρᾷς,
2586 3111 2666 3164 ὅτι
2700 3111 2804 3164 οὐδ’
2835 3110 3066 3164 ἐνταῦθα
3104 3111 3394 3179 ἀφίσταται
3433 3110 3530 3180 τῆς
3562 3125 3792 3180 συμφω-

519 3201 699 3252 omnia
731 3207 780 3250 et
815 3197 869 3250 in
914 3197 1154 3250 omnibus
1181 3197 1246 3252 ".
1285 3193 1448 3251 Vides
1498 3207 1554 3249 ut
1593 3212 1691 3252 nec
1733 3198 1836 3252 hoc
1884 3200 1938 3253 iu
1986 3199 2103 3254 loco

519 3305 548 3341 a
585 3287 990 3359 conspiratione
1027 3287 1288 3342 recedat:
1319 3289 1412 3342 sed
1459 3289 1649 3344 eodem
1687 3290 1853 3344 etiam
1899 3299 1961 3344 et
2015 3291 2102 3346 hic

517 3379 734 3435 laboret
763 3379 920 3434 vitio.
971 3377 1106 3432 Nam
1145 3394 1268 3456 cum
1304 3379 1561 3445 dixisset,
1615 3378 1766 3436 Unus
1808 3393 1881 3436 est
1921 3383 2102 3435 Dami-

503 3489 618 3526 -πιιε
653 3488 674 3526 :
704 3472 902 3542 adjecit
938 3487 1152 3542 quoque
1193 3481 1246 3526 et
1289 3489 1428 3526 unus
1475 3485 1549 3528 est
1595 3475 1734 3530 Deus
1760 3515 1776 3541 ,
1815 3477 2102 3545 utquoties

507 3563 738 3625 Domini
775 3565 933 3619 unius
981 3565 1148 3619 faciat
1199 3569 1553 3630 mentionem,
1601 3565 1822 3621 Patrem
1865 3583 1974 3622 uno
2008 3582 2102 3623 eo-

503 3659 753 3729 demque
787 3657 1070 3727 complexu
1101 3655 1330 3723 ambiat,
1366 3675 1488 3713 cum
1519 3673 1648 3714 vero
1689 3659 1756 3715 de
1791 3659 1953 3716 Patre
1987 3677 2104 3716 ser-

499 3764 736 3806 monem
793 3749 1051 3814 instituit,
1098 3747 1258 3802 simul
1309 3757 1538 3804 testetur
1585 3766 1692 3806 non
1727 3751 1936 3805 excludi
1965 3751 2100 3806 Ver-

517 3841 647 3894 lium
681 3839 794 3894 Dei.
832 3858 850 3891 ι
891 3839 1015 3894 Haec
1063 3839 1348 3896 Marcellus
1404 3857 1528 3896 cum
1605 3843 1912 3908 edisserat,
1984 3845 2101 3913 plu-

503 3933 657 3986 »rima
724 3933 969 4002 congerit
1019 3934 1084 3988 de
1127 3934 1307 3989 Veteri
1356 3934 1710 3990 Testamento
1765 3937 2096 4001 testimonia,

505 4036 577 4081 ut
609 4027 820 4081 evincat
854 4041 960 4080 non
991 4043 1114 4084 esse
1148 4029 1488 4084 Deo-Filium.
1519 4031 1609 4083 Ait
1643 4032 1785 4084 enim
1817 4030 1983 4084 Deum
2017 4033 2101 4084 in-

515 4119 752 4174 divisam
808 4121 1081 4174 exstitisse
1127 4126 1412 4186 unitatem,
1477 4123 1724 4177 euimletn
1775 4131 1831 4177 et
1882 4123 2098 4177 Patrem

511 4227 642 4266 esse
696 4213 785 4278 qui
833 4225 918 4267 est
979 4212 1150 4267 Filius
1187 4215 1447 4268 insinuat.
1506 4215 1597 4270 Sic
1637 4225 1818 4270 autem
1859 4217 2095 4271 scribit:

519 4301 608 4374 [Β.
637 4301 871 4376 LXVIII]
909 4323 928 4354 ‹
961 4303 1096 4370 Quid
1145 4306 1314 4374 ergo?
1359 4321 1541 4360 annon
1585 4307 1778 4376 spiritu
1818 4309 2098 4378 obtempe-

522 4417 538 4449 ι
585 4405 798 4462 rantes,
833 4399 1096 4453 unitatem
1150 4399 1438 4454 indivisam
1477 4402 1562 4456 vel
1603 4403 1840 4472 potentia
1877 4402 2096 4471 quidem

520 4508 540 4541 ι
582 4503 700 4544 esse
749 4489 1112 4544 arbitramur?
1157 4491 1318 4547 Certe
1376 4507 1480 4547 non
1539 4495 1918 4548 erraverimus.
1962 4493 2094 4548 Cum
2131 4468 2174 4522 Ῑ)

519 4601 538 4632 ι
580 4583 809 4638 exertim
867 4598 966 4638 nos
1009 4581 1243 4639 Verbum
1293 4585 1422 4640 illud
1488 4587 1751 4650 docuerit,
1811 4587 2095 4640 Dominum

519 4692 539 4724 ι
581 4673 916 4730 Deumtuum
968 4677 1241 4742 adorabis,
1277 4690 1326 4732 et
1359 4677 1436 4731 illi
1473 4679 1574 4732 soli
1613 4680 1805 4733 servies
1839 4681 1902 4732 "’.
1937 4679 2094 4745 Quod

521 4783 538 4814 ι
579 4765 722 4819 idem
776 4781 870 4836 per
909 4766 1151 4822 Marcum
1205 4769 1594 4839 evangelistam
1657 4769 1914 4838 pra-dicat
1942 4787 1954 4822 :
1987 4772 2095 4822 Ac-

521 4875 538 4906 ι
575 4857 782 4910 cedente
819 4868 991 4911 autem
1035 4861 1104 4912 ad
1133 4877 1250 4913 eum
1277 4861 1449 4914 scriba
1492 4863 1720 4926 quodam
1773 4873 1821 4917 et
1869 4863 2096 4917 interro-

509 4963 540 4995 ι(
575 4957 750 5015 gante,
816 4953 955 5018 quod
988 4965 1116 5004 esset
1183 4953 1488 5006 mandatum
1547 4954 1782 5006 omnium
1834 4956 2090 5024 primum,

511 5057 538 5090 -ι
581 5041 851 5108 respondet
877 5042 946 5106 ei,
974 5047 1097 5112 quia
1132 5043 1440 5096 mandatum
1470 5045 1701 5097 omnium
1737 5045 1961 5112 primum
1993 5058 2091 5112 est,

2202 3207 2340 3270 νίας,
2378 3203 2511 3257 ἀλλὰ
2541 3203 2634 3257 καὶ
2665 3203 2896 3258 ἐνταῦθα
2925 3202 2988 3256 τὸ
3018 3203 3151 3257 αὐτὸ
3191 3202 3480 3256 πέπονθεν.
3518 3197 3620 3267 Εἷς
3651 3201 3785 3271 γάρ,

2201 3297 2391 3362 εἰπὼν,
2420 3298 2654 3365 Κύριος,
2691 3292 2848 3360 αὖθις
2892 3292 2981 3362 εἷς
3007 3295 3172 3362 Θεὸς,
3217 3296 3343 3367 ἔφη,
3375 3297 3480 3360 ἵνα,
3506 3295 3669 3366 ἡνίκα
3721 3295 3788 3348 ἂν

2202 3389 2294 3442 τοῦ
2327 3389 2446 3454 ἑνὸς
2489 3389 2696 3462 Κυρίου
2754 3389 3095 3460 μνημονεύῃ,
3132 3388 3513 3461 περιλαμϐάνῃ
3553 3387 3647 3440 καὶ
3695 3387 3788 3440 τὸν

2201 3483 2436 3552 Πατέρα·
2469 3482 2634 3554 ἡνίκα
2661 3481 2704 3536 δ’
2727 3481 2793 3534 ἂν
2829 3481 3070 3553 περὶτοῦ
3101 3481 3312 3552 Πατρὸς
3339 3481 3492 3554 λέγῃ,
3527 3479 3602 3552 μὴ
3632 3480 3792 3543 ἐκτὸς

2202 3570 2338 3628 εἶναι
2354 3575 2443 3626 τὸν
2465 3574 2637 3644 Λόγον
2657 3573 2750 3628 τοῦ
2769 3573 2904 3626 Θεοῦ
2921 3577 3192 3646 μαρτυρῇ.
3221 3593 3239 3626 ι
3262 3572 3446 3626 Ταῦτα
3472 3571 3792 3645 Μάρκελλος

2201 3665 2391 3730 εἰπὼν,
2428 3666 2553 3736 ὲξῆς
2603 3666 2820 3728 πλείους
2854 3667 3076 3735 συνάγει
3121 3665 3338 3736 γραφὰς
3377 3665 3484 3718 ἀπὸ
3517 3666 3613 3738 τῆς
3671 3665 3792 3720 Πα-

2201 3758 2358 3823 tata;
2397 3759 2670 3828 Διαθήκης
2701 3762 2780 3822 είς
2809 3758 3081 3824 ἀπόδειξιν
3119 3758 3212 3812 τοῦ
3261 3759 3336 3830 μὴ
3365 3759 3628 3828 ὑπάρχειν
3657 3757 3786 3812 Υἱῦν

2199 3851 2276 3921 τῷ
2329 3849 2469 3920 Θεῷ.
2528 3850 2743 3904 Μονάδα
2795 3849 2925 3919 γοῦν
2981 3847 3122 3904 εἶναι
3175 3851 3479 3923 ἀδιαίρετον
3511 3851 3602 3903 τὸν
3652 3849 3788 3904 Θεὸν

2201 3943 2446 4011 φάσκων,
2501 3943 2664 3996 αὐτὸν
2713 3939 2852 3998 εἶναι
2899 3944 3120 4016 Πατέρα
3169 3945 3263 3998 καὶ
3314 3945 3405 3997 τὸν
3440 3943 3601 3997 αὐτὸν
3643 3940 3786 3998 εἶναι

2203 4036 2314 4101 (79)
2333 4034 2458 4088 Υίὸν
2477 4035 2718 4108 παρίστη
2737 4037 2962 4108 γράφων
2980 4035 3168 4090 τοῦτον
3182 4036 3271 4090 τὸν
3283 4021 3507 4106 τρόπον·
3535 4056 3552 4087 ι
3579 4036 3642 4089 Τί
3663 4031 3782 4103 οὖν,

2203 4147 2222 4176 ι
2271 4129 2319 4180 εἰ
2368 4127 2478 4198 (80)
2539 4127 2614 4199 μὴ
2672 4126 2750 4198 τῷ
2803 4127 3080 4198 Πνεύματι
3140 4128 3498 4199 προσέχοντες
3557 4126 3784 4196 δυνάμει

2203 4239 2222 4271 ι
2260 4221 2559 4290 ἀδιαίρετον
2612 4219 2708 4291 τὴν
2750 4219 2950 4291 μονάδα
3001 4217 3140 4273 εἶναι
3168 4217 3498 4292 νομίζοιμεν,
3530 4220 3638 4291 ἄρα
3667 4218 3781 4290 (81)

2205 4329 2222 4360 ι
2257 4311 2354 4380 οὐχ
2387 4311 2838 4382 ἁμαρτησόμεθα,
2877 4309 3062 4377 σαφῶς
3095 4311 3188 4365 τοῦ
3241 4311 3413 4379 Λόγου
3443 4309 3782 4375 διδάσκοντος

2205 4423 2222 4454 ι
2265 4405 2430 4475 ἡμᾶς,
2463 4407 2683 4473 Κύριον
2713 4405 2820 4458 τὸν
2845 4409 2995 4460 Θεόν
3022 4422 3138 4460 σου
3163 4407 3632 4474 προσκυνήσεις,
3679 4405 3780 4460 καὶ

2205 4512 2222 4542 ι
2262 4492 2422 4559 αὐτῷ
2465 4495 2630 4564 μόνῳ
2679 4496 3053 4564 λατρεύσεις.
3087 4497 3158 4550 Τὸ
3200 4497 3332 4570 αὐτὸ
3361 4497 3417 4552 δὲ
3445 4497 3539 4550 καὶ
3567 4497 3654 4552 διὰ
3683 4496 3778 4552 τοῦ

2203 4603 2221 4633 ι
2253 4586 2394 4638 κατὰ
2411 4587 2633 4655 Μάρκον
2680 4587 2996 4656 εὐαγγελίου
3025 4587 3308 4659 κηρύττει·
3361 4587 3528 4655 Ἑνὸς
3551 4587 3664 4657 γάρ
3691 4605 3778 4642 τι-

2203 4695 2220 4726 (
2257 4694 2364 4742 νος
2395 4678 2775 4747 γραμματέως
2805 4682 3248 4748 προσελθόντος
3287 4677 3466 4744 αὐτῷ,
3489 4683 3588 4734 καὶ
3629 4694 3778 4732 πυν-

2201 4787 2218 4818 ι
2255 4768 2605 4838 θανομένου,
2636 4771 2726 4837 τίς
2773 4771 2867 4839 εἴη
2924 4771 3122 4839 πρώτη
3167 4769 3289 4824 τῶν
3329 4771 3613 4834 ἐντολῶν,
3663 4771 3775 4824 ἁπ-

2211 4879 2228 4910 i
2263 4863 2538 4928 εκρίνατο
2553 4863 2698 4932 πρὸς
2726 4865 2914 4918 αὑτὸν
2935 4863 3124 4930 οὕτως
3145 4862 3343 4918 εἰπών·
3369 4861 3774 4932 Πάντων-πρῶ-

2211 4973 2226 5005 ι
2262 4972 2386 5023 τον,
2419 4958 2642 5022 Ἄκουε,
2681 4957 2941 5026 Ἰσραὴλ,
2975 4939 3182 5026 Κύριος
3220 4960 3252 5010 d
3277 4954 3417 5021 Θεὸς
3453 4953 3638 5024 ἡμῶν,
3661 4955 3774 5008 Κύ-

2207 5065 2226 5098 σ
2249 5065 2380 5116 ριος
2401 5045 2489 5114 εἷς
2521 5049 2670 5103 ἐστι.
2705 5049 2814 5104 Καὶ
2845 5049 3181 5120 ἀγαπήσεις
3231 5049 3452 5117 Κύριον·
3481 5046 3588 5102 τὸν·
3629 5047 3774 5100 Θεόν

587 5249 647 5308 >11
679 5243 772 5299 Ed.
801 5244 996 5310 Paris.,
1027 5261 1146 5315 pag.
1174 5247 1292 5301 151.
1373 5249 1416 5279 ⁸³
1449 5249 1619 5304 Brod.
1654 5265 1734 5314 ιιι,
1777 5251 1863 5306 14.
1945 5255 1986 5283 ²⁴¹
2023 5255 2097 5325 ιιι)

2208 5273 2326 5323 .w,
2359 5255 2412 5318 δ,
2441 5253 2496 5310 6.
2577 5255 2616 5286 ’τ
2653 5256 2840 5311 Matth.
2881 5273 2953 5324 ιν,
2993 5257 3077 5310 ιο.

587 5447 694 5520 (75)
737 5447 1011 5520 T157111.in
1045 5448 1150 5520 τοῦ
1191 5450 1362 5514 Θεοῦ,
1396 5450 1672 5520 χωρίζων,
1695 5453 1828 5508 forte
1855 5453 1944 5509 τὸν
1969 5455 2094 5508 rei»

513 5516 759 5602 χωρίζων
775 5517 868 5602 ea?
889 5518 1022 5570 Θεοῦ
1053 5519 1145 5572 καὶ
1173 5516 1511 5592 naming-ﬂii;
1543 5525 1634 5577 καὶ
1652 5525 1766 5580 υἱὸν
1795 5525 2081 5596 ἀνθρώπου

513 5603 794 5658 χωρισειεν
817 5603 880 5658 αν
910 5605 1012 5658 τις.

585 5657 696 5726 (76)
732 5657 898 5726 Vulgo
919 5657 982 5710 ἂν
1015 5659 1105 5712 τὸν
1140 5661 1271 5714 υἱόν.

585 5727 698 5797 (77)
731 5729 837 5780 Καὶ
872 5741 951 5784 cst
995 5730 1046 5784 in
1082 5735 1235 5785 codd.

2275 5458 2386 5530 (78)
2413 5457 2581 5530 Δῆλον
2613 5457 2724 5530 [ἂν]
2760 5457 2854 5530 καί
2883 5457 3062 5530 vulgo.

2275 5529 2386 5596 (79)
2423 5529 2586 5597 Vulgo
2607 5529 2696 5582 τὸν
2716 5529 2858 5583 υἱόν.

2401 5601 2503 5686 ξξσ.
2529 5593 2626 5670 μέν
2646 5600 2770 5686 ’Mp;
2797 5597 3117 5686 Μυκηνιιιὲο
3138 5593 3463 5682 νομίζομεν.

2270 5665 2376 5742 (8|)
2407 5665 2576 5741 Vulgo
2609 5665 2866 5740 οὑκᾶρα,
2907 5667 3011 5736 Mp.
3042 5665 3150 5738 ἆρα
3181 5665 3304 5720 οὐκ.
