4160 6444
394 367 500 426 9ιὸ
1326 368 1415 425 DE
1466 370 1994 428 ECCLESIASTICA
2033 373 2424 433 THEOLOGIA
2461 375 2588 433 LIB.
2628 378 2690 434 ll.

3542 386 3662 447 ιω

399 506 420 541 s
460 504 601 555 σου,
629 488 699 555 ἐξ
722 487 873 557 ὅλης
891 486 1004 556 τῆς
1057 485 1266 557 ψυχῆς
1292 485 1405 560 (82)
1434 503 1572 550 σου.
1602 488 1701 542 καί
1740 490 1809 555 ἐξ
1832 489 1976 556 ὅλης

2089 509 2106 542 ι
2146 491 2289 546 Audi
2319 492 2510 561 Israel,
2544 495 2803 550 Dominus
2836 496 2976 563 Deus
3006 511 3200 566 noster,
3231 500 3368 557 Deus
3394 520 3525 558 unus
3545 517 3641 567 est.

397 601 418 634 ι
452 581 564 650 τῆς
576 583 791 651 ἰσχύος
815 580 1128 648 σου.Αὕτη
1148 581 1367 648 ,πρώτη⁹
1399 579 1500 633 καὶ
1531 579 1781 649 δευτέρα
1802 582 1975 650 ὁμοία

2080 604 2098 637 ι
2145 585 2212 641 Ει
2246 587 2430 656 diliges
2457 586 2745 641 Dominum
2771 586 2936 642 Deum
2965 599 3112 643 tuum
3137 607 3202 644 ea:
3223 601 3329 645 toto
3354 595 3510 649 corde
3530 603 3644 661 tuo,

399 695 418 726 ι
452 676 658 744 ταύτῃ·
678 672 1140 745 Ἀγαπήσειςτὸν
1157 673 1424 740 πλησίον
1453 687 1569 727 σου
1583 673 1665 739 ὡς
1690 674 1970 728 σεαυτόν.

401 785 421 818 ι
458 766 682 829 Μείζων
721 768 948 821 τούτων
975 764 1135 832 ἄλλη
1163 763 1384 833 ἐντολὴ
1414 766 1527 818 οὐκ
1559 765 1712 818 ἐστι.
1757 766 1869 818 Kal
1898 760 1975 818 εἷ-

401 878 421 910 ς
450 875 549 913 πεν
587 858 735 931 αὐτῷ
768 862 797 913 ὁ
828 856 1206 930 γραμματεύς⁹
1248 857 1480 924 Καλῶς,
1503 856 1857 917 διδάσκαλε.
1881 857 1974 912 ἐπ’

403 968 422 1004 ι
459 952 742 1021 ἀληθείας
790 948 980 1017 εἶπας,
1022 951 1114 1004 ὅτι
1156 945 1246 1017 εἷς
1290 950 1517 1005 ἐστινό
1548 950 1694 1018 Θεὸς
1722 950 1821 1006 καὶ
1864 954 1975 1007 οὐκ

404 1065 425 1094 ι
454 1046 585 1101 ἔστι
612 1044 783 1112 πλὴν
811 1044 1018 1099 αὐτοῦ.
1058 1042 1197 1097 Ἀλλ’
1244 1045 1274 1096 ὸ
1318 1036 1423 1114 μὲν
1463 1044 1845 1115 γραμματεὺς,
1888 1043 1977 1097 διὰ

404 1154 424 1187 s
457 1134 550 1189 τοῦ
576 1135 745 1205 νόμου
781 1136 883 1206 τὴν
909 1135 1020 1206 (83)
1049 1134 1357 1188 θεοσέϐειαν
1386 1133 1760 1205 μεμαθηκέναι
1781 1134 1972 1200 δοκῶν,

403 1249 422 1282 s
456 1228 694 1283 ἐπαινῶν
725 1229 788 1283 τὸ
815 1229 909 1283 τοῦ
940 1228 1191 1301 Σωτῆρος
1236 1227 1397 1299 ῥητὸν
1429 1228 1699 1297 φαίνεται,
1746 1229 1973 1291 Ἄκουε,

404 1338 423 1372 ι
457 1318 723 1388 Ἰσραὴλ,
752 1318 946 1388 λέγων,
976 1319 1191 1387 Κύριος
1218 1320 1251 1372 ὁ
1282 1318 1424 1383 Θεὸς
1439 1320 1562 1372 ’σου
1582 1313 1670 1384 εἷς
1699 1318 1848 1371 ἐστι’
1882 1318 1976 1370 καὶ

404 1430 423 1462 ι
459 1410 607 1482 ὅρκῳ
665 1408 847 1474 καλῶς
880 1408 1129 1481 εἰρῆσθαι
1184 1408 1592 1479 πιστευόμενος’
1662 1407 1779 1461 Ἐπ’
1826 1408 1976 1477 ἀλη-

406 1523 426 1555 ι
464 1503 629 1569 θείας
676 1503 806 1574 γὰρ,
861 1503 1047 1575 φησιν,
1073 1497 1269 1568 εἴπας,
1296 1500 1386 1555 ὅτι
1412 1496 1500 1567 εἷς
1530 1502 1701 1554 ἐστιν
1731 1503 1764 1554 o'
1809 1499 1974 1567 Θεὸς,

334 1650 335 1653 η
407 1614 426 1647 ι
468 1595 567 1649 καὶ
590 1596 701 1649 οὐκ
726 1595 898 1649 ἐστιν
923 1594 1112 1661 ἄλλος
1144 1593 1311 1663 πλὴν
1334 1594 1545 1648 αὐτοῦ.
1576 1595 1640 1647 Ol
1679 1594 1736 1647 δὲ
1777 1593 1846 1647 τά
1878 1595 1979 1665 τῆς

408 1708 427 1739 ε
448 1688 612 1752 Νέας
638 1687 910 1758 Διαθήκης
941 1686 1232 1758 αὐχοῦντες
1270 1686 1466 1740 εἰδέναι
1512 1688 1807 1758 μυστήρια,
1833 1678 1978 1740 οὗτοι

409 1801 428 1835 ι
468 1782 561 1837 καὶ
584 1781 832 1851 δεύτερον
853 1779 1211 1835 ἀναπλάττειν
1226 1779 1358 1835 Θεὸν
1378 1779 1658 1850 βούλονται
1681 1779 1976 1833 ὑποστάσει

407 1892 426 1924 ι
461 1875 554 1927 καὶ
597 1872 820 1943 δυνάμει
875 1868 1240 1943 χωριζόμενον
1300 1871 1396 1925 τοῦ
1434 1872 1668 1943 Πατρός.
1707 1891 1725 1923 ι
1756 1870 1977 1936 Τούτοις

400 1962 717 2034 προστίθησι
784 1961 1207 2026 κατασκευάζων
1246 1962 1330 2014 ὅτι
1378 1957 1458 2026 εἷς
1506 1963 1656 2016 ἐστιν
1720 1965 1749 2017 ὸ
1821 1963 1974 2027 Θεὸς,

400 2050 497 2104 καὶ
516 2050 599 2104 ὅτι
628 2051 701 2121 μή
731 2050 876 2104 ἐστιν
908 2049 1038 2114 Υἱὸς
1069 2050 1157 2103 διὰ
1180 2052 1406 2105 τούτων.
1450 2071 1468 2104 ι
1510 2052 1634 2106 ’Ότι
1670 2052 1725 2106 δὲ
1757 2053 1855 2122 τὴν
1883 2070 1979 2125 μο-

406 2161 426 2193 ι
460 2140 591 2195 νὰδα
620 2140 820 2212 Κύριον
852 2139 947 2193 κα)⁸
994 2138 1126 2192 Θεὸν
1171 2134 1279 2192 οἶδε
1306 2140 1490 2194 καλεῖν
1529 2141 1563 2211 ή
1604 2139 1723 2194 Θεία
1765 2140 1974 2212 Γραφὴ,

406 2252 425 2285 ι
464 2233 565 2304 ήδη
593 2233 687 2287 καὶ
737 2234 802 2285 ὲκ
830 2231 937 2285 τῶν
968 2232 1383 2304 προειρημένων
1406 2232 1563 2303 δῆλον
1592 2233 1781 2303 γέγονε
1808 2234 1874 2287 δι’
1902 2228 1977 2288 ὧν

407 2345 426 2377 s
466 2327 602 2396 πρὸς
650 2326 741 2381 τὸν
789 2325 981 2379 ἑαυτοῦ
1025 2324 1334 2397 θεράποντα
1375 2326 1578 2380 Μωσέα
1617 2329 1645 2380 ὁ
1692 2326 1823 2391 Θεὸς
1848 2326 1975 2398 ἔφη’

407 2435 427 2469 ι
465 2412 611 2469 Eine
635 2414 705 2468 δὲ
727 2419 758 2469 ό
784 2414 928 2481 Θεὸς
959 2413 1148 2469 πάλιν
1175 2414 1325 2483 πρὸς
1357 2414 1589 2469 Μωσέω
1615 2414 1811 2481 Οὕτως
1826 2414 1978 2482 ἐρεῖς

407 2528 428 2560 s
463 2507 586 2574 τοῖς
614 2507 765 2573 υίοῖς
796 2504 1033 2575 Ἰσραήλ
1059 2505 1189 2579 (84)·
1229 2507 1443 2573 Κύριος
1475 2508 1508 2560 ό
1536 2507 1679 2569 Θεὸς
1715 2504 1831 2559 τῶν
1865 2520 1977 2559 πα-

407 2619 426 2653 s
473 2598 656 2668 τέρων
685 2596 870 2667 ὑμῶν,
905 2601 938 2651 ὅ
959 2594 1105 2663 Θεὸς
1142 2596 1388 2665 Ἀϐραὰμ
1415 2595 1513 2648 καὶ
1540 2598 1572 2650 ὁ
1602 2594 1746 2662 Θεὸς
1782 2596 1977 2650 Ἰσαὰκ

406 2710 424 2741 s
465 2689 564 2744 καί
602 2692 636 2744 ὀ
675 2689 818 2754 Θεὸς
858 2686 1073 2751 Ἰακὼϐ,
1109 2686 1458 2742 ἀπέσταλκε
1477 2687 1722 2756 μεπρὸς
1747 2686 1920 2755 ὑμᾶς.
1953 2706 1971 2739 ι

413 2785 575 2856 Ὁρᾷς
607 2782 772 2847 ὅπως,
807 2781 867 2835 ἓν
903 2781 1208 2843 ἐπιδεικνὺς
1246 2780 1376 2850 ἡμῖν
1407 2778 1637 2833 ἐνταῦθα
1664 2778 1974 2849 πρόσωπον,

395 2876 460 2930 τὸ
502 2875 634 2929 αὐτὸ
689 2875 893 2947 Κύριον
935 2874 1031 2927 καὶ
1074 2872 1205 2926 Θεὸν
1252 2870 1661 2944 προσαγορεύει.
1710 2868 1876 2935 Αὖθίς
1918 2889 1976 2925 τε

397 2970 597 3041 ὁμοίως
610 2971 644 3042 ἠ
662 2968 853 3041 Γραφὴ
863 2967 1033 3037 λέγει’
1046 2966 1155 3021 Kal
1172 2965 1398 3036 ὲλάλησε
1416 2966 1498 3020 Κύ
1508 2982 1618 3037 ριος
1631 2964 1838 3029 πάντας
1852 2966 1978 3029 τοὺς

398 3060 589 3127 λόγους
624 3057 843 3121 τούτους
867 3057 1059 3125 λέγων’
1109 3054 1250 3125 Ἐγὼ
1272 3054 1489 3123 Κύριος
1517 3056 1551 3108 ό
1592 3055 1736 3119 Θεός
1767 3067 1905 3118 σου,
1943 3057 1977 3108 ὁ

2080 698 2097 729 ι
2137 686 2188 731 ει
2226 693 2292 732 ex.
2325 688 2436 732 tota
2481 679 2662 732 anima
2705 689 2816 745 tua,
2849 688 2896 732 et
2942 695 3007 734 ex
3036 691 3143 734 tota
3170 691 3336 736 mente
3360 694 3472 749 tua,
3499 695 3549 741 et
3580 702 3670 741 ea:-

2080 786 2097 819 (
2141 776 2253 822 tota
2308 769 2499 823 uirtute
2549 779 2666 824 tua.
2728 768 2843 823 Hoc
2888 780 2963 824 est
3017 771 3245 837 primum
3302 781 3353 827 et
3398 791 3646 845 magnum

2079 875 2098 910 ι
2142 860 2471 915 mandatum.
2527 860 2832 916 Secundum
2873 872 3048 915 autem
3076 863 3247 918 simile
3273 875 3349 919 est
3372 866 3469 931 illi,
3502 866 3644 922 Dili—

2080 968 2100 1002 ι
2135 967 2222 1021 ges
2247 953 2539 1020 proximum
2569 963 2717 1005 tuum
2768 962 3018 1022 tanquam
3056 954 3297 1023 teipsum.
3330 954 3510 1026 Majas
3548 959 3646 1012 ho-

2081 1061 2100 1094 ι
2138 1058 2254 1096 rum
2278 1042 2428 1096 aliud
2458 1044 2771 1097 mandatum
2823 1060 2928 1098 non
2974 1055 3070 1100 est.
3126 1044 3191 1099 Et
3220 1045 3298 1101 ait
3328 1047 3401 1102 illi
3428 1049 3642 1105 scriba:

2081 1153 2099 1185 ι
2133 1133 2273 1187 Bene
2315 1136 2586 1204 magister,
2632 1135 2687 1187 in
2731 1135 2950 1189 ueritate
2981 1137 3187 1201 dixisti,
3235 1137 3375 1203 Quia
3409 1156 3542 1195 unus
3571 1152 3647 1196 est

2081 1244 2100 1276 ι
2138 1225 2298 1290 Deus,
2327 1235 2377 1280 et
2408 1242 2514 1281 non
2541 1234 2618 1280 εει
2644 1226 2779 1281 alius
2800 1237 2990 1296 prater
3011 1245 3128 1283 eum
3150 1230 3214 1283 ¹⁸.
3245 1230 3434 1285 Scriba
3466 1242 3665 1286 autem.

2082 1336 2100 1369 ι
2140 1318 2265 1384 iste,
2301 1327 2355 1373 et
2399 1317 2512 1388 lege
2550 1317 2773 1372 edoctus
2819 1318 3074 1386 pietatem
3105 1328 3161 1374 et
3187 1335 3373 1376 verum
3406 1322 3496 1377 Dei
3530 1323 3647 1378 cul-

2081 1427 2101 1458 ι
2134 1417 2270 1472 tum,
2323 1407 2537 1462 videtur
2587 1404 2926 1461 collaudasse
2988 1407 3117 1463 illud
3154 1410 3370 1465 "dictum
3449 1411 3644 1467 Salva-
3718 1392 3725 1401 ’

2083 1516 2100 1547 s
2147 1496 2304 1562 toris,
2340 1496 2504 1561 Audi,
2538 1496 2730 1561 Israel,
2752 1496 3010 1551 Dominus
3026 1496 3166 1553 Deus
3191 1507 3335 1565 tuus,
3358 1499 3496 1556 Deus
3512 1518 3648 1557 unus

2083 1608 2101 1640 s
2140 1597 2217 1643 est
2247 1628 2265 1654 ,
2314 1597 2368 1644 et
2408 1591 2718 1660 jurameuto
2763 1589 3084 1658 interposito
3121 1589 3259 1646 bene
3291 1592 3491 1648 dictum
3519 1608 3665 1650 conm

2084 1698 2102 1730 ι
2145 1681 2407 1745 ﬁrmasse,
2460 1681 2710 1750 inquiens
2741 1697 2757 1736 :
2786 1679 2853 1734 In
2886 1681 3100 1735 veritate
3126 1681 3252 1736 bene
3273 1683 3476 1750 dixisti,
3508 1683 3650 1756 quod

2087 1790 2104 1822 ι
2144 1762 2279 1825 unus
2308 1770 2445 1825 Deus
2482 1780 2580 1835 est,
2626 1787 2731 1825 non
2778 1782 2853 1825 est
2891 1770 3029 1824 alius
3060 1770 3126 1825 ab
3170 1771 3283 1827 illo.
3329 1775 3404 1828 Αι
3453 1776 3543 1845 qui
3590 1788 3653 1831 se

2083 1881 2102 1913 ‹
2144 1862 2451 1933 gloriantur
2499 1860 2631 1916 Novi
2662 1862 2997 1918 Testamenti
3034 1864 3294 1931 mysteria
3327 1865 3668 1937 intelligere,

2083 1972 2102 2005 ‹
2143 1953 2439 2009 secundum
2481 1953 2583 2009 sibi
2628 1954 2939 2027 contingere
2980 1956 3146 2011 Deum
3180 1956 3267 2011 isti
3308 1957 3516 2023 volunt,
3552 1956 3654 2027 by.-

2084 2065 2103 2096 s
2140 2046 2341 2117 postasi
2373 2045 2590 2115 quidem
2627 2047 2776 2102 illum
2816 2059 2871 2104 et
2904 2048 3144 2119 potentia
3174 2063 3205 2102 a
3240 2048 3400 2103 Patre
3431 2062 3661 2117 separa-

2084 2158 2103 2191 s
2141 2148 2274 2195 tum.
2316 2155 2335 2191 ι
2377 2144 2437 2204 Et
2476 2139 2895 2211 Subsequuntur
2928 2141 3127 2212 quibus
3161 2140 3508 2196 constabilire
3537 2140 3657 2196 vult

2080 2246 2243 2284 unum
2290 2246 2411 2286 esse
2437 2231 2600 2286 Deum
2628 2245 2642 2285 :
2667 2240 2720 2287 et
2751 2233 2893 2302 quod
2934 2248 3039 2290 non
3069 2233 3349 2303 sitFilius,
3369 2235 3467 2291 ista
3495 2251 3653 2295 nem-

2080 2340 2165 2394 pc.
2196 2343 2215 2375 ι
2251 2321 2369 2378 1am
2387 2326 3127 2382 certeconstatetmanifeste
3149 2327 3203 2381 in
3226 2327 3659 2396 praecedentibus

2083 2437 2105 2468 ι
2142 2417 2473 2472 declaratum
2503 2427 2608 2482 est,
2644 2419 2790 2486 quod
2822 2420 2972 2475 novit
2996 2428 3340 2476 sacrosancta
3372 2420 3653 2490 Scriptura

2084 2530 2107 2560 ο
2138 2510 2403 2565 unitatem
2441 2509 2609 2565 Deum
2664 2523 2831 2583 atque
2868 2512 3151 2567 Dominum
3190 2512 3517 2568 nominare:
3560 2511 3657 2568 ubi

2086 2623 2103 2655 s
2141 2606 2222 2658 sic
2270 2602 2470 2658 nllatur
2502 2603 2762 2659 tantulum
2795 2620 2951 2660 suum
2997 2603 3198 2661 Mosem
3231 2618 3247 2659 :
3286 2603 3430 2658 Dixit
3478 2614 3654 2659 autem

2084 2716 2102 2749 ι
2146 2697 2285 2751 Deus
2332 2699 2525 2752 iterum
2572 2698 2641 2753 aa'
2682 2696 2904 2763 Hosem,
2948 2700 3024 2753 sic
3073 2699 3211 2753 dices
3239 2696 3398 2752 Filiis
3432 2696 3657 2753 Israel:

2085 2807 2104 2838 ι
2142 2787 2396 2842 Dominus
2425 2787 2566 2843 Deus
2608 2799 2819 2859 patrum
2835 2799 3157 2855 vestrorum,
3192 2787 3332 2843 Deus
3360 2786 3659 2855 Abraham,

2084 2899 2101 2928 ι
2142 2876 2277 2932 Deus
2305 2877 2485 2946 Isaac,
2524 2888 2573 2932 et
2620 2877 2761 2932 Deus
2788 2878 2955 2932 Jacob
2987 2879 3131 2935 misit
3175 2894 3255 2932 me
3294 2878 3363 2932 ad
3413 2895 3500 2933 vos
3534 2878 3596 2932 ⁸⁸.
3629 2895 3651 2931 ε

2084 2968 2242 3023 Vides
2271 2969 2349 3023 uti
2393 2984 2515 3023 cum
2546 2969 2635 3025 hic
2674 2969 2891 3025 unicam
2929 2983 3217 3040 personam
3258 2968 3470 3033 doceat,
3503 2983 3656 3023 cam-

2079 3060 2199 3115 dem
2232 3069 2284 3115 et
2313 3059 2597 3116 Dominum
2627 3060 2860 3132 appellet
2881 3069 2935 3116 et
2958 3061 3147 3116 Deum.
3194 3060 3299 3115 Sed
3351 3069 3406 3116 et
3453 3060 3674 3116 iterum.

396 3151 704 3221 ἐξαγαγών
731 3164 805 3204 σε
823 3149 892 3202 ἐκ
915 3147 1028 3219 τῆς
1043 3148 1361 3216 Αἰγύπτου,
1382 3145 1453 3211 ἐξ
1481 3145 1651 3201 οἴκου
1671 3146 1972 3211 δουλείας·

2081 3152 2358 3223 Scriptura
2416 3153 2491 3208 ita
2554 3153 2837 3222 loquitur:
2896 3151 2963 3206 Et
3008 3154 3222 3208 locutus
3262 3162 3346 3207 est
3395 3151 3665 3207 Dominus

399 3246 510 3298 οὐκ
556 3241 803 3296 ἔσονται
837 3254 935 3295 σοι
974 3239 1096 3293 θεοὶ
1118 3239 1305 3308 ἕτεροι
1339 3237 1506 3306 πλὴν
1528 3238 1694 3308 ἐμοῦ.
1737 3237 1978 3301 Ἀκούεις

398 3335 548 3397 ὅπως
578 3331 667 3387 διὰ
697 3334 797 3403 τῆς
830 3330 1174 3402 άντωνυμίας
1198 3329 1307 3383 ἕνα·
1327 3324 1468 3381 εἷναι
1490 3327 1621 3382 Θεὸν
1658 3328 1815 3399 μόνον
1844 3328 1979 3381 ἀπο-

398 3423 667 3495 φαίνεται.
732 3421 842 3475 Kal
897 3416 1052 3484 αὖθις
1102 3419 1292 3491 μικρὸν
1344 3417 1589 3489 ὕστερον,
1659 3415 1807 3487 Ἐγώ
1861 3420 1977 3486 εἰμι

397 3518 612 3585 Κύριος
635 3516 669 3568 ό
699 3514 844 3578 Θεός
881 3526 1020 3574 σου,
1061 3512 1243 3581 φησίν·
1278 3510 1466 3564 ἑαυτὸν
1499 3508 1703 3580 Κύριον
1734 3508 1826 3563 καὶ
1844 3508 1977 3561 Θεὸν

396 3605 538 3663 εἶναι
566 3605 756 3677 λέγων.
807 3604 874 3658 Τί
912 3604 969 3657 δὲ
1011 3603 1105 3657 καὶ
1141 3603 1210 3656 δι’
1259 3603 1450 3674 ἑτέρας
1497 3601 1714 3673 γραφῆς
1771 3599 1976 3672 μανθά-

397 3718 560 3773 νομεν
577 3717 592 3766 ;
612 3699 723 3754 Kal
738 3699 945 3769 γνώσῃ
972 3697 1256 3766 σήμερον,
1282 3694 1435 3767 φησὶ,
1465 3693 1564 3747 καὶ
1588 3695 1661 3747 οὐ
1694 3694 1976 3763 διαστρα-

398 3794 568 3863 gavia?)
599 3790 672 3860 τῇ
716 3789 968 3858 διανοίᾳ,
1019 3788 1109 3842 ὅτι
1155 3788 1371 3855 Κύριος
1404 3790 1436 3841 ό
1462 3787 1607 3852 Θεός
1631 3801 1770 3850 σου,
1799 3782 1977 3852 οὗτος

400 3884 545 3951 Θεὸς
568 3881 729 3948 ἐντῷ
755 3881 987 3951 οὐρανῷ
1008 3880 1108 3935 καὶ
1129 3881 1227 3934 ἐπὶ
1259 3879 1371 3949 τῆς
1397 3879 1509 3951 τῆς
1525 3878 1704 3944 κάτω,
1739 3878 1837 3933 καὶ
1864 3880 1976 3935 οὐκ

399 3977 531 4032 ἔστι
553 3975 721 4043 πλὴν
750 3975 957 4030 αὑτοῦ.
990 3975 1100 4027 Kal
1129 3969 1285 4038 αὖθις
1312 3975 1371 4027 ὲν
1390 3972 1469 4044 τῷ
1497 3971 1646 4043 αύτῷ
1667 3974 1979 4044 Δευτερονο-

404 4070 532 4141 μίῳ,
575 4070 812 4131 Ἄκουε,
846 4066 1106 4135 Ἰσραὴλ,
1145 4068 1298 4138 φησὶ,
1324 4068 1536 4135 Κύριος
1557 4068 1590 4120 ὁ
1619 4064 1762 4131 Θεὸς
1786 4062 1973 4134 ὑμῶν,

400 4163 613 4230 Κύριος
640 4156 726 4227 εἷς
754 4160 903 4214 ἐστι’
939 4161 1034 4214 καὶ
1074 4159 1407 4230 ἀγαπήσεις
1452 4158 1669 4226 Κύριον
1691 4157 1799 4210 τὸν
1829 4158 1975 4211 Θεόν

401 4268 517 4307 σου
568 4252 637 4317 ἐξ
691 4252 839 4320 ὅλης
881 4252 990 4322 τῆς
1019 4251 1264 4322 καρδίας
1289 4267 1426 4314 σου,
1460 4250 1556 4304 καὶ
1590 4249 1660 4315 ἐξ
1685 4249 1834 4318 ὅλης
1856 4251 1972 4319 ψυ-

401 4342 516 4414 χῆς
554 4359 692 4407 σου,
745 4344 842 4397 καὶ
868 4344 937 4409 ἐξ
971 4343 1120 4411 ὅλης
1138 4342 1424 4408 διανοίας.
1456 4342 1567 4395 Kal
1604 4340 1765 4395 πάλιν
1790 4342 1847 4395 ὲν
1894 4341 1974 4411 τῷ

400 4435 565 4507 αὐτῷ’
577 4434 783 4498 Ἴδετε,
815 4436 989 4499 laete,
1007 4433 1094 4487 ὅτι
1123 4432 1233 4503 ἐγώ
1253 4435 1387 4503 ειμι,
1415 4432 1512 4486 καὶ
1536 4435 1648 4487 οὐκ
1673 4432 1803 4486 ἔστι
1830 4432 1974 4499 Θεὸς

2078 3246 2257 3299 omnia
2299 3247 2413 3299 haec
2468 3246 2652 3309 verba,
2707 3244 2956 3314 inquiens
2997 3258 3014 3297 ι
3081 3243 3195 3313 Ego
3223 3243 3481 3298 Dominus
3515 3241 3669 3298 Deus.

2083 3348 2203 3391 tuus
2227 3377 2243 3403 ,
2309 3338 2402 3407 qui
2457 3347 2505 3390 te
2534 3337 2691 3390 eduxi
2721 3337 2786 3391 de
2824 3348 2966 3391 terra
2989 3335 3227 3406 zEgypti,
3251 3335 3316 3389 de
3355 3334 3511 3388 domo
3542 3341 3660 3388 sen-

2080 3429 2280 3482 vitutis.
2339 3424 2462 3480 Non
2514 3439 2663 3480 erunt
2710 3428 2805 3481 tibi
2861 3428 2938 3480 dii
3007 3426 3101 3480 alii
3125 3435 3315 3494 prteter
3341 3441 3422 3478 me
3447 3424 3514 3479 ”.
3563 3422 3657 3480 Vi-

2078 3519 2175 3574 des
2225 3527 2283 3571 ut
2324 3533 2420 3587 per
2458 3532 2755 3587 pronomen
2798 3517 2886 3572 hic
2913 3532 3078 3571 unum
3103 3516 3271 3571 Deum
3303 3514 3477 3570 solum
3510 3515 3654 3571 iudi-

2079 3623 2183 3668 cet.
2235 3610 2302 3665 Et
2347 3620 2467 3682 post
2518 3624 2687 3678 pauca
2715 3628 2729 3665 :
2759 3607 2871 3680 Ego
2901 3626 3017 3664 sum
3048 3608 3301 3664 Dominus
3336 3606 3476 3662 Deus
3508 3617 3671 3675 tuus,

2080 3702 2255 3773 inquit
2280 3702 2325 3734 “
2355 3721 2369 3758 :
2406 3716 2467 3756 se
2499 3710 2554 3756 et
2585 3699 2754 3755 Deum
2797 3715 2918 3755 esse
2953 3698 3238 3770 proﬁtetur
3278 3707 3441 3768 atque
3467 3698 3655 3754 Domi-

2078 3809 2231 3849 num.
2263 3793 2417 3861 Quod
2448 3791 2596 3848 etab
2632 3791 2735 3846 alia
2766 3792 3043 3860 Scriptura
3079 3791 3393 3855 edocemur,
3423 3806 3542 3862 quae
3569 3790 3651 3847 sie

2078 3883 2336 3954 loquitur,
2372 3882 2662 3952 Cognosces
2704 3880 2857 3933 hodie
2895 3895 3056 3949 neque
3086 3879 3405 3948 cogitatione
3429 3893 3648 3948 perver-

2077 3974 2225 4040 teris,
2265 3975 2406 4044 quod
2432 3973 2686 4046 Dominus
2714 3971 2856 4026 Deus
2883 3981 3023 4036 tuus,
3048 3969 3193 4025 Deus
3224 3970 3311 4024 ille
3351 3971 3417 4025 sit
3442 3971 3498 4024 in
3524 3969 3677 4025 σιτίου

2077 4075 2123 4121 ει
2154 4082 2310 4135 super
2341 4077 2535 4119 terram
2563 4080 2583 4119 :
2606 4074 2654 4118 et
2684 4079 2789 4119 non
2817 4072 2892 4117 est
2944 4070 3134 4131 prwter
3182 4078 3298 4115 eum
3327 4063 3394 4115 ".
3444 4061 3645 4116 lterum

2078 4159 2256 4214 denuo
2289 4157 2343 4211 in
2374 4155 2795 4212 Deuteronomio
2839 4154 2935 4219 ait,
2972 4154 3134 4221 Audi,
3165 4152 3362 4219 Israel,
3391 4152 3673 4207 Dominus.

2078 4249 2218 4304 Deus
2270 4261 2472 4315 vester,
2525 4248 2663 4303 Deus
2689 4263 2825 4301 unus
2874 4254 2992 4300 est:
3037 4253 3088 4299 et
3134 4246 3318 4315 diliges
3370 4243 3672 4299 Dominum.

2079 4340 2247 4396 Deum
2290 4351 2437 4395 tuum
2466 4356 2494 4395 e
2531 4349 2640 4394 toto
2674 4340 2828 4394 corde
2865 4350 2956 4393 tuo
2998 4346 3049 4392 et
3097 4349 3208 4391 tota
3251 4337 3426 4390 anima
3465 4346 3557 4390 tua
3581 4335 3653 4394 ⁸³.

2080 4434 2145 4489 Et
2188 4433 2241 4489 in
2295 4431 2484 4489 eodem
2534 4431 2727 4487 iterum
2757 4449 2771 4485 :
2813 4428 3012 4492 Videte,
3037 4430 3226 4491 videte,
3248 4427 3387 4497 quod
3413 4442 3507 4496 ego
3535 4440 3673 4479 sumr-

399 4525 567 4594 πλὴν
595 4525 761 4595 ἐμοῦ,
797 4524 911 4595 ἐγὼ
944 4522 1249 4579 ἀποκτενῶ
1285 4523 1382 4578 καὶ
1431 4521 1539 4591 ζῆν
1580 4523 1832 4589 ποιήσω,
1864 4540 1974 4576 πα-

2080 4537 2123 4581 ει
2164 4542 2266 4579 non
2294 4535 2367 4579 est
2398 4524 2525 4577 deus
2575 4532 2766 4591 praeter
2802 4536 2904 4577 me.
2955 4519 3065 4589 Ego
3106 4518 3362 4583 occidam,
3398 4524 3447 4571 et
3489 4515 3671 4569 uiuere-

397 4618 555 4684 τάξω
596 4616 693 4672 καὶ
737 4617 997 4687 ἰάσομαι.
1034 4614 1158 4680 Πῶς
1185 4611 1276 4668 οὖν
1310 4615 1602 4687 Ἀστέριος,
1639 4617 1758 4679 ταῖς
1790 4614 1975 4684 ἁγίαις

396 4711 640 4784 Γραφαῖς
690 4709 876 4775 ἁπλῶς
904 4709 997 4763 καὶ
1019 4708 1270 4781 ἐμφόϐως
1306 4708 1619 4762 ἀκολουθεῖν
1647 4706 1975 4777 προσποιού-

401 4820 578 4874 μενος,
606 4804 706 4856 οὐκ
751 4801 892 4872 ἔγνω
928 4800 988 4854 τὸ
1025 4800 1191 4873 μέρος
1218 4799 1374 4853 τοῦτο
1393 4799 1568 4869 λέγονο
1609 4798 1721 4869 (85)
1760 4799 1975 4867 Κύριος

396 4899 430 4951 ὅ
464 4900 604 4963 Θεός
643 4912 780 4959 σου,
816 4889 993 4961 οὗτος
1046 4893 1191 4959 Θεὸς
1229 4891 1340 4964 (86)
1365 4890 1435 4944 ἐν
1471 4890 1552 4956 τῷ
1573 4888 1826 4958 οὐρανῷ,
1872 4890 1973 4944 καὶ

395 4985 491 5037 ἐπὶ
523 4984 630 5053 τῆς
656 4984 769 5054 γῆς
790 4984 964 5046 κάτω,
999 4983 1098 5037 καὶ
1125 4982 1236 5037 οὐκ
1270 4980 1402 5034 ἐστι
1430 4978 1598 5047 πλὴν
1624 4978 1831 5032 αὑτοῦ.
1862 4979 1973 5032 Kal

396 5078 479 5131 ὅτι
520 5073 597 5141 εἷς
642 5077 785 5130 ἐστιν
833 5076 911 5130 ἔτι
943 5076 1039 5130 καὶ
1063 5075 1202 5147 πλὴν
1243 5072 1409 5128 αὑτοῦ
1456 5074 1555 5126 ούκ
1588 5071 1733 5126 ἔστιν
1758 5071 1964 5145 ἕτερος.

397 5166 508 5221 Kal
526 5165 640 5236 μεθ’
657 5166 818 5237 ἔτερα
831 5166 1039 5229 τούτοις
1053 5160 1153 5218 αὖθ
1162 5182 1208 5227 ις
1223 5161 1543 5235 προστίθησι
1566 5160 1759 5230 λέγων·
1784 5179 1803 5213 ι
1844 5160 1968 5226 Πῶς

475 5353 533 5410 ἦ(
569 5346 668 5401 Ed.
697 5346 895 5411 νει-ἴδη
931 5363 1052 5416 pag.
1085 5348 1207 5404 152.
1360 5347 1403 5378 ¹⁸
1429 5344 1595 5402 Marc.
1637 5361 1735 5411 xu,
1774 5346 1963 5402 28—32.

398 5420 445 5452 ²²
477 5418 717 5483 Dvuuv,
749 5417 838 5472 39.
913 5419 960 5451 ⁸³
985 5419 1139 5473 Deut.
1170 5434 1223 5472 νι
1279 5422 1334 5485 4,
1372 5417 1424 5472 5.
1502 5417 1549 5450 ³⁵
1583 5417 1737 5472 Deut.
1778 5434 1947 5484 χχιιι,
1979 5418 2067 5474 59.

473 5644 586 5715 (8Ξ)
613 5640 1194 5717 Ῡιιιεοτῆςλκαρδιας.
1227 5638 1343 5696 Mox
1399 5640 1558 5717 vulgo
1606 5650 1721 5715 post
1785 5637 1974 5713 πρώτη

401 5710 522 5771 add.
559 5710 652 5785 καὶ
679 5710 886 5785 μεγάλη
911 5713 944 5781 ἡ
987 5710 1196 5781 ἐντολή.

469 5784 583 5856 (85)
610 5784 722 5856 Τήν
749 5785 906 5856 νυΙιιρ
930 5784 1095 5856 «locst.

493 5850 584 5927 84)
614 5850 786 5927 Vulgo
817 5850 910 5908 τοῦ
944 5853 1071 5925 ἰσρ.

2080 4618 2297 4686 (nciam,
2335 4614 2624 4685 percutiam
2645 4623 2691 4666 et
2719 4614 2917 4665 sanabo
2941 4610 3006 4662 “.
3051 4607 3330 4676 Quomodo
3363 4609 3466 4662 hoc
3492 4608 3652 4662 Aste-

2081 4710 2193 4765 rius
2218 4707 2505 4779 ignorabat
2534 4705 2623 4775 qui
2657 4719 2715 4758 se
2744 4700 2916 4757 videri
2943 4700 3081 4764 vult,
3111 4714 3232 4753 cum
3266 4699 3482 4762 timore,
3517 4697 3650 4752 sim-

2078 4801 2289 4871 pliciter
2308 4806 2606 4855 scrutatum
2641 4810 2824 4849 sacras
2855 4792 3085 4848 Litteras
3118 4809 3131 4843 :
3158 4789 3411 4844 nimirum
3440 4797 3663 4857 partem,

2079 4894 2482 4962 Scripturarum
2513 4889 2662 4944 illam
2693 4888 2785 4944 ubi
2817 4888 3035 4952 dicitur,
3056 4884 3312 4939 Dominus
3340 4879 3481 4934 Deus
3504 4890 3646 4945 tuus,

2080 4985 2221 5041 Deus
2250 5000 2384 5038 unus
2417 4992 2515 5047 est,
2562 4984 2616 5036 in
2649 4980 2775 5036 coelo
2798 4995 3029 5043 sursum,
3056 4989 3102 5033 et
3126 4978 3179 5032 in
3206 4987 3345 5031 terra
3371 4975 3613 5029 deorsum
3631 5013 3663 5038 ,,

2076 5083 2123 5127 et
2183 5086 2285 5123 non
2336 5078 2414 5123 est
2441 5078 2634 5136 praeter
2659 5083 2776 5121 eum
2804 5079 2824 5119 :
2854 5047 2995 5135 quod
3031 5077 3168 5118 unus
3214 5061 3307 5128 sit,
3337 5068 3393 5114 et
3418 5073 3525 5113 non
3564 5068 3651 5113 est

2077 5164 2217 5217 alius
2243 5169 2442 5231 praeter
2471 5158 2645 5214 illum.
2697 5157 2822 5213 Post
2862 5157 2969 5211 alia
2992 5164 3047 5211 et
3076 5154 3225 5212 hisce
3260 5150 3523 5217 annectit,
3567 5149 3645 5204 in-

2077 5349 2121 5380 "
2150 5346 2320 5403 Exod.
2354 5359 2436 5409 ιιι,
2474 5343 2559 5398 l5.
2656 5343 2701 5375 ¹⁰
2722 5342 2893 5398 Exod.
2922 5357 3013 5407 xx,
3062 5339 3120 5406 2,
3177 5339 3213 5394 3
3346 5336 3392 5368 “
3419 5333 3551 5391 ibid.
3588 5334 3644 5390 5.

2148 5637 2263 5708 (85)
2296 5638 2470 5708 Vulgo
2498 5636 2689 5708 λέγων.

2117 5693 2259 5832 «(86)
2295 5693 2458 5781 Vulgo
2490 5693 2710 5781 Κύριος,
2768 5716 2820 5766 cl
2855 5724 3002 5778 mox,
3032 5708 3124 5761 ἐπὶ
3148 5705 3249 5778 γῆς
3298 5710 3348 5759 cl
3392 5697 3506 5756 ἐστι
3547 5693 3649 5757 καὶ

2076 5796 2145 5833 π).
2169 5797 2237 5852 ,ν.
