  <div class='ocr_page' id='page_1' title='image "/cluster/home/n/w/nwhite01/storage/ocr_20150623/24/hvd.32044073501108/481.png"; bbox 0 0 4158 6390; ppageno 0'>
   <div class='ocr_carea' id='block_1_1' title="bbox 553 364 656 420">
    <p class='ocr_par' dir='ltr' id='par_1_1' title="bbox 553 364 656 420">
     <span class='ocr_line' id='line_1_1' title="bbox 553 364 656 420; baseline -0.019 0"><span class='ocrx_word' id='word_1_1' title='bbox 553 364 656 420; x_wconf 61' lang='grc'><strong>947</strong></span> 
     </span>
    </p>
   </div>
   <div class='ocr_carea' id='block_1_2' title="bbox 1217 363 3086 424">
    <p class='ocr_par' dir='ltr' id='par_1_2' title="bbox 1217 363 3086 424">
     <span class='ocr_line' id='line_1_2' title="bbox 1217 363 3086 424; baseline 0.002 -4"><span class='ocrx_word' id='word_1_2' title='bbox 1217 363 1487 421; x_wconf 79' lang='lat' dir='ltr'><strong>EUSEBII</strong></span> <span class='ocrx_word' id='word_1_3' title='bbox 1523 365 1998 424; x_wconf 67' lang='lat' dir='ltr'><strong>CASSAI’JISNSIS</strong></span> <span class='ocrx_word' id='word_1_4' title='bbox 2040 366 2190 422; x_wconf 84' lang='lat' dir='ltr'><strong>OPI’.</strong></span> <span class='ocrx_word' id='word_1_5' title='bbox 2231 368 2408 423; x_wconf 66' lang='lat' dir='ltr'><strong>PARS</strong></span> <span class='ocrx_word' id='word_1_6' title='bbox 2445 365 2533 421; x_wconf 83' lang='lat' dir='ltr'><strong>IV.</strong></span> <span class='ocrx_word' id='word_1_7' title='bbox 2569 398 2634 408; x_wconf 89' lang='lat'><strong>--</strong></span> <span class='ocrx_word' id='word_1_8' title='bbox 2672 365 3086 424; x_wconf 73' lang='lat' dir='ltr'><strong>DOGMATICA.</strong></span> 
     </span>
    </p>
   </div>
   <div class='ocr_carea' id='block_1_3' title="bbox 3689 375 3796 432">
    <p class='ocr_par' dir='ltr' id='par_1_3' title="bbox 3689 375 3796 432">
     <span class='ocr_line' id='line_1_3' title="bbox 3689 375 3796 432; baseline -0.009 0"><span class='ocrx_word' id='word_1_9' title='bbox 3689 375 3796 432; x_wconf 65' lang='lat'><strong>948</strong></span> 
     </span>
    </p>
   </div>
   <div class='ocr_carea' id='block_1_4' title="bbox 553 475 2119 561">
    <p class='ocr_par' dir='ltr' id='par_1_4' title="bbox 553 475 2118 556">
     <span class='ocr_line' id='line_1_4' title="bbox 553 475 2118 556; baseline 0.002 -20"><span class='ocrx_word' id='word_1_10' title='bbox 553 484 746 548; x_wconf 82' lang='lat' dir='ltr'><strong>quiens</strong></span> <span class='ocrx_word' id='word_1_11' title='bbox 779 475 865 556; x_wconf 71' lang='grc' dir='ltr'><strong>[Β.</strong></span> <span class='ocrx_word' id='word_1_12' title='bbox 904 483 1088 554; x_wconf 76' lang='lat' dir='ltr'><strong>LXIX]</strong></span> <span class='ocrx_word' id='word_1_13' title='bbox 1136 525 1152 540; x_wconf 91' lang='lat'><strong>.</strong></span> <span class='ocrx_word' id='word_1_14' title='bbox 1201 501 1220 534; x_wconf 76' lang='grc' dir='ltr'><strong>ι</strong></span> <span class='ocrx_word' id='word_1_15' title='bbox 1253 484 1534 554; x_wconf 76' lang='lat' dir='ltr'><strong>Quomodo</strong></span> <span class='ocrx_word' id='word_1_16' title='bbox 1562 484 1722 553; x_wconf 78' lang='lat' dir='ltr'><strong>igitur</strong></span> <span class='ocrx_word' id='word_1_17' title='bbox 1746 485 2009 539; x_wconf 88' lang='lat' dir='ltr'><strong>sacerille</strong></span> <span class='ocrx_word' id='word_1_18' title='bbox 2027 483 2118 539; x_wconf 83' lang='lat' dir='ltr'><strong>Je-</strong></span> 
     </span>
    </p>
   </div>
   <div class='ocr_carea' id='block_1_5' title="bbox 2223 475 3798 561">
    <p class='ocr_par' dir='ltr' id='par_1_5' title="bbox 2226 483 3798 561">
     <span class='ocr_line' id='line_1_5' title="bbox 2226 483 3798 561; baseline 0.005 -25"><span class='ocrx_word' id='word_1_19' title='bbox 2226 506 2242 536; x_wconf 76' lang='grc' dir='ltr'><strong>ι</strong></span> <span class='ocrx_word' id='word_1_20' title='bbox 2275 483 2368 538; x_wconf 75' lang='grc' dir='ltr'><strong>οὖν</strong></span> <span class='ocrx_word' id='word_1_21' title='bbox 2400 487 2428 538; x_wconf 87' lang='grc' dir='ltr'><strong>ὁ</strong></span> <span class='ocrx_word' id='word_1_22' title='bbox 2476 484 2619 555; x_wconf 79' lang='grc' dir='ltr'>ἱερὸς</span> <span class='ocrx_word' id='word_1_23' title='bbox 2651 485 2934 555; x_wconf 80' lang='grc' dir='ltr'><strong>προφήτης</strong></span> <span class='ocrx_word' id='word_1_24' title='bbox 2994 483 3262 555; x_wconf 77' lang='grc' dir='ltr'><strong>Ἱερεμίας</strong></span> <span class='ocrx_word' id='word_1_25' title='bbox 3293 484 3402 556; x_wconf 89' lang='grc'><strong>(87)</strong></span> <span class='ocrx_word' id='word_1_26' title='bbox 3435 485 3495 539; x_wconf 80' lang='grc' dir='ltr'><strong>οὐ</strong></span> <span class='ocrx_word' id='word_1_27' title='bbox 3549 489 3798 561; x_wconf 75' lang='grc' dir='ltr'>φανερῶς</span> 
     </span>
    </p>
   </div>
   <div class='ocr_carea' id='block_1_6' title="bbox 559 576 2115 647">
    <p class='ocr_par' dir='ltr' id='par_1_6' title="bbox 559 576 2115 647">
     <span class='ocr_line' id='line_1_6' title="bbox 559 576 2115 647; baseline 0.004 -21"><span class='ocrx_word' id='word_1_28' title='bbox 559 595 577 626; x_wconf 72' lang='grc' dir='ltr'><strong>ι</strong></span> <span class='ocrx_word' id='word_1_29' title='bbox 621 579 814 630; x_wconf 84' lang='lat' dir='ltr'><strong>remias</strong></span> <span class='ocrx_word' id='word_1_30' title='bbox 837 576 1095 647; x_wconf 74' lang='lat' dir='ltr'><strong>[Baruchl</strong></span> <span class='ocrx_word' id='word_1_31' title='bbox 1125 587 1274 630; x_wconf 90' lang='lat' dir='ltr'><strong>vates</strong></span> <span class='ocrx_word' id='word_1_32' title='bbox 1299 594 1403 632; x_wconf 89' lang='lat' dir='ltr'><strong>non</strong></span> <span class='ocrx_word' id='word_1_33' title='bbox 1443 589 1628 645; x_wconf 85' lang='lat' dir='ltr'><strong>aperte</strong></span> <span class='ocrx_word' id='word_1_34' title='bbox 1653 580 1947 633; x_wconf 85' lang='lat' dir='ltr'><strong>convicerit</strong></span> <span class='ocrx_word' id='word_1_35' title='bbox 1969 581 2115 632; x_wconf 90' lang='lat' dir='ltr'><strong>illum</strong></span> 
     </span>
    </p>
   </div>
   <div class='ocr_carea' id='block_1_7' title="bbox 556 670 2120 737">
    <p class='ocr_par' dir='ltr' id='par_1_7' title="bbox 556 670 2120 737">
     <span class='ocr_line' id='line_1_7' title="bbox 556 670 2120 737; baseline 0.006 -20"><span class='ocrx_word' id='word_1_36' title='bbox 556 696 572 717; x_wconf 83' lang='lat'><strong>.</strong></span> <span class='ocrx_word' id='word_1_37' title='bbox 617 670 859 724; x_wconf 81' lang='lat' dir='ltr'><strong>docuisse</strong></span> <span class='ocrx_word' id='word_1_38' title='bbox 888 671 1179 737; x_wconf 82' lang='lat' dir='ltr'><strong>perversa?</strong></span> <span class='ocrx_word' id='word_1_39' title='bbox 1213 671 1349 724; x_wconf 84' lang='lat' dir='ltr'><strong>Nam</strong></span> <span class='ocrx_word' id='word_1_40' title='bbox 1382 672 1447 725; x_wconf 88' lang='lat' dir='ltr'><strong>de</strong></span> <span class='ocrx_word' id='word_1_41' title='bbox 1474 671 1766 727; x_wconf 88' lang='lat' dir='ltr'><strong>Servatore</strong></span> <span class='ocrx_word' id='word_1_42' title='bbox 1797 672 2120 726; x_wconf 88' lang='lat' dir='ltr'><strong>vaticinatus</strong></span> 
     </span>
    </p>
   </div>
   <div class='ocr_carea' id='block_1_8' title="bbox 556 759 2121 832">
    <p class='ocr_par' dir='ltr' id='par_1_8' title="bbox 556 759 2121 832">
     <span class='ocr_line' id='line_1_8' title="bbox 556 759 2121 832; baseline 0.006 -25"><span class='ocrx_word' id='word_1_43' title='bbox 556 779 572 807; x_wconf 74' lang='grc' dir='ltr'><strong>ι</strong></span> <span class='ocrx_word' id='word_1_44' title='bbox 614 759 699 812; x_wconf 91' lang='lat' dir='ltr'><strong>ille</strong></span> <span class='ocrx_word' id='word_1_45' title='bbox 746 760 817 812; x_wconf 83' lang='lat' dir='ltr'><strong>ita</strong></span> <span class='ocrx_word' id='word_1_46' title='bbox 860 760 1078 829; x_wconf 90' lang='lat' dir='ltr'><strong>inquit:</strong></span> <span class='ocrx_word' id='word_1_47' title='bbox 1114 761 1222 816; x_wconf 81' lang='lat' dir='ltr'><strong>Iste</strong></span> <span class='ocrx_word' id='word_1_48' title='bbox 1272 773 1348 817; x_wconf 79' lang='lat' dir='ltr'><strong>est</strong></span> <span class='ocrx_word' id='word_1_49' title='bbox 1394 762 1576 828; x_wconf 84' lang='lat' dir='ltr'><strong>Deus,</strong></span> <span class='ocrx_word' id='word_1_50' title='bbox 1632 780 1734 818; x_wconf 83' lang='lat' dir='ltr'><strong>non</strong></span> <span class='ocrx_word' id='word_1_51' title='bbox 1795 765 2121 832; x_wconf 76' lang='lat' dir='ltr'><strong>reputabitur</strong></span> 
     </span>
    </p>
   </div>
   <div class='ocr_carea' id='block_1_9' title="bbox 555 847 2118 921">
    <p class='ocr_par' dir='ltr' id='par_1_9' title="bbox 555 847 2118 921">
     <span class='ocr_line' id='line_1_9' title="bbox 555 847 2118 921; baseline 0.007 -25"><span class='ocrx_word' id='word_1_52' title='bbox 555 868 570 896; x_wconf 76' lang='grc' dir='ltr'><strong>ι</strong></span> <span class='ocrx_word' id='word_1_53' title='bbox 617 847 753 900; x_wconf 83' lang='lat' dir='ltr'><strong>alius</strong></span> <span class='ocrx_word' id='word_1_54' title='bbox 780 848 847 900; x_wconf 82' lang='lat' dir='ltr'><strong>ad</strong></span> <span class='ocrx_word' id='word_1_55' title='bbox 871 865 1006 911; x_wconf 85' lang='lat' dir='ltr'><strong>eum,</strong></span> <span class='ocrx_word' id='word_1_56' title='bbox 1046 852 1135 919; x_wconf 83' lang='lat' dir='ltr'><strong>qui</strong></span> <span class='ocrx_word' id='word_1_57' title='bbox 1165 852 1358 904; x_wconf 83' lang='lat' dir='ltr'><strong>invenit</strong></span> <span class='ocrx_word' id='word_1_58' title='bbox 1385 868 1586 904; x_wconf 85' lang='lat' dir='ltr'><strong><em>onmem</em></strong></span> <span class='ocrx_word' id='word_1_59' title='bbox 1627 853 1762 907; x_wconf 80' lang='lat' dir='ltr'><strong>viam</strong></span> <span class='ocrx_word' id='word_1_60' title='bbox 1789 854 2118 921; x_wconf 75' lang='lat' dir='ltr'><strong>cognitionis,</strong></span> 
     </span>
    </p>
   </div>
   <div class='ocr_carea' id='block_1_10' title="bbox 554 940 2120 1011">
    <p class='ocr_par' dir='ltr' id='par_1_10' title="bbox 554 940 2120 1011">
     <span class='ocr_line' id='line_1_10' title="bbox 554 940 2120 1011; baseline 0.007 -22"><span class='ocrx_word' id='word_1_61' title='bbox 554 965 570 987; x_wconf 75' lang='grc' dir='ltr'><strong>ι</strong></span> <span class='ocrx_word' id='word_1_62' title='bbox 616 947 664 990; x_wconf 82' lang='lat' dir='ltr'><strong>et</strong></span> <span class='ocrx_word' id='word_1_63' title='bbox 709 940 931 992; x_wconf 80' lang='lat' dir='ltr'><strong>tradidit</strong></span> <span class='ocrx_word' id='word_1_64' title='bbox 971 957 1086 993; x_wconf 86' lang='lat' dir='ltr'><strong>eam</strong></span> <span class='ocrx_word' id='word_1_65' title='bbox 1113 940 1281 995; x_wconf 76' lang='lat' dir='ltr'><strong>Iacob</strong></span> <span class='ocrx_word' id='word_1_66' title='bbox 1320 959 1480 1011; x_wconf 84' lang='lat' dir='ltr'><strong>puero</strong></span> <span class='ocrx_word' id='word_1_67' title='bbox 1507 960 1622 1009; x_wconf 79' lang='lat' dir='ltr'><strong>suo,</strong></span> <span class='ocrx_word' id='word_1_68' title='bbox 1659 955 1706 998; x_wconf 89' lang='lat' dir='ltr'><strong>et</strong></span> <span class='ocrx_word' id='word_1_69' title='bbox 1737 943 1905 998; x_wconf 78' lang='lat' dir='ltr'><strong>Israel</strong></span> <span class='ocrx_word' id='word_1_70' title='bbox 1931 945 2120 1000; x_wconf 84' lang='lat' dir='ltr'><strong>dilecto</strong></span> 
     </span>
    </p>
   </div>
   <div class='ocr_carea' id='block_1_11' title="bbox 556 1033 2119 1101">
    <p class='ocr_par' dir='ltr' id='par_1_11' title="bbox 556 1033 2119 1101">
     <span class='ocr_line' id='line_1_11' title="bbox 556 1033 2119 1101; baseline 0.01 -24"><span class='ocrx_word' id='word_1_71' title='bbox 556 1049 571 1077; x_wconf 77' lang='grc' dir='ltr'><strong>ι</strong></span> <span class='ocrx_word' id='word_1_72' title='bbox 618 1047 712 1082; x_wconf 83' lang='lat' dir='ltr'><strong>suo</strong></span> <span class='ocrx_word' id='word_1_73' title='bbox 736 1047 756 1085; x_wconf 89' lang='lat'><strong><em>:</em></strong></span> <span class='ocrx_word' id='word_1_74' title='bbox 785 1043 897 1100; x_wconf 84' lang='lat' dir='ltr'><strong>post</strong></span> <span class='ocrx_word' id='word_1_75' title='bbox 937 1033 1048 1086; x_wconf 75' lang='lat' dir='ltr'><strong>Itazc</strong></span> <span class='ocrx_word' id='word_1_76' title='bbox 1079 1049 1241 1101; x_wconf 76' lang='lat' dir='ltr'><strong>super</strong></span> <span class='ocrx_word' id='word_1_77' title='bbox 1283 1045 1452 1087; x_wconf 83' lang='lat' dir='ltr'><strong>terras</strong></span> <span class='ocrx_word' id='word_1_78' title='bbox 1479 1038 1616 1090; x_wconf 82' lang='lat' dir='ltr'><strong>visus</strong></span> <span class='ocrx_word' id='word_1_79' title='bbox 1647 1046 1743 1101; x_wconf 83' lang='lat' dir='ltr'><strong>est,</strong></span> <span class='ocrx_word' id='word_1_80' title='bbox 1778 1047 1824 1090; x_wconf 85' lang='lat' dir='ltr'><strong>et</strong></span> <span class='ocrx_word' id='word_1_81' title='bbox 1866 1055 1983 1091; x_wconf 85' lang='lat' dir='ltr'><strong>cum</strong></span> <span class='ocrx_word' id='word_1_82' title='bbox 2021 1039 2119 1092; x_wconf 81' lang='lat' dir='ltr'><strong>Ito-</strong></span> 
     </span>
    </p>
   </div>
   <div class='ocr_carea' id='block_1_12' title="bbox 556 1121 2118 1197">
    <p class='ocr_par' dir='ltr' id='par_1_12' title="bbox 556 1121 2118 1197">
     <span class='ocr_line' id='line_1_12' title="bbox 556 1121 2118 1197; baseline 0.008 -28"><span class='ocrx_word' id='word_1_83' title='bbox 556 1137 574 1168; x_wconf 73' lang='grc' dir='ltr'><strong>ι</strong></span> <span class='ocrx_word' id='word_1_84' title='bbox 613 1121 838 1175; x_wconf 81' lang='lat' dir='ltr'><strong>minibus</strong></span> <span class='ocrx_word' id='word_1_85' title='bbox 859 1133 1190 1178; x_wconf 79' lang='lat' dir='ltr'><strong>conversatus</strong></span> <span class='ocrx_word' id='word_1_86' title='bbox 1213 1124 1279 1177; x_wconf 78' lang='grc'><strong>’⁵.</strong></span> <span class='ocrx_word' id='word_1_87' title='bbox 1313 1144 1332 1176; x_wconf 72' lang='grc' dir='ltr'><strong>ι</strong></span> <span class='ocrx_word' id='word_1_88' title='bbox 1363 1122 1560 1178; x_wconf 87' lang='lat' dir='ltr'><strong>lterum</strong></span> <span class='ocrx_word' id='word_1_89' title='bbox 1590 1126 1751 1181; x_wconf 77' lang='lat' dir='ltr'><strong>infert</strong></span> <span class='ocrx_word' id='word_1_90' title='bbox 1782 1126 1872 1197; x_wconf 71' lang='grc' dir='ltr'><strong>[Β.</strong></span> <span class='ocrx_word' id='word_1_91' title='bbox 1913 1126 1974 1192; x_wconf 83' lang='lat' dir='ltr'><strong>L,</strong></span> <span class='ocrx_word' id='word_1_92' title='bbox 1993 1128 2118 1182; x_wconf 91' lang='lat' dir='ltr'><strong>coll.</strong></span> 
     </span>
    </p>
   </div>
   <div class='ocr_carea' id='block_1_13' title="bbox 553 1211 2120 1283">
    <p class='ocr_par' dir='ltr' id='par_1_13' title="bbox 553 1211 2120 1283">
     <span class='ocr_line' id='line_1_13' title="bbox 553 1211 2120 1283; baseline 0.005 -21"><span class='ocrx_word' id='word_1_93' title='bbox 553 1229 606 1281; x_wconf 72' lang='grc' dir='ltr'><strong>ι».</strong></span> <span class='ocrx_word' id='word_1_94' title='bbox 638 1211 755 1283; x_wconf 72' lang='lat' dir='ltr'><strong>IN]</strong></span> <span class='ocrx_word' id='word_1_95' title='bbox 789 1231 801 1266; x_wconf 93' lang='lat'>:</span> <span class='ocrx_word' id='word_1_96' title='bbox 836 1230 854 1263; x_wconf 79' lang='grc' dir='ltr'><strong>ι</strong></span> <span class='ocrx_word' id='word_1_97' title='bbox 878 1211 981 1267; x_wconf 86' lang='lat' dir='ltr'><strong>Sed</strong></span> <span class='ocrx_word' id='word_1_98' title='bbox 1034 1215 1245 1269; x_wconf 89' lang='lat' dir='ltr'><strong>videtur</strong></span> <span class='ocrx_word' id='word_1_99' title='bbox 1274 1215 1327 1269; x_wconf 92' lang='lat' dir='ltr'><strong>in</strong></span> <span class='ocrx_word' id='word_1_100' title='bbox 1349 1214 1523 1270; x_wconf 78' lang='lat' dir='ltr'><strong>Verbo</strong></span> <span class='ocrx_word' id='word_1_101' title='bbox 1552 1215 1712 1272; x_wconf 87' lang='lat' dir='ltr'><strong>Pater</strong></span> <span class='ocrx_word' id='word_1_102' title='bbox 1743 1231 1860 1270; x_wconf 83' lang='lat' dir='ltr'><strong>esse</strong></span> <span class='ocrx_word' id='word_1_103' title='bbox 1890 1234 1904 1270; x_wconf 89' lang='lat'><strong>:</strong></span> <span class='ocrx_word' id='word_1_104' title='bbox 1931 1227 2120 1272; x_wconf 89' lang='lat' dir='ltr'><strong>utcun-</strong></span> 
     </span>
    </p>
   </div>
   <div class='ocr_carea' id='block_1_14' title="bbox 558 1305 2118 1378">
    <p class='ocr_par' dir='ltr' id='par_1_14' title="bbox 558 1305 2118 1378">
     <span class='ocr_line' id='line_1_14' title="bbox 558 1305 2118 1378; baseline 0.006 -26"><span class='ocrx_word' id='word_1_105' title='bbox 558 1322 576 1352; x_wconf 76' lang='grc' dir='ltr'><strong>ι</strong></span> <span class='ocrx_word' id='word_1_106' title='bbox 615 1319 721 1372; x_wconf 86' lang='lat' dir='ltr'><strong>que</strong></span> <span class='ocrx_word' id='word_1_107' title='bbox 769 1305 872 1358; x_wconf 90' lang='lat' dir='ltr'><strong>hoc</strong></span> <span class='ocrx_word' id='word_1_108' title='bbox 919 1305 1136 1359; x_wconf 86' lang='lat' dir='ltr'><strong>Asterio</strong></span> <span class='ocrx_word' id='word_1_109' title='bbox 1183 1321 1290 1360; x_wconf 88' lang='lat' dir='ltr'><strong>non</strong></span> <span class='ocrx_word' id='word_1_110' title='bbox 1336 1307 1416 1362; x_wconf 91' lang='lat' dir='ltr'><strong>sic</strong></span> <span class='ocrx_word' id='word_1_111' title='bbox 1474 1308 1704 1375; x_wconf 84' lang='lat' dir='ltr'><strong>placeat,</strong></span> <span class='ocrx_word' id='word_1_112' title='bbox 1763 1323 1863 1362; x_wconf 86' lang='lat' dir='ltr'><strong>nec</strong></span> <span class='ocrx_word' id='word_1_113' title='bbox 1913 1309 1979 1362; x_wconf 89' lang='lat' dir='ltr'><strong>iis</strong></span> <span class='ocrx_word' id='word_1_114' title='bbox 2027 1309 2118 1378; x_wconf 85' lang='lat' dir='ltr'><strong>qui</strong></span> 
     </span>
    </p>
   </div>
   <div class='ocr_carea' id='block_1_15' title="bbox 559 1393 2118 1455">
    <p class='ocr_par' dir='ltr' id='par_1_15' title="bbox 559 1393 2118 1455">
     <span class='ocr_line' id='line_1_15' title="bbox 559 1393 2118 1455; baseline 0.005 -11"><span class='ocrx_word' id='word_1_115' title='bbox 559 1413 576 1443; x_wconf 77' lang='grc' dir='ltr'><strong>ι</strong></span> <span class='ocrx_word' id='word_1_116' title='bbox 611 1393 799 1446; x_wconf 86' lang='lat' dir='ltr'><strong>eadem</strong></span> <span class='ocrx_word' id='word_1_117' title='bbox 840 1408 960 1448; x_wconf 89' lang='lat' dir='ltr'><strong>cum</strong></span> <span class='ocrx_word' id='word_1_118' title='bbox 991 1395 1080 1455; x_wconf 88' lang='lat' dir='ltr'><strong>illo</strong></span> <span class='ocrx_word' id='word_1_119' title='bbox 1115 1396 1371 1450; x_wconf 88' lang='lat' dir='ltr'><strong>sentiunt.</strong></span> <span class='ocrx_word' id='word_1_120' title='bbox 1404 1397 1496 1451; x_wconf 87' lang='lat' dir='ltr'><strong>Sic</strong></span> <span class='ocrx_word' id='word_1_121' title='bbox 1526 1396 1670 1451; x_wconf 87' lang='lat' dir='ltr'><strong>enim</strong></span> <span class='ocrx_word' id='word_1_122' title='bbox 1701 1396 1883 1451; x_wconf 80' lang='lat' dir='ltr'><strong>divino</strong></span> <span class='ocrx_word' id='word_1_123' title='bbox 1912 1397 1983 1451; x_wconf 85' lang='lat' dir='ltr'><strong>illi</strong></span> <span class='ocrx_word' id='word_1_124' title='bbox 2014 1399 2118 1452; x_wconf 90' lang='lat' dir='ltr'><strong>vati</strong></span> 
     </span>
    </p>
   </div>
   <div class='ocr_carea' id='block_1_16' title="bbox 557 1484 2117 1558">
    <p class='ocr_par' dir='ltr' id='par_1_16' title="bbox 557 1484 2117 1558">
     <span class='ocr_line' id='line_1_16' title="bbox 557 1484 2117 1558; baseline 0.004 -24"><span class='ocrx_word' id='word_1_125' title='bbox 557 1505 574 1534; x_wconf 78' lang='grc' dir='ltr'><strong>ι</strong></span> <span class='ocrx_word' id='word_1_126' title='bbox 623 1484 770 1539; x_wconf 68' lang='lat' dir='ltr'><strong>Isaiae</strong></span> <span class='ocrx_word' id='word_1_127' title='bbox 838 1485 1084 1553; x_wconf 88' lang='lat' dir='ltr'><strong>videtur,</strong></span> <span class='ocrx_word' id='word_1_128' title='bbox 1161 1489 1252 1555; x_wconf 91' lang='lat' dir='ltr'><strong>qui</strong></span> <span class='ocrx_word' id='word_1_129' title='bbox 1305 1487 1518 1543; x_wconf 90' lang='lat' dir='ltr'><strong>locutus</strong></span> <span class='ocrx_word' id='word_1_130' title='bbox 1572 1497 1654 1543; x_wconf 84' lang='lat' dir='ltr'><strong>est</strong></span> <span class='ocrx_word' id='word_1_131' title='bbox 1709 1503 1804 1558; x_wconf 89' lang='lat' dir='ltr'><strong>per</strong></span> <span class='ocrx_word' id='word_1_132' title='bbox 1861 1487 2117 1557; x_wconf 77' lang='lat' dir='ltr'><strong>Spiritum</strong></span> 
     </span>
    </p>
   </div>
   <div class='ocr_carea' id='block_1_17' title="bbox 558 1574 2120 1648">
    <p class='ocr_par' dir='ltr' id='par_1_17' title="bbox 558 1574 2120 1648">
     <span class='ocr_line' id='line_1_17' title="bbox 558 1574 2120 1648; baseline 0.004 -24"><span class='ocrx_word' id='word_1_133' title='bbox 558 1591 577 1624; x_wconf 73' lang='grc' dir='ltr'><strong>ι</strong></span> <span class='ocrx_word' id='word_1_134' title='bbox 617 1585 880 1639; x_wconf 83' lang='lat' dir='ltr'><strong>sanctum,</strong></span> <span class='ocrx_word' id='word_1_135' title='bbox 899 1574 967 1629; x_wconf 87' lang='lat' dir='ltr'><strong>Et</strong></span> <span class='ocrx_word' id='word_1_136' title='bbox 986 1577 1276 1631; x_wconf 83' lang='lat' dir='ltr'><strong>adorabunt</strong></span> <span class='ocrx_word' id='word_1_137' title='bbox 1295 1577 1410 1644; x_wconf 85' lang='lat' dir='ltr'><strong>tibi,</strong></span> <span class='ocrx_word' id='word_1_138' title='bbox 1436 1583 1548 1642; x_wconf 46' lang='lat' dir='ltr'><strong>ﬁet</strong></span> <span class='ocrx_word' id='word_1_139' title='bbox 1572 1578 1626 1632; x_wconf 86' lang='lat' dir='ltr'><strong>iu</strong></span> <span class='ocrx_word' id='word_1_140' title='bbox 1648 1588 1696 1632; x_wconf 87' lang='lat' dir='ltr'><strong>te</strong></span> <span class='ocrx_word' id='word_1_141' title='bbox 1715 1579 1957 1640; x_wconf 80' lang='lat' dir='ltr'><strong>orabunt,</strong></span> <span class='ocrx_word' id='word_1_142' title='bbox 1984 1579 2120 1648; x_wconf 84' lang='lat' dir='ltr'><strong>quod</strong></span> 
     </span>
    </p>
   </div>
   <div class='ocr_carea' id='block_1_18' title="bbox 557 1665 2121 1736">
    <p class='ocr_par' dir='ltr' id='par_1_18' title="bbox 557 1665 2121 1736">
     <span class='ocr_line' id='line_1_18' title="bbox 557 1665 2121 1736; baseline 0.004 -21"><span class='ocrx_word' id='word_1_143' title='bbox 557 1683 576 1715; x_wconf 72' lang='grc' dir='ltr'><strong>ι</strong></span> <span class='ocrx_word' id='word_1_144' title='bbox 614 1667 665 1717; x_wconf 84' lang='lat' dir='ltr'><strong>iu</strong></span> <span class='ocrx_word' id='word_1_145' title='bbox 692 1676 739 1718; x_wconf 88' lang='lat' dir='ltr'><strong>te</strong></span> <span class='ocrx_word' id='word_1_146' title='bbox 767 1667 835 1718; x_wconf 79' lang='lat' dir='ltr'><strong>sit</strong></span> <span class='ocrx_word' id='word_1_147' title='bbox 861 1665 996 1719; x_wconf 83' lang='lat' dir='ltr'><strong>Deus</strong></span> <span class='ocrx_word' id='word_1_148' title='bbox 1021 1676 1068 1720; x_wconf 86' lang='lat' dir='ltr'><strong>et</strong></span> <span class='ocrx_word' id='word_1_149' title='bbox 1095 1683 1195 1720; x_wconf 81' lang='lat' dir='ltr'><strong>non</strong></span> <span class='ocrx_word' id='word_1_150' title='bbox 1227 1675 1303 1721; x_wconf 79' lang='lat' dir='ltr'><strong>est</strong></span> <span class='ocrx_word' id='word_1_151' title='bbox 1334 1666 1471 1721; x_wconf 81' lang='lat' dir='ltr'><strong>alius</strong></span> <span class='ocrx_word' id='word_1_152' title='bbox 1510 1679 1697 1736; x_wconf 79' lang='lat' dir='ltr'><strong>prwter</strong></span> <span class='ocrx_word' id='word_1_153' title='bbox 1718 1677 1785 1723; x_wconf 85' lang='lat' dir='ltr'><strong>te.</strong></span> <span class='ocrx_word' id='word_1_154' title='bbox 1828 1667 1905 1721; x_wconf 88' lang='lat' dir='ltr'><strong>Tu</strong></span> <span class='ocrx_word' id='word_1_155' title='bbox 1933 1668 2121 1722; x_wconf 82' lang='lat' dir='ltr'><strong>etenim</strong></span> 
     </span>
    </p>
   </div>
   <div class='ocr_carea' id='block_1_19' title="bbox 555 1754 2117 1814">
    <p class='ocr_par' dir='ltr' id='par_1_19' title="bbox 555 1754 2117 1814">
     <span class='ocr_line' id='line_1_19' title="bbox 555 1754 2117 1814; baseline 0.004 -8"><span class='ocrx_word' id='word_1_156' title='bbox 555 1775 574 1807; x_wconf 72' lang='grc' dir='ltr'><strong>ι</strong></span> <span class='ocrx_word' id='word_1_157' title='bbox 615 1754 749 1809; x_wconf 82' lang='lat' dir='ltr'><strong>Deus</strong></span> <span class='ocrx_word' id='word_1_158' title='bbox 775 1771 826 1809; x_wconf 80' lang='lat' dir='ltr'><strong>es</strong></span> <span class='ocrx_word' id='word_1_159' title='bbox 852 1757 918 1808; x_wconf 81' lang='lat'><strong>‘°.</strong></span> <span class='ocrx_word' id='word_1_160' title='bbox 948 1775 967 1807; x_wconf 73' lang='grc' dir='ltr'><strong>ι</strong></span> <span class='ocrx_word' id='word_1_161' title='bbox 1004 1755 1167 1812; x_wconf 79' lang='lat' dir='ltr'><strong>Vides</strong></span> <span class='ocrx_word' id='word_1_162' title='bbox 1197 1767 1255 1811; x_wconf 92' lang='lat' dir='ltr'><strong>ut</strong></span> <span class='ocrx_word' id='word_1_163' title='bbox 1303 1767 1515 1811; x_wconf 79' lang='lat' dir='ltr'><strong>evertat</strong></span> <span class='ocrx_word' id='word_1_164' title='bbox 1554 1757 1814 1814; x_wconf 77' lang='lat' dir='ltr'><strong>radicitus</strong></span> <span class='ocrx_word' id='word_1_165' title='bbox 1857 1759 2117 1813; x_wconf 82' lang='lat' dir='ltr'><strong>artilicio-</strong></span> 
     </span>
    </p>
   </div>
   <div class='ocr_carea' id='block_1_20' title="bbox 2225 574 3794 650">
    <p class='ocr_par' dir='ltr' id='par_1_20' title="bbox 2225 574 3794 650">
     <span class='ocr_line' id='line_1_20' title="bbox 2225 574 3794 650; baseline 0.006 -24"><span class='ocrx_word' id='word_1_166' title='bbox 2225 597 2243 626; x_wconf 78' lang='grc' dir='ltr'><strong>ι</strong></span> <span class='ocrx_word' id='word_1_167' title='bbox 2283 576 2440 629; x_wconf 77' lang='grc' dir='ltr'>αὑτὸν</span> <span class='ocrx_word' id='word_1_168' title='bbox 2473 574 3050 646; x_wconf 77' lang='grc' dir='ltr'>ἑτεροδιδασκαλοῦντα</span> <span class='ocrx_word' id='word_1_169' title='bbox 3095 574 3335 643; x_wconf 79' lang='grc' dir='ltr'>ὲλὲγξει;</span> <span class='ocrx_word' id='word_1_170' title='bbox 3391 577 3471 630; x_wconf 79' lang='grc' dir='ltr'><strong>Τὰ</strong></span> <span class='ocrx_word' id='word_1_171' title='bbox 3507 578 3616 650; x_wconf 79' lang='grc' dir='ltr'>γὰρ</span> <span class='ocrx_word' id='word_1_172' title='bbox 3653 581 3794 635; x_wconf 76' lang='grc' dir='ltr'>κατὰ</span> 
     </span>
    </p>
   </div>
   <div class='ocr_carea' id='block_1_21' title="bbox 2226 665 3794 740">
    <p class='ocr_par' dir='ltr' id='par_1_21' title="bbox 2226 665 3794 740">
     <span class='ocr_line' id='line_1_21' title="bbox 2226 665 3794 740; baseline 0.005 -22"><span class='ocrx_word' id='word_1_173' title='bbox 2226 688 2242 718; x_wconf 71' lang='grc' dir='ltr'><strong>ι</strong></span> <span class='ocrx_word' id='word_1_174' title='bbox 2282 669 2370 720; x_wconf 86' lang='grc' dir='ltr'><strong>τὸν</strong></span> <span class='ocrx_word' id='word_1_175' title='bbox 2400 667 2630 736; x_wconf 83' lang='grc' dir='ltr'><strong>Σωτῆρα</strong></span> <span class='ocrx_word' id='word_1_176' title='bbox 2659 665 2814 737; x_wconf 83' lang='grc' dir='ltr'>ήμῶν</span> <span class='ocrx_word' id='word_1_177' title='bbox 2841 665 3217 738; x_wconf 79' lang='grc' dir='ltr'><strong>προφητεύων,</strong></span> <span class='ocrx_word' id='word_1_178' title='bbox 3255 666 3426 732; x_wconf 77' lang='grc' dir='ltr'>οὕτως</span> <span class='ocrx_word' id='word_1_179' title='bbox 3453 670 3575 740; x_wconf 81' lang='grc' dir='ltr'>ἔφη·</span> <span class='ocrx_word' id='word_1_180' title='bbox 3608 667 3794 739; x_wconf 81' lang='grc' dir='ltr'>Οὗτος</span> 
     </span>
    </p>
   </div>
   <div class='ocr_carea' id='block_1_22' title="bbox 2225 756 3795 828">
    <p class='ocr_par' dir='ltr' id='par_1_22' title="bbox 2225 756 3795 828">
     <span class='ocr_line' id='line_1_22' title="bbox 2225 756 3795 828; baseline -0.004 -19"><span class='ocrx_word' id='word_1_181' title='bbox 2225 779 2241 809; x_wconf 81' lang='grc' dir='ltr'><strong>ι</strong></span> <span class='ocrx_word' id='word_1_182' title='bbox 2279 761 2309 811; x_wconf 86' lang='grc' dir='ltr'><em>ό</em></span> <span class='ocrx_word' id='word_1_183' title='bbox 2343 757 2486 822; x_wconf 84' lang='grc' dir='ltr'><strong>Θεὸς</strong></span> <span class='ocrx_word' id='word_1_184' title='bbox 2511 757 2699 825; x_wconf 75' lang='grc' dir='ltr'><strong>ήμῶν-ο</strong></span> <span class='ocrx_word' id='word_1_185' title='bbox 2729 759 2799 810; x_wconf 83' lang='grc' dir='ltr'>οὑ</span> <span class='ocrx_word' id='word_1_186' title='bbox 2825 756 3255 826; x_wconf 77' lang='grc' dir='ltr'><strong>λογισθήσεται</strong></span> <span class='ocrx_word' id='word_1_187' title='bbox 3290 757 3489 826; x_wconf 79' lang='grc' dir='ltr'>ἕτερος</span> <span class='ocrx_word' id='word_1_188' title='bbox 3520 760 3668 828; x_wconf 81' lang='grc' dir='ltr'>πρὸς</span> <span class='ocrx_word' id='word_1_189' title='bbox 3688 764 3795 817; x_wconf 77' lang='grc' dir='ltr'><strong>αὑ-</strong></span> 
     </span>
    </p>
   </div>
   <div class='ocr_carea' id='block_1_23' title="bbox 2225 845 3794 918">
    <p class='ocr_par' dir='ltr' id='par_1_23' title="bbox 2225 845 3794 918">
     <span class='ocr_line' id='line_1_23' title="bbox 2225 845 3794 918; baseline 0.004 -18"><span class='ocrx_word' id='word_1_190' title='bbox 2225 872 2241 900; x_wconf 80' lang='grc' dir='ltr'><strong>ι</strong></span> <span class='ocrx_word' id='word_1_191' title='bbox 2277 850 2397 902; x_wconf 82' lang='grc' dir='ltr'>τόν.</span> <span class='ocrx_word' id='word_1_192' title='bbox 2440 848 2672 916; x_wconf 79' lang='grc' dir='ltr'>Ὲξεῦρε</span> <span class='ocrx_word' id='word_1_193' title='bbox 2688 845 2894 902; x_wconf 76' lang='grc' dir='ltr'>πᾶσαν</span> <span class='ocrx_word' id='word_1_194' title='bbox 2917 847 3062 901; x_wconf 77' lang='grc' dir='ltr'>ὁδὸν</span> <span class='ocrx_word' id='word_1_195' title='bbox 3082 848 3439 918; x_wconf 80' lang='grc' dir='ltr'><strong>ἐπιστήμης,</strong></span> <span class='ocrx_word' id='word_1_196' title='bbox 3457 850 3553 905; x_wconf 82' lang='grc' dir='ltr'><strong>καὶ</strong></span> <span class='ocrx_word' id='word_1_197' title='bbox 3576 851 3794 906; x_wconf 77' lang='grc' dir='ltr'>ἔδωκεν</span> 
     </span>
    </p>
   </div>
   <div class='ocr_carea' id='block_1_24' title="bbox 2225 937 3793 1010">
    <p class='ocr_par' dir='ltr' id='par_1_24' title="bbox 2225 937 3793 1010">
     <span class='ocr_line' id='line_1_24' title="bbox 2225 937 3793 1010; baseline 0.001 -18"><span class='ocrx_word' id='word_1_198' title='bbox 2225 961 2242 992; x_wconf 77' lang='grc' dir='ltr'><strong>ι</strong></span> <span class='ocrx_word' id='word_1_199' title='bbox 2287 938 2485 994; x_wconf 80' lang='grc' dir='ltr'><strong>Ἰακὼϐ</strong></span> <span class='ocrx_word' id='word_1_200' title='bbox 2505 938 2584 1005; x_wconf 83' lang='grc' dir='ltr'>τῷ</span> <span class='ocrx_word' id='word_1_201' title='bbox 2609 938 2771 991; x_wconf 74' lang='grc' dir='ltr'>παιδί</span> <span class='ocrx_word' id='word_1_202' title='bbox 2810 937 3018 1003; x_wconf 86' lang='grc' dir='ltr'>αὐτοῦ,</span> <span class='ocrx_word' id='word_1_203' title='bbox 3056 938 3153 992; x_wconf 76' lang='grc' dir='ltr'><strong>καὶ</strong></span> <span class='ocrx_word' id='word_1_204' title='bbox 3193 939 3430 1008; x_wconf 76' lang='grc' dir='ltr'>Ἰσραὴλ</span> <span class='ocrx_word' id='word_1_205' title='bbox 3458 939 3538 1006; x_wconf 84' lang='grc' dir='ltr'>τῷ</span> <span class='ocrx_word' id='word_1_206' title='bbox 3562 941 3793 1010; x_wconf 78' lang='grc' dir='ltr'>ἠγαπη-</span> 
     </span>
    </p>
   </div>
   <div class='ocr_carea' id='block_1_25' title="bbox 2225 1030 3796 1102">
    <p class='ocr_par' dir='ltr' id='par_1_25' title="bbox 2225 1030 3796 1102">
     <span class='ocr_line' id='line_1_25' title="bbox 2225 1030 3796 1102; baseline 0.003 -22"><span class='ocrx_word' id='word_1_207' title='bbox 2225 1049 2242 1080; x_wconf 78' lang='grc' dir='ltr'><strong>ι</strong></span> <span class='ocrx_word' id='word_1_208' title='bbox 2262 1031 2425 1100; x_wconf 83' lang='grc' dir='ltr'><strong>μένῳ</strong></span> <span class='ocrx_word' id='word_1_209' title='bbox 2451 1031 2554 1086; x_wconf 77' lang='grc' dir='ltr'><strong>ὑπ’</strong></span> <span class='ocrx_word' id='word_1_210' title='bbox 2587 1031 2794 1085; x_wconf 81' lang='grc' dir='ltr'>αὐτοῦ.</span> <span class='ocrx_word' id='word_1_211' title='bbox 2832 1030 2990 1084; x_wconf 83' lang='grc' dir='ltr'><strong>Μετὰ</strong></span> <span class='ocrx_word' id='word_1_212' title='bbox 3026 1031 3210 1084; x_wconf 84' lang='grc' dir='ltr'>ταῦτα</span> <span class='ocrx_word' id='word_1_213' title='bbox 3267 1030 3376 1102; x_wconf 87' lang='grc'><strong>(88)</strong></span> <span class='ocrx_word' id='word_1_214' title='bbox 3411 1031 3507 1084; x_wconf 74' lang='grc' dir='ltr'><strong>ἐπὶ</strong></span> <span class='ocrx_word' id='word_1_215' title='bbox 3552 1031 3660 1100; x_wconf 79' lang='grc' dir='ltr'>τῆς</span> <span class='ocrx_word' id='word_1_216' title='bbox 3681 1034 3796 1102; x_wconf 77' lang='grc' dir='ltr'>γῆς</span> 
     </span>
    </p>
   </div>
   <div class='ocr_carea' id='block_1_26' title="bbox 2226 1117 3795 1190">
    <p class='ocr_par' dir='ltr' id='par_1_26' title="bbox 2226 1117 3795 1190">
     <span class='ocr_line' id='line_1_26' title="bbox 2226 1117 3795 1190; baseline 0.006 -22"><span class='ocrx_word' id='word_1_217' title='bbox 2226 1137 2243 1168; x_wconf 74' lang='grc' dir='ltr'><strong><em>ο</em></strong></span> <span class='ocrx_word' id='word_1_218' title='bbox 2274 1117 2458 1186; x_wconf 61' lang='grc' dir='ltr'>ὤφθη,</span> <span class='ocrx_word' id='word_1_219' title='bbox 2489 1119 2585 1171; x_wconf 78' lang='grc' dir='ltr'><strong>καὶ</strong></span> <span class='ocrx_word' id='word_1_220' title='bbox 2612 1117 2733 1182; x_wconf 80' lang='grc' dir='ltr'>τοῖς</span> <span class='ocrx_word' id='word_1_221' title='bbox 2757 1119 3086 1187; x_wconf 80' lang='grc' dir='ltr'>ἀνθρώποις</span> <span class='ocrx_word' id='word_1_222' title='bbox 3109 1119 3600 1190; x_wconf 65' lang='grc' dir='ltr'>συνανεστράφη.</span> <span class='ocrx_word' id='word_1_223' title='bbox 3635 1141 3652 1173; x_wconf 74' lang='grc' dir='ltr'><strong>ι</strong></span> <span class='ocrx_word' id='word_1_224' title='bbox 3683 1123 3795 1177; x_wconf 75' lang='grc' dir='ltr'>Καὶ</span> 
     </span>
    </p>
   </div>
   <div class='ocr_carea' id='block_1_27' title="bbox 2221 1210 3790 1288">
    <p class='ocr_par' dir='ltr' id='par_1_27' title="bbox 2221 1210 3790 1288">
     <span class='ocr_line' id='line_1_27' title="bbox 2221 1210 3790 1288; baseline 0.004 -26"><span class='ocrx_word' id='word_1_225' title='bbox 2221 1211 2379 1263; x_wconf 71' lang='grc' dir='ltr'>πάλιν</span> <span class='ocrx_word' id='word_1_226' title='bbox 2407 1211 2723 1283; x_wconf 87' lang='grc' dir='ltr'>προστίθησι</span> <span class='ocrx_word' id='word_1_227' title='bbox 2756 1210 2948 1280; x_wconf 76' lang='grc' dir='ltr'>λέγων’</span> <span class='ocrx_word' id='word_1_228' title='bbox 2989 1231 3008 1262; x_wconf 76' lang='grc' dir='ltr'><strong>ι</strong></span> <span class='ocrx_word' id='word_1_229' title='bbox 3056 1211 3192 1264; x_wconf 84' lang='grc' dir='ltr'>Ἀλλ’</span> <span class='ocrx_word' id='word_1_230' title='bbox 3216 1211 3389 1266; x_wconf 78' lang='grc' dir='ltr'>ἔοικεν</span> <span class='ocrx_word' id='word_1_231' title='bbox 3424 1215 3481 1267; x_wconf 78' lang='grc' dir='ltr'>ἐν</span> <span class='ocrx_word' id='word_1_232' title='bbox 3520 1214 3597 1285; x_wconf 84' lang='grc' dir='ltr'>τῷ</span> <span class='ocrx_word' id='word_1_233' title='bbox 3634 1215 3790 1288; x_wconf 82' lang='grc' dir='ltr'>Λόγῳ</span> 
     </span>
    </p>
   </div>
   <div class='ocr_carea' id='block_1_28' title="bbox 2227 1297 3793 1376">
    <p class='ocr_par' dir='ltr' id='par_1_28' title="bbox 2227 1297 3793 1376">
     <span class='ocr_line' id='line_1_28' title="bbox 2227 1297 3793 1376; baseline 0.006 -24"><span class='ocrx_word' id='word_1_234' title='bbox 2227 1321 2243 1352; x_wconf 77' lang='grc' dir='ltr'><strong>ι</strong></span> <span class='ocrx_word' id='word_1_235' title='bbox 2285 1303 2313 1353; x_wconf 81' lang='grc' dir='ltr'>ὁ</span> <span class='ocrx_word' id='word_1_236' title='bbox 2348 1301 2535 1372; x_wconf 78' lang='grc' dir='ltr'>Πατὴρ</span> <span class='ocrx_word' id='word_1_237' title='bbox 2563 1297 2721 1365; x_wconf 81' lang='grc' dir='ltr'>εἶναι,</span> <span class='ocrx_word' id='word_1_238' title='bbox 2751 1301 2853 1355; x_wconf 72' lang='grc' dir='ltr'>κᾶν</span> <span class='ocrx_word' id='word_1_239' title='bbox 2897 1302 3156 1374; x_wconf 74' lang='grc' dir='ltr'>Ἀστερίῳ</span> <span class='ocrx_word' id='word_1_240' title='bbox 3187 1304 3260 1376; x_wconf 81' lang='grc' dir='ltr'>μὴ</span> <span class='ocrx_word' id='word_1_241' title='bbox 3293 1303 3444 1376; x_wconf 80' lang='grc' dir='ltr'>δοκῇ,</span> <span class='ocrx_word' id='word_1_242' title='bbox 3477 1307 3701 1370; x_wconf 76' lang='grc' dir='ltr'>καὶτοῖς</span> <span class='ocrx_word' id='word_1_243' title='bbox 3724 1307 3793 1360; x_wconf 78' lang='grc' dir='ltr'>τὰ</span> 
     </span>
    </p>
   </div>
   <div class='ocr_carea' id='block_1_29' title="bbox 2227 1390 3794 1465">
    <p class='ocr_par' dir='ltr' id='par_1_29' title="bbox 2227 1390 3794 1465">
     <span class='ocr_line' id='line_1_29' title="bbox 2227 1390 3794 1465; baseline 0.006 -25"><span class='ocrx_word' id='word_1_244' title='bbox 2227 1411 2243 1439; x_wconf 80' lang='grc' dir='ltr'><strong>ι</strong></span> <span class='ocrx_word' id='word_1_245' title='bbox 2276 1390 2413 1444; x_wconf 72' lang='grc' dir='ltr'>αὐτὰ</span> <span class='ocrx_word' id='word_1_246' title='bbox 2439 1391 2633 1460; x_wconf 80' lang='grc' dir='ltr'>ἐκείνῳ</span> <span class='ocrx_word' id='word_1_247' title='bbox 2664 1391 2936 1461; x_wconf 84' lang='grc' dir='ltr'>φρονοῦσι.</span> <span class='ocrx_word' id='word_1_248' title='bbox 2973 1393 3132 1447; x_wconf 85' lang='grc' dir='ltr'>Δοκεῖ</span> <span class='ocrx_word' id='word_1_249' title='bbox 3157 1393 3268 1462; x_wconf 77' lang='grc' dir='ltr'>γὰρ</span> <span class='ocrx_word' id='word_1_250' title='bbox 3297 1393 3453 1447; x_wconf 83' lang='grc' dir='ltr'>τοῦτο</span> <span class='ocrx_word' id='word_1_251' title='bbox 3493 1395 3570 1465; x_wconf 82' lang='grc' dir='ltr'>τῷ</span> <span class='ocrx_word' id='word_1_252' title='bbox 3600 1394 3794 1449; x_wconf 81' lang='grc' dir='ltr'>θεσπε-</span> 
     </span>
    </p>
   </div>
   <div class='ocr_carea' id='block_1_30' title="bbox 2226 1481 3796 1557">
    <p class='ocr_par' dir='ltr' id='par_1_30' title="bbox 2226 1481 3796 1557">
     <span class='ocr_line' id='line_1_30' title="bbox 2226 1481 3796 1557; baseline 0.006 -26"><span class='ocrx_word' id='word_1_253' title='bbox 2226 1501 2241 1532; x_wconf 73' lang='grc' dir='ltr'><strong>ι</strong></span> <span class='ocrx_word' id='word_1_254' title='bbox 2284 1481 2379 1550; x_wconf 84' lang='grc' dir='ltr'>σίῳ</span> <span class='ocrx_word' id='word_1_255' title='bbox 2408 1482 2662 1553; x_wconf 78' lang='grc' dir='ltr'>προφήτῃ</span> <span class='ocrx_word' id='word_1_256' title='bbox 2689 1482 2904 1552; x_wconf 70' lang='grc' dir='ltr'>Ἡσαΐᾳ,</span> <span class='ocrx_word' id='word_1_257' title='bbox 2930 1481 3007 1552; x_wconf 83' lang='grc' dir='ltr'>τῷ</span> <span class='ocrx_word' id='word_1_258' title='bbox 3026 1483 3092 1535; x_wconf 84' lang='grc' dir='ltr'>δι’</span> <span class='ocrx_word' id='word_1_259' title='bbox 3129 1484 3280 1552; x_wconf 85' lang='grc' dir='ltr'>ἁγίου</span> <span class='ocrx_word' id='word_1_260' title='bbox 3308 1484 3514 1552; x_wconf 80' lang='grc' dir='ltr'>λέγοντι</span> <span class='ocrx_word' id='word_1_261' title='bbox 3547 1486 3796 1557; x_wconf 72' lang='grc' dir='ltr'>Πνεῦμα-</span> 
     </span>
    </p>
   </div>
   <div class='ocr_carea' id='block_1_31' title="bbox 2225 1572 3790 1646">
    <p class='ocr_par' dir='ltr' id='par_1_31' title="bbox 2225 1572 3790 1646">
     <span class='ocr_line' id='line_1_31' title="bbox 2225 1572 3790 1646; baseline 0.006 -23"><span class='ocrx_word' id='word_1_262' title='bbox 2225 1593 2241 1623; x_wconf 76' lang='grc' dir='ltr'><strong>ι</strong></span> <span class='ocrx_word' id='word_1_263' title='bbox 2283 1589 2392 1636; x_wconf 77' lang='grc' dir='ltr'>τος,</span> <span class='ocrx_word' id='word_1_264' title='bbox 2443 1572 2553 1625; x_wconf 78' lang='grc' dir='ltr'><strong>Καὶ</strong></span> <span class='ocrx_word' id='word_1_265' title='bbox 2585 1572 3087 1640; x_wconf 73' lang='grc' dir='ltr'>προσκυνήσουσί</span> <span class='ocrx_word' id='word_1_266' title='bbox 3133 1574 3242 1646; x_wconf 88' lang='grc'><strong>(89)</strong></span> <span class='ocrx_word' id='word_1_267' title='bbox 3288 1592 3408 1641; x_wconf 87' lang='grc' dir='ltr'>σοι,</span> <span class='ocrx_word' id='word_1_268' title='bbox 3443 1576 3542 1630; x_wconf 74' lang='grc' dir='ltr'><strong>καὶ</strong></span> <span class='ocrx_word' id='word_1_269' title='bbox 3593 1578 3661 1630; x_wconf 82' lang='grc' dir='ltr'><strong>ἐν</strong></span> <span class='ocrx_word' id='word_1_270' title='bbox 3689 1579 3790 1632; x_wconf 72' lang='grc' dir='ltr'><strong>σοι</strong></span> 
     </span>
    </p>
   </div>
   <div class='ocr_carea' id='block_1_32' title="bbox 2225 1663 3794 1732">
    <p class='ocr_par' dir='ltr' id='par_1_32' title="bbox 2225 1663 3794 1732">
     <span class='ocr_line' id='line_1_32' title="bbox 2225 1663 3794 1732; baseline 0.006 -17"><span class='ocrx_word' id='word_1_271' title='bbox 2225 1683 2242 1715; x_wconf 74' lang='grc' dir='ltr'><strong>ι</strong></span> <span class='ocrx_word' id='word_1_272' title='bbox 2277 1663 2736 1732; x_wconf 74' lang='grc' dir='ltr'>προσεύξονται,</span> <span class='ocrx_word' id='word_1_273' title='bbox 2776 1663 2864 1716; x_wconf 81' lang='grc' dir='ltr'>ὅτι</span> <span class='ocrx_word' id='word_1_274' title='bbox 2893 1665 2962 1717; x_wconf 74' lang='grc' dir='ltr'><strong>ἐν</strong></span> <span class='ocrx_word' id='word_1_275' title='bbox 2989 1665 3087 1719; x_wconf 77' lang='grc' dir='ltr'><strong>σοί</strong></span> <span class='ocrx_word' id='word_1_276' title='bbox 3119 1669 3151 1718; x_wconf 83' lang='grc' dir='ltr'><em>ὁ</em></span> <span class='ocrx_word' id='word_1_277' title='bbox 3193 1667 3335 1731; x_wconf 85' lang='grc' dir='ltr'>Θεός</span> <span class='ocrx_word' id='word_1_278' title='bbox 3377 1667 3529 1731; x_wconf 85' lang='grc' dir='ltr'>ἐστι,</span> <span class='ocrx_word' id='word_1_279' title='bbox 3554 1669 3649 1722; x_wconf 79' lang='grc' dir='ltr'><strong>καὶ</strong></span> <span class='ocrx_word' id='word_1_280' title='bbox 3680 1672 3794 1725; x_wconf 70' lang='grc' dir='ltr'><strong>οὐκ</strong></span> 
     </span>
    </p>
   </div>
   <div class='ocr_carea' id='block_1_33' title="bbox 2225 1754 3786 1832">
    <p class='ocr_par' dir='ltr' id='par_1_33' title="bbox 2225 1754 3786 1832">
     <span class='ocr_line' id='line_1_33' title="bbox 2225 1754 3786 1832; baseline 0.007 -27"><span class='ocrx_word' id='word_1_281' title='bbox 2225 1773 2242 1804; x_wconf 79' lang='grc' dir='ltr'><strong>ι</strong></span> <span class='ocrx_word' id='word_1_282' title='bbox 2275 1756 2445 1809; x_wconf 74' lang='grc' dir='ltr'>ἔστιν</span> <span class='ocrx_word' id='word_1_283' title='bbox 2467 1754 2836 1824; x_wconf 58' lang='lat' dir='ltr'><strong>dilacerth</strong></span> <span class='ocrx_word' id='word_1_284' title='bbox 2861 1756 2998 1811; x_wconf 85' lang='grc' dir='ltr'>σοῦ.</span> <span class='ocrx_word' id='word_1_285' title='bbox 3035 1757 3116 1811; x_wconf 86' lang='grc' dir='ltr'>Σὺ</span> <span class='ocrx_word' id='word_1_286' title='bbox 3144 1759 3253 1827; x_wconf 83' lang='grc' dir='ltr'>γὰρ</span> <span class='ocrx_word' id='word_1_287' title='bbox 3272 1756 3331 1813; x_wconf 80' lang='grc' dir='ltr'>εἷ</span> <span class='ocrx_word' id='word_1_288' title='bbox 3358 1763 3390 1813; x_wconf 84' lang='grc' dir='ltr'><strong><em>ό</em></strong></span> <span class='ocrx_word' id='word_1_289' title='bbox 3425 1762 3567 1826; x_wconf 84' lang='grc' dir='ltr'>Θεός</span> <span class='ocrx_word' id='word_1_290' title='bbox 3601 1761 3729 1832; x_wconf 88' lang='grc'>(90).</span> <span class='ocrx_word' id='word_1_291' title='bbox 3763 1782 3786 1815; x_wconf 69' lang='grc' dir='ltr'><strong><em>ι</em></strong></span> 
     </span>
    </p>
   </div>
   <div class='ocr_carea' id='block_1_34' title="bbox 549 1845 2119 1923">
    <p class='ocr_par' dir='ltr' id='par_1_34' title="bbox 549 1847 2106 1914">
     <span class='ocr_line' id='line_1_34' title="bbox 549 1847 2106 1914; baseline 0.003 -14"><span class='ocrx_word' id='word_1_292' title='bbox 549 1863 662 1900; x_wconf 78' lang='lat' dir='ltr'><strong>Satn</strong></span> <span class='ocrx_word' id='word_1_293' title='bbox 702 1847 1020 1914; x_wconf 85' lang='lat' dir='ltr'><strong>pravitatem</strong></span> <span class='ocrx_word' id='word_1_294' title='bbox 1051 1847 1224 1902; x_wconf 89' lang='lat' dir='ltr'><strong>aliena</strong></span> <span class='ocrx_word' id='word_1_295' title='bbox 1253 1849 1601 1903; x_wconf 89' lang='lat' dir='ltr'><strong>docentium?</strong></span> <span class='ocrx_word' id='word_1_296' title='bbox 1627 1848 1694 1902; x_wconf 88' lang='lat' dir='ltr'><strong>Et</strong></span> <span class='ocrx_word' id='word_1_297' title='bbox 1718 1850 1980 1903; x_wconf 79' lang='lat' dir='ltr'><strong>subiufert</strong></span> <span class='ocrx_word' id='word_1_298' title='bbox 2007 1851 2106 1904; x_wconf 90' lang='lat' dir='ltr'><strong>ite-</strong></span> 
     </span>
    </p>
   </div>
   <div class='ocr_carea' id='block_1_35' title="bbox 2223 1845 3795 1923">
    <p class='ocr_par' dir='ltr' id='par_1_35' title="bbox 2223 1845 3795 1923">
     <span class='ocr_line' id='line_1_35' title="bbox 2223 1845 3795 1923; baseline 0.006 -26"><span class='ocrx_word' id='word_1_299' title='bbox 2223 1845 2381 1918; x_wconf 80' lang='grc' dir='ltr'>Ὁρᾷς</span> <span class='ocrx_word' id='word_1_300' title='bbox 2411 1846 2557 1910; x_wconf 86' lang='grc' dir='ltr'>ὅπως</span> <span class='ocrx_word' id='word_1_301' title='bbox 2607 1848 2897 1919; x_wconf 71' lang='grc' dir='ltr'>πρόρριζον</span> <span class='ocrx_word' id='word_1_302' title='bbox 2940 1849 3229 1920; x_wconf 76' lang='grc' dir='ltr'><strong>ἀνατρέπει</strong></span> <span class='ocrx_word' id='word_1_303' title='bbox 3280 1850 3380 1921; x_wconf 80' lang='grc' dir='ltr'><strong>τὴν</strong></span> <span class='ocrx_word' id='word_1_304' title='bbox 3429 1850 3534 1904; x_wconf 84' lang='grc' dir='ltr'><strong>τῶν</strong></span> <span class='ocrx_word' id='word_1_305' title='bbox 3561 1853 3795 1923; x_wconf 79' lang='grc' dir='ltr'>ἑτεροδι-</span> 
     </span>
    </p>
   </div>
   <div class='ocr_carea' id='block_1_36' title="bbox 549 1937 2112 2011">
    <p class='ocr_par' dir='ltr' id='par_1_36' title="bbox 549 1937 2112 2011">
     <span class='ocr_line' id='line_1_36' title="bbox 549 1937 2112 2011; baseline 0.004 -20"><span class='ocrx_word' id='word_1_306' title='bbox 549 1952 665 1991; x_wconf 84' lang='lat' dir='ltr'><strong>rum</strong></span> <span class='ocrx_word' id='word_1_307' title='bbox 696 1937 786 2009; x_wconf 74' lang='grc' dir='ltr'><strong>[Β.</strong></span> <span class='ocrx_word' id='word_1_308' title='bbox 818 1938 1028 2011; x_wconf 82' lang='lat' dir='ltr'><strong>LXVII]</strong></span> <span class='ocrx_word' id='word_1_309' title='bbox 1061 1958 1074 1994; x_wconf 91' lang='lat'><strong>:</strong></span> <span class='ocrx_word' id='word_1_310' title='bbox 1114 1960 1136 1992; x_wconf 72' lang='grc' dir='ltr'><strong>ι</strong></span> <span class='ocrx_word' id='word_1_311' title='bbox 1185 1941 1338 2006; x_wconf 82' lang='lat' dir='ltr'><strong>Quod</strong></span> <span class='ocrx_word' id='word_1_312' title='bbox 1377 1941 1422 1996; x_wconf 88' lang='lat' dir='ltr'><strong>si</strong></span> <span class='ocrx_word' id='word_1_313' title='bbox 1463 1941 1630 2007; x_wconf 89' lang='lat' dir='ltr'><strong>lubet,</strong></span> <span class='ocrx_word' id='word_1_314' title='bbox 1677 1952 1733 1998; x_wconf 81' lang='lat' dir='ltr'><strong>et</strong></span> <span class='ocrx_word' id='word_1_315' title='bbox 1765 1942 1939 1997; x_wconf 87' lang='lat' dir='ltr'><strong>adhuc</strong></span> <span class='ocrx_word' id='word_1_316' title='bbox 1979 1942 2112 1998; x_wconf 80' lang='lat' dir='ltr'><strong>alias</strong></span> 
     </span>
    </p>
   </div>
   <div class='ocr_carea' id='block_1_37' title="bbox 554 2028 2114 2102">
    <p class='ocr_par' dir='ltr' id='par_1_37' title="bbox 554 2028 2114 2102">
     <span class='ocr_line' id='line_1_37' title="bbox 554 2028 2114 2102; baseline 0.006 -23"><span class='ocrx_word' id='word_1_317' title='bbox 554 2044 574 2079; x_wconf 71' lang='grc' dir='ltr'><strong>ι</strong></span> <span class='ocrx_word' id='word_1_318' title='bbox 614 2028 852 2096; x_wconf 80' lang='lat' dir='ltr'><strong>ejusdem</strong></span> <span class='ocrx_word' id='word_1_319' title='bbox 903 2030 1092 2085; x_wconf 86' lang='lat' dir='ltr'><strong>audire</strong></span> <span class='ocrx_word' id='word_1_320' title='bbox 1139 2031 1474 2100; x_wconf 85' lang='lat' dir='ltr'><strong>prophetias,</strong></span> <span class='ocrx_word' id='word_1_321' title='bbox 1509 2034 1704 2102; x_wconf 87' lang='lat' dir='ltr'><strong>quibus</strong></span> <span class='ocrx_word' id='word_1_322' title='bbox 1746 2048 1908 2087; x_wconf 89' lang='lat' dir='ltr'><strong>unum</strong></span> <span class='ocrx_word' id='word_1_323' title='bbox 1961 2033 2114 2088; x_wconf 86' lang='lat' dir='ltr'><strong>nobis</strong></span> 
     </span>
    </p>
   </div>
   <div class='ocr_carea' id='block_1_38' title="bbox 555 2118 2113 2193">
    <p class='ocr_par' dir='ltr' id='par_1_38' title="bbox 555 2118 2113 2193">
     <span class='ocr_line' id='line_1_38' title="bbox 555 2118 2113 2193; baseline 0.006 -25"><span class='ocrx_word' id='word_1_324' title='bbox 555 2137 573 2167; x_wconf 74' lang='grc' dir='ltr'><strong>ι</strong></span> <span class='ocrx_word' id='word_1_325' title='bbox 613 2118 892 2172; x_wconf 79' lang='lat' dir='ltr'><strong>conﬁrmat</strong></span> <span class='ocrx_word' id='word_1_326' title='bbox 916 2120 1108 2187; x_wconf 87' lang='lat' dir='ltr'><strong>Deum,</strong></span> <span class='ocrx_word' id='word_1_327' title='bbox 1147 2118 1285 2191; x_wconf 82' lang='lat' dir='ltr'><strong>Ego,</strong></span> <span class='ocrx_word' id='word_1_328' title='bbox 1315 2123 1508 2192; x_wconf 85' lang='lat' dir='ltr'><strong>inquit,</strong></span> <span class='ocrx_word' id='word_1_329' title='bbox 1547 2123 1683 2178; x_wconf 83' lang='lat' dir='ltr'><strong>Deus</strong></span> <span class='ocrx_word' id='word_1_330' title='bbox 1727 2125 1948 2193; x_wconf 84' lang='lat' dir='ltr'><strong>primus,</strong></span> <span class='ocrx_word' id='word_1_331' title='bbox 1982 2136 2026 2178; x_wconf 87' lang='lat' dir='ltr'><strong>et</strong></span> <span class='ocrx_word' id='word_1_332' title='bbox 2063 2125 2113 2178; x_wconf 83' lang='lat' dir='ltr'><strong>iu</strong></span> 
     </span>
    </p>
   </div>
   <div class='ocr_carea' id='block_1_39' title="bbox 556 2209 2112 2284">
    <p class='ocr_par' dir='ltr' id='par_1_39' title="bbox 556 2209 2112 2284">
     <span class='ocr_line' id='line_1_39' title="bbox 556 2209 2112 2284; baseline 0.006 -25"><span class='ocrx_word' id='word_1_333' title='bbox 556 2228 573 2256; x_wconf 76' lang='grc' dir='ltr'><strong>ι</strong></span> <span class='ocrx_word' id='word_1_334' title='bbox 617 2209 794 2276; x_wconf 71' lang='lat' dir='ltr'><strong>futura</strong></span> <span class='ocrx_word' id='word_1_335' title='bbox 831 2226 922 2280; x_wconf 86' lang='lat' dir='ltr'><strong>ego</strong></span> <span class='ocrx_word' id='word_1_336' title='bbox 953 2227 1068 2264; x_wconf 83' lang='lat' dir='ltr'><strong>sum</strong></span> <span class='ocrx_word' id='word_1_337' title='bbox 1096 2212 1159 2264; x_wconf 80' lang='grc'><strong>²’.</strong></span> <span class='ocrx_word' id='word_1_338' title='bbox 1209 2212 1361 2277; x_wconf 82' lang='lat' dir='ltr'><strong>Illud,</strong></span> <span class='ocrx_word' id='word_1_339' title='bbox 1395 2211 1526 2283; x_wconf 88' lang='lat' dir='ltr'><strong>Ego,</strong></span> <span class='ocrx_word' id='word_1_340' title='bbox 1561 2229 1718 2268; x_wconf 87' lang='lat' dir='ltr'><strong>uuam</strong></span> <span class='ocrx_word' id='word_1_341' title='bbox 1747 2214 1896 2268; x_wconf 90' lang='lat' dir='ltr'><strong>nobis</strong></span> <span class='ocrx_word' id='word_1_342' title='bbox 1928 2230 2112 2284; x_wconf 85' lang='lat' dir='ltr'><strong>perso-</strong></span> 
     </span>
    </p>
   </div>
   <div class='ocr_carea' id='block_1_40' title="bbox 555 2301 2114 2360">
    <p class='ocr_par' dir='ltr' id='par_1_40' title="bbox 555 2301 2114 2360">
     <span class='ocr_line' id='line_1_40' title="bbox 555 2301 2114 2360; baseline 0.006 -10"><span class='ocrx_word' id='word_1_343' title='bbox 555 2318 573 2348; x_wconf 86' lang='grc'><strong>‹</strong></span> <span class='ocrx_word' id='word_1_344' title='bbox 617 2314 738 2353; x_wconf 83' lang='lat' dir='ltr'><strong>nam</strong></span> <span class='ocrx_word' id='word_1_345' title='bbox 768 2301 1027 2359; x_wconf 84' lang='lat' dir='ltr'><strong>declarat.</strong></span> <span class='ocrx_word' id='word_1_346' title='bbox 1075 2301 1201 2356; x_wconf 81' lang='lat' dir='ltr'><strong>Dua:</strong></span> <span class='ocrx_word' id='word_1_347' title='bbox 1244 2303 1443 2357; x_wconf 87' lang='lat' dir='ltr'><strong>etenim</strong></span> <span class='ocrx_word' id='word_1_348' title='bbox 1482 2303 1745 2360; x_wconf 88' lang='lat' dir='ltr'><strong>dictiones</strong></span> <span class='ocrx_word' id='word_1_349' title='bbox 1772 2305 1979 2360; x_wconf 80' lang='lat' dir='ltr'><strong>unicam</strong></span> <span class='ocrx_word' id='word_1_350' title='bbox 2015 2321 2114 2360; x_wconf 80' lang='lat' dir='ltr'><strong>no-</strong></span> 
     </span>
    </p>
   </div>
   <div class='ocr_carea' id='block_1_41' title="bbox 556 2396 2111 2470">
    <p class='ocr_par' dir='ltr' id='par_1_41' title="bbox 556 2396 2111 2470">
     <span class='ocr_line' id='line_1_41' title="bbox 556 2396 2111 2470; baseline 0.003 -21"><span class='ocrx_word' id='word_1_351' title='bbox 556 2415 572 2443; x_wconf 72' lang='grc' dir='ltr'><strong>ι</strong></span> <span class='ocrx_word' id='word_1_352' title='bbox 613 2396 693 2450; x_wconf 86' lang='lat' dir='ltr'><strong>bis</strong></span> <span class='ocrx_word' id='word_1_353' title='bbox 726 2396 1009 2466; x_wconf 79' lang='lat' dir='ltr'><strong>designant</strong></span> <span class='ocrx_word' id='word_1_354' title='bbox 1053 2413 1360 2466; x_wconf 86' lang='lat' dir='ltr'><strong>personant.</strong></span> <span class='ocrx_word' id='word_1_355' title='bbox 1403 2398 1535 2452; x_wconf 78' lang='lat' dir='ltr'><strong>Nam</strong></span> <span class='ocrx_word' id='word_1_356' title='bbox 1582 2414 1700 2453; x_wconf 90' lang='lat' dir='ltr'><strong>cum</strong></span> <span class='ocrx_word' id='word_1_357' title='bbox 1736 2400 1942 2454; x_wconf 81' lang='lat' dir='ltr'><strong>dixerat</strong></span> <span class='ocrx_word' id='word_1_358' title='bbox 1979 2399 2111 2470; x_wconf 79' lang='lat' dir='ltr'><strong>Ego,</strong></span> 
     </span>
    </p>
   </div>
   <div class='ocr_carea' id='block_1_42' title="bbox 555 2483 2110 2561">
    <p class='ocr_par' dir='ltr' id='par_1_42' title="bbox 555 2483 2110 2561">
     <span class='ocr_line' id='line_1_42' title="bbox 555 2483 2110 2561; baseline 0.006 -25"><span class='ocrx_word' id='word_1_359' title='bbox 555 2503 574 2536; x_wconf 76' lang='grc' dir='ltr'><strong>ι</strong></span> <span class='ocrx_word' id='word_1_360' title='bbox 611 2483 772 2539; x_wconf 82' lang='lat' dir='ltr'><strong>inlert</strong></span> <span class='ocrx_word' id='word_1_361' title='bbox 794 2496 848 2541; x_wconf 91' lang='lat' dir='ltr'><strong>et</strong></span> <span class='ocrx_word' id='word_1_362' title='bbox 874 2503 1011 2555; x_wconf 78' lang='lat' dir='ltr'><strong>sum,</strong></span> <span class='ocrx_word' id='word_1_363' title='bbox 1040 2497 1096 2542; x_wconf 90' lang='lat' dir='ltr'><strong>ut</strong></span> <span class='ocrx_word' id='word_1_364' title='bbox 1126 2489 1198 2543; x_wconf 86' lang='lat' dir='ltr'><strong>ita</strong></span> <span class='ocrx_word' id='word_1_365' title='bbox 1228 2504 1324 2558; x_wconf 88' lang='lat' dir='ltr'><strong>per</strong></span> <span class='ocrx_word' id='word_1_366' title='bbox 1353 2489 1450 2544; x_wconf 90' lang='lat' dir='ltr'><strong>has</strong></span> <span class='ocrx_word' id='word_1_367' title='bbox 1473 2489 1605 2544; x_wconf 86' lang='lat' dir='ltr'><strong>duas</strong></span> <span class='ocrx_word' id='word_1_368' title='bbox 1631 2490 1889 2544; x_wconf 87' lang='lat' dir='ltr'><strong>orationis</strong></span> <span class='ocrx_word' id='word_1_369' title='bbox 1911 2503 2110 2561; x_wconf 86' lang='lat' dir='ltr'><strong>partes,</strong></span> 
     </span>
    </p>
   </div>
   <div class='ocr_carea' id='block_1_43' title="bbox 555 2582 2114 2649">
    <p class='ocr_par' dir='ltr' id='par_1_43' title="bbox 555 2582 2114 2649">
     <span class='ocr_line' id='line_1_43' title="bbox 555 2582 2114 2649; baseline 0.005 -19"><span class='ocrx_word' id='word_1_370' title='bbox 555 2597 572 2630; x_wconf 79' lang='grc' dir='ltr'><strong>ι</strong></span> <span class='ocrx_word' id='word_1_371' title='bbox 619 2593 910 2648; x_wconf 79' lang='lat' dir='ltr'><strong>pronomen</strong></span> <span class='ocrx_word' id='word_1_372' title='bbox 935 2589 1096 2649; x_wconf 85' lang='lat' dir='ltr'><strong>atque</strong></span> <span class='ocrx_word' id='word_1_373' title='bbox 1132 2582 1373 2646; x_wconf 76' lang='lat' dir='ltr'><strong>verbum,</strong></span> <span class='ocrx_word' id='word_1_374' title='bbox 1407 2583 1665 2638; x_wconf 85' lang='lat' dir='ltr'><strong>unitatem</strong></span> <span class='ocrx_word' id='word_1_375' title='bbox 1700 2583 1916 2638; x_wconf 85' lang='lat' dir='ltr'><strong>deitatis</strong></span> <span class='ocrx_word' id='word_1_376' title='bbox 1945 2594 2114 2639; x_wconf 85' lang='lat' dir='ltr'><strong>testa-</strong></span> 
     </span>
    </p>
   </div>
   <div class='ocr_carea' id='block_1_44' title="bbox 557 2670 2110 2744">
    <p class='ocr_par' dir='ltr' id='par_1_44' title="bbox 557 2670 2110 2744">
     <span class='ocr_line' id='line_1_44' title="bbox 557 2670 2110 2744; baseline 0.007 -26"><span class='ocrx_word' id='word_1_377' title='bbox 557 2689 572 2717; x_wconf 76' lang='grc' dir='ltr'><strong>ι</strong></span> <span class='ocrx_word' id='word_1_378' title='bbox 617 2680 722 2724; x_wconf 88' lang='lat' dir='ltr'><strong>tam</strong></span> <span class='ocrx_word' id='word_1_379' title='bbox 759 2670 965 2724; x_wconf 87' lang='lat' dir='ltr'><strong>reddat.</strong></span> <span class='ocrx_word' id='word_1_380' title='bbox 1001 2671 1152 2738; x_wconf 89' lang='lat' dir='ltr'><strong>Quod</strong></span> <span class='ocrx_word' id='word_1_381' title='bbox 1177 2671 1222 2726; x_wconf 90' lang='lat' dir='ltr'><strong>si</strong></span> <span class='ocrx_word' id='word_1_382' title='bbox 1250 2671 1355 2726; x_wconf 86' lang='lat' dir='ltr'><strong>alia</strong></span> <span class='ocrx_word' id='word_1_383' title='bbox 1397 2673 1572 2727; x_wconf 87' lang='lat' dir='ltr'><strong>adhuc</strong></span> <span class='ocrx_word' id='word_1_384' title='bbox 1608 2673 1734 2727; x_wconf 90' lang='lat' dir='ltr'><strong>velit</strong></span> <span class='ocrx_word' id='word_1_385' title='bbox 1769 2674 2110 2744; x_wconf 82' lang='lat' dir='ltr'><strong>testimonia,</strong></span> 
     </span>
    </p>
   </div>
   <div class='ocr_carea' id='block_1_45' title="bbox 555 2759 2115 2830">
    <p class='ocr_par' dir='ltr' id='par_1_45' title="bbox 555 2759 2115 2830">
     <span class='ocr_line' id='line_1_45' title="bbox 555 2759 2115 2830; baseline 0.007 -21"><span class='ocrx_word' id='word_1_386' title='bbox 555 2777 571 2808; x_wconf 78' lang='grc' dir='ltr'><strong>ι</strong></span> <span class='ocrx_word' id='word_1_387' title='bbox 617 2759 861 2813; x_wconf 75' lang='lat' dir='ltr'><strong>eumdem</strong></span> <span class='ocrx_word' id='word_1_388' title='bbox 901 2762 1217 2829; x_wconf 83' lang='lat' dir='ltr'><strong>prophetam</strong></span> <span class='ocrx_word' id='word_1_389' title='bbox 1279 2761 1377 2830; x_wconf 87' lang='lat' dir='ltr'><strong>ipsi</strong></span> <span class='ocrx_word' id='word_1_390' title='bbox 1431 2761 1569 2816; x_wconf 90' lang='lat' dir='ltr'><strong>idem</strong></span> <span class='ocrx_word' id='word_1_391' title='bbox 1609 2763 1986 2819; x_wconf 83' lang='lat' dir='ltr'><strong>testiﬁcantem</strong></span> <span class='ocrx_word' id='word_1_392' title='bbox 2022 2766 2115 2820; x_wconf 88' lang='lat' dir='ltr'><strong>ad-</strong></span> 
     </span>
    </p>
   </div>
   <div class='ocr_carea' id='block_1_46' title="bbox 555 2852 2116 2925">
    <p class='ocr_par' dir='ltr' id='par_1_46' title="bbox 555 2852 2116 2925">
     <span class='ocr_line' id='line_1_46' title="bbox 555 2852 2116 2925; baseline 0.008 -26"><span class='ocrx_word' id='word_1_393' title='bbox 555 2870 573 2899; x_wconf 78' lang='grc' dir='ltr'><strong>ι</strong></span> <span class='ocrx_word' id='word_1_394' title='bbox 621 2854 722 2906; x_wconf 91' lang='lat' dir='ltr'><strong>huc</strong></span> <span class='ocrx_word' id='word_1_395' title='bbox 777 2852 1093 2907; x_wconf 80' lang='lat' dir='ltr'><strong>exhibebo:</strong></span> <span class='ocrx_word' id='word_1_396' title='bbox 1131 2852 1240 2923; x_wconf 82' lang='lat' dir='ltr'><strong>Ego</strong></span> <span class='ocrx_word' id='word_1_397' title='bbox 1274 2857 1474 2922; x_wconf 81' lang='lat' dir='ltr'><strong>primus</strong></span> <span class='ocrx_word' id='word_1_398' title='bbox 1521 2865 1566 2908; x_wconf 91' lang='lat' dir='ltr'><strong>et</strong></span> <span class='ocrx_word' id='word_1_399' title='bbox 1611 2871 1702 2925; x_wconf 78' lang='lat' dir='ltr'><strong>ego</strong></span> <span class='ocrx_word' id='word_1_400' title='bbox 1750 2857 2014 2925; x_wconf 82' lang='lat' dir='ltr'><strong>deinceps,</strong></span> <span class='ocrx_word' id='word_1_401' title='bbox 2064 2867 2116 2912; x_wconf 81' lang='lat' dir='ltr'><strong>et</strong></span> 
     </span>
    </p>
   </div>
   <div class='ocr_carea' id='block_1_47' title="bbox 555 2944 2114 3011">
    <p class='ocr_par' dir='ltr' id='par_1_47' title="bbox 555 2944 2114 3011">
     <span class='ocr_line' id='line_1_47' title="bbox 555 2944 2114 3011; baseline 0.009 -19"><span class='ocrx_word' id='word_1_402' title='bbox 555 2962 572 2992; x_wconf 75' lang='grc' dir='ltr'><strong>ι</strong></span> <span class='ocrx_word' id='word_1_403' title='bbox 613 2953 802 3010; x_wconf 75' lang='lat' dir='ltr'><strong>prteter</strong></span> <span class='ocrx_word' id='word_1_404' title='bbox 833 2957 913 2996; x_wconf 77' lang='lat' dir='ltr'><strong>me</strong></span> <span class='ocrx_word' id='word_1_405' title='bbox 960 2959 1061 2996; x_wconf 81' lang='lat' dir='ltr'><strong>non</strong></span> <span class='ocrx_word' id='word_1_406' title='bbox 1114 2955 1186 2998; x_wconf 79' lang='lat' dir='ltr'><strong>est</strong></span> <span class='ocrx_word' id='word_1_407' title='bbox 1219 2944 1352 2998; x_wconf 78' lang='lat' dir='ltr'><strong>Deus</strong></span> <span class='ocrx_word' id='word_1_408' title='bbox 1378 2945 1442 2998; x_wconf 75' lang='lat'><strong>“.</strong></span> <span class='ocrx_word' id='word_1_409' title='bbox 1490 2944 1639 3011; x_wconf 86' lang='lat' dir='ltr'><strong>Quod</strong></span> <span class='ocrx_word' id='word_1_410' title='bbox 1685 2948 1728 3001; x_wconf 91' lang='lat' dir='ltr'><strong>si</strong></span> <span class='ocrx_word' id='word_1_411' title='bbox 1760 2948 1987 3004; x_wconf 86' lang='lat' dir='ltr'><strong>divisum</strong></span> <span class='ocrx_word' id='word_1_412' title='bbox 2022 2950 2114 3006; x_wconf 90' lang='lat' dir='ltr'><strong>Dei</strong></span> 
     </span>
    </p>
   </div>
   <div class='ocr_carea' id='block_1_48' title="bbox 554 3029 2115 3106">
    <p class='ocr_par' dir='ltr' id='par_1_48' title="bbox 554 3029 2115 3106">
     <span class='ocr_line' id='line_1_48' title="bbox 554 3029 2115 3106; baseline 0.01 -26"><span class='ocrx_word' id='word_1_413' title='bbox 554 3051 573 3080; x_wconf 74' lang='grc' dir='ltr'>ει</span> <span class='ocrx_word' id='word_1_414' title='bbox 615 3029 807 3084; x_wconf 79' lang='lat' dir='ltr'><strong>Filium</strong></span> <span class='ocrx_word' id='word_1_415' title='bbox 843 3046 873 3084; x_wconf 91' lang='lat' dir='ltr'><strong>a</strong></span> <span class='ocrx_word' id='word_1_416' title='bbox 914 3030 1096 3088; x_wconf 88' lang='lat' dir='ltr'><strong>Patris</strong></span> <span class='ocrx_word' id='word_1_417' title='bbox 1137 3034 1218 3088; x_wconf 91' lang='lat' dir='ltr'><strong>sui</strong></span> <span class='ocrx_word' id='word_1_418' title='bbox 1259 3034 1554 3090; x_wconf 86' lang='lat' dir='ltr'><strong>substantia</strong></span> <span class='ocrx_word' id='word_1_419' title='bbox 1594 3037 1722 3092; x_wconf 87' lang='lat' dir='ltr'><strong>velit</strong></span> <span class='ocrx_word' id='word_1_420' title='bbox 1745 3039 2020 3106; x_wconf 78' lang='lat' dir='ltr'><strong>Asterius,</strong></span> <span class='ocrx_word' id='word_1_421' title='bbox 2059 3051 2115 3097; x_wconf 87' lang='lat' dir='ltr'><strong>ut</strong></span> 
     </span>
    </p>
   </div>
   <div class='ocr_carea' id='block_1_49' title="bbox 555 3123 2116 3202">
    <p class='ocr_par' dir='ltr' id='par_1_49' title="bbox 555 3123 2116 3202">
     <span class='ocr_line' id='line_1_49' title="bbox 555 3123 2116 3202; baseline 0.006 -25"><span class='ocrx_word' id='word_1_422' title='bbox 555 3146 572 3171; x_wconf 80' lang='grc' dir='ltr'><strong>ι</strong></span> <span class='ocrx_word' id='word_1_423' title='bbox 620 3123 783 3179; x_wconf 80' lang='lat' dir='ltr'><strong>Filius</strong></span> <span class='ocrx_word' id='word_1_424' title='bbox 815 3125 1049 3179; x_wconf 87' lang='lat' dir='ltr'><strong>hominis</strong></span> <span class='ocrx_word' id='word_1_425' title='bbox 1076 3126 1332 3182; x_wconf 87' lang='lat' dir='ltr'><strong>dividitur</strong></span> <span class='ocrx_word' id='word_1_426' title='bbox 1366 3141 1398 3182; x_wconf 82' lang='lat' dir='ltr'><strong>a</strong></span> <span class='ocrx_word' id='word_1_427' title='bbox 1429 3142 1611 3194; x_wconf 88' lang='lat' dir='ltr'><strong>carne,</strong></span> <span class='ocrx_word' id='word_1_428' title='bbox 1661 3145 1822 3198; x_wconf 87' lang='lat' dir='ltr'><strong>quam</strong></span> <span class='ocrx_word' id='word_1_429' title='bbox 1882 3133 2116 3202; x_wconf 85' lang='lat' dir='ltr'><strong>suscepit</strong></span> 
     </span>
    </p>
   </div>
   <div class='ocr_carea' id='block_1_50' title="bbox 555 3203 2184 3288">
    <p class='ocr_par' dir='ltr' id='par_1_50' title="bbox 555 3203 2184 3288">
     <span class='ocr_line' id='line_1_50' title="bbox 555 3203 2184 3288; baseline 0.007 -19"><span class='ocrx_word' id='word_1_430' title='bbox 555 3235 575 3268; x_wconf 82' lang='grc' dir='ltr'><strong>ι</strong></span> <span class='ocrx_word' id='word_1_431' title='bbox 613 3225 831 3286; x_wconf 88' lang='lat' dir='ltr'><strong>propter</strong></span> <span class='ocrx_word' id='word_1_432' title='bbox 882 3231 980 3272; x_wconf 90' lang='lat' dir='ltr'><strong>nos</strong></span> <span class='ocrx_word' id='word_1_433' title='bbox 1030 3218 1343 3273; x_wconf 88' lang='lat' dir='ltr'><strong>scandalum</strong></span> <span class='ocrx_word' id='word_1_434' title='bbox 1386 3219 1511 3274; x_wconf 86' lang='lat' dir='ltr'><strong>hinc</strong></span> <span class='ocrx_word' id='word_1_435' title='bbox 1563 3235 1778 3288; x_wconf 83' lang='lat' dir='ltr'><strong>passus,</strong></span> <span class='ocrx_word' id='word_1_436' title='bbox 1831 3203 2184 3280; x_wconf 81' lang='lat' dir='ltr'><strong>ostenderec</strong></span> 
     </span>
    </p>
   </div>
   <div class='ocr_carea' id='block_1_51' title="bbox 555 3308 2115 3380">
    <p class='ocr_par' dir='ltr' id='par_1_51' title="bbox 555 3308 2115 3380">
     <span class='ocr_line' id='line_1_51' title="bbox 555 3308 2115 3380; baseline 0.008 -21"><span class='ocrx_word' id='word_1_437' title='bbox 555 3327 573 3359; x_wconf 75' lang='grc' dir='ltr'><strong>ι</strong></span> <span class='ocrx_word' id='word_1_438' title='bbox 614 3308 765 3363; x_wconf 89' lang='lat' dir='ltr'><strong>nobis</strong></span> <span class='ocrx_word' id='word_1_439' title='bbox 794 3308 951 3363; x_wconf 87' lang='lat' dir='ltr'><strong>debet</strong></span> <span class='ocrx_word' id='word_1_440' title='bbox 975 3310 1107 3380; x_wconf 80' lang='lat' dir='ltr'><strong>quis</strong></span> <span class='ocrx_word' id='word_1_441' title='bbox 1141 3310 1227 3365; x_wconf 89' lang='lat' dir='ltr'><strong>ille</strong></span> <span class='ocrx_word' id='word_1_442' title='bbox 1271 3310 1342 3365; x_wconf 90' lang='lat' dir='ltr'><strong>sit</strong></span> <span class='ocrx_word' id='word_1_443' title='bbox 1396 3312 1484 3380; x_wconf 87' lang='lat' dir='ltr'><strong>qui</strong></span> <span class='ocrx_word' id='word_1_444' title='bbox 1518 3312 1621 3367; x_wconf 84' lang='lat' dir='ltr'><strong>hoc</strong></span> <span class='ocrx_word' id='word_1_445' title='bbox 1661 3311 1910 3372; x_wconf 76' lang='lat' dir='ltr'><strong>allii-mat.</strong></span> <span class='ocrx_word' id='word_1_446' title='bbox 1956 3313 2115 3371; x_wconf 82' lang='lat' dir='ltr'><strong>Certe</strong></span> 
     </span>
    </p>
   </div>
   <div class='ocr_carea' id='block_1_52' title="bbox 555 3400 2116 3474">
    <p class='ocr_par' dir='ltr' id='par_1_52' title="bbox 555 3400 2116 3474">
     <span class='ocr_line' id='line_1_52' title="bbox 555 3400 2116 3474; baseline 0.008 -24"><span class='ocrx_word' id='word_1_447' title='bbox 555 3419 574 3450; x_wconf 85' lang='grc'>‹</span> <span class='ocrx_word' id='word_1_448' title='bbox 616 3400 781 3455; x_wconf 80' lang='lat' dir='ltr'><strong>dictio</strong></span> <span class='ocrx_word' id='word_1_449' title='bbox 811 3400 898 3454; x_wconf 88' lang='lat' dir='ltr'><strong>illa</strong></span> <span class='ocrx_word' id='word_1_450' title='bbox 929 3403 1101 3472; x_wconf 87' lang='lat' dir='ltr'><strong>posita</strong></span> <span class='ocrx_word' id='word_1_451' title='bbox 1125 3402 1290 3458; x_wconf 83' lang='lat' dir='ltr'><strong>etiam</strong></span> <span class='ocrx_word' id='word_1_452' title='bbox 1317 3404 1404 3459; x_wconf 90' lang='lat' dir='ltr'><strong>hic</strong></span> <span class='ocrx_word' id='word_1_453' title='bbox 1429 3405 1585 3459; x_wconf 87' lang='lat' dir='ltr'><strong>unius</strong></span> <span class='ocrx_word' id='word_1_454' title='bbox 1611 3420 1852 3474; x_wconf 66' lang='lat' dir='ltr'><strong>persona:</strong></span> <span class='ocrx_word' id='word_1_455' title='bbox 1875 3417 1957 3463; x_wconf 90' lang='lat' dir='ltr'><strong>est</strong></span> <span class='ocrx_word' id='word_1_456' title='bbox 1981 3409 2116 3463; x_wconf 84' lang='lat' dir='ltr'><strong>indi-</strong></span> 
     </span>
    </p>
   </div>
   <div class='ocr_carea' id='block_1_53' title="bbox 556 3487 2111 3567">
    <p class='ocr_par' dir='ltr' id='par_1_53' title="bbox 556 3487 2111 3567">
     <span class='ocr_line' id='line_1_53' title="bbox 556 3487 2111 3567; baseline 0.01 -29"><span class='ocrx_word' id='word_1_457' title='bbox 556 3506 573 3538; x_wconf 73' lang='grc' dir='ltr'><strong>ι</strong></span> <span class='ocrx_word' id='word_1_458' title='bbox 617 3487 813 3543; x_wconf 82' lang='lat' dir='ltr'><strong>cativa.</strong></span> <span class='ocrx_word' id='word_1_459' title='bbox 866 3487 996 3556; x_wconf 84' lang='lat' dir='ltr'><strong>Quis</strong></span> <span class='ocrx_word' id='word_1_460' title='bbox 1025 3499 1201 3546; x_wconf 85' lang='lat' dir='ltr'><strong>autem</strong></span> <span class='ocrx_word' id='word_1_461' title='bbox 1233 3501 1316 3546; x_wconf 90' lang='lat' dir='ltr'><strong>est</strong></span> <span class='ocrx_word' id='word_1_462' title='bbox 1363 3492 1452 3548; x_wconf 91' lang='lat' dir='ltr'><strong>ille</strong></span> <span class='ocrx_word' id='word_1_463' title='bbox 1495 3509 1677 3562; x_wconf 63' lang='lat' dir='ltr'><strong>quaeso</strong></span> <span class='ocrx_word' id='word_1_464' title='bbox 1723 3497 1813 3565; x_wconf 93' lang='lat' dir='ltr'><strong>qui</strong></span> <span class='ocrx_word' id='word_1_465' title='bbox 1853 3497 2111 3567; x_wconf 82' lang='lat' dir='ltr'><strong>loquitur,</strong></span> 
     </span>
    </p>
   </div>
   <div class='ocr_carea' id='block_1_54' title="bbox 559 3579 2111 3659">
    <p class='ocr_par' dir='ltr' id='par_1_54' title="bbox 559 3579 2111 3659">
     <span class='ocr_line' id='line_1_54' title="bbox 559 3579 2111 3659; baseline 0.01 -28"><span class='ocrx_word' id='word_1_466' title='bbox 559 3600 576 3630; x_wconf 77' lang='grc' dir='ltr'><strong>ι</strong></span> <span class='ocrx_word' id='word_1_467' title='bbox 624 3579 826 3635; x_wconf 69' lang='grc' dir='ltr'>Ρνιινιετ</span> <span class='ocrx_word' id='word_1_468' title='bbox 856 3599 936 3636; x_wconf 87' lang='lat' dir='ltr'><strong>me</strong></span> <span class='ocrx_word' id='word_1_469' title='bbox 953 3599 1063 3637; x_wconf 74' lang='lat' dir='ltr'><strong>non</strong></span> <span class='ocrx_word' id='word_1_470' title='bbox 1081 3596 1154 3638; x_wconf 81' lang='lat' dir='ltr'><strong>est</strong></span> <span class='ocrx_word' id='word_1_471' title='bbox 1181 3583 1361 3641; x_wconf 76' lang='lat' dir='ltr'><strong>Deus?</strong></span> <span class='ocrx_word' id='word_1_472' title='bbox 1387 3586 1584 3642; x_wconf 80' lang='lat' dir='ltr'><strong>Audiat</strong></span> <span class='ocrx_word' id='word_1_473' title='bbox 1609 3588 1772 3643; x_wconf 89' lang='lat' dir='ltr'><strong>alium</strong></span> <span class='ocrx_word' id='word_1_474' title='bbox 1798 3591 2111 3659; x_wconf 80' lang='lat' dir='ltr'><strong>prophetam</strong></span> 
     </span>
    </p>
   </div>
   <div class='ocr_carea' id='block_1_55' title="bbox 557 3671 2112 3749">
    <p class='ocr_par' dir='ltr' id='par_1_55' title="bbox 557 3671 2112 3749">
     <span class='ocr_line' id='line_1_55' title="bbox 557 3671 2112 3749; baseline 0.01 -28"><span class='ocrx_word' id='word_1_475' title='bbox 557 3693 575 3722; x_wconf 81' lang='grc' dir='ltr'><strong>ι</strong></span> <span class='ocrx_word' id='word_1_476' title='bbox 626 3671 714 3739; x_wconf 86' lang='lat' dir='ltr'><strong>qui</strong></span> <span class='ocrx_word' id='word_1_477' title='bbox 763 3673 843 3727; x_wconf 83' lang='lat' dir='ltr'><strong>sic</strong></span> <span class='ocrx_word' id='word_1_478' title='bbox 891 3672 1149 3742; x_wconf 88' lang='lat' dir='ltr'><strong>loquitur,</strong></span> <span class='ocrx_word' id='word_1_479' title='bbox 1208 3673 1414 3730; x_wconf 75' lang='lat' dir='ltr'><strong>Prteter</strong></span> <span class='ocrx_word' id='word_1_480' title='bbox 1449 3695 1666 3732; x_wconf 80' lang='lat' dir='ltr'><strong>menon</strong></span> <span class='ocrx_word' id='word_1_481' title='bbox 1707 3689 1781 3733; x_wconf 81' lang='lat' dir='ltr'><strong>est</strong></span> <span class='ocrx_word' id='word_1_482' title='bbox 1815 3679 2017 3749; x_wconf 79' lang='lat' dir='ltr'><strong>justus,</strong></span> <span class='ocrx_word' id='word_1_483' title='bbox 2063 3691 2112 3736; x_wconf 82' lang='lat' dir='ltr'><strong>et</strong></span> 
     </span>
    </p>
   </div>
   <div class='ocr_carea' id='block_1_56' title="bbox 557 3763 2113 3836">
    <p class='ocr_par' dir='ltr' id='par_1_56' title="bbox 557 3763 2113 3836">
     <span class='ocr_line' id='line_1_56' title="bbox 557 3763 2113 3836; baseline 0.012 -26"><span class='ocrx_word' id='word_1_484' title='bbox 557 3781 574 3810; x_wconf 77' lang='grc' dir='ltr'><strong>ι</strong></span> <span class='ocrx_word' id='word_1_485' title='bbox 622 3764 870 3818; x_wconf 73' lang='lat' dir='ltr'><strong>Senator</strong></span> <span class='ocrx_word' id='word_1_486' title='bbox 895 3765 964 3818; x_wconf 79' lang='lat'><strong>”.</strong></span> <span class='ocrx_word' id='word_1_487' title='bbox 999 3763 1054 3818; x_wconf 91' lang='lat' dir='ltr'><strong>Si</strong></span> <span class='ocrx_word' id='word_1_488' title='bbox 1083 3765 1218 3819; x_wconf 89' lang='lat' dir='ltr'><strong>duos</strong></span> <span class='ocrx_word' id='word_1_489' title='bbox 1249 3767 1376 3822; x_wconf 88' lang='lat' dir='ltr'><strong>deos</strong></span> <span class='ocrx_word' id='word_1_490' title='bbox 1408 3769 1703 3824; x_wconf 83' lang='lat' dir='ltr'><strong>arbitretur</strong></span> <span class='ocrx_word' id='word_1_491' title='bbox 1725 3785 1864 3836; x_wconf 87' lang='lat' dir='ltr'><strong>esse,</strong></span> <span class='ocrx_word' id='word_1_492' title='bbox 1893 3787 2113 3829; x_wconf 86' lang='lat' dir='ltr'><strong>necesse</strong></span> 
     </span>
    </p>
   </div>
   <div class='ocr_carea' id='block_1_57' title="bbox 556 3854 2110 3928">
    <p class='ocr_par' dir='ltr' id='par_1_57' title="bbox 556 3854 2110 3928">
     <span class='ocr_line' id='line_1_57' title="bbox 556 3854 2110 3928; baseline 0.01 -25"><span class='ocrx_word' id='word_1_493' title='bbox 556 3873 574 3903; x_wconf 74' lang='grc' dir='ltr'><strong>ε</strong></span> <span class='ocrx_word' id='word_1_494' title='bbox 619 3864 701 3906; x_wconf 76' lang='lat' dir='ltr'><strong>t‘st</strong></span> <span class='ocrx_word' id='word_1_495' title='bbox 724 3854 1038 3908; x_wconf 90' lang='lat' dir='ltr'><strong>alterutrum</strong></span> <span class='ocrx_word' id='word_1_496' title='bbox 1079 3865 1136 3908; x_wconf 93' lang='lat' dir='ltr'><strong>ut</strong></span> <span class='ocrx_word' id='word_1_497' title='bbox 1172 3867 1428 3926; x_wconf 79' lang='lat' dir='ltr'><strong>agnoscat</strong></span> <span class='ocrx_word' id='word_1_498' title='bbox 1455 3873 1630 3928; x_wconf 87' lang='lat' dir='ltr'><strong>neque</strong></span> <span class='ocrx_word' id='word_1_499' title='bbox 1659 3861 1823 3915; x_wconf 88' lang='lat' dir='ltr'><strong>Deum</strong></span> <span class='ocrx_word' id='word_1_500' title='bbox 1855 3877 1954 3917; x_wconf 91' lang='lat' dir='ltr'><strong>nec</strong></span> <span class='ocrx_word' id='word_1_501' title='bbox 1986 3862 2110 3918; x_wconf 86' lang='lat' dir='ltr'><strong>Ser-</strong></span> 
     </span>
    </p>
   </div>
   <div class='ocr_carea' id='block_1_58' title="bbox 557 3945 2109 4020">
    <p class='ocr_par' dir='ltr' id='par_1_58' title="bbox 557 3945 2109 4020">
     <span class='ocr_line' id='line_1_58' title="bbox 557 3945 2109 4020; baseline 0.01 -28"><span class='ocrx_word' id='word_1_502' title='bbox 557 3966 573 3992; x_wconf 71' lang='lat'><strong>.</strong></span> <span class='ocrx_word' id='word_1_503' title='bbox 622 3955 876 3999; x_wconf 76' lang='lat' dir='ltr'><strong>vatorem.</strong></span> <span class='ocrx_word' id='word_1_504' title='bbox 930 3945 1024 4000; x_wconf 92' lang='lat' dir='ltr'><strong>Sin</strong></span> <span class='ocrx_word' id='word_1_505' title='bbox 1075 3961 1248 4015; x_wconf 84' lang='lat' dir='ltr'><strong>neque</strong></span> <span class='ocrx_word' id='word_1_506' title='bbox 1291 3947 1468 4016; x_wconf 87' lang='lat' dir='ltr'><strong>justus</strong></span> <span class='ocrx_word' id='word_1_507' title='bbox 1503 3950 1595 4014; x_wconf 85' lang='lat' dir='ltr'><strong>sit,</strong></span> <span class='ocrx_word' id='word_1_508' title='bbox 1629 3966 1800 4020; x_wconf 88' lang='lat' dir='ltr'><strong>neque</strong></span> <span class='ocrx_word' id='word_1_509' title='bbox 1835 3951 2109 4020; x_wconf 86' lang='lat' dir='ltr'><strong>Servator,</strong></span> 
     </span>
    </p>
   </div>
   <div class='ocr_carea' id='block_1_59' title="bbox 558 4039 2114 4108">
    <p class='ocr_par' dir='ltr' id='par_1_59' title="bbox 558 4039 2114 4108">
     <span class='ocr_line' id='line_1_59' title="bbox 558 4039 2114 4108; baseline 0.007 -20"><span class='ocrx_word' id='word_1_510' title='bbox 558 4055 575 4088; x_wconf 85' lang='grc'><em>‹</em></span> <span class='ocrx_word' id='word_1_511' title='bbox 620 4051 724 4104; x_wconf 82' lang='lat' dir='ltr'><strong>quo</strong></span> <span class='ocrx_word' id='word_1_512' title='bbox 753 4039 964 4091; x_wconf 85' lang='lat' dir='ltr'><strong>tandem</strong></span> <span class='ocrx_word' id='word_1_513' title='bbox 1009 4049 1164 4106; x_wconf 85' lang='lat' dir='ltr'><strong>pacto</strong></span> <span class='ocrx_word' id='word_1_514' title='bbox 1207 4050 1384 4108; x_wconf 84' lang='lat' dir='ltr'><strong>potest</strong></span> <span class='ocrx_word' id='word_1_515' title='bbox 1436 4056 1555 4096; x_wconf 86' lang='lat' dir='ltr'><strong>esse</strong></span> <span class='ocrx_word' id='word_1_516' title='bbox 1609 4040 1992 4098; x_wconf 88' lang='lat' dir='ltr'><strong>Deus?Unum</strong></span> <span class='ocrx_word' id='word_1_517' title='bbox 2033 4055 2114 4100; x_wconf 91' lang='lat' dir='ltr'><strong>et-</strong></span> 
     </span>
    </p>
   </div>
   <div class='ocr_carea' id='block_1_60' title="bbox 558 4124 2110 4192">
    <p class='ocr_par' dir='ltr' id='par_1_60' title="bbox 558 4124 2110 4192">
     <span class='ocr_line' id='line_1_60' title="bbox 558 4124 2110 4192; baseline 0.007 -18"><span class='ocrx_word' id='word_1_518' title='bbox 558 4148 574 4174; x_wconf 63' lang='lat'><strong>.</strong></span> <span class='ocrx_word' id='word_1_519' title='bbox 613 4126 754 4180; x_wconf 87' lang='lat' dir='ltr'><strong>enim</strong></span> <span class='ocrx_word' id='word_1_520' title='bbox 785 4126 898 4179; x_wconf 89' lang='lat' dir='ltr'><strong>vult</strong></span> <span class='ocrx_word' id='word_1_521' title='bbox 921 4124 1120 4192; x_wconf 84' lang='lat' dir='ltr'><strong>justum</strong></span> <span class='ocrx_word' id='word_1_522' title='bbox 1149 4142 1268 4180; x_wconf 87' lang='lat' dir='ltr'><strong>esse</strong></span> <span class='ocrx_word' id='word_1_523' title='bbox 1294 4137 1347 4181; x_wconf 92' lang='lat' dir='ltr'><strong>et</strong></span> <span class='ocrx_word' id='word_1_524' title='bbox 1378 4127 1742 4182; x_wconf 82' lang='lat' dir='ltr'><strong>Servatorein.</strong></span> <span class='ocrx_word' id='word_1_525' title='bbox 1786 4128 1851 4183; x_wconf 75' lang='lat' dir='ltr'><strong>Et</strong></span> <span class='ocrx_word' id='word_1_526' title='bbox 1881 4132 2110 4185; x_wconf 85' lang='lat' dir='ltr'><strong>iterum:</strong></span> 
     </span>
    </p>
   </div>
   <div class='ocr_carea' id='block_1_61' title="bbox 556 4217 2113 4289">
    <p class='ocr_par' dir='ltr' id='par_1_61' title="bbox 556 4217 2113 4289">
     <span class='ocr_line' id='line_1_61' title="bbox 556 4217 2113 4289; baseline 0.004 -22"><span class='ocrx_word' id='word_1_527' title='bbox 556 4234 574 4267; x_wconf 74' lang='lat' dir='ltr'><strong>t</strong></span> <span class='ocrx_word' id='word_1_528' title='bbox 622 4217 750 4271; x_wconf 82' lang='lat' dir='ltr'><strong>Ante</strong></span> <span class='ocrx_word' id='word_1_529' title='bbox 783 4233 885 4282; x_wconf 74' lang='lat' dir='ltr'><strong>nte,</strong></span> <span class='ocrx_word' id='word_1_530' title='bbox 915 4217 1106 4287; x_wconf 82' lang='lat' dir='ltr'><strong>inquit,</strong></span> <span class='ocrx_word' id='word_1_531' title='bbox 1146 4235 1248 4272; x_wconf 83' lang='lat' dir='ltr'><strong>non</strong></span> <span class='ocrx_word' id='word_1_532' title='bbox 1284 4228 1396 4272; x_wconf 79' lang='lat' dir='ltr'><strong>erat</strong></span> <span class='ocrx_word' id='word_1_533' title='bbox 1444 4221 1603 4284; x_wconf 83' lang='lat' dir='ltr'><strong>alius,</strong></span> <span class='ocrx_word' id='word_1_534' title='bbox 1641 4229 1688 4274; x_wconf 89' lang='lat' dir='ltr'><strong>et</strong></span> <span class='ocrx_word' id='word_1_535' title='bbox 1735 4231 1849 4289; x_wconf 84' lang='lat' dir='ltr'><strong>post</strong></span> <span class='ocrx_word' id='word_1_536' title='bbox 1889 4237 1969 4274; x_wconf 87' lang='lat' dir='ltr'><strong>me</strong></span> <span class='ocrx_word' id='word_1_537' title='bbox 2009 4238 2113 4276; x_wconf 83' lang='lat' dir='ltr'><strong>non</strong></span> 
     </span>
    </p>
   </div>
   <div class='ocr_carea' id='block_1_62' title="bbox 557 4305 2110 4378">
    <p class='ocr_par' dir='ltr' id='par_1_62' title="bbox 557 4305 2110 4378">
     <span class='ocr_line' id='line_1_62' title="bbox 557 4305 2110 4378; baseline 0.005 -18"><span class='ocrx_word' id='word_1_538' title='bbox 557 4327 575 4360; x_wconf 71' lang='grc' dir='ltr'><strong>ι</strong></span> <span class='ocrx_word' id='word_1_539' title='bbox 615 4308 733 4362; x_wconf 85' lang='lat' dir='ltr'><strong>erit.</strong></span> <span class='ocrx_word' id='word_1_540' title='bbox 775 4305 888 4378; x_wconf 86' lang='lat' dir='ltr'><strong>Ego</strong></span> <span class='ocrx_word' id='word_1_541' title='bbox 920 4307 1056 4362; x_wconf 80' lang='lat' dir='ltr'><strong>Deus</strong></span> <span class='ocrx_word' id='word_1_542' title='bbox 1101 4318 1148 4362; x_wconf 89' lang='lat' dir='ltr'><strong>et</strong></span> <span class='ocrx_word' id='word_1_543' title='bbox 1175 4309 1303 4362; x_wconf 82' lang='lat' dir='ltr'><strong>&#39;nou</strong></span> <span class='ocrx_word' id='word_1_544' title='bbox 1349 4319 1422 4362; x_wconf 79' lang='lat' dir='ltr'><strong>est</strong></span> <span class='ocrx_word' id='word_1_545' title='bbox 1474 4309 1616 4362; x_wconf 76' lang='lat' dir='ltr'><strong>ultra</strong></span> <span class='ocrx_word' id='word_1_546' title='bbox 1651 4326 1732 4364; x_wconf 88' lang='lat' dir='ltr'><strong>me</strong></span> <span class='ocrx_word' id='word_1_547' title='bbox 1771 4310 2018 4365; x_wconf 80' lang='lat' dir='ltr'><strong>Servator</strong></span> <span class='ocrx_word' id='word_1_548' title='bbox 2045 4312 2110 4367; x_wconf 73' lang='grc'><strong>³⁸.</strong></span> 
     </span>
    </p>
   </div>
   <div class='ocr_carea' id='block_1_63' title="bbox 558 4400 2116 4472">
    <p class='ocr_par' dir='ltr' id='par_1_63' title="bbox 558 4400 2116 4472">
     <span class='ocr_line' id='line_1_63' title="bbox 558 4400 2116 4472; baseline 0.003 -18"><span class='ocrx_word' id='word_1_549' title='bbox 558 4421 580 4454; x_wconf 78' lang='grc' dir='ltr'><strong>ι</strong></span> <span class='ocrx_word' id='word_1_550' title='bbox 622 4401 774 4468; x_wconf 82' lang='lat' dir='ltr'><strong>Quod</strong></span> <span class='ocrx_word' id='word_1_551' title='bbox 803 4401 846 4455; x_wconf 88' lang='lat' dir='ltr'><strong>si</strong></span> <span class='ocrx_word' id='word_1_552' title='bbox 879 4400 1101 4456; x_wconf 85' lang='lat' dir='ltr'><strong>alterius</strong></span> <span class='ocrx_word' id='word_1_553' title='bbox 1129 4402 1459 4472; x_wconf 72' lang='lat' dir='ltr'><strong>prophetica:</strong></span> <span class='ocrx_word' id='word_1_554' title='bbox 1492 4401 1744 4456; x_wconf 82' lang='lat' dir='ltr'><strong>dictionis</strong></span> <span class='ocrx_word' id='word_1_555' title='bbox 1787 4401 2016 4472; x_wconf 87' lang='lat' dir='ltr'><strong>cupidus</strong></span> <span class='ocrx_word' id='word_1_556' title='bbox 2044 4404 2116 4459; x_wconf 89' lang='lat' dir='ltr'><strong>sit</strong></span> 
     </span>
    </p>
   </div>
   <div class='ocr_carea' id='block_1_64' title="bbox 558 4491 2114 4556">
    <p class='ocr_par' dir='ltr' id='par_1_64' title="bbox 558 4491 2114 4556">
     <span class='ocr_line' id='line_1_64' title="bbox 558 4491 2114 4556; baseline 0.003 -12"><span class='ocrx_word' id='word_1_557' title='bbox 558 4512 577 4544; x_wconf 78' lang='grc' dir='ltr'><strong><em>ς</em></strong></span> <span class='ocrx_word' id='word_1_558' title='bbox 621 4493 922 4556; x_wconf 74' lang='lat' dir='ltr'><strong>audiendas,</strong></span> <span class='ocrx_word' id='word_1_559' title='bbox 965 4492 1110 4547; x_wconf 82' lang='lat' dir='ltr'><strong>forte</strong></span> <span class='ocrx_word' id='word_1_560' title='bbox 1137 4497 1202 4547; x_wconf 91' lang='lat' dir='ltr'><strong>de</strong></span> <span class='ocrx_word' id='word_1_561' title='bbox 1224 4507 1282 4547; x_wconf 90' lang='lat' dir='ltr'><strong>se</strong></span> <span class='ocrx_word' id='word_1_562' title='bbox 1306 4492 1506 4547; x_wconf 87' lang='lat' dir='ltr'><strong>dictqu</strong></span> <span class='ocrx_word' id='word_1_563' title='bbox 1548 4493 1613 4547; x_wconf 90' lang='lat' dir='ltr'><strong>ab</strong></span> <span class='ocrx_word' id='word_1_564' title='bbox 1648 4491 1802 4552; x_wconf 86' lang='lat' dir='ltr'><strong>Isaia,</strong></span> <span class='ocrx_word' id='word_1_565' title='bbox 1824 4503 1877 4546; x_wconf 94' lang='lat' dir='ltr'><strong>et</strong></span> <span class='ocrx_word' id='word_1_566' title='bbox 1913 4493 1994 4547; x_wconf 90' lang='lat' dir='ltr'><strong>sui</strong></span> <span class='ocrx_word' id='word_1_567' title='bbox 2041 4494 2114 4548; x_wconf 91' lang='lat' dir='ltr'><strong>si-</strong></span> 
     </span>
    </p>
   </div>
   <div class='ocr_carea' id='block_1_65' title="bbox 555 4584 2113 4656">
    <p class='ocr_par' dir='ltr' id='par_1_65' title="bbox 555 4584 2113 4656">
     <span class='ocr_line' id='line_1_65' title="bbox 555 4584 2113 4656; baseline 0.003 -19"><span class='ocrx_word' id='word_1_568' title='bbox 555 4605 574 4637; x_wconf 73' lang='grc' dir='ltr'><strong>ι</strong></span> <span class='ocrx_word' id='word_1_569' title='bbox 620 4586 855 4640; x_wconf 89' lang='lat' dir='ltr'><strong>millimis</strong></span> <span class='ocrx_word' id='word_1_570' title='bbox 906 4587 997 4656; x_wconf 87' lang='lat' dir='ltr'><strong>qui</strong></span> <span class='ocrx_word' id='word_1_571' title='bbox 1036 4586 1185 4656; x_wconf 88' lang='lat' dir='ltr'><strong>paria</strong></span> <span class='ocrx_word' id='word_1_572' title='bbox 1226 4585 1463 4640; x_wconf 87' lang='lat' dir='ltr'><strong>sentiant</strong></span> <span class='ocrx_word' id='word_1_573' title='bbox 1517 4585 1583 4639; x_wconf 92' lang='lat' dir='ltr'><strong>de</strong></span> <span class='ocrx_word' id='word_1_574' title='bbox 1621 4584 1842 4647; x_wconf 84' lang='lat' dir='ltr'><strong>deitate,</strong></span> <span class='ocrx_word' id='word_1_575' title='bbox 1893 4586 2113 4641; x_wconf 85' lang='lat' dir='ltr'><strong>audiat:</strong></span> 
     </span>
    </p>
   </div>
   <div class='ocr_carea' id='block_1_66' title="bbox 556 4672 2118 4743">
    <p class='ocr_par' dir='ltr' id='par_1_66' title="bbox 556 4672 2118 4743">
     <span class='ocr_line' id='line_1_66' title="bbox 556 4672 2118 4743; baseline 0.003 -20"><span class='ocrx_word' id='word_1_576' title='bbox 556 4693 574 4723; x_wconf 74' lang='grc' dir='ltr'><strong>ι</strong></span> <span class='ocrx_word' id='word_1_577' title='bbox 617 4673 920 4743; x_wconf 78' lang='lat' dir='ltr'><strong>Resipiscite</strong></span> <span class='ocrx_word' id='word_1_578' title='bbox 956 4675 1044 4743; x_wconf 89' lang='lat' dir='ltr'><strong>qui</strong></span> <span class='ocrx_word' id='word_1_579' title='bbox 1083 4674 1291 4739; x_wconf 81' lang='lat' dir='ltr'><strong>erratis,</strong></span> <span class='ocrx_word' id='word_1_580' title='bbox 1325 4672 1685 4726; x_wconf 78' lang='lat' dir='ltr'><strong>convertimini</strong></span> <span class='ocrx_word' id='word_1_581' title='bbox 1703 4674 1858 4726; x_wconf 82' lang='lat' dir='ltr'><strong>corde</strong></span> <span class='ocrx_word' id='word_1_582' title='bbox 1889 4685 1934 4727; x_wconf 82' lang='lat' dir='ltr'><strong>et</strong></span> <span class='ocrx_word' id='word_1_583' title='bbox 1963 4676 2118 4727; x_wconf 85' lang='lat' dir='ltr'><strong>remi-</strong></span> 
     </span>
    </p>
   </div>
   <div class='ocr_carea' id='block_1_67' title="bbox 557 4763 2116 4834">
    <p class='ocr_par' dir='ltr' id='par_1_67' title="bbox 557 4763 2116 4834">
     <span class='ocr_line' id='line_1_67' title="bbox 557 4763 2116 4834; baseline 0.002 -18"><span class='ocrx_word' id='word_1_584' title='bbox 557 4784 574 4816; x_wconf 76' lang='grc' dir='ltr'><strong>ι</strong></span> <span class='ocrx_word' id='word_1_585' title='bbox 613 4767 883 4820; x_wconf 81' lang='lat' dir='ltr'><strong>uiscemini</strong></span> <span class='ocrx_word' id='word_1_586' title='bbox 926 4767 1128 4833; x_wconf 81' lang='lat' dir='ltr'><strong>priora,</strong></span> <span class='ocrx_word' id='word_1_587' title='bbox 1159 4767 1223 4819; x_wconf 86' lang='lat' dir='ltr'><strong>ab</strong></span> <span class='ocrx_word' id='word_1_588' title='bbox 1255 4765 1394 4819; x_wconf 85' lang='lat' dir='ltr'><strong>omni</strong></span> <span class='ocrx_word' id='word_1_589' title='bbox 1439 4763 1657 4831; x_wconf 78' lang='lat' dir='ltr'><strong>swculo,</strong></span> <span class='ocrx_word' id='word_1_590' title='bbox 1707 4767 1847 4833; x_wconf 83' lang='lat' dir='ltr'><strong>quod</strong></span> <span class='ocrx_word' id='word_1_591' title='bbox 1894 4781 1985 4834; x_wconf 88' lang='lat' dir='ltr'><strong>ego</strong></span> <span class='ocrx_word' id='word_1_592' title='bbox 2029 4765 2116 4820; x_wconf 90' lang='lat' dir='ltr'><strong>ille</strong></span> 
     </span>
    </p>
   </div>
   <div class='ocr_carea' id='block_1_68' title="bbox 557 4854 2113 4926">
    <p class='ocr_par' dir='ltr' id='par_1_68' title="bbox 557 4854 2113 4926">
     <span class='ocr_line' id='line_1_68' title="bbox 557 4854 2113 4926; baseline 0.004 -20"><span class='ocrx_word' id='word_1_593' title='bbox 557 4875 574 4906; x_wconf 75' lang='grc' dir='ltr'><strong>ι</strong></span> <span class='ocrx_word' id='word_1_594' title='bbox 622 4857 782 4923; x_wconf 87' lang='lat' dir='ltr'><strong>Deus,</strong></span> <span class='ocrx_word' id='word_1_595' title='bbox 811 4866 860 4910; x_wconf 87' lang='lat' dir='ltr'><strong>et</strong></span> <span class='ocrx_word' id='word_1_596' title='bbox 887 4874 988 4912; x_wconf 87' lang='lat' dir='ltr'><strong>non</strong></span> <span class='ocrx_word' id='word_1_597' title='bbox 1010 4865 1086 4911; x_wconf 76' lang='lat' dir='ltr'><strong>est</strong></span> <span class='ocrx_word' id='word_1_598' title='bbox 1108 4865 1299 4926; x_wconf 82' lang='lat' dir='ltr'><strong>prteter</strong></span> <span class='ocrx_word' id='word_1_599' title='bbox 1327 4873 1406 4911; x_wconf 89' lang='lat' dir='ltr'><strong>me</strong></span> <span class='ocrx_word' id='word_1_600' title='bbox 1433 4857 1497 4909; x_wconf 85' lang='grc'><strong>³¹.</strong></span> <span class='ocrx_word' id='word_1_601' title='bbox 1519 4854 1632 4910; x_wconf 82' lang='lat' dir='ltr'><strong>Non</strong></span> <span class='ocrx_word' id='word_1_602' title='bbox 1657 4856 1919 4926; x_wconf 79' lang='lat' dir='ltr'><strong>dixit,ego</strong></span> <span class='ocrx_word' id='word_1_603' title='bbox 1950 4858 2113 4923; x_wconf 89' lang='lat' dir='ltr'><strong>Deus,</strong></span> 
     </span>
    </p>
   </div>
   <div class='ocr_carea' id='block_1_69' title="bbox 557 4947 2116 5014">
    <p class='ocr_par' dir='ltr' id='par_1_69' title="bbox 557 4947 2116 5014">
     <span class='ocr_line' id='line_1_69' title="bbox 557 4947 2116 5014; baseline 0.006 -17"><span class='ocrx_word' id='word_1_604' title='bbox 557 4967 576 4997; x_wconf 74' lang='grc' dir='ltr'><strong><em>σ</em></strong></span> <span class='ocrx_word' id='word_1_605' title='bbox 619 4949 711 5003; x_wconf 88' lang='lat' dir='ltr'><strong>sed</strong></span> <span class='ocrx_word' id='word_1_606' title='bbox 731 4959 790 5002; x_wconf 90' lang='lat' dir='ltr'><strong>ut</strong></span> <span class='ocrx_word' id='word_1_607' title='bbox 823 4949 1005 5002; x_wconf 90' lang='lat' dir='ltr'><strong>addito</strong></span> <span class='ocrx_word' id='word_1_608' title='bbox 1032 4947 1282 5014; x_wconf 85' lang='lat' dir='ltr'><strong>articulo,</strong></span> <span class='ocrx_word' id='word_1_609' title='bbox 1331 4947 1440 5014; x_wconf 90' lang='lat' dir='ltr'><strong>ille,</strong></span> <span class='ocrx_word' id='word_1_610' title='bbox 1485 4963 1650 5002; x_wconf 89' lang='lat' dir='ltr'><strong>unum</strong></span> <span class='ocrx_word' id='word_1_611' title='bbox 1685 4948 1850 5002; x_wconf 87' lang='lat' dir='ltr'><strong>Deum</strong></span> <span class='ocrx_word' id='word_1_612' title='bbox 1885 4951 2116 5006; x_wconf 82' lang='lat' dir='ltr'><strong>manife-</strong></span> 
     </span>
    </p>
   </div>
   <div class='ocr_carea' id='block_1_70' title="bbox 555 5039 2114 5112">
    <p class='ocr_par' dir='ltr' id='par_1_70' title="bbox 555 5039 2114 5112">
     <span class='ocr_line' id='line_1_70' title="bbox 555 5039 2114 5112; baseline 0.006 -24"><span class='ocrx_word' id='word_1_613' title='bbox 555 5059 574 5088; x_wconf 78' lang='grc' dir='ltr'><strong>ι</strong></span> <span class='ocrx_word' id='word_1_614' title='bbox 617 5049 805 5094; x_wconf 87' lang='lat' dir='ltr'><strong>staret.</strong></span> <span class='ocrx_word' id='word_1_615' title='bbox 845 5039 984 5106; x_wconf 82' lang='lat' dir='ltr'><strong>Quid</strong></span> <span class='ocrx_word' id='word_1_616' title='bbox 1036 5047 1214 5093; x_wconf 89' lang='lat' dir='ltr'><strong>autem</strong></span> <span class='ocrx_word' id='word_1_617' title='bbox 1263 5049 1318 5094; x_wconf 90' lang='lat' dir='ltr'><strong>et</strong></span> <span class='ocrx_word' id='word_1_618' title='bbox 1345 5040 1482 5096; x_wconf 84' lang='lat' dir='ltr'><strong>Osee</strong></span> <span class='ocrx_word' id='word_1_619' title='bbox 1514 5041 1815 5112; x_wconf 83' lang='lat' dir='ltr'><strong>propheta?</strong></span> <span class='ocrx_word' id='word_1_620' title='bbox 1855 5057 2033 5097; x_wconf 89' lang='lat' dir='ltr'><strong>nonne</strong></span> <span class='ocrx_word' id='word_1_621' title='bbox 2059 5051 2114 5098; x_wconf 88' lang='lat' dir='ltr'><strong>et</strong></span> 
     </span>
    </p>
   </div>
   <div class='ocr_carea' id='block_1_71' title="bbox 2217 1936 3794 2012">
    <p class='ocr_par' dir='ltr' id='par_1_71' title="bbox 2217 1936 3794 2012">
     <span class='ocr_line' id='line_1_71' title="bbox 2217 1936 3794 2012; baseline 0.005 -23"><span class='ocrx_word' id='word_1_622' title='bbox 2217 1936 2620 1992; x_wconf 74' lang='grc' dir='ltr'>δασκαλούντων</span> <span class='ocrx_word' id='word_1_623' title='bbox 2639 1939 2880 2010; x_wconf 73' lang='grc' dir='ltr'>ἔντεχνον</span> <span class='ocrx_word' id='word_1_624' title='bbox 2914 1941 3274 2012; x_wconf 85' lang='grc' dir='ltr'>κακουργίαν;</span> <span class='ocrx_word' id='word_1_625' title='bbox 3328 1942 3438 1995; x_wconf 75' lang='grc' dir='ltr'>Καὶ</span> <span class='ocrx_word' id='word_1_626' title='bbox 3489 1938 3643 2005; x_wconf 73' lang='grc' dir='ltr'>αὖθις</span> <span class='ocrx_word' id='word_1_627' title='bbox 3669 1945 3794 1996; x_wconf 76' lang='grc' dir='ltr'>ἐπι-</span> 
     </span>
    </p>
   </div>
   <div class='ocr_carea' id='block_1_72' title="bbox 2215 2028 3790 2102">
    <p class='ocr_par' dir='ltr' id='par_1_72' title="bbox 2215 2028 3790 2102">
     <span class='ocr_line' id='line_1_72' title="bbox 2215 2028 3790 2102; baseline 0.004 -22"><span class='ocrx_word' id='word_1_628' title='bbox 2215 2028 2383 2097; x_wconf 72' lang='grc' dir='ltr'>λέγει·</span> <span class='ocrx_word' id='word_1_629' title='bbox 2424 2048 2442 2079; x_wconf 76' lang='grc' dir='ltr'><strong>ι</strong></span> <span class='ocrx_word' id='word_1_630' title='bbox 2481 2029 2545 2082; x_wconf 82' lang='grc' dir='ltr'><strong>ΕΞ</strong></span> <span class='ocrx_word' id='word_1_631' title='bbox 2599 2028 2654 2081; x_wconf 81' lang='grc' dir='ltr'><strong>δὲ</strong></span> <span class='ocrx_word' id='word_1_632' title='bbox 2711 2031 2802 2082; x_wconf 75' lang='grc' dir='ltr'><strong>καὶ</strong></span> <span class='ocrx_word' id='word_1_633' title='bbox 2844 2030 3020 2101; x_wconf 79' lang='grc' dir='ltr'>βούλει</span> <span class='ocrx_word' id='word_1_634' title='bbox 3065 2031 3158 2084; x_wconf 73' lang='grc' dir='ltr'><strong>καὶ</strong></span> <span class='ocrx_word' id='word_1_635' title='bbox 3206 2031 3395 2102; x_wconf 81' lang='grc' dir='ltr'>ἐτέρας</span> <span class='ocrx_word' id='word_1_636' title='bbox 3443 2033 3669 2087; x_wconf 74' lang='grc' dir='ltr'>ἀκοῦσαι</span> <span class='ocrx_word' id='word_1_637' title='bbox 3695 2032 3790 2087; x_wconf 71' lang='grc' dir='ltr'><strong>τοῦ</strong></span> 
     </span>
    </p>
   </div>
   <div class='ocr_carea' id='block_1_73' title="bbox 2223 2119 3791 2196">
    <p class='ocr_par' dir='ltr' id='par_1_73' title="bbox 2223 2119 3791 2196">
     <span class='ocr_line' id='line_1_73' title="bbox 2223 2119 3791 2196; baseline 0.004 -26"><span class='ocrx_word' id='word_1_638' title='bbox 2223 2139 2240 2169; x_wconf 75' lang='grc' dir='ltr'><strong>ι</strong></span> <span class='ocrx_word' id='word_1_639' title='bbox 2271 2119 2431 2173; x_wconf 80' lang='grc' dir='ltr'>αὐτοῦ</span> <span class='ocrx_word' id='word_1_640' title='bbox 2475 2121 2805 2193; x_wconf 73' lang='grc' dir='ltr'>προφητείας</span> <span class='ocrx_word' id='word_1_641' title='bbox 2831 2123 2929 2176; x_wconf 72' lang='grc' dir='ltr'><strong>ἕνα</strong></span> <span class='ocrx_word' id='word_1_642' title='bbox 2965 2125 3096 2194; x_wconf 85' lang='grc' dir='ltr'>ήμῖν</span> <span class='ocrx_word' id='word_1_643' title='bbox 3137 2122 3266 2176; x_wconf 81' lang='grc' dir='ltr'>Θεὸν</span> <span class='ocrx_word' id='word_1_644' title='bbox 3297 2123 3631 2196; x_wconf 77' lang='grc' dir='ltr'>βεϐαιούσης·</span> <span class='ocrx_word' id='word_1_645' title='bbox 3651 2125 3791 2195; x_wconf 72' lang='grc' dir='ltr'><strong>Ἐγὼ</strong></span> 
     </span>
    </p>
   </div>
   <div class='ocr_carea' id='block_1_74' title="bbox 2225 2212 3792 2286">
    <p class='ocr_par' dir='ltr' id='par_1_74' title="bbox 2225 2212 3792 2286">
     <span class='ocr_line' id='line_1_74' title="bbox 2225 2212 3792 2286; baseline 0.004 -22"><span class='ocrx_word' id='word_1_646' title='bbox 2225 2232 2242 2263; x_wconf 78' lang='grc' dir='ltr'><strong>ι</strong></span> <span class='ocrx_word' id='word_1_647' title='bbox 2281 2212 2441 2278; x_wconf 85' lang='grc' dir='ltr'><strong>Θεὸς,</strong></span> <span class='ocrx_word' id='word_1_648' title='bbox 2477 2213 2630 2284; x_wconf 76' lang='grc' dir='ltr'>φησὶ,</span> <span class='ocrx_word' id='word_1_649' title='bbox 2657 2213 2904 2282; x_wconf 82' lang='grc' dir='ltr'>πρῶτος·</span> <span class='ocrx_word' id='word_1_650' title='bbox 2944 2215 3040 2268; x_wconf 79' lang='grc' dir='ltr'><strong>καὶ</strong></span> <span class='ocrx_word' id='word_1_651' title='bbox 3073 2218 3160 2280; x_wconf 86' lang='grc' dir='ltr'><strong>είς</strong></span> <span class='ocrx_word' id='word_1_652' title='bbox 3199 2215 3269 2269; x_wconf 81' lang='grc' dir='ltr'>τὰ</span> <span class='ocrx_word' id='word_1_653' title='bbox 3289 2216 3656 2286; x_wconf 76' lang='grc' dir='ltr'>ἐπερχόμενα</span> <span class='ocrx_word' id='word_1_654' title='bbox 3677 2215 3792 2286; x_wconf 72' lang='grc' dir='ltr'><strong>ἐγώ</strong></span> 
     </span>
    </p>
   </div>
   <div class='ocr_carea' id='block_1_75' title="bbox 2197 2303 3786 2378">
    <p class='ocr_par' dir='ltr' id='par_1_75' title="bbox 2197 2303 3786 2378">
     <span class='ocr_line' id='line_1_75' title="bbox 2197 2303 3786 2378; baseline 0.004 -24"><span class='ocrx_word' id='word_1_655' title='bbox 2197 2323 2241 2370; x_wconf 23' lang='grc' dir='ltr'><strong>,ι</strong></span> <span class='ocrx_word' id='word_1_656' title='bbox 2276 2305 2410 2372; x_wconf 75' lang='grc' dir='ltr'>ειμι.</span> <span class='ocrx_word' id='word_1_657' title='bbox 2453 2304 2526 2357; x_wconf 82' lang='grc' dir='ltr'>Τὸ</span> <span class='ocrx_word' id='word_1_658' title='bbox 2557 2303 2664 2374; x_wconf 81' lang='grc' dir='ltr'>γὰρ</span> <span class='ocrx_word' id='word_1_659' title='bbox 2703 2305 2816 2373; x_wconf 79' lang='grc' dir='ltr'><strong>ἐγὼ</strong></span> <span class='ocrx_word' id='word_1_660' title='bbox 2857 2305 2972 2369; x_wconf 81' lang='grc' dir='ltr'>ἑνὸς</span> <span class='ocrx_word' id='word_1_661' title='bbox 3013 2305 3302 2378; x_wconf 77' lang='grc' dir='ltr'>προσώπου</span> <span class='ocrx_word' id='word_1_662' title='bbox 3321 2307 3585 2361; x_wconf 82' lang='grc' dir='ltr'>δεικτικόν</span> <span class='ocrx_word' id='word_1_663' title='bbox 3620 2308 3786 2361; x_wconf 77' lang='grc' dir='ltr'>ἐστιν’</span> 
     </span>
    </p>
   </div>
   <div class='ocr_carea' id='block_1_76' title="bbox 2225 2391 3786 2469">
    <p class='ocr_par' dir='ltr' id='par_1_76' title="bbox 2225 2391 3786 2469">
     <span class='ocr_line' id='line_1_76' title="bbox 2225 2391 3786 2469; baseline 0.005 -26"><span class='ocrx_word' id='word_1_664' title='bbox 2225 2411 2241 2442; x_wconf 81' lang='grc' dir='ltr'><strong>ι</strong></span> <span class='ocrx_word' id='word_1_665' title='bbox 2285 2391 2464 2462; x_wconf 80' lang='grc' dir='ltr'>αἰγὰρ</span> <span class='ocrx_word' id='word_1_666' title='bbox 2487 2393 2581 2446; x_wconf 84' lang='grc' dir='ltr'>δύο</span> <span class='ocrx_word' id='word_1_667' title='bbox 2609 2395 2793 2464; x_wconf 77' lang='grc' dir='ltr'><strong>ῥήσεις</strong></span> <span class='ocrx_word' id='word_1_668' title='bbox 2841 2394 2899 2448; x_wconf 80' lang='grc' dir='ltr'>ἓν</span> <span class='ocrx_word' id='word_1_669' title='bbox 2938 2397 3067 2467; x_wconf 84' lang='grc' dir='ltr'>ἡμῖν</span> <span class='ocrx_word' id='word_1_670' title='bbox 3089 2397 3376 2468; x_wconf 79' lang='grc' dir='ltr'>πρόσωπον</span> <span class='ocrx_word' id='word_1_671' title='bbox 3417 2399 3786 2469; x_wconf 83' lang='grc' dir='ltr'>σημαίνουσιν.</span> 
     </span>
    </p>
   </div>
   <div class='ocr_carea' id='block_1_77' title="bbox 2225 2483 3788 2559">
    <p class='ocr_par' dir='ltr' id='par_1_77' title="bbox 2225 2483 3788 2559">
     <span class='ocr_line' id='line_1_77' title="bbox 2225 2483 3788 2559; baseline 0.007 -25"><span class='ocrx_word' id='word_1_672' title='bbox 2225 2502 2244 2534; x_wconf 79' lang='grc' dir='ltr'><strong>ι</strong></span> <span class='ocrx_word' id='word_1_673' title='bbox 2292 2483 2430 2554; x_wconf 66' lang='grc' dir='ltr'>Ἐγὼ</span> <span class='ocrx_word' id='word_1_674' title='bbox 2454 2483 2561 2555; x_wconf 83' lang='grc' dir='ltr'>γὰρ</span> <span class='ocrx_word' id='word_1_675' title='bbox 2585 2483 2774 2552; x_wconf 82' lang='grc' dir='ltr'>εἰπὼν,</span> <span class='ocrx_word' id='word_1_676' title='bbox 2805 2487 3106 2555; x_wconf 69' lang='grc' dir='ltr'>ὲπᾶγεικαὶ</span> <span class='ocrx_word' id='word_1_677' title='bbox 3127 2489 3208 2554; x_wconf 84' lang='grc' dir='ltr'><strong>τὸ,</strong></span> <span class='ocrx_word' id='word_1_678' title='bbox 3235 2489 3375 2559; x_wconf 79' lang='grc' dir='ltr'>εἰμί,</span> <span class='ocrx_word' id='word_1_679' title='bbox 3407 2488 3544 2543; x_wconf 84' lang='grc' dir='ltr'>ὥστε</span> <span class='ocrx_word' id='word_1_680' title='bbox 3571 2491 3660 2545; x_wconf 82' lang='grc' dir='ltr'><strong>διὰ</strong></span> <span class='ocrx_word' id='word_1_681' title='bbox 3681 2491 3788 2546; x_wconf 83' lang='grc' dir='ltr'>τῶν</span> 
     </span>
    </p>
   </div>
   <div class='ocr_carea' id='block_1_78' title="bbox 2224 2574 3787 2652">
    <p class='ocr_par' dir='ltr' id='par_1_78' title="bbox 2224 2574 3787 2652">
     <span class='ocr_line' id='line_1_78' title="bbox 2224 2574 3787 2652; baseline 0.006 -26"><span class='ocrx_word' id='word_1_682' title='bbox 2224 2593 2246 2625; x_wconf 77' lang='grc' dir='ltr'><strong>ι</strong></span> <span class='ocrx_word' id='word_1_683' title='bbox 2285 2575 2378 2628; x_wconf 78' lang='grc' dir='ltr'><strong>δύο</strong></span> <span class='ocrx_word' id='word_1_684' title='bbox 2411 2574 2505 2628; x_wconf 81' lang='grc' dir='ltr'><strong>τοῦ</strong></span> <span class='ocrx_word' id='word_1_685' title='bbox 2535 2574 2691 2644; x_wconf 81' lang='grc' dir='ltr'>λόγου</span> <span class='ocrx_word' id='word_1_686' title='bbox 2728 2576 2930 2647; x_wconf 81' lang='grc' dir='ltr'>μερῶν,</span> <span class='ocrx_word' id='word_1_687' title='bbox 2955 2579 3296 2650; x_wconf 82' lang='grc' dir='ltr'>ἁντωνυμίας</span> <span class='ocrx_word' id='word_1_688' title='bbox 3324 2598 3381 2634; x_wconf 83' lang='grc' dir='ltr'><strong>τε</strong></span> <span class='ocrx_word' id='word_1_689' title='bbox 3402 2582 3494 2634; x_wconf 79' lang='grc' dir='ltr'>καὶ</span> <span class='ocrx_word' id='word_1_690' title='bbox 3528 2583 3787 2652; x_wconf 75' lang='grc' dir='ltr'>ῥήματος,</span> 
     </span>
    </p>
   </div>
   <div class='ocr_carea' id='block_1_79' title="bbox 2171 2665 3790 2742">
    <p class='ocr_par' dir='ltr' id='par_1_79' title="bbox 2171 2665 3790 2742">
     <span class='ocr_line' id='line_1_79' title="bbox 2171 2665 3790 2742; baseline 0.006 -25"><span class='ocrx_word' id='word_1_691' title='bbox 2171 2671 2176 2680; x_wconf 92' lang='grc'><strong><em>“</em></strong></span> <span class='ocrx_word' id='word_1_692' title='bbox 2224 2685 2241 2718; x_wconf 79' lang='grc' dir='ltr'><strong>ι</strong></span> <span class='ocrx_word' id='word_1_693' title='bbox 2279 2665 2381 2737; x_wconf 84' lang='grc' dir='ltr'>τὴν</span> <span class='ocrx_word' id='word_1_694' title='bbox 2401 2666 2502 2736; x_wconf 85' lang='grc' dir='ltr'>τῆς</span> <span class='ocrx_word' id='word_1_695' title='bbox 2527 2665 2776 2737; x_wconf 83' lang='grc' dir='ltr'>θεότητος</span> <span class='ocrx_word' id='word_1_696' title='bbox 2799 2669 3191 2741; x_wconf 82' lang='grc' dir='ltr'>μαρτυρεῖσθαι</span> <span class='ocrx_word' id='word_1_697' title='bbox 3212 2673 3430 2742; x_wconf 83' lang='grc' dir='ltr'>μονάδα.</span> <span class='ocrx_word' id='word_1_698' title='bbox 3455 2675 3516 2726; x_wconf 86' lang='grc' dir='ltr'><strong>Εἰ</strong></span> <span class='ocrx_word' id='word_1_699' title='bbox 3544 2673 3598 2726; x_wconf 84' lang='grc' dir='ltr'>δὲ</span> <span class='ocrx_word' id='word_1_700' title='bbox 3618 2673 3790 2728; x_wconf 80' lang='grc' dir='ltr'>δέοιτο</span> 
     </span>
    </p>
   </div>
   <div class='ocr_carea' id='block_1_80' title="bbox 2224 2758 3785 2838">
    <p class='ocr_par' dir='ltr' id='par_1_80' title="bbox 2224 2758 3785 2838">
     <span class='ocr_line' id='line_1_80' title="bbox 2224 2758 3785 2838; baseline 0.005 -27"><span class='ocrx_word' id='word_1_701' title='bbox 2224 2775 2244 2810; x_wconf 76' lang='grc' dir='ltr'><strong>ι</strong></span> <span class='ocrx_word' id='word_1_702' title='bbox 2283 2759 2376 2812; x_wconf 80' lang='grc' dir='ltr'><strong>καὶ</strong></span> <span class='ocrx_word' id='word_1_703' title='bbox 2411 2759 2600 2830; x_wconf 75' lang='grc' dir='ltr'>ἑτέρας</span> <span class='ocrx_word' id='word_1_704' title='bbox 2633 2761 2956 2832; x_wconf 84' lang='grc' dir='ltr'>μαρτυρίας,</span> <span class='ocrx_word' id='word_1_705' title='bbox 2993 2758 3147 2826; x_wconf 70' lang='grc' dir='ltr'>αὖθις</span> <span class='ocrx_word' id='word_1_706' title='bbox 3177 2765 3266 2816; x_wconf 83' lang='grc' dir='ltr'><strong>τὸν</strong></span> <span class='ocrx_word' id='word_1_707' title='bbox 3285 2765 3446 2818; x_wconf 67' lang='grc' dir='ltr'>αὑτὸν</span> <span class='ocrx_word' id='word_1_708' title='bbox 3469 2765 3612 2836; x_wconf 76' lang='grc' dir='ltr'>αὑτῴ</span> <span class='ocrx_word' id='word_1_709' title='bbox 3639 2784 3785 2838; x_wconf 83' lang='grc' dir='ltr'>παρ-</span> 
     </span>
    </p>
   </div>
   <div class='ocr_carea' id='block_1_81' title="bbox 2224 2849 3790 2927">
    <p class='ocr_par' dir='ltr' id='par_1_81' title="bbox 2224 2849 3790 2927">
     <span class='ocr_line' id='line_1_81' title="bbox 2224 2849 3790 2927; baseline 0.007 -27"><span class='ocrx_word' id='word_1_710' title='bbox 2224 2867 2245 2900; x_wconf 78' lang='grc' dir='ltr'><strong>ι</strong></span> <span class='ocrx_word' id='word_1_711' title='bbox 2279 2849 2469 2920; x_wconf 81' lang='grc' dir='ltr'>ἐξομαι</span> <span class='ocrx_word' id='word_1_712' title='bbox 2500 2852 2786 2923; x_wconf 81' lang='grc' dir='ltr'>προφήτην</span> <span class='ocrx_word' id='word_1_713' title='bbox 2811 2852 3057 2920; x_wconf 78' lang='grc' dir='ltr'>λέγοντα,</span> <span class='ocrx_word' id='word_1_714' title='bbox 3102 2855 3242 2924; x_wconf 75' lang='grc' dir='ltr'><strong>Ἐγὼ</strong></span> <span class='ocrx_word' id='word_1_715' title='bbox 3264 2855 3514 2925; x_wconf 78' lang='grc' dir='ltr'>πρῶτος,</span> <span class='ocrx_word' id='word_1_716' title='bbox 3547 2858 3643 2911; x_wconf 82' lang='grc' dir='ltr'><strong>καὶ</strong></span> <span class='ocrx_word' id='word_1_717' title='bbox 3671 2857 3790 2927; x_wconf 59' lang='grc' dir='ltr'><strong>ἐγὼ</strong></span> 
     </span>
    </p>
   </div>
   <div class='ocr_carea' id='block_1_82' title="bbox 2225 2942 3790 3016">
    <p class='ocr_par' dir='ltr' id='par_1_82' title="bbox 2225 2942 3790 3016">
     <span class='ocr_line' id='line_1_82' title="bbox 2225 2942 3790 3016; baseline 0.009 -26"><span class='ocrx_word' id='word_1_718' title='bbox 2225 2959 2243 2990; x_wconf 77' lang='grc' dir='ltr'><strong>ι</strong></span> <span class='ocrx_word' id='word_1_719' title='bbox 2272 2943 2421 3010; x_wconf 86' lang='grc' dir='ltr'>μετὰ</span> <span class='ocrx_word' id='word_1_720' title='bbox 2452 2942 2658 3006; x_wconf 82' lang='grc' dir='ltr'>ταῦτα,</span> <span class='ocrx_word' id='word_1_721' title='bbox 2696 2944 2793 2998; x_wconf 77' lang='grc' dir='ltr'><strong>καὶ</strong></span> <span class='ocrx_word' id='word_1_722' title='bbox 2830 2944 2996 3013; x_wconf 74' lang='grc' dir='ltr'><strong>πλὴν</strong></span> <span class='ocrx_word' id='word_1_723' title='bbox 3029 2946 3173 3014; x_wconf 82' lang='grc' dir='ltr'>ἐμοῦ</span> <span class='ocrx_word' id='word_1_724' title='bbox 3216 2951 3326 3002; x_wconf 79' lang='grc' dir='ltr'><strong>οὐκ</strong></span> <span class='ocrx_word' id='word_1_725' title='bbox 3355 2949 3487 3003; x_wconf 82' lang='grc' dir='ltr'>ἔστι</span> <span class='ocrx_word' id='word_1_726' title='bbox 3525 2952 3686 3016; x_wconf 87' lang='grc' dir='ltr'>Θεός.</span> <span class='ocrx_word' id='word_1_727' title='bbox 3723 2952 3790 3004; x_wconf 85' lang='grc' dir='ltr'><strong>Εἰ</strong></span> 
     </span>
    </p>
   </div>
   <div class='ocr_carea' id='block_1_83' title="bbox 2225 3035 3790 3112">
    <p class='ocr_par' dir='ltr' id='par_1_83' title="bbox 2225 3035 3790 3112">
     <span class='ocr_line' id='line_1_83' title="bbox 2225 3035 3790 3112; baseline 0.006 -27"><span class='ocrx_word' id='word_1_728' title='bbox 2225 3053 2243 3084; x_wconf 78' lang='grc' dir='ltr'><strong>ι</strong></span> <span class='ocrx_word' id='word_1_729' title='bbox 2280 3035 2574 3089; x_wconf 76' lang='grc' dir='ltr'>ὑποστάσει</span> <span class='ocrx_word' id='word_1_730' title='bbox 2603 3035 2930 3106; x_wconf 78' lang='grc' dir='ltr'>διῃρημένον</span> <span class='ocrx_word' id='word_1_731' title='bbox 2949 3038 3039 3090; x_wconf 85' lang='grc' dir='ltr'><strong>τὸν</strong></span> <span class='ocrx_word' id='word_1_732' title='bbox 3070 3038 3195 3091; x_wconf 60' lang='lat' dir='ltr'><strong>rem</strong></span> <span class='ocrx_word' id='word_1_733' title='bbox 3220 3039 3313 3092; x_wconf 77' lang='grc' dir='ltr'><strong>τοῦ</strong></span> <span class='ocrx_word' id='word_1_734' title='bbox 3345 3042 3556 3112; x_wconf 83' lang='grc' dir='ltr'>Πατρδς</span> <span class='ocrx_word' id='word_1_735' title='bbox 3577 3043 3652 3106; x_wconf 80' lang='grc' dir='ltr'>ὡς</span> <span class='ocrx_word' id='word_1_736' title='bbox 3674 3043 3790 3095; x_wconf 82' lang='grc' dir='ltr'>υἱὸν</span> 
     </span>
    </p>
   </div>
   <div class='ocr_carea' id='block_1_84' title="bbox 2225 3121 3793 3203">
    <p class='ocr_par' dir='ltr' id='par_1_84' title="bbox 2225 3121 3793 3203">
     <span class='ocr_line' id='line_1_84' title="bbox 2225 3121 3793 3203; baseline 0.004 -25"><span class='ocrx_word' id='word_1_737' title='bbox 2225 3143 2244 3177; x_wconf 81' lang='grc' dir='ltr'><strong>ι</strong></span> <span class='ocrx_word' id='word_1_738' title='bbox 2281 3124 2568 3198; x_wconf 83' lang='grc' dir='ltr'>ἀνθρώπου</span> <span class='ocrx_word' id='word_1_739' title='bbox 2606 3127 2878 3199; x_wconf 79' lang='grc' dir='ltr'>Ἀστέριος</span> <span class='ocrx_word' id='word_1_740' title='bbox 2894 3121 3032 3181; x_wconf 85' lang='grc' dir='ltr'>εἶναι</span> <span class='ocrx_word' id='word_1_741' title='bbox 3055 3129 3243 3193; x_wconf 76' lang='grc' dir='ltr'>οἴεται,</span> <span class='ocrx_word' id='word_1_742' title='bbox 3274 3129 3380 3182; x_wconf 79' lang='grc' dir='ltr'><strong>ἀπὸ</strong></span> <span class='ocrx_word' id='word_1_743' title='bbox 3394 3131 3494 3201; x_wconf 80' lang='grc' dir='ltr'>τῆς</span> <span class='ocrx_word' id='word_1_744' title='bbox 3518 3131 3793 3203; x_wconf 85' lang='grc' dir='ltr'>ἀνθρωπί-</span> 
     </span>
    </p>
   </div>
   <div class='ocr_carea' id='block_1_85' title="bbox 2225 3217 3789 3295">
    <p class='ocr_par' dir='ltr' id='par_1_85' title="bbox 2225 3217 3789 3295">
     <span class='ocr_line' id='line_1_85' title="bbox 2225 3217 3789 3295; baseline 0.006 -26"><span class='ocrx_word' id='word_1_745' title='bbox 2225 3234 2248 3269; x_wconf 79' lang='grc' dir='ltr'><strong>ι</strong></span> <span class='ocrx_word' id='word_1_746' title='bbox 2284 3235 2382 3288; x_wconf 90' lang='grc' dir='ltr'><strong>νης</strong></span> <span class='ocrx_word' id='word_1_747' title='bbox 2415 3218 2635 3289; x_wconf 72' lang='grc' dir='ltr'>σαρκὸς,</span> <span class='ocrx_word' id='word_1_748' title='bbox 2656 3217 2722 3288; x_wconf 74' lang='grc' dir='ltr'>ἦν</span> <span class='ocrx_word' id='word_1_749' title='bbox 2746 3217 2811 3272; x_wconf 84' lang='grc' dir='ltr'>δι’</span> <span class='ocrx_word' id='word_1_750' title='bbox 2840 3220 2985 3290; x_wconf 76' lang='grc' dir='ltr'>ἡμᾶς</span> <span class='ocrx_word' id='word_1_751' title='bbox 3017 3218 3264 3284; x_wconf 75' lang='grc' dir='ltr'>ἀνέλαϐε,</span> <span class='ocrx_word' id='word_1_752' title='bbox 3288 3222 3789 3295; x_wconf 79' lang='grc' dir='ltr'>σκανδαλιζόμενος,</span> 
     </span>
    </p>
   </div>
   <div class='ocr_carea' id='block_1_86' title="bbox 2225 3307 3789 3386">
    <p class='ocr_par' dir='ltr' id='par_1_86' title="bbox 2225 3307 3789 3386">
     <span class='ocr_line' id='line_1_86' title="bbox 2225 3307 3789 3386; baseline 0.004 -26"><span class='ocrx_word' id='word_1_753' title='bbox 2225 3325 2244 3360; x_wconf 76' lang='grc' dir='ltr'><strong>ι</strong></span> <span class='ocrx_word' id='word_1_754' title='bbox 2279 3307 2541 3361; x_wconf 85' lang='grc' dir='ltr'>δεικνύτω</span> <span class='ocrx_word' id='word_1_755' title='bbox 2582 3310 2716 3378; x_wconf 67' lang='grc' dir='ltr'>ἡμῖν</span> <span class='ocrx_word' id='word_1_756' title='bbox 2756 3307 2849 3361; x_wconf 76' lang='grc' dir='ltr'><strong>τὸν</strong></span> <span class='ocrx_word' id='word_1_757' title='bbox 2889 3309 3059 3364; x_wconf 79' lang='grc' dir='ltr'>ταῦτα</span> <span class='ocrx_word' id='word_1_758' title='bbox 3105 3310 3349 3379; x_wconf 81' lang='grc' dir='ltr'>λέγοντα’</span> <span class='ocrx_word' id='word_1_759' title='bbox 3380 3312 3495 3376; x_wconf 79' lang='grc' dir='ltr'>ἑνὸς</span> <span class='ocrx_word' id='word_1_760' title='bbox 3521 3314 3626 3386; x_wconf 81' lang='grc' dir='ltr'>γάρ</span> <span class='ocrx_word' id='word_1_761' title='bbox 3650 3317 3789 3380; x_wconf 83' lang='grc' dir='ltr'>ἐστι,</span> 
     </span>
    </p>
   </div>
   <div class='ocr_carea' id='block_1_87' title="bbox 2226 3397 3793 3474">
    <p class='ocr_par' dir='ltr' id='par_1_87' title="bbox 2226 3397 3793 3474">
     <span class='ocr_line' id='line_1_87' title="bbox 2226 3397 3793 3474; baseline 0.004 -24"><span class='ocrx_word' id='word_1_762' title='bbox 2226 3417 2244 3450; x_wconf 78' lang='grc' dir='ltr'><strong>ι</strong></span> <span class='ocrx_word' id='word_1_763' title='bbox 2283 3397 2578 3461; x_wconf 81' lang='grc' dir='ltr'>κάνταῦθα,</span> <span class='ocrx_word' id='word_1_764' title='bbox 2635 3398 2925 3470; x_wconf 84' lang='grc' dir='ltr'>προσώπου</span> <span class='ocrx_word' id='word_1_765' title='bbox 2975 3402 3006 3471; x_wconf 79' lang='grc' dir='ltr'><strong>ὴ</strong></span> <span class='ocrx_word' id='word_1_766' title='bbox 3045 3400 3308 3472; x_wconf 81' lang='grc' dir='ltr'>λεγομένη</span> <span class='ocrx_word' id='word_1_767' title='bbox 3353 3405 3529 3474; x_wconf 77' lang='grc' dir='ltr'>ῥῆσις.</span> <span class='ocrx_word' id='word_1_768' title='bbox 3569 3405 3664 3466; x_wconf 88' lang='grc' dir='ltr'>Τίς</span> <span class='ocrx_word' id='word_1_769' title='bbox 3697 3400 3793 3457; x_wconf 77' lang='grc' dir='ltr'><strong>οὖν</strong></span> 
     </span>
    </p>
   </div>
   <div class='ocr_carea' id='block_1_88' title="bbox 2225 3490 3792 3563">
    <p class='ocr_par' dir='ltr' id='par_1_88' title="bbox 2225 3490 3792 3563">
     <span class='ocr_line' id='line_1_88' title="bbox 2225 3490 3792 3563; baseline 0.008 -25"><span class='ocrx_word' id='word_1_770' title='bbox 2225 3509 2243 3538; x_wconf 76' lang='grc' dir='ltr'><strong>ι</strong></span> <span class='ocrx_word' id='word_1_771' title='bbox 2285 3491 2431 3544; x_wconf 81' lang='grc' dir='ltr'>ἐστιν</span> <span class='ocrx_word' id='word_1_772' title='bbox 2458 3490 2487 3542; x_wconf 84' lang='grc' dir='ltr'>ὁ</span> <span class='ocrx_word' id='word_1_773' title='bbox 2515 3490 2708 3559; x_wconf 79' lang='grc' dir='ltr'>λέγων,</span> <span class='ocrx_word' id='word_1_774' title='bbox 2731 3493 2852 3546; x_wconf 82' lang='grc' dir='ltr'><strong>Οὐκ</strong></span> <span class='ocrx_word' id='word_1_775' title='bbox 2880 3491 3010 3546; x_wconf 78' lang='grc' dir='ltr'>ἐστι</span> <span class='ocrx_word' id='word_1_776' title='bbox 3031 3493 3198 3562; x_wconf 73' lang='grc' dir='ltr'><strong>πλὴν</strong></span> <span class='ocrx_word' id='word_1_777' title='bbox 3215 3493 3360 3563; x_wconf 79' lang='grc' dir='ltr'>ἐμοῦ</span> <span class='ocrx_word' id='word_1_778' title='bbox 3381 3497 3554 3562; x_wconf 83' lang='grc' dir='ltr'>Θεός;</span> <span class='ocrx_word' id='word_1_779' title='bbox 3570 3497 3792 3550; x_wconf 70' lang='grc' dir='ltr'>Ἀκουέο</span> 
     </span>
    </p>
   </div>
   <div class='ocr_carea' id='block_1_89' title="bbox 2225 3581 3792 3656">
    <p class='ocr_par' dir='ltr' id='par_1_89' title="bbox 2225 3581 3792 3656">
     <span class='ocr_line' id='line_1_89' title="bbox 2225 3581 3792 3656; baseline 0.007 -26"><span class='ocrx_word' id='word_1_780' title='bbox 2225 3601 2242 3630; x_wconf 74' lang='grc' dir='ltr'><strong>ε</strong></span> <span class='ocrx_word' id='word_1_781' title='bbox 2280 3599 2357 3635; x_wconf 89' lang='grc' dir='ltr'><strong>τω</strong></span> <span class='ocrx_word' id='word_1_782' title='bbox 2376 3581 2433 3636; x_wconf 81' lang='grc' dir='ltr'>δὲ</span> <span class='ocrx_word' id='word_1_783' title='bbox 2461 3583 2556 3636; x_wconf 73' lang='grc' dir='ltr'><strong>καὶ</strong></span> <span class='ocrx_word' id='word_1_784' title='bbox 2583 3583 2776 3653; x_wconf 79' lang='grc' dir='ltr'>ἐτέρας</span> <span class='ocrx_word' id='word_1_785' title='bbox 2811 3584 3146 3656; x_wconf 84' lang='grc' dir='ltr'>προφητείας</span> <span class='ocrx_word' id='word_1_786' title='bbox 3189 3585 3471 3654; x_wconf 82' lang='grc' dir='ltr'>λεγούσης,</span> <span class='ocrx_word' id='word_1_787' title='bbox 3511 3589 3631 3641; x_wconf 82' lang='grc' dir='ltr'><strong>Οὐκ</strong></span> <span class='ocrx_word' id='word_1_788' title='bbox 3657 3587 3792 3641; x_wconf 82' lang='grc' dir='ltr'>ἐστι</span> 
     </span>
    </p>
   </div>
   <div class='ocr_carea' id='block_1_90' title="bbox 2225 3669 3792 3742">
    <p class='ocr_par' dir='ltr' id='par_1_90' title="bbox 2225 3669 3792 3742">
     <span class='ocr_line' id='line_1_90' title="bbox 2225 3669 3792 3742; baseline 0.004 -20"><span class='ocrx_word' id='word_1_789' title='bbox 2225 3689 2242 3721; x_wconf 78' lang='grc' dir='ltr'><strong>ι</strong></span> <span class='ocrx_word' id='word_1_790' title='bbox 2282 3669 2448 3738; x_wconf 76' lang='grc' dir='ltr'>πλὴν</span> <span class='ocrx_word' id='word_1_791' title='bbox 2472 3670 2620 3741; x_wconf 83' lang='grc' dir='ltr'>ἐμοῦ</span> <span class='ocrx_word' id='word_1_792' title='bbox 2645 3671 2874 3738; x_wconf 83' lang='grc' dir='ltr'>δίκαιος</span> <span class='ocrx_word' id='word_1_793' title='bbox 2901 3672 3000 3726; x_wconf 79' lang='grc' dir='ltr'>καί</span> <span class='ocrx_word' id='word_1_794' title='bbox 3026 3672 3243 3742; x_wconf 83' lang='grc' dir='ltr'>Σωτήρ.</span> <span class='ocrx_word' id='word_1_795' title='bbox 3271 3675 3332 3727; x_wconf 78' lang='lat' dir='ltr'><strong>Ei</strong></span> <span class='ocrx_word' id='word_1_796' title='bbox 3350 3674 3442 3728; x_wconf 81' lang='grc' dir='ltr'>δύο</span> <span class='ocrx_word' id='word_1_797' title='bbox 3481 3673 3635 3739; x_wconf 79' lang='grc' dir='ltr'>θεοὺς</span> <span class='ocrx_word' id='word_1_798' title='bbox 3649 3671 3792 3730; x_wconf 74' lang='grc' dir='ltr'>εἶναι</span> 
     </span>
    </p>
   </div>
   <div class='ocr_carea' id='block_1_91' title="bbox 2224 3761 3789 3838">
    <p class='ocr_par' dir='ltr' id='par_1_91' title="bbox 2224 3761 3789 3838">
     <span class='ocr_line' id='line_1_91' title="bbox 2224 3761 3789 3838; baseline 0.004 -25"><span class='ocrx_word' id='word_1_799' title='bbox 2224 3783 2242 3811; x_wconf 73' lang='grc' dir='ltr'><strong>ι</strong></span> <span class='ocrx_word' id='word_1_800' title='bbox 2279 3761 2505 3833; x_wconf 79' lang='grc' dir='ltr'>νομίζοι,</span> <span class='ocrx_word' id='word_1_801' title='bbox 2539 3761 2749 3834; x_wconf 79' lang='grc' dir='ltr'>ἀνάγκη</span> <span class='ocrx_word' id='word_1_802' title='bbox 2784 3763 2944 3817; x_wconf 75' lang='grc' dir='ltr'>αὐτὸν</span> <span class='ocrx_word' id='word_1_803' title='bbox 2973 3763 3063 3817; x_wconf 76' lang='grc' dir='ltr'><strong>τὸν</strong></span> <span class='ocrx_word' id='word_1_804' title='bbox 3097 3764 3280 3835; x_wconf 71' lang='grc' dir='ltr'>ἕτερον</span> <span class='ocrx_word' id='word_1_805' title='bbox 3324 3765 3398 3835; x_wconf 82' lang='grc' dir='ltr'>μὴ</span> <span class='ocrx_word' id='word_1_806' title='bbox 3425 3765 3629 3820; x_wconf 83' lang='grc' dir='ltr'>δίκαιον</span> <span class='ocrx_word' id='word_1_807' title='bbox 3652 3768 3789 3838; x_wconf 77' lang='grc' dir='ltr'>ὁμο-</span> 
     </span>
    </p>
   </div>
   <div class='ocr_carea' id='block_1_92' title="bbox 2225 3849 3788 3927">
    <p class='ocr_par' dir='ltr' id='par_1_92' title="bbox 2225 3849 3788 3927">
     <span class='ocr_line' id='line_1_92' title="bbox 2225 3849 3788 3927; baseline 0.005 -25"><span class='ocrx_word' id='word_1_808' title='bbox 2225 3871 2242 3902; x_wconf 75' lang='lat' dir='ltr'><strong>t</strong></span> <span class='ocrx_word' id='word_1_809' title='bbox 2275 3853 2447 3922; x_wconf 80' lang='grc' dir='ltr'>λογεῖν</span> <span class='ocrx_word' id='word_1_810' title='bbox 2479 3849 2616 3908; x_wconf 75' lang='grc' dir='ltr'>εἶναι</span> <span class='ocrx_word' id='word_1_811' title='bbox 2647 3855 2780 3926; x_wconf 84' lang='grc' dir='ltr'>μηδὲ</span> <span class='ocrx_word' id='word_1_812' title='bbox 2827 3855 3052 3926; x_wconf 81' lang='grc' dir='ltr'>Σωτῆρα</span> <span class='ocrx_word' id='word_1_813' title='bbox 3111 3854 3247 3927; x_wconf 78' lang='grc'>(91).</span> <span class='ocrx_word' id='word_1_814' title='bbox 3283 3857 3345 3909; x_wconf 85' lang='grc' dir='ltr'><strong>Εἰ</strong></span> <span class='ocrx_word' id='word_1_815' title='bbox 3390 3857 3446 3910; x_wconf 82' lang='grc' dir='ltr'>δὲ</span> <span class='ocrx_word' id='word_1_816' title='bbox 3473 3859 3532 3910; x_wconf 75' lang='grc' dir='ltr'>οὐ</span> <span class='ocrx_word' id='word_1_817' title='bbox 3557 3858 3788 3925; x_wconf 84' lang='grc' dir='ltr'>δίκαιος,</span> 
     </span>
    </p>
   </div>
   <div class='ocr_carea' id='block_1_93' title="bbox 2225 3942 3793 4017">
    <p class='ocr_par' dir='ltr' id='par_1_93' title="bbox 2225 3942 3793 4017">
     <span class='ocr_line' id='line_1_93' title="bbox 2225 3942 3793 4017; baseline 0.005 -23"><span class='ocrx_word' id='word_1_818' title='bbox 2225 3967 2240 3994; x_wconf 78' lang='grc' dir='ltr'><strong>ι</strong></span> <span class='ocrx_word' id='word_1_819' title='bbox 2283 3943 2402 3997; x_wconf 71' lang='grc' dir='ltr'>οὐδὲ</span> <span class='ocrx_word' id='word_1_820' title='bbox 2427 3943 2633 4015; x_wconf 80' lang='grc' dir='ltr'>Σωτὴρ,</span> <span class='ocrx_word' id='word_1_821' title='bbox 2669 3944 2786 4008; x_wconf 85' lang='grc' dir='ltr'><strong>πῶς</strong></span> <span class='ocrx_word' id='word_1_822' title='bbox 2837 3944 2915 3998; x_wconf 81' lang='grc' dir='ltr'>ἑτι</span> <span class='ocrx_word' id='word_1_823' title='bbox 2951 3945 3062 4017; x_wconf 65' lang='lat'><strong>(92)</strong></span> <span class='ocrx_word' id='word_1_824' title='bbox 3085 3945 3215 4010; x_wconf 79' lang='grc' dir='ltr'>Θεὸς</span> <span class='ocrx_word' id='word_1_825' title='bbox 3247 3942 3383 4001; x_wconf 77' lang='grc' dir='ltr'>εἶναι</span> <span class='ocrx_word' id='word_1_826' title='bbox 3409 3946 3658 4012; x_wconf 78' lang='grc' dir='ltr'>δύναταις</span> <span class='ocrx_word' id='word_1_827' title='bbox 3691 3948 3793 4002; x_wconf 79' lang='grc' dir='ltr'><strong>ἕνα</strong></span> 
     </span>
    </p>
   </div>
   <div class='ocr_carea' id='block_1_94' title="bbox 2224 4035 3792 4109">
    <p class='ocr_par' dir='ltr' id='par_1_94' title="bbox 2224 4035 3792 4109">
     <span class='ocr_line' id='line_1_94' title="bbox 2224 4035 3792 4109; baseline 0.004 -23"><span class='ocrx_word' id='word_1_828' title='bbox 2224 4055 2242 4086; x_wconf 77' lang='grc' dir='ltr'><strong>ι</strong></span> <span class='ocrx_word' id='word_1_829' title='bbox 2283 4035 2392 4107; x_wconf 82' lang='grc' dir='ltr'>γὰρ</span> <span class='ocrx_word' id='word_1_830' title='bbox 2433 4036 2788 4105; x_wconf 85' lang='grc' dir='ltr'>ἀποφαίνεται</span> <span class='ocrx_word' id='word_1_831' title='bbox 2832 4037 3040 4091; x_wconf 81' lang='grc' dir='ltr'>δίκαιον</span> <span class='ocrx_word' id='word_1_832' title='bbox 3095 4037 3189 4090; x_wconf 70' lang='grc' dir='ltr'><strong>καὶ</strong></span> <span class='ocrx_word' id='word_1_833' title='bbox 3225 4039 3451 4109; x_wconf 75' lang='grc' dir='ltr'>Σωτῆρα</span> <span class='ocrx_word' id='word_1_834' title='bbox 3483 4036 3640 4091; x_wconf 86' lang='grc' dir='ltr'>εἶναι.</span> <span class='ocrx_word' id='word_1_835' title='bbox 3676 4039 3792 4092; x_wconf 71' lang='grc' dir='ltr'>Καὶ</span> 
     </span>
    </p>
   </div>
   <div class='ocr_carea' id='block_1_95' title="bbox 2224 4124 3790 4201">
    <p class='ocr_par' dir='ltr' id='par_1_95' title="bbox 2224 4124 3790 4201">
     <span class='ocr_line' id='line_1_95' title="bbox 2224 4124 3790 4201; baseline 0.004 -25"><span class='ocrx_word' id='word_1_836' title='bbox 2224 4146 2242 4176; x_wconf 71' lang='grc' dir='ltr'><strong>ι</strong></span> <span class='ocrx_word' id='word_1_837' title='bbox 2276 4124 2448 4192; x_wconf 75' lang='grc' dir='ltr'>αὖθις,</span> <span class='ocrx_word' id='word_1_838' title='bbox 2485 4127 2857 4198; x_wconf 80' lang='grc' dir='ltr'>Ἐμπροσθέν</span> <span class='ocrx_word' id='word_1_839' title='bbox 2878 4147 2998 4198; x_wconf 85' lang='grc' dir='ltr'><strong>μου</strong></span> <span class='ocrx_word' id='word_1_840' title='bbox 3037 4129 3170 4201; x_wconf 85' lang='grc'>(95),</span> <span class='ocrx_word' id='word_1_841' title='bbox 3202 4130 3384 4200; x_wconf 76' lang='grc' dir='ltr'>φησὶν,</span> <span class='ocrx_word' id='word_1_842' title='bbox 3414 4131 3524 4183; x_wconf 79' lang='grc' dir='ltr'><strong>οὐκ</strong></span> <span class='ocrx_word' id='word_1_843' title='bbox 3554 4129 3790 4199; x_wconf 74' lang='grc' dir='ltr'>ἐγένετο</span> 
     </span>
    </p>
   </div>
   <div class='ocr_carea' id='block_1_96' title="bbox 2225 4217 3793 4290">
    <p class='ocr_par' dir='ltr' id='par_1_96' title="bbox 2225 4217 3793 4290">
     <span class='ocr_line' id='line_1_96' title="bbox 2225 4217 3793 4290; baseline 0.001 -20"><span class='ocrx_word' id='word_1_844' title='bbox 2225 4238 2242 4270; x_wconf 74' lang='grc' dir='ltr'><strong>ι</strong></span> <span class='ocrx_word' id='word_1_845' title='bbox 2284 4217 2491 4284; x_wconf 71' lang='grc' dir='ltr'>ἄλλος,</span> <span class='ocrx_word' id='word_1_846' title='bbox 2509 4219 2606 4272; x_wconf 81' lang='grc' dir='ltr'><strong>καὶ</strong></span> <span class='ocrx_word' id='word_1_847' title='bbox 2643 4221 2769 4288; x_wconf 81' lang='grc' dir='ltr'>μετ’</span> <span class='ocrx_word' id='word_1_848' title='bbox 2799 4218 2904 4289; x_wconf 84' lang='grc' dir='ltr'><strong>ἐμὲ</strong></span> <span class='ocrx_word' id='word_1_849' title='bbox 2935 4222 3045 4274; x_wconf 81' lang='grc' dir='ltr'><strong>οὐκ</strong></span> <span class='ocrx_word' id='word_1_850' title='bbox 3086 4220 3276 4274; x_wconf 82' lang='grc' dir='ltr'>ἔσται.</span> <span class='ocrx_word' id='word_1_851' title='bbox 3318 4220 3462 4290; x_wconf 77' lang='grc' dir='ltr'><strong>Ἐγὼ</strong></span> <span class='ocrx_word' id='word_1_852' title='bbox 3493 4221 3654 4286; x_wconf 85' lang='grc' dir='ltr'>Θεὸς,</span> <span class='ocrx_word' id='word_1_853' title='bbox 3691 4219 3793 4272; x_wconf 71' lang='grc' dir='ltr'><strong>καὶ</strong></span> 
     </span>
    </p>
   </div>
   <div class='ocr_carea' id='block_1_97' title="bbox 2226 4310 3792 4382">
    <p class='ocr_par' dir='ltr' id='par_1_97' title="bbox 2226 4310 3792 4382">
     <span class='ocr_line' id='line_1_97' title="bbox 2226 4310 3792 4382; baseline 0.002 -19"><span class='ocrx_word' id='word_1_854' title='bbox 2226 4331 2243 4363; x_wconf 76' lang='grc' dir='ltr'><strong>ι</strong></span> <span class='ocrx_word' id='word_1_855' title='bbox 2284 4314 2392 4367; x_wconf 82' lang='grc' dir='ltr'><strong>οὐκ</strong></span> <span class='ocrx_word' id='word_1_856' title='bbox 2418 4312 2588 4366; x_wconf 77' lang='grc' dir='ltr'>ἔσται</span> <span class='ocrx_word' id='word_1_857' title='bbox 2616 4312 2805 4380; x_wconf 77' lang='grc' dir='ltr'>παρὲξ</span> <span class='ocrx_word' id='word_1_858' title='bbox 2830 4310 2972 4380; x_wconf 84' lang='grc' dir='ltr'>ἐμοῦ</span> <span class='ocrx_word' id='word_1_859' title='bbox 3003 4310 3219 4372; x_wconf 75' lang='grc' dir='ltr'><strong>σώζων.</strong></span> <span class='ocrx_word' id='word_1_860' title='bbox 3248 4313 3310 4366; x_wconf 89' lang='grc' dir='ltr'>Εἰ</span> <span class='ocrx_word' id='word_1_861' title='bbox 3336 4312 3392 4365; x_wconf 77' lang='grc' dir='ltr'>δὲ</span> <span class='ocrx_word' id='word_1_862' title='bbox 3419 4311 3660 4382; x_wconf 74' lang='grc' dir='ltr'>βούλεται</span> <span class='ocrx_word' id='word_1_863' title='bbox 3693 4315 3792 4366; x_wconf 72' lang='grc' dir='ltr'><strong>καὶ</strong></span> 
     </span>
    </p>
   </div>
   <div class='ocr_carea' id='block_1_98' title="bbox 2225 4398 3791 4472">
    <p class='ocr_par' dir='ltr' id='par_1_98' title="bbox 2225 4398 3791 4472">
     <span class='ocr_line' id='line_1_98' title="bbox 2225 4398 3791 4472; baseline 0.001 -20"><span class='ocrx_word' id='word_1_864' title='bbox 2225 4420 2242 4452; x_wconf 78' lang='grc' dir='ltr'><strong>ι</strong></span> <span class='ocrx_word' id='word_1_865' title='bbox 2277 4402 2463 4470; x_wconf 78' lang='grc' dir='ltr'>ἑτέρου</span> <span class='ocrx_word' id='word_1_866' title='bbox 2512 4398 2852 4472; x_wconf 81' lang='grc' dir='ltr'>προφητικοῦ.</span> <span class='ocrx_word' id='word_1_867' title='bbox 2885 4398 3113 4454; x_wconf 78' lang='grc' dir='ltr'>ἀκοῦσαι</span> <span class='ocrx_word' id='word_1_868' title='bbox 3143 4400 3325 4471; x_wconf 75' lang='grc' dir='ltr'>ῥητοῦ,</span> <span class='ocrx_word' id='word_1_869' title='bbox 3360 4402 3498 4470; x_wconf 83' lang='grc' dir='ltr'>τάχα</span> <span class='ocrx_word' id='word_1_870' title='bbox 3531 4418 3633 4454; x_wconf 89' lang='grc' dir='ltr'>που.</span> <span class='ocrx_word' id='word_1_871' title='bbox 3653 4402 3791 4472; x_wconf 85' lang='grc' dir='ltr'>πρὸς</span> 
     </span>
    </p>
   </div>
   <div class='ocr_carea' id='block_1_99' title="bbox 2227 4490 3790 4562">
    <p class='ocr_par' dir='ltr' id='par_1_99' title="bbox 2227 4490 3790 4562">
     <span class='ocr_line' id='line_1_99' title="bbox 2227 4490 3790 4562; baseline 0.002 -19"><span class='ocrx_word' id='word_1_872' title='bbox 2227 4511 2242 4543; x_wconf 80' lang='grc' dir='ltr'><strong>ι</strong></span> <span class='ocrx_word' id='word_1_873' title='bbox 2277 4492 2433 4546; x_wconf 72' lang='grc' dir='ltr'>αὑτὸν</span> <span class='ocrx_word' id='word_1_874' title='bbox 2463 4493 2558 4545; x_wconf 76' lang='grc' dir='ltr'>καὶ</span> <span class='ocrx_word' id='word_1_875' title='bbox 2590 4493 2715 4556; x_wconf 80' lang='grc' dir='ltr'>τοὺς</span> <span class='ocrx_word' id='word_1_876' title='bbox 2747 4490 2948 4562; x_wconf 84' lang='grc' dir='ltr'>ὁμοίως</span> <span class='ocrx_word' id='word_1_877' title='bbox 2976 4491 3103 4562; x_wconf 76' lang='grc' dir='ltr'>περὶ</span> <span class='ocrx_word' id='word_1_878' title='bbox 3130 4490 3380 4562; x_wconf 73' lang='grc' dir='ltr'>θεότητος</span> <span class='ocrx_word' id='word_1_879' title='bbox 3411 4491 3558 4562; x_wconf 81' lang='grc' dir='ltr'>αὐτῷ</span> <span class='ocrx_word' id='word_1_880' title='bbox 3587 4493 3790 4546; x_wconf 82' lang='grc' dir='ltr'>διακει-</span> 
     </span>
    </p>
   </div>
   <div class='ocr_carea' id='block_1_100' title="bbox 2231 4581 3791 4654">
    <p class='ocr_par' dir='ltr' id='par_1_100' title="bbox 2231 4581 3791 4654">
     <span class='ocr_line' id='line_1_100' title="bbox 2231 4581 3791 4654; baseline 0.001 -19"><span class='ocrx_word' id='word_1_881' title='bbox 2231 4604 2249 4635; x_wconf 78' lang='grc' dir='ltr'><strong>ι</strong></span> <span class='ocrx_word' id='word_1_882' title='bbox 2293 4585 2484 4654; x_wconf 84' lang='grc' dir='ltr'>μένους</span> <span class='ocrx_word' id='word_1_883' title='bbox 2505 4582 2782 4654; x_wconf 84' lang='grc' dir='ltr'>λεχθέντος</span> <span class='ocrx_word' id='word_1_884' title='bbox 2819 4582 2950 4653; x_wconf 73' lang='grc'>(94),</span> <span class='ocrx_word' id='word_1_885' title='bbox 2972 4582 3215 4636; x_wconf 81' lang='grc' dir='ltr'>ἀκουέτω</span> <span class='ocrx_word' id='word_1_886' title='bbox 3249 4581 3410 4636; x_wconf 78' lang='grc' dir='ltr'>αὑτοῦ</span> <span class='ocrx_word' id='word_1_887' title='bbox 3453 4583 3668 4637; x_wconf 76' lang='grc' dir='ltr'>Ἡσαΐου</span> <span class='ocrx_word' id='word_1_888' title='bbox 3702 4583 3791 4636; x_wconf 85' lang='grc' dir='ltr'><strong>λέ-</strong></span> 
     </span>
    </p>
   </div>
   <div class='ocr_carea' id='block_1_101' title="bbox 2231 4671 3791 4744">
    <p class='ocr_par' dir='ltr' id='par_1_101' title="bbox 2231 4671 3791 4744">
     <span class='ocr_line' id='line_1_101' title="bbox 2231 4671 3791 4744; baseline 0.001 -18"><span class='ocrx_word' id='word_1_889' title='bbox 2231 4696 2248 4726; x_wconf 83' lang='grc'><strong>‹</strong></span> <span class='ocrx_word' id='word_1_890' title='bbox 2288 4692 2494 4744; x_wconf 85' lang='grc' dir='ltr'>γοντος,</span> <span class='ocrx_word' id='word_1_891' title='bbox 2529 4674 2971 4740; x_wconf 76' lang='grc' dir='ltr'>Μετανοήσατε,</span> <span class='ocrx_word' id='word_1_892' title='bbox 2999 4677 3051 4727; x_wconf 78' lang='grc' dir='ltr'>οἱ</span> <span class='ocrx_word' id='word_1_893' title='bbox 3091 4671 3483 4741; x_wconf 75' lang='grc' dir='ltr'>πλανώμενοι,</span> <span class='ocrx_word' id='word_1_894' title='bbox 3521 4673 3791 4742; x_wconf 78' lang='grc' dir='ltr'>ἐπιστρέ-</span> 
     </span>
    </p>
   </div>
   <div class='ocr_carea' id='block_1_102' title="bbox 2230 4764 3788 4836">
    <p class='ocr_par' dir='ltr' id='par_1_102' title="bbox 2230 4764 3788 4836">
     <span class='ocr_line' id='line_1_102' title="bbox 2230 4764 3788 4836; baseline -0.001 -16"><span class='ocrx_word' id='word_1_895' title='bbox 2230 4787 2247 4820; x_wconf 82' lang='lat' dir='ltr'><strong>t</strong></span> <span class='ocrx_word' id='word_1_896' title='bbox 2286 4771 2438 4836; x_wconf 70' lang='grc' dir='ltr'>ψατε</span> <span class='ocrx_word' id='word_1_897' title='bbox 2470 4765 2544 4835; x_wconf 75' lang='grc' dir='ltr'>τῇ</span> <span class='ocrx_word' id='word_1_898' title='bbox 2576 4766 2805 4835; x_wconf 79' lang='grc' dir='ltr'>καρδίᾳ,</span> <span class='ocrx_word' id='word_1_899' title='bbox 2834 4765 2929 4820; x_wconf 79' lang='grc' dir='ltr'><strong>καὶ</strong></span> <span class='ocrx_word' id='word_1_900' title='bbox 2943 4764 3254 4836; x_wconf 77' lang='grc' dir='ltr'>μνήσθητε</span> <span class='ocrx_word' id='word_1_901' title='bbox 3275 4764 3347 4818; x_wconf 81' lang='grc' dir='ltr'>τὰ</span> <span class='ocrx_word' id='word_1_902' title='bbox 3378 4767 3648 4836; x_wconf 78' lang='grc' dir='ltr'>πρότερα,</span> <span class='ocrx_word' id='word_1_903' title='bbox 3669 4766 3788 4820; x_wconf 81' lang='grc' dir='ltr'>ἀπὸ</span> 
     </span>
    </p>
   </div>
   <div class='ocr_carea' id='block_1_103' title="bbox 2228 4855 3790 4927">
    <p class='ocr_par' dir='ltr' id='par_1_103' title="bbox 2228 4855 3790 4927">
     <span class='ocr_line' id='line_1_103' title="bbox 2228 4855 3790 4927; baseline -0.001 -17"><span class='ocrx_word' id='word_1_904' title='bbox 2228 4879 2246 4910; x_wconf 78' lang='grc' dir='ltr'><strong>ι</strong></span> <span class='ocrx_word' id='word_1_905' title='bbox 2290 4859 2393 4913; x_wconf 87' lang='grc' dir='ltr'><strong>τοῦ</strong></span> <span class='ocrx_word' id='word_1_906' title='bbox 2422 4857 2654 4924; x_wconf 71' lang='grc' dir='ltr'>αἰῶνος,</span> <span class='ocrx_word' id='word_1_907' title='bbox 2689 4857 2775 4910; x_wconf 86' lang='grc' dir='ltr'>ὅτι</span> <span class='ocrx_word' id='word_1_908' title='bbox 2799 4856 2912 4927; x_wconf 60' lang='grc' dir='ltr'><strong>ἐγὼ</strong></span> <span class='ocrx_word' id='word_1_909' title='bbox 2935 4860 2967 4910; x_wconf 86' lang='grc' dir='ltr'><em>ὁ</em></span> <span class='ocrx_word' id='word_1_910' title='bbox 3013 4856 3173 4924; x_wconf 84' lang='grc' dir='ltr'>Θεὸς,</span> <span class='ocrx_word' id='word_1_911' title='bbox 3214 4855 3439 4910; x_wconf 80' lang='grc' dir='ltr'><strong>καὶούκ</strong></span> <span class='ocrx_word' id='word_1_912' title='bbox 3472 4857 3602 4910; x_wconf 83' lang='grc' dir='ltr'>ἔστι</span> <span class='ocrx_word' id='word_1_913' title='bbox 3623 4857 3790 4923; x_wconf 70' lang='grc' dir='ltr'>πλὴν</span> 
     </span>
    </p>
   </div>
   <div class='ocr_carea' id='block_1_104' title="bbox 2227 4944 3789 5019">
    <p class='ocr_par' dir='ltr' id='par_1_104' title="bbox 2227 4944 3789 5019">
     <span class='ocr_line' id='line_1_104' title="bbox 2227 4944 3789 5019; baseline -0.001 -18"><span class='ocrx_word' id='word_1_914' title='bbox 2227 4969 2244 5001; x_wconf 81' lang='grc' dir='ltr'><strong>ι</strong></span> <span class='ocrx_word' id='word_1_915' title='bbox 2274 4949 2440 5019; x_wconf 81' lang='grc' dir='ltr'>ἐμοῦ.</span> <span class='ocrx_word' id='word_1_916' title='bbox 2476 4950 2587 5003; x_wconf 79' lang='grc' dir='ltr'><strong>Οὐκ</strong></span> <span class='ocrx_word' id='word_1_917' title='bbox 2630 4944 2804 5010; x_wconf 83' lang='grc' dir='ltr'>εἶπεν,</span> <span class='ocrx_word' id='word_1_918' title='bbox 2847 4948 2961 5017; x_wconf 74' lang='grc' dir='ltr'>ἐγὼ</span> <span class='ocrx_word' id='word_1_919' title='bbox 2999 4947 3161 5014; x_wconf 77' lang='grc' dir='ltr'>Θεὸς,</span> <span class='ocrx_word' id='word_1_920' title='bbox 3203 4948 3290 5000; x_wconf 82' lang='grc' dir='ltr'><strong>ἵνα</strong></span> <span class='ocrx_word' id='word_1_921' title='bbox 3331 4947 3424 5000; x_wconf 74' lang='grc' dir='ltr'>καὶ</span> <span class='ocrx_word' id='word_1_922' title='bbox 3450 4946 3536 5000; x_wconf 80' lang='grc' dir='ltr'>διὰ</span> <span class='ocrx_word' id='word_1_923' title='bbox 3566 4947 3664 5017; x_wconf 79' lang='grc' dir='ltr'>τῆς</span> <span class='ocrx_word' id='word_1_924' title='bbox 3691 4947 3789 4999; x_wconf 70' lang='grc' dir='ltr'><strong>τοῦ</strong></span> 
     </span>
    </p>
   </div>
   <div class='ocr_carea' id='block_1_105' title="bbox 2227 5037 3787 5112">
    <p class='ocr_par' dir='ltr' id='par_1_105' title="bbox 2227 5037 3787 5112">
     <span class='ocr_line' id='line_1_105' title="bbox 2227 5037 3787 5112; baseline 0 -20"><span class='ocrx_word' id='word_1_925' title='bbox 2227 5060 2245 5092; x_wconf 77' lang='grc' dir='ltr'><strong>ι</strong></span> <span class='ocrx_word' id='word_1_926' title='bbox 2288 5040 2490 5112; x_wconf 84' lang='grc' dir='ltr'>ἄρθρου</span> <span class='ocrx_word' id='word_1_927' title='bbox 2518 5039 2854 5111; x_wconf 83' lang='grc' dir='ltr'>προσθήκης,</span> <span class='ocrx_word' id='word_1_928' title='bbox 2883 5039 2978 5091; x_wconf 74' lang='grc' dir='ltr'><strong>ἕνα</strong></span> <span class='ocrx_word' id='word_1_929' title='bbox 3011 5038 3141 5092; x_wconf 84' lang='grc' dir='ltr'>Θεὸν</span> <span class='ocrx_word' id='word_1_930' title='bbox 3165 5038 3290 5093; x_wconf 74' lang='grc' dir='ltr'>ὄντα</span> <span class='ocrx_word' id='word_1_931' title='bbox 3317 5038 3502 5108; x_wconf 86' lang='grc' dir='ltr'>σαφῶς</span> <span class='ocrx_word' id='word_1_932' title='bbox 3524 5037 3787 5110; x_wconf 72' lang='grc' dir='ltr'>ἐπιδείξῃ.</span> 
     </span>
    </p>
   </div>
   <div class='ocr_carea' id='block_1_106' title="bbox 630 5154 2119 5226">
    <p class='ocr_par' dir='ltr' id='par_1_106' title="bbox 630 5155 2112 5226">
     <span class='ocr_line' id='line_1_106' title="bbox 630 5155 2112 5226; baseline 0.005 -20"><span class='ocrx_word' id='word_1_933' title='bbox 630 5161 689 5218; x_wconf 57' lang='grc' dir='ltr'><strong>»Β</strong></span> <span class='ocrx_word' id='word_1_934' title='bbox 724 5155 832 5226; x_wconf 59' lang='grc' dir='ltr'><strong>ΕΛ1</strong></span> <span class='ocrx_word' id='word_1_935' title='bbox 864 5155 1065 5217; x_wconf 87' lang='lat' dir='ltr'><strong>Paris.,</strong></span> <span class='ocrx_word' id='word_1_936' title='bbox 1091 5157 1344 5226; x_wconf 66' lang='lat' dir='ltr'><strong>pangiZ’i.</strong></span> <span class='ocrx_word' id='word_1_937' title='bbox 1422 5158 1467 5188; x_wconf 73' lang='lat'>“</span> <span class='ocrx_word' id='word_1_938' title='bbox 1487 5155 1692 5210; x_wconf 80' lang='lat' dir='ltr'><strong>Baruch</strong></span> <span class='ocrx_word' id='word_1_939' title='bbox 1724 5157 2017 5224; x_wconf 80' lang='lat' dir='ltr'><strong>ttt,‘56-&#39;58.</strong></span> <span class='ocrx_word' id='word_1_940' title='bbox 2092 5159 2112 5190; x_wconf 84' lang='grc'><em>³</em></span> 
     </span>
    </p>
   </div>
   <div class='ocr_carea' id='block_1_107' title="bbox 2223 5154 3781 5226">
    <p class='ocr_par' dir='ltr' id='par_1_107' title="bbox 2223 5154 3781 5222">
     <span class='ocr_line' id='line_1_107' title="bbox 2223 5154 3781 5222; baseline -0.004 -10"><span class='ocrx_word' id='word_1_941' title='bbox 2223 5175 2272 5212; x_wconf 84' lang='lat' dir='ltr'><strong>a.</strong></span> <span class='ocrx_word' id='word_1_942' title='bbox 2303 5172 2426 5222; x_wconf 70' lang='grc' dir='ltr'>ιιν,</span> <span class='ocrx_word' id='word_1_943' title='bbox 2469 5155 2554 5210; x_wconf 60' lang='lat' dir='ltr'><strong>Ii.</strong></span> <span class='ocrx_word' id='word_1_944' title='bbox 2632 5156 2676 5188; x_wconf 80' lang='grc'>⁸⁷</span> <span class='ocrx_word' id='word_1_945' title='bbox 2711 5155 2840 5210; x_wconf 83' lang='lat' dir='ltr'><strong>ibid.</strong></span> <span class='ocrx_word' id='word_1_946' title='bbox 2870 5155 2959 5212; x_wconf 76' lang='lat' dir='ltr'><strong>I8.</strong></span> <span class='ocrx_word' id='word_1_947' title='bbox 3037 5155 3084 5188; x_wconf 80' lang='grc'><strong>⁸⁸</strong></span> <span class='ocrx_word' id='word_1_948' title='bbox 3113 5155 3243 5212; x_wconf 87' lang='lat' dir='ltr'><strong>ibid.</strong></span> <span class='ocrx_word' id='word_1_949' title='bbox 3283 5156 3376 5212; x_wconf 74' lang='lat' dir='ltr'><strong>2L</strong></span> <span class='ocrx_word' id='word_1_950' title='bbox 3449 5156 3494 5189; x_wconf 85' lang='grc'><strong>¹⁹</strong></span> <span class='ocrx_word' id='word_1_951' title='bbox 3518 5154 3622 5210; x_wconf 83' lang='lat' dir='ltr'><strong>Isa.</strong></span> <span class='ocrx_word' id='word_1_952' title='bbox 3659 5171 3781 5222; x_wconf 71' lang='lat' dir='ltr'><strong>xu,</strong></span> 
     </span>
    </p>
   </div>
   <div class='ocr_carea' id='block_1_108' title="bbox 550 5222 1729 5292">
    <p class='ocr_par' dir='ltr' id='par_1_108' title="bbox 550 5222 1729 5292">
     <span class='ocr_line' id='line_1_108' title="bbox 550 5222 1729 5292; baseline 0.003 -14"><span class='ocrx_word' id='word_1_953' title='bbox 550 5224 641 5282; x_wconf 78' lang='lat'><strong>21.</strong></span> <span class='ocrx_word' id='word_1_954' title='bbox 716 5225 762 5255; x_wconf 87' lang='grc'>³⁰</span> <span class='ocrx_word' id='word_1_955' title='bbox 801 5222 924 5279; x_wconf 89' lang='lat' dir='ltr'><strong>Osc.</strong></span> <span class='ocrx_word' id='word_1_956' title='bbox 957 5222 1188 5290; x_wconf 55' lang='lat' dir='ltr'><strong>xut,&#39;4.&#39;</strong></span> <span class='ocrx_word' id='word_1_957' title='bbox 1245 5227 1287 5258; x_wconf 78' lang='grc'><strong>⁸⁸</strong></span> <span class='ocrx_word' id='word_1_958' title='bbox 1332 5228 1434 5282; x_wconf 86' lang='lat' dir='ltr'><strong>Isa.</strong></span> <span class='ocrx_word' id='word_1_959' title='bbox 1474 5242 1600 5292; x_wconf 71' lang='lat' dir='ltr'><strong>xu,</strong></span> <span class='ocrx_word' id='word_1_960' title='bbox 1638 5227 1729 5282; x_wconf 69' lang='lat'><strong>2‘2.</strong></span> 
     </span>
    </p>
   </div>
   <div class='ocr_carea' id='block_1_109' title="bbox 623 5365 2116 5439">
    <p class='ocr_par' dir='ltr' id='par_1_109' title="bbox 623 5365 2116 5439">
     <span class='ocr_line' id='line_1_109' title="bbox 623 5365 2116 5439; baseline 0.004 -19"><span class='ocrx_word' id='word_1_961' title='bbox 623 5365 736 5439; x_wconf 71' lang='grc'>(87)</span> <span class='ocrx_word' id='word_1_962' title='bbox 773 5366 943 5439; x_wconf 71' lang='grc' dir='ltr'>Ἰερὸς</span> <span class='ocrx_word' id='word_1_963' title='bbox 997 5370 1306 5439; x_wconf 64' lang='grc' dir='ltr'>προφήτης</span> <span class='ocrx_word' id='word_1_964' title='bbox 1353 5367 1647 5438; x_wconf 75' lang='grc' dir='ltr'>Ἱερεμίας.</span> <span class='ocrx_word' id='word_1_965' title='bbox 1703 5369 1878 5426; x_wconf 89' lang='lat' dir='ltr'><strong>Locus</strong></span> <span class='ocrx_word' id='word_1_966' title='bbox 1926 5380 2026 5436; x_wconf 85' lang='lat' dir='ltr'><strong>est,</strong></span> <span class='ocrx_word' id='word_1_967' title='bbox 2064 5372 2116 5426; x_wconf 95' lang='lat' dir='ltr'><strong>in</strong></span> 
     </span>
    </p>
   </div>
   <div class='ocr_carea' id='block_1_110' title="bbox 554 5437 2117 5510">
    <p class='ocr_par' dir='ltr' id='par_1_110' title="bbox 554 5437 2117 5510">
     <span class='ocr_line' id='line_1_110' title="bbox 554 5437 2117 5510; baseline 0.004 -20"><span class='ocrx_word' id='word_1_968' title='bbox 554 5437 815 5510; x_wconf 67' lang='lat' dir='ltr'><strong>propheta</strong></span> <span class='ocrx_word' id='word_1_969' title='bbox 858 5437 1091 5510; x_wconf 85' lang='lat' dir='ltr'><strong>Baruch,</strong></span> <span class='ocrx_word' id='word_1_970' title='bbox 1115 5437 1246 5510; x_wconf 48' lang='lat' dir='ltr'><strong>&#39;cap.</strong></span> <span class='ocrx_word' id='word_1_971' title='bbox 1284 5454 1362 5510; x_wconf 63' lang='grc' dir='ltr'>ιιι,</span> <span class='ocrx_word' id='word_1_972' title='bbox 1387 5439 1451 5491; x_wconf 77' lang='grc'><strong>57</strong></span> <span class='ocrx_word' id='word_1_973' title='bbox 1473 5437 1497 5504; x_wconf 55' lang='grc'><strong>;“</strong></span> <span class='ocrx_word' id='word_1_974' title='bbox 1523 5452 1732 5510; x_wconf 79' lang='lat' dir='ltr'><strong>veteres</strong></span> <span class='ocrx_word' id='word_1_975' title='bbox 1752 5443 1897 5497; x_wconf 81' lang='lat' dir='ltr'><strong>enim</strong></span> <span class='ocrx_word' id='word_1_976' title='bbox 1930 5441 2117 5497; x_wconf 86' lang='lat' dir='ltr'><strong>Patres</strong></span> 
     </span>
    </p>
   </div>
   <div class='ocr_carea' id='block_1_111' title="bbox 554 5506 1700 5575">
    <p class='ocr_par' dir='ltr' id='par_1_111' title="bbox 554 5506 1700 5575">
     <span class='ocr_line' id='line_1_111' title="bbox 554 5506 1700 5575; baseline 0.006 -18"><span class='ocrx_word' id='word_1_977' title='bbox 554 5506 751 5575; x_wconf 89' lang='lat' dir='ltr'><strong>passim</strong></span> <span class='ocrx_word' id='word_1_978' title='bbox 785 5507 991 5563; x_wconf 79' lang='lat' dir='ltr'><strong>Baruch</strong></span> <span class='ocrx_word' id='word_1_979' title='bbox 1022 5506 1299 5566; x_wconf 81' lang='lat' dir='ltr'><strong>ascribunt</strong></span> <span class='ocrx_word' id='word_1_980' title='bbox 1334 5506 1596 5566; x_wconf 69' lang='lat' dir='ltr'><strong>Jeretniae.</strong></span> <span class='ocrx_word' id='word_1_981' title='bbox 1628 5509 1700 5564; x_wconf 87' lang='lat' dir='ltr'><strong>M.</strong></span> 
     </span>
    </p>
   </div>
   <div class='ocr_carea' id='block_1_112' title="bbox 626 5575 1066 5648">
    <p class='ocr_par' dir='ltr' id='par_1_112' title="bbox 626 5575 1066 5648">
     <span class='ocr_line' id='line_1_112' title="bbox 626 5575 1066 5648; baseline 0.014 -20"><span class='ocrx_word' id='word_1_982' title='bbox 626 5575 737 5648; x_wconf 67' lang='grc'>(88)</span> <span class='ocrx_word' id='word_1_983' title='bbox 769 5575 937 5632; x_wconf 81' lang='grc' dir='ltr'>Τοῦτο</span> <span class='ocrx_word' id='word_1_984' title='bbox 956 5577 1066 5648; x_wconf 82' lang='lat' dir='ltr'><strong>Mp.</strong></span> 
     </span>
    </p>
   </div>
   <div class='ocr_carea' id='block_1_113' title="bbox 2224 5365 3790 5508">
    <p class='ocr_par' dir='ltr' id='par_1_113' title="bbox 2224 5365 3790 5508">
     <span class='ocr_line' id='line_1_113' title="bbox 2224 5365 3790 5508; baseline -0.003 -18"><span class='ocrx_word' id='word_1_985' title='bbox 2224 5365 2608 5507; x_wconf 45' lang='grc' dir='ltr'><strong>ΣἻΞΊῨΕἚω</strong></span> <span class='ocrx_word' id='word_1_986' title='bbox 2633 5435 2790 5508; x_wconf 75' lang='grc' dir='ltr'>μηδὲ</span> <span class='ocrx_word' id='word_1_987' title='bbox 2813 5436 3072 5508; x_wconf 65' lang='grc' dir='ltr'><strong>ΣωτῆραΪ</strong></span> <span class='ocrx_word' id='word_1_988' title='bbox 3094 5436 3335 5508; x_wconf 41' lang='lat' dir='ltr'><strong>Videtur</strong></span> <span class='ocrx_word' id='word_1_989' title='bbox 3372 5433 3685 5508; x_wconf 76' lang='lat' dir='ltr'><strong>legendum,</strong></span> <span class='ocrx_word' id='word_1_990' title='bbox 3709 5432 3790 5506; x_wconf 77' lang='grc' dir='ltr'>μὴ</span> 
     </span>
    </p>
   </div>
   <div class='ocr_carea' id='block_1_114' title="bbox 2216 5505 3790 5648">
    <p class='ocr_par' dir='ltr' id='par_1_114' title="bbox 2216 5505 3790 5648">
     <span class='ocr_line' id='line_1_114' title="bbox 2216 5505 3790 5648; baseline 0.001 -89"><span class='ocrx_word' id='word_1_991' title='bbox 2216 5505 2514 5648; x_wconf 48' lang='grc' dir='ltr'>ἑρδίίιαῇον,</span> <span class='ocrx_word' id='word_1_992' title='bbox 2549 5505 2680 5577; x_wconf 85' lang='grc' dir='ltr'>μηδὲ</span> <span class='ocrx_word' id='word_1_993' title='bbox 2695 5507 2942 5582; x_wconf 83' lang='grc' dir='ltr'>Σωτῆρα.</span> <span class='ocrx_word' id='word_1_994' title='bbox 2968 5505 3037 5564; x_wconf 76' lang='grc' dir='ltr'><strong>Μ.</strong></span> <span class='ocrx_word' id='word_1_995' title='bbox 3057 5505 3251 5579; x_wconf 74' lang='lat' dir='ltr'><strong>[Vulgo</strong></span> <span class='ocrx_word' id='word_1_996' title='bbox 3281 5505 3396 5564; x_wconf 88' lang='lat' dir='ltr'><strong>loco</strong></span> <span class='ocrx_word' id='word_1_997' title='bbox 3429 5505 3634 5560; x_wconf 86' lang='grc' dir='ltr'>δίκαιον</span> <span class='ocrx_word' id='word_1_998' title='bbox 3675 5505 3790 5577; x_wconf 64' lang='lat' dir='ltr'><strong>leg.</strong></span> 
     </span>
     <span class='ocr_line' id='line_1_115' title="bbox 2275 5593 2408 5632; baseline -0.03 0"><span class='ocrx_word' id='word_1_999' title='bbox 2275 5593 2408 5632; x_wconf 85' lang='grc' dir='ltr'>κειν.</span> 
     </span>
    </p>
   </div>
   <div class='ocr_carea' id='block_1_115' title="bbox 2275 5593 2408 5632">
    <p class='ocr_par' dir='ltr' id='par_1_115' title="bbox 2275 5593 2408 5632">
     <span class='ocr_line' id='line_1_116' title="bbox 2275 5593 2408 5632; baseline -0.03 0"><span class='ocrx_word' id='word_1_1000' title='bbox 2275 5593 2408 5632; x_wconf 86' lang='grc' dir='ltr'>κειν.</span> 
     </span>
    </p>
   </div>
   <div class='ocr_carea' id='block_1_116' title="bbox 2290 5645 2732 5718">
    <p class='ocr_par' dir='ltr' id='par_1_116' title="bbox 2290 5645 2732 5718">
     <span class='ocr_line' id='line_1_117' title="bbox 2290 5645 2732 5718; baseline 0 0"><span class='ocrx_word' id='word_1_1001' title='bbox 2290 5645 2604 5718; x_wconf 68' lang='grc' dir='ltr'><strong>(92)’Ϊυιεο</strong></span> <span class='ocrx_word' id='word_1_1002' title='bbox 2628 5646 2732 5718; x_wconf 65' lang='grc' dir='ltr'>δτι.</span> 
     </span>
    </p>
   </div>
   <div class='ocr_carea' id='block_1_117' title="bbox 2291 5715 2788 5788">
    <p class='ocr_par' dir='ltr' id='par_1_117' title="bbox 2291 5715 2788 5788">
     <span class='ocr_line' id='line_1_118' title="bbox 2291 5715 2788 5788; baseline 0 0"><span class='ocrx_word' id='word_1_1003' title='bbox 2291 5715 2404 5788; x_wconf 79' lang='grc'>(9⁵)</span> <span class='ocrx_word' id='word_1_1004' title='bbox 2435 5715 2604 5788; x_wconf 64' lang='lat' dir='ltr'><strong>YU&#39;SO</strong></span> <span class='ocrx_word' id='word_1_1005' title='bbox 2632 5716 2788 5788; x_wconf 63' lang='grc' dir='ltr'><strong>ἐμοῦτ</strong></span> 
     </span>
    </p>
   </div>
   <div class='ocr_carea' id='block_1_118' title="bbox 2295 5785 2842 5860">
    <p class='ocr_par' dir='ltr' id='par_1_118' title="bbox 2295 5785 2842 5860">
     <span class='ocr_line' id='line_1_119' title="bbox 2295 5785 2842 5860; baseline -0.007 -16"><span class='ocrx_word' id='word_1_1006' title='bbox 2295 5785 2405 5860; x_wconf 76' lang='lat' dir='ltr'><strong>(at)</strong></span> <span class='ocrx_word' id='word_1_1007' title='bbox 2443 5785 2610 5859; x_wconf 77' lang='lat' dir='ltr'><strong>Vulgo</strong></span> <span class='ocrx_word' id='word_1_1008' title='bbox 2636 5785 2842 5858; x_wconf 74' lang='grc' dir='ltr'>λεχθέν.</span> 
     </span>
    </p>
   </div>
   <div class='ocr_carea' id='block_1_119' title="bbox 649 5645 1401 5720">
    <p class='ocr_par' dir='ltr' id='par_1_119' title="bbox 649 5645 1401 5720">
     <span class='ocr_line' id='line_1_120' title="bbox 649 5645 1401 5720; baseline 0.007 -20"><span class='ocrx_word' id='word_1_1009' title='bbox 649 5645 739 5720; x_wconf 66' lang='lat' dir='ltr'><strong>gs)</strong></span> <span class='ocrx_word' id='word_1_1010' title='bbox 765 5645 1196 5720; x_wconf 69' lang='grc' dir='ltr'>Προσκυνήσῳσι</span> <span class='ocrx_word' id='word_1_1011' title='bbox 1221 5651 1401 5720; x_wconf 82' lang='lat' dir='ltr'><strong>vulgo.</strong></span> 
     </span>
    </p>
   </div>
   <div class='ocr_carea' id='block_1_120' title="bbox 303 5703 2111 5844">
    <p class='ocr_par' dir='ltr' id='par_1_120' title="bbox 303 5703 2111 5844">
     <span class='ocr_line' id='line_1_121' title="bbox 303 5703 2111 5844; baseline 0.001 -70"><span class='ocrx_word' id='word_1_1012' title='bbox 303 5703 361 5743; x_wconf 40' lang='grc' dir='ltr'><em>ί</em></span> <span class='ocrx_word' id='word_1_1013' title='bbox 466 5705 590 5783; x_wconf 28' lang='grc' dir='ltr'>Ἢ,</span> <span class='ocrx_word' id='word_1_1014' title='bbox 786 5703 871 5773; x_wconf 70' lang='grc' dir='ltr'>Σὺ</span> <span class='ocrx_word' id='word_1_1015' title='bbox 891 5703 1120 5844; x_wconf 58' lang='grc' dir='ltr'><strong>ἕὴρέἱ</strong></span> <span class='ocrx_word' id='word_1_1016' title='bbox 1238 5703 1402 5786; x_wconf 52' lang='lat' dir='ltr'><strong>Gage.</strong></span> <span class='ocrx_word' id='word_1_1017' title='bbox 1451 5721 1706 5804; x_wconf 78' lang='lat' dir='ltr'><strong>Sequitur</strong></span> <span class='ocrx_word' id='word_1_1018' title='bbox 1761 5721 1812 5774; x_wconf 86' lang='lat' dir='ltr'><strong>in</strong></span> <span class='ocrx_word' id='word_1_1019' title='bbox 1830 5722 2111 5806; x_wconf 51' lang='lat' dir='ltr'><strong>propheta</strong></span> 
     </span>
     <span class='ocr_line' id='line_1_122' title="bbox 661 5787 2110 5844; baseline 0 0"><span class='ocrx_word' id='word_1_1020' title='bbox 661 5787 882 5844; x_wconf 69' lang='lat' dir='ltr'><strong>.XLVJ</strong></span> <span class='ocrx_word' id='word_1_1021' title='bbox 929 5827 944 5844; x_wconf 88' lang='lat'><strong>.</strong></span> <span class='ocrx_word' id='word_1_1022' title='bbox 978 5789 1086 5844; x_wconf 81' lang='grc' dir='ltr'>Και</span> <span class='ocrx_word' id='word_1_1023' title='bbox 1127 5805 1226 5842; x_wconf 84' lang='grc' dir='ltr'><strong>ουκ</strong></span> <span class='ocrx_word' id='word_1_1024' title='bbox 1259 5789 1498 5844; x_wconf 73' lang='grc' dir='ltr'>ἥδειυιεν.</span> <span class='ocrx_word' id='word_1_1025' title='bbox 1539 5807 1567 5844; x_wconf 92' lang='grc' dir='ltr'><strong>ο</strong></span> <span class='ocrx_word' id='word_1_1026' title='bbox 1605 5789 1734 5844; x_wconf 77' lang='grc' dir='ltr'>Θεὸς</span> <span class='ocrx_word' id='word_1_1027' title='bbox 1765 5807 1856 5844; x_wconf 87' lang='grc' dir='ltr'><strong>του</strong></span> <span class='ocrx_word' id='word_1_1028' title='bbox 1905 5790 2110 5844; x_wconf 77' lang='grc' dir='ltr'>Ἰσι-στ)</span> 
     </span>
    </p>
   </div>
   <div class='ocr_carea' id='block_1_121' title="bbox 703 5787 2134 5879">
    <p class='ocr_par' dir='ltr' id='par_1_121' title="bbox 703 5787 2134 5879">
     <span class='ocr_line' id='line_1_123' title="bbox 703 5787 2134 5879; baseline -0.001 -33"><span class='ocrx_word' id='word_1_1029' title='bbox 703 5787 944 5858; x_wconf 53' lang='lat'><strong>31.1515,</strong></span> <span class='ocrx_word' id='word_1_1030' title='bbox 978 5787 1086 5844; x_wconf 79' lang='grc' dir='ltr'><strong>Καὶ</strong></span> <span class='ocrx_word' id='word_1_1031' title='bbox 1127 5789 1226 5842; x_wconf 70' lang='grc' dir='ltr'><strong>οὐκ</strong></span> <span class='ocrx_word' id='word_1_1032' title='bbox 1259 5789 1498 5863; x_wconf 63' lang='grc' dir='ltr'>ᾔδειμεν,</span> <span class='ocrx_word' id='word_1_1033' title='bbox 1539 5793 1567 5844; x_wconf 89' lang='grc' dir='ltr'>ὁ</span> <span class='ocrx_word' id='word_1_1034' title='bbox 1605 5789 1734 5854; x_wconf 77' lang='grc' dir='ltr'>Θεὸς</span> <span class='ocrx_word' id='word_1_1035' title='bbox 1765 5787 1870 5844; x_wconf 58' lang='grc' dir='ltr'><strong>τοῦ</strong></span> <span class='ocrx_word' id='word_1_1036' title='bbox 1905 5787 2134 5879; x_wconf 26' lang='grc' dir='ltr'><strong>Ἰάρετ),</strong></span> 
     </span>
    </p>
   </div>
   <div class='ocr_carea' id='block_1_122' title="bbox 666 5879 1204 6314">
    <p class='ocr_par' dir='ltr' id='par_1_122' title="bbox 666 5879 1204 6314">
     <span class='ocr_line' id='line_1_124' title="bbox 666 5879 1204 6314; baseline 0.004 -382"><span class='ocrx_word' id='word_1_1037' title='bbox 666 5879 978 6314; x_wconf 33' lang='grc' dir='ltr'><strong>Χ</strong></span> <span class='ocrx_word' id='word_1_1038' title='bbox 1200 5930 1204 5934; x_wconf 0' lang='grc' dir='ltr'><strong> </strong></span> 
     </span>
    </p>
   </div>
  </div>
