4160 6444
487 291 588 356 95!

1175 286 1444 350 EUSEB"
1477 287 1950 350 CIESARIENSIS
1987 291 2138 350 OPP.
2179 291 2368 350 PARS
2398 291 2487 346 IV.
2526 323 2594 332 —
2627 289 3037 348 DOGMATICA.

3611 281 3744 351 953'-

491 407 786 482 perfectam
840 401 1178 478 intelligendi
1238 413 1584 476 potestatem.
1644 407 1904 474 Quocirca
1961 423 2058 462 nec

2176 421 2319 469 ῖεως,
2352 408 2408 458 ὲν
2438 404 2514 476 τῷ
2545 404 2642 475 τῆς
2672 403 3029 474 κοσμοποιίας
3057 402 3220 474 λόγῳ,
3249 400 3424 456 καίτοι
3449 401 3560 455 τῶν
3587 405 3730 474 μετά

493 506 560 561 dc
586 503 820 560 conditis
851 500 1056 570 angelis
1086 498 1214 553 facil
1245 499 1597 564 mentionem,
1635 497 1686 552 in
1730 499 1816 552 illa
1849 512 2060 552 cosmo-

493 596 647 666 pmire
696 593 900 647 ratione
945 589 1298 644 describenda
1346 608 1360 642 :
1416 605 1536 644 cum
1571 598 1749 644 tamen
1784 591 2061 658 propheta:

493 687 583 742 illo
609 684 937 756 posteriores
969 680 1280 751 angelorum
1325 680 1558 736 fecerint
1591 681 1935 744 mentionem,
1977 681 2059 756 di—

493 781 850 840 \‘iuarumque
877 783 1204 845 potestatum
1239 783 1290 827 et
1330 773 1614 843 Spirituum
1644 782 1978 834 sanctorum,
2007 781 2066 826 et"

494 870 584 922 Dei
639 867 1010 922 ministrorum
1043 864 1531 934 supercmlestinm,
1578 865 1640 918 de
1663 865 1859 934 quibus
1882 865 2064 918 docuit

491 972 546 1014 et
595 961 808 1015 locutus
853 967 940 1014 est
973 957 1181 1024 Daniel,
1218 955 1388 1009 Mitlia
1433 957 1658 1010 millium
1691 958 2065 1012 ministrabant

491 1053 538 1106 ei
563 1061 610 1104 et
643 1051 812 1104 decies
839 1049 1029 1103 centies
1057 1057 1266 1101 centena
1295 1048 1462 1099 millia
1489 1023 1726 1102 as‘tabant
1759 1049 1806 1101 ei
1835 1047 2062 1115 “.Quo-

495 1159 613 1198 rum
650 1155 830 1198 tamen
877 1141 1207 1196 mentionem
1253 1139 1472 1194 silentio
1511 1155 1732 1210 prorsus
1765 1141 1939 1196 Moses
1983 1142 2066 1194 in-

497 1235 764 1296 volvebat,
805 1249 927 1288 cum
961 1241 1140 1288 tamen
1177 1231 1264 1286 ille
1298 1245 1390 1286 eos
1416 1246 1521 1284 non
1557 1231 1850 1302 ignoraret,
1881 1242 2066 1297 utpote

497 1327 590 1398 qui
617 1335 863 1381 exactam
897 1338 1077 1380 rerum
1111 1325 1348 1378 omnium
1384 1324 1746 1393 cognitionem
1786 1323 2064 1382 aballlatu

499 1419 669 1472 divini
703 1417 938 1487 Spiritus
967 1423 1274 1484 acceperat.
1299 1415 1412 1468 Non
1438 1425 1614 1468 tamen
1651 1415 1790 1469 inter
1815 1431 1897 1468 res
1915 1429 2068 1468 crea-

499 1517 582 1562 tas
632 1507 1013 1562 memorandus
1053 1519 1239 1558 eorum
1275 1505 1528 1558 meminit
1568 1520 1596 1556 a
1657 1504 1766 1558 Deo
1821 1505 2067 1558 condito-

497 1615 640 1656 rum.
698 1599 864 1668 Cujus
899 1599 974 1652 rei
1029 1611 1249 1651 causam
1280 1611 1385 1652 non
1420 1597 1578 1650 aliam
1633 1597 2026 1651 reddiderintus
2050 1637 2065 1658 ,

499 1703 659 1758 quam
690 1685 992 1742 Judteorum
1017 1685 1266 1740 duritiem
1316 1686 1514 1750 cordis,
1542 1687 1682 1756 quod
1715 1695 1769 1740 et
1797 1688 1909 1754 ipse
1937 1685 2067 1738 Ser—

2159 497 2330 551 ταῦτα
2373 497 2481 566 (98)
2524 495 2814 567 προφητῶν
2859 493 2918 548 ού
2954 496 3111 566 μόνον
3146 494 3389 564 ἀγγέλων
3421 511 3726 565 μνημονευ-

2163 589 2390 652 σάντων,
2417 587 2550 642 me
2600 588 2692 640 καὶ
2738 587 2895 640 Θείων
2939 587 3240 658 δυνάμεων,
3283 585 3378 638 καὶ
3403 585 3728 656 πνευμάτων

2161 680 2349 748 ἁγίων,
2381 679 2488 732 τῶν
2525 697 2584 732 τε
2613 677 3014 750 ὑπερουρανίων
3045 677 3177 732 Θεοῦ
3209 676 3565 748 λειτουργῶνο
3601 677 3730 748 περ)⁵

2166 767 2238 826 ὧν
2268 777 2296 828 ό
2323 773 2516 845 Δανιὴλ
2545 773 2808 826 διδάσκων
2841 771 3013 840 ἔλεγε,
3041 772 3235 824 Χίλιαι
3272 766 3537 836 χιλιάδες
3575 767 3728 820 ἐλει-

2163 866 2454 934 τούργουν
2471 864 2650 930 αὐτῷ,
2681 865 2780 918 καὶ
2801 864 3006 934 μυρίαι
3019 859 3306 930 μυριάδες
3321 856 3732 926 παρειστήκει-

2163 971 2283 1010 σαν
2305 957 2642 1024 ἔμπροσθεν
2669 953 2874 1008 αὐτοῦ.
2923 952 3079 1006 Ἀλλά
3115 951 3224 1020 γὰρ
3253 950 3458 1003 τούτων
3481 949 3734 1002 ἁπάντων

2168 1049 2345 1116 σιωπῇ
2381 1045 2663 1117 παρέδωκε
2689 1039 2813 1108 τοὺς
2839 1045 3028 1113 λόγους
3054 1041 3277 1114 Μωσῆς,
3307 1042 3510 1113 καίπερ
3535 1041 3634 1094 οὐκ
3657 1039 3736 1092 ὣν

2165 1138 2342 1192 αὐτῶν
2369 1139 2427 1190 ὲν
2447 1138 2638 1208 ἀγνοίᾳ
2652 1155 2664 1166 ·
2699 1138 2912 1190 πάντων
2933 1136 2990 1190 δὲ
3009 1134 3106 1206 τὴν
3121 1135 3318 1206 ἀκριϐῆ
3335 1135 3738 1204 γνῶσιν-προει-

2165 1229 2350 1298 ληφὼς
2367 1228 2476 1298 (99)
2499 1228 2574 1299 τῷ
2591 1228 2720 1298 Θείῳ
2737 1227 3032 1298 Πνεύματι.
3058 1225 3202 1298 Πλὴν
3221 1223 3471 1296 οὐδαμῶς
3487 1224 3660 1278 αὐτῶν
3678 1225 3738 1276 ἐν

2165 1323 2232 1390 τῇ
2255 1321 2580 1392 κοσμοποιίᾳ
2595 1319 2668 1384 ὡς
2686 1319 2820 1394 πρὸς
2842 1318 2934 1373 τοῦ
2958 1317 3091 1372 Θεοῦ
3121 1317 3426 1388 γενομένων
3443 1318 3738 1386 ἐποιήσατο

2171 1412 2412 1484 μνήμην.
2433 1413 2540 1466 Καὶ
2557 1411 2744 1466 τούτου
2761 1413 2858 1482 τὴν
2873 1412 3050 1466 αἰτίαν
3069 1413 3175 1466 οὐδ’
3195 1412 3384 1481 ἑτέραν
3403 1410 3540 1462 εἴποι
3555 1409 3618 1463 ἄν
3633 1425 3738 1470 τις.
3777 1459 3782 1464 .

2167 1503 2208 1572 ἢ
2231 1503 2329 1574 τὴν
2359 1501 2787 1574 σκληροκαρδίαν
2805 1501 2900 1556 τοῦ
2925 1501 3053 1556 λαοῦ
3083 1499 3428 1572 γεγενῆσθαι,
3448 1500 3633 1570 ῶσπερ
3647 1497 3742 1553 οὖν

2169 1592 2329 1655 αὐτὸς
2350 1591 2584 1656 ἐδίδαξεν
2609 1593 2637 1646 ό
2663 1591 2871 1664 Σωτήρ.
2897 1591 3004 1644 Kal.
3025 1591 3156 1644 ἄλλα
3169 1592 3226 1644 δὲ
3245 1590 3410 1663 μυρία
3431 1586 3566 1642 εἶναι
3595 1592 3652 1642 ὲν
3674 1591 3741 1660 τῇ

2169 1683 2261 1737 τοῦ
2292 1685 2492 1748 παντὸς
2523 1686 2776 1738 συστάσει
2793 1683 2980 1755 μάθοις
2995 1683 3059 1736 ἂν
3075 1684 3138 1736 ὲκ
3158 1682 3266 1736 τῶν
3287 1682 3384 1752 τῆς
3399 1682 3603 1751 Καινῆς
3617 1683 3742 1733 Δια-

500 1784 656 1828 valor
675 1774 876 1829 docuit.
905 1773 1090 1828 Sedet
1133 1772 1237 1826 alia
1272 1783 1526 1826 sexcenta
1563 1775 1614 1826 in
1649 1789 1828 1828 rerum
1853 1783 2068 1827 exstare

2176 1775 2347 1846 θήκης
2370 1744 2828 1846 ἀναγνωσμάτων,
2851 1744 3108 1838 ossium;
3139 1777 3196 1828 ὲν
3225 1776 3291 1844 τῇ
3321 1744 3760 1843 Μωσέως-φερό-

501 1867 856 1922 universitate
892 1865 1068 1920 discas
1101 1879 1196 1935 per
1217 1863 1346 1918 Novi
1388 1863 1726 1920 Testamenti
1759 1865 2064 1932 lectionem,

505 1971 623 2025 quae
656 1972 918 2024 nusquam
943 1955 995 2010 in
1025 1956 1248 2010 historia
1271 1955 1436 2009 illusis
1459 1965 1790 2024 comparent.
1817 1955 1930 2008 Non
1959 1971 2070 2010 ne-

507 2046 660 2098 minit
711 2046 1110 2116 principatuum
1137 2087 1152 2108 ,
1195 2061 1298 2100 non
1335 2054 1662 2116 potes-latum
1689 2085 1705 2110 ,
1743 2062 1846 2099 non
1881 2047 2066 2100 mundi

505 2137 892 2190 dominantium
922 2178 937 2200 ,
989 2152 1096 2191 non
1139 2139 1422 2206 spirituum
1453 2137 1747 2206 iniquitatis
1770 2179 1784 2202 ,
1810 2139 2070 2193 adversus

505 2243 638 2295 quos
669 2227 808 2282 lucta
863 2229 1016 2282 nobis
1059 2229 1375 2292 intercedit,
1423 2238 1479 2282 ut
1527 2229 1739 2284 divinus
1781 2230 2070 2300 Apostolus

507 2318 764 2386 loquitur.
810 2316 948 2384 Quid
977 2334 1106 2388 ergo
1136 2319 1301 2372 refert
1326 2359 1340 2380 ,
1375 2319 1418 2372 si
1463 2333 1638 2388 neque
1667 2322 1806 2388 apud
1846 2319 2069 2382 Mosem,

509 2423 606 2462 nec
643 2409 932 2478 prophetas
983 2409 1218 2480 reliquos
1271 2409 1516 2464 invenire
1556 2425 1836 2480 possemus
1876 2413 2070 2467 horum

510 2502 768 2567 rationes,
801 2518 926 2554 num
981 2503 1116 2558 tides
1153 2503 1408 2571 Apostolo
1439 2504 1808 2558 detrahenda?
1835 2516 1926 2560 aut
1952 2522 2070 2560 cum

509 2591 814 2645 meminerit
871 2591 958 2646 ille
1012 2593 1204 2644 horum
1247 2592 1495 2646 ordinum
1537 2592 1864 2648 excellenter
1894 2609 2075 2662 supre-

509 2695 740 2746 morum,
776 2679 864 2734 ubi
897 2679 1004 2743 ait,
1040 2677 1314 2732 Christum
1346 2693 1375 2730 a
1411 2679 1617 2732 dextris
1647 2678 1740 2732 Dei
1793 2679 2076 2734 considere

507 2787 670 2838 Super
695 2787 912 2826 omnem
946 2771 1330 2840 principatum,
1365 2781 1414 2822 et
1441 2757 1785 2840 potestatem,
1828 2779 1882 2824 et
1903 2771 2076 2824 virtu-

510 2874 637 2926 tem,
662 2873 716 2916 et
749 2862 1191 2924 dominationem,
1229 2869 1282 2915 et
1317 2876 1480 2914 omne
1508 2877 1702 2914 nomen
1736 2862 1874 2929 quod
1901 2863 2075 2916 nomi-

509 2964 690 3014 natur,
725 2952 839 3028 sive
871 2953 920 3004 in
954 2953 1056 3006 hoc
1087 2950 1283 3005 saeculo
1311 2965 1403 3004 seu
1437 2950 1486 3002 iu
1535 2952 1710 3004 futuro
1737 2951 1816 3017 ³τ;
1861 2961 1913 3006 et
1949 2951 2076 3008 alibi

511 3057 632 3094 cum
657 3041 897 3095 nominet
939 3041 1079 3094 idem
1129 3041 1376 3100 thronos,
1397 3039 1818 3105 dominatitmes,
1849 3049 1902 3093 et
1932 3040 2078 3106 priu-
2107 3093 2128 3114 ί

2177 1883 2310 1935 μενα
2323 1865 2510 1937 Γραφῇ
2537 1865 2631 1938 (1)·
2653 1865 2750 1918 οὐκ
2771 1861 2863 1920 οὖν
2887 1865 3287 1936 ἐμνημόνευσεν
3305 1863 3510 1936 ἀρχῶν,
3531 1864 3637 1916 οὐδ’
3661 1865 3748 1930 ἐξ-

2173 1957 2388 2020 ουσιῶν,
2414 1958 2530 2010 οὐδὲ
2565 1957 3040 2030 κοσμοκρατὸριιιν,
3075 1957 3195 2011 οὐδὲ
3227 1956 3611 2026 πνευματικῶν
3645 1957 3760 2026 τῆςῖ

2175 2049 2458 2122 πονηρίας,
2487 2050 2619 2123 πρὸς
2642 2051 2678 2104 ἃ
2697 2050 2793 2121 τὴν
2823 2049 3000 2119 πάλην
3029 2051 3157 2120 ἡμῖν
3181 2049 3496 2102 συνεστάναι
3529 2047 3694 2118 φησὶν
3719 2051 3750 2102 ὁ

2177 2138 2316 2204 θεῖος
2332 2139 2672 2204 Ἀπόστολος.
2689 2139 2753 2192 Τί
2769 2135 2882 2202 οὖν,
2911 2139 3032 2191 ἐπεὶ
3059 2140 3192 2210 μήτε
3215 2137 3362 2210 παρὰ
3382 2141 3589 2202 Μωσεῖ,
3611 2139 3750 2209 μήτε

2177 2229 2327 2300 παρὰ
2350 2233 2459 2294 τοῖς
2487 2231 2690 2294 λοιποῖς
2719 2229 3020 2302 προφήταις
3047 2228 3229 2298 σαφῶς
3259 2231 3404 2282 ἐστιν
3426 2229 3602 2300 εὑρεῖν
3624 2229 3762 2292 τοὺς·

2177 2323 2304 2394 περὶ
2331 2321 2534 2375 τούτων
2563 2322 2772 2391 λόγους,
2796 2319 3122 2392 ἀπιστητέον
3148 2321 3224 2390 (2)
3251 2320 3328 2392 τῷ
3343 2319 3680 2390 Ἀποστόλῳς
3715 2319 3749 2390 ἦ

2176 2410 2395 2464 ἐπειδὰν
2429 2410 2521 2464 τοῦ
2556 2411 2664 2464 τῶν
2687 2411 3010 2482 κρειττόνων
3035 2411 3310 2481 τάγματος
3349 2411 3376 2462 ό
3403 2409 3562 2472 αὐτὸς
3591 2409 3752 2462 πάλιν

2181 2503 2494 2574 μνημονεύῃ
2545 2503 2717 2572 λέγων
2769 2504 2860 2556 τὸν
2908 2501 3140 2574 Χριστὸν
3191 2504 3248 2556 ὲν
3289 2501 3436 2573 δεξιᾷ
3475 2501 3570 2555 τοῦ
3616 2501 3754 2556 Θεοῦ

2178 2593 2522 2658 καθέζεσθαι,
2549 2595 2803 2665 ὑπεράνω
2827 2595 3006 2665 πάσης
3033 2595 3225 2665 ἀρχῆς,
3251 2594 3346 2646 καὶ
3369 2592 3632 2658 ἐξουσίας,
3659 2592 3762 2646 καὶ

2177 2684 2477 2753 δυνάμεως,
2509 2684 2602 2736 καὶ
2631 2683 2968 2754 κυριότητος,
3001 2683 3094 2736 καὶ⁴
3123 2683 3322 2746 παντὸς
3351 2683 3609 2753 ὀνόματος
3633 2681 3758 2734 ὀνο-

2183 2774 2510 2848 μαζομένου,
2542 2775 2600 2826 οὐ
2631 2775 2788 2845 μόνον
2809 2775 2864 2826 ὲν
2890 2773 2966 2844 τῷ
2997 2771 3152 2826 αῑῶνι
3195 2773 3382 2843 τούτῳ,
3407 2771 3542 2826 ἀλλά
3578 2773 3671 2825 καὶ
3693 2773 3768 2824 ἐν

2179 2867 2255 2937 τῷ
2299 2865 2573 2937 μέλλοντι·
2620 2865 2713 2918 καὶ
2757 2861 2930 2936 αὖθις,
2985 2864 3203 2918 ἐπειδάν
3231 2862 3473 2934 ὀνομάζῃ
3509 2862 3750 2934 Θρόνους,

2181 2957 2276 3012 καὶ
2313 2957 2661 3028 κυριότητας,
2713 2957 2805 3008 καὶ
2853 2955 3046 3026 ἀρχάς,
3107 2955 3200 3008 καὶ
3231 2953 3500 3019 ἐξουσίας,
3547 2953 3718 3020 λέγων
3736 2969 3764 2982 °‘

2194 3049 2289 3101 Ἐν
2314 3047 2472 3112 αὐτῷ
2506 3047 2614 3116 γὰρ
2653 3046 2900 3113 ἐκτίσθη
2935 3045 3007 3100 τὰ
3051 3045 3268 3108 πάντα,
3297 3044 3368 3098 τὰ
3393 3043 3463 3098 ἑν
3498 3043 3620 3108 τοῖς
3651 3044 3762 3096 οὐο-

508 3132 740 3198 cipatus,
760 3138 816 3184 et
843 3137 1166 3197 potestates,
1191 3127 1278 3182 ubi
1319 3128 1396 3180 ait
1426 3145 1439 3181 :
1479 3126 1546 3180 In
1575 3128 1686 3196 ipso
1710 3129 1845 3180 enim
1871 3128 2074 3183 condita

2176 3139 2384 3208 ρανοῖς
2403 3138 2498 3191 καὶ
2525 3139 2596 3191 τὰ
2627 3139 2724 3191 ἐπὶ
2757 3135 2863 3206 τῆς
2889 3137 3020 3208 τῆς,
3049 3138 3124 3192 τὰ
3144 3137 3326 3206 ὁρατὰ
3355 3136 3455 3190 καὶ
3487 3137 3558 3190 τὰ
3585 3136 3756 3204 ἀόρα-

509 3229 628 3274 sunt
657 3219 920 3284 universa,
961 3229 1069 3272 tam
1101 3235 1216 3287 qua:
1242 3221 1296 3272 in
1323 3218 1464 3272 caelis
1494 3228 1637 3282 sunt,
1657 3235 1814 3288 quam
1845 3235 1961 3287 qua:
1991 3237 2082 3271 su-

509 3327 602 3376 per
649 3320 866 3376 terram,
900 3311 1124 3366 visibitia
1159 3321 1206 3364 et
1245 3309 1550 3376 invisibilia,
1590 3311 1694 3366 sive
1728 3315 1942 3372 throni,
1979 3316 2082 3364 sire

508 3400 914 3465 dominationes,
947 3417 1037 3454 seu
1059 3400 1407 3469 principatus,
1432 3417 1523 3454 seu
1547 3412 1829 3470 potestates
1861 3401 1927 3456 ⁸⁸.
1947 3400 2080 3454 Num

513 3509 614 3546 non
651 3509 750 3563 par
783 3503 867 3548 est
891 3505 946 3546 ut
979 3493 1329 3547 adtnittamus
1360 3493 1486 3555 ista,
1531 3495 1742 3549 etiamsi
1773 3495 1950 3550 Moses
1977 3509 2082 3548 non

513 3583 718 3644 iecerit,
752 3600 850 3639 nec
881 3585 1262 3653 prophetarum
1305 3584 1445 3639 ullus
1485 3586 1647 3640 ullam
1681 3587 1746 3640 de
1789 3587 1908 3642 istis
1937 3603 2086 3642 men-

514 3675 759 3730 tionem?
803 3677 962 3730 Certe
1005 3677 1143 3730 idem
1193 3675 1282 3730 hic
1335 3677 1700 3744 usurpandum
1757 3677 1912 3732 nobis
1959 3691 2081 3744 est,

511 3763 654 3832 quod
687 3765 808 3818 duri
856 3765 1067 3818 cervice
1109 3773 1166 3818 et
1220 3765 1385 3820 corde
1439 3765 1802 3820 incircumcisi
1839 3777 1998 3835 atque
2040 3769 2084 3822 si

509 3855 735 3910 auribus
777 3857 1090 3926 neutiQuam
1130 3857 1246 3912 istis
1279 3856 1438 3910 fidem
1474 3856 1866 3924 adhibuissent,
1891 3860 2086 3928 quibus

513 3947 634 4001 ideo
668 3946 802 4000 nihil
826 3947 892 4000 de
936 3961 1167 4014 superna
1191 3947 1282 4002 illa
1317 3947 1625 4002 Jerusalem
1666 3953 1726 4010 >3
1763 3949 1928 4002 divini
1959 3965 2086 4017 pro-

513 4038 690 4108 phetze
726 4037 1034 4091 revelarunt
1066 4053 1224 4092 :cum
1251 4038 1302 4091 in
1336 4037 1574 4092 Ecclesia
1606 4037 1831 4104 Christi,
1859 4038 2088 4094 manife-

515 4137 597 4180 ste
643 4127 956 4194 pronuntiat
985 4125 1053 4180 de
1085 4127 1173 4180 illa
1223 4126 1442 4190 Paulus,
1480 4127 1778 4181 Jerusalem
1829 4143 1946 4180 vero
1973 4143 2088 4197 qua:

519 4235 722 4272 .ursum
751 4230 827 4272 est
874 4220 1060 4282 libera,
1097 4229 1170 4273 est
1209 4229 1376 4273 mater
1414 4231 1594 4272 nostra
1629 4219 1672 4251 ³³
1697 4237 1717 4284 ;
1747 4229 1799 4273 et
1839 4237 1852 4274 :
1887 4219 2089 4289 Appro-

2181 3247 2272 3294 τα,
2301 3231 2420 3284 εἴτε
2445 3231 2664 3298 θρόνοι,
2699 3230 2819 3282 εἴτε
2858 3229 3222 3298 κυριότητες,
3255 3229 3375 3282 εἴτε
3410 3227 3610 3297 ἁρχαὶ,
3638 3226 3759 3280 εἴτε

2180 3323 2474 3387 ἐξουσίαι,
2509 3319 2598 3393 ἆρ’
2624 3323 2684 3376 οὑ
2724 3323 2986 3395 προσήκει
3029 3322 3216 3377 ταῦτα
3240 3319 3637 3393 παραδέχεσθαι
3669 3317 3760 3372 διὰ

2181 3414 2242 3467 τὸ
2285 3415 2421 3484 μήτε
2452 3413 2674 3478 Μωσέα,
2715 3415 2850 3486 μήτε
2878 3415 3003 3476 τοὺς
3044 3413 3266 3477 λοιποὺς
3297 3413 3595 3484 προφήτας,
3629 3410 3764 3482 περὶ

2181 3503 2383 3557 τούτων
2419 3503 2842 3576 προειληφέναις
2886 3505 2918 3578 ἢ
2955 3505 3148 3559 ταύτὸν
3174 3505 3270 3558 καὶ
3294 3505 3418 3574 περὶ
3450 3503 3523 3572 (5)
3552 3501 3756 3556 τούτων

2183 3591 2437 3664 ἐροῦμεν,
2484 3593 2558 3656 ὡς
2601 3592 2700 3662 οὐχ
2737 3587 2837 3644 οἷοί
2869 3610 2929 3646 τε
2957 3589 3096 3664 ἦσαν
3124 3594 3249 3656 τοὺς
3275 3593 3400 3664 περὶ
3427 3591 3627 3644 τούτων
3661 3608 3758 3643 πι-

2187 3683 2474 3736 στεύεσθαι
2515 3683 2706 3750 λόγους
2736 3683 2784 3734 οἰ
2819 3683 3280 3754 σκληροτράχηλοι
3327 3683 3420 3736 καὶ
3447 3682 3758 3752 ἀπερίτμη-

2183 3789 2263 3824 τοι
2291 3775 2356 3842 τῇ
2385 3771 2580 3842 καρδίᾳ
2605 3771 2832 3834 καὶτοῖς
2857 3770 3010 3837 ὠσὶν,
3045 3790 3062 3821 ι
3101 3765 3182 3834 οἷς
3213 3771 3332 3824 οὐδὲ
3363 3771 3488 3842 περὶ
3529 3771 3624 3838 τῆς
3649 3769 3761 3821 ἂνω

2197 3863 2547 3935 Ἰερουσαλὴμ
2577 3883 2596 3915 ›
2633 3863 3001 3917 ἀνεκάλυπτον
3053 3865 3100 3915 οἱ
3140 3863 3233 3916 τοῦ
3271 3861 3404 3916 Θεοῦ
3463 3861 3758 3934 προφῆται,

2191 3953 2378 4025 ῶσπερ
2398 3949 2489 4006 οὖν
2521 3956 2584 4024 τῇ
2621 3953 2914 4024 Ἐκκλησία
2946 3953 3181 4024 Χριστοῦ
3214 3953 3490 4022 διασαφῶν
3515 3953 3608 4006 καὶ
3637 3954 3762 4015 τοὺς

2186 4047 2312 4118 περὶ
2340 4045 2543 4118 ταύτης
2561 4046 2750 4115 λόγους
2773 4050 2801 4100 ό
2824 4046 3033 4109 Παῦλος
3060 4047 3207 4110 ἐϐόα,
3229 4046 3422 4116 λέγων,
3463 4047 3535 4100 Ἠ
3553 4045 3620 4098 δὲ
3641 4046 3762 4098 ἀνω

2197 4139 2592 4209 Ἰερουσαλὴμ
2641 4139 2926 4208 ἐλευθέρα
2975 4139 3164 4204 ἐστὶν,
3215 4140 3347 4207 ἥτις
3393 4139 3526 4193 ἐστὶ
3563 4139 3761 4209 μήτηρ

2185 4227 2379 4296 ήμῶν-ο
2429 4228 2540 4292 καὶ,
2565 4229 3063 4296 Προσεληλύθατε
3101 4231 3252 4282 Σιὼν
3293 4229 3430 4298 ὄρει,
3462 4229 3560 4282 καὶ
3589 4231 3770 4281 πόλει·

512 4309 803 4379 pinquastis
829 4312 897 4363 ad
927 4310 1054 4365 Sion
1081 4323 1328 4376 montem,
1361 4322 1407 4363 et
1439 4312 1702 4363 civitatem
1729 4309 1824 4362 Dei
1853 4311 1953 4363 vivi
1993 4309 2074 4364 Je-

2189 4320 2335 4374 Θεοῦ
2353 4317 2558 4386 ζῶντος
2587 4319 2972 4390 Ἰερουσαλίυι
2987 4321 3336 4388 ἐπουρανίῳ,
3365 4322 3464 4375 καὶ
3477 4322 3764 4391 μυριάσιν

517 4402 743 4455 rusalem
774 4402 1048 4468 caelestem,
1084 4411 1131 4454 et
1162 4401 1547 4455 multitudinem
1576 4401 1902 4470 angelorum,
1926 4410 1978 4455 et
1999 4419 2074 4471 pa-

2187 4411 2458 4482 ἀγγέλων
2521 4413 2876 4480 πανηγύρει,
2915 4411 3016 4464 καὶ
3074 4413 3401 4480 Ἐκκλησία
3426 4413 3499 4484 (4)
3539 4429 3764 4482 πρωτο-

516 4491 748 4560 negyrt'm
785 4502 831 4544 et
873 4491 1164 4545 Ecclesiam
1210 4489 1679 4559 primogenitorum
1717 4491 1806 4560 qui
1842 4493 2074 4562 descripta

2187 4505 2378 4556 τόκων
2401 4501 2940 4570 ἀπογεγραμμένων
2963 4501 3032 4554 ἐν
3055 4503 3350 4569 οὐρανοῖς.
3375 4505 3593 4572 Λεγέτω
3626 4503 3770 4576 πρὸς

519 4595 641 4636 sunt
685 4584 738 4637 in
770 4583 993 4636 caelis“.
1025 4583 1121 4637 llic
1151 4597 1279 4637 vero
1311 4581 1467 4636 nobis
1502 4581 1646 4635 dicat
1669 4583 1825 4636 velim
1863 4583 2074 4638 Marcel-

2190 4593 2361 4648 ταῦτα
2387 4591 2727 4663 Μάρκελλος,
2770 4593 2817 4644 εί
2851 4587 2962 4655 οἷός
2995 4609 3056 4644 τε
3094 4593 3242 4645 ἐστὶν
3295 4597 3358 4646 ὲκ
3385 4593 3494 4646 τῶν
3523 4593 3766 4646 παλαιῶν

525 4675 640 4739 lus,
674 4675 717 4728 si
754 4675 820 4728 de
857 4675 1081 4728 vetustis
1116 4673 1413 4743 Scripturis
1451 4671 1696 4740 proferre
1741 4674 1895 4728 nobis
1923 4675 2065 4744 possi

2193 4683 2538 4756 γραμμάτων
2590 4683 2686 4752 τὴν
2729 4682 2932 4735 τούτων
2975 4684 3266 4754 προφέρειν
3307 4685 3664 4738 διδασκαλίαν.
3701 4685 3764 4738 El

526 4765 827 4820 doctrinam
875 4767 941 4822 de
974 4767 1092 4821 istis
1123 4783 1134 4819 :
1173 4767 1255 4820 sin
1283 4763 1484 4819 nullam
1515 4766 1754 4820 inveniat
1803 4769 2074 4833 rationem1

2193 4777 2248 4829 δὲ
2283 4777 2358 4848 (5)
2391 4776 2465 4846 μὴ
2495 4775 2762 4848 εὑρίσκοι,
2813 4773 2909 4845 τὴν
2945 4775 3122 4827 αἰτίαν
3167 4774 3480 4838 ἀποδιδότω,
3501 4775 3566 4828 δι’
3591 4776 3656 4847 ἦν
3685 4792 3772 4827 σεο

527 4867 644 4913 tum
689 4868 974 4928 expromat
1001 4873 1098 4912 cur
1150 4868 1204 4911 et
1233 4858 1334 4912 ista
1362 4898 1376 4922 ,
1407 4867 1460 4913 et
1489 4857 1597 4912 alia
1651 4872 1812 4926 quam
1863 4857 2074 4928 plurim:

2193 4867 2433 4939 σιιῦπητο
2456 4870 2566 4930 τοῖς
2591 4867 2683 4919 τοῦ
2709 4867 2843 4920 Θεοῦ
2876 4869 3178 4938 προφήταις
3197 4867 3368 4920 ταῦτά
3390 4884 3449 4918 τε
3471 4866 3645 4919 πάντα
3671 4868 3764 4920 καὶ

496 4953 612 5010 -his
663 4953 944 5022 congcnita
984 4951 1502 5006 abscondebantnra
1531 4949 1802 5019 prophetis
1826 4990 1840 5015 ,
1875 4951 1939 5005 de
1973 4952 2074 5020 qui-

2190 4955 2323 5008 άλλα
2339 4955 2546 5019 τούτοις
2560 4955 2761 5021 ἀδελφὰ
2780 4973 2848 5026 μυ
2859 4955 2966 5026 ρία,
2983 4973 3049 5007 πε
3057 4957 3108 5025 ρ).
3123 4950 3237 5008 ὦνό
3253 4955 3412 5018 αὐτὸς
3427 4955 3764 5020 ’Δπόστολος,

521 5049 624 5102 bus
659 5057 838 5099 nostra
895 5044 1016 5097 vice
1061 5044 1227 5098 Deum
1280 5043 1668 5112 deprecabatur
1711 5043 2074 5098 sanctissima!

2193 5047 2330 5118 ὑπὲρ
2347 5048 2504 5118 ἡμῶν
2521 5048 2687 5101 ἐδεῖτο
2701 5047 2796 5099 τοῦ
2833 5047 2989 5112 Θεοῦ,
3015 5048 3113 5100 ἵνα
3141 5048 3556 5118 ἐξισχύσωμειν
3581 5064 3761 5102 κατα-

518 5139 828 5210 Apostolus,
855 5144 912 5188 ut
935 5133 1205 5204 possimus
1231 5135 1661 5205 comprehendere
1692 5151 1810 5187 cum
1847 5136 2074 5189 omnium

2189 5141 2478 5195 λαϐέσθαι
2493 5140 2615 5194 σὺν
2630 5139 2776 5194 πᾶσι
2795 5141 2916 5206 τοῖς
2930 5141 3139 5210 ἁγίοις,
3157 5143 3213 5195 τί
3229 5142 3293 5196 τὸ
3307 5141 3536 5206 πλάτος
3551 5144 3644 5197 καὶ
3656 5141 3775 5211 In}.

601 5289 664 5349 ᾗ
695 5285 794 5340 Ed.
817 5286 1014 5371 Paris"
1043 5285 1289 5345 euellit}.
1367 5286 1412 5318 ³⁸
1439 5288 1775 5358 Dan.vu,10.
1809 5335 1824 5348 .
1855 5298 1900 5330 ³⁷
1930 5299 2074 5371 pre

2187 5303 2319 5366 ,εει
2354 5303 2443 5356 si.
2521 5299 2796 5355 "Coloss.
2823 5298 2969 5366 1,16.
3045 5299 3087 5334 ιε
3120 5299 3237 5357 cn.
3268 5316 3341 5368 IV,
3373 5301 3465 5358 26.
3540 5299 3765 5363 unum.

606 5386 708 5442 xu,
742 5371 836 5438 2‘2,
881 5370 974 5424 25.

579 5517 694 5588 (98)
715 5517 822 5588 llp.
854 5517 1066 5575 ιωῦτσν.

581 5589 694 5662 (99)
718 5587 1286 5662 νυιεογπαρειληφῲς,
1314 5600 1368 5645 at
1389 5591 1462 5648 cf.
1491 5591 1626 5662 inl't'a
1653 5591 1695 5648 C
1719 5594 1874 5648 med.

579 5659 657 5730 (l)
678 5659 982 5736 Φερομένῃ
996 5659 1234 5736 Γραρῇ.
1265 5663 1415 5716 Esset
1437 5661 1712 5736 φερόμενα
1745 5663 1848 5736 [sic
1871 5661 2075 5736 c0d_d_.],

511 5741 599 5786 aut
629 5731 962 5802 φερομένων,
993 5741 1048 5784 ιιι
1091 5732 1351 5786 referatur
1383 5731 1938 5804 ιιιῑάναγνωσμάτων.
1963 5732 2032 5785 Μ.

2278 5525 2332 5598 2)
2363 5524 2535 5598 '_V_ulgo
2561 5525 2934 5598 άπιστευτέον,
2958 5537 3014 5598 et
3041 5527 3178 5598 inira
3213 5526 3491 5598 ὀνομάζει.

2275 5595 2328 5667 5)
2359 5595 2534 5667 fulgo
2567 5597 2599 5666 ἢ
2630 5597 2756 5667 περί
2787 5612 2928 5652 corr.
2950 5595 3058 5666 jam
3088 5597 3192 5667 Mp.

2261 5664 2338 5736 (4)
2358 5664 2530 5736 Υιιιεο
2561 5664 2670 5718 τῶν
2704 5664 2800 5736 πρ.

2257 5735 2333 5804 (ὅ)
2357 5735 2521 5806 Vulgo
2543 5737 2626 5806 δή,
2657 5747 2707 5790 et
2735 5735 2891 5802 infra,
2929 5737 3113 5808 μῦρια.
