  <div class='ocr_page' id='page_1' title='image "/cluster/home/n/w/nwhite01/storage/ocr_20150623/24/hvd.32044073501108/484.png"; bbox 0 0 4158 6390; ppageno 0'>
   <div class='ocr_carea' id='block_1_1' title="bbox 21 3792 81 3811">
    <p class='ocr_par' dir='ltr' id='par_1_1' title="bbox 21 3792 81 3811">
     <span class='ocr_line' id='line_1_1' title="bbox 21 3792 81 3811; baseline 0 -6"><span class='ocrx_word' id='word_1_1' title='bbox 21 3792 81 3811; x_wconf 41' lang='grc' dir='ltr'><strong><em>μηδ</em></strong></span> 
     </span>
    </p>
   </div>
   <div class='ocr_carea' id='block_1_2' title="bbox 334 318 3588 390">
    <p class='ocr_par' dir='ltr' id='par_1_2' title="bbox 334 318 3588 390">
     <span class='ocr_line' id='line_1_2' title="bbox 334 318 3588 390; baseline 0.004 -14"><span class='ocrx_word' id='word_1_2' title='bbox 334 319 439 376; x_wconf 73' lang='lat'><strong><em>953</em></strong></span> <span class='ocrx_word' id='word_1_3' title='bbox 1253 318 1341 375; x_wconf 83' lang='lat' dir='ltr'><strong><em>DE</em></strong></span> <span class='ocrx_word' id='word_1_4' title='bbox 1377 319 1918 378; x_wconf 64' lang='lat' dir='ltr'><strong><em>ECCLESIASTICA</em></strong></span> <span class='ocrx_word' id='word_1_5' title='bbox 1965 323 2357 383; x_wconf 78' lang='lat' dir='ltr'><strong><em>TIIEOLOGIA</em></strong></span> <span class='ocrx_word' id='word_1_6' title='bbox 2398 324 2528 384; x_wconf 83' lang='lat' dir='ltr'><strong><em>LIB.</em></strong></span> <span class='ocrx_word' id='word_1_7' title='bbox 2563 327 2629 383; x_wconf 84' lang='lat' dir='ltr'><strong><em>ll.</em></strong></span> <span class='ocrx_word' id='word_1_8' title='bbox 3475 331 3588 390; x_wconf 66' lang='grc' dir='ltr'><strong><em>θδι</em></strong></span> 
     </span>
    </p>
   </div>
   <div class='ocr_carea' id='block_1_3' title="bbox 334 435 1900 520">
    <p class='ocr_par' dir='ltr' id='par_1_3' title="bbox 334 435 1900 510">
     <span class='ocr_line' id='line_1_3' title="bbox 334 435 1900 510; baseline 0.001 -16"><span class='ocrx_word' id='word_1_9' title='bbox 334 456 439 506; x_wconf 63' lang='grc' dir='ltr'>τως</span> <span class='ocrx_word' id='word_1_10' title='bbox 454 438 547 493; x_wconf 71' lang='grc' dir='ltr'><strong><em>καὶ</em></strong></span> <span class='ocrx_word' id='word_1_11' title='bbox 558 436 751 504; x_wconf 74' lang='grc' dir='ltr'>,βάθος</span> <span class='ocrx_word' id='word_1_12' title='bbox 766 435 863 492; x_wconf 72' lang='grc' dir='ltr'>καὶ</span> <span class='ocrx_word' id='word_1_13' title='bbox 878 436 1053 508; x_wconf 71' lang='grc' dir='ltr'>ὕψος,</span> <span class='ocrx_word' id='word_1_14' title='bbox 1072 436 1293 508; x_wconf 75' lang='grc' dir='ltr'>γνῶναί</span> <span class='ocrx_word' id='word_1_15' title='bbox 1308 457 1369 493; x_wconf 86' lang='grc' dir='ltr'><strong><em>τε</em></strong></span> <span class='ocrx_word' id='word_1_16' title='bbox 1382 438 1495 508; x_wconf 79' lang='grc' dir='ltr'>τὴν</span> <span class='ocrx_word' id='word_1_17' title='bbox 1508 440 1900 510; x_wconf 76' lang='grc' dir='ltr'><strong><em>ὑπερϐάλλον·</em></strong></span> 
     </span>
    </p>
   </div>
   <div class='ocr_carea' id='block_1_4' title="bbox 2001 435 3583 520">
    <p class='ocr_par' dir='ltr' id='par_1_4' title="bbox 2016 444 3583 520">
     <span class='ocr_line' id='line_1_4' title="bbox 2016 444 3583 520; baseline 0.004 -22"><span class='ocrx_word' id='word_1_18' title='bbox 2016 446 2235 511; x_wconf 76' lang='lat' dir='ltr'><strong><em>sanctis,</em></strong></span> <span class='ocrx_word' id='word_1_19' title='bbox 2259 462 2377 517; x_wconf 81' lang='lat' dir='ltr'><strong><em>qua:</em></strong></span> <span class='ocrx_word' id='word_1_20' title='bbox 2398 455 2528 500; x_wconf 90' lang='lat' dir='ltr'><strong><em>esset</em></strong></span> <span class='ocrx_word' id='word_1_21' title='bbox 2556 444 2805 511; x_wconf 81' lang='lat' dir='ltr'><strong><em>latitudo,</em></strong></span> <span class='ocrx_word' id='word_1_22' title='bbox 2839 444 3132 517; x_wconf 78' lang='lat' dir='ltr'><strong><em>longitudo,</em></strong></span> <span class='ocrx_word' id='word_1_23' title='bbox 3167 450 3500 520; x_wconf 74' lang='lat' dir='ltr'><strong><em>profunditas</em></strong></span> <span class='ocrx_word' id='word_1_24' title='bbox 3529 458 3583 505; x_wconf 82' lang='lat' dir='ltr'><strong><em>et</em></strong></span> 
     </span>
    </p>
   </div>
   <div class='ocr_carea' id='block_1_5' title="bbox 333 528 1907 600">
    <p class='ocr_par' dir='ltr' id='par_1_5' title="bbox 333 528 1907 600">
     <span class='ocr_line' id='line_1_5' title="bbox 333 528 1907 600; baseline 0 -14"><span class='ocrx_word' id='word_1_25' title='bbox 333 547 455 586; x_wconf 75' lang='grc' dir='ltr'>σαν</span> <span class='ocrx_word' id='word_1_26' title='bbox 480 528 589 599; x_wconf 82' lang='grc' dir='ltr'>τῆς</span> <span class='ocrx_word' id='word_1_27' title='bbox 616 530 894 600; x_wconf 73' lang='grc' dir='ltr'>γνώσεως</span> <span class='ocrx_word' id='word_1_28' title='bbox 923 530 1164 600; x_wconf 77' lang='grc' dir='ltr'>ἀγάπην</span> <span class='ocrx_word' id='word_1_29' title='bbox 1195 531 1300 586; x_wconf 86' lang='grc' dir='ltr'>τοῦ</span> <span class='ocrx_word' id='word_1_30' title='bbox 1321 532 1490 587; x_wconf 83' lang='grc' dir='ltr'><strong><em>Θεοῦ.</em></strong></span> <span class='ocrx_word' id='word_1_31' title='bbox 1524 533 1636 588; x_wconf 74' lang='grc' dir='ltr'><strong><em>Καὶ</em></strong></span> <span class='ocrx_word' id='word_1_32' title='bbox 1669 534 1830 598; x_wconf 78' lang='grc' dir='ltr'>αὐτὸς</span> <span class='ocrx_word' id='word_1_33' title='bbox 1849 533 1907 587; x_wconf 82' lang='grc' dir='ltr'>δὲ</span> 
     </span>
    </p>
   </div>
   <div class='ocr_carea' id='block_1_6' title="bbox 333 622 1908 697">
    <p class='ocr_par' dir='ltr' id='par_1_6' title="bbox 333 622 1908 697">
     <span class='ocr_line' id='line_1_6' title="bbox 333 622 1908 697; baseline 0.002 -19"><span class='ocrx_word' id='word_1_34' title='bbox 333 624 525 697; x_wconf 76' lang='grc' dir='ltr'>Σωτὴρ</span> <span class='ocrx_word' id='word_1_35' title='bbox 550 623 707 696; x_wconf 76' lang='grc' dir='ltr'>ἡμῶν</span> <span class='ocrx_word' id='word_1_36' title='bbox 749 622 973 677; x_wconf 70' lang='grc' dir='ltr'>πλεέστα</span> <span class='ocrx_word' id='word_1_37' title='bbox 1012 624 1113 677; x_wconf 83' lang='grc' dir='ltr'>ὅσα</span> <span class='ocrx_word' id='word_1_38' title='bbox 1149 625 1423 696; x_wconf 79' lang='grc' dir='ltr'><strong><em>μυστήρια</em></strong></span> <span class='ocrx_word' id='word_1_39' title='bbox 1454 627 1582 697; x_wconf 85' lang='grc' dir='ltr'>περὶ</span> <span class='ocrx_word' id='word_1_40' title='bbox 1617 625 1717 696; x_wconf 79' lang='grc' dir='ltr'>τῆς</span> <span class='ocrx_word' id='word_1_41' title='bbox 1748 625 1908 697; x_wconf 88' lang='grc' dir='ltr'>βασι-</span> 
     </span>
    </p>
   </div>
   <div class='ocr_carea' id='block_1_7' title="bbox 331 715 1910 788">
    <p class='ocr_par' dir='ltr' id='par_1_7' title="bbox 331 715 1910 788">
     <span class='ocr_line' id='line_1_7' title="bbox 331 715 1910 788; baseline 0.003 -19"><span class='ocrx_word' id='word_1_42' title='bbox 331 716 482 780; x_wconf 80' lang='grc' dir='ltr'>λείας</span> <span class='ocrx_word' id='word_1_43' title='bbox 499 717 607 770; x_wconf 86' lang='grc' dir='ltr'><strong><em>τῶν</em></strong></span> <span class='ocrx_word' id='word_1_44' title='bbox 634 715 907 788; x_wconf 80' lang='grc' dir='ltr'>οὐρανῶν,</span> <span class='ocrx_word' id='word_1_45' title='bbox 948 716 1076 788; x_wconf 88' lang='grc' dir='ltr'>περί</span> <span class='ocrx_word' id='word_1_46' title='bbox 1112 734 1173 770; x_wconf 85' lang='grc' dir='ltr'><strong><em>τε</em></strong></span> <span class='ocrx_word' id='word_1_47' title='bbox 1194 716 1294 787; x_wconf 78' lang='grc' dir='ltr'>τῆς</span> <span class='ocrx_word' id='word_1_48' title='bbox 1327 718 1636 783; x_wconf 76' lang='grc' dir='ltr'><strong><em>συντελείας</em></strong></span> <span class='ocrx_word' id='word_1_49' title='bbox 1653 719 1749 773; x_wconf 80' lang='grc' dir='ltr'>τοῦ</span> <span class='ocrx_word' id='word_1_50' title='bbox 1774 737 1910 774; x_wconf 87' lang='grc' dir='ltr'>παν-</span> 
     </span>
    </p>
   </div>
   <div class='ocr_carea' id='block_1_8' title="bbox 329 808 1908 882">
    <p class='ocr_par' dir='ltr' id='par_1_8' title="bbox 329 808 1908 882">
     <span class='ocr_line' id='line_1_8' title="bbox 329 808 1908 882; baseline 0.002 -21"><span class='ocrx_word' id='word_1_51' title='bbox 329 808 445 874; x_wconf 83' lang='grc' dir='ltr'>τὸς,</span> <span class='ocrx_word' id='word_1_52' title='bbox 478 809 604 881; x_wconf 87' lang='grc' dir='ltr'>περί</span> <span class='ocrx_word' id='word_1_53' title='bbox 634 826 693 862; x_wconf 91' lang='grc' dir='ltr'><strong><em>τε</em></strong></span> <span class='ocrx_word' id='word_1_54' title='bbox 722 809 830 862; x_wconf 86' lang='grc' dir='ltr'>τῶν</span> <span class='ocrx_word' id='word_1_55' title='bbox 862 808 1221 877; x_wconf 78' lang='grc' dir='ltr'><strong><em>ἐπαγγελιῶν,</em></strong></span> <span class='ocrx_word' id='word_1_56' title='bbox 1262 809 1392 863; x_wconf 83' lang='grc' dir='ltr'><strong><em>ποτέ</em></strong></span> <span class='ocrx_word' id='word_1_57' title='bbox 1428 810 1529 881; x_wconf 79' lang='grc' dir='ltr'>μὲν</span> <span class='ocrx_word' id='word_1_58' title='bbox 1549 809 1635 864; x_wconf 83' lang='grc' dir='ltr'>διὰ</span> <span class='ocrx_word' id='word_1_59' title='bbox 1663 810 1908 882; x_wconf 81' lang='grc' dir='ltr'>παραδο-</span> 
     </span>
    </p>
   </div>
   <div class='ocr_carea' id='block_1_9' title="bbox 331 899 1904 972">
    <p class='ocr_par' dir='ltr' id='par_1_9' title="bbox 331 899 1904 972">
     <span class='ocr_line' id='line_1_9' title="bbox 331 899 1904 972; baseline 0.003 -20"><span class='ocrx_word' id='word_1_60' title='bbox 331 899 460 963; x_wconf 85' lang='grc' dir='ltr'>λῶν,</span> <span class='ocrx_word' id='word_1_61' title='bbox 501 900 632 954; x_wconf 85' lang='grc' dir='ltr'>ποτὲ</span> <span class='ocrx_word' id='word_1_62' title='bbox 662 900 719 953; x_wconf 83' lang='grc' dir='ltr'>δὲ</span> <span class='ocrx_word' id='word_1_63' title='bbox 749 900 849 954; x_wconf 63' lang='grc' dir='ltr'>καὶ</span> <span class='ocrx_word' id='word_1_64' title='bbox 880 902 937 953; x_wconf 82' lang='grc' dir='ltr'><strong><em>ἐν</em></strong></span> <span class='ocrx_word' id='word_1_65' title='bbox 970 900 1298 972; x_wconf 70' lang='grc' dir='ltr'>ἀπορρήτοις</span> <span class='ocrx_word' id='word_1_66' title='bbox 1325 900 1570 971; x_wconf 78' lang='grc' dir='ltr'><strong><em>ἐξέφαινε</em></strong></span> <span class='ocrx_word' id='word_1_67' title='bbox 1598 904 1710 967; x_wconf 83' lang='grc' dir='ltr'>τοῖς</span> <span class='ocrx_word' id='word_1_68' title='bbox 1739 902 1904 957; x_wconf 81' lang='grc' dir='ltr'>αὐτοῦ</span> 
     </span>
    </p>
   </div>
   <div class='ocr_carea' id='block_1_10' title="bbox 339 990 1905 1063">
    <p class='ocr_par' dir='ltr' id='par_1_10' title="bbox 339 990 1905 1063">
     <span class='ocr_line' id='line_1_10' title="bbox 339 990 1905 1063; baseline 0.003 -20"><span class='ocrx_word' id='word_1_69' title='bbox 339 990 627 1063; x_wconf 77' lang='grc' dir='ltr'>μαθηταῖς,</span> <span class='ocrx_word' id='word_1_70' title='bbox 664 992 801 1063; x_wconf 84' lang='grc' dir='ltr'>πρὸς</span> <span class='ocrx_word' id='word_1_71' title='bbox 838 990 931 1055; x_wconf 81' lang='grc' dir='ltr'><strong><em>οὓς</em></strong></span> <span class='ocrx_word' id='word_1_72' title='bbox 957 991 1159 1060; x_wconf 72' lang='grc' dir='ltr'>ἔλεγεν,</span> <span class='ocrx_word' id='word_1_73' title='bbox 1203 991 1372 1062; x_wconf 77' lang='grc' dir='ltr'>Ὑμῖν</span> <span class='ocrx_word' id='word_1_74' title='bbox 1416 992 1652 1048; x_wconf 76' lang='grc' dir='ltr'>δέδοται</span> <span class='ocrx_word' id='word_1_75' title='bbox 1687 993 1905 1063; x_wconf 73' lang='grc' dir='ltr'>γνῶναι</span> 
     </span>
    </p>
   </div>
   <div class='ocr_carea' id='block_1_11' title="bbox 333 1070 1907 1160">
    <p class='ocr_par' dir='ltr' id='par_1_11' title="bbox 333 1070 1907 1160">
     <span class='ocr_line' id='line_1_11' title="bbox 333 1070 1907 1160; baseline 0.004 -26"><span class='ocrx_word' id='word_1_76' title='bbox 333 1080 408 1135; x_wconf 80' lang='grc' dir='ltr'>τὰ</span> <span class='ocrx_word' id='word_1_77' title='bbox 428 1081 730 1152; x_wconf 74' lang='grc' dir='ltr'><strong><em>μυστήρια</em></strong></span> <span class='ocrx_word' id='word_1_78' title='bbox 759 1083 865 1137; x_wconf 82' lang='grc' dir='ltr'><strong><em>τοῦ</em></strong></span> <span class='ocrx_word' id='word_1_79' title='bbox 900 1083 1070 1149; x_wconf 80' lang='grc' dir='ltr'>Θεοῦ,</span> <span class='ocrx_word' id='word_1_80' title='bbox 1105 1078 1181 1139; x_wconf 80' lang='grc' dir='ltr'><strong><em>ὢν</em></strong></span> <span class='ocrx_word' id='word_1_81' title='bbox 1204 1085 1306 1139; x_wconf 83' lang='grc' dir='ltr'>οὐκ</span> <span class='ocrx_word' id='word_1_82' title='bbox 1333 1070 1415 1141; x_wconf 53' lang='grc' dir='ltr'><strong><em>ἄν’</em></strong></span> <span class='ocrx_word' id='word_1_83' title='bbox 1433 1085 1582 1160; x_wconf 69' lang='grc' dir='ltr'>εὖροι</span> <span class='ocrx_word' id='word_1_84' title='bbox 1602 1103 1686 1151; x_wconf 87' lang='grc' dir='ltr'><strong><em>τις</em></strong></span> <span class='ocrx_word' id='word_1_85' title='bbox 1718 1085 1790 1140; x_wconf 84' lang='grc' dir='ltr'>τὰ</span> <span class='ocrx_word' id='word_1_86' title='bbox 1811 1082 1907 1140; x_wconf 81' lang='grc' dir='ltr'><strong><em>ἷσα</em></strong></span> 
     </span>
    </p>
   </div>
   <div class='ocr_carea' id='block_1_12' title="bbox 334 1175 1905 1252">
    <p class='ocr_par' dir='ltr' id='par_1_12' title="bbox 334 1175 1905 1252">
     <span class='ocr_line' id='line_1_12' title="bbox 334 1175 1905 1252; baseline 0.003 -23"><span class='ocrx_word' id='word_1_87' title='bbox 334 1175 488 1248; x_wconf 88' lang='grc' dir='ltr'><strong><em>παρά</em></strong></span> <span class='ocrx_word' id='word_1_88' title='bbox 505 1177 708 1241; x_wconf 83' lang='grc' dir='ltr'>Μωσεῖ,</span> <span class='ocrx_word' id='word_1_89' title='bbox 733 1176 773 1249; x_wconf 69' lang='grc' dir='ltr'>ἢ</span> <span class='ocrx_word' id='word_1_90' title='bbox 793 1175 942 1249; x_wconf 89' lang='grc' dir='ltr'><strong><em>παρά</em></strong></span> <span class='ocrx_word' id='word_1_91' title='bbox 960 1179 1073 1241; x_wconf 76' lang='grc' dir='ltr'>τοῖς</span> <span class='ocrx_word' id='word_1_92' title='bbox 1099 1178 1304 1242; x_wconf 81' lang='grc' dir='ltr'><strong><em>λοιποῖς</em></strong></span> <span class='ocrx_word' id='word_1_93' title='bbox 1337 1180 1669 1252; x_wconf 76' lang='grc' dir='ltr'>προφήταις.</span> <span class='ocrx_word' id='word_1_94' title='bbox 1695 1180 1760 1234; x_wconf 90' lang='grc' dir='ltr'><strong><em>Τί</em></strong></span> <span class='ocrx_word' id='word_1_95' title='bbox 1775 1175 1905 1246; x_wconf 76' lang='grc' dir='ltr'>οὖν;</span> 
     </span>
    </p>
   </div>
   <div class='ocr_carea' id='block_1_13' title="bbox 334 1267 1905 1342">
    <p class='ocr_par' dir='ltr' id='par_1_13' title="bbox 334 1267 1905 1342">
     <span class='ocr_line' id='line_1_13' title="bbox 334 1267 1905 1342; baseline 0.003 -21"><span class='ocrx_word' id='word_1_96' title='bbox 334 1268 456 1321; x_wconf 77' lang='grc' dir='ltr'>ἐπεὶ</span> <span class='ocrx_word' id='word_1_97' title='bbox 489 1268 563 1340; x_wconf 74' lang='grc' dir='ltr'>μὴ</span> <span class='ocrx_word' id='word_1_98' title='bbox 598 1267 677 1339; x_wconf 80' lang='grc' dir='ltr'>τῷ</span> <span class='ocrx_word' id='word_1_99' title='bbox 714 1269 980 1323; x_wconf 79' lang='grc' dir='ltr'><strong><em>Ἰουδαίων</em></strong></span> <span class='ocrx_word' id='word_1_100' title='bbox 1007 1268 1122 1340; x_wconf 85' lang='grc' dir='ltr'><strong><em>λαῷ</em></strong></span> <span class='ocrx_word' id='word_1_101' title='bbox 1149 1270 1420 1342; x_wconf 83' lang='grc' dir='ltr'><strong><em>παρεδόθη</em></strong></span> <span class='ocrx_word' id='word_1_102' title='bbox 1445 1270 1639 1336; x_wconf 83' lang='grc' dir='ltr'>ταῦτα,</span> <span class='ocrx_word' id='word_1_103' title='bbox 1675 1273 1754 1335; x_wconf 86' lang='grc' dir='ltr'>εἰς</span> <span class='ocrx_word' id='word_1_104' title='bbox 1782 1273 1905 1325; x_wconf 84' lang='grc' dir='ltr'>ἐπι-</span> 
     </span>
    </p>
   </div>
   <div class='ocr_carea' id='block_1_14' title="bbox 330 1359 1905 1437">
    <p class='ocr_par' dir='ltr' id='par_1_14' title="bbox 330 1359 1905 1437">
     <span class='ocr_line' id='line_1_14' title="bbox 330 1359 1905 1437; baseline 0.004 -27"><span class='ocrx_word' id='word_1_105' title='bbox 330 1359 541 1429; x_wconf 83' lang='grc' dir='ltr'>τήδειον</span> <span class='ocrx_word' id='word_1_106' title='bbox 583 1360 772 1433; x_wconf 87' lang='grc' dir='ltr'>καιρὸν</span> <span class='ocrx_word' id='word_1_107' title='bbox 797 1361 1173 1433; x_wconf 78' lang='grc' dir='ltr'>φυλαττόμενα</span> <span class='ocrx_word' id='word_1_108' title='bbox 1205 1365 1269 1434; x_wconf 76' lang='grc' dir='ltr'>τῇ</span> <span class='ocrx_word' id='word_1_109' title='bbox 1317 1362 1614 1436; x_wconf 73' lang='grc' dir='ltr'>Ἐκκλησία</span> <span class='ocrx_word' id='word_1_110' title='bbox 1642 1363 1905 1437; x_wconf 74' lang='grc' dir='ltr'>Χριστοῦ,</span> 
     </span>
    </p>
   </div>
   <div class='ocr_carea' id='block_1_15' title="bbox 331 1450 1908 1527">
    <p class='ocr_par' dir='ltr' id='par_1_15' title="bbox 331 1450 1908 1527">
     <span class='ocr_line' id='line_1_15' title="bbox 331 1450 1908 1527; baseline 0.004 -24"><span class='ocrx_word' id='word_1_111' title='bbox 331 1450 484 1522; x_wconf 80' lang='grc' dir='ltr'>παρὰ</span> <span class='ocrx_word' id='word_1_112' title='bbox 518 1451 677 1505; x_wconf 81' lang='grc' dir='ltr'>τοῦτο</span> <span class='ocrx_word' id='word_1_113' title='bbox 730 1453 866 1524; x_wconf 81' lang='grc' dir='ltr'>χρῆν</span> <span class='ocrx_word' id='word_1_114' title='bbox 900 1453 1045 1524; x_wconf 74' lang='grc' dir='ltr'>ὑμᾶς</span> <span class='ocrx_word' id='word_1_115' title='bbox 1078 1452 1176 1525; x_wconf 80' lang='grc' dir='ltr'>τὴν</span> <span class='ocrx_word' id='word_1_116' title='bbox 1212 1453 1551 1525; x_wconf 82' lang='grc' dir='ltr'>δωρηθεῖσαν</span> <span class='ocrx_word' id='word_1_117' title='bbox 1584 1455 1714 1527; x_wconf 76' lang='grc' dir='ltr'>ἡμῖν</span> <span class='ocrx_word' id='word_1_118' title='bbox 1748 1454 1908 1527; x_wconf 86' lang='grc' dir='ltr'>χάριν</span> 
     </span>
    </p>
   </div>
   <div class='ocr_carea' id='block_1_16' title="bbox 329 1541 1910 1617">
    <p class='ocr_par' dir='ltr' id='par_1_16' title="bbox 329 1541 1910 1617">
     <span class='ocr_line' id='line_1_16' title="bbox 329 1541 1910 1617; baseline 0.003 -22"><span class='ocrx_word' id='word_1_119' title='bbox 329 1542 570 1608; x_wconf 81' lang='grc' dir='ltr'>ἀθετεῖν;</span> <span class='ocrx_word' id='word_1_120' title='bbox 618 1541 652 1614; x_wconf 79' lang='grc' dir='ltr'>ἢ</span> <span class='ocrx_word' id='word_1_121' title='bbox 696 1543 955 1611; x_wconf 79' lang='grc' dir='ltr'><strong><em>μειζόνως</em></strong></span> <span class='ocrx_word' id='word_1_122' title='bbox 990 1543 1330 1615; x_wconf 66' lang='grc' dir='ltr'>εὐχαριστεῖν</span> <span class='ocrx_word' id='word_1_123' title='bbox 1383 1544 1463 1616; x_wconf 81' lang='grc' dir='ltr'>τῷ</span> <span class='ocrx_word' id='word_1_124' title='bbox 1493 1544 1597 1615; x_wconf 86' lang='grc' dir='ltr'>τῆς</span> <span class='ocrx_word' id='word_1_125' title='bbox 1638 1545 1910 1617; x_wconf 82' lang='grc' dir='ltr'><strong><em>τοσαύτης</em></strong></span> 
     </span>
    </p>
   </div>
   <div class='ocr_carea' id='block_1_17' title="bbox 331 1633 1909 1711">
    <p class='ocr_par' dir='ltr' id='par_1_17' title="bbox 331 1633 1909 1711">
     <span class='ocr_line' id='line_1_17' title="bbox 331 1633 1909 1711; baseline 0 -19"><span class='ocrx_word' id='word_1_126' title='bbox 331 1640 482 1711; x_wconf 74' lang='grc' dir='ltr'>ἡμᾶς</span> <span class='ocrx_word' id='word_1_127' title='bbox 499 1635 894 1700; x_wconf 82' lang='grc' dir='ltr'>καταξιώσαντι</span> <span class='ocrx_word' id='word_1_128' title='bbox 920 1633 1172 1705; x_wconf 80' lang='grc' dir='ltr'>γνώσεως</span> <span class='ocrx_word' id='word_1_129' title='bbox 1196 1636 1303 1706; x_wconf 82' lang='grc'>(6);</span> <span class='ocrx_word' id='word_1_130' title='bbox 1333 1636 1491 1691; x_wconf 81' lang='grc' dir='ltr'>Κατὰ</span> <span class='ocrx_word' id='word_1_131' title='bbox 1514 1636 1612 1691; x_wconf 86' lang='grc' dir='ltr'>’τὸν</span> <span class='ocrx_word' id='word_1_132' title='bbox 1634 1637 1794 1692; x_wconf 77' lang='grc' dir='ltr'>αὑτὸν</span> <span class='ocrx_word' id='word_1_133' title='bbox 1813 1634 1909 1693; x_wconf 80' lang='grc' dir='ltr'>οὖν</span> 
     </span>
    </p>
   </div>
   <div class='ocr_carea' id='block_1_18' title="bbox 329 1727 1909 1803">
    <p class='ocr_par' dir='ltr' id='par_1_18' title="bbox 329 1727 1909 1803">
     <span class='ocr_line' id='line_1_18' title="bbox 329 1727 1909 1803; baseline 0.001 -19"><span class='ocrx_word' id='word_1_134' title='bbox 329 1730 531 1802; x_wconf 85' lang='grc' dir='ltr'>τρόπον</span> <span class='ocrx_word' id='word_1_135' title='bbox 570 1728 665 1783; x_wconf 78' lang='grc' dir='ltr'>καὶ</span> <span class='ocrx_word' id='word_1_136' title='bbox 711 1727 811 1792; x_wconf 87' lang='grc' dir='ltr'><strong><em>τὰς</em></strong></span> <span class='ocrx_word' id='word_1_137' title='bbox 852 1728 981 1800; x_wconf 71' lang='grc' dir='ltr'>περὶ</span> <span class='ocrx_word' id='word_1_138' title='bbox 1025 1727 1122 1783; x_wconf 77' lang='grc' dir='ltr'>τοῦ</span> <span class='ocrx_word' id='word_1_139' title='bbox 1156 1728 1287 1783; x_wconf 81' lang='grc' dir='ltr'>Υἱοῦ</span> <span class='ocrx_word' id='word_1_140' title='bbox 1314 1728 1678 1797; x_wconf 74' lang='grc' dir='ltr'>διδασκαλίας,</span> <span class='ocrx_word' id='word_1_141' title='bbox 1710 1732 1774 1785; x_wconf 83' lang='grc' dir='ltr'><strong><em>ἐκ</em></strong></span> <span class='ocrx_word' id='word_1_142' title='bbox 1807 1731 1909 1803; x_wconf 81' lang='grc' dir='ltr'><strong><em>τῆς</em></strong></span> 
     </span>
    </p>
   </div>
   <div class='ocr_carea' id='block_1_19' title="bbox 2007 534 3591 605">
    <p class='ocr_par' dir='ltr' id='par_1_19' title="bbox 2007 534 3591 605">
     <span class='ocr_line' id='line_1_19' title="bbox 2007 534 3591 605; baseline 0.006 -17"><span class='ocrx_word' id='word_1_143' title='bbox 2007 534 2239 588; x_wconf 78' lang='lat' dir='ltr'><strong><em>altitudo</em></strong></span> <span class='ocrx_word' id='word_1_144' title='bbox 2259 574 2276 599; x_wconf 94' lang='lat'><strong><em>,</em></strong></span> <span class='ocrx_word' id='word_1_145' title='bbox 2306 545 2353 589; x_wconf 87' lang='lat' dir='ltr'><strong><em>et</em></strong></span> <span class='ocrx_word' id='word_1_146' title='bbox 2378 551 2688 605; x_wconf 80' lang='lat' dir='ltr'><strong><em>cognoscere</em></strong></span> <span class='ocrx_word' id='word_1_147' title='bbox 2712 535 3040 592; x_wconf 74' lang='lat' dir='ltr'><strong><em>excedentem</em></strong></span> <span class='ocrx_word' id='word_1_148' title='bbox 3069 539 3217 594; x_wconf 83' lang='lat' dir='ltr'><strong><em>illam</em></strong></span> <span class='ocrx_word' id='word_1_149' title='bbox 3247 540 3591 597; x_wconf 43' lang='lat' dir='ltr'><strong><em>dilectionem!</em></strong></span> 
     </span>
    </p>
   </div>
   <div class='ocr_carea' id='block_1_20' title="bbox 2008 623 3583 694">
    <p class='ocr_par' dir='ltr' id='par_1_20' title="bbox 2008 623 3583 694">
     <span class='ocr_line' id='line_1_20' title="bbox 2008 623 3583 694; baseline 0.007 -19"><span class='ocrx_word' id='word_1_150' title='bbox 2008 624 2317 694; x_wconf 80' lang='lat' dir='ltr'><strong><em>cognitionis</em></strong></span> <span class='ocrx_word' id='word_1_151' title='bbox 2345 623 2441 678; x_wconf 86' lang='lat' dir='ltr'><strong><em>Dei</em></strong></span> <span class='ocrx_word' id='word_1_152' title='bbox 2469 626 2535 677; x_wconf 76' lang='lat'><strong><em>“.</em></strong></span> <span class='ocrx_word' id='word_1_153' title='bbox 2565 624 2671 680; x_wconf 88' lang='lat' dir='ltr'><strong><em>Sed</em></strong></span> <span class='ocrx_word' id='word_1_154' title='bbox 2724 634 2779 682; x_wconf 87' lang='lat' dir='ltr'><strong><em>et</em></strong></span> <span class='ocrx_word' id='word_1_155' title='bbox 2832 625 3057 694; x_wconf 91' lang='lat' dir='ltr'><strong><em>ipsemet</em></strong></span> <span class='ocrx_word' id='word_1_156' title='bbox 3102 627 3363 685; x_wconf 84' lang='lat' dir='ltr'><strong><em>Servatur</em></strong></span> <span class='ocrx_word' id='word_1_157' title='bbox 3397 640 3583 688; x_wconf 83' lang='lat' dir='ltr'><strong><em>noster</em></strong></span> 
     </span>
    </p>
   </div>
   <div class='ocr_carea' id='block_1_21' title="bbox 2006 714 3593 792">
    <p class='ocr_par' dir='ltr' id='par_1_21' title="bbox 2006 714 3593 792">
     <span class='ocr_line' id='line_1_21' title="bbox 2006 714 3593 792; baseline 0.007 -24"><span class='ocrx_word' id='word_1_158' title='bbox 2006 714 2159 785; x_wconf 90' lang='lat' dir='ltr'><strong><em>plura</em></strong></span> <span class='ocrx_word' id='word_1_159' title='bbox 2206 715 2459 785; x_wconf 79' lang='lat' dir='ltr'><strong><em>mysteria</em></strong></span> <span class='ocrx_word' id='word_1_160' title='bbox 2493 716 2561 771; x_wconf 89' lang='lat' dir='ltr'><strong><em>de</em></strong></span> <span class='ocrx_word' id='word_1_161' title='bbox 2594 733 2758 791; x_wconf 81' lang='lat' dir='ltr'><strong><em>regno</em></strong></span> <span class='ocrx_word' id='word_1_162' title='bbox 2799 722 3058 778; x_wconf 62' lang='lat' dir='ltr'><strong><em>calorum</em></strong></span> <span class='ocrx_word' id='word_1_163' title='bbox 3090 766 3106 792; x_wconf 90' lang='lat'><strong><em>,</em></strong></span> <span class='ocrx_word' id='word_1_164' title='bbox 3138 724 3205 780; x_wconf 88' lang='lat' dir='ltr'><strong><em>de</em></strong></span> <span class='ocrx_word' id='word_1_165' title='bbox 3235 738 3593 779; x_wconf 47' lang='lat' dir='ltr'><strong><em>consumma»</em></strong></span> 
     </span>
    </p>
   </div>
   <div class='ocr_carea' id='block_1_22' title="bbox 2009 808 3580 889">
    <p class='ocr_par' dir='ltr' id='par_1_22' title="bbox 2009 808 3580 889">
     <span class='ocr_line' id='line_1_22' title="bbox 2009 808 3580 889; baseline 0.008 -27"><span class='ocrx_word' id='word_1_166' title='bbox 2009 808 2156 863; x_wconf 82' lang='lat' dir='ltr'><strong><em>tione</em></strong></span> <span class='ocrx_word' id='word_1_167' title='bbox 2182 808 2401 875; x_wconf 89' lang='lat' dir='ltr'><strong><em>mundi,</em></strong></span> <span class='ocrx_word' id='word_1_168' title='bbox 2433 812 2498 867; x_wconf 87' lang='lat' dir='ltr'><strong><em>de</em></strong></span> <span class='ocrx_word' id='word_1_169' title='bbox 2526 813 2979 883; x_wconf 87' lang='lat' dir='ltr'><strong><em>promissionibus</em></strong></span> <span class='ocrx_word' id='word_1_170' title='bbox 3004 857 3018 882; x_wconf 92' lang='lat'><strong><em>,</em></strong></span> <span class='ocrx_word' id='word_1_171' title='bbox 3048 834 3192 874; x_wconf 88' lang='lat' dir='ltr'><strong><em>nunc</em></strong></span> <span class='ocrx_word' id='word_1_172' title='bbox 3224 834 3321 889; x_wconf 87' lang='lat' dir='ltr'><strong><em>per</em></strong></span> <span class='ocrx_word' id='word_1_173' title='bbox 3348 818 3580 889; x_wconf 75' lang='lat' dir='ltr'><strong><em>parabo-</em></strong></span> 
     </span>
    </p>
   </div>
   <div class='ocr_carea' id='block_1_23' title="bbox 2008 899 3578 981">
    <p class='ocr_par' dir='ltr' id='par_1_23' title="bbox 2008 899 3578 981">
     <span class='ocr_line' id='line_1_23' title="bbox 2008 899 3578 981; baseline 0.006 -28"><span class='ocrx_word' id='word_1_174' title='bbox 2008 899 2107 963; x_wconf 82' lang='lat' dir='ltr'><strong><em>l‘as,</em></strong></span> <span class='ocrx_word' id='word_1_175' title='bbox 2139 916 2281 956; x_wconf 88' lang='lat' dir='ltr'><strong><em>nunc</em></strong></span> <span class='ocrx_word' id='word_1_176' title='bbox 2308 901 2542 959; x_wconf 86' lang='lat' dir='ltr'><strong><em>latenter</em></strong></span> <span class='ocrx_word' id='word_1_177' title='bbox 2580 914 2635 960; x_wconf 92' lang='lat' dir='ltr'><strong><em>et</em></strong></span> <span class='ocrx_word' id='word_1_178' title='bbox 2675 908 2888 964; x_wconf 79' lang='lat' dir='ltr'><strong><em>occulte</em></strong></span> <span class='ocrx_word' id='word_1_179' title='bbox 2928 911 3141 977; x_wconf 79' lang='lat' dir='ltr'><strong><em>extulit,</em></strong></span> <span class='ocrx_word' id='word_1_180' title='bbox 3204 920 3259 966; x_wconf 91' lang='lat' dir='ltr'><strong><em>et</em></strong></span> <span class='ocrx_word' id='word_1_181' title='bbox 3297 911 3578 981; x_wconf 72' lang='lat' dir='ltr'><strong><em>discipulis</em></strong></span> 
     </span>
    </p>
   </div>
   <div class='ocr_carea' id='block_1_24' title="bbox 2009 992 3578 1073">
    <p class='ocr_par' dir='ltr' id='par_1_24' title="bbox 2009 992 3578 1073">
     <span class='ocr_line' id='line_1_24' title="bbox 2009 992 3578 1073; baseline 0.005 -27"><span class='ocrx_word' id='word_1_182' title='bbox 2009 992 2293 1060; x_wconf 90' lang='lat' dir='ltr'><strong><em>intimavit,</em></strong></span> <span class='ocrx_word' id='word_1_183' title='bbox 2328 994 2618 1064; x_wconf 85' lang='lat' dir='ltr'><strong><em>inquiens:</em></strong></span> <span class='ocrx_word' id='word_1_184' title='bbox 2655 996 2808 1053; x_wconf 82' lang='lat' dir='ltr'><strong><em>Vobis</em></strong></span> <span class='ocrx_word' id='word_1_185' title='bbox 2840 1001 3019 1057; x_wconf 88' lang='lat' dir='ltr'><strong><em>datunt</em></strong></span> <span class='ocrx_word' id='word_1_186' title='bbox 3047 1013 3119 1057; x_wconf 89' lang='lat' dir='ltr'><strong><em>est</em></strong></span> <span class='ocrx_word' id='word_1_187' title='bbox 3155 1020 3305 1057; x_wconf 88' lang='lat' dir='ltr'><strong><em>nosse</em></strong></span> <span class='ocrx_word' id='word_1_188' title='bbox 3335 1003 3578 1073; x_wconf 80' lang='lat' dir='ltr'><strong><em>mysteria</em></strong></span> 
     </span>
    </p>
   </div>
   <div class='ocr_carea' id='block_1_25' title="bbox 2008 1084 3580 1166">
    <p class='ocr_par' dir='ltr' id='par_1_25' title="bbox 2008 1084 3580 1166">
     <span class='ocr_line' id='line_1_25' title="bbox 2008 1084 3580 1166; baseline 0.008 -27"><span class='ocrx_word' id='word_1_189' title='bbox 2008 1084 2107 1140; x_wconf 88' lang='lat' dir='ltr'><strong><em>Dei</em></strong></span> <span class='ocrx_word' id='word_1_190' title='bbox 2148 1084 2225 1153; x_wconf 66' lang='grc' dir='ltr'><strong><em>δ’,</em></strong></span> <span class='ocrx_word' id='word_1_191' title='bbox 2265 1087 2463 1159; x_wconf 85' lang='lat' dir='ltr'><strong><em>quibus</em></strong></span> <span class='ocrx_word' id='word_1_192' title='bbox 2514 1091 2764 1161; x_wconf 85' lang='lat' dir='ltr'><strong><em>supparia</em></strong></span> <span class='ocrx_word' id='word_1_193' title='bbox 2813 1109 2920 1148; x_wconf 80' lang='lat' dir='ltr'><strong><em>non</em></strong></span> <span class='ocrx_word' id='word_1_194' title='bbox 2981 1095 3221 1149; x_wconf 84' lang='lat' dir='ltr'><strong><em>inveniet</em></strong></span> <span class='ocrx_word' id='word_1_195' title='bbox 3267 1096 3387 1166; x_wconf 89' lang='lat' dir='ltr'><strong><em>quis</em></strong></span> <span class='ocrx_word' id='word_1_196' title='bbox 3436 1098 3580 1165; x_wconf 84' lang='lat' dir='ltr'><strong><em>apud</em></strong></span> 
     </span>
    </p>
   </div>
   <div class='ocr_carea' id='block_1_26' title="bbox 2009 1175 3577 1258">
    <p class='ocr_par' dir='ltr' id='par_1_26' title="bbox 2009 1175 3577 1258">
     <span class='ocr_line' id='line_1_26' title="bbox 2009 1175 3577 1258; baseline 0.005 -28"><span class='ocrx_word' id='word_1_197' title='bbox 2009 1175 2213 1232; x_wconf 81' lang='lat' dir='ltr'><strong><em>Mosem</em></strong></span> <span class='ocrx_word' id='word_1_198' title='bbox 2238 1217 2256 1244; x_wconf 91' lang='lat'><strong><em>,</em></strong></span> <span class='ocrx_word' id='word_1_199' title='bbox 2296 1187 2389 1233; x_wconf 90' lang='lat' dir='ltr'><strong><em>aut</em></strong></span> <span class='ocrx_word' id='word_1_200' title='bbox 2423 1179 2659 1251; x_wconf 87' lang='lat' dir='ltr'><strong><em>reliquos</em></strong></span> <span class='ocrx_word' id='word_1_201' title='bbox 2707 1185 3021 1256; x_wconf 84' lang='lat' dir='ltr'><strong><em>prophetas.</em></strong></span> <span class='ocrx_word' id='word_1_202' title='bbox 3051 1186 3193 1255; x_wconf 84' lang='lat' dir='ltr'><strong><em>Quid</em></strong></span> <span class='ocrx_word' id='word_1_203' title='bbox 3224 1187 3398 1258; x_wconf 82' lang='lat' dir='ltr'><strong><em>ergo?</em></strong></span> <span class='ocrx_word' id='word_1_204' title='bbox 3443 1186 3577 1242; x_wconf 87' lang='lat' dir='ltr'><strong><em>Cum</em></strong></span> 
     </span>
    </p>
   </div>
   <div class='ocr_carea' id='block_1_27' title="bbox 2008 1272 3580 1348">
    <p class='ocr_par' dir='ltr' id='par_1_27' title="bbox 2008 1272 3580 1348">
     <span class='ocr_line' id='line_1_27' title="bbox 2008 1272 3580 1348; baseline 0.004 -25"><span class='ocrx_word' id='word_1_205' title='bbox 2008 1285 2113 1323; x_wconf 87' lang='lat' dir='ltr'><strong><em>non</em></strong></span> <span class='ocrx_word' id='word_1_206' title='bbox 2143 1284 2466 1329; x_wconf 89' lang='lat' dir='ltr'><strong><em>concessum</em></strong></span> <span class='ocrx_word' id='word_1_207' title='bbox 2504 1272 2666 1330; x_wconf 78' lang='lat' dir='ltr'><strong><em>fuerit</em></strong></span> <span class='ocrx_word' id='word_1_208' title='bbox 2692 1274 3005 1332; x_wconf 62' lang='lat' dir='ltr'><strong><em>Iudaeorum</em></strong></span> <span class='ocrx_word' id='word_1_209' title='bbox 3046 1279 3244 1348; x_wconf 89' lang='lat' dir='ltr'><strong><em>populo</em></strong></span> <span class='ocrx_word' id='word_1_210' title='bbox 3277 1279 3375 1334; x_wconf 83' lang='lat' dir='ltr'><strong><em>ista</em></strong></span> <span class='ocrx_word' id='word_1_211' title='bbox 3403 1278 3580 1348; x_wconf 84' lang='lat' dir='ltr'><strong><em>perci-</em></strong></span> 
     </span>
    </p>
   </div>
   <div class='ocr_carea' id='block_1_28' title="bbox 2006 1363 3585 1439">
    <p class='ocr_par' dir='ltr' id='par_1_28' title="bbox 2006 1363 3585 1439">
     <span class='ocr_line' id='line_1_28' title="bbox 2006 1363 3585 1439; baseline 0.006 -24"><span class='ocrx_word' id='word_1_212' title='bbox 2006 1375 2179 1431; x_wconf 82' lang='lat' dir='ltr'><strong><em>pere,</em></strong></span> <span class='ocrx_word' id='word_1_213' title='bbox 2231 1363 2324 1418; x_wconf 85' lang='lat' dir='ltr'><strong><em>sed</em></strong></span> <span class='ocrx_word' id='word_1_214' title='bbox 2374 1364 2428 1418; x_wconf 93' lang='lat' dir='ltr'><strong><em>in</em></strong></span> <span class='ocrx_word' id='word_1_215' title='bbox 2481 1374 2691 1436; x_wconf 89' lang='lat' dir='ltr'><strong><em>tempus</em></strong></span> <span class='ocrx_word' id='word_1_216' title='bbox 2740 1380 3102 1439; x_wconf 83' lang='lat' dir='ltr'><strong><em>Opportunum</em></strong></span> <span class='ocrx_word' id='word_1_217' title='bbox 3157 1370 3585 1427; x_wconf 88' lang='lat' dir='ltr'><strong><em>reservabantur</em></strong></span> 
     </span>
    </p>
   </div>
   <div class='ocr_carea' id='block_1_29' title="bbox 2006 1452 3579 1533">
    <p class='ocr_par' dir='ltr' id='par_1_29' title="bbox 2006 1452 3579 1533">
     <span class='ocr_line' id='line_1_29' title="bbox 2006 1452 3579 1533; baseline 0.006 -25"><span class='ocrx_word' id='word_1_218' title='bbox 2006 1452 2209 1509; x_wconf 82' lang='lat' dir='ltr'><strong><em>Christi</em></strong></span> <span class='ocrx_word' id='word_1_219' title='bbox 2254 1454 2508 1511; x_wconf 75' lang='lat' dir='ltr'><strong><em>Ecclesia:</em></strong></span> <span class='ocrx_word' id='word_1_220' title='bbox 2556 1457 2925 1529; x_wconf 81' lang='lat' dir='ltr'><strong><em>patefacienda</em></strong></span> <span class='ocrx_word' id='word_1_221' title='bbox 2964 1478 2980 1527; x_wconf 90' lang='lat'><strong>;</strong></span> <span class='ocrx_word' id='word_1_222' title='bbox 3038 1461 3158 1517; x_wconf 90' lang='lat' dir='ltr'><strong><em>ideo</em></strong></span> <span class='ocrx_word' id='word_1_223' title='bbox 3208 1477 3310 1517; x_wconf 88' lang='lat' dir='ltr'><strong><em>nos</em></strong></span> <span class='ocrx_word' id='word_1_224' title='bbox 3362 1471 3579 1533; x_wconf 88' lang='lat' dir='ltr'><strong><em>oportet</em></strong></span> 
     </span>
    </p>
   </div>
   <div class='ocr_carea' id='block_1_30' title="bbox 2006 1548 3579 1624">
    <p class='ocr_par' dir='ltr' id='par_1_30' title="bbox 2006 1548 3579 1624">
     <span class='ocr_line' id='line_1_30' title="bbox 2006 1548 3579 1624; baseline 0.004 -25"><span class='ocrx_word' id='word_1_225' title='bbox 2006 1559 2322 1601; x_wconf 86' lang='lat' dir='ltr'><strong><em>concessam</em></strong></span> <span class='ocrx_word' id='word_1_226' title='bbox 2356 1548 2511 1603; x_wconf 81' lang='lat' dir='ltr'><strong><em>nobis</em></strong></span> <span class='ocrx_word' id='word_1_227' title='bbox 2545 1550 2775 1619; x_wconf 76' lang='lat' dir='ltr'><strong><em>gratiam</em></strong></span> <span class='ocrx_word' id='word_1_228' title='bbox 2815 1551 3126 1624; x_wconf 75' lang='lat' dir='ltr'><strong><em>negligere?</em></strong></span> <span class='ocrx_word' id='word_1_229' title='bbox 3160 1552 3271 1607; x_wconf 90' lang='lat' dir='ltr'><strong><em>lmo</em></strong></span> <span class='ocrx_word' id='word_1_230' title='bbox 3299 1568 3427 1608; x_wconf 88' lang='lat' dir='ltr'><strong><em>vero</em></strong></span> <span class='ocrx_word' id='word_1_231' title='bbox 3465 1568 3579 1606; x_wconf 87' lang='lat' dir='ltr'><strong><em>ma-</em></strong></span> 
     </span>
    </p>
   </div>
   <div class='ocr_carea' id='block_1_31' title="bbox 1999 1634 3585 1715">
    <p class='ocr_par' dir='ltr' id='par_1_31' title="bbox 1999 1634 3585 1715">
     <span class='ocr_line' id='line_1_31' title="bbox 1999 1634 3585 1715; baseline 0.007 -27"><span class='ocrx_word' id='word_1_232' title='bbox 1999 1634 2172 1703; x_wconf 86' lang='lat' dir='ltr'><strong><em>jorem</em></strong></span> <span class='ocrx_word' id='word_1_233' title='bbox 2209 1637 2261 1690; x_wconf 90' lang='lat' dir='ltr'><strong><em>in</em></strong></span> <span class='ocrx_word' id='word_1_234' title='bbox 2292 1638 2508 1693; x_wconf 91' lang='lat' dir='ltr'><strong><em>modum</em></strong></span> <span class='ocrx_word' id='word_1_235' title='bbox 2540 1641 2743 1710; x_wconf 76' lang='lat' dir='ltr'><strong><em>gratias</em></strong></span> <span class='ocrx_word' id='word_1_236' title='bbox 2773 1641 2847 1697; x_wconf 88' lang='lat' dir='ltr'><strong><em>illi</em></strong></span> <span class='ocrx_word' id='word_1_237' title='bbox 2899 1644 3205 1699; x_wconf 84' lang='lat' dir='ltr'><strong><em>retribuere</em></strong></span> <span class='ocrx_word' id='word_1_238' title='bbox 3228 1684 3244 1709; x_wconf 93' lang='lat'><strong><em>,</em></strong></span> <span class='ocrx_word' id='word_1_239' title='bbox 3294 1644 3387 1715; x_wconf 90' lang='lat' dir='ltr'><strong><em>qui</em></strong></span> <span class='ocrx_word' id='word_1_240' title='bbox 3422 1643 3585 1700; x_wconf 85' lang='lat' dir='ltr'><strong><em>nobis</em></strong></span> 
     </span>
    </p>
   </div>
   <div class='ocr_carea' id='block_1_32' title="bbox 2007 1726 3586 1805">
    <p class='ocr_par' dir='ltr' id='par_1_32' title="bbox 2007 1726 3586 1805">
     <span class='ocr_line' id='line_1_32' title="bbox 2007 1726 3586 1805; baseline 0.006 -25"><span class='ocrx_word' id='word_1_241' title='bbox 2007 1726 2147 1781; x_wconf 81' lang='lat' dir='ltr'><strong><em>hanc</em></strong></span> <span class='ocrx_word' id='word_1_242' title='bbox 2195 1737 2400 1783; x_wconf 85' lang='lat' dir='ltr'><strong><em>tantam</em></strong></span> <span class='ocrx_word' id='word_1_243' title='bbox 2450 1731 2737 1787; x_wconf 87' lang='lat' dir='ltr'><strong><em>scientiam</em></strong></span> <span class='ocrx_word' id='word_1_244' title='bbox 2772 1733 3089 1799; x_wconf 83' lang='lat' dir='ltr'><strong><em>impertivit.</em></strong></span> <span class='ocrx_word' id='word_1_245' title='bbox 3123 1735 3205 1790; x_wconf 85' lang='lat' dir='ltr'><strong><em>Ad</em></strong></span> <span class='ocrx_word' id='word_1_246' title='bbox 3255 1735 3413 1790; x_wconf 89' lang='lat' dir='ltr'><strong><em>istum</em></strong></span> <span class='ocrx_word' id='word_1_247' title='bbox 3446 1751 3586 1805; x_wconf 79' lang='lat' dir='ltr'><strong><em>ergo</em></strong></span> 
     </span>
    </p>
   </div>
   <div class='ocr_carea' id='block_1_33' title="bbox 332 1818 1900 1894">
    <p class='ocr_par' dir='ltr' id='par_1_33' title="bbox 332 1820 1900 1894">
     <span class='ocr_line' id='line_1_33' title="bbox 332 1820 1900 1894; baseline -0.001 -16"><span class='ocrx_word' id='word_1_248' title='bbox 332 1822 497 1878; x_wconf 79' lang='grc' dir='ltr'>αὐτοῦ</span> <span class='ocrx_word' id='word_1_249' title='bbox 531 1822 738 1893; x_wconf 82' lang='grc' dir='ltr'>Καινῆς</span> <span class='ocrx_word' id='word_1_250' title='bbox 762 1820 1037 1892; x_wconf 83' lang='grc' dir='ltr'>Διαθήκης</span> <span class='ocrx_word' id='word_1_251' title='bbox 1066 1823 1335 1894; x_wconf 83' lang='grc' dir='ltr'>προσήκοι</span> <span class='ocrx_word' id='word_1_252' title='bbox 1363 1821 1429 1876; x_wconf 81' lang='grc' dir='ltr'>ἂν</span> <span class='ocrx_word' id='word_1_253' title='bbox 1472 1822 1900 1894; x_wconf 78' lang='grc' dir='ltr'>ἀπολαμϐάνειν,</span> 
     </span>
    </p>
   </div>
   <div class='ocr_carea' id='block_1_34' title="bbox 2001 1818 3577 1894">
    <p class='ocr_par' dir='ltr' id='par_1_34' title="bbox 2004 1819 3577 1892">
     <span class='ocr_line' id='line_1_34' title="bbox 2004 1819 3577 1892; baseline 0.005 -19"><span class='ocrx_word' id='word_1_254' title='bbox 2004 1819 2248 1888; x_wconf 90' lang='lat' dir='ltr'><strong><em>modum,</em></strong></span> <span class='ocrx_word' id='word_1_255' title='bbox 2283 1837 2402 1892; x_wconf 67' lang='lat' dir='ltr'><strong><em>quae</em></strong></span> <span class='ocrx_word' id='word_1_256' title='bbox 2422 1831 2549 1878; x_wconf 87' lang='lat' dir='ltr'><strong><em>sunt</em></strong></span> <span class='ocrx_word' id='word_1_257' title='bbox 2572 1822 2639 1879; x_wconf 90' lang='lat' dir='ltr'><strong><em>de</em></strong></span> <span class='ocrx_word' id='word_1_258' title='bbox 2675 1824 2766 1879; x_wconf 90' lang='lat' dir='ltr'><strong><em>Dei</em></strong></span> <span class='ocrx_word' id='word_1_259' title='bbox 2803 1824 2915 1881; x_wconf 82' lang='lat' dir='ltr'><strong><em>lilio</em></strong></span> <span class='ocrx_word' id='word_1_260' title='bbox 2948 1826 3000 1880; x_wconf 84' lang='lat' dir='ltr'><strong><em>iu</em></strong></span> <span class='ocrx_word' id='word_1_261' title='bbox 3036 1825 3191 1881; x_wconf 84' lang='lat' dir='ltr'><strong><em>Novo</em></strong></span> <span class='ocrx_word' id='word_1_262' title='bbox 3228 1824 3577 1882; x_wconf 86' lang='lat' dir='ltr'><strong><em>Testamento</em></strong></span> 
     </span>
    </p>
   </div>
   <div class='ocr_carea' id='block_1_35' title="bbox 330 1912 1904 1987">
    <p class='ocr_par' dir='ltr' id='par_1_35' title="bbox 330 1912 1904 1987">
     <span class='ocr_line' id='line_1_35' title="bbox 330 1912 1904 1987; baseline 0 -19"><span class='ocrx_word' id='word_1_263' title='bbox 330 1915 481 1968; x_wconf 81' lang='grc' dir='ltr'>οὐδὲν</span> <span class='ocrx_word' id='word_1_264' title='bbox 518 1913 906 1984; x_wconf 80' lang='grc' dir='ltr'>ξενιζόμενους,</span> <span class='ocrx_word' id='word_1_265' title='bbox 936 1914 983 1966; x_wconf 87' lang='grc' dir='ltr'><strong><em>εί</em></strong></span> <span class='ocrx_word' id='word_1_266' title='bbox 1009 1913 1083 1984; x_wconf 78' lang='grc' dir='ltr'><strong><em>μὴ</em></strong></span> <span class='ocrx_word' id='word_1_267' title='bbox 1112 1912 1189 1984; x_wconf 83' lang='grc' dir='ltr'>τῷ</span> <span class='ocrx_word' id='word_1_268' title='bbox 1224 1913 1633 1987; x_wconf 81' lang='grc' dir='ltr'>σκληροκαρδίῳ</span> <span class='ocrx_word' id='word_1_269' title='bbox 1672 1913 1784 1984; x_wconf 85' lang='grc' dir='ltr'>λαῷ</span> <span class='ocrx_word' id='word_1_270' title='bbox 1805 1915 1904 1986; x_wconf 77' lang='grc' dir='ltr'>τὴν</span> 
     </span>
    </p>
   </div>
   <div class='ocr_carea' id='block_1_36' title="bbox 330 2004 1904 2078">
    <p class='ocr_par' dir='ltr' id='par_1_36' title="bbox 330 2004 1904 2078">
     <span class='ocr_line' id='line_1_36' title="bbox 330 2004 1904 2078; baseline -0.001 -18"><span class='ocrx_word' id='word_1_271' title='bbox 330 2008 458 2078; x_wconf 77' lang='grc' dir='ltr'>περὶ</span> <span class='ocrx_word' id='word_1_272' title='bbox 489 2004 651 2060; x_wconf 74' lang='grc' dir='ltr'>αὑτοῦ</span> <span class='ocrx_word' id='word_1_273' title='bbox 680 2004 885 2075; x_wconf 83' lang='grc' dir='ltr'>γνῶσιν</span> <span class='ocrx_word' id='word_1_274' title='bbox 913 2004 1285 2061; x_wconf 74' lang='grc' dir='ltr'>ἀνεκάλυπτον</span> <span class='ocrx_word' id='word_1_275' title='bbox 1316 2007 1364 2058; x_wconf 82' lang='grc' dir='ltr'><strong>οἱ</strong></span> <span class='ocrx_word' id='word_1_276' title='bbox 1401 2006 1499 2060; x_wconf 76' lang='grc' dir='ltr'><strong><em>τοῦ</em></strong></span> <span class='ocrx_word' id='word_1_277' title='bbox 1525 2005 1660 2059; x_wconf 76' lang='grc' dir='ltr'><strong><em>Θεοῦ</em></strong></span> <span class='ocrx_word' id='word_1_278' title='bbox 1692 2004 1904 2077; x_wconf 85' lang='grc' dir='ltr'>ἀνθρω-</span> 
     </span>
    </p>
   </div>
   <div class='ocr_carea' id='block_1_37' title="bbox 329 2096 1904 2171">
    <p class='ocr_par' dir='ltr' id='par_1_37' title="bbox 329 2096 1904 2171">
     <span class='ocr_line' id='line_1_37' title="bbox 329 2096 1904 2171; baseline -0.001 -19"><span class='ocrx_word' id='word_1_279' title='bbox 329 2116 441 2162; x_wconf 90' lang='grc' dir='ltr'>ποι,</span> <span class='ocrx_word' id='word_1_280' title='bbox 470 2100 550 2162; x_wconf 85' lang='grc' dir='ltr'><strong><em>είς</em></strong></span> <span class='ocrx_word' id='word_1_281' title='bbox 580 2098 768 2171; x_wconf 80' lang='grc' dir='ltr'>καιρὸν</span> <span class='ocrx_word' id='word_1_282' title='bbox 798 2096 1075 2170; x_wconf 71' lang='grc' dir='ltr'>εὔκαιρον,</span> <span class='ocrx_word' id='word_1_283' title='bbox 1101 2097 1194 2151; x_wconf 90' lang='grc' dir='ltr'><strong><em>τὸν</em></strong></span> <span class='ocrx_word' id='word_1_284' title='bbox 1228 2099 1357 2171; x_wconf 74' lang='grc' dir='ltr'>περὶ</span> <span class='ocrx_word' id='word_1_285' title='bbox 1380 2097 1546 2152; x_wconf 79' lang='grc' dir='ltr'>αὑτοῦ</span> <span class='ocrx_word' id='word_1_286' title='bbox 1576 2098 1904 2169; x_wconf 84' lang='grc' dir='ltr'>ταμιευόμε-</span> 
     </span>
    </p>
   </div>
   <div class='ocr_carea' id='block_1_38' title="bbox 326 2186 1903 2263">
    <p class='ocr_par' dir='ltr' id='par_1_38' title="bbox 326 2186 1903 2263">
     <span class='ocr_line' id='line_1_38' title="bbox 326 2186 1903 2263; baseline -0.001 -18"><span class='ocrx_word' id='word_1_287' title='bbox 326 2208 407 2245; x_wconf 90' lang='grc' dir='ltr'><strong><em>νοι</em></strong></span> <span class='ocrx_word' id='word_1_288' title='bbox 440 2190 617 2260; x_wconf 91' lang='grc' dir='ltr'>λόγον.</span> <span class='ocrx_word' id='word_1_289' title='bbox 658 2191 733 2245; x_wconf 81' lang='grc' dir='ltr'><strong>Οὐ</strong></span> <span class='ocrx_word' id='word_1_290' title='bbox 773 2191 881 2263; x_wconf 86' lang='grc' dir='ltr'><strong><em>γὰρ</em></strong></span> <span class='ocrx_word' id='word_1_291' title='bbox 920 2191 1091 2244; x_wconf 84' lang='grc' dir='ltr'>ἐδόκει</span> <span class='ocrx_word' id='word_1_292' title='bbox 1122 2189 1427 2261; x_wconf 83' lang='grc' dir='ltr'>ἐπιτήδειον</span> <span class='ocrx_word' id='word_1_293' title='bbox 1467 2186 1604 2243; x_wconf 77' lang='grc' dir='ltr'>εἶναι</span> <span class='ocrx_word' id='word_1_294' title='bbox 1644 2189 1726 2255; x_wconf 87' lang='grc' dir='ltr'><strong><em>τὸ,</em></strong></span> <span class='ocrx_word' id='word_1_295' title='bbox 1753 2207 1903 2262; x_wconf 83' lang='grc' dir='ltr'>τηνι-</span> 
     </span>
    </p>
   </div>
   <div class='ocr_carea' id='block_1_39' title="bbox 327 2280 1904 2354">
    <p class='ocr_par' dir='ltr' id='par_1_39' title="bbox 327 2280 1904 2354">
     <span class='ocr_line' id='line_1_39' title="bbox 327 2280 1904 2354; baseline 0.001 -19"><span class='ocrx_word' id='word_1_296' title='bbox 327 2282 505 2336; x_wconf 82' lang='grc' dir='ltr'>καῦτα</span> <span class='ocrx_word' id='word_1_297' title='bbox 540 2282 966 2354; x_wconf 83' lang='grc' dir='ltr'>ὑποσυρομένοις</span> <span class='ocrx_word' id='word_1_298' title='bbox 995 2280 1219 2353; x_wconf 81' lang='grc' dir='ltr'>ἀνδράσι</span> <span class='ocrx_word' id='word_1_299' title='bbox 1243 2282 1336 2335; x_wconf 58' lang='grc' dir='ltr'><strong><em>ἐπὶ⁵</em></strong></span> <span class='ocrx_word' id='word_1_300' title='bbox 1365 2280 1463 2352; x_wconf 80' lang='grc' dir='ltr'>τὴν</span> <span class='ocrx_word' id='word_1_301' title='bbox 1486 2280 1743 2336; x_wconf 84' lang='grc' dir='ltr'>πολύθεον</span> <span class='ocrx_word' id='word_1_302' title='bbox 1768 2281 1904 2337; x_wconf 80' lang='grc' dir='ltr'>πλά-</span> 
     </span>
    </p>
   </div>
   <div class='ocr_carea' id='block_1_40' title="bbox 326 2372 1902 2447">
    <p class='ocr_par' dir='ltr' id='par_1_40' title="bbox 326 2372 1902 2447">
     <span class='ocr_line' id='line_1_40' title="bbox 326 2372 1902 2447; baseline 0.001 -22"><span class='ocrx_word' id='word_1_303' title='bbox 326 2391 425 2445; x_wconf 86' lang='grc' dir='ltr'><strong><em>νην</em></strong></span> <span class='ocrx_word' id='word_1_304' title='bbox 450 2372 801 2445; x_wconf 79' lang='grc' dir='ltr'>παραδιδόναι</span> <span class='ocrx_word' id='word_1_305' title='bbox 821 2373 881 2427; x_wconf 80' lang='grc' dir='ltr'><strong><em>τὸ</em></strong></span> <span class='ocrx_word' id='word_1_306' title='bbox 908 2373 984 2444; x_wconf 89' lang='lat'><strong><em>(7)</em></strong></span> <span class='ocrx_word' id='word_1_307' title='bbox 1012 2373 1140 2444; x_wconf 78' lang='grc' dir='ltr'>περὶ</span> <span class='ocrx_word' id='word_1_308' title='bbox 1168 2372 1381 2444; x_wconf 85' lang='grc' dir='ltr'>Πατρὸς</span> <span class='ocrx_word' id='word_1_309' title='bbox 1402 2373 1496 2427; x_wconf 78' lang='grc' dir='ltr'>καὶ</span> <span class='ocrx_word' id='word_1_310' title='bbox 1525 2373 1657 2427; x_wconf 85' lang='grc' dir='ltr'>Υἱοῦ</span> <span class='ocrx_word' id='word_1_311' title='bbox 1689 2375 1902 2447; x_wconf 78' lang='grc' dir='ltr'>μυστή-</span> 
     </span>
    </p>
   </div>
   <div class='ocr_carea' id='block_1_41' title="bbox 331 2459 1905 2537">
    <p class='ocr_par' dir='ltr' id='par_1_41' title="bbox 331 2459 1905 2537">
     <span class='ocr_line' id='line_1_41' title="bbox 331 2459 1905 2537; baseline 0.001 -20"><span class='ocrx_word' id='word_1_312' title='bbox 331 2481 462 2535; x_wconf 84' lang='grc' dir='ltr'>ριον,</span> <span class='ocrx_word' id='word_1_313' title='bbox 494 2459 576 2529; x_wconf 71' lang='grc' dir='ltr'>οἷς</span> <span class='ocrx_word' id='word_1_314' title='bbox 601 2465 721 2518; x_wconf 79' lang='grc' dir='ltr'>οὐδὲ</span> <span class='ocrx_word' id='word_1_315' title='bbox 746 2465 871 2529; x_wconf 79' lang='grc' dir='ltr'>τοὺς</span> <span class='ocrx_word' id='word_1_316' title='bbox 895 2464 1022 2537; x_wconf 74' lang='grc' dir='ltr'>περὶ</span> <span class='ocrx_word' id='word_1_317' title='bbox 1044 2464 1153 2518; x_wconf 86' lang='grc' dir='ltr'><strong><em>τῶν</em></strong></span> <span class='ocrx_word' id='word_1_318' title='bbox 1178 2464 1594 2535; x_wconf 74' lang='grc' dir='ltr'>ὑποϐεϐηκότων</span> <span class='ocrx_word' id='word_1_319' title='bbox 1620 2465 1905 2537; x_wconf 82' lang='grc' dir='ltr'>δυνάμεων</span> 
     </span>
    </p>
   </div>
   <div class='ocr_carea' id='block_1_42' title="bbox 326 2553 1899 2630">
    <p class='ocr_par' dir='ltr' id='par_1_42' title="bbox 326 2553 1899 2630">
     <span class='ocr_line' id='line_1_42' title="bbox 326 2553 1899 2630; baseline 0.002 -23"><span class='ocrx_word' id='word_1_320' title='bbox 326 2553 688 2621; x_wconf 81' lang='grc' dir='ltr'>ἐξεκάλυπτον</span> <span class='ocrx_word' id='word_1_321' title='bbox 712 2556 932 2625; x_wconf 81' lang='grc' dir='ltr'>λόγους·</span> <span class='ocrx_word' id='word_1_322' title='bbox 984 2555 1060 2619; x_wconf 89' lang='grc' dir='ltr'>ὡς</span> <span class='ocrx_word' id='word_1_323' title='bbox 1096 2554 1163 2609; x_wconf 80' lang='grc' dir='ltr'>ἂν</span> <span class='ocrx_word' id='word_1_324' title='bbox 1198 2554 1272 2626; x_wconf 79' lang='grc' dir='ltr'>μὴ</span> <span class='ocrx_word' id='word_1_325' title='bbox 1303 2555 1575 2627; x_wconf 81' lang='grc' dir='ltr'>προφάσει</span> <span class='ocrx_word' id='word_1_326' title='bbox 1604 2555 1776 2630; x_wconf 82' lang='grc' dir='ltr'>ταύτῃ</span> <span class='ocrx_word' id='word_1_327' title='bbox 1806 2556 1899 2610; x_wconf 75' lang='grc' dir='ltr'><strong><em>ἐπὶ</em></strong></span> 
     </span>
    </p>
   </div>
   <div class='ocr_carea' id='block_1_43' title="bbox 324 2643 1899 2718">
    <p class='ocr_par' dir='ltr' id='par_1_43' title="bbox 324 2643 1899 2718">
     <span class='ocr_line' id='line_1_43' title="bbox 324 2643 1899 2718; baseline 0.003 -23"><span class='ocrx_word' id='word_1_328' title='bbox 324 2644 424 2716; x_wconf 74' lang='grc' dir='ltr'>τὴν</span> <span class='ocrx_word' id='word_1_329' title='bbox 470 2643 783 2717; x_wconf 81' lang='grc' dir='ltr'>Ἑλληνικὴν</span> <span class='ocrx_word' id='word_1_330' title='bbox 833 2645 1193 2699; x_wconf 82' lang='grc' dir='ltr'>καταπέσοιεν</span> <span class='ocrx_word' id='word_1_331' title='bbox 1246 2644 1554 2710; x_wconf 82' lang='grc' dir='ltr'>πολυθεῖαν,</span> <span class='ocrx_word' id='word_1_332' title='bbox 1599 2648 1649 2700; x_wconf 82' lang='lat' dir='ltr'><strong><em>oi</em></strong></span> <span class='ocrx_word' id='word_1_333' title='bbox 1689 2644 1899 2718; x_wconf 85' lang='grc' dir='ltr'>πατέρα</span> 
     </span>
    </p>
   </div>
   <div class='ocr_carea' id='block_1_44' title="bbox 323 2735 1900 2810">
    <p class='ocr_par' dir='ltr' id='par_1_44' title="bbox 323 2735 1900 2810">
     <span class='ocr_line' id='line_1_44' title="bbox 323 2735 1900 2810; baseline 0.003 -21"><span class='ocrx_word' id='word_1_334' title='bbox 323 2735 533 2808; x_wconf 83' lang='grc' dir='ltr'>ἀνδρῶν</span> <span class='ocrx_word' id='word_1_335' title='bbox 582 2753 643 2790; x_wconf 87' lang='grc' dir='ltr'><strong><em>τε</em></strong></span> <span class='ocrx_word' id='word_1_336' title='bbox 694 2735 832 2790; x_wconf 86' lang='grc' dir='ltr'>θεῶν</span> <span class='ocrx_word' id='word_1_337' title='bbox 871 2754 930 2791; x_wconf 89' lang='grc' dir='ltr'><strong><em>τε</em></strong></span> <span class='ocrx_word' id='word_1_338' title='bbox 974 2737 1068 2791; x_wconf 87' lang='grc' dir='ltr'><strong><em>τὸν</em></strong></span> <span class='ocrx_word' id='word_1_339' title='bbox 1124 2738 1254 2810; x_wconf 85' lang='grc' dir='ltr'>παρ’</span> <span class='ocrx_word' id='word_1_340' title='bbox 1294 2738 1477 2804; x_wconf 83' lang='grc' dir='ltr'>αὐτοῖς</span> <span class='ocrx_word' id='word_1_341' title='bbox 1530 2739 1900 2793; x_wconf 79' lang='grc' dir='ltr'>ἀνεπλάσαντο</span> 
     </span>
    </p>
   </div>
   <div class='ocr_carea' id='block_1_45' title="bbox 324 2827 1905 2901">
    <p class='ocr_par' dir='ltr' id='par_1_45' title="bbox 324 2827 1905 2901">
     <span class='ocr_line' id='line_1_45' title="bbox 324 2827 1905 2901; baseline 0.004 -22"><span class='ocrx_word' id='word_1_342' title='bbox 324 2827 477 2881; x_wconf 83' lang='grc' dir='ltr'>Θεόν.</span> <span class='ocrx_word' id='word_1_343' title='bbox 499 2827 696 2901; x_wconf 80' lang='grc' dir='ltr'>Διόπερ</span> <span class='ocrx_word' id='word_1_344' title='bbox 716 2828 815 2901; x_wconf 82' lang='grc' dir='ltr'><strong><em>τῆς</em></strong></span> <span class='ocrx_word' id='word_1_345' title='bbox 837 2828 1091 2900; x_wconf 76' lang='grc' dir='ltr'>τοιαύτης</span> <span class='ocrx_word' id='word_1_346' title='bbox 1114 2831 1311 2894; x_wconf 83' lang='grc' dir='ltr'>αὐτοὺς</span> <span class='ocrx_word' id='word_1_347' title='bbox 1334 2830 1672 2884; x_wconf 79' lang='grc' dir='ltr'>ἀναστέλλων</span> <span class='ocrx_word' id='word_1_348' title='bbox 1693 2831 1905 2901; x_wconf 79' lang='grc' dir='ltr'>πλάνης</span> 
     </span>
    </p>
   </div>
   <div class='ocr_carea' id='block_1_46' title="bbox 322 2919 1897 2995">
    <p class='ocr_par' dir='ltr' id='par_1_46' title="bbox 322 2919 1897 2995">
     <span class='ocr_line' id='line_1_46' title="bbox 322 2919 1897 2995; baseline 0.002 -22"><span class='ocrx_word' id='word_1_349' title='bbox 322 2920 352 2973; x_wconf 89' lang='grc' dir='ltr'><strong><em>ό</em></strong></span> <span class='ocrx_word' id='word_1_350' title='bbox 378 2919 536 2990; x_wconf 84' lang='grc' dir='ltr'>λόγος</span> <span class='ocrx_word' id='word_1_351' title='bbox 561 2922 654 2974; x_wconf 89' lang='grc' dir='ltr'><strong><em>τὸν</em></strong></span> <span class='ocrx_word' id='word_1_352' title='bbox 674 2922 767 2975; x_wconf 74' lang='grc' dir='ltr'>ἕνα</span> <span class='ocrx_word' id='word_1_353' title='bbox 800 2921 932 2975; x_wconf 78' lang='grc' dir='ltr'>θεὸν</span> <span class='ocrx_word' id='word_1_354' title='bbox 961 2922 1279 2995; x_wconf 84' lang='grc' dir='ltr'>ἐκήρυττεν,</span> <span class='ocrx_word' id='word_1_355' title='bbox 1302 2922 1364 2975; x_wconf 85' lang='grc' dir='ltr'><strong><em>οὺ</em></strong></span> <span class='ocrx_word' id='word_1_356' title='bbox 1389 2922 1496 2994; x_wconf 85' lang='grc' dir='ltr'><strong><em>μὴν</em></strong></span> <span class='ocrx_word' id='word_1_357' title='bbox 1519 2923 1729 2994; x_wconf 83' lang='grc' dir='ltr'>πατέρα</span> <span class='ocrx_word' id='word_1_358' title='bbox 1757 2919 1897 2976; x_wconf 76' lang='grc' dir='ltr'>εἶναι</span> 
     </span>
    </p>
   </div>
   <div class='ocr_carea' id='block_1_47' title="bbox 322 3007 1894 3085">
    <p class='ocr_par' dir='ltr' id='par_1_47' title="bbox 322 3007 1894 3085">
     <span class='ocr_line' id='line_1_47' title="bbox 322 3007 1894 3085; baseline 0.004 -25"><span class='ocrx_word' id='word_1_359' title='bbox 322 3007 416 3060; x_wconf 85' lang='grc' dir='ltr'><strong><em>τὸν</em></strong></span> <span class='ocrx_word' id='word_1_360' title='bbox 443 3009 604 3063; x_wconf 84' lang='grc' dir='ltr'>αὐτὸν</span> <span class='ocrx_word' id='word_1_361' title='bbox 634 3011 849 3081; x_wconf 72' lang='grc' dir='ltr'>ἠρνεῖτο</span> <span class='ocrx_word' id='word_1_362' title='bbox 868 3027 884 3041; x_wconf 81' lang='grc'><strong>’</strong></span> <span class='ocrx_word' id='word_1_363' title='bbox 914 3011 1009 3064; x_wconf 71' lang='grc' dir='ltr'>καὶ</span> <span class='ocrx_word' id='word_1_364' title='bbox 1032 3012 1124 3065; x_wconf 84' lang='grc' dir='ltr'><strong><em>τὸν</em></strong></span> <span class='ocrx_word' id='word_1_365' title='bbox 1148 3012 1320 3085; x_wconf 79' lang='grc' dir='ltr'>ἀληθῆ</span> <span class='ocrx_word' id='word_1_366' title='bbox 1340 3013 1398 3066; x_wconf 80' lang='grc' dir='ltr'>δὲ</span> <span class='ocrx_word' id='word_1_367' title='bbox 1426 3012 1604 3066; x_wconf 77' lang='grc' dir='ltr'>σέϐειν</span> <span class='ocrx_word' id='word_1_368' title='bbox 1632 3012 1894 3075; x_wconf 81' lang='grc' dir='ltr'>ἐδίδασκε,</span> 
     </span>
    </p>
   </div>
   <div class='ocr_carea' id='block_1_48' title="bbox 320 3099 1898 3176">
    <p class='ocr_par' dir='ltr' id='par_1_48' title="bbox 320 3099 1898 3176">
     <span class='ocr_line' id='line_1_48' title="bbox 320 3099 1898 3176; baseline 0.004 -24"><span class='ocrx_word' id='word_1_369' title='bbox 320 3099 416 3152; x_wconf 76' lang='grc' dir='ltr'>καὶ</span> <span class='ocrx_word' id='word_1_370' title='bbox 445 3099 585 3171; x_wconf 78' lang='grc' dir='ltr'>πλὴν</span> <span class='ocrx_word' id='word_1_371' title='bbox 618 3100 782 3154; x_wconf 76' lang='grc' dir='ltr'>αὑτοῦ</span> <span class='ocrx_word' id='word_1_372' title='bbox 823 3101 1029 3173; x_wconf 78' lang='grc' dir='ltr'>μηδένα</span> <span class='ocrx_word' id='word_1_373' title='bbox 1064 3102 1260 3155; x_wconf 82' lang='grc' dir='ltr'>εἰδέναι</span> <span class='ocrx_word' id='word_1_374' title='bbox 1298 3102 1553 3175; x_wconf 77' lang='grc' dir='ltr'>παρῄνει,</span> <span class='ocrx_word' id='word_1_375' title='bbox 1579 3104 1640 3157; x_wconf 82' lang='grc' dir='ltr'><strong><em>οὐ</em></strong></span> <span class='ocrx_word' id='word_1_376' title='bbox 1675 3103 1781 3175; x_wconf 78' lang='grc' dir='ltr'>μὴν</span> <span class='ocrx_word' id='word_1_377' title='bbox 1804 3106 1898 3176; x_wconf 75' lang='grc' dir='ltr'>ηρ-</span> 
     </span>
    </p>
   </div>
   <div class='ocr_carea' id='block_1_49' title="bbox 2003 1911 3577 1985">
    <p class='ocr_par' dir='ltr' id='par_1_49' title="bbox 2003 1911 3577 1985">
     <span class='ocr_line' id='line_1_49' title="bbox 2003 1911 3577 1985; baseline 0.004 -22"><span class='ocrx_word' id='word_1_378' title='bbox 2003 1911 2292 1979; x_wconf 67' lang='grc' dir='ltr'>υιιίεάἰοιιιιι</span> <span class='ocrx_word' id='word_1_379' title='bbox 2322 1912 2637 1983; x_wconf 85' lang='lat' dir='ltr'><strong><em>accipienda</em></strong></span> <span class='ocrx_word' id='word_1_380' title='bbox 2662 1924 2825 1980; x_wconf 86' lang='lat' dir='ltr'><strong><em>sunt,</em></strong></span> <span class='ocrx_word' id='word_1_381' title='bbox 2850 1924 3035 1970; x_wconf 74' lang='lat' dir='ltr'><strong><em>necut</em></strong></span> <span class='ocrx_word' id='word_1_382' title='bbox 3060 1915 3294 1971; x_wconf 89' lang='lat' dir='ltr'><strong><em>alienum</em></strong></span> <span class='ocrx_word' id='word_1_383' title='bbox 3322 1915 3450 1985; x_wconf 89' lang='lat' dir='ltr'><strong><em>quid</em></strong></span> <span class='ocrx_word' id='word_1_384' title='bbox 3477 1914 3577 1970; x_wconf 91' lang='lat' dir='ltr'><strong><em>mi-</em></strong></span> 
     </span>
    </p>
   </div>
   <div class='ocr_carea' id='block_1_50' title="bbox 2006 2006 3581 2078">
    <p class='ocr_par' dir='ltr' id='par_1_50' title="bbox 2006 2006 3581 2078">
     <span class='ocr_line' id='line_1_50' title="bbox 2006 2006 3581 2078; baseline 0.006 -24"><span class='ocrx_word' id='word_1_385' title='bbox 2006 2017 2105 2057; x_wconf 89' lang='lat' dir='ltr'><strong><em>nus</em></strong></span> <span class='ocrx_word' id='word_1_386' title='bbox 2130 2013 2439 2073; x_wconf 85' lang='lat' dir='ltr'><strong><em>acceptare,</em></strong></span> <span class='ocrx_word' id='word_1_387' title='bbox 2455 2006 2499 2060; x_wconf 86' lang='lat' dir='ltr'><strong><em>si</em></strong></span> <span class='ocrx_word' id='word_1_388' title='bbox 2533 2006 2749 2076; x_wconf 87' lang='lat' dir='ltr'><strong><em>quidem</em></strong></span> <span class='ocrx_word' id='word_1_389' title='bbox 2788 2007 2865 2062; x_wconf 92' lang='lat' dir='ltr'><strong><em>illi</em></strong></span> <span class='ocrx_word' id='word_1_390' title='bbox 2887 2008 3082 2078; x_wconf 85' lang='lat' dir='ltr'><strong><em>populo</em></strong></span> <span class='ocrx_word' id='word_1_391' title='bbox 3104 2008 3239 2063; x_wconf 90' lang='lat' dir='ltr'><strong><em>duro</em></strong></span> <span class='ocrx_word' id='word_1_392' title='bbox 3268 2008 3427 2063; x_wconf 89' lang='lat' dir='ltr'><strong><em>corde</em></strong></span> <span class='ocrx_word' id='word_1_393' title='bbox 3448 2023 3581 2077; x_wconf 68' lang='lat' dir='ltr'><strong><em>prm-</em></strong></span> 
     </span>
    </p>
   </div>
   <div class='ocr_carea' id='block_1_51' title="bbox 2004 2093 3577 2168">
    <p class='ocr_par' dir='ltr' id='par_1_51' title="bbox 2004 2093 3577 2168">
     <span class='ocr_line' id='line_1_51' title="bbox 2004 2093 3577 2168; baseline 0.003 -22"><span class='ocrx_word' id='word_1_394' title='bbox 2004 2093 2118 2149; x_wconf 90' lang='lat' dir='ltr'><strong><em>dito</em></strong></span> <span class='ocrx_word' id='word_1_395' title='bbox 2164 2095 2411 2152; x_wconf 81' lang='lat' dir='ltr'><strong><em>homines</em></strong></span> <span class='ocrx_word' id='word_1_396' title='bbox 2468 2095 2543 2151; x_wconf 90' lang='lat' dir='ltr'><strong><em>illi</em></strong></span> <span class='ocrx_word' id='word_1_397' title='bbox 2580 2096 2672 2153; x_wconf 88' lang='lat' dir='ltr'><strong><em>Dei</em></strong></span> <span class='ocrx_word' id='word_1_398' title='bbox 2708 2098 3073 2168; x_wconf 83' lang='lat' dir='ltr'><strong><em>cognitionem</em></strong></span> <span class='ocrx_word' id='word_1_399' title='bbox 3113 2100 3176 2153; x_wconf 88' lang='lat' dir='ltr'><strong><em>de</em></strong></span> <span class='ocrx_word' id='word_1_400' title='bbox 3207 2098 3297 2153; x_wconf 88' lang='lat' dir='ltr'><strong><em>illo</em></strong></span> <span class='ocrx_word' id='word_1_401' title='bbox 3326 2114 3430 2153; x_wconf 90' lang='lat' dir='ltr'><strong><em>non</em></strong></span> <span class='ocrx_word' id='word_1_402' title='bbox 3468 2107 3577 2152; x_wconf 85' lang='lat' dir='ltr'><strong><em>tra-</em></strong></span> 
     </span>
    </p>
   </div>
   <div class='ocr_carea' id='block_1_52' title="bbox 2002 2185 3581 2260">
    <p class='ocr_par' dir='ltr' id='par_1_52' title="bbox 2002 2185 3581 2260">
     <span class='ocr_line' id='line_1_52' title="bbox 2002 2185 3581 2260; baseline 0.004 -21"><span class='ocrx_word' id='word_1_403' title='bbox 2002 2185 2252 2241; x_wconf 86' lang='lat' dir='ltr'><strong><em>diderunt</em></strong></span> <span class='ocrx_word' id='word_1_404' title='bbox 2274 2226 2290 2253; x_wconf 93' lang='lat'><strong><em>,</em></strong></span> <span class='ocrx_word' id='word_1_405' title='bbox 2341 2197 2621 2244; x_wconf 83' lang='lat' dir='ltr'><strong><em>reservato</em></strong></span> <span class='ocrx_word' id='word_1_406' title='bbox 2653 2189 2705 2243; x_wconf 92' lang='lat' dir='ltr'><strong><em>in</em></strong></span> <span class='ocrx_word' id='word_1_407' title='bbox 2750 2199 2965 2259; x_wconf 88' lang='lat' dir='ltr'><strong><em>tempus</em></strong></span> <span class='ocrx_word' id='word_1_408' title='bbox 3001 2199 3359 2260; x_wconf 89' lang='lat' dir='ltr'><strong><em>opportunum</em></strong></span> <span class='ocrx_word' id='word_1_409' title='bbox 3391 2190 3456 2245; x_wconf 88' lang='lat' dir='ltr'><strong><em>de</em></strong></span> <span class='ocrx_word' id='word_1_410' title='bbox 3487 2189 3581 2245; x_wconf 91' lang='lat' dir='ltr'><strong><em>illo-</em></strong></span> 
     </span>
    </p>
   </div>
   <div class='ocr_carea' id='block_1_53' title="bbox 2002 2275 3577 2344">
    <p class='ocr_par' dir='ltr' id='par_1_53' title="bbox 2002 2275 3577 2344">
     <span class='ocr_line' id='line_1_53' title="bbox 2002 2275 3577 2344; baseline 0.003 -16"><span class='ocrx_word' id='word_1_411' title='bbox 2002 2275 2407 2344; x_wconf 79' lang='lat' dir='ltr'><strong><em>dispensatorio</em></strong></span> <span class='ocrx_word' id='word_1_412' title='bbox 2432 2293 2706 2333; x_wconf 88' lang='lat' dir='ltr'><strong><em>sermone.</em></strong></span> <span class='ocrx_word' id='word_1_413' title='bbox 2746 2278 2862 2333; x_wconf 85' lang='lat' dir='ltr'><strong><em>Non</em></strong></span> <span class='ocrx_word' id='word_1_414' title='bbox 2926 2278 3213 2334; x_wconf 77' lang='lat' dir='ltr'><strong><em>videbatur</em></strong></span> <span class='ocrx_word' id='word_1_415' title='bbox 3266 2287 3394 2334; x_wconf 87' lang='lat' dir='ltr'><strong><em>tunc</em></strong></span> <span class='ocrx_word' id='word_1_416' title='bbox 3438 2286 3577 2335; x_wconf 84' lang='lat' dir='ltr'><strong><em>tem-</em></strong></span> 
     </span>
    </p>
   </div>
   <div class='ocr_carea' id='block_1_54' title="bbox 2001 2367 3577 2437">
    <p class='ocr_par' dir='ltr' id='par_1_54' title="bbox 2001 2367 3577 2437">
     <span class='ocr_line' id='line_1_54' title="bbox 2001 2367 3577 2437; baseline 0.003 -18"><span class='ocrx_word' id='word_1_417' title='bbox 2001 2367 2148 2435; x_wconf 89' lang='lat' dir='ltr'><strong><em>poris</em></strong></span> <span class='ocrx_word' id='word_1_418' title='bbox 2174 2382 2385 2437; x_wconf 85' lang='lat' dir='ltr'><strong><em>aequum</em></strong></span> <span class='ocrx_word' id='word_1_419' title='bbox 2412 2383 2557 2434; x_wconf 87' lang='lat' dir='ltr'><strong><em>esse,</em></strong></span> <span class='ocrx_word' id='word_1_420' title='bbox 2591 2377 2650 2423; x_wconf 89' lang='lat' dir='ltr'><strong><em>ut</em></strong></span> <span class='ocrx_word' id='word_1_421' title='bbox 2688 2368 3002 2424; x_wconf 86' lang='lat' dir='ltr'><strong><em>hominibus</em></strong></span> <span class='ocrx_word' id='word_1_422' title='bbox 3024 2369 3091 2422; x_wconf 90' lang='lat' dir='ltr'><strong><em>ad</em></strong></span> <span class='ocrx_word' id='word_1_423' title='bbox 3119 2384 3359 2424; x_wconf 89' lang='lat' dir='ltr'><strong><em>errorem</em></strong></span> <span class='ocrx_word' id='word_1_424' title='bbox 3379 2369 3445 2424; x_wconf 90' lang='lat' dir='ltr'><strong><em>de</em></strong></span> <span class='ocrx_word' id='word_1_425' title='bbox 3470 2370 3577 2424; x_wconf 84' lang='lat' dir='ltr'><strong><em>diis</em></strong></span> 
     </span>
    </p>
   </div>
   <div class='ocr_carea' id='block_1_55' title="bbox 2003 2456 3577 2532">
    <p class='ocr_par' dir='ltr' id='par_1_55' title="bbox 2003 2456 3577 2532">
     <span class='ocr_line' id='line_1_55' title="bbox 2003 2456 3577 2532; baseline 0.004 -23"><span class='ocrx_word' id='word_1_426' title='bbox 2003 2456 2193 2513; x_wconf 85' lang='lat' dir='ltr'><strong><em>multis</em></strong></span> <span class='ocrx_word' id='word_1_427' title='bbox 2216 2456 2371 2514; x_wconf 77' lang='lat' dir='ltr'><strong><em>facile</em></strong></span> <span class='ocrx_word' id='word_1_428' title='bbox 2415 2460 2795 2528; x_wconf 86' lang='lat' dir='ltr'><strong><em>arrepentibus</em></strong></span> <span class='ocrx_word' id='word_1_429' title='bbox 2818 2500 2834 2527; x_wconf 92' lang='lat'><strong><em>,</em></strong></span> <span class='ocrx_word' id='word_1_430' title='bbox 2879 2459 3192 2532; x_wconf 82' lang='lat' dir='ltr'><strong><em>mysterium</em></strong></span> <span class='ocrx_word' id='word_1_431' title='bbox 3223 2459 3289 2515; x_wconf 91' lang='lat' dir='ltr'><strong><em>de</em></strong></span> <span class='ocrx_word' id='word_1_432' title='bbox 3315 2459 3477 2516; x_wconf 89' lang='lat' dir='ltr'><strong><em>Patre</em></strong></span> <span class='ocrx_word' id='word_1_433' title='bbox 3522 2471 3577 2515; x_wconf 84' lang='lat' dir='ltr'><strong><em>et</em></strong></span> 
     </span>
    </p>
   </div>
   <div class='ocr_carea' id='block_1_56' title="bbox 2001 2548 3576 2622">
    <p class='ocr_par' dir='ltr' id='par_1_56' title="bbox 2001 2548 3576 2622">
     <span class='ocr_line' id='line_1_56' title="bbox 2001 2548 3576 2622; baseline 0.002 -19"><span class='ocrx_word' id='word_1_434' title='bbox 2001 2548 2139 2605; x_wconf 82' lang='lat' dir='ltr'><strong><em>Filio</em></strong></span> <span class='ocrx_word' id='word_1_435' title='bbox 2169 2549 2521 2615; x_wconf 83' lang='lat' dir='ltr'><strong><em>revelaretur,</em></strong></span> <span class='ocrx_word' id='word_1_436' title='bbox 2579 2566 2702 2605; x_wconf 89' lang='lat' dir='ltr'><strong><em>cum</em></strong></span> <span class='ocrx_word' id='word_1_437' title='bbox 2739 2550 2871 2605; x_wconf 89' lang='lat' dir='ltr'><strong><em>nihil</em></strong></span> <span class='ocrx_word' id='word_1_438' title='bbox 2908 2553 2974 2605; x_wconf 90' lang='lat' dir='ltr'><strong><em>de</em></strong></span> <span class='ocrx_word' id='word_1_439' title='bbox 3008 2552 3270 2622; x_wconf 77' lang='lat' dir='ltr'><strong><em>subjectis</em></strong></span> <span class='ocrx_word' id='word_1_440' title='bbox 3304 2553 3451 2608; x_wconf 87' lang='lat' dir='ltr'><strong><em>hisce</em></strong></span> <span class='ocrx_word' id='word_1_441' title='bbox 3480 2568 3576 2621; x_wconf 91' lang='lat' dir='ltr'><strong><em>po-</em></strong></span> 
     </span>
    </p>
   </div>
   <div class='ocr_carea' id='block_1_57' title="bbox 2002 2639 3573 2714">
    <p class='ocr_par' dir='ltr' id='par_1_57' title="bbox 2002 2639 3573 2714">
     <span class='ocr_line' id='line_1_57' title="bbox 2002 2639 3573 2714; baseline 0.001 -20"><span class='ocrx_word' id='word_1_442' title='bbox 2002 2640 2286 2696; x_wconf 86' lang='lat' dir='ltr'><strong><em>testatihus</em></strong></span> <span class='ocrx_word' id='word_1_443' title='bbox 2334 2639 2662 2711; x_wconf 81' lang='lat' dir='ltr'><strong><em>patefactum</em></strong></span> <span class='ocrx_word' id='word_1_444' title='bbox 2694 2640 2879 2707; x_wconf 81' lang='lat' dir='ltr'><strong><em>fuerit,</em></strong></span> <span class='ocrx_word' id='word_1_445' title='bbox 2922 2656 2992 2695; x_wconf 91' lang='lat' dir='ltr'><strong><em>ne</em></strong></span> <span class='ocrx_word' id='word_1_446' title='bbox 3024 2656 3121 2711; x_wconf 88' lang='lat' dir='ltr'><strong><em>per</em></strong></span> <span class='ocrx_word' id='word_1_447' title='bbox 3164 2642 3308 2697; x_wconf 87' lang='lat' dir='ltr'><strong><em>hunc</em></strong></span> <span class='ocrx_word' id='word_1_448' title='bbox 3338 2652 3573 2714; x_wconf 53' lang='lat' dir='ltr'><strong><em>praetex-</em></strong></span> 
     </span>
    </p>
   </div>
   <div class='ocr_carea' id='block_1_58' title="bbox 2000 2732 3568 2805">
    <p class='ocr_par' dir='ltr' id='par_1_58' title="bbox 2000 2732 3568 2805">
     <span class='ocr_line' id='line_1_58' title="bbox 2000 2732 3568 2805; baseline 0.001 -18"><span class='ocrx_word' id='word_1_449' title='bbox 2000 2740 2113 2787; x_wconf 86' lang='lat' dir='ltr'><strong><em>tum</em></strong></span> <span class='ocrx_word' id='word_1_450' title='bbox 2141 2732 2216 2787; x_wconf 87' lang='lat' dir='ltr'><strong><em>illi</em></strong></span> <span class='ocrx_word' id='word_1_451' title='bbox 2281 2734 2350 2788; x_wconf 81' lang='lat' dir='ltr'><strong><em>ad</em></strong></span> <span class='ocrx_word' id='word_1_452' title='bbox 2404 2748 2738 2805; x_wconf 87' lang='lat' dir='ltr'><strong><em>paganorum</em></strong></span> <span class='ocrx_word' id='word_1_453' title='bbox 2780 2734 3116 2805; x_wconf 84' lang='lat' dir='ltr'><strong><em>polytheiam</em></strong></span> <span class='ocrx_word' id='word_1_454' title='bbox 3167 2734 3568 2797; x_wconf 88' lang='lat' dir='ltr'><strong><em>dilaberentur,</em></strong></span> 
     </span>
    </p>
   </div>
   <div class='ocr_carea' id='block_1_59' title="bbox 2002 2822 3581 2895">
    <p class='ocr_par' dir='ltr' id='par_1_59' title="bbox 2002 2822 3581 2895">
     <span class='ocr_line' id='line_1_59' title="bbox 2002 2822 3581 2895; baseline 0.002 -17"><span class='ocrx_word' id='word_1_455' title='bbox 2002 2824 2093 2895; x_wconf 89' lang='lat' dir='ltr'><strong><em>qui</em></strong></span> <span class='ocrx_word' id='word_1_456' title='bbox 2125 2822 2312 2879; x_wconf 83' lang='lat' dir='ltr'><strong><em>Jovem</em></strong></span> <span class='ocrx_word' id='word_1_457' title='bbox 2351 2838 2508 2880; x_wconf 72' lang='lat' dir='ltr'><strong><em>suum</em></strong></span> <span class='ocrx_word' id='word_1_458' title='bbox 2550 2834 2757 2892; x_wconf 88' lang='lat' dir='ltr'><strong><em>patrem</em></strong></span> <span class='ocrx_word' id='word_1_459' title='bbox 2801 2825 3189 2895; x_wconf 91' lang='lat' dir='ltr'><strong><em>hominumque</em></strong></span> <span class='ocrx_word' id='word_1_460' title='bbox 3241 2826 3581 2894; x_wconf 88' lang='lat' dir='ltr'><strong><em>deorumque-</em></strong></span> 
     </span>
    </p>
   </div>
   <div class='ocr_carea' id='block_1_60' title="bbox 1998 2915 3573 2984">
    <p class='ocr_par' dir='ltr' id='par_1_60' title="bbox 1998 2915 3573 2984">
     <span class='ocr_line' id='line_1_60' title="bbox 1998 2915 3573 2984; baseline 0.001 -15"><span class='ocrx_word' id='word_1_461' title='bbox 1998 2929 2198 2970; x_wconf 86' lang='lat' dir='ltr'><strong><em>vocare</em></strong></span> <span class='ocrx_word' id='word_1_462' title='bbox 2219 2915 2422 2971; x_wconf 89' lang='lat' dir='ltr'><strong><em>solent.</em></strong></span> <span class='ocrx_word' id='word_1_463' title='bbox 2458 2916 2725 2984; x_wconf 84' lang='lat' dir='ltr'><strong><em>Quocirca</em></strong></span> <span class='ocrx_word' id='word_1_464' title='bbox 2764 2927 2827 2972; x_wconf 88' lang='lat' dir='ltr'><strong><em>ut</em></strong></span> <span class='ocrx_word' id='word_1_465' title='bbox 2873 2932 3119 2973; x_wconf 89' lang='lat' dir='ltr'><strong><em>errorem</em></strong></span> <span class='ocrx_word' id='word_1_466' title='bbox 3155 2917 3299 2973; x_wconf 84' lang='lat' dir='ltr'><strong><em>hunc</em></strong></span> <span class='ocrx_word' id='word_1_467' title='bbox 3327 2918 3573 2973; x_wconf 86' lang='lat' dir='ltr'><strong><em>elimina-</em></strong></span> 
     </span>
    </p>
   </div>
   <div class='ocr_carea' id='block_1_61' title="bbox 2000 3005 3573 3080">
    <p class='ocr_par' dir='ltr' id='par_1_61' title="bbox 2000 3005 3573 3080">
     <span class='ocr_line' id='line_1_61' title="bbox 2000 3005 3573 3080; baseline 0.001 -19"><span class='ocrx_word' id='word_1_468' title='bbox 2000 3019 2084 3063; x_wconf 89' lang='lat' dir='ltr'><strong><em>ret</em></strong></span> <span class='ocrx_word' id='word_1_469' title='bbox 2105 3005 2346 3065; x_wconf 76' lang='lat' dir='ltr'><strong><em>Verbum</em></strong></span> <span class='ocrx_word' id='word_1_470' title='bbox 2376 3007 2506 3063; x_wconf 89' lang='lat' dir='ltr'><strong><em>illud</em></strong></span> <span class='ocrx_word' id='word_1_471' title='bbox 2536 3009 2654 3074; x_wconf 86' lang='lat' dir='ltr'><strong><em>Dei,</em></strong></span> <span class='ocrx_word' id='word_1_472' title='bbox 2695 3026 2857 3064; x_wconf 86' lang='lat' dir='ltr'><strong><em>unum</em></strong></span> <span class='ocrx_word' id='word_1_473' title='bbox 2889 3010 3055 3063; x_wconf 81' lang='lat' dir='ltr'><strong><em>Deum</em></strong></span> <span class='ocrx_word' id='word_1_474' title='bbox 3084 3008 3441 3080; x_wconf 66' lang='lat' dir='ltr'><strong><em>praedicabat:</em></strong></span> <span class='ocrx_word' id='word_1_475' title='bbox 3464 3025 3573 3063; x_wconf 88' lang='lat' dir='ltr'><strong><em>non</em></strong></span> 
     </span>
    </p>
   </div>
   <div class='ocr_carea' id='block_1_62' title="bbox 2000 3100 3575 3187">
    <p class='ocr_par' dir='ltr' id='par_1_62' title="bbox 2000 3100 3575 3187">
     <span class='ocr_line' id='line_1_62' title="bbox 2000 3100 3575 3187; baseline 0.001 -33"><span class='ocrx_word' id='word_1_476' title='bbox 2000 3108 2180 3156; x_wconf 86' lang='lat' dir='ltr'><strong><em>tamen</em></strong></span> <span class='ocrx_word' id='word_1_477' title='bbox 2219 3100 2437 3170; x_wconf 86' lang='lat' dir='ltr'><strong><em>negavit</em></strong></span> <span class='ocrx_word' id='word_1_478' title='bbox 2459 3103 2706 3157; x_wconf 88' lang='lat' dir='ltr'><strong><em>eumdem</em></strong></span> <span class='ocrx_word' id='word_1_479' title='bbox 2760 3116 2881 3157; x_wconf 82' lang='lat' dir='ltr'><strong><em>esse</em></strong></span> <span class='ocrx_word' id='word_1_480' title='bbox 2922 3101 3137 3158; x_wconf 86' lang='lat' dir='ltr'><strong><em>Patrem</em></strong></span> <span class='ocrx_word' id='word_1_481' title='bbox 3174 3117 3403 3187; x_wconf 74' lang='lat' dir='ltr'><strong><em>:_verum</em></strong></span> <span class='ocrx_word' id='word_1_482' title='bbox 3446 3116 3575 3155; x_wconf 82' lang='lat' dir='ltr'><strong><em>vero</em></strong></span> 
     </span>
    </p>
   </div>
   <div class='ocr_carea' id='block_1_63' title="bbox 324 3174 1900 3267">
    <p class='ocr_par' dir='ltr' id='par_1_63' title="bbox 324 3174 1895 3267">
     <span class='ocr_line' id='line_1_63' title="bbox 324 3174 1895 3267; baseline 0.001 -22"><span class='ocrx_word' id='word_1_483' title='bbox 324 3195 467 3246; x_wconf 83' lang='grc' dir='ltr'><strong><em>νείτο</em></strong></span> <span class='ocrx_word' id='word_1_484' title='bbox 496 3190 634 3247; x_wconf 79' lang='grc' dir='ltr'>εἶναι</span> <span class='ocrx_word' id='word_1_485' title='bbox 679 3194 841 3247; x_wconf 82' lang='grc' dir='ltr'>αὐτὸν</span> <span class='ocrx_word' id='word_1_486' title='bbox 866 3194 1109 3267; x_wconf 81' lang='grc' dir='ltr'>Πατέρα.</span> <span class='ocrx_word' id='word_1_487' title='bbox 1138 3195 1202 3248; x_wconf 85' lang='lat' dir='ltr'><strong><em>El</em></strong></span> <span class='ocrx_word' id='word_1_488' title='bbox 1235 3194 1295 3249; x_wconf 87' lang='grc' dir='ltr'><strong><em>δέ</em></strong></span> <span class='ocrx_word' id='word_1_489' title='bbox 1334 3174 1529 3267; x_wconf 76' lang='grc' dir='ltr'>(8)καὶ</span> <span class='ocrx_word' id='word_1_490' title='bbox 1550 3174 1773 3267; x_wconf 83' lang='grc' dir='ltr'>Κύριον,</span> 
     </span>
    </p>
   </div>
   <div class='ocr_carea' id='block_1_64' title="bbox 2001 3174 3579 3267">
    <p class='ocr_par' dir='ltr' id='par_1_64' title="bbox 2001 3174 3579 3265">
     <span class='ocr_line' id='line_1_64' title="bbox 2001 3174 3579 3265; baseline 0 -19"><span class='ocrx_word' id='word_1_491' title='bbox 2001 3192 2166 3246; x_wconf 89' lang='lat' dir='ltr'><strong><em>Deum</em></strong></span> <span class='ocrx_word' id='word_1_492' title='bbox 2200 3192 2350 3247; x_wconf 91' lang='lat' dir='ltr'><strong><em>illum</em></strong></span> <span class='ocrx_word' id='word_1_493' title='bbox 2386 3195 2620 3250; x_wconf 86' lang='lat' dir='ltr'><strong><em>adorare</em></strong></span> <span class='ocrx_word' id='word_1_494' title='bbox 2653 3195 2881 3260; x_wconf 89' lang='lat' dir='ltr'><strong><em>docuit,</em></strong></span> <span class='ocrx_word' id='word_1_495' title='bbox 2944 3206 2998 3249; x_wconf 91' lang='lat' dir='ltr'><strong><em>et</em></strong></span> <span class='ocrx_word' id='word_1_496' title='bbox 3026 3174 3223 3265; x_wconf 61' lang='lat' dir='ltr'><strong><em>prater</em></strong></span> <span class='ocrx_word' id='word_1_497' title='bbox 3255 3193 3401 3248; x_wconf 89' lang='lat' dir='ltr'><strong><em>illum</em></strong></span> <span class='ocrx_word' id='word_1_498' title='bbox 3452 3193 3579 3247; x_wconf 48' lang='lat' dir='ltr'><strong><em>nul-</em></strong></span> 
     </span>
    </p>
   </div>
   <div class='ocr_carea' id='block_1_65' title="bbox 322 3283 1897 3358">
    <p class='ocr_par' dir='ltr' id='par_1_65' title="bbox 322 3283 1897 3358">
     <span class='ocr_line' id='line_1_65' title="bbox 322 3283 1897 3358; baseline 0 -20"><span class='ocrx_word' id='word_1_499' title='bbox 322 3283 455 3339; x_wconf 84' lang='grc' dir='ltr'>Θεὸν</span> <span class='ocrx_word' id='word_1_500' title='bbox 475 3285 653 3350; x_wconf 80' lang='grc' dir='ltr'>αὐτὸν,</span> <span class='ocrx_word' id='word_1_501' title='bbox 693 3286 787 3340; x_wconf 79' lang='grc' dir='ltr'>καὶ</span> <span class='ocrx_word' id='word_1_502' title='bbox 809 3287 1035 3352; x_wconf 88' lang='grc' dir='ltr'>δίκαιον,</span> <span class='ocrx_word' id='word_1_503' title='bbox 1066 3287 1161 3341; x_wconf 73' lang='grc' dir='ltr'><strong><em>καὶ</em></strong></span> <span class='ocrx_word' id='word_1_504' title='bbox 1195 3288 1425 3358; x_wconf 80' lang='grc' dir='ltr'>Σωτῆρα</span> <span class='ocrx_word' id='word_1_505' title='bbox 1464 3287 1749 3350; x_wconf 77' lang='grc' dir='ltr'>ἀπεκάλει,</span> <span class='ocrx_word' id='word_1_506' title='bbox 1781 3284 1897 3339; x_wconf 85' lang='grc' dir='ltr'>ἀλλ’</span> 
     </span>
    </p>
   </div>
   <div class='ocr_carea' id='block_1_66' title="bbox 321 3374 1899 3451">
    <p class='ocr_par' dir='ltr' id='par_1_66' title="bbox 321 3374 1899 3451">
     <span class='ocr_line' id='line_1_66' title="bbox 321 3374 1899 3451; baseline 0.003 -23"><span class='ocrx_word' id='word_1_507' title='bbox 321 3376 423 3429; x_wconf 70' lang='grc' dir='ltr'>οὐκ</span> <span class='ocrx_word' id='word_1_508' title='bbox 454 3376 710 3431; x_wconf 82' lang='grc' dir='ltr'>ἀπέκλειε</span> <span class='ocrx_word' id='word_1_509' title='bbox 738 3378 831 3432; x_wconf 76' lang='grc' dir='ltr'><strong><em>τοῦ</em></strong></span> <span class='ocrx_word' id='word_1_510' title='bbox 873 3379 967 3433; x_wconf 69' lang='grc' dir='ltr'><strong><em>καὶ</em></strong></span> <span class='ocrx_word' id='word_1_511' title='bbox 1009 3379 1226 3451; x_wconf 81' lang='grc' dir='ltr'>Πατέρα</span> <span class='ocrx_word' id='word_1_512' title='bbox 1260 3374 1399 3433; x_wconf 75' lang='grc' dir='ltr'>εἶναι</span> <span class='ocrx_word' id='word_1_513' title='bbox 1443 3379 1605 3433; x_wconf 80' lang='grc' dir='ltr'>αὐτὸν</span> <span class='ocrx_word' id='word_1_514' title='bbox 1645 3379 1899 3449; x_wconf 77' lang='grc' dir='ltr'>ἡγεῖσθαι</span> 
     </span>
    </p>
   </div>
   <div class='ocr_carea' id='block_1_67' title="bbox 322 3466 1895 3543">
    <p class='ocr_par' dir='ltr' id='par_1_67' title="bbox 322 3466 1895 3543">
     <span class='ocr_line' id='line_1_67' title="bbox 322 3466 1895 3543; baseline 0.002 -24"><span class='ocrx_word' id='word_1_515' title='bbox 322 3466 417 3520; x_wconf 83' lang='grc' dir='ltr'>τοῦ</span> <span class='ocrx_word' id='word_1_516' title='bbox 445 3469 769 3540; x_wconf 81' lang='grc' dir='ltr'>μονογενοῦς</span> <span class='ocrx_word' id='word_1_517' title='bbox 794 3470 956 3525; x_wconf 75' lang='grc' dir='ltr'>αὑτοῦ</span> <span class='ocrx_word' id='word_1_518' title='bbox 992 3471 1086 3525; x_wconf 76' lang='grc' dir='ltr'>καὶ</span> <span class='ocrx_word' id='word_1_519' title='bbox 1117 3470 1402 3543; x_wconf 76' lang='grc' dir='ltr'>ἀγαπητοῦ</span> <span class='ocrx_word' id='word_1_520' title='bbox 1432 3470 1586 3524; x_wconf 71' lang='lat' dir='ltr'><strong><em>Tia-‘3.</em></strong></span> <span class='ocrx_word' id='word_1_521' title='bbox 1613 3471 1726 3523; x_wconf 81' lang='grc' dir='ltr'><strong><em>Εἶτ’</em></strong></span> <span class='ocrx_word' id='word_1_522' title='bbox 1759 3466 1849 3524; x_wconf 78' lang='grc' dir='ltr'><strong><em>οὖν</em></strong></span> <span class='ocrx_word' id='word_1_523' title='bbox 1868 3471 1895 3522; x_wconf 88' lang='grc' dir='ltr'><strong><em>ό</em></strong></span> 
     </span>
    </p>
   </div>
   <div class='ocr_carea' id='block_1_68' title="bbox 323 3559 1896 3631">
    <p class='ocr_par' dir='ltr' id='par_1_68' title="bbox 323 3559 1896 3631">
     <span class='ocr_line' id='line_1_68' title="bbox 323 3559 1896 3631; baseline 0.001 -20"><span class='ocrx_word' id='word_1_524' title='bbox 323 3559 510 3631; x_wconf 76' lang='grc' dir='ltr'>Πατὴρ</span> <span class='ocrx_word' id='word_1_525' title='bbox 534 3559 706 3630; x_wconf 80' lang='grc' dir='ltr'>λέγων</span> <span class='ocrx_word' id='word_1_526' title='bbox 733 3561 832 3614; x_wconf 79' lang='grc' dir='ltr'>εἶθ’</span> <span class='ocrx_word' id='word_1_527' title='bbox 859 3562 887 3614; x_wconf 86' lang='grc' dir='ltr'><strong>ὁ</strong></span> <span class='ocrx_word' id='word_1_528' title='bbox 911 3561 1038 3625; x_wconf 86' lang='grc' dir='ltr'>Υίὸς</span> <span class='ocrx_word' id='word_1_529' title='bbox 1058 3562 1117 3614; x_wconf 87' lang='grc' dir='ltr'><strong><em>τὸ</em></strong></span> <span class='ocrx_word' id='word_1_530' title='bbox 1152 3561 1290 3631; x_wconf 77' lang='grc' dir='ltr'>Ἐγώ</span> <span class='ocrx_word' id='word_1_531' title='bbox 1309 3564 1425 3631; x_wconf 76' lang='grc' dir='ltr'>εἰμι</span> <span class='ocrx_word' id='word_1_532' title='bbox 1450 3563 1484 3615; x_wconf 84' lang='grc' dir='ltr'><em>ὁ</em></span> <span class='ocrx_word' id='word_1_533' title='bbox 1512 3560 1615 3624; x_wconf 84' lang='grc' dir='ltr'><strong><em>ὢν,</em></strong></span> <span class='ocrx_word' id='word_1_534' title='bbox 1644 3559 1896 3631; x_wconf 81' lang='grc' dir='ltr'>ἀληθεύοι</span> 
     </span>
    </p>
   </div>
   <div class='ocr_carea' id='block_1_69' title="bbox 319 3648 1894 3726">
    <p class='ocr_par' dir='ltr' id='par_1_69' title="bbox 319 3648 1894 3726">
     <span class='ocr_line' id='line_1_69' title="bbox 319 3648 1894 3726; baseline 0.008 -23"><span class='ocrx_word' id='word_1_535' title='bbox 319 3648 385 3703; x_wconf 77' lang='grc' dir='ltr'>ἂν</span> <span class='ocrx_word' id='word_1_536' title='bbox 416 3650 692 3724; x_wconf 73' lang='grc' dir='ltr'>ἑκατέρως</span> <span class='ocrx_word' id='word_1_537' title='bbox 714 3653 743 3705; x_wconf 85' lang='grc' dir='ltr'><strong><em>ό</em></strong></span> <span class='ocrx_word' id='word_1_538' title='bbox 769 3653 946 3722; x_wconf 83' lang='grc' dir='ltr'>λόγος.</span> <span class='ocrx_word' id='word_1_539' title='bbox 979 3654 1048 3707; x_wconf 76' lang='grc' dir='ltr'><strong>Ὀ</strong></span> <span class='ocrx_word' id='word_1_540' title='bbox 1077 3671 1137 3707; x_wconf 88' lang='grc' dir='ltr'><strong><em>τε</em></strong></span> <span class='ocrx_word' id='word_1_541' title='bbox 1160 3653 1269 3726; x_wconf 74' lang='grc' dir='ltr'><strong><em>γὰρ</em></strong></span> <span class='ocrx_word' id='word_1_542' title='bbox 1296 3652 1484 3724; x_wconf 79' lang='grc' dir='ltr'>Πατὴρ</span> <span class='ocrx_word' id='word_1_543' title='bbox 1516 3655 1548 3706; x_wconf 84' lang='grc' dir='ltr'><strong><em>ό</em></strong></span> <span class='ocrx_word' id='word_1_544' title='bbox 1575 3649 1660 3705; x_wconf 81' lang='grc' dir='ltr'><strong><em>ὢν</em></strong></span> <span class='ocrx_word' id='word_1_545' title='bbox 1690 3652 1776 3724; x_wconf 75' lang='grc' dir='ltr'>εἴη</span> <span class='ocrx_word' id='word_1_546' title='bbox 1807 3652 1894 3716; x_wconf 66' lang='grc' dir='ltr'><strong><em>ἂν,</em></strong></span> 
     </span>
    </p>
   </div>
   <div class='ocr_carea' id='block_1_70' title="bbox 324 3743 1895 3811">
    <p class='ocr_par' dir='ltr' id='par_1_70' title="bbox 324 3743 1895 3811">
     <span class='ocr_line' id='line_1_70' title="bbox 324 3743 1895 3811; baseline 0.003 -17"><span class='ocrx_word' id='word_1_547' title='bbox 324 3743 482 3811; x_wconf 76' lang='grc' dir='ltr'>μόνος</span> <span class='ocrx_word' id='word_1_548' title='bbox 509 3744 674 3809; x_wconf 77' lang='grc' dir='ltr'>αὐτὸς</span> <span class='ocrx_word' id='word_1_549' title='bbox 708 3744 784 3798; x_wconf 85' lang='grc' dir='ltr'>ὣν</span> <span class='ocrx_word' id='word_1_550' title='bbox 828 3745 920 3799; x_wconf 76' lang='grc' dir='ltr'>ἐπὶ</span> <span class='ocrx_word' id='word_1_551' title='bbox 951 3746 1188 3811; x_wconf 81' lang='grc' dir='ltr'>πάντων,</span> <span class='ocrx_word' id='word_1_552' title='bbox 1225 3746 1318 3798; x_wconf 77' lang='grc' dir='ltr'><strong><em>καὶ</em></strong></span> <span class='ocrx_word' id='word_1_553' title='bbox 1345 3745 1432 3798; x_wconf 70' lang='grc' dir='ltr'><strong><em>διὰ</em></strong></span> <span class='ocrx_word' id='word_1_554' title='bbox 1464 3745 1680 3799; x_wconf 84' lang='grc' dir='ltr'>πάντων</span> <span class='ocrx_word' id='word_1_555' title='bbox 1713 3745 1806 3799; x_wconf 74' lang='grc' dir='ltr'>καὶ</span> <span class='ocrx_word' id='word_1_556' title='bbox 1836 3746 1895 3799; x_wconf 90' lang='grc' dir='ltr'><strong><em>ἐν</em></strong></span> 
     </span>
    </p>
   </div>
   <div class='ocr_carea' id='block_1_71' title="bbox 324 3835 1889 3903">
    <p class='ocr_par' dir='ltr' id='par_1_71' title="bbox 324 3835 1889 3903">
     <span class='ocr_line' id='line_1_71' title="bbox 324 3835 1889 3903; baseline 0.004 -18"><span class='ocrx_word' id='word_1_557' title='bbox 324 3835 458 3890; x_wconf 80' lang='grc' dir='ltr'>πᾶσι</span> <span class='ocrx_word' id='word_1_558' title='bbox 489 3835 641 3900; x_wconf 86' lang='grc' dir='ltr'>Θεὸς,</span> <span class='ocrx_word' id='word_1_559' title='bbox 673 3836 749 3900; x_wconf 83' lang='grc' dir='ltr'><strong><em>ὡς</em></strong></span> <span class='ocrx_word' id='word_1_560' title='bbox 769 3839 797 3891; x_wconf 88' lang='grc' dir='ltr'>ὁ</span> <span class='ocrx_word' id='word_1_561' title='bbox 817 3836 956 3901; x_wconf 79' lang='grc' dir='ltr'>θεῖος</span> <span class='ocrx_word' id='word_1_562' title='bbox 981 3838 1188 3903; x_wconf 73' lang='grc' dir='ltr'>ἐδίδαξε</span> <span class='ocrx_word' id='word_1_563' title='bbox 1226 3836 1567 3901; x_wconf 82' lang='grc' dir='ltr'>Ἀπόστολος,</span> <span class='ocrx_word' id='word_1_564' title='bbox 1602 3838 1629 3891; x_wconf 80' lang='grc' dir='ltr'>ὅ</span> <span class='ocrx_word' id='word_1_565' title='bbox 1650 3854 1711 3891; x_wconf 90' lang='grc' dir='ltr'><strong><em>τε</em></strong></span> <span class='ocrx_word' id='word_1_566' title='bbox 1741 3837 1889 3902; x_wconf 84' lang='grc' dir='ltr'>Υἱὸς,</span> 
     </span>
    </p>
   </div>
   <div class='ocr_carea' id='block_1_72' title="bbox 321 3925 1893 3999">
    <p class='ocr_par' dir='ltr' id='par_1_72' title="bbox 321 3925 1893 3999">
     <span class='ocr_line' id='line_1_72' title="bbox 321 3925 1893 3999; baseline 0.002 -21"><span class='ocrx_word' id='word_1_567' title='bbox 321 3927 415 3979; x_wconf 74' lang='grc' dir='ltr'>καὶ</span> <span class='ocrx_word' id='word_1_568' title='bbox 451 3926 610 3991; x_wconf 80' lang='grc' dir='ltr'>αὐτὸς</span> <span class='ocrx_word' id='word_1_569' title='bbox 641 3927 994 3999; x_wconf 78' lang='grc' dir='ltr'>χρηματίζων</span> <span class='ocrx_word' id='word_1_570' title='bbox 1031 3925 1187 3992; x_wconf 81' lang='grc' dir='ltr'><strong><em>δῶν,</em></strong></span> <span class='ocrx_word' id='word_1_571' title='bbox 1215 3928 1465 3999; x_wconf 76' lang='grc' dir='ltr'>ἀληθεύοι</span> <span class='ocrx_word' id='word_1_572' title='bbox 1496 3929 1583 3983; x_wconf 74' lang='grc' dir='ltr'>ἀν’</span> <span class='ocrx_word' id='word_1_573' title='bbox 1631 3928 1793 3999; x_wconf 83' lang='grc' dir='ltr'>μόνος</span> <span class='ocrx_word' id='word_1_574' title='bbox 1820 3927 1893 3981; x_wconf 82' lang='grc' dir='ltr'>ὢν</span> 
     </span>
    </p>
   </div>
   <div class='ocr_carea' id='block_1_73' title="bbox 321 4014 1893 4091">
    <p class='ocr_par' dir='ltr' id='par_1_73' title="bbox 321 4014 1893 4091">
     <span class='ocr_line' id='line_1_73' title="bbox 321 4014 1893 4091; baseline 0.003 -23"><span class='ocrx_word' id='word_1_575' title='bbox 321 4014 471 4079; x_wconf 66' lang='lat' dir='ltr'><strong><em>Tlhg,</em></strong></span> <span class='ocrx_word' id='word_1_576' title='bbox 503 4016 795 4089; x_wconf 81' lang='grc' dir='ltr'>μονογενὴς</span> <span class='ocrx_word' id='word_1_577' title='bbox 816 4017 908 4071; x_wconf 82' lang='grc' dir='ltr'><strong><em>τοῦ</em></strong></span> <span class='ocrx_word' id='word_1_578' title='bbox 938 4019 1108 4082; x_wconf 75' lang='grc' dir='ltr'>ὄντος,</span> <span class='ocrx_word' id='word_1_579' title='bbox 1136 4017 1273 4072; x_wconf 78' lang='grc' dir='ltr'>ἀλλὰ</span> <span class='ocrx_word' id='word_1_580' title='bbox 1300 4019 1393 4073; x_wconf 72' lang='grc' dir='ltr'>καὶ</span> <span class='ocrx_word' id='word_1_581' title='bbox 1421 4018 1584 4073; x_wconf 77' lang='grc' dir='ltr'>εἰκὼν</span> <span class='ocrx_word' id='word_1_582' title='bbox 1602 4019 1693 4072; x_wconf 74' lang='grc' dir='ltr'><strong><em>τοῦ</em></strong></span> <span class='ocrx_word' id='word_1_583' title='bbox 1725 4019 1893 4091; x_wconf 84' lang='grc' dir='ltr'>ἀορά-</span> 
     </span>
    </p>
   </div>
   <div class='ocr_carea' id='block_1_74' title="bbox 320 4107 1897 4182">
    <p class='ocr_par' dir='ltr' id='par_1_74' title="bbox 320 4107 1897 4182">
     <span class='ocr_line' id='line_1_74' title="bbox 320 4107 1897 4182; baseline 0.001 -22"><span class='ocrx_word' id='word_1_584' title='bbox 320 4122 415 4160; x_wconf 89' lang='grc' dir='ltr'><strong><em>του</em></strong></span> <span class='ocrx_word' id='word_1_585' title='bbox 461 4107 596 4162; x_wconf 81' lang='grc' dir='ltr'><strong><em>Θεοῦ</em></strong></span> <span class='ocrx_word' id='word_1_586' title='bbox 640 4109 919 4182; x_wconf 79' lang='grc' dir='ltr'>ὑπάρχων.</span> <span class='ocrx_word' id='word_1_587' title='bbox 947 4111 1058 4164; x_wconf 71' lang='grc' dir='ltr'><strong><em>Καὶ</em></strong></span> <span class='ocrx_word' id='word_1_588' title='bbox 1088 4109 1245 4165; x_wconf 81' lang='grc' dir='ltr'>τοῦτο</span> <span class='ocrx_word' id='word_1_589' title='bbox 1284 4111 1366 4181; x_wconf 76' lang='grc' dir='ltr'>εἴη</span> <span class='ocrx_word' id='word_1_590' title='bbox 1412 4110 1478 4163; x_wconf 84' lang='grc' dir='ltr'>ἂν</span> <span class='ocrx_word' id='word_1_591' title='bbox 1514 4110 1586 4182; x_wconf 85' lang='grc'><strong><em>(9)</em></strong></span> <span class='ocrx_word' id='word_1_592' title='bbox 1622 4109 1786 4163; x_wconf 82' lang='grc' dir='ltr'>αὑτοῦ</span> <span class='ocrx_word' id='word_1_593' title='bbox 1821 4111 1897 4162; x_wconf 79' lang='grc' dir='ltr'>εί-</span> 
     </span>
    </p>
   </div>
   <div class='ocr_carea' id='block_1_75' title="bbox 323 4196 1893 4273">
    <p class='ocr_par' dir='ltr' id='par_1_75' title="bbox 323 4196 1893 4273">
     <span class='ocr_line' id='line_1_75' title="bbox 323 4196 1893 4273; baseline 0.002 -22"><span class='ocrx_word' id='word_1_594' title='bbox 323 4196 454 4263; x_wconf 82' lang='grc' dir='ltr'>κὼν,</span> <span class='ocrx_word' id='word_1_595' title='bbox 498 4200 620 4254; x_wconf 84' lang='grc' dir='ltr'>καθ’</span> <span class='ocrx_word' id='word_1_596' title='bbox 670 4200 698 4253; x_wconf 85' lang='grc' dir='ltr'>ὃ</span> <span class='ocrx_word' id='word_1_597' title='bbox 742 4202 900 4272; x_wconf 84' lang='grc' dir='ltr'>μόνος</span> <span class='ocrx_word' id='word_1_598' title='bbox 940 4197 1009 4273; x_wconf 78' lang='grc' dir='ltr'>ἦν</span> <span class='ocrx_word' id='word_1_599' title='bbox 1060 4202 1221 4266; x_wconf 79' lang='grc' dir='ltr'>αὐτὸς</span> <span class='ocrx_word' id='word_1_600' title='bbox 1264 4206 1297 4257; x_wconf 83' lang='grc' dir='ltr'><em>ὁ</em></span> <span class='ocrx_word' id='word_1_601' title='bbox 1342 4203 1447 4256; x_wconf 73' lang='grc' dir='ltr'>ὢν.</span> <span class='ocrx_word' id='word_1_602' title='bbox 1477 4202 1566 4255; x_wconf 87' lang='grc' dir='ltr'>Διὸ</span> <span class='ocrx_word' id='word_1_603' title='bbox 1601 4202 1694 4255; x_wconf 75' lang='grc' dir='ltr'>καὶ</span> <span class='ocrx_word' id='word_1_604' title='bbox 1732 4201 1893 4267; x_wconf 78' lang='grc' dir='ltr'>αὐτὸς</span> 
     </span>
    </p>
   </div>
   <div class='ocr_carea' id='block_1_76' title="bbox 321 4292 1896 4368">
    <p class='ocr_par' dir='ltr' id='par_1_76' title="bbox 321 4292 1896 4368">
     <span class='ocr_line' id='line_1_76' title="bbox 321 4292 1896 4368; baseline 0.001 -22"><span class='ocrx_word' id='word_1_605' title='bbox 321 4292 648 4361; x_wconf 73' lang='grc' dir='ltr'>χρηματίζοι</span> <span class='ocrx_word' id='word_1_606' title='bbox 677 4293 742 4347; x_wconf 80' lang='grc' dir='ltr'>ἂν</span> <span class='ocrx_word' id='word_1_607' title='bbox 768 4296 801 4347; x_wconf 86' lang='grc' dir='ltr'><strong><em>ό</em></strong></span> <span class='ocrx_word' id='word_1_608' title='bbox 827 4293 923 4355; x_wconf 86' lang='grc' dir='ltr'>ὢν,</span> <span class='ocrx_word' id='word_1_609' title='bbox 945 4294 1066 4348; x_wconf 48' lang='grc' dir='ltr'><strong><em>ἐπει⁵</em></strong></span> <span class='ocrx_word' id='word_1_610' title='bbox 1095 4296 1187 4349; x_wconf 77' lang='grc' dir='ltr'><strong><em>καὶ</em></strong></span> <span class='ocrx_word' id='word_1_611' title='bbox 1204 4294 1335 4359; x_wconf 83' lang='grc' dir='ltr'>Θεὸς</span> <span class='ocrx_word' id='word_1_612' title='bbox 1358 4297 1452 4350; x_wconf 76' lang='grc' dir='ltr'>καὶ</span> <span class='ocrx_word' id='word_1_613' title='bbox 1466 4295 1670 4368; x_wconf 83' lang='grc' dir='ltr'>Κύριος</span> <span class='ocrx_word' id='word_1_614' title='bbox 1696 4296 1896 4367; x_wconf 83' lang='grc' dir='ltr'>ὁμοίως</span> 
     </span>
    </p>
   </div>
   <div class='ocr_carea' id='block_1_77' title="bbox 323 4382 1895 4458">
    <p class='ocr_par' dir='ltr' id='par_1_77' title="bbox 323 4382 1895 4458">
     <span class='ocr_line' id='line_1_77' title="bbox 323 4382 1895 4458; baseline 0.003 -23"><span class='ocrx_word' id='word_1_615' title='bbox 323 4382 400 4454; x_wconf 80' lang='grc' dir='ltr'><strong><em>τῷ</em></strong></span> <span class='ocrx_word' id='word_1_616' title='bbox 432 4383 606 4456; x_wconf 75' lang='grc' dir='ltr'>Πατρὶ</span> <span class='ocrx_word' id='word_1_617' title='bbox 636 4386 729 4439; x_wconf 77' lang='grc' dir='ltr'>καὶ</span> <span class='ocrx_word' id='word_1_618' title='bbox 757 4385 917 4449; x_wconf 80' lang='grc' dir='ltr'>αὐτὸς</span> <span class='ocrx_word' id='word_1_619' title='bbox 944 4384 1033 4439; x_wconf 82' lang='grc' dir='ltr'><strong><em>διὰ</em></strong></span> <span class='ocrx_word' id='word_1_620' title='bbox 1064 4386 1243 4458; x_wconf 82' lang='grc' dir='ltr'>πάσης</span> <span class='ocrx_word' id='word_1_621' title='bbox 1260 4386 1618 4458; x_wconf 87' lang='grc' dir='ltr'>ἀνηγόρευται</span> <span class='ocrx_word' id='word_1_622' title='bbox 1648 4386 1746 4458; x_wconf 82' lang='grc' dir='ltr'>τῆς</span> <span class='ocrx_word' id='word_1_623' title='bbox 1775 4387 1895 4439; x_wconf 90' lang='grc' dir='ltr'>θεο-</span> 
     </span>
    </p>
   </div>
   <div class='ocr_carea' id='block_1_78' title="bbox 324 4476 865 4548">
    <p class='ocr_par' dir='ltr' id='par_1_78' title="bbox 324 4476 865 4548">
     <span class='ocr_line' id='line_1_78' title="bbox 324 4476 865 4548; baseline 0.007 -22"><span class='ocrx_word' id='word_1_624' title='bbox 324 4476 587 4529; x_wconf 80' lang='grc' dir='ltr'>πνεύστου</span> <span class='ocrx_word' id='word_1_625' title='bbox 621 4477 865 4548; x_wconf 80' lang='grc' dir='ltr'>Γραφῆς.</span> 
     </span>
    </p>
   </div>
   <div class='ocr_carea' id='block_1_79' title="bbox 1998 3283 3573 3340">
    <p class='ocr_par' dir='ltr' id='par_1_79' title="bbox 1998 3283 3573 3340">
     <span class='ocr_line' id='line_1_79' title="bbox 1998 3283 3573 3340; baseline 0.001 -4"><span class='ocrx_word' id='word_1_626' title='bbox 1998 3283 2107 3338; x_wconf 90' lang='lat' dir='ltr'><strong><em>lum</em></strong></span> <span class='ocrx_word' id='word_1_627' title='bbox 2154 3284 2321 3339; x_wconf 91' lang='lat' dir='ltr'><strong><em>alium</em></strong></span> <span class='ocrx_word' id='word_1_628' title='bbox 2374 3286 2625 3340; x_wconf 85' lang='lat' dir='ltr'><strong><em>arbitrari</em></strong></span> <span class='ocrx_word' id='word_1_629' title='bbox 2680 3286 2846 3340; x_wconf 89' lang='lat' dir='ltr'><strong><em>Deum</em></strong></span> <span class='ocrx_word' id='word_1_630' title='bbox 2895 3286 3131 3340; x_wconf 80' lang='lat' dir='ltr'><strong><em>erudivit</em></strong></span> <span class='ocrx_word' id='word_1_631' title='bbox 3163 3301 3179 3340; x_wconf 91' lang='lat'><strong>:</strong></span> <span class='ocrx_word' id='word_1_632' title='bbox 3210 3286 3304 3340; x_wconf 90' lang='lat' dir='ltr'><strong><em>sed</em></strong></span> <span class='ocrx_word' id='word_1_633' title='bbox 3352 3283 3573 3337; x_wconf 88' lang='lat' dir='ltr'><strong><em>minime</em></strong></span> 
     </span>
    </p>
   </div>
   <div class='ocr_carea' id='block_1_80' title="bbox 1998 3376 3574 3443">
    <p class='ocr_par' dir='ltr' id='par_1_80' title="bbox 1998 3376 3574 3443">
     <span class='ocr_line' id='line_1_80' title="bbox 1998 3376 3574 3443; baseline -0.001 -12"><span class='ocrx_word' id='word_1_634' title='bbox 1998 3377 2270 3432; x_wconf 86' lang='lat' dir='ltr'><strong><em>inliciatur</em></strong></span> <span class='ocrx_word' id='word_1_635' title='bbox 2318 3377 2465 3431; x_wconf 89' lang='lat' dir='ltr'><strong><em>illum</em></strong></span> <span class='ocrx_word' id='word_1_636' title='bbox 2512 3392 2636 3434; x_wconf 87' lang='lat' dir='ltr'><strong><em>esse</em></strong></span> <span class='ocrx_word' id='word_1_637' title='bbox 2678 3376 2918 3443; x_wconf 82' lang='lat' dir='ltr'><strong><em>Patrem,</em></strong></span> <span class='ocrx_word' id='word_1_638' title='bbox 2967 3382 3025 3440; x_wconf 60' lang='grc' dir='ltr'><strong><em>»Ε</em></strong></span> <span class='ocrx_word' id='word_1_639' title='bbox 3080 3378 3126 3431; x_wconf 85' lang='lat' dir='ltr'><strong><em>si</em></strong></span> <span class='ocrx_word' id='word_1_640' title='bbox 3173 3377 3456 3431; x_wconf 90' lang='lat' dir='ltr'><strong><em>Dominum</em></strong></span> <span class='ocrx_word' id='word_1_641' title='bbox 3516 3384 3574 3430; x_wconf 85' lang='lat' dir='ltr'><strong><em>et</em></strong></span> 
     </span>
    </p>
   </div>
   <div class='ocr_carea' id='block_1_81' title="bbox 1998 3468 3570 3536">
    <p class='ocr_par' dir='ltr' id='par_1_81' title="bbox 1998 3468 3570 3536">
     <span class='ocr_line' id='line_1_81' title="bbox 1998 3468 3570 3536; baseline -0.003 -10"><span class='ocrx_word' id='word_1_642' title='bbox 1998 3471 2164 3526; x_wconf 90' lang='lat' dir='ltr'><strong><em>Deum</em></strong></span> <span class='ocrx_word' id='word_1_643' title='bbox 2201 3469 2347 3523; x_wconf 90' lang='lat' dir='ltr'><strong><em>illum</em></strong></span> <span class='ocrx_word' id='word_1_644' title='bbox 2374 3509 2389 3535; x_wconf 95' lang='lat'><strong><em>,</em></strong></span> <span class='ocrx_word' id='word_1_645' title='bbox 2421 3479 2477 3524; x_wconf 90' lang='lat' dir='ltr'><strong><em>et</em></strong></span> <span class='ocrx_word' id='word_1_646' title='bbox 2528 3469 2736 3536; x_wconf 81' lang='lat' dir='ltr'><strong><em>justum</em></strong></span> <span class='ocrx_word' id='word_1_647' title='bbox 2782 3469 3079 3523; x_wconf 85' lang='lat' dir='ltr'><strong><em>nominavit</em></strong></span> <span class='ocrx_word' id='word_1_648' title='bbox 3104 3477 3158 3523; x_wconf 91' lang='lat' dir='ltr'><strong><em>et</em></strong></span> <span class='ocrx_word' id='word_1_649' title='bbox 3197 3468 3570 3532; x_wconf 87' lang='lat' dir='ltr'><strong><em>Servatorem,</em></strong></span> 
     </span>
    </p>
   </div>
   <div class='ocr_carea' id='block_1_82' title="bbox 1994 3559 3572 3622">
    <p class='ocr_par' dir='ltr' id='par_1_82' title="bbox 1994 3559 3572 3622">
     <span class='ocr_line' id='line_1_82' title="bbox 1994 3559 3572 3622; baseline -0.001 -8"><span class='ocrx_word' id='word_1_650' title='bbox 1994 3575 2101 3614; x_wconf 86' lang='lat' dir='ltr'><strong><em>non</em></strong></span> <span class='ocrx_word' id='word_1_651' title='bbox 2129 3559 2366 3616; x_wconf 81' lang='lat' dir='ltr'><strong><em>exclusit</em></strong></span> <span class='ocrx_word' id='word_1_652' title='bbox 2388 3575 2511 3614; x_wconf 90' lang='lat' dir='ltr'><strong><em>eum</em></strong></span> <span class='ocrx_word' id='word_1_653' title='bbox 2530 3577 2557 3613; x_wconf 91' lang='lat' dir='ltr'><strong><em>a</em></strong></span> <span class='ocrx_word' id='word_1_654' title='bbox 2586 3560 2743 3614; x_wconf 90' lang='lat' dir='ltr'><strong><em>titulo</em></strong></span> <span class='ocrx_word' id='word_1_655' title='bbox 2773 3559 2973 3622; x_wconf 88' lang='lat' dir='ltr'><strong><em>Patris,</em></strong></span> <span class='ocrx_word' id='word_1_656' title='bbox 2998 3569 3181 3614; x_wconf 85' lang='lat' dir='ltr'><strong><em>tamen</em></strong></span> <span class='ocrx_word' id='word_1_657' title='bbox 3214 3568 3273 3613; x_wconf 91' lang='lat' dir='ltr'><strong><em>ut</em></strong></span> <span class='ocrx_word' id='word_1_658' title='bbox 3302 3573 3406 3612; x_wconf 92' lang='lat' dir='ltr'><strong><em>non</em></strong></span> <span class='ocrx_word' id='word_1_659' title='bbox 3428 3569 3572 3614; x_wconf 81' lang='lat' dir='ltr'><strong><em>esset</em></strong></span> 
     </span>
    </p>
   </div>
   <div class='ocr_carea' id='block_1_83' title="bbox 1996 3652 3566 3725">
    <p class='ocr_par' dir='ltr' id='par_1_83' title="bbox 1996 3652 3566 3725">
     <span class='ocr_line' id='line_1_83' title="bbox 1996 3652 3566 3725; baseline -0.001 -18"><span class='ocrx_word' id='word_1_660' title='bbox 1996 3653 2157 3707; x_wconf 82' lang='lat' dir='ltr'><strong><em>Pater</em></strong></span> <span class='ocrx_word' id='word_1_661' title='bbox 2189 3653 2451 3725; x_wconf 89' lang='lat' dir='ltr'><strong><em>unigeniti</em></strong></span> <span class='ocrx_word' id='word_1_662' title='bbox 2491 3662 2546 3709; x_wconf 92' lang='lat' dir='ltr'><strong><em>et</em></strong></span> <span class='ocrx_word' id='word_1_663' title='bbox 2570 3652 2750 3709; x_wconf 88' lang='lat' dir='ltr'><strong><em>dilecti</em></strong></span> <span class='ocrx_word' id='word_1_664' title='bbox 2778 3655 2859 3708; x_wconf 92' lang='lat' dir='ltr'><strong><em>sui</em></strong></span> <span class='ocrx_word' id='word_1_665' title='bbox 2890 3652 3010 3708; x_wconf 89' lang='lat' dir='ltr'><strong><em>Filii</em></strong></span> <span class='ocrx_word' id='word_1_666' title='bbox 3046 3671 3059 3707; x_wconf 89' lang='lat'><strong><em>:</em></strong></span> <span class='ocrx_word' id='word_1_667' title='bbox 3091 3654 3210 3708; x_wconf 88' lang='lat' dir='ltr'><strong><em>sive</em></strong></span> <span class='ocrx_word' id='word_1_668' title='bbox 3238 3667 3366 3724; x_wconf 88' lang='lat' dir='ltr'><strong><em>ergo</em></strong></span> <span class='ocrx_word' id='word_1_669' title='bbox 3385 3653 3566 3718; x_wconf 85' lang='lat' dir='ltr'><strong><em>Pater,</em></strong></span> 
     </span>
    </p>
   </div>
   <div class='ocr_carea' id='block_1_84' title="bbox 1996 3743 3570 3816">
    <p class='ocr_par' dir='ltr' id='par_1_84' title="bbox 1996 3743 3570 3816">
     <span class='ocr_line' id='line_1_84' title="bbox 1996 3743 3570 3816; baseline -0.002 -16"><span class='ocrx_word' id='word_1_670' title='bbox 1996 3760 2089 3800; x_wconf 77' lang='lat' dir='ltr'><strong><em>son</em></strong></span> <span class='ocrx_word' id='word_1_671' title='bbox 2141 3744 2311 3800; x_wconf 85' lang='lat' dir='ltr'><strong><em>Filius</em></strong></span> <span class='ocrx_word' id='word_1_672' title='bbox 2340 3744 2469 3800; x_wconf 90' lang='lat' dir='ltr'><strong><em>illud</em></strong></span> <span class='ocrx_word' id='word_1_673' title='bbox 2500 3745 2616 3812; x_wconf 91' lang='lat' dir='ltr'><strong><em>ait,</em></strong></span> <span class='ocrx_word' id='word_1_674' title='bbox 2650 3744 2765 3815; x_wconf 85' lang='lat' dir='ltr'><strong><em>Ego</em></strong></span> <span class='ocrx_word' id='word_1_675' title='bbox 2798 3761 2913 3799; x_wconf 88' lang='lat' dir='ltr'><strong><em>sum</em></strong></span> <span class='ocrx_word' id='word_1_676' title='bbox 2943 3745 3034 3816; x_wconf 85' lang='lat' dir='ltr'><strong><em>qui</em></strong></span> <span class='ocrx_word' id='word_1_677' title='bbox 3076 3760 3194 3798; x_wconf 86' lang='lat' dir='ltr'><strong><em>sum</em></strong></span> <span class='ocrx_word' id='word_1_678' title='bbox 3235 3743 3301 3809; x_wconf 74' lang='grc'><strong><em>⁸³,</em></strong></span> <span class='ocrx_word' id='word_1_679' title='bbox 3346 3744 3570 3798; x_wconf 90' lang='lat' dir='ltr'><strong><em>omnino</em></strong></span> 
     </span>
    </p>
   </div>
   <div class='ocr_carea' id='block_1_85' title="bbox 1994 3832 3568 3907">
    <p class='ocr_par' dir='ltr' id='par_1_85' title="bbox 1994 3832 3568 3907">
     <span class='ocr_line' id='line_1_85' title="bbox 1994 3832 3568 3907; baseline 0.001 -19"><span class='ocrx_word' id='word_1_680' title='bbox 1994 3836 2335 3890; x_wconf 62' lang='lat' dir='ltr'><strong><em>verissimum</em></strong></span> <span class='ocrx_word' id='word_1_681' title='bbox 2365 3846 2468 3899; x_wconf 88' lang='lat' dir='ltr'><strong><em>est,</em></strong></span> <span class='ocrx_word' id='word_1_682' title='bbox 2496 3836 2640 3907; x_wconf 90' lang='lat' dir='ltr'><strong><em>quod</em></strong></span> <span class='ocrx_word' id='word_1_683' title='bbox 2685 3837 2780 3891; x_wconf 88' lang='lat' dir='ltr'><strong><em>abs</em></strong></span> <span class='ocrx_word' id='word_1_684' title='bbox 2827 3836 3032 3890; x_wconf 90' lang='lat' dir='ltr'><strong><em>utrovis</em></strong></span> <span class='ocrx_word' id='word_1_685' title='bbox 3082 3835 3304 3892; x_wconf 90' lang='lat' dir='ltr'><strong><em>dicitur.</em></strong></span> <span class='ocrx_word' id='word_1_686' title='bbox 3334 3832 3467 3888; x_wconf 80' lang='lat' dir='ltr'><strong><em>Nam</em></strong></span> <span class='ocrx_word' id='word_1_687' title='bbox 3513 3844 3568 3889; x_wconf 87' lang='lat' dir='ltr'><strong><em>et</em></strong></span> 
     </span>
    </p>
   </div>
   <div class='ocr_carea' id='block_1_86' title="bbox 1995 3925 3564 3999">
    <p class='ocr_par' dir='ltr' id='par_1_86' title="bbox 1995 3925 3564 3999">
     <span class='ocr_line' id='line_1_86' title="bbox 1995 3925 3564 3999; baseline -0.001 -18"><span class='ocrx_word' id='word_1_688' title='bbox 1995 3925 2159 3982; x_wconf 86' lang='lat' dir='ltr'><strong><em>Pater</em></strong></span> <span class='ocrx_word' id='word_1_689' title='bbox 2192 3936 2318 3992; x_wconf 90' lang='lat' dir='ltr'><strong><em>est,</em></strong></span> <span class='ocrx_word' id='word_1_690' title='bbox 2353 3929 2445 3999; x_wconf 88' lang='lat' dir='ltr'><strong><em>qui</em></strong></span> <span class='ocrx_word' id='word_1_691' title='bbox 2487 3944 2605 3982; x_wconf 88' lang='lat' dir='ltr'><strong><em>sum</em></strong></span> <span class='ocrx_word' id='word_1_692' title='bbox 2630 3968 2647 3995; x_wconf 95' lang='lat'><strong><em>,</em></strong></span> <span class='ocrx_word' id='word_1_693' title='bbox 2681 3941 2804 3982; x_wconf 90' lang='lat' dir='ltr'><strong><em>cum</em></strong></span> <span class='ocrx_word' id='word_1_694' title='bbox 2845 3928 2917 3982; x_wconf 87' lang='lat' dir='ltr'><strong><em>sit</em></strong></span> <span class='ocrx_word' id='word_1_695' title='bbox 2960 3925 3107 3982; x_wconf 86' lang='lat' dir='ltr'><strong><em>solus</em></strong></span> <span class='ocrx_word' id='word_1_696' title='bbox 3144 3941 3306 3996; x_wconf 87' lang='lat' dir='ltr'><strong><em>super</em></strong></span> <span class='ocrx_word' id='word_1_697' title='bbox 3348 3925 3564 3991; x_wconf 83' lang='lat' dir='ltr'><strong><em>omnia,</em></strong></span> 
     </span>
    </p>
   </div>
   <div class='ocr_carea' id='block_1_87' title="bbox 1996 4016 3569 4088">
    <p class='ocr_par' dir='ltr' id='par_1_87' title="bbox 1996 4016 3569 4088">
     <span class='ocr_line' id='line_1_87' title="bbox 1996 4016 3569 4088; baseline 0.001 -17"><span class='ocrx_word' id='word_1_698' title='bbox 1996 4032 2092 4088; x_wconf 87' lang='lat' dir='ltr'><strong><em>per</em></strong></span> <span class='ocrx_word' id='word_1_699' title='bbox 2134 4018 2314 4073; x_wconf 89' lang='lat' dir='ltr'><strong><em>omnia</em></strong></span> <span class='ocrx_word' id='word_1_700' title='bbox 2343 4027 2398 4073; x_wconf 89' lang='lat' dir='ltr'><strong><em>et</em></strong></span> <span class='ocrx_word' id='word_1_701' title='bbox 2424 4019 2478 4074; x_wconf 92' lang='lat' dir='ltr'><strong><em>in</em></strong></span> <span class='ocrx_word' id='word_1_702' title='bbox 2519 4018 2773 4074; x_wconf 82' lang='lat' dir='ltr'><strong><em>omnibus</em></strong></span> <span class='ocrx_word' id='word_1_703' title='bbox 2823 4017 3001 4083; x_wconf 90' lang='lat' dir='ltr'><strong><em>Deus,</em></strong></span> <span class='ocrx_word' id='word_1_704' title='bbox 3041 4016 3182 4087; x_wconf 90' lang='lat' dir='ltr'><strong><em>quod</em></strong></span> <span class='ocrx_word' id='word_1_705' title='bbox 3231 4032 3330 4072; x_wconf 92' lang='lat' dir='ltr'><strong><em>nos</em></strong></span> <span class='ocrx_word' id='word_1_706' title='bbox 3355 4016 3569 4073; x_wconf 85' lang='lat' dir='ltr'><strong><em>divinus</em></strong></span> 
     </span>
    </p>
   </div>
   <div class='ocr_carea' id='block_1_88' title="bbox 1995 4108 3566 4182">
    <p class='ocr_par' dir='ltr' id='par_1_88' title="bbox 1995 4108 3566 4182">
     <span class='ocr_line' id='line_1_88' title="bbox 1995 4108 3566 4182; baseline -0.001 -18"><span class='ocrx_word' id='word_1_707' title='bbox 1995 4111 2177 4166; x_wconf 84' lang='lat' dir='ltr'><strong><em>docuit</em></strong></span> <span class='ocrx_word' id='word_1_708' title='bbox 2205 4110 2511 4181; x_wconf 83' lang='lat' dir='ltr'><strong><em>Apostolus.</em></strong></span> <span class='ocrx_word' id='word_1_709' title='bbox 2552 4109 2658 4165; x_wconf 89' lang='lat' dir='ltr'><strong><em>Sed</em></strong></span> <span class='ocrx_word' id='word_1_710' title='bbox 2686 4118 2740 4165; x_wconf 91' lang='lat' dir='ltr'><strong><em>et</em></strong></span> <span class='ocrx_word' id='word_1_711' title='bbox 2773 4108 2946 4166; x_wconf 79' lang='lat' dir='ltr'><strong><em>Filius</em></strong></span> <span class='ocrx_word' id='word_1_712' title='bbox 2974 4111 3020 4166; x_wconf 84' lang='lat' dir='ltr'><strong><em>si</em></strong></span> <span class='ocrx_word' id='word_1_713' title='bbox 3060 4110 3271 4164; x_wconf 89' lang='lat' dir='ltr'><strong><em>dicatur</em></strong></span> <span class='ocrx_word' id='word_1_714' title='bbox 3296 4111 3387 4182; x_wconf 85' lang='lat' dir='ltr'><strong><em>qui</em></strong></span> <span class='ocrx_word' id='word_1_715' title='bbox 3412 4126 3526 4164; x_wconf 88' lang='lat' dir='ltr'><strong><em>sum</em></strong></span> <span class='ocrx_word' id='word_1_716' title='bbox 3547 4148 3566 4175; x_wconf 93' lang='lat'><strong><em>,</em></strong></span> 
     </span>
    </p>
   </div>
   <div class='ocr_carea' id='block_1_89' title="bbox 1995 4197 3569 4269">
    <p class='ocr_par' dir='ltr' id='par_1_89' title="bbox 1995 4197 3569 4269">
     <span class='ocr_line' id='line_1_89' title="bbox 1995 4197 3569 4269; baseline -0.001 -17"><span class='ocrx_word' id='word_1_717' title='bbox 1995 4215 2123 4256; x_wconf 80' lang='lat' dir='ltr'><strong><em>vere</em></strong></span> <span class='ocrx_word' id='word_1_718' title='bbox 2168 4200 2245 4255; x_wconf 87' lang='lat' dir='ltr'><strong><em>sic</em></strong></span> <span class='ocrx_word' id='word_1_719' title='bbox 2280 4201 2517 4254; x_wconf 87' lang='lat' dir='ltr'><strong><em>dicitur:</em></strong></span> <span class='ocrx_word' id='word_1_720' title='bbox 2548 4214 2674 4254; x_wconf 91' lang='lat' dir='ltr'><strong><em>cum</em></strong></span> <span class='ocrx_word' id='word_1_721' title='bbox 2704 4198 2853 4254; x_wconf 87' lang='lat' dir='ltr'><strong><em>solus</em></strong></span> <span class='ocrx_word' id='word_1_722' title='bbox 2886 4199 2961 4254; x_wconf 89' lang='lat' dir='ltr'><strong><em>sit</em></strong></span> <span class='ocrx_word' id='word_1_723' title='bbox 2987 4197 3161 4253; x_wconf 81' lang='lat' dir='ltr'><strong><em>Filius</em></strong></span> <span class='ocrx_word' id='word_1_724' title='bbox 3195 4198 3287 4253; x_wconf 88' lang='lat' dir='ltr'><strong><em>Dei</em></strong></span> <span class='ocrx_word' id='word_1_725' title='bbox 3320 4198 3569 4269; x_wconf 87' lang='lat' dir='ltr'><strong><em>unigeni-</em></strong></span> 
     </span>
    </p>
   </div>
   <div class='ocr_carea' id='block_1_90' title="bbox 1997 4288 3571 4364">
    <p class='ocr_par' dir='ltr' id='par_1_90' title="bbox 1997 4288 3571 4364">
     <span class='ocr_line' id='line_1_90' title="bbox 1997 4288 3571 4364; baseline -0.001 -19"><span class='ocrx_word' id='word_1_726' title='bbox 1997 4300 2083 4347; x_wconf 86' lang='lat' dir='ltr'><strong><em>tus</em></strong></span> <span class='ocrx_word' id='word_1_727' title='bbox 2122 4290 2239 4364; x_wconf 69' lang='lat' dir='ltr'><strong><em>eius</em></strong></span> <span class='ocrx_word' id='word_1_728' title='bbox 2263 4332 2278 4356; x_wconf 91' lang='lat'><strong><em>,</em></strong></span> <span class='ocrx_word' id='word_1_729' title='bbox 2309 4292 2399 4360; x_wconf 88' lang='lat' dir='ltr'><strong><em>qui</em></strong></span> <span class='ocrx_word' id='word_1_730' title='bbox 2443 4300 2540 4357; x_wconf 84' lang='lat' dir='ltr'><strong><em>est,</em></strong></span> <span class='ocrx_word' id='word_1_731' title='bbox 2587 4305 2707 4345; x_wconf 91' lang='lat' dir='ltr'><strong><em>cum</em></strong></span> <span class='ocrx_word' id='word_1_732' title='bbox 2738 4290 2809 4345; x_wconf 87' lang='lat' dir='ltr'><strong><em>sit</em></strong></span> <span class='ocrx_word' id='word_1_733' title='bbox 2852 4291 3026 4362; x_wconf 86' lang='lat' dir='ltr'><strong><em>imago</em></strong></span> <span class='ocrx_word' id='word_1_734' title='bbox 3064 4290 3161 4344; x_wconf 88' lang='lat' dir='ltr'><strong><em>Dei</em></strong></span> <span class='ocrx_word' id='word_1_735' title='bbox 3190 4291 3466 4345; x_wconf 77' lang='lat' dir='ltr'><strong><em>invisibilis</em></strong></span> <span class='ocrx_word' id='word_1_736' title='bbox 3494 4288 3571 4354; x_wconf 71' lang='grc'><strong><em>⁵⁸,</em></strong></span> 
     </span>
    </p>
   </div>
   <div class='ocr_carea' id='block_1_91' title="bbox 1995 4380 3569 4454">
    <p class='ocr_par' dir='ltr' id='par_1_91' title="bbox 1995 4380 3569 4454">
     <span class='ocr_line' id='line_1_91' title="bbox 1995 4380 3569 4454; baseline -0.004 -14"><span class='ocrx_word' id='word_1_737' title='bbox 1995 4396 2050 4441; x_wconf 92' lang='lat' dir='ltr'><strong><em>et</em></strong></span> <span class='ocrx_word' id='word_1_738' title='bbox 2092 4398 2159 4439; x_wconf 88' lang='lat' dir='ltr'><strong><em>eo</em></strong></span> <span class='ocrx_word' id='word_1_739' title='bbox 2189 4384 2304 4453; x_wconf 92' lang='lat' dir='ltr'><strong><em>ipso</em></strong></span> <span class='ocrx_word' id='word_1_740' title='bbox 2348 4382 2419 4437; x_wconf 90' lang='lat' dir='ltr'><strong><em>sit</em></strong></span> <span class='ocrx_word' id='word_1_741' title='bbox 2450 4383 2629 4454; x_wconf 85' lang='lat' dir='ltr'><strong><em>imago</em></strong></span> <span class='ocrx_word' id='word_1_742' title='bbox 2654 4380 2807 4449; x_wconf 78' lang='lat' dir='ltr'><strong><em>eius,</em></strong></span> <span class='ocrx_word' id='word_1_743' title='bbox 2845 4383 2988 4452; x_wconf 91' lang='lat' dir='ltr'><strong><em>quod</em></strong></span> <span class='ocrx_word' id='word_1_744' title='bbox 3019 4385 3168 4437; x_wconf 89' lang='lat' dir='ltr'><strong><em>solus</em></strong></span> <span class='ocrx_word' id='word_1_745' title='bbox 3195 4381 3310 4452; x_wconf 88' lang='lat' dir='ltr'><strong><em>ipse</em></strong></span> <span class='ocrx_word' id='word_1_746' title='bbox 3344 4383 3413 4437; x_wconf 85' lang='lat' dir='ltr'><strong><em>sit</em></strong></span> <span class='ocrx_word' id='word_1_747' title='bbox 3477 4382 3569 4449; x_wconf 85' lang='lat' dir='ltr'><strong><em>qui</em></strong></span> 
     </span>
    </p>
   </div>
   <div class='ocr_carea' id='block_1_92' title="bbox 1995 4473 3577 4543">
    <p class='ocr_par' dir='ltr' id='par_1_92' title="bbox 1995 4473 3577 4543">
     <span class='ocr_line' id='line_1_92' title="bbox 1995 4473 3577 4543; baseline -0.001 -14"><span class='ocrx_word' id='word_1_748' title='bbox 1995 4485 2091 4533; x_wconf 88' lang='lat' dir='ltr'><strong><em>est.</em></strong></span> <span class='ocrx_word' id='word_1_749' title='bbox 2119 4474 2372 4543; x_wconf 85' lang='lat' dir='ltr'><strong><em>Adeoque</em></strong></span> <span class='ocrx_word' id='word_1_750' title='bbox 2403 4483 2629 4529; x_wconf 81' lang='lat' dir='ltr'><strong><em>vocetur</em></strong></span> <span class='ocrx_word' id='word_1_751' title='bbox 2661 4482 2716 4528; x_wconf 93' lang='lat' dir='ltr'><strong><em>et</em></strong></span> <span class='ocrx_word' id='word_1_752' title='bbox 2775 4473 2862 4527; x_wconf 90' lang='lat' dir='ltr'><strong><em>ille</em></strong></span> <span class='ocrx_word' id='word_1_753' title='bbox 2907 4475 2995 4543; x_wconf 86' lang='lat' dir='ltr'><strong><em>qui</em></strong></span> <span class='ocrx_word' id='word_1_754' title='bbox 3023 4483 3133 4539; x_wconf 89' lang='lat' dir='ltr'><strong><em>est,</em></strong></span> <span class='ocrx_word' id='word_1_755' title='bbox 3162 4489 3285 4528; x_wconf 90' lang='lat' dir='ltr'><strong><em>cum</em></strong></span> <span class='ocrx_word' id='word_1_756' title='bbox 3332 4482 3387 4528; x_wconf 91' lang='lat' dir='ltr'><strong><em>et</em></strong></span> <span class='ocrx_word' id='word_1_757' title='bbox 3426 4473 3577 4527; x_wconf 79' lang='lat' dir='ltr'><strong><em>Deus</em></strong></span> 
     </span>
    </p>
   </div>
   <div class='ocr_carea' id='block_1_93' title="bbox 324 4567 3577 4644">
    <p class='ocr_par' dir='ltr' id='par_1_93' title="bbox 324 4567 3577 4644">
     <span class='ocr_line' id='line_1_93' title="bbox 324 4567 3577 4644; baseline 0.001 -24"><span class='ocrx_word' id='word_1_758' title='bbox 324 4568 394 4621; x_wconf 84' lang='lat' dir='ltr'><strong><em>sit</em></strong></span> <span class='ocrx_word' id='word_1_759' title='bbox 418 4578 473 4622; x_wconf 92' lang='lat' dir='ltr'><strong><em>et</em></strong></span> <span class='ocrx_word' id='word_1_760' title='bbox 504 4567 758 4627; x_wconf 87' lang='lat' dir='ltr'><strong><em>Dominus</em></strong></span> <span class='ocrx_word' id='word_1_761' title='bbox 780 4571 1031 4628; x_wconf 86' lang='lat' dir='ltr'><strong><em>similiter</em></strong></span> <span class='ocrx_word' id='word_1_762' title='bbox 1059 4581 1223 4644; x_wconf 88' lang='lat' dir='ltr'><strong><em>atque</em></strong></span> <span class='ocrx_word' id='word_1_763' title='bbox 1255 4572 1416 4629; x_wconf 84' lang='lat' dir='ltr'><strong><em>Pater</em></strong></span> <span class='ocrx_word' id='word_1_764' title='bbox 1440 4581 1597 4629; x_wconf 83' lang='lat' dir='ltr'><strong><em>estet</em></strong></span> <span class='ocrx_word' id='word_1_765' title='bbox 1628 4572 1887 4629; x_wconf 87' lang='lat' dir='ltr'><strong><em>Dominus</em></strong></span> <span class='ocrx_word' id='word_1_766' title='bbox 1927 4586 1992 4627; x_wconf 81' lang='lat' dir='ltr'><strong><em>ac</em></strong></span> <span class='ocrx_word' id='word_1_767' title='bbox 2052 4570 2194 4627; x_wconf 87' lang='lat' dir='ltr'><strong><em>Deus</em></strong></span> <span class='ocrx_word' id='word_1_768' title='bbox 2222 4589 2236 4626; x_wconf 91' lang='lat'><strong><em>:</em></strong></span> <span class='ocrx_word' id='word_1_769' title='bbox 2270 4570 2538 4641; x_wconf 87' lang='lat' dir='ltr'><strong><em>quomodo</em></strong></span> <span class='ocrx_word' id='word_1_770' title='bbox 2563 4584 2661 4641; x_wconf 90' lang='lat' dir='ltr'><strong><em>per</em></strong></span> <span class='ocrx_word' id='word_1_771' title='bbox 2718 4568 3034 4639; x_wconf 84' lang='lat' dir='ltr'><strong><em>Scripturas</em></strong></span> <span class='ocrx_word' id='word_1_772' title='bbox 3060 4568 3341 4623; x_wconf 86' lang='lat' dir='ltr'><strong><em>universas</em></strong></span> <span class='ocrx_word' id='word_1_773' title='bbox 3358 4584 3577 4623; x_wconf 74' lang='lat' dir='ltr'><strong><em>annun-</em></strong></span> 
     </span>
    </p>
   </div>
   <div class='ocr_carea' id='block_1_94' title="bbox 322 4663 505 4717">
    <p class='ocr_par' dir='ltr' id='par_1_94' title="bbox 322 4663 505 4717">
     <span class='ocr_line' id='line_1_94' title="bbox 322 4663 505 4717; baseline 0 0"><span class='ocrx_word' id='word_1_774' title='bbox 322 4663 505 4717; x_wconf 71' lang='lat' dir='ltr'><strong><em>tiatur.</em></strong></span> 
     </span>
    </p>
   </div>
   <div class='ocr_carea' id='block_1_95' title="bbox 940 4760 1260 4815">
    <p class='ocr_par' dir='ltr' id='par_1_95' title="bbox 940 4760 1260 4815">
     <span class='ocr_line' id='line_1_95' title="bbox 940 4760 1260 4815; baseline 0.006 -2"><span class='ocrx_word' id='word_1_775' title='bbox 940 4760 1095 4815; x_wconf 77' lang='grc' dir='ltr'>ΚΕΦ.</span> <span class='ocrx_word' id='word_1_776' title='bbox 1130 4761 1260 4815; x_wconf 81' lang='lat' dir='ltr'><strong><em>KA&#39;.</em></strong></span> 
     </span>
    </p>
   </div>
   <div class='ocr_carea' id='block_1_96' title="bbox 323 4843 1895 4922">
    <p class='ocr_par' dir='ltr' id='par_1_96' title="bbox 323 4843 1895 4922">
     <span class='ocr_line' id='line_1_96' title="bbox 323 4843 1895 4922; baseline 0.005 -23"><span class='ocrx_word' id='word_1_777' title='bbox 323 4843 443 4900; x_wconf 82' lang='grc' dir='ltr'>Ὀτι</span> <span class='ocrx_word' id='word_1_778' title='bbox 466 4850 500 4901; x_wconf 81' lang='grc' dir='ltr'><em>ὁ</em></span> <span class='ocrx_word' id='word_1_779' title='bbox 534 4846 665 4903; x_wconf 67' lang='lat' dir='ltr'><strong><em>ride-</em></strong></span> <span class='ocrx_word' id='word_1_780' title='bbox 684 4844 763 4913; x_wconf 81' lang='grc' dir='ltr'><strong><em>ἦν</em></strong></span> <span class='ocrx_word' id='word_1_781' title='bbox 784 4850 888 4905; x_wconf 87' lang='grc' dir='ltr'>τοῦ</span> <span class='ocrx_word' id='word_1_782' title='bbox 918 4851 1084 4916; x_wconf 85' lang='grc' dir='ltr'>Θεοῦ,</span> <span class='ocrx_word' id='word_1_783' title='bbox 1118 4854 1151 4905; x_wconf 87' lang='grc' dir='ltr'><em>ὀ</em></span> <span class='ocrx_word' id='word_1_784' title='bbox 1182 4851 1387 4907; x_wconf 82' lang='grc' dir='ltr'><strong><em>Μωσεῖ</em></strong></span> <span class='ocrx_word' id='word_1_785' title='bbox 1404 4850 1501 4905; x_wconf 72' lang='grc' dir='ltr'><strong><em>καί</em></strong></span> <span class='ocrx_word' id='word_1_786' title='bbox 1532 4849 1613 4919; x_wconf 86' lang='grc' dir='ltr'>τῷ</span> <span class='ocrx_word' id='word_1_787' title='bbox 1652 4850 1895 4922; x_wconf 69' lang='grc' dir='ltr'>Ἀϐραὰμ</span> 
     </span>
    </p>
   </div>
   <div class='ocr_carea' id='block_1_97' title="bbox 912 4922 1304 4992">
    <p class='ocr_par' dir='ltr' id='par_1_97' title="bbox 912 4922 1304 4992">
     <span class='ocr_line' id='line_1_97' title="bbox 912 4922 1304 4992; baseline 0.003 -17"><span class='ocrx_word' id='word_1_788' title='bbox 912 4922 1304 4992; x_wconf 79' lang='grc' dir='ltr'>χρηματίσας.</span> 
     </span>
    </p>
   </div>
   <div class='ocr_carea' id='block_1_98' title="bbox 392 5009 1893 5088">
    <p class='ocr_par' dir='ltr' id='par_1_98' title="bbox 392 5009 1893 5088">
     <span class='ocr_line' id='line_1_98' title="bbox 392 5009 1893 5088; baseline 0.003 -26"><span class='ocrx_word' id='word_1_789' title='bbox 392 5009 631 5064; x_wconf 79' lang='grc' dir='ltr'>Τοῦτοδέ</span> <span class='ocrx_word' id='word_1_790' title='bbox 653 5012 768 5067; x_wconf 84' lang='grc' dir='ltr'>ἐστι</span> <span class='ocrx_word' id='word_1_791' title='bbox 796 5014 891 5068; x_wconf 77' lang='grc' dir='ltr'>καὶ</span> <span class='ocrx_word' id='word_1_792' title='bbox 917 5017 980 5069; x_wconf 85' lang='grc' dir='ltr'><strong><em>ἐκ</em></strong></span> <span class='ocrx_word' id='word_1_793' title='bbox 1016 5013 1108 5069; x_wconf 80' lang='grc' dir='ltr'><strong><em>τοῦ</em></strong></span> <span class='ocrx_word' id='word_1_794' title='bbox 1144 5015 1278 5086; x_wconf 82' lang='grc' dir='ltr'>πρὸς</span> <span class='ocrx_word' id='word_1_795' title='bbox 1311 5015 1404 5069; x_wconf 87' lang='grc' dir='ltr'><strong><em>τὸν</em></strong></span> <span class='ocrx_word' id='word_1_796' title='bbox 1439 5014 1643 5070; x_wconf 79' lang='grc' dir='ltr'>Μωσὲα</span> <span class='ocrx_word' id='word_1_797' title='bbox 1672 5030 1893 5088; x_wconf 84' lang='grc' dir='ltr'>χρημα-</span> 
     </span>
    </p>
   </div>
   <div class='ocr_carea' id='block_1_99' title="bbox 321 5101 1893 5180">
    <p class='ocr_par' dir='ltr' id='par_1_99' title="bbox 321 5101 1893 5180">
     <span class='ocr_line' id='line_1_99' title="bbox 321 5101 1893 5180; baseline 0.003 -27"><span class='ocrx_word' id='word_1_798' title='bbox 321 5101 515 5170; x_wconf 79' lang='grc' dir='ltr'>τισμοῦ</span> <span class='ocrx_word' id='word_1_799' title='bbox 543 5102 745 5170; x_wconf 83' lang='grc' dir='ltr'>γνῶναι</span> <span class='ocrx_word' id='word_1_800' title='bbox 768 5120 783 5136; x_wconf 75' lang='grc' dir='ltr'><strong>ο</strong></span> <span class='ocrx_word' id='word_1_801' title='bbox 813 5105 960 5174; x_wconf 81' lang='grc' dir='ltr'>λέγει</span> <span class='ocrx_word' id='word_1_802' title='bbox 994 5106 1037 5159; x_wconf 80' lang='grc' dir='ltr'>δ’</span> <span class='ocrx_word' id='word_1_803' title='bbox 1058 5101 1152 5160; x_wconf 79' lang='grc' dir='ltr'><strong><em>οὖν</em></strong></span> <span class='ocrx_word' id='word_1_804' title='bbox 1185 5109 1219 5179; x_wconf 78' lang='grc' dir='ltr'><strong>ἠ</strong></span> <span class='ocrx_word' id='word_1_805' title='bbox 1258 5107 1468 5180; x_wconf 74' lang='grc' dir='ltr'>Γραφή·</span> <span class='ocrx_word' id='word_1_806' title='bbox 1504 5105 1800 5173; x_wconf 63' lang='grc' dir='ltr'>Ἐνίάλησε</span> <span class='ocrx_word' id='word_1_807' title='bbox 1824 5104 1893 5157; x_wconf 80' lang='grc' dir='ltr'>δὲ</span> 
     </span>
    </p>
   </div>
   <div class='ocr_carea' id='block_1_100' title="bbox 323 5190 1888 5268">
    <p class='ocr_par' dir='ltr' id='par_1_100' title="bbox 323 5190 1888 5268">
     <span class='ocr_line' id='line_1_100' title="bbox 323 5190 1888 5268; baseline 0.01 -22"><span class='ocrx_word' id='word_1_808' title='bbox 323 5194 356 5246; x_wconf 83' lang='grc' dir='ltr'><strong><em>ό</em></strong></span> <span class='ocrx_word' id='word_1_809' title='bbox 385 5190 529 5257; x_wconf 81' lang='grc' dir='ltr'>Θεὸς</span> <span class='ocrx_word' id='word_1_810' title='bbox 559 5193 707 5262; x_wconf 75' lang='grc' dir='ltr'>πρὸς</span> <span class='ocrx_word' id='word_1_811' title='bbox 744 5196 990 5264; x_wconf 80' lang='grc' dir='ltr'>Μωσῆν,</span> <span class='ocrx_word' id='word_1_812' title='bbox 1050 5198 1147 5252; x_wconf 76' lang='grc' dir='ltr'>καὶ</span> <span class='ocrx_word' id='word_1_813' title='bbox 1182 5195 1314 5253; x_wconf 78' lang='grc' dir='ltr'>εἷπε</span> <span class='ocrx_word' id='word_1_814' title='bbox 1339 5199 1489 5268; x_wconf 79' lang='grc' dir='ltr'>πρὸς</span> <span class='ocrx_word' id='word_1_815' title='bbox 1523 5200 1712 5253; x_wconf 81' lang='grc' dir='ltr'>αὐτόν</span> <span class='ocrx_word' id='word_1_816' title='bbox 1757 5197 1888 5265; x_wconf 75' lang='grc'><strong><em>(10)·</em></strong></span> 
     </span>
    </p>
   </div>
   <div class='ocr_carea' id='block_1_101' title="bbox 2612 4746 2948 4805">
    <p class='ocr_par' dir='ltr' id='par_1_101' title="bbox 2612 4746 2948 4805">
     <span class='ocr_line' id='line_1_101' title="bbox 2612 4746 2948 4805; baseline -0.009 -1"><span class='ocrx_word' id='word_1_817' title='bbox 2612 4748 2766 4805; x_wconf 83' lang='lat' dir='ltr'><strong><em>CAP.</em></strong></span> <span class='ocrx_word' id='word_1_818' title='bbox 2802 4746 2948 4804; x_wconf 75' lang='lat' dir='ltr'><strong><em>XXI.</em></strong></span> 
     </span>
    </p>
   </div>
   <div class='ocr_carea' id='block_1_102' title="bbox 2086 4836 3477 4911">
    <p class='ocr_par' dir='ltr' id='par_1_102' title="bbox 2086 4836 3477 4911">
     <span class='ocr_line' id='line_1_102' title="bbox 2086 4836 3477 4911; baseline -0.006 -11"><span class='ocrx_word' id='word_1_819' title='bbox 2086 4843 2241 4911; x_wconf 81' lang='lat' dir='ltr'><strong><em>Quod</em></strong></span> <span class='ocrx_word' id='word_1_820' title='bbox 2272 4840 2446 4897; x_wconf 85' lang='lat' dir='ltr'><strong><em>Filius</em></strong></span> <span class='ocrx_word' id='word_1_821' title='bbox 2482 4841 2525 4895; x_wconf 87' lang='lat' dir='ltr'><strong><em>is</em></strong></span> <span class='ocrx_word' id='word_1_822' title='bbox 2553 4839 2644 4911; x_wconf 80' lang='lat' dir='ltr'><strong><em>Dei</em></strong></span> <span class='ocrx_word' id='word_1_823' title='bbox 2664 4841 2861 4907; x_wconf 77' lang='lat' dir='ltr'><strong><em>fuerat,</em></strong></span> <span class='ocrx_word' id='word_1_824' title='bbox 2889 4840 2979 4911; x_wconf 82' lang='lat' dir='ltr'><strong><em>qui</em></strong></span> <span class='ocrx_word' id='word_1_825' title='bbox 3006 4854 3122 4892; x_wconf 84' lang='lat' dir='ltr'><strong><em>cum</em></strong></span> <span class='ocrx_word' id='word_1_826' title='bbox 3145 4836 3293 4893; x_wconf 68' lang='lat' dir='ltr'><strong><em>lisse</em></strong></span> <span class='ocrx_word' id='word_1_827' title='bbox 3320 4846 3477 4908; x_wconf 87' lang='lat' dir='ltr'><strong><em>atque</em></strong></span> 
     </span>
    </p>
   </div>
   <div class='ocr_carea' id='block_1_103' title="bbox 2455 4910 3109 4979">
    <p class='ocr_par' dir='ltr' id='par_1_103' title="bbox 2455 4910 3109 4979">
     <span class='ocr_line' id='line_1_103' title="bbox 2455 4910 3109 4979; baseline -0.005 -15"><span class='ocrx_word' id='word_1_828' title='bbox 2455 4910 2752 4964; x_wconf 76' lang='lat' dir='ltr'><strong><em>Abralumlo</em></strong></span> <span class='ocrx_word' id='word_1_829' title='bbox 2780 4910 3109 4979; x_wconf 80' lang='lat' dir='ltr'><strong><em>loquebatur.</em></strong></span> 
     </span>
    </p>
   </div>
   <div class='ocr_carea' id='block_1_104' title="bbox 2066 4997 3575 5077">
    <p class='ocr_par' dir='ltr' id='par_1_104' title="bbox 2066 4997 3575 5077">
     <span class='ocr_line' id='line_1_104' title="bbox 2066 4997 3575 5077; baseline -0.009 -15"><span class='ocrx_word' id='word_1_830' title='bbox 2066 5004 2331 5077; x_wconf 88' lang='lat' dir='ltr'><strong><em>Cognosci</em></strong></span> <span class='ocrx_word' id='word_1_831' title='bbox 2361 5010 2539 5071; x_wconf 87' lang='lat' dir='ltr'><strong><em>potest</em></strong></span> <span class='ocrx_word' id='word_1_832' title='bbox 2577 5001 2708 5055; x_wconf 89' lang='lat' dir='ltr'><strong><em>illud</em></strong></span> <span class='ocrx_word' id='word_1_833' title='bbox 2753 5016 2818 5055; x_wconf 81' lang='lat' dir='ltr'><strong><em>ex</em></strong></span> <span class='ocrx_word' id='word_1_834' title='bbox 2887 5000 2976 5054; x_wconf 88' lang='lat' dir='ltr'><strong><em>illa</em></strong></span> <span class='ocrx_word' id='word_1_835' title='bbox 3011 5015 3131 5053; x_wconf 91' lang='lat' dir='ltr'><strong><em>cum</em></strong></span> <span class='ocrx_word' id='word_1_836' title='bbox 3163 4998 3311 5054; x_wconf 77' lang='lat' dir='ltr'><strong><em>Mose</em></strong></span> <span class='ocrx_word' id='word_1_837' title='bbox 3330 4997 3575 5053; x_wconf 80' lang='lat' dir='ltr'><strong><em>collocu-</em></strong></span> 
     </span>
    </p>
   </div>
   <div class='ocr_carea' id='block_1_105' title="bbox 1999 5090 3574 5162">
    <p class='ocr_par' dir='ltr' id='par_1_105' title="bbox 1999 5090 3574 5162">
     <span class='ocr_line' id='line_1_105' title="bbox 1999 5090 3574 5162; baseline -0.008 -8"><span class='ocrx_word' id='word_1_838' title='bbox 1999 5100 2165 5154; x_wconf 91' lang='lat' dir='ltr'><strong><em>tione.</em></strong></span> <span class='ocrx_word' id='word_1_839' title='bbox 2199 5097 2292 5152; x_wconf 87' lang='lat' dir='ltr'><strong><em>Ait</em></strong></span> <span class='ocrx_word' id='word_1_840' title='bbox 2333 5096 2477 5150; x_wconf 87' lang='lat' dir='ltr'><strong><em>enim</em></strong></span> <span class='ocrx_word' id='word_1_841' title='bbox 2514 5092 2796 5162; x_wconf 82' lang='lat' dir='ltr'><strong><em>Scriptura</em></strong></span> <span class='ocrx_word' id='word_1_842' title='bbox 2825 5110 2841 5148; x_wconf 90' lang='lat'><strong><em>:</em></strong></span> <span class='ocrx_word' id='word_1_843' title='bbox 2877 5092 2945 5146; x_wconf 85' lang='lat' dir='ltr'><strong><em>Et</em></strong></span> <span class='ocrx_word' id='word_1_844' title='bbox 2987 5092 3196 5146; x_wconf 88' lang='lat' dir='ltr'><strong><em>locutus</em></strong></span> <span class='ocrx_word' id='word_1_845' title='bbox 3222 5100 3299 5145; x_wconf 85' lang='lat' dir='ltr'><strong><em>est</em></strong></span> <span class='ocrx_word' id='word_1_846' title='bbox 3332 5090 3467 5144; x_wconf 87' lang='lat' dir='ltr'><strong><em>Deus</em></strong></span> <span class='ocrx_word' id='word_1_847' title='bbox 3495 5090 3574 5142; x_wconf 68' lang='lat' dir='ltr'><strong><em>ad</em></strong></span> 
     </span>
    </p>
   </div>
   <div class='ocr_carea' id='block_1_106' title="bbox 2000 5184 3575 5256">
    <p class='ocr_par' dir='ltr' id='par_1_106' title="bbox 2000 5184 3575 5256">
     <span class='ocr_line' id='line_1_106' title="bbox 2000 5184 3575 5256; baseline -0.006 -11"><span class='ocrx_word' id='word_1_848' title='bbox 2000 5192 2222 5255; x_wconf 73' lang='lat' dir='ltr'><strong><em>Mosem,</em></strong></span> <span class='ocrx_word' id='word_1_849' title='bbox 2254 5197 2303 5244; x_wconf 88' lang='lat' dir='ltr'><strong><em>et</em></strong></span> <span class='ocrx_word' id='word_1_850' title='bbox 2339 5188 2470 5242; x_wconf 71' lang='lat' dir='ltr'><strong><em>dixit</em></strong></span> <span class='ocrx_word' id='word_1_851' title='bbox 2506 5186 2587 5240; x_wconf 90' lang='lat' dir='ltr'><strong><em>illi</em></strong></span> <span class='ocrx_word' id='word_1_852' title='bbox 2639 5202 2657 5240; x_wconf 88' lang='lat'><strong><em>:</em></strong></span> <span class='ocrx_word' id='word_1_853' title='bbox 2698 5184 2811 5256; x_wconf 78' lang='lat' dir='ltr'><strong><em>Ego</em></strong></span> <span class='ocrx_word' id='word_1_854' title='bbox 2849 5184 3140 5251; x_wconf 81' lang='lat' dir='ltr'><strong><em>Dominus,</em></strong></span> <span class='ocrx_word' id='word_1_855' title='bbox 3172 5192 3220 5239; x_wconf 90' lang='lat' dir='ltr'><strong><em>et</em></strong></span> <span class='ocrx_word' id='word_1_856' title='bbox 3248 5184 3390 5238; x_wconf 77' lang='lat' dir='ltr'><strong><em>visus</em></strong></span> <span class='ocrx_word' id='word_1_857' title='bbox 3425 5199 3575 5249; x_wconf 74' lang='lat' dir='ltr'><strong><em>sum,</em></strong></span> 
     </span>
    </p>
   </div>
   <div class='ocr_carea' id='block_1_107' title="bbox 399 5361 1900 5450">
    <p class='ocr_par' dir='ltr' id='par_1_107' title="bbox 399 5374 1900 5450">
     <span class='ocr_line' id='line_1_107' title="bbox 399 5374 1900 5450; baseline 0.001 -21"><span class='ocrx_word' id='word_1_858' title='bbox 399 5381 457 5440; x_wconf 56' lang='grc' dir='ltr'><em>ἧς</em></span> <span class='ocrx_word' id='word_1_859' title='bbox 490 5374 590 5431; x_wconf 82' lang='lat' dir='ltr'><strong><em>Ed.</em></strong></span> <span class='ocrx_word' id='word_1_860' title='bbox 624 5375 828 5444; x_wconf 88' lang='lat' dir='ltr'><strong><em>Paris.,</em></strong></span> <span class='ocrx_word' id='word_1_861' title='bbox 857 5393 979 5450; x_wconf 86' lang='lat' dir='ltr'><strong><em>pag.</em></strong></span> <span class='ocrx_word' id='word_1_862' title='bbox 1010 5380 1134 5437; x_wconf 78' lang='grc'>157.</span> <span class='ocrx_word' id='word_1_863' title='bbox 1209 5379 1253 5410; x_wconf 76' lang='grc'><strong>⁸⁸</strong></span> <span class='ocrx_word' id='word_1_864' title='bbox 1280 5378 1476 5449; x_wconf 84' lang='lat' dir='ltr'><strong><em>Ephes.</em></strong></span> <span class='ocrx_word' id='word_1_865' title='bbox 1500 5393 1585 5443; x_wconf 88' lang='grc' dir='ltr'>ιιι,</span> <span class='ocrx_word' id='word_1_866' title='bbox 1622 5375 1817 5445; x_wconf 71' lang='lat'><strong><em>18,19.</em></strong></span> <span class='ocrx_word' id='word_1_867' title='bbox 1892 5374 1900 5401; x_wconf 82' lang='lat'>‘</span> 
     </span>
    </p>
   </div>
   <div class='ocr_carea' id='block_1_108' title="bbox 2001 5361 3505 5450">
    <p class='ocr_par' dir='ltr' id='par_1_108' title="bbox 2001 5361 3505 5435">
     <span class='ocr_line' id='line_1_108' title="bbox 2001 5361 3505 5435; baseline -0.009 -8"><span class='ocrx_word' id='word_1_868' title='bbox 2001 5386 2106 5428; x_wconf 86' lang='lat' dir='ltr'><strong><em>.uc.</em></strong></span> <span class='ocrx_word' id='word_1_869' title='bbox 2133 5384 2252 5435; x_wconf 82' lang='lat' dir='ltr'><strong><em>vm,</em></strong></span> <span class='ocrx_word' id='word_1_870' title='bbox 2292 5366 2380 5423; x_wconf 81' lang='lat' dir='ltr'><strong><em>io.</em></strong></span> <span class='ocrx_word' id='word_1_871' title='bbox 2456 5365 2503 5398; x_wconf 73' lang='lat'>“</span> <span class='ocrx_word' id='word_1_872' title='bbox 2526 5365 2701 5421; x_wconf 76' lang='lat' dir='ltr'><strong><em>Exod.</em></strong></span> <span class='ocrx_word' id='word_1_873' title='bbox 2730 5380 2812 5431; x_wconf 85' lang='grc' dir='ltr'>ιιι,</span> <span class='ocrx_word' id='word_1_874' title='bbox 2846 5364 2933 5420; x_wconf 75' lang='grc' dir='ltr'><strong><em>ιι.</em></strong></span> <span class='ocrx_word' id='word_1_875' title='bbox 3011 5362 3062 5396; x_wconf 56' lang='grc' dir='ltr'>δι</span> <span class='ocrx_word' id='word_1_876' title='bbox 3085 5361 3293 5420; x_wconf 87' lang='lat' dir='ltr'><strong><em>Coloss.</em></strong></span> <span class='ocrx_word' id='word_1_877' title='bbox 3323 5377 3364 5421; x_wconf 88' lang='grc' dir='ltr'><strong><em>ι.</em></strong></span> <span class='ocrx_word' id='word_1_878' title='bbox 3400 5362 3505 5418; x_wconf 78' lang='lat' dir='ltr'><strong><em>l5.</em></strong></span> 
     </span>
    </p>
   </div>
   <div class='ocr_carea' id='block_1_109' title="bbox 398 5594 1662 5672">
    <p class='ocr_par' dir='ltr' id='par_1_109' title="bbox 398 5594 1662 5672">
     <span class='ocr_line' id='line_1_109' title="bbox 398 5594 1662 5672; baseline 0.002 -18"><span class='ocrx_word' id='word_1_879' title='bbox 398 5598 477 5672; x_wconf 72' lang='lat' dir='ltr'><strong><em>(ti)</em></strong></span> <span class='ocrx_word' id='word_1_880' title='bbox 513 5599 823 5672; x_wconf 67' lang='grc' dir='ltr'>ζνῴσεως.</span> <span class='ocrx_word' id='word_1_881' title='bbox 856 5599 1013 5655; x_wconf 84' lang='lat' dir='ltr'><strong><em>Deest</em></strong></span> <span class='ocrx_word' id='word_1_882' title='bbox 1045 5594 1265 5672; x_wconf 71' lang='grc' dir='ltr'>Χριστῷ</span> <span class='ocrx_word' id='word_1_883' title='bbox 1293 5605 1389 5672; x_wconf 78' lang='lat' dir='ltr'><strong><em>aut</em></strong></span> <span class='ocrx_word' id='word_1_884' title='bbox 1415 5597 1553 5670; x_wconf 83' lang='grc' dir='ltr'>Θεῷ.</span> <span class='ocrx_word' id='word_1_885' title='bbox 1593 5597 1662 5656; x_wconf 79' lang='grc' dir='ltr'>Μ.</span> 
     </span>
    </p>
   </div>
   <div class='ocr_carea' id='block_1_110' title="bbox 399 5666 1609 5811">
    <p class='ocr_par' dir='ltr' id='par_1_110' title="bbox 399 5666 1609 5811">
     <span class='ocr_line' id='line_1_110' title="bbox 399 5666 1609 5811; baseline 0.003 -90"><span class='ocrx_word' id='word_1_886' title='bbox 399 5666 478 5811; x_wconf 51' lang='lat'><strong><em>(‘7;</em></strong></span> <span class='ocrx_word' id='word_1_887' title='bbox 517 5668 685 5736; x_wconf 82' lang='lat' dir='ltr'><strong><em>Vulgo</em></strong></span> <span class='ocrx_word' id='word_1_888' title='bbox 711 5666 800 5736; x_wconf 79' lang='grc' dir='ltr'><strong><em>τίς</em></strong></span> <span class='ocrx_word' id='word_1_889' title='bbox 832 5685 955 5727; x_wconf 86' lang='lat' dir='ltr'><strong><em>mos</em></strong></span> <span class='ocrx_word' id='word_1_890' title='bbox 1000 5666 1160 5738; x_wconf 79' lang='lat' dir='ltr'><strong><em>vulgo</em></strong></span> <span class='ocrx_word' id='word_1_891' title='bbox 1189 5666 1609 5726; x_wconf 62' lang='grc' dir='ltr'>ἀναπλάσσοντα</span> 
     </span>
     <span class='ocr_line' id='line_1_111' title="bbox 399 5740 1055 5811; baseline 0.003 -18"><span class='ocrx_word' id='word_1_892' title='bbox 399 5742 454 5808; x_wconf 70' lang='lat'><strong><em>(8</em></strong></span> <span class='ocrx_word' id='word_1_893' title='bbox 508 5740 676 5811; x_wconf 79' lang='lat' dir='ltr'><strong><em>Vulgo</em></strong></span> <span class='ocrx_word' id='word_1_894' title='bbox 697 5740 786 5811; x_wconf 78' lang='grc' dir='ltr'>δή.</span> <span class='ocrx_word' id='word_1_895' title='bbox 1049 5762 1055 5768; x_wconf 57' lang='grc' dir='ltr'>δ</span> 
     </span>
    </p>
   </div>
   <div class='ocr_carea' id='block_1_111' title="bbox 399 5740 1055 5812">
    <p class='ocr_par' dir='ltr' id='par_1_111' title="bbox 399 5740 1055 5812">
     <span class='ocr_line' id='line_1_112' title="bbox 399 5740 1055 5812; baseline 0.003 -19"><span class='ocrx_word' id='word_1_896' title='bbox 399 5740 478 5811; x_wconf 70' lang='lat'><strong><em>(8)</em></strong></span> <span class='ocrx_word' id='word_1_897' title='bbox 508 5740 676 5811; x_wconf 79' lang='lat' dir='ltr'><strong><em>Vulgo</em></strong></span> <span class='ocrx_word' id='word_1_898' title='bbox 697 5740 786 5812; x_wconf 79' lang='grc' dir='ltr'>δή.</span> <span class='ocrx_word' id='word_1_899' title='bbox 1049 5762 1055 5768; x_wconf 70' lang='lat'><strong><em>~</em></strong></span> 
     </span>
    </p>
   </div>
   <div class='ocr_carea' id='block_1_112' title="bbox 2068 5582 3380 5665">
    <p class='ocr_par' dir='ltr' id='par_1_112' title="bbox 2068 5582 3380 5665">
     <span class='ocr_line' id='line_1_113' title="bbox 2068 5582 3380 5665; baseline -0.011 -15"><span class='ocrx_word' id='word_1_900' title='bbox 2068 5594 2144 5665; x_wconf 92' lang='lat'><strong><em>(9)</em></strong></span> <span class='ocrx_word' id='word_1_901' title='bbox 2165 5592 2273 5665; x_wconf 71' lang='lat' dir='ltr'><strong><em>Kal</em></strong></span> <span class='ocrx_word' id='word_1_902' title='bbox 2304 5584 2901 5665; x_wconf 42' lang='grc' dir='ltr'><strong><em>τοῦτοεῖηρνηιεκθ</em></strong></span> <span class='ocrx_word' id='word_1_903' title='bbox 2930 5587 3027 5642; x_wconf 82' lang='grc' dir='ltr'><strong><em>καί</em></strong></span> <span class='ocrx_word' id='word_1_904' title='bbox 3054 5585 3247 5657; x_wconf 82' lang='grc' dir='ltr'>τούτῳ.</span> <span class='ocrx_word' id='word_1_905' title='bbox 3288 5582 3380 5641; x_wconf 69' lang='grc' dir='ltr'>Μ..</span> 
     </span>
    </p>
   </div>
   <div class='ocr_carea' id='block_1_113' title="bbox 2070 5656 2795 5737">
    <p class='ocr_par' dir='ltr' id='par_1_113' title="bbox 2070 5656 2795 5737">
     <span class='ocr_line' id='line_1_114' title="bbox 2070 5656 2795 5737; baseline -0.012 -18"><span class='ocrx_word' id='word_1_906' title='bbox 2070 5656 2183 5737; x_wconf 69' lang='grc' dir='ltr'>ζίθ)</span> <span class='ocrx_word' id='word_1_907' title='bbox 2218 5663 2385 5733; x_wconf 74' lang='lat' dir='ltr'><strong><em>Vulgo</em></strong></span> <span class='ocrx_word' id='word_1_908' title='bbox 2416 5657 2633 5733; x_wconf 68' lang='grc' dir='ltr'>ἱλέγων]</span> <span class='ocrx_word' id='word_1_909' title='bbox 2664 5656 2795 5729; x_wconf 79' lang='grc' dir='ltr'>ἐγώ.</span> 
     </span>
    </p>
   </div>
  </div>
