4160 6444
609 334 716 392 955

611 453 898 507 Abraham,
926 452 975 500 et
999 442 1180 504 Isaac,
1203 447 1251 493 et
1279 437 1408 491 Jaco

609 544 857 618 patribus
924 532 1261 606 apparuisse.
1329 526 1554 596 Quando
1619 532 1794 576 autem
1865 512 2174 618 apparuerit

611 603 892 703 Scriptura
939 603 1127 690 docet,
1159 621 1443 690 inquiens,
1482 612 1737 684 Apparuit
1769 609 1909 664 Deus
1948 603 2175 660 Abraha:

608 727 679 782 ad
709 697 956 794 quercum
988 715 1224 772 Mambre
1248 754 1264 777 ,
1292 713 1414 765 dum
1457 710 1655 762 sederet
1687 705 1754 758 ad
1789 703 1979 756 ostium
2007 697 2178 752 taber-

613 815 789 870 naculi
817 813 900 867 sui
932 810 1002 864 “.
1033 809 1148 875 Qua
1181 817 1358 859 autem
1401 802 1596 870 ﬁgura,
1623 800 1726 852 nisi
1760 798 1993 851 humana
2021 807 2180 860 appa-

610 907 761 964 ruit?
803 904 934 971 Quis
966 912 1145 958 autem
1186 898 1278 953 ille
1309 906 1452 951 esset
1477 933 1492 957 ,
1540 893 1640 946 nisi
1675 890 1840 944 Filius
1870 886 1999 949 Dei,
2029 897 2085 939 ut
2120 885 2175 937 in

613 996 906 1068 Evangelio
934 995 1050 1066 ipse
1077 992 1236 1046 docet
1285 988 1499 1043 J’udzeos
1551 985 1860 1052 alloquens,
1913 980 2176 1033 Abraham

616 1091 780 1146 Pater
807 1098 973 1143 vester
1001 1083 1282 1140 exsultavit
1315 1092 1371 1134 ut
1417 1077 1610 1132 videret
1651 1078 1787 1128 diem
1811 1085 2017 1126 meum:
2052 1071 2178 1124 vidit

613 1194 809 1248 autem,
849 1191 895 1234 et
921 1179 1132 1248 gavisus
1160 1186 1234 1228 est
1263 1172 1306 1203 ⁸⁷
1341 1190 1354 1224 :
1391 1170 1634 1224 attonitis
1661 1177 1840 1220 autem
1871 1165 1936 1218 ad
1975 1177 2180 1217 sermo-

619 1290 742 1330 nem
796 1271 903 1326 illis
950 1267 1190 1336 adjecit,
1231 1263 1545 1332 Priusquam
1592 1259 1858 1312 Abraham
1899 1265 2050 1321 esset,
2093 1270 2180 1324 ego

615 1359 823 1424 sum".
874 1363 974 1419 Ubi
1005 1378 1156 1416 suam
1205 1357 1570 1427 liquidissima
1592 1351 2044 1423 przeexisteutiam
2089 1346 2184 1401 do-

618 1470 724 1516 cet.
753 1458 893 1525 Quid
951 1456 1093 1509 enim
1129 1451 1274 1505 aliud
1325 1447 1596 1502 intitnavit
1645 1444 1733 1497 illa
1764 1443 1928 1497 dictio
1955 1481 1969 1505 ,
2024 1456 2183 1510 quam

621 1552 763 1622 quod
803 1551 1028 1619 ipsemet
1057 1545 1227 1600 Filius
1248 1543 1336 1597 Dei
1365 1543 1560 1602 fueral,
1582 1544 1812 1609 quicum
1845 1537 1990 1590 Mose
2011 1535 2187 1603 loque-

617 1646 775 1697 batur
796 1651 850 1694 et
879 1638 1110 1699 dicebat,
1150 1633 1260 1704 Ego
1284 1649 1422 1694 sum,
1452 1630 1545 1700 qui
1575 1646 1688 1682 sum
1715 1631 1739 1684 ?
1769 1627 1900 1682 Nam
1947 1641 2007 1681 se
2059 1624 2185 1692 qui-

617 1739 738 1791 dem
767 1735 1074 1789 Abrabamo
1106 1731 1274 1783 visum
1336 1727 1583 1781 allirmal.
1618 1725 1736 1780 Jam
1788 1723 2017 1793 qualiter
2065 1730 2185 1776 erat
2214 1760 2256 1816 Β

622 1831 722 1896 Qui
749 1839 845 1893 est,
876 1836 1150 1881 ostensum
1185 1832 1286 1875 est.
1317 1819 1420 1875 Sed
1450 1829 1502 1872 et
1536 1831 1761 1885 magnus
1792 1815 1878 1869 ille
1910 1812 2183 1884 apostolus

619 1921 857 1979 Paulus,
903 1917 1147 1987 agnoscit
1203 1913 1394 1967 Filium
1453 1912 1542 1964 Dei
1598 1908 1795 1962 factum
1832 1907 2183 1961 mediatorem

617 2013 752 2082 legis
781 2027 877 2081 per
905 2009 1102 2065 Mosem
1132 2008 1288 2068 datm,
1326 2005 1378 2058 in
1413 2002 1607 2074 quibus
1643 2001 1901 2069 loquitur,
1929 1998 2039 2052 Lex
2074 2007 2187 2050 tra-

618 2107 729 2158 dita
754 2122 844 2173 per
866 2103 1076 2172 angelos
1109 2103 1164 2154 in
1217 2115 1376 2151 manu
1410 2095 1738 2150 mediatoris.
1773 2093 1897 2148 Jam
1929 2094 2187 2146 mediator

617 2198 775 2251 unius
809 2213 908 2250 non
933 2205 1030 2258 est,
1060 2193 1197 2245 Deus
1223 2199 1397 2243 autem
1421 2204 1555 2242 unus
1584 2199 1656 2242 est
1685 2187 1752 2240 δ’.
1790 2192 1848 2250 ›Ῑ‹
1876 2185 1950 2240 lta
1981 2184 2184 2238 Inedia-

618 2303 704 2348 tor
729 2291 974 2361 erat,,qui
1007 2289 1412 2359 colloquebatnr
1438 2284 1589 2347 Mosi,
1615 2284 1777 2336 etiam
1811 2290 1936 2334 ante
1969 2292 2183 2332 carnem

617 2394 973 2452 assumptam,
1009 2381 1274 2435 mediator
1297 2379 1546 2432 humanas
1571 2375 1780 2428 salutis.
1831 2372 1984 2426 Hunc
2021 2372 2186 2424 fuisse

618 2493 781 2548 porro
830 2475 1012 2532 Iesum
1049 2475 1322 2530 Christum
1361 2471 1551 2527 statuit
1577 2469 1868 2540 Apostolus
1896 2465 2183 2534 inquiens,

622 2565 771 2622 Unus
805 2566 985 2632 Deus,
1036 2582 1170 2618 unus
1222 2565 1483 2617 mediator
1531 2561 1624 2615 Dei
1672 2571 1828 2625 atque
1876 2557 2184 2616 hominum,

618 2661 772 2713 homo
799 2659 954 2712 Iesus
987 2657 1228 2711 Christus
1258 2657 1324 2709 '°.
1357 2653 1493 2708 Hinc
1531 2653 1694 2723 igitur
1732 2647 2091 2720 personaliter
2121 2647 2187 2698 de

629 2753 928 2808 sc-locutus
973 2762 1055 2806 est
1094 2751 1233 2819 apud
1271 2750 1494 2814 Mosen),
1533 2746 1643 2815 Ego
1665 2761 1779 2799 sum
1811 2745 1878 2809 δ’,
1920 2745 2035 2799 sive
2087 2739 2187 2793 iuit

617 2842 804 2907 Pater,
837 2843 927 2912 qui
984 2858 1080 2913 per
1116 2858 1237 2896 eum
1288 2842 1427 2894 lianc
1455 2839 1638 2894 emisit
1667 2851 1853 2890 vocem
1908 2853 1922 2889 :
1981 2836 2187 2888 ntrovis

621 2933 781 2988 modo
833 2947 918 2986 res
955 2941 1037 2986 est
1079 2947 1199 2984 cum
1230 2931 1459 2985 veritate
1513 2929 1824 2998 conjuncta.
1880 2923 1957 2979 Ne
1985 2925 2188 2980 luerent

623 3037 753 3090 ergo
790 3021 966 3074 adhuc
989 3018 1272 3072 Marcellus
1301 3057 1317 3083 ,
1363 3015 1718 3072 inextricabili
1748 3030 1897 3079 usus,
1929 3012 2187 3082 quemad-

1278 316 1548 373 EL'SliBli
1586 304 2060 369 CxESARlENSIS
2097 298 2246 355 OPP.
2290 295 2467 350 PARS
2505 292 2598 349 IV.
2638 321 2706 332 —
2746 281 3166 344 DOGMATICA.

1415 437 1441 485 b
1466 435 1532 486 ⁵⁵.
1577 430 1735 484 Vides
1759 437 1818 482 ut
1845 440 1904 482 se
1939 421 2169 477 affirmat

2290 411 2421 480 Ἐγὼ
2449 409 2677 477 Κύριος,
2693 404 2790 458 καὶ
2812 395 3142 486 ὤφθηνμ-ιξ
3159 389 3306 486 πρὸς
3319 381 3849 486 falfpdq

3733 267 3844 326 9'58

2289 469 2485 556 ’Ic'adx
2510 469 2606 550 νέαι
2624 469 2773 562 έτρῶς
2809 469 3037 549 Ἰακὼϐ,
3058 481 3188 542 Θεὸς
3215 477 3288 531 ὣν
3311 473 3485 529 αὐτῶν
3510 471 3640 562 (η).
3673 469 3848 562 foes;

2278 592 2424 652 ὅπως
2452 583 2628 656 ὦφθαι
2653 559 2840 638 ἑαυτὸν
2858 581 2970 641 τοῖς
2990 572 3255 646 πατράσιν
3278 568 3401 638 ἔφη.
3425 564 3562 656 Πότε

2279 651 2437 733 πάλιν
2458 680 2491 750 ἠ
2509 651 2698 749 Ϋραφὴ
2721 671 2984 744 μαρτυρεί
3009 667 3238 756 λέγονσα
3259 658 3491 756 ζᾭεοίξη
3518 652 3704 756 θὶς-(15)

2272 789 2403 840 ριος
2426 773 2457 823 ό
2480 743 2730 832 Deberi?
2765 760 3029 830 Ἀϐραὰμ,
3053 755 3201 824 πρὸς
3226 751 3302 820 τῇ
3327 747 3460 840 δριξῒ

2281 831 2624 930 καθημένου
2669 853 2858 910 αὑτοῦ
2881 850 3028 921 πρὸς
3056 846 3128 915 τῇ
3151 845 3318 912 θύρᾳ.
3347 837 3470 900 Πῶς
3751 831 3852 930 5.1.-

2279 953 2383 1016 λως
2469 949 2576 1022 (14)
2613 953 2670 1003 ὲν
2693 950 2930 1018 σχήματι
2965 936 3317 1013 ἀνθρωπίνῳ;
3358 930 3480 1023 τίνα
3502 927 3560 1023 οὲ
3581 925 3700 1023 (-151
3741 921 3852 1023 χρῇ

2281 1042 2552 1097 πιστεύειν
2577 1036 2714 1093 εἶναι
2740 1035 2946 1097 τοῦτον,
2973 1032 3006 1102 ἢ
3028 1031 3122 1083 τὸν
3147 1026 3272 1080 Υἱδν
3290 1021 3391 1077 τοῦ
3408 1019 3564 1082 Θεοῦ,
3591 1017 3620 1070 ὃ
3655 1017 3720 1084 δὴ
3751 1013 3850 1066 καλ⁵

2284 1135 2444 1198 αὐτὸς
2465 1136 2520 1186 ὲν
2544 1127 2893 1198 Εὑαγγελίοις
2922 1123 3158 1195 παρίστη
3190 1115 3362 1183 λέγων
3391 1111 3527 1182 πρὸς
3553 1108 3677 1170 τοὺς
3716 1106 3852 1158 Ἴου-

2282 1228 2497 1290 δαίουςο
2539 1223 2786 1292 Ἀϐραὰμ
2821 1223 2852 1273 ό
2883 1214 3075 1283 πατὴρ
3103 1209 3268 1280 ὑμῶν
3295 1198 3856 1292 ἠγαλλιάσατοηὴα

2286 1317 2382 1384 ιδῃ
2405 1287 2519 1383 τὴν
2789 1308 2900 1380 (16)
2928 1305 3040 1374 τὴν
3068 1300 3241 1371 ἐμὴν,
3259 1297 3354 1351 καὶ
3374 1291 3495 1351 εἶδε
3640 1287 3852 1384 ἐχάρη.

2286 1378 2410 1460 Ὅτι
2439 1378 2534 1461 καὶ
2558 1378 2954 1474 θαῦμασάντων
3000 1395 3090 1448 ἐπὶ
3132 1390 3210 1462 τῷ
3234 1388 3397 1457 λόγῳ,
3419 1381 3738 1474 ,προσέθηκε
3767 1378 3874 1441 τὸ,

2285 1497 2436 1564 Πρὶν
2481 1473 2738 1564 Ἀϐραὰμ
2767 1488 3041 1562 γενέσθαι
3095 1479 3209 1552 ἐγώ
3258 1481 3397 1547 ειμι,
3432 1476 3539 1564 τὴν
3564 1473 3856 1564 προϋπαρ-

2290 1560 2368 1652 et}
2402 1560 2598 1640 ἑαυτοῦ
2634 1560 2904 1655 παριστὰς
2934 1576 3250 1630 λευκότατα.
3298 1568 3362 1621 Τί
3394 1567 3458 1638 δὴ
3482 1560 3857 1631 οῦνρσυνίστητ-

2289 1698 2372 1734 σιν
2407 1681 2436 1733 ὁ
2466 1679 2622 1746 λόγος
2646 1652 2780 1746 (Π),
2815 1673 2848 1743 ἢ
2895 1669 3052 1724 αὐτὸν
3104 1661 3241 1718 εἶναι
3273 1661 3370 1713 τὸν
3399 1657 3526 1711 Υίδν
3564 1654 3662 1710 τοῦΔ
3685 1652 3855 1746 θεοῦ,

2282 1772 2373 1824 τὸν
2406 1767 2816 1841 χρηματίσαντα
2844 1761 2921 1832 τῷ
2943 1761 3148 1822 Μωσεῖ,
3180 1754 3272 1809 καὶ
3302 1751 3577 1841 είρηκότα,

2279 1881 2345 1933 μι
2545 1879 2561 1924 ;
2592 1859 2752 1920 αὐτὸς
2782 1855 2890 1926 γὰρ
2917 1852 2994 1924 τῷ
3033 1847 3280 1921 Ἀϐραὰμ
3321 1837 3494 1910 ὦφθαι
3527 1839 3715 1893 ἑαυτὸν
3747 1836 3858 1890 ἐδί-

2283 1930 2454 2020 δαξεν.
2513 1953 2702 2012 Ὅπως
2758 1948 2816 2000 δὲ
2867 1942 2934 2017 ἦν
2989 1943 3149 2006 αὐτὸς
3189 1945 3222 1996 ὀ
3259 1940 3343 1994 ὢν
3387 1939 3618 2010 εἴρηται.
3675 1930 3782 1984 Καὶ

2289 2047 2460 2118 μέγας
2505 2043 2560 2097 δὲ
2615 2038 2912 2102 ἀπόστολος
2962 2033 3172 2098 Παῦλος
3193 2028 3302 2086 οἶδε
3337 2032 3427 2085 τὸν
3445 2029 3571 2082 Υἱδν
3598 2023 3691 2078 τοῦ
3721 2019 3858 2118 Θεοῦ

2289 2109 2513 2211 μεσίτην
2537 2133 2825 2203 γενόμενον
2845 2129 2943 2199 τῆς
2966 2127 3054 2181 διὰ
3077 2125 3318 2188 Μωσέως
3339 2119 3677 2194 νομοθεσίας,
3700 2118 3757 2169 ὲν
3778 2109 3862 2177 οἷς

2284 2205 2524 2283 διδάσκει
2543 2223 2734 2291 λέγων,
2771 2220 2832 2271 '0
2866 2218 3047 2286 νόμος
3073 2213 3368 2284 διαταγεὶς
3397 2211 3470 2265 δι’
3497 2209 3764 2278 ἀγγέλων
3792 2205 3864 2258 ἐν

2285 2319 2434 2391 χειρὶ
2480 2315 2760 2385 μεσίτου·
2789 2313 2820 2364 ὁ
2850 2308 2918 2362 δὲ
2940 2307 3192 2377 μεσίτης
3221 2304 3358 2370 ἑνὸς
3381 2304 3490 2357 οὐκ
3530 2296 3861 2391 ἕστετξμδ)Ζ

2286 2383 2493 2463 Boios;
2522 2406 2550 2458 ὁ
2592 2399 2938 2475 χρηματίσας
2982 2396 3059 2468 τῷ
3102 2396 3289 2450 Maias!
3333 2395 3362 2447 ὁ
3411 2390 3637 2462 μεσίτης
3657 2383 3756 2458 ἦν,
3800 2383 3864 2448 ἐξ

2287 2500 2492 2554 ἐκείνου
2516 2493 2813 2567 μεσιτεύων
2840 2494 2906 2562 τῇ
2929 2489 3036 2542 τῶν
3064 2484 3364 2558 ἀνθρώπων
3393 2480 3654 2553 σωτηρίᾳ,
3679 2478 3804 2548 πρὶν

2285 2591 2382 2662 τὴν
2412 2591 2588 2659 σάρκα
2617 2584 2926 2640 ἀναλαϐεῖν.
2952 2580 3152 2634 Τοῦτον
3171 2577 3228 2631 δὲ
3245 2572 3383 2630 εἶναι
3410 2571 3615 2662 Ἰησοῦν
3631 2567 3864 2662 Χριστον

2285 2686 2313 2736 ὁ
2341 2653 2500 2745 αὐτὸς
2541 2677 2859 2738 Ἀπόστολος
2888 2673 3197 2746 παρέστησε
3213 2669 3409 2740 φήσας,
3451 2659 3558 2729 Εἷς
3589 2661 3752 2727 Θεὸς,
3775 2653 3865 2724 εἷς

2287 2776 2384 2829 καὶ
2400 2773 2652 2843 μεσίτης
2674 2769 2820 2824 Θεοῦ
2845 2768 2941 2820 καὶ
2957 2762 3298 2831 ἀνθρώπων,
3313 2760 3620 2827 ἅνθρωπος
3633 2750 3867 2820 Ἰησοῦς

2285 2864 2553 2933 Χριστός.
2581 2861 2693 2914 Εἶτ’
2745 2854 2838 2912 οὖν
2893 2857 2949 2923 ἐξ
2996 2853 3158 2910 αὑτοῦ
3190 2848 3479 2924 προσώπου
3515 2846 3726 2914 λέγοιτο
3761 2859 3867 2896 πα-

2288 2932 2356 3027 ρά
2377 2955 2580 3017 Μωσεϊ,
2603 2951 2664 3005 τὸ
2704 2948 2848 3020 Ἐγώ
2883 2952 2998 3017 ειμι
3034 2950 3066 3000 ό
3101 2944 3208 3011 ὢν,
3236 2943 3334 2997 εἴθ’
3363 2942 3392 2992 ὁ
3420 2935 3607 3009 Πατὴρ
3629 2932 3720 3008 ἦν,
3747 2937 3775 2989 ὁ
3796 2934 3863 2989 δι’

2287 3043 2448 3098 αὑτοῦ
2477 3042 2678 3114 ταύτην
2707 3041 3026 3112 προϊέμενος
3057 3037 3158 3107 τὴν
3189 3033 3393 3104 φωνὴν,
3431 3033 3704 3102 ἑκατέρως
3735 3028 3867 3098 ἀλητ-

621 3112 841 3166 modum
873 3110 988 3180 ipse
1013 3120 1181 3175 retur,
1218 3109 1528 3180 syllogismo
1569 3108 1657 3161 ubi
1690 3107 1879 3161 scribit
1912 3105 2003 3177 [Β.
2030 3103 2184 3159 LVlll

2294 3135 2440 3189 θεύοι
2491 3135 2556 3188 ἂν
2591 3103 2830 3199 δ’λόγὸς.
2870 3103 2978 3199 ’Μὴ
3017 3128 3081 3197 δὴ
3114 3103 3211 3179 εδ.
3248 3124 3522 3193 ἀπορείτω
3552 3120 3867 3194 Μάρκελλος

623 3203 748 3259 coll.
779 3220 832 3274 p.
868 3203 971 3257 150
996 3200 1061 3273 1)]
1093 3220 1104 3254 :
1139 3201 1466 3268 «Quemnam
1489 3199 1599 3266 jam
1614 3199 1890 3254 existimat
1919 3213 2038 3252 esse
2067 3213 2190 3253 eum

629 3313 649 3348 ι
687 3295 952 3358 Asterius,
982 3295 1072 3363 qui
1095 3293 1250 3356 dixit,
1280 3292 1389 3361 Ego
1420 3307 1535 3346 sum
1564 3292 1588 3344 τ’
1632 3291 1902 3346 Filiumne
1925 3332 1940 3356 ,
1992 3307 2058 3345 an
2090 3289 2192 3344 Pa-

628 3406 648 3440 ι
689 3387 876 3442 trem?
928 3387 1169 3441 inferens
1203 3384 1396 3439 deinde
1443 3400 1457 3438 :
1514 3385 1572 3438 Si
1614 3383 1831 3452 quidem
1875 3383 2038 3438 Pater
2074 3392 2193 3436 erat

629 3499 649 3534 ι
688 3479 775 3547 qui
806 3479 886 3534 sic
914 3478 1210 3547 inquiebat,
1245 3478 1356 3544 Ego
1385 3491 1537 3539 sum,
1592 3485 1702 3528 tum
1755 3490 1858 3528 non
1896 3483 1980 3528 est
2025 3473 2194 3528 Filius

629 3591 648 3627 ι
698 3572 855 3633 Deus,
893 3569 1034 3638 quod
1067 3583 1132 3622 ex
1161 3567 1407 3636 ορμοείιο
1431 3605 1446 3630 ,
1477 3563 1598 3620 Non
1627 3566 1921 3620 exsistentis
1948 3604 1963 3628 ,
2023 3566 2091 3620 de
2135 3578 2193 3618 se

631 3682 650 3715 ι
693 3663 847 3728 dixit,
887 3660 996 3729 Ego
1023 3677 1162 3713 sum.
1213 3657 1269 3710 Si
1321 3657 1516 3712 Filium
1550 3657 1824 3728 bypostasi
1856 3657 2192 3711 dill'erentem

633 3775 652 3810 ι
693 3763 793 3812 Ιιοο
818 3759 989 3825 ipsum
1011 3755 1299 3825 protulisse
1327 3752 1492 3814 dicat,
1527 3749 1639 3820 Ego
1671 3766 1810 3815 sum,
1845 3750 1984 3804 idem
2007 3763 2195 3803 rursus

631 3874 650 3906 ι
694 3853 762 3907 dc
822 3852 984 3909 Patre
1051 3864 1344 3919 usurpasse
1422 3847 1845 3902 existimabitur.
1907 3865 1926 3897 ι
1991 3845 2192 3900 Horum

629 3944 945 3999 utrumlibet
976 3943 1123 3996 dicat
1146 3942 1370 4012 impium
1397 3949 1482 3993 est
1517 3957 1529 3993 :
1565 3949 1616 3993 et
1655 3948 1834 3992 tamen
1868 3939 1982 3992 haec
2012 3937 2083 3990 ita
2105 3937 2193 3992 ubi

629 4045 932 4098 statuerat,
983 4034 1301 4088 alterutrum
1355 4033 1470 4101 ipse
1532 4032 1582 4085 in
1636 4032 1925 4086 absurdum
1981 4030 2192 4098 incidit,

627 4141 798 4181 unum
843 4126 968 4179 dum
992 4127 1180 4179 statuit
1213 4139 1333 4178 esse
1363 4139 1485 4178 eum
1542 4124 1646 4189 Qui
1676 4133 1777 4189 est,
1815 4122 2043 4178 alterum
2083 4137 2198 4192 per-

628 4233 855 4289 negaris.
885 4217 1051 4285 Quem
1095 4232 1222 4271 vero
1271 4217 1530 4270 tandem?
1587 4216 1725 4271 forte
1768 4217 1880 4285 ipse
1928 4217 2095 4269 novit.
2137 4214 2194 4269 Si

627 4311 844 4367 Patrem
893 4311 1163 4372 admittat,
1225 4309 1442 4378 negabit
1474 4307 1668 4361 Filium
1731 4325 1744 4360 :
1811 4318 1904 4361 aut
1938 4306 2074 4361 Filio
2102 4306 2197 4360 ad-

2296 3223 2637 3296 συλλογισμῷ
2679 3221 2980 3294 χρώμενος,
3035 3219 3110 3281 ὼς
3166 3217 3358 3280 οίεται,
3411 3215 3662 3285 ἀφύκτῳ,
3711 3212 3776 3264 δι’
3804 3201 3868 3262 οὗ

2293 3335 2447 3389 φησι,
2471 3337 2488 3367 ‹
2513 3317 2646 3369 Τίνα
2663 3314 2838 3367 τοίνυν
2858 3311 2948 3364 τὸν
2977 3307 3114 3378 Ἐγώ
3134 3311 3251 3376 εὶμι
3278 3311 3311 3361 o'
3331 3306 3416 3360 ὢν
3433 3307 3658 3376 λέγοντα
3685 3301 3870 3360 Ἀστέτ-

2300 3429 2316 3460 ι
2359 3425 2467 3480 ριος
2493 3403 2631 3459 εἶναι
2657 3405 2824 3458 οἴεται
2849 3418 2863 3467 ;
2889 3400 2978 3453 τὸν
3004 3398 3132 3451 Υἱὸν
3163 3398 3195 3468 ἢ
3224 3396 3317 3451 τὸν
3346 3397 3592 3468 Πατέρα;
3619 3389 3718 3446 εἷθ’
3739 3391 3870 3480 ἑξῆς

2300 3517 2317 3548 ι
2359 3472 2623 3564 συνάγων,
2676 3493 2749 3555 ὼς
2792 3493 2840 3544 εἰ
2878 3490 2974 3561 μὲν
3026 3489 3053 3540 ὁ
3092 3487 3282 3558 Πατὴρ
3321 3488 3405 3559 εἴη
3451 3488 3479 3541 ὁ
3513 3485 3606 3550 ὢν,
3646 3485 3746 3537 οὐκ
3788 3472 3870 3538 ἔτ’

2300 3609 2317 3641 ι
2361 3589 2506 3643 ἔσται
2534 3589 2561 3641 ὁ
2579 3585 2703 3648 Υἱὸς
2729 3583 2880 3647 Θεὸς,
2913 3583 2994 3636 δτι
3012 3582 3130 3635 κατ’
3147 3579 3546 3650 ἀντιδιαστολὴν
3570 3577 3663 3630 τοῦ
3684 3575 3759 3648 μὴ
3776 3576 3873 3633 6v,-

2302 3701 2320 3733 ι
2359 3699 2468 3744 τος,
2505 3681 2533 3731 ὁ
2571 3677 2645 3731 ὢν
2671 3675 2862 3729 ἑαυτὸν
2903 3670 3043 3727 εἷναί
3084 3690 3265 3742 φησιν.
3298 3674 3361 3725 Et
3398 3672 3457 3727 δὲ,
3485 3671 3593 3742 (19)
3618 3668 3709 3722 τὸν
3743 3668 3874 3722 Υἱὺν

2301 3791 2318 3823 ι
2361 3769 2654 3824 ὑποστάσει
2679 3766 3006 3837 διῃρημένον
3034 3764 3190 3818 τοῦτο
3213 3765 3411 3834 φάσκοι
3437 3762 3612 3830 λέγειν
3639 3760 3700 3813 τὸ
3733 3758 3873 3828 Ἐγώ

2302 3881 2319 3914 ι
2357 3865 2471 3931 ειμι
2493 3864 2523 3914 ό
2549 3858 2652 3921 ὢν,
2684 3857 2877 3911 ταύτὸν
2901 3852 3054 3920 αὖθις
3076 3855 3316 3927 περὶτοῦ
3344 3855 3556 3924 Πατρὸς
3580 3852 3756 3921 λέγειν
3781 3869 3872 3904 νο-

2302 3973 2320 4007 (
2367 3952 2707 4025 μισθήσεται.
2745 3969 2762 4001 ι
2819 3949 3107 4020 Ἑκάτερον
3139 3948 3196 4001 δὲ
3221 3946 3421 4000 τούτων
3445 3946 3658 4008 ἀσεϐές.
3687 3943 3871 3998 Ταῦτα

2295 4047 2351 4098 δὲ
2394 4044 2564 4110 λέγων
2609 4044 2637 4095 ὁ
2673 4041 2854 4104 αὐτὸς,
2894 4041 3135 4112 ἐκατέρῳ
3181 4039 3598 4110 περιπέπτωκεν
3646 4037 3866 4107 ἀτόπῳ·

2295 4136 2393 4190 ἕνα
2421 4136 2518 4205 μὲν
2547 4132 2858 4206 ὁριζόμενος
2893 4127 3027 4184 εἶναι
3058 4131 3147 4184 τὸν
3167 4131 3318 4195 ὄντα,
3339 4129 3565 4201 θάτερον
3595 4129 3651 4182 δὲ
3678 4127 3875 4199 ἀρνοῦ-

2281 4221 2478 4300 μενος.
2515 4228 2622 4280 Καὶ
2654 4225 2771 4279 τίνα
2803 4224 2989 4278 τοῦτον
3013 4224 3174 4288 αὐτὸς
3213 4223 3278 4278 ἂν
3312 4223 3514 4293 εἰδείης
3542 4223 3604 4275 Ei
3640 4221 3748 4293 γάρ
3780 4221 3870 4275 τὸν

2298 4321 2515 4391 Πατέρα
2557 4318 2702 4382 δοὺς,
2737 4317 2828 4370 τὸν
2858 4316 2985 4369 Υἱὸν
3015 4317 3308 4387 ἀρνήσεται
3327 4333 3342 4347 ’
3374 4315 3410 4386 ἢ
3430 4315 3520 4367 τὸν
3552 4314 3677 4367 Υίὸν
3710 4314 3870 4383 μόνον

628 4404 794 4458 misso
819 4443 834 4469 ,
876 4402 1199 4455 anniliilabit
1250 4401 1486 4454 Patrem.
1528 4399 1621 4452 Vel
1665 4399 1841 4468 potius
1881 4413 2057 4467 neque
2091 4397 2188 4452 Pa-

2300 4409 2760 4483 παραδεξάμενος,
2785 4407 3039 4479 ἀθετήσει
3066 4408 3157 4460 τὸν
3182 4407 3419 4477 Πατέρα·
3452 4405 3647 4476 μᾶλλον
3669 4405 3726 4458 δὲ
3747 4402 3871 4457 οὕτε

631 4509 766 4553 trem
804 4497 1044 4567 posuisse
1078 4510 1251 4563 neque
1278 4491 1472 4546 Filium
1498 4491 1863 4554 convincetur,
1889 4505 2008 4543 cum
2027 4504 2192 4544 unum

629 4590 800 4645 solum
826 4589 1092 4652 admittat,
1129 4585 1358 4638 altermn
1389 4591 1658 4639 amoveal.
1704 4581 1993 4651 Utcunque
2027 4583 2191 4637 Deum

627 4683 810 4736 audiat
832 4681 1121 4739 dicentem,
1148 4677 1258 4745 Ego
1283 4674 1535 4728 Dominus
1574 4675 1710 4727 Deus
1747 4684 1888 4739 tuus,
1916 4676 2008 4744 qui
2034 4676 2193 4729 eduxi

628 4785 678 4830 te
714 4776 777 4827 de
826 4783 964 4826 terra
995 4769 1244 4839 Egypti,
1277 4769 1341 4822 de
1376 4769 1527 4822 domo
1570 4769 1872 4833 servitutis,
1903 4785 2005 4822 non
2043 4777 2193 4822 erunt

627 4869 721 4924 tibi
753 4869 828 4921 dii
847 4866 941 4920 alii
971 4881 1150 4919 coram
1182 4879 1262 4918 me
1282 4863 1327 4894 ⁵³
1361 4880 1372 4915 :
1401 4875 1467 4916 ne
1491 4861 1984 4927 conturbetur,nec
2012 4871 2192 4919 mente

697 5064 754 5122 Ψ
789 5059 883 5113 Ed.
919 5059 1113 5118 Paris.,
1140 5073 1263 5124 pag.
1297 5058 1418 5112 158.
1494 5058 1538 5089 ⁸⁸
1564 5057 1731 5112 Exod.
1771 5071 1844 5122 vn,
1866 5057 1921 5118 ἓ,
1949 5059 2002 5112 5.

630 5142 713 5194 Ill,
763 5129 847 5190 19.
882 5129 976 5182 20.
1069 5127 1158 5181 σοι
1191 5129 1426 5183 Timoth.
1457 5143 1517 5191 tt,
1545 5128 1599 5184 5.
1673 5127 1717 5158 ³⁸
1763 5127 1932 5182 Exod.
1968 5128 2162 5194 111,14.

702 5283 811 5352 (11)
837 5281 1006 5353 Vulgo
1029 5283 1216 5354 ὤφθην
1240 5283 1323 5354 τῷ
1344 5282 1493 5354 Ἀϐρ.
1511 5282 1604 5335 καὶ
1625 5281 1702 5354 τῷ
1735 5283 1829 5336 ‘lo.

855 5336 997 5420 Θειῗς
1031 5336 1136 5408 si»;
1159 5336 1243 5407 r'ln
1289 5336 1473 5423 Exodo
1502 5336 1714 5423 additur
1747 5354 1947 5419 αὐτῶν,
1981 5364 2124 5410 recte
2180 5371 2194 5408 :

632 5421 909 5492 legendum
929 5442 1054 5493 ergo
1077 5428 1182 5479 hic.
1209 5425 1340 5487 Θεὸς
1365 5421 1439 5476 ὣν
1468 5422 1666 5494 αῦτῶν.
1685 5425 1867 5494 Ὁρᾷς,
1895 5441 2020 5493 non,
2055 5435 2112 5481 ut
2144 5426 2196 5480 iu

631 5497 817 5553 codice
850 5497 970 5566 fuit,
997 5492 1096 5548 θὼν.
1130 5497 1304 5566 At)th
1330 5496 1482 5566 ὁρᾷς.
1505 5492 1574 5549 Μ.

707 5566 818 5634 (15)
846 5565 1014 5632 Vulgo
1041 5582 1145 5618 om.
1187 5565 1265 5618 δέ.

710 5636 822 5705 (ιι)
856 5636 992 5688 Ἀλλ’
1022 5639 1079 5688 ἐν
1107 5635 1210 5704 Μμ.

711 5705 824 5773 (15)
858 5707 1024 5774 Vulgo
1050 5707 1136 5776 δή.

707 5777 818 5849 (16)
846 5778 970 5832 Ἵνα
1025 5776 1122 5844 ἴδῃ
1153 5776 1265 5847 τὴν
1311 5777 1557 5848 ἡμέραν.
1589 5775 1702 5833 Non
1750 5778 1965 5834 memmi
2012 5777 2202 5849 lcgissc

2301 4503 2540 4574 Πατέρα,
2571 4499 2692 4556 οὔτε
2718 4500 2844 4553 Υἱὸν
2866 4497 3020 4562 εἰδὼς
3046 4499 3454 4570 ἐλεγχθήσεται,
3483 4499 3576 4554 ἕνα
3602 4497 3760 4568 μόνον
3788 4495 3871 4548 δι-

2301 4595 2443 4658 δοὺς,
2481 4595 2568 4647 τὸν
2596 4594 2652 4647 δὲ
2691 4593 2874 4665 ἕτερον
2899 4590 3136 4645 ²ἐκποδὼν
3171 4591 3427 4663 μεθιστὰς
3446 4608 3459 4621 ·
3490 4591 3593 4644 κᾶν
3614 4588 3787 4661 ἀκούῃ
3811 4587 3870 4640 δὲ

2300 4687 2547 4756 λέγοντος
2578 4685 2670 4739 τοῦ
2703 4684 2858 4752 Θεοῦ,
2896 4683 3037 4754 Ἐγὼ
3069 4685 3282 4752 Κύριος
3303 4688 3335 4737 ὁ
3354 4686 3497 4750 Θεός
3534 4697 3671 4746 σου,
3705 4685 3737 4736 ό
3757 4680 3868 4752 (‘20)

2298 4776 2600 4847 ἐξαγαγών
2620 4791 2692 4831 σε
2712 4777 2780 4831 ἐκ
2806 4774 3251 4846 γῆςΑὶγύπτου,
3282 4776 3350 4840 ἐξ
3372 4776 3538 4829 οἴκου
3567 4773 3867 4838 δουλείας,

2301 4873 2409 4924 οὐκ
2432 4870 2675 4925 ἔσονταί
2706 4884 2804 4924 σοι
2825 4868 2946 4925 θεοὶ
2967 4867 3152 4938 ἕτεροι
3172 4867 3340 4937 πλὴν
3358 4867 3524 4937 ἐμοῦ.
3555 4865 3722 4920 Πάλιν
3748 4866 3871 4919 κάν·

2079 5058 2125 5090 “
2157 5060 2292 5114 Gen.
2325 5075 2481 5120 xvm,
2522 5059 2573 5112 1.
2649 5057 2693 5088 ⁸⁷
2725 5054 2881 5110 Joan.
2912 5070 3030 5119 vut,
3053 5053 3141 5110 56.
3217 5053 3264 5086 ⁸⁸
3297 5054 3425 5110 ibid.
3453 5053 3541 5110 48.
3617 5055 3662 5087 “
3690 5053 3865 5110 Galat.

2264 5129 2308 5161 ⁸¹
2332 5129 2506 5187 Exod.
2544 5145 2639 5194 xx,
2666 5128 2724 5194 2,
2755 5127 2823 5191 5;
2855 5124 3031 5179 Levit.
3059 5140 3168 5191 xix,
3192 5125 3282 5180 36.

2305 5284 2430 5338 alibi
2459 5285 2596 5362 hanc
2641 5280 3178 5362 interpretationem;
3214 5295 3320 5362 non
3352 5281 3580 5362 habetur
3605 5282 3744 5334 inter
3777 5297 3871 5337 eas

2301 5369 2435 5479 siuas
2467 5351 2959 5476 multassgoit'gessit
2979 5351 3381 5406 eruditissimus
3408 5351 3764 5417 Maldonatus,
3797 5356 3866 5406 ad

2335 5440 2455 5477 oan.
2494 5439 2614 5479 vm.
2714 5462 2726 5473 .
2802 5461 2816 5473 .

2369 5442 2455 5476 an.
2494 5440 2614 5485 vm,
2641 5440 2816 5476 00.1“.
3888 5454 3892 5462 .

2373 5493 2875 5579 (I3)th:'l‘0t'n0.tt'
2927 5493 3210 5579 aurorae.
3255 5489 3456 5560 Nempe
3483 5492 3626 5561 quod
3661 5490 3870 5550 locutus

2302 5561 2388 5620 est
2415 5565 2573 5622 Deus,
2612 5561 2750 5630 Ἐγὼ
2784 5562 2918 5630 εἰμι.
2948 5561 3017 5630 Μ.

2377 5632 2487 5702 (18)
2522 5631 2644 5702 Mss.
2681 5627 2709 5684 ὃ
2739 5632 2793 5684 δὲ
2815 5627 2945 5695 Θεὸς
2966 5627 3046 5695 εἷς
3069 5630 3234 5684 ἔστιν.

2378 5700 2489 5768 (19)
2521 5701 2686 5771 Vulgo
2712 5702 2772 5773 δή
2795 5742 2807 5763 ,
2847 5719 2967 5756 nmx
2999 5702 3153 5773 vulgo
3182 5700 3499 5772 ἀρνήσηταί.

2381 5773 2491 5846 (⁸20)
2520 5770 2686 5842 Vulgo
2721 5789 2826 5827 om.
2856 5773 2900 5825 ὁ.

2401 5783 2491 5842 ‘20)
2525 5783 2686 5842 Vulgo
2721 5789 2826 5827 om.
2856 5783 2900 5825 ο.
