4160 6444
360 405 465 461 937

1287 410 1376 465 DE
1418 408 1959 469 ECCLESIASTICA
1990 410 2381 472 THEOLOGIA
2406 414 2535 474 LIB.
2576 414 2629 474 η.

3502 422 3606 480 958

358 521 532 577 ταϋθα
567 522 641 594 μὴ
668 524 1016 596 ταραττέσθω
1034 524 1133 597 τὴν
1158 524 1356 596 ψυχὴν,
1385 526 1523 580 ἀλλὰ
1542 527 1635 581 καὶ
1667 526 1777 582 τῶν
1810 526 1918 600 ἑξῆς

2041 510 2295 599 trepidet,
2328 532 2421 587 sed
2463 532 2711 587 attendat
2739 547 2862 603 quae
2895 543 3197 606 sequuntur
3222 537 3424 594 statim.
3469 538 3604 597 Cum

362 616 720 685 συνημμένων
748 616 1020 669 ἀκουέτω·
1047 614 1214 670 εἰπὼν
1245 618 1373 689 γὰρ,
1414 620 1535 672 Οὐκ
1563 618 1809 673 ἔσονταί
1836 635 1937 675 σοι

359 706 480 760 θεοὶ
539 706 725 776 ἕτεροι
769 707 935 775 πλὴν
966 707 1131 777 ἐμοῦ,
1189 709 1496 779 ἐπήγαγεν⁸
1540 712 1621 764 Οὐ
1662 709 1935 778 ποιήσεις

357 797 999 868 σεαυτῷ(ἓ1)εἵδωλον,
1023 799 1166 853 οὐδὲ
1186 799 1412 866 παντὸς
1426 802 1708 871 ὁμοίωμα,
1730 802 1848 857 ὅσα
1866 804 1936 858 ἐν

356 885 438 950 τῷ
463 887 694 955 οὐρανῷ
714 888 854 955 ἄνω,
873 889 970 943 καὶ
983 888 1100 943 ὅσα
1120 890 1192 943 ἐν
1212 891 1288 960 τῇ
1306 890 1381 961 τῇ
1409 892 1586 958 κάτω,
1609 895 1704 948 καὶ
1732 894 1849 949 ὅσα
1863 896 1934 950 ἐν

354 981 481 1046 τοῖς
506 981 725 1035 ὕδασιν
748 979 1022 1036 ὑποκάτω
1049 980 1161 1051 τῆς
1179 982 1313 1053 γῆς.
1353 985 1435 1039 Οὐ
1482 988 1933 1056 προσκυνήσεις

354 1073 582 1140 αὐτοῖς,
596 1072 827 1144 assem.
838 1074 1189 1143 λατρεύσεις
1202 1074 1425 1141 αὐτοῖς,
1438 1074 1552 1145 ἐγὼ
1564 1076 1675 1147 γάρ
1689 1081 1806 1149 ειμι
1816 1081 1934 1134 Κύ-

347 1183 483 1234 ριος
509 1165 541 1219 ὁ
568 1167 709 1230 Θεός
733 1181 872 1231 σου,
925 1167 1143 1235 Κύριος
1162 1166 1447 1235 ζηλωτής.
1484 1169 1645 1241 Ὁρᾷς
1669 1171 1816 1236 ὅπως
1849 1172 1927 1227 δι-

355 1258 632 1311 εστέλλετο
647 1258 777 1330 (22),
787 1258 860 1331 μὴ
876 1262 942 1331 τῇ
962 1259 1070 1312 τῶν
1086 1259 1254 1315 ἐθνῶν
1269 1260 1516 1333 πολυθέῳ
1536 1263 1710 1337 πλάνῃ
1725 1281 1929 1319 συναπ-

353 1347 602 1417 ἁγεσθαι,
627 1350 787 1421 μόνον
813 1350 870 1404 δὲ
898 1352 1059 1405 αὐτὸν
1083 1352 1281 1407 εἰδέναι
1306 1354 1438 1407 Θεὸν
1461 1355 1554 1408 καὶ
1581 1355 1804 1426 Κύριον.
1834 1357 1928 1421 Τίς

351 1440 398 1494 δ’
428 1437 521 1495 οὖν
562 1434 752 1507 οὖτος;
791 1443 849 1496 '0
870 1443 996 1507 Υἱὸς
1015 1444 1111 1516 τὴν
1134 1445 1318 1499 εἰκόνα
1346 1447 1439 1501 τοῦ
1474 1449 1686 1519 Πατρὸς
1705 1448 1843 1519 ἔχων
1867 1450 1926 1502 ὲν

352 1532 549 1605 ἑαυτῷ,
586 1532 643 1599 ἐξ
676 1532 984 1598 αὐθεντεεας
1022 1552 1081 1587 τε
1118 1535 1282 1591 αὑτοῦ
1324 1540 1438 1599 τοῖς
1486 1538 1925 1612 εὶδωλολατρείαν

352 1624 568 1677 νοσοῦσι
599 1624 771 1678 ταῦτα
797 1624 1229 1697 διαταττόμενος.
1271 1627 1357 1691 Ὡς
1383 1629 1491 1703 γὰρ
1524 1629 1700 1683 πάντα
1727 1630 1794 1684 δι’
1828 1631 1926 1684 αὐ-

351 1714 447 1768 τοῦ
473 1714 707 1784 ἐγένετο,
738 1715 831 1768 τοῦ
850 1716 1063 1788 Πατρὸς
1086 1716 1171 1770 διὰ
1197 1717 1290 1772 τοῦ
1313 1719 1562 1793 Σωτῆρος
1582 1721 1679 1793 τὴν
1696 1722 1804 1774 τῶν
1827 1739 1923 1792 γε-

352 1806 529 1876 νητῶν
571 1806 826 1861 ἁπάντων
874 1808 1060 1862 οὐσίαν
1096 1808 1208 1881 (23)
1251 1810 1718 1883 ὑποστησαμένου,
1749 1811 1922 1877 οὕτως

2037 621 2185 675 enim
2221 622 2432 677 dixerat
2462 663 2477 686 ,
2536 622 2662 679 Non
2708 635 2859 679 erunt
2906 627 3003 680 tibi
3044 627 3121 680 dii
3147 628 3241 682 alii
3280 641 3473 700 praeter
3499 650 3604 699 me,

2037 711 2342 777 subintulit,
2379 711 2505 768 Non
2535 716 2695 783 [acies
2726 716 2823 770 tibi
2851 716 3050 771 idolum
3075 758 3091 784 ,
3118 733 3281 789 neque
3310 737 3509 777 onmem
3532 727 3606 779 si-

2036 804 2388 859 militudinem
2420 822 2596 859 eorum
2626 824 2743 877 qua:
2771 817 2897 862 sunt
2926 809 2980 863 in
3006 810 3133 863 caelo
3174 827 3402 878 sursum,
3435 825 3525 868 aut
3547 816 3604 870 in

2034 907 2176 951 terra
2207 898 2476 965 deorsum,
2510 909 2742 970 antqua:
2776 903 2970 955 suntin
3007 904 3155 966 aquis
3184 906 3360 960 subter
3374 916 3600 972 terram;

2034 1003 2138 1041 non
2168 988 2414 1042 adorabis
2445 988 2561 1054 illa,
2602 1006 2705 1044 non
2731 991 2979 1047 inservies
3011 993 3141 1057 illis,
3178 994 3286 1065 Ego
3320 996 3601 1051 enimsunt

2032 1079 2294 1133 Dominus
2332 1079 2474 1134 Deus
2519 1094 2671 1147 tuus,
2708 1082 2845 1137 Deus
2876 1085 3067 1139 zelotes
3094 1086 3161 1142 ⁵³.
3196 1085 3356 1144 Vides
3376 1097 3435 1144 ut
3460 1104 3599 1160 prae-

2031 1167 2236 1239 ceperit
2262 1168 2313 1222 id
2339 1169 2534 1234 solum,
2566 1186 2635 1225 ne
2662 1174 2729 1226 ab
2756 1189 2942 1228 errore
2976 1176 3261 1245 gentilitio,
3283 1179 3350 1233 de
3372 1179 3597 1234 deorum

2032 1260 2395 1326 multitudine,
2455 1264 2854 1319 abducerentur
2882 1306 2897 1331 ,
2932 1268 3030 1321 sed
3064 1268 3236 1323 solum
3289 1270 3462 1339 ipsum
3495 1272 3600 1325 Do-

2030 1352 2233 1406 miuum
2271 1364 2431 1423 atque
2466 1354 2628 1408 Deum
2689 1368 3065 1425 agnoscerent.
3118 1358 3250 1425 Quis
3297 1370 3415 1415 erat
3447 1362 3598 1416 iste?

2029 1460 2222 1514 nempe
2249 1445 2417 1501 Filius
2454 1445 2626 1501 Patris
2679 1448 2965 1517 imaginem
3014 1449 3069 1504 in
3113 1465 3172 1505 se
3219 1451 3422 1509 habens
3455 1471 3471 1508 :
3503 1453 3595 1524 qui

2027 1550 2125 1604 pro
2176 1551 2271 1589 sua
2325 1552 2484 1606 quam
2543 1538 2727 1592 habuit
2775 1541 3100 1596 auctoritate
3151 1543 3449 1600 idololatris
3490 1547 3595 1602 ista

2027 1624 2080 1679 in
2135 1627 2404 1681 mandatis
2454 1627 2621 1682 dedit.
2680 1628 2812 1682 Nam
2881 1638 2940 1683 ut
2992 1632 3174 1686 omnia
3222 1632 3383 1688 Pater
3431 1634 3594 1691 fecis-

2025 1731 2085 1771 se
2140 1714 2338 1771 dicitur
2400 1733 2495 1787 per
2564 1716 2905 1774 Servatorem
2940 1761 2954 1786 ,
3013 1721 3104 1789 qui
3170 1724 3406 1793 suscepit
3461 1740 3592 1778 om-

2025 1808 2172 1862 nium
2228 1808 2582 1862 substantiam
2643 1824 2765 1878 qua:
2827 1820 3210 1878 generantur;
3272 1812 3344 1865 ita
3405 1822 3459 1867 et
3526 1819 3587 1878 ›Ῑ‹

268 1948 273 1949 ,
352 1875 512 1960 αύτὸς
537 1892 605 1967 ἦν
631 1898 659 1950 ὁ
692 1897 880 1969 [ἰατὴρ
906 1897 1005 1969 τὴν
1034 1875 1115 1962 εἰς
1131 1875 1294 1953 αύτὸν
1324 1875 1524 1971 γνῶσίν
1537 1875 1610 1957 ’τε
1642 1875 1735 1958 καὶ
1761 1875 1918 1959 suae;

2021 1899 2135 1969 ipse
2177 1899 2335 1953 Pater
2365 1897 2465 1953 fuit
2511 1901 2600 1969 qui
2649 1875 2745 1970 per
2803 1875 2997 1955 Filium
3039 1903 3389 1957 mediatorem
3417 1944 3433 1970 ,
3467 1875 3580 1974 pie:

350 1986 501 2039 σειαν
536 1986 624 2041 διὰ
671 1987 889 2058 μεσίτου
937 1987 1029 2040 τοῦ
1066 1988 1195 2042 Υἱοῦ
1229 1991 1552 2063 παραδιδοὺς
1591 1992 1915 2064 ἀνθρώποις.

351 2078 531 2132 Τοῦτο
562 2078 619 2133 δὲ
649 2081 743 2133 καὶ
771 2081 800 2133 ὁ
843 2080 1165 2146 Ἀπὸστολος
1198 2083 1381 2146 αὐτοῖς
1411 2084 1618 2155 ῥήμασι
1654 2084 1920 2151 Γαλάταις

347 2170 574 2241 γράφων
599 2170 863 2235 ἐδίδασκε,
885 2171 951 2225 δι’
978 2167 1053 2227 ὧν
1079 2172 1182 2244 ἔφη
1199 2191 1214 2204 ·
1251 2174 1304 2226 '0
1330 2175 1513 2244 νόμος
1527 2175 1823 2246 διαταγεὶς
1842 2176 1916 2231 δι’

347 2263 620 2333 ἀγγέλων
646 2264 716 2317 ἐν
750 2262 899 2331 χειρὶ
923 2266 1174 2333 μεσίτου
1192 2282 1206 2296 ·
1229 2269 1263 2320 ό
1285 2264 1354 2320 δὲ
1368 2267 1618 2337 μεσίτης
1645 2268 1783 2335 ἐνὸς
1804 2271 1918 2325 οὐκ

348 2354 522 2408 ἔστιν
537 2371 552 2386 ο
582 2355 615 2408 ὁ
640 2353 710 2408 δὲ
729 2352 875 2420 Θεὸς
899 2349 989 2421 εἷς
1013 2356 1184 2411 ἐστιν
1206 2356 1342 2429 (24).
1368 2359 1490 2412 Κᾶν
1514 2358 1645 2433 λέγῃ
1664 2377 1678 2391 ·
1710 2360 1914 2426 Ἴδετε,

348 2444 439 2500 ὅτι
475 2444 587 2516 ἐγώ
615 2448 750 2516 ειμι,
787 2448 885 2503 καὶ
917 2450 1027 2503 οὐκ
1047 2449 1179 2504 ἐστι
1208 2449 1351 2517 Θεὸς
1398 2450 1566 2520 πλὴν
1611 2453 1777 2523 ἐμοῦ,
1813 2455 1918 2509 πά-

347 2535 431 2590 λιν
461 2537 489 2588 ὁ
522 2537 710 2608 Πατὴρ
736 2533 825 2609 ἦν,
854 2538 930 2603 ὡς
958 2537 1047 2592 διὰ
1074 2539 1279 2604 εἰκόνος
1305 2542 1398 2595 καὶ
1430 2543 1669 2613 μεσίτου,
1703 2544 1792 2599 διὰ
1820 2546 1946 2601 τοῦ·

348 2627 480 2682 Υἱοῦ
498 2628 653 2683 τοῦτο
669 2629 893 2699 φάσκων
913 2646 927 2660 ’
943 2631 1002 2685 οὐ
1015 2630 1122 2703 γὰρ
1131 2630 1194 2703 δὴ
1209 2630 1453 2700 λέγοντος
1470 2634 1568 2705 μὲν
1582 2634 1801 2690 Ἡσαΐου
1822 2636 1914 2691 τοῦ

347 2722 647 2789 προφήτου,
686 2722 859 2789 Υιοὺς
903 2723 1204 2794 ἐγέννησα
1227 2726 1324 2780 καὶ
1354 2726 1589 2795 ὕψωσα,
1616 2729 1709 2782 καὶ
1733 2729 1913 2796 πάλιν,

359 2810 594 2879 Ἰσραὴλ
610 2813 677 2867 δέ
698 2831 777 2883 με
800 2817 912 2869 οὐκ
944 2817 1116 2885 ἔγνω,
1143 2817 1238 2872 καὶ
1278 2818 1310 2872 ὸ
1344 2820 1495 2886 λαός
1517 2838 1594 2891 με
1624 2824 1695 2877 οὐ
1723 2822 1917 2892 συνῆ-

344 2920 435 2970 κε,
476 2905 569 2958 καὶ
600 2901 771 2971 αὖθις,
829 2907 969 2977 Ἐγὼ
997 2906 1147 2965 πᾶσι
1184 2911 1308 2979 τοῖς
1345 2912 1587 2982 ἄστροις
1620 2915 1914 2971 ἐνετειλά-

339 3012 484 3064 μην,
512 2996 622 3060 καὶ,
647 2994 726 3065 Τῇ
770 2998 922 3067 χειρί
960 3016 1082 3069 μου
1113 2999 1449 3071 ἐστερέωσα
1489 3004 1597 3059 τὸν
1629 3006 1909 3075 οὐρανὸν,

344 3084 438 3137 καὶ
468 3086 568 3139 ὅσα
604 3086 736 3141 ἄλλα
759 3089 1002 3157 τοιαῦτα,
1037 3091 1097 3144 ού
1134 3092 1225 3146 τὸν
1269 3094 1495 3151 Ἡσαΐαν
1534 3098 1704 3152 ταῦτα
1735 3099 1913 3169 λέγειν

347 3179 610 3248 φήσομεν,
641 3180 707 3232 δι’
730 3181 892 3234 αὐτοῦ
931 3183 987 3237 δὲ
1032 3184 1121 3239 τὸν
1164 3186 1222 3240 ὲν
1266 3187 1414 3259 αὐτῷ
1450 3187 1713 3244 λαλοῦντα
1749 3182 1910 3247 Θεόνο
1938 3226 1981 3285 c

344 3267 467 3338 οὐχὶ
493 3268 549 3321 δὲ
577 3270 670 3324 xa‘t
700 3271 790 3324 ἐπὶ
823 3271 913 3325 τοῦ
956 3274 1273 3343 μονογενοῦς
1293 3277 1425 3332 Υἱοῦ
1455 3278 1548 3333 τοῦ
1586 3280 1753 3346 Θεοῦ,
1780 3282 1913 3354 πρέ-

343 3373 437 3411 ποι
465 3358 530 3413 ἂν
557 3360 647 3414 τὸν
684 3361 898 3434 Πατέρα
916 3363 984 3417 δι’
1010 3364 1173 3419 αὑτοῦ
1198 3366 1394 3439 χρῆναι
1424 3368 1597 3424 ταῦτα
1623 3369 1914 3445 διαμαρτύ-

347 3447 540 3519 ρασθαι
571 3453 684 3514 τοῖς
706 3451 813 3505 τῶν
849 3451 1066 3507 τοιῶνδε
1098 3456 1569 3527 παραγγελμάτων
1605 3458 1909 3529 δεομένοις;

343 3536 719 3610 εἰδωλολάτραι
748 3540 793 3594 δ’
818 3536 958 3613 ἦσαν
976 3537 1140 3608 οὗτοι,
1174 3543 1249 3609 ὡς
1274 3546 1308 3616 ή
1337 3546 1475 3617 αὐτὴ
1503 3546 1742 3601 διδάσκει
1771 3549 1910 3621 Γρα-

342 3628 417 3700 ei)
449 3629 699 3699 λέγουσαν
732 3633 841 3686 Καὶ
874 3629 995 3688 εῐπε
1036 3634 1261 3707 Κύριος
1317 3655 1337 3688 ι
1364 3637 1477 3691 Ποῦ
1510 3639 1651 3691 εἰσιν
1702 3640 1751 3692 οἱ
1800 3639 1912 3694 Θεοὶ

346 3739 368 3772 ι
411 3722 619 3790 αὐτῶνς
676 3726 761 3794 ἐφ’
806 3721 887 3790 οἷς
930 3726 1313 3781 ἐπεποίθεισαν
1363 3729 1449 3781 ἐπ’
1492 3729 1694 3794 αὐτοῖς,
1745 3722 1820 3784 ὧν
1850 3730 1913 3785 τὸ

348 3831 367 3863 ι
410 3813 574 3886 στέαρ
596 3814 705 3870 τῶν
739 3817 938 3872 θυσιῶν
967 3817 1144 3871 αὐτῶν
1183 3818 1420 3888 ὴσθίετε,
1447 3820 1538 3874 καὶ
1571 3822 1782 3875 ὲπίνετε
1818 3822 1910 3877 τὸν

348 3922 367 3954 ι
408 3899 548 3958 οἶνον
599 3905 707 3960 τῶν
763 3908 1003 3963 σπονδῶν
1054 3909 1251 3965 αὐτῶν.
1324 3911 1756 3983 Ἀναστήτωσαν,
1814 3913 1912 3969 atat

349 4012 369 4046 ι
421 3994 839 4068 βοηθησάτωσαν
882 4000 1029 4070 ὑμῖν,
1071 4002 1165 4054 καὶ
1197 4001 1582 4074 γενηθήτωσαν
1606 4003 1755 4074 ὑμῶν
1782 4020 1910 4059 σκε-

348 4105 367 4139 s
412 4088 631 4142 πασταί.
688 4110 708 4143 ι
764 4092 985 4158 Τούτοις
1039 4093 1149 4166 γὰρ
1208 4095 1474 4166 συνῆπται
1527 4094 1623 4161 τὸ,
1653 4113 1672 4147 ι
1719 4097 1908 4162 Ἴδετε,

348 4197 368 4229 ι
406 4178 541 4233 ἴδετε
600 4181 684 4236 ὅτι
738 4183 847 4253 ἐγώ
908 4187 1045 4257 εἰμι,
1114 4185 1208 4239 καὶ
1278 4185 1380 4240 οὐκ
1435 4185 1548 4241 ἔστι
1598 4187 1730 4252 Θεὸς
1771 4187 1910 4260 πλὴν

348 4289 368 4322 ι
409 4271 567 4343 ἐμοῦ.
616 4292 637 4326 ι

738 4426 743 4434 ί
965 4369 1121 4425 xm.
1151 4369 1281 4426 KB'.

322 4458 471 4513 Ὅτι
496 4460 595 4515 και
625 4460 695 4515 ἐν
721 4461 843 4528 τοῖς
868 4461 1320 4536 προφήταις-διὰ
1346 4464 1452 4521 τοῦ
1482 4465 1620 4521 Υιοῦ
1648 4470 1682 4523 ὀ
1705 4465 1911 4536 Πατὴρ

929 4532 1310 4628 ἐθελοθρογεῖτο.
1398 4627 1403 4628 7
1542 4625 1557 4628 _
1604 4624 1628 4628 μ
1860 4532 1885 4536 ”
1934 4572 1980 4628 D

404 4619 526 4675 Κᾶν
544 4621 802 4693 μυριάκις
814 4620 991 4676 τοίνυν
1012 4621 1100 4676 διὰ
1117 4622 1212 4676 τοῦ
1233 4627 1510 4697 προφήτου
1534 4624 1670 4696 pou»;
1700 4628 1904 4700 φάσκῃ,

338 4711 513 4782 Πλὴν
537 4713 685 4783 ἐμοῦ
714 4716 825 4769 οὐκ
848 4714 979 4770 ἐστι
999 4715 1164 4782 Θεὸς,
1192 4717 1286 4770 καὶ
1312 4718 1479 4786 πλὴν
1491 4719 1637 4788 ἐμοῦ
1653 4721 1764 4773 οὐκ
1779 4719 1912 4775 ἐστι

334 4804 567 4873 δίκαιος
580 4805 679 4860 καὶ
698 4806 924 4876 Σωτὴρ,
969 4810 1062 4863 καὶ
1083 4808 1231 4863 Θεὸν
1260 4809 1428 4878 πλὴν
1438 4812 1583 4880 ἐμοῦ
1598 4812 1670 4866 οὐ
1686 4812 1909 4883 γνώσῃ,

335 4898 432 4950 καὶ
448 4897 651 4960 σώζων
679 4902 791 4954 οὐκ
822 4901 956 4955 ἔστι
980 4900 1173 4971 παρὲξ
1205 4901 1318 4974 (25)
1339 4902 1506 4973 ἐμοῦ,
1530 4906 1623 4959 καὶ
1655 4905 1755 4959 ὅσα
1777 4904 1911 4961 ἄλλα

333 4989 542 5053 τούτοις
582 4991 786 5061 ἀδελφὰ
823 4995 880 5048 ὲν
925 4996 1035 5058 τοῖς
1067 4992 1273 5059 λοιποῖς
1314 4995 1537 5066 φέρεται
1574 4998 1903 5068 προφήταις,

337 5081 484 5147 Θεὸς
500 5079 597 5151 ἦν,
619 5085 716 5138 καὶ
733 5084 803 5149 ἐξ
820 5086 1055 5141 ἐκείνου
1087 5086 1159 5141 ἐν
1182 5085 1412 5156 Χριστῷ
1436 5087 1668 5157 κόσμον
1681 5091 1905 5144 natal-

335 5171 591 5228 λάσσων
610 5176 822 5242 ἐαυτῷ,
842 5179 939 5234 καὶ
958 5179 1120 5243 αὐτὸς
1138 5175 1205 5250 ἦν
1237 5179 1267 5232 ὁ
1296 5179 1487 5251 Πατὴρ
1504 5179 1678 5235 ταῦτα
1694 5180 1783 5234 διὰ
1802 5179 1898 5235 τοῦ

338 5264 659 5337 μονογενοῦς
691 5266 844 5333 Υἱοῦ,
896 5264 983 5323 οἷα
1013 5271 1081 5325 δι’
1106 5271 1407 5344 ἑρμηνέως,
1439 5270 1743 5342 ἀνθρώποις
1766 5272 1899 5326 ὑπο-

2022 1999 2180 2046 tatem
2210 2001 2262 2045 et
2284 1991 2368 2045 sui
2405 1990 2766 2062 cognitionem
2800 1991 3113 2046 hominibus
3138 1992 3582 2048 communicavit.

2020 2082 2132 2137 lloc
2162 2082 2381 2137 tatidem
2415 2083 2612 2144 verbis,
2654 2083 2720 2137 ad
2751 2080 2977 2138 Galatas
3009 2084 3269 2139 scribens
3295 2083 3583 2153 Apostolus

2018 2173 2265 2238 docebat,
2297 2171 2406 2227 Lea:
2438 2173 2683 2227 ordinata
2734 2190 2828 2244 per
2867 2173 3076 2245 angelos
3116 2175 3170 2228 in
3201 2190 3360 2228 manu
3388 2176 3591 2230 media-

2018 2263 2170 2318 toris.
2212 2261 2480 2317 Mediator
2513 2272 2688 2316 autem
2725 2264 2885 2317 unius
2920 2278 3022 2317 non
3056 2272 3193 2347 est.:
3241 2262 3382 2318 Deus
3416 2274 3589 2318 autem

2016 2370 2150 2409 unus
2196 2364 2270 2408 est
2314 2352 2382 2409 “‘.
2444 2353 2511 2408 Et
2549 2354 2676 2409 alibi
2699 2354 2795 2420 ait,
2873 2351 3047 2408 Videte
3112 2354 3251 2424 quod
3311 2370 3403 2423 ego
3448 2370 3587 2421 sunt,

2015 2457 2064 2501 et
2094 2456 2284 2516 prwter
2321 2462 2402 2501 me
2439 2462 2543 2500 non
2573 2457 2649 2500 est
2689 2446 2826 2500 alius
2868 2444 3009 2500 Deus
3034 2445 3102 2499 ⁸³.
3146 2445 3304 2499 Pater
3344 2445 3433 2500 hic
3469 2455 3589 2500 erat

2017 2540 2108 2610 qui
2142 2553 2238 2608 per
2277 2538 2495 2602 Filium,
2525 2548 2782 2609 tanquam
2812 2537 3105 2608 imaginem
3135 2547 3192 2591 et
3227 2536 3581 2592 mediatorem

2017 2631 2122 2686 ista
2156 2630 2293 2685 dixit
2321 2647 2335 2684 :
2375 2645 2479 2684 non
2518 2629 2662 2684 enim
2707 2644 2829 2683 cum
2863 2626 3055 2682 Isaiam
3081 2627 3328 2681 audimus
3356 2626 3589 2696 prophe-

2018 2730 2123 2778 tam
2151 2722 2442 2787 dicentem,
2469 2718 2641 2774 Filios
2668 2721 2822 2789 genui
2855 2729 2903 2774 et
2934 2717 3156 2774 eaaltavi
3176 2717 3260 2783 ";
3290 2725 3344 2772 et
3366 2717 3586 2782 iterum,

2016 2813 2187 2868 Israel
2226 2823 2401 2867 autern
2430 2828 2510 2865 me
2541 2827 2643 2864 non
2675 2810 2935 2880 cognouit,
2962 2821 3011 2863 et
3041 2808 3263 2879 populus
3293 2823 3439 2862 meus
3481 2823 3587 2862 non

2015 2904 2374 2972 intellexit";
2406 2911 2462 2959 et
2509 2917 2716 2967 rursus,
2760 2893 3318 2956 Omnibus‘sideribus
3354 2915 3446 2970 ego
3486 2894 3587 2953 ins-

2014 2998 2233 3068 peravi;
2265 3005 2340 3064 et,
2363 3013 2523 3050 manu
2549 3013 2663 3049 mea
2692 2995 2897 3065 ﬁrmavi
2930 2994 3116 3049 caelum
3135 2994 3206 3060 ⁸⁸,
3236 3004 3289 3049 et
3315 3008 3435 3064 qua:
3461 3002 3588 3049 sunt

2012 3089 2246 3156 similia;
2270 3103 2375 3143 non
2408 3088 2477 3143 ab
2496 3087 2629 3143 lsaia
2657 3087 2783 3155 ista,
2813 3087 3055 3157 inquam,
3086 3085 3298 3155 prolata
3316 3087 3583 3153 dicemus,

2014 3184 2109 3239 sed
2134 3197 2165 3237 a
2198 3182 2305 3238 Deo
2333 3198 2387 3237 tn
2417 3183 2533 3251 ipso
2576 3182 2850 3250 loquente.
2880 3180 3145 3248 Quocirca
3175 3181 3351 3236 eritne
3395 3181 3585 3237 incon-

2013 3289 2207 3345 gruum
2248 3273 2475 3335 dixisse,
2508 3273 2723 3328 Patrem
2768 3286 2865 3341 per
2901 3270 3094 3325 Filium
3143 3286 3301 3326 suum
3337 3272 3585 3342 unigeni-

2012 3377 2123 3422 tum
2152 3367 2268 3422 haec
2300 3366 2651 3437 praelocutum
2685 3362 2958 3417 allii-mare
3011 3363 3150 3433 apud
3208 3377 3302 3418 eos
3339 3363 3429 3431 qui
3465 3364 3584 3419 istis

2010 3459 2322 3530 indigebant
2351 3458 2618 3513 mandatis
2659 3465 2716 3511 et
2765 3455 3259 3511 admonitionibus?
3287 3455 3457 3509 Erant
3486 3470 3584 3509 au-

2008 3557 2116 3606 tem
2165 3548 2308 3618 quod
2348 3556 2576 3602 testatur
2625 3545 2928 3614 Scriptura,
2964 3546 3016 3599 hi
3065 3544 3385 3599 idololatm.
3438 3544 3585 3599 Dixit

2008 3639 2152 3694 enim
2170 3637 2427 3693 Dominus
2458 3654 2475 3692 :
2513 3634 2614 3691 Ubi
2638 3645 2763 3691 sunt
2790 3636 2867 3689 dii
2892 3634 3104 3690 illorum
3130 3638 3155 3691 ?
3179 3637 3234 3689 in
3249 3636 3435 3705 quibus
3459 3652 3587 3689 eon-

2007 3728 2237 3799 ﬁdebant
2263 3767 2281 3795 ,
2324 3744 2546 3800 quorum
2602 3729 2667 3783 de
2726 3726 3001 3795 sacriﬁciis
3033 3727 3237 3796 adipem
3266 3727 3580 3794 consedistis,

2007 3831 2055 3877 et
2092 3820 2294 3875 bibistis
2331 3821 2505 3875 vinum
2538 3820 2603 3875 de
2630 3820 2797 3889 epulis
2855 3836 3035 3873 eorum
3061 3834 3081 3873 :
3111 3827 3329 3888 surgant
3354 3828 3400 3872 et
3426 3818 3584 3888 adju-

2008 3924 2124 3970 oent
2154 3932 2264 3980 vos,
2315 3924 2364 3968 et
2393 3914 2525 3983 ﬁant
2560 3914 2938 3968 obumbracula
2990 3913 3131 3966 vobis
3157 3913 3222 3967 δ’.
3255 3908 3409 3967 Nunc
3432 3911 3582 3968 hisce

2009 4007 2190 4062 verbis
2221 4006 2442 4060 adunita
2496 4014 2657 4070 sunt,
2699 4003 2907 4071 Videte,
2952 4005 3115 4060 videte
3145 4004 3283 4075 quod
3303 4019 3393 4074 ego
3429 4018 3577 4071 sum,

2008 4109 2057 4155 et
2091 4114 2195 4154 non
2224 4107 2302 4153 est
2336 4096 2475 4152 alius
2501 4108 2691 4167 pneter
2723 4112 2802 4150 me
2824 4096 2892 4152 “.

2601 4366 2754 4423 CAP.
2796 4364 2965 4421 XXII.

2012 4460 2163 4527 Quod
2191 4459 2346 4514 etiam
2378 4459 2432 4514 in
2458 4457 2727 4583 prophetis.
2759 4458 2919 4581 P‘ater
2943 4473 3034 4528 per
3049 4453 3247 4510 Filium
3274 4453 3414 4508 Deus
3439 4467 3578 4522 pra:—

2713 4546 2792 4583 ιτα
2819 4545 2900 4582 ur.

2713 4545 2900 4583 tcatur.

2079 4623 2229 4678 Licet
2257 4636 2385 4693 ergo
2424 4620 2618 4677 millies
2655 4635 2750 4690 per
2780 4619 3094 4689 prophetam
3128 4615 3350 4678 clamet,
3380 4610 3581 4667 Prmter

2009 4732 2090 4771 me
2128 4730 2230 4769 non
2272 4724 2348 4770 est
2385 4714 2558 4781 Deus,
2603 4722 2659 4768 et
2704 4723 2896 4781 pra'ter
2937 4726 3016 4762 me
3057 4725 3160 4763 non
3206 4716 3278 4761 est
3306 4705 3484 4775 justus
3528 4713 3578 4757 et

2010 4808 2276 4876 Servator,
2299 4820 2373 4875 et,
2401 4808 2569 4862 Deum
2597 4823 2698 4859 non
2727 4819 3001 4872 cognosces
3028 4809 3219 4870 prater
3243 4815 3344 4865 me,
3372 4807 3425 4853 et
3454 4795 3577 4850 Non

2009 4911 2087 4957 est
2115 4902 2206 4969 qui
2249 4909 2635 4970 seruetjmeter
2664 4912 2765 4961 me,
2790 4907 2844 4950 et
2873 4909 2990 4963 qua:
3026 4892 3110 4948 his
3148 4890 3464 4962 congemina
3501 4887 3576 4942 ie-

2011 5004 2203 5050 ruutur
2229 4995 2281 5049 in
2314 4990 2594 5062 prophetis
2622 4988 2851 5052 exteris,
2881 4985 3020 5041 Deus
3059 4993 3170 5038 erat
3196 4994 3243 5037 et
3281 4984 3336 5035 in
3366 4979 3573 5036 Christo

2009 5086 2261 5140 mundum
2299 5084 2398 5139 sibi
2425 5081 2768 5137 reconcilians
2792 5081 2859 5143 “,
2885 5088 2939 5133 et
2967 5078 3083 5146 ipse
3123 5085 3242 5130 erat
3274 5072 3434 5128 Pater
3473 5071 3573 5126 ista

2007 5192 2103 5249 per
2157 5176 2349 5232 Filium
2416 5176 2787 5246 unigenitum,
2841 5172 3003 5226 veluti
3073 5183 3167 5238 per
3224 5166 3570 5232 interpretem

2006 5271 2292 5341 quemdam
2353 5268 2658 5323 hominibus
2696 5264 3078 5321 subinsinuans
3122 5279 3137 5316 :
3174 5257 3267 5314 sed
3313 5267 3369 5311 et
3406 5253 3574 5308 Filius

412 5427 472 5486 ἧς
507 5421 603 5494 Ed.
632 5422 833 5494 Pnris.,
863 5424 1113 5494 pag.l39.
1186 5426 1417 5483 “Exod.
1446 5444 1539 5490 xx,
1560 5427 1614 5492 4,
1649 5427 1719 5494 5;
1748 5427 1918 5484 Lavit.

2018 5428 2216 5494 vn,l,2.
2265 5428 2313 5460 “
2348 5425 2526 5482 Galat.
2551 5424 2731 5488 "1,19,
2758 5424 2850 5478 20.
2922 5421 3138 5494 “Deut.
3165 5436 3241 5488 Vl,
3267 5419 3321 5477 4.
3383 5419 3429 5453 ⁸⁸
3469 5419 3569 5477 Isa.

335 5507 376 5561 1,
414 5496 470 5548 2.
544 5492 589 5525 ιτ
626 5492 876 5548 unus;
937 5494 984 5527 ιο
1040 5496 1141 5551 lsa.
1179 5499 1387 5565 1.1.15.
1477 5498 1523 5531 σο
1563 5492 1880 5567 ter.n,28.

2018 5512 2019 5519 ‘
2062 5492 2212 5555 Deut.
2241 5513 2412 5564 xxxtt,
2458 5497 2550 5552 59.
2636 5497 2678 5528 “
2720 5494 2762 5549 ll
2799 5494 2923 5551 Cor.
2951 5508 3007 5559 ν,
3041 5492 3130 5548 l9.

423 5668 515 5741 si)
548 5664 722 5741 Yulso
750 5668 949 5741 ἐαυτῷο
1038 5682 1041 5685 ·

426 5737 517 5804 ει)
550 5737 718 5809 Vulgo
741 5737 1057 5795 διετέλλετο.

406 5809 517 5873 ('23)
567 5808 1096 5879 Ὑποστησαιιένου
1153 5809 1292 5878 Quid
1322 5810 1436 5867 vult
1465 5817 1645 5876 nescio
1704 5831 1719 5868 :
1774 5815 1896 5879 nisi,

334 5882 422 5953 qui
472 5879 878 5939 subsistentiam
914 5882 1084 5945 dedit.
1119 5891 1170 5939 et
1204 5897 1324 5941 esse
1368 5885 1743 5954 universorum
1770 5887 1896 5943 sub-

2003 5670 2235 5731 stantiae.
2262 5669 2362 5725 hoc
2381 5678 2487 5733 est,
2519 5669 2573 5723 in
2602 5684 2724 5736 esse
2738 5662 3022 5736 produxit.
3055 5665 3123 5721 Μ.

2223 5738 2394 5811 yulgo
2425 5741 2572 5794 ἐστιν
2606 5733 2707 5806 εἷς.
2742 5733 2851 5794 Καὶ
2875 5739 3044 5811 λέγει,
3082 5737 3221 5791 ἴδετε
3245 5735 3348 5811 ὅτι.

2136 5741 2164 5792 4
2223 5740 2394 5811 Vulgo
2425 5741 2572 5794 ἐστιν
2606 5740 2707 5806 εἷς.
2742 5741 2851 5794 Καὶ
2875 5740 3044 5810 λέγει,
3082 5740 3221 5791 ἴδετε
3245 5740 3348 5790 ὅτι.

2074 5740 2187 5882 ﬁsi
2212 5808 2650 5882 γυιεοὲκείνου,
2687 5821 2741 5865 et
2780 5827 2923 5880 mox,
2973 5810 3175 5881 κόσμον
3200 5807 3355 5877 vulgo
3380 5815 3564 5860 errore

2004 5881 2135 5952 om;
2168 5883 2288 5940 dein
2312 5881 2472 5953 vulgo
2500 5885 2614 5949 τοῖς
2647 5882 2837 5952 εύαγγ.
