4160 6444
609 364 716 424 959

1281 357 1552 413 EUSEBII
1595 355 2074 413 CxISSARIE‘NSIS
2113 357 2264 414 OPP.
2307 356 2490 412 PARS
2531 355 2622 414 IV.
2658 355 3154 414 —DOG.\IA'I‘ICA.

3757 357 3876 414 960

609 497 822 555 quoque
853 483 906 538 in
945 478 1258 551 Evangelia,
1289 479 1400 550 ipse
1439 496 1604 534 unum
1645 480 1818 536 solum
1857 481 2024 539 Deum
2059 482 2175 536 inli-

2285 481 2672 552 φθεγγόμενος.
2719 479 2777 532 Ὀ
2805 477 2862 530 δὲ
2893 475 2986 530 καὶ
3011 475 3170 538 αὐτὸς
3197 475 3226 528 ὸ
3251 471 3379 536 Υίὸς
3421 475 3478 526 ἐν
3511 471 3872 540 Εὐαγγελίοις

611 591 760 630 mare
822 573 1034 630 videtur
1087 573 1378 644 inquiens:
1425 575 1556 628 Haec
1613 582 1688 626 est
1749 583 1921 627 autent
1973 580 2031 638 >14
2084 575 2186 629 vita

609 678 830 732 αἰεί-ιω,
857 677 912 721 ut
941 675 1258 737 cognoscant
1281 677 1328 721 te
1359 683 1518 720 unum
1547 667 1712 722 solum
1743 667 1924 730 Deum,
1953 677 2000 722 et
2037 684 2186 737 quem

605 759 800 814 misisti
827 758 1008 814 letum
1032 757 1294 812 Christum
1319 759 1382 811 ⁸².
1427 759 1516 812 llle
1545 770 1660 812 erat
1683 775 1810 828 ergo
1833 773 1993 812 verus
2025 758 2182 812 Deus:

610 853 702 921 qui
735 865 872 906 unus
912 850 1058 906 solus
1093 856 1195 916 est,
1233 859 1287 904 et
1319 865 1424 904 non
1462 861 1546 904 est
1583 850 1722 903 alius
1754 859 1950 918 prmter
1989 852 2180 920 ipsum.

609 942 710 1009 Qui
751 958 858 998 non
899 942 1072 996 solum
1127 957 1222 1011 per
1265 942 1574 1010 prophetas,
1623 946 1716 996 sed
1758 951 1812 998 et
1861 959 1956 1011 per
1993 941 2183 996 Filium

610 1049 764 1088 suum
815 1034 914 1088 ista
974 1033 1199 1102 tempori
1255 1032 1666 1094 convenientia,
1708 1031 2038 1087 idololatrico
2089 1033 2186 1087 Ju-

611 1127 850 1180 dmorum
899 1125 1096 1194 popqu
1131 1125 1494 1194 prtecipiebat.
1547 1123 1810 1190 Quocirca
1851 1123 2034 1188 Isaias,
2093 1136 2186 1180 aut

613 1217 754 1270 Deus
789 1217 966 1284 potius
1019 1232 1114 1286 per
1159 1217 1346 1270 Isaiam
1389 1217 1464 1270 ait
1505 1234 1520 1272 :
1567 1217 1770 1270 Prwtcr
1815 1233 1894 1272 me
1957 1233 2060 1272 non
2110 1229 2184 1272 est

609 1307 751 1362 Deus
781 1323 799 1360 :
830 1305 960 1371 Quis
1005 1317 1058 1360 ut
1093 1324 1208 1376 ego,
1245 1315 1352 1364 etc.
1391 1307 1494 1360 Vos
1527 1309 1648 1360 estis
1693 1315 1846 1360 testes
1877 1307 1923 1361 si
1967 1310 2082 1378 quis
2115 1310 2180 1362 sit

611 1398 752 1452 Deus
805 1409 996 1465 praeter
1047 1413 1128 1450 me
1161 1397 1227 1452 ⁸³.
1281 1397 1629 1451 Snbintnlit:
1679 1395 1832 1461 Quod
1877 1413 1979 1451 non
2029 1407 2180 1452 erant

609 1503 733 1542 tunc
775 1491 866 1559 qui
915 1489 1176 1560 ﬁngebant
1223 1501 1272 1544 et
1321 1489 1660 1556 sculpebant,
1707 1505 1882 1542 omnes
1929 1489 2049 1544 vani
2095 1489 2181 1558 fa-

611 1581 798 1634 cientes
847 1597 966 1649 qua:
1001 1565 1284 1648 placebant
1333 1579 1441 1634 illis
1481 1580 1546 1634 “.
1603 1579 1813 1649 Ubique
1857 1588 2036 1634 autem
2088 1597 2184 1650 per

609 1671 752 1724 illius
809 1672 1146 1740 prophetiam
1209 1672 1332 1725 licet
1384 1671 1812 1733 animadvertas.
1859 1672 2182 1728 inanimatas

611 1763 728 1817 illas
773 1773 980 1818 statuas
1017 1763 1314 1832 ﬂagellatas
1347 1783 1362 1818 :
1399 1775 1456 1820 et
1487 1764 1734 1818 similiter
1767 1765 1908 1836 apud
1945 1767 2182 1836 singulos

609 1855 992 1923 prophetarum
1053 1871 1215 1910 unum
1258 1857 1422 1911 Deum
1463 1857 1702 1912 invenies
1737 1857 2086 1923 celebratum,
2124 1871 2182 1914 ut

611 1955 924 1998 avertantur
955 1947 1198 2001 homines
1224 1963 1252 2001 a
1285 1947 1504 2000 deorum
1539 1947 1896 2002 multitudine.
1927 1947 2006 2001 Ad
2036 1965 2184 2003 eum-

610 2034 730 2088 dem
765 2037 978 2090 modum
1016 2053 1110 2091 nos
1145 2039 1196 2092 in
1237 2053 1526 2108 congressu
1561 2053 1880 2108 quocunque
1917 2055 2037 2094 cum
2083 2057 2182 2111 pa-

611 2127 764 2196 ganis
797 2127 1030 2182 solemus
1067 2131 1370 2184 doctrinam
1399 2132 1464 2185 de
1491 2131 1708 2185 Christo
1751 2132 1802 2187 in
1837 2143 2046 2202 tempus
2083 2151 2182 2203 0pc

607 2229 894 2286 portunum
929 2237 1215 2290 reponere,
1252 2225 1382 2279 etin
1421 2226 1667 2293 praisenti
1713 2227 1912 2280 erroris
1957 2226 2182 2280 idolola-

609 2311 729 2364 trici
789 2313 1221 2382 redargutionem
1283 2329 1617 2384 proponere,
1669 2325 1723 2370 et
1779 2317 1867 2372 Dei
1923 2319 2179 2373 unitatem

607 2401 1049 2458 demonstrativis
1115 2405 1415 2460 rationibus
1479 2407 1740 2463 stabilire.
1821 2409 2000 2466 Discat
2059 2413 2181 2466 ideo

607 2491 910 2558 Marcellus,
955 2497 998 2552 si
1033 2507 1208 2552 tamen
1241 2499 1334 2566 qui
1377 2499 1772 2556 obvcteraverit
1818 2518 1939 2557 eum
1973 2505 2184 2572 episco-

603 2597 734 2655 patu
791 2589 842 2642 in
885 2588 1121 2644 Ecclesia
1179 2591 1378 2646 Christi
1425 2593 1658 2646 nondum
1712 2593 1990 2662 didicerit,
2037 2597 2178 2664 quod

605 2678 846 2747 mysterii
901 2679 1043 2734 illius
1080 2681 1378 2735 absconditi
1421 2683 1811 2752 intelligentia,
1855 2694 2066 2740 vetusto
2101 2685 2175 2739 illi

603 2768 800 2834 populo
847 2783 952 2822 non
1013 2772 1511 2826 communicabatur
1567 2775 1633 2828 de
1683 2773 1820 2828 Filio
1867 2775 1996 2839 Deo,
2046 2791 2175 2844 pro-

605 2867 786 2922 pterea
829 2861 968 2926 quod
1021 2862 1087 2912 ab
1131 2863 1432 2916 idololatria
1473 2865 1814 2932 impendebat
1865 2867 1930 2920 iis
1963 2866 2178 2934 pericu-

588 2948 713 3002 ‘lutn
739 2989 754 3012 ,
777 2959 832 3004 et
859 2951 996 3020 quod
1029 2951 1280 3007 Ecclesiae
1311 2957 1678 3009 tantummodo
1707 2959 2020 3028 mysterium
2051 2959 2177 3014 illud

603 3054 632 3090 a
668 3039 881 3104 saeculo,
921 3051 974 3094 et
1021 3045 1456 3110 generationibus
1507 3046 1876 3100 absconditum
1929 3065 2175 3103 reserva-

605 3129 764 3180 hatur
791 3129 1136 3196 aperiendum
1167 3132 1234 3184 ab
1289 3131 1454 3199 ipsius
1487 3137 1676 3202 gratia.
1709 3133 1764 3186 In
1791 3151 1896 3203 quo
1922 3141 2176 3208 mysterio

605 3218 671 3270 de
709 3231 888 3272 sancta
926 3219 1188 3276 Trinitale
1219 3224 1376 3288 ratio,
1419 3225 1484 3276 de
1531 3223 1708 3290 Patre,
1743 3225 1901 3290 Filio,
1947 3238 2004 3282 et
2052 3228 2173 3296 Spi-

601 3309 710 3362 ritu
737 3319 944 3376 sancto,
977 3311 1229 3366 nimirum
1261 3315 1840 3384 eomprehendebatur.
1869 3319 2029 3388 Atqui
2065 3329 2170 3373 tam

601 3399 772 3454 multa
819 3402 1036 3473 collegit
1087 3405 1138 3458 in
1188 3421 1388 3468 unum,
1435 3417 1566 3476 quot
1618 3408 1700 3463 vel
1749 3410 1816 3464 de
1866 3410 2170 3464 inda-orum

601 3504 762 3560 gente
825 3494 1142 3550 circumcisa
1195 3497 1451 3568 magister
1507 3499 1558 3552 in
1612 3497 1835 3554 Judaica
1891 3499 2172 3572 Synagoga

600 3585 1076 3642 concionabundus
1113 3599 1506 3656 coacervasset,
1551 3601 1605 3646 et
1648 3591 1908 3660 gloriatur
1949 3608 2008 3648 se
2059 3595 2172 3648 haec

603 3673 804 3730 Christi
858 3678 1136 3746 discipulis
1190 3681 1484 3746 exhibere,
1565 3683 1690 3737 dum
1747 3685 1958 3754 ignorat
2029 3687 2171 3755 quod

603 3765 772 3820 multa
812 3767 984 3820 adhuc
1021 3769 1170 3837 plura
1202 3769 1418 3842 Judazus
1461 3774 1752 3828 secundum
1787 3791 2004 3829 carnem
2043 3793 2170 3846 pro-

607 3856 834 3910 tulisset.
877 3859 1077 3914 llorum
1129 3864 1300 3932 gratia
1341 3865 1428 3918 hic
1479 3866 1740 3920 insultat:
1777 3883 1880 3921 non
1911 3884 2174 3924 verecun-

601 3947 758 4001 datur
811 3961 990 4005 autem
1017 3955 1158 4020 quod
1195 3955 1543 4024 theologicam
1580 3959 1916 4014 verissimam
1949 3961 2016 4014 de
2045 3961 2172 4017 Ser-

599 4049 997 4096 Vawre-nostro
1029 4049 1288 4100 rationem
1321 4048 1601 4116 pervertit.

1143 4143 1200 4200 rh
1233 4139 1382 4192 CAP.
1432 4139 1616 4193 XXIII.

797 4225 950 4290 Quod
987 4225 1224 4282 Ecclesia
1255 4246 1356 4284 non
1391 4233 1640 4298 pra'dicat
1669 4235 1793 4288 deos
1823 4235 1976 4289 duos.

669 4317 916 4385 .nprimis
961 4335 1066 4372 non
1127 4320 1380 4392 intelligit
1427 4323 1629 4376 dictum
1683 4325 1846 4379 divini
1893 4327 2166 4394 Apostoli,

597 4405 688 4474 qui
731 4405 1088 4464 diversimode
1131 4409 1284 4464 docet
1333 4427 1456 4466 esse
1495 4413 1642 4468 illum
1699 4415 1789 4470 Dei
1842 4416 2166 4484 imaginem,

599 4499 776 4554 verbis
809 4517 838 4553 a
871 4516 953 4556 me
995 4505 1282 4572 propositis
1311 4523 1325 4559 :
1357 4507 1496 4560 unde
1527 4523 1622 4576 par
1657 4507 1758 4563 fuit
1797 4519 1852 4564 ut
1901 4511 2168 4582 intellige-

597 4597 700 4656 ret,
752 4591 891 4658 quod
939 4593 1174 4648 Ecclesia
1223 4597 1315 4652 Dei
1363 4615 1467 4651 non
1519 4601 1774 4668 praedicat
1825 4601 1960 4656 duos
2013 4604 2164 4660 deos.

595 4677 728 4733 Nam
777 4697 876 4736 nec
907 4685 1039 4738 duos
1075 4687 1338 4755 ingenitos
1367 4691 1536 4745 credit
1568 4699 1660 4744 aut
1707 4691 2164 4762 imprincipiatos,

595 4781 655 4824 ut
689 4788 792 4825 non
821 4775 987 4828 semel
1023 4777 1276 4842 diximus,
1309 4781 1402 4834 sed
1436 4797 1534 4835 nec
1569 4783 1702 4839 duas
1735 4787 2070 4842 substantias
2097 4803 2163 4843 ex

595 4861 820 4916 adverso
859 4865 1193 4921 introductas
1241 4871 1443 4923 honore
1484 4885 1638 4940 pares
1683 4875 1876 4928 asserit
1921 4891 1934 4927 :
1985 4875 2164 4943 itaque

595 4971 769 5022 neque
799 4957 930 5011 duos
958 4957 1106 5024 deos,
1158 4962 1250 5014 sed
1283 4963 1500 5016 unicum
1543 4964 1866 5034 principium
1901 4974 1954 5019 et
1993 4966 2158 5020 Deum

593 5046 851 5106 przedicat
892 5063 1010 5100 esse
1045 5049 1254 5104 Patrem
1303 5053 1510 5106 scilicet
1553 5055 1810 5124 unigeniti
1869 5065 1924 5110 et
1979 5057 2164 5112 dilecti

593 5134 748 5199 Filii,
779 5151 937 5190 unam
977 5155 1189 5210 quoque
1227 5143 1515 5212 imaginem
1559 5145 1848 5202 invisibilis
1881 5145 1996 5214 Dei,
2045 5163 2166 5218 qua:

657 5325 714 5386 ὦ
753 5322 847 5378 Ed.
877 5322 1078 5391 Paris.,
1113 5341 1236 5399 pag.
1273 5329 1397 5394 140,
1437 5329 1558 5384 HI.

664 5505 776 5580 es)
807 5507 976 5580 vulgo
1007 5509 1054 5562 ει
1075 5511 1170 5580 μή.

809 5577 978 5656 Y_ul;i_o
1002 5577 1096 5656 icui
1123 5577 1392 5656 pcipe.._et
1413 5597 1567 5656 mox,
1591 5585 1870 5656 ἐπήγαγεν
1899 5588 1945 5643 ὁ.

665 5649 778 5716 (‘28)
815 5649 954 5717 Περὶ
979 5650 1088 5718 τῆς
1125 5649 1403 5721 ἐκτΟμῆς.
1439 5649 1561 5708 Non
1595 5649 1800 5712 estde
1837 5659 2158 5714 circumcisa

597 5729 756 5786 gente
811 5721 1092 5797 magister,
1141 5729 1200 5797 ut
1243 5725 1302 5797 in
1345 5725 1616 5797 versione,
1669 5727 1824 5794 quasi
1880 5729 2158 5797 legendmn

599 5797 743 5848 esset
777 5789 926 5860 παρὰ
956 5799 1047 5846 aut
1071 5789 1177 5844 ἀπὸ
1206 5791 1306 5862 τῆς
1337 5795 1656 5866 περιτομῆς.
1687 5789 1792 5853 Sed
1827 5789 1973 5854 recta
2005 5799 2160 5853 lectio

1674 5333 1717 5366 ⁶⁹
1759 5333 1920 5394 Joan.
1951 5352 2095 5406 xvu,
2138 5339 2194 5396 5.

2288 573 2594 646 παρεδίδου,
2625 571 2720 624 ἕνα
2760 569 2916 640 μόνον
2951 566 3146 620 εἰδέναι
3188 563 3450 618 διδάσκων
3499 563 3650 628 Θεὸν,
3687 567 3746 618 ὲν
3781 560 3872 630 οἷς

2285 667 2488 736 ἔλεγεν,
2503 666 2664 734 Αὕτη
2683 664 2749 718 δέ
2762 664 2936 717 ἐστιν
2951 663 2988 730 ἡ
3006 659 3238 724 αἰώνιος
3257 656 3388 726 ζωὴ,
3408 658 3508 710 ἵνα
3523 654 3874 726 γινώσκωσι

2285 780 2358 818 σε
2389 763 2495 816 τὸν
2517 761 2706 831 μόνον
2747 756 3040 826 ἁ1ηθινὸν
3073 753 3242 816 Θεὸν,
3271 753 3368 806 καί
3399 750 3470 806 ὃν
3498 750 3870 817 ἀπέστειλας

2299 853 2533 922 Ἰησοῦν
2563 851 2846 920 Χριστόν.
2882 843 3048 910 Οὗτος
3079 841 3172 900 οὖν
3219 845 3249 896 ὁ
3287 841 3534 912 ἀληθινὸς
3561 835 3628 912 ἦν
3657 841 3808 907 Θεὸς,
3837 841 3870 894 ὁ

2285 939 2365 1008 εἷς
2398 944 2576 1014 μόνος,
2615 943 2709 995 καὶ
2738 940 2923 1010 ἕτερος
2965 937 3064 990 οὐκ
3099 935 3214 988 ἐστι
3243 933 3379 1004 πλὴν
3409 931 3596 994 αὐτοῦ,
3643 930 3753 1002 (26)
3783 931 3868 1002 μὴ

2288 1035 2444 1106 μόνον
2460 1034 2548 1087 διὰ
2563 1033 2670 1086 τῶν
2688 1031 3000 1104 προφητῶν,
3024 1027 3158 1082 ἀλλά
3172 1027 3258 1080 διὰ
3275 1024 3366 1078 τοῦ
3390 1025 3517 1078 ἰδίου
3537 1021 3666 1075 Υίοῦ
3691 1021 3867 1074 ταῦτα

2285 1127 2404 1180 κατ’
2457 1129 2632 1180 ὲκεῖνο
2685 1123 2878 1195 καιροῦ
2918 1117 3419 1190 εἰδωλολατρεύοντι
3465 1115 3542 1186 τῷ
3597 1115 3870 1168 Ἰουδαίων

2285 1217 2702 1289 ἐγκελευόμενος
2733 1216 2894 1269 ἔθνει.
2919 1213 3124 1266 Αὐτίκα
3140 1212 3185 1264 δ’
3209 1207 3302 1264 οῦν
3321 1211 3349 1262 ὁ
3380 1209 3624 1272 Ἡσαΐας,
3662 1206 3864 1278 μᾶλλον

2283 1311 2398 1364 δὲό
2431 1310 2562 1372 Θεὸς
2609 1309 2674 1362 δι’
2703 1307 2888 1366 αὑτοῦ,
2931 1304 3100 1358 εἰπών
3123 1321 3136 1334 ο
3174 1302 3348 1369 Πλὴν
3391 1301 3535 1370 ἐμοῦ
3576 1303 3686 1354 οὐκ
3728 1299 3865 1354 ἐστι

2287 1404 2448 1468 Θεός.
2467 1401 2568 1468 Τίς
2579 1399 2780 1468 ὥσπερ
2799 1397 2934 1467 e715;
2959 1398 3050 1451 καὶ
3074 1396 3216 1466 έξῆς·
3241 1395 3548 1464 Μάρτυρες
3561 1393 3670 1464 (27)
3691 1393 3866 1463 ὑμεῖς

2281 1494 2440 1556 ἐστε,
2475 1495 2526 1546 εὶ
2571 1494 2704 1547 ἐστι
2757 1491 2899 1555 Θεὸς
2937 1487 3103 1556 πλὴν
3139 1488 3304 1558 ἐμοῦ,
3347 1489 3592 1558 ἐπήγαγε
3629 1485 3708 1538 τό·
3747 1486 3862 1540 Καὶ

2283 1587 2392 1640 οὐκ
2419 1582 2582 1656 ἦσαν
2627 1583 2758 1636 τότε
2799 1585 2852 1636 οἱ
2884 1580 3267 1646 πλάσσοντες
3299 1578 3396 1632 καὶ
3439 1581 3494 1631 οὶ
3527 1579 3860 1648 γλύςςοντες

2281 1675 2502 1742 πάντες
2527 1674 2784 1744 μάταιοι,
2821 1671 3138 1738 ποιοῦντες
3161 1672 3234 1724 τὰ
3265 1671 3598 1738 καταθύμια
3639 1667 3862 1726 αὐτῶν.

2281 1764 2394 1818 Καὶ
2423 1764 2487 1816 δι’
2517 1763 2644 1836 ῦλης
2675 1763 2730 1816 δὲ
2764 1763 2860 1832 τῆς
2893 1760 3056 1816 αὑτοῦ
3091 1760 3423 1832 προφητείας
3451 1759 3631 1830 εὕροις
3671 1760 3736 1814 ἂν
3765 1777 3864 1813 κο·-

2283 1854 2524 1925 πτόμενα
2555 1853 2622 1906 τὰ
2648 1852 2830 1923 ἄψυχα
2875 1851 3056 1916 ξόανα,
3089 1852 3183 1904 καὶ
3223 1850 3351 1921 παρ’
3384 1850 3598 1920 ἑκάστῳ
3627 1847 3682 1901 δὲ
3726 1866 3862 1919 προ·

2285 1947 2428 2018 φήτῃ
2475 1945 2674 2016 ὁμοίως
2719 1946 2799 2008 εἰς
2839 1943 3156 2016 ἀποτροπὴν
3197 1944 3296 2014 τῆς
3341 1941 3599 1996 πολυθέου
3651 1941 3864 2012 πλάνης

2283 2037 2371 2090 τὸν
2401 2037 2494 2090 ἕνα
2525 2037 2655 2090 Θεὸν
2679 2037 3082 2108 κηρυττόμενον
3109 2035 3378 2106 εὑρήσεις.
3409 2033 3564 2086 Οῦτω
3585 2035 3678 2088 καὶ
3699 2035 3864 2104 ἡμεῖς

2283 2132 2551 2203 εἰώθαμεν
2591 2132 2856 2204 Ἐλλήνων
2885 2134 2995 2195 τοῖς
3041 2130 3444 2200 δεισιδαίμοσιν,
3477 2131 3534 2182 ὲν
3577 2131 3688 2192 τοῖς
3723 2129 3862 2202 πρὸς

2283 2225 2477 2289 αὐτοὺς
2498 2225 2781 2294 διαλόγοις,
2816 2225 2914 2295 τὴν
2939 2223 3036 2294 μὲν
3061 2223 3189 2294 περὶ
3218 2221 3308 2274 τοῦ
3337 2221 3576 2292 Χριστοῦ
3607 2220 3860 2274 διδασκα-

2285 2317 2424 2380 λίαν,
2451 2319 2528 2380 εἱς
2567 2315 2824 2388 εὔκαιρον
2864 2313 3240 2386 ταμιεύεσθαι,
3275 2314 3411 2376 τέως
3447 2313 3504 2366 δὲ
3547 2313 3729 2376 αὐτοῖς
3757 2313 3862 2382 τῆς

2280 2406 2661 2478 εἰδωλολάτρου
2711 2405 2918 2476 πλάνης
2961 2403 3216 2473 ἐλέγχους
3264 2405 3592 2474 προσφέρειν
3633 2401 3727 2456 καὶ
3765 2402 3860 2454 τὸν

2279 2497 2372 2566 ἕνα
2419 2493 2556 2549 εἷναι
2599 2496 2731 2549 Θεὸν
2765 2495 3162 2556 ἀποδεικτικοῖς
3199 2493 3628 2556 κατασκευάζειν
3657 2491 3854 2560 λόγοις.

2279 2589 2610 2644 Μανθανέτω
2649 2589 2827 2642 τοίνυν
2875 2586 3214 2658 Μάρκελλος,
3265 2588 3312 2638 εἰ
3361 2586 3748 2656 καταγηράσας
3797 2587 3858 2636 ὲν

2279 2681 2550 2749 ἐπισκοπῇ
2589 2679 2688 2750 τῆς
2741 2677 2977 2752 Χριστοῦ
3037 2677 3380 2748 Ἐκκλησίας,
3427 2675 3580 2730 οὔπω
3631 2675 3726 2728 καὶ
3759 2674 3858 2728 νῦν

2281 2769 2622 2840 μεμάθηκεν,
2649 2769 2730 2822 ὅτι
2761 2767 2836 2837 τῷ
2867 2767 3078 2838 παλαιῷ
3105 2767 3218 2838 λαῷ
3247 2770 3280 2838 ἡ
3309 2767 3403 2820 τοῦ
3429 2765 3858 2838 ἀποκεκρυμμέ-

2279 2873 2369 2908 νου
2402 2857 2700 2928 μυστηρίου
2729 2860 2853 2930 περ“ι
2881 2859 2974 2910 τοῦ
3005 2857 3134 2910 Υἱοῦ
3166 2857 3258 2910 τοῦ
3279 2857 3414 2910 Θεοῦ
3437 2857 3636 2925 γνῶσις
3665 2856 3860 2910 κατάλ-

2277 2945 2436 3017 ληλος
2466 2947 2711 3018 οὐδαμῶς
2745 2945 2831 3018 ἦν,
2873 2947 3174 3020 ὀλισθηρῶς
3207 2949 3380 3020 ἔχοντι
3409 2951 3544 3022 πρὸς
3571 2949 3856 3004 εἰδωλολα-

2278 3041 2484 3111 τρείαν,
2512 3041 2604 3093 καὶ
2624 3041 2698 3104 ὡς
2723 3041 2860 3114 μόνη
2880 3044 2946 3112 τῇ
2965 3042 3130 3096 αὑτοῦ
3164 3043 3460 3114 Ἐκκλησία
3480 3043 3540 3096 τὸ
3559 3043 3858 3114 μυστήριον

2278 3131 2338 3184 τὸ
2367 3133 2854 3204 ἀποκεκρυμμένον
2902 3135 3008 3187 ἀπὸ
3041 3135 3146 3188 τῶν
3186 3133 3416 3200 αἰώνων,
3456 3135 3551 3188 καὶ
3597 3135 3708 3188 ἀπὸ
3745 3134 3856 3188 τῶν

2280 3223 2499 3292 γενεῶν,
2525 3223 2612 3275 διὰ
2637 3227 2736 3294 τῆς
2770 3225 2932 3278 αὑτοῦ
2955 3224 3174 3296 χάριτος
3203 3225 3536 3296 έταμιεῦετο.
3558 3227 3647 3280 Ἐν
3679 3220 3723 3294 ᾧ
3754 3243 3860 3294 μυ-

2283 3315 2486 3386 στηρίῳ
2523 3317 2551 3368 ὁ
2579 3317 2706 3386 περὶ
2741 3317 2838 3387 τῆς
2865 3318 3022 3386 ἁγίας
3051 3318 3278 3390 Τριάδος
3309 3319 3519 3392 Πατρὸς
3559 3321 3654 3372 καὶ
3696 3319 3856 3382 Υίοῦ,

2281 3407 2374 3460 καί
2397 3408 2548 3474 ἁγίου
2577 3408 2887 3479 Πνεῦματος
2917 3411 3220 3480 περιείχετο
3243 3411 3418 3479 λόγος.
3453 3413 3509 3464 '0
3537 3411 3590 3463 δὲ
3613 3409 3858 3464 τοσαῦτα

2283 3497 2620 3566 συναγαγὼν,
2675 3500 2773 3552 ὅσα
2819 3499 2885 3552 ἂν
2935 3501 3076 3553 εἴποι
3129 3501 3224 3554 καὶ
3287 3501 3552 3555 Ἰουδαίων
3593 3500 3862 3578 διδάσκει-¹

2279 3586 2368 3650 λος
2385 3591 2513 3659 περὶ
2545 3590 2642 3660 τῆς
2681 3592 2915 3660 ὲκτομῆς
2955 3591 3065 3660 (28)
3097 3591 3300 3662 ὁμιλῶν
3327 3593 3385 3646 ὲν
3437 3591 3697 3644 Ἰουδαίων
3725 3609 3856 3644 συν-

2279 3682 2492 3750 αγωγῇ,
2547 3681 2868 3751 σεμνύνεται
2909 3684 3020 3744 τοῖς
3071 3683 3308 3753 Χριστοῦ
3363 3683 3624 3754 μαθηταῖς
3673 3681 3856 3736 ταῦτα

2280 3771 2728 3842 προϐαλλόμενος·
2777 3775 2878 3828 οὐκ
2915 3773 3068 3838 εἰδὼς
3085 3778 3168 3829 ὅτι
3202 3777 3422 3830 πλείονα
3437 3775 3599 3830 αὑτοῦ
3615 3777 3760 3830 εἴποι
3785 3775 3854 3830 ἂν

2278 3867 2306 3918 ὁ
2340 3867 2646 3936 σωματικὸς
2687 3868 3098 3932 Ἰουδαῖος.Ἑπὶ
3129 3871 3339 3932 τούτοις
3374 3870 3472 3940 μὲν
3523 3867 3616 3923 οὖν
3673 3871 3848 3941 αὐχεῖ,

2279 3959 2390 4030 (29)
2425 3960 2520 4024 τὰς
2549 3960 2594 4012 δ’
2633 3959 2850 4032 ἀληθεῖς
2895 3963 3023 4032 περί
3059 3963 3152 4016 τοῦ
3201 3963 3448 4034 Σωτῆρος
3482 3963 3638 4034 ἡμῶν
3675 3963 3852 4016 θεολο-

2277 4055 2402 4122 γίας
2429 4055 2768 4126 διαστρέφων
2797 4057 2896 4110 οὐκ
2929 4043 3341 4124 ἐγκαλύπτεται.

2909 4147 3064 4200 ΚΕΦ.
3099 4149 3224 4202 Kl".

2385 4239 2504 4292 Ὅτι
2529 4239 2615 4307 μὴ
2646 4239 2754 4293 δύο
2786 4240 2964 4306 θεοὺς
2993 4242 3032 4308 ἡ
3079 4241 3416 4308 Ἐκκλησία
3447 4241 3740 4309 κηρύττει.

2347 4327 2553 4380 Αὐτίκα
2569 4328 2612 4380 δ’
2643 4325 2733 4382 οῦν
2755 4329 2814 4380 οὐ
2839 4329 3050 4400 συνίησι
3079 4328 3178 4392 τὰς
3200 4329 3382 4397 φωνὰς
3405 4329 3498 4382 τοῦ
3517 4328 3660 4382 θείου
3699 4327 3854 4381 Ἀπο-

2277 4419 2483 4483 στόλου,
2516 4419 2787 4492 διαφόρως
2817 4419 3143 4486 διδάξαντος,
3183 4422 3343 4476 αὑτὸν
3375 4417 3515 4476 εἶναι
3545 4421 3729 4474 εἰκόνα
3756 4421 3848 4475 τοῦ

2277 4511 2432 4576 Θεοῦ,
2470 4513 2536 4566 δι’
2569 4505 2643 4566 ὧν
2684 4511 2947 4583 ὲξεθέμην
2981 4513 3145 4568 αὑτοῦ
3179 4513 3377 4578 λέξεων
3399 4531 3412 4543 ·
3445 4512 3563 4566 δέον
3601 4512 3851 4566 ἐντεῦθεν

2277 4605 2534 4668 συνεῖναι,
2563 4603 2637 4667 ὡς
2669 4605 2731 4656 οὐ
2757 4603 2850 4658 δύο
2885 4604 3039 4669 θεοὺς
3072 4607 3104 4676 ἡ
3141 4605 3435 4678 Ἐκκλησία
3463 4603 3558 4658 τοῦ
3591 4603 3728 4658 Θεοῦ
3751 4621 3853 4674 κη-

2279 4693 2478 4766 ρύττει·
2517 4695 2577 4747 οὐ
2605 4695 2712 4767 γὰρ
2755 4695 2846 4748 δύο
2887 4697 3176 4768 ἀγέννητα,
3221 4697 3340 4750 οὐδὲ
3379 4697 3472 4750 δύο
3493 4697 3724 4768 ἄναρχα,
3774 4697 3852 4760 ὡς

2274 4787 2534 4852 πολλάκις
2563 4791 2693 4859 ἡμῖν
2723 4791 2957 4862 εἴρηται,
2985 4789 3106 4842 οὐδὲ
3133 4789 3227 4842 δύο
3271 4789 3455 4854 οὐσίας
3487 4789 3544 4856 ἐξ
3581 4789 3852 4860 ἰσοτιμίας

2271 4879 2842 4951 ἀντιπαρεξαγομένας
2889 4881 3144 4952 ἀλλήλαις
3179 4881 3290 4952 (50)
3331 4881 3558 4948 εἰσάγει·
3601 4879 3681 4934 διὸ
3728 4877 3850 4934 οὐδὲ

2267 4969 2361 5024 δύο
2391 4972 2576 5036 θεοὺς,
2605 4971 2740 5026 ἀλλὰ
2769 4973 2896 5043 μίαν
2919 4974 3093 5046 ἀρχὴν
3112 4975 3204 5026 καὶ
3225 4972 3356 5027 Θεὸν
3383 4971 3542 5036 εἰναι,
3575 4971 3665 5024 τὸν
3687 4971 3850 5024 αὐτὸν

2271 5063 2486 5136 Πατέρα
2515 5065 2836 5120 διδάσκουσα
2869 5063 3006 5122 εἶναι
3028 5067 3122 5120 τοῦ
3161 5066 3478 5137 μονογενοῦς
3505 5065 3600 5120 καὶ
3627 5065 3850 5134 ἀγαπη-

2267 5153 2362 5207 τοῦ
2393 5155 2547 5222 Υίοῦ,
2579 5157 2839 5222 ὡσαύτως
2867 5157 2924 5211 δὲ
2959 5158 3054 5210 καὶ
3101 5157 3228 5229 μίαν
3258 5157 3442 5210 εἰκόνα
3465 5155 3559 5210 τοῦ
3591 5154 3724 5208 Θεοῦ
3753 5153 3848 5208 τοῦ

2269 5341 2314 5373 ⁸⁸
2353 5341 2451 5398 lsa.
2481 5360 2605 5410 ην,
2637 5345 2723 5414 Η,
2754 5347 2837 5412 18,
2873 5347 2959 5412 19,
2988 5345 3081 5402 21.
3159 5345 3204 5376 “
3244 5344 3375 5401 ibid.
3399 5345 3491 5401 ΞΟ.

2267 5531 2350 5596 est
2391 5523 2650 5596 ἐκτομῆς,
2679 5523 2747 5578 de
2796 5521 3094 5596 excisione,
3137 5531 3194 5578 et
3245 5521 3615 5596 eradicatione
3665 5519 3844 5590 gentis

2267 5592 2668 5667 abidolol‘atria
2695 5595 2962 5667 ;_stat_im.
2986 5595 3080 5648 καὶ
3113 5593 3454 5667 σεμνύνεται.
3496 5592 3564 5648 Μ.

2336 5664 2450 5730 (29)
2483 5665 2652 5734 Vulgo
2684 5665 2782 5734 μὲν
2815 5665 2994 5733 αὐχεῖ.

2340 5733 2452 5808 (50)
2487 5733 2654 5806 Vulgo
2677 5733 2922 5806 ἀλλήλοις
2935 5775 2947 5788 .
