4160 6444
281 361 388 420 96!

1228 354 1317 410 DE
1356 353 1890 411 ECCLESIASTICA
1931 354 2325 414 THEOLOGIA
2376 356 2507 415 LIB.
2546 356 2605 416 Π.

3434 358 3542 417 962

278 479 542 555 ἀοράτου,
587 478 687 551 τὴν
728 476 902 550 αὖτὴν
951 469 1118 530 οὖσαν
1156 473 1235 546 τῷ
1278 476 1555 546 μονογενεῑ
1601 473 1695 527 καὶ
1740 474 1873 542 ἀγα-

1978 478 2164 531 eadem
2207 478 2278 532 sit
2321 492 2443 532 cum
2480 476 2759 549 unigenito
2801 486 2859 532 et
2887 476 3086 534 dilecto
3124 475 3300 533 Filio:
3328 476 3545 537 etiamsi

287 572 447 646 πητῷ
463 570 577 643 Υἰῷ
598 569 784 635 αὐτοῦ,
810 568 915 622 κᾶν
929 567 1064 641 λέγῃ
1081 566 1138 619 δὲ
1165 568 1194 620 6
1228 565 1570 629 Ἀπόστολος,
1605 563 1868 634 Θεολογῶν

287 663 380 719 τὸν
405 663 644 734 Πατέρα·
681 662 742 715 '0
768 659 1060 730 μακάριος
1084 658 1181 711 καί
1209 657 1399 726 μόνος
1420 655 1748 724 δυνάστης,
1776 656 1870 710 καὶ

288 755 471 809 πάλιν·
491 754 545 807 '0
551 754 742 823 μόνος
757 753 913 823 ἔχων
926 749 1283 813 ἀθανασίαν,
1299 746 1425 817 φῶς
1447 746 1626 801 οἰκῶν
1651 747 1872 816 ἀπρόσ-

204 839 207 842 ⁴
290 862 449 908 ιτον,
508 844 603 897 καὶ
649 838 825 905 αὖθις·
882 839 964 906 Τῷ
1016 837 1085 893 δὲ
1143 838 1397 903 ,βασιλεῖ
1448 837 1568 893 τῶν
1617 839 1866 903 αἰώνων,

286 938 585 1007 ἀφθάρτῳ,
626 934 874 1005 ἀοράτῳ,
916 934 1082 1002 μόνῳ
1136 929 1277 997 Θεῷ,
1329 931 1422 985 καὶ
1465 931 1645 986 πάλιν·
1693 935 1871 998 Μόνῳ

287 1028 460 1098 σορῷ
503 1026 625 1094 Θεῷ
665 1025 764 1080 διὰ
805 1022 1001 1093 Ἰησοῦ
1044 1022 1304 1092 Χριστοῦ
1339 1024 1379 1092 ἡ
1412 1022 1563 1089 δόξα
1601 1025 1690 1091 εἰς
1727 1022 1871 1089 τοὺς

284 1118 525 1185 αἰῶνας,
561 1117 741 1188 ἁμήν.
771 1115 890 1169 Κᾶν
915 1112 1116 1167 τούτων
1157 1112 1236 1167 ἔτι
1268 1114 1489 1168 πλείονα
1531 1113 1741 1183 λέγοιτο
1789 1115 1870 1178 εἰς

287 1211 593 1280 δοξολογίαν
625 1208 721 1263 τοῦ
746 1206 865 1272 ἑνὸς
895 1207 990 1261 καὶ
1015 1205 1110 1258 ἐπὶ
1138 1206 1353 1260 πάντων
1378 1207 1513 1260 Θεοῦ
1543 1208 1636 1261 καὶ
1664 1206 1869 1261 τούτων

284 1304 541 1358 ἁπάντων
570 1301 676 1373 χρὴ
708 1303 848 1356 νοεῖν
880 1299 1068 1354 εἰκόνα
1114 1296 1253 1355 εἶναι
1292 1299 1384 1353 τὸν
1436 1300 1699 1371 μονογενῆ
1742 1299 1869 1355 Υἱὸν

286 1396 382 1452 τοῦ
426 1395 561 1451 Θεοῦ
592 1395 691 1466 οὐχ
723 1393 798 1458 ὡς
832 1392 1028 1465 ἀψύχῳ
1064 1392 1185 1467 ὕλῃ,
1217 1392 1331 1447 ἀλλ’
1364 1392 1441 1457 ὡς
1472 1395 1531 1446 ὲν
1564 1390 1678 1463 Υἰῷ
1708 1390 1870 1455 ζῶντι

293 1483 752 1557 μεμορφωμένην·
784 1482 889 1536 κᾶν
922 1482 1084 1546 αὐτὸς
1112 1484 1140 1536 6
1189 1481 1379 1554 Σωτὴρ
1423 1482 1584 1554 μόνον
1613 1481 1869 1553 ἀληθινὸν

283 1576 422 1631 Θεὸν
467 1576 696 1650 διδάσκῃ
740 1571 881 1630 εἶναι
925 1575 1018 1629 τὸν
1044 1574 1265 1647 Πατέρα
1298 1574 1495 1646 λέγων,
1531 1575 1658 1629 Ἵνα
1700 1574 1870 1645 γινώ-

286 1671 487 1726 σκωσί
530 1684 605 1724 σε
646 1669 755 1723 τὸν
808 1671 1004 1739 μόνον
1052 1668 1344 1738 ἀληθινὸν
1390 1668 1558 1734 Θεὸν,
1606 1667 1719 1722 ἀλλ’
1768 1669 1870 1724 οὐκ

294 1762 629 1833 ἀποκνητέον
656 1764 750 1817 καὶ
787 1762 947 1816 αὐτὸν
992 1760 1123 1815 Θεὸν
1165 1759 1414 1833 ἀληθινὸν
1456 1760 1758 1833 ὁμολογεῖν,
1792 1761 1869 1826 ὡς

283 1855 351 1908 ἐν
381 1855 568 1918 εἰκόνι,
612 1853 709 1908 καὶ
752 1853 909 1908 τοῦτο
952 1853 1308 1926 κεκτημένον·
1356 1853 1442 1907 ῐνα
1483 1854 1517 1925 ἡ
1563 1851 1658 1906 τοῦ
1706 1853 1868 1924 μόνου

291 1946 573 2020 προσθήκη
607 1946 753 2017 μόνῳ
784 1946 862 2018 τῷ
885 1947 1080 2018 Πατρὶ,
1107 1945 1183 2010 ὡς
1211 1945 1277 2000 ἂν
1309 1943 1420 2016 (3i)
1453 1944 1745 2016 ἀρχετύπῳ
1772 1946 1870 2017 τῆς

288 2038 515 2103 εἰκόνος,
561 2036 796 2109 ἁρμόζῃ.
836 2036 1160 2106 Σαφέστατα
1192 2034 1322 2104 γοῦν
1351 2033 1537 2088 εἰκόνα
1575 2035 1670 2088 καὶ
1695 2035 1872 2088 ἀπαύ-

282 2146 479 2200 γασμα
502 2127 596 2183 τοῦ
621 2128 833 2198 [ἰατρὸς
857 2128 916 2180 ὲν
945 2130 1126 2200 μορφῇ
1149 2144 1211 2181 τε
1239 2126 1334 2181 τοῦ
1360 2123 1497 2179 Θεοῦ
1530 2121 1675 2179 εἶναι
1707 2127 1871 2180 αὐτὸν

289 2223 319 2274 6
362 2219 645 2285 θεσπέσιος
680 2218 885 2283 ἐδίδαξε
918 2218 1151 2285 Παῦλος,
1188 2216 1265 2284 ὡς
1293 2218 1382 2272 διὰ
1424 2216 1532 2271 τῶν
1563 2216 1871 2289 ἔμπροσθεν

284 2308 664 2365 ἀποδέδεικται
697 2323 710 2336 ·
784 2305 974 2379 ὥσπερ
1036 2302 1128 2361 οὖν
1206 2306 1325 2371 ὲνδς
1387 2305 1697 2376 ὑφεστῶτος
1760 2308 1874 2360 Πα-

288 2397 440 2469 τρὸς,
490 2397 581 2451 καὶ
645 2398 764 2462 ἑνὸς
827 2396 957 2451 Υῐοῦ
1014 2396 1210 2467 φύντος
1235 2399 1310 2474 ἐκ
1359 2396 1452 2451 τοῦ
1500 2396 1711 2470 Πατρὸς
1772 2397 1872 2451 οὐκ

293 2492 360 2545 ἄν
404 2507 488 2554 τις
527 2488 804 2562 εὐφρονῶν
846 2487 990 2542 εἴποι
1019 2489 1113 2542 δύο
1154 2489 1397 2561 πατέρας
1438 2489 1723 2563 ὑπάρχειν,
1750 2491 1872 2545 οὐδὲ

287 2576 444 2646 ὐἱοὺς
484 2581 597 2638 δύο.
643 2582 753 2636 Καὶ
797 2579 988 2653 ὥσπερ
1047 2581 1312 2653 βασιλέως
1360 2582 1689 2653 κρατοῦντος
1733 2584 1869 2650 ἐνὸς,

288 2673 502 2737 εἰκόνος
532 2673 588 2727 δὲ
616 2673 780 2729 αὐτοῦ
830 2671 1109 2743 πανταχοῦ
1144 2674 1247 2744 γῆς
1291 2674 1706 2747 προφερομένης
1734 2675 1870 2747 (52),

284 2764 395 2817 οὐκ
441 2764 507 2818 ἄν
550 2782 636 2829 τις
681 2763 972 2837 σωφρονῶν
1018 2764 1113 2818 δύο
1156 2766 1298 2818 εἴποι
1344 2765 1471 2829 τοὺς
1518 2764 1870 2837 κρατοῦντας,

285 2854 408 2909 ἀλλ’
434 2855 529 2909 ἕνα
555 2855 646 2909 τὸν
670 2856 766 2909 καὶ
784 2854 870 2909 διὰ
892 2859 993 2926 τῆς
1021 2855 1230 2919 εἰκόνος
1256 2855 1585 2928 τιμώμενον·
1611 2857 1751 2911 κατά
1781 2856 1873 2911 τὸν

288 2946 457 3001 αὑτὸν
471 2947 690 3021 τρόπον,
704 2947 779 3011 ὡς
795 2946 890 3001 καὶ
908 2946 1169 3010 πολλάκις
1194 2948 1327 3019 ἡμῖν
1341 2946 1577 3020 εἴρηται,
1594 2947 1688 3001 καὶ
1706 2950 1737 3019 ἡ
1754 2949 1874 3002 Ἐκ-

294 3038 492 3110 κλησία
524 3038 617 3092 τοῦ
661 3038 796 3092 Θεοῦ
830 3038 927 3093 ἕνα
960 3037 1352 3111 παραλαϐοῦσα
1389 3037 1523 3092 Θεὸν
1570 3037 1747 3093 σέϐειν
1781 3039 1873 3092 τὸν

1972 567 2114 622 dicat
2158 568 2477 640 Apostolus,
2519 564 2780 627 deiﬁcans
2829 570 3080 638 Patrem,
3128 571 3232 637 Qui
3273 571 3455 628 beatus
3494 583 3546 629 et

1971 665 2115 719 solus
2152 676 2333 734 potens
2367 678 2440 721 est
2466 668 2532 719 σέ.
2566 668 2634 722 Et
2681 682 2895 731 rursus,
2937 665 3039 732 Qui
3072 667 3216 721 solus
3246 667 3393 722 habet
3443 669 3548 722 ima

1970 755 2365 823 mortalitatem,
2396 759 2562 813 lucem
2602 759 2845 813 habitans
2894 763 3213 814 inaccessam
3238 760 3303 815 “.
3339 761 3404 815 Et
3446 762 3549 818 ite-

1973 864 2114 914 num,
2158 847 2287 918 Regi
2317 859 2489 904 autem
2524 851 2862 915 saeculorum,
2902 851 3322 919 incorruptibili,
3360 853 3546 908 invisi-

1972 937 2082 1002 bili,
2127 938 2228 991 soli
2264 936 2369 992 Deo
2397 939 2461 992 °".
2495 938 2559 992 Et
2595 941 2813 1002 iterum,
2860 938 2975 994 Soli
3020 941 3246 1010 sapienti
3284 940 3411 1005 Deo,
3450 958 3545 1011 per

1969 1028 2150 1085 Iesum
2200 1028 2467 1084 Christum
2508 1032 2578 1085 sit
2625 1032 2794 1101 gloria
2843 1032 2900 1085 in
2947 1032 3142 1086 alecula
3194 1032 3543 1100 stecttlorum,

1970 1122 2133 1175 Amen
2168 1122 2234 1176 “.
2290 1120 2452 1175 Plura
2511 1122 2687 1176 adhuc
2717 1129 2863 1176 ‘cum
2922 1131 3171 1192 poterant
3222 1122 3443 1192 allegari
3491 1124 3545 1178 in

1969 1213 2148 1269 Patris
2188 1213 2528 1284 doxologiam
2555 1254 2571 1280 ,
2613 1214 2705 1283 qui
2740 1230 2877 1270 unus
2908 1223 3023 1280 est,
3069 1225 3124 1269 et
3170 1231 3332 1287 super
3363 1194 3545 1272 omnia

1972 1303 2145 1370 Deus,
2176 1320 2405 1375 quorum
2452 1306 2692 1359 onmium
2737 1320 2889 1360 mens
2930 1316 3046 1371 est,
3088 1316 3147 1361 ut
3182 1307 3547 1378 intelligamus

1969 1395 2166 1451 Filium
2219 1397 2553 1467 unigenitum
2605 1398 2696 1453 Dei
2748 1412 2870 1453 esse
2917 1398 3203 1468 imaginem
3255 1414 3359 1453 non
3401 1408 3459 1454 ut
3489 1401 3546 1456 in

1971 1488 2191 1541 materia
2228 1486 2474 1553 inanimi,
2515 1488 2608 1542 sed
2640 1496 2693 1542 ut
2728 1490 2782 1541 in
2822 1486 2959 1542 Filio
2992 1488 3112 1541 vivo
3154 1489 3543 1554 assimilatam;

1969 1579 2098 1651 quin
2141 1587 2194 1633 et
2236 1578 2349 1648 ipse
2381 1577 2639 1634 Servator
2675 1595 2797 1634 cum
2832 1580 2999 1634 Deum
3042 1595 3203 1634 unum
3245 1582 3416 1636 solum
3458 1596 3549 1636 ve-
3632 1597 3641 1607 θ

1969 1683 2086 1722 rum
2119 1682 2239 1723 esse
2274 1669 2485 1733 doceat,
2532 1668 2804 1738 inquiens,
2845 1666 2912 1722 Ut
2956 1679 3265 1736 cognoscant
3301 1680 3349 1723 te
3386 1685 3547 1724 unum

1969 1760 2135 1820 solum
2163 1777 2338 1817 verum
2374 1764 2541 1816 Deum
2565 1761 2650 1828 ‘9;
2686 1760 2781 1815 sed
2810 1776 2915 1816 non
2950 1772 3127 1816 tamen
3154 1777 3462 1832 gravemur,
3492 1772 3548 1817 et

1974 1869 2155 1908 verum
2187 1854 2350 1908 Deum
2379 1852 2651 1917 conﬁteri,
2681 1862 2736 1908 et
2764 1851 2960 1907 Filium
3007 1851 3170 1905 veluti
3213 1851 3265 1906 in
3313 1851 3549 1922 imagine

1973 1946 2345 2013 resultantem,
2395 1956 2458 2000 ut
2521 1945 2726 1999 additio
2774 1943 2866 1999 illa
2914 1943 3083 2011 solus,
3126 1943 3227 1999 soli
3268 1942 3412 1997 Patri
3450 1944 3549 1997 ad-

1972 2044 2202 2105 aptetur,
2224 2043 2409 2104 utpote
2423 2036 2514 2104 qui
2541 2032 2793 2103 imaginis
2817 2032 2888 2087 sit
2907 2033 3261 2102 archetypon.
3282 2030 3546 2099 Quocirca

1972 2127 2270 2181 clarissime
2295 2126 2530 2180 ostendit
2563 2124 2779 2178 divinus
2810 2122 3032 2189 Paulus,
3061 2123 3235 2194 ipsum
3263 2137 3381 2178 esse
3411 2122 3549 2176 ima-

1970 2221 2147 2291 ginem
2186 2217 2510 2283 eﬂluentem,
2559 2217 2731 2273 lucem
2777 2216 2988 2283 Patris,
3032 2225 3088 2272 et
3130 2217 3182 2270 in
3224 2214 3397 2270 forma
3450 2214 3547 2269 Dii

1971 2312 2279 2378 exstitisse;
2312 2311 2453 2381 quod
2490 2310 2547 2364 in
2578 2309 2947 2382 superioribus
2974 2307 3210 2378 positum
3256 2316 3340 2362 est
3378 2322 3406 2361 a
3448 2322 3549 2361 no-

1971 2405 2056 2460 bis
2094 2421 2111 2461 :
2153 2403 2322 2458 veluti
2365 2404 2532 2473 igitur
2575 2419 2698 2458 cum
2751 2415 2889 2457 unus
2960 2400 3223 2456 subsistat
3268 2398 3449 2466 Pater,
3493 2407 3549 2454 et

1972 2516 2112 2557 unus
2139 2501 2204 2556 de
2233 2499 2392 2554 Patre
2421 2498 2489 2554 sit
2518 2509 2671 2552 ortus
2696 2495 2889 2560 Filius,
2927 2508 3085 2549 nemo
3131 2492 3373 2564 prudens
3400 2489 3547 2545 amr-

1973 2592 2202 2648 maverit
2229 2590 2363 2645 duos
2398 2597 2601 2660 patres,
2640 2596 2734 2643 aut
2776 2585 2915 2642 lilios
2956 2586 3122 2651 duos;
3149 2592 3203 2640 et
3242 2583 3407 2638 veluti
3456 2581 3550 2637 ubi

1973 2700 2071 2741 rex
2097 2697 2233 2737 unus
2268 2690 2352 2737 est
2387 2697 2508 2736 cum
2540 2680 2786 2750 imperio,
2817 2677 2974 2748 cujus
3012 2679 3186 2747 imago
3217 2676 3414 2746 ubique
3442 2684 3552 2729 ter-

1973 2793 2159 2834 rarum
2201 2776 2495 2841 deferatur,
2540 2787 2699 2827 nemo
2740 2772 2979 2842 prudens
3008 2769 3143 2824 duos
3188 2766 3387 2823 dixerit
3428 2779 3551 2822 esse

1974 2885 2167 2941 reges:
2196 2867 2289 2924 sed
2321 2846 2485 2921 unum
2530 2863 2619 2933 qui
2660 2877 2757 2933 per
2786 2870 2841 2917 et
2884 2862 2936 2914 in
2969 2860 3206 2931 imagine
3243 2873 3341 2915 sua
3379 2857 3550 2912 bono-

1972 2974 2144 3019 ratur.
2172 2958 2374 3015 Eodem
2407 2959 2565 3011 modo
2595 2966 2652 3008 ut
2688 2955 2802 3026 jam
2845 2951 3053 3024 pluries
3085 2952 3289 3006 dictum
3317 2960 3420 3014 est,
3451 2949 3554 3004 Ec-

1973 3052 2136 3108 clesia
2160 3049 2277 3116 Dei,
2302 3065 2423 3118 quze
2451 3047 2659 3117 accepit
2694 3046 2852 3100 unius
2869 3049 2927 3108 ᾖ(
2945 3043 3039 3098 Dei
3054 3043 3281 3110 cultum,
3303 3040 3550 3096 eumdem

292 3132 478 3196 αὑτὸν,
514 3132 607 3186 καὶ
644 3131 730 3185 διά
762 3129 856 3185 τοῦ
888 3130 1040 3197 Υἰοῦ,
1099 3131 1175 3195 ὡς
1229 3129 1318 3184 διὰ
1362 3128 1503 3203 [τοῦ]
1535 3130 1642 3201 (55)
1666 3130 1872 3193 εἰκόνος

1976 3143 2142 3198 Deum
2186 3158 2285 3214 per
2315 3140 2512 3196 Filium
2558 3139 2846 3213 imaginem
2886 3151 3040 3191 suam
3081 3134 3288 3190 scilicet
3323 3133 3554 3188 adorare

300 3222 449 3294 μένει
478 3222 879 3294 προσκυνοῦσα.
916 3224 984 3275 Ἀ
1009 3222 1074 3294 δὴ
1101 3221 1196 3276 καὶ
1221 3222 1296 3295 μὴ
1325 3222 1503 3287 συνεὶς
1530 3221 1865 3295 Μάρκελλος,

294 3315 397 3389 τὴν
440 3314 623 3368 εἰκόνα
663 3313 757 3368 τοῦ
795 3313 931 3368 Θεοῦ
978 3314 1074 3368 τοῦ
1102 3314 1331 3386 ἀοράτου
1364 3312 1462 3386 τὴν
1502 3312 1702 3382 σάρκα
1732 3310 1869 3368 εἶναι

297 3406 393 3462 τοῦ
438 3408 687 3480 Σωτῆρος
727 3408 1064 3481 ἀπεφήνατο,
1097 3409 1163 3480 ἣν
1204 3409 1234 3462 6
1284 3407 1604 3471 ’Δπόστολος
1628 3405 1872 3477 μορφὴν

296 3499 454 3574 [τοῦ]
501 3500 725 3556 δούλου
780 3500 1067 3571 κέκληκεν·
1119 3501 1181 3554 οὐ
1226 3501 1600 3573 λογισάμενος,
1645 3500 1727 3552 ὅτι
1778 3496 1874 3551 καὶ

296 3594 496 3657 πάντες
521 3592 816 3665 ἄνθρωποι,
847 3593 985 3647 κατὰ
1006 3593 1102 3665 τὴν
1126 3593 1326 3664 σάρκα,
1348 3591 1441 3645 τοῦ
1470 3590 1720 3660 Σωτῆρος
1746 3603 1876 3655 τυγ-

297 3686 517 3757 χάνουσι
545 3684 988 3756 μεμορφωμένοι.
1023 3684 1135 3738 Καὶ
1169 3682 1232 3736 τὸ
1267 3683 1364 3754 μὲν
1394 3681 1554 3753 σῶμα
1596 3680 1625 3733 ὃ
1659 3678 1874 3750 ἀνείλη-

299 3791 399 3845 φεν
428 3776 457 3827 6
481 3774 690 3847 Σωτὴρ,
720 3773 821 3845 τῆς
849 3774 1145 3844 ἁγεννήτου
1169 3772 1264 3826 καὶ
1294 3773 1534 3844 ἀρρήτου
1562 3771 1655 3824 καὶ
1682 3786 1876 3841 πατρια-

298 3866 404 3937 κῆς
435 3864 684 3935 θεότητος
717 3865 900 3920 εἰκόνα
932 3862 1070 3919 εἶναι
1103 3863 1512 3936 διῖσχυρίζεται·
1546 3863 1638 3916 τὸν
1665 3861 1722 3915 δὲ
1747 3860 1874 3915 Υἰὸν

299 3958 395 4013 τοῦ
451 3958 584 4012 Θεοῦ
624 3958 715 4013 τὸν
764 3958 1048 4030 μονογενῆ,
1099 3957 1165 4011 δι’
1210 3950 1270 4011 οὗ
1312 3941 1382 4010 τά
1427 3955 1606 4030 πάντα
1644 3953 1872 4026 συνέστη

301 4052 541 4121 (Παντιι
568 4049 678 4121 γὰρ
715 4028 790 4103 δέ·
829 4028 1021 4104 αὑτοῦ
1047 4047 1305 4117 ἐγένετο,
1338 4047 1434 4101 καὶ
1475 4028 1657 4117 ἀωρίς
1690 4046 1876 4101 αὐτοῦ

298 4142 528 4215 ἐγένετο
559 4141 701 4197 οὐδὲ
722 4142 829 4213 ἓν),
854 4143 1095 4214 ἀρνεῖται
1121 4136 1257 4195 εἶναι
1281 4140 1464 4194 εἰκόνα
1492 4139 1587 4193 τοῦ
1613 4138 1748 4193 Θεοῦ
1782 4140 1878 4195 αὺ-

301 4220 420 4301 εταῖς
455 4234 742 4300 συλλαϐαῖς
778 4233 972 4304 λέγων,
1021 4253 1040 4288 ι
1089 4232 1299 4287 Οὐκοῦν
1331 4232 1617 4305 πρόδηλον,
1659 4233 1741 4287 ὅτι
1773 4232 1878 4305 πρὸ

308 4348 329 4382 ι
368 4329 465 4401 τῆς
509 4327 603 4381 τοῦ
654 4327 920 4400 ἡμετέρου
967 4326 1217 4398 σώματος
1261 4326 1604 4397 ἀναλήψεως,
1652 4326 1682 4379 6
1705 4326 1879 4395 Λόγος

309 4442 329 4474 ι
370 4420 493 4477 καθ’
544 4420 734 4474 ἑαυτὸν
784 4421 882 4473 οὐκ
929 4415 996 4491 ἦν
1041 4418 1203 4472 εἰκὼν
1238 4417 1331 4472 τοῦ
1372 4419 1601 4489 ἀοράτου
1644 4415 1801 4473 Θεοῦ.
1853 4435 1872 4469 ι

1972 3242 2298 3307 perseverat.
2343 3230 2497 3298 Quod
2526 3244 2650 3284 cum
2693 3225 2977 3281 Marcellus
3008 3225 3313 3294 ignoraret,
3356 3221 3549 3291 imagi-

1972 3340 2096 3381 nem
2130 3323 2276 3379 illam
2308 3321 2399 3376 Dei
2434 3319 2719 3375 invisibilis
2747 3317 2882 3371 dixit
2924 3331 3047 3371 esse
3087 3329 3301 3368 carnem
3343 3310 3544 3367 Serva-

1974 3417 2127 3481 toris,
2154 3430 2314 3485 quam
2348 3410 2638 3483 Apostolus
2675 3410 2808 3464 servi
2858 3408 3087 3477 formam
3109 3405 3153 3436 "°
3202 3402 3545 3458 nominavit:

1973 3507 2196 3562 minime
2233 3503 2540 3572 recogitans
2585 3500 2728 3573 quod
2768 3496 3064 3553 secundum
3097 3508 3316 3549 carnem
3356 3495 3555 3548 Serva-

1976 3598 2108 3654 toris
2132 3595 2379 3649 homines
2404 3591 2601 3662 singuli
2638 3589 2929 3659 imaginem
2962 3585 3386 3654 circumgestent
3412 3582 3550 3653 ejus.

1974 3689 2180 3757 Corpus
2225 3686 2406 3754 itaque
2456 3685 2597 3754 quod
2649 3680 2940 3750 assumpsit
2983 3678 3260 3741 Servator,
3310 3673 3404 3730 ille
3432 3688 3554 3729 esse

1976 3782 2260 3853 ingeniun,
2310 3776 2634 3842 iuetl'abilis,
2683 3784 2923 3846 paterna:
2987 3769 3211 3831 deritatis
3261 3767 3551 3839 imaginem

1976 3881 2250 3933 asseverat
2290 3888 2306 3926 :
2353 3868 2547 3924 Filium
2594 3878 2777 3923 autem
2826 3865 3199 3936 unigenitum,
3246 3875 3344 3931 per
3391 3873 3554 3930 quem

1977 3965 2157 4021 omnia
2187 3963 2507 4026 subsistunt,
2538 3959 2677 4014 Nam
2703 3958 2881 4029 omnia
2907 3972 3000 4027 per
3029 3954 3177 4009 illum
3209 3951 3354 4022 facta
3383 3959 3506 4005 sunt
3532 3989 3551 4016 ,

1976 4067 2023 4111 et
2049 4056 2159 4110 sine
2186 4054 2277 4109 illo
2311 4055 2511 4123 [actum
2538 4058 2616 4106 est
2647 4047 2780 4103 nihil
2805 4047 2848 4078 ⁷¹
2871 4084 2888 4113 ,
2921 4050 3083 4117 negat
3111 4043 3403 4113 imaginem
3433 4038 3555 4097 esse

1978 4147 2111 4214 Dei,
2157 4146 2379 4203 totidem
2434 4144 2615 4199 verbis
2671 4141 2957 4198 scribens:
2997 4156 3017 4190 ι
3047 4136 3310 4205 Quocirca
3367 4144 3552 4204 patet,

1984 4261 2003 4295 ι
2049 4242 2189 4310 quod
2235 4248 2362 4295 ante
2401 4248 2738 4308 assumptum
2770 4248 2965 4303 corpus
2997 4240 3276 4293 nostrum,
3318 4226 3554 4283 Verbum

1986 4351 2005 4385 ι
2051 4348 2147 4403 per
2182 4347 2242 4388 se
2285 4345 2390 4386 non
2441 4338 2560 4384 erat
2609 4329 2786 4398 imago
2833 4325 3077 4381 Patris.»
3138 4319 3346 4378 Videsis
3390 4334 3553 4388 quant

1978 4434 2255 4499 pervertat
2328 4421 2732 4491 interpretando
2787 4416 3031 4488 Apostoli
3108 4423 3380 4475 mentem,
3427 4425 3555 4465 cum

314 4514 479 4587 Ὁρᾷς
510 4514 613 4585 ὅσῃ
642 4512 937 4583 διαστροφῇ
968 4510 1228 4582 κέχρηται
1256 4511 1353 4582 τῆς
1381 4510 1741 4585 άποστολικῆς
1785 4513 1873 4585 ἐρ·-

1982 4518 2219 4575 Joannes
2246 4513 2572 4585 evangelista
2598 4510 2913 4583 uiysterimn
2942 4505 3095 4571 illud,
3123 4503 3265 4574 quod
3297 4500 3466 4594 Moysi
3499 4508 3557 4555 et

296 4606 553 4680 ’μηνείας.
579 4604 734 4659 Οὕτω
751 4605 809 4658 δὲ
829 4603 921 4657 τοῦ
941 4602 1323 4673 εὐαγγελιστοῦ
1364 4604 1634 4669 Ἰωάννου,
1653 4604 1714 4657 τὸ
1735 4605 1883 4676 παρὰ

302 4704 497 4760 Μωσεί
552 4700 646 4754 καὶ
697 4701 811 4762 τοῖς
861 4698 1067 4762 λοιποῖς
1125 4699 1430 4770 προφήταις
1487 4699 1884 4771 κεκρυμμένως

302 4793 647 4866 ἑγνωσμένον
682 4793 998 4864 μυστήριον,
1041 4790 1523 4862 εὐαγγελιζομένου
1556 4791 1651 4844 καὶ
1682 4792 1883 4844 ἀνακα-

305 4887 617 4950 λύπτοντος,
648 4882 859 4958 μεγάλῃ
881 4900 940 4937 τε
972 4884 1083 4957 (54)
1120 4883 1484 4957 κηρύττοντος
1525 4881 1620 4954 βοῇ
1660 4882 1740 4934 τό·
1780 4882 1883 4935 Ἐν

307 4980 465 5053 ἀρχῇ
482 4976 560 5051 ἦν
597 4982 629 5033 ό
656 4979 865 5050 Λόγος,
890 4977 987 5031 καί
1011 4980 1044 5032 ὁ
1063 4979 1254 5046 Λόγος
1282 4972 1361 5046 ἦν
1395 4974 1545 5044 πρὸς
1574 4973 1679 5029 τὸν
1712 4974 1878 5041 Θεὸν,

309 5072 405 5127 καί
429 5070 573 5137 Θεὸς
588 5068 666 5141 ἦν
686 5075 717 5125 ὁ
735 5073 943 5141 Λόγος·
976 5068 1172 5122 πάντα
1190 5067 1265 5121 δι’
1284 5067 1471 5122 αὑτοῦ
1491 5066 1726 5137 ἐγένετο
1742 5065 1877 5139 [(55)

307 5163 408 5219 καί
430 5163 609 5233 χωρὶς
636 5163 820 5217 αὑτοῦ
840 5161 1076 5232 ἐγένετο
1102 5159 1247 5214 οὐδὲ
1270 5159 1387 5232 ἓν],
1418 5159 1510 5213 καὶ
1538 5159 1884 5230 μαρτυρομέ-

307 5274 424 5323 νθυ,
454 5256 536 5311 ὅτι
561 5250 630 5327 ἦν
658 5255 718 5307 τὸ
748 5254 859 5325 φῶς
891 5253 1121 5323 φωτίζον
1150 5253 1324 5305 πάντά
1347 5251 1631 5324 ἄνθρωπον
1658 5250 1885 5323 ἐρχόμε-

1979 4608 2256 4681 prophetis
2284 4604 2588 4662 abstrusius
2615 4611 2734 4659 erat
2753 4640 2772 4669 ,
2800 4598 3079 4668 cognitum
3114 4591 3463 4647 annuntiaret
3495 4598 3553 4643 et

1978 4699 2195 4757 eﬂ‘erret
2224 4712 2414 4767 magna
2447 4693 2789 4766 praedicantis
2823 4705 2956 4744 voce
2990 4705 3005 4742 :
3038 4684 3107 4740 In
3138 4684 3399 4754 principio
3440 4690 3553 4736 erat

1990 4790 2236 4854 Verbum,
2267 4801 2312 4842 et
2354 4786 2576 4842 Verbum
2618 4790 2731 4838 erat
2771 4779 2912 4850 apud
2960 4777 3147 4841 Deum,
3178 4786 3225 4829 et
3261 4773 3401 4827 Deus
3437 4780 3552 4826 erat

1988 4884 2259 4941 Verbum:
2291 4882 2469 4934 omnia
2511 4893 2603 4948 per
2638 4878 2810 4946 ipsum
2844 4872 2989 4943 facta
3027 4878 3181 4933 sunt,
3212 4878 3258 4921 et
3300 4866 3410 4919 sine
3439 4865 3551 4934 ipso

1986 4977 2187 5043 [actum
2217 4981 2293 5027 est
2328 4970 2461 5025 nihil
2486 4969 2555 5035 ",
2585 4979 2816 5036 cumque
2841 4970 3067 5018 tesletur
3098 4973 3219 5014 eum
3250 4958 3424 5011 lucem
3453 4971 3520 5009 ex
3545 4990 3553 4996 —

1986 5067 2192 5122 stitisse
2237 5063 2629 5120 illuminantem
2668 5071 2887 5113 omnem
2934 5053 3203 5109 hominem
3248 5050 3550 5104 venientem

1989 5156 2042 5211 in
2079 5156 2221 5210 [tunc
2251 5153 2552 5207 mundum:
2597 5146 2663 5202 In
2705 5146 2899 5200 mundo
2940 5152 3085 5208 erat,
3116 5151 3161 5197 et
3194 5139 3419 5193 mundus
3460 5153 3553 5206 per

1987 5247 2156 5318 ipsum
2202 5247 2373 5316 {actus
2412 5250 2520 5309 est,
2564 5250 2612 5296 et
2646 5237 2870 5293 mundus
2913 5251 3031 5290 eum
3074 5249 3176 5289 non
3219 5228 3456 5303 cognovit
3483 5228 3550 5288 ⁷³.

380 5449 443 5525 ιῙά
478 5460 575 5514 Ed.
606 5457 807 5521 Paris.,
836 5471 959 5526 pag.
992 5455 1117 5511 ηε.
1172 5525 1177 5526 ν
1207 5455 1250 5526 f'
1289 5454 1305 5507 I
1340 5454 1560 5526 Tim.v1,
1800 5452 1846 5484 “

1976 5451 2012 5526 l_.
2043 5450 2154 5526 16._
2202 5447 2469 5526 7‘_'_I_'l'_i1n.
2497 5461 2538 5514 ι,
2562 5444 2646 5501 l7.
2724 5444 2769 5478 ⁸⁸
2805 5441 3095 5506 Rom.xvr,
3119 5438 3211 5493 27.
3310 5439 3355 5473 ⁸⁸
3388 5437 3553 5495 Joan.

302 5518 459 5597 ’xvni,
483 5532 536 5586 3.
614 5518 1066 5598 "Philiﬁpfuﬂ.
1138 5523 1402 5589 "JoanJ,
1433 5525 1486 5578 '5.
1562 5525 1607 5555 "'
1646 5521 1803 5578 Joan.
1831 5539 1869 5587 ι,
1898 5523 1946 5585 l,
1979 5523 2033 5576 3.
2108 5519 2155 5552 ⁷⁸
2196 5520 2325 5575 ibid.
2355 5518 2442 5573 10.

385 5705 500 5776 (3|)
534 5703 705 5776 Vulgo
730 5704 878 5758 deest
908 5703 990 5759 ἄν.

393 5773 482 5842 (3'2
534 5773 800 5844 Μῃζπερι
847 5791 929 5846 ερ.

395 5783 506 5900 (ὖὸζ
538 5843 645 5899 Τοῦ
681 5790 904 5900 auctio

395 5783 482 5842 (δι’.
534 5783 639 5843 Mp.
674 5789 929 5900 περιῗιερ.

395 5783 506 5919 (33;
538 5843 645 5899 Τοῦ
681 5860 788 5901 om.
855 5845 904 5901 ic
933 5853 983 5901 et
1009 5858 1132 5901 mox
1162 5841 1340 5907 codd;
1367 5856 1488 5895 mox
1518 5844 1676 5921 vulgo
1708 5841 1744 5898 ει
1766 5841 1845 5896 δέ.

2061 5700 2173 5768 (54)
2202 5699 2371 5771 Vulgo
2405 5698 2614 5771 μεγάλῃ
2638 5700 2727 5769 τῇ.

2059 5759 2171 5843 (ὖό)
2207 5759 2335 5827 Om:
2360 5759 2518 5858 codd.
2543 5759 2661 5826 Mox
2679 5759 2853 5839 "vulgo
2878 5764 2993 5837 φῶς
3017 5759 3085 5837 ἦν
3117 5759 3195 5815 τὸ.

2683 5929 2716 5941 ,ι
