4160 6444
361 268 488 329 ’965

1007 375 1166 432 ΚΕΦ-
1206 374 1334 431 KE'.

573 471 772 536 Ὅπως
797 471 830 523 ό
850 469 1031 534 αὐτὸς
1059 467 1246 533 ἐαυτῷ
1269 468 1510 522 ἐναντία
1541 467 1782 536 ἔγραψε.

451 561 585 619 Εἶτα
614 554 707 617 καὶ
745 561 904 625 αὐτὸς
942 561 1118 632 ἐαυτῷ
1154 560 1412 614 τάναντία
1443 559 1554 629 (47)
1595 559 1822 632 γράφων
1853 567 1952 611 ουκ

380 656 648 711 αἰσθεται.
688 649 776 707 Ἒν
803 653 1008 725 ἑτέροις
1038 651 1134 722 μὲν
1165 650 1272 720 γάρ
1302 648 1711 720 διῖσχυρίζεται,
1750 649 1952 720 μηδένα

381 743 476 796 τοῦ
521 743 781 814 προτέρου
826 741 977 804 λαοῦ,
1011 740 1078 794 τὰ
1126 739 1266 793 κατά
1311 739 1400 792 τὸν
1429 731 1599 807 Λόγον
1636 741 1948 808 ἐγνωκέναι.

382 836 694 906 Μυστήριον
721 828 977 904 γὰρεῖναι
1005 832 1518 904 ἀποκεκρυμμένον.
1543 833 1746 904 Γράφει
1768 833 1824 885 δὲ
1849 826 1950 886 ὦδε

385 926 574 988 αὑταῖς
602 925 811 992 λέξεσι·
849 943 866 975 ι
892 923 956 975 Τί
981 924 1088 994 γὰρ
1113 923 1297 995 ἕτερον
1332 917 1400 995 ἦν
1430 926 1915 997 ἀποκεκρυμμένον
1933 966 1948 991 ,

392 1037 410 1072 ι
425 1021 718 1088 μυστήριον
739 1016 770 1086 ἢ
798 1015 855 1068 τὸ
880 1015 1020 1068 κατά
1041 1015 1132 1068 τὸν
1154 1015 1324 1084 Λόγον
1351 1015 1523 1081 ;οὖτω
1537 1018 1592 1070 δὲ
1611 1017 1721 1088 (48)
1738 1014 1803 1088 ἦν
1819 1019 1953 1072 ἀπο-

390 1125 408 1157 ι
432 1105 804 1177 κεκρυμμένον
828 1107 887 1159 ὲν
915 1105 993 1175 τῷ
1009 1104 1149 1175 Θεῷ,
1184 1107 1334 1160 τουτὶ
1367 1107 1630 1179 πρότερον
1663 1108 1724 1160 τὸ
1752 1109 1954 1179 μυστή-

389 1216 408 1247 ι
439 1215 570 1268 ριον,
595 1198 732 1250 ὥστε
772 1197 974 1268 μηδένα
1017 1197 1111 1250 τοῦ
1147 1197 1408 1269 προτέρου
1445 1193 1596 1263 λαοῦ,
1654 1199 1838 1268 σαφῶς
1886 1201 1953 1254 τά

385 1286 561 1339 (κατά
582 1286 671 1339 τὸν
699 1287 868 1355 Λόγον
889 1285 1112 1338 εἰδέναι·
1144 1286 1255 1339 ἀλλ’
1283 1288 1448 1357 ἡμᾶς,
1475 1287 1569 1341 τοῦ
1600 1287 1829 1342 πλούτου
1855 1290 1954 1360 τῆς

385 1395 406 1426 ι
433 1376 590 1448 δόξης
646 1377 740 1430 καὶ
781 1376 874 1430 τοῦ
924 1378 1412 1448 ἀποκεκρυμμένου
1476 1381 1771 1452 μυστηρίου
1818 1383 1952 1436 ἀπο-

371 1486 409 1519 ·‹
433 1467 618 1522 λαύειν
639 1468 773 1522 νυνί.
802 1489 820 1519 ›
843 1469 951 1522 Καὶ
980 1465 1132 1534 αὖθις
1164 1470 1423 1539 ἐπιλέγει,
1444 1491 1462 1522 ι
1488 1473 1544 1523 'U
1559 1465 1615 1526 δὲ
1646 1471 1792 1544 ’ἱερὸς
1820 1473 1956 1526 ἀπό-

372 1579 408 1611 1
431 1559 612 1623 στολός
638 1577 696 1612 τε
727 1562 819 1614 καὶ
847 1560 1089 1632 μαθητὴς
1115 1561 1205 1614 τοῦ
1233 1563 1437 1633 Κυρίου
1474 1564 1742 1635 Ἰωάννης,
1769 1564 1954 1634 σαφῶς

390 1671 408 1702 ι
432 1652 526 1705 καὶ
569 1652 860 1723 διαρρήδην
887 1655 943 1705 ὲν
988 1653 1126 1724 ἀρχῇ
1162 1653 1257 1707 τοῦ
1297 1655 1627 1724 Εύαγγελίου
1665 1657 1950 1720 διδάσκων,

1342 260 1431 317 DE
1467 259 2003 319 ECCLESIASTICA
2039 261 2425 319 TliEOLOGlA
2464 256 2593 318 LIB.
2635 257 2694 316 ιι.

1984 381 2031 438 Α

3516 251 3622 310 966

2661 371 2812 428 CAP.
2847 371 2940 426 XX
2952 369 3009 427 ν.

2321 465 2561 531 Qualiter
2586 466 2685 520 sibi
2717 467 2816 534 ipsi
2847 461 3110 517 contraria
3138 459 3350 514 scribat.

2121 553 2236 610 Non
2289 557 2533 627 intelligit
2565 572 2727 626 porro
2759 555 2902 626 quod
2946 552 3046 607 sibi
3077 551 3175 619 ipsi
3205 547 3619 604 contradictoria

2053 649 2262 704 scribit.
2301 647 2511 701 Alicubi
2551 647 2817 714 siquidem
2850 651 3226 698 asseveranter
3261 637 3469 702 statuit,
3500 636 3622 690 nul-

2054 741 2160 793 lum
2211 739 2421 808 penitus
2461 739 2526 793 de
2569 737 2788 805 antiquo
2844 733 2933 788 illo
2985 731 3178 801 populo
3228 729 3515 798 quidquam
3554 727 3622 779 de

2054 824 2230 886 Verbo
2261 830 2594 898 cognovisse.
2644 827 2778 880 Nam
2810 835 2924 881 erat
2947 823 3264 892 mysterium
3305 827 3362 883 >3
3391 818 3622 872 abscon-

2054 924 2242 988 ditum,
2271 921 2465 990 inquit.
2498 918 2674 972 Verba
2705 918 2819 987 ejus
2843 925 2970 970 sunt
3001 914 3091 986 [R.
3118 913 3278 977 XLV,
3315 911 3438 965 coll.
3469 925 3522 972 p.
3550 907 3622 961 40

2056 1011 2119 1086 D]
2153 1029 2167 1066 :
2210 1033 2226 1064 ι
2254 1012 2388 1078 Quid
2417 1009 2560 1064 aliud
2587 1019 2701 1063 erat
2733 1011 3044 1078 mysterium
3070 1005 3195 1059 illud
3219 1004 3620 1061 absconditum,

2059 1124 2078 1155 ‹
2105 1120 2259 1173 quam
2289 1103 2414 1156 illud
2452 1101 2514 1156 de
2542 1099 2755 1154 Verbo?
2810 1099 2939 1152 Nam
2973 1107 3090 1152 erat
3153 1099 3252 1151 hoc
3301 1093 3618 1164 mysterium

2060 1217 2077 1247 ‹
2101 1197 2234 1250 adeo
2259 1195 2384 1248 olim
2417 1194 2469 1247 in
2509 1193 2617 1246 Deo
2643 1192 3036 1254 absconditum,
3072 1199 3131 1243 ut
3162 1201 3193 1242 e
3216 1188 3380 1257 priori
3411 1186 3498 1238 illo
3521 1198 3621 1254 po-

2060 1305 2077 1336 ι
2101 1287 2244 1356 pulo,
2273 1285 2447 1339 nullus
2473 1284 2628 1353 plane
2660 1284 2760 1338 hoc
2795 1286 2968 1351 ipsum
3010 1281 3346 1348 intelligeret.
3380 1278 3483 1332 Sed
3524 1291 3621 1329 no-

2061 1378 2182 1431 rbis
2223 1375 2334 1444 jam
2381 1389 2632 1429 concessa
2689 1383 2772 1428 est
2832 1373 3016 1427 fruitio
3071 1372 3378 1426 divitiarum
3439 1369 3621 1436 gloriae

2046 1488 2078 1520 τι
2105 1468 2290 1539 ipsius,
2329 1476 2382 1523 et
2435 1466 2673 1540 mysterii
2709 1465 2850 1520 illius
2896 1463 3335 1518 reconditissimi.
3360 1480 3382 1511 υ
3425 1461 3620 1513 Statim

2055 1576 2184 1614 vero
2245 1559 2510 1613 subinfert
2546 1556 2637 1628 [ιι.
2671 1555 2833 1610 XLVI
2881 1555 3004 1611 coll.
3057 1569 3113 1623 p.
3161 1553 3230 1608 '56
3277 1553 3317 1605 ι)
3369 1550 3467 1605 118
3495 1547 3558 1621 (η
3604 1568 3618 1602 :

2063 1651 2490 1706 «Sanctissimus
2540 1664 2665 1704 vero
2713 1648 3004 1716 apostolus,
3054 1654 3106 1699 et
3138 1642 3345 1698 Domini
3387 1642 3624 1710 discipu-

373 1761 406 1792 ·‹
428 1743 502 1807 ὡς
513 1744 870 1814 ἀγνοούμενον
892 1746 948 1796 ὲν
971 1745 1273 1817 ἀνθρώποις
1294 1749 1574 1819 πρότερον,
1603 1749 1772 1816 Λόγον
1790 1749 1949 1802 αὐτὸν

2061 1765 2076 1795 ι
2103 1746 2181 1798 lus
2205 1743 2460 1806 Joannes,
2503 1742 2729 1795 exertim
2763 1748 2818 1793 et
2860 1748 3046 1808 aperte
3073 1737 3124 1790 in
3159 1746 3350 1791 exortu
3389 1735 3624 1798 Evange-

387 1854 403 1884 ι
430 1833 524 1888 τοῦ
561 1836 996 1909 παντοκράτορος
1031 1836 1331 1908 ὀνομάζων,
1365 1839 1533 1905 οὕτως
1558 1841 1682 1913 ἔφη,
1727 1843 1822 1895 Ἑν
1856 1844 1951 1912 ἀρ-

387 1946 404 1976 ι
431 1925 512 1996 χῇ
535 1924 612 1998 ἦν
639 1931 670 1981 o’
700 1929 907 1998 Λόγος.
939 1948 957 1981 ι
1004 1931 1092 1983 Ἐν
1125 1930 1333 1994 τούτοις
1358 1932 1456 2002 μὲν
1486 1929 1579 1986 οὖν
1605 1935 1951 2005 ἀποκεκρυμ-

379 2020 541 2090 μένον
568 2022 862 2091 μυστήριον
907 2021 1195 2093 διορίζεται
1225 2013 1463 2087 εἶναιτὸ,
1500 2025 1628 2094 περὶ
1659 2023 1750 2077 τοῦ
1783 2025 1951 2093 Λόγον

367 2112 523 2181 ἔχειν
541 2112 632 2164 τὸν
654 2111 805 2176 Θεὸν,
840 2113 896 2165 ὲν
928 2113 983 2164 δὲ
1011 2115 1131 2176 ταῖς
1160 2113 1359 2186 ἀρτίως
1385 2115 1803 2184 παρατεθείσαις
1826 2131 1954 2187 προσ

375 2206 638 2273 -φητικαῖς
665 2206 886 2271 φωναῖς,
907 2203 1084 2268 πάσας
1106 2203 1202 2268 τὰς
1229 2204 1378 2268 Θείας
1401 2205 1622 2276 Γραφὰς
1643 2205 1950 2277 κηρύττειν,

381 2297 450 2350 τά
497 2293 626 2368 περὶ
668 2296 839 2350 αὑτοῦ
891 2297 1188 2368 συνίστησι,
1229 2297 1324 2350 καὶ
1375 2298 1593 2366 συνάγει
1625 2299 1753 2369 περὶ
1781 2299 1952 2367 Λόγου

382 2385 539 2450 Θεοῦ,
571 2385 828 2450 πλείστας
848 2386 979 2447 ὅσας
1011 2386 1333 2458 μαρτυρίας.
1358 2387 1471 2440 Οὐκ
1499 2382 1606 2458 ἆρα
1633 2382 1701 2458 ἦν
1735 2387 1957 2454 ἀγνοού-

372 2495 544 2548 μενος
571 2477 648 2548 τῷ
681 2479 930 2550 προτέρῳ
955 2477 1087 2548 λαῷ*
1119 2479 1318 2541 πάντες
1345 2479 1454 2550 γάρ
1480 2479 1658 2542 αὐτοὶ,
1693 2481 1818 2543 τοὺς
1844 2497 1953 2532 τοι-

368 2568 568 2633 ούτους
599 2569 790 2639 λόγους
821 2569 1016 2640 ᾔδεσαν
1050 2569 1156 2622 ἀνά
1183 2570 1374 2640 στόμα,
1411 2572 1505 2624 καὶ
1528 2570 1616 2625 διά
1650 2574 1866 2643 μνήμης
1887 2570 1959 2625 τά

379 2663 693 2733 προφητικά
714 2663 868 2731 λόγια
892 2663 1167 2734 φέροντες.
1201 2663 1358 2716 Ἀλλά
1377 2664 1466 2717 τὸν
1492 2667 1821 2737 γραμματέα
1849 2665 1956 2718 τῶν

394 2753 657 2808 Ἰουδαίων
683 2757 814 2825 ἡμῖν
845 2756 873 2808 6
904 2756 1222 2826 Χριστιανὸς
1253 2758 1594 2828 προΐσχεται’
1622 2758 1721 2810 οὐκ
1747 2755 1956 2811 ἀκούων

365 2843 472 2897 τοῦ
495 2843 746 2916 Σωτῆρος
773 2845 1042 2914 λέγοντος,
1077 2846 1220 2900 Οῠαί
1257 2846 1417 2916 ὑμῖν,
1449 2847 1825 2917 γραμματεῖς,
1858 2847 1956 2902 καὶ

366 2936 685 3005 ’Φαρισαῖοι
706 2938 1041 3006 ὑποκριταί,
1081 2938 1347 3009 θαυμάζει
1375 2956 1434 2992 τε
1477 2940 1639 2994 αὑτὸν
1672 2940 1777 3012 (49)
1811 2941 1957 3012 ὅρκῳ

382 3029 738 3101 πιστούμενον
789 3031 870 3083 ὅτι
911 3028 1014 3096 Εἷς
1053 3031 1222 3085 ἐστιν
1259 3035 1292 3086 ὀ
1340 3031 1502 3097 Θεὸς,
1548 3033 1644 3086 καὶ
1689 3035 1800 3086 οὐκ
1826 3035 1957 3088 ἐστι

380 3118 549 3186 πλὴν
588 3119 794 3184 αὐτοῦ,
829 3120 930 3173 οὐκ
960 3119 1136 3187 εἰδὼς,
1173 3122 1254 3175 ὅτι
1286 3122 1380 3176 καὶ
1424 3121 1493 3175 τά
1537 3121 1822 3193 «δαιμόνια
1868 3141 1958 3178 πι-

388 3228 407 3260 ι
432 3208 699 3272 σιτεύουσι,
730 3210 822 3262 καὶ
851 3211 1147 3279 φρίττουσι.
1175 3228 1196 3263 ›
1239 3211 1403 3281 Τήρει
1437 3211 1494 3264 δὲ
1513 3212 1659 3275 ὅπως
1693 3211 1750 3278 ἐξ
1777 3211 1957 3266 αὐτῶν

381 3301 490 3356 τῶν
512 3302 864 3373 προφητικῶν
887 3301 1138 3374 Γραφῶν,
1168 3302 1234 3356 τά
1268 3304 1394 3376 περὶ
1417 3303 1590 3371 Λόγου
1612 3303 1832 3372 συνάγει
1857 3302 1952 3357 τοῦ

381 3394 490 3446 τῶν
518 3393 805 3465 πρακτέων
843 3395 1250 3450 διδασκαλικοῖν
1284 3397 1342 3450 ὃν
1383 3397 1476 3451 καὶ
1522 3397 1786 3451 Ἰουδαίων
1831 3399 1957 3449 παῖ-

371 3485 466 3549 δες
495 3485 778 3558 γνωρίζειν
804 3487 1225 3558 ὁμολογήσουσιν
1253 3489 1387 3559 (50),
1414 3490 1509 3542 ἆτε
1533 3489 1638 3559 πρὸ
1665 3487 1824 3558 ἡμῶν
1842 3486 1958 3540 τοῦ·

379 3592 472 3628 τον
523 3577 944 3649 παρειληφότες.
1008 3580 1146 3632 Ἀλλ’
1180 3580 1300 3633 οὐδὲ
1341 3579 1502 3642 αὐτὸς
1545 3579 1828 3640 Σαὸέλλιος
1866 3579 1957 3631 τὸν

381 3668 620 3722 τοιοῦτον
653 3670 836 3738 ἠγνόει
857 3672 1047 3739 Λόγον.
1085 3672 1207 3735 Πῶς
1225 3667 1317 3725 οὖν
1346 3671 1629 3736 Ἰουδαίους
1657 3672 1748 3724 καὶ
1768 3670 1958 3724 Σαὸέλ-

382 3759 496 3812 λιον
542 3761 776 3826 κόπτων,
817 3763 888 3833 μὴ
923 3761 1216 3831 ἐγνωκέναι
1266 3763 1356 3815 τὸν
1402 3762 1571 3831 Λόγον
1629 3761 1753 3832 ἔφη,
1787 3761 1852 3814 δι’
1884 3755 1959 3814 ὧν

387 3849 705 3922 παρεθέμην
733 3849 896 3904 αὑτοῦ
932 3852 1159 3922 φωνῶν;
1203 3853 1317 3905 Καὶ
1357 3853 1541 3924 ἐπειδὴ
1577 3852 1956 3922 ἀποπέφανται

383 3943 414 3996 6
439 3943 619 4006 αὐτὸς,
659 3943 747 3998 διὰ
785 3944 893 3998 τῶν
920 3945 1244 4016 ἔμπροσθεν,
1287 3946 1363 4010 ὡς
1403 3940 1575 4009 οὐδεὶς
1605 3943 1826 3998 ἐδύνατο
1868 3944 1958 3998 τὸν

387 4033 520 4088 Θεὸν
560 4036 776 4098 εἰδέναι,
807 4037 927 4090 οὐδὲ
954 4039 1046 4092 τὸν
1075 4039 1243 4108 Λόγον
1270 4035 1552 4109 γνωρίζειν
1579 4037 1743 4091 αὐτοῦ
1798 4039 1846 4089 εἰ
1881 4037 1954 4108 μὴ

374 4123 484 4196 τὴν
522 4127 704 4180 εἰκόνα
751 4128 960 4198 εἰλήφει
988 4127 1080 4181 τοῦ
1138 4128 1367 4201 ἀοράτου
1407 4126 1564 4193 Θεοῦ,
1620 4127 1819 4199 δηλαδὴ
1860 4127 1958 4198 τὴν

390 4216 584 4287 σάρκα,
619 4217 694 4282 ὡς
726 4215 884 4284 αὐτὸς
912 4219 1050 4290 ἔφη’
1104 4214 1211 4288 (διὰ
1256 4219 1422 4290 μόνης
1453 4219 1561 4291 γάρ
1611 4219 1709 4290 τῆς
1751 4217 1957 4284 εἰκόνος

386 4306 742 4379 γνωρίζεσθαι
782 4309 874 4363 τὸν
905 4309 1036 4363 Θεὸν
1068 4303 1280 4363 καὶτὸν
1327 4309 1512 4363 τούτου
1558 4309 1728 4377 Λόγον
1767 4309 1959 4363 διετεί-

386 4416 535 4462 νατο,
566 4400 664 4471 τὴν
699 4401 879 4472 σάρκσί
910 4401 1082 4470 λέγων
1136 4399 1391 4473 εἶναιτὴν
1424 4402 1606 4454 εἰκόνα
1626 4401 1665 4471 ’)
1709 4402 1954 4473 ὖπ⁰μ’²η’
1988 4423 2031 4478 D

389 4490 540 4543 στέον
587 4490 674 4543 διὰ
706 4491 814 4542 τῶν
863 4491 1235 4561 προκειμένων
1281 4491 1355 4555 ὡς
1381 4491 1502 4562 δίχα
1553 4492 1650 4562 τῆς
1693 4492 1955 4563 ὲνσάρκου

387 4581 684 4653 παρουσίας
713 4581 948 4634 Ἰουδαῖοι
998 4581 1196 4645 πάντες
1241 4580 1330 4635 τὸν
1354 4581 1507 4650 λόγον
1550 4581 1642 4635 τοῦ
1675 4579 1833 4644 Θεοῦ,
1866 4580 1960 4633 καὶ

382 4673 507 4736 τοὺς
547 4673 737 4742 λόγους
767 4673 892 4737 τοὺς
929 4675 986 4726 ὲν
1010 4677 1128 4738 ταῖς
1161 4676 1522 4745 προφητικαίς
1549 4675 1807 4745 γραφαῖς,
1849 4671 1958 4724 τῶν

383 4764 544 4818 ὁσίων
584 4764 760 4838 ἔργων
819 4766 1306 4838 παραγγελτικοῦς,
1351 4765 1593 4838 ἀκριϐῶς
1645 4765 1858 4836 ᾔδεσαν,
1902 4763 1961 4826 ἐξ

386 4854 608 4909 ἁπαλῶν
659 4857 864 4929 ὀνύχων
912 4858 1133 4922 τούτους
1179 4857 1678 4928 καταμελετῶντεςο
1727 4857 1821 4908 καὶ
1870 4855 1960 4908 τὸν

388 4945 518 4998 Θεὸν
545 4946 851 5018 ὡμολόγουν
874 4950 964 5004 τὸν
989 4950 1204 5004 πάντων
1235 4949 1461 5020 ποιητὴν
1487 4947 1578 5001 καί
1599 4947 1922 5018 δημιουργόν
1941 4963 1956 4976 ο

2046 1855 2073 1886 ἰ
2100 1836 2177 1897 lii,
2210 1833 2372 1889 veluti
2405 1833 2495 1902 qui
2529 1831 2744 1883 doceret
2786 1827 2927 1897 quod
2988 1825 3134 1895 prius
3165 1821 3512 1893 ignorabatur
3550 1819 3626 1872 in.

2057 1949 2075 1982 ι
2102 1940 2182 1984 ter
2210 1929 2474 1992 homines,
2514 1923 2748 1978 Verbum
2801 1919 3187 1990 omnipotentis
3225 1931 3345 1969 eum
3380 1913 3625 1967 nominat

2059 2040 2077 2072 ι
2107 2021 2180 2074 ita
2234 2018 2501 2087 inquiens,
2543 2014 2611 2067 In
2663 2012 2917 2081 principio
2950 2017 3076 2062 erat
3132 2005 3438 2061 Verbum".
3468 2023 3490 2056 ς
3545 2003 3623 2057 Ita

2053 2112 2326 2167 contendit
2364 2110 2408 2164 is
2429 2123 2524 2176 per
2555 2107 2654 2160 ista
2697 2101 3070 2158 absconditum
3113 2098 3425 2169 mysterium
3457 2095 3624 2149 fuisse

2055 2203 2205 2264 illud,
2231 2201 2395 2255 Deum
2426 2197 2676 2252 habuisse
2711 2193 2972 2249 Verbum.
3010 2190 3319 2258 Scripturas
3350 2201 3478 2240 vero
3507 2199 3624 2238 om-

2056 2309 2152 2348 nes
2176 2305 2345 2361 nuper
2377 2291 2655 2352 recitatas,
2677 2296 2731 2339 et
2750 2284 3022 2354 appositas
3039 2279 3420 2350 prophetarum
3439 2291 3622 2343 voces,

2058 2382 2356 2452 praedicare
2377 2379 2490 2432 vult
2514 2392 2634 2448 quae
2665 2382 2792 2430 sunt
2816 2373 2886 2428 de
2906 2371 3102 2436 Verbo,
3123 2385 3256 2440 quas
3273 2371 3540 2437 plurimas
3568 2369 3623 2422 in

2057 2476 2214 2543 hujus
2232 2472 2308 2527 rei
2328 2470 2689 2526 testimonium
2705 2463 3062 2522 coacervavit.
3083 2461 3159 2516 lta
3178 2478 3280 2516 non
3296 2458 3624 2528 eratpopulo

2058 2563 2130 2618 illi
2169 2561 2340 2633 priori
2366 2562 2668 2629 ignoratum
2701 2556 2804 2610 hoc
2838 2554 3150 2626 mysterium
3182 2549 3449 2607 :universi
3478 2549 3624 2604 enim

2058 2661 2340 2718 noverant,
2373 2658 2426 2705 et
2455 2649 2718 2704 memoria
2752 2647 3010 2702 tenebant
3055 2651 3106 2699 et
3154 2657 3248 2697 ore
3292 2639 3628 2709 usurpabant

2059 2746 2446 2818 prophetarum
2467 2743 2556 2797 illa
2575 2741 2816 2796 oracula.
2831 2741 2902 2793 At
2932 2738 3073 2794 enim
3091 2745 3146 2792 et
3161 2737 3226 2790 de
3241 2734 3442 2790 Iudaeis
3471 2732 3626 2787 nobis

2058 2839 2290 2895 scribam
2327 2844 2680 2906 repraesentat
2714 2831 3055 2886 Christianus
3090 2843 3210 2882 cum
3251 2827 3322 2881 sit
3358 2843 3371 2880 :
3405 2841 3510 2879 nun
3544 2834 3626 2877 at-

2061 2931 2285 2984 tendens
2319 2927 2463 2997 quod
2503 2926 2764 2979 Servatur
2809 2921 2966 2986 dixit,
3023 2916 3108 2972 Va:
3142 2918 3308 2980 vobis,
3345 2913 3542 2970 Scriba:
3577 2923 3625 2967 et

2063 3021 2320 3074 Phariscei
2365 3017 2653 3089 hypocrin
2673 3015 2740 3068 ⁸¹.
2780 3013 3040 3082 lllumque
3085 3011 3308 3080 suspicit
3335 3009 3476 3079 quod
3505 3024 3624 3062 cum

2054 3111 2403 3184 jurejurando
2429 3108 2651 3174 dixerit,
2677 3104 2832 3172 Quod
2853 3121 2989 3158 unus
3021 3103 3158 3157 Deus
3177 3113 3230 3155 et
3258 3111 3450 3171 praeter
3483 3116 3624 3160 eum,

2058 3219 2159 3256 non
2183 3211 2258 3256 est
2284 3199 2441 3255 alius.
2471 3197 2633 3265 Quasi
2652 3194 2884 3250 nesciret
2907 3193 3047 3262 quod
3074 3202 3128 3245 et
3156 3209 3179 3242 ι
3213 3191 3481 3244 ιίτειιιοηρε
3509 3203 3630 3241 cre-

2058 3293 2187 3347 dant
2212 3299 2266 3346 et
2296 3289 2739 3344 contremiscant.
2766 3303 2787 3338 ι
2821 3284 2958 3338 Nota
2993 3283 3121 3336 mihi
3152 3289 3332 3335 autem
3367 3278 3628 3348 quemad-

2059 3382 2277 3436 modum
2331 3380 2397 3434 de
2441 3377 2772 3448 propheticis
2795 3374 3097 3443 Scripturis
3130 3371 3338 3439 colligit
3385 3385 3503 3438 quae
3555 3369 3623 3422 ad

2057 3473 2280 3528 verbum
2332 3470 2459 3524 illud
2493 3469 2789 3540 pertinent,
2836 3467 2977 3537 quod
3004 3474 3096 3520 est
3118 3465 3443 3535 agendorum
3477 3477 3629 3518 com-

2060 3562 2504 3621 mouefaclorium
2549 3583 2562 3616 :
2615 3560 2758 3628 quod
2785 3559 2958 3628 ipsum
2997 3556 3314 3610 fatebuntur
3365 3569 3424 3609 se
3456 3569 3625 3623 aguo-

2057 3668 2210 3710 scere
2243 3650 2324 3706 vel
2356 3648 2551 3710 Judaei,
2597 3647 2758 3701 veluti
2793 3646 2883 3716 qui
2928 3655 3055 3699 ante
3093 3659 3189 3698 nos
3232 3645 3338 3699 hoc
3361 3643 3472 3712 jam
3495 3645 3624 3698 olim

2055 3745 2442 3802 edocebantur.
2475 3739 2586 3796 Sed
2612 3756 2710 3796 nec
2732 3741 2960 3808 ipsemet
2997 3737 3265 3792 Sabellius
3291 3735 3628 3804 hujuscemo-

2057 3839 2109 3894 di
2145 3837 2380 3893 Verbum
2421 3833 2723 3904 ignorabat.
2764 3831 2936 3896 Quam
2977 3828 3246 3882 immerito
3301 3826 3500 3882 idcirco
3531 3824 3627 3880 ﬂa-

2057 3927 2539 3997 gellatSabeilium
2591 3933 2647 3979 et
2671 3922 2906 3982 Judaeus,
2955 3920 3007 3974 in
3054 3921 3322 3988 excerptis
3361 3934 3390 3972 a
3430 3933 3516 3972 me
3557 3918 3627 3971 de

2059 4023 2225 4092 ipsius
2260 4020 2397 4074 libro
2431 4016 2640 4087 positis,
2682 4014 2824 4084 quod
2862 4011 3095 4065 Verbum
3127 4011 3462 4078 ignorabant,
3503 4025 3626 4065 cum

2059 4126 2255 4167 nomen
2283 4109 2335 4164 id
2365 4108 2434 4162 ab
2466 4107 2554 4161 illo
2579 4106 2770 4160 scitqu
2805 4103 2896 4166 sit,
2931 4102 3071 4170 quod
3104 4100 3270 4155 Deum
3316 4101 3497 4156 videre
3527 4115 3626 4155 ne-

2058 4219 2147 4258 mo
2171 4211 2402 4270 poterat,
2425 4201 2518 4256 sed
2551 4214 2652 4253 uec
2699 4197 2868 4267 ipsius
2897 4192 3130 4248 Verbum
3171 4193 3487 4262 intelligere,
3521 4193 3625 4245 nisi

2059 4296 2346 4366 imaginem
2377 4295 2624 4349 induerat
2670 4290 2957 4346 invisibilis
2993 4288 3124 4352 Dei,
3175 4301 3395 4341 carnem
3432 4299 3627 4353 nempe

2059 4385 2344 4440 intendens
2381 4384 2665 4453 imaginem
2706 4381 2885 4444 illam;
2946 4393 3072 4433 nam
3102 4391 3198 4446 per
3234 4373 3403 4428 solam
3435 4374 3625 4442 imagi-

2061 4491 2182 4532 nem
2211 4474 2462 4546 cognosci
2491 4474 2733 4544 potuisse
2769 4473 2960 4534 Deum,
2989 4478 3042 4522 et
3067 4467 3232 4537 ipsius
3264 4464 3356 4519 Dei
3386 4463 3622 4518 Verbum

2061 4568 2356 4624 contendat
2379 4580 2601 4621 carnem
2631 4577 2883 4619 asserens
2924 4560 3090 4614 fuisse
3136 4557 3421 4626 imaginem
3449 4555 3620 4610 illam.

2063 4662 2169 4718 Sed
2199 4658 2511 4714 meminisse
2545 4656 2801 4710 debemus
2841 4655 2894 4705 in
2945 4650 3314 4721 superioribus
3367 4647 3621 4717 positum,

2061 4753 2202 4826 quod
2230 4753 2434 4820 absque
2473 4746 2673 4804 carnali
2733 4744 3039 4815 praesentia,
3080 4739 3247 4795 Judmi
3289 4753 3478 4795 omnes
3506 4755 3626 4792 ver-

2065 4846 2191 4900 bum
2250 4841 2363 4906 Dei,
2395 4850 2450 4895 et
2479 4839 2642 4894 verba
2689 4837 2814 4899 Dei,
2854 4851 2973 4903 quae
3012 4833 3208 4887 divinis
3243 4834 3625 4900 prophetarum

2065 4935 2365 5004 Scripturis
2422 4933 2624 4996 insunt,
2666 4930 2736 4982 ad
2783 4936 2970 4983 sancta
3017 4939 3182 4994 opera
3243 4923 3624 4988 admonitoria,

386 5035 576 5109 ὥσπερ
597 5015 700 5095 ⁷οὖν
736 5015 834 5094 *καὶ
854 5041 1234 5113 γραμματεὺς,
1267 5042 1296 5093 6
1323 5015 1388 5092 δι’
1418 5015 1580 5111 δρκου
1611 5015 1956 5107 πιστούμενος

2072 5027 2413 5087 exactissime
2462 5022 2759 5086 callebant,
2795 5035 2916 5075 cum
2961 5034 2990 5072 a
3053 5019 3253 5074 teneris
3301 5015 3623 5089 unguiculis,

468 5249 526 5307 ὦ
563 5243 660 5299 Ed.
689 5243 864 5302 Paris.
916 5263 1032 5318 pag.
1070 5247 1193 5302 Mi.
1279 5247 1321 5279 ⁸⁸
1355 5245 1510 5302 Joan.
1542 5259 1581 5311 ι,
1614 5243 1666 5298 Ι.
1741 5241 1999 5300 “Matth.
2035 5253 2168 5295 xxut
2235 5234 2325 5290 15.

455 5491 567 5562 (47)
608 5489 780 5562 Vulgo
807 5490 1027 5545 ἐναντία

454 5561 568 5634 (i8)
601 5561 947 5634 Ὺυιεορῡτω
969 5564 1098 5634 γάρ·

453 5629 566 5706 (49)
599 5629 923 5700 Θαιψὰζὲτε
949 5629 1152 5688 αὑέόν.
1193 5633 1326 5702 lmo,
1362 5629 1626 5702 θαυμάζει
1656 5659 1737 5701 τε.
1770 5630 1956 5692 Admi-

2058 5493 2211 5540 ratur
2239 5478 2523 5536 Marcellus
2551 5476 2784 5531 scribam
2820 5473 2994 5528 illum.
3028 5471 3100 5527 Μ.

2131 5552 2246 5624 (50)
2273 5550 2440 5624 V_ulgo
2463 5545 2900 5624 6_po)toyoiaotv.et
2939 5542 3290 5614 ἀποπέφαται
3321 5550 3375 5597 ct
3417 5552 3536 5594 mox
3572 5553 3626 5592 τ.

2063 5616 2241 5697 σάρκα
2271 5616 2411 5674 εἶναι
2450 5616 2546 5691 τῆν
2576 5619 2779 5684 εἰκόνα,
2811 5616 2905 5679 ὡς.
