4160 6444
358 387 466 443 ὕῖδ

1377 385 1467 441 DE
1507 383 2048 441 ECCLESIASTSCA
2080 377 2485 445 .THEOLOCIA
2520 383 2652 447 LIB.
2693 388 2783 445 ιιι.

3531 395 3641 454 974

357 505 509 578 αὐτῷ
537 504 650 578 (61)
687 503 858 577 σοφὴν
885 504 999 570 ἓξιν
1037 502 1331 558 ὑπολαϐεῖν
1363 503 1598 574 ἀδελφην
1622 500 1732 555 τῶν
1764 501 1823 555 έν
1848 501 1937 555 ἀν-

2050 502 2330 573 pientiam,
2354 518 2600 560 sororem
2628 503 2777 560 dicat
2803 503 3125 559 nominatim
3154 504 3398 560 habitum
3446 519 3637 564 eoi-um

360 596 601 672 θρώποις
632 597 1043 670 κατορθούντων
1068 595 1357 666 λέγεσθαι;
1382 595 1447 648 Ei
1472 594 1530 648 δὲ
1555 594 1650 647 ἐπὶ
1684 593 1778 647 τὸν
1811 593 1950 665 Χρι-

361 692 485 747 στὸν
517 689 614 746 τοῦ
642 689 779 745 Θεοῦ
814 689 1069 753 autem;
1106 689 1167 741 τὸ
1199 687 1512 760 εἰρημένον,
1557 685 1792 758 Χριστὸς
1844 685 1953 757 γὰρ

360 782 496 841 Θεοῦ
520 785 751 853 δύναμις
780 783 876 838 καὶ⁵
916 781 1053 837 Θεοῦ
1083 782 1284 851 Σοφία,
1319 780 1473 834 οῦδὲν
1514 778 1765 850 ἐμποδὼν
1800 777 1952 831 ἔσται

359 880 428 951 τῇ
475 867 715 948 διανοίᾳ,
756 875 881 930 ἐπεὶ
914 875 1008 929 κα¹ι
1045 873 1144 945 τὴν
1176 874 1314 946 πρὸς
1352 874 1501 945 ἡμᾶς
1529 873 1632 925 οὐκ
1671 871 1951 926 ἀναίνεται

361 969 702 1043 ἀδελφότητα
750 970 816 1024 δι’
847 968 1153 1041 ὑπερϐολὴν
1202 966 1637 1039 φιλανθρωπίας.
1697 967 1762 1019 Εί
1791 965 1850 1020 δὲ
1891 965 1952 1019 ἓν

362 1065 458 1120 καὶ
475 1062 670 1118 ταύτὸν
691 1057 760 1131 ἦν
791 1061 821 1113 ὁ
843 1058 1000 1124 Θεὸς,
1039 1061 1137 1115 καὶ
1172 1062 1207 1132 ή
1235 1061 1293 1114 ὲν
1313 1061 1435 1123 ταῖς
1464 1058 1796 1130 Παροιμίαις
1837 1058 1952 1113 sio-

360 1155 604 1227 αγομένη
616 1153 786 1222 Σοφία
798 1151 909 1219 ἕξις
924 1149 1061 1207 οῦσα
1083 1153 1222 1225 σοφὴ
1249 1154 1309 1206 ὲν
1338 1150 1486 1222 αὐτῷ
1511 1151 1795 1223 νοουμένη,
1817 1150 1952 1206 καθὸ

361 1241 525 1311 σοφὸς
551 1243 580 1294 ό
609 1241 761 1305 Θεὸς,
795 1241 850 1294 τί
874 1241 1113 1294 ἐκώλυεν
1141 1242 1263 1295 ἀντὶ
1307 1245 1407 1313 τῆς
1455 1240 1657 1310 Σοφίας
1701 1240 1791 1293 τὸν
1816 1240 1950 1295 Θεὸν

355 1332 791 1406 ἀναγεγράφθαι;
807 1332 949 1388 ὥστε
960 1334 1041 1401 τὸ,
1075 1335 1136 1387 Ἠ
1149 1333 1338 1403 Σοφία
1358 1333 1747 1403 ᾠκοδόμησεν
1764 1333 1949 1403 ἑαυτῇ

356 1421 547 1492 οἵκον,
570 1424 668 1478 καὶ
702 1425 995 1494 ὑπήρεισε
1022 1427 1291 1493 στύλους
1318 1424 1488 1491 ἑπτὰ,
1517 1427 1611 1479 καὶ
1640 1427 1708 1480 τὰ
1741 1427 1951 1491 τούτοις

359 1518 682 1590 συνημμένα
717 1519 967 1591 εἰρῆσθαι
1000 1519 1122 1574 ἀντὶ
1149 1517 1266 1585 τοῦ,
1303 1519 1355 1572 '0
1385 1519 1531 1584 Θεὸς
1559 1519 1950 1591 ᾠκοδόμησεν

355 1608 551 1676 ἐαυτῷ
564 1606 754 1679 οἶκον,
768 1610 952 1665 καὶτὰ
974 1611 1102 1682 ἑξῆς
1129 1627 1142 1642 ·
1168 1615 1265 1665 καὶ
1288 1610 1451 1665 πάλιν
1477 1612 1600 1666 ἀντὶ
1618 1614 1733 1667 τοῦ’
1755 1612 1948 1670 Εἶπον

356 1700 475 1771 τὴν
503 1701 733 1770 Σοφίαν
764 1702 889 1770 σὴν
918 1700 1198 1770 ἀδελφὴν
1226 1697 1410 1768 εἶναι,
1446 1702 1698 1775 λελέχθαι
1721 1745 1736 1769 ,
1757 1700 1947 1761 Εἶπον

355 1793 469 1848 τὸν
498 1793 648 1848 Θεὸν
678 1795 796 1848 σὸν
820 1793 1091 1863 ἀδελφὸν
1120 1789 1295 1850 εἶναι.
1350 1793 1491 1848 Ἀλλ’
1538 1798 1672 1868 ὁρᾷς
1719 1796 1796 1861 ὼς
1846 1798 1943 1871 τὴν

353 1885 526 1958 ἀκοὴν
568 1886 794 1958 πλήττει
839 1888 871 1957 ή
911 1885 1134 1958 τοιαύτη
1170 1886 1345 1958 φωνὴ,
1388 1887 1489 1941 οὐκ
1526 1886 1727 1959 ἔχουσα
1772 1890 1943 1961 ἁρμο-

353 1977 494 2032 νίαν.
522 1979 586 2033 Εί
602 1979 651 2032 δ’
683 1979 777 2032 ἐπὶ
799 1979 892 2032 τὸν
921 1979 1049 2034 Υίὸν
1072 1979 1323 2044 ὲκλάὃοις
1346 1979 1413 2033 τὰ
1443 1980 1623 2053 λόγια,
1648 1982 1814 2045 αὐτὸς
1831 1982 1942 2054 γὰρ

352 2064 483 2141 ἧνή
519 2070 707 2141 Σοφία,
752 2070 931 2124 πάντα
966 2087 1051 2124 σοι
1089 2070 1367 2142 εύροήσει,
1398 2070 1625 2142 μηδενὸς
1650 2071 1942 2136 δυσσεϐοῦς

351 2164 623 2236 νοήματος
676 2161 927 2234 ἐμποδὼν
990 2162 1278 2234 ἱσταμένου
1302 2202 1317 2227 ,
1345 2163 1942 2236 συνεπιμαρτυροῦντος

351 2256 448 2311 ⁶ιιόῦ
486 2255 780 2311 ἀποστόλου
826 2254 1062 2320 Παύλου,
1106 2255 1166 2319 ὃς
1210 2255 1302 2308 τὸν
1348 2256 1575 2327 Σωτῆρα
1607 2257 1701 2311 καὶ
1737 2257 1939 2330 Κύριον

353 2348 513 2422 ήμῶν
552 2346 758 2419 Ἰησοῦν
787 2348 1020 2421 Χριστὸν
1052 2348 1280 2419 λαμπρᾷ
1301 2350 1369 2420 τῇ
1403 2351 1554 2420 φωνῇ
1588 2348 1786 2419 Σοφίαν
1805 2350 1942 2405 ὠνό-

356 2457 529 2514 μασεν
557 2439 746 2495 εἰπών·
774 2439 1027 2509 Χριστὸς
1054 2439 1201 2494 Θεοῦ
1235 2439 1489 2511 δύναμις
1520 2441 1620 2495 καὶ
1655 2441 1803 2497 Θεοῦ
1828 2446 1942 2498 Σο-

351 2532 483 2602 φία.
506 2531 722 2587 Τούτων
752 2526 857 2593 ὧδέ
906 2549 984 2603 πη
1035 2532 1601 2603 κατασκευασμένων,
1647 2532 1941 2589 ἀκόλουθόν

351 2625 471 2679 ἐστι
493 2624 634 2696 μετά
654 2624 762 2679 τῶν
783 2623 1223 2696 προεκτεθέντων
1255 2625 1532 2689 ἁπάντων,
1560 2622 1620 2691 ἐξ
1651 2626 1816 2680 αὐτοῦ
1843 2626 1938 2681 τοῦ

352 2717 647 2791 προσώπου
674 2718 768 2773 καὶ⁵
796 2716 877 2782 τό,
917 2718 1132 2787 Κύριος
1161 2717 1366 2772 ἔκτισέ
1412 2735 1488 2788 με
1531 2717 1731 2788 ἀρχὴν
1784 2717 1941 2773 ὁδῶν

348 2807 536 2864 αὐτοῦ
563 2810 650 2874 εἰς
674 2808 820 2879 ἔργα
849 2808 1061 2871 αὐτοῦ,
1093 2806 1376 2878 λελέχθαι·
1423 2810 1472 2861 εί
1500 2808 1557 2862 δὲ
1589 2809 1737 2877 λέγοι
1788 2811 1939 2864 ὲκτίο

351 2899 475 2955 σθαι
520 2899 631 2970 (62)
672 2900 887 2965 ἑαυτὸν,
929 2901 1030 2972 ούχ
1063 2901 1140 2965 ὡς
1186 2904 1251 2956 ὲκ
1292 2901 1389 2955 τοῦ
1443 2902 1516 2973 μὴ
1562 2901 1715 2967 ὄντος
1756 2906 1838 2967 εἰς
1876 2903 1940 2957 τὸ

295 2976 306 2991 ’
348 2989 489 3047 εῖναι
534 2989 842 3066 παρελθὼν,
875 2992 1021 3047 τοῦτ’
1054 2993 1120 3047 ἂν
1151 2994 1317 3059 εἴποι,
1349 2994 1461 3048 οὐδ’
1487 2995 1562 3058 ὡς
1590 2995 1789 3067 ὁμοίως
1822 2999 1938 3062 τοῖς

346 3085 553 3151 λοιποῖς
586 3086 869 3158 κτίσμασι,
904 3088 1000 3140 καὶ
1043 3086 1206 3150 αὐτὸς
1238 3087 1305 3139 ὲκ
1344 3086 1438 3140 τοῦ
1486 3086 1561 3158 μὴ
1593 3087 1747 3151 ὄντος
1773 3104 1935 3156 γεγο-

346 3176 478 3241 νὼς,
504 3173 539 3253 ᾖ
561 3196 705 3242 τινες
731 3179 833 3233 οὐκ
854 3177 1029 3251 ὀρθῶς
1052 3177 1436 3249 ὑπειλήφασιν,
1455 3178 1569 3231 ἀλλ’
1590 3180 1663 3243 ὡς
1687 3178 1938 3249 ὑφεστὼς
1962 3217 2005 3276 C

352 3269 454 3339 μὲν
496 3272 591 3325 καὶ
634 3270 763 3336 ζῶν,
809 3270 994 3341 προών
1032 3287 1094 3324 τε
1137 3270 1233 3324 καὶ⁹
1271 3271 1641 3344 προῦπάρχων
1688 3271 1792 3342 τῆς
1835 3270 1931 3324 τοῦ

349 3360 554 3427 πόντος
581 3360 787 3435 κόσμου
823 3362 1155 3426 συστάσεως,
1184 3362 1374 3433 ἄρχειν
1406 3362 1463 3416 δὲ
1492 3362 1603 3417 τῶν
1644 3363 1782 3417 ὅλων
1825 3361 1933 3417 ὑπὸ

345 3455 555 3528 Κυρίου
571 3454 665 3510 τοῦ
692 3454 856 3509 αὐτοῦ
875 3455 1087 3528 Πατρὸς
1108 3456 1583 3528 κατατεταγμένος
1606 3473 1620 3486 ·
1639 3454 1757 3522 τοῦ,
1776 3457 1845 3510 ἐκ
1853 3473 1935 3509 τι-

344 3562 482 3615 σεν,
514 3548 749 3605 ἐνταῦθα
785 3548 905 3605 ἀντὶ
934 3549 1052 3615 τοῦ,
1086 3548 1433 3615 κατέταξεν.
1469 3549 1503 3622 ἢ
1530 3548 1929 3618 κατέστησεν,

342 3642 657 3715 εἰρημένου.
690 3643 996 3715 Διαρῤήδην
1009 3642 1140 3712 γοῦν
1162 3644 1287 3708 τοὺς
1311 3644 1372 3696 ὲν
1402 3642 1709 3714 ἀνθρώποις
1738 3642 1933 3715 ἄρχον-

340 3751 442 3801 τας
470 3736 565 3791 καὶ
593 3737 868 3808 ήγεμόνας
900 3737 1078 3790 κτίσιν
1097 3735 1382 3807 ὠνόμασεν
1409 3737 1437 3789 ό
1465 3734 1637 3790 εἰπὼν
1670 3735 1932 3790 ’Δπόστο-

342 3830 454 3895 λος·
507 3827 874 3899 Ὑποτάγητε
918 3827 1088 3899 πάσῃ
1137 3828 1331 3883 κτίσει
1380 3828 1725 3898 ἀνθρωπίνῃ
1751 3867 1767 3893 ,
1830 3827 1931 3882 διὰ

343 3922 454 3978 τὸν
493 3922 711 3991 Κύριον
728 3938 743 3952 ο
782 3920 907 3974 εἴτε
928 3920 1205 3986 βασιλεῖ,
1252 3920 1334 3984 ὡς
1376 3917 1763 3988 ὑπερέχοντι·
1808 3918 1931 3973 εἶτε

342 4012 656 4083 ἡγεμόσιν,
682 4012 764 4078 ὡς
794 4009 871 4065 δι’
894 4010 1085 4067 αὑτοῦ
1107 4009 1533 4081 πεμπομένοις.
1558 4008 1668 4062 Καὶ
1691 4009 1721 4062 ό
1758 4007 1929 4062 εἰπὼν

340 4103 400 4157 δὲ
412 4103 718 4175 προφήτης,
747 4098 1084 4171 Ἐτοιμόζου
1104 4100 1211 4156 τοῦ
1226 4099 1641 4155 ἐπικαλεῖσθαι
1655 4096 1765 4153 τὸν
1780 4099 1929 4154 Θεόν

340 4174 463 4249 σου
511 4174 751 4263 Ἰσραήλ
765 4174 787 4224 ί
812 4192 966 4248 διότι
1015 4191 1144 4248 ἰδοὺ
1177 4190 1444 4260 στερεῶν
1479 4191 1773 4259 βρόντην,
1821 4189 1924 4244 καί

341 4284 550 4348 κτίζων
576 4285 834 4355 πνεῦμα,
868 4284 967 4339 καὶ
1019 4283 1412 4356 ἀναγγέλλων
1438 4286 1525 4353 εὶς
1575 4281 1927 4352 ἀνθρώπους

337 4377 450 4433 τόν
474 4377 735 4447 Χριστὸν
773 4377 979 4433 αὐτοῦ.
1011 4377 1123 4432 Καὶ
1151 4375 1234 4442 τὸ,
1268 4375 1566 4447 Γραφήτω
1607 4373 1722 4448 (63)
1768 4375 1924 4445 αὕτη

336 4454 428 4537 εις
462 4469 678 4539 γενεὰν
698 4469 930 4539 ἑτέραν,
957 4468 1057 4524 καί
1084 4468 1236 4536 λαὸς
1265 4472 1302 4524 ό
1330 4467 1668 4538 κτιζόμενος
1694 4465 1926 4521 αἰνέσει

2052 593 2143 663 qui
2196 594 2339 649 inter
2390 595 2639 652 homines
2712 606 2862 651 recta
2941 597 3281 667 operantur?
3311 595 3465 665 Quod
3495 600 3540 653 si
3571 601 3639 652 du

2050 686 2270 744 Christo
2301 687 2395 743 Dei
2436 690 2671 760 accipiat
2700 689 2826 759 quis
2866 688 3001 743 illud
3040 688 3244 744 dictum
3274 707 3290 745 :
3315 704 3442 744 nam
3471 689 3637 745 Chri-

2051 789 2169 833 stus
2217 776 2312 833 Dei
2367 788 2605 847 putestas
2649 789 2735 834 cst
2778 787 2832 833 et
2877 777 3179 849 Sapientia,
3231 779 3368 835 nihil
3412 780 3638 851 impedit

2053 870 2193 926 hanc
2236 870 2671 942 intelligentiam,
2717 872 3158 942 quandoquidem
3204 874 3275 927 ob
3307 872 3634 928 immensum

2051 979 2209 1019 suum
2245 964 2300 1019 in
2344 964 2644 1019 humanum
2688 981 2858 1036 genus
2904 980 3145 1020 amorem
3199 982 3306 1020 non
3366 970 3637 1024 recusavit

2051 1055 2195 1111 hanc
2241 1056 2661 1113 fraternitatem.
2711 1058 2864 1128 Quod
2913 1061 2957 1116 si
3004 1076 3168 1115 unum
3219 1072 3337 1115 erat
3378 1061 3633 1132 idemque

2052 1151 2216 1217 Dens,
2248 1163 2302 1207 et
2341 1168 2461 1223 qua:
2503 1156 2555 1207 in
2599 1146 2908 1211 Proverbiis
2940 1155 3303 1210 introducitur
3330 1155 3632 1226 Sapientia,

2050 1259 2173 1315 qua:
2200 1246 2417 1317 sapiens
2445 1245 2666 1316 quidam
2714 1247 2933 1303 habitus
2962 1258 3046 1304 est
3076 1249 3130 1304 in
3169 1248 3259 1305 illo
3288 1250 3631 1312 intellectus.

2050 1339 2105 1392 in
2133 1349 2396 1407 quantum
2427 1338 2570 1394 Deus
2618 1340 2857 1408 sapiens,
2891 1341 3022 1410 quid
3052 1342 3304 1408 prohibet
3343 1343 3510 1397 Deum
3542 1342 3635 1397 hic

2047 1446 2146 1501 pro
2181 1429 2458 1502 Sapientia
2502 1432 2725 1488 rescribi
2757 1450 2771 1488 :
2804 1443 2861 1487 ut
2901 1433 2980 1489 sic
3024 1435 3113 1489 ubi
3160 1435 3360 1489 dictum
3391 1445 3498 1501 est,
3531 1433 3636 1489 Sa-

2047 1522 2244 1590 pientia
2273 1523 2551 1593 wdiﬁcavit
2585 1524 2690 1578 sibi
2733 1526 2967 1590 domum,
2998 1536 3044 1579 et
3080 1526 3329 1580 solidnvit
3357 1526 3630 1579 columnas

2046 1625 2258 1685 septem,
2294 1626 2347 1669 et
2371 1631 2491 1685 qua:
2511 1625 2834 1687 sequuntur,
2856 1616 3058 1670 dictum
3091 1617 3162 1669 sit
3189 1632 3308 1685 pro,
3337 1615 3474 1670 Deus
3500 1617 3634 1671 mdi-

2046 1707 2219 1776 ﬁcavit
2264 1708 2363 1762 sibi
2389 1709 2783 1776 domum,etc.;
2819 1716 2875 1763 et
2905 1709 3099 1762 iterum
3133 1723 3228 1777 pro
3255 1724 3339 1772 eo,
3373 1708 3497 1762 Dixi
3522 1706 3631 1763 Su-

2046 1799 2299 1868 pientiam
2319 1816 2551 1854 sororem
2580 1811 2750 1868 tuam,
2782 1801 3016 1863 dicatur,
3058 1800 3181 1855 Dixi
3217 1800 3382 1855 Deum
3408 1801 3629 1871 fratrem

1976 1871 2016 1926 Β
2045 1902 2212 1945 tuum.
2243 1892 2348 1947 Sed
2384 1901 2441 1945 ut
2470 1908 2631 1948 aures
2663 1893 2938 1961 percutiat
2968 1892 3068 1948 ista
3102 1892 3289 1957 dictio,
3322 1894 3474 1948 vides
3517 1902 3628 1947 tant

2044 1980 2356 2052 incongrua.
2417 1981 2571 2048 Quod
2619 1982 2667 2036 si
2716 1982 2784 2038 de
2840 1982 2979 2037 Filio
3033 1983 3369 2052 Sapientiam
3418 1982 3628 2051 capias,

2041 2075 2221 2128 omnia
2258 2076 2395 2129 bene
2426 2075 2594 2128 liuent
2621 2092 2637 2128 :
2668 2089 2770 2129 nec
2798 2083 3054 2130 occurret
3079 2075 3173 2127 tibi
3206 2074 3503 2143 quidquam
3538 2070 3628 2125 hic

2043 2166 2355 2233 impietatis,
2385 2181 2509 2221 cum
2547 2167 2831 2237 perhibent
2881 2166 2976 2221 tibi
3013 2148 3384 2222 testimonium
3432 2166 3629 2220 beatus

2040 2258 2238 2314 Paulus
2261 2258 2671 2329 apostolus,qui
2690 2258 3010 2329 pronuntiat
3030 2258 3176 2314 clare
3198 2256 3548 2313 Servatorem
3571 2264 3629 2311 et

2042 2346 2327 2404 Dominum
2358 2357 2601 2404 nostrum
2632 2347 2816 2404 Jesum
2842 2347 3122 2403 Christum
3165 2347 3259 2401 Dei
3289 2346 3627 2416 Sapientiam

2040 2442 2456 2508 nominandum,
2509 2441 2598 2496 ubi
2642 2442 2738 2506 ait,
2773 2440 3016 2496 Christus
3048 2439 3141 2493 Dei
3184 2441 3418 2511 potentia
3449 2449 3497 2493 et
3525 2437 3627 2493 Sa-

2039 2538 2238 2610 pientia
2258 2538 2324 2591 ".
2354 2536 2451 2592 llis
2476 2538 2543 2592 ad
2576 2538 2718 2592 hunc
2747 2535 2963 2590 modum
2996 2534 3066 2588 ita
3100 2533 3401 2604 apparatis,
3429 2533 3499 2587 ad
3529 2547 3625 2586 su-

2038 2620 2224 2701 perius
2250 2630 2520 2699 proposita
2557 2642 2896 2699 consequens
2934 2637 3015 2682 est
3058 2626 3179 2692 hoc,
3207 2625 3465 2682 Dominus
3494 2641 3624 2678 con—

2039 2720 2179 2775 didit
2210 2737 2291 2776 me
2310 2722 2629 2792 principium
2658 2722 2860 2775 viarum
2888 2735 3108 2773 suarum
3137 2720 3205 2772 ad
3228 2735 3386 2787 opera
3411 2717 3526 2788 ejus
3552 2717 3622 2784 ”,

2040 2829 2073 2870 e
2127 2828 2359 2884 persona
2406 2811 2524 2883 ejus
2570 2813 2844 2883 usurpari.
2881 2813 3035 2880 Quod
3065 2813 3110 2868 si
3157 2813 3306 2866 dicat
3342 2812 3621 2867 conditum

2041 2905 2190 2961 illum
2218 2904 2405 2970 fuisse,
2435 2920 2540 2961 non
2570 2906 2641 2960 ita
2668 2905 2822 2971 dixit,
2847 2906 3002 2975 quasi
3033 2905 3193 2959 vellet
3219 2903 3471 2974 intelligi,
3497 2918 3621 2959 eut-

2038 2996 2107 3052 de
2139 3012 2247 3052 non
2278 3007 2407 3054 ente
2435 2998 2502 3052 ad
2530 3011 2650 3053 esse
2680 2998 3014 3067 processisse
3034 3016 3047 3053 :
3066 3013 3167 3053 nec
3196 2996 3360 3066 quod,
3393 2998 3462 3051 ad
3507 3011 3624 3051 mo-

2038 3088 2166 3144 dum
2204 3099 2580 3145 creaturarum
2611 3090 2967 3161 reliquarum,
3006 3092 3072 3145 de
3122 3104 3228 3145 non
3260 3099 3386 3145 ente
3415 3089 3621 3159 produ-

2039 3181 2285 3247 cebatur,
2313 3181 2458 3250 quod
2493 3180 2740 3235 nonnulli
2777 3181 2959 3237 minus
2990 3195 3136 3237 recte
3165 3190 3291 3235 sunt
3321 3180 3573 3236 arbitrati
3604 3198 3619 3233 :

2038 3271 2133 3324 sed
2164 3271 2307 3341 quod
2336 3271 2639 3327 subsistens
2685 3280 2743 3325 et
2779 3272 2990 3337 vivens,
3039 3273 3134 3327 sed
3177 3272 3320 3342 quod
3364 3274 3624 3340 praeexsi-

2039 3370 2211 3427 stens,
2241 3370 2296 3417 et
2327 3363 2768 3431 pmsubsislens,
2809 3373 2942 3417 ante
2973 3378 3191 3417 omnem
3225 3363 3409 3417 mundi
3434 3365 3623 3418 condi-

2040 3451 2241 3507 tionem
2269 3464 2387 3509 erat
2413 3471 2427 3509 :
2459 3460 2518 3519 >14
2547 3455 2802 3525 quodque
2833 3470 2864 3508 a
2905 3454 3134 3510 Domino
3162 3469 3261 3509 suo
3296 3455 3455 3510 Patre
3489 3469 3621 3510 con-

2036 3546 2260 3600 stitutus
2304 3555 2388 3601 est
2414 3547 2657 3601 omnium
2695 3545 3025 3612 dominator,
3056 3546 3235 3615 posito
3276 3544 3387 3612 illo,
3438 3548 3621 3600 condi-

2036 3638 2134 3702 dit,
2192 3637 2297 3693 hoc
2348 3638 2403 3692 in
2451 3638 2590 3701 loco,
2639 3653 2736 3708 pro
2782 3639 3076 3705 constituit,
3108 3637 3192 3693 vel
3225 3637 3508 3693 ordinauit.
3535 3638 3623 3693 Di-

2035 3730 2199 3784 sertis
2225 3729 2403 3785 verbis
2429 3730 2702 3801 principes
2727 3740 2783 3785 et
2809 3731 2975 3786 duces
2998 3730 3143 3785 inter
3166 3731 3434 3793 homines.
3466 3744 3620 3786 crea-

2038 3831 2214 3877 turam
2246 3821 2536 3891 Apostolus
2575 3821 2900 3890 nominavit,
2930 3823 3021 3879 ubi
3045 3823 3160 3877 ait:
3191 3821 3429 3891 Subjecti
3456 3833 3620 3878 estote

2036 3911 2178 3965 omni
2212 3912 2460 3966 humana
2500 3923 2762 3969 creature
2792 3922 3006 3984 propter
3040 3912 3350 3978 Dominum,
3376 3913 3484 3968 sive
3511 3915 3622 3985 regi

2034 4012 2091 4057 ut
2120 4002 2418 4071 excellenti,
2441 4004 2548 4060 siue
2568 4005 2892 4077 principibus
2931 4016 2989 4059 ut
3024 4004 3091 4060 ab
3124 4004 3220 4060 illo
3246 4004 3423 4059 missis
3438 4003 3505 4060 “.
3553 4006 3622 4059 Et

2034 4096 2300 4166 propheta
2331 4097 2423 4167 qui
2456 4096 2595 4152 dixit
2624 4113 2640 4151 :
2671 4094 3013 4166 Prteparare,
3042 4106 3101 4151 ut
3132 4107 3341 4152 vocetur
3374 4112 3532 4167 super
3568 4103 3621 4150 te

2033 4185 2176 4241 Deus
2199 4186 2372 4243 Israel
2404 4204 2424 4244 :
2447 4199 2724 4259 propterea
2758 4204 2875 4245 ecce
2908 4188 3091 4259 ﬁrmat
3116 4189 3339 4253 tonitru,
3363 4198 3412 4242 et
3437 4187 3621 4242 condit

2033 4290 2230 4347 ventos,
2267 4288 2319 4335 et
2341 4282 2628 4335 annuntiat
2658 4281 2794 4336 inter
2829 4280 3067 4335 homines
3089 4280 3361 4335 Christum
3385 4280 3615 4335 suum”.

2036 4370 2101 4425 Et
2136 4371 2283 4436 illud,
2315 4372 2598 4427 Scribatur
2625 4373 2720 4428 illa
2753 4373 2810 4428 in
2839 4372 3233 4444 generationem
3273 4372 3525 4436 alteram,
3557 4380 3618 4425 ut

2031 4464 2256 4532 populus
2278 4465 2372 4537 qui
2386 4466 2635 4519 conditur
2649 4465 2826 4520 laudet
2840 4463 3198 4519 Dominum“.
3219 4462 3352 4518 Illud
3377 4463 3619 4518 condidit

337 4561 450 4618 τόν
467 4562 708 4631 Κύριονο
726 4561 809 4626 τὸ,
831 4559 1168 4626 κτίζων,ὲπὶ
1184 4559 1280 4615 τοῦ
1296 4558 1580 4630 γεγονότος
1598 4558 1658 4624 ἐξ
1673 4559 1921 4630 ἀνύπαρ-

2038 4571 2130 4624 pro
2160 4570 2227 4612 eo
2259 4557 2404 4628 quod
2442 4556 2547 4612 fuit
2572 4568 2848 4628 sumptum
2883 4566 2990 4623 est,
3015 4558 3140 4627 quia
3162 4557 3277 4627 jam
3322 4565 3451 4610 ante
3472 4565 3615 4611 erat.

322 4654 454 4721 ’ξίας
486 4653 841 4727 παρείληφεν.
861 4652 937 4706 Οὺ
953 4652 1062 4725 γὰρ
1092 4652 1214 4707 τότε
1235 4651 1451 4708 ἔκτισεν
1465 4652 1495 4705 ὁ
1513 4649 1646 4715 Θεὸς
1676 4650 1738 4703 τὸ
1759 4647 1924 4703 πνεῦ-

336 4763 437 4818 μα,
461 4746 551 4801 ὅτε
571 4744 662 4800 τὸν
681 4744 916 4819 Χριστὸν
946 4743 1112 4799 αὐτοῦ
1139 4744 1206 4798 δι’
1222 4741 1388 4798 αὑτοῦ
1417 4742 1584 4796 πᾶσιν
1612 4740 1921 4813 ἀνθρώποις

332 4834 724 4909 κατήγγειλεν·
752 4835 904 4890 οὐδὲν
952 4834 1062 4907 γὰρ
1110 4833 1424 4906 πρόσφατον
1462 4831 1569 4886 ὑπὸ
1607 4830 1700 4886 τὸν
1747 4830 1918 4901 ἥλιον.

345 4927 487 4983 Ἀλλ’
500 4924 569 5001 ἦν
605 4930 726 5002 μὶν,
748 4929 844 4984 καὶ
862 4927 1240 5001 προϋπῆρχεν,
1260 4923 1622 4979 ἀπεστέλλετο
1642 4923 1699 4977 δὲ
1719 4922 1840 4977 καθ’
1856 4922 1918 4977 δν

332 5021 525 5093 καιρὸν
568 5016 710 5092 ἦσαν
750 5023 800 5076 oi
844 5019 1134 5077 ἀπόστολοι
1180 5016 1513 5090 συνηγμένοι
1540 5030 1554 5046 ο
1606 5016 1699 5070 ὅτε
1748 5014 1914 5086 δίκην

334 5111 585 5183 βροντῆς.
612 5114 826 5182 ἐγένετο
843 5109 975 5185 ἦχος
1001 5115 1067 5167 ἐκ
1092 5109 1187 5165 τοῦ
1212 5109 1443 5184 ούρανοῦ
1459 5150 1475 5178 ,
1531 5105 1724 5180 ὥσπερ
1752 5123 1917 5179 φερο-

335 5202 506 5274 μένης
553 5206 722 5275 πνοῆς
774 5204 989 5274 βιαίας,
1038 5200 1439 5275 ὲπληρώθησάν
1483 5216 1544 5255 τε
1596 5197 1917 5271 Πνεύματος

332 5292 519 5364 ἀγίοψ
551 5293 646 5347 καὶ
672 5292 845 5358 οὕτως
869 5296 949 5357 είς
971 5294 1180 5357 πάντας
1206 5291 1529 5365 ἀνθρώπους
1553 5292 1649 5347 τὸν
1678 5291 1917 5365 Χριστὸν

327 5383 424 5440 τοῦ
454 5383 587 5441 Θεοῦ
614 5383 1003 5459 κατήγγειλαν,
1025 5383 1336 5449 ἀκολούθως
1366 5386 1435 5457 τῇ
1467 5382 1779 5457 προφητεία
1807 5397 1915 5452 φη-

395 5574 456 5638 ιῙ4
489 5566 590 5623 Ed.
620 5565 827 5629 Paris.,
856 5580 978 5638 pag.
1011 5565 1136 5621 151.
1212 5564 1259 5598 ⁹¹
1291 5566 1313 5621 1
1343 5564 1472 5623 (lor.
1496 5582 1537 5631 ι,
1569 5565 1665 5635 28.

328 5639 379 5674 ³⁸
405 5637 551 5695 Psal.
581 5653 656 5706 cr,
681 5638 769 5694 19.

410 5822 513 5896 γει)
544 5823 716 5896 Ῐιιίεο
752 5822 965 5896 σοφίαν,
1000 5821 1114 5890 Ξξιν
1138 5831 1193 5878 et
1226 5837 1350 5879 mox
1382 5820 1621 5883 ικλάϐοι.

397 5823 513 5968 ἓξὲξ
544 5823 717 5967 ξεῖξὲ
742 5823 927 5948 iiii?

1767 5564 1813 5596 ”
1826 5561 1987 5619 Prov.
2016 5578 2136 5632 vni,
2155 5562 2247 5621 ἦ.

2027 4647 2215 4719 Neque
2241 4653 2387 4706 enim
2420 4662 2532 4707 tum
2562 4651 2804 4708 condidit
2826 4650 2969 4706 Deus
2992 4651 3265 4722 spiritum,
3296 4665 3424 4706 cum
3455 4648 3619 4706 Chri-

2027 4755 2169 4799 stum
2203 4760 2361 4801 suum
2395 4760 2493 4816 per
2533 4746 2687 4801 illum
2739 4744 3007 4800 universis
3052 4742 3367 4800 hominibus
3402 4757 3618 4797 annun-

2031 4836 2188 4891 tiaret
2214 4853 2229 4891 :
2260 4837 2386 4906 quia
2426 4836 2558 4893 nihil
2602 4836 2856 4892 noviest
2904 4834 3009 4893 sub
3059 4834 3175 4892 sole
3218 4852 3234 4890 :
3267 4836 3361 4890 sed
3397 4844 3517 4889 erat
3558 4843 3617 4890 et

2026 4928 2322 4984 exsistebat
2352 4936 2518 4984 ante:
2547 4928 2866 4983 mittebatur
2899 4935 3082 4984 autem
3113 4941 3181 4984 eo
3210 4937 3461 4998 tempore
3486 4941 3612 4982 cum

2028 5016 2081 5072 in
2113 5033 2278 5074 unum
2307 5017 2621 5090 congregati
2663 5016 2894 5089 apostoli
2939 5024 3139 5072 erant:
3167 5031 3292 5072 cum
3334 5015 3403 5070 ad
3440 5015 3614 5072 instar

2028 5110 2264 5166 tonitrus
2299 5110 2476 5165 factus
2510 5117 2592 5165 est
2637 5107 2851 5166 sonitus
2885 5108 3078 5179 ingens
3124 5108 3193 5163 de
3237 5106 3379 5163 caelo
3405 5124 3421 5164 :
3444 5108 3611 5164 veluti

2027 5201 2387 5257 descendente
2423 5201 2622 5273 ερίτίιιι
2663 5200 3091 5266 vehementiore,
3141 5188 3219 5256 et‘
3245 5199 3441 5270 repleti
3483 5211 3615 5257 sunt

2027 5292 2234 5364 Spiritu
2258 5301 2470 5350 saneto.
2494 5294 2674 5365 Atque
2702 5292 2776 5349 ita
2792 5293 3072 5351 Christum
3099 5290 3335 5358 Domini,
3372 5292 3427 5347 in
3454 5307 3613 5348 mune

2026 5382 2155 5441 dum
2216 5384 2533 5441 universum
2605 5384 3049 5441 annuntiarunt:
3080 5379 3235 5454 juxta
3293 5382 3613 5440 vaticinium

2361 5562 2609 5620 l"ll’ett'.
2644 5562 2825 5629 ".13,
2868 5564 2954 5617 ll.
3045 5562 3370 5629 "Amostv,
3402 5562 3490 5629 12,
3520 5559 3609 5618 15.

2094 5817 2207 5891 (63)
2248 5815 2415 5891 Vulgo
2447 5817 2584 5891 αὐτή
2608 5857 2624 5884 ,
2650 5825 2703 5874 et
2735 5831 2860 5873 mox
2889 5809 3100 5885 αἰνήσι.
