4158 6390
577 369 685 426 975

1249 357 1520 415 EUSEBII
1553 351 2040 412 CESARIENSIS
2069 349 2222 409 OPP.
2247 347 2430 405 PARS
2462 347 2550 405 iV.
2579 381 2644 390 —
2674 348 3098 407 DOGMATICA.

3745 354 3858 410 976

579 504 688 563 quo
723 489 924 545 dictum
967 493 1068 542 est.
1125 481 1249 536 Ideo
1300 499 1416 535 ecce
1465 479 1786 549 conﬁrmans
1835 476 2063 539 tonitru,
2120 483 2167 530 et

2277 473 2434 547 σάσῃ,
2491 473 2646 563 Διότι
2696 472 2827 528 ἰδοὺ
2860 473 3122 542 στερεῶν
3159 474 3454 544 βροντὴν,
3504 476 3599 531 καὶ
3643 477 3860 539 κτίζων

577 562 804 636 condens
833 577 1100 647 spiritum,
1140 584 1188 626 et
1226 572 1549 624 annuntians
1588 569 1642 622 in
1681 567 1982 620 hominibus
2005 562 2159 618 Chri-

578 683 717 725 stum
762 665 1033 737 ejus:ubi
1077 663 1228 724 illud,
1275 660 1526 722 condens,
1577 659 1794 728 ponitur
1822 672 1920 726 pro
1951 656 2160 708 mittens

581 763 664 817 vel
691 762 990 830 injungens.
1016 755 1238 809 Tonitru
1285 764 1466 806 autem
1510 749 1784 822 Evangelii
1823 747 2162 818 praedicatio-

583 871 703 908 nem
737 853 1008 920 designat.
1042 849 1132 903 Sic
1162 846 1255 917 qui
1297 846 1456 910 dixit,
1505 843 1613 899 Cor
1653 842 1910 895 mundum
1949 856 2073 894 creo
2107 839 2163 890 in

583 963 686 1012 me,
718 943 928 1006 Deus",
963 955 1069 995 non
1092 940 1229 994 dixit
1266 947 1523 1006 tanquam
1561 951 1664 989 non
1685 934 1889 988 habens
1911 948 2023 986 cor.
2053 929 2165 984 lmo

582 1041 776 1096 orabat
817 1036 906 1091 ille
946 1044 1004 1089 ut
1037 1033 1252 1088 animus
1286 1030 1389 1100 ipsi
1427 1030 1802 1083 mundaretur.
1839 1025 1933 1079 Sic
1962 1024 2166 1078 dicitur

583 1141 637 1187 et
660 1130 810 1196 illud,
839 1127 908 1182 Ut
937 1128 1071 1181 duos
1106 1133 1244 1180 creet
1285 1124 1340 1177 in
1377 1138 1541 1177 unum
1573 1134 1762 1174 novum
1791 1117 2058 1173 hominem
2086 1115 2162 1167 '°.

584 1225 696 1279 Hoc
733 1235 838 1288 est,
873 1225 927 1275 in
979 1235 1139 1274 unum
1177 1218 1332 1271 ducat
1373 1231 1393 1270 :
1444 1213 1569 1268 vide
1615 1222 1796 1266 autem
1841 1223 2020 1262 annon
2052 1206 2168 1276 ejus

583 1331 799 1388 quoque
831 1315 1046 1382 generis
1071 1315 1163 1375 sit,
1202 1308 1513 1362 Induamini
1545 1321 1736 1359 novum
1758 1303 2051 1364 hominem,
2080 1299 2170 1371 qui

584 1417 791 1462 creatus
820 1415 893 1461 est
919 1404 1203 1458 secundum
1232 1400 1396 1454 Deum
1420 1399 1492 1461 θ’,
1525 1407 1577 1451 et
1609 1396 1763 1460 illud,
1792 1393 1850 1449 Si
1873 1394 1990 1465 quis
2008 1393 2171 1462 igitur

584 1502 638 1555 in
671 1499 905 1562 Christo,
940 1513 1070 1551 nova
1112 1491 1415 1557 creatura‘,
1465 1502 1518 1544 et
1544 1502 1885 1558 quaecunque
1919 1485 2172 1552 hujusce-

583 1593 731 1648 modi
772 1588 999 1660 reperiri
1034 1595 1276 1656 possunt,
1305 1585 1372 1638 ab
1403 1584 1467 1637 iis
1494 1582 1585 1651 qui
1611 1580 1892 1635 excutient
1921 1577 2170 1647 Scriptu-

583 1701 676 1741 ras
706 1694 946 1740 sanctas.
971 1679 1048 1735 Ne
1077 1675 1482 1744 mireris‘igitur
1507 1675 1553 1727 si
1587 1673 1956 1742 mctapborice
1987 1669 2040 1722 in
2081 1667 2171 1720 illo

587 1794 768 1850 passu,
801 1776 1056 1831 Dominus
1080 1770 1317 1825 condidit
1350 1784 1430 1822 me
1451 1767 1770 1836 principium
1806 1765 2009 1818 uiarum
2041 1777 2171 1814 sua-

2261 563 2519 632 πνεῦμα,
2555 561 2652 616 καὶ
2677 563 3068 632 ἀναγγέλλων
3093 565 3180 630 είς
3206 564 3560 633 ἀνθρώπους
3593 566 3698 619 τὸν
3716 569 3859 635 Χρι-

2261 657 2627 712 στὸναὺτοῦ·
2651 657 2745 711 τοῦ
2766 659 2889 729 μὲν.
2907 656 3134 717 κτίζων.
3153 657 3274 710 ἀντὶ
3287 656 3405 720 τού,
3425 658 3853 728 καταπέμπων,

2260 751 2294 822 ἢ
2323 749 2738 815 κατατὰσσων,
2765 749 3075 821 εἰρημένοιν
3096 750 3192 821 τῆς
3217 749 3275 803 δὲ
3301 750 3568 820 ,ϐροντῆς
3585 751 3703 805 καθ’
3729 753 3857 804 ’ἐτε-

2265 856 2356 911 ρον
2381 842 2581 912 τρόπον
2605 840 2665 892 τὸ
2691 839 3042 909 εὐαγγελικὸν
3070 839 3333 910 κήρυγμα
3356 840 3644 912 δηλούσης.
3674 843 3784 896 Καὶ
3819 845 3855 896 ὁ

2263 933 2436 1001 λέγων
2449 933 2530 996 δὲ,
2551 933 2816 1002 Καρδίαν
2837 932 3106 1000 καθαρὰν
3129 932 3344 985 κτίσον
3360 932 3430 984 ἐν
3451 933 3602 1001 ἐμοὶ,
3628 938 3660 988 ό
3680 937 3851 1002 Θεὸς,

2263 1028 2362 1098 οὐχ
2389 1026 2464 1090 ὡς
2501 1027 2575 1098 μὴ
2625 1027 2763 1098 ἔχων
2809 1025 3035 1098 καρδίαν
3072 1024 3219 1080 τοῦτ’
3248 1026 3453 1096 ἔλεγεν,
3501 1027 3748 1101 καθαρὰν
3793 1031 3854 1083 δὲ

2265 1115 2429 1170 αὐτοῦ
2479 1116 2579 1187 τὴν
2636 1116 2878 1170 διάνοιαν
2929 1116 3358 1187 ἀποτελεσθῆναι
3410 1117 3629 1189 ηὖχετο.
3665 1121 3857 1187 Οὕτως

2265 1210 2479 1280 εἴρηται
2500 1209 2581 1272 τὸ,
2601 1210 2734 1263 Ἵνα
2771 1209 2911 1273 τοὺς
2937 1208 3046 1263 δύο
3075 1211 3254 1278 κτίσῃ
3279 1212 3366 1276 εὶς
3389 1210 3497 1265 ἕνα
3525 1213 3735 1267 καινὸν
3748 1217 3857 1268 ἇν-

2267 1305 2523 1369 θρωπον,
2556 1301 2677 1354 ἀντὶ
2699 1299 2816 1363 τοῦ,
2842 1302 3157 1371 συναγάγῃ
3182 1317 3196 1331 °
3233 1302 3334 1373 ὅρα
3375 1306 3582 1374 μήποτε
3613 1306 3859 1359 τοιοῦτόν

2268 1395 2383 1447 ἐστι
2421 1395 2516 1448 καὶ
2579 1393 2661 1456 τὺ,
2719 1393 3088 1448 Ἐνδύσασθε
3119 1394 3226 1448 τὸν
3271 1397 3482 1449 καινὸν
3507 1397 3856 1466 ἄνθρωπον,

2267 1486 2375 1539 τὸν
2404 1485 2553 1540 κατὰ
2582 1485 2732 1539 Θεὸν
2777 1487 3102 1540 κτισθέντα
3125 1503 3140 1516 ·
3179 1487 3275 1541 καὶ
3315 1488 3396 1551 τὸ,
3430 1488 3503 1541 El
3518 1505 3608 1554 τις
3644 1489 3758 1543 οὖν
3785 1489 3864 1542 ἐν

2270 1573 2519 1645 Χριστῷ,
2567 1575 2744 1644 καινὴ
2783 1577 3003 1640 κτίσις,
3047 1576 3140 1630 καὶ
3169 1576 3269 1630 ὅσα
3310 1578 3444 1633 ἄλλα
3481 1579 3628 1651 εὖροι
3679 1582 3744 1635 ἄν
3771 1598 3860 1642 τις

2269 1667 2652 1738 τοιουτότροπα
2670 1668 2772 1738 τὴν
2801 1667 3158 1725 θεόπνευστον
3179 1670 3400 1743 Γραφὴν
3414 1671 3855 1744 διερευνώμενοςο

2275 1757 2350 1829 μὴ
2377 1758 2666 1830 θαυμάσῃς
2694 1753 2808 1824 οὖν,
2833 1760 2882 1812 εἰ
2906 1760 3289 1834 μεταφορικῶς
3305 1764 3397 1816 καὶ
3432 1765 3488 1816 ὲν
3514 1764 3612 1834 τῷ,
3640 1766 3862 1832 Κύριος

586 1873 728 1924 rum’
748 1909 765 1935 ,
797 1867 1031 1924 condidit
1078 1881 1179 1918 vox
1223 1861 1393 1932 posita
1421 1860 1492 1913 sit
1524 1873 1621 1927 pro
1650 1855 1924 1910 constituit
1961 1852 2047 1905 vel
2075 1867 2159 1904 or-

2277 1849 2470 1904 ξκτισέ
2493 1850 2781 1920 μεάρχὴν
2806 1849 2962 1904 ὁδῶν
2991 1853 3199 1916 αὐτοῦ,
3217 1853 3299 1915 τὸ,
3317 1855 3574 1919 ἔκτισεν,
3611 1857 3732 1909 ἀντὶ
3761 1855 3860 1909 τοῦ

585 1959 790 2013 dinavit
835 1957 903 2011 ad
948 1953 1270 2026 principium
1316 1949 1583 2012 dandum,
1633 1944 1715 2000 vel
1763 1942 2161 2012 imperandum.

586 2049 1034 2119 Quandoquidem
1068 2061 1192 2101 cum
1238 2045 1294 2098 in
1342 2039 1637 2109 Evangelio
1668 2039 1881 2092 dicatur
1903 2051 1932 2088 a
1966 2035 2168 2089 Serva-

588 2155 706 2200 tore
732 2152 938 2205 nostro,
971 2139 1237 2208 Confiteor
1267 2135 1382 2201 tibi,
1411 2131 1592 2194 Pater,
1618 2129 1836 2183 Domine
1867 2129 1983 2181 creti
2012 2135 2168 2193 atque

589 2249 765 2300 terra,
791 2235 1042 2305 quoniam
1070 2225 1387 2284 abscondisti
1419 2225 1520 2277 ista
1546 2239 1578 2275 a
1607 2219 1926 2289 sapientibus
1957 2226 2006 2271 et
2040 2231 2168 2282 pru-

587 2328 847 2393 dentibus,
875 2335 924 2380 et
963 2322 1200 2379 revelasti
1222 2337 1284 2374 ea
1309 2315 1544 2388 parvulis
1565 2315 1610 2378 ³,
1663 2329 1771 2368 non
1805 2314 1894 2368 hic
1922 2319 2171 2381 peccato.-

590 2437 709 2474 rum
745 2416 1140 2474 confessionem
1168 2410 1301 2474 vult,
1323 2405 1776 2478 quemadmodum
1811 2408 1870 2466 ﬁt
1897 2401 2043 2462 alibi,
2081 2400 2170 2455 ubi

587 2513 808 2577 dicitur,
839 2505 1176 2575 Conﬁtemini
1208 2504 1276 2557 ad
1310 2503 1531 2557 invicem
1567 2508 1784 2568 peccata
1812 2506 1982 2550 vestra
2001 2494 2043 2559 ’⁸,
2077 2494 2171 2550 sed

589 2601 887 2675 gratiarum
922 2599 1214 2660 actionem,
1255 2603 1483 2664 propter
1518 2589 1798 2661 parvulos,
1829 2587 1986 2657 quasi
2023 2587 2172 2642 dice-

589 2705 694 2762 ret,
718 2692 934 2750 Gratias
958 2705 1056 2759 ago
1081 2688 1200 2754 tibi,
1229 2686 1410 2751 Pater,
1430 2684 1653 2739 Domine
1679 2680 1794 2735 creti
1821 2691 1975 2751 atque
1997 2689 2168 2733 terrai.

589 2788 670 2843 Ad
711 2788 856 2843 hunc
910 2784 1126 2839 modum
1175 2777 1546 2849 metapburice
1597 2782 1856 2844 usurpata
1911 2781 2171 2827 sexcenta

592 2879 720 2935 alibi
778 2875 1181 2944 Scripturarum
1235 2870 1494 2933 inveniet,
1549 2865 1641 2936 qui
1701 2879 1795 2935 per
1850 2863 2020 2918 otium
2078 2875 2173 2916 eas

592 2970 805 3024 evolvet
836 2984 851 3021 :
885 2966 991 3020 alia
1022 2965 1191 3018 etiam
1232 2959 1581 3028 multiplicem
1614 2955 1867 3011 habentia
1896 2951 2175 3023 signiﬁca-

593 3061 818 3123 tionem,
845 3056 947 3112 alia
986 3057 1216 3110 univoce
1258 3055 1324 3107 de
1367 3050 1599 3106 diversis
1637 3048 1796 3102 rebus
1839 3046 2172 3115 praedicata:

2268 1939 2716 2010 κατέστησεν,ἢ
2743 1941 3089 2006 κατέταξεν,
3105 1946 3184 2007 εἰς
3201 1944 3457 2016 τδᾶρχειν
3483 1946 3717 2016 εἴρηται,
3735 1949 3862 2000 ἐπεὶ

2269 2034 2364 2088 καὶ
2390 2035 2446 2086 ὲν
2476 2034 2827 2102 Εύαγγελίοις
2857 2034 3152 2107 λεγομένου
3178 2036 3284 2090 ὑπὸ
3309 2035 3402 2090 τοῦ
3433 2038 3682 2109 Σωτῆρος
3702 2038 3862 2108 ήμῶν

2269 2125 2352 2189 τὸ,
2368 2124 2883 2196 Ἐξομολογοῦμαί
2905 2143 3028 2192 σοι,
3054 2127 3270 2196 Πάτερ,
3288 2130 3464 2197 Κύριε
3479 2129 3584 2182 τοῦ
3598 2129 3863 2197 οὐρανοῦ

2271 2215 2508 2285 καὶτῆς
2538 2217 2673 2287 γῆς,
2709 2217 2798 2270 ὅτι
2845 2219 3205 2287 ἀπέκρυψας
3246 2217 3435 2273 ταῦτα
3485 2219 3604 2274 ἀπὸ
3646 2219 3862 2290 σοφῶν

2273 2308 2373 2362 καὶ
2402 2308 2695 2375 συνετῶν,
2747 2310 2846 2364 καὶ
2879 2309 3284 2379 ἀπεκάλυψας
3309 2310 3462 2366 αὐτὰ
3489 2312 3748 2380 νηπίοις,
3797 2313 3860 2365 οὐ

2271 2400 2370 2472 τὴν
2405 2399 2511 2469 (64
2540 2401 2958 2472 ἁμαρτημάτων
2990 2401 3300 2473 ὁμολογίαν,
3329 2403 3462 2457 καθὸ
3509 2403 3758 2458 λέλεκται
3801 2406 3861 2458 ἐν

2274 2492 3004 2565 ἑτέροις,Ἐξομολογεῖσθε
3044 2495 3340 2562 ἀλλήλοις
3385 2496 3493 2562 τὰς
3545 2497 3859 2567 ἁμαρτίας,

2275 2586 2456 2657 φαμὲν
2483 2586 2588 2640 ὑπὸ
2618 2585 2711 2640 τοῦ
2735 2587 2985 2660 Σωτῆρος
3005 2587 3316 2660 δηλοῦσθαι,
3343 2588 3480 2643 ἀλλὰ
3507 2589 3604 2662 τὴν
3633 2591 3725 2642 ἐπὶ
3749 2593 3865 2654 τοῖς

2276 2679 2491 2750 νηπίοις
2523 2679 2899 2751 εὐχαριστίαν,
2930 2680 3052 2734 ἀντὶ
3074 2680 3191 2746 τοῦ,
3225 2682 3577 2751 Εὐχαριστῶ
3604 2699 3723 2747 σοι,
3745 2683 3869 2737 Πά-

2275 2789 2395 2840 τερ,
2419 2772 2594 2840 Κύριε
2623 2771 2728 2826 τοῦ
2753 2771 3015 2841 οὐρανοῦ
3039 2773 3136 2827 καὶ
3162 2773 3271 2841 τῆς
3292 2773 3426 2842 γῆς,
3453 2773 3546 2827 τοῦ
3574 2773 3866 2844 ἐξομολο-

2277 2868 2509 2934 γεῖσθαι
2553 2863 2906 2935 λελεγμένου.
2964 2864 3151 2938 Μυρία
3195 2863 3240 2916 δ’
3268 2866 3333 2919 ἄν
3382 2882 3466 2926 τις
3516 2863 3663 2936 εὖροι
3699 2863 3864 2935 σχολῇ

2278 2954 2524 3027 ζητήσας
2548 2954 2625 3026 τῷ
2648 2956 2789 3010 κατὰ
2824 2955 3137 3027 μεταφορὰν
3152 2955 3339 3028 τρόπῳ
3354 2954 3421 3008 δι’
3442 2955 3569 3025 ὅλης
3586 2956 3684 3026 τῆς
3711 2955 3866 3019 θείας

2278 3047 2503 3118 Γραφῆς
2529 3047 2816 3119 εἰρημένα,
2874 3048 2968 3102 καὶ
3017 3047 3154 3103 ἄλλα
3187 3047 3503 3118 πολύσημον
3549 3046 3740 3118 ἔχοντα
3767 3046 3869 3118 τὴν

593 3153 661 3207 de
694 3151 894 3222 quibus
945 3148 1163 3221 longum
1220 3153 1368 3200 esset
1418 3157 1519 3198 nec
1571 3141 1859 3210 praesentis
1911 3137 2174 3207 temporis

2278 3139 2536 3194 διάνοιαν.
2564 3141 2673 3193 Καὶ
2710 3139 3000 3212 ὁμονύμως
3023 3140 3190 3212 ἔτερα
3227 3141 3500 3213 διαφόρων
3527 3139 3870 3212 πραγμάτων

593 3201 884 3299 disserere.
921 3239 992 3295 Ita
1023 3201 1078 3294 et
1112 3238 1216 3292 hoc
1242 3235 1296 3291 in
1328 3235 1447 3291 loco
1479 3233 1630 3298 illud,
1663 3232 1914 3286 Dominus
1939 3201 2172 3284 condidit

2280 3201 2756 3304 κατηγορούμενα,
2784 3201 2916 3304 περὶ
2934 3201 3026 3286 ’ῶν
3056 3201 3266 3305 μακρὸν
3295 3201 3361 3288 ἂν
3390 3201 3499 3304 εἴη,
3535 3201 3630 3287 καὶ
3651 3201 3723 3288 ,οὐ
3769 3233 3873 3286 τοῦ

594 3352 677 3391 me
707 3334 1025 3420 principium
1052 3331 1258 3386 viarum
1297 3342 1513 3382 suarum
1531 3325 1599 3379 ad
1627 3339 1785 3393 opera
1819 3339 1940 3386 sua,
1969 3322 2172 3375 dictum

594 3439 681 3487 est
703 3443 820 3500 pro,
849 3411 1111 3480 Dominus
1154 3420 1420 3476 constituit
1457 3433 1538 3472 me
1563 3417 1915 3486 principatum
1947 3411 2176 3466 obtinere

595 3535 753 3588 super
783 3533 938 3587 opera
966 3532 1085 3570 sua.
1112 3514 1287 3582 Atque
1314 3512 1436 3566 ideo
1467 3523 1573 3564 non
1603 3506 1802 3562 dicitur
1832 3502 2174 3572 simpliciter,

595 3610 828 3666 condidit
855 3623 966 3674 me,
996 3607 1092 3661 sed
1116 3619 1236 3661 cum
1265 3601 1596 3669 adiectione,
1626 3597 1945 3668 principium
1976 3595 2178 3648 viarum

596 3717 817 3756 suarum
856 3698 927 3753 ad
965 3713 1125 3767 opera
1156 3711 1279 3751 sua.
1315 3693 1469 3760 Quod
1502 3689 1752 3760 inprimis
1799 3687 2039 3742 declarat
2073 3699 2178 3739 vox

598 3792 886 3850 Hebraica.
916 3789 975 3844 Si
1008 3789 1130 3860 quis
1156 3787 1320 3857 igitur
1341 3781 1636 3855 genuinum
1665 3795 1885 3837 sensum
1917 3778 2177 3836 sacratis-

597 3888 751 3944 sima;
789 3886 1081 3953 Scriptura:
1127 3880 1456 3950 investigare
1501 3875 1684 3940 vellet,
1719 3873 1959 3929 inveniet
1989 3869 2180 3926 lectio-

599 3993 722 4034 nem
758 3975 1078 4032 Hebraicam
1111 3988 1216 4029 non
1254 3973 1455 4030 habere
1477 4008 1494 4038 ,
1541 3967 1778 4024 condidit
1810 3983 1912 4030 me,
1948 3980 2052 4036 qua
2084 3978 2180 4019 ne-

599 4083 706 4139 que
728 4067 1059 4136 reliquorum
1083 4066 1440 4134 interpretum
1471 4061 1669 4132 aliquis
1695 4075 1828 4116 usus
1854 4066 1957 4114 est.
1985 4057 2178 4127 Aquila

601 4161 751 4232 legit,
785 4158 1039 4215 Dominus
1071 4156 1301 4229 possedit
1333 4171 1435 4220 nte,
1481 4161 1638 4222 caput
1675 4152 1879 4207 viarum
1927 4164 2172 4205 suarum.

603 4250 988 4321 Symmachus,
1016 4249 1274 4304 Dominus
1312 4245 1541 4316 possedit
1585 4259 1667 4298 me
1713 4243 1924 4299 initium
1975 4241 2180 4296 uiarum

599 4360 843 4400 suarum.
874 4341 966 4398 Sic
988 4352 1045 4397 et
1070 4339 1387 4400 Theodotio,
1417 4336 1676 4392 Dominus
1705 4333 1943 4403 possedit
1973 4347 2052 4386 me
2077 4330 2181 4385 ini-

602 4441 734 4492 tium
764 4439 860 4492 via:
891 4450 1025 4491 suae.
1067 4433 1134 4488 Et
1177 4447 1286 4489 non
1319 4433 1576 4488 abhorret
1599 4445 1632 4485 a
1664 4427 1876 4484 ratione
1913 4427 2182 4494 interpre-

605 4531 761 4588 tatio.
803 4530 935 4584 Erat
971 4530 1117 4584 enim
1151 4527 1241 4584 ille
1268 4541 1430 4596 quem
1478 4524 1664 4596 genuit
1718 4522 1880 4577 Pater
1917 4517 2182 4589 Unigcni-

605 4633 742 4691 tum,
776 4633 943 4694 caput
981 4629 1466 4692 progeneratornm
1500 4615 1766 4680 omnium,
1808 4611 2100 4670 visibilium
2131 4619 2186 4666 et

605 4715 956 4773 invisibilium
990 4732 1004 4768 :
1039 4714 1180 4783 quod
1210 4715 1278 4766 ad
1302 4721 1549 4766 exortum
1575 4705 1846 4764 attinebat
1877 4713 1932 4760 et
1953 4702 2184 4759 salutem

604 4821 817 4865 eorum.
841 4806 940 4864 Ubi
961 4806 1104 4862 enim
1124 4821 1248 4862 eum
1271 4803 1476 4875 genuit,
1497 4801 1571 4856 ita
1591 4797 1783 4857 statuit
1801 4811 1924 4850 eum
1945 4792 2186 4848 omnium

607 4901 980 4964 Servatorem,
1017 4898 1382 4970 recapitulans
1414 4895 1469 4950 in
1498 4907 1564 4949 eo
1603 4900 1661 4948 et
1701 4905 1802 4960 per
1829 4903 1955 4944 eum
1989 4884 2188 4942 consti-

605 4991 872 5048 tutionem
927 4991 1191 5057 universi,
1237 5000 1297 5043 ut
1341 4984 1559 5043 edocuit
1599 4983 1817 5038 divinus
1868 4977 2185 5050 Apostolus,

564 5082 569 5090 ’
607 5083 884 5154 inquiens,
910 5081 981 5138 Ut
1007 5082 1328 5153 recolligeret
1351 5078 1532 5133 omnia
1567 5077 1625 5130 in
1650 5073 1887 5139 Christo,
1910 5085 2031 5142 qua!
2061 5079 2184 5124 sunt

607 5178 664 5232 in
687 5177 850 5244 caelis,
880 5189 930 5232 et
973 5193 1091 5249 qua
1125 5183 1247 5230 sunt
1289 5188 1450 5243 super
1497 5167 1755 5224 terram“.
1788 5165 1940 5220 Adeo
1979 5172 2038 5218 ut
2078 5177 2186 5218 non

610 5271 771 5328 modo
808 5272 992 5328 omnia
1023 5285 1119 5340 per
1154 5270 1332 5340 ipsum
1365 5261 1732 5330 substiterint,
1764 5275 1794 5314 a
1833 5273 1940 5313 non
1970 5271 2090 5312 esse
2119 5254 2187 5309 ad

2281 3324 2543 3396 παρόντος
2568 3324 2760 3396 καιροῦ
2784 3325 3057 3391 διεξιέναι.
3074 3325 3262 3390 Οὕτως
3279 3320 3373 3379 οὖν
3398 3325 3494 3379 καὶ
3517 3324 3755 3378 ἐνταῦθα
3784 3325 3868 3388 τὺ,

2281 3416 2495 3485 Κύριος
2518 3415 2628 3486 (65)
2653 3416 2856 3471 ἐκτισέ
2896 3434 2973 3487 με
3009 3416 3210 3487 ἀρχὴν
3233 3416 3389 3472 ὁδῶν
3411 3419 3599 3473 αὑτοῦ
3617 3420 3706 3485 εὶς
3720 3418 3869 3488 ἔργα

2282 3506 2490 3577 αὑτοῦ,
2523 3507 2644 3560 ἀντὶ
2679 3505 2798 3573 τοῦ,
2837 3505 3137 3573 Κατέταξέ
3163 3525 3243 3578 με
3273 3511 3365 3576 εὶς
3403 3511 3469 3562 τὸ
3499 3509 3708 3580 ἄρχειν
3743 3509 3869 3563 τῶν

2283 3597 2471 3668 ἔργων
2497 3598 2705 3666 αὐτοῦ,
2739 3598 3007 3654 λέλεκται.
3053 3600 3144 3654 Διδ
3196 3601 3294 3672 οὐχ
3345 3601 3530 3665 ἁπλῶς
3561 3602 3767 3656 ἔκτισέ
3792 3619 3870 3672 με

2284 3692 2518 3764 εἴρηται,
2548 3693 2683 3748 ἀλλὰ
2710 3692 2847 3764 μετὰ
2863 3692 3180 3765 προσθήκης
3209 3694 3320 3765 (66)
3343 3695 3466 3764 τῆς,
3493 3694 3694 3765 ἀρχὴν
3712 3695 3871 3750 ὁδῶν

2283 3790 2472 3846 αὑτοῦ
2498 3791 2579 3853 είς
2612 3789 2756 3857 ἔργα
2770 3787 2976 3841 αὑτοῦ.
3012 3786 3182 3841 Τοῦτο
3201 3787 3260 3842 δὲ
3283 3789 3518 3859 μάλιστα
3544 3789 3870 3861 παρίστησιν

2283 3883 2317 3952 ή
2352 3877 2614 3951 Ἐϐραῑκὴ
2663 3877 2828 3942 λέξις.
2880 3877 2944 3930 El
2974 3875 3103 3945 γοῦν
3160 3895 3244 3941 τις
3298 3877 3728 3952 ἐξακριϐῶσαιτο
3778 3881 3872 3934 τὸν

2287 3971 2464 4044 ἁληθῆ
2487 3971 2610 4027 νοῦν
2659 3971 2758 4042 τῆς
2801 3967 3158 4023 θεοπνεύστου
3188 3970 3430 4043 Γραφῆς,
3475 3971 3626 4043 εὖροι
3671 3971 3736 4026 ἂν
3770 3973 3872 4044 τὴν

2297 4063 2588 4135 Ἕϐραῖκὴν
2611 4063 2915 4132 ἀνάγνωσιν
2944 4063 3004 4116 οὑ
3035 4063 3396 4136 περιέχουσαν
3421 4064 3501 4128 τὸ,
3526 4065 3732 4119 ἐκτισέ
3747 4083 3833 4134 με
3853 4082 3871 4097 ο

2285 4159 2474 4230 διόπερ
2491 4158 2612 4211 οὐδὲ
2643 4158 2750 4210 τῶν
2778 4155 2980 4211 λοιπῶν
3003 4156 3351 4228 ἐρμηνεντῶν
3371 4157 3544 4231 ταύτῃ
3567 4176 3651 4222 τις
3678 4159 3874 4229 κέχρη-

2286 4267 2376 4304 ται
2410 4252 2476 4320 τῇ
2505 4248 2665 4315 λέξει.
2688 4249 2896 4302 Λύτίκα
2917 4248 2962 4302 δ’
2981 4244 3073 4303 οὖν
3100 4249 3128 4300 ὁ
3147 4249 3244 4319 μὲν
3259 4249 3508 4316 Ἀκύλας,
3531 4251 3743 4319 Κύριος
3769 4251 3873 4304 ἐκ·

2287 4338 2517 4408 τήσατό
2536 4338 2646 4410 (67)
2653 4355 2730 4407 με
2747 4336 3080 4408 κεφάλαιον
3102 4338 3218 4392 τῶν
3233 4338 3390 4394 ὁδῶν
3401 4339 3607 4406 αὐτοῦ,
3627 4342 3869 4413 εἴρηκεν

2287 4431 2318 4484 ὁ
2354 4429 2413 4482 δὲ
2441 4428 2740 4500 Σύμμαχος
2765 4471 2781 4495 ,
2813 4430 3029 4498 Κύριος
3053 4428 3353 4497 ἐκτήσατο
3377 4448 3454 4502 με
3480 4431 3678 4501 ἀρχὴν
3715 4432 3873 4486 ὁδῶν

2290 4521 2494 4575 αὐτοῦ’
2522 4523 2550 4575 ὁ
2573 4521 2630 4574 δὲ
2661 4521 2975 4586 Θεοδοτίων,
3007 4522 3224 4590 Κύριος
3249 4521 3551 4589 ἐκτήσατο
3567 4540 3644 4593 με
3673 4523 3873 4592 ἀρχὴν

2289 4612 2434 4668 ὁδοῦ
2456 4613 2662 4667 αὐτοῦ’
2694 4614 2790 4667 καὶ
2811 4613 2924 4684 ἔχοι
2952 4614 3003 4684 γ’
3030 4613 3096 4668 ἂν
3118 4614 3274 4684 λόγον
3296 4615 3329 4685 ἡ
3359 4615 3642 4687 ἑρμηνεία.
3665 4615 3738 4668 Τὸ
3764 4615 3892 4686 γὰρ·

2288 4703 2584 4774 κεφάλαιον
2618 4705 2716 4777 τῆς
2763 4704 2870 4758 τῶν
2894 4705 3169 4777 γεννητῶν
3223 4705 3478 4760 ἁπάντων
3501 4705 3793 4777 ὁρωμένων
3812 4723 3873 4758 τε

2289 4795 2384 4850 καὶ
2419 4793 2640 4864 ἀφανῶν
2690 4793 2999 4858 συστάσεως
3031 4812 3091 4848 τε
3125 4794 3220 4848 καὶ
3281 4794 3556 4866 σωτηρίας
3586 4795 3750 4859 αὐτὸς
3780 4791 3873 4868 ἦν,

2288 4886 2348 4940 ὃν
2376 4887 2572 4955 ὲγέννα
2588 4886 2687 4958 μὲν
2719 4885 2953 4958 ὁΠατὴρ
2987 4886 3114 4940 Υἱὸν
3140 4888 3403 4958 μονογενῆ
3423 4904 3436 4917 ·
3483 4889 3750 4959 γεννήσας
3779 4887 3871 4952 δὲ,

2290 4979 2587 5033 κατέταττε
2617 4979 2846 5050 Σωτῆρα
2872 4977 2983 5031 τῶν
3027 4977 3186 5044 ὅλων,
3221 4979 3786 5051 ἀνακεφαλαιούμενος
3814 4981 3876 5034 ἐν

2289 5068 2438 5140 αὐτῷ
2470 5069 2566 5124 καὶ
2593 5068 2660 5122 δι’
2689 5067 2857 5125 αὐτοῦ,
2886 5068 2986 5140 τὴν
3010 5066 3254 5135 διάταξιν
3279 5068 3372 5123 τοῦ
3403 5069 3628 5134 παντὸς,
3668 5069 3743 5133 ὡς
3769 5068 3880 5122 ιδι-

2290 5162 2449 5229 δαξεν
2476 5164 2504 5216 ὁ
2519 5162 2660 5227 θεῖος
2675 5161 2995 5225 ’Δπόστολος
3011 5160 3198 5215 εἰπών·
3219 5161 3878 5231 Ἀνακεεραλαιώσασθαι

2292 5253 2492 5308 πάντα
2535 5254 2606 5308 ἐν
2638 5254 2720 5320 τῷ
2757 5252 3015 5324 Χριστῷ,
3050 5253 3124 5308 τὰ
3160 5252 3260 5306 ἐπὶ
3297 5253 3422 5321 τοῖς
3449 5254 3747 5324 οὐρανοῖς,
3773 5254 3876 5308 καὶ

685 5441 746 5500 >14
783 5433 883 5490 Ed.
912 5431 1115 5501 Parim,
1144 5445 1269 5501 pag.
1301 5429 1421 5501 152.
1458 5428 1534 5501 _"
1565 5424 1792 5501 Psal.__t.,
1821 5419 1922 5501 ιε,
1966 5417 2034 5501 ,θ’
2065 5415 2273 5501 Εριιιξξλ
2293 5430 2355 5480 ιι,
2390 5414 2475 5468 15.
2554 5413 2601 5446 ”
2630 5415 2829 5484 Epltes.
2858 5431 2929 5479 Iv,
2960 5415 3052 5472 24.
3144 5417 3160 5448 ¹
3186 5415 3223 5470 ll
3265 5416 3390 5470 Cor.
3415 5430 3470 5480 v,
3497 5415 3586 5470 Π.
3666 5417 3687 5448 ¹
3711 5415 3872 5472 Prov.

610 5485 882 5574 vnit-272:7
915 5485 1115 5558 3de
1145 5485 1325 5568 ἱζέι.
1404 5499 1426 5532 ⁵
1449 5497 1567 5553 Jac.
1593 5512 1649 5564 ν,
1675 5485 1786 5554 16.
1837 5492 1861 5524 ⁸
1883 5487 2091 5545 Coloss.
2127 5485 2296 5576 1,20.

686 5639 800 5707 (64)
839 5635 1004 5706 Vulgo
1027 5634 1138 5707 τῶν
1165 5635 1596 5706 ἁμαρτημάτων.

686 5705 800 5781 (65)
834 5705 1007 5781 _V_u_lgo
1037 5705 1250 5781 ἔκτισεν
1280 5706 1402 5776 ὲμέ.

833 5775 1003 5866 vulgo
1033 5775 1370 5900 προσθήκης,
1393 5775 1516 5900 τήν.
1586 5843 1598 5856 ο
1763 5822 1765 5824 .
1839 5840 1851 5852 .
2122 5824 2125 5830 _

689 5851 800 5900 am
819 5852 1035 5900 Κυοιοο
1095 5846 1379 5900 κτήσατο.
1395 5846 1437 5900 Α
1463 5855 1562 5900 iter
1585 5859 1638 5899 ιιι
1659 5841 1886 5900 vulgatis
1904 5833 2050 5895 LXX
2071 5838 2125 5895 et‘

689 5833 800 5922 ibi}
819 5833 1035 5917 Κύρῖος
1060 5833 1379 5918 ἐκτήσατο.
1395 5833 1562 5902 Διἰιθι
1585 5843 1638 5899 in
1659 5840 1886 5914 vulgatis
1904 5833 2050 5895 LXX
2071 5837 2187 5895 edi-

2297 5624 2562 5695 tionibns,
2606 5625 2825 5695 Aquila,
2877 5623 3264 5695 Symmachus,
3293 5631 3349 5676 et
3377 5620 3743 5695 Theodotion,
3774 5619 3880 5695 ista

2295 5690 2964 5838 {:gggg..M.—'theruin
2997 5692 3068 5750 cf.
3100 5692 3256 5749 lluet.
3277 5695 3345 5749 ad
3365 5693 3583 5762 Origen.
3625 5701 3756 5746 tom.
3785 5690 3882 5759 ill,
