4160 6444
345 418 448 475 977

1288 417 1377 474 DE
1412 416 1958 475 ECCLESIASTICA
1999 417 2392 476 THEOLOGIA
2437 416 2704 473 LIB."|Il..

3499 416 3602 471 978

347 532 420 587 τὰ
446 531 549 587 ἐπὶ
579 531 693 600 τῆς
725 531 862 602 γῆς,
897 532 974 597 ὡς
1014 533 1090 604 μὴ
1120 537 1281 603 μόνον
1309 533 1380 587 τὰ
1413 533 1705 605 σύμπαντα
1737 533 1805 588 δι’
1834 534 1929 589 αύ-

2036 551 2158 589 esse
2197 538 2590 605 provenientia,
2622 535 2718 610 sed
2751 534 2972 602 insuper
3007 534 3060 587 iu
3091 549 3149 590 se
3176 532 3473 603 susciperet
3505 536 3605 586 atl-

344 621 442 678 τοῦ
471 623 753 695 συστῆναι,
782 624 848 677 ὲκ
877 623 972 678 τοῦ
1004 624 1078 696 μὴ
1102 623 1255 688 ὄντος
1282 626 1362 689 είς
1388 623 1451 679 τὸ
1474 622 1613 679 εἶναι
1645 624 1927 699 προελθόνο

346 731 436 780 τα,
468 712 604 768 ἀλλὰ
629 715 727 770 καὶ
752 714 853 784 τῆς
876 715 987 769 τῶν
1019 715 1159 770 δλων
1194 715 1514 788 διοικήσεως
1540 717 1641 788 τὴν
1671 716 1927 789 πρόνοιαν

347 804 699 877 ἀναδέχεσθαι
726 804 910 871 αὑτὸν,
938 804 1035 860 ἅτε
1078 806 1251 875 Λόγον
1291 806 1420 860 ὄντα
1464 807 1561 860 καὶ
1603 807 1802 877 Σοφίαν
1833 809 1927 862 καὶ

349 893 495 967 ζωὴν
512 935 529 960 ,
556 896 758 961 παντός
790 913 849 950 τε
879 895 1046 951 καλοῦ
1075 898 1171 952 καὶ
1192 895 1401 968 ἀγαθοῦ
1430 897 1732 968 πλήρωμα·
1762 897 1840 962 ὼς
1858 898 1925 952 δι’

349 987 515 1043 αὐτοῦ
564 988 927 1063 κυϐερνᾶσθαι
975 989 1071 1046 καὶ
1122 988 1480 1056 διασώζεσθαι
1512 990 1581 1044 τὰ
1610 990 1921 1062 σύμπαντα.

348 1078 520 1134 Τοῦτο
545 1080 601 1134 δὲ
628 1082 719 1135 καὶ
739 1080 827 1135 διὰ
856 1081 963 1135 τῶν
984 1082 1359 1154 προτεθέντων
1397 1081 1593 1151 λογίων
1620 1081 1780 1145 αὐτὸς
1815 1081 1924 1153 (68)

351 1170 608 1243 παρίστη,
645 1171 711 1225 δι’
742 1165 817 1226 ὧν
851 1172 1054 1241 ἔφασκε
1073 1191 1088 1206 ο
1121 1175 1200 1227 Δι’
1246 1173 1392 1242 ἐμοῦ
1427 1173 1711 1238 βασιλεῖς
1745 1174 1927 1239 ,βασι-

348 1261 620 1325 λεύουσι,
652 1262 749 1316 καί
775 1266 829 1318 οι
855 1262 1149 1318 δυνάσται
1180 1263 1480 1335 γράφουσι
1509 1263 1924 1332 δικαιοσύνην.

350 1349 429 1404 Δι’
464 1350 609 1421 ἐμοῦ
628 1351 989 1423 μεγιστᾶνες
1017 1355 1457 1425 μεταλύνονται
1477 1396 1493 1419 ,
1520 1355 1618 1408 καί
1645 1356 1928 1424 τύραννοι

348 1437 424 1492 δι’
480 1439 627 1510 ἐμοῦ
673 1440 961 1510 κρατοῦσι
1005 1440 1140 1511 γῆς.
1186 1441 1379 1511 Λόγοις
1434 1443 1480 1497 δ’
1526 1438 1621 1497 οῦν
1666 1444 1927 1516 ἀρρήτοις

348 1530 448 1600 τῆς
485 1530 713 1585 καθόλου
764 1533 956 1603 σοφίας
978 1550 1039 1586 τε
1086 1534 1182 1586 καὶ
1215 1536 1473 1606 προνοίας
1502 1535 1598 1589 τοῦ
1632 1535 1762 1589 Υίοῦ
1812 1536 1925 1607 (69)

349 1620 444 1674 τοῦ
462 1620 620 1689 Θεοῦ,
650 1622 719 1677 τὰ
743 1625 1035 1695 σύμπαντα
1064 1624 1366 1680 διοικεῖται.
1409 1625 1573 1680 Ταῦτ’
1597 1621 1691 1680 οὖν
1714 1626 1802 1680 διὰ
1820 1625 1939 1680 τῶν

353 1713 788 1784 προεκτεθέντων
865 1715 1107 1771 ἐδίδασκε
1130 1757 1146 1781 ,
1209 1715 1523 1790 προύτρεπέ
1574 1735 1634 1771 τε
1707 1717 1936 1790 ἔχεσθαι»

351 1806 538 1871 αὐτοῦ,
567 1808 791 1876 φάσκων
814 1825 827 1838 ’
868 1807 1007 1878 Ἐγὼ
1035 1809 1177 1877 τοὺς
1204 1810 1309 1881 ἐμὲ
1336 1810 1666 1880 φιλοῦντας
1693 1808 1920 1881 ἁγαπῶο

349 1900 405 1952 οἱ
446 1898 515 1952 δὲ
569 1899 675 1969 ἐμὲ
710 1898 1021 1967 ζητοῦντες
1048 1899 1441 1970 εὑρήσουσιν.
1481 1901 1816 1973 ’Δπέτρεπέν
1864 1918 1925 1956 τε
1964 1885 2009 1939 Β

352 1989 447 2061 τῆς
472 1990 716 2055 ἐναντίας
734 1990 877 2046 ὀδοῦ.
902 1991 968 2045 δι’
993 1985 1066 2045 ὧν
1094 1993 1393 2063 ἐπήγαγεν,
1409 1991 1705 2061 Ἐμίσησα
1733 1990 1783 2044 δ’
1812 1991 1928 2063 ἐγὼ

350 2081 817 2152 διεστραμμένας
848 2080 1027 2148 ὀδοὺς
1049 2081 1270 2139 κακῶν.
1298 2082 1409 2136 Καὶ
1442 2082 1506 2154 δὴ
1525 2081 1698 2136 ταῦτα
1726 2082 1823 2136 καὶ
1858 2083 1931 2137 τὰ

351 2171 560 2237 τούτοις
604 2171 810 2241 ἀδελφὰ
847 2174 876 2226 6
927 2172 1035 2225 τοῦ
1065 2170 1201 2225 Θεοῦ
1251 2172 1400 2236 Υίὸς,
1435 2171 1596 2236 αὐτὸς
1632 2170 1739 2245 γὰρ
1783 2168 1850 2244 ἦν
1892 2173 1928 2244 ὴ

353 2264 524 2331 Σοφία
572 2262 722 2334 (Ἰθὶ,
769 2264 1241 2336 διαστειλάμενος,
1277 2264 1403 2335 ἑξῆς
1448 2265 1561 2327 τοῖς
1622 2264 1690 2318 δι’
1749 2262 1928 2318 αὐτῶν

354 2352 824 2427 προωφελομένοις
867 2352 964 2425 τὴν
1003 2351 1267 2425 μυστικὴν
1319 2352 1449 2424 περὶ
1480 2351 1675 2407 ἑαυτοῦ
1727 2353 1929 2423 γνῶσιν

352 2444 681 2518 παραδίδωσι
730 2444 1110 2515 λέγωνμἘᾶδν
1156 2445 1462 2515 ἀναγγείλω
1509 2445 1637 2517 ὑμῖν
1683 2446 1753 2498 τὰ
1805 2445 1927 2499 καθ’

352 2539 568 2612 ἡμέραν
606 2539 951 2610 γιγνόμενα..
976 2538 1333 2611 μνημονεύσω
1375 2536 1448 2591 τὰ
1486 2536 1547 2602 ἐξ
1580 2536 1773 2599 αίῶνος
1808 2537 1929 2607 ἀρι-

355 2631 578 2704 θμῆσαι.
608 2651 627 2683 ι
653 2631 715 2686 Ei
763 2631 872 2704 γὰρ
923 2631 1190 2703 μέλλοιμι,
1230 2631 1426 2702 φησιν,
1450 2628 1521 2683 τὰ
1564 2629 1651 2700 ἐφ’
1694 2629 1929 2698 ἑκάστης

352 2727 566 2801 ἡμέρας
592 2728 684 2781 ὑπ’
713 2725 849 2798 ἐμοῦ
874 2724 1219 2797 πραττόμενα
1246 2721 1515 2776 διδάσκειν
1535 2762 1550 2786 ,
1584 2718 1796 2790 ἀνάγκη
1836 2718 1931 2772 καὶ

353 2819 461 2875 τῶν
505 2818 566 2884 ἐξ
613 2818 789 2890 ἀρχῆς
845 2816 939 2870 τοῦ
991 2814 1193 2876 παντὸς
1244 2812 1437 2877 αίῶνος
1464 2811 1638 2884 ἔργων
1688 2807 1929 2882 ἐμαυτοῦ

356 2909 749 2982 μνημονεῦσαι,
788 2908 882 2962 καὶ
911 2907 1281 2979 παραστῆσαι,
1309 2905 1385 2970 ὡς
1411 2905 1504 2957 ἐπὶ
1550 2904 1725 2975 τούτῳ
1780 2918 1848 2973 με
1901 2903 1930 2955 6

352 3003 622 3073 γεννήσας
654 3001 844 3073 Πατὴρ
870 3000 1059 3071 ἄρχειν
1079 2997 1188 3051 τῶν
1202 2998 1340 3051 ὅλων
1373 2996 1726 3067 κατέστησεν,
1769 2994 1856 3065 ἐφ’
1884 2986 1931 3061 ᾧ

350 3110 411 3148 τε
442 3094 693 3165 ἡγεῖσθαι
717 3092 825 3147 τῶν
851 3092 983 3146 ὁδῶν
1005 3088 1192 3153 αὑτοῦ,
1226 3090 1319 3143 καὶ
1355 3088 1465 3142 τῶν
1522 3088 1615 3141 ὑπ’
1648 3086 1812 3141 αὑτοῦ
1860 3086 1929 3139 δι’

355 3186 491 3257 ἐμοῦ
520 3184 901 3256 πεποιημένων
921 3182 1119 3254 ἔργων.
1148 3182 1239 3235 Διὸ
1268 3178 1575 3243 ἀκολούθως
1610 3179 1803 3247 ἐπάγει
1846 3176 1925 3243 τὸ,

355 3278 568 3345 Κύριος
594 3276 795 3331 ἐκτισέ
817 3292 893 3345 με
917 3273 1114 3344 ἀρχὴν
1134 3271 1290 3327 ὁδῶν
1316 3270 1502 3325 αὐτοῦ
1518 3310 1533 3333 ,
1562 3272 1649 3336 είς
1681 3269 1753 3323 τὰ
1785 3269 1931 3338 ἔργα

354 3369 561 3434 αὑτοῦ,
590 3368 645 3441 ἢ,
682 3369 895 3437 Κύριος
912 3366 1209 3434 ἐκτήσατο
1228 3380 1326 3435 με,
1354 3360 1495 3418 κατὰ
1531 3361 1630 3434 τὴν
1656 3360 1933 3416 ἀποδοθεῖ-

356 3479 456 3517 σαν
487 3460 803 3533 ὲρμηνείαν.
827 3458 901 3513 T6
926 3458 1033 3531 γὰρ
1068 3457 1209 3529 μέγα
1241 3456 1426 3527 κτῆμα
1450 3452 1545 3508 τοῦ
1594 3453 1730 3508 Θεοῦ
1763 3455 1792 3507 6
1833 3470 1930 3523 μο-

353 3553 574 3624 νογενὴς
600 3552 726 3617 Υἱὸς
752 3547 842 3623 ἦν,
872 3548 1007 3605 καθὸ
1040 3550 1138 3620 μὲν
1176 3548 1234 3615 ἐξ
1278 3546 1442 3603 αὐτοῦ
1467 3544 1778 3615 γεγέννητο,
1805 3542 1932 3606 Υίὸς

351 3645 428 3699 ὢν
453 3643 618 3700 αὑτοῦ
638 3660 652 3674 ·
689 3643 825 3697 καθὸ
858 3642 915 3696 δὲ
954 3643 1066 3705 τοῖς
1100 3641 1264 3694 πᾶσιν
1313 3634 1645 3706 κοινωφελὴς
1680 3634 1775 3690 καὶ
1824 3651 1920 3687 σω-

351 3735 541 3805 τήριος
565 3732 893 3803 καθέστηκε,
910 3733 970 3787 τὸ
996 3730 1250 3803 μέγιστον
1272 3727 1367 3781 καὶ
1393 3724 1721 3796 τιμιώτατον
1746 3723 1931 3794 κτῆμα

351 3823 447 3877 τοῦ
468 3823 680 3895 [ἰατρὸς
714 3823 972 3893 ὑπάρχων
1004 3837 1063 3875 τε
1095 3820 1190 3874 κα.)⁸
1214 3816 1617 3889 ὠνομασμένος.
1657 3815 1789 3870 Οὐδὲ
1822 3814 1932 3887 γὰρ

354 3916 482 3973 ἄλλο
504 3933 557 3969 τι
582 3916 774 3984 γένοιτ’
810 3914 875 3968 ἂν
926 3913 1123 3985 πατέρι
1181 3910 1297 3966 υἱοῦ
1354 3911 1676 3982 τιμίωτερον
1724 3908 1927 3980 κτῆμα.

360 4002 553 4056 Ἔνθεν
585 4001 677 4056 καὶ
703 4002 732 4053 6
756 4000 1178 4072 πρωτόπλαστος
1224 3999 1414 4070 Ἀδὰμ,
1455 4000 1545 4053 ὅτε
1596 3999 1689 4052 τὸν
1737 3999 1795 4051 ἐν
1838 3999 1931 4051 ἀν-

356 4093 597 4165 θρώποις
648 4091 867 4163 πρῶτον
925 4093 1039 4145 υἱὸν
1087 4092 1357 4163 ἐκτήσατο
1384 4130 1399 4152 ,
1446 4088 1638 4162 ἐλέχθη
1691 4089 1807 4149 καὶ,
1842 4089 1929 4143 ὲπ*

355 4183 968 4255 ὲκείνῳ,⁹Εκτησάμην
990 4182 1304 4251 ἄνθρωπον
1338 4182 1437 4236 διὰ
1481 4181 1587 4235 τοῦ
1626 4178 1804 4234 Θεοῦ·
1832 4180 1931 4251 τῆς

368 4273 670 4347 Ἐϐραϊκῆς
705 4274 889 4345 φωνῆς
952 4273 1073 4328 ἀντὶ
1128 4273 1245 4337 τοῦ,
1294 4270 1666 4343 ἐκτησάμην,
1704 4270 1929 4325 κανίθει

356 4363 735 4439 περιεχούσης.
769 4366 844 4418 Τὸ
865 4364 942 4429 δὲ,
976 4361 1295 4429 ἐκτήσατο,
1317 4361 1473 4417 κάνα
1488 4362 1617 4433 παρ’
1661 4358 1931 4433 Ἑϐραίοις

354 4461 699 4530 ἐκφωνεῖται.
758 4455 945 4518 Οῦτως
965 4449 1057 4509 οῦν
1105 4454 1197 4508 ἐπὶ
1246 4452 1341 4507 τοῦ
1399 4450 1652 4523 Ἀϐραὰμ
1692 4449 1925 4522 εἴρηται,

2029 622 2481 679 tniuistrat'tonem
2552 623 2793 680 omnium
2846 631 2904 678 et
2952 623 3345 693 providentiam
3374 642 3391 681 :
3420 632 3606 691 utpote

2026 715 2116 785 qui
2143 713 2317 784 Λόγος
2364 726 2530 779 esset,
2560 714 2859 784 Sapientia,
2896 715 3029 782 vita,
3072 716 3252 770 omnis
3278 714 3401 770 boni
3442 725 3606 787 atque

2026 806 2236 875 pulchri
2266 805 2543 875 plenitudo
2567 823 2582 861 :
2610 822 2717 877 quo
2746 822 2843 877 per
2872 823 2995 861 eum
3024 808 3398 879 gubernentur
3418 810 3602 863 omnia

2026 908 2079 954 et
2106 907 2515 956 conserventur.
2554 897 2669 953 Hoc
2700 901 2876 968 ipsum
2918 900 2971 953 in
3011 911 3137 953 ante
3168 899 3361 970 positis
3405 894 3604 956 divinis

2024 989 2260 1045 oraculis
2293 990 2713 1060 indicavit'ipse,
2749 991 3037 1061 inquiens:
3072 988 3179 1045 Per
3228 1007 3309 1044 me
3347 1008 3491 1062 reges
3524 1008 3609 1045 re-

2025 1090 2208 1152 gnant,
2249 1092 2297 1136 et
2344 1090 2578 1152 potentes
2616 1082 2886 1152 justitiam
2942 1081 3290 1137 determinant
3328 1098 3349 1137 :
3381 1099 3475 1151 per
3523 1101 3601 1136 me

2025 1180 2297 1242 magnates
2315 1171 2749 1242 magni/icontur,
2765 1185 2812 1226 et
2833 1174 3097 1243 principes
3117 1190 3209 1243 per
3224 1190 3304 1228 me
3323 1175 3602 1228 dominan-

2026 1272 2114 1315 tur
2152 1260 2366 1315 term‘.
2415 1258 2576 1317 Modo
2620 1261 2801 1331 itaque
2849 1260 3209 1331 inexplicabili
3247 1277 3342 1330 per
3380 1263 3598 1332 sapien-

2028 1351 2155 1405 tiam
2230 1348 2376 1404 illam
2450 1358 2505 1405 et
2562 1351 2958 1419 providentiam
3041 1352 3399 1406 universalem
3476 1350 3597 1406 Filii

2030 1443 2142 1509 Dei,
2192 1443 2445 1497 universa
2492 1442 2965 1497 administrantur.
3024 1442 3151 1498 Haec
3193 1458 3293 1498 nos
3344 1444 3397 1498 in
3447 1445 3603 1513 prius

2025 1534 2217 1605 positis
2255 1532 2473 1589 edocuit
2503 1551 2517 1588 :
2545 1535 2901 1604 hortaturque
2946 1544 3004 1588 ut
3044 1536 3112 1591 ab
3152 1535 3243 1591 illo
3293 1536 3597 1606 dependea-

2027 1641 2147 1681 mus
2181 1644 2197 1680 :
2235 1624 2347 1695 Ego
2407 1626 2579 1691 enim,
2640 1626 2847 1695 inquit,
2931 1626 3205 1697 diligentes
3270 1644 3351 1682 me
3413 1628 3596 1697 diligo.

2032 1724 2090 1782 >14
2131 1718 2235 1783 Qui
2265 1734 2346 1773 me
2377 1728 2643 1787 quaerunt,
2675 1719 2931 1774 invenient
2953 1720 2996 1774 ".
3028 1719 3073 1773 A
3110 1719 3381 1774 contraria
3410 1736 3599 1774 rursus

2030 1809 2112 1864 via
2148 1827 2245 1866 nos
2288 1812 2506 1877 avertit,
2549 1811 2637 1865 ubi
2669 1811 2841 1877 uddit,
2872 1809 2982 1881 Ego
3019 1811 3141 1866 odio
3166 1809 3326 1864 habui
3357 1812 3464 1865 vias
3496 1812 3599 1862 int-

2027 1904 2234 1973 piorum
2274 1920 2541 1969 perversos
2566 1902 2606 1957 ⁸.
2635 1900 2760 1959 Haec
2800 1911 2854 1958 ct
2898 1904 2984 1959 his
3026 1904 3222 1958 similia
3277 1904 3393 1972 ipse
3432 1903 3605 1958 Filius

2031 1995 2149 2061 Dei,
2179 1995 2294 2065 ipse
2335 1995 2537 2050 etenim
2577 1993 2854 2066 Sapientia
2885 2006 3024 2060 erat,
3056 1995 3108 2049 in
3133 1996 3401 2050 mandatis
3428 1993 3596 2051 dedit.

2026 2089 2201 2156 Atque
2234 2087 2309 2142 ita
2360 2087 2413 2142 in
2476 2088 2826 2158 sequentibus
2871 2087 3154 2157 mysticam
3194 2089 3276 2142 sui
3331 2087 3598 2157 cognitio-

2028 2193 2151 2235 nem
2184 2179 2346 2234 tradit
2372 2179 2438 2234 iis
2461 2178 2656 2249 quibus
2673 2179 2822 2249 prius
2852 2178 3144 2247 profuerat,
3172 2178 3420 2247 inquiens
3447 2197 3461 2233 :
3492 2196 3513 2230 ι
3538 2178 3596 2233 Si

2028 2270 2426 2326 annuntiavero
2453 2268 2606 2325 vobis
2643 2284 2763 2340 qum
2786 2269 2853 2324 de
2877 2268 2962 2325 die
2998 2269 3048 2323 in
3075 2270 3216 2324 diem
3250 2269 3471 2335 tiebant,
3501 2285 3600 2324 ne-

2028 2374 2183 2417 cesse
2207 2370 2288 2417 est
2309 2370 2370 2415 ut
2391 2376 2705 2416 enumerem
2730 2377 2850 2430 quae
2880 2378 2910 2416 a
2944 2360 3141 2417 saecqu
3172 2377 3603 2418 commemoran-

2030 2464 2170 2511 tur.»
2198 2453 2309 2509 Hoc
2327 2462 2434 2521 est,
2462 2455 2505 2507 si
2527 2468 2620 2508 vos
2636 2452 2795 2507 velim
2821 2453 3015 2508 docere
3036 2453 3124 2508 illa
3152 2469 3270 2523 quae
3300 2469 3330 2508 a
3363 2468 3448 2508 me
3465 2470 3601 2524 quo—

2031 2544 2160 2601 tidie
2209 2546 2379 2609 (lunt,
2445 2558 2667 2599 necesse
2719 2553 2803 2600 est
2850 2552 2908 2599 ut
2951 2545 3102 2600 vobis
3142 2545 3395 2615 replicem
3434 2561 3597 2616 opera

2029 2651 2147 2691 mea
2183 2636 2250 2691 ab
2274 2635 2430 2692 initio
2451 2635 2794 2702 sarculorum,
2819 2646 2874 2691 et
2892 2636 2944 2691 in
2970 2630 3289 2690 memoriam
3327 2652 3597 2702 revocem,

2030 2726 2171 2796 quod
2214 2741 2299 2781 me
2331 2725 2490 2781 Pater
2511 2726 2600 2795 qui
2628 2727 2833 2795 genuit,
2866 2728 3154 2784 constituit
3183 2722 3470 2783 Dominum
3505 2747 3601 2785 su-

2030 2833 2127 2888 per
2174 2818 2397 2873 omnia:
2426 2816 2483 2873 nt
2523 2819 2597 2872 ita
2646 2819 2861 2888 praesim
2901 2833 3002 2890 ego
3038 2819 3139 2874 viis
3161 2819 3372 2888 ipsius,
3418 2829 3473 2875 et
3509 2820 3602 2875 int-

2032 2925 2212 2981 perem
2264 2912 2520 2982 operibus
2571 2909 2688 2979 ejus
2734 2925 2832 2979 per
2890 2926 2978 2967 me
3024 2912 3278 2966 conditis.
3330 2911 3603 2979 Quocirca

2031 3014 2425 3072 consequenter
2450 3002 2653 3068 intulit,
2682 3001 2940 3057 Dominus
2963 3004 3155 3057 creavit
3179 3019 3260 3057 me
3286 3004 3602 3072 principium

2030 3091 2234 3147 viarum
2257 3108 2473 3146 suarum
2494 3091 2564 3145 ad
2590 3107 2747 3161 opera
2772 3107 2893 3148 sua.
2929 3091 3058 3155 Aut,
3084 3090 3378 3146 secundum
3408 3105 3604 3161 reprzc-

2031 3193 2298 3239 seruatam
2355 3183 2858 3254 interpretationem
2881 3221 2897 3247 ,
2931 3181 3189 3236 Dominus
3235 3183 3466 3251 possedit
3500 3197 3600 3240 me.

2030 3275 2221 3344 Magna
2254 3274 2520 3344 siquidem
2560 3272 2652 3327 Dei
2695 3274 2970 3344 possessio
2997 3314 3011 3336 ,
3062 3285 3179 3329 erat
3206 3273 3374 3328 Filius
3416 3277 3605 3344 unige-

2030 3365 2176 3420 nitus
2209 3382 2223 3420 :
2259 3379 2326 3420 eo
2351 3366 2494 3434 quod
2526 3379 2591 3419 ex
2619 3365 2739 3434 ipso
2764 3368 2976 3435 genitus
2996 3364 3164 3420 Filius
3197 3375 3315 3420 erat
3345 3366 3463 3434 ejus
3495 3381 3511 3419 :
3539 3381 3605 3419 eo

2029 3440 2208 3509 autem
2236 3457 2379 3524 quod
2419 3454 2673 3509 omnibus
2710 3454 3000 3524 proﬁciens
3032 3465 3087 3508 et
3113 3454 3340 3510 salutem
3368 3452 3604 3510 atterens

2029 3547 2484 3609 constituebatur,
2536 3545 2771 3599 maxima
2828 3554 2882 3601 et
2939 3555 3058 3600 erat
3108 3556 3163 3599 et
3217 3546 3604 3600 nominabatur

2030 3640 2300 3708 possessio
2348 3638 2429 3692 sui
2481 3635 2682 3694 Patris.
2710 3634 2893 3707 Neque
2926 3637 3071 3691 enim
3110 3638 3245 3707 patri
3297 3636 3469 3706 magis
3517 3635 3606 3689 bo-

2031 3729 2287 3784 norabilis
2325 3739 2379 3785 et
2426 3738 2581 3800 grata
2627 3729 2915 3801 contigerit
2966 3729 3236 3798 possessio
3264 3770 3278 3793 ,
3316 3743 3478 3798 quam
3521 3738 3606 3784 est

2038 3821 2198 3876 illius.
2242 3821 2395 3878 Unde
2433 3831 2489 3877 et
2535 3822 2707 3877 Adam
2746 3821 2837 3875 ille
2879 3819 3246 3890 protoplastes
3272 3863 3285 3884 ,
3328 3835 3452 3875 cntn
3495 3819 3605 3888 pri-

2032 3929 2175 3969 mum
2208 3915 2522 3984 possederat
2574 3913 2743 3968 ﬁlium
2772 3954 2787 3978 ,
2838 3923 2892 3966 ut
2955 3914 3117 3967 homo
3162 3912 3336 3977 dixit,
3386 3911 3604 3966 Possedi

2030 4004 2290 4059 hominem
2337 4022 2369 4058 α
2399 4002 2505 4059 Deo
2530 4005 2575 4061 ’.
2624 4004 2724 4061 Ubi
2771 4006 2822 4058 iu
2869 4003 3093 4058 Hebraeo
3122 4014 3206 4059 est
3237 4020 3334 4074 pro
3374 4004 3603 4071 possedi,

2029 4093 2227 4148 canitlti
2270 4109 2290 4149 :
2321 4105 2374 4149 et
2409 4110 2510 4165 pro
2543 4096 2796 4164 possedit,
2841 4111 2995 4152 cono.
3045 4092 3136 4151 Sic
3184 4097 3252 4150 de
3293 4095 3604 4149 Abrabauto

2029 4196 2354 4255 usurpatur:
2377 4187 2512 4257 Ager
2535 4203 2685 4257 quem
2715 4188 2944 4256 possedit
2975 4187 3347 4252 Abraham;in
3381 4185 3604 4242 ilebraro

2030 4291 2111 4333 est
2151 4295 2309 4345 cana,
2336 4294 2456 4349 qua:
2488 4291 2573 4336 est
2601 4281 2790 4335 eadem
2822 4295 2927 4335 vox
2953 4287 3211 4352 usurpata
3241 4280 3315 4344 in,
3349 4278 3606 4333 Dominus

2028 4370 2259 4438 possedit
2307 4385 2391 4425 nte
2439 4372 2757 4442 principium
2811 4374 3014 4427 uiarum
3069 4386 3286 4426 suarum
3336 4370 3404 4422 ad
3445 4384 3603 4437 apem

2030 4474 2149 4513 suo.
2202 4458 2355 4515 Unde
2380 4474 2505 4516 cum
2540 4462 2737 4518 ibidem
2776 4476 2878 4517 vox
2912 4477 3047 4517 cana
3093 4461 3194 4526 sit,
3234 4458 3610 4529 conspiranter

352 4554 460 4610 τὸν
486 4552 672 4623 ἀγρὸν
728 4551 802 4605 ὃν
857 4549 1156 4618 ἐκτήσατο
1204 4548 1471 4617 Ἀϐραὰμ,
1506 4544 1621 4600 ἀνθ’
1654 4536 1718 4599 οὗ
1749 4544 1811 4598 τὸ
1846 4544 1929 4598 Ἐ-

2031 4564 2225 4606 omnes
2269 4553 2556 4609 reddidere
2603 4554 2934 4623 interpretes
2992 4551 3244 4620 possedit.
3299 4549 3430 4605 Illud
3475 4563 3608 4603 vero

351 4638 577 4721 ϐραῖκὸν
607 4645 762 4701 κύνα
784 4642 1058 4716 περιέχει·
1088 4642 1191 4713 τῆς
1223 4641 1393 4712 αὐτῆς
1433 4639 1636 4704 λέξεως
1667 4636 1926 4709 κειμένης

350 4740 484 4811 παρ’
518 4738 786 4811 Ἑϐραίοις
808 4738 899 4792 καὶ
927 4737 985 4789 ὲν
1011 4732 1109 4804 τῷ,
1145 4734 1359 4802 Κύριος
1401 4730 1604 4785 ἕκτισέ
1629 4746 1708 4799 με
1731 4727 1926 4797 ἀρχὴν

351 4830 507 4887 ὁδῶν
530 4831 716 4886 αὐτοῦ
736 4832 824 4896 εἰς
850 4829 993 4898 ἔργα
1007 4825 1213 4881 αὐτοῦ.
1229 4825 1342 4879 Καὶ
1357 4820 1589 4877 ἐνταῦθα
1609 4820 1718 4892 γὰρ
1733 4819 1924 4891 κειμέ-

349 4936 448 4996 νης
470 4925 569 4995 τῆς
598 4924 753 4978 κάνα
779 4921 998 4989 λέξεως,
1020 4919 1102 4985 τὸ,
1124 4917 1444 4987 ἐκτήσατο,
1474 4914 1674 4977 πάντες
1697 4909 1924 4982 συμφώ-

278 4996 289 5005 ’
350 5032 457 5080 νως
484 5015 841 5069 ὲκδεδώκασιν
864 5016 911 5068 οἱ
959 5010 1287 5085 ὲρμτινευταί
1309 5027 1322 5040 ·
1361 5009 1426 5063 τὸ
1469 5006 1526 5060 δὲ
1561 5003 1924 5076 (71),ἕκτισε

2032 4642 2304 4707 condidit,
2361 4646 2605 4716 rejicitur
2658 4648 2727 4701 ab
2778 4645 3041 4711 Hebraeis,
3100 4659 3201 4698 nec
3247 4642 3299 4696 iu
3352 4641 3607 4713 presenti

2030 4733 2297 4802 scriptura
2330 4737 2612 4808 reperitur.
2651 4736 2953 4791 Plurimum
3004 4751 3136 4789 vero
3181 4732 3362 4789 diﬂ'ert
3399 4731 3605 4797 ἔκτισε,

2031 4825 2229 4880 creavit
2288 4836 2343 4882 et
2391 4830 2694 4901 ἐκτήσατο,
2724 4828 2951 4896 possedit
2979 4843 2999 4881 :
3026 4842 3149 4881 cum
3178 4825 3305 4881 illud
3337 4823 3610 4895 signiﬁcet

2031 4916 2312 4972 communi
2341 4920 2581 4985 notione,
2615 4928 2993 4975 creaturarum
3019 4926 3362 4986 processum,
3393 4914 3462 4969 de
3497 4929 3604 4968 non

2031 5021 2157 5063 esse
2199 5011 2267 5065 ad
2319 5011 2618 5065 subsistere
2660 5029 2674 5065 :
2715 5012 2817 5065 hoc
2870 5024 2999 5063 vero
3049 5005 3124 5061 rei
3178 5005 3608 5077 pratexsistentis

425 5174 1146 5245 rlsEd.Paris.,pag.155.
1223 5147 1576 5232 opm"...
1611 5163 1827 5230 15,16.
1896 5165 2189 5222 'ibid.t7.
2267 5165 2574 5221 'ibid.20.
2648 5165 3028 5230 ’Geu.tv,l.

558 5349 728 5433 Χιιίςο
760 5349 1079 5433 παρίστησι.

448 5424 538 5494 σθ)
567 5420 735 5494 tutuo
764 5420 876 5494 om;
907 5420 1025 5494 τοῦ·

447 5491 537 5559 70)
571 5491 741 5559 Vulgo
777 5494 807 5546 6
838 5491 1240 5563 διατιλάμενος.

421 5560 539 5635 (71),
552 5563 815 5635 Ἕκτισε.
835 5560 1246 5635 Sic‘legcgndum,
1261 5560 1509 5635 proyulg.
1530 5561 1921 5635 qucs.Becte

349 5630 613 5691 Eusebius
642 5631 717 5684 ait
747 5630 1031 5701 legendum
1059 5630 1146 5686 bic
1185 5630 1915 5701 possedit,étnbn'condidit.
1966 5687 1977 5693 ,

349 5701 505 5760 Libet
533 5700 830 5766 ascribere,
859 5717 979 5769 qua;
1005 5700 1171 5756 Basil.
1215 5701 1375 5756 habet
1413 5703 1505 5754 lib.
1543 5717 1604 5765 II.
1630 5714 1769 5758 cont.
1804 5700 1918 5755 Eu-

351 5789 494 5858 ιιοεηο
537 5769 971 5861 roseas
992 5770 1359 5861 FI“!"_.‘,‘_’F“_"
1414 5772 1559 5861 περὶ
1581 5774 1690 5861 sic.
1734 5770 1920 5861 φεεξγῇς

348 5843 570 5918 ταύτης,
591 5840 726 5915 μηδὲ
739 5843 916 5897 ἐκεῖνο
937 5840 1197 5914 ἀπαρασή
1207 5859 1400 5913 μαντον
1442 5840 1765 5918 καταλείψω.
1795 5840 1917 5895 Ὅτι

2030 5351 2181 5407 ἄλλοι
2209 5348 2318 5422 τῷν
2364 5348 2670 5422 ερμηνέων,
2691 5417 2701 5422 Α
2721 5348 2770 5400 οί
2821 5342 3296 5422 ηιραῦτερονιτῆς
3336 5341 3612 5422 σημασίας

2023 5422 2133 5477 τῶν
2173 5411 2477 5487 Ἐϐραῖκῦν
2498 5411 2880 5487 ’καθικόμενοι,
2918 5411 3207 5487 ίὲκτήσατόΔ
3349 5411 3608 5487 ᾁντὶροῦ

2024 5440 2133 5477 των
2178 5440 2266 5475 ⁷1⁸Αο
2306 5440 2477 5475 αικων
2513 5440 2704 5472 κασικο
2778 5440 2880 5482 νοι,
2926 5440 3195 5487 εκτηοατυ
3238 5440 3305 5484 μδ
3349 5440 3470 5464 ανίι
3515 5440 3608 5464 νιυυ

2024 5492 2237 5565 ξκτισεν
2272 5440 2636 5565 ἔκδεδῲκασιν
2654 5505 2669 5520 ο
2699 5440 2838 5565 gap
2870 5485 3123 5565 μέγιστον
3138 5483 3333 5565 ⁸αὐτοῖς
3354 5479 3610 5565 ἐμπόδιον

2024 5503 2237 5547 summi
2274 5503 2636 5545 εκδεδιυκασιν
2654 5505 2669 5520 ⁸
2699 5503 2847 5611 οπεᾷ
2870 5503 3123 5557 μεγιστον
3151 5503 3333 5546 αυτοις
3354 5503 3607 5552 εμπυοιον

2024 5561 2179 5635 ἔσται
2212 5562 2350 5633 πρὸς
2396 5559 2494 5635 τῂν
2530 5558 2788 5635 βλασφημ
2848 5574 2878 5609 ν
2916 5554 3015 5635 τοῦ
3061 5554 3393 5635 κτίσματοςς
3500 5549 3607 5635 γαρ

2024 5631 2217 5696 είπὼν,
2246 5618 2566 5702 ἐκτησάμην
2581 5618 2886 5702 Διίνθριῖιιξιιιον
2912 5625 3002 5681 διὰ
3022 5624 3117 5702 τοῦ
3158 5618 3316 5702 θεοῦ,
3340 5618 3467 5702 οὐχι
3486 5618 3605 5702 κτιί-

2026 5720 2126 5766 σας
2149 5689 2240 5755 τὸν
2272 5689 2435 5767 Καίν,
2459 5689 2621 5770 ’ἀλλα
2639 5689 2927 5770 γεννήσας,
2959 5695 3133 5770 ταύτῃ
3169 5689 3437 5765 φαίνεται
3460 5689 3605 5762 ’χρή-

2027 5790 2258 5844 σαμενος
2275 5775 2340 5845 τῇ
2364 5774 2535 5843 φωνῇ.
2575 5768 2645 5825 ιιι.
