4160 6444
572 417 676 474 979

1241 410 1514 468 EUSEBII
1553 405 2030 464 CIESARIENSIS
2067 405 2139 461 Oi

2257 403 2441 460 PARS
2477 403 2566 460 IV.
2608 437 2676 446 —-—
2717 404 3143 462 DOGMATICA.

3725 401 3832 460 980

576 535 971 607 possessionem
999 573 1014 597 ,
1063 541 1119 586 et
1169 529 1552 600 pr0prietatem
1585 525 1916 596 peculiarem
1975 523 2139 593 possi-

2254 521 2656 593 παραλέλεκται
2721 521 2850 594 παρ’
2891 521 3185 592 Ἑϐραίοις,
3239 519 3375 590 ὅπερ
3427 519 3490 573 οὗ
3531 520 3706 572 κεῖται
3735 517 3828 570 ἐπὶ

577 629 772 683 dentis.
805 625 1058 694 Inquiens
1086 623 1206 678 ideo
1239 621 1332 677 Dei
1365 620 1570 685 Filius,
1613 617 1866 672 Dominus
1915 617 2148 671 condidit

574 737 658 775 me
687 713 1000 790 principium
1031 715 1239 770 viarum
1270 729 1492 767 suarum
1527 713 1596 766 ad
1629 727 1788 778 opera
1826 727 1958 778 sua,
1987 711 2149 766 simul

575 820 632 864 et
659 811 777 880 ejus
808 809 1011 864 indicat
1047 804 1544 876 prmexsistenliam
1568 841 1584 867 ,
1633 811 1689 858 et
1728 804 2052 874 peculiarem
2083 804 2150 857 ad

574 905 793 962 Patrem
842 901 1270 974 proprietatem;
1317 912 1524 953 necnon
1573 895 1862 950 utilitatem
1893 901 1952 959 ᾖ
1984 909 2148 965 quam

575 1001 798 1062 paterna
841 993 958 1059 ejus
1005 1005 1167 1062 opera
1200 1031 1214 1055 ,
1269 989 1335 1044 de
1385 987 1530 1042 illius
1575 988 2046 1041 administratione
2095 997 2152 1042 et

577 1084 916 1155 providentia
947 1093 1267 1155 perceptura
1303 1091 1460 1136 erant
1501 1100 1517 1137 :
1559 1082 1682 1136 inde
1710 1091 1764 1136 et
1799 1078 1982 1147 infert,
2015 1078 2149 1134 Ante

573 1175 768 1233 sa'cula
800 1177 1038 1247 [undavit
1065 1193 1167 1230 me.
1203 1173 1271 1228 In
1306 1173 1566 1244 principio
1601 1176 1907 1242 priusquam
1953 1183 2146 1225 terram

573 1277 762 1344 faceret
787 1313 802 1338 ,
827 1282 1103 1342 antequam
1132 1268 1420 1336 prodierint
1457 1267 1626 1334 fontes
1644 1279 1944 1334 aquarum:
1973 1261 2149 1332 prius-

571 1383 729 1436 quam
764 1373 962 1418 montes
997 1359 1380 1420 stabilirentur,
1427 1365 1549 1410 ante
1573 1369 1750 1409 omnes
1789 1354 1948 1408 colles
1968 1351 2146 1423 genuit

573 1475 654 1512 me
689 1457 754 1510 ¹⁰.
787 1455 992 1522 Quibus
1015 1451 1246 1521 singulis
1274 1449 1608 1510 declaratur,
1651 1463 1815 1516 quam
1867 1445 2030 1500 fuerit
2061 1447 2147 1499 ille

573 1548 722 1602 utilis
764 1555 818 1600 et
865 1541 1200 1599 necessarius
1247 1553 1428 1593 rerum
1463 1539 1802 1594 universitati
1841 1553 1855 1592 :
1892 1539 2146 1594 docetur-

571 1653 676 1705 que
704 1636 843 1708 quod
868 1640 1075 1695 eterat,
1101 1640 1155 1686 et
1176 1639 1302 1685 ante
1333 1641 1472 1692 erat,
1496 1639 1548 1683 et
1583 1639 1708 1683 ante
1736 1630 1992 1682 mundum
2023 1627 2140 1682 uni-

569 1743 786 1783 versum
815 1726 1177 1794 subsistebat,
1247 1733 1302 1780 et
1327 1724 1488 1779 rebus
1525 1724 1775 1778 omnibus
1800 1722 2143 1793 praesidebat.

568 1823 702 1876 Cum
754 1819 896 1874 enim
933 1818 986 1872 in
1031 1817 1252 1872 historia
1292 1817 1588 1871 creationis
1609 1815 1786 1870 Moses
1815 1817 2144 1886 superctele-

2251 619 2350 686 τῆς
2411 616 2780 688 προκειμένης
2830 615 3068 686 γραφῆς.
3127 613 3357 684 Πλείστη
3418 612 3464 666 δ’
3511 611 3577 665 ἂν
3625 609 3834 679 γένοιτο

2249 707 2365 774 τοῦ,
2399 709 2620 771 ἔκτισε,
2647 707 2741 762 καὶ
2769 707 2889 770 τοῦ,
2921 705 3238 772 ἐκτήσατο,
3270 703 3498 775 διαφορὰ
3519 702 3598 772 τῷ
3613 701 3710 772 τὴν
3734 701 3832 772 μὲν

2249 801 2426 856 κτίσιν
2446 799 2588 856 κατά
2611 801 2710 873 τὴν
2743 801 3054 870 κοινοτέραν
3077 799 3338 866 διάνοιαν,
3365 797 3463 868 τὴν
3491 799 3556 849 ἐκ
3601 795 3694 848 τοῦ
3753 794 3828 864 μὴ

2248 896 2399 958 ὄντος
2432 896 2513 956 είς
2543 894 2604 946 τὸ
2625 889 2764 946 εἶναι
2801 893 3030 964 πάροδον
3068 891 3382 962 σημαίνειν·
3411 889 3508 960 τὴν
3533 887 3591 940 δὲ
3615 887 3826 958 κτῆσιν.

2249 985 2342 1039 τοῦ
2371 986 2820 1057 προῦπάρχοντος
2867 984 3170 1047 ἰδιάζουσαν
3209 983 3518 1050 οἰκειότητα
3567 979 3702 1051 πρὸς
3737 977 3830 1030 τὸν

2249 1077 2542 1148 κτώμενον.
2599 1077 2788 1144 Λέγων
2819 1075 2998 1128 τοίνυν
3030 1077 3058 1129 ό
3099 1075 3228 1138 Υἰδς
3261 1073 3354 1126 τοῦ
3387 1071 3520 1125 Θεοῦ
3573 1071 3655 1132 τὸ,
3707 1071 3828 1123 Κύ-

2243 1188 2372 1236 ριος
2397 1169 2683 1238 ἕκτισέμε
2708 1168 2906 1238 ἀρχὴν
2934 1167 3090 1222 ὁδῶν
3111 1167 3296 1222 αὐτοῦ
3327 1168 3414 1231 είς
3449 1167 3592 1235 ἔργα
3617 1163 3826 1232 αὐτοῦ,

2246 1261 2380 1332 ὁμοῦ
2442 1263 2536 1316 καὶ
2601 1263 2698 1333 τὴν
2758 1263 3102 1334 προῦπαρξιν
3143 1259 3307 1313 αὑτοῦ
3355 1258 3538 1330 ἐδήλου
3597 1255 3689 1310 καὶ
3727 1255 3828 1327 τὴν

2251 1355 2556 1419 ἰδιάζουσαν
2592 1353 2729 1424 πρὸς
2784 1352 2874 1406 τὸν
2908 1353 3126 1424 Πατέρα
3167 1349 3474 1420 οἰκειότητα
3499 1391 3513 1413 ,
3559 1346 3692 1419 ὁμοῦ
3733 1347 3827 1400 καὶ

2245 1445 2307 1498 τὸ
2331 1446 2598 1516 χρήσιμον
2626 1445 2720 1496 καὶ
2749 1445 3040 1512 ἀναγκαῖον
3057 1443 3154 1513 τῆς
3185 1441 3410 1503 οἰκείας,
3437 1439 3564 1511 περὶ
3604 1437 3672 1490 τὰ
3722 1453 3828 1490 πα-

2247 1539 2396 1609 τρῷα
2429 1537 2587 1610 ἔργα,
2643 1535 2900 1608 προνοίας
2963 1553 3024 1588 τε
3055 1535 3148 1587 καὶ
3189 1534 3524 1604 διοικήσεως.
3577 1530 3668 1584 Διὺ
3699 1529 3824 1600 ἑξῆς

2247 1633 2460 1701 ἐπάγει,
2510 1629 2630 1699 Πρὸ
2655 1629 2763 1683 τοῦ
2787 1627 3002 1694 αἰῶνος
3039 1624 3398 1695 ἐθεμελίωσέ
3422 1641 3500 1694 με
3519 1639 3534 1653 ·
3565 1624 3636 1676 ἐν
3668 1617 3826 1692 ἀρχῇ

2247 1723 2359 1794 πρὸ
2397 1723 2504 1776 τοῦ
2529 1722 2642 1789 τὴν
2676 1718 2788 1788 γῆν
2813 1718 3081 1788 ποιῆσαι,
3104 1719 3216 1788 πρὸ
3242 1717 3348 1772 τοῦ
3375 1716 3686 1786 προελθεῖν
3719 1715 3826 1782 τὰς

2248 1816 2443 1885 πηγὰς
2491 1813 2608 1867 τῶν
2661 1812 2927 1867 ὑδάτων-⁸
2985 1811 3098 1880 πρὸ
3159 1810 3278 1864 τοῦ
3315 1811 3420 1879 ὄρη
3441 1807 3822 1878 ἑδρασθῆναι,

568 1911 730 1965 stium
761 1921 816 1966 et
865 1911 1213 1966 invisibilium
1271 1919 1594 1980 potestatum
1651 1910 1981 1964 mentionem
2033 1924 2137 1962 non

2243 1907 2492 1978 πρὸΠΞ)
2542 1905 2610 1959 δὲ
2659 1904 2902 1964 πάντων
2942 1899 3194 1968 ,βουνῶν
3247 1899 3431 1972 γεννᾷ
3464 1917 3570 1970 με’
3629 1900 3697 1953 δι’
3747 1893 3825 1954 ὧν

571 2005 790 2060 iecisset
812 2006 1034 2058 omnino
1059 2003 1218 2057 ullam
1243 2042 1258 2068 ,
1285 2011 1508 2072 propter
1537 2000 1748 2054 illorum
1777 1999 2144 2069 imperiectio-

569 2111 690 2150 nem
721 2095 810 2164 qui
836 2095 1116 2149 erudiendi
1143 2103 1300 2147 erant
1330 2109 1426 2162 per
1454 2091 1602 2145 illum
1639 2109 1654 2145 :
1684 2103 1741 2146 at
1783 2091 1970 2146 mundi
1999 2091 2142 2145 iuvi-

567 2187 742 2244 sibilis
767 2188 1173 2258 productionem
1203 2187 1377 2241 obiret
1401 2194 1455 2239 et
1481 2194 1716 2253 quatuor
1745 2171 2139 2240 elementorum

567 2280 788 2335 fecisset
819 2279 870 2333 in
901 2278 1166 2348 principio
1199 2277 1530 2332 mentionem
1573 2277 1720 2340 caeli,
1753 2287 1931 2342 terrae,
1963 2275 2142 2347 abyssi

565 2383 620 2426 et
653 2388 826 2441 aquae,
855 2371 1080 2427 istorum
1111 2371 1216 2424 duo
1243 2385 1271 2422 a
1301 2369 1410 2424 Deo
1439 2381 1620 2424 creata
1655 2369 1791 2424 dixit
1820 2387 1834 2423 :
1865 2384 1990 2422 nam
2042 2371 2140 2431 ait,

563 2468 630 2522 In
652 2467 906 2538 principio
925 2465 1116 2518 creavit
1157 2463 1292 2517 Deus
1329 2463 1517 2517 calum
1539 2473 1585 2516 et
1615 2473 1810 2516 terram
1832 2463 1896 2515 “.
1935 2463 2001 2516 At
2035 2476 2140 2516 non

564 2561 629 2613 ad
675 2559 819 2613 hunc
863 2558 1079 2611 modum
1132 2556 1199 2608 de
1243 2570 1383 2624 aqua
1423 2565 1478 2609 et
1525 2555 1720 2626 abysso
1761 2555 1967 2610 locutus
2013 2566 2135 2610 est:

562 2649 716 2720 quasi
747 2658 801 2702 et
825 2647 912 2701 illa
943 2663 971 2700 a
1017 2646 1126 2700 Deo
1151 2647 1408 2715 producta
1431 2646 1616 2699 fuisset
1655 2664 1667 2700 :
1699 2647 1792 2700 sed
1819 2647 2139 2717 simpliciter

563 2743 700 2796 dixit
727 2781 744 2804 ,
778 2737 844 2792 Et
883 2740 1107 2793 tenebrat
1159 2749 1306 2790 erant
1341 2753 1496 2806 super
1529 2738 1772 2808 abyssum
1801 2778 1815 2800 .
1843 2751 1889 2792 et
1921 2740 2139 2807 spiritus

560 2835 658 2889 Dei
703 2835 969 2902 ferebatur
1007 2849 1164 2899 super
1199 2849 1366 2902 aquas
1402 2832 1466 2889 η.
1513 2831 1834 2885 NeceSSario
1876 2847 1970 2898 per
1999 2847 2138 2900 pra:-

559 2927 702 2978 dicta
737 2911 957 2987 docuit,
993 2933 1049 2974 ut
1078 2931 1131 2976 et
1157 2922 1324 2976 Filius
1371 2923 1459 2976 Dei
1486 2961 1500 2984 ,
1553 2923 1694 2990 quod
1737 2923 1924 2990 genita
1957 2935 2134 2989 erant,

559 3027 615 3070 ιιι
653 3018 794 3086 quod
827 3016 942 3084 ipse
961 3026 1086 3068 ante
1117 3015 1206 3067 illa
1239 3015 1420 3068 omnia
1445 3015 1546 3066 fuit
1575 3033 1588 3069 :
1619 3023 1669 3068 et
1697 3031 1789 3083 per
1825 3017 1994 3078 ipsum
2021 3033 2137 3071 om-

558 3109 650 3161 nia
701 3107 917 3161 condita
955 3117 1078 3160 sunt
1109 3123 1123 3160 :
1157 3106 1279 3158 ideo
1325 3105 1438 3168 ait,
1487 3105 1621 3157 Ante
1664 3106 1856 3160 sa’cula
1900 3105 2135 3174 fundavit

559 3217 640 3253 me
667 3241 680 3260 ,
735 3200 788 3252 in
834 3199 1094 3268 principio
1121 3237 1134 3260 ,
1169 3198 1473 3274 priusquam
1517 3207 1709 3249 terram
1752 3200 1992 3251 conderet
2028 3216 2046 3253 :
2087 3211 2134 3254 et

2245 1999 2501 2054 ἁπάντων
2523 1997 2585 2051 τὺ
2615 1997 2676 2062 ἐξ
2705 1996 2869 2050 αὑτοῦ
2910 1995 3186 2058 λυσιτελὲς
3237 1995 3330 2047 καὶ
3366 1995 3662 2062 ἀναγκαῖον
3713 1996 3824 2057 τοῖς

2245 2094 2410 2146 πᾶσιν
2437 2091 2798 2144 ἐνδείκνυται’
2837 2089 2918 2142 ὅτι
2950 2106 3009 2142 τε
3049 2083 3138 2158 ἦν,
3169 2089 3265 2158 καὶ
3319 2087 3494 2160 προῆν
3515 2127 3531 2151 ,
3591 2088 3684 2140 καὶ
3727 2086 3822 2140 τοῦ

2245 2183 2558 2256 σύμπαντος
2617 2183 2821 2254 κόσμου
2886 2181 3207 2254 προϋπῆρχε
3261 2198 3320 2234 τε
3385 2181 3479 2234 καὶ
3533 2181 3824 2251 καθηγεῖτο

2241 2277 2554 2345 ἀναγκαίως
2595 2275 2885 2330 διδάσκων.
2947 2275 3192 2338 Μωσέως
3215 2273 3346 2346 γὰρ,
3397 2276 3454 2326 ὲν
3503 2273 3570 2346 τῇ
3623 2291 3822 2346 κοσμοο

2242 2369 2394 2442 ποιίᾳ
2423 2369 2533 2423 τῶν
2571 2369 2668 2441 μὲν
2695 2367 3082 2440 ὑπερκοσμίων
3135 2368 3229 2421 καὶ
3278 2365 3498 2435 ἀφανῶν
3543 2366 3822 2436 δυνάμεων

2244 2461 2513 2534 μηδεμίαν
2576 2461 2793 2532 μνήμην
2826 2459 3191 2531 πεποιημένου
3246 2459 3333 2513 διὰ
3390 2459 3451 2512 τὸ
3489 2457 3679 2522 ἀτελὲς
3715 2457 3823 2512 τῶν

2239 2553 2306 2606 δι’
2337 2551 2500 2606 αὑτοῦ
2535 2551 3101 2622 παιδαγωγουμένων,
3135 2537 3228 2604 τοῦ
3259 2550 3316 2602 δὲ
3375 2547 3572 2621 ὁρατοῦ
3617 2545 3822 2619 κόσμου

2240 2642 2338 2716 τὴν
2377 2643 2632 2698 σύστασιν
2661 2641 3022 2708 διεξελθόντος
3044 2683 3059 2708 ,
3095 2642 3368 2711 τεττάρων
3431 2658 3493 2693 τε
3543 2639 3822 2710 στοιχείων

2240 2741 2298 2792 έν
2331 2740 2474 2810 ἀρχῇ
2502 2736 2996 2808 μνημονεύσαντος.
3034 2733 3263 2807 οὖροινοῦ
3287 2733 3378 2786 καὶ
3402 2733 3505 2804 γῆς
3539 2733 3632 2787 καὶ
3661 2731 3822 2785 ἀϐύσ-

2243 2851 2334 2886 σου
2362 2837 2456 2886 καὶ
2486 2834 2709 2898 ὓδατος,
2755 2833 2972 2887 καὶδύο
3030 2833 3126 2902 μὲν
3183 2831 3510 2902 πεποιῆσθαι
3575 2829 3680 2883 ὑπὸ
3724 2828 3819 2882 τοῦ

2239 2925 2374 2978 Θεοῦ
2405 2927 2516 2996 (75)
2543 2929 2846 3000 εἰρηκότος·
2865 2923 3133 2995 Ἐνάρχῇ
3166 2924 3293 2995 γὰρ,
3319 2925 3502 2994 φησὶν,
3535 2923 3824 2990 ἐποίησεν

2239 3021 2271 3071 ὀ
2293 3017 2431 3084 Θεὸς
2469 3018 2573 3071 τὸν
2603 3019 2867 3088 οὐρανὸν
2883 3018 2978 3071 καὶ
3004 3017 3117 3084 τὴν
3140 3015 3256 3086 γῆν
3274 3031 3287 3045 ⁸
3317 3013 3414 3068 οὑκ
3445 3015 3524 3068 ἔτι
3551 3016 3606 3067 δὲ
3627 3014 3823 3086 ὁμοίως

2240 3110 2334 3162 καὶ
2360 3110 2452 3162 ἐπὶ
2471 3113 2563 3163 τοῦ
2598 3110 2786 3172 ὓδατος
2820 3111 2914 3162 καὶ
2935 3109 3034 3178 τῆς
3062 3108 3300 3162 ἀϐύσσου
3337 3106 3666 3178 μνησθέντος
3685 3146 3698 3168 ,
3745 3105 3826 3169 ὡς

2239 3201 2346 3270 ἄρα
2376 3199 2460 3268 εἴη
2491 3203 2585 3256 καὶ
2617 3201 2790 3255 ταῦτα
2809 3199 3064 3270 γεννητά,
3128 3199 3241 3253 ἀλλ’
3275 3197 3462 3262 ἁπλῶς
3519 3199 3822 3268 εἰρηκότος,

557 3295 861 3362 priusquam
883 3293 1095 3362 abyssos
1119 3291 1308 3352 faceret
1327 3307 1344 3342 .·
1359 3291 1663 3360 priusquam
1687 3293 2000 3345 scaturirent
2015 3293 2139 3360 fon-

2243 3295 2350 3348 Kal
2375 3296 2594 3358 σκότος
2619 3292 2819 3346 ἐπάνω
2842 3291 2950 3360 τῆς
2971 3293 3268 3357 ἀϐύσσου,
3293 3292 3389 3344 καὶ
3421 3291 3656 3360 πνεῦμα
3675 3290 3823 3344 Θεοῦ

555 3393 632 3438 tes
651 3384 974 3451 aquarum".
994 3382 1220 3436 Istorum
1241 3382 1424 3448 trium,
1444 3391 1619 3444 terrae,
1637 3384 1837 3452 abyssi,
1853 3399 2134 3454 aquarum,

562 3462 700 3530 facta
719 3475 1008 3540 mentione,
1025 3485 1272 3544 quartum
1293 3485 1346 3528 et
1361 3473 1700 3543 praestantius
1719 3475 1782 3528 ad
1807 3486 2133 3542 postremum

561 3569 736 3622 locum
760 3569 1082 3632 reservavit,
1115 3567 1308 3622 coelum
1343 3579 1552 3635 nempe,
1588 3567 1726 3621 unde
1756 3566 1833 3620 ait
1859 3568 2134 3637 deinceps,

556 3658 779 3723 Quando
814 3659 1034 3726 parabat
1071 3658 1245 3722 eiulas,
1280 3659 1494 3711 aderam
1525 3675 1628 3710 una
1664 3675 1781 3712 cum
1807 3677 1864 3713 eo
1899 3661 1984 3716 ¹³”.

2241 3385 2556 3453 ἐπεφέρετο
2587 3383 2794 3448 ἐπάνω,
2819 3383 2921 3436 τοῦ
2953 3381 3169 3448 ὕδατος
3189 3423 3202 3444 ,
3237 3381 3546 3449 ἀναγκαίως
3598 3381 3685 3433 δ’εά
3711 3379 3822 3432 τῶν

2244 3477 2618 3548 προκειμένων
2661 3477 2902 3530 διδάσκει
2949 3477 3041 3530 καὶ
3089 3476 3216 3547 περὶ
3273 3475 3451 3528 αὐτῶν
3496 3479 3524 3528 ὁ
3565 3475 3689 3537 Υἱὸς
3721 3475 3820 3526 τοῦ

2241 3568 2398 3632 Θεοῦ,
2430 3571 2509 3622 ὅτι
2547 3585 2604 3621 τε
2633 3567 2864 3638 γεννητά
2899 3567 3006 3638 εἴη,
3030 3569 3124 3621 καὶ
3152 3569 3228 3632 ὡς
3261 3567 3424 3632 αὐτὸς
3467 3569 3568 3639 πρὸ
3599 3568 3823 3621 πάντων

2241 3662 2348 3732 εἴη,
2374 3663 2468 3714 καὶ
2493 3662 2558 3715 δι’
2593 3660 2758 3714 αὐτοῦ
2781 3663 2850 3716 τὰ
2877 3661 3056 3714 πάντα
3089 3662 3371 3734 πεποίητο.
3403 3661 3491 3714 Διό
3516 3678 3668 3732 φησι,
3698 3657 3824 3729 11ρὸ

555 3755 662 3804 τοῦ
693 3749 908 3816 αἰῶνος
941 3749 1300 3818 ἐθεμελίωσέ
1329 3749 1530 3818 χιε-»ἐν
1567 3749 1724 3818 ἀρχῇ
1762 3750 1876 3819 πρὸ
1925 3754 2032 3806 τοῦ
2093 3752 2205 3821 τὴν
2241 3754 2356 3824 γῆν
2379 3752 2622 3822 ποιῆσαι
2645 3772 2657 3784 ·
2685 3754 2780 3808 καὶ
2812 3755 2925 3823 πρὸ
2951 3755 3057 3809 τοῦ
3089 3757 3194 3820 τὰς
3223 3755 3534 3820 ἀϐύσσους
3550 3753 3828 3824 ποιῆσαν

551 3843 665 3910 ⁴πρὸ
683 3843 790 3896 τοῦ
819 3841 1134 3910 προελθεῖν
1163 3841 1269 3906 τὰς
1295 3841 1494 3911 πηγὰς
1533 3841 1650 3894 τῶν
1683 3841 1934 3898 ὑδάτων.
1968 3845 2148 3915 Τριῶν
2193 3847 2250 3899 δὲ
2299 3845 2502 3900 τούτων
2521 3845 2921 3918 μνημονεύσας,
2949 3847 3053 3916 γῆς
3085 3849 3178 3900 καὶ
3218 3845 3456 3899 ἀϐύσσου
3487 3847 3580 3900 καὶ
3609 3847 3826 3912 ὓδατος,

551 3937 614 3993 τὸ
643 3937 902 4009 τέταρτον
937 3937 1128 4006 ἐπάγει
1151 3937 1481 4001 τελευταῖον,
1514 3936 1576 3990 τὸ
1621 3940 1864 4007 κρεῖττον
1893 3939 2130 4008 φυλάξας
2161 3941 2250 3996 τὸν
2298 3943 2544 4014 οὐρανόν.
2571 3943 2662 3996 Διὸ
2693 3943 2944 4015 ἐπιφέρει
2982 3944 3128 4014 ἑξῆς,
3177 3944 3384 3998 Ἦνίκα
3411 3945 3685 4012 ἡτοίμαζε
3717 3945 3828 3999 τὸν

553 4033 831 4101 οὐρανὸν,
859 4032 1264 4103 συμπαρήμην
1287 4035 1466 4100 αὐτῷ.

621 4125 758 4192 Quae.
779 4139 904 4178 cum
937 4137 1042 4178 tam
1072 4127 1351 4181 evidenter
1377 4127 1430 4180 in
1461 4128 1661 4182 divinis
1695 4128 1990 4199 Scripturis
2010 4147 2136 4201 pro-

557 4227 865 4285 ponantur,
906 4227 960 4272 et
990 4218 1138 4272 brevi
1197 4220 1430 4288 quadam
1482 4221 1644 4274 veluti
1703 4237 1797 4288 per
1840 4223 2136 4290 epitomen,

555 4309 902 4364 enarratione
932 4311 1038 4364 sint
1077 4328 1106 4364 a
1159 4313 1313 4366 nobis
1342 4317 1582 4382 exposita
1617 4353 1632 4377 ,
1690 4315 1972 4370 audiamus
2001 4331 2138 4385 quo-

555 4405 717 4460 modo
749 4402 1030 4458 Marcellus
1060 4447 1072 4469 ,
1101 4403 1308 4471 dejecta
1341 4405 1394 4458 in
1430 4407 1650 4458 humum
1692 4407 2138 4474 interpretatione

555 4513 674 4560 sua,
715 4499 830 4550 haec
869 4497 1050 4550 omnia
1081 4506 1135 4550 et
1166 4496 1378 4566 singula
1407 4499 1472 4551 de
1521 4507 1774 4564 suscepta
1806 4513 1969 4552 carne
2001 4513 2134 4552 con-

555 4589 724 4642 tendit
750 4587 1020 4655 usnrpari.
1049 4587 1122 4640 Ita
1151 4589 1292 4642 enim
1313 4589 1504 4642 scribit
1541 4587 1630 4659 [Β.
1650 4587 1814 4652 XVII,
1840 4587 1970 4643 coll.
1993 4604 2043 4657 ι).
2065 4589 2136 4644 45

557 4680 660 4752 D]:
697 4698 716 4730 ι
743 4680 852 4734 Iloc
887 4680 953 4733 ad
993 4680 1134 4734 hunc
1162 4681 1375 4734 modum
1403 4681 1604 4750 posito,
1622 4689 2056 4750 consequensest
2079 4689 2134 4734 ut

559 4791 576 4820 α
611 4773 1017 4826 consideremus
1039 4771 1384 4827 Prnverbiale
1403 4773 1530 4826 illud
1547 4781 1726 4840 caput,
1747 4771 2000 4826 Dominus
2017 4789 2136 4826 cun-

560 4883 578 4912 i
613 4865 746 4916 didit
773 4879 852 4918 me
891 4865 1206 4932 principium
1235 4864 1438 4918 uiarum
1459 4863 1596 4934 ejus.
1623 4861 1764 4918 Vere
1783 4865 1925 4918 enim
1955 4865 2136 4918 condi-

561 4979 580 5006 ο
612 4957 712 5017 dit,
739 4955 990 5024 quiquod
1019 4971 1123 5008 non
1143 4953 1430 5018 eratfecit,
1463 4955 1728 5008 Dominus
1755 4965 1940 5008 noster
1968 4953 2128 5008 Deus.

560 5069 576 5096 ι
610 5049 838 5102 Carnem
857 5046 998 5100 enim
1025 5061 1184 5115 quant
1204 5049 1496 5115 assumpsit
1521 5047 1771 5111 Verbum,
1789 5062 1910 5099 cum
1932 5061 2034 5098 non
2055 5061 2135 5098 es-

557 5159 574 5187 ο
617 5149 721 5203 set,
751 5137 1012 5192 condidit.
1050 5157 1068 5188 ι
1090 5139 1156 5190 Et
1183 5139 1484 5192 subnectit:
1521 5157 1538 5188 ι
1567 5137 1732 5206 Igitur
1755 5137 1808 5190 in
1839 5135 2134 5190 novissimo

559 5250 574 5280 ι
616 5231 1126 5300 maximetempore,
1145 5229 1273 5284 licet
1289 5230 1394 5285 hoc
1415 5247 1608 5284 novum
1631 5230 1948 5301 mySterinm
1974 5243 2130 5283 reve-

558 5342 576 5372 ‹
613 5321 826 5374 labatur
869 5337 882 5373 :
933 5331 992 5374 ut
1033 5325 1092 5384 ᾖ
1131 5319 1202 5375 ob
1245 5319 1298 5376 id
1343 5320 1514 5390 ipsum
1547 5337 1654 5374 non
1689 5319 1958 5374 immerito
1995 5333 2132 5388 prie~

2309 4132 2522 4187 Τούτων
2575 4133 2754 4186 τοίνυν
2813 4131 2918 4185 ὑπὸ
2985 4131 3083 4201 τῆς
3117 4131 3266 4194 Θείας
3315 4131 3539 4202 Γραᾳῆς
3578 4133 3820 4203 ἐναργῶς

2239 4224 2680 4294 παρισταμένων,
2719 4221 2977 4294 βραχείας
3009 4239 3067 4274 τε
3099 4223 3228 4292 παρ’
3261 4221 3436 4292 ἡμῶν,
3472 4221 3548 4284 ὡς
3595 4223 3652 4274 ἐν
3703 4225 3820 4275 ἐπι-

2236 4317 2398 4385 τομῇ.
2447 4314 2746 4384 διηγήσεως
2789 4313 3195 4382 τετυχηκότων,
3231 4312 3622 4384 ἐπακούσωμεν
3673 4313 3819 4377 ὅπως

2236 4407 2570 4477 Μάρκελλος,
2607 4408 2782 4476 χαμαὶ
2807 4407 2984 4476 βαλὼν
3013 4407 3109 4476 τὴν
3137 4405 3374 4459 διάνοιαν
3395 4443 3410 4468 ,
3439 4405 3612 4458 ταῦτα
3643 4406 3818 4459 πάντα

2235 4499 2623 4568 διϊσχυρίζεται
2661 4501 2787 4570 περὶ
2817 4498 2916 4569 τῆς
2952 4497 3154 4570 σαρκὸς
3182 4498 3467 4568 εἰρῆσθαι,
3500 4493 3569 4569 ἦς
3601 4499 3816 4568 ἀνείλη-

2237 4606 2336 4658 φεν
2365 4590 2392 4640 ὁ
2421 4589 2610 4662 Σωτὴρ
2634 4631 2649 4652 ,
2671 4590 2898 4662 γράφων
2931 4590 3070 4643 κατά
3095 4589 3238 4656 λέξιν
3270 4587 3456 4642 τοῦτον
3477 4590 3566 4642 τὸν
3595 4591 3812 4660 τρόπον’

2242 4701 2259 4732 ι
2292 4681 2492 4735 Τούτου
2527 4683 2702 4735 τοίνυν
2731 4683 2901 4746 οὕτως
2924 4681 3172 4753 ἔχοντος,
3207 4681 3497 4735 ἀκόλουθόν
3537 4685 3652 4737 ἐστι
3693 4699 3818 4736 σκο-

2241 4793 2259 4823 ι
2297 4775 2417 4826 πεῖν
2443 4775 2510 4844 τῇ
2527 4773 2734 4844 διανοίᾳ
2787 4774 2847 4826 τὸ
2899 4773 3282 4844 παροιμιωδῶς
3325 4773 3632 4842 εἰρημένον,
3667 4774 3819 4826 τουτὶ

2241 4859 2594 4934 ικεφάλαιον,
2623 4867 2836 4933 Κύριος
2879 4863 3083 4918 ἕκτισέ
3101 4881 3176 4932 με
3205 4863 3400 4932 ἀρχὴν
3415 4863 3570 4917 ὁδῶν
3607 4863 3814 4918 αὑτοῦ.

2241 4973 2259 5006 ι
2283 4955 2502 5007 ’Ἑκτισε
2524 4955 2631 5026 γὰρ
2663 4954 2876 5024 ἀληθῶς
2903 4955 2964 5007 τὸ
2993 4955 3066 5025 μὴ
3083 4953 3142 5006 δν
3169 4952 3482 5022 πεποιηκὼς
3500 4952 3818 5022 όΔεσπότης
3911 4973 3918 4978 ·

2241 5063 2260 5096 ι
2288 5045 2446 5117 ἡμῶν
2476 5047 2503 5098 ό
2546 5046 2698 5109 Θεός.
2733 5046 2847 5098 οὐκ
2876 5041 3042 5098 οὖσαν
3066 5045 3175 5116 γὰρ
3207 5046 3306 5115 τὴν
3338 5043 3537 5114 σάρκα,
3571 5043 3638 5114 ῆν
3667 5043 3817 5095 ἀνεί-

2240 5154 2258 5186 ι
2296 5136 2464 5206 ληφεν
2499 5134 2528 5185 ό
2555 5134 2747 5202 Λόγος,
2769 5133 2902 5187 ἀλλά
2932 5133 3006 5205 μὴ
3037 5130 3201 5188 οὖσαν
3224 5134 3425 5188 ἔκτισε.
3459 5153 3478 5186 ι
3501 5135 3611 5187 Καὶ
3640 5133 3820 5187 ἐπιλέ-

2234 5243 2354 5295 γει·
2386 5246 2404 5278 ι
2441 5226 2650 5282 Οὐκοῦν
2681 5227 2730 5278 εἰ
2761 5229 2856 5280 καὶ
2886 5227 2955 5280 τὰ
3007 5227 3244 5298 μάλιστα
3295 5229 3384 5281 ἐπ’
3412 5227 3656 5298 ἐσχάτων
3709 5225 3819 5280 τῶν

2240 5339 2258 5370 ι
2298 5319 2505 5390 καιρῶν
2530 5319 2680 5371 τουτὶ¹
2707 5319 2892 5372 καινὸν
2937 5319 3188 5390 ἀπεφάνη
3244 5320 3574 5390 μυστήριονο
3613 5317 3690 5380 ὡς
3729 5316 3820 5370 διὰ

557 5433 575 5464 ι
615 5414 785 5470 visum
819 5417 1082 5484 propheta
1109 5413 1327 5480 dixerit,
1356 5413 1490 5468 Ante
1519 5413 1712 5468 swcuia
1741 5412 1982 5482 {undavit
2021 5425 2125 5477 me,

2242 5429 2258 5462 i
2303 5410 2461 5464 τοῦτο
2497 5412 2600 5482 πρὸ
2631 5411 2724 5464 τοῦ
2753 5411 2948 5474 αἰῶνος
2981 5411 3172 5464 τούτου
3217 5411 3554 5484 προωρίσθαι
3593 5409 3818 5472 eadem;

625 5598 684 5656 >3
718 5590 1047 5662 Edsijaris"
1073 5605 1195 5662 pag.
1227 5591 1351 5658 154,
1381 5593 1506 5648 155.

581 5665 624 5695 ⁵⁸
652 5663 784 5718 ibid.
814 5661 905 5714 27.

621 5851 735 5920 (7-2)
767 5849 934 5924 Vulgo
959 5865 1065 5906 om.
1094 5849 1171 5904 δέ.

1608 5595 1650 5626 ¹⁰
1683 5591 1845 5649 Prov.
1875 5607 1992 5659 vui,
2029 5591 2122 5658 25,
2157 5591 2245 5646 25.

2345 5589 2384 5622 “
2427 5587 2564 5644 Gen.
2601 5603 2642 5652 ε’.
2677 5589 2724 5642 l.
2823 5589 2863 5618 "
2891 5589 3018 5642 ibid.
3048 5588 3104 5640 ‘2.
3209 5587 3428 5645 "Prov.
3455 5603 3572 5664 vui,
3595 5587 3686 5643 25.
3721 5587 3832 5644 ﬁt.

2273 5849 2278 5854 ’
2310 5847 2420 5920 (75)
2451 5843 2614 5916 Vulgo
2645 5842 2920 5916 εἰρηκότα.
2955 5873 3018 5886 -—
3045 5841 3170 5900 Cor.
3196 5843 3301 5900 iam
3333 5839 3404 5900 al,
