4158 6390
352 336 449 393 981

358 459 376 502 ι
408 451 437 503 6
457 446 744 520 προφήτης
769 439 898 511 ἔφη,
917 436 1038 508 11ρό
1069 434 1176 490 τοῦ
1206 430 1422 496 αιῶνος
1444 416 1801 496 ἐθεμελίωσέ

356 561 376 595 ι
415 503 658 612 δηλονότι
674 503 773 608 ripe
1006 546 1029 584 ι
1045 528 1157 583 Καὶ
1169 522 1324 589 αὖθις
1337 520 1534 590 ἐπάγει
1549 516 1741 585 λέγων·
1773 503 1939 612 ἶΕῐτα

358 653 377 686 ι
414 600 585 700 ἐκτῇ
607 600 786 700 ἀρχῆ,
819 600 975 696 unci,
1014 619 1128 690 πρὸ
1176 615 1283 673 τοῦ
1334 611 1451 683 τὴν
1495 608 1614 682 m'r
1668 600 1936 671 ποιῆσαι.

362 745 381 778 ι
407 724 517 796 Γῆν
546 699 706 777 ποίαν
730 735 746 786 ;
772 715 1002 786 ταύτην,
1022 710 1286 784 δηλονότι,
1310 706 1409 780 τὴν
1430 701 1708 779 ἡμετέραν
1737 699 1939 771 σάρκα,

364 835 383 869 ι
413 785 508 887 τὴν
542 811 691 886 μετὰ.
704 810 813 882 τὴν
831 785 1116 879 παρακοὴν
1139 800 1245 872 γῆν
1282 796 1440 861 αὖθις
1476 791 1797 865 γενομένην.
1846 785 1939 856 Γῆ

365 927 385 961 ι
419 881 634 977 τὰρέι,
666 901 801 974 φησὶ⁵
828 938 852 965 ,
894 895 995 952 καί
1031 896 1120 962 εις
1172 890 1292 963 γῆν
1336 887 1668 954 ἀπελεύσῃ.
1703 903 1721 935 ι
1776 881 1942 952 Ὀρᾷς

359 976 481 1056 ὅσον
511 999 799 1071 διήμαρτε,
830 992 929 1063 τῆς
964 990 1062 1063 μὲν
1090 986 1305 1050 εὐθείας
1337 980 1655 1056 ὲκτραπεὶς,
1684 976 1944 1050 τραχεῖαν

360 1094 420 1149 δὲ
440 1095 539 1147 καὶ
562 1065 958 1151 δῦσάατον,καὶ
989 1080 1180 1153 ὥσπερ
1233 1076 1356 1133 τινὰ
1410 1073 1728 1145 άνεξίτητον
1764 1065 1945 1138 ἑαυτῷ

362 1183 688 1258 περινοήσας
716 1178 854 1234 ὁδόν.
883 1177 992 1231 Θέα
1021 1173 1177 1245 γοῦν,
1214 1172 1364 1235 ὅπως
1406 1166 1724 1234 ὲξεὸιάσατο
1767 1162 1946 1216 πάντα

364 1254 573 1353 μάλλον
604 1274 962 1345 ἀναίσχυντον
991 1268 1089 1324 καὶ
1126 1264 1316 1335 ἀναιδῆ
1348 1261 1505 1331 λόγον
1554 1257 1668 1329 (76)
1716 1254 1951 1326 φθεγγό·

362 1344 543 1447 pavos,
568 1370 603 1440 ἢ
625 1370 721 1442 τὴν
743 1344 943 1436 Σοφίαν
980 1360 1142 1418 αὐτὸν
1177 1353 1318 1412 εἶναι
1360 1354 1452 1409 τὸν
1482 1351 1611 1406 Υἰὸν
1656 1346 1752 1403 τοῦ
1811 1344 1947 1401 Θεοῦ

358 1438 690 1538 δμολογείνί
708 1459 784 1513 Τὸ
826 1457 925 1529 μὲν
954 1450 1072 1520 οὖν,
1120 1450 1337 1520 Κύριος
1391 1441 1594 1499 ἐκτισέ
1632 1457 1710 1511 με
1751 1438 1951 1509 ἀρχὴν

359 1531 518 1613 ἀξιῶν
540 1552 726 1610 αὐτοῦ
761 1553 849 1618 εις
880 1551 1024 1618 ιργτι
1054 1542 1243 1600 αὑτοῦ
1269 1538 1348 1611 τῷ
1380 1536 1532 1610 (75),
1570 1533 1663 1589 τοῦ
1699 1531 1952 1605 Σωτῆρος

360 1648 532 1718 ἀναφέ
542 1641 932 1720 ρειπροσώπῳ,
948 1634 1224 1711 ὁμολογῶν
1252 1631 1416 1687 αὑτὸν
1433 1624 1573 1684 εἶναι
1605 1625 1698 1680 τὸν
1722 1625 1780 1677 ὲν
1797 1623 1950 1691 Παρ-

361 1717 568 1814 οιμίαις
610 1738 785 1794 ταῦτα
821 1735 1117 1807 φάσκοντα.
1150 1728 1314 1797 Λέγει
1345 1724 1390 1779 δ’
1419 1717 1514 1778 οὖν
1551 1720 1736 1784 αὐτοῖς
1770 1718 1952 1789 ῥήμα-

363 1851 447 1889 σιν
465 1851 485 1866 ο
520 1852 538 1883 ι
565 1828 774 1885 Οὐκοῦν
798 1826 1024 1889 εἰκότως
1060 1820 1169 1877 τῶν
1199 1816 1414 1892 ἀρχαίω

366 1945 386 1978 ι
428 1923 628 1979 καινῶν
654 1921 713 1977 δὲ
740 1918 962 1973 ἔσεσθαι
991 1914 1293 1989 μελλόντων
1321 1909 1579 1965 ἁπάντων
1602 1903 1693 1959 διὰ
1721 1903 1822 1974 τῆς
1851 1898 1946 1955 τοῦ

368 2036 390 2070 ι
420 2015 670 2087 Σωτῆρος
723 2011 886 2085 ἡμῶν
923 2008 1269 2079 καινότητος,
1318 2006 1348 2059 6
1399 2000 1667 2071 δεσπότης
1715 1995 1874 2069 ἡμῶν
1919 1996 1949 2049 6

367 2126 388 2160 ι
421 2107 656 2179 Χριστὸς
707 2103 796 2159 διὰ
844 2100 941 2157 τοῦ
993 2099 1276 2173 προφήτου
1333 2094 1463 2149 ὲῦόα
1507 2091 1705 2161 λέγων,
1732 2088 1951 2158 Κύριος

369 2222 387 2255 ι
422 2199 625 2255 ἐκτισέ
641 2215 718 2268 με
742 2195 941 2267 ἀρχὴν
969 2192 1127 2249 ὁδῶν
1154 2187 1364 2245 αὑτοῦ.
1414 2205 1433 2238 ι
1475 2182 1646 2239 Τοῦτο
1685 2181 1731 2236 6‘
1780 2179 1951 2234 el.an

365 2293 459 2348 hri
477 2295 578 2365 τὴν
624 2290 807 2363 σάρκα
828 2286 922 2342 τοῦ
973 2285 1225 2357 Σωτῆρος
1276 2278 1433 2352 ἡμῶν
1488 2271 1951 2347 καταδάλλειτὴν

363 2364 600 2440 διάνοιαν
619 2424 635 2448 ,
676 2382 805 2452 ἑξῆς
833 2377 1102 2448 ἐπιλέγων
1126 2393 1141 2407 ο
1183 2395 1201 2427 ι
1234 2375 1458 2428 Ἐκτισε
1478 2369 1585 2442 γὰρ
1620 2366 1858 2439 ἀληθῶς,
1890 2364 1953 2418 τὸ

370 2496 393 2529 ο
423 2478 499 2549 μὴ
530 2475 593 2530 6v
637 2470 978 2546 πεποιηκὼς,
1003 2472 1033 2525 6
1061 2467 1341 2538 Δεσπότης
1386 2463 1547 2537 ἡμῶν
1590 2464 1619 2517 6
1651 2460 1806 2524 Θεός.
1838 2459 1954 2512 Οὐκ

330 2570 335 2573 ’
370 2587 390 2620 ι
425 2563 591 2622 οὖσαν
617 2564 726 2638 γὰρ
748 2565 848 2637 τὴν
875 2563 1088 2636 σάρκα,
1122 2561 1194 2634 ἣν
1222 2558 1512 2630 ἀνείληφεν
1539 2557 1568 2609 6
1586 2553 1780 2623 Λόγος,
1816 2550 1954 2605 ἀλλά

371 2677 393 2714 ι
434 2661 510 2734 μὴ
543 2655 710 2716 οὖσαν
737 2658 950 2713 ἔκτισεν
974 2656 1149 2731 ἀρχὴν
1183 2652 1338 2727 [τῶν]
1367 2650 1503 2706 ὁδῶν
1543 2647 1730 2705 αὑτοῦ.
1774 2665 1794 2700 ι
1842 2646 1953 2699 Καὶ

363 2756 427 2812 οὐ
454 2757 701 2827 συνίησιν
731 2757 761 2810 6
800 2756 1065 2824 γενναῖος,
1091 2752 1168 2815 ὠς
1188 2749 1295 2822 ’μία
1334 2765 1420 2812 τις
1452 2745 1720 2818 ἑκφρασις
1751 2743 1846 2798 καὶ
1896 2740 1956 2794 ἒν

369 2850 659 2923 πρόσωπον
698 2848 957 2920 τυγχάνει
980 2846 1043 2900 τὸ
1078 2846 1278 2916 φῆσαν,
1314 2841 1463 2909 Ἐγὼ
1486 2842 1525 2909 ὴ
1551 2839 1761 2909 Σοφία,
1818 2852 1958 2890 κατ-

365 2944 692 3015 εσκήνωσα
739 2941 987 3009 ,ϐουλὴν
1016 2981 1033 3005 ,
1081 2939 1175 2993 καὶ
1218 2937 1312 2999 τὸ,
1364 2935 1582 3001 Κύριος
1625 2928 1830 2986 ἐκτισέ
1856 2945 1953 3000 με.

372 3039 536 3091 Ὥστε
565 3033 668 3109 (εὖ)
702 3035 794 3089 ἐπὶ
826 3033 924 3106 τὴν
956 3033 1136 3104 σάρκα
1153 3030 1408 3097 ἀνάγοιτο
1440 3025 1667 3096 θάτερον
1691 3063 1706 3087 ,
1742 3020 1955 3091 ἀνάγκη

371 3130 465 3185 καὶ
501 3130 563 3183 τὸ
596 3130 780 3200 ἕτερον
802 3144 817 3158 ·
864 3127 958 3180 καὶ
1008 3126 1042 3196 ἡ
1087 3121 1255 3192 Σοφία
1291 3119 1445 3174 ἔσται
1490 3119 1526 3190 ἡ
1556 3115 1625 3169 τὰ
1672 3114 1959 3186 ἀμφότερα
1985 3153 2030 3213 c

370 3221 621 3292 λέγουσα.
658 3221 722 3274 Εἰ
749 3220 807 3273 δὲ
851 3221 885 3291 ὴ
925 3216 1062 3289 σὰρξ
1105 3215 1255 3283 λέγει
1310 3210 1454 3266 κατά
1504 3206 1824 3281 Μάρκελλον
1875 3203 1958 3268 τὸ,

372 3313 590 3380 Κύριος
611 3308 815 3365 ἔκτισέ
839 3324 916 3379 με
946 3305 1146 3376 ἀρχὴν
1174 3301 1341 3376 [τῶν]
1366 3299 1522 3357 ὁδῶν
1561 3296 1781 3362 αὐτοῦ,
1820 3294 1957 3363 αὕτη

371 3405 440 3462 ἂν
464 3408 547 3477 εἴη
575 3408 609 3477 ἡ
672 3402 871 3474 Σοφίαο
907 3402 1001 3457 καὶ
1054 3399 1206 3454 ἐσται
1238 3400 1272 3470 ἡ
1305 3396 1442 3470 σάρξ
1478 3396 1513 3468 ὴ
1541 3395 1844 3464 φάσκουσα,
1881 3390 1959 3441 Δι’

370 3499 516 3571 ἐμοῦ
532 3495 815 3565 βασιλεῖς
859 3493 1289 3562 βασιλεύουσι,
1346 3489 1446 3544 καί
1484 3486 1559 3541 δι’
1613 3483 1761 3555 ἐμοῦ
1799 3497 1965 3552 μεγι-

371 3588 595 3657 στᾶνες
614 3586 1072 3660 μεγαλύνονται.
1109 3582 1235 3647 Πῶς
1273 3581 1318 3635 6‘
1348 3580 1415 3636 ἂν
1459 3578 1604 3632 εἴποι
1634 3578 1668 3648 ή
1718 3572 1854 3645 σὰρξ
1877 3573 1959 3637 τὸ,

370 3683 783 3752 Μνημονεὺσω
817 3680 892 3734 τὰ
916 3678 987 3743 ἐξ
1012 3675 1230 3740 αἰῶνος
1256 3670 1621 3744 ἀριθμῆσαι;
1656 3662 1739 3732 οἷς
1765 3666 1963 3736 ἐπάγει

373 3776 456 3837 τὸ.
492 3776 707 3843 Κύριος
746 3771 950 3827 ἔκτισέ
996 3786 1076 3839 με
1134 3767 1335 3840 ἀρχῆν
1362 3763 1530 3840 [τῶν]
1561 3762 1721 3820 ὁδῶν
1749 3764 1959 3822 αὐτοῦ.

378 3868 504 3923 Ὀδε
537 3868 632 3922 κού⁵
661 3867 804 3929 τίνες
829 3866 884 3920 αἱ
906 3863 1019 3918 66ol.
1049 3863 1347 3935 παρίστησι
1395 3858 1571 3928 λέγων
1603 3856 1760 3928 ἑξῆς
1797 3876 1817 3910 ι
1856 3851 1961 3911 Οὗ-

382 3981 401 4015 c
434 3976 527 4024 τος
547 3961 656 4033 γὰρ
677 3963 810 4032 ἡμῖν
834 3962 946 4024 τοῖς
973 3958 1202 4021 δικαίως
1263 3950 1645 4008 πολιτεύεσθαι
1683 3949 1959 4023 μέλλουσι,

383 4073 402 4108 ι
428 4054 737 4119 θεοσεϐείας
783 4053 900 4118 ὁδὸς
950 4052 1206 4123 γέγονεν·
1238 4047 1381 4122 ἀρχὴ
1438 4046 1626 4100 πασῶν
1659 4043 1768 4100 τῶν
1826 4043 1966 4116 μετά

383 4168 403 4203 ι
439 4147 772 4205 ταῦταὸδῶν.
797 4168 815 4198 ι
839 4148 950 4201 Καὶ
966 4142 1344 4219 προστίθησιν,
1372 4161 1391 4195 ι
1410 4139 1609 4211 ἀρχὴν
1626 4138 1684 4193 δὲ
1706 4136 1863 4193 ὁδῶν
1876 4136 1964 4191 διά

383 4258 402 4293 ι
433 4240 594 4294 τοῦτο
623 4238 848 4302 εἰκότως
879 4238 1068 4311 εἴρηκε
1106 4235 1198 4289 τὸν
1232 4233 1501 4303 δεσπότην
1532 4231 1691 4303 ήμῶν
1721 4229 1813 4284 τὸν
1848 4229 1963 4282 Σω-

384 4351 405 4386 ‹
442 4333 605 4406 τῆρα,
631 4331 765 4386 διότι
805 4336 900 4385 καὶ
929 4330 1038 4384 τῶν
1069 4327 1293 4401 ἑτέρων,
1333 4317 1409 4381 ὧν
1442 4325 1779 4396 ἐσχήκαμεν,
1828 4320 1965 4376 ὁδῶν

384 4445 404 4481 ι
439 4426 576 4498 μετά
597 4425 696 4499 τὴν
728 4425 950 4497 πρώτην
1009 4421 1128 4476 ὁδὸν
1172 4420 1315 4493 ἀρχὴ
1343 4419 1531 4490 γέγονε
1553 4434 1566 4447 ·
1600 4416 1698 4480 τὰς
1722 4414 1809 4469 διὰ
1857 4413 1965 4468 τῶν

386 4537 406 4573 ι
446 4518 607 4592 ἱερῶν
664 4516 978 4572 ἀποστόλων
1031 4512 1205 4585 δηλῶν
1256 4511 1604 4585 παραδόσεις,
1646 4507 1754 4563 τῶν
1825 4507 1962 4578 μετά

386 4628 407 4665 ι
437 4608 643 4683 ὑψηλοῦ
663 4649 678 4675 ,
719 4607 862 4663 κατά
886 4608 983 4680 τὴν
1023 4605 1383 4679 προφητείαν,
1412 4603 1765 4675 κηρύγματος
1793 4617 1965 4672 κηρυ-

385 4722 406 4756 ι
438 4704 645 4773 ξάντων
691 4705 824 4775 ἡμῖν
849 4702 912 4756 τὸ
945 4699 1133 4756 καινὸν
1173 4696 1332 4769 τοῦτο
1363 4697 1680 4769 μυστήριον.
1719 4714 1737 4746 ι
1779 4692 1965 4747 Ταῦτα

380 4795 719 4869 Μάρκελλος.
1044 4834 1065 4869 _.

394 4906 399 4913 -
478 4861 490 4869 '
1044 4863 1201 4917 ΚΕΦ.
1244 4861 1316 4915 Γν.

386 4962 680 5031 Ἔλεγχος
698 4958 820 5031 τῶν
848 4961 972 5031 οὐκΔ
1005 4959 1110 5031 ὀρθ

880 5028 979 5084 καί
1002 5022 1123 5083 τῶν
1146 5024 1346 5082 αὐτῶν
1382 5022 1557 5094 ὑγιὴς
1593 5022 1892 5093 ἑρμηνεία.

455 5124 518 5178 El.
548 5124 646 5194 μὲν
666 5118 761 5177 οὖν
789 5122 864 5194 μὴ
891 5122 988 5176 καὶ
1012 5121 1111 5193 τὴν
1134 5117 1375 5181 Μωσέως
1400 5116 1493 5171 καὶ
1535 5114 1644 5168 τῶν
1675 5112 1785 5184 (76)
1829 5113 1968 5185 μετά

386 5213 589 5269 Μωσέα
618 5211 911 5284 προφητῶν
942 5208 1269 5282 παρεδέχετο
1296 5204 1519 5276 Γραφὴν
1541 5243 1555 5265 ,
1583 5198 1727 5272 εἶχεν
1752 5201 1817 5255 άν
1847 5216 1970 5255 τινα

388 5308 573 5362 εἰκότα
596 5306 745 5378 αὐτῷ
777 5304 934 5372 λόγον
980 5306 1014 5375 ἡ
1051 5301 1304 5364 ἀπόδοσις
1324 5316 1337 5330 ’
1383 5296 1505 5352 ἐπεὶ
1531 5295 1588 5350 δὲ
1610 5294 1671 5349 οὐ
1693 5293 1804 5348 τῶν
1846 5294 1971 5349 ἀθε-

388 5398 626 5454 τούντων
663 5395 780 5452 ἐστὶ
808 5395 906 5466 τὴν
930 5393 1174 5449 Παλαιὰν
1208 5387 1648 5464 Διαοήκην,τίδή
1681 5404 1810 5442 ποτε
1842 5387 1968 5451 τοὺς

464 5556 523 5614 ὦ
559 5550 656 5605 ΕΔ.
694 5549 893 5614 Pnris.,
925 5566 1049 5620 pug.
1091 5548 1207 5603 I56.
1290 5547 1331 5577 ”
1367 5545 1503 5605 CCII.
1536 5560 1620 5609 Ilt,
1664 5543 1750 5598 19.

316 5743 353 5827 εί
461 5738 583 5882 ιι)
603 5737 952 5881 assam
985 5736 1016 5807 η

1303 313 1392 372 DE
1432 297 1973 369 ECCLESIASTICA
2009 288 2420 352 THEOLOGIA
2460 283 2589 341 UB.
2631 281 2718 339 ΙΙΙ.

1845 429 1942 484 με,
1973 414 2023 473 Α
2053 428 2072 461 ι
2107 421 2326 464 carnem
2349 416 2542 473 nempe
2575 396 2904 467 intelligens.
2926 410 2944 445 ι
2979 388 3043 446 Et
3078 387 3241 446 infert
3263 386 3460 441 iterum
3480 402 3494 439 :
3516 400 3534 435 ι
3557 382 3643 439 lu

1111 4954 1193 5022 ὧς
1228 4958 1317 5021 εὶς
1352 4952 1493 5019 τοὺς
1538 4954 1764 5019 τόπους
1805 4949 1967 5017 αὐτῷ
2002 4923 2045 4978 D

3518 263 3626 324 98‘!

2046 520 2066 553 ι
2099 498 2380 569 principio,
2404 492 2603 562 inquit.
2634 489 2945 561 priusquam
2976 490 3174 537 terrain
3195 477 3462 535 conderet.
3493 473 3629 530 Ter-

2047 609 2067 643 ι
2102 603 2218 644 ram
2249 580 2592 657 quamnam?
2623 588 2864 634 nostram
2916 572 3170 628 nimirum
3198 581 3419 625 carnem
3447 602 3465 631 ,
3504 576 3632 633 quas

2049 699 2069 734 ι
2108 687 2230 751 post
2269 654 2780 746 transgressionem
2835 676 2980 721 terra
3028 664 3245 719 demum
3302 657 3447 714 facta
3504 654 3627 710 fuit.

2051 794 2069 826 ι
2114 770 2260 826 Nam
2287 779 2431 823 terra
2464 783 2536 830 es,
2571 762 2788 831 inquit,
2821 768 2870 813 et
2906 757 2961 811 in
3014 764 3209 809 terram
3239 745 3566 804 revertere“.
3602 763 3623 795 ι

2050 866 2211 923 Vides
2273 864 2533 932 qliautum
2585 856 2676 911 ille
2708 850 2985 908 aberravit
3016 864 3045 903 a
3091 852 3239 901 recta
3276 841 3363 897 via
3414 839 3629 904 devius,

2046 960 2186 1013 viam
2247 953 2352 1011 sibi
2398 947 2762 1007 adinveniens
2806 956 3095 1014 asperam,
3137 932 3626 1007 impermeabilem,

2048 1047 2340 1109 difﬁculter
2361 1040 2774 1100 transeundam.
2808 1036 2944 1093 Vide
2975 1049 3108 1105 ergo
3134 1030 3369 1103 qualiter
3398 1026 3490 1084 ille
3524 1026 3632 1082 im-

2049 1143 2319 1216 pudenter
2359 1136 2540 1194 omnia
2572 1144 2629 1191 et
2676 1131 2961 1204 proﬂigato
2995 1126 3199 1199 pudore
3244 1122 3422 1193 potius
3448 1116 3630 1190 eloqui

2051 1214 2266 1299 maluit,
2300 1247 2466 1301 quam
2501 1228 2592 1300 qui
2620 1227 2718 1282 Dei
2751 1222 3030 1294 Sapientia
3070 1226 3188 1284 est,
3221 1226 3282 1271 ut
3305 1214 3502 1270 Filiqu
3536 1226 3630 1267 ve-

2052 1332 2110 1386 lit
2140 1327 2413 1386 couliteri.
2434 1323 2569 1378 Illud
2593 1335 2724 1393 ergo
2743 1358 2759 1384 ,
2789 1317 3042 1372 Dominus
3084 1311 3281 1368 creavit
3306 1325 3389 1364 me
3429 1306 3631 1377 princi-

2049 1427 2195 1498 pium
2214 1425 2417 1480 uiarum
2443 1433 2683 1483 suarum,
2711 1417 2781 1470 ad
2807 1429 2965 1483 opera
2989 1426 3111 1477 sua,
3131 1408 3198 1464 ad
3228 1417 3513 1479 personant
3541 1415 3632 1456 re-

2054 1496 2178 1575 tulit
2205 1514 2540 1581 Servatoris,
2579 1509 2868 1568 confessus
2916 1505 3067 1562 illum
3096 1502 3346 1559 eumdem
3368 1513 3509 1565 esse,
3537 1496 3633 1566 qui

2054 1615 2108 1669 in
2138 1608 2450 1667 Proverbiis
2478 1607 2597 1661 haec
2620 1601 2903 1675 profatur;
2930 1598 3005 1653 ait
3027 1597 3191 1666 igitur
3222 1592 3375 1649 hisce
3407 1587 3632 1646 totidem

2055 1704 2237 1761 verbis
2286 1701 2375 1774 [Ιὶ.
2425 1696 2565 1770 XI]:
2619 1714 2638 1748 ι
2689 1693 2954 1761 Quocirca
3011 1703 3136 1744 cum
3190 1692 3403 1741 vetusta
3450 1680 3635 1737 omnia

1416 1777 1445 1871 ν
1476 1777 1948 1886 παρεληλυόότων,

2061 1817 2076 1851 ι
2119 1792 2573 1869 pmletﬂuaeriut
2602 1832 2618 1856 ,
2656 1789 2834 1844 futura
2865 1795 3044 1840 autem
3087 1789 3271 1838 essent
3303 1777 3487 1834 omnia
3532 1790 3649 1831 [ιο--

2061 1912 2079 1944 ι
2118 1865 2207 1956 va,
2238 1903 2336 1960 per
2361 1897 2417 1942 et
2448 1895 2672 1956 prepter
2715 1878 3053 1936 nobilitatem
3085 1872 3395 1930 Servatoris
3439 1865 3636 1932 nostri,

2058 2005 2076 2037 ι
2121 1983 2382 2039 Dominus
2415 1990 2601 2034 noster
2650 1973 2903 2030 Christus
2931 1985 3028 2041 per
3061 1966 3380 2038 prophetam
3429 1960 3639 2034 procla-

2059 2095 2077 2128 ι
2118 2083 2253 2139 mat,
2299 2072 2575 2142 inquiens,
2611 2066 2872 2122 Dominus
2919 2062 3158 2118 condidit
3186 2075 3268 2114 me
3313 2055 3639 2128 principium

2060 2189 2079 2222 ι
2120 2170 2323 2224 viarum
2349 2180 2587 2220 suarum.
2621 2181 2640 2214 ι
2677 2161 2801 2216 llaec
2825 2156 3146 2230 prolocutus
3171 2151 3240 2207 ad
3270 2163 3490 2206 carnem
3510 2147 3643 2204 Ser-

2055 2263 2283 2322 vatoris.
2318 2259 2709 2330 cogitationem
2743 2267 2899 2309 suam
2930 2249 3113 2318 dejicit
3140 2287 3158 2311 ,
3199 2246 3252 2300 in
3285 2239 3643 2314 sequentibus

2055 2352 2343 2423 inquiens:
2376 2367 2396 2402 ι
2434 2346 2572 2402 Vere
2625 2345 2767 2399 enim
2796 2338 3038 2397 condidit
3062 2335 3155 2406 qui
3185 2349 3290 2388 non
3317 2345 3414 2387 ens
3432 2327 3642 2384 creavit

2061 2465 2079 2498 ι
2108 2444 2367 2499 Dominus
2396 2452 2581 2495 noster
2601 2436 2760 2490 Deus.
2776 2432 2909 2487 Nam
2928 2444 3149 2486 carnem
3168 2441 3271 2481 non
3286 2423 3637 2479 exsiStentens

2060 2556 2080 2588 ι
2106 2534 2346 2604 suscepit
2386 2539 2629 2586 nostram
2654 2529 2912 2591 Verbum,
2930 2532 3123 2578 etcum
3142 2516 3462 2584 susciperet,
3487 2512 3641 2581 prin-

2065 2651 2084 2686 ι
2108 2630 2303 2700 cipiunt
2355 2627 2559 2682 uiarum
2598 2636 2816 2678 suorum
2852 2617 3002 2673 fecit.
3044 2634 3062 2667 ι
3096 2610 3210 2668 Nec
3261 2606 3514 2678 intelligit
3557 2605 3644 2658 vir

2057 2723 2326 2795 optimus,
2356 2718 2502 2788 quod
2545 2726 2601 2772 et
2654 2713 2815 2769 unica
2846 2707 3015 2765 dictio
3058 2714 3115 2761 et
3163 2715 3396 2776 persona
3424 2712 3644 2771 quoque

2058 2789 2216 2874 unica
2253 2815 2344 2878 sit,
2374 2813 2465 2883 qui
2493 2810 2648 2872 dixit,
2684 2805 2799 2876 Ego
2834 2800 3108 2873 Sapientia
3137 2794 3418 2852 consilium
3444 2789 3645 2847 consti-

2059 2912 2135 2965 tui
2173 2910 2240 2973 ⁸⁸,
2280 2917 2354 2971 et,
2387 2904 2643 2959 Dominus
2697 2897 2930 2953 rondidit
2964 2909 3044 2947 me
3069 2891 3135 2948 ³⁸.
3160 2887 3647 2955 Quorumutrum-

2058 3019 2163 3075 que
2196 2972 2281 3056 vel
2326 2995 2649 3055 utrumlibet
2688 2994 2755 3046 du
2778 3004 2943 3045 carne
2977 2984 3347 3057 praedicatur:
3389 2972 3532 3048 quod
3564 2974 3646 3030 sic

2059 3068 2218 3167 plane
2269 3103 2559 3160 utrumque
2587 3097 2642 3141 et
2693 3082 2969 3154 Sapientia
3004 3078 3130 3140 erit,
3171 3089 3295 3146 quze
3329 3081 3385 3128 et
3419 3071 3528 3127 hoc
3554 3068 3645 3122 di-

2064 3191 2140 3246 xit
2161 3229 2176 3254 ,
2202 3199 2363 3257 atque
2390 3184 2541 3238 illud.
2579 3178 2732 3248 Quod
2762 3178 2805 3232 si
2841 3192 2907 3231 ex
2947 3170 3219 3229 sententia
3248 3163 3488 3221 Marcelli
3515 3176 3646 3217 caro

2064 3283 2236 3347 dicat,
2270 3277 2528 3332 Dominus
2558 3266 2748 3328 crearit
2785 3285 2868 3324 me
2901 3264 3223 3337 principium
3263 3261 3473 3316 uiarum
3516 3272 3646 3311 suu-

2064 3346 2225 3439 rum,
2246 3370 2337 3426 illa
2368 3370 2475 3423 erit
2508 3363 2810 3436 Sapientia,
2840 3371 3006 3430 atque
3028 3370 3160 3412 caro
3195 3369 3317 3424 qua:
3341 3351 3494 3415 dicit,
3544 3346 3651 3400 Per

2064 3483 2143 3521 me
2166 3478 2311 3533 reges
2337 3468 2556 3531 regnant
2582 3486 2615 3522 ,ι
2643 3466 2692 3512 et
2725 3470 2820 3524 per
2849 3467 2932 3506 me
2975 3456 3244 3520 magnam
3274 3442 3452 3514 magni
3484 3440 3646 3510 ﬁam,

2065 3568 2120 3614 at
2143 3555 2417 3628 quomodo
2446 3553 2628 3607 dicere
2678 3546 2877 3620 poterit
2921 3557 3073 3607 caro,
3118 3536 3425 3594 Memorabo
3460 3545 3647 3589 eorum

2063 3625 2183 3725 qua;
2223 3658 2346 3705 sunt
2396 3665 2429 3701 a
2474 3642 2712 3700 sa'culo.’
2756 3638 2956 3710 quibus
3009 3630 3335 3690 subnectit:
3388 3625 3657 3681 Dominus

2066 3720 2299 3800 condidit
2332 3755 2412 3794 me
2448 3734 2765 3808 principium
2797 3729 3006 3784 viarum
3047 3724 3185 3794 ejus.
3224 3720 3483 3788 Quaenam
3518 3727 3655 3771 vero

2065 3840 2172 3893 sint
2203 3836 2307 3892 illm
2347 3807 2455 3887 viae
2494 3830 2651 3884 docet
2686 3826 2736 3880 in
2774 3819 3125 3893 sequentibus
3161 3816 3253 3889 [Β.
3294 3810 3408 3883 XII]
3442 3830 3456 3865 :
3495 3829 3515 3864 ι
3568 3807 3649 3864 ita

2071 3951 2089 3984 ι
2123 3931 2266 3985 enim
2288 3928 2376 3982 ille
2405 3923 2581 3986 nobis,
2606 3920 2696 3991 qui
2722 3914 3023 3973 secundum
3057 3910 3319 3971 rationem
3343 3906 3546 3977 justam
3567 3903 3652 3956 in-

2071 4044 2089 4076 ι
2130 4022 2358 4077 stituere
2403 4018 2568 4071 vitam
2600 4010 2849 4067 volumus
2874 4046 2890 4067 .
2935 4003 3154 4078 pietatis
3186 4002 3270 4057 via
3309 4000 3488 4054 factus
3512 4005 3598 4052 est
3631 4013 3646 4050 :

2072 4137 2090 4168 ι
2131 4112 2456 4187 principium
2493 4109 2706 4162 viarum
2747 4101 2991 4157 omnium
3018 4097 3401 4168 posteriorum.
3439 4109 3458 4145 ι
3488 4088 3655 4146 Addit

2068 4183 2248 4263 alitem
2283 4225 2302 4259 ι
2335 4200 2655 4274 principium
2686 4197 2889 4251 viarum
2913 4193 2984 4247 ob
3026 4190 3130 4245 hor.
3159 4190 3331 4257 ipsqu
3367 4183 3652 4272 Dominum

2075 4317 2096 4350 ι
2127 4311 2270 4361 esse,
2292 4304 2348 4350 et
2369 4293 2719 4349 Servatorem
2745 4293 2991 4341 nostrum
3025 4296 3041 4336 :
3067 4288 3349 4352 prapterea
3376 4253 3529 4347 quod
3543 4272 3655 4329 via-

2076 4412 2095 4445 ι
2139 4406 2279 4456 runt,
2321 4402 2458 4459 quas
2516 4380 2744 4455 ingressi
2799 4390 2991 4433 sumus
3028 4382 3150 4445 post
3199 4370 3430 4442 primam
3464 4367 3608 4422 viam
3634 4408 3651 4430 ,

2075 4503 2092 4536 ι
2135 4481 2460 4554 principium
2485 4474 2718 4532 exstitit.
2753 4468 2936 4525 lnnuit
2963 4474 3150 4521 autem
3184 4461 3511 4517 traditiones
3558 4474 3653 4514 ac-

2076 4598 2095 4629 ι
2124 4552 2307 4648 reptas
2324 4590 2354 4629 a
2371 4572 2568 4627 divinis
2583 4565 2865 4638 apostolis,
2880 4561 2994 4631 qui,
3009 4558 3305 4614 secundum
3319 4552 3653 4624 prophetias,

2077 4686 2095 4719 ι
2137 4683 2239 4722 una
2262 4680 2385 4720 cum
2417 4660 2685 4717 altissimo
2712 4656 2804 4711 illo
2828 4649 3120 4726 praeconio,
3164 4662 3361 4703 novum
3398 4646 3503 4702 hoc
3537 4640 3658 4714 my-

2076 4780 2096 4813 ο
2139 4758 2368 4815 sterium
2392 4753 2549 4811 nobis
2572 4750 2981 4806 aununtiarunt.
3006 4764 3026 4799 ι
3057 4741 3326 4798 Hactenus
3350 4736 3653 4794 Marcellus.

2675 4840 2917 4899 CAPUT
2950 4836 3035 4895 lli.

2079 4954 2138 5013 ᾖ
2201 4943 2466 5014 Refutatio
2518 4953 2698 5014 eorum
2733 4950 2851 5014 qua:
2885 4946 3127 5013 perverse
3169 4935 3548 5009 commentatus
3581 4934 3658 4978 est

2236 4997 2310 5070 ἇὲι
2335 5015 2479 5077 loca,
2508 5020 2558 5064 et
2585 4997 3081 5063 orthodoxa-eorum
3109 4997 3497 5067 interpretatio.

2150 5110 2209 5165 Si
2269 5121 2446 5177 neque
2485 5102 2647 5158 Musis
2695 5116 2795 5156 nec
2841 5098 3229 5168 prophetarum
3276 5100 3400 5162 post
3452 5089 3657 5144 Mosem

2080 5202 2398 5273 Scripturas
2412 5196 2726 5252 admitteret
2749 5188 3054 5254 Marcellus,
3089 5182 3426 5257 probabilem
3458 5181 3655 5238 fortas-

2081 5294 2158 5351 sis
2186 5292 2453 5348 rationem
2490 5287 2756 5344 baberent
2785 5297 2906 5353 qua
2932 5280 3002 5336 ab
3033 5294 3100 5337 eo
3131 5277 3371 5351 profecta
3401 5285 3549 5332 sunt.
3591 5276 3655 5327 At

2078 5401 2198 5441 cum
2232 5397 2336 5438 non
2388 5381 2459 5436 sit
2487 5394 2554 5434 ex
2585 5390 2772 5433 eorum
2798 5386 3027 5431 numero
3068 5369 3159 5443 qui
3202 5365 3366 5427 Vetus
3405 5375 3658 5425 recusant

1851 5543 1893 5577 ts
1918 5542 2078 5604 βραν,
2110 5557 2208 5600 vm
2238 5578 2255 5608 ,
2282 5538 2372 5595 12.
2470 5536 2517 5569 ⁸⁵
2548 5533 2676 5589 ibid.
2709 5532 2804 5590 22.

2164 5729 2274 5804 (76)
2304 5726 2470 5799 Vulgo
2503 5723 2659 5780 κατά.
