4160 6444
455 279 564 342 935

1135 274 1406 334 EUSEBll
1444 277 1929 337 CESABIENSIS
1965 281 2119 337 OPP.
2160 282 2343 339 PARS
2382 283 2472 340 IV.
2508 313 2576 324 —-
2618 283 3036 342 DOGMATICA.

3628 281 3739 340 981v

453 399 882 464 Testamentum,
907 414 1167 470 quorsum
1191 407 1248 454 et
1279 397 1552 464 apostolos
1573 442 1588 467 ,
1619 409 1676 456 et
1701 401 1917 457 illorum
1947 410 2046 458 do-

2167 405 2256 474 μὲν
2283 405 2612 470 ἀποστόλους
2631 408 2727 460 καὶ
2763 405 2972 460 τούτων
3007 405 3108 470 τὰς
3163 404 3530 472 διδασκαλίας,
3555 403 3738 471 ὁδοὺς

455 493 686 550 ctrinam
729 491 843 546 vias
895 490 1245 545 nominavit?
1298 488 1489 562 Neque
1527 492 1768 548 animum
1812 495 2048 550 advertit-

2147 497 2450 569 ὠνόμασεν,
2477 499 2599 571 οὐχὶ
2630 499 2688 552 δὲ
2716 498 3023 571 προσσεσχε
3071 501 3182 562 τοῖς
3206 497 3298 552 τοῦ
3336 496 3474 552 Θεοῦ
3532 499 3738 570 προφή-

460 585 548 640 Dei
580 584 884 654 prophetis,
909 583 1002 653 qui
1035 593 1293 638 sexcenta
1321 584 1568 654 quaedam
1607 585 1674 640 de
1699 586 1807 642 viis
1831 586 2042 643 Domini

2167 607 2289 655 ;αις,
2344 589 2513 662 μυρία
2547 591 2678 663 περὶ
2715 591 2852 646 ὁδῶν
2905 589 3040 644 Θεοῦ
3077 590 3450 660 γεγραφόσιν;
3514 590 3740 663 Πρῶτον

456 678 815 748 scripserunt.
846 675 1022 732 Moses
1049 687 1233 731 autem
1263 676 1516 746 inprimis
1562 677 1634 731 ita
1660 679 1902 749 scripsit.
1944 679 2046 734 Via

457 772 602 842 regia
649 770 980 841 proﬁciscere
1032 771 1097 825 ’⁷.
1150 770 1258 836 Ει,
1305 767 1445 826 Ecce
1504 771 1658 837 posui
1705 782 1827 826 ante
1857 772 2048 841 [aciem

459 873 605 917 tuam
635 863 773 916 viam
806 863 946 926 vitaz,
979 871 1030 917 et
1062 864 1198 917 viam
1229 864 1419 918 mortis
1452 863 1517 917 ιθ.
1557 863 1622 916 Ει
1650 861 1820 918 David
1858 863 2049 919 simili-

460 967 570 1022 ter,
607 956 768 1012 Novit
802 957 1060 1012 Dominus
1089 958 1226 1011 viam
1261 957 1554 1026 justorum,
1584 966 1632 1011 et
1662 958 1744 1010 via
1767 958 2048 1026 impiorum

458 1047 644 1116 peribit
670 1048 737 1102 '9.
769 1047 836 1103 Et
872 1047 1161 1112 Jeremias,
1187 1048 1342 1104 State
1375 1050 1432 1103 in
1469 1050 1591 1114 viis,
1640 1059 1688 1104 et
1727 1051 2053 1120 interrogate

463 1141 528 1193 de
558 1140 755 1202 semitis
786 1139 996 1194 Domini
1019 1142 1314 1203 quernis,“
1344 1141 1511 1195 videte
1532 1158 1652 1211 quce
1685 1143 1753 1196 sit
1785 1142 1871 1196 via
1893 1143 2052 1209 bona,

461 1241 514 1286 et
543 1233 597 1284 in
636 1232 729 1285 illa
753 1232 1018 1287 ambulate
1045 1234 1112 1287 ¹⁰.
1142 1231 1248 1288 Sed
1276 1244 1332 1288 et
1359 1234 1600 1304 singulos
1636 1236 1930 1304 prophetas
1968 1236 2052 1290 in-

463 1324 649 1378 venies
689 1323 889 1379 fecisse
937 1325 1265 1380 mentionem
1329 1325 1531 1380 viarum
1589 1326 1709 1382 Dei.
1779 1329 1837 1382 Si
1891 1330 2056 1398 igitur

467 1415 726 1471 Servator
747 1425 801 1472 et
845 1417 1104 1474 Dominus
1133 1427 1322 1472 noster
1352 1416 1514 1473 Jesus
1537 1419 1812 1483 Christus,
1847 1435 1908 1477 se
1947 1422 2052 1475 ini-

468 1509 603 1563 tium
639 1511 849 1566 viarum
882 1511 1096 1565 Domini
1132 1513 1346 1576 doceat,
1374 1511 1650 1582 inquibus
1673 1513 1771 1579 ait,
1799 1513 2058 1569 Dominus

467 1603 705 1656 condidit
757 1619 840 1657 me
889 1605 1208 1672 principium
1256 1607 1466 1660 viarum
1517 1621 1738 1661 suarum
1780 1610 1853 1661 ad
1899 1624 2059 1675 opera

468 1709 566 1747 sua
592 1696 658 1762 “,
692 1696 916 1750 omnino
938 1696 1046 1761 ille,
1087 1707 1144 1752 et
1183 1696 1333 1752 Mose
1363 1699 1662 1766 antiquior,
1695 1708 1750 1755 et
1776 1701 2059 1770 prophetis

2153 682 2252 755 μὲν
2285 683 2394 756 γὰρ
2430 683 2639 754 Μωσῆς
2657 678 2760 737 ὦδε
2784 684 3012 755 γράφων
3043 681 3258 753 ἔλεγεν·
3309 680 3457 748 Ὀδῷ
3493 683 3736 748 ,ϐασιλι-

2151 773 2231 845 κῇ
2287 776 2559 845 πορεύσῃ
2579 793 2594 807 ·
2645 777 2760 841 καὶ,
2815 775 2965 830 Ἰδοὺ
2997 774 3230 830 τέθεικα
3261 775 3373 844 πρὸ
3413 773 3736 845 προσώπου

2153 884 2271 922 σου
2300 867 2415 937 τὴν
2443 868 2588 923 ὁδὸν
2614 866 2726 937 τῆς
2750 867 2900 937 ζωῆς
2918 910 2934 934 ,
2976 868 3073 923 καὶ
3103 867 3218 937 τὴν
3244 866 3390 922 ὁδὸν
3418 867 3528 922 τοῦ
3558 865 3736 922 θανά·

2153 977 2259 1014 του
2279 977 2291 990 °
2363 960 2459 1015 καὶ
2499 962 2528 1014 6
2582 959 2749 1013 Δαόὶδ
2771 961 2992 1031 ὁμοίως,
3029 958 3324 1014 Γινώσκει
3374 958 3487 1031 (77)
3525 960 3735 1028 Κύριος

2155 1049 2302 1104 ὁδὸν
2329 1049 2595 1115 δικαίων,
2630 1052 2729 1104 καὶ
2776 1051 2919 1116 ὁδὸς
2976 1049 3213 1106 ἀσεϐῶν
3241 1049 3582 1106 ἀπολεῖταιο
3642 1048 3736 1103 καὶ

2167 1145 2235 1198 Ἰε
2242 1162 2302 1216 ρε
2310 1145 2459 1216 μίας,
2490 1143 2679 1214 Στῆτε
2698 1143 2769 1197 ἐν
2796 1143 2925 1208 ταῖς
2939 1143 3118 1209 ὁδοῖς,
3141 1142 3240 1197 καὶ
3262 1141 3599 1212 ἐρωτήσατε
3616 1140 3740 1209 τρί-

2157 1238 2304 1303 σους
2345 1239 2564 1306 Κυρίου
2606 1238 2906 1302 αἰωνίους,
2960 1236 3059 1289 καὶ
3109 1236 3265 1290 ἴδετε
3309 1237 3452 1290 ποία
3500 1235 3742 1300 ἐστινὴ

2157 1328 2298 1395 ὁδὸς
2320 1331 2358 1398 ἡ
2395 1329 2612 1399 ἀγαθὴ,
2641 1329 2740 1382 καὶ
2768 1329 3094 1398 πορεύεσθε
3133 1328 3204 1382 ἐν
3228 1327 3383 1397 αὐτῇ
3403 1345 3416 1358 ·
3465 1329 3560 1382 καὶ
3613 1329 3740 1382 ἑκα-

2159 1438 2282 1475 στον
2310 1420 2367 1475 δὲ
2397 1420 2506 1474 τῶν
2531 1420 2824 1494 προφητῶν
2845 1420 3117 1493 διαφόρως
3164 1420 3612 1492 μνημονεύσαντα
3633 1419 3742 1472 τῶν

2155 1510 2292 1567 ὁδῶν
2315 1511 2410 1565 τοῦ
2439 1511 2573 1565 Θεοῦ
2605 1513 2876 1583 εὑρήσεις.
2905 1512 2969 1565 Εἰ
2989 1510 3168 1564 τοίνυν
3194 1513 3223 1564 6
3271 1510 3462 1582 Σωτὴρ
3493 1511 3587 1564 καὶ
3628 1508 3740 1564 Κύ-

2161 1611 2276 1676 ριος
2308 1606 2342 1676 ὴ
2352 1603 2469 1673 μῶν
2505 1603 2712 1675 Ἰησοῦς
2743 1603 2979 1675 Χριστὸς
2995 1602 3091 1656 τοῦ
3117 1601 3252 1656 Θεοῦ
3279 1602 3454 1674 ἀρχὴν
3481 1597 3743 1655 εἶναιτῶν

2160 1693 2298 1748 ὁδῶν
2327 1693 2423 1747 τοῦ
2451 1693 2586 1748 Θεοῦ
2614 1694 2805 1748 ἑαυτὸν
2830 1693 3070 1748 διδάσκει
3097 1693 3521 1763 λέγων,Κύριος
3544 1692 3746 1748 ἕκτισέ

469 1787 596 1850 erit,
631 1797 684 1840 et
739 1788 805 1841 iis
837 1789 1092 1845 omnibus
1120 1791 1214 1859 qui
1261 1791 1441 1846 adhuc
1468 1791 1719 1857 ulterius,
1753 1795 2051 1849 secundum

2167 1803 2230 1854 pe
2249 1784 2448 1856 ἀρχὴν
2475 1783 2629 1840 ὁδῶν
2654 1785 2840 1839 αὑτοῦ
2861 1788 2949 1851 είς
2973 1785 3118 1855 ἔργα
3145 1785 3352 1846 αὐτοῦ,
3391 1784 3611 1847 πάντως
3640 1800 3745 1836 που

470 1880 588 1932 vias
618 1879 711 1933 Dei
745 1881 1017 1936 vixerunt.
1061 1882 1167 1938 Sed
1197 1899 1304 1937 non
1342 1893 1460 1939 erat
1489 1899 1618 1940 caro
1649 1899 1814 1953 quam
1838 1899 2056 1939 assum.

470 1974 582 2040 psit
629 1975 776 2028 hisce
807 1973 1058 2029 omnibus
1078 1976 1364 2046 antiquior
1398 1995 1412 2032 :
1445 1977 1631 2046 itaque
1679 1993 1786 2033 non
1814 1989 1964 2032 recte
1991 1978 2059 2031 de

472 2079 636 2118 carne
668 2066 1094 2134 interpretantur
1137 2067 1417 2122 oraculum
1453 2066 1607 2122 illud.
1652 2064 1918 2134 Quocirca
1947 2080 2056 2120 non

474 2153 684 2209 locutus
707 2165 791 2209 est
821 2156 923 2209 ista
949 2157 1210 2212 Servatur
1241 2167 1467 2228 propter
1495 2173 1742 2222 carnem,
1789 2158 1884 2213 sed
1913 2159 2058 2228 quod

479 2247 892 2314 pra-exsistebat
939 2251 1052 2318 ipse
1081 2290 1095 2314 ,
1146 2261 1202 2305 et
1235 2252 1376 2304 viam
1415 2249 1647 2306 ducebat
1701 2249 1805 2305 viis
1847 2249 2059 2304 Domini

482 2340 778 2404 universis,
817 2341 870 2395 in
903 2342 1103 2410 quibus
1135 2343 1226 2411 qui
1253 2343 1578 2407 erantolim,
1603 2341 1714 2396 Deo
1745 2341 1926 2398 dilecti
1952 2355 2063 2395 om-

476 2447 577 2488 nes
606 2433 1041 2488 ambulaverunt.
1080 2435 1529 2504 Quandoquidem
1572 2443 1627 2489 et
1660 2434 1880 2488 divinus
1915 2435 2060 2502 Apo-

476 2524 646 2579 stolus
685 2525 840 2590 dixit,
873 2523 918 2579 0
941 2525 1263 2594 profundum
1327 2525 1659 2587 divitiarum,
1687 2535 1738 2579 et
1767 2525 2060 2594 sapientiae,

474 2627 526 2670 et
565 2620 881 2689 cognitionis
929 2618 1027 2672 Dei
1053 2660 1066 2679 ,
1098 2635 1258 2689 quam
1299 2619 1664 2672 inscrutubilia
1692 2627 1815 2672 sunt
1849 2618 2065 2687 judicia

475 2707 593 2776 ejus
619 2749 635 2774 ,
670 2717 721 2762 et
763 2702 1264 2778 inapervestigabiles
1296 2709 1390 2762 viae
1419 2709 1538 2778 ejus
1569 2709 1636 2770 ²¹,
1666 2707 1830 2766 aliam
1869 2722 2063 2778 quam.

478 2799 605 2854 dam
643 2801 785 2854 viam
820 2801 908 2855 ille
936 2801 1198 2855 indicavit
1225 2841 1242 2865 ,
1287 2802 1664 2856 universitatis
1691 2817 1872 2856 rerum
1901 2816 2064 2855 cura-

481 2895 674 2948 tricem
703 2933 719 2957 ,
747 2908 852 2962 per.
881 2907 1043 2960 quam
1099 2892 1355 2947 ineﬂabili
1389 2895 1622 2964 quodam
1645 2894 1856 2964 judicio
1878 2903 1933 2948 et
1963 2909 2068 2947 ra-

481 2983 720 3038 tionibus
743 2984 1065 3054 quibusdam
1111 2999 1213 3037 non
1241 2985 1788 3054 comprehendendis,
1813 2987 2064 3039 universa

481 3075 781 3146 gubernat,
834 3091 932 3144 pro
979 3075 1164 3130 divina
1205 3091 1301 3130 sua
1357 3083 1628 3145 potestate
1671 3095 1686 3132 :
1724 3090 2067 3146 consequens

2160 1877 2256 1929 καὶ
2281 1874 2527 1937 Μωσέως
2555 1875 2648 1930 καὶ
2675 1875 2785 1929 τῶν
2820 1874 3116 1946 προφητῶν
3141 1874 3234 1928 καὶ
3265 1873 3376 1928 τῶν
3412 1874 3491 1928 ἔτι
3543 1873 3746 1928 ἀνωτέ-

2161 1986 2240 2040 ρω
2293 1967 2436 2022 κατὰ
2485 1967 2585 2032 τὰς
2645 1967 2799 2032 ὁδοὺς
2839 1967 2936 2023 τοῦ
2987 1967 3125 2022 Θεοῦ
3195 1967 3534 2039 βεϐιωκότων
3562 1967 3646 2037 εἴη
3681 1965 3751 2021 ἂν

2159 2057 2564 2131 πρεσϐύτερος’
2590 2059 2706 2113 ἀλλ’
2730 2059 2853 2130 οὐχὶ
2890 2060 2924 2130 ἡ
2955 2058 3111 2131 σὰρξ,
3141 2060 3210 2131 ἣν
3248 2058 3560 2129 ἀνείληφεν,
3603 2057 3750 2111 ὲκεί-

2159 2168 2266 2204 νων
2299 2151 2559 2206 ἁπάντων
2592 2151 2806 2222 ὑπῆρχε
2837 2152 3264 2223 προγενεστέρα.
3297 2151 3410 2204 Οὐκ
3439 2149 3618 2222 ὀρθῶς
3657 2147 3751 2205 οῦν

2161 2246 2254 2298 ἐπὶ
2294 2244 2392 2316 τὴν
2423 2245 2605 2317 σάρκα
2635 2245 2950 2316 ὲξείληπται
2997 2247 3058 2300 τὸ
3112 2245 3312 2315 λόγιον.
3369 2246 3444 2298 Οὐ
3515 2243 3606 2298 διὰ
3653 2243 3754 2314 τὴν

2163 2341 2344 2408 σάρκα
2375 2338 2559 2392 τοίνυν
2582 2338 2733 2393 ταῦτ’
2757 2338 2941 2408 ἔλεγεν
2966 2341 2996 2391 ὁ
3024 2337 3236 2410 Σωτὴρ,
3295 2337 3386 2391 διὰ
3425 2337 3484 2390 δὲ
3517 2337 3579 2391 τὸ
3615 2354 3753 2409 προ-

2165 2431 2430 2503 ὓπάρχειν
2463 2431 2657 2497 αὐτὸν,
2709 2431 2804 2485 καὶ
2836 2429 3196 2503 καθηγεῖσθαι
3255 2430 3368 2502 (78)
3423 2429 3612 2484 πασῶν
3645 2429 3756 2485 τῶν

2162 2523 2296 2576 ὁδῶν
2323 2523 2420 2577 τοῦ
2451 2523 2608 2588 Θεοῦ,
2658 2522 2728 2588 ἂς
2769 2523 2992 2589 πάντες
3011 2526 3065 2578 οὶ
3094 2522 3281 2577 πάλαι
3313 2523 3612 2592 θεοφιλεῖς
3639 2523 3746 2578 ἆν-

2163 2613 2301 2682 δρες
2326 2614 2683 2669 ὡδεύκασιν.
2726 2616 2878 2668 Ἐπεὶ
2909 2615 2966 2669 δὲ
2989 2617 3017 2668 6
3043 2613 3519 2678 ΘεῖοςἈπόστολος
3561 2612 3756 2682 λέγων,

2163 2703 2232 2760 Ὦ
2264 2706 2460 2774 ,Βάθος
2486 2708 2758 2762 πλούτου
2785 2708 2882 2762 καὶ
2912 2709 3136 2776 σοφίας
3164 2705 3556 2776 καὶγνώσεως
3588 2705 3762 2770 Θεοῦ,

2163 2802 2245 2866 ὡς
2301 2799 2741 2868 ἀνεξερεύνητα
2796 2801 2869 2854 τὰ
2923 2801 3178 2870 κρίματα
3233 2799 3421 2854 αὑτοῦ
3509 2798 3608 2852 καὶ
3657 2797 3762 2852 ἀν-

2165 2890 2535 2960 εξιχνίαστοι
2569 2895 2630 2945 αἱ
2659 2892 2784 2946 ὁδοὶ
2809 2891 3018 2957 αὑτοῦ,
3050 2891 3243 2963 ἐτέρας
3262 2890 3414 2954 τινὰς
3436 2891 3589 2953 ὁδοὺς
3629 2891 3761 2943 ὐπο-

2167 2978 2373 3042 δάλλει,
2405 2979 2505 3042 τὰς
2532 2981 2898 3052 προνοητικὰς
2922 2981 3031 3033 τῶν
3057 2981 3217 3046 ὅλων,
3243 2981 3310 3035 δι’
3336 2975 3412 3037 ὦν
3459 2981 3760 3052 ἀπορρήτῳ

2167 3072 2368 3143 κρίσει,
2399 3074 2494 3127 καὶ
2516 3073 2697 3142 λόγοις
2722 3073 2834 3146 (⁵79)
2880 3074 3164 3145 ἀλήπτοις,
3200 3075 3268 3127 τὰ
3317 3073 3611 3145 σύμπαντα
3647 3073 3763 3126 διαο

482 3177 634 3222 certe
671 3177 753 3221 est
779 3206 794 3229 ,
831 3177 970 3223 utet
999 3169 1191 3222 harum
1229 3169 1438 3223 viarum
1475 3184 1693 3240 quoque
1735 3169 2063 3239 principium

2167 3165 2406 3236 κυϐερνᾷ
2438 3165 2558 3238 Θείᾳ
2587 3166 2854 3236 δυνάμει,
2911 3167 3204 3221 ἀκόλουθόν
3243 3168 3358 3218 ἐστι
3419 3166 3513 3218 καὶ
3559 3165 3766 3220 τούτων

481 3271 788 3317 statuamus
860 3260 1013 3316 illum
1054 3301 1070 3326 ,
1131 3262 1224 3332 qui
1279 3261 1457 3328 dixit,
1521 3260 1776 3316 Dominus
1830 3261 2064 3316 condidit

481 3369 565 3407 me
623 3354 944 3423 principium
1013 3354 1222 3408 viarum
1293 3371 1515 3409 suarum
1576 3357 1644 3408 ad
1718 3373 1876 3423 Opera
1943 3373 2063 3411 sua.

483 3446 639 3513 Quod
713 3445 1000 3502 Marcellus
1067 3463 1174 3503 non
1240 3448 1546 3519 intelligens
1609 3451 1724 3503 vias
1793 3449 2006 3506 Domini
2050 3490 2066 3513 ,

483 3541 682 3594 statuit.
726 3555 848 3596 esse
905 3555 1127 3595 carnem
1169 3539 1477 3597 Servatoris
1529 3541 1698 3595 nostri
1741 3557 1755 3596 :
1796 3547 1855 3604 ἧς
1905 3541 2070 3596 inter-

485 3641 733 3703 pretatur
779 3631 872 3705 [Β.
904 3631 1046 3706 Xlll]
1099 3643 1154 3689 et
1202 3633 1332 3689 illud
1381 3649 1598 3704 quiaque
1635 3635 1688 3689 in
1748 3636 1892 3689 hunc
1946 3649 2072 3690 sen-

485 3740 630 3794 sum,
666 3728 901 3781 condidit
954 3743 1036 3781 me
1105 3727 1421 3795 principium
1475 3726 1679 3780 viarum
1720 3741 1938 3779 suarum
2000 3724 2071 3779 ad

485 3835 648 3886 spera
670 3835 790 3877 sua.
816 3819 1078 3886 Quianam
1110 3828 1292 3874 autem
1323 3832 1488 3888 opera
1519 3817 1673 3872 vult?
1700 3817 1790 3871 illa
1815 3817 2071 3871 nimirum

487 3911 556 3964 de
585 3911 786 3980 quibus
816 3911 1079 3964 Servatur
1110 3909 1222 3978 ait,
1251 3908 1416 3963 Pater
1436 3924 1580 3964 meus
1608 3909 1781 3962 adhuc
1806 3919 2072 3976 operatur,

485 4009 537 4054 et
567 4015 660 4068 ego
689 4015 876 4065 operor
895 4002 962 4055 ".
994 3999 1057 4052 Et
1078 4015 1289 4062 rursus,
1325 3998 1471 4067 Opus
1491 3997 1686 4068 perfeci
1738 3997 1896 4062 illud,
1933 3999 2072 4066 quod

486 4091 676 4146 dedisti
715 4091 925 4146 mihi“.
964 4089 1252 4161 Sulijungit
1283 4104 1487 4159 porro,
1533 4089 1688 4158 quasi
1741 4088 2074 4144 scrutantium

487 4182 680 4236 horum
710 4181 1025 4249 exillicans:
1059 4200 1078 4233 ι
1111 4181 1374 4247 Quisnam
1405 4191 1530 4238 aute
1563 4181 1762 4236 factam
1790 4196 1886 4252 per
1911 4194 2074 4250 opera

493 4293 514 4326 ι
547 4275 1072 4330 demonstrationem
1127 4275 1473 4342 credidisset,
1507 4275 1651 4344 quod
1696 4273 1934 4329 Verbum
1982 4273 2076 4328 Dei

494 4383 515 4416 ι
547 4379 642 4434 per
672 4362 945 4435 Virginem
975 4376 1326 4435 generatum,
1362 4377 1602 4421 nostram
1628 4380 1848 4420 carnem
1892 4378 2079 4419 susce-

494 4472 516 4507 (
548 4455 756 4524 pisset?
783 4464 840 4512 et
869 4465 1051 4511 tamen
1090 4456 1402 4512 universam
1430 4456 1688 4511 deitatem
1722 4455 1774 4508 in
1809 4470 1866 4509 se
1894 4468 2079 4522 corpo-

494 4565 516 4600 ι
549 4548 735 4602 raliter
779 4550 1104 4604 residentem
1129 4549 1592 4605 demonstrasset?
1624 4567 1642 4600 ι
1672 4547 1738 4602 Et
1773 4548 1938 4602 veluti
1981 4550 2073 4619 qui
2106 4526 2151 4582 D

491 4640 820 4694 sententiam
851 4640 1092 4708 perfecte
1108 4640 1466 4709 explicuerat,
1495 4640 1644 4696 addit
1671 4657 1684 4694 :
1721 4657 1739 4690 ε
1775 4639 1886 4695 lloc
1917 4640 2080 4711 igitur

2171 3257 2281 3310 τῶν
2312 3257 2449 3311 ὁδῶν
2492 3259 2668 3330 ἀρχὴν
2727 3255 2865 3314 εἶναι
2909 3259 3090 3328 λέγειν
3113 3259 3204 3312 τὸν
3247 3258 3530 3330 εἰρηκότα,
3553 3258 3766 3327 Κύριος

2173 3348 2374 3402 ἐκτισέ
2399 3366 2476 3419 με
2500 3349 2699 3420 ἀρχὴν
2723 3350 2878 3405 ὁδῶν
2899 3351 3086 3406 αὐτοῦ
3110 3353 3199 3418 εὶς
3227 3352 3373 3418 ἔργα
3409 3347 3596 3404 αὐτοῦ
3619 3365 3632 3378 ·
3656 3350 3686 3402 6
3704 3348 3766 3402 δὲ

2178 3440 2253 3512 μὴ
2275 3443 2474 3513 νοήσας
2487 3442 2586 3507 τὰς
2600 3443 2754 3508 ὁδοὺς
2767 3444 2862 3497 τοῦ
2879 3437 3036 3509 Θεοῦ,
3068 3443 3166 3516 τὴν
3201 3444 3379 3517 σάρκα
3398 3443 3492 3498 τοῦ
3513 3443 3766 3514 Σωτῆρος

2176 3533 2350 3606 ἀρχὴν
2393 3535 2598 3590 τούτων
2647 3532 2783 3590 εἶναι
2818 3537 3156 3609 ἀπεφήνατο.
3217 3536 3536 3610 Ἑρμηνεύει
3570 3535 3627 3589 δὲ
3669 3537 3767 3591 καὶ

2175 3627 2256 3689 τὸ,
2292 3629 2381 3694 εὶς
2395 3628 2538 3698 ἔργα
2553 3627 2761 3692 αὑτοῦ,
2790 3628 3332 3698 φάσκων,Ἔκτισεν
3359 3625 3556 3700 οὖνμε,
3579 3631 3765 3700 φησιν,

2177 3718 2376 3789 ἀρχὴν
2412 3718 2569 3774 ὁδῶν
2606 3720 2792 3773 αὑτοῦ
2836 3723 2922 3786 είς
2951 3720 3095 3790 ἔργα
3126 3720 3334 3776 αὐτοῦ.
3380 3721 3516 3774 Ποῖα
3543 3719 3599 3773 δὲ
3633 3719 3776 3791 ἔργα

2178 3810 2382 3882 φησίν;
2414 3811 2544 3882 περὶ
2575 3803 2650 3865 ὧν
2691 3813 2719 3864 6
2757 3813 2948 3884 Σωτὴρ
2977 3811 3147 3882 λέγει,
3185 3813 3237 3866 '0
3261 3813 3463 3881 Πατήρ
3498 3831 3618 3882 μου
3661 3812 3776 3879 ἓως

2179 3900 2309 3968 ἄρτι
2348 3900 2674 3971 ἐργάζεται,
2725 3901 2885 3973 κάγὼ
2937 3903 3274 3974 ἐργάζομαι·
3323 3903 3420 3958 καὶ
3468 3900 3646 3967 αὖθις,
3703 3903 3776 3957 Τὸ

2179 3993 2377 4062 ἔργον,
2411 3994 2595 4066 φησιν,
2613 3994 2955 4060 ἐτελείωσα,
2977 3995 3009 4049 ὃ
3030 3995 3296 4063 δέδωκάς
3308 4014 3432 4066 μοι.
3454 3992 3566 4050 Εἶθ’
3587 3995 3776 4065 ὥσπερ

2180 4083 2457 4154 διασαφῶν
2501 4086 2600 4157 τὴν
2651 4086 2762 4141 τῶν
2807 4088 3114 4160 εἰρημένων
3169 4088 3440 4154 διάνοιαν,
3497 4087 3770 4158 ἐπιλέγει·

2188 4195 2206 4228 ι
2248 4176 2344 4241 Τίς
2371 4177 2481 4250 γὰρ
2515 4177 2621 4250 πρὸ
2645 4180 2745 4250 τῆς
2765 4177 2878 4232 τῶν
2907 4180 3251 4251 πραγμάτων
3278 4181 3625 4248 ἀποδείξεως,
3652 4180 3778 4234 ἐπί-

2190 4288 2208 4319 (
2255 4285 2475 4323 πευσεν
2511 4269 2598 4336 ἂν,
2633 4272 2717 4325 ὅτι
2753 4271 2924 4339 Λόγος
2953 4271 3089 4325 Θεοῦ
3123 4272 3211 4326 διὰ
3234 4272 3508 4346 Παρθένου
3539 4271 3778 4343 τεχθεὶς,

2189 4378 2208 4412 s
2250 4360 2351 4430 τὴν
2391 4361 2674 4434 ἡμετέραν
2704 4363 3038 4434 ἀναλήψεται
3066 4365 3277 4436 σάρκα.
3309 4366 3405 4418 καὶ
3448 4365 3548 4436 τὴν
3597 4367 3781 4421 πᾶσαν

2193 4471 2210 4503 ι
2254 4453 2486 4525 οεὸτητα
2544 4457 2603 4510 ἐν
2663 4457 2802 4528 αὐτῇ
2836 4458 3164 4528 σωματικῶς
3225 4456 3587 4524 ἑπιδείξεται;
3627 4477 3646 4511 s
3685 4458 3783 4512 xui.

2180 4542 2370 4618 ὥσπερ
2400 4546 2589 4618 ἐντελῆ
2613 4547 2708 4620 τὴν
2737 4549 2976 4604 διάνοιαν
3001 4550 3234 4614 ἀποδοὺς
3266 4550 3479 4620 ἐπάγει·
3513 4569 3532 4602 ι
3570 4548 3783 4604 Οὐκοῦν

2187 4654 2207 4690 ι
2248 4637 2392 4691 τοῦτ’
2420 4639 2533 4693 ἐστι
2576 4639 2658 4705 τὸ,
2695 4642 2912 4710 Κύριος
2946 4642 3148 4697 ἔκτισε
3170 4661 3248 4713 με
3267 4643 3466 4713 ἀρχὴν
3494 4643 3650 4698 ὁδῶν
3675 4646 3784 4698 αὺ-

496 4751 516 4782 ‹
543 4740 648 4798 est,
665 4731 921 4787 Dominus
951 4731 1187 4786 condidit
1210 4747 1290 4786 me
1307 4730 1624 4800 principium
1640 4731 1847 4784 viarum
1864 4746 2064 4784 suarum

2191 4746 2210 4780 ι
2251 4729 2358 4784 τοῦ
2382 4732 2472 4798 εἰς
2502 4733 2649 4801 ἔργα
2679 4734 2888 4788 αὑτοῦ.
2930 4753 2948 4784 ι
2983 4736 3092 4788 Καὶ
3118 4735 3294 4789 ταῦτα
3325 4735 3390 4806 δὴ
3428 4733 3687 4806 ἔγραφεν,
3718 4734 3782 4787 οὐ

496 4842 519 4877 s
549 4825 621 4878 ad
654 4840 812 4893 apera
847 4842 965 4879 sua.
999 4843 1018 4876 ›
1063 4824 1188 4880 Ηίεο
1235 4835 1416 4880 autem
1468 4824 1690 4893 scripsit
1744 4836 1848 4878 non
1897 4821 2064 4877 valens

2183 4819 2435 4892 δυνηθεὶς
2464 4823 2590 4886 τοὺς
2615 4823 2714 4894 τῆς
2741 4825 2983 4890 διανοίας
3015 4825 3327 4898 ὀφθαλμοὺς
3357 4828 3436 4888 εἰς
3466 4826 3600 4896 ὖψος
3626 4822 3782 4900 ἆραι,

489 4917 828 4973 suasmentis
876 4917 1067 4973 oculos
1113 4932 1331 4972 sursqu
1372 4915 1647 4978 attollere,
1697 4929 1799 4970 nec
1859 4914 2064 4984 perindt

2186 4911 2283 4964 καὶ
2319 4911 2400 4983 τῷ
2431 4916 2688 4990 προφήτῃ
2716 4917 3113 4990 παραπλησίως
3153 4922 3347 4982 εἰπεῖν,
3386 4919 3523 4973 Ὅτε
3560 4919 3784 4990 ὀψῳιαι

492 5022 561 5062 ac
611 5008 879 5076 propheta
929 5007 1138 5074 dicens,
1163 5005 1391 5072 Quando
1437 5005 1682 5060 intuebar
1722 5003 1878 5058 cmlos
1927 5018 2064 5070 open

2187 5002 2331 5071 τοὺς
2367 5007 2697 5076 οὐρανοὺς,
2733 5011 2880 5081 ἔργα
2914 5010 3035 5065 τῶν
3070 5010 3385 5066 δακτύλων
3415 5026 3532 5066 σου
3554 5053 3569 5078 ,
3593 5009 3781 5078 σελή-

493 5099 784 5170 digitorum
814 5108 1048 5166 tuorum,
1081 5100 1267 5154 lunam
1295 5109 1346 5155 et
1385 5097 1590 5164 stellas,
1629 5113 1760 5166 quas
1802 5105 1861 5148 tu
1894 5094 2064 5163 funda

2187 5113 2306 5164 νην
2339 5100 2438 5153 καὶ
2467 5100 2748 5171 ἀστέρας,
2785 5101 2824 5157 ἂ
2848 5103 2932 5157 σὺ
2953 5103 3376 5174 ἐθεμελίωσας-ι
3413 5104 3536 5158 οὐδὲ
3574 5119 3785 5175 μνημο-

495 5191 564 5244 sti
582 5189 651 5242 ⁸⁸.
676 5186 790 5244 Nec
821 5190 875 5244 in
911 5191 1228 5247 memoriam
1261 5205 1527 5247 revocans
1557 5187 1835 5259 propheta:
1858 5186 2063 5241 dictum

2191 5188 2395 5255 νεύσας
2425 5190 2522 5246 τοῦ
2554 5193 2896 5266 προφητικοῦ
2917 5194 3107 5266 Ἆόγου,
3135 5196 3203 5251 δι’
3228 5190 3289 5251 οῦ
3319 5195 3556 5269 εῖρηται,
3599 5196 3674 5250 Τὰ
3714 5193 3786 5248 δὲ

573 5384 633 5452 ιιι
670 5379 767 5434 Ed.
796 5379 993 5452 Paris”
1029 5380 1322 5452 pagulS'i.
1449 5381 1490 5412 "
1513 5385 1681 5452 Num.
1716 5392 1832 5452 με,
1865 5375 1957 5431 22.
1992 5448 2047 5452 __

2167 5356 2308 5452 Deut.
2350 5393 2479 5441 xxx,
2532 5379 2617 5452 15.
2739 5382 2809 5452 ν¹⁹
2833 5379 2980 5437 Psal.
3018 5397 3062 5443 ι.
3095 5385 3148 5440 6.

573 5384 633 5442 iis
670 5379 767 5434 Ed.
796 5379 993 5440 Paris..
1029 5395 1155 5452 pag.
1197 5380 1322 5436 157.
1449 5381 1490 5412 ¹⁷
1513 5385 1674 5435 Num.
1716 5392 1832 5440 ut,
1865 5375 1957 5431 Ἡ.

497 5447 544 5482 ’ί
571 5449 731 5506 Prov.
774 5465 894 5515 vin,
928 5451 1023 5506 επὶ.
1097 5453 1143 5484 ¹¹
1169 5450 1327 5508 Rom.
1355 5467 1434 5519 xl,
1462 5451 1554 5508 ⁸55.
1638 5450 1686 5483 ’³
1711 5446 1868 5506 Joan.
1899 5463 1952 5514 v,
1986 5448 2064 5504 l7.

2167 5377 2308 5432 licuit.
2350 5393 2479 5441 xxx,
2532 5379 2617 5434 15.
2767 5382 2809 5414 ¹⁰
2833 5379 2980 5437 Psal.
3018 5397 3062 5443 ι.
3095 5385 3148 5440 6.
3303 5382 3348 5414 ὀ
3391 5380 3506 5436 ier.
3554 5391 3644 5448 Vt,
3697 5373 3760 5432 Ιε

2167 5447 2198 5480 ’⁸
2227 5447 2384 5503 Joan.
2407 5464 2540 5514 xvu,
2578 5451 2632 5504 ι.
2709 5451 2756 5484 ’⁸
2797 5453 2938 5509 Psal.
2969 5469 3090 5519 vm,
3124 5455 3177 5509 4.
3513 5469 3518 5474 ·

712 5683 878 5767 ξξιιιμο
903 5688 930 5740 6
961 5687 1289 5767 Κύριος-τῂν
1313 5686 1450 5767 ὁδρνΣ

2270 5688 2382 5760 (79)
2415 5688 2582 5761 Vulgo
2617 5687 3038 5760 ἀκαταλήπτοις.

596 5755 689 5818 78)
721 5755 892 5814 Vulso
915 5755 1108 5812 πασῶν
1140 5755 1279 5813 ὁδῶν
1301 5757 1396 5812 τοῦ
1433 5759 1661 5828 Κυρίου.
