4158 6390
119 1810 156 1822 ε

125 1833 158 1842 ο.

111 2472 144 2482 -

115 2493 146 2502 ρ

305 300 412 364 988
1280 307 1368 364 DE
1409 306 1954 366 ECCLESIASTICA
1991 309 2385 370 THEOLOGIA
2425 312 2553 369 [ΑΒ.
2593 313 2683 372 Ill.
3475 321 3584 381 986

303 424 448 495 ἔργα
480 423 704 492 Κυρίου
745 426 858 480 οὐκ
897 424 1268 498 ἐμϐλέπουσι
1289 465 1305 492 ,
1337 426 1436 480 καὶ
1478 426 1552 482 τὰ
1574 463 1576 466 μ
1596 426 1740 497 ἔργα
1772 423 1892 480 τῶν

2006 443 2102 500 quo
2120 430 2216 493 ait.
2241 431 2413 502 Opera
2435 442 2613 488 autem
2629 433 2842 490 Domini
2858 451 2963 491 non
2976 435 3338 502 intuebuntur,
3355 445 3406 493 et
3423 454 3583 508 opem

303 514 516 586 χειρῶν
564 519 753 574 αὑτοῦ
811 521 884 575 οὐ
946 522 1371 576 κατανοοῦσιν.
1422 522 1486 575 Εἰ
1531 520 1641 594 γάρ
1683 519 1891 586 τούτοις

303 610 689 681 προσεσχήκει,
725 611 866 680 ἔγνω
893 613 981 680 ἂν,
1015 615 1095 668 ὅτι
1129 613 1236 686 πρὸ
1262 612 1491 685 οὐρανοῦ
1524 613 1620 668 καὶ
1649 613 1751 683 γῆς
1793 612 1890 666 καὶ

306 701 412 772 πρὸ
445 701 540 756 τοῦ
577 703 890 775 σύμπαντος
916 706 1144 778 κόσμου,
1177 709 1272 760 καὶ
1307 708 1368 760 οὐ
1398 707 1504 778 πρὸ
1537 705 1646 758 τῶν
1678 704 1889 778 ὁρατῶν

310 793 465 864 μόνον
507 795 644 849 ἀλλὰ
690 797 784 850 καὶ
832 797 966 869 (80).
1016 797 1122 870 πρὸ
1153 798 1262 852 τῶν
1300 797 1509 870 νοητῶν
1558 796 1737 869 ἔργων
1795 795 1890 851 τοῦ

308 886 438 940 θεοῦ
469 887 577 941 τῶν
607 889 665 942 ὲν
703 889 1016 961 ἀσωμάτοις
1049 891 1144 944 καὶ
1174 889 1571 962 ὑπερκοσμίοις
1598 887 1891 959 δυνάμεσιν

311 981 366 1032 ὲν
396 979 690 1034 ὑποστάσει
721 983 889 1037 ὄντων
909 1021 926 1045 ,
965 977 1034 1054 ἦν
1069 983 1163 1036 καί
1202 982 1380 1054 προῆν
1409 982 1453 1035 6’
1487 980 1662 1035 ταῦτα
1695 980 1889 1049 λέγων.

321 1072 376 1126 '0
399 1072 455 1126 δὲ
495 1072 735 1145 μεταϐὰς
764 1075 855 1127 ἐπὶ
883 1074 968 1137 τὸ,
1000 1074 1121 1144 Πρὸ
1151 1074 1256 1129 τοῦ
1286 1073 1502 1140 αἰῶνος
1533 1073 1892 1142 ἐθεμελίωσέ

305 1181 398 1233 με,
429 1165 592 1218 πάλιν
627 1165 727 1237 τὴν
768 1167 946 1239 σάρκα
987 1168 1067 1230 εἰς
1114 1166 1277 1238 μέσον
1313 1166 1436 1234 ἄγει
1471 1164 1644 1234 λέγων
1680 1163 1851 1228 οὕτως
1874 1180 1888 1193 ·

314 1277 333 1308 ι
371 1257 655 1328 Θεμέλιον
676 1258 863 1313 τοῦτον
894 1259 1196 1330 ὀνομάζων,
1224 1259 1323 1332 τὴν
1352 1257 1494 1312 κατά
1521 1258 1698 1328 σάρκα
1726 1256 1890 1311 αὐτου

315 1368 332 1399 ι
368 1349 787 1421 πρωρισθεῖσαν
810 1352 1140 1422 οἰκονομίαν.
1177 1351 1262 1413 Ὡς
1285 1349 1378 1402 καὶ
1402 1352 1430 1403 6
1461 1347 1782 1411 Ἀπόστολος
1806 1346 1893 1399 λέ-

316 1460 333 1492 ι
370 1458 490 1510 γει·
522 1442 807 1511 Θεμέλιον
829 1443 938 1514 γὰρ
959 1442 1154 1497 ἄλλον
1179 1440 1378 1508 οὐδεὶς
1399 1440 1647 1495 δύναται
1684 1439 1890 1502 θεῖναι,

314 1561 333 1582 ι
375 1532 535 1602 ,ταρὰ
561 1533 669 1588 τὸν
701 1535 1002 1604 κείμενον,
1032 1533 1101 1598 ὅς
1115 1533 1285 1588 ἐστιν
1301 1534 1540 1601 Ἰησοῦς
1563 1533 1836 1601 Χριστός.
1867 1551 1885 1584 ι

311 1625 420 1677 Καὶ
459 1625 734 1693 ἐπιλέγει⁸
770 1644 787 1676 ι
812 1625 961 1689 Ἐνὸς
1007 1625 1062 1678 δὲ
1096 1624 1288 1690 αἰῶνος
1316 1623 1549 1679 ἐνταῦθα
1599 1626 1889 1695 μέμνηται,

318 1735 335 1766 ι
376 1718 471 1786 ἀφ’
503 1711 564 1770 οὗ
607 1716 676 1770 τὰ
705 1715 849 1770 κατά
893 1716 982 1770 τὸν
1029 1715 1264 1788 Χριστὸν
1291 1714 1719 1787 τεθεμελιῶσθαι
1763 1713 1888 1785 ἔφη,

317 1827 335 1859 ι
377 1810 553 1862 καίτοι
586 1809 799 1862 πολλῶν
841 1808 1292 1882 παρεληλυθότων
1335 1807 1568 1872 αἰώνων,
1615 1807 1689 1870 ὡς
1727 1807 1755 1858 6
1794 1807 1901 1859 Δα-

317 1921 334 1950 ι
372 1901 456 1954 διδ
471 1900 596 1974 ἔφη,
613 1901 676 1955 Ὀ
698 1900 983 1971 ὑπάρχων
1007 1901 1118 1969 πρὸ
1144 1898 1261 1954 τῶν
1280 1898 1528 1954 αἰώνων.
1557 1919 1575 1952 ι
1601 1897 1710 1953 Καὶ
1729 1913 1897 1969 μετα-

313 1993 412 2058 ϐὰς
442 1993 570 2064 ἑξῆς
604 1995 696 2047 ἐπὶ
727 1992 790 2047 τὸ
817 1994 886 2046 ἐν
915 1992 1076 2062 ἀρχῇ
1105 1992 1220 2061 πρὸ
1255 1991 1361 2046 τοῦ
1414 1990 1532 2059 τὴν
1585 1989 1703 2060 γῆν
1727 1989 1898 2059 ποιῆ-

312 2103 437 2151 σαι,
477 2089 570 2141 καὶ
615 2087 711 2158 τὴν
750 2088 854 2159 γῆν
907 2085 1068 2141 πάλιν
1109 2084 1206 2156 τὴν
1284 2085 1463 2155 σάρκα
1539 2078 1675 2136 εἶναι
1727 2082 1897 2152 λέγει.

314 2179 592 2252 Γράφειδὲ
623 2179 783 2232 οὕτωσ
827 2198 845 2231 ι
880 2181 1046 2233 Ποίιιν
1101 2175 1304 2248 ταύτην
1357 2174 1454 2247 τὴν
1497 2173 1900 2245 γῆν;ἣδηλον·-

319 2289 339 2323 ι
379 2272 461 2326 ότι
490 2273 587 2343 τὴν
617 2270 893 2344 ἡμετέραν
926 2269 1127 2340 σάρκα,
1159 2267 1258 2339 τὴν
1294 2267 1430 2339 μετὰ
1485 2265 1583 2336 τὴν
1613 2263 1900 2336 παρακοήν

319 2383 339 2416 ι
377 2363 482 2433 γῆν
517 2360 674 2428 αὖθις
711 2363 1040 2434 γενομένηνσ
1073 2358 1165 2428 Γῆ
1205 2359 1316 2429 γὰρ
1358 2354 1432 2422 εἷ,
1463 2357 1649 2428 φησὶν,
1684 2356 1782 2410 καὶ
1813 2358 1901 2422 εἰς

320 2475 340 2509 ι
379 2455 496 2526 γῆν
542 2456 875 2524 ἀπελεύσῃ.
936 2453 1083 2507 Ἔδει
1130 2452 1238 2524 γὰρ
1288 2450 1494 2522 ταύτην
1563 2449 1758 2513 ἰάσεως
1803 2467 1901 2502 τυ-

321 2568 338 2598 (
383 2551 514 2618 χεῑν.
559 2567 576 2598 ι
625 2546 735 2600 Καὶ
771 2546 946 2600 ταῦτα
986 2545 1042 2599 δὲ
1083 2544 1303 2614 φάσκει,
1333 2543 1391 2595 οὺ
1451 2539 1830 2613 μνημονεύσας
1874 2542 1903 2593 6

317 2639 625 2709 σοφώτατος
652 2640 726 2703 ὡς
753 2641 846 2692 καὶ
871 2637 1130 2709 ἀνωτέρω
1153 2636 1258 2707 πρὸ
1284 2635 1377 2688 τοῦ
1408 2636 1507 2707 τὴν
1536 2636 1640 2706 γῆν
1676 2633 1902 2703 ποιῆσαι

313 2733 560 2786 ἐκτίσθαι
604 2731 703 2803 τὴν
753 2733 934 2804 σάρκα
970 2729 1145 2803 ἀρχὴν
1185 2727 1321 2781 ὁδῶν
1359 2727 1452 2780 τοῦ
1499 2726 1632 2780 Θεοῦ
1666 2724 1903 2798 εἰρηκὼς

129 2851 140 2878 ί
187 2870 202 2890 ,
313 2826 522 2897 ἔτυχεν.
556 2827 620 2879 Εἰ
656 2826 712 2878 δὲ
743 2825 879 2888 ὅλως
911 2823 998 2876 διὰ
1033 2824 1131 2894 τῆς
1167 2821 1269 2892 γῆς
1311 2819 1409 2892 τὴν
1451 2819 1652 2889 σάρκα
1687 2818 1901 2891 ἐδήλου,

103 2963 136 2972 ..ι-ο

107 3034 138 3044 σ

103 3055 138 3066 ..ο

85 3127 136 3138 ...ι-ν

85 3151 134 3160 ..ιι-

314 2919 430 2981 πῶς
459 2918 519 2970 οὐ
564 2918 939 2988 προϋπάρχειν
981 2914 1081 2986 τῆς
1116 2913 1318 2984 σαρκὸς
1360 2912 1573 2983 ἀνάγκη
1621 2910 1902 2982 ὁμολογεῖν

311 3011 403 3065 τὸν
431 3011 658 3078 λέγοντα
688 3008 793 3080 πρὸ
825 3006 918 3060 τοῦ
961 3007 1061 3079 τὴν
1089 3005 1192 3076 γῆν
1236 3006 1460 3077 ποιῆσαι
1506 3004 1697 3058 ἑαυτὸν
1724 2999 1898 3066 εἷναις

313 3103 434 3174 Πρὸ
475 3102 585 3174 γὰρ
628 3101 734 3155 τοῦ
778 3098 1024 3166 αἰῶνος,
1068 3099 1253 3170 φησιν,
1296 3095 1657 3167 ἐθεμελίωσέ
1685 3112 1782 3166 με,
1834 3096 1904 3150 ἐν

314 3193 475 3266 ἀρχῇ
505 3193 619 3261 πρὸ
657 3192 764 3246 τοῦ
797 3192 912 3260 τὴν
949 3189 1063 3261 γῆν
1112 3189 1386 3260 ποιῆσαι.
1429 3187 1638 3243 Οὐκοῦν
1671 3188 1778 3261 πρὸ
1803 3187 1900 3241 τοῦ

311 3286 416 3360 τὴν
456 3287 637 3358 σάρκα
676 3284 898 3355 ποιῆσαι
931 3285 959 3336 ό
1009 3281 1180 3336 ταῦτα
1222 3281 1396 3351 λέγων
1431 3281 1696 3353 ὑπῆρχεν.
1737 3281 1801 3334 Εἰ
1846 3280 1904 3334 δὲ

317 3379 412 3434 καὶ
446 3377 520 3450 μὴ
546 3376 758 3430 πολλῶν
795 3374 1006 3430 αἰώνων
1037 3373 1463 3446 ἐμνημόνευσεν,
1499 3371 1612 3426 ἀλλ’
1656 3371 1796 3435 ἑνὸς,
1840 3362 1903 3423 οὗ

314 3472 410 3526 καὶ
449 3473 479 3525 6
510 3471 700 3540 Σωτὴρ
743 3467 988 3541 ἐμνήσθη
1028 3465 1228 3530 εἰπὼν,
1268 3467 1334 3519 Ol
1376 3464 1494 3520 υἱοὶ
1540 3463 1648 3517 τοῦ
1688 3463 1905 3528 αἰῶνος

314 3560 530 3614 τούτου
563 3557 821 3630 γαμοῦσι
854 3557 951 3610 καὶ
984 3557 1376 3626 γαμίσκονται
1396 3594 1410 3620 ,
1461 3555 1556 3608 καὶ
1591 3552 1763 3616 οὕτως
1807 3553 1906 3624 οὐχ

314 3653 350 3723 ἡ
377 3650 515 3722 σὰρξ
538 3651 602 3722 ἢν
633 3649 921 3721 ἀνείληφεν
949 3651 976 3702 ὁ
1006 3648 1196 3719 Σωτὴρ
1227 3651 1260 3718 ή
1271 3646 1386 3717 μῶν
1415 3646 1521 3718 πρὸ
1551 3644 1647 3699 τοῦ
1673 3643 1904 3698 ἐνεστῶ-

315 3758 408 3804 τος
432 3741 628 3805 αἰῶνος
653 3741 868 3811 ὑπῆρχε
888 3757 902 3769 ο
947 3739 1060 3792 ἀλλ’
1090 3738 1252 3801 αὐτὸς
1276 3740 1304 3791 ό
1341 3736 1512 3792 ταῦτα
1541 3736 1630 3791 διὰ
1658 3735 1908 3808 Σολομῶ-

316 3851 408 3898 νος
434 3834 719 3899 διδάσκων,
746 3835 878 3903 όρᾷς
904 3833 1006 3905 ὅσῃ
1035 3831 1426 3904 περιπέπτωκε
1448 3830 1724 3902 δυσχωρίᾳ
1752 3831 1780 3882 6
1807 3830 1906 3901 τῆς

317 3926 534 3990 εὐθείας
563 3927 660 3979 καὶ
693 3925 805 3996 (81)
843 3923 1126 3996 βασιλικῆς
1171 3925 1550 3995 παρατραπεὶς
1590 3924 1732 3977 ὁδοῦ.
1771 3924 1828 3976 '0
1849 3923 1908 3976 δὲ

317 4016 458 4089 πρὸς
496 4019 616 4080 ταῖς
647 4015 966 4087 εἰρημέναις
999 4013 1078 4066 ἔτι
1120 4013 1216 4067 καὶ
1258 4013 1434 4068 ταῦτα
1463 4012 1790 4086 προστίθησι
1820 4011 1908 4066 λέ-

316 4126 464 4179 γων·
499 4108 617 4179 Πρὸ
657 4108 760 4162 τοῦ
791 4107 896 4174 τὰς
926 4107 1241 4172 ἀϐύσσους
1278 4105 1562 4175 ποιῆσαι,
1595 4105 1789 4177 φησίν·
1823 4106 1910 4158 ὲν-

317 4202 494 4258 ταῦθα
525 4204 622 4266 τὰς
663 4201 930 4264 ἀὸύσσους
976 4199 1361 4273 παροιμιωδῶς
1403 4202 1430 4254 6
1476 4201 1764 4271 προφήτης
1807 4198 1908 4262 τὰς

316 4295 426 4348 τῶν
468 4293 638 4363 ἁγίων
683 4294 915 4364 καρδίας
954 4289 1092 4346 εἶναι
1133 4291 1318 4362 λέγει,
1351 4291 1451 4356 τάς
1501 4293 1558 4344 ὲν
1586 4291 1666 4362 τῷ
1700 4290 1909 4345 ἑαυτῶν

319 4386 476 4459 βάθει
515 4388 615 4458 τὴν
650 4385 743 4441 τοῦ
787 4386 1098 4458 πνεύματος
1138 4385 1370 4457 ἐχούσας
1420 4383 1650 4456 δωρεάν·
1694 4383 1788 4438 καὶ
1845 4383 1905 4437 οὐ

2003 537 2258 576 manuum
2303 523 2469 593 ipsius
2521 540 2624 579 non
2659 525 2948 597 intelligent
2973 527 3041 583 “.
3093 525 3226 581 Nam
3285 527 3332 584 si
3375 530 3442 584 ad
3483 528 3585 584 ista

1999 613 2324 670 attendisset
2361 616 2628 682 animum,
2684 616 2812 671 illud
2865 618 3055 688 utique
3111 634 3442 691 cognoscere
3487 636 3583 692 po-

2002 704 2194 759 luisset
2213 745 2228 767 ,
2256 707 2402 775 quod
2429 716 2558 763 ante
2588 707 2784 762 cmlum
2819 718 2873 765 et
2900 717 3102 764 terram
3122 749 3138 776 ,
3161 720 3287 766 ante
3324 712 3585 767 mundum

2001 797 2336 864 universum,
2399 815 2503 855 nec
2536 810 2663 855 ante
2693 801 2808 856 sola
2839 802 3072 856 visibilia
3095 843 3113 867 ,
3168 805 3262 859 sed
3301 813 3356 860 et
3395 805 3586 861 invisi-

2001 887 2150 951 bilia,
2184 897 2239 943 et
2265 899 2393 944 ante
2424 906 2587 961 opera
2618 891 2709 946 Dei
2753 892 3161 958 intellectualia,
3210 911 3330 966 quae
3375 897 3427 952 in
3481 912 3582 965 po—

2005 981 2188 1036 tentiis
2209 979 2452 1035 relucent
2477 983 2841 1052 incorporeis,
2872 995 2923 1040 et
2948 989 3420 1053 extramundanis,
3445 1001 3582 1056 erat,

1999 1081 2054 1127 et
2097 1082 2327 1143 praeerat
2351 1073 2417 1140 is,
2455 1075 2545 1143 qui
2575 1075 2677 1128 iSIa
2710 1075 2965 1145 loquitur.
3012 1076 3104 1133 Ille
3146 1090 3348 1144 autem,
3382 1082 3583 1136 transi-

2003 1160 2152 1215 tione
2205 1159 2346 1214 iacta
2391 1162 2455 1215 ad
2489 1163 2638 1230 illud,
2688 1163 2823 1218 Ante
2869 1167 3063 1220 saecula
3103 1168 3347 1237 fundavit
3397 1187 3500 1234 me,
3529 1173 3584 1227 in

2004 1252 2237 1307 medium
2271 1255 2448 1308 denuo
2480 1255 2699 1309 adducit
2725 1272 2966 1326 carnem,
2994 1260 3245 1330 inquiens
3273 1260 3364 1333 [Β.
3392 1261 3533 1336 XIV]
3565 1281 3579 1317 :

2007 1365 2025 1398 ι
2061 1347 2135 1400 Ita
2164 1347 2215 1400 in
2247 1362 2411 1403 carne
2445 1349 2561 1418 ejus
2603 1351 3026 1420 praeordinalam
3061 1356 3418 1410 meonomiam
3440 1396 3456 1424 ,
3489 1372 3584 1412 vo—

2006 1457 2024 1491 ι
2058 1447 2146 1494 cat
2176 1438 2581 1507 fundamentum
2627 1456 2644 1495 :
2698 1445 3154 1511 quemadmodum
3195 1456 3250 1502 et
3291 1447 3584 1518 Apostolus

2005 1548 2025 1582 ι
2057 1530 2313 1600 loquitur,
2349 1527 2782 1587 Fundamentum
2809 1551 2957 1591 nemo
2987 1537 3136 1590 aliud
3156 1548 3328 1606 potest
3372 1557 3581 1607 ponere,

2006 1639 2024 1673 ι
2054 1634 2244 1691 prwter
2270 1623 2404 1676 illud
2433 1627 2573 1693 quod
2611 1627 2839 1694 positum
2869 1636 2976 1695 est,
3002 1631 3093 1696 qui
3121 1640 3197 1684 est
3239 1629 3396 1685 Iesus
3433 1631 3586 1686 Chri-

2009 1731 2026 1764 ι
2060 1725 2172 1768 stus
2197 1715 2261 1768 ²⁷.
2304 1734 2322 1768 ι
2343 1715 2538 1771 Addit:
2565 1734 2583 1766 ι
2611 1716 2783 1772 Unius
2801 1729 2981 1773 autem
3006 1721 3188 1776 saeculi
3216 1722 3375 1776 isthic
3393 1724 3585 1778 memi-

1933 1804 1976 1860 B
2011 1824 2028 1857 t
2066 1805 2166 1870 nit,
2195 1806 2250 1860 in
2279 1821 2386 1876 quo
2414 1822 2473 1861 ea
2507 1823 2628 1878 qua:
2654 1810 2720 1864 ad
2748 1809 3020 1866 Christum
3057 1823 3327 1883 spectant,
3359 1814 3584 1871 fundata

2007 1919 2024 1952 ι
2057 1916 2178 1957 esse
2202 1901 2352 1965 dicit,
2383 1917 2502 1955 cum
2527 1911 2705 1957 tamen
2739 1903 2888 1974 plura
2915 1905 3300 1974 praeteriissent
3340 1907 3536 1961 stccula
3565 1923 3581 1960 :

2008 2009 2028 2044 ι
2066 1992 2284 2062 quodet
2324 1992 2492 2046 David
2543 1991 2794 2059 aliirmat,
2839 1995 3111 2062 inquiens.
3143 1996 3246 2062 Qui
3297 2006 3409 2052 erat
3461 2006 3585 2054 ante

2007 2103 2025 2136 ι
2063 2084 2260 2138 δαισιιια
2288 2085 2354 2138 ’⁸.
2387 2104 2405 2136 ι
2431 2083 2754 2153 Progressus
2781 2086 2907 2142 hinc
2933 2089 3000 2142 ad
3037 2088 3186 2153 illud,
3215 2087 3282 2142 In
3301 2090 3582 2158 principia,

2002 2177 2309 2246 priusquam
2359 2187 2554 2231 terram
2596 2177 2862 2244 conderet,
2913 2179 2986 2232 ibi
3017 2180 3194 2233 denuo
3229 2190 3428 2234 terram
3461 2197 3586 2236 esse

2001 2283 2224 2324 carnem
2269 2279 2570 2328 asseverat.
2604 2288 2622 2322 ι
2651 2271 2952 2338 Quamnam
2995 2288 3124 2326 vero
3181 2273 3420 2328 terram?
3453 2293 3472 2326 ι
3506 2274 3584 2332 ita

2005 2363 2080 2418 ait
2109 2379 2122 2416 :
2160 2382 2177 2416 ι
2209 2373 2358 2419 certe
2388 2379 2490 2418 non
2522 2365 2681 2418 aliam
2705 2382 2869 2434 quam
2899 2382 3120 2420 carnem
3147 2377 3387 2422 nostram
3419 2383 3432 2420 :
3463 2384 3586 2438 quas

2009 2475 2026 2507 ι
2068 2467 2189 2521 post
2223 2457 2732 2527 transgressionem,
2790 2467 2936 2512 terra
2987 2458 3206 2512 demum
3259 2458 3407 2513 facta
3457 2459 3584 2516 fuit.

2011 2567 2030 2601 ι
2070 2547 2234 2603 Terra
2261 2566 2312 2604 es
2347 2551 2507 2613 enim,
2544 2550 2749 2620 inquit,
2779 2559 2827 2604 et
2881 2551 2936 2604 in
2981 2561 3178 2604 terram
3229 2553 3583 2606 reverteris".

2009 2658 2029 2692 ι
2060 2639 2154 2694 illa
2189 2642 2392 2696 etenim
2442 2640 2778 2710 persananda
2826 2640 3024 2695 fuerat.
3063 2661 3081 2692 ι
3115 2640 3241 2696 Haec
3279 2651 3460 2697 autem
3510 2642 3587 2699 ita

2003 2731 2206 2801 posuit,
2235 2747 2344 2786 non
2375 2733 2710 2792 recordatus,
2738 2746 2836 2800 pro
2864 2746 2960 2785 sua
2989 2732 3253 2801 sapientia
3278 2734 3421 2804 quod
3451 2735 3588 2790 dici-

2007 2833 2116 2889 tur,
2184 2823 2501 2894 priusquam
2562 2835 2704 2879 terra
2762 2825 3132 2889 conderetur,
3193 2835 3434 2880 creatam
3480 2827 3589 2883 dici

2005 2933 2229 2973 carnem
2260 2917 2584 2987 principium
2616 2918 2824 2972 viarum
2855 2917 2972 2973 Dei.
3001 2917 3154 2984 Quod
3201 2919 3245 2972 si
3295 2934 3430 2975 vero
3489 2935 3590 2991 per

2006 3022 2206 3064 terram
2261 3009 2504 3064 indicare
2549 3009 2720 3064 voluit
2758 3024 2970 3063 carnem
3003 3023 3023 3063 :
3053 3009 3326 3079 quomodo
3371 3011 3590 3082 cogitur

2005 3099 2251 3155 conﬁteri
2282 3114 2387 3154 non
2435 3100 2709 3156 exstitisse
2752 3111 2881 3157 ante
2931 3116 3147 3157 carnem
3171 3102 3260 3171 qui
3286 3102 3416 3156 dicit
3449 3108 3508 3167 ὦ
3530 3117 3591 3158 se

2006 3192 2324 3262 priusquam
2364 3200 2508 3246 terra
2555 3193 2915 3256 conderetur.
2949 3192 3263 3248 exstitisse?
3302 3190 3436 3246 Nam
3467 3203 3594 3249 ante

2003 3284 2279 3348 saxulum,
2330 3283 2526 3352 inquit,
2577 3284 2818 3352 fundauit
2857 3301 2974 3348 me,
3020 3285 3077 3338 in
3122 3284 3392 3354 principio
3438 3292 3590 3338 ante-

2005 3393 2162 3446 quam
2191 3388 2384 3430 terram
2411 3375 2630 3446 faceret.
2659 3379 2838 3446 Atque
2863 3378 2934 3431 ita
2975 3378 3066 3446 qui
3109 3378 3210 3432 ista
3244 3380 3309 3433 de
3345 3391 3404 3432 se
3433 3377 3589 3439 dixit.

2006 3477 2154 3523 certe
2179 3466 2476 3522 exsistebat
2506 3476 2632 3523 ante
2658 3467 3045 3524 carnem..Nec
3092 3469 3257 3523 refert
3286 3468 3434 3538 quod
3479 3483 3590 3524 non

2006 3559 2322 3614 meminerit
2352 3560 2706 3631 plurimorum
2741 3559 3102 3624 saeculorum,
3137 3561 3233 3614 sed
3266 3560 3449 3624 unius,
3495 3573 3584 3615 cu-

2001 3651 2092 3724 jus
2119 3661 2173 3708 et
2199 3650 2458 3707 Servatur
2493 3651 2777 3720 meminit,
2801 3652 3082 3722 inquiens,
3112 3649 3244 3706 Filii
3282 3652 3440 3722 hujus
3485 3668 3590 3706 εω-

2008 3749 2116 3802 cnli
2153 3749 2279 3802 dant
2311 3757 2358 3803 et
2397 3749 2659 3817 accipiunt
2692 3749 2746 3802 in
2789 3748 3181 3801 matrimonium
3215 3747 3282 3804 ⁸⁰.
3309 3746 3487 3816 Atque
3515 3747 3591 3802 ita

2009 3857 2117 3897 non
2149 3855 2304 3904 caro,
2333 3855 2498 3909 quam
2538 3838 2776 3907 suscepit
2803 3838 3063 3892 Servator
3088 3845 3271 3892 noster
3298 3847 3424 3891 ante
3454 3850 3593 3906 prae-

2008 3951 2137 3993 sens
2188 3936 2290 3990 hoc
2347 3933 2604 3990 saeculum
2659 3931 2956 3985 exsistebat
2995 3944 3010 3984 :
3055 3930 3152 3986 sed
3185 3928 3298 3995 ille,
3342 3929 3432 3999 qui
3477 3929 3594 3984 haec

2010 4028 2203 4084 eadem
2259 4042 2356 4096 per
2400 4025 2746 4080 Salomonem
2797 4023 3014 4085 docuit;
3063 4023 3212 4077 vides
3244 4021 3333 4076 ille
3379 4021 3432 4076 in
3456 4034 3593 4092 quas

2016 4119 2302 4191 angustias
2346 4133 2405 4172 se
2453 4115 2770 4187 conjecerit,
2801 4115 2895 4185 qui
2938 4115 3004 4169 de
3046 4114 3194 4184 regia
3240 4123 3294 4169 et
3334 4123 3478 4168 recta
3505 4112 3593 4168 via

2009 4210 2318 4266 declinavit.
2339 4208 2418 4264 Ad
2444 4209 2535 4263 illa
2563 4217 2744 4262 autem
2763 4207 2908 4263 dicta
2939 4207 3186 4275 superius
3201 4213 3255 4260 et
3273 4205 3372 4259 ista
3397 4204 3545 4259 addit
3574 4220 3591 4259 :

2018 4320 2037 4354 ι
2077 4300 2395 4373 Priusquam
2444 4301 2689 4375 conderet
2745 4301 2958 4369 abyssos
2990 4313 3009 4352 :
3060 4297 3167 4361 hic,
3205 4297 3398 4366 inquit,
3433 4295 3596 4366 abys-

2016 4409 2036 4443 ι
2073 4406 2164 4446 sos
2206 4389 2618 4460 proverbialiter
2658 4389 2918 4460 prepheta
2945 4397 3255 4442 sanctorum
3279 4386 3445 4442 corda
3493 4399 3587 4454 ap—

318 4479 589 4551 συνίησιν,
621 4479 698 4543 ὡς
737 4479 844 4550 πρὸ
879 4478 981 4549 τῆς
1036 4477 1301 4548 ὲνσάρκου
1348 4475 1461 4548 (82)
1505 4474 1600 4528 τοῦ
1654 4474 1900 4547 Σωτῆρος

2018 4503 2036 4536 ‹
2075 4484 2446 4553 pellavit,qn:e
2469 4485 2520 4536 in
2547 4498 2642 4537 sua
2671 4481 3035 4552 profunditate
3053 4479 3273 4548 spiritus
3301 4478 3438 4532 dona
3466 4490 3593 4531 con-

318 4571 478 4644 ἡμῶν
524 4571 828 4644 παρουσίας
866 4571 916 4622 οἰ
958 4571 1101 4638 ἀγιοι
1143 4568 1236 4622 τοῦ
1279 4567 1414 4622 Θεοῦ
1457 4568 1755 4640 προφῆται,
1809 4565 1904 4620 τοῦ

317 4663 487 4718 αὐτοῦ
543 4663 804 4735 μετέσχον
849 4659 1189 4732 πνεύματος,
1225 4659 1429 4730 Μωσῆς
1475 4676 1536 4713 τε
1583 4660 1676 4712 καὶ
1727 4660 1777 4712 oi
1827 4658 1907 4712 ἔτι

317 4755 569 4819 Μωσέως
605 4754 977 4827 παλαιότεροι.
1015 4751 1225 4806 Οὐκοῦν
1258 4752 1473 4822 ἀνάγκη
1518 4751 1726 4804 τούτων
1764 4751 1908 4804 ἀπα-

319 4847 433 4900 σῶν
468 4847 578 4901 τῶν
611 4847 889 4912 ἀϐύσσων,
920 4845 968 4898 εἰ
993 4844 1058 4916 δὴ
1085 4845 1142 4898 αἰ
1185 4841 1292 4897 τῶν
1323 4843 1492 4911 ἁγίων
1522 4841 1740 4912 καρδίαι
1766 4836 1908 4913 ἦσαν

319 4932 504 5004 αὗται,
551 4939 906 5010 παλαιότερον
948 4933 1084 4992 εἶναι
1115 4936 1205 4990 τὸν
1242 4934 1490 5004 λέγοντα,
1523 4933 1644 5002 Πρὸ
1665 4933 1770 4989 τοῦ
1800 4935 1908 4999 τὰς

319 5033 637 5100 ἀϐύσσους
683 5032 953 5103 ποιῆσαι.
986 5030 1109 5095 Πῶς
1151 5024 1245 5085 οὖν
1281 5028 1508 5084 δυνατὸν
1551 5024 1620 5099 ἦν
1671 5029 1763 5082 ἐπὶ
1811 5026 1910 5099 τὴν

325 5123 508 5196 σάρκα
549 5123 643 5178 τοῦ
689 5123 939 5195 Σωτῆρος
989 5121 1358 5194 ἀναφέρεσθαι
1396 5119 1602 5184 ταῦτα;
1635 5118 1748 5172 Καὶ
1780 5118 1908 5188 μὴν,

323 5217 487 5281 εἴτις
518 5215 668 5289 αὑτῷ
691 5217 869 5288 παρῆν
891 5215 1000 5271 τῶν
1026 5216 1184 5270 θείων
1210 5213 1444 5284 Γραφῶν
1472 5212 1776 5283 ἐπιστήμη,
1809 5212 1913 5264 οὐκ

403 5391 464 5465 >11
491 5385 591 5465 Eli:
620 5384 820 5450 Paris.,
852 5398 975 5454 pag.
1008 5380 1130 5437 158.
1209 5382 1255 5414 ’⁸
1284 5380 1387 5436 lsa.
1423 5378 1591 5445 v,12.
1666 5379 1710 5410 ’⁷
1737 5378 1753 5432 |
1785 5377 1914 5434 Cor.
1950 5392 2034 5443 ιιι,
2062 5376 2152 5432 Η.

393 5455 487 5525 ἐκ,
524 5455 619 5516 54.

401 5648 727 5722 (SOiango
747 5649 884 5704 ἀλλά
930 5648 1061 5722 [τῶν
1106 5645 1377 5718 ἀοράτων]
1437 5646 1550 5700 καί.
1602 5644 1719 5699 Mox
1750 5643 1910 5714 vulgo

324 5735 460 5800 post
471 5719 885 5800 Δλέγων*ἰιιιιιιιιιιιλ

401 5791 517 5866 (81)
559 5782 729 5862 Vulgo
786 5782 1069 5863 βασιλικῆς
1122 5789 1216 5845 καὶ
1257 5785 1492 5856 εὐθείας,
1539 5792 1593 5844 et
1637 5801 1781 5851 mox,
1822 5782 1908 5839 ὅδε

2021 4594 2040 4629 ι
2081 4574 2346 4631 tinebant.
2390 4597 2408 4628 ι
2439 4575 2550 4630 Nec
2579 4573 3295 4645 intelligitquodantequam
3343 4570 3395 4624 in
3430 4583 3596 4624 carne

2015 4664 2272 4720 Servator
2322 4664 2642 4730 adveniret,
2690 4664 2861 4719 sancti
2914 4663 3008 4718 Dei
3045 4661 3321 4732 prophetae
3354 4657 3595 4730 ejusdem

2013 4757 2235 4826 spiritus
2280 4755 2714 4826 participabant;
2767 4752 2944 4809 Moses
3000 4753 3255 4808 nimirum
3307 4759 3362 4805 et
3416 4750 3598 4805 adhuc

2015 4847 2108 4903 illo
2135 4847 2485 4902 vetustiores.
2515 4847 2700 4914 Itaque
2729 4859 2957 4900 necesse
2985 4854 3067 4898 est
3105 4841 3470 4912 antiquiorem
3511 4839 3598 4894 bis

2015 4939 2229 5010 abyssis
2258 4937 2327 5010 (si
2359 4938 2521 4993 modo
2555 4946 2862 4992 sanctorum
2894 4936 3056 4990 corda
3099 4935 3212 4990 sint
3250 4933 3453 5003 abyssi)
3499 4945 3598 4986 ειη

2015 5029 2223 5083 stitisse
2258 5027 2434 5093 illum,
2470 5026 2563 5096 qui
2599 5025 2768 5092 dixit,
2825 5025 3149 5094 Priusquam
3185 5023 3360 5093 abyssi
3405 5021 3600 5076 conde-

2019 5129 2222 5185 rentur,
2250 5130 2360 5174 etc.
2399 5119 2680 5187 Quomodo
2715 5118 2884 5187 igitur
2933 5118 3001 5173 ad
3034 5131 3256 5172 carnem
3290 5112 3603 5170 Servatoris

2020 5211 2211 5268 referri
2239 5213 2538 5284 poterant?
2571 5213 2752 5280 Certe,
2789 5211 2837 5266 si
2866 5211 2949 5266 vel
2986 5208 3248 5265 tantillam
3293 5206 3600 5263 divinarum

3388 5367 3433 5401 ³⁰
3466 5365 3602 5423 Luc.

2255 5374 2461 5433 "Psal.
2498 5389 2630 5443 xcn,
2662 5376 2718 5431 2.
2821 5375 2866 5407 “
2897 5372 3033 5432 Gen.
3077 5387 3163 5441 ιιι,
3191 5372 3275 5428 t9.

2020 5645 2176 5716 πρόςε

2090 5714 2204 5789 (82)
2247 5712 2418 5785 Vulgo
2439 5727 2532 5765 του
2556 5727 2664 5770 om.
