4158 6390
604 345 711 404 98.7

1275 341 1547 398 EUSEBH
1583 337 2066 398 CESARIENSIS
2101 336 2256 395 OPP.
2295 338 2478 394 PARS
2517 339 2606 394 IV.
2647 369 2716 380 ——
2755 339 3175 398 DOGMATICA.

605 470 1017 540 Scripturarum
1049 461 1413 536 cognitionem
1444 465 1698 528 haberet,
1731 478 1838 517 non
1881 461 1953 515 ita
1987 461 2180 514 leviter

2288 459 2351 513 ἂν
2391 459 2629 531 εὐχερῶς
2673 459 2846 525 οὕτως
2889 462 3000 534 (85)
3047 465 3375 533 ἀπεφαίνετο
3404 465 3502 532 τὰς
3545 469 3652 522 τῶν
3697 470 3865 538 ἁγίων

601 571 660 616 et
684 559 849 616 facile
869 557 1290 615 determinasset
1331 565 1646 611 sanctorum
1693 554 1854 609 corda
1889 567 2008 608 esse
2053 557 2188 606 istas

606 651 854 723 abyssos.
898 647 1169 704 Instanter
1196 647 1345 702 addit
1373 647 1517 700 enim
1547 644 1721 700 Moses
1739 685 1754 711 ,
1782 645 1925 714 quod
1954 643 2188 699 lettebra:

609 749 770 796 erant
785 756 948 810 super
974 741 1263 811 abyssum;
1291 738 1574 808 multiplex
1603 737 1696 793 sed
1714 735 2107 792 inextricabilis
2122 737 2188 790 de

611 834 731 888 istis
755 849 936 889 set-mo
952 835 1154 888 seritur
1176 834 1229 887 in
1255 831 1454 886 divinis
1475 830 1718 884 Litteris.
1739 827 1873 882 Nam
1893 827 2187 898 Apostolus

611 927 707 992 ait,
739 925 822 980 Ne
875 926 1093 990 dixeris,
1128 923 1258 990 Quis
1309 925 1552 977 ascendet
1608 921 1666 975 in
1715 919 1943 974 uelum?
1984 921 2081 974 hoc
2112 929 2186 973 est

612 1017 880 1074 Christum
910 1019 1202 1079 deducere;
1238 1026 1326 1069 aut
1353 1014 1484 1080 Quis
1511 1013 1784 1068 descendet
1822 1015 1875 1065 in
1899 1013 2188 1083 abyssum?

611 1113 712 1164 hoc
735 1120 832 1178 est,
874 1109 1149 1164 Christum
1198 1125 1224 1162 e
1274 1107 1499 1162 mortuis
1546 1105 1765 1160 educere
1787 1105 1852 1160 “.
1899 1104 1954 1158 ln
1992 1105 2186 1173 quibus

611 1201 824 1256 videtur
889 1199 1185 1255 infernales
1235 1198 1484 1268 regiones
1549 1197 1778 1267 abyssos
1856 1195 2180 1250 nominasse.

613 1291 766 1358 Quod
789 1291 992 1346 clarius
1037 1291 1216 1344 adhuc
1269 1289 1478 1344 indicat
1520 1288 1781 1342 Dominus
1831 1287 1942 1355 ipse
1993 1286 2045 1338 in
2097 1285 2186 1339 illo

612 1401 734 1440 cum
761 1383 898 1439 Jobo
923 1383 1194 1452 colloquio
1221 1397 1338 1444 suo,
1377 1381 1521 1436 Vade
1547 1393 1720 1434 autem
1752 1379 1820 1432 ad
1849 1377 2041 1446 [autem
2072 1394 2186 1430 ma-

615 1473 706 1537 ris,
732 1481 805 1536 et,
840 1472 905 1525 In
936 1472 1159 1542 vestigiis
1187 1472 1359 1540 abyssi
1385 1471 1674 1524 ambulain
1704 1486 1722 1524 :
1762 1468 2068 1538 aperiuntur
2094 1467 2186 1521 tibi

613 1581 721 1632 pra:
745 1567 931 1619 timore
953 1565 1136 1635 janua:
1161 1565 1347 1616 mortis
1373 1578 1392 1616 :
1422 1563 1688 1632 janitores
1719 1562 1916 1628 inferni
1957 1563 2183 1616 videntes

612 1665 682 1720 te,
708 1658 1114 1710 contremiscunt
1134 1657 1199 1710 ".
1235 1656 1337 1709 Sed
1368 1665 1422 1710 et
1453 1656 1629 1724 impiae
1650 1655 1700 1710 in
1722 1656 1920 1725 abysso
1943 1663 2179 1723 potesta-

614 1757 736 1802 tes:
765 1751 830 1802 de
860 1748 1052 1816 quibus
1081 1747 1282 1801 dictum
1315 1754 1416 1810 est,
1455 1745 1694 1800 Lnudnte
1725 1746 1878 1800 illum
1916 1745 1980 1799 de
2017 1755 2180 1809 terra,

2287 551 2514 622 καρδίας
2547 547 2683 606 εἶναι
2714 553 2811 616 τὰς
2836 553 3123 620 ἀϐύσσους,
3150 558 3450 630 ἐπιστήσας
3474 558 3547 623 ὡς
3577 560 3766 624 σκότος
3798 555 3868 631 ἦν

2289 644 2474 698 ἐπάνω
2511 644 2610 714 τῆς
2641 645 2901 712 ἀϐύσσου,
2934 647 3075 702 κατά
3109 647 3209 720 τὴν
3251 651 3494 715 Μωσέως
3537 653 3865 725 μαρτυρίαν,

2287 733 2382 788 καὶ
2421 734 2496 799 ὡς
2547 736 2716 798 πολὺς
2760 737 2854 791 καὶ
2891 737 3324 812 δυσερμήνευτος
3360 745 3388 796 ό
3428 743 3552 814 περὶ
3584 745 3761 796 αὐτῶν
3810 745 3869 797 ὲν

2286 825 2350 894 τῇ
2387 823 2507 897 θείᾳ
2541 827 2728 898 Γραφῇ
2763 827 2987 899 φέρεται
3025 829 3198 899 λόγος.
3245 832 3302 884 '0
3336 832 3434 902 μὲν
3463 833 3567 904 γὰρ
3611 833 3870 886 ’Λπόστο-

2285 912 2394 978 λος,
2434 914 2532 983 Μὴ
2561 916 2758 984 εἴπῃς,
2784 919 2938 989 φησὶ,
3001 919 3096 984 Τίς
3119 919 3481 986 ἀναϐήσεται
3511 925 3597 986 είς
3623 922 3730 976 τὸν
3762 925 3868 977 οὑ-

2281 1008 2505 1075 ρανόν;
2533 1009 2690 1062 τοῦτ’
2728 1009 2858 1063 ἔστι
2908 1011 3168 1079 Χριστὸν
3211 1015 3581 1084 καταγαγεῖν.
3623 1017 3712 1078 Ἠ,
3775 1017 3871 1082 Τίς

2287 1103 2683 1168 καταϐήσεται
2705 1105 2790 1169 είς
2819 1103 2932 1172 τὴν
2952 1103 3230 1158 ἄϐυσσον
3243 1123 3261 1170 ;
3283 1107 3440 1160 τοῦτ’
3463 1107 3874 1176 ἐστιΧριστόν

2284 1195 2352 1248 ἐκ
2391 1195 2621 1264 νεκρῶν
2665 1197 3005 1266 ἀναγαγεῖν.
3053 1197 3238 1251 Ἔοικε
3289 1198 3420 1267 γοῦν
3466 1201 3522 1252 έν
3560 1200 3769 1264 τούτοις
3803 1200 3872 1254 τὰ

2285 1287 2379 1341 τοῦ
2414 1287 2539 1359 ᾅδου
2570 1289 2746 1360 χωρία
2781 1289 3106 1360 κεκληκέναι
3136 1290 3388 1344 ἄϐυσσον.
3422 1293 3528 1345 Καὶ
3557 1293 3714 1354 αὐτὸς
3743 1293 3806 1346 δὲ
3841 1294 3870 1345 ό

2285 1379 2490 1450 Κύριος
2525 1380 2857 1451 σαφέστερον
2899 1380 3058 1435 τοῦτο
3097 1382 3334 1453 παρίστη
3379 1384 3438 1435 ὲν
3481 1381 3559 1452 τῷ
3591 1383 3727 1455 πρὸς
3776 1383 3871 1436 τὸν

2299 1470 2416 1524 Ἰὼϐ
2445 1472 2812 1544 χρηματισμῷ
2837 1473 3010 1542 λέγων
3037 1473 3146 1544 (84)
3163 1490 3177 1502 ·
3201 1470 3423 1540 Ἦλθες
3447 1467 3630 1528 δὲ’ἑπί
3659 1474 3872 1544 πηγὴν

2283 1563 2621 1630 θαλάσσης,
2645 1564 2714 1617 ἐν
2733 1564 2800 1617 δὲ
2827 1565 3062 1634 ἴχνεσιν
3088 1565 3361 1619 ἀϐύσσου
3401 1564 3870 1634 περιεπάτησας·

2284 1657 2624 1726 ἀνοίγονται
2663 1655 2730 1710 δέ
2767 1675 2865 1711 σοι
2913 1657 3075 1726 φόϐῳ
3105 1657 3291 1710 exulat
3329 1657 3586 1711 θανάτου
3609 1675 3624 1689 ο
3661 1662 3872 1711 πυλω-

2276 1749 2375 1818 ροὶ
2410 1749 2477 1802 δὲ
2511 1749 2658 1816 ᾅδου
2701 1749 2930 1816 ἰδόντες
2965 1764 3059 1814 σε,
3093 1748 3385 1816 ἔπτηξαν.
3435 1750 3543 1802 Καὶ
3565 1748 3768 1813 τάςοὲν
3803 1753 3872 1820 τῇ

611 1843 861 1896 dracones
881 1853 928 1895 et
949 1843 1204 1895 universa:
1225 1840 1475 1910 abyssi”.
1507 1839 1808 1893 Etnlterius
1834 1837 1986 1904 illud,
2011 1838 2183 1908 Super

2288 1841 2505 1912 ἀϐύσσῳ
2542 1841 2598 1894 δὲ
2636 1841 2892 1912 δυνάμεις
2920 1841 3191 1913 πονηρὰς,
3223 1841 3349 1913 περῖ¹
3381 1835 3453 1894 ὧν
3484 1841 3717 1913 εἴρηται,
3771 1843 3880 1895 Αι-

611 1933 854 2000 abyssum
884 1931 1130 1984 tenebrm.
1163 1931 1235 1984 De
1265 1929 1462 1998 quibus
1489 1929 1566 1982 ait
1610 1929 1783 1984 Moses
1804 1970 1818 1994 ,
1861 1929 1924 1983 Et
1961 1931 2184 1985 tenebrat

609 2032 760 2076 erant
805 2039 960 2089 super
983 2021 1304 2092 abyssum“.
1353 2022 1478 2077 llaec
1533 2023 1712 2076 omnia
1755 2022 1848 2092 qui
1903 2023 2185 2078 addiscere

611 2123 844 2183 poterat,
881 2114 924 2168 si
953 2115 1196 2168 sedulam
1239 2115 1427 2168 saltem
1469 2127 1719 2182 operam,
1771 2123 1824 2168 et
1868 2129 1974 2169 non
2017 2113 2185 2184 negli-

609 2216 822 2278 gentem
849 2209 900 2262 in
931 2207 1129 2262 divinis
1165 2206 1382 2261 Litteris
1419 2207 1709 2276 posuisset,
1753 2211 1811 2269 ᾗ
1854 2222 1958 2260 non
2001 2207 2185 2276 utique

609 2305 858 2352 vocasset
873 2307 1184 2352 sanctorum
1203 2296 1362 2350 corda
1379 2296 1603 2364 abyssos
1626 2312 1639 2348 :
1673 2293 2022 2348 intellexisset
2039 2295 2181 2348 enim

607 2390 875 2461 quomodo
913 2389 1112 2443 dictum
1161 2389 1262 2452 sit,
1311 2397 1383 2454 et,
1417 2389 1648 2459 Abyssus
1687 2391 1888 2442 invocat
1915 2389 2181 2456 abyssum.

607 2484 676 2536 ad
705 2499 876 2537 uocem
906 2491 1298 2536 cataractarutn
1331 2493 1550 2535 tuarum
1571 2482 1644 2546 ",
1690 2493 1745 2536 et
1787 2482 1980 2536 iterum
2001 2520 2017 2544 ,
2048 2484 2181 2534 Tur-

607 2577 744 2630 bata:
773 2585 890 2628 sunt
929 2575 1136 2644 abyssi,
1180 2574 1458 2626 multitudo
1487 2574 1689 2627 sonitus
1744 2569 2087 2642 aquarum“,
2128 2579 2183 2624 ct

605 2669 824 2731 iterum,
848 2667 1086 2738 Abyssns
1107 2677 1356 2736 tanquam
1377 2666 1524 2720 restis
1547 2664 1966 2718 circumamictus
1983 2661 2096 2731 ejus
2115 2661 2180 2715 ³⁷.

609 2758 734 2814 Haec
770 2767 826 2814 et
861 2759 943 2812 bis
980 2758 1178 2812 similia
1229 2758 1466 2812 novisset
1511 2756 1788 2816 exactius,
1833 2755 1876 2808 si
1923 2771 2043 2824 quae
2084 2753 2182 2822 ipsi

605 2866 734 2906 cura
768 2851 1022 2906 subiisset
1066 2859 1124 2902 ut
1157 2850 1269 2904 haec
1316 2849 1642 2916 intelligeret
1681 2862 1695 2900 :
1729 2857 1786 2901 at
1845 2863 1988 2900 nunc
2037 2855 2182 2898 tanta

607 2945 722 3013 ipse
753 2941 1052 3006 facilitate,
1099 2951 1315 3009 tamque
1341 2939 1604 2994 dissolute
1652 2947 1961 2993 sanctorum
2017 2937 2180 2992 corda

607 3031 974 3102 pronuntiavit
1010 3031 1254 3101 abyssos.
1299 3028 1404 3084 Nec
1441 3039 1614 3084 tamen
1653 3030 1722 3082 ita
1757 3028 2183 3096 iutellexitquod

605 3123 690 3178 vel
718 3122 1014 3178 secundum
1049 3124 1189 3176 hanc
1223 3121 1766 3188 interpretationem,
1813 3119 1859 3172 is
1889 3119 1979 3186 qui
2023 3117 2180 3184 dixit,

2289 1933 2444 1990 νεῒτε
2473 1933 2659 1988 αὐτὸν
2689 1934 2757 1987 ἐκ
2792 1932 2902 2002 τῆς
2919 1931 3048 2002 γῆς.
3083 1931 3424 2002 δράκοντες,
3457 1934 3552 1986 καὶ
3586 1930 3786 1987 πᾶσαι
3817 1935 3880 1986 al

2289 2024 2547 2079 ἄϐυσσοι
2569 2041 2584 2055 ·
2621 2023 2717 2077 καὶ
2759 2023 2838 2076 ἔτι
2868 2023 2956 2090 τὸ,
2999 2023 3236 2078 Ἐπάνω
3275 2023 3386 2092 τῆς
3416 2025 3691 2078 ἀϐύσσου
3721 2025 3855 2076 σκό

2289 2134 2418 2181 τος·
2449 2115 2578 2188 περὶ
2597 2109 2657 2170 οὗ
2697 2115 2904 2184 Μωσῆς
2942 2113 3068 2185 ἔφη,
3101 2114 3210 2168 Καὶ
3259 2115 3369 2186 (83)
3407 2117 3626 2180 σκότος
3667 2116 3882 2169 ἐπάνω

2288 2209 2398 2278 τῆς
2437 2209 2746 2262 ἀϐύσσου*
2783 2205 2956 2260 ταῦτα
2983 2207 3160 2261 πάντα
3201 2205 3407 2276 μαθὼν,
3463 2206 3617 2278 εἴπερ
3651 2201 3720 2277 ἦν
3753 2207 3884 2259 ἐπι-

2291 2300 2486 2362 πόνως,
2515 2299 2651 2353 ἀλλὰ
2697 2299 2771 2369 μὴ
2821 2298 3078 2369 ἐξιτήλως
3117 2301 3236 2362 ταῖς
3273 2297 3442 2361 θείαις
3492 2297 3884 2368 ἐντετυχηκὼς

2291 2393 2555 2462 Γραφαῖς,
2590 2392 2690 2443 οὐκ
2730 2390 2795 2443 ἂν
2829 2388 2926 2451 τὰς
2953 2388 3062 2441 τῶν
3090 2387 3261 2456 ἁγίων
3291 2388 3514 2457 καρδίας
3539 2385 3750 2458 ἐτόλμα
3797 2390 3882 2442 εί-

2291 2487 2410 2539 πεῖν
2438 2487 2534 2547 τὰς
2563 2482 2852 2545 ἀϐύσσους,
2880 2481 3017 2550 ἔγνω
3050 2481 3093 2533 δ’
3121 2480 3208 2544 ἂν,
3238 2481 3383 2544 ὅπως
3424 2479 3638 2553 εἴρηται
3661 2481 3765 2533 καὶ
3795 2479 3884 2542 τὸ,

2295 2573 2362 2626 Ἀ
2371 2574 2602 2639 ϐυσσος
2621 2574 2896 2627 ἄϐυσσον
2921 2571 3287 2626 ἐπικαλεῖται
3302 2573 3388 2637 είς
3402 2571 3608 2640 φωνὴν
3621 2569 3750 2626 τῶν
3775 2590 3884 2627 κα·

2290 2666 2630 2732 ταρῤακτῶν
2648 2681 2782 2719 σου·
2813 2665 2903 2718 καὶ
2919 2661 3092 2727 αὖθις,
3111 2662 3561 2732 Ἐταράχθησαν
3583 2665 3884 2728 ἄϐυσσοι,

2289 2755 2524 2826 πλῆθος
2548 2755 2737 2824 ἤχους
2759 2755 2996 2822 ὕδατος·
3025 2755 3116 2808 καὶ
3133 2755 3312 2818 πάλιν,
3335 2757 3728 2822 Ἀϐυσσοςὼς
3743 2757 3880 2826 ἱμά-

2291 2865 2418 2901 τιον
2450 2847 2517 2900 τό
2559 2850 2941 2917 περιϐόλαιον
2968 2847 3173 2902 αὑτοῦ.
3211 2848 3393 2901 Ταῦτα
3438 2851 3530 2903 καὶ
3556 2849 3626 2902 τὰ
3657 2851 3884 2916 τούτοις

2289 2939 2492 3009 ἀδελφά
2528 2940 2885 3013 διηκρίϐωσεν
2919 2941 3004 3004 ἂν,
3037 2943 3090 2994 εί
3124 2959 3205 3004 τις
3233 2937 3300 3011 ἦν
3330 2941 3476 3011 αὐτῷ
3517 2942 3744 3013 φρόντις
3779 2945 3884 3014 τῆς

2288 3034 2492 3087 τούτων
2535 3034 2892 3106 καταλήψεως
2924 3021 2944 3064 ι’
2976 3035 3086 3105 (86)
3119 3033 3213 3086 νῦν
3261 3035 3317 3087 δὲ
3357 3033 3658 3106 προχείρως
3698 3035 3888 3099 οὕτως

2291 3126 2384 3180 καὶ
2418 3127 2810 3197 διαλελυμένως
2837 3127 2934 3191 τὰς
2965 3125 3072 3180 τῶν
3111 3126 3282 3194 ἁγίων
3315 3125 3539 3196 καρδίας
3571 3125 3673 3190 τὰς
3699 3128 3884 3180 ἀϐύσ-

571 3233 574 3236 ‘
608 3216 927 3286 Priusquam
966 3217 1212 3268 conderet
1266 3215 1480 3284 abysso:
1523 3213 1738 3266 aderam
1777 3209 1860 3264 illi
1877 3211 1944 3275 ³³,
1995 3211 2183 3266 docere

2291 3236 2414 3282 σους
2463 3213 2602 3272 εἶναι
2650 3219 3070 3288 ἀποφηνάμενος
3091 3257 3104 3278 ,
3149 3217 3255 3270 οὐδ’
3286 3216 3460 3279 οὕτως
3494 3219 3729 3287 συνῆκεν
3755 3258 3771 3280 ,
3807 3220 3886 3282 ὡς

605 3307 775 3361 voluit
807 3321 866 3360 se
897 3303 1259 3358 antecessisse
1295 3311 1540 3370 tempore
1584 3311 1801 3354 sanctos
1842 3299 1961 3355 illos
1991 3309 2044 3354 et
2075 3299 2183 3352 Deo

501 3431 506 3434 -
605 3399 830 3454 dilectos
852 3397 1000 3452 viros
1031 3395 1179 3464 quia
1205 3392 1404 3448 sarculo
1449 3391 1665 3446 fuerunt
1692 3433 1707 3458 ,
1742 3400 1802 3445 ut
1853 3391 2184 3459 impossibile

604 3489 768 3545 fuerit
792 3487 1106 3543 omnimodo
1135 3500 1294 3540 voces
1333 3483 1450 3538 illas
1489 3484 1772 3553 praedictas
1811 3481 1960 3536 carni
1989 3481 2186 3534 Serva-

607 3583 740 3636 tori’s
759 3580 1038 3649 adaplare.
1063 3577 1110 3632 Is
1128 3591 1254 3631 vero
1277 3576 1343 3630 ad
1369 3575 1527 3628 aliam
1553 3589 1874 3644 progressus
1895 3573 2182 3627 dictionem

604 3671 844 3739 eiusdem
891 3669 1224 3738 Scripturaa,
1265 3681 1386 3720 eam
1437 3679 1654 3734 quoque
1703 3665 1756 3718 in
1789 3664 1928 3718 hanc
1967 3672 2186 3717 senten-

529 3749 536 3756 ’
609 3764 830 3818 tentiam
871 3763 1257 3830 interpretatur
1297 3758 1386 3830 [11.
1427 3755 1545 3828 XX]
1587 3775 1599 3811 :
1645 3773 1664 3806 ι
1705 3755 1845 3823 Quid
1892 3770 2053 3825 porro
2079 3754 2182 3809 sibi

610 3855 776 3909 «vult
827 3863 882 3908 et
937 3853 1068 3906 illud
1121 3862 1307 3920 caput,
1355 3851 1648 3918 Antequam
1699 3849 1965 3916 prodirent
2019 3845 2182 3915 fontes

612 3963 630 3994 ι
661 3961 918 4014 aquarum
935 3943 1017 3994 "1'
1061 3941 1235 3995 Diviui
1267 3955 1457 4009 nempe
1489 3937 1714 4008 apostoli
1747 3938 1980 3992 fuerant.
2013 3937 2183 4004 Quam

611 4057 630 4086 ι
657 4033 985 4088 sententiam
1038 4030 1315 4099 Scriptura
1367 4029 1521 4082 nobis
1563 4029 1614 4081 in
1642 4028 1828 4082 Exodo
1877 4042 2182 4094 repracsen-

612 4148 630 4180 ι
668 4135 745 4182 tat
793 4143 808 4179 :
851 4127 938 4180 ubi
998 4125 1104 4194 typi
1139 4139 1326 4176 eorum
1372 4129 1884 4176 commemorantur.
1942 4117 2186 4174 Meminit

612 4239 630 4272 I
661 4219 804 4274 enim
842 4215 1068 4271 fontium
1111 4213 1182 4268 ibi
1229 4213 1510 4266 duodecim
1530 4211 1599 4276 ⁸ο,
1645 4227 1766 4266 cum
1813 4211 2039 4265 totidem
2092 4226 2188 4264 nu-

611 4331 629 4364 ι
663 4324 812 4366 mero
863 4305 1086 4377 apostoli
1148 4314 1352 4360 essent.
1393 4322 1411 4356 ι
1481 4301 1604 4358 llaec
1651 4317 1772 4357 cum
1843 4304 2008 4366 dicat,
2075 4317 2181 4356 non

605 4400 1007 4465 anin'tatlvertit,
1043 4398 1182 4468 quod
1221 4407 1272 4450 et
1325 4409 1399 4448 xu
1442 4405 1602 4448 erant
1641 4393 1860 4449 lsraelis
1897 4394 2089 4458 tribus,
2129 4403 2186 4448 et

605 4509 683 4549 xu
721 4493 935 4548 illorum
982 4491 1324 4560 patriarchae.
1376 4487 1668 4542 Duodecim
1721 4485 1900 4540 itidem
1947 4485 2181 4554 prophe-

607 4597 673 4640 NB
699 4574 804 4638 nuo
829 4583 969 4638 libro
1004 4580 1402 4650 comprehensi.
1437 4577 1542 4633 Sed
1573 4585 1628 4632 et
1657 4593 1732 4630 xu
1777 4577 1828 4629 in
1857 4576 1942 4630 die
1976 4577 2123 4630 liora:
2162 4591 2174 4627 :

603 4677 742 4730 etin
789 4691 931 4728 anno
967 4688 1040 4726 xu
1093 4687 1327 4728 menses.
1377 4668 1660 4736 Quomodo
1705 4667 1870 4736 igitur
1917 4668 2183 4721 duodena-

605 4769 717 4824 t’ius
758 4785 1036 4832 numerus,
1089 4767 1154 4820 ad
1201 4764 1470 4833 apostolos
1527 4765 1722 4832 potius,
1773 4775 1933 4829 quam
1973 4760 2040 4814 ad
2083 4759 2181 4814 ista

602 4856 784 4911 omnia
817 4855 1132 4926 spectabat?
1159 4853 1309 4919 Quod
1353 4853 1398 4908 si
1427 4853 1546 4921 quis
1579 4865 1833 4905 numerus
1868 4849 2189 4919 quantitati-

603 4963 725 5011 vus,
761 4963 978 5002 causam
1031 4947 1133 5016 ipsi
1175 4945 1402 5016 prazbuit
1447 4943 1753 4998 istiusmodi
1810 4942 2059 4998 dictionis
2107 4944 2193 4996 in-

607 5035 1029 5102 terpretationis,
1061 5037 1343 5102 Oportebat
1366 5035 1512 5088 illum
1543 5034 1977 5088 animadvertere
2002 5072 2018 5098 ,
2045 5031 2186 5102 quod

605 5139 780 5192 neque
811 5127 980 5178 sancti
1005 5126 1315 5194 prophetae,
1343 5125 1392 5178 in
1427 5135 1686 5194 quantum
1717 5123 2009 5194 participes
2033 5133 2190 5178 erant

606 5215 843 5284 ejusdem
890 5214 1123 5286 Spiritus
1165 5218 1376 5282 sancti,
1425 5233 1455 5270 a
1501 5216 1736 5271 fontibus
1785 5215 1872 5271 bis
1918 5215 2188 5286 peregrini

673 5402 732 5466 Et
766 5397 861 5451 Ed.
893 5396 1088 5464 Paris.,
1117 5414 1235 5466 pug.
1280 5399 1396 5453 159.

679 5461 820 5521 i’sai.
853 5467 1030 5531 th,8.
1076 5461 1328 5522 “‘“i‘sui.
1371 5467 1668 5532 l.!XVI.'|7,
1713 5467 1796 5520 l8.

676 5651 787 5720 {83)
816 5648 983 5720 Ynlgo
1010 5649 1383 5720 ἁπεςραίνοιτο.

687 5715 788 5792 ,84)
819 5715 1018 5792 Ϊῌλθες
1055 5715 1229 5792 vuigo.

680 5787 790 5862 (eo)
828 5789 990 5861 Vulgo
1023 5790 1210 5854 σκότος
1243 5787 1356 5863 [ἦν]
1393 5791 1596 5847 ἐπάνω.

2289 3307 2396 3379 πρὸ
2431 3308 2536 3360 τῶν
2571 3307 2740 3376 ἁγίων
2773 3309 2868 3360 καὶ
2899 3306 3160 3376 θεοφιλῶν
3193 3305 3422 3378 ἀνδρῶν,
3453 3307 3558 3359 τῶν
3591 3306 3654 3371 ὲξ
3677 3308 3886 3373 αἰῶνος

2286 3399 2612 3470 γενομένων,
2657 3400 2842 3453 ἑαυτὸν
2879 3400 3142 3470 ὑπάρχειν
3173 3397 3406 3462 ἐδίδαξεν
3443 3401 3471 3450 ὁ
3505 3397 3714 3462 εἰπὼν,
3753 3401 3884 3468 Πρὸ

2285 3489 2393 3544 τοῦ
2437 3492 2541 3558 τὰς
2579 3493 2890 3558 ἀϐύσσους
2943 3491 3223 3559 ποι-ἧσαι·
3271 3491 3344 3554 ὡς
3403 3491 3744 3562 πανταχόθεν
3807 3495 3882 3564 μὴ

2284 3581 2540 3636 δύνασθαι
2563 3586 2628 3654 τῇ
2663 3583 2825 3654 σαρκ)⁵
2850 3582 2941 3635 τοῦ
2975 3583 3225 3653 Σωτῆρος
3254 3581 3585 3653 ἐφαρμόζειν
3609 3581 3712 3644 τὰς
3743 3599 3890 3654 προ-

2286 3675 2544 3748 κειμένας
2571 3675 2762 3742 λέξεις.
2803 3676 2859 3730 Ὀ
2884 3675 2940 3728 δὲ
2969 3675 3076 3745 (87)
3107 3675 3190 3744 ἐφ’
3216 3675 3408 3746 ἑτέραν
3440 3673 3682 3743 μεταϐὰς
3709 3675 3890 3745 ῥῆσιν

2284 3768 2384 3836 τῆς
2421 3767 2590 3837 αὐτῆς
2625 3767 2864 3838 Γραφῆς,
2897 3769 2991 3820 καὶ
3019 3765 3220 3838 ταύτην
3252 3766 3424 3829 οὓτως
3452 3765 3752 3836 ἑρμηνεύει
3797 3766 3888 3820 λέν

2285 3875 2429 3928 γων·
2476 3878 2493 3910 ι
2536 3859 2601 3911 Τί
2633 3859 2812 3911 τοίνυν
2847 3857 2961 3911 ἔστι
3009 3859 3101 3911 καὶ
3129 3858 3284 3910 τουτὶ
3311 3857 3371 3910 τὸ
3399 3856 3716 3926 κεφάλαιον,
3755 3859 3890 3926 Πρὸ

2294 3969 2311 4002 ι
2351 3950 2456 4004 τοῦ
2503 3949 2820 4018 προελθεῖν
2859 3951 2964 4018 τὰς
3017 3949 3210 4018 πηγὰς
3259 3947 3377 4002 τῶν
3425 3947 3699 4012 ὑδάτων;
3747 3951 3888 4012 τοὶς

2292 4060 2310 4094 ι
2353 4042 2533 4114 ίέρους
2569 4041 2900 4104 ἀποστόλους
2949 4036 3087 4094 εἷναί
3134 4058 3317 4112 φησιν.
3350 4039 3516 4092 Τοῦτο
3547 4038 3602 4091 δὲ
3639 4040 3786 4110 ἡμῖν
3825 4041 3894 4092 τὸ

2293 4151 2311 4184 ι
2359 4135 2654 4206 μυστήριον
2692 4133 3018 4204 παρίστησιν
3053 4135 3085 4204 ὴ
3114 4132 3214 4202 τῆς
3262 4130 3472 4196 Ἐξόδου
3506 4131 3716 4202 γραφὴ,
3747 4133 3892 4195 τοὺς

2294 4245 2312 4276 ι
2351 4225 2458 4278 τῶν
2487 4225 2797 4278 ἀποστόλων
2825 4224 3031 4288 τύπους
3060 4223 3226 4278 πάλαι
3259 4221 3722 4294 προαγορεύουσα.
3761 4221 3890 4275 Δώ-

2294 4333 2312 4364 ι
2351 4317 2481 4368 δέκα
2503 4315 2610 4386 γὰρ
2640 4315 2809 4368 όντων
2830 4315 2918 4368 τὸν
2935 4314 3166 4387 ἀριθμὸν
3182 4314 3289 4366 τῶν
3307 4311 3638 4375 ἀποστόλων,
3654 4309 3892 4365 δώδεκα

2293 4426 2311 4458 ι
2355 4407 2544 4476 πηγῶν
2577 4409 2870 4478 μέμνηται.
2912 4427 2929 4459 ι
2963 4408 3072 4461 Καὶ
3102 4405 3273 4460 ταῦτα
3303 4405 3474 4473 λέγων
3504 4405 3563 4456 οὐ
3598 4405 3892 4474 συνίησιν,

2288 4495 2362 4560 ὡς
2395 4497 2490 4548 καὶ
2515 4495 2608 4549 τοῦ
2669 4497 2885 4569 Ἰσραὴλ
2920 4497 3125 4551 δώδεκα
3153 4492 3292 4568 ἦσαν
3327 4496 3513 4565 φυλαὶ,
3541 4497 3634 4550 καὶ
3657 4495 3890 4552 δώδεκα

2287 4585 2334 4636 οί
2367 4584 2569 4639 τούτων
2607 4589 2958 4659 πατριάρχαι,
2997 4588 3094 4659 μία
3131 4603 3188 4640 τε
3232 4585 3410 4657 βίϐλος
3457 4587 3490 4658 ἠ
3527 4587 3636 4641 τῶν
3663 4585 3892 4641 δώδεκα

2289 4675 2602 4744 προφητῶν·
2631 4675 2769 4728 ἀλλά
2807 4677 2901 4730 καὶ
2935 4675 3140 4729 δώδεκα
3187 4677 3282 4746 τῆς
3309 4677 3523 4746 ἡμέρας
3551 4669 3691 4746 ὧραι
3711 4714 3731 4740 ,
3785 4677 3890 4730 καὶ

2294 4766 2458 4835 μῆνες
2483 4766 2577 4819 τοῦ
2611 4768 2810 4830 παντὸς
2853 4767 3002 4832 ἔτους
3035 4765 3258 4820 δώδεκα.
3294 4767 3359 4819 Τί
3391 4763 3481 4820 οὖν
3524 4765 3728 4837 μᾶλλον
3769 4771 3896 4830 τοῖς

2292 4858 2608 4922 ἀποστόλοις
2637 4859 2668 4930 ἦ
2700 4859 2930 4922 ἐκείνοις
2959 4859 3158 4912 ἅπασιν
3196 4859 3225 4910 ό
3255 4857 3363 4911 τῶν
3387 4857 3591 4911 δώδεκα
3621 4857 3898 4929 διέφερεν

2293 4945 2562 5016 ἀριθμός;
2601 4949 2662 5000 Εἰ
2698 4949 2760 5020 δὴ
2799 4949 2892 5002 τοῦ
2942 4949 3111 5002 ποσοῦ
3159 4966 3242 5012 τις
3283 4947 3514 5020 ἀριθμὸς
3545 4947 3642 5018 τὴν
3687 4949 3896 5001 αἰτίαν

2291 5035 2441 5104 αὐτῷ
2485 5037 2584 5106 τῆς
2623 5039 2827 5090 τοιασδὶ
2878 5039 2972 5091 τοῦ
3024 5039 3181 5108 λόγου
3237 5041 3496 5109 παρεῖχεν
3547 5039 3894 5110 ἑρμηνείας,

2290 5124 2428 5192 χρῆν
2469 5124 2524 5176 δὲ
2559 5126 2790 5179 συνιδεῖν
2823 5127 2899 5190 ὡς
2929 5129 3022 5180 καὶ
3043 5129 3092 5180 οἱ
3115 5126 3208 5180 τοῦ
3242 5127 3376 5180 Θεοῦ
3407 5127 3700 5199 προφῆται,
3741 5129 3898 5180 καθὸ

2289 5215 2384 5268 τοῦ
2423 5217 2587 5270 αὑτοῦ
2623 5218 2880 5288 μετέσχον
2927 5218 3240 5290 Πνεύματος
3267 5218 3444 5287 ἁγίου,
3470 5218 3568 5271 οὐκ
3593 5213 3742 5288 ἦσαν
3791 5219 3902 5272 ἁλ-

1511 5397 1553 5430 ³¹
1579 5395 1735 5450 Rom.
1761 5412 1814 5462 χ,
1841 5395 1893 5458 6,
1923 5393 1976 5447 7.
2055 5395 2098 5426 ³³
2137 5391 2183 5447 ,ιι

1515 5467 1668 5519 t.-l7.
1713 5467 1796 5519 l8.
1901 5465 1942 5494 ³⁷
1981 5463 2124 5519 Psal.
2155 5480 2181 5518 c

2304 5408 2532 5452 xxxvnt,
2565 5393 2650 5456 16,
2691 5393 2773 5446 17.
2853 5395 2898 5427 ³³
2935 5393 3405 5458 Psal.cx1.vtu,‘7.
3481 5393 3526 5424 "
3567 5391 3710 5449 Gen.
3747 5410 3794 5458 ι,
3829 5397 3898 5449 ‘2-

2304 5463 2356 5518 6.
2457 5463 2505 5494 ⁸⁸
2543 5465 2698 5516 Prov.
2740 5479 2857 5519 vm.
2896 5467 2985 5519 21.
3065 5466 3110 5496 ³⁸
3153 5466 3288 5519 ibid.
3367 5466 3410 5494 “’
3440 5463 3608 5518 Exod.
3646 5479 3746 5519 xv.
3787 5465 3894 5518 εἴ.

2055 5501 2124 5518 ιΙΙΙ
2155 5501 2270 5528 υΙΙΙ,
2305 5501 2356 5518 νο

2457 5463 2505 5494 ⁸⁸
2543 5465 2698 5516 Prov.
2740 5479 2857 5531 vm,
2896 5467 2985 5520 Ξί.
3065 5466 3110 5496 ³⁸
3153 5466 3288 5520 ibid.
3367 5466 3410 5494 “’
3440 5463 3608 5518 Exod.
3646 5479 3754 5538 xv,_
3787 5465 3894 5518 ‘17.

2356 5649 2468 5718 (illi)
2509 5650 2677 5720 Vulgo
2698 5649 2834 5704 νυνί.

2357 5721 2468 5784 (87)
2495 5719 2662 5790 Vulgo
2685 5721 2800 5789 ἀφ’.
