4158 6390
315 417 421 475 989

1235 415 1326 475 DE
1364 415 1903 476 ECCLESIASTICA
1945 404 2336 477 'lHEOLOClA
2378 420 2506 478 ua.
2547 420 2636 478 ιιι.

3486 432 3590 494 990

311 536 511 609 λότριοι
543 535 652 590 τῶν
682 537 892 609 πηγῶν.
919 537 1010 593 Διὸ
1033 535 1283 593 λέλεκται
1306 539 1434 612 περὶ
1465 539 1646 594 αὑτῶν
1663 542 1720 593 ἐν
1749 539 1903 594 Ψαλ-

2025 539 2240 608 herant.
2293 540 2561 609 Quocirca
2614 541 2681 597 de
2735 539 2842 597 illis
2886 541 2941 598 in
2975 540 3206 600 Psalmis
3244 541 3443 601 dicitur
3475 564 3490 602 :
3523 546 3591 604 In

315 632 456 701 μοῖς,
475 629 571 682 Ἐν
604 629 987 697 Ἐκκλησίαις
1020 632 1320 701 εὐλογεῖτε
1344 634 1451 687 τὸν
1495 631 1644 688 Θεὸν
1685 632 1904 700 Κύριον

310 721 380 774 ἐκ
410 719 619 789 πηγῶν
662 720 930 790 Ἰσραήλ.
965 722 1125 775 Ὥστε
1154 724 1248 776 καὶ
1275 724 1379 796 πρὸ
1402 725 1626 778 ἐκείνων
1655 723 1763 776 τῶν
1791 740 1902 793 πη-

313 813 425 882 γῶν
444 854 459 877 ,
495 810 789 883 ἀναγκαῖον
827 814 1108 885 ὁμολογεῖν
1153 814 1245 868 τὸν
1295 815 1422 869 Υίδν
1468 810 1605 869 εἶναι
1652 814 1763 886 (88)
1807 813 1902 867 τοῦ

316 907 450 962 Θεοῦ
489 907 582 961 τὸν
627 907 873 977 λέγοντα,
918 908 1036 976 Πρὸ
1072 910 1176 962 τοῦ
1218 908 1534 978 προελθεῖν
1571 907 1679 972 τὰς
1710 907 1905 976 πηγὰς

315 999 434 1054 τῶν
461 999 712 1056 ὑδάτων.
731 1001 788 1054 '0
807 999 862 1054 δὲ
886 1000 1189 1053 ἐπάκουσον
1219 1001 1368 1062 ὅπως
1388 999 1679 1073 ἑρμηνεὺει
1706 999 1900 1068 λέγων·

322 1113 340 1142 ι
381 1092 617 1155 Εἰκότως
644 1086 734 1144 οὖν
763 1091 890 1162 περὶ
920 1092 1018 1162 τῆς
1047 1093 1188 1145 κατὰ
1225 1091 1402 1163 σάρκα
1433 1092 1542 1162 (89)
1575 1091 1844 1159 γενέσεως
1875 1092 1904 1143 ὁ

321 1205 340 1238 ι
380 1183 686 1256 Δεσπότης,
735 1180 822 1236 διὰ
865 1183 958 1236 τοῦ
1013 1185 1295 1256 προφήτου
1343 1184 1654 1254 Σολομῶνος
1706 1183 1904 1252 λέγων,

321 1295 340 1326 ι
380 1277 500 1346 Πρὸ
526 1277 630 1330 τοῦ
661 1275 976 1344 προελθεῖν
1018 1276 1124 1342 τὰς
1157 1276 1354 1346 πηγὰς
1402 1275 1522 1329 τῶν
1568 1275 1802 1331 ὑδάτων
1824 1315 1837 1338 ,
1881 1293 1900 1327 ι

315 1369 438 1439 ἔφη.
489 1368 600 1423 Καὶ
647 1368 940 1439 ἑπιφέρει’
1009 1386 1028 1420 ι
1070 1367 1228 1421 Οὕτω
1283 1367 1392 1440 γάρ
1447 1369 1476 1421 ὁ
1533 1366 1723 1438 Σωτὴρ
1769 1366 1906 1437 πρὸς

319 1479 338 1514 ι
375 1461 473 1524 τὰς
505 1461 656 1532 ἱερὰς
680 1461 862 1531 πηγὰς
897 1460 1023 1531 ἔφη,
1057 1459 1460 1529 Πορευθέντες
1489 1459 1906 1529 μαθητεύσατε

321 1573 340 1604 ι
378 1553 573 1607 πάντα
599 1553 671 1606 τὰ
702 1553 868 1620 ἔθνη,
914 1572 933 1604 s
964 1549 1101 1616 Εἶθ’,
1132 1552 1320 1624 ὥσπερ
1345 1549 1666 1619 συναγαγὼν
1699 1549 1789 1602 τὸν
1821 1549 1908 1601 λό-

315 1663 432 1715 γον,
463 1641 524 1700 τὸ
554 1646 924 1719 συμπέρασμα
957 1645 1153 1715 ἐπάγει
1184 1648 1251 1716 τῇ
1287 1644 1482 1698 ἑαυτοῦ
1507 1645 1789 1716 διηγήσει,
1819 1643 1906 1697 λέ-

317 1757 450 1809 γωνο
489 1759 506 1790 ι
528 1739 872 1811 Πανταχόθεν
887 1739 1043 1811 δῆλόν
1063 1741 1200 1803 ἐστι,
1222 1740 1350 1802 τοὺς
1382 1739 1560 1810 ἱεροὺς
1572 1736 1903 1801 ἀποστόλους

317 1832 411 1886 καὶ
441 1831 619 1902 πηγὰς
659 1831 932 1903 τροπικῶς
960 1830 1276 1902 ὠνομάσθαι
1303 1830 1409 1884 ὑπὸ
1426 1830 1519 1884 τοῦ
1549 1830 1850 1902 προφήτου·
1879 1848 1897 1880 ι

2009 628 2256 685 Ecclesiis
2291 630 2507 686 laudate
2550 629 2714 685 Deum
2755 631 3040 686 Dominum
3065 633 3130 688 de
3154 634 3388 703 fontibus
3413 635 3592 692 Israe-

2004 722 2070 775 lis
2084 720 2150 778 ⁵¹.
2188 720 2258 776 Ut
2287 736 2508 777 necesse
2533 723 2604 778 sit
2633 737 2731 778 nos
2773 721 3019 778 confiteri
3050 722 3246 779 Filium
3289 723 3384 782 Dei
3420 727 3592 781 exsti-

2006 816 2135 869 tisse
2179 823 2306 867 ante
2354 813 2531 871 fontes
2581 815 2721 883 illos,
2757 831 2878 871 eum
2933 816 3022 886 qui
3051 817 3218 884 dixit,
3269 817 3593 890 Priusquam

2005 910 2460 979 prodirentfoutes
2491 926 2771 979 aquarum.
2814 910 2862 966 Is
2891 913 3163 982 quomodo
3188 915 3290 970 hoc
3322 915 3592 984 interpre-

2008 1011 2148 1056 tetur
2213 1001 2338 1055 audi
2383 1019 2397 1056 :
2453 1018 2471 1052 ι
2519 1000 2780 1068 Quocirca
2845 1017 2944 1058 nec
3009 1004 3283 1060 immerito
3329 1005 3592 1064 Domin‘us

2009 1112 2029 1146 ι
2059 1109 2153 1165 per
2176 1094 2496 1164 prophetam
2535 1093 2879 1149 Salomonem
2913 1095 3076 1160 dixit,
3118 1093 3438 1168 Priusquam
3477 1115 3590 1154 sca-

2011 1204 2030 1238 ι
2065 1184 2486 1270 turirentfonles
2513 1200 2795 1254 aquarum,
2826 1186 2892 1238 de
2921 1200 3018 1239 sua
3044 1188 3338 1241 secundum
3370 1203 3590 1244 carnem

2009 1277 2478 1347 «generatione.»
2533 1275 2696 1332 Addit
2749 1295 2763 1331 :
2822 1296 2842 1330 ι
2893 1275 2967 1332 lta
3022 1277 3167 1332 enim
3210 1277 3592 1346 Servator,ad

2010 1383 2029 1417 ι
2062 1374 2284 1420 sanctos
2336 1366 2516 1422 fontes
2559 1366 2718 1431 dixit,
2767 1367 2969 1423 Euntes
3022 1369 3203 1424 docete
3245 1385 3420 1426 omnes
3467 1389 3594 1443 gen-

2011 1477 2030 1510 ‹
2061 1467 2135 1512 tes
2158 1457 2223 1513 ".
2249 1477 2268 1510 ι
2287 1457 2592 1526 Postremo,
2611 1460 2775 1516 veluti
2799 1461 3102 1517 recollectis
3127 1464 3402 1530 omnibus,
3422 1465 3596 1521 intro-

2005 1547 2151 1606 ducit
2178 1550 2582 1606 conclusionem
2601 1551 2979 1620 disputationis
3005 1567 3116 1608 suae
3143 1572 3154 1608 :
3188 1560 3246 1618 >14
3279 1572 3298 1606 ι
3321 1555 3396 1610 lla
3414 1557 3594 1611 omni-

2008 1658 2028 1693 ι
2058 1643 2217 1697 modo
2256 1643 2604 1712 perSpicuum
2635 1653 2738 1710 est,
2774 1651 2993 1723 sanctos
3042 1647 3314 1714 apostolos
3363 1647 3594 1718 figurate

2008 1733 2231 1790 «fontes
2280 1736 2574 1806 appellatos
2627 1752 2657 1790 a
2717 1737 3002 1808 propheta.
3058 1757 3077 1791 ι
3138 1741 3429 1808 Apostolus
3479 1741 3595 1795 vult

2006 1825 2180 1882 fontes
2223 1828 2526 1896 nominari,
2579 1837 2634 1883 at
2667 1830 2890 1884 minime
2940 1831 2990 1885 ei
3037 1830 3250 1899 placent
3287 1833 3587 1902 prophetae.

324 1945 341 1976 ι
369 1925 461 1978 καὶ
484 1926 608 1988 τοὺς
645 1925 742 1996 μὲν
769 1924 1103 1988 ἀποστόλους
1123 1923 1222 1988 τὰς
1250 1923 1434 1995 πηγὰς
1463 1919 1602 1977 εἶναι
1634 1921 1900 1992 βούλεται,

2025 1915 2113 1974 Zur
2138 1918 2244 1973 ita?
2273 1920 2526 1974 nimirum
2563 1919 2703 1989 quod
2734 1928 2858 1976 ante
2888 1921 3005 1975 illos
3034 1937 3257 1977 carnem
3287 1925 3598 1980 Servatoris

315 2017 415 2070 οὑκ
442 2016 734 2087 ἀρέσκουσι
763 2017 821 2070 δὲ
851 2015 997 2087 αὑτῷ
1024 2017 1074 2068 οἱ
1100 2016 1398 2086 προφῆται.
1429 2013 1529 2067 Διὰ
1553 2015 1632 2078 τί;
1677 2013 1790 2066 ἀλλ’
1822 2013 1904 2064 ὅτι

320 2109 394 2180 μὴ
427 2107 647 2160 ἐδύνατο
675 2108 774 2178 τὴν
815 2106 992 2177 σάρκα
1022 2106 1114 2160 τοῦ
1152 2106 1402 2176 Σωτῆρος
1435 2105 1541 2175 πρὸ
1567 2105 1792 2156 ἐκείνων
1823 2101 1902 2154 δι-

316 2201 482 2255 δόναι.
506 2199 698 2254 Καίτοι
741 2201 834 2252 καὶ
868 2199 973 2270 πρὸ
1002 2199 1109 2253 τῶν
1136 2197 1278 2252 κατὰ
1302 2195 1464 2266 φύσιν
1494 2194 1768 2266 αἰσθητῶν
1803 2211 1907 2265 πη-

317 2292 452 2361 γῶν,
485 2285 560 2345 ὧν
581 2291 674 2344 καὶ
697 2290 901 2359 Μωσῆς
931 2290 1336 2362 ἐμνημόνευσεν
1364 2291 1420 2342 ὲν
1443 2290 1508 2359 τῇ
1552 2284 1904 2358 κοσμοποιίᾳ,

319 2383 509 2447 εἰπὼν,
538 2382 705 2452 Πητὴ
733 2382 801 2435 δὲ
827 2382 1142 2437 ἀνέϐαινεν
1162 2382 1230 2435 ἐκ
1255 2381 1364 2448 τῆς
1387 2379 1518 2450 γῆς,
1550 2381 1648 2433 καὶ
1681 2376 1909 2438 ἐπότιζε

320 2475 445 2532 πᾶν
474 2475 540 2530 τὸ
572 2477 896 2543 πρόσωπον
923 2473 1034 2541 τῆς
1060 2472 1192 2544 γῆς·
1225 2473 1319 2526 καὶ
1345 2468 1520 2537 αὖθις,
1550 2469 1820 2538 Ποταμὸς
1841 2467 1910 2521 δὲ

319 2569 701 2638 ἐκπορεύεται
736 2566 804 2632 ἐξ
851 2566 1044 2635 Έδὲμ,
1071 2563 1329 2626 ποτίζειν
1373 2563 1479 2618 τὼν
1521 2561 1907 2632 παράδεισον,

327 2663 678 2735 προϋπῆρχεν
700 2664 727 2715 ό
756 2659 850 2713 τοῦ
885 2659 1019 2712 Θεοῦ
1062 2659 1209 2722 Υἱὸς,
1241 2659 1269 2711 ό
1297 2658 1468 2711 ταῦτα
1498 2658 1552 2709 ὲν
1582 2653 1909 2727 Παροιμίαις

325 2755 453 2827 περὶ
486 2753 676 2806 ἑαυτοῦ
713 2753 1000 2806 διδάσκων.
1049 2752 1108 2803 'U
1140 2751 1196 2803 δὲ
1240 2749 1318 2820 τῷ
1365 2747 1486 2802 Ἰὼϐ
1536 2743 1907 2819 χρηματίζων,

326 2847 419 2900 καὶ
449 2845 639 2916 πηγῶν
685 2843 959 2914 θαλάσσης
1001 2840 1334 2912 μνημονεύει
1357 2838 1528 2908 λέγων
1549 2854 1562 2870 °
1592 2833 1816 2902 τΗλθες
1846 2835 1914 2888 δὲ

325 2938 421 2992 ἐπὶ
437 2936 640 3008 πηγὴν
651 2935 760 3004 τῆς
772 2934 1108 3001 θαλάσσης·
1125 2933 1194 2986 ἐν
1208 2931 1258 2984 δ’
1278 2933 1515 3000 ἴχνεσιν
1529 2929 1802 2982 ἀϐύσσου
1818 2941 1914 2980 πε-

221 3049 232 3059 ’
318 3030 713 3102 ριεπάτησας.
731 3029 883 3081 Ἐπεὶ
895 3029 951 3081 δὲ
970 3028 1062 3080 καὶ
1077 3026 1331 3096 ὑπεράνω
1342 3024 1447 3076 τῶν
1463 3020 1726 3093 οὐρανῶν,
1746 3017 1916 3072 ὕδατά

328 3141 448 3178 τινα
500 3119 636 3177 εἶναι
681 3123 715 3192 ἡ
756 3121 947 3192 Γραφὴ
994 3117 1266 3179 διδάσκει,
1304 3118 1336 3186 ἡ
1388 3114 1648 3183 λέγουσα,
1692 3109 1917 3165 Αἰνεῖτε

329 3216 471 3269 αὐτὸ
481 3234 536 3277 ν,
557 3213 798 3282 οὐρανοὶ
812 3211 930 3264 τῶν
945 3207 1234 3278 οὐρανῶν,
1251 3208 1348 3262 καὶ
1369 3208 1438 3259 τὰ
1455 3205 1640 3258 ὕδατα
1656 3204 1726 3257 τὰ
1737 3206 1918 3269 ὑπερ-

332 3306 455 3360 ιίνω
469 3305 586 3360 τῶν
601 3304 891 3374 οὐρανῶν,
910 3299 1200 3355 ἀκόλουθόν
1219 3299 1329 3371 (90)
1378 3300 1494 3350 ἐστι
1518 3295 1785 3349 κάκείνων
1807 3292 1918 3346 τῶν
1947 3277 1988 3333 C

333 3399 570 3463 ὑδάτων,
601 3399 760 3451 ὁποῖα
796 3396 861 3449 ἂν
905 3395 1124 3467 ὑπάρχῃ
1157 3391 1340 3462 φύσιν,
1370 3389 1561 3459 νοῆσαι
1599 3387 1750 3449 τίνας
1782 3383 1920 3440 εἶναι

333 3491 516 3564 πηγὰς
547 3530 562 3553 ,
616 3491 764 3553 ὅπως
812 3488 1081 3541 κάκείνων
1133 3482 1505 3557 πρεσϐύτερος
1556 3479 1851 3549 ἀποδειχθῇ
1897 3481 1926 3532 ὁ

333 3583 569 3656 εἰρηκὼς
611 3582 801 3636 ἑαυτὸν
830 3579 1208 3653 προῦπάρχειν
1243 3576 1348 3648 πρὸ
1378 3574 1471 3628 τοῦ
1512 3573 1797 3643 προελθεῖν
1826 3569 1925 3632 τὰς

334 3675 518 3747 πηγὰς
550 3674 658 3728 τῶν
692 3673 918 3726 ὑδάτων.
964 3669 1022 3723 '0
1055 3671 1113 3723 δὲ
1147 3667 1337 3740 μηδενὶ
1386 3667 1590 3718 τούτων
1630 3666 1927 3744 ἐπιστήσας

334 3768 426 3822 τὸν
460 3767 606 3833 νοῦν,
653 3765 787 3838 μηδὲ
815 3765 999 3817 πονεῖν
1034 3760 1253 3822 ἐθέλων,
1296 3762 1409 3822 τοῖς
1443 3758 1624 3820 αὑτοῖς
1654 3756 1925 3826 ἐπιμένει.

357 3861 510 3915 Ἐπεὶ
541 3859 636 3913 καὶ
669 3857 840 3911 ταῦτα
880 3855 1136 3926 φάσκων,
1181 3853 1301 3921 Πρὸ
1345 3851 1451 3904 τοῦ
1503 3849 1609 3917 ὅρη
1642 3844 1929 3916 ἑδρασθῆ’

345 3971 464 4016 ναι,
495 3953 677 4022 φησὶν,
711 3949 823 4020 πρὸ
847 3949 916 4002 δὲ
933 3945 1174 4001 πάντων
1187 3942 1434 4010 ,Βουνῶν
1447 3937 1632 4012 γεννᾷ
1653 3956 1747 4009 με.
1786 3940 1926 4007 Ὄρη

343 4045 436 4099 καὶ
464 4043 708 4115 βουνοὺς,
735 4027 862 4105 τοὺς
892 4039 1243 4100 ἀποστόλους.
1273 4035 1370 4089 κα)⁵
1403 4035 1530 4097 τοὺς
1563 4032 1670 4085 τῶν
1700 4027 1929 4083 ἀποστό-

342 4138 450 4192 λων
478 4136 753 4207 διαδόχους
784 4134 953 4201 λέγει,
997 4131 1084 4184 ἵνα
1128 4127 1279 4200 παρὰ
1321 4127 1450 4189 τοὺς
1490 4125 1680 4185 ἄλλους
1717 4119 1928 4192 ἀνθρώ-

346 4243 504 4292 πους,
538 4223 835 4297 τηνικαῦτα
873 4223 1000 4284 τοὺς
1029 4219 1241 4273 δικαίαν
1274 4215 1547 4269 πολιτείαν
1577 4213 1690 4281 (91)
1736 4226 1926 4280 παροι-

351 4319 564 4382 ιιιωδῶς
601 4317 860 4390 σημαίνῃ.
897 4313 1105 4368 Οὐκοῦν
1148 4313 1194 4364 οἱ
1235 4310 1388 4363 αὑτοὶ
1411 4307 1522 4379 (99.)
1567 4302 1704 4377 ἦσαν
1740 4303 1836 4356 καὶ
1873 4303 1928 4354 αἱ

349 4413 544 4483 πηγαὶ,
577 4409 668 4480 (οἱ)
694 4409 847 4463 αὑτοὶ
881 4406 976 4461 καὶ
1015 4404 1084 4457 τά
1108 4403 1230 4474 ὅρη,
1258 4403 1307 4455 οἱ
1345 4399 1498 4455 αὑτοὶ
1527 4399 1619 4452 καὶ
1651 4398 1698 4450 οἱ
1731 4393 1926 4467 βουνοίο

350 4503 464 4558 αλλ’
498 4502 687 4572 ὥσπερ
730 4502 830 4554 οὑκ
879 4499 992 4569 ἔχει
1035 4496 1218 4566 φύσιν,
1265 4493 1356 4546 ἐπὶ
1396 4491 1502 4545 τῶν
1545 4486 1932 4560 θεωρουμένων

2009 2008 2272 2063 exhibere
2303 2008 2582 2076 nequibat.
2608 2009 2674 2062 Et
2706 2019 2888 2064 tamen
2932 2011 3021 2065 Dei
3048 2012 3219 2067 Filius
3250 2012 3343 2082 qui
3378 2013 3494 2066 haec
3543 2013 3595 2067 in

2013 2097 2318 2155 Proverbiis
2340 2099 2406 2154 de
2429 2101 2608 2170 seipso
2639 2103 2938 2171 usurpavit,
2967 2113 3087 2158 erat
3115 2113 3242 2158 ante
3273 2104 3392 2159 illos
3423 2103 3600 2158 fontes

2014 2189 2572 2259 naturaleshquornm
2605 2193 2849 2246 meminit
2890 2194 2942 2246 in
2973 2196 3301 2264 cosmomeia
3347 2210 3442 2250 sua
3489 2194 3603 2250 Mo-

2013 2295 2135 2344 ses,
2173 2281 2261 2336 ubi
2298 2282 2391 2342 ait,
2431 2281 2501 2336 Et
2531 2283 2650 2351 fons
2675 2283 2738 2336 de
2765 2293 2908 2337 terra
2931 2285 3277 2346 ascendebat,
3318 2296 3366 2338 et
3405 2285 3602 2355 irriga-

2016 2376 2103 2427 bat
2131 2374 2316 2442 faciem
2352 2375 2612 2428 universa:
2646 2386 2798 2429 terrw
2817 2376 2882 2441 ⁸³,
2916 2386 2970 2430 ει
3003 2377 3196 2431 iterum
3225 2417 3240 2440 ,
3273 2375 3498 2431 Flavius
3538 2378 3604 2432 de

2020 2467 2186 2520 Edent
2234 2469 2619 2537 egrediebatur,
2669 2477 2719 2521 et
2769 2469 3080 2536 paradisum
3123 2468 3457 2539 irrigabat“.
3501 2468 3601 2535 Qui

2015 2569 2070 2614 et
2095 2576 2214 2613 cum
2239 2559 2376 2613 Jobo
2405 2559 2704 2614 collocutus
2745 2560 2970 2614 fontium
3024 2575 3239 2631 quoque
3285 2561 3452 2615 maris
3499 2576 3606 2615 meo

2017 2652 2196 2717 minit,
2239 2649 2442 2705 Venisti
2471 2661 2645 2705 autem
2677 2653 2747 2704 ad
2796 2653 3144 2723 scaturigines
3180 2654 3346 2707 maris
3374 2668 3394 2707 :
3423 2652 3606 2706 ambu-

2018 2745 2140 2798 lasti
2164 2761 2256 2814 per
2281 2746 2494 2813 vestigia
2520 2745 2780 2815 abyssi”.
2821 2745 2954 2800 Cum
2982 2762 3108 2801 vero
3146 2756 3199 2800 et
3233 2761 3397 2815 super
3435 2747 3604 2801 caelos

2020 2855 2282 2909 aquarum
2314 2841 2518 2894 mentio
2559 2841 2651 2893 ﬁat
2701 2840 2752 2893 in
2806 2839 3128 2909 Scripturis,
3181 2849 3363 2909 utputa
3402 2840 3492 2894 ubi
3529 2838 3606 2893 le-

2019 2938 2184 3006 gitur,
2212 2935 2450 2989 Laudate
2480 2934 2782 2997 Dominum,
2825 2933 2938 2986 ειειὶ
2965 2945 3118 3003 atque
3156 2948 3307 3002 aqua'
3329 2949 3445 3001 qua:
3484 2943 3604 2986 sunt

2019 3045 2177 3098 super
2207 3028 2427 3082 corios“
2475 3042 2488 3074 :
2541 3041 2879 3095 consequens
2918 3033 3001 3079 est
3031 3033 3088 3077 nt
3117 3039 3236 3093 qua:
3284 3024 3358 3078 sit
3397 3023 3604 3077 illarum

2022 3135 2288 3190 aquarum
2322 3129 2514 3172 natura
2549 3117 2900 3185 dispiciamus
2932 3133 2946 3168 :
2988 3116 3212 3185 quinam
3246 3115 3357 3170 sint
3393 3115 3606 3168 illarum

2025 3205 2220 3276 l'onte's,
2253 3220 2313 3264 ut
2343 3221 2398 3264 et
2429 3211 2576 3264 hisce
2602 3209 2875 3278 antiquior
2914 3208 3002 3262 ille
3037 3207 3376 3271 declaretur,
3410 3208 3499 3276 qui
3533 3207 3608 3260 ait

2023 3318 2083 3358 se
2121 3303 2395 3357 exstitisse
2422 3317 2542 3355 cum
2582 3301 2814 3354 nondum
2853 3299 3133 3368 prodirent
3178 3299 3352 3352 fontes
3394 3297 3605 3352 illarum

2023 3410 2306 3464 aquarum.
2337 3394 2404 3447 At
2461 3409 2592 3447 vero
2616 3392 2744 3447 nulli
2798 3392 2986 3446 horum
3033 3390 3322 3446 advertens
3367 3391 3609 3444 animum

2025 3486 2328 3547 Marcellus,
2362 3501 2460 3541 nec
2490 3485 2542 3538 in
2581 3485 2648 3538 iis
2689 3483 3006 3552 indagandis
3049 3481 3326 3537 collocans
3364 3495 3607 3548 operam.

2025 3579 2077 3632 in
2107 3578 2376 3632 sententia
2409 3593 2505 3631 sua
2555 3575 2815 3644 persistit.
2853 3572 2984 3626 Nam
3029 3581 3084 3626 et
3131 3573 3256 3637 illa,
3288 3573 3612 3642 Priusquam

2027 3681 2224 3724 montes
2246 3670 2590 3739 ﬁrmarentur
2621 3686 2639 3723 :
2670 3680 2746 3734 et,
2770 3670 2904 3722 Ante
2929 3683 3104 3722 omnes
3138 3667 3294 3720 colles
3317 3664 3492 3734 genuit
3509 3679 3611 3728 me,

2026 3763 2093 3816 ad
2120 3763 2366 3818 eumdem
2424 3765 2640 3816 modum
2693 3762 3107 3830 interpretatur,
3137 3769 3337 3812 montes
3377 3768 3434 3812 et
3457 3756 3615 3811 colles

2029 3853 2300 3922 apostolos
2324 3867 2442 3907 esse
2473 3853 2742 3922 inquiens,
2767 3860 2822 3906 et
2843 3849 3210 3919 apostolorum
3233 3861 3574 3902 successores
3596 3865 3615 3903 :

2033 3955 2086 4000 nt
2113 3943 2545 4013 proverbialiter,
2585 3953 2781 4013 praeter
2817 3957 3021 3996 morem
3055 3941 3195 4010 apud
3225 3939 3362 3994 alios
3389 3952 3618 4007 usurpa-

2033 4047 2144 4092 tum
2169 4035 2371 4105 justam
2399 4036 2707 4104 reipublicae
2731 4033 3172 4088 administrandae
3205 4030 3430 4085 formam
3452 4030 3620 4099 signi-

2036 4131 2245 4186 ﬁcaret.
2282 4129 2544 4196 Quocirca
2581 4128 2790 4193 fontes,
2814 4135 2868 4182 et
2897 4136 3127 4190 montes,
3162 4135 3216 4178 et
3268 4123 3434 4178 colles
3477 4122 3618 4176 idem

2033 4221 2432 4293 signiﬁcabant.
2494 4219 2598 4274 Sed
2643 4219 2806 4274 veluti
2862 4217 3159 4272 secundum
3221 4225 3467 4269 naturam
3512 4227 3620 4268 non

2035 4323 2137 4377 est,
2181 4313 2352 4380 utqui
2407 4313 2581 4366 oculis
2623 4320 2918 4366 cernuntur
2948 4309 3125 4364 fontes
3173 4317 3333 4377 atque
3386 4313 3619 4368 montes,

2036 4405 2196 4460 iidem
2230 4405 2338 4458 sint
2366 4404 2562 4476 (neque
2589 4403 2731 4459 enim
2765 4417 3028 4470 aquarum
3074 4399 3249 4454 fontes
3297 4400 3499 4452 habent
3532 4395 3624 4450 ali.

2037 4497 2163 4566 quid
2215 4509 2500 4551 counnune
2551 4510 2674 4549 cum
2733 4492 2997 4547 montium
3063 4489 3456 4553 cacuminibus)
3497 4484 3624 4556 pari

351 4595 545 4667 πηγῶν
572 4611 632 4648 τε
684 4593 777 4646 καὶ
814 4591 956 4660 ὀρῶν
1001 4589 1070 4641 τὰ
1109 4585 1248 4640 αὑτὰ
1296 4577 1526 4654 φάσκειν
1582 4577 1720 4634 εἶναι
1751 4577 1919 4649 (ossa

2043 4589 2220 4649 modo,
2274 4599 2328 4641 et
2375 4587 2428 4639 in
2463 4585 2566 4639 illis
2595 4599 2716 4652 qua:
2760 4583 3046 4653 allegorice
3092 4579 3438 4648 intelligenda
3475 4584 3624 4637 sunt,

352 4690 460 4760 γὰρ
513 4688 690 4741 κοινὸν
728 4685 803 4748 ὡς
847 4685 904 4735 ἐν
955 4679 1238 4749 ποιότητος
1282 4677 1426 4747 λόγῳ
1479 4676 1682 4744 πηγαῖς
1729 4670 1933 4723 ὑδάτων

354 4781 490 4854 πρὸς
529 4778 599 4833 τὰ
631 4777 737 4831 τῶν
775 4775 916 4848 ὀρῶν
951 4769 1346 4842 ἀναστήματα)
1370 4810 1385 4834 ,
1413 4767 1503 4820 τὸν
1543 4765 1703 4818 αὑτὸν
1737 4762 1936 4834 τρόπον

356 4873 450 4926 καὶ
472 4874 564 4924 ὲπί
589 4869 697 4922 τῶν
720 4863 1094 4940 άλληγορικῶς
1122 4859 1261 4916 κατὰ
1288 4859 1524 4914 διάνοιαν
1551 4853 1939 4926 θεωρουμένων

360 4965 709 5036 παραστῆσαι
754 4962 860 5034 χρὴ
902 4955 1165 5028 διαφορὰν
1212 4952 1322 5006 τῶν
1372 4949 1514 5004 κατὰ
1566 4947 1662 5020 τὴν
1709 4945 1941 5036 θεωρίαν

362 5057 687 5127 νοουμένων,
727 5052 921 5125 πηγῶν
963 5068 1023 5104 τε
1069 5048 1162 5101 καὶ
1203 5043 1347 5116 ὀρῶν
1391 5042 1483 5096 καὶ
1537 5038 1772 5111 βουνῶν·
1830 5035 1944 5090 ἀλλ’

439 5241 498 5298 ›Ῐ4
527 5234 625 5289 Ed.
662 5233 857 5287 Paris..
891 5247 1012 5302 pag.
1039 5230 1161 5284 160.
1261 5227 1304 5302 ⁸-⁸
1340 5225 1483 5280 Psal.
1521 5239 1688 5290 um,
1715 5217 1807 5276 27.

364 5305 706 5369 xxxvttt,16.
783 5303 828 5334 “
850 5298 987 5356 i‘sal'.
1011 5315 1235 5363 chvut,
1266 5298 1320 5352 4.

439 5443 550 5515 (88)
581 5442 751 5515 Vulgo
787 5438 1048 5515 1038505
1077 5439 1324 5506 λέγοντα.

464 5512 552 5578 89)
587 5513 761 5580 Vulgo
776 5512 1070 5580 γενήσεως.

464 5526 552 5578 δυ)
596 5526 1070 5580 νιιιιςυγεντσεως.

442 5526 553 5656 (90)
591 5583 779 5656 Vnng
799 5583 842 5634 δ’
881 5553 1020 5656 ἐστι,
1071 5588 1143 5656 ει.
1182 5577 1482 5656 ηιοδέόποία
1599 5575 1664 5656 ἂν
1694 5572 1950 5656 ὑπάρχοι,

369 5644 468 5726 τὴν
502 5644 662 5742 φ’ὑσιν
691 5644 882 5742 νοῆσαι
909 5651 1061 5735 τίνας
1089 5644 1234 5702 εἶναι
1265 5646 1374 5718 [ἃς]
1405 5645 1586 5716 πηγάς
1609 5655 1716 5698 etc.
1745 5652 1800 5698 et
1828 5657 1950 5696 mox

375 5725 750 5796 προϋπάρχειν
773 5725 980 5776 ἑαυτόν.

446 5791 972 5864 (91)Παροιμιωδῶς
998 5789 1290 5864 σημαίνῃ.
1325 5786 1484 5864 Deest
1525 5785 1612 5840 hic
1632 5784 1812 5850 aliqua
1850 5790 1950 5864 vox

373 5851 758 5924 sullnleien'dm'
778 5851 1210 5929 sententiasque
1240 5851 1375 5920 hiat,
1426 5859 1568 5929 forte
1619 5851 1955 5929 μετερχομέ-

375 5956 520 5997 νους.
549 5948 640 5993 aut
661 5932 1090 5996 ἀσπασαμένους
1109 5925 1214 5985 ’θυι
1239 5928 1415 5985 simile
1443 5925 1571 5992 quid
1617 5927 1719 5982 hoc
1751 5937 1912 5979 sensu
1933 5959 1950 5988 ,

1903 5220 1948 5251 δ’
1975 5216 2167 5273 Matth.
2201 5229 2391 5277 xxvnt,
2430 5209 2518 5265 ‘l9.

2043 4679 2376 4734 instituenda
2406 4687 2490 4732 est
2521 4677 2808 4729 diversitas
2841 4675 2984 4728 inter
3014 4671 3102 4726 illa
3138 4687 3259 4738 qua:
3288 4682 3384 4738 per
3430 4666 3627 4729 fontes.

2044 4769 2229 4837 colles,
2271 4778 2484 4822 montes
2528 4765 2920 4831 intelliguntur.
2965 4762 3054 4817 Ille
3100 4770 3278 4814 autem
3335 4756 3467 4812 nihil
3518 4765 3630 4811 tru-

2049 4866 2277 4918 tinatum
2314 4861 2638 4930 intelligens,
2673 4859 2766 4914 sed
2798 4855 2980 4911 omnia
3009 4854 3372 4924 permiscens,
3401 4865 3522 4920 qua:
3546 4855 3634 4902 est

2051 4956 2220 5024 ipsius
2241 4953 2407 5007 animi
2439 4953 2650 5016 levitas,
2688 4948 2906 5002 eosdem
2936 4946 3119 5014 utique
3164 4959 3259 5014 per
3303 4944 3481 4998 omnia
3532 4939 3632 4994 de-

2051 5049 2248 5118 signat.
2277 5045 2444 5113 fontes
2475 5057 2760 5112 aquarum,
2790 5048 2844 5095 et
2867 5048 3065 5092 montes
3097 5047 3259 5105 atque
3297 5033 3482 5090 colles.
3510 5031 3635 5086 Haec

2635 5206 2682 5238 “
2704 5205 2920 5268 Gemit,
2942 5200 2995 5256 6.
3069 5199 3114 5232 “
3139 5198 3272 5254 ibid.
3294 5195 3382 5251 10.
3461 5194 3506 5226 ⁸⁵
3535 5191 3636 5248 Job

2058 5434 2118 5481 ut
2144 5422 2416 5495 signiticet
2437 5432 2532 5473 eos
2548 5414 2665 5485 qui,
2697 5420 3130 5495 praeter’morem
3156 5403 3636 5495 showing-cistam-

2061 5476 2584 5551 ;i—vet‘idirationem
2624 5476 2858 5553 amplexi
2892 5480 3130 5553 fuerant.
3163 5476 3292 5543 Qua:
3336 5478 3642 5553 sequuntur

2623 5564 2676 5608 ei
2719 5538 3102 5631 'disti-ngt‘tenda
3147 5538 3296 5631 stitit,
3324 5538 3640 5631 οὑκρῦνῖ-ρξ

2613 5607 2786 5694 πηγαὶ
2809 5607 2983 5682 αὑῖοὶ,
3003 5618 3098 5674 καὶ
3118 5616 3188 5670 τὰ
3210 5607 3334 5686 ὅρη,
3363 5612 3455 5666 καὶ
3487 5607 3643 5663 αὑτοὶ

2093 5711 2104 5744 ἶ
2139 5707 2211 5744 Rm
2220 5705 2314 5744 mni

2059 5711 2108 5761 οἱ
2139 5701 2336 5776 βουνοί.
2375 5701 2444 5756 Μ.
3409 5749 3421 5763 .
3511 5748 3524 5766 ο

2134 5777 2244 5846 (92)
2277 5772 2449 5846 Vulgo
2497 5771 2580 5846 ὅτι
2614 5767 2792 5846 ⁸αὐταί).
2840 5759 2978 5846 ᾖσαν
3020 5759 3117 5844 καὶ
3166 5757 3221 5811 al
3255 5768 3431 5823 πηγαι
3466 5746 3643 5817 αυτοὶ.

2063 5834 2154 5904 καὶ
2182 5834 2248 5902 τά
2276 5834 2453 5916 ὖρηνοὶ
2485 5839 2658 5905 αὑτοὶ,
2691 5838 2783 5892 καὶ
2807 5838 2856 5890 οἱ
2897 5834 3092 5905 βουνοί.
