4158 6390
546 416 645 474 99!
1221 410 1494 471 EUSEBII
1532 408 2002 470 CESARIENSIS
2039 413 2190 470 OPP.
2228 413 2405 468 PARS
2441 413 2530 469 IV.
2572 444 2641 453 —
2680 411 3100 469 DOGMATICA.
3713 415 3851 472 992

545 533 770 604 insuper
810 533 990 588 omnia
1025 529 1300 600 apostolos
1323 544 1445 586 esse
1478 529 1600 597 ait,
1622 525 1942 588 dill‘erentiae
1985 531 2130 586 nulla

2243 532 2259 584 l
2292 529 2405 603 (93)
2441 530 2606 602 μηδὲν
2635 528 3092 601 βεϐασανισμένον
3125 531 3506 601 ἐπιστάμενος,
3539 532 3606 584 τά
3635 532 3852 586 πάντα

546 625 730 681 habita
760 624 994 681 ratione.
1035 622 1306 690 Quorsum
1342 621 1510 693 igitur
1539 621 1682 690 illos,
1727 623 1821 692 qui
1849 638 1944 693 per
1970 621 2134 692 justi»

2243 623 2424 695 φύρων
2450 622 2518 676 δι’
2545 623 2857 693 εὐχέρειαν,
2888 622 3018 686 τοὺς
3047 622 3243 686 αὐτοὺς
3269 620 3404 677 εἶναι
3433 625 3850 694 ἀποπέφανται

545 717 679 772 tiam
705 725 760 771 et
789 716 1010 786 pietatis
1036 713 1264 782 cultum,
1299 723 1426 770 ante
1473 713 1823 770 Servatorem
1879 715 2134 772 incarna-

2243 714 2331 768 καὶ
2369 713 2553 785 πηγὰς
2600 713 2829 777 ὑδάτων,
2871 713 2964 766 καὶ
3005 711 3128 784 ὅρη,
3164 713 3261 766 καὶ
3297 713 3538 784 βουνοὺς,
3580 717 3718 787 φησι
3763 735 3849 770 τε

546 819 658 864 tum
690 808 1243 874 consummabantur,
1269 816 1470 862 menter
1511 815 1567 862 et
1599 807 1756 862 colles
1807 822 1913 862 non
1949 806 2137 878 appel-

2243 806 2416 860 πάντα
2457 805 2629 858 ταῦτα
2670 800 2809 858 εἶναι
2852 807 2976 868 τοὺς
3005 805 3362 870 ἀποστόλους,
3405 807 3465 860 ού
3507 807 3848 862 διαστειλὰ-

2240 914 2399 967 μενος
2447 896 2540 950 τὸν
2581 895 2682 966 τῆς
2727 895 2987 967 διαφορᾶς
3041 896 3262 966 τρόπον.
3311 897 3376 950 Τί
3419 894 3511 952 οῦν
3553 901 3677 972 οὐχὶ
3728 903 3853 955 καὶ

2236 988 2344 1060 πρὸ
2381 989 2480 1059 τῆς
2512 989 2716 1060 σαρκὸς
2767 987 2861 1041 τοῦ
2903 988 3154 1059 Σωτῆρος
3207 987 3366 1060 ἡμῶν
3410 993 3468 1045 ἐν
3502 991 3854 1066 δικαιοσύνῃ

2236 1079 2331 1133 καὶ
2366 1079 2473 1150 (94)
2513 1079 2793 1150 θεοσεὸείᾳ
2824 1078 2933 1150 (95)
2973 1079 3358 1144 τελειωθέντας
3405 1081 3504 1154 ὅρη
3547 1085 3642 1137 καὶ
3695 1084 3852 1154 βου-

2235 1172 2362 1235 νοὺς
2412 1169 2615 1240 ὁμοίως
2658 1168 2951 1234 ἐπεκάλει,
3009 1169 3125 1222 ἀλλ’
3171 1172 3254 1224 ὅτι
3312 1171 3386 1243 μὴ
3437 1174 3541 1244 πρὸ
3592 1177 3854 1231 ἐκείνων

2234 1257 2345 1326 οἷός
2371 1279 2429 1316 τε
2451 1257 2518 1334 ἦν
2543 1262 2641 1332 τὴν
2679 1263 2858 1333 σάρκα
2887 1259 2982 1315 τοῦ
3019 1263 3271 1333 Σωτῆρος
3304 1265 3650 1334 ὑφίστασθαι.
3683 1267 3854 1320 Οὐκ-

2235 1354 2330 1408 οῦν
2368 1354 2541 1425 βίαιος
2585 1355 2679 1408 καὶ
2723 1359 3217 1426 κατηναγκασμένη
3270 1355 3398 1427 τῶν¹
3443 1358 3852 1429 προκειμένων

2234 1446 2434 1514 λέξεων
2487 1449 2521 1518 ὴ
2573 1445 2666 1498 ἐπὶ
2712 1445 2808 1517 τὴν
2863 1444 3040 1515 σάρκα
3090 1445 3187 1498 τοῦ
3239 1447 3491 1517 Σωτῆρος
3548 1449 3846 1518 ἀναφορέμ

2234 1538 2358 1603 Πῶς
2390 1538 2446 1591 δὲ
2469 1537 2666 1600 καὶτὸ,
2696 1534 2880 1606 γεννᾷ
2899 1553 2996 1606 με,
3025 1537 3352 1607 ἐφαρμόσειε
3375 1541 3440 1608 τῇ
3485 1541 3684 1611 σαρκξς
3723 1542 3852 1614 πρὸ

2233 1631 2342 1702 γὰρ
2381 1630 2490 1684 τῶν
2521 1629 2712 1700 πηγῶν
2742 1628 2836 1682 καὶ
2869 1628 2974 1700 πρὸ
3002 1629 3112 1683 τῶν
3139 1629 3280 1699 ὀρῶν
3307 1630 3401 1682 καὶ
3431 1630 3535 1700 πρὸ
3565 1633 3677 1684 τῶν
3708 1632 3853 1702 βου-

553 1737 611 1781 ut
639 1725 892 1780 Marcello
917 1725 1115 1790 visum,
1141 1722 1415 1793 quomodo
1439 1738 1568 1778 caro
1597 1722 1822 1788 dixerit,
1855 1723 1988 1777 Ante
2017 1739 2128 1777 om-

2243 1721 2341 1776 νῶν
2369 1719 2727 1791 γεγεννῆσθαι
2749 1719 2950 1791 ἔφησεν
2975 1720 3186 1785 ἑαυτὸν,
3211 1719 3399 1783 εἰπὼν,
3423 1723 3632 1790 Κύριος
3662 1724 3846 1777 ἐκτι-

553 1836 643 1876 nes
669 1818 828 1874 colles
857 1818 1021 1889 gignit
1050 1833 1132 1870 me
1149 1817 1175 1869 .9
1202 1815 1332 1870 Esto
1356 1814 1522 1880 enim,
1559 1813 1723 1869 fuerit
1750 1824 1876 1870 ante
1908 1824 2132 1884 aposto-

2243 1810 2309 1866 σέ
2332 1828 2408 1881 με
2427 1811 2625 1880 ἀρχὴν
2652 1809 2805 1864 ὁδῶν
2833 1810 3018 1864 αὑτοῦ
3044 1812 3132 1878 εἰς
3157 1812 3300 1881 ἔργα
3331 1811 3536 1876 αὐτοῦ,
3563 1813 3846 1882 repetem“;

552 1907 636 1963 los
683 1922 811 1961 caro
849 1880 879 1958 τ’
898 1880 953 1960 at
982 1921 1088 1976 quo
1123 1915 1279 1975 pacto
1309 1906 1541 1975 seipsam
1577 1904 1690 1974 ipsa
1726 1919 1756 1958 a
1796 1904 1906 1960 Deo
1933 1880 2128 1961 iactam

2243 1880 2447 1970 αἰῶνος
2479 1902 2835 1972 ἐθεμελίωσέ
2891 1919 2989 1972 με.
3027 1903 3091 1957 El
3130 1902 3192 1975 δὴ
3237 1880 3343 1957 γοῦν
3376 1905 3408 1974 ἡ
3466 1880 3612 1975 σὰρξ*
3647 1906 3849 1960 ταῦτα

553 1993 786 2048 dixerit?
815 1993 999 2048 Visum
1037 2003 1120 2048 est
1149 1993 1404 2048 Marcello
1438 1991 1708 2048 alllrmare
1738 2007 1958 2049 carnem
2007 2009 2128 2050 cum

2243 1995 2453 2065 φάσκοι,
2477 1994 2554 2057 ὡς
2585 1994 2888 2066 Μαρκέλλῳ
2915 1995 3079 2059 δοκεῖ,
3107 1995 3222 2060 πῶς
3252 1996 3331 2061 τὸ,
3357 1997 3474 2064 Πρὸ
3499 1997 3566 2051 δὲ
3581 1997 3849 2051 πάντων

554 2099 660 2139 non
712 2092 951 2140 exstaret
1006 2084 1176 2154 prius,
1214 2084 1483 2139 conditam
1553 2085 1738 2141 fuisse.
1797 2086 1887 2140 Ait
1944 2087 2128 2144 enim:

2243 2085 2475 2147 ϐουνῶν
2499 2084 2679 2157 γεννᾷ
2716 2103 2811 2156 με,
2845 2087 2988 2140 είποι
3015 2087 3080 2140 ἂν
3110 2089 3142 2158 ἠ
3169 2087 3302 2160 σάρξ
3329 2106 3342 2153 ;
3373 2089 3552 2143 Ἔστω
3579 2089 3692 2161 γὰρ
3727 2090 3847 2162 πρὸ

559 2197 576 2228 ι
612 2177 822 2232 Revera
859 2177 1066 2232 creavit
1089 2177 1180 2246 qui
1216 2176 1358 2244 quod
1402 2193 1508 2231 non
1542 2177 1662 2232 era't
1702 2177 1830 2232 fecit
1876 2177 2134 2234 Dominus

2243 2180 2340 2234 τῶν
2371 2179 2684 2233 ἀποστόλων
2719 2181 2752 2251 ὴ
2782 2179 2920 2251 σάρξ
2948 2179 3088 2250 (96)·
3125 2180 3260 2234 ἀλλά
3283 2180 3397 2243 πῶς
3422 2182 3559 2251 αὑτὴ
3595 2182 3704 2235 ὑπὸ
3737 2184 3842 2234 τοῦ

559 2287 578 2320 ι
614 2278 800 2324 noster
830 2267 990 2326 Deus.
1020 2268 1252 2325 Carnem
1293 2269 1434 2323 enim
1464 2268 1700 2324 Verbum
1731 2270 1962 2340 sumpsit
2015 2285 2136 2339 qua

2243 2269 2365 2325 θεοῦ
2392 2269 2748 2342 γεγεννῆσθαί
2778 2287 2943 2342 φησιν
2966 2273 3165 2341 ἑαυτήν
3186 2287 3200 2336 ;
3224 2272 3284 2324 τὸ
3309 2272 3406 2342 μὲν
3429 2273 3533 2345 γὰρ
3553 2273 3848 2326 ἐκτίσθαι.

560 2381 578 2412 ι
615 2376 723 2415 non
755 2371 893 2426 erat,
922 2363 1017 2415 sed
1049 2361 1288 2415 condidit
1318 2361 1463 2414 illam
1499 2375 1620 2431 quae
1662 2375 1766 2415 non
1798 2370 1934 2415 erat.
1968 2379 1988 2413 ι
2024 2359 2136 2416 No-

2243 2361 2313 2433 μὴ
2346 2358 2512 2415 οὖσαν
2557 2361 2821 2434 πρότερον
2866 2361 2963 2433 τὴν
2991 2362 3171 2435 σάρκα
3207 2362 3381 2415 ἐδόκει
3407 2363 3717 2434 Μαρκέλλῳ
3747 2364 3847 2417 λέ-

555 2454 730 2507 vimus
777 2455 849 2507 ita
907 2453 1054 2507 illam
1087 2453 1385 2517 conditam,
1417 2461 1472 2506 at
1496 2455 1732 2522 genitam
1767 2467 1797 2506 a
1840 2451 1950 2507 Deo
1990 2452 2136 2508 illam

2243 2471 2374 2524 γειν.
2405 2454 2549 2524 Ἔφη
2579 2453 2709 2526 γάρ·
2753 2455 3040 2508 «Ἐκτισεν
3069 2437 3376 2527 άληθῶςτὸ
3411 2455 3483 2526 μὴ
3511 2455 3569 2508 ὃν
3604 2465 3846 2528 πεποιτς

553 2544 824 2613 quomodo
873 2545 1106 2608 dicetur,
1157 2559 1280 2598 cum
1313 2542 1542 2599 all‘mnet
1572 2544 1852 2609 Servator,
1889 2541 2043 2611 Quod
2075 2547 2139 2602 de

2243 2564 2262 2598 ι
2289 2545 2400 2610 κὼς
2438 2547 2467 2598 ὁ
2491 2546 2758 2617 δεσπότης
2789 2546 2948 2618 ἡμῶν
2992 2547 3021 2599 ὁ
3050 2545 3201 2610 Θεός.
3247 2547 3361 2600 Οὐκ
3388 2543 3552 2600 οὖσαν
3591 2547 3703 2619 γὰρ
3735 2551 3845 2618 τὴν

547 900 714 956 lavit?
741 900 1008 956 Nimirum
1031 901 1177 971 quod
1207 900 1443 970 priorem
1471 899 1580 955 illis
1600 940 1615 964 ,
1647 914 1752 954 non
1781 909 1990 969 poterat
2011 899 2137 955 Ser-

546 993 748 1048 vatoris
767 1007 987 1049 carnem
1019 992 1367 1048 substituere.
1391 991 1489 1046 Est
1522 1007 1653 1062 ergo
1691 992 1943 1047 violentia
1977 991 2136 1048 nimis

545 1093 600 1140 et
620 1094 808 1140 coacta
838 1085 1234 1156 interpretatio,
1265 1085 1560 1140 dictionum
1603 1085 1714 1154 jam
1738 1097 2136 1138 commemora-

549 1186 751 1242 tarum,
786 1177 829 1231 si
865 1174 1170 1231 referantur
1224 1177 1290 1230 ad
1339 1190 1561 1231 carnem
1609 1174 1755 1229 illam
1798 1173 2131 1230 Servatoris.

557 1271 618 1331 ᾖ(
648 1266 931 1334 Quomodo
971 1278 1152 1323 autem
1191 1276 1246 1323 et
1285 1266 1438 1332 illud,
1476 1265 1668 1321 (ienuit
1695 1281 1796 1332 me,
1830 1266 1895 1320 ad
1916 1281 2134 1321 carnem

550 1366 716 1429 queat
737 1358 1026 1427 adaptari?
1058 1373 1117 1415 se
1147 1367 1296 1414 certe
1325 1359 1564 1428 genitum
1591 1356 1823 1412 aﬂirmat
1859 1368 1986 1413 ante
2013 1357 2135 1412 l’on-

552 1460 656 1513 tes,
679 1456 806 1503 ante
827 1457 1057 1514 montes,
1090 1457 1218 1503 ante
1256 1463 1434 1502 omnes
1475 1447 1654 1514 colles,
1691 1447 1779 1502 tibi
1804 1447 1900 1511 ait,
1950 1443 2135 1504 Domi-

554 1557 652 1596 nus
683 1540 918 1594 condidit
955 1555 1035 1593 me
1062 1538 1379 1607 principium
1414 1539 1616 1591 uiarum
1642 1551 1858 1591 suarum
1881 1538 1950 1591 ad
1978 1553 2134 1606 Opera

551 1650 673 1698 sua,
726 1643 850 1687 ante
883 1631 1078 1686 ea'cula
1134 1629 1375 1710 [undavit
1417 1644 1518 1683 me.
1554 1629 1612 1684 Si
1641 1644 1769 1684 caro
1799 1629 1901 1684 ista
1931 1630 2135 1686 diceret

552 2649 710 2686 carne
730 2635 965 2703 gignitur
989 2651 1113 2688 caro
1145 2645 1216 2688 est
1237 2634 1319 2704 ‘7‘?
1339 2642 1394 2688 et
1418 2634 1705 2704 Apostolus
1735 2635 1944 2704 inquiat
1978 2653 1991 2690 :
2023 2633 2138 2688 Fa-

553 2735 665 2780 ctus
681 2727 745 2780 de
763 2727 996 2793 muliere,
1016 2727 1188 2796 factus
1205 2727 1300 2781 sub
1321 2726 1428 2797 lege
1441 2727 1510 2782 ⁸⁸.
1533 2727 1813 2795 Quomodo
1832 2728 1996 2798 igitur
2013 2743 2142 2784 caro

554 2819 621 2873 de
649 2816 757 2872 Deo
787 2819 1163 2873 universorum
1213 2819 1433 2883 dixerit,
1468 2819 1600 2873 Ante
1649 2834 1827 2873 omnes
1860 2818 2020 2873 colles
2056 2836 2142 2889 ge-

558 2914 671 2965 nuit
691 2927 771 2965 me
796 2911 819 2964 ?
845 2910 920 2965 lta
947 2911 1188 2966 arbitror
1217 2911 1508 2981 unicuique
1526 2912 1636 2981 jam
1661 2921 1958 2981 patescere,
1981 2926 2141 2980 quam

555 3015 799 3060 coactam
817 3005 930 3058 haec
943 3003 1228 3058 admittant
1243 3002 1761 3071 interpretationem.
1781 3003 1974 3059 Atsine
1990 3003 2140 3058 omni

556 3095 815 3150 violentia
833 3095 1031 3150 dixerit
1058 3094 1324 3165 quispiam
1345 3094 1399 3148 in
1433 3091 1632 3148 Filium
1651 3093 1766 3158 Dei,
1786 3104 1995 3149 semota
2015 3096 2146 3150 alle-

2244 2656 2262 2689 ι
2286 2639 2463 2710 σάρκα
2491 2639 2557 2708 ἦν
2599 2637 2887 2709 ἀνείληφεν
2917 2639 2946 2692 ό
2994 2637 3184 2705 Λόγος,
3221 2636 3354 2691 ἀλλὰ
3385 2637 3458 2708 μὴ
3487 2633 3651 2692 οὖσαν
3687 2639 3844 2690 Em:-

2241 2746 2318 2784 σε.
2349 2748 2366 2779 ι
2433 2731 2506 2783 Τὸ
2544 2731 2644 2801 μὲν
2705 2726 2798 2783 οὖν
2853 2728 3100 2784 ἐκτίσθαι
3132 2729 3396 2800 ἔγνωμεν,
3431 2730 3491 2783 τὸ
3521 2730 3574 2783 δὲ
3613 2731 3714 2784 καὶ
3747 2748 3845 2800 γε-

2238 2819 2530 2891 γεννῆσθαι
2553 2820 2721 2891 αὐτὴν
2749 2821 2852 2874 ὑπὸ
2888 2819 2978 2872 τοῦ
3014 2819 3148 2872 Θεοῦ
3178 2819 3294 2883 πῶς
3325 2821 3390 2874 ἂν
3419 2821 3714 2892 ἀποδοθείη
3742 2821 3842 2876 τοῦ

2242 2911 2492 2981 Σωτῆρος
2532 2912 2564 2981 ἡ
2575 2910 2690 2980 μῶν
2716 2910 2984 2979 λέγοντος,
3023 2910 3091 2963 Τὸ
3134 2909 3571 2979 γεγεννημένον
3611 2914 3678 2967 ἐκ
3727 2913 3843 2982 τῆς

2242 3000 2468 3068 σαρκὸς
2504 2999 2659 3069 σάρξ
2677 3001 2841 3063 ἐστι;
2877 2999 2972 3052 καὶ
3011 3000 3040 3050 ὁ
3070 2999 3386 3062 Ἀπόστολος
3415 3000 3473 3052 δέ
3492 3018 3624 3072 φησι
3651 3004 3841 3057 Γενὸ-

2241 3108 2426 3161 μενος
2447 3089 2580 3161 (97),
2612 3090 2680 3144 ἐκ
2717 3087 3024 3159 γυναικὸς,
3061 3089 3378 3158 γενόμενος
3430 3089 3548 3143 ὑπὸ
3589 3091 3696 3145 τοῦ
3733 3096 3841 3146 νό-

556 3186 740 3258 cnrica
761 3186 928 3255 ligura
944 3186 1044 3240 ista
1061 3199 1186 3239 vere
1200 3185 1508 3240 convenire.
1527 3181 1660 3237 Nam
1678 3192 1732 3238 et
1749 3193 1873 3240 ante
1890 3185 2138 3242 tellurem

2243 3200 2380 3252 μου.
2420 3181 2545 3245 Πῶς
2584 3178 2676 3236 οὖν
2707 3185 2739 3254 ἡ
2771 3179 2909 3252 σὰρξ
2958 3176 3110 3233 εἶπεν
3155 3180 3221 3234 ἂν
3265 3182 3517 3253 περὶτοῦ
3549 3181 3686 3236 Θεοῦ
3725 3185 3842 3238 τῶν

559 3277 906 3334 subsistebat.
939 3277 1088 3342 Erat,
1116 3285 1171 3332 et
1201 3285 1451 3346 prmerat,
1495 3276 1807 3347 priusquam
1847 3278 2128 3347 prodirent

565 3369 842 3425 naturales
866 3383 1127 3439 aquarum
1157 3370 1518 3440 scaturigines
1547 3387 1563 3438 ;
1593 3378 1718 3426 ante
1744 3371 1968 3442 abyssos
1991 3387 2141 3427 com-

561 3471 921 3527 memoratas;
950 3462 1264 3532 priusquam
1295 3471 1452 3517 terra:
1493 3462 1659 3530 figura
1699 3471 1844 3517 esset
1874 3463 2142 3532 ordinata,

560 3569 657 3623 per
688 3552 949 3607 montium
984 3561 1038 3608 et
1068 3552 1286 3608 collium
1315 3553 1681 3608 surrectiones
1715 3570 1730 3608 :
1764 3551 1959 3608 Omnia
2003 3554 2142 3608 enim

559 3663 651 3718 per
679 3648 847 3716 ipsum
877 3645 1019 3714 facta
1047 3653 1192 3711 sunt,
1215 3655 1264 3700 et
1303 3646 1415 3700 sine
1444 3647 1556 3714 ipso
1587 3645 1786 3714 factum
1820 3655 1894 3700 est
1923 3645 2052 3700 nihil
2072 3648 2140 3701 δ’.

559 3737 630 3792 At
676 3738 720 3794 si
754 3737 1022 3807 quispiam
1061 3737 1150 3791 hic
1193 3735 1511 3805 interroget,
1555 3749 1654 3790 cur
1690 3749 1752 3790 se
1799 3750 1905 3790 non
1945 3736 2145 3792 dixerit

561 3831 947 3898 pratexstltisse
972 3838 1096 3884 ante
1127 3828 1314 3892 cmlos,
1348 3837 1403 3882 et
1427 3836 1552 3882 ante
1573 3842 1636 3882 ea
1660 3842 1780 3898 quae
1810 3829 2012 3884 suntin
2034 3843 2143 3884 cae-

562 3920 654 3986 lis,
679 3930 772 3975 aut
801 3935 922 3990 quae
945 3936 1108 3990 supra
1132 3930 1296 3985 sunt;
1323 3928 1449 3974 ante
1476 3919 1687 3975 divinas
1733 3927 1788 3975 et
1821 3933 2144 3990 supermun-

561 4015 734 4068 danas
783 4021 1078 4082 potestates
1122 4021 1180 4068 et
1225 4011 1492 4082 spiritus:
1529 4011 1739 4066 dicetur
1785 4012 1924 4080 quod
1951 4025 2141 4067 eorum

563 4121 670 4162 non
725 4105 970 4158 meminit
1021 4104 1321 4173 Scriptura,
1387 4115 1671 4173 propterea
1701 4104 1844 4174 quod
1890 4118 1989 4174 per
2025 4103 2143 4161 hmo

563 4196 874 4258 Proverbia,
933 4194 1241 4266 paedagogia
1301 4194 1546 4264 quaedam
1600 4196 1785 4250 animo
1847 4195 2143 4252 infantibus

561 4287 990 4360 protendebatur
1019 4303 1035 4340 :
1059 4285 1203 4356 quod
1231 4286 1365 4342 satis
1395 4294 1566 4356 patet,
1587 4301 1709 4341 cum
1737 4287 1949 4342 dicatur
1976 4287 2142 4344 inter-

562 4382 711 4447 dum,
736 4380 978 4445 Attende,
1011 4379 1116 4448 ﬁli,
1148 4379 1216 4432 ad
1258 4379 1654 4433 instructionem
1689 4379 1856 4449 patrie
1882 4380 1980 4445 tui,
2003 4390 2051 4434 et
2079 4396 2142 4435 ne

563 4472 774 4543 rejicias
796 4471 931 4542 leges
962 4472 1144 4526 matris
1173 4480 1275 4525 ture
1291 4469 1339 4502 ⁸ο
1369 4487 1384 4523 :
1419 4469 1728 4538 aliquando,
1772 4467 1905 4534 Fili,
1933 4471 2142 4524 adverte

2249 3275 2383 3330 ὅλων
2411 3274 2494 3337 τὸ,
2520 3274 2640 3344 Πρὸ
2670 3273 2739 3327 δὲ
2775 3274 3016 3327 πάντων
3045 3271 3294 3338 βουνῶν
3321 3273 3503 3342 γεννᾷ
3525 3293 3601 3344 με
3624 3291 3644 3338 ;
3689 3279 3842 3332 Ταῦ-

2249 3391 2316 3428 τα
2352 3372 2449 3444 μὲν
2475 3367 2568 3425 οῦν
2613 3372 2688 3437 ὡς
2725 3371 3092 3443 βεϐιασμένην
3137 3371 3250 3442 ἔχει
3283 3371 3382 3442 τὴν
3412 3371 3709 3442 ἑρμηνείαν
3755 3367 3840 3424 οἷ·-

2253 3481 2349 3535 μαι
2384 3464 2545 3516 παντί
2570 3479 2649 3534 τῳ
2699 3461 3011 3531 καταφανὲς
3060 3457 3218 3517 εἶναι.
3264 3460 3561 3524 Ἀὅιάστως
3590 3461 3634 3513 δ’
3667 3461 3738 3514 ἂν
3774 3461 3845 3515 εἷο

2249 3573 2339 3610 ποι
2371 3556 2481 3628 (98)
2528 3573 2612 3619 τις
2636 3555 2728 3608 τὸν
2756 3555 2885 3608 Υίὸν
2915 3553 3009 3606 τοῦ
3045 3551 3204 3617 Θεοῦ,
3247 3555 3338 3606 καὶ
3367 3553 3488 3624 δίχα
3519 3553 3721 3616 παντὸς
3747 3556 3843 3608 ἆλ-

2248 3647 2537 3721 ληγορικοῦ
2565 3647 2786 3719 τρόπου,
2813 3645 2982 3702 ταῦτα
3013 3644 3389 3716 ἐπαληθεύειν,
3434 3646 3556 3699 ἐπεὶ
3600 3646 3696 3709 καὶ
3739 3647 3844 3716 τῆς

2249 3741 2351 3812 γῆς
2380 3740 2752 3812 προῦπῆρχεν,
2778 3736 2847 3811 ἦν
2873 3755 2933 3791 τε
2963 3738 3057 3792 καὶ
3089 3738 3264 3810 προῆν
3292 3737 3400 3810 πρὸ
3425 3737 3516 3791 τοῦ
3552 3736 3844 3808 προελθεῖν

2248 3831 2348 3895 τὰς
2373 3829 2688 3901 σωματικὰς
2723 3827 2906 3899 πηγὰς
2931 3827 3041 3882 τῶν
3065 3828 3292 3895 ὑδάτων,
3321 3829 3416 3882 καὶ
3443 3828 3547 3900 πρὸ
3577 3827 3687 3881 τῶν
3723 3828 3841 3901 (99)

2248 3920 2522 3991 αἰσθητῶς
2551 3921 2861 3992 λεγομένων
2915 3919 3189 3984 ἀϐύσσων,
3232 3922 3326 3974 καὶ
3369 3921 3474 3992 πρὸ
3517 3915 3608 3972 τοῦ
3641 3921 3843 3992 συστῆ-

2247 4031 2334 4067 ναι
2361 4009 2427 4068 αὖ
2456 4013 2517 4066 τὸ
2545 4013 2644 4083 τῆς
2687 4011 2792 4082 γῆς
2823 4011 3009 4082 σχῆμα
3048 4012 3106 4064 ὲν
3137 4013 3248 4074 τοῖς
3287 4011 3395 4064 τῶν
3436 4009 3578 4082 ὀρῶν
3603 4009 3698 4062 καὶ
3727 4011 3843 4063 τῶν

2250 4104 2453 4176 βουνῶν
2478 4105 2825 4175 ἀναστήμασι
2843 4121 2856 4134 ο
2891 4102 3093 4157 Πάντα
3119 4104 3230 4173 γὰρ
3253 4102 3328 4156 δι’
3357 4103 3545 4156 αὑτοῦ
3571 4101 3838 4171 ἐγένετο,

2249 4196 2346 4250 καὶ
2381 4196 2558 4266 χωρὶς
2595 4195 2781 4250 αὑτοῦ
2807 4195 3042 4265 ἐγένετο
3079 4193 3222 4249 οὐδὲ
3254 4194 3342 4249 ἐν.
3385 4196 3446 4250 El
3471 4194 3514 4247 δ’
3541 4195 3840 4266 ἐρωτήσειέ

2246 4304 2351 4351 τις,
2376 4286 2463 4340 διὰ
2483 4286 2535 4340 τί
2568 4285 2642 4358 μὴ
2669 4285 2772 4357 πρὸ
2791 4285 2899 4338 τῶν
2934 4284 3203 4358 οὐρανῶν,
3239 4285 3373 4357 μηδὲ
3399 4285 3503 4357 πρὸ
3527 4283 3636 4338 τῶν
3660 4287 3718 4337 ὲν
3741 4286 3838 4338 oi;-

2254 4389 2453 4459 ρανοῖς,
2493 4385 2666 4457 ἡτῶν
2706 4385 2783 4457 (1)
2827 4386 3084 4442 ἐπέκεινα
3110 4387 3269 4441 θείων
3309 4389 3401 4440 καὶ
3446 4385 3840 4457 ὑπερκοσμίων

2245 4483 2526 4555 δυνάμεὼν
2551 4502 2612 4538 τε
2645 4487 2737 4540 καὶ
2770 4487 3116 4558 πνευμάτων,
3165 4485 3353 4540 ἑαυτὸν
3387 4482 3521 4540 εἶναι
3567 4485 3837 4541 ὲδίδασκε’

561 4565 796 4620 animum
841 4563 909 4616 ad
947 4562 1082 4633 leges
1108 4577 1272 4626 meae,
1299 4570 1346 4615 et
1374 4576 1556 4614 aurem
1597 4560 1935 4615 accommoda
1973 4561 2139 4617 verbis

2245 4591 2518 4658 λελέξεται
2550 4591 2719 4664 αὐτῷ,
2755 4592 2836 4646 ὃτι
2864 4593 3067 4647 τούτων
3103 4593 3238 4656 τέως
3262 4593 3661 4664 ἐμνημόνευσεν
3690 4593 3720 4645 ὁ
3745 4591 3839 4646 10'-

561 4658 688 4712 rneie
705 4656 773 4709 ⁵¹.
809 4654 878 4710 Ει
907 4655 1123 4715 iterum.
1154 4651 1290 4720 Fili,
1315 4668 1378 4707 ne
1403 4662 1705 4706 contemnas
1739 4652 2136 4706 instructionem

561 4749 796 4816 Domini,
837 4757 887 4803 et
916 4764 1033 4801 cum
1053 4749 1117 4802 ab
1147 4745 1238 4800 illo
1264 4745 1569 4814 increperia,
1613 4759 1676 4798 ne
1699 4743 1914 4810 deﬁcias
1943 4745 1990 4777 δ’
2016 4764 2028 4799 :
2061 4754 2135 4810 et,

567 4837 696 4901 Fili,
728 4839 772 4891 si
801 4837 896 4892 tibi
929 4839 1121 4908 probus
1154 4835 1542 4907 fueris,probus
1576 4835 1754 4888 itidem
1787 4834 1888 4889 eris
1925 4846 1974 4890 et
2006 4835 2138 4889 vici-

563 4931 664 4983 nis.
685 4929 837 4995 Quod
857 4932 904 4984 si
935 4929 1199 4997 improbus
1230 4929 1444 4992 evadas,
1464 4937 1573 4980 tum
1602 4926 1744 4981 solus
1773 4935 1910 4980 certe
1938 4925 2140 4981 exhau-

563 5017 666 5070 ria
691 5015 830 5068 mala
851 5017 940 5070 ⁸⁸⁸.
972 5016 1254 5070 Innumero
1282 5013 1367 5068 his
1389 5013 1608 5076 similia,
1631 5012 1697 5068 de
1716 5011 2132 5068 Proverbiorum

2246 4714 2364 4766 γος,
2389 4696 2608 4770 ιὲπειδὴ
2657 4697 3031 4768 παιδαγωγίαν
3067 4696 3191 4751 τινὰ
3234 4696 3322 4750 διὰ
3369 4696 3475 4750 τῶν
3519 4697 3838 4770 Παροιμιῶν

2247 4805 2358 4869 τοῖς
2382 4803 2481 4868 τὰς
2508 4804 2686 4875 ψυχὰς
2721 4805 2936 4876 νηπίοις
2962 4803 3267 4876 παρεδίδου.
3307 4806 3372 4857 ’0
3405 4805 3497 4858 καὶ
3527 4803 3687 4874 δῆλον
3706 4817 3836 4873 τυτ-

2244 4909 2396 4980 χάνει
2445 4913 2508 4964 ὲκ
2531 4909 2624 4964 τοῦ
2666 4927 2797 4964 ποτε
2839 4910 3112 4980 λέγεσθαι,
3137 4911 3364 4978 Ἄκουε,
3398 4909 3510 4975 υἱὲ,
3562 4910 3837 4964 παιδείαν

2247 5018 2471 5086 πατρός
2500 5032 2640 5084 σου,
2673 5017 2770 5071 καὶ
2797 5016 2884 5086 μὴ
2943 5015 3157 5084 ἀπώσῃ
3197 5015 3459 5085 θεσμοὺς
3497 5014 3571 5084 (2)
3611 5016 3836 5083 μητρός

638 5189 698 5248 14
732 5183 831 5238 Ed.
862 5181 1056 5247 Paris.,
1093 5195 1215 5252 pag.
1248 5180 1368 5236 161.
1459 5180 1502 5212 ⁵⁷
1526 5179 1680 5252 δίοεη.
1710 5197 1790 5246 ιιι,
1821 5181 1876 5236 6.
1965 5183 2010 5214 δ’
2031 5181 2139 5238 Gal

2243 5220 2255 5249 ,
2286 5178 2341 5234 4.
2430 5179 2476 5212 δ’
2508 5178 2663 5234 Joan.
2694 5195 2734 5244 ι,
2755 5179 2810 5233 5.
2887 5177 2931 5210 '°
2953 5176 3112 5234 Prov.
3146 5192 3184 5243 ι,
3216 5177 3268 5232 8.
3344 5177 3389 5209 "
3422 5175 3583 5231 Prov.
3615 5190 3688 5238 tv,
3721 5174 3813 5229 20.

562 5256 607 5287 ⁵³
637 5254 800 5309 Prov.
827 5269 912 5318 ιιι,
940 5255 1028 5308 11.
1096 5251 1181 5284 ⁷⁸³·
1203 5252 1359 5307 Prov.
1396 5267 1471 5317 ix,
1508 5251 1593 5307 12.

633 5346 746 5416 (95)
779 5343 954 5416 Vulgo
982 5344 1082 5416 μὲν
1119 5345 1305 5416 μηδὲν.

632 5413 749 5483 (94)
783 5413 958 5483 Vulgo
984 5413 1261 5469 εὺσεδεῖα.

633 5483 747 5558 (95)
787 5483 1216 5559 Τεᾼειωθεντας
1276 5485 1405 5559 ὅρη.
1445 5484 1587 5559 Lege
1647 5489 1743 5541 καὶ
1800 5487 2003 5559 πηγὰς,
2053 5487 2148 5559 καὶ

558 5554 818 5632 δρψ-ω
870 5554 1111 5632 βουνούς.
1151 5554 1348 5632 Statim
1375 5554 1410 5612 ι
1458 5554 1577 5627 lege
1619 5559 1728 5632 πρὸ
1779 5554 1998 5612 πάντων
2037 5557 2149 5613 τῶν

564 5625 1176 5701 βουνῷν-γεγεννῆσθαιι.
1207 5626 1280 5701 Μ.

635 5680 759 5772 (se)
779 5680 947 5770 vn'go
993 5680 1155 5752 ἀλλὰ
1179 5767 1192 5772 _
1212 5696 1339 5772 πῶς
1364 5697 1584 5772 ςιύᾼτήις.
1627 5697 1791 5769 Lego,
1834 5697 2005 5772 Ἀλλά
2033 5699 2150 5772 πῶς

565 5767 739 5840 αὐτή,’
776 5767 969 5840 nempe
993 5782 1142 5840 caro,
1167 5767 1275 5840 uno
1297 5768 1391 5823 τοῦ
1429 5769 1563 5840 Θεοῦ
1615 5767 1750 5839 φησι
1782 5768 2141 5838 γεγεννῆσθαι

569 5839 737 5910 αὑτήν
775 5839 915 5910 (lino
937 5849 988 5894 et
1021 5839 1217 5910 ἑαυτήν
1234 5854 1353 5893 cum
1381 5839 1560 5910 codd.)
1587 5840 1657 5893 Μ.

651 5907 763 5982 (07)
795 5908 966 5980 Vulgo
991 5907 1346 5982 γεννώμενος,
1394 5921 1446 5968 et
1479 5907 1600 5969 mOx
1632 5910 1736 5982 πρὸ
1764 5909 1977 5966 πάντων
2011 5909 2059 5978 β.
2093 5920 2144 5965 et

2251 5362 2394 5400 παντ
2403 5363 2420 5396 ι
2455 5359 2530 5400 τω
2538 5381 2551 5394 .

2471 5395 2571 5483 Ίθίςλ
2601 5408 2707 5463 τὸν
2745 5404 3092 5483 Tlo'tf._Ess_et
3122 5421 3227 5469 τις,
3257 5405 3339 5483 εἰς
3364 5404 3454 5457 τὸν
3490 5403 3636 5456 Υῑόν,
3676 5403 3746 5456 Μ,

2323 5472 2437 5555 (99)
2478 5472 2647 5555 V'ti‘lgp
2681 5473 3096 5555 oni..aicllq'c€_ic;
3134 5485 3200 5555 et_
3227 5472 3318 5555 αῦ.

2323 5543 2510 5626 (υἪ
2555 5543 2675 5626 τῶν
2702 5543 3006 5603 ὑπέκεινά.
3044 5545 3155 5599 lino
3184 5546 3440 5626 ἐπέκεινα
3488 5543 3590 5626 [sic
3620 5543 3825 5626 eodm),

2254 5614 2706 5696 de‘p’otestatibns
2757 5632 2878 5688 qua:
2925 5629 3142 5672 sursum
3187 5628 3347 5673 erant
3374 5614 3634 5688 loquitur.
3669 5614 3828 5669 Il.—

2255 5692 2376 5752 Μοὶ
2403 5695 2560 5764 vulgo
2585 5692 2818 5764 λέξεται.

2319 5768 2395 5837 (Ξ)
2432 5754 2772 5837 νιῖΙκοῇῆς]
2812 5783 2867 5834 μ.
2922 5773 2978 5818 et
3027 5778 3151 5817 mox
3184 5758 3331 5837 νοῦν,
3387 5758 3477 5812 καὶ
3523 5754 3704 5819 πάλιν,
3734 5769 3825 5825 pro

2251 5831 2363 5907 οὖς,
2402 5838 2494 5892 καί
2524 5831 2775 5903 αὖθῐς,ὀί
2800 5831 2994 5908 γέννης
3028 5849 3124 5904 pro
3160 5831 3310 5904 γένη.
