4158 6390
29 4480 78 4527 53’

29 4569 77 4621 επ

29 4673 71 4725 θέα

29 4796 67 4851 φ.

30 4900 67 4939 if

29 5000 65 5053 li

29 5114 63 5169 πμ

393 393 501 454 993
1368 387 1459 445 DE
1498 386 1978 445 ECCLESIASTIC

2078 388 2464 450 THEOLOGIA
2501 387 2628 447 LIB.
2669 388 2758 446 Ill.
2948 388 2953 399 ’
3564 390 3671 449 θοι

392 525 531 567 σουθ
564 509 697 565 ποτὲ
727 505 808 574 δὲ,
851 506 966 574 Υίὲ,
999 504 1164 577 ἐμοῖς
1193 505 1401 577 νόμοις
1433 506 1715 577 πρόσεχε,
1760 504 1885 572 τοῖς
1913 505 1978 560 δὲ

2085 507 2222 564 libro
2242 523 2340 578 per
2359 508 2594 579 seipsum
2638 508 2762 578 quis
2798 504 3078 578 collegerit
3105 507 3321 579 negotio
3340 506 3513 574 nullo,
3547 511 3672 581 qui-

391 601 557 676 ἐμοῖς
581 602 817 674 ῥήμασι
847 599 1194 671 παράϐαλλε
1225 600 1343 654 σὸν
1372 594 1502 665 οὖς’
1533 600 1630 653 καὶ
1649 596 1828 663 αὖθις,
1864 598 1980 661 Υἱὲ,

388 696 476 765 μὴ
504 693 771 766 ὀλιγώρει
801 692 1074 760 παιδείας
1098 692 1342 761 Κυρίου,
1375 692 1475 747 καὶ
1508 690 1597 762 μὴ
1623 692 1849 748 ἐκλύου
1877 690 1981 747 ὑπ’

393 788 581 844 αὑτοῦ
598 788 998 857 ἐλεγχόμενος
1011 803 1024 817 ·
1054 786 1169 848 καὶ,
1207 784 1320 850 Υἱὲ,
1345 784 1456 840 ἐὰν
1470 783 1672 851 καλῶς
1693 783 1838 856 γένῃ
1855 784 2003 851 ἐαυο,

320 899 325 903 '
394 881 497 948 τῷ,
542 880 732 947 καλὸς
759 879 876 948 ἔσῃ
906 880 1004 933 καὶ
1045 878 1173 945 τοῖς
1202 879 1502 947 πλησίον·
1543 877 1653 933 ἐὰν
1681 876 1753 930 δὲ
1795 876 1985 943 κακός

393 972 650 1043 ἀποϐῇς,
677 973 866 1043 μόνος
903 970 1229 1038 omnem
1256 971 1331 1026 τὰ
1363 968 1521 1024 κακά
1554 970 1653 1053 (2⁷))ἶ
1700 969 1886 1043 Μυρία
1923 969 1982 1023 δὲ

393 1068 463 1122 ἂν
484 1068 579 1121 καὶ
604 1065 765 1130 αὐτὸς
795 1064 1006 1129 τούτοις
1041 1065 1225 1136 ὅμοια,
1252 1063 1374 1119 καθ’
1398 1064 1591 1118 ἑαυτὸν
1628 1062 1737 1117 άπὸ
1764 1061 1868 1132 τῆς
1895 1060 1980 1132 βί-

392 1155 519 1211 ϐλου
544 1154 655 1210 τῶν
691 1154 1008 1229 Παροιμιῶν
1039 1152 1296 1225 άναλέξῃ,
1329 1152 1395 1206 δι’
1420 1146 1496 1208 ὧν
1527 1154 1557 1205 ό
1592 1153 1766 1221 Λόγος
1794 1151 1982 1222 φαίνε-

388 1263 482 1300 ται
511 1246 725 1317 νηπίοις
754 1245 855 1309 τὰς
884 1244 1065 1317 ψυχὰς
1104 1243 1646 1315 προσδιαλεγόμενος.
1694 1241 1853 1297 Οῦτω
1885 1243 1981 1297 καὶ

382 1339 595 1412 Μωσῆς
621 1339 969 1409 παιδαγωγὸς
992 1337 1100 1392 τῶν
1125 1335 1329 1392 ἀτελῶν
1357 1335 1456 1400 τὰς
1484 1335 1559 1407 (4)
1584 1336 1787 1409 φρένας
1814 1337 1983 1410 ὑπάρ-

389 1449 521 1504 χων,
547 1429 778 1500 οὐρανοῦ
827 1431 924 1485 καὶ
951 1431 1057 1501 γῆς
1088 1429 1183 1485 καὶ
1210 1428 1312 1499 τῆς
1333 1427 1445 1482 τῶν
1470 1427 1679 1500 ὁρατῶν
1717 1428 1981 1501 δημιουρ-

386 1529 510 1598 γίας
552 1528 956 1599 ἐμνημόνευσεν
977 1542 991 1556 ·
1043 1526 1106 1579 οῦ
1160 1522 1268 1596 μὴν
1306 1523 1401 1578 καὶ
1439 1523 1671 1588 κτίσεως
1707 1524 1976 1594 ἀγγέλων,

386 1622 512 1677 οὐδὲ
540 1621 699 1676 θείων
726 1620 1007 1693 δυνάμεων
1027 1658 1044 1685 ,
1081 1619 1202 1673 οὐδὲ
1229 1617 1555 1689 πνευμάτων
1578 1616 1770 1686 ἁγίων,
1789 1617 1870 1689 τῷ
1902 1617 1979 1690 μὴ

389 1715 708 1787 χωρεῖν-πω
749 1710 848 1783 τὴν
890 1711 1093 1766 τούτων
1130 1708 1480 1767 διδασκαλίαν
1521 1710 1648 1773 τοὺς
1686 1709 1839 1780 αὐτῷ
1874 1727 1981 1781 μα·-

388 1804 801 1877 θητευομένους.
834 1803 1074 1867 Εἰκότως
1099 1802 1389 1874 τοιγαροῦν
1417 1801 1510 1855 καὶ
1528 1802 1557 1854 ό
1592 1803 1650 1855 ὲν
1673 1804 1795 1866 ταῖς
1824 1803 1976 1875 Παρ‹

2087 598 2189 654 bus
2216 599 2344 654 illud
2370 599 2539 671 liquet
2562 598 2796 655 Verbum
2822 596 2896 654 ibi
2928 613 3211 655 sermones
3235 599 3517 655 instituere
3542 616 3666 656 cum

2083 690 2265 747 animo
2284 691 2573 748 admodum
2597 691 2803 762 pueris.
2831 696 2891 755 »14
2922 690 3005 747 Ad
3033 692 3197 747 istum
3226 695 3443 748 modum
3471 702 3528 749 et
3556 692 3671 748 Mo-

2085 799 2174 839 ses
2227 782 2665 853 imperiectorum
2718 786 3015 842 secundum
3070 783 3281 840 animos
3346 784 3671 855 padagogus

2083 887 2204 928 cum
2235 883 2401 940 esset,
2432 876 2554 931 cali
2585 885 2640 931 ct
2672 885 2855 942 terras,
2879 887 2936 932 et
2966 877 3262 932 visibilium
3295 877 3672 932 commeminit

2082 964 2425 1022 conditurae:
2460 982 2569 1023 non
2615 978 2796 1024 autem
2850 967 3146 1024 ereationis
3189 969 3527 1038 angelorum,
3568 985 3671 1025 nec

2083 1060 2388 1116 divinarum
2432 1068 2927 1130 potestatum,nee
2984 1070 3300 1116 sanctorum
3351 1062 3666 1132 spirituum,
3704 1082 3712 1089 α

2081 1167 2148 1210 eo
2197 1153 2341 1224 quod
2386 1168 2492 1209 non
2530 1162 2751 1223 possent
2779 1167 2974 1223 capere
3003 1153 3306 1210 doctrinam
3359 1155 3517 1209 istam
3566 1155 3664 1219 illi,

2081 1246 2175 1316 qui
2205 1246 2261 1302 in
2294 1244 2638 1315 disciplinam
2687 1246 2737 1300 ei
2760 1246 3156 1314 :tradebantur.
3213 1246 3290 1301 ιιι
3324 1261 3424 1303 nec
3471 1247 3665 1319 injuria

2082 1336 2341 1402 Verbum,
2374 1335 2501 1391 dum
2553 1333 2790 1404 loquitur
2832 1335 2921 1392 hic
2948 1336 3000 1391 in
3022 1335 3354 1404 Proverbiis,
3378 1337 3448 1392 ad
3490 1338 3670 1394 istius-

2081 1430 2227 1487 modi
2252 1428 2527 1485 auditores
2549 1428 2851 1488 doctrinam
2876 1444 3054 1496 suam,
3077 1445 3108 1484 a
3133 1430 3364 1485 terrenis
3390 1430 3668 1486 montibus

2081 1522 2332 1588 deducat,
2362 1536 2391 1574 a
2418 1519 2649 1575 collibus
2680 1527 2738 1575 et
2771 1534 3035 1589 aquarum
3066 1521 3526 1592 scaturiginibus;
3573 1533 3662 1578 ut-

2080 1625 2207 1684 pote
2238 1628 2268 1668 a
2296 1613 2465 1684 magis
2494 1613 2725 1683 cognitis
2760 1630 2774 1667 :
2806 1622 2970 1682 atque
2991 1614 3061 1669 ita
3091 1630 3320 1671 exorsus
3349 1618 3417 1672 ab
3439 1616 3667 1673 inferius

2079 1708 2292 1777 positis,
2316 1706 2688 1761 informandus
2706 1706 2860 1776 quasi
2888 1721 3049 1761 manu
3083 1708 3315 1764 deducat
3342 1710 3408 1765 ad
3433 1710 3665 1767 eximio-

2082 1814 2140 1854 ra
2180 1816 2194 1853 :
2222 1808 2279 1855 et
2300 1813 2331 1852 a
2359 1798 2740 1855 minutioribus
2775 1800 2854 1853 sic
2880 1798 2948 1852 ad
2972 1798 3142 1869 magis
3167 1798 3344 1854 divina
3376 1810 3666 1857 transcen-

387 1897 591 1969 οιμίαις
617 1896 810 1966 Λόγος,
839 1895 915 1960 ὡς
946 1895 1210 1959 τοιούτοις
1246 1894 1357 1948 ἀπὸ
1415 1892 1523 1948 τῶν
1553 1894 1684 1965 περὶ
1707 1894 1810 1965 γῆν
1831 1894 1978 1967 ὀρῶν

2080 1888 2211 1944 dere
2241 1887 2365 1945 illos
2404 1887 2587 1945 iaciat.
2626 1886 2752 1943 llaec
2782 1889 2855 1944 ita
2881 1900 3020 1953 esto,
3070 1890 3116 1944 si
3161 1904 3269 1945 oon
3310 1890 3450 1947 ultra
3500 1907 3665 1949 voces

385 2004 447 2043 τε
475 1989 569 2044 καὶ
602 1986 830 2059 βουνῶν,
886 1988 981 2042 καὶ
1019 1986 1233 2059 πηγῶν,
1266 1984 1343 2051 ὡς
1379 1985 1490 2040 άπὸ
1539 1986 1977 2060 γνωριμωτέρων

384 2079 483 2152 τὴν
509 2079 859 2135 διδασκαλίαν
902 2080 1167 2133 εποιεῖτοο
1212 2078 1289 2142 ὡς
1336 2077 1398 2144 ἐξ
1463 2077 1780 2149 ὑποϐάθρας
1809 2078 1979 2152 ἀρξά-

389 2190 551 2245 μενος
585 2173 679 2226 ἐπὶ
705 2173 776 2227 τὰ
814 2172 1049 2245 κρείττω
1079 2172 1512 2244 χειραγωγήσειε
1549 2170 1678 2234 τοὺς
1701 2171 1978 2242 παιδαγω-

385 2269 707 2342 γουμένους,
735 2270 847 2324 ἀπό
874 2286 933 2324 τε
967 2269 1077 2323 τῶν
1103 2267 1478 2341 σμικροτέρων
1518 2268 1611 2322 ἐπὶ
1640 2268 1710 2324 τὰ
1733 2268 1980 2340 θειότερα

383 2358 682 2416 διαϐαίνειν
721 2359 1183 2433 παρασκευάσειε.
1221 2357 1407 2412 Ταῦτα
1436 2359 1537 2429 μὲν
1572 2354 1689 2424 οὖν,
1734 2361 1784 2413 εἰ
1813 2360 1980 2432 μηδέν

382 2468 469 2518 τις
493 2453 642 2525 πέρα
679 2451 779 2523 τῆς
809 2450 1007 2518 λέξεως
1041 2450 1490 2523 περιεργάζοιτω
1518 2451 1566 2505 εί
1600 2450 1658 2505 δὲ
1683 2450 1979 2524 βαθύτερόν

386 2563 473 2612 τις
492 2547 586 2599 καὶ
607 2545 783 2600 ταῦτα
818 2547 959 2599 νοεῖν
997 2542 1193 2609 ἐθέλοι,
1226 2544 1288 2597 οὑ
1332 2543 1535 2616 μᾶλλον
1563 2545 1655 2599 ἐπὶ
1683 2547 1811 2610 τοὺς
1838 2547 1977 2599 άποο

388 2636 631 2703 στόλους,
670 2637 704 2709 ἢ
733 2636 827 2690 επὶ
847 2636 1057 2700 πάντας
1102 2638 1232 2701 τοὺς
1277 2634 1500 2689 πώποτε
1537 2636 1862 2707 γενομένους
1896 2636 1977 2689 δι-

386 2725 577 2788 καίους
603 2726 699 2779 καὶ
743 2724 1009 2795 θεοφιλεῖς
1040 2723 1243 2796 ἄνδρας
1279 2724 1421 2780 αὐτὰ
1446 2724 1743 2791 ἐκδέξεται,
1789 2724 1976 2798 διαδή-

385 2835 539 2875 σεται
560 2818 617 2873 δὲ
636 2818 849 2874 ἐνθένδε
879 2819 974 2875 καὶ
1014 2820 1108 2873 ἐπὶ
1133 2819 1236 2884 τὰς
1265 2819 1419 2884 Θείας
1446 2820 1541 2874 καὶ
1564 2817 1862 2889 ἀγγελικάς
1884 2820 1978 2873 δυ-

382 2912 597 2982 νάμεις,
647 2910 748 2984 ὅρη
796 2910 969 2980 λέγων
992 2913 1089 2966 καὶ
1118 2910 1341 2983 βουνοὺς
1371 2911 1704 2967 αἰνίττεσθαι
1728 2912 1976 2987 ἀγγέλων

382 3004 478 3059 καὶ
513 3003 869 3075 άρχαγγέλων
926 3004 1021 3059 καὶ
1074 3006 1405 3077 πνευμάτων
1467 3004 1631 3060 θείων
1686 3004 1975 3078 διαφορὰς,

381 3096 606 3169 θρόνους
635 3114 696 3152 τε
726 3099 820 3152 καὶ
851 3099 1176 3170 κυριότητας
1213 3099 1309 3153 καὶ
1358 3098 1536 3173 ἀρχὰς
1569 3099 1664 3154 καὶ
1703 3098 1972 3167 ἐξουσίας,

2079 1982 2202 2052 quis
2231 1981 2498 2037 curiosius
2549 1980 2810 2050 inquirat.
2852 1980 3006 2049 Quod
3030 1981 3074 2035 si
3104 1983 3226 2051 quis
3256 1982 3663 2051 profundiorem

2078 2073 2267 2132 barum
2303 2089 2485 2133 rerum
2522 2073 2932 2145 intelligentiam
2967 2076 3248 2146 percipere
3300 2076 3451 2141 velit,
3513 2085 3667 2132 certe

2079 2181 2185 2222 non
2212 2167 2385 2237 magis
2412 2181 2476 2223 ea
2500 2166 2567 2223 ad
2588 2165 2862 2237 apostolos
2885 2181 3047 2237 quam
3078 2167 3300 2237 quosvis
3316 2167 3492 2236 justas
3508 2179 3566 2224 et
3585 2170 3668 2225 di-

2078 2258 2253 2315 lectos
2279 2258 2392 2316 Deo
2437 2257 2682 2314 retulerit
2714 2276 2730 2313 :
2765 2268 2821 2314 et
2868 2258 2941 2313 ita
2975 2261 3373 2315 transcenderit
3416 2261 3543 2317 inde
3596 2262 3663 2317 ad

2080 2352 2292 2408 divinas
2317 2360 2376 2408 et
2401 2351 2677 2423 angelicas
2701 2360 2998 2421 potestates
3030 2367 3044 2404 :
3081 2367 3179 2423 per
3221 2362 3434 2408 montes
3465 2361 3522 2408 et
3548 2353 3666 2409 col-

2078 2438 2161 2495 les
2184 2438 2454 2511 designari
2478 2439 2786 2511 intelligens
2811 2440 3123 2510 angelorum
3146 2450 3202 2498 et
3216 2442 3664 2514 archangelorum

2078 2538 2135 2585 et
2162 2529 2466 2586 divinorum
2493 2531 2780 2603 spirituum
2812 2531 3168 2598 dill‘erentias,
3213 2535 3459 2600 thronos,
3492 2536 3667 2590 domi-

2079 2620 2350 2689 nationes,
2401 2624 2763 2694 principatus,
2819 2635 3139 2695 potestates.
3189 2625 3309 2683 Jam
3357 2642 3489 2684 vero
3522 2630 3666 2698 quod

2078 2716 2181 2770 ista
2210 2716 2392 2777 omnia
2438 2733 2535 2788 per
2565 2717 2740 2788 illum,
2758 2728 2825 2774 'ct
2843 2722 2912 2774 ad
2938 2719 3087 2775 illum
3114 2729 3296 2776 creata
3331 2720 3534 2775 iuerint
3560 2737 3577 2776 :
3610 2729 3669 2777 et

2078 2808 2220 2876 quod
2249 2818 2377 2862 ante
2405 2810 2506 2864 ista
2530 2810 2741 2875 omnia,
2774 2811 2891 2881 ipse
2918 2810 3276 2878 subsistebat,
3316 2812 3534 2868 divinus
3570 2813 3668 2869 do-

2077 2911 2164 2959 cet
2183 2902 2496 2972 Apostolus,
2526 2901 2841 2973 inspiratus,
2874 2912 2932 2957 ut
2957 2917 3057 2972 par
3087 2904 3436 2970 estcredere,
3467 2905 3667 2962 divini--

2080 3002 2186 3059 tus;
2218 3009 2340 3049 cum
2370 2993 2423 3048 in
2449 3009 2679 3064 persona
2719 2993 2842 3050 Filii
2872 2993 2967 3049 Dei
2993 2995 3108 3050 hac
3136 3005 3449 3066 usurparet,
3475 2994 3668 3053 Prius.

2074 3101 2233 3156 quam
2262 3095 2462 3161 utentes
2495 3087 2875 3157 funderentur,
2917 3097 3040 3143 ante
3084 3104 3264 3145 omnes
3296 3089 3455 3144 colles
3488 3092 3668 3161 genuit

378 3190 465 3245 δτι
490 3191 569 3262 (5)
603 3190 668 3261 δὴ
706 3190 1000 3246 καὶταῦτα
1037 3192 1217 3247 πάντα
1245 3191 1314 3246 δι’
1345 3191 1533 3259 αὐτοῦ,
1570 3194 1664 3247 καὶ
1694 3194 1776 3257 είς
1812 3194 1975 3248 αὑτὸν

2078 3194 2177 3232 me.
2205 3178 2271 3233 Et
2310 3179 2415 3234 alia
2458 3180 2672 3248 quidem
2710 3183 2889 3236 omnia
2924 3183 3065 3238 facta
3103 3184 3278 3239 dicit:
3315 3184 3487 3239 solum
3538 3200 3669 3241 vero

381 3280 628 3335 ἐκτίσθαι
662 3282 757 3336 καὶ
785 3281 892 3354 πρὸ
912 3284 1130 3339 πάντων
1161 3283 1342 3337 αὐτῶν
1362 3278 1503 3338 εἶναι
1524 3283 1751 3349 τούτων,
1784 3286 1813 3338 ό
1832 3282 1975 3347 θεῖος

381 3372 621 3440 ἐδίδαξεν
635 3374 954 3439 ’Δττόστολος
983 3373 1083 3448 (6),
1109 3373 1437 3446 ὲνθέως(ὼς)
1462 3375 1607 3439 εἰκὸς
1631 3372 1975 3445 ὁρμώμενος,

377 3464 469 3520 se:
492 3466 555 3521 τὸ
596 3466 850 3536 λέγεσθαι
904 3468 963 3521 ὲν
1006 3467 1216 3532 τούτοις
1266 3469 1332 3521 ὲκ
1382 3465 1679 3540 προσώπου
1710 3465 1805 3519 τοῦ
1844 3464 1976 3519 Υἱοῦ

378 3557 473 3613 τοῦ
491 3558 626 3614 Θεοῦ
641 3561 724 3623 τὸ,
753 3559 874 3630 Πρὸ
906 3560 1014 3615 τοῦ
1041 3559 1148 3630 ὅρη
1171 3557 1560 3629 ἑδρασθῆναι,
1586 3557 1701 3626 πρὸ
1731 3557 1800 3611 δὲ
1826 3555 1977 3611 πάν.

376 3667 497 3705 των
531 3649 781 3716 ,βουνῶν
820 3650 1003 3723 γεννᾷ
1032 3669 1128 3722 με.
1172 3652 1253 3706 Τὰ
1288 3651 1386 3723 μὲν
1422 3645 1516 3704 οὖν
1569 3649 1707 3705 ἄλλα
1743 3648 1976 3722 δρᾶσθαι

378 3744 508 3815 εφη,
543 3744 703 3815 μόνον
741 3744 797 3797 δὲ
828 3745 991 3799 αὐτὸν
1013 3743 1371 3815 γεγεννῆσθαι
1406 3742 1512 3816 πρὸ
1538 3742 1638 3813 τῆς
1660 3742 1769 3796 τῶν
1800 3741 1974 3815 δηλω-

378 3834 581 3890 θέντων
607 3836 939 3900 συστάσεως.
972 3832 1095 3891 Οἷδε
1121 3836 1179 3890 δὲ
1210 3835 1309 3908 τὴν
1340 3834 1664 3906 ἐπουράνιον
1705 3835 1978 3907 Ἰερουσα-

378 3927 492 3999 λὴμ
513 3929 542 3981 ό
565 3927 1085 3992 αὐτὸςἈπόστολος,
1126 3927 1222 3981 καὶ
1251 3927 1314 3980 τὸ
1357 3926 1609 3996 οὐράνιον
1659 3925 1785 3998 ὅρος
1811 3927 1897 3996 ἐφ’
1928 3918 1975 3995 ᾧ

375 4020 583 4092 ταύτην
635 4017 775 4074 εἷναί
831 4036 965 4093 φησι
1010 4019 1183 4090 λέγων
1203 4035 1217 4050 ’
1268 4019 1771 4088 Προσεληλύθατε
1819 4019 1976 4075 Σιὼν

375 4110 518 4180 ὄρει,
555 4110 654 4166 καὶ
688 4111 864 4165 πόλει
896 4110 1045 4166 Θεοῦ
1073 4108 1288 4177 ζῶντος
1320 4110 1719 4180 Ἰερουσαλὴμ
1745 4110 1839 4165 ἐπ’
1868 4112 1965 4166 οὐ·

366 4200 556 4275 ρανᾷῃ
595 4202 694 4258 καὶ
736 4204 1031 4274 μυρίασιν
1060 4203 1356 4275 ἀγγέλων,
1390 4205 1722 4275 πανηγύρει
1746 4203 1841 4259 καὶ
1861 4207 1979 4259 Em

375 4296 604 4366 κληονίᾳ
650 4297 1042 4367 πρωτοτόκων
1077 4295 1624 4368 ἀπογεγραμμένων
1678 4297 1750 4351 ἐν
1796 4297 1974 4366 οὐρα-

373 4388 523 4456 νοῖς.
555 4390 666 4443 Καὶ
698 4388 903 4445 τούτων
938 4387 1229 4462 τοιγαροῦν
1251 4388 1507 4443 ἁπάντων
1535 4389 1914 4461 προῦπάρχων
1938 4391 1968 4443 ό

373 4480 468 4535 τοῦ
493 4481 628 4535 Θεοῦ
671 4480 966 4554 μονογενὴς
993 4481 1122 4545 Υίδς
1165 4479 1234 4534 τὰ
1258 4480 1361 4552 τῆς
1405 4480 1613 4545 οἰκείας
1652 4481 1969 4553 ἀπορρήτου

2079 3274 2256 3340 ipsum
2286 3274 2526 3343 genitum
2559 3283 2687 3330 ante
2719 3275 3160 3332 constitutionem
3205 3278 3665 3346 supradictorum.

2078 3360 2239 3417 Novit
2265 3375 2444 3418 autem
2464 3363 2605 3419 idem
2625 3366 2921 3435 Apostolus
2937 3377 2994 3422 et
3012 3365 3314 3424 Jerusalem
3346 3370 3631 3427 ctelestem
3648 3411 3668 3439 ,

2078 3463 2135 3508 et
2161 3464 2399 3510 montem
2456 3456 2509 3510 in
2545 3472 2654 3526 quo
2680 3458 2767 3512 illa
2809 3461 3062 3515 conditur
3087 3463 3385 3528 caelestem,
3422 3464 3511 3519 ubi
3566 3464 3666 3532 ait,

2076 3544 2382 3600 Accessistis
2405 3546 2475 3600 ad
2501 3555 2730 3602 montem
2756 3545 2907 3616 Sion,
2935 3559 2982 3604 et
3010 3551 3274 3605 ciuitatem
3310 3554 3526 3607 viventis
3547 3552 3667 3620 Dei,

2074 3634 2374 3691 Jerusalem
2406 3638 2463 3693 in
2493 3639 2657 3704 caelis,
2687 3640 2756 3694 od
2778 3642 3174 3697 multitudinem
3209 3644 3541 3699 innumerans
3563 3662 3666 3700 att-

2075 3727 2332 3797 gelorum,
2356 3729 2663 3800 panegyrim
2710 3741 2758 3785 et
2801 3731 3092 3786 Ecclesium
3120 3735 3588 3805 primogenitorum
3611 3735 3668 3789 in

2075 3819 2217 3873 ralis
2233 3819 2700 3888 descriptorum".
2737 3819 2877 3876 Ante
2915 3822 3017 3875 ista
3045 3821 3265 3891 quidem
3293 3822 3476 3877 omnia
3514 3822 3666 3878 exsi-

2075 3921 2223 3967 stens
2252 3912 2569 3983 unigenitus
2597 3912 2695 3967 Dei
2719 3913 2913 3979 Filius,
2942 3929 3063 3984 qua?
3113 3916 3182 3969 ad
3214 3914 3389 3984 ipsius
3419 3912 3668 3970 ineﬂabi-

2075 4004 2180 4061 lem
2207 4006 2529 4075 spectabant
2563 4010 2989 4078 generationem,
3022 4006 3340 4063 abscondite
3358 4007 3409 4061 in
3433 4006 3665 4063 Proven-

2075 4098 2177 4154 biis
2205 4097 2499 4154 intimavit.
2541 4098 2609 4155 Et
2647 4099 2791 4170 quod
2839 4099 2985 4156 bunc
3014 4102 3240 4156 subesse
3265 4114 3489 4156 sensum
3517 4099 3667 4156 vole-

2073 4192 2167 4247 bat
2193 4191 2419 4264 intelligi
2451 4201 2600 4264 patet
2630 4207 2699 4248 ex
2745 4192 2813 4249 iis
2862 4208 2984 4263 quae
3012 4194 3200 4250 statim
3229 4193 3498 4265 adjungit,
3530 4191 3666 4248 Cum

2072 4282 2227 4341 mlas
2257 4293 2562 4355 appararet,
2594 4284 2675 4339 illi
2698 4300 2930 4355 promus
2954 4283 3128 4355 adfui.
3149 4283 3251 4341 Hic
3267 4284 3379 4354 jam
3412 4287 3667 4357 egregius

2074 4376 2343 4447 interpres
2370 4378 2776 4448 Scripturarum
2803 4379 3060 4434 exclusus
3072 4378 3340 4444 substitit,
3368 4392 3468 4434 nec
3485 4387 3671 4435 trans-

2074 4467 2155 4523 ire
2185 4468 2359 4536 potuit
2397 4483 2413 4522 :
2449 4468 2594 4539 quod
2621 4468 3071 4539 consequentiam
3102 4468 3393 4524 reddenda:
3417 4468 3667 4538 supposi-

372 4572 680 4644 γεννήσεως
702 4572 1217 4645 ὲπικεκρυμμένως,
1245 4571 1333 4626 διὰ
1348 4571 1459 4625 τῶν
1486 4570 1804 4643 Παροιμιῶν
1825 4569 1969 4643 ᾐνίτ-

2078 4560 2235 4616 tiouis
2284 4561 2351 4617 de
2396 4575 2563 4618 carne
2615 4560 2949 4625 Servatoris,
3001 4557 3352 4629 complanare
3390 4558 3664 4628 nequiret.

373 4682 519 4720 τετο.
543 4664 657 4720 Καὶ
678 4667 761 4721 ὃτι
788 4683 853 4737 γε
894 4665 1064 4721 ταῦτα
1084 4646 1355 4720 ὑπέϐαλλε
1384 4668 1546 4731 νοεῖν,
1576 4663 1732 4737 δῆλον
1780 4663 1846 4718 ἂν
1866 4661 1960 4733 γέ-

2078 4653 2344 4711 Hentione
2368 4653 2513 4711 enim
2571 4654 2712 4710 facta
2765 4655 3146 4724 susquedeque
3192 4651 3402 4716 carnis,
3459 4662 3516 4705 et
3550 4665 3667 4707 om-

377 4778 521 4816 νοιτο
539 4760 633 4831 ἀφ’
662 4754 738 4817 ὧν
764 4760 1026 4816 συνάπτει
1055 4759 1183 4832 ἑξῆς
1207 4760 1381 4831 λέγων
1404 4776 1419 4792 ·
1466 4758 1669 4814 Ἡνικα
1696 4755 1967 4828 ἡτοίμαζε

2078 4749 2166 4804 nia
2184 4748 2338 4819 quasi
2362 4748 2508 4803 dicta
2532 4747 2598 4803 de
2613 4761 2782 4803 carne
2805 4747 3051 4816 exposita
3087 4758 3396 4815 proponens
3428 4748 3490 4808 tle
3516 4743 3666 4814 (nam

370 4856 482 4911 τὸν
498 4855 784 4925 οὐρανὸν,
814 4854 1232 4925 συμπαρήμην
1258 4852 1440 4920 αὐτῷ.
1474 4850 1643 4907 Ἔνθα
1669 4853 1698 4906 ό
1718 4853 1966 4922 γενναῖος

2078 4840 2144 4894 ad
2167 4852 2338 4910 usque
2367 4847 2581 4895 montes
2611 4849 2667 4895 et
2687 4838 2857 4895 colles
2875 4839 3067 4905 evasit,
3094 4852 3233 4909 quos
3259 4837 3536 4906 apostolos
3570 4851 3666 4890 ar-

367 4947 479 5002 τῶν
506 4948 740 5023 Γραφῶν
767 4947 1041 5022 ἑρμηνεὺς
1073 4944 1454 5010 ἀποκλεισθεὶς
1480 4944 1610 5016 ἔστη
1639 4944 1741 5015 (7),
1774 4941 1967 5015 μηκέθ’

2078 4933 2314 4989 bitratur
2361 4947 2485 4991 esse
2510 4930 2553 5002 ),
2594 4948 2715 5004 qua:
2769 4942 3075 5003 sequuntur
3127 4930 3350 4987 silentio
3405 4930 3667 4999 deinceps

369 5021 636 5111 ὑπερϐάς,
666 5040 748 5112 τῷ
789 5021 863 5114 μὴ
899 5039 1217 5112 δεδυνῆσθαι
1252 5036 1572 5109 ὲξομαλίσαι
1618 5036 1718 5108 τὴν
1745 5034 1971 5090 ἀκολου-

2078 5026 2272 5083 lubens
2324 5024 2646 5092 transmisit,
2680 5040 2786 5081 non
2815 5040 2983 5081 ausus
3020 5024 3248 5081 ulterius
3280 5025 3337 5078 in
3363 5021 3669 5093 Scripturis

370 5128 496 5185 θίαν
513 5130 614 5202 τῆς
636 5113 992 5203 ἀποδοθείσης
1027 5129 1179 5201 αῦτῷ
1208 5130 1341 5202 περὶ
1367 5128 1471 5199 τῆς
1494 5126 1699 5200 σαρκὸς
1725 5123 1824 5179 τοῦ
1854 5125 1969 5178 Σωο

2078 5120 2352 5192 progredi.
2379 5121 2562 5192 Atque
2599 5121 2673 5177 ita
2708 5118 2929 5174 ﬁbulam
2965 5116 3201 5173 orationi
3230 5116 3498 5187 apposuit.
3537 5113 3670 5169 Post

367 5220 536 5294 τῆρος
578 5220 910 5286 ὑποθέσεως.
945 5224 1094 5276 ’Δνω
1134 5220 1245 5294 γὰρ
1284 5221 1382 5275 καὶ
1418 5218 1571 5274 κάτω
1617 5216 1718 5289 τῆς
1758 5215 1963 5289 σαρκὸς

2078 5212 2471 5284 quamplurima
2501 5214 2831 5270 intermeuto
2857 5224 3109 5267 sermone
3140 5218 3442 5274 transacta,
3477 5206 3547 5262 ab
3577 5221 3671 5262 ac-

369 5312 778 5389 μνημονεύσας,
819 5315 914 5369 καὶ
949 5312 1130 5369 πάντα
1159 5311 1414 5386 εἰρῆσθαι
1445 5310 1578 5385 περὶ
1604 5309 1707 5383 τῆς
1755 5307 1960 5382 σαρκὸς

2078 5306 2319 5376 captione
2345 5305 2435 5362 illa
2461 5304 2684 5363 carnali
2711 5303 2907 5371 resilit,
2938 5302 3122 5360 fassus
3157 5300 3253 5358 Dei
3287 5300 3525 5357 Verbum
3560 5299 3662 5355 ista

443 5485 505 5545 ὦ
540 5477 639 5536 Ed.
667 5475 872 5545 Paris.,
897 5492 1021 5550 pag.
1044 5476 1169 5543 162,
1213 5475 1315 5539 165
1408 5475 1457 5509 ⁸⁸
1486 5471 1651 5531 Hebr.
1683 5485 1782 5541 sn,
1802 5469 1898 5536 22,
1928 5467 2022 5527 23.

400 5663 518 5799 ος»)
547 5666 745 5737 Μυρία
769 5663 976 5732 αὐτός.
1003 5662 1149 5737 Lege
1183 5662 1356 5737 μυρία
1377 5662 1436 5719 δὲ
1475 5661 1612 5737 [imo
1640 5663 1688 5718 δ’
1726 5661 1794 5719 ἄν
1831 5676 1955 5724 cum

472 5735 554 5799 d.|
584 5738 680 5791 καὶ
701 5734 886 5799 αὑτός.

2136 5658 2214 5784 ἳθ)
2259 5655 2508 5725 Ἐνθέως
2536 5655 2720 5721 εἰκός.
2742 5653 2923 5722 Deest,
2951 5650 3050 5720 ὡς,
3084 5650 3161 5715 ὡς
3194 5647 3364 5713 είκός.
3382 5644 3658 5705 Μο-Μοι

2078 5726 2607 5799 νιιεοπρδτάδρη·
2715 5792 2767 5799 --
2852 5794 2892 5799 _
3116 5792 3128 5799 .
3234 5790 3247 5799 .
3360 5789 3386 5799 -
3456 5789 3513 5799 -.
3597 5786 3645 5799 -.

366 5728 680 5862 «dull,an
701 5734 886 5800 αὐτός.
928 5728 945 5732 ⁷
1083 5728 1114 5737 ⁷
1183 5728 1198 5736 ⁷
1264 5728 1279 5737 ’
1362 5805 1375 5820 .
1477 5728 1497 5737 ’

438 5805 518 5881 (ᾖ)
551 5805 891 5881 ,ιιιεοιίίυχάς
902 5817 958 5864 et
970 5819 1094 5881 mox
1110 5804 1173 5881 τδ
1191 5805 1267 5881 μή
1287 5805 1506 5880 ει,ιη1”ι·ε
1518 5807 1612 5861 καὶ
1628 5805 1777 5863 διαδ.

2078 5728 2233 5802 vulgo
2258 5728 2368 5802 πρὸ
2386 5728 2458 5782 τὰ
2480 5728 2607 5799 ὅρη.

2134 5801 2221 5881 (η
2246 5799 2346 5881 μὴ
2376 5798 2506 5881 καθ’
2540 5792 3039 5881 ὑθξςρᾷάς.ξρτιε,
3070 5792 3146 5867 μὴ
3183 5790 3335 5848 κάτω
3357 5789 3574 5856 διαϐάς.
3597 5786 3667 5844 Μ.

461 5805 518 5881 4)
532 5803 634 5862 VM
670 5805 787 5877 οψυ
826 5807 891 5872 άς
902 5817 958 5864 οι
970 5819 1094 5863 πῖθι
1110 5804 1172 5860 τδ
1191 5805 1267 5877 μή
1287 5805 1506 5880 etjnl'ra
1518 5807 1612 5861 καὶ
1628 5805 1777 5863 διασ.

438 5808 519 5953 ξδ’)
551 5822 722 5949 Ϋυῇο
738 5824 824 5930 διχ
825 5888 879 5934 et
903 5890 1028 5934 mox
1055 5874 1300 5950 ἐκτίσθη.

2134 5803 2221 5927 (Ἱό
2246 5803 2346 5870 Μὴ
2376 5803 2506 5854 καθ’
2540 5803 2826 5866 ὑπερϐάς.
2852 5803 2977 5852 Fort

2081 5903 2153 5914 -—
2226 5870 2349 5943 ulgo
2384 5869 2459 5943 μὴ
2493 5867 2668 5943 μηκέθ
2696 5866 2977 5975 ὑπερϐάς..
