4158 6390
316 401 420 460 997

316 612 435 686 γῆν
466 613 783 682 ἁπελεύσῃ
810 612 850 682 ο)
893 611 987 666 καὶ
1025 612 1184 683 εἴπερ
1227 611 1260 682 ἡ
1307 608 1445 683 σὰρξ
1500 606 1567 682 ἦν
1596 613 1631 682 ἡ
1660 609 1913 680 λέγουσα,

315 706 437 776 Πρὸ
464 705 573 761 τοῦ
601 706 709 773 τὰς
737 705 1055 770 ἀϐύσσους
1090 701 1365 772 ποιῆσαι,
1414 702 1530 773 πρὸ
1555 702 1664 758 τοῦ
1701 705 1917 773 προελ-

316 796 445 852 θεῖν
477 798 585 864 τὰς
619 796 816 866 πηγὰς
856 795 979 849 τῶν
1014 792 1271 860 ὑδάτων,
1304 795 1417 864 πρὸ
1450 793 1558 848 τοῦ
1594 793 1700 864 ὅρη
1742 794 1915 863 ἐδρα-

316 889 561 960 σθῆναι,
605 888 720 960 πρὸ
752 888 821 942 δὲ
845 888 1088 942 πάντων
1109 886 1360 953 ,Βουνῶν
1385 887 1569 958 γεννᾷ
1608 904 1708 954 με,
1737 887 1825 942 διὰ
1853 887 1916 941 τὸ

317 980 835 1055 προγεγεννημένην
859 976 1000 1034 εἶναι
1026 979 1199 1051 αὐτὴν
1223 977 1378 1051 [πρὸ]
1409 979 1511 1050 τῆς
1537 978 1648 1032 τῶν
1672 977 1912 1032 ἀποστό-

318 1073 425 1128 λων
450 1072 701 1144 ἐκλογῆς,
728 1071 803 1136 ὡς
827 1070 999 1125 ἐδόκει
1022 1069 1098 1141 τῷ
1125 1072 1441 1143 σοφωτάτῳ,
1462 1071 1653 1124 ἕπεται
1668 1073 1732 1125 ὲκ
1750 1086 1912 1142 προσ-

316 1166 468 1220 ώπου
507 1164 609 1235 τῆς
672 1163 871 1236 σαρκὸς
900 1162 1153 1231 λέγεσθαι
1190 1162 1285 1216 καὶ
1321 1162 1403 1226 τὸ,
1450 1163 1652 1217 Ἠνίκα
1690 1162 1802 1232 (lii)
1844 1163 1906 1230 ή-

315 1251 547 1325 τοίμαζε
572 1252 679 1307 τὸν
705 1252 984 1321 οὐρανὸν,
1015 1250 1428 1322 συμπαρήμην
1446 1250 1625 1318 αὐτῷ.
1644 1252 1781 1305 Ἀλλ’
1811 1250 1912 1304 οὐκ

316 1347 383 1401 ἄν
407 1364 492 1410 τις
520 1345 598 1419 μὴ
642 1344 751 1398 τῶν
799 1344 1012 1417 φρενῶν
1039 1343 1240 1407 ἐκστὰς
1277 1343 1451 1416 ταύτῃ
1495 1344 1625 1397 ποτὲ
1669 1342 1912 1397 σύνθοιτο

314 1442 383 1512 τῇ
426 1438 711 1512 ἑρμηνείᾳ,
753 1437 1166 1508 ἀντιφθέγξεται
1214 1436 1325 1511 γὰρ
1363 1437 1513 1509 αὑτῷ
1541 1437 1683 1510 μέγα
1711 1436 1909 1508 βοήσας

314 1533 345 1586 ό
374 1532 472 1604 τῆς
497 1531 754 1604 ἀληθείας
774 1531 955 1600 λόγος,
991 1531 1300 1596 ἐπιδεικνὺς
1335 1531 1419 1597 τίς
1465 1548 1596 1585 ποτε
1626 1527 1694 1603 ἦν
1720 1534 1748 1585 ὁ
1777 1530 1910 1584 ταῦ-

315 1641 388 1679 τα
415 1623 645 1690 διεξιών.
679 1624 768 1688 Ὠς
794 1623 839 1676 δ’
863 1618 956 1678 οὖν
980 1621 1167 1696 ἕτερος
1191 1620 1260 1695 ἦν
1289 1625 1318 1678 ὁ
1337 1625 1403 1677 ἐκ
1428 1622 1523 1677 τοῦ
1551 1622 1687 1677 Θεοῦ
1720 1640 1911 1693 γεγεν-

317 1716 549 1789 νημένος
574 1715 874 1788 μονογενὴς
919 1716 1067 1780 Υἱὸς,
1098 1716 1206 1781 ζῶν
1243 1716 1338 1770 καὶ
1369 1714 1637 1786 ὑφεστὼς,
1688 1714 1764 1769 ῶν
1794 1715 1907 1787 (15)

316 1807 412 1860 καὶ
435 1806 541 1878 πρὸ
567 1806 676 1859 τῶν
708 1806 810 1878 τῆς
843 1806 1087 1879 γενητῶν
1118 1806 1377 1861 ἁπάντων
1409 1807 1746 1873 συστάσεως,
1782 1808 1811 1862 ὃ
1840 1808 1905 1879 δὴ

1297 394 1388 450 DE
1426 394 1971 453 ECCLESIASTICA
2011 392 2412 453 THEOLOGIA
2452 393 2582 453 LIB.
2627 396 2717 454 111.

280 569 287 576 .
315 540 407 589 κα,
439 522 517 587 ὥς
536 520 686 593 αὐτῷ
714 519 910 584 ἐδόκει,
945 518 1033 573 διὰ
1064 518 1126 573 τὸ
1148 517 1423 591 εἰρῆσθαι,
1458 517 1549 586 Γῆ
1575 514 1648 583 εἴ,
1683 518 1781 572 καὶ
1825 520 1903 585 είς

2016 516 2233 571 aderant
2278 519 2346 573 ei.
2381 518 2452 573 At
2482 532 2644 574 nemo
2669 532 2776 574 non
2811 531 3001 576 amens
3023 519 3167 576 hanc
3195 519 3482 579 admiserit
3525 529 3616 581 tuo.
3729 531 3738 541 ‘

3504 399 3616 461 οῦδ

2025 609 2468 678 terpretationem
2502 624 2515 658 :
2542 624 2740 682 magna
2773 610 2972 667 etenim
3001 626 3135 669 voce
3156 614 3477 672 reclamabit
3496 617 3614 688 ipso

2018 698 2265 754 veritatis
2291 713 2497 767 sermo,
2525 710 2581 757 et
2608 702 2731 772 quis
2756 710 2877 758 erat
2902 704 2992 773 qui
3017 703 3133 760 haec
3164 704 3405 777 loquitur
3426 709 3616 765 edoce-

2018 790 2119 846 bit.
2151 790 2418 858 Quocirca
2445 793 2588 864 quod
2616 794 2862 850 diversus
2886 805 3007 850 erat
3039 795 3129 853 ille
3162 797 3230 854 de
3254 797 3367 854 Deo
3393 802 3611 868 genitus

2016 881 2206 946 Filius,
2237 881 2572 951 uuigenitus,
2620 884 2831 950 vivens,
2876 886 3204 953 subsistens,
3260 898 3316 946 et
3341 900 3468 948 ante
3497 894 3611 948 uni-

2015 973 2295 1030 versitatis
2335 973 2702 1031 conditionem
2739 990 2860 1041 ens,
2905 976 3021 1047 ipse
3053 980 3211 1035 docet
3243 982 3370 1037 dum
3408 983 3488 1040 sic
3533 985 3609 1041 ait

2016 1062 2069 1116 in
2101 1062 2475 1132 sequentibus,
2507 1063 2641 1119 Cum
2671 1075 2885 1135 pararet
2922 1069 3098 1135 stelas,
3126 1071 3178 1124 ei
3205 1072 3446 1127 aderam.
3488 1072 3605 1130 Una

2014 1172 2137 1213 cum
2165 1172 2231 1213 eo
2258 1167 2399 1224 erat,
2432 1168 2487 1214 et
2517 1174 2757 1231 praesens
2797 1162 2873 1219 illi
2904 1162 3100 1231 adluit,
3134 1167 3450 1239 priusquam
3488 1183 3606 1225 cm-

2014 1252 2147 1314 lum,
2182 1261 2239 1304 et
2276 1266 2397 1321 qua:
2444 1264 2573 1309 sunt
2596 1270 2757 1325 supra
2791 1256 2964 1314 caelos
2990 1260 3375 1327 conderentur,
3405 1272 3460 1318 et
3483 1277 3606 1333 qua:

2015 1343 2068 1396 in
2095 1343 2267 1399 uelis.
2307 1343 2420 1400 Hoc
2445 1346 2648 1401 etenim
2682 1347 2775 1401 illa
2803 1349 3064 1418 indicant,
3096 1348 3228 1407 Cum
3257 1365 3471 1417 pararet
3502 1370 3607 1410 εω-

2013 1432 2116 1499 los,
2139 1434 2187 1487 ei
2215 1435 2451 1491 aderam.
2488 1435 2610 1504 Quo
2629 1450 2785 1507 pacto
2806 1442 3017 1510 paravit
3043 1442 3239 1498 cwlum
3272 1443 3454 1500 Deus?
3473 1445 3604 1502 Cer-

2014 1531 2069 1580 te
2115 1527 2516 1596 prmscribendo
2575 1538 2633 1584 et
2672 1531 3063 1588 conformanda
3127 1535 3311 1591 mundi
3372 1535 3601 1606 ﬁguram

2013 1616 2155 1686 apud
2178 1630 2259 1682 se,
2287 1617 2604 1687 priusquam
2623 1621 3013 1689 produceretur
3036 1623 3143 1677 illa.
3172 1622 3334 1680 Pater
3353 1640 3482 1697 ergo
3509 1628 3603 1683 de-

2011 1707 2288 1779 signabat,
2314 1718 2369 1764 et
2410 1710 2702 1781 cogitando
2747 1715 3039 1777 statuebat,
3069 1730 3173 1786 qua
3206 1708 3374 1787 ligur'a
3411 1719 3600 1776 modo-

2012 1811 2119 1865 que
2145 1798 2340 1855 cmlum
2381 1801 2513 1856 illud
2543 1805 2776 1860 condere
2805 1806 2988 1872 vellet,
3019 1809 3161 1878 quod
3199 1824 3300 1865 nec
3324 1826 3354 1865 a
3386 1812 3599 1882 magni-

315 1895 646 1968 παρίστησιν
685 1894 847 1959 αὐτὸς
875 1894 940 1949 δι’
972 1892 1047 1950 ῶν
1072 1895 1199 1968 ἐξῆς
1226 1897 1422 1965 ἐπάγει
1450 1896 1626 1967 λέγων
1651 1914 1663 1928 ’
1705 1900 1903 1954 Ἠνίκα

2012 1889 2197 1947 tudine
2223 1892 2627 1960 destitueretur,
2650 1905 2704 1951 et
2726 1896 2816 1951 tali
2847 1898 3034 1968 ligura,
3060 1914 3332 1969 mensura,
3364 1902 3596 1971 partium

315 1985 591 2055 ἡτοίμαζε
625 1984 733 2041 τὸν
772 1987 1051 2056 οὐρανύν,
1081 1988 1492 2058 συμπαρήμην
1512 1988 1675 2056 αὐτῷ
1698 2005 1712 2021 ⁸
1740 1991 1906 2062 συνῆν

313 2074 423 2147 γὰρ
446 2073 579 2145 (16),
602 2075 698 2129 καὶ
732 2075 915 2148 παρῆν
941 2075 1093 2147 αὐτῷ
1127 2078 1258 2147 πρὶν
1285 2077 1381 2131 καὶ
1418 2076 1669 2145 γενέσθαι
1696 2078 1787 2133 τὸν
1816 2079 1907 2132 οὺ-

318 2167 499 2239 ρανὸν,
551 2168 645 2222 καὶ
684 2167 753 2222 τὰ
787 2168 1043 2222 ἐπέκεινα
1080 2168 1336 2241 οὐρανοῦ,
1378 2170 1449 2223 τά
1490 2186 1551 2222 τε
1598 2170 1658 2223 ἐν
1690 2171 1906 2243 οὐρανῷ

314 2260 514 2314 πάντα.
544 2259 714 2314 Τοῦτο
758 2259 889 2329 γοῦν
940 2261 1186 2331 ᾐνίττετο
1225 2260 1313 2316 διὰ
1345 2259 1438 2314 τοῦ
1475 2262 1659 2332 φάναι,
1705 2263 1906 2319 Ἠνίκα

314 2350 590 2421 ἡτοίμαζε
616 2352 723 2405 τόν
744 2352 1023 2421 οὐρανὸν,
1060 2352 1474 2423 συμπαρήμην
1489 2353 1669 2421 αὐτῷ.
1696 2354 1819 2420 Πῶς
1846 2357 1904 2412 δέ

312 2443 610 2515 ήτοίμαζεν
639 2444 668 2495 ό
704 2443 857 2509 Θεὸς,
892 2444 925 2514 ἦ
959 2444 1086 2515 πρὶν
1109 2445 1360 2513 γενέσθαι
1389 2445 1574 2510 αὑτὸν,
1599 2446 1905 2518 νομοθετῶν

315 2535 413 2589 καὶ
455 2533 901 2605 διατυπούμενος,
931 2534 990 2587 ὃν
1041 2534 1146 2588 ἔδει
1176 2536 1380 2609 τρόπον
1409 2538 1573 2591 αὑτὸν
1601 2540 1862 2611 συστῆναι
1886 2557 1902 2607 ;

326 2626 390 2682 Ὀ
422 2628 518 2699 μὲν
546 2623 639 2681 οὖν
661 2628 852 2699 Πατὴρ
879 2626 1132 2682 διετύπου
1172 2629 1268 2683 καὶ
1296 2629 1556 2701 ἡτοίμαζε
1589 2631 1907 2702 διανοούμε-

311 2736 425 2783 νος,
458 2720 605 2784 ὅπως
648 2718 816 2791 ἐχρῆν
849 2719 1108 2791 συστῆναι
1135 2719 1230 2773 τὸν
1266 2720 1521 2777 τοσοῦτον
1551 2723 1780 2797 οὐρανόν
1802 2741 1815 2754 ·
1847 2724 1905 2789 ὃς

312 2810 438 2867 οὔτε
469 2811 735 2883 μεγέθους
775 2812 966 2875 ἐδεῖτο,
1002 2813 1096 2865 καὶ
1124 2813 1310 2868 ὁποίου
1341 2815 1640 2887 σχήματος,
1689 2816 1904 2889 μέτρων

311 2919 373 2958 τε
402 2904 498 2958 καὶ
526 2903 711 2975 μερῶν
733 2904 969 2967 ὁπόσων,
1015 2904 1125 2957 τῶν
1152 2905 1450 2975 μελλόντων
1474 2909 1608 2962 εἴσω
1642 2926 1701 2962 τε
1737 2908 1901 2964 αὐτοῦ

313 2994 661 3073 ⁸ιπριέχεσθαι
689 2997 868 3067 χάριν,
891 2997 982 3049 καὶ
998 2996 1115 3050 τῶν
1140 2997 1295 3062 ἐκτὸς
1315 2998 1531 3052 ἔσεσθαι
1568 2998 1735 3054 αὐτοῦ
1764 3000 1900 3072 (17),

311 3085 421 3138 τῶν
438 3102 496 3138 τε
519 3086 575 3137 ἐν
601 3084 750 3156 αὐτῷ
778 3085 869 3138 τὸν
906 3085 1104 3156 δρόμον
1134 3087 1509 3158 ποιησομένων
1544 3088 1706 3143 ἕνεκα
1731 3106 1744 3119 ·
1778 3091 1808 3143 ό
1834 3088 1893 3143 δέ

312 3180 424 3241 τοῖς
438 3175 532 3233 τοῦ
559 3177 767 3248 Πατρδς
797 3174 1076 3248 λογισμοῖς
1101 3176 1440 3243 ἐνατενίζων,
1471 3180 1565 3232 καὶ
1619 3180 1779 3251 μόνος
1803 3182 1900 3233 ἐπ-

312 3266 559 3323 οπτεύων
587 3266 655 3321 τὰ
675 3260 731 3320 ἕν
757 3266 907 3338 αὐτῷ
926 3266 1085 3339 βάθη,
1112 3268 1181 3322 δι’
1214 3268 1390 3342 ἔργων
1418 3269 1636 3343 ἐχώρει,
1665 3273 1777 3336 τοῖς
1805 3270 1898 3325 τοῦ

313 3356 529 3430 Πατρδς
566 3355 1070 3429 ἐξυπηρετούμενος
1098 3357 1346 3431 νεύμασι.
1384 3360 1478 3413 Διὸ
1505 3359 1752 3415 λέλεκται
1777 3380 1899 3429 που,

306 3449 533 3504 Αἰνεῖτε
562 3448 672 3505 τὸν
699 3450 920 3517 Κύριον
950 3448 1021 3503 ἐκ
1063 3448 1184 3504 τῶν
1220 3450 1494 3520 οὐρανῶν
1514 3469 1528 3483 ο
1555 3452 1773 3507 αἱνεῖτε
1805 3455 1904 3508 αὐ-

310 3542 442 3605 τὸν,
464 3541 687 3608 πάντες
706 3543 761 3595 οἱ
772 3539 1011 3610 ἄγγελοι
1033 3540 1472 3596 αὐτοῦ.Αίνεῒτε
1485 3542 1691 3608 αὐτὸν,
1712 3541 1903 3599 πᾶσαι

309 3637 371 3689 al
382 3632 670 3705 δυνάμεις
688 3632 1130 3691 αὑτοῦ.Αὶνεῖτε
1156 3631 1363 3698 αὐτὸν,
1392 3632 1566 3701 ἣλιος
1591 3633 1688 3688 καὶ
1717 3635 1904 3705 σελή-

314 3741 391 3793 νη
404 3764 420 3789 ,
446 3724 670 3781 αἱνεῑτε
680 3727 886 3789 αὐτὸν,
900 3723 1095 3778 πάντα
1114 3723 1184 3777 τὰ
1201 3722 1413 3792 ἄστρα,
1435 3724 1619 3778 καὶτὸ
1640 3723 1785 3795 ερῶςν.
1804 3728 1902 3780 Ai-

311 3817 468 3872 νεῖτε
488 3817 698 3878 αὐτὸν,
722 3818 776 3870 oi
800 3814 1042 3884 οὐρανοὶ
1057 3813 1175 3869 τῶν
1185 3812 1476 3883 οὐρανῶν,
1502 3814 1599 3869 καὶ
1617 3813 1689 3868 τὰ
1712 3815 1901 3870 ὕδατα

314 3907 428 3980 (18)
445 3908 517 3963 τὰ
532 3905 805 3979 ὑπεράνω
822 3905 941 3960 τῶν
955 3904 1676 3975 οὐρανῶν.Αίνεσάτωσαν
1689 3908 1755 3962 τὸ
1768 3907 1901 3964 ὄνο-

307 4014 396 4070 μα
417 3999 661 4071 Κυρίου,
691 3997 783 4052 ὅτι
809 3997 993 4064 αὐτὸς
1013 3997 1143 4051 εἷπε
1164 3997 1265 4052 καὶ
1291 3996 1694 4068 ἐγενήθησαν,
1716 4000 1901 4067 αὐτὸς

311 4095 671 4159 ἐνετείλατο,
701 4090 801 4147 καὶ
821 4091 1212 4159 ἐκτίσθησαν.
1249 4090 1395 4163 Πλὴν
1453 4091 1588 4146 ἀλλὰ
1624 4092 1719 4147 καὶ
1768 4094 1898 4166 πρὶν

313 4187 566 4259 γενέσθαι
619 4185 781 4239 αὐτὸν
835 4185 928 4239 τὸν
961 4183 1188 4257 οὐρανὸν
1237 4185 1333 4238 καὶ
1380 4183 1450 4238 τὰ
1499 4184 1759 4240 ἐπέκεινα
1785 4184 1898 4257 (19)

312 4278 541 4353 οὐρανοῦ
592 4278 662 4332 τά
710 4295 770 4332 τε
821 4278 882 4331 ἐν
929 4275 1143 4349 οὐρανῷ
1186 4276 1366 4331 πάντα
1401 4274 1485 4342 (ἐξ
1531 4275 1651 4339 ἐνὸς
1685 4274 1796 4347 γὰρ
1829 4274 1898 4329 τὰ

315 4371 495 4427 πάντα
526 4369 931 4443 περιληπτικῶς
956 4367 1271 4440 δεδήλωται)
1298 4362 1366 4439 ἦν
1392 4368 1422 4420 ὁ
1448 4367 1576 4431 Υἱὸς
1607 4366 1701 4421 τοῦ
1734 4366 1895 4432 Θεοῦ,

312 4463 409 4518 καὶ
440 4461 519 4534 τῷ
548 4460 725 4532 Πατρὶ⁵
760 4459 873 4532 (20)
908 4456 1202 4531 συμπαρῆν
1249 4457 1330 4511 ἔτι
1371 4457 1745 4529 βουλευομένῳ
1770 4458 1898 4531 περὶ

310 4554 411 4625 τῆς
440 4552 645 4606 τούτων
673 4550 927 4605 ἁπάντων
961 4547 1293 4611 συστάσεως.
1326 4546 1416 4600 Διό
1462 4562 1648 4618 φησιν,
1684 4546 1896 4601 Ἦνίκα

310 4641 587 4715 ἡτοίμαζε
627 4642 735 4698 τὸν
783 4640 1065 4710 οὐρανὸν,
1111 4637 1526 4709 συμπαρήμην
1557 4635 1745 4704 αὐτῷ·
1774 4632 1897 4703 εἷθ’,

310 4738 388 4805 ὡς
431 4736 633 4807 ἀγαθὸς
677 4735 939 4809 γραφεὺς,
971 4731 1072 4796 τὰς
1107 4730 1448 4804 ἀρχετύπους
1501 4729 1644 4794 ἰδέας
1686 4731 1751 4783 ἐκ
1790 4728 1900 4782 τῶν

312 4828 600 4902 πατρικῶν
621 4825 896 4898 λογισμῶν
914 4822 1336 4894 ἀπολαμϐάνων,
1359 4820 1453 4874 ἐπὶ
1473 4820 1572 4884 τὰς
1590 4817 1700 4873 τῶν
1719 4818 1898 4892 ἔργων

313 4921 613 4994 μετέφερεν
639 4917 845 4982 οὐσίας.
884 4914 1120 4970 Τοιαῦτα
1149 4910 1510 4980 ζωοπλαστῶν
1540 4910 1634 4965 καὶ
1668 4910 1899 4981 ὑφιστά-

316 5029 496 5082 μενος,
522 5011 682 5083 ὁποία
725 5012 791 5081 τῇ
827 5007 921 5063 τοῦ
956 5006 1167 5080 Πατρὸς
1208 5003 1417 5076 διανοίᾳ
1457 5002 1901 5075 προῦποκείμενα

313 5101 483 5174 ἐώρα.
518 5101 735 5155 Τούτων
770 5100 814 5153 δ’
842 5100 1004 5164 αὐτὸς
1046 5100 1256 5168 γένοιτο
1281 5095 1491 5169 μάρτυς
1518 5094 1816 5169 ἀξιόχρεως
1838 5094 1899 5148 ἐν

312 5193 665 5263 Εὑαγγελξοις
691 5187 792 5248 ὧδε
818 5193 1101 5249 διδάσκωψ
1134 5188 1332 5260 Ἀμὴν,
1355 5186 1521 5260 ἀμὴν
1542 5185 1699 5257 λέγω
1730 5186 1896 5256 ὑμῖν,

2007 1983 2323 2053 symmetria
2350 1993 2642 2051 constaret,
2666 2002 2786 2056 qum
2814 1997 2870 2045 et
2893 1997 3015 2059 apta
3037 2001 3218 2047 essent
3246 1992 3594 2062 recipiendis,

2007 2072 2371 2142 includendis,
2402 2085 2460 2132 et
2487 2076 2787 2135 conformis
2819 2089 3045 2136 exterae
3079 2082 3514 2147 advenientibus,
3541 2093 3597 2139 et

2005 2167 2411 2237 proportionata
2431 2183 2652 2225 cursum
2681 2186 2777 2242 per
2799 2172 2995 2228 C(Bllllll
3022 2173 3266 2231 iacturis.
3296 2175 3389 2231 Ille
3413 2185 3594 2231 autem

2005 2254 2098 2324 qui
2153 2254 2221 2310 ad
2266 2265 2491 2326 paterna
2530 2259 2764 2330 cogitata
2798 2260 3050 2318 intuitive
3100 2264 3445 2331 respiciebat,
3500 2264 3593 2335 qui

2006 2347 2157 2401 solus
2181 2345 2300 2416 ejus
2333 2348 2595 2419 profunda
2630 2353 3027 2423 specularetur,
3088 2356 3155 2411 ad
3176 2371 3312 2425 opus
3337 2371 3396 2413 se
3414 2357 3597 2412 accin-

2005 2439 2119 2503 xit,
2172 2441 2256 2496 sui
2305 2444 2477 2512 patris
2529 2446 2749 2502 nutibus
2780 2447 3164 2503 inserviturus.
3222 2447 3374 2504 Unde
3393 2448 3593 2505 alicubi

2005 2530 2207 2585 dictum
2230 2541 2310 2586 est
2335 2550 2351 2588 :
2372 2531 2611 2590 Laudate
2644 2536 2922 2592 Dominum
2974 2540 3040 2593 de
3064 2539 3205 2594 caelis
3233 2557 3253 2595 :
3280 2540 3494 2596 laudate
3526 2540 3596 2595 il-

2004 2620 2114 2675 lum
2161 2624 2216 2677 in
2246 2625 2488 2680 excelsis.
2532 2626 2774 2682 Laudate
2800 2628 2977 2694 illum,
3011 2646 3189 2684 omnes
3226 2632 3403 2699 angeli
3427 2633 3542 2701 ejus
3571 2647 3593 2686 :

2004 2714 2222 2770 laudate
2250 2733 2389 2790 eum,
2421 2736 2596 2774 omnes
2619 2720 2834 2775 virtutes
2877 2722 3014 2792 ejus.
3058 2722 3297 2777 Laudale
3338 2740 3478 2790 eum,
3512 2726 3594 2778 sol

2002 2816 2050 2859 et
2075 2805 2242 2872 luna;
2282 2807 2501 2864 laudate
2533 2827 2675 2875 eum,
2706 2812 2888 2866 omnia
2923 2813 3101 2867 sidera
3132 2823 3180 2866 et
3210 2812 3324 2866 lux.
3357 2812 3595 2868 Laudate

2000 2911 2142 2963 eum,
2171 2897 2286 2952 caeli
2310 2901 2592 2964 caelorum;
2613 2910 2664 2956 et
2703 2919 2857 2973 aqua:
2876 2921 3036 2973 supra
3066 2905 3219 2958 talos
3248 2904 3465 2959 laudent
3500 2922 3595 2960 no-

2001 3003 2119 3043 men
2155 2989 2388 3045 Domini.
2423 2991 2689 3058 Quoniam
2725 2996 2833 3065 ipse
2866 2997 3003 3051 dixit
3038 3006 3088 3050 et
3125 2996 3271 3067 facta
3300 3005 3447 3064 sunt,
3485 2996 3597 3066 ipse

2006 3086 2066 3145 ᾖ
2095 3084 2361 3138 mandavit
2390 3096 2437 3138 et
2463 3096 2642 3140 creata
2666 3088 2874 3143 sunt".
2904 3086 3103 3142 Verum
3136 3089 3418 3143 enimvero
3444 3097 3596 3145 ante-

2002 3188 2163 3245 quam
2204 3175 2400 3232 cmlum
2446 3176 2585 3232 istud
2612 3178 2788 3242 ﬁeret,
2835 3186 2891 3233 et
2909 3193 3030 3249 qua:
3059 3187 3190 3233 sunt
3218 3192 3384 3248 supra
3412 3181 3592 3234 caelos

2002 3277 2057 3324 et
2101 3282 2223 3338 quae
2292 3267 2346 3323 in
2398 3267 2539 3324 coelo
2592 3268 2742 3338 (nam
2790 3270 2974 3324 Olttltia
3033 3285 3130 3339 per
3159 3284 3325 3324 unum
3374 3270 3594 3325 condita

2002 3374 2124 3417 esse
2173 3359 2621 3431 demonstratur),
2680 3369 2796 3414 erat
2824 3358 2993 3415 Filius
3041 3361 3157 3427 Dei,
3202 3369 3259 3417 et
3288 3375 3391 3417 suo
3437 3359 3591 3415 Patri

2003 3453 2212 3517 aderat,
2263 3466 2386 3506 cum
2436 3449 2615 3505 adhuc
2673 3449 2936 3520 cogitaret
2985 3450 3052 3505 de
3081 3450 3303 3506 istorum
3347 3451 3592 3508 omnium

2002 3542 2300 3598 creatione.
2332 3539 2459 3596 Ideo
2505 3541 2603 3606 ait,
2640 3540 2773 3597 Cum
2805 3553 3017 3612 pararet
3048 3541 3226 3608 calas,
3276 3543 3324 3597 ei
3350 3542 3591 3598 aderam.

2002 3636 2139 3691 Tum
2173 3651 2304 3692 vero
2356 3645 2613 3707 tanquam
2643 3637 2895 3710 egregius
2942 3638 3161 3708 quidam
3200 3638 3380 3710 pictor
3397 3640 3594 3697 arche-

2002 3735 2183 3798 typos,
2241 3726 2451 3797 species
2498 3729 2569 3784 de
2634 3736 2817 3783 mente
2872 3736 3101 3798 paterno
3157 3728 3474 3796 desumens,
3521 3730 3591 3786 ad

2001 3834 2224 3890 operum
2250 3818 2585 3875 substantias
2612 3817 2992 3881 transferebat.
3017 3818 3171 3875 Talia
3195 3830 3251 3876 et
3277 3820 3349 3875 tal
3374 3823 3589 3878 tsmodi

2000 3926 2064 3966 ea
2112 3908 2370 3981 ellingens
2423 3919 2481 3966 et
2518 3909 2852 3980 producens,
2899 3908 3262 3980 qualiusmodi
3300 3912 3357 3967 in
3407 3922 3590 3970 mente

2000 4001 2179 4057 Patris
2212 4001 2642 4069 prazexsislentia
2673 4001 2907 4057 viderat.
2952 4001 3154 4059 Horum
3179 4004 3399 4074 quidem
3434 4005 3591 4063 testis

2000 4090 2105 4147 ﬁde
2125 4090 2338 4169 dignus
2364 4093 2438 4149 sit
2468 4093 2583 4164 ipse
2611 4093 2664 4148 in
2697 4092 2992 4164 Evangelio
3023 4095 3406 4162 aiensten,
3435 4114 3588 4154 amen

1998 4181 2117 4235 diro
2146 4183 2307 4247 vobis,
2331 4198 2433 4237 non
2453 4192 2618 4254 potest
2636 4181 2809 4240 Filius
2836 4203 2869 4240 a
2895 4187 3063 4257 seipso
3086 4188 3263 4256 facere
3277 4188 3584 4259 quidquam,

2000 4275 2104 4328 nisi
2146 4276 2287 4342 quod
2315 4276 2507 4330 viderit
2559 4273 2777 4330 Patrem
2811 4276 3108 4346 facientem.
3143 4278 3275 4345 Qum
3298 4289 3474 4334 autem
3497 4280 3588 4335 ille

1999 4364 2148 4434 facit,
2170 4365 2352 4420 eadem
2378 4382 2585 4436 quoque
2636 4366 2885 4421 similiter
2927 4375 2977 4421 et
3023 4365 3203 4422 Filius
3223 4367 3377 4437 facit.
3425 4368 3590 4423 Pater

1996 4454 2184 4509 etenim
2213 4455 2387 4526 diligit
2412 4452 2638 4523 Filium,
2663 4465 2713 4511 et
2741 4458 2922 4511 omnia
2957 4458 3041 4511 illi
3080 4459 3308 4511 ostendit
3331 4474 3450 4527 qua:
3476 4458 3589 4529 ipse

2001 4546 2127 4617 facit
2151 4547 2218 4603 ⁸⁸.
2234 4546 2469 4617 llicjure
2492 4550 2689 4605 merito
2704 4550 2829 4621 quis
2850 4549 3288 4620 interrogaverit,
3319 4551 3588 4620 quomodo

2001 4654 2087 4706 ea,
2114 4655 2232 4710 quae
2256 4640 2418 4697 Pater
2439 4641 2607 4698 semel
2632 4639 2789 4708 fecit,
2808 4640 3003 4697 iterum
3024 4639 3194 4696 Filius
3222 4641 3414 4698 eadem
3444 4641 3589 4699 lece-

2002 4732 2110 4788 rit?
2139 4732 2431 4801 Quaestioni
2474 4732 2768 4805 respondet
2815 4732 2907 4788 ille
2940 4733 3058 4803 ipse
3101 4734 3357 4804 inquiens
3394 4749 3411 4791 :
3456 4733 3588 4801 Qua

2003 4821 2171 4878 Pater
2189 4824 2341 4894 facit.
2363 4824 2545 4879 eadem
2577 4832 2627 4879 et
2650 4822 2825 4879 Filius
2859 4823 3106 4880 similiter
3126 4826 3280 4896 facit.
3316 4825 3586 4894 Quocirca

2005 4931 2128 4987 qua
2149 4917 2281 4972 facit
2314 4916 2485 4972 Filius
2512 4914 2924 4973 similitudinem
2950 4917 3197 4974 referunt
3217 4933 3443 4991 operum
3490 4934 3585 4973 ar-

2005 5010 2383 5082 chetyporum,
2435 5023 2557 5081 qua:
2597 5008 2708 5079 jam
2754 5018 2883 5065 ante
2933 5009 2986 5064 in
3033 5009 3351 5065 abscondita
3406 5006 3586 5073 Patris

2006 5110 2188 5157 mente
2214 5100 2525 5156 exstabant.
2564 5100 2694 5169 Qua:
2727 5116 2851 5157 cum
2886 5101 2940 5156 in
2976 5110 3158 5157 mente
3191 5111 3415 5172 paterna
3437 5100 3583 5160 indi-

2004 5200 2214 5247 stanter
2236 5196 2513 5247 iutueatur
2568 5191 2634 5248 ad
2667 5206 2856 5247 eorum
2874 5190 3281 5249 similitudinem
3304 5200 3580 5263 operatur.

388 5388 450 5448 vis
490 5380 591 5439 Ed.
620 5379 1126 5451 Paris.,pag.165.
1215 5377 1260 5411 ⁸⁷
1291 5375 1436 5432 Psal.
1486 5390 1714 5440 omni,
1778 5374 1897 5431 1-5.
1975 5374 2021 5408 ⁸⁸
2068 5374 2228 5430 Joan.
2280 5391 2335 5442 v,
2394 5376 2478 5442 l9,
2511 5375 2603 5431 30.

383 5542 495 5617 (14)
525 5540 707 5617 Vulgo
754 5538 1018 5611 ἡτοίμασε
1062 5537 1189 5617 τοὺς
1242 5535 1506 5609 οὐρανούς
1553 5543 1609 5591 et
1645 5549 1769 5590 mox
1806 5551 1892 5599 τις

310 5611 861 5696 «examen;
975 5678 1000 5688 -
1450 5673 1853 5696 __.

382 5673 505 5755 (15f
518 5673 638 5755 Κὰζ
645 5673 764 5755 πρὸ
789 5677 910 5755 τῶν
928 5678 1058 5745 τῆς.
1091 5674 1521 5755 [τεαειιιιλιιηιςον
1538 5674 1635 5755 καὶ
1661 5673 1767 5745 πρὸ
1792 5674 1890 5755 τῆς

307 5743 424 5810 τῶν
439 5743 680 5824 γενητῶν
689 5743 950 5824 ἆπάντων
968 5743 1556 5824 συστάσεωὶῶν.“ὓς.ς-
1573 5746 1679 5819 Mp.
1707 5743 1891 5814 προὼν

308 5814 573 5898 τῆςμτῶνξ
596 5822 713 5898 Mox
740 5822 885 5898 vulg.
921 5818 1233 5898 συστάσεως
1257 5814 1353 5898 tim;
1390 5815 1519 5898 6_§e’.

384 5885 500 5967 (16)
531 5896 638 5949 Kal
680 5885 883 5961 παρῆν
907 5887 1004 5955 τῷ.
1042 5889 1183 5961 Lege
1212 5885 1383 5957 αὐτῷ.
1418 5886 1486 5941 bl.

2066 5535 2183 5605 (17)
2205 5533 2380 5605 Vulgo
2405 5536 2501 5591 καὶ
2524 5535 2636 5590 τῶν
2671 5537 2750 5591 ἐν.

2067 5605 2178 5678 (18)
2205 5604 2385 5678 _Yul’go
2406 5610 2567 5678 deest
2590 5607 2682 5672 τά,
2714 5604 2859 5678 (ιιιρύ
2888 5605 3000 5676 jam
3036 5606 3329 5678 supplevit.

2098 5674 2179 5751 l9)
2204 5674 2381 5751 iulio
2405 5675 2548 5750 [τοῦ]
2582 5674 2839 5751 9094995-

2088 5744 2181 5819 20)
2209 5744 2485 5819 Παρῆν’τε
2515 5744 2610 5803 αἰαὶ
2640 5744 2805 5819 συνῆν
2838 5745 2918 5802 ἔτι
2958 5745 3116 5819 ‘Mp.;
3155 5761 3280 5802 mox
3323 5744 3488 5817 vulgo

1997 5817 2330 5888 ,mxayov
2356 5817 2477 5873 καί.
