2079 3195
260 208 312 236 999

593 198 980 232 EUSEBIICESARIENSIS
997 199 1074 228 OPP.
1095 197 1185 226 PARS
1201 197 1248 227 IV.
1267 213 1296 218 —-
1321 193 1534 226 DOGMATICA.

1824 194 1835 221 Ι
1842 193 1898 222 000

261 267 337 300 Quod
358 273 422 293 vero
436 265 574 292 intueatur
587 262 720 298 profunda
740 261 831 290 Patris
842 262 895 294 sui.
912 261 939 289 id
949 261 1049 289 amoris

1111 261 1135 287 n';
1150 259 1274 286 δύναται
1289 260 1306 285 ὁ
1327 259 1394 291 Υίὸς
1406 257 1503 285 ποιεῖν
1518 257 1573 293 (21)
1590 257 1681 285 οὐδὲν
1701 256 1752 292 ἀφ’
1771 256 1897 288 ἑαυτοῦ,

261 312 365 348 paterni
382 318 450 346 opus
464 317 534 341 esse,
551 308 694 336 manifeste
714 308 802 341 docet,
820 307 944 342 inquiens
963 307 990 334 in
1004 314 1048 333 se-

261 358 417 394 quentibus,
443 356 516 383 Nam
539 354 622 382 Pater
646 354 733 389 diligit
762 353 876 386 Filium,
903 358 929 380 et
960 352 1047 379 omnia

262 404 374 432 ostendit
388 403 422 431 ei.
438 402 485 430 Est
496 402 549 429 hoc
559 408 624 436 ergo
639 400 767 428 iudicium
780 399 869 426 Patris
882 397 1050 426 ostendentis

262 457 309 477 sua
325 457 407 484 opera
419 448 578 476 abscondita
592 456 599 474 :
611 454 671 481 quae
683 447 746 473 dum
761 445 920 473 abscondita
932 445 1051 471 intuetur

261 495 359 529 Filius,
373 502 455 530 opere
471 495 529 529 ipso
560 496 733 521 consummat
756 491 862 526 paterni
877 491 918 518 sui
945 489 1050 517 consilii

262 549 354 577 opera.
369 541 410 568 Ad
422 541 494 568 hunc
511 539 619 566 modum
632 546 692 566 cum
708 538 817 565 adesset
839 537 925 567 Patri,
946 540 974 563 et
997 542 1051 562 una

261 595 324 615 cum
339 588 435 615 eodem
447 586 544 613 fuisset
554 592 672 619 semper,
686 588 742 611 tum
754 591 815 610 cum
829 582 929 610 cmlum
945 588 1051 616 praepa-

262 637 347 665 raret,
366 637 394 660 et
407 640 467 667 qua:
481 632 574 659 insunt
594 630 672 658 caelis
693 639 701 657 :
725 630 777 656 hoc
801 628 893 656 docuit
915 627 1051 661 inquiens,

263 677 329 705 Cum
344 682 503 712 prtzpararet
526 677 628 708 caelum,
652 676 693 702 illi
709 675 828 702 aderam.
853 674 906 701 Sed
929 678 957 701 et
974 673 1053 700 Pater

263 724 421 759 priusquam
441 723 568 750 mundum
581 722 721 753 conderet,
737 721 764 747 in
778 728 810 747 eo
827 719 970 755 gaudebat,
993 719 1053 745 uui-

263 769 383 804 genitum
402 776 481 796 suum
495 768 592 796 Filium
607 767 720 794 intuitus
733 774 741 793 ι
759 770 786 793 et
810 769 939 799 tanquam
954 765 980 791 in
993 772 1054 798 spe-

265 815 327 842 culo
342 816 459 850 quodam
470 814 644 848 semetipsum
660 813 688 840 in
707 812 752 839 illo
769 811 966 845 contemplatus
981 810 1055 837 laeta-

264 866 353 894 batur.
363 862 508 896 Quocirca,
520 860 608 894 inquit
622 859 772 893 Sapientia,
785 866 794 883 ι
806 857 861 892 Ego
876 864 949 884 eram
963 856 988 883 in
1000 862 1054 890 qua

264 911 385 948 quotidie
400 908 545 944 gaudebat.
562 916 571 932 ι
590 906 643 933 Sed
658 910 685 932 et
699 904 784 932 Filius
806 904 863 938 ipse
887 901 1054 930 laetabundus

264 947 362 993 gaudio
381 954 535 990 replebatur
556 953 582 979 in
607 951 691 979 Patre
706 958 756 978 suo
771 948 976 983 conspicienda.
999 947 1056 974 Hoc

265 1004 398 1038 siquidem
416 1002 473 1036 ipse
490 998 598 1026 edocuit
620 997 756 1032 inquiens,
767 995 892 1023 Lwtabar
906 998 993 1022 autent
1009 1000 1054 1028 ego

265 1056 354 1077 coram
370 1048 417 1074 illo
428 1046 498 1074 omni
511 1051 635 1080 tempore.
655 1043 768 1077 Quando
779 1042 922 1069 laetabatur
941 1040 975 1067 ob
988 1047 1056 1066 con-

265 1098 430 1123 summatum
441 1097 571 1119 terrarum
578 1090 683 1117 orbem.
696 1087 746 1116 Ubi
758 1095 807 1123 per
815 1092 950 1114 terrarum
963 1085 1056 1113 orbem

266 1139 442 1173 intelligebat,
460 1135 645 1164 universitatis
669 1133 896 1168 complexionem,
922 1134 951 1163 Β
975 1138 1056 1165 quam

266 1188 300 1214 de
310 1194 364 1214 non
379 1192 439 1212 esse
453 1183 486 1210 ad
509 1189 570 1209 esse
594 1181 752 1216 productam
768 1187 816 1214 per
831 1178 929 1205 Filium
946 1178 1058 1216 intuitus

266 1232 455 1259 universorum
475 1229 546 1256 Deus
561 1226 758 1255 oblectabatur.
787 1224 915 1252 Veritatis
940 1214 1009 1250 ratio
1026 1223 1058 1250 de

266 1284 344 1304 sacra
354 1275 493 1309 Scriptura
505 1274 621 1301 deducta
629 1272 748 1299 breviter
760 1275 787 1298 et
800 1278 846 1306 per
858 1269 1058 1303 compendium,

267 1322 320 1350 ista
337 1326 389 1350 est.
402 1321 447 1348 llle
462 1325 553 1347 autem
572 1320 713 1346 desursum
737 1318 763 1344 in
783 1324 892 1344 carnem
905 1314 1059 1343 Servatoris

267 1368 360 1395 intime
372 1367 498 1402 positam,
512 1370 602 1392 mente
616 1371 663 1392 sua
674 1364 801 1391 detrusus
813 1361 892 1392 abiit.
903 1366 1059 1396 pervertens

268 1413 348 1441 simul
362 1418 390 1441 et
404 1411 627 1446 interpretatione
644 1410 797 1444 depravans
822 1414 914 1434 veram
928 1407 1060 1434 divinitus

269 1460 406 1495 inspirata:
423 1457 571 1492 Scriptum
587 1455 760 1483 sententiain.
779 1453 832 1480 Sed
849 1457 876 1480 et
893 1453 927 1479 ad
943 1451 1059 1479 Verbum

269 1506 340 1533 facta
356 1504 526 1534 transitione,
544 1502 592 1534 ait,
620 1502 693 1528 intus
722 1499 794 1527 aliud
817 1499 904 1533 ipsum
921 1498 948 1525 in
968 1498 1058 1529 Patre,

271 1558 398 1586 tanquam
416 1549 596 1583 colloquendo
607 1555 669 1575 cum
694 1554 726 1574 eo
747 1551 773 1573 et
792 1545 947 1579 cogitando,
960 1544 1059 1572 caelum

269 1603 446 1632 praeparasse.
461 1594 592 1629 Loquitur
600 1599 690 1620 autem
701 1592 812 1619 disertis
823 1591 930 1618 verbis:
945 1599 953 1616 ε
966 1589 1059 1616 Prius-

272 1652 283 1669 ι
299 1650 380 1678 quam
407 1641 523 1669 mundus
551 1640 726 1670 conderetur,
746 1642 806 1665 erat
820 1636 939 1664 Verbum
967 1636 993 1662 in
1010 1642 1060 1662 suo

272 1697 283 1715 c
299 1689 380 1716 Patre
399 1695 479 1715 :cutn
494 1694 559 1714 vero
578 1686 649 1713 Deus
660 1684 833 1719 omnipotens
850 1683 941 1710 omnia
954 1690 1015 1717 quae
1033 1681 1060 1708 in

274 1744 284 1760 ι
299 1735 369 1762 caelo
391 1737 418 1762 et
437 1734 464 1761 in
490 1733 571 1761 terris
590 1736 662 1763 sunt,
691 1731 840 1766 producere
866 1728 1061 1764 proposuisset,

274 1791 284 1808 ι
302 1780 394 1808 mundi
424 1779 564 1815 productio
591 1777 743 1812 operatrice
770 1775 887 1803 elﬁcacia
916 1774 1061 1809 indigebat.

274 1837 286 1855 ι
307 1827 440 1862 Quocirca
451 1834 511 1853 cum
525 1825 591 1852 nihil
605 1828 678 1851 esset
689 1823 761 1850 aliud
773 1827 871 1857 praeter
890 1821 973 1848 Deum
989 1821 1062 1855 (nam

275 1883 286 1900 ι
305 1875 332 1901 in
354 1873 479 1901 confesso
494 1876 536 1898 est
560 1870 651 1898 omnia
677 1868 712 1895 ab
728 1869 774 1895 illo
791 1867 860 1894 facta
874 1866 983 1901 fuisse),
1006 1869 1062 1892 tum

276 1932 287 1948 ι
302 1921 476 1957 progrediens
492 1919 609 1946 Verbum
624 1917 725 1944 factum
740 1915 791 1942 fuit
811 1914 902 1941 mundi
917 1912 1063 1941 conditor:

277 1978 287 1993 ι
307 1975 369 1994 cum
389 1966 445 2000 jam
460 1969 523 1992 ante
540 1964 613 1990 intus
626 1960 849 1990 intellectualiter
872 1959 946 1986 illum
960 1965 1066 1993 prtepa-

276 2023 287 2039 ο
305 2016 390 2044 raret,
402 2010 473 2046 quod
484 2015 559 2037 vates
575 2009 621 2036 ille
642 2008 770 2035 Salomon
785 2014 835 2033 nos
849 2005 968 2038 edocuit,
999 2003 1066 2031 Cum

277 2068 288 2084 ‹
310 2059 403 2085 calum
434 2060 605 2091 prcpararet,
629 2054 669 2081 illi
685 2054 802 2080 aderam.
819 2061 828 2078 ι
852 2051 902 2079 Ubi
920 2051 1066 2078 notandum

275 2103 391 2139 qualiter
402 2106 497 2138 sponte
509 2108 557 2129 sua
567 2100 707 2128 obsurduit
718 2108 724 2126 :
743 2106 792 2125 nec
803 2097 912 2132 agnovit
923 2096 1004 2131 quod,
1014 2103 1068 2122 una

276 2150 396 2182 aderam,
408 2155 460 2175 vox
472 2145 675 2181 signiticetFilii
687 2143 856 2179 praesentiam
865 2142 934 2177 apud
947 2141 1067 2168 Patrem.

275 2195 378 2223 Contra
387 2201 451 2222 vero
463 2193 630 2227 Scripturant
642 2192 698 2225 ipse
714 2189 816 2221 sciscit,
832 2189 903 2224 quod
913 2187 1068 2221 priusquam

277 2241 394 2269 mundus
424 2239 637 2275 produceretur,
663 2235 730 2263 nihil
746 2239 806 2263 erat
830 2233 940 2261 omnino
973 2235 1070 2267 praeter

278 2287 374 2315 Deum.
399 2286 484 2319 Quam
507 2291 600 2312 vocem
622 2283 747 2310 emittere
774 2287 827 2307 non
842 2278 993 2310 exhorruit,
1008 2285 1069 2305 cura
1085 2294 1107 2321 υ

279 2338 369 2361 tamen
384 2331 428 2359 illa
441 2327 525 2358 Filius
547 2330 706 2364 abnegetur.
721 2326 775 2354 Nec
791 2332 928 2353 sacrarum
950 2323 1067 2351 Littera-

280 2386 339 2407 rum
356 2376 514 2405 verecundia
530 2379 619 2402 motus
634 2380 686 2407 est,
698 2380 757 2408 quas
767 2375 909 2403 testantur,
922 2370 994 2405 quod
1003 2374 1068 2397 ante

281 2424 373 2452 mundi
388 2422 592 2458 productionem
606 2421 663 2456 ipse
676 2420 748 2448 solus
765 2419 872 2445 adesset
886 2416 971 2444 Patri.
988 2414 1067 2447 Nam,

280 2479 340 2498 cum
355 2469 441 2501 culos,
466 2469 564 2503 inquit,
591 2467 715 2502 parabat,
730 2467 839 2492 aderam
861 2463 895 2490 ei.
909 2461 1067 2497 Praapositio

281 2516 352 2543 enim
364 2523 435 2548 cum,
449 2515 482 2542 ad
495 2513 666 2549 praesentiam
685 2518 799 2544 annexa,
815 2510 895 2538 unius
905 2515 965 2536 cum
982 2507 1068 2535 altero

281 2569 334 2590 una
355 2561 525 2598 praesentiam
541 2559 685 2595 signiﬁcat.
699 2557 757 2585 Non
768 2556 807 2584 ait
821 2562 886 2590 ergo
908 2552 1069 2588 simpliciter

313 2611 343 2640 )14
361 2608 410 2636 Ed.
424 2607 525 2642 Paris.,
538 2614 602 2642 pag.
616 2605 682 2633 166.

318 2700 375 2762 φὶ)
389 2699 477 2744 Ἶριεο
493 2699 569 2726 οὐδὲν
590 2698 638 2732 ἀφ’
651 2695 749 2724 ἑαυτοῦ
772 2700 800 2724 et
816 2703 879 2723 mox
909 2693 997 2721 ταῦτα
1011 2693 1067 2731 [ἂν]

318 2756 319 2762 η
346 2741 374 2762 et
390 2743 465 2762 αντω
483 2734 570 2762 πάντα
590 2733 734 2759 δείκνυσιν.

284 2733 330 2764 καί
346 2733 374 2762 et
390 2735 465 2770 αξιτῷ
483 2733 734 2770 πάντᾳδείκνμσιν.

321 2770 376 2806 (22)
393 2764 489 2806 Vuljgo
512 2769 532 2806 ᾷ
553 2768 587 2795 δὲ
610 2767 741 2806 ﬁdeqer
763 2764 1072 2806 {lter-agt'Quan-top'e‘rc

284 2798 418 2833 (le‘ist'ius
440 2798 492 2832 loci
518 2798 741 2837 interpretatione
757 2800 894 2837 digladiati
914 2799 986 2828 'sunt
1018 2798 1072 2826 Ca-

286 2840 379 2868 tholici
409 2845 435 2867 et
460 2839 564 2871 Ariani,
590 2835 660 2865 'vide
682 2835 1018 2873 apudP.»Ma_ldonatum,
1046 2838 1073 2859 et

287 2875 523 2943 lvntilcl‘cwfpparebit
555 2869 708 2902 Eusebium'
740 2872 784 2900 hic
822 2869 959 2906 λαθραίως
989 2869 1072 2903 apta-

287 2918 380 2937 νιςειν.
395 2918 430 2937 ΙΙ-

1099 305 1153 332 ἐὰν
1165 304 1209 339 μή
1225 313 1253 331 τι
1268 304 1371 339 ,βλέπῃ
1382 304 1437 331 τὸν
1449 304 1564 338 Πατέρα
1578 303 1732 336 ποιοῦντα,
1750 303 1768 331 ἃ
1787 303 1842 338 γὰρ
1856 303 1900 330 ἂν

1099 351 1213 384 ἐκεῖνος
1229 350 1310 384 ποιῇ,
1325 351 1418 377 ταῦτα
1430 350 1492 387 [ἂν]
1507 350 1555 377 καὶ
1571 351 1679 385 ὁμοίως
1691 352 1707 377 ό
1726 350 1791 382 Υἱὸς
1803 349 1897 377 ποιεῖ.

1107 398 1137 425 '0
1157 399 1212 434 γὰρ
1227 397 1328 431 Πατὴρ
1339 397 1425 432 φιλεῖ
1435 397 1489 423 τὸν
1507 397 1583 427 Υίὸν.
1602 396 1651 422 καὶ
1666 395 1764 422 πάντα
1775 395 1901 423 δείκνυ-

1101 453 1153 473 σιν
1168 444 1258 477 αὐτῷ,
1273 445 1293 471 ἂ
1312 444 1403 477 αὐτὸς
1424 443 1511 471 ποιεῖ.
1532 444 1617 471 Ἔνθα
1629 452 1671 475 τις
1685 443 1796 475 εἰκότως
1810 444 1898 478 ζητὴ-

1103 502 1174 520 σειεν
1190 494 1223 521 ἂν
1243 493 1301 525 πῶς
1319 493 1354 520 τὰ
1372 493 1445 525 ἅπαξ
1470 493 1522 520 ὑπὸ
1536 493 1583 519 τοῦ
1607 493 1714 529 Πατρδς
1734 493 1863 528 γεγονότα
1881 493 1898 518 ὃ

1103 539 1166 570 Υἱὸς
1180 537 1358 571 adem-nota;
1379 538 1544 565 Ἐπελύσατο
1557 539 1580 565 δ’
1596 539 1677 571 αὐτὸς
1691 539 1737 565 τὸν
1759 539 1836 573 λόγον
1850 540 1895 566 εί-

1103 584 1161 611 πών
1170 593 1176 600 “
1196 586 1225 613 Ἃ
1236 586 1291 619 γὰρ
1301 585 1340 612 ἂν
1353 586 1369 611 ό
1383 585 1483 618 Πατὴρ
1501 585 1588 617 ποιεῖ,
1602 585 1695 612 ταῦτα
1709 585 1758 612 καὶ
1785 587 1800 612 ό
1827 586 1898 619 Υἱὸς

1103 631 1210 665 ὁμοίως
1230 630 1317 657 ποιεῖ.
1341 630 1445 657 Οὐκοῦν
1469 630 1593 666 ὁμοίωμα
1618 631 1746 667 τυγχάνει
1768 632 1802 657 τὰ
1825 632 1897 667 πρὸς

1103 675 1150 702 τοῦ
1164 676 1229 702 Υἱοῦ
1241 676 1388 711 γιγνόμενα
1405 676 1491 712 ἔργων
1508 677 1668 713 ἀρχετὺπων
1684 679 1713 704 ὲν
1728 679 1898 714 ἀπορρήτοις

1103 721 1152 748 τοῦ
1173 721 1278 757 Πατρὸς
1314 722 1452 757 λογισμοῖς
1476 723 1730 758 προῦφιπαμένων,
1749 724 1766 750 ἃ
1787 725 1818 760 δὴ
1836 725 1896 759 (‘22)

1105 767 1211 802 βλέπων
1228 768 1328 800 ἀτενῶς
1340 769 1369 794 ὲν
1386 770 1418 804 τῇ
1433 768 1480 795 τοῦ
1494 769 1598 804 Πατρὸς
1612 769 1668 804 (23)
1682 770 1786 805 διανοίᾳ
1799 772 1812 797 ὁ
1828 771 1897 802 Tib;

1106 814 1253 848 μιμήματα
1271 810 1309 839 ὧν
1329 813 1402 848 ἑώρα
1420 813 1522 839 ἐποίει·
1543 813 1574 839 τὸ
1592 812 1614 839 δ’
1630 813 1791 840 ἐποπτεύειν
1811 814 1897 840 αὐτὸν

1104 859 1138 886 τὰ
1160 859 1206 886 τοῦ
1225 859 1421 894 Πατρδς¹βάθη
1445 859 1495 894 τῆς
1517 859 1654 894 πατρικῆς
1677 859 1787 895 ἀγάπης
1805 860 1895 895 ἔργων

1105 902 1174 931 εἶναι
1192 904 1310 939 παρίστη
1337 903 1476 937 διασαερῶν
1503 903 1575 938 ἑξῆς,
1603 904 1650 930 καὶ
1668 903 1763 938 λέγων,
1785 904 1816 931 Ὃ
1838 905 1897 939 τὰρ

1071 940 1092 968 Β
1105 950 1206 983 Πατὴρ
1223 950 1303 984 φιλεῖ
1318 950 1370 976 τὸν
1383 949 1459 981 Υὶὸν,
1475 949 1523 975 καὶ
1535 949 1632 976 πάντα
1647 949 1802 977 δείκνυσιν
1814 949 1898 983 αὐτῷ

1106 995 1225 1028 ἁαύτὸς
1239 995 1325 1022 ποιεῖ.
1341 994 1499 1027 Δεικνὺντος
1513 995 1566 1030 ἄρα
1574 995 1620 1022 τοῦ
1634 995 1740 1030 Πατρὸς
1756 995 1789 1022 τὰ
1798 996 1896 1023 ἑαυτοῦ

1106 1040 1219 1076 κρύφια,
1233 1040 1343 1076 θεωρῶν
1359 1041 1373 1067 ὁ
1388 1041 1460 1072 Υἱὸς,
1475 1040 1605 1075 δι’ἑργων
1622 1040 1721 1077 ὑφίστη
1734 1041 1768 1067 τὰ
1781 1041 1831 1076 τῆς
1840 1049 1895 1068 πα-

1107 1086 1204 1122 τρικῆς
1218 1086 1315 1121 βουλῆς
1330 1085 1408 1122 ἔργα.
1421 1086 1514 1118 Οὕτως
1530 1084 1576 1113 οὖν
1596 1086 1682 1113 συνὼν
1696 1086 1735 1121 τῷ
1746 1087 1832 1123 Πατρὶ
1848 1088 1896 1115 καὶ

1108 1130 1260 1167 συμπαρὼν
1280 1130 1355 1165 αὐτῷ
1371 1130 1595 1167 προετοιμάζοντι
1609 1132 1655 1157 τὸν
1672 1132 1784 1167 οὐρανὸν
1800 1133 1846 1159 καὶ
1861 1133 1897 1160 τὰ

1107 1178 1151 1204 ἐπ’
1168 1177 1252 1213 αὐτῷ,
1267 1177 1340 1204 τοῦτ’
1364 1177 1497 1209 ἐδίδασκε,
1515 1178 1601 1212 λέγων
1612 1186 1619 1193 ·
1640 1179 1744 1205 Ἦνίκα
1760 1180 1897 1214 ἡτοίμαζε

1107 1224 1161 1250 τὸν
1179 1223 1317 1257 οὐρανὸν,
1331 1223 1535 1258 συμπαρήμην
1548 1224 1638 1257 αὐτῷ,
1654 1225 1746 1260 ἔχαιρέ
1762 1234 1791 1251 τε
1805 1227 1819 1252 ὁ
1838 1226 1896 1253 Πα-

1108 1270 1159 1305 τὴρ
1173 1269 1228 1304 (ει)
1243 1266 1307 1305 πρὶν
1323 1270 1340 1304 ἢ
1358 1272 1404 1296 καὶ
1419 1269 1463 1296 τὸν
1481 1270 1581 1305 κόσμον
1598 1271 1732 1305 γενέσθαι,
1754 1272 1793 1303 εἰς
1817 1273 1897 1299 αὐτὸν

1109 1314 1217 1350 ἀφορῶν
1226 1315 1270 1341 τὸν
1283 1315 1378 1342 ἑαυτοῦ
1390 1316 1521 1351 μονογενῆ
1531 1316 1604 1347 Υἱὸν,
1614 1317 1660 1343 καὶ
1669 1317 1743 1344 ὥσπε
1747 1326 1762 1353 ρ
1778 1319 1806 1344 ὲν
1814 1319 1898 1345 εικόνι
1955 1313 1957 1315 ’

1109 1361 1204 1387 ἑαυτὸν
1228 1361 1451 1397 ἐνοπτριξόμενος
1472 1362 1500 1388 ἐν
1518 1362 1601 1397 αὐτῷ.
1615 1363 1660 1389 Διό
1676 1372 1757 1398 φησιν
1771 1365 1787 1399 ὴ
1803 1364 1896 1398 Σοφία,

1113 1416 1123 1432 ι
1134 1406 1203 1441 Ἐγὼ
1210 1406 1306 1444 ἤμηνῇ
1316 1408 1479 1443 προσέχαιρε
1490 1408 1546 1444 (9.5)
1555 1409 1615 1436 καθ’
1622 1410 1737 1445 ἡμέραν.
1745 1420 1754 1436 ι
1764 1410 1843 1436 Ἀλλὰ
1850 1411 1898 1437 καὶ

1109 1454 1124 1480 ό
1137 1453 1200 1484 Υἱὸς
1208 1454 1376 1490 εὐφροσύνης
1392 1455 1552 1491 ἐπληροῦτο,
1568 1456 1735 1491 γαννὺμενος
1749 1457 1796 1483 ἐπὶ
1804 1458 1835 1491 τῇ
1849 1456 1898 1483 τοῦ

1111 1499 1217 1534 Πατρδς
1245 1499 1303 1535 θέᾳ.
1333 1500 1417 1527 Τοῦτο
1446 1501 1511 1535 γοῦν
1535 1501 1616 1533 αὐτὸς
1645 1502 1764 1529 διδάσκει
1792 1502 1897 1537 λέγων·

1110 1546 1326 1580 Ηὺφραινόμην
1336 1546 1370 1572 δὲ
1380 1546 1508 1574 ἐνώπιον
1519 1548 1612 1574 αὑτοῦ
1626 1548 1661 1574 ἐν
1689 1549 1777 1575 παντί
1792 1549 1882 1582 καιρῷ
1894 1557 1900 1564 ·

1112 1591 1156 1617 ὅτε
1178 1591 1342 1627 ηὐφραίνετο
1361 1592 1410 1627 τὴν
1432 1592 1592 1628 οἰκουμένην
1614 1593 1790 1631 συντεῌσαςδ
1812 1596 1901 1621 οἰκον-

1115 1637 1197 1673 μένης
1211 1637 1328 1664 ἐνταῦθα
1338 1638 1484 1674 νοουμένης
1498 1639 1549 1674 τῆς
1561 1638 1615 1665 τῶν
1626 1640 1760 1676 γεννητῶν
1773 1641 1900 1668 ἁπάντων

1115 1683 1346 1719 συμπληρώσεως,
1362 1683 1396 1720 ἧς
1409 1685 1441 1711 ἐκ
1456 1685 1502 1711 τοῦ
1521 1686 1558 1721 μὴ
1574 1686 1650 1717 ὄντος
1667 1687 1707 1718 εἰς
1720 1687 1750 1713 τὺ
1772 1685 1841 1713 εἶναι
1856 1688 1902 1715 διὰ

1114 1729 1161 1755 τοῦ
1184 1729 1248 1755 Υἱοῦ
1263 1730 1464 1765 προαγομένης,
1487 1731 1502 1757 ὁ
1522 1730 1575 1757 τῶν
1594 1730 1721 1757 ἁπάντων
1737 1731 1903 1767 ηὐφραίνετο

1115 1775 1192 1807 Θεός.
1217 1775 1245 1802 '0
1266 1776 1316 1810 μὲν
1330 1773 1376 1802 οὖν
1393 1775 1494 1811 ἀληθὴς
1514 1776 1602 1810 λόγος,
1619 1776 1656 1808 ὡς
1673 1777 1701 1802 ἐν
1726 1776 1837 1812 βραχέσι
1855 1769 1904 1805 καί

1116 1823 1145 1849 ὲν
1159 1823 1281 1858 ὲπιτόμῳ
1297 1821 1485 1857 διηγήσειβϐ)
1503 1823 1702 1858 παριστάμενος
1715 1824 1748 1849 ἑκ
1765 1823 1814 1858 τῆς
1828 1823 1903 1855 θείας

1116 1867 1238 1903 Γραφῆς,
1252 1867 1371 1899 τοιοῦτός
1389 1875 1430 1899 τις
1442 1867 1474 1894 ἂν
1490 1867 1545 1903 εἴη’
1563 1868 1577 1894 6
1592 1867 1614 1893 δ’
1629 1868 1730 1895 ἄνωθεν
1747 1869 1904 1904 κατωφερό-

1120 1921 1209 1948 μενος,
1223 1913 1269 1939 ἐπὶ
1277 1913 1326 1948 τὴν
1337 1913 1426 1949 σάρκα
1438 1913 1485 1939 τοῦ
1502 1914 1627 1948 Σωτῆρος
1638 1914 1714 1949 ἡμῶν
1725 1913 1773 1950 τὴν
1785 1914 1904 1941 διάνοιαν

1118 1958 1255 1992 ἐξώκειλε,
1268 1959 1449 1994 παρατρέπων
1465 1959 1512 1985 καὶ
1529 1959 1744 1994 παρερμηνεύων
1757 1960 1803 1986 τὸν
1816 1960 1903 1995 ἀληθῆ

1119 2004 1181 2031 νοῦν
1188 2004 1238 2039 τῆς
1255 2004 1431 2031 θεοπνεύστου
1444 2004 1564 2040 Γραφῆς.
1579 2006 1659 2032 Ἀλλὰ
1676 2007 1721 2032 καὶ
1737 2006 1783 2032 ἐπὶ
1796 2006 1841 2032 τὸν
1853 2006 1905 2032 A6-

1119 2057 1167 2083 γον
1185 2049 1315 2084 μεταϐὰς,
1338 2049 1418 2076 αὑτὸν
1434 2048 1503 2077 εἶναι
1519 2058 1586 2085 φησι
1599 2050 1644 2076 τὸν
1665 2050 1737 2076 ἔνδον
1755 2051 1783 2076 ὲν
1796 2050 1835 2085 τῷ
1848 2051 1905 2077 Πα-

1120 2094 1174 2129 τρὶ,
1191 2094 1229 2125 ὼς
1246 2095 1275 2120 ὲν
1295 2093 1459 2129 διαλογισμῷ
1480 2094 1527 2120 καὶ
1543 2096 1573 2120 ὲν
1592 2094 1717 2130 θυμήσει,
1734 2094 1779 2121 τὸν
1791 2095 1905 2128 οὐρανὸν

1121 2138 1298 2174 ὴτοιμακὰτα.
1314 2139 1408 2173 Ἔλεγε
1422 2138 1486 2173 γοῦν
1502 2139 1594 2171 αὐτοῖς
1608 2140 1711 2174 ῥήμασι
1733 2140 1799 2175 (27)·
1828 2150 1837 2165 ι
1849 2140 1906 2175 Πρὸ

1125 2195 1134 2210 ί
1151 2184 1205 2220 γὰρ
1221 2184 1267 2211 τοῦ
1289 2184 1334 2211 τὸν
1354 2185 1455 2220 κόσμον
1475 2185 1595 2220 ποιῆσαι,
1620 2183 1654 2221 ἦν
1675 2186 1688 2212 ὁ
1708 2186 1793 2219 Λόγος
1816 2186 1845 2212 ὲν
1868 2184 1906 2220 τῷ

1125 2240 1134 2256 ι
1149 2230 1246 2266 Πατρί.
1261 2231 1325 2257 Ὅτε
1336 2231 1363 2257 δὲ
1374 2232 1388 2257 6
1396 2230 1662 2266 παντοκράτωρθεὺς
1673 2231 1760 2257 πάντα
1772 2230 1805 2257 τὰ
1818 2231 1846 2257 ὲν
1859 2231 1908 2256 οὑ·-

1126 2286 1136 2303 ‹
1154 2279 1243 2313 ρανοίς
1256 2278 1302 2304 καὶ
1314 2277 1347 2304 τὰ
1363 2278 1408 2304 ἐπὶ
1421 2278 1470 2313 τῆς
1484 2280 1536 2312 γῆς
1550 2277 1661 2313 ποιῆσαι
1675 2276 1814 2313 προέθετο,
1833 2277 1907 2312 ὲνερ-

1125 2333 1134 2349 ι
1152 2323 1229 2358 γείας
1244 2324 1261 2359 ἡ
1276 2323 1323 2349 τοῦ
1341 2323 1445 2359 κόσμου
1459 2324 1564 2358 γένεσις
1585 2323 1670 2349 ἐδεῖτο
1685 2322 1844 2358 δραστικῆς.
1860 2322 1906 2348 καὶ

1124 2379 1133 2395 ι
1152 2370 1196 2397 διὰ
1207 2370 1295 2402 τοῦτο,
1312 2370 1425 2406 μηδενὸς
1436 2370 1511 2402 ὄντος
1523 2370 1616 2406 ἑτέρου
1634 2369 1702 2405 πλὴν
1718 2369 1785 2396 Θεοῦ
1807 2369 1906 2404 (πάντα

1124 2423 1133 2440 t
1153 2414 1207 2449 γὰρ
1232 2415 1402 2449 ὁμολογεῖται
1423 2415 1468 2441 ὑπ’
1493 2414 1574 2441 αὐτοῦ
1599 2414 1785 2449 γεγενῆσθαι),
1808 2414 1868 2440 τότε
1892 2414 1907 2440 δ

1122 2469 1132 2485 ι
1152 2460 1237 2495 Λόγος
1254 2460 1394 2496 προελθὼν
1413 2460 1517 2495 ἐγίνετο
1540 2460 1653 2496 ποιητὴς
1668 2459 1715 2486 τοῦ
1732 2459 1845 2494 κόσμον,
1861 2458 1907 2485 καὶ

1122 2516 1132 2533 ι
1152 2507 1283 2543 πρότερον
1289 2506 1361 2534 ἔνδον
1367 2507 1469 2542 νοητῶς
1476 2506 1626 2542 ἑτοιμάζων
1636 2505 1729 2539 αὑτὸν,
1741 2506 1779 2537 ὡς
1790 2506 1907 2532 διδάσκει

1122 2562 1131 2578 ι
1152 2553 1225 2588 ἡμᾶς
1240 2553 1255 2579 ό
1271 2551 1414 2588 προφήτης
1437 2551 1573 2588 Σολομὼν,
1591 2552 1692 2580 Ἠνίκα
1707 2550 1843 2586 ήτοίμαᾰε
1853 2550 1907 2577 τὸν

1158 2694 1213 2728 (25)
1225 2692 1310 2728 Vulgo
1336 2692 1440 2727 διανοίᾳ
1459 2692 1618 2727 μιμήματα.
1637 2690 1698 2719 Mox
1715 2689 1795 2724 Vulgo
1816 2688 1906 2724 ἔργων

1122 2734 1149 2756 et
1162 2729 1235 2764 αὐτῷ
1250 2729 1263 2754 ὁ
1281 2728 1370 2759 αὑτός.
1416 2762 1426 2764 _
1468 2762 1473 2764 _
1648 2733 1652 2735 λ

1158 2762 1226 2798 (ιω
1236 2763 1319 2797 Vulgo
1332 2763 1397 2798 πρὶν
1413 2762 1430 2798 ἢ
1445 2762 1499 2788 τόν.

1162 2800 1217 2835 (ἳὸ)
1234 2798 1319 2833 Vulgo
1339 2799 1416 2833 πρός.
1478 2801 1482 2805 ”

1163 2834 1208 2869 (‘26
1223 2834 1305 2870 Vulgo
1320 2842 1455 2870 παρισαμ.

1162 2871 1219 2906 (ιη
1230 2869 1271 2897 cr.
1287 2877 1313 2904 ρ.
1332 2870 1381 2897 ιθδ
1395 2870 1427 2896 Α.
