4158 6390
352 368 489 429 tam

1288 358 1374 420 DE
1411 356 1952 419 ECCLESIASTICA
1992 358 2381 419 THEOLOGIA
2422 362 2548 417 LIB.
2592 362 2677 418 Ill.

3463 367 3487 423 ί
3498 366 3605 425 002

355 501 378 539 ί
410 481 691 551 οὑρανὲν,
736 476 1143 550 συμπιιρήμην
1183 477 1362 543 αὐτῷ,
1415 477 1652 557 λέγων.)
1708 477 1796 530 Ἐν
1843 471 1924 539 οἷς

2031 457 2085 530 se
2109 475 2345 543 aﬂuisse,
2371 479 2464 532 sed
2496 493 2600 532 una
2632 493 2753 532 cum
2786 476 2948 532 Patre
2975 476 3162 531 fuissm
3194 476 3253 531 Et
3286 476 3445 533 Pater
3499 498 3605 536 non

350 576 615 647 προσήκει
646 571 1042 640 ἐπισκέψασθαι
1074 569 1190 623 τίνα
1223 569 1422 640 τρόπον
1456 567 1804 635 ἐθελοκωςρῶν
1828 568 1922 621 τοῦ

355 666 452 737 μὲν
476 663 888 733 Συμπαρήμην
926 662 1024 715 οὐκ
1053 660 1258 713 ἀκούει’
1291 660 1319 712 ὃ
1354 661 1607 729 σημαίνει
1636 659 1748 729 (9.8)
1776 659 1925 732 διαρ-

355 758 521 828 ῥήδην
566 755 861 826 παρουσίαν
898 752 990 806 τοῦ
1025 753 1152 806 Υἱοῦ
1194 751 1270 822 τῷ
1307 751 1500 822 Πατρί.
1547 752 1925 820 Ἀποφαίνεται

352 845 410 901 δὲ
439 849 504 919 τῇ
535 847 723 919 Γραφῇ
752 845 1025 907 ἐναντίως,
1058 844 1258 917 μηδένα
1288 839 1426 898 εἶναι
1452 844 1637 915 ἕτερον
1655 844 1765 914 ('29)
1788 843 1926 915 πλὴν

351 937 445 990 τοῦ
469 935 601 990 Θεοῦ
630 936 756 1007 πρὶν
776 936 1026 1004 γενέσθαι
1054 936 1124 990 τὰ
1148 936 1434 1007 γενόμενα,
1465 936 1558 989 καὶ
1599 936 1697 989 οὐκ
1740 933 1926 1005 ἔφριξε

352 1029 553 1100 ταύτην
585 1030 740 1098 ἀφεὶς
772 1027 868 1099 τὴν
902 1027 1082 1099 φωνὴν
1115 1028 1412 1100 άρνητικὴν
1441 1024 1605 1083 οὖσαν
1635 1028 1730 1082 τοῦ
1773 1028 1925 1095 Υἱοῦ,

353 1119 472 1173 οὐδὲ
503 1119 599 1189 τὴν
644 1117 794 1170 θείαν
840 1119 1062 1189 Γραφὴν
1111 1118 1493 1189 ἐδυσσωπήθη,
1540 1118 1926 1191 μαρτυροῦσαν

355 1211 460 1283 πρὸ
486 1213 583 1282 τῆς
613 1210 706 1263 τοῦ
734 1208 965 1281 οὐρανοῦ
991 1208 1222 1273 κτίσεως
1253 1210 1413 1280 μόνον
1439 1210 1599 1264 αὑτὸν
1625 1210 1928 1282 συμπαρεῖ-

352 1320 439 1357 ναι
484 1302 563 1373 τῷ
601 1303 794 1376 Ila-cpi,
847 1303 1046 1355 Ἠνίκίι
1095 1303 1226 1373 γὰρ,
1254 1302 1439 1373 φησὶν,
1492 1301 1763 1371 ἡτοίμαζε
1823 1302 1930 1376 τόν

352 1372 629 1463 οὐρανόν,
648 1372 1057 1464 σύμπαρήμην
1094 1372 1274 1458 αὐτῷ.
1304 1372 1365 1447 Ἢ
1392 1392 1499 1462 γὰρ
1530 1391 1652 1447 σὺν
1676 1372 1930 1464 πρόθεσις

352 1486 430 1557 τῷ
469 1489 721 1557 παρεῖναι
767 1485 1136 1557 προσκειμένη
1201 1485 1299 1556 τὴν
1351 1484 1492 1538 κατὰ
1548 1482 1611 1537 τὸ
1654 1483 1786 1537 αὐτὸ
1835 1488 1930 1538 σὺν

356 1575 527 1648 ἐτέρῳ
578 1577 879 1647 παρουσίαν
926 1576 1095 1647 δηλοῖ.
1135 1577 1244 1646 Οὐχ
1287 1575 1472 1640 ἁπλῶς
1516 1572 1609 1629 οὖν
1653 1577 1929 1646 παρεῖναι,

357 1666 491 1721 ἀλλὰ
537 1669 900 1739 συμπαρεῖναι
943 1668 1134 1721 ἑαυτὸν
1187 1666 1266 1738 τῷ
1314 1666 1489 1739 Πατρὶ
1520 1667 1785 1730 διδάσκει,
1836 1666 1931 1719 καὶ

355 1761 385 1814 ό
412 1760 601 1831 Πατὴρ
632 1759 688 1812 δὲ
718 1760 816 1829 οὐχ
844 1759 1025 1823 ἁπλῶς
1061 1758 1297 1831 ἔχαιρεν,
1333 1759 1470 1813 ἀλλὰ
1511 1759 1835 1830 προσέχαιρε
1862 1760 1927 1827 τῇ

356 1829 626 1923 παρουσίᾳ
652 1849 744 1903 τοῦ
774 1851 923 1903 Υίοῦ.
950 1851 1039 1905 Διό
1070 1829 1255 1921 φησιν,
1297 1849 1445 1921 Ἐγὼ
1474 1829 1635 1919 ἤμὴν
1658 1845 1695 1920 ᾖ
1717 1848 1931 1916 προσέ-
1966 1829 2003 1882 Β

356 1960 521 2012 χαιρε
554 1944 679 1995 καθ’
702 1941 949 2011 τ’ψέραν.
982 1961 1001 1994 ι
1035 1943 1108 1995 Τὸ
1137 1943 1193 1995 δὲ
1223 1943 1317 1997 καὶ
1345 1942 1731 2013 εὐφραίνεσθαι
1771 1940 1932 1994 αὑτὸν

355 2032 581 2088 ἐνώπιον
605 2033 698 2087 τοῦ
734 2034 964 2105 Πατρὸς,
999 2033 1115 2097 πῶς
1145 2033 1211 2086 ἂν
1260 2035 1517 2105 ἁρμόσειε
1553 2033 1629 2104 μὴ
1661 2032 1932 2102 ὑφεστῶτι

270 2176 279 2185 ,
356 2127 548 2197 Λόγῳς
598 2129 655 2181 ἐν
708 2125 856 2196 αὑτῷ
892 2124 949 2177 δὲ
993 2124 1071 2194 τῷ
1121 2125 1240 2196 Θεῷ
1280 2124 1391 2178 δντι
1438 2122 1530 2177 καὶ
1584 2123 1933 2194 σημαντικῶς

357 2217 685 2289 ἐνεργοῦντι,
721 2217 979 2288 ἄντικρυς
1022 2215 1114 2269 τοῦ
1162 2214 1547 2288 εὐφραίνεσθαι
1588 2214 1684 2268 καὶ
1720 2213 1813 2267 τοῦ
1848 2216 1933 2267 ἐν·-

354 2308 523 2363 ὠπιον
548 2308 709 2364 αὑτοῦ
724 2308 821 2380 τὴν
839 2306 1134 2362 ὑπόστασιν
1166 2308 1331 2361 αὐτοῦ
1349 2305 1753 2379 παριστῶντων.
1775 2304 1933 2358 Ἀλλὰ

355 2394 560 2450 τούτων
590 2396 901 2469 Μάρκελλος
941 2397 1131 2450 οὐδένα
1162 2394 1316 2465 λόγον
1351 2397 1717 2468 ποιησάμενος
1747 2393 1933 2449 ἀθετεῖ

360 2486 457 2558 μὲν
476 2485 565 2541 τὸν
582 2486 732 2544 Υἰόν.
755 2508 773 2540 ‹
800 2486 970 2558 Λόγον
996 2487 1056 2541 δέ
1088 2505 1247 2559 φησιν
1272 2488 1416 2541 ἔνδον
1440 2487 1569 2541 ὄντα
1594 2490 1650 2540 ἐν
1674 2483 1750 2557 τῷ
1773 2486 1893 2558 Θεῷ
1913 2527 1929 2552 ,

358 2580 489 2633 ποτέ
534 2581 632 2652 μὲν
663 2579 908 2653 ἐνεργείᾳ
940 2580 1200 2651 δραστικῇ
1229 2579 1494 2651 προϊέναι,
1525 2580 1654 2633 ποτὲ
1690 2580 1747 2634 δὲ
1785 2580 1934 2634 ἔνδον

358 2665 496 2724 εἶναι
540 2671 597 2722 ἐν
641 2669 787 2741 αὑτῷ
828 2671 902 2741 μὴ
947 2668 1295 2742 ἐνεργοῦντα,
1337 2671 1431 2723 καὶ
1467 2671 1563 2740 οὐχ
1603 2672 1724 2742 ὁρᾷ,
1760 2667 1841 2724 ὅτι
1873 2669 1935 2723 τὸ

356 2757 536 2827 λέγειν
564 2752 704 2812 εἷναί
729 2776 781 2812 τι
808 2757 959 2823 ἐντὸς
990 2758 1083 2812 καὶ
1116 2758 1272 2822 ἐκτὸς
1299 2759 1390 2811 τοῦ
1424 2757 1557 2811 Θεοῦ
1599 2758 1848 2811 σύνθετόν
1880 2776 1931 2812 τι

357 2850 669 2905 ὑποτίθεται
715 2851 809 2904 καὶ
844 2846 1151 2921 σωματικόν
1184 2851 1383 2915 πάθος·
1418 2852 1555 2921 ὅπερ
1591 2850 1651 2903 οὐ
1692 2850 1848 2921 θέμις
1880 2852 1935 2903 ἐ·-

357 2942 421 2995 πὶ
446 2940 553 3008 (50)
594 2941 695 3011 τῆς
737 2942 1029 3010 άγεννήτου
1064 2940 1156 2993 καὶ
1192 2940 1483 3011 ἀσωμάτου
1513 2939 1724 3009 φύσεως
1758 2956 1935 3013 παρα·

355 3034 625 3105 δέχεσθαι.
659 3032 781 3095 Πῶς
811 3032 868 3085 δὲ
896 3034 989 3086 καὶ
1020 3030 1295 3103 προελθὼν
1325 3034 1353 3085 ὁ
1384 3032 1554 3100 Λόγος
1576 3032 1684 3102 (51)
1728 3032 1936 3101 ἐγίνετο

357 3126 451 3180 τοῦ
481 3126 683 3196 κόσμου
718 3126 975 3196 ποιητής;
1006 3124 1208 3195 πότερα
1231 3122 1443 3196 γλώττῃ
1468 3125 1561 3177 καὶ
1584 3124 1733 3194 φωνῇ
1757 3139 1771 3188 ;
1798 3122 1931 3177 πάν-

358 3235 465 3283 τως
492 3219 661 3291 δήπου
690 3220 782 3270 καὶ⁴
822 3215 1083 3285 διαλέκτῳ
1114 3216 1459 3289 χρησαμένου
1494 3215 1590 3269 τοῦ
1633 3215 1767 3269 Θεοῦ
1788 3232 1802 3245 ·
1835 3216 1929 3269 καὶ

358 3311 462 3365 τίνι
488 3311 553 3364 ἂν
587 3308 825 3381 διελέχθη
852 3309 1077 3380 μηδενὸς
1116 3305 1302 3380 ἐτέρου
1341 3308 1589 3371 συνόντος
1630 3304 1928 3377 (ﬂumini);

359 3402 520 3457 τίνιδ⁸
544 3402 609 3457 ἂν
649 3405 739 3457 καὶ
774 3402 1014 3474 ὡμίλησε
1052 3403 1124 3473 μὴ
1173 3398 1434 3474 παρόντος
1456 3402 1630 3465 τινός;
1658 3401 1771 3471 (55)
1813 3397 1928 3453 ἀλλ’

358 3494 518 3557 αὐτὸς
556 3492 731 3565 ἐαυτῷ
774 3492 1108 3565 προσωμίλει
1153 3494 1302 3563 φωνῇ
1347 3493 1439 3544 καὶ⁵
1484 3491 1743 3561 διαλέκτῳ
1785 3488 1902 3560 χρώ

2024 570 2292 639 gaudebat
2323 569 2521 635 solum,
2558 570 2653 626 sed
2688 569 3046 624 aditetabatur
3083 571 3136 623 in
3185 573 3469 637 praeSentia
3494 573 3603 649 ‘Fi-

2026 660 2104 715 lii.
2127 661 2220 715 Ait
2248 675 2397 730 ergo,
2430 660 2543 731 Ego
2576 677 2720 715 eram
2744 666 2799 716 in
2820 678 2921 733 qua
2956 661 3311 715 delet-labatur
3351 665 3604 732 quotidie.

2026 753 2281 808 Adlmtari
2313 769 2441 809 vero
2463 752 2696 809 Verbum
2727 755 2778 808 in
2815 754 3097 822 praesentia
3123 753 3300 809 Patris
3330 756 3420 824 qui
3456 756 3608 811 dixe-

2028 847 2117 909 rit,
2153 845 2197 898 si
2235 844 2471 899 Verbum
2528 861 2632 899 non
2664 855 2906 900 exstaret
2948 845 3001 899 in
3048 846 3154 899 Deo
3182 846 3506 907 subsistens.
3550 856 3608 903 et

2027 935 2384 1007 signiﬁcative
2424 937 2693 1005 operans?
2749 938 2822 992 ita
2880 936 3132 1007 gaudere,
3174 947 3230 990 et
3257 952 3440 991 coram
3489 938 3603 1003 illo,

2027 1028 2432 1083 subsistentiam
2474 1028 2640 1097 ipsius
2667 1028 2842 1084 ducet.
2874 1026 2968 1081 llis
2995 1037 3174 1082 tamen
3202 1028 3424 1096 insuper
3463 1028 3608 1083 Mar-

2029 1119 2202 1176 cellus
2228 1119 2427 1175 habitis
2463 1119 2657 1174 Filium
2689 1118 2945 1174 refutatu
2972 1114 3207 1174 Verbum
3232 1134 3386 1182 ,vero
3433 1121 3607 1190 inquit

2035 1232 2054 1266 ι
2088 1214 2233 1269 intus
2253 1214 2391 1285 apud
2420 1214 2586 1270 Deum
2603 1215 2870 1270 interdum
2887 1214 3153 1284 prodiisse
3174 1228 3268 1283 per
3291 1211 3605 1267 lacultatcm

2035 1326 2054 1358 ι
2089 1323 2239 1361 suam
2272 1308 2629 1375 operatriccm
2665 1348 2681 1371 ,
2734 1308 3003 1364 interdum
3039 1308 3183 1361 intus
3229 1307 3608 1375 conquievisse

2036 1415 2053 1445 ι
2092 1398 2344 1453 otiosum.
2382 1415 2401 1448 ι
2447 1395 2555 1452 Nec
2593 1397 2826 1450 advertit
2849 1396 2992 1466 quod
3028 1397 3118 1464 qui
3163 1396 3332 1460 dicat,
3378 1401 3436 1457 »Β
3487 1410 3608 1448 esse

2030 1488 2231 1556 aliquid
2258 1489 2400 1542 intra
2433 1498 2489 1543 et
2515 1498 2669 1542 extra
2705 1487 3276 1553 Deum,compositum
3312 1486 3441 1556 quid
3480 1500 3608 1551 sup-

2033 1580 2205 1650 ponit,
2231 1586 2286 1633 et
2306 1579 2642 1649 corporalem
2671 1580 3000 1649 passionem,
3028 1577 3171 1647 quod
3200 1578 3305 1632 nisi
3335 1577 3500 1646 impie
3538 1577 3606 1630 de

2033 1680 2227 1724 natura
2281 1672 2603 1740 incorporea
2655 1686 2759 1725 non
2815 1670 3138 1723 admittitur.
3194 1670 3263 1722 At
3309 1669 3607 1735 procedens

2035 1761 2163 1816 illud
2202 1760 2431 1816 Verbum
2462 1763 2730 1830 quomodo
2756 1762 2916 1818 (iebat
2946 1772 3162 1816 creator
3193 1759 3414 1815 mundi?
3468 1758 3604 1813 Num

2035 1853 2210 1923 lingua
2233 1852 2474 1908 etvoce?
2503 1854 2657 1922 quasi
2690 1854 2829 1909 Deus
2862 1854 3091 1908 dialecto
3117 1863 3376 1908 uteretur.
3399 1854 3467 1906 At
3488 1851 3604 1905 cui-

2034 1960 2158 1999 nam
2186 1944 2611 2011 colloqueretur,
2660 1960 2784 2000 cum
2833 1946 3045 1999 adesset
3080 1960 3238 1999 nemo
3270 1941 3450 1996 alius?
3482 1957 3603 1995 cum

2032 2051 2142 2107 quo
2181 2047 2628 2103 conversaretur,
2674 2048 2937 2104 pra-serite
2979 2035 3164 2090 nullo?
3201 2035 3306 2089 Sed
3332 2049 3398 2087 eo
3448 2032 3608 2086 modo

2033 2142 2216 2183 secum
2250 2125 2678 2194 colloquebatur,
2712 2141 2845 2180 voce
2872 2134 2923 2181 et
2954 2122 3182 2179 ilislectu
3212 2137 3362 2189 usus,
3391 2130 3450 2176 ut
3476 2120 3608 2175 Ver-

2031 2214 2157 2270 bum
2197 2230 2262 2270 ex
2288 2216 2406 2284 ipso
2428 2215 2865 2285 progrederetur.
2899 2215 2965 2268 Et
2992 2214 3084 2282 qui
3111 2213 3324 2268 tandem
3360 2226 3465 2266 non
3490 2210 3608 2264 haec

2032 2322 2130 2376 pro
2172 2306 2325 2361 libito
2364 2306 2653 2369 eﬂecisset,
2707 2320 2802 2374 per
2852 2303 3165 2361 facultatem
3224 2303 3604 2372 operatricem,

2032 2415 2155 2454 cum
2177 2401 2319 2454 intus
2348 2400 2401 2453 in
2444 2399 2563 2467 ipso
2590 2407 2735 2453 esset
2765 2398 3000 2453 Verbum
3025 2413 3043 2463 ;
3076 2412 3197 2451 cum
3227 2396 3308 2450 vel
3338 2396 3477 2450 inter
3515 2397 3608 2451 lio-

2032 2490 2211 2543 mines
2258 2489 2505 2544 artiﬁces
2555 2489 2799 2558 plerique
2841 2488 3059 2542 silentio
3109 2485 3395 2555 perficiant
3440 2500 3604 2555 opera

2032 2594 2159 2646 sua;
2189 2581 2296 2636 imo
2320 2590 2429 2636 tum
2464 2581 2546 2636 vel
2570 2579 2940 2636 efﬁcacissime
2958 2589 3271 2649 operantur,
3302 2594 3421 2634 cum
3446 2591 3605 2633 nemo

2032 2686 2155 2726 cum
2204 2671 2337 2740 ipsis
2381 2686 2619 2744 prasens
2652 2674 2789 2727 adsit
2819 2672 3003 2739 ?Quid
3041 2672 3263 2741 impedit
3314 2671 3604 2739 quominus

2034 2761 2178 2817 Deus
2203 2761 2268 2817 ad
2302 2767 2444 2819 hunc
2475 2765 2689 2819 modum
2722 2764 3036 2832 produxerit
3073 2765 3323 2817 universa
3348 2801 3365 2827 ,
3401 2776 3523 2817 cum
3548 2762 3602 2816 iu

2033 2867 2095 2909 se
2108 2855 2333 2910 haberet
2358 2856 2559 2926 logun?
2592 2857 2663 2911 At
2696 2854 2786 2909 ille
2821 2863 2876 2908 et
2903 2855 3195 2924 imaginem
3220 2853 3471 2924 proponit
3496 2862 3607 2908 sta-

2035 2946 2220 3012 tuarii,
2264 2946 2340 3000 ita
2376 2962 2500 3002 cum
2547 2962 2649 3002 suo
2691 2947 2872 3001 animo
2918 2961 3198 3002 sermones
3229 2947 3464 3002 serentis
3489 2986 3505 3012 ,
3549 2957 3605 3001 et

2033 3038 2271 3109 seipsum
2305 3039 2663 3110 alloquentis:
2700 3059 2719 3091 ι
2754 3038 2868 3108 Age
2909 3038 3189 3103 faciamus,
3216 3055 3315 3106 age
3344 3039 3608 3110 ﬁngamus

2034 3138 2327 3184 statuam.»
2353 3129 2487 3186 Nam
2503 3131 2570 3184 ad
2595 3132 2753 3185 istum
2784 3132 3001 3185 modum
3022 3132 3336 3200 contingunt
3367 3130 3604 3184 universi

2035 3223 2368 3278 conditorem
2401 3221 2568 3277 Deum
2595 3222 2736 3293 apud
2763 3222 3002 3276 animum
3041 3237 3197 3276 suum
3227 3223 3451 3288 dixisse,
3483 3219 3598 3277 Fa-

2033 3316 2235 3367 ciamus
2259 3313 2515 3367 hominem
2542 3312 2614 3378 ¹⁹,
2647 3324 2706 3367 ut
2726 3312 2925 3380 smpius
2955 3323 3230 3368 ostensum
3257 3323 3340 3368 est
3374 3314 3429 3368 in
3459 3326 3599 3381 pra:-

2033 3404 2373 3467 cedentibus,
2414 3404 2553 3457 unde
2581 3402 2716 3457 satis
2744 3404 2936 3473 opinor
2967 3401 3316 3472 patefactum,
3345 3405 3599 3473 abnegari

2032 3494 2102 3548 ab
2158 3492 2248 3548 illo
2280 3491 2476 3548 Filium
2514 3492 2629 3547 Dei.
2674 3492 2829 3562 Sapit
2867 3493 3011 3548 enim
3062 3493 3220 3562 plane
3269 3492 3602 3549 Judaismum

360 3602 538 3657 μενος,
565 3585 639 3649 ὼς
658 3586 856 3640 καὶτὸν
880 3585 1049 3653 Λόγον
1074 3583 1131 3650 ἐξ
1160 3583 1323 3637 αὑτοῦ
1352 3580 1654 3653 προελθεῖν.
1679 3579 1790 3634 Καὶ
1814 3577 1929 3642 πῶς

2033 3592 2326 3658 aliirmare,
2381 3592 2524 3659 quod
2577 3592 2737 3652 Deus.
2768 3593 2861 3662 qui
2893 3594 3126 3648 habebat
3172 3594 3316 3649 intus
3354 3584 3603 3649 Verbum

356 3676 479 3749 οὐχὶ
512 3678 604 3731 καὶ
630 3676 775 3730 ἔνδον
805 3678 956 3741 ὄντος
988 3678 1045 3729 ἐν
1071 3674 1220 3745 αὐτῷ
1246 3673 1337 3727 τοῦ
1362 3673 1534 3742 Λόγου
1556 3671 1817 3743 δραστικῇ
1839 3669 1931 3721 δυ-

2031 3699 2213 3750 suum,
2264 3684 2615 3753 semetipsum
2648 3684 2913 3739 allocutus
2947 3685 3021 3739 sit
3056 3686 3122 3739 ad
3149 3684 3309 3739 istum
3362 3684 3600 3739 modum.

358 3762 521 3838 νάμει
564 3768 716 3822 ταῦθ’
756 3769 899 3839 ἆπερ
935 3768 1182 3821 ἐϐούλετο
1213 3764 1462 3836 συνίστη;
1505 3764 1624 3817 ἐπεὶ
1664 3762 1758 3815 καὶ
1803 3761 1931 3831 παρ’

2031 3771 2139 3836 Sed
2173 3782 2355 3836 dicere
2385 3782 2563 3851 ipsum
2615 3796 2736 3838 esse
2781 3781 3000 3837 Patrem
3025 3779 3183 3837 Verbi
3205 3784 3345 3850 ejus,
3379 3783 3521 3853 quod
3548 3783 3599 3837 in

359 3856 666 3928 ἀνθρώποις
693 3859 742 3911 οἱ
769 3857 1005 3911 πλεῖστοι
1030 3855 1138 3910 τῶν
1183 3853 1529 3927 δημιουργῶν
1560 3852 1653 3906 καὶ
1687 3849 1906 3903 σιωπῶν

2031 3883 2148 3951 ipso
2200 3893 2360 3947 erat,
2397 3849 2452 3937 et
2481 3883 2678 3940 Filium
2710 3884 2827 3954 ejus
2884 3901 3026 3951 esse,
3079 3885 3314 3953 quodin
3345 3849 3463 3954 ipso
3483 3896 3605 3940 erat

359 3964 449 4010 τες
475 3948 541 4000 τὰ
569 3948 776 4002 ἑαυτῶν
800 3947 1109 4003 ἐκτελοῦσιν
1133 3945 1291 4017 ἔργα,
1326 3945 1421 3998 καὶ
1458 3942 1688 4014 μάλιστα
1708 3939 1816 4009 (54)
1844 3939 1933 3990 ὅτε

364 4036 553 4109 μηδεὶς
576 4039 758 4102 αὐτοῖς
805 4038 1034 4110 παρέστι
1066 4034 1486 4107 δημιουργοῦσν
1521 4032 1572 4085 τί
1597 4027 1688 4086 οῦν
1728 4029 1931 4083 ἐκώλυε

361 4127 454 4180 καὶ
480 4128 573 4180 τὸν
596 4127 726 4181 Θεὸν
748 4128 889 4183 οὕτω
913 4144 1027 4191 πως
1051 4126 1120 4180 τά
1150 4125 1325 4179 πάντα
1353 4120 1719 4193 συστήσασθαι
1742 4119 1933 4189 ἔχοντα

359 4205 416 4275 ὲν
445 4218 593 4290 αὺτῷ
631 4218 720 4273 τὸν
761 4220 953 4289 λόγονς
992 4221 1021 4271 ὁ
1062 4218 1118 4271 δὲ
1172 4217 1266 4270 καὶ
1327 4213 1638 4269 ὑποτίθεται
1714 4210 1898 4264 εἰκόνα
1975 4210 2413 4282 ἀνδριαντοποιοῦ
2484 4214 2661 4284 ἐαυτῷ
2723 4215 3242 4288 προσδιαλεγομένου
3314 4216 3407 4268 καὶ
3468 4212 3605 4284 πρὸς

358 4313 547 4369 ἐαυτὸν
592 4314 911 4383 φάσκοντος,
943 4332 961 4363 ι
988 4314 1123 4379 Ἀγε
1144 4311 1479 4381 ποιήσωμεν,
1522 4307 1622 4374 ἄγε
1645 4304 1939 4373 πλάσωμεν
1955 4302 2262 4374 ἀνδριάντω
2292 4327 2311 4360 ι
2341 4306 2481 4360 οῦτω
2505 4308 2614 4380 γάρ
2639 4324 2771 4378 φασι
2802 4309 2895 4361 καὶ
2926 4307 3017 4360 τὸν
3039 4307 3146 4360 τῶν
3175 4306 3311 4361 ὅλων
3334 4306 3602 4373 δεσπότην

355 4407 486 4460 Θεὸν
515 4404 648 4477 πρὸς
682 4404 871 4459 ἐαυτὸν
903 4402 1182 4475 εἰρηκέναι
1216 4386 1276 4453 τὸ
1322 4397 1671 4465 Ποιήσωμεν
1707 4394 2039 4461 ἄνθρωπον,
2103 4395 2178 4460 ὡς
2222 4398 2480 4463 πολλάκις
2530 4400 2630 4471 ἤδη
2677 4400 2923 4470 παρέστη
2954 4399 3044 4465 διᾲ
3094 4400 3202 4451 τῶν
3269 4396 3603 4468 ἔμπροσθεν,

352 4501 418 4555 δι’
447 4495 522 4556 ὧν
552 4497 706 4571 οἶμαι
730 4500 828 4572 τὴν
855 4500 934 4562 είς
965 4499 1054 4552 τὸν
1080 4496 1205 4549 Υἱὸν
1250 4493 1341 4548 τοῦ
1393 4492 1527 4547 Θεοῦ
1561 4492 1788 4562 ἄρνησιν
1836 4486 1999 4541 αὐτοῦ
2037 4492 2441 4563 γεγυμνῶσθαι,
2482 4494 2556 4546 Τὸ
2602 4492 2699 4565 μὲν
2726 4492 2833 4564 γὰρ
2879 4490 3039 4546 αὑτὸν
3083 4492 3219 4563 πρὸς
3258 4490 3449 4542 ἑαυτὸν
3492 4489 3608 4544 δια..

353 4593 606 4665 λέγεσθαι
651 4593 742 4648 τὸν
783 4593 915 4647 Θεὸν
952 4591 1097 4645 ἔνδον
1139 4590 1328 4659 ἔχοντα
1360 4588 1454 4641 τὸν
1504 4585 1697 4639 ἐαυτοῦ
1723 4584 1890 4653 Λόγον
1930 4577 2487 4653 φάσκεινἾουδαῖκοῦ
2529 4606 2674 4652 τινος
2708 4588 2793 4659 εἴη
2842 4588 2909 4641 ἂν
2961 4587 3304 4658 φρονήματος
3360 4585 3507 4655 (35)'
3544 4587 3607 4637 τὸ

2029 3982 2286 4054 Verbum,
2312 3985 2680 4057 planissimum
2727 3996 2810 4045 est
2848 3988 3101 4043 iudicium
3134 3985 3453 4042 Sabelliaute
3479 4001 3603 4057 pra-

2027 4075 2230 4130 vitatis.

352 4687 411 4742 δὲ
435 4688 599 4742 αὑτὸν
624 4684 763 4742 εἶναι
797 4686 892 4741 τοῦ
924 4688 982 4739 ἐν
1012 4684 1161 4757 αὐτῷ
1183 4684 1353 4751 Λόγου
1381 4682 1621 4753 Πατέρα,
1674 4684 1765 4734 καὶ
1804 4678 1929 4733 Υἰὸν
1966 4679 2129 4735 αὐτοῦ
2191 4681 2282 4736 τὸν
2335 4687 2393 4739 ἐν
2429 4685 2580 4755 αὐτῷ
2601 4685 2791 4753 Λόγον,
2829 4682 2928 4752 τῆς
2970 4680 3255 4734 Σαόελλίου
3289 4679 3606 4746 κακοδοξίας

350 4776 418 4852 ἦν
448 4780 753 4852 γνώρισμα.

1000 4871 1157 4927 ΚΕΦ.
1201 4874 1238 4923 Δ
1260 4911 1271 4923 .

2671 4864 2825 4920 CAP.
2858 4863 2946 4918 ιν.

374 4968 544 5032 οπως
565 4963 916 5035 Μάρκελλος
955 4963 1040 5035 μὴ
1080 4963 1312 5027 συνιεὶς
1350 4962 1455 5027 τὰς
1488 4961 1914 5029 Γραφὰς,μίαν

2031 4963 2295 5029 Quomodo
2313 4958 2622 5020 Marcellus,
2650 4955 2953 5025 Scriptura:
2981 4971 3080 5008 non
3112 4952 3602 5023 intelligens,unam

423 5146 481 5208 »Β
524 5145 621 5199 ΕιΙ.
648 5146 844 5210 l’aris.,
875 5164 992 5218 pag.
1020 5145 1143 5201 167.
1185 5146 1230 5178 "
1268 5145 1404 5200 Gen.
1436 5159 1473 5211 I,
1515 5142 1603 5197 26.

425 5372 535 5444 (38)
582 5373 912 5443 ὼαρῤήδην
969 5375 1328 5444 παρουσίαν.
1376 5370 1562 5440 Forte,
1619 5368 1912 5443 διαρρήδην

353 5442 551 5517 δηλαδὴ
572 5442 905 5517 παρουσίαν.
936 5444 979 5517 M
991 5485 1005 5498 .

448 5513 549 5581 29"
566 5513 736 5585 Vulgo
769 5515 911 5585 πλὴν
941 5513 1098 5585 Θεοῦ.

448 5585 535 5655 50)
564 5583 729 5655 Vulgo
757 5583 975 5655 τῆςκαὶ
1006 5586 1189 5654 άσωμ.
1223 5601 1281 5652 φ.

352 5650 536 5776 δέβι)
565 5652 731 5725 Vulgo
757 5650 972 5722 ἐγένετο
1001 5665 1055 5708 et
1094 5650 1486 5726 ιιίοχπότερον
1527 5655 1614 5723 γλ.
1665 5672 1720 5709 κ.
1763 5671 1820 5724 φ.
1859 5669 1920 5707 π.

447 5740 569 5776 που.

447 5740 548 5777 που
556 5764 569 5777 .

424 5794 536 5865 (52)
570 5792 740 5862 Vulgo
768 5808 877 5847 om.
907 5793 1073 5864 αὐτῷ.

597 5885 866 5946 Panos.
906 5888 1022 5951 Gtt.
1072 5885 1300 5954 XXIV.

2093 5361 2206 5435 (33)
2228 5360 2400 5435 Vulgo
2427 5357 2732 5435 ᾁλλόὕτως
2756 5360 2798 5414 ἐ.
2829 5373 2926 5432 πρ.

2096 5433 2211 5506 (δρ)
2236 5434 2408 5506 Vulgo
2437 5433 2549 5486 ὅτι.

2059 5495 2205 5595 ,εδδ
2234 5495 3095 5595 tumeat;sissesiss-
3127 5495 3595 5595 Regressus?

2024 5567 2360 5638 Τοδέ,ἀὺτὸν
2393 5567 2531 5625 εἶναι
2556 5571 2755 5639 λέγειν,
2791 5574 2885 5626 καὶ
2914 5572 3008 5626 τοῦ
3033 5574 3090 5624 ἐν
3117 5567 3265 5641 αὐτῷ
3291 5568 3464 5641 Λόγου
3488 5567 3598 5641 [lay

2026 5634 2180 5718 τέρα,
2216 5644 2310 5698 καὶ⁵
2341 5642 2469 5695 Υίὸν
2497 5634 2665 5696 αὑτοῦ
2698 5634 2791 5696 τοῦ
2829 5642 3064 5765 Πατρὸς,
3098 5643 3191 5695 τὸν
3217 5634 3275 5694 ἐν
3310 5634 3459 5717 αὐτῷ
3490 5634 3595 5686 Ma

2027 5732 2145 5765 γον.
2181 5712 2449 5765 Sabellius
2471 5715 2616 5765 enim
2639 5711 2837 5765 Filium
2867 5724 2947 5765 et-
2995 5723 3191 5765 atrem.
3222 5711 3454 5763 tiiV‘Bl‘SIS
3500 5718 3595 5757 nu-

2027 5711 2155 5787 To'v.
2181 5712 2449 5769 Sabellius
2471 5715 2616 5767 enim
2639 5711 2837 5766 Filium
2867 5724 2947 5787 et-

2995 5723 3191 5777 atrem,
3222 5707 3454 5763 diversis
3500 5718 3597 5757 nu-

2030 5781 2287 5853 minibus,
2315 5787 2559 5840 eamdetu
2587 5796 2873 5853 personam
2900 5784 3182 5840 delirabat.
3213 5781 3281 5849 Μ,

3122 5871 3200 5932 32
