4158 6390
345 372 488 432 1009

1278 376 1365 429 DE
1409 375 1948 433 ECCLESIASTICA
1991 372 2384 430 THEOLOGIA
2423 371 2547 425 LIB.
2594 368 2672 425 lli.

3475 363 3609 424 imo

345 511 363 542 ς
404 489 780 560 Παράκλητος,
801 488 859 542 ὃν
877 489 988 557 ἐγὼ
1021 488 1218 560 πέμψω
1245 489 1370 560 ὑμῖν
1391 490 1536 559 παρὰ
1565 489 1659 542 τοῦ
1692 491 1904 562 Πατρὸς

2035 489 2302 543 bibiturus
2344 498 2483 552 eral,
2532 488 2696 540 alium
2747 493 2800 539 et
2857 484 3169 539 distinctum
3225 485 3292 539 ab
3323 484 3436 554 ipso
3465 502 3605 542 esse.

344 601 361 632 ι
399 581 461 634 τὸ
497 580 724 650 Πνεῦμα
755 580 857 650 τῆς
897 580 1172 651 ἀληθείας,
1203 579 1232 632 ὃ
1265 580 1414 651 παρὰ
1457 579 1550 632 τοῦ
1588 582 1800 652 Πατρὸς
1836 583 1925 634 ὲκ-

345 692 363 723 ι
398 672 706 741 πορεύεται,
741 674 948 735 ἐκεῖνος
981 673 1316 743 μαρτυρήσει
1345 674 1472 742 περὶ
1507 673 1663 741 ἐμοῦ,
1705 693 1721 724 ι
1752 673 1816 725 δι’
1851 667 1924 726 ὧν

338 763 592 816 ἁπάντων
638 761 823 831 σαφῶς
872 762 1199 831 παρίστησιν
1239 763 1444 814 ἐκεῖνον
1492 759 1582 812 τὸν
1622 761 1713 813 ὑπ’
1758 761 1923 814 αὑτοῦ

340 855 709 925 πεμπόμενον,
745 853 836 906 καὶ
865 852 955 904 τὸν
988 852 1248 922 μέλλοντα
1283 853 1408 924 περὶ
1437 852 1601 906 αὑτοῦ
1629 857 1924 925 μαρτυρεῖν

337 946 522 1016 ἕτερον
557 941 695 997 εἶναι
732 946 858 1013 παρ’
881 944 1090 996 ἑαυτόν.
1134 943 1587 1016 Ἐπεξεργάζεται
1619 945 1674 997 δὲ
1710 945 1802 998 τὸν
1834 945 1923 998 λό-

337 1050 430 1100 γον
463 1033 542 1086 ἔτι
571 1034 788 1100 μᾶλλον,
827 1035 922 1085 καὶ
953 1033 1020 1084 δι’
1047 1027 1121 1085 ὧν
1168 1034 1430 1101 ἐπιλέγει,
1472 1035 1586 1087 ἀλλ’
1627 1035 1774 1104 Ἐγὼ
1810 1035 1924 1102 τὴν

335 1125 624 1190 ἀλήθειαν
647 1125 802 1193 λέγω
837 1123 998 1193 ὑμῖν,
1030 1125 1319 1194 συμφέρει
1353 1125 1494 1194 ὑμῖν
1529 1127 1628 1180 ἵνα
1662 1127 1776 1197 ἐγὼ
1809 1128 1922 1180 ἀπ-

335 1216 504 1280 έλθω,
537 1216 644 1269 ἐὰν
672 1217 780 1286 γὰρ
807 1216 894 1285 μὴ
921 1217 1180 1278 ἀπέλθω,
1208 1220 1238 1272 ό
1267 1217 1658 1288 Παράλιλητος
1691 1222 1800 1272 οὐκ
1826 1220 1921 1286 ἕρ-

335 1323 496 1377 χεταί
517 1309 665 1375 πρὸς
699 1306 868 1376 ὑμᾶς.
920 1309 1062 1360 Ἐὰν
1087 1308 1155 1360 δὲ
1176 1308 1466 1376 πορευθῶ,
1499 1309 1712 1378 πέμψω
1737 1310 1923 1362 αὐτὸν

333 1399 483 1466 πρὸς
510 1399 681 1467 ὑμᾶς.
735 1399 1012 1452 Ἀπελθεῖν
1038 1401 1092 1452 δὲ
1125 1402 1316 1454 ἑαυτὸν
1339 1401 1511 1468 λέγων
1549 1402 1606 1452 ἐν
1629 1401 1838 1462 τοίτοις
1861 1419 1920 1453 τε

333 1492 393 1542 τὺ
436 1491 604 1554 πάθος
651 1491 842 1544 ἑαυτοῦ
874 1493 1134 1561 ἐσήμαινε
1175 1495 1268 1544 καὶ
1300 1492 1394 1562 τὴν
1429 1493 1566 1561 μετὰ
1594 1493 1754 1544 τοῦτο
1787 1494 1922 1563 πρὸς

335 1582 424 1636 τὸν
463 1583 678 1654 Πατέρα
713 1582 917 1636 ἄνοδον.
951 1583 1046 1644 Τίς
1079 1581 1172 1636 οὖν
1207 1584 1377 1647 οὕτως
1411 1584 1634 1653 ἠλίθιος,
1673 1585 1747 1648 ὠς
1784 1584 1920 1654 μετὰ

335 1676 600 1729 τοσαύτας
634 1676 816 1745 φωνάς
854 1676 949 1728 ἕνα
986 1675 1078 1727 καὶ
1113 1675 1204 1728 τὸν
1238 1675 1398 1728 αὑτὸν
1431 1673 1568 1728 εἶναι
1597 1677 1782 1745 φάναι.
1815 1676 1920 1730 Τὸν

334 1783 384 1817 τε
406 1767 506 1819 ῦτα
535 1767 759 1836 λέγοντα
783 1768 875 1820 καὶ
903 1766 992 1818 τὸν
1024 1767 1150 1836 περὶ
1173 1761 1232 1820 οῦ
1265 1767 1414 1819 ταῦτ’
1445 1768 1648 1835 ἔλεγεν,
1703 1767 1917 1821 ἀκούων

2031 581 2346 635 Sermonem
2391 593 2522 633 vero
2565 578 2741 632 adbue
2784 575 3012 644 amplius
3053 577 3416 645 promovendo
3453 593 3607 648 pera-

2027 672 2123 742 git,
2148 672 2272 725 dum
2307 670 2573 726 subinl'ert
2601 690 2612 724 :
2643 670 2752 740 Ego
2775 672 3043 723 veritatem
3075 669 3216 739 nobis
3250 670 3387 736 dico,
3415 671 3610 724 condu-

2026 764 2094 817 cit
2124 764 2262 817 vobis
2302 774 2358 816 ut
2400 781 2490 834 ego
2535 765 2742 817 abeam.
2790 761 2929 817 Nam
2959 762 3005 816 si
3026 779 3116 830 ego
3147 778 3249 816 non
3277 763 3474 827 abiero,
3497 760 3607 816 Pa-

2025 855 2252 908 raeletus
2283 855 2370 909 ille
2401 871 2501 908 non
2529 857 2691 909 veniet
2714 855 2782 908 ad
2804 871 2890 909 vos
2911 873 2928 920 ;
2951 856 3090 924 quod
3113 857 3158 908 si
3186 871 3456 922 recessero,
3487 872 3605 910 cum

2025 961 2117 1015 ego
2154 946 2223 998 ad
2253 961 2338 998 vos
2370 946 2575 998 mittant
2599 947 2666 997 ν’.
2708 945 2840 999 Cum
2881 958 2938 998 se
2982 945 3250 998 abiturum
3295 945 3454 1012 dixit,
3483 961 3605 1014 pas—

2026 1038 2230 1092 sionem
2264 1053 2414 1090 suam
2444 1037 2526 1090 hic
2573 1037 2870 1090 insinuavit
2904 1054 2917 1088 :
2949 1044 3003 1090 et
3031 1045 3152 1106 post
3192 1036 3337 1090 illam
3373 1038 3602 1090 reditum

2025 1145 2180 1183 suum
2212 1130 2275 1182 ad
2313 1128 2550 1183 Patrem.
2592 1129 2721 1194 Quis
2772 1129 2883 1196 jam
2932 1130 3065 1183 adeo
3113 1129 3324 1192 delirat,
3381 1139 3436 1183 ut
3484 1138 3604 1197 post

2026 1233 2103 1275 tot
2145 1237 2304 1277 voces
2337 1233 2391 1275 et
2444 1231 2623 1275 tantas
2656 1237 2819 1274 unum
2861 1223 3218 1288 eumdemque
3250 1229 3402 1289 putet
3452 1215 3598 1275 illum

2025 1327 2164 1375 esse,
2220 1312 2310 1380 qui
2365 1312 2464 1364 ista
2521 1309 2777 1378 loquitur,
2818 1319 2870 1363 et
2905 1310 3050 1363 illum
3113 1311 3179 1365 de
3207 1327 3312 1378 quo
3353 1311 3603 1364 dicuntur

2025 1403 2148 1466 ista,
2184 1401 2450 1471 praecipite
2484 1417 2604 1457 eum
2640 1401 2785 1455 illum
2826 1402 2997 1470 ipsum
3041 1401 3259 1456 disertis
3295 1402 3476 1457 verbis
3520 1402 3601 1455 di-

2023 1506 2233 1549 centem
2281 1495 2487 1556 audiat,
2543 1508 2601 1548 se
2654 1494 2836 1548 dicere
2887 1494 3196 1560 veritatem,
3230 1503 3284 1546 et
3313 1493 3598 1547 veritatem

2025 1586 2190 1653 illam,
2227 1601 2346 1656 quas
2375 1595 2537 1651 esset,
2590 1595 2968 1653 exponentem,
3011 1586 3265 1639 nimirum
3299 1586 3442 1654 quod
3496 1583 3598 1638 nisi

2022 1679 2202 1733 abiret
2239 1680 2372 1748 ipse,
2415 1677 2727 1735 Paraeletus
2764 1694 2866 1732 non
2909 1679 3142 1732 veniret.
3175 1677 3325 1743 Quod
3367 1678 3408 1731 si
3434 1691 3599 1745 oppo-

2023 1779 2183 1821 natur
2212 1771 2411 1823 dictum
2441 1785 2561 1824 esse
2586 1770 2876 1834 interdum,
2909 1769 3124 1824 Patrem
3151 1772 3440 1824 missurum
3478 1786 3598 1824 esse

334 1858 499 1910 αὑτοῦ
533 1858 717 1927 σαφῶς
749 1859 1118 1930 διοριζομένου
1143 1859 1238 1930 τὴν
1262 1859 1519 1930 ἀλήθειαν
1545 1859 1794 1928 φάσκειν,
1824 1862 1913 1913 καὶ

2018 1870 2265 1914 sanctmn
2311 1860 2569 1929 Spiritum
2607 1877 2620 1914 :
2653 1861 2919 1916 interdum
2961 1876 3090 1915 vero
3138 1863 3444 1930 ipsummet,
3487 1878 3592 1918 non

332 1947 416 2010 τίς
453 1949 484 2018 ἡ
511 1948 733 2020 ἀλήθεια
766 1949 1137 2021 παριστῶντος
1177 1951 1252 2014 ὼς
1279 1952 1326 2004 εἰ
1367 1951 1441 2020 μὴ
1472 1950 1698 2003 ἀπέλθοι
1732 1952 1913 2014 αὐτὸς,

335 2040 410 2112 μὴ
438 2041 502 2094 ἂν
545 2043 672 2096 ποτὲ
700 2043 842 2108 ἕξειν
874 2043 934 2095 τὸ
975 2043 1128 2111 ἅγιον
1176 2044 1420 2114 Πνεῦμα.
1460 2045 1522 2096 Ei
1561 2044 1616 2097 δέ
1660 2062 1788 2097 ποτε
1819 2048 1916 2116 μὲν

330 2133 422 2186 τὸν
476 2135 693 2206 Πατέρα
738 2135 974 2206 πέμψειν
1015 2137 1074 2189 τὸ
1123 2135 1346 2204 Πνεῦμα
1386 2136 1448 2188 τὺ
1489 2136 1664 2204 ἆγιον,
1698 2137 1826 2192 ποτὲ
1860 2137 1916 2190 δὲ

333 2225 522 2278 ἑαυτὸν
549 2227 858 2300 διορίζεται,
881 2229 980 2282 οὐκ
1000 2230 1214 2283 ἐναντία
1240 2228 1474 2300 δήπουθε
1496 2229 1754 2283 διδάσκει·
1781 2231 1915 2284 πάν-

331 2333 400 2368 τα
449 2317 559 2389 γάρ
597 2321 695 2373 ὅσα
739 2321 804 2374 ἂν
840 2321 1008 2392 βλέπῃ
1040 2321 1130 2374 τὸν
1163 2320 1379 2392 Πατέρα
1424 2320 1698 2385 ποιοῦντα,
1742 2321 1917 2376 ταῦτα

331 2409 531 2477 ὁμοίως
566 2413 657 2464 καὶ
697 2415 724 2464 ὁ
759 2414 884 2475 Υἱὸς
916 2416 1085 2466 ποιεῖ’
1129 2413 1220 2466 καὶ
1255 2411 1436 2476 καθὼς
1467 2412 1675 2477 ἀκούει,
1721 2412 1911 2485 κρίνει.

336 2503 448 2574 (56)
475 2505 564 2557 Διὸ
591 2508 654 2576 τῇ
678 2504 770 2559 τοῦ
795 2505 1002 2576 Πατρδς
1032 2506 1228 2576 κρίσει,
1252 2505 1339 2558 ὅτε
1363 2505 1456 2558 καὶ
1483 2504 1727 2575 βούλεται
1755 2507 1783 2558 ὀ
1807 2508 1915 2559 Πα-

332 2590 456 2663 τὴρ.
476 2594 772 2663 τηνικαῦτα
795 2596 821 2647 ὁ
846 2595 970 2658 Υἱὸς
997 2595 1090 2648 καὶ
1109 2596 1174 2648 δι’
1201 2595 1362 2648 αὐτοῦ
1392 2597 1419 2647 ό
1444 2593 1631 2664 Σωτὴρ
1655 2593 1916 2646 ἀποστέλ-

332 2684 414 2737 λει
435 2686 548 2747 τοῖς
577 2684 688 2754 (57)
712 2685 876 2738 αὑτοῦ
906 2686 1175 2757 μαθηταῖς
1206 2687 1266 2738 τὸ
1286 2685 1505 2756 Πνεῦμα
1536 2686 1633 2756 τῆς
1660 2685 1929 2757 ἀληθείας

331 2773 396 2825 τὺ
427 2773 804 2844 Παράκλητον,
828 2775 964 2845 πρὸς
999 2775 1059 2827 τὸ
1096 2774 1432 2846 παρακαλεῖν
1456 2775 1653 2837 αὐτοὺς
1682 2777 1775 2828 καὶ
1808 2792 1914 2826 πα-

337 2863 694 2934 ραμυθεῖσθαι
743 2866 826 2934 ἐφ’
851 2861 932 2927 οἷς
958 2866 1321 2937 κηρύττοντες
1360 2865 1420 2917 τὸ
1450 2865 1780 2935 Εὑαγγέλιον
1809 2866 1913 2920 ὑπὸ

331 2953 438 3005 τῶν
461 2953 790 3008 ἐλαυνόντων
816 2956 1010 3019 αὐτοὺς
1038 2957 1292 3026 ἔπασχον.
1324 2957 1396 3009 Οὐ
1428 2955 1586 3024 μόνον
1608 2957 1663 3010 δὲ
1688 2957 1824 3028 πρὸς
1855 2959 1913 3011 τὸ

2020 1955 2132 2021 ipse
2157 1954 2258 2007 sibi
2301 1955 2388 2007 ltie
2431 1954 2703 2008 contraria
2735 1956 2910 2010 docet.
2943 1952 3132 2009 Omnia
3167 1955 3311 2012 enim
3346 1971 3463 2024 qme
3510 1957 3592 2009 vi-

2020 2045 2159 2098 derit
2208 2045 2419 2100 Patrem
2480 2045 2787 2109 facientem,
2830 2045 3018 2100 eadem
3059 2046 3309 2101 similiter
3347 2059 3397 2101 et
3427 2047 3594 2104 Filius

2022 2141 2080 2199 >14
2120 2135 2286 2191 facit:
2323 2146 2376 2191 et
2401 2137 2854 2206 quemadmodum
2889 2137 3065 2199 audit,
3095 2138 3407 2206 itajmlieal.
3450 2139 3596 2205 Quos

2019 2229 2161 2283 circa
2203 2215 2500 2283 secundum
2546 2227 2806 2297 judicium
2859 2229 3061 2295 Patris,
3096 2241 3149 2285 et
3185 2231 3344 2285 Pater
3379 2235 3594 2300 quando

2017 2320 2150 2382 vult,
2180 2330 2232 2374 et
2265 2331 2521 2374 tum-eum
2559 2319 2686 2374 velit
2712 2319 2880 2375 Filius
2916 2320 3174 2376 Servator
3207 2333 3390 2376 noster
3422 2341 3434 2376 :
3467 2327 3593 2377 mit-

2019 2409 2080 2462 tit
2109 2409 2174 2462 ad
2210 2410 2498 2475 discipulos
2520 2425 2648 2463 suos
2681 2411 2927 2477 spiritum
2959 2411 3204 2464 veritatis
3235 2411 3591 2481 Paracletum,

2017 2499 2106 2566 qui
2144 2499 2454 2572 παρακάλῃ,
2508 2499 2560 2554 id
2589 2507 2670 2553 est
2710 2499 3046 2563 consoletur,
3089 2501 3373 2565 eonfortct,
3415 2513 3468 2558 et
3493 2506 3592 2558 ad-
3655 2517 3674 2520 “

2019 2591 2264 2645 hortetur
2301 2605 2396 2645 eos
2435 2593 2502 2644 ad
2533 2592 2802 2662 patienter
2837 2591 3198 2647 suﬂ'erendum
3235 2593 3287 2650 in
3320 2593 3591 2665 Evangelii

2015 2680 2449 2744 annuntiatioue,
2485 2691 2706 2750 propter
2729 2696 2887 2748 quam
2926 2691 3082 2736 erant
3118 2684 3446 2752 exagitandi.
3484 2685 3594 2739 Nec.

2015 2770 2080 2822 ad
2113 2768 2232 2824 illos
2274 2771 2616 2826 solummodo
2646 2771 3029 2832 consolandos.
3085 2773 3176 2826 sed
3233 2773 3593 2828 instituendos

2014 2862 2232 2932 insuper
2268 2862 2320 2917 in
2355 2864 2500 2917 omni
2539 2865 2762 2918 veritate
2807 2865 2926 2917 novi
2972 2863 3212 2926 fmderis,
3251 2881 3409 2935 quam
3456 2870 3592 2920 reci-

2014 2971 2140 3025 pere
2170 2972 2199 3009 a
2249 2956 2492 3010 doctrina
2537 2955 2842 3010 Servatoris
2870 2972 2982 3012 non
3017 2965 3124 3010 tum
3160 2968 3429 3025 poterant,
3467 2975 3588 3014 cum

333 3047 667 3118 παρακαλεῖν
689 3049 901 3112 αὐτοὺς,
931 3049 1064 3115 ἀλλὰ
1101 3049 1196 3103 καὶ
1231 3049 1366 3120 πρὸς
1391 3050 1450 3102 τὸ
1473 3049 1682 3118 διδάξαι
1713 3052 1908 3115 αὐτοὺς

2016 3048 2152 3102 inter
2178 3047 2322 3117 ipsos
2372 3057 2700 3109 versaretur,
2743 3063 2808 3103 eo
2837 3049 2976 3116 quod
3002 3047 3238 3104 Judaicte
3269 3053 3590 3122 pzedagogite

334 3142 511 3191 πᾶσαν
543 3139 643 3211 τὴν
688 3140 943 3210 ἀλήθειαν
995 3141 1095 3209 τῆς
1133 3142 1328 3212 καινῆς
1375 3141 1659 3212 διαθήκης,
1699 3144 1767 3213 ἢν
1813 3145 1913 3196 οὐκ

334 3229 571 3301 ἐχώρουν
589 3232 698 3302 (58)
748 3232 852 3285 ὑπὸ
877 3233 970 3286 τοῦ
1007 3233 1255 3304 Σωτῆρος
1288 3233 1651 3296 διδάσκεσθαι,
1678 3236 1912 3306 ὁπηνίκα

331 3322 503 3376 ταῦτα
519 3324 699 3389 αὐτοῖς
715 3325 906 3396 ὡμίλει
920 3324 1008 3379 διά
1024 3326 1085 3378 τὸ
1101 3325 1178 3379 ἔτι
1194 3329 1257 3396 τῇ
1276 3327 1538 3398 Ἰουδαϊκῇ
1559 3327 1914 3382 δεδουλῶσθαι

333 3415 544 3485 ἀγωγῇ.
569 3416 750 3470 Ταῦτα
777 3418 833 3470 δὲ
863 3419 1044 3490 έργοις
1067 3421 1306 3492 ἐπλήρου
1335 3419 1472 3489 μετὰ
1499 3420 1594 3488 τὴν
1618 3421 1680 3471 ἐκ
1704 3419 1912 3491 νεκρῶν

331 3505 624 3561 ἀνάστασιν
653 3510 838 3574 αὑτοῦ,
874 3512 991 3583 μεθ’
1022 3513 1087 3583 ἦν
1111 3510 1278 3566 εἰπὼν
1317 3515 1382 3582 τῇ
1424 3512 1632 3582 Μαρία,
1669 3511 1762 3577 Μή
1793 3530 1912 3580 μου

330 3595 543 3663 ἅπτου,
571 3603 734 3655 οὔπω
746 3606 855 3672 γὰρ
872 3604 1210 3670 ἀναϐέϐηκα
1231 3601 1378 3670 πρὸς
1401 3603 1508 3655 τὸν
1525 3603 1752 3670 Πατέρα
1767 3622 1908 3671 μου.

332 3692 671 3746 Μετάταῦτα
703 3697 836 3766 (ὅδ’)
881 3698 974 3750 ἆτε
1010 3697 1073 3768 δὴ
1115 3696 1456 3768 ἀνεληλυθῶς
1493 3697 1628 3769 πρὸς
1663 3696 1753 3748 τὸν
1797 3697 1912 3750 Πα-

330 3782 482 3853 τέρα,
505 3789 615 3848 τοῖς
642 3787 906 3856 μαθηταῖς
921 3787 1098 3858 ὤφθη,
1119 3789 1211 3842 τοῦ
1246 3790 1401 3858 ἁγίου
1428 3788 1567 3840 Πνεύ
1577 3804 1747 3858 ματος
1779 3789 1914 3840 ἁπε-

334 3874 628 3944 σταλμένου
664 3879 756 3930 καὶ
774 3880 1020 3944 συνόντος
1038 3881 1218 3946 αὐτοῦ,
1239 3880 1453 3950 ὲτοιμοῦ
1483 3898 1540 3932 τε
1567 3879 1912 3950 παρεστῶτος

331 3965 410 4026 εἰς
429 3964 582 4033 (58⁹⁶)
613 3966 678 4035 ἢν
707 3967 962 4032 τέτακται
1009 3970 1302 4036 διακονίαν,
1337 3971 1424 4024 ὅτε
1442 3972 1534 4023 καὶ
1552 3969 1786 4039 ἅψασθαι
1811 3970 1910 4021 αὐ·-

329 4056 422 4109 τοῦ
450 4059 751 4129 ἐπιτρέπει.
802 4059 844 4112 Τ
849 4061 935 4113 ότε
979 4062 1088 4133 γάρ
1121 4062 1302 4124 αὐτοῖς
1328 4061 1627 4130 ἐνεφύσησε
1669 4061 1762 4112 καὶ
1791 4060 1910 4112 τότε

333 4149 497 4219 μέρος
517 4166 568 4203 τι
594 4153 928 4222 χαρίσματος
959 4153 1052 4206 τοῦ
1087 4154 1242 4223 άγίου
1276 4153 1591 4224 Πνεύματος
1622 4153 1823 4214 αὐτοῖς,
1851 4151 1911 4203 τὸ

327 4241 429 4310 τῆς
479 4243 722 4310 ἀφέσεως
784 4245 892 4297 τῶν
934 4246 1346 4317 ἁμαρτημάτων
1390 4244 1668 4315 ποιητικὸν
1702 4243 1904 4296 ἐδίδου·

327 4331 618 4404 διαιρέσεις
655 4334 762 4405 γὰρ
809 4337 1160 4406 χαρισμάτων
1202 4337 1336 4390 εἰσὶν
1373 4329 1447 4388 ὧν
1482 4337 1545 4389 ἐκ
1578 4334 1774 4405 μέρους
1810 4331 1908 4402 μὲν

2015 3139 2361 3192 inservirent.
2419 3137 2542 3192 Haec
2595 3139 2770 3207 reipsa
2818 3139 3128 3206 adimplerit
3189 3151 3310 3206 post
3357 3158 3508 3196 suam
3559 3161 3587 3196 a

2015 3233 2242 3286 mortuis
2284 3231 2757 3294 resurrectionem,
2793 3247 2916 3289 eum
2963 3232 3145 3286 Maria
3187 3235 3412 3299 diceret,
3460 3234 3590 3290 Noli

2014 3338 2094 3375 me
2131 3332 2367 3392 tangere,
2413 3323 2646 3376 nondum
2667 3325 2804 3376 enim
2829 3327 3041 3378 escendi
3065 3323 3377 3389 od_Potrem
3418 3345 3586 3381 meum

2013 3422 2058 3465 et
2089 3411 2305 3465 Patrem
2353 3414 2668 3468 vestrum”.
2726 3413 2988 3482 Deinceps
3024 3430 3149 3468 vero
3204 3426 3457 3487 tanquam
3494 3420 3588 3487 qui

2013 3504 2334 3557 asreuderat
2367 3505 2436 3557 ad
2470 3504 2709 3567 Patrem,
2743 3506 2891 3560 visus
2940 3515 3023 3560 est
3049 3507 3327 3577 discipulis
3365 3511 3498 3574 suis,
3533 3513 3585 3564 in

2015 3593 2270 3648 missione
2294 3593 2529 3663 Spiritus
2553 3595 2749 3663 sancti,
2777 3606 2831 3649 et
2860 3612 2982 3650 cum
3017 3598 3082 3651 iis
3121 3601 3457 3664 versabatur,
3495 3617 3591 3671 pa-

2015 3696 2299 3756 ratumque
2328 3701 2386 3740 se
2417 3685 2681 3751 exhibuit,
2718 3688 2806 3756 qui
2845 3687 2897 3742 in
2927 3687 3045 3743 Filii
3095 3688 3588 3747 iunctione-recen-

2012 3788 2241 3841 seretur,
2290 3780 2506 3847 quando
2555 3788 2607 3832 et
2644 3781 2789 3849 tangi
2845 3795 2904 3844 se
2948 3782 3015 3834 ab
3057 3782 3161 3836 iiiis
3217 3784 3582 3852 permittebat.

2011 3867 2162 3921 Tune
2202 3868 2332 3935 ipsis
2369 3867 2655 3923 insnﬂlavit
2694 3889 2705 3923 :
2742 3880 2797 3923 et
2847 3879 2973 3927 tunc
3015 3865 3248 3942 Spiritus
3277 3876 3582 3944 portionem

2012 3959 2076 4012 iis
2110 3959 2424 4027 impertivit,
2451 3976 2572 4014 eum
2617 3961 2924 4016 facultatem
2959 3965 3216 4019 tribueret
3247 3979 3467 4034 peccata
3498 3984 3579 4020 re—

2012 4052 2279 4104 mitteudi.
2330 4052 2466 4106 Sunt
2497 4054 2694 4106 etenim
2737 4055 3027 4124 divisiones
3057 4057 3350 4125 gratiarum
3391 4076 3404 4110 :
3449 4075 3584 4126 qua-

2012 4159 2128 4196 rum
2157 4155 2362 4212 partem
2400 4155 2510 4198 tum
2552 4145 2618 4200 iis
2647 4135 2960 4223 impertivit,
2986 4162 3106 4203 cmn
3140 4160 3258 4202 Cum
3302 4151 3366 4204 iis
3395 4165 3581 4204 versa-

2009 4244 2198 4290 retur:
2247 4245 2365 4305 post
2416 4237 2528 4290 haec
2560 4236 2748 4306 majori
2793 4239 2963 4293 multo
2990 4251 3045 4294 et
3086 4241 3388 4308 perfectiori
3433 4253 3582 4310 pote.-

2012 4334 2151 4379 state
2175 4325 2486 4394 adimplevit
2511 4343 2526 4379 :
2551 4326 2617 4380 de
2642 4344 2743 4396 qua
2772 4329 2986 4384 dicebat
3023 4331 3085 4383 iis
3115 4333 3165 4383 in
3205 4332 3428 4385 Actibus
3460 4348 3582 4399 apo-

329 4423 508 4487 αὐτοῖς
533 4426 802 4495 ἐδωρεῖτο,
837 4428 956 4481 τότε
986 4428 1157 4481 συνὼν
1187 4430 1279 4485 καὶ
1300 4426 1488 4500 παρὼν
1521 4429 1703 4488 αὐτοῖς
1748 4424 1902 4479 Μετὰ

2016 4415 2236 4479 ttolieis,
2286 4415 2386 4469 Vos
2424 4417 2682 4485 recipietis
2735 4429 3037 4486 potestatem
3071 4436 3134 4472 ex
3180 4419 3306 4483 alto,
3347 4437 3583 4486 superve-

327 4512 383 4566 δὲ
413 4513 581 4567 ταῦτα
615 4516 857 4585 μείζονος
887 4520 1082 4582 αὐτοὺς
1122 4520 1214 4572 καὶ
1248 4519 1357 4589 (59)
1391 4518 1718 4588 τελεωτέρας
1744 4515 1904 4568 δυνά-

329 4620 474 4675 μεως
522 4607 792 4680 ἐπλήρου·
831 4611 958 4681 περὶ
992 4608 1060 4683 ἦς
1087 4614 1144 4664 ὲν
1184 4613 1304 4676 ταῖς
1350 4611 1587 4682 Πράξεσι
1630 4607 1738 4660 τῶν
1772 4609 1906 4661 ἁπο-

328 4700 527 4756 στόλων
560 4703 693 4773 πρὸς
721 4705 915 4768 αὐτοὺς
939 4704 1063 4775 ἔφη,
1107 4703 1301 4773 ’Υμεῖς
1324 4703 1392 4755 δὲ
1414 4702 1482 4766 ἐξ
1509 4703 1702 4769 ὕψους
1726 4699 1906 4752 δύνα-

318 4809 426 4860 μιν
461 4793 819 4860 ἐπελθόντος
867 4796 971 4849 τοῦ
1007 4797 1178 4864 ἁγίου
1220 4797 1561 4863 Πνεύμιῑτος
1601 4793 1693 4860 ἐφ’
1726 4791 1900 4857 ὑμᾶς,

323 4882 415 4935 ὅτε
444 4884 536 4936 καὶ
561 4885 933 4957 βαπτήσεσθαι
962 4887 1156 4950 αὐτοὺς
1189 4890 1245 4939 ἐν
1271 4886 1546 4956 ΙΙνεύματι
1574 4884 1713 4952 ἁγίῳ
1732 4883 1902 4950 ἐπηγσ

327 4974 565 5041 γέλλετο,
595 4977 624 5028 ὃ
660 4978 723 5048 δὴ
765 4979 858 5030 καὶ
886 4979 1016 5032 αὐτὸ
1042 4977 1344 5049 ἐπληροῦτο
1388 4975 1524 5048 μετὰ
1565 4974 1661 5045 τὴν
1705 4971 1902 5038 ἀνάλη-

327 5064 419 5132 ψιν
465 5066 629 5119 αὐτοῦ
676 5068 786 5139 (60)
821 5069 962 5123 κατὰ
991 5070 1088 5141 τὴν
1137 5071 1347 5142 ἡμέραν
1392 5069 1490 5139 τῆς
1525 5065 1901 5135 Πεντηκοστῆς

2010 4507 2180 4561 nieute
2212 4509 2267 4560 in
2295 4525 2382 4562 vos
2414 4508 2615 4576 Spiritu
2661 4510 2937 4580 sancto".
2963 4509 3187 4576 Quando
3209 4521 3264 4563 et
3303 4511 3582 4577 baptizan-

2008 4599 2104 4652 dos
2147 4599 2363 4653 eosdem
2413 4602 2471 4653 in
2521 4601 2722 4668 Spiritu
2763 4611 2952 4654 saneto
3002 4603 3367 4667 promittebat.
3428 4601 3581 4668 Quod

2007 4691 2181 4759 ipsmn
2233 4703 2350 4761 post
2387 4696 2760 4748 ascensionem
2801 4711 2953 4749 suam
2998 4695 3341 4763 implebatur,
3393 4695 3445 4749 in
3496 4698 3582 4752 die

2009 4781 2375 4846 Pentecostes,
2424 4785 2586 4838 misso
2615 4802 2797 4853 super.
2826 4801 2938 4852 eos,
2970 4789 3420 4855 quemadmodum
3462 4790 3577 4843 edi-

2010 4886 2162 4928 xerat
2199 4877 2331 4946 ipse,
2366 4877 2571 4945 Spiritu
2600 4887 2805 4935 sancto.
2849 4879 2982 4932 Cum
3013 4896 3142 4934 vero
3166 4880 3316 4934 locus
3339 4885 3440 4934 iste
3465 4898 3581 4935 ma-

2003 4967 2108 5035 jori
2144 4968 2405 5023 adhuc'et
2448 4970 2724 5038 perspicua
2778 4972 2950 5040 magis
2977 4981 3135 5039 egeat
3174 4972 3574 5035 dilucidattoue,

2010 5075 2114 5113 non
2147 5071 2229 5114 cst
2257 5074 2614 5131 Opportunum
2657 5067 2707 5117 in
2737 5066 2985 5132 pt-zrsettti
3018 5065 3068 5116 in
3090 5079 3207 5117 eam
3268 5065 3579 5120 incumbere

402 5247 459 5305 >14
495 5242 587 5297 Ed.
635 5244 829 5306 Paris.,
866 5263 986 5316 pag.
1024 5248 1144 5301 17‘2.
1179 5247 1396 5303 "Joan.
1435 5265 1546 5311 va,
1577 5248 1628 5302 7.
1702 5249 1748 5280 ⁷³
1781 5248 1936 5304 Joan.
1971 5267 2058 5314 xx,
2091 5252 2175 5304 i7.
2239 5253 2283 5283 7‘
2309 5254 2426 5307 Aet.
2457 5269 2496 5316 ι,
2523 5251 2576 5306 8.

401 5404 512 5484 fidi)
552 5403 647 5484 Διῤ
676 5404 749 5471 τῇ
791 5405 897 5458 τοῦ
926 5405 1150 5472 Πατρός
1183 5409 1395 5484 κρίονειἷ
1451 5411 1744 5484 Seqttentia
1788 5411 1902 5484 [ubi

330 5473 497 5526 delevi
535 5474 624 5527 καί
659 5485 793 5550 posl_
821 5493 999 5550 τηνικ.
1047 5494 1178 5550 Δ‹·ιιιιι
1201 5473 1396 5550 _eodd.|
1443 5473 1553 5537 sic..-
1590 5473 1806 5550 opiuor:
1830 5483 1902 5535 le-

329 5547 549 5625 gentia.“
565 5544 868 5625 τηνικαῦτα
900 5547 993 5597 καὶ⁴
1043 5545 1108 5597 δι’
1155 5547 1317 5599 αὐτοῦ
1357 5544 1395 5602 ὁ.
1429 5550 1555 5614 Υἱὸς
1583 5544 1677 5605 καὶ
1715 5552 1902 5625 Σωτὴρ

327 5613 665 5668 ἀποστέλλει.
704 5614 772 5668 Μ.

403 5682 516 5754 (57)
555 5685 718 5754 \lulgo
742 5687 958 5738 ἑαυτοῦ.

555 5753 718 5830 \ittlgo
751 5756 934 5830 63.5mm
961 5772 1077 5808 mox
1114 5757 1177 5809 ἐκ
1207 5757 1314 5809 τῶν
1343 5758 1570 5830 νεκρῶν.

400 5821 536 5893 (58⁸)
578 5821 742 5896 Vulgo
765 5825 826 5878 δὴ
851 5825 964 5878 ἅτε.

2072 5419 2232 5488 (58⁶⁴)
2248 5417 2430 5488 _Yulgo
2453 5417 2597 5488 Υἰόν.
2837 5427 2840 5429 ’
2931 5449 2935 5451 -

2074 5483 2416 5558 (59)’νιι1ξο
2467 5487 2733 5552 τελειωτ..
2777 5498 2830 5542 et
2881 5502 3004 5540 mox
3056 5487 3212 5555 ὑμεῖς
3445 5483 3574 5537 θείη

2002 5556 2565 5680 νιιξξοὲπηγγείλετο,
2597 5561 2738 5626 quod
2774 5558 2964 5612 saltem
2997 5569 3121 5612 esse
3149 5557 3378 5611 debebat
3400 5556 3574 5622 ἐπηγ-

2002 5644 2085 5680 γει
2108 5648 2235 5680 ατο.

2002 5644 2235 5694 γειλατο.

2073 5702 2183 5814 (ῒϋου)
2230 5698 2400 5782 Vulgo
2447 5701 2605 5769 μετά,
2653 5708 2706 5752 et
2744 5713 2862 5752 mox
2917 5695 3195 5759 ὑπεξιέναι
3251 5703 3302 5768 et
3357 5690 3577 5771 emtas

2004 5787 2133 5839 μηοΞ
2142 5811 2155 5822 .
