4160 6444
507 397 648 458 1013

1187 391 1458 448 EUSEBII
1499 391 1982 450 CESARIENSIS
2020 389 2172 447 OPP.
2215 389 2394 447 PARS
2431 389 2520 444 IV.
2563 423 2632 432 —
2671 385 3098 448 DOGM.\TIC.-\-

3629 389 3769 444 IGIG

508 520 678 578 ipsum
710 515 852 584 facta
884 523 1026 578 sunt,
1052 523 1099 566 et
1127 515 1240 566 sine
1271 514 1382 580 ipso
1420 519 1618 582 factum
1643 523 1718 570 est
1740 515 1888 570 nihil.
1911 516 2087 583 Atque

2208 513 2442 584 ἐγένετο,
2470 517 2568 570 καὶ
2601 517 2775 584 χωρὶς
2809 515 2994 569 αὐτοῦ
3025 508 3266 582 ἐγένετο
3299 508 3440 564 οὐδὲ
3463 509 3556 564 ἕν.
3583 513 3770 568 Tanta.

511 610 610 660 ista
636 608 849 676 quidem
883 607 948 658 ad
976 605 1118 658 hune
1169 606 1384 658 modum
1423 615 1626 660 sancta:
1654 616 1780 660 sunt
1809 613 1864 660 et
1894 605 2084 659 catho-

509 698 625 752 lica:
681 697 930 751 Ecclesite
981 696 1197 760 tradita,
1263 710 1498 764 voceque
1549 697 1731 750 divina
1772 697 2086 764 consignata

511 788 786 856 mysteria.
845 784 1128 839 Marcellus
1175 801 1306 840 vero
1357 787 1691 854 permiscens
1737 787 1940 850 onmia,
1986 785 2087 840 ali—

510 879 728 947 quando
751 877 802 930 in
827 879 1150 946 profundum
1171 893 1226 932 se
1245 877 1716 932 Sabellianismum
1745 879 2086 948 praecipitat:

511 968 798 1038 aliquando
839 968 988 1022 Pauli
1031 969 1174 1022 illius
1203 985 1232 1023 a
1278 971 1583 1025 Samosatis
1627 970 1874 1025 haeresim
1927 985 2088 1024 reno-

509 1074 640 1114 vare
664 1059 798 1122 vult,
835 1061 1124 1130 aliquando
1147 1059 1365 1116 Judzens
1399 1071 1607 1115 tantum
1645 1077 1751 1116 non
1788 1063 2092 1132 deprehen-

513 1153 697 1204 ditur:
733 1168 892 1204 unam
929 1153 1126 1206 etenim
1172 1153 1486 1224 hypostasin
1533 1155 1971 1222 tripersonatam,
2015 1155 2089 1208 uti

513 1253 570 1296 et
601 1243 942 1296 lrinomiuetn
981 1245 1308 1308 introducit,
1340 1245 1588 1298 eumdem
1639 1246 1915 1299 allirtnans
1972 1261 2094 1300 esse

517 1336 707 1398 Deum,
740 1345 792 1388 et
843 1336 895 1388 in
949 1335 1058 1387 Deo
1113 1335 1368 1400 Verbum,
1404 1348 1457 1390 et
1509 1335 1768 1404 Spiritum
1823 1347 2090 1390 sanctum.

514 1423 906 1494 Transgressus
954 1425 1076 1479 indc
1123 1426 1186 1478 ad
1245 1426 1483 1494 Apostoli
1523 1427 1588 1480 de
1631 1426 1844 1482 Christo
1886 1427 2095 1482 theolo-

513 1517 690 1584 giam,
722 1518 960 1571 diversas
1014 1518 1100 1570 hic
1137 1517 1358 1570 adhibet
1411 1517 1910 1586 interpretationes.
1959 1516 2092 1572 Nam

516 1623 637 1660 cum
668 1609 896 1662 exertim
931 1608 1218 1675 Apostolus
1249 1607 1441 1661 Filium
1477 1607 1595 1670 Dei,
1623 1608 1784 1662 Deum
1816 1611 2092 1678 praedicet,

517 1707 575 1750 ut
601 1698 688 1752 ubi
715 1699 806 1760 ait,
838 1697 940 1764 Qui
965 1707 1040 1751 est
1069 1700 1244 1768 imago
1269 1699 1364 1752 Dei
1387 1699 1690 1764 invisibilis,
1719 1701 2095 1770 primogenitus

517 1789 687 1842 omnis
720 1789 1256 1859 creatarm,quoniam
1281 1791 1336 1842 in
1359 1790 1448 1844 illo
1477 1799 1654 1844 creata
1682 1801 1801 1845 sunt
1829 1793 2089 1856 universa,

2190 605 2287 675 μὲν
2349 601 2442 658 οὖν
2515 609 2612 676 τῆς
2677 605 2967 676 καθολικῆς

2187 690 2288 750 ὧδέ
2319 714 2396 766 πη
2431 697 2518 750 διὰ
2537 696 2643 750 τῶν
2672 697 2830 748 θείων
2861 697 3052 764 φωνῶν
3079 691 3430 768 παραδίδοται
3457 691 3528 746 τὰ
3563 698 3768 766 μυστή-

2190 807 2301 860 ρια·
2339 790 2655 861 Μάρκελλος
2687 789 2744 842 δὲ
2793 790 2971 842 πάντα
3005 789 3204 858 φύρας..
3239 785 3368 838 ποτὲ
3417 787 3514 856 μὲν
3559 789 3640 850 εἰς
3673 789 3770 840 αὑ-

2189 879 2278 932 τὸν
2301 879 2422 932 ὅλον
2455 880 2544 932 τὸν
2571 878 2859 932 Σαϐελλίου
2891 877 3048 947 βυθόν
3079 875 3270 947 χωρεῖ,
3300 875 3432 927 ποτὲ
3463 876 3519 928 δὲ
3557 877 3764 930 Παύλου

3053 599 3156 657 καὶ
3223 600 3383 668 ἁγίας
3445 602 3639 674 Ἐκκλη
3647 607 3768 668 σίας

2193 969 2286 1024 τοῦ
2330 971 2690 1041 Σαμοσατέως
2719 969 3072 1024 ἀνανεοῦσθαι
3111 967 3368 1040 πειρᾶται
3407 965 3505 1038 τὴν
3533 969 3762 1039 αἵρεσιν,

2195 1062 2325 1114 ποτὲ
2373 1062 2430 1114 δὲ
2485 1062 2735 1124 Ἰουδαῖος
2774 1060 2848 1112 ὣν
2899 1059 3158 1132 ἄντικρυς
3201 1057 3583 1128 ἀπελέγχεται·
3638 1061 3766 1130 μίαν

2197 1153 2304 1224 γὰρ
2349 1153 2644 1206 ὑπόστασιν
2682 1153 3064 1224 τριπρόσωπον
3096 1150 3287 1222 ὥσπερ
3329 1151 3422 1204 καὶ
3463 1151 3768 1223 τριώνυμον

2197 1247 2432 1316 εἰσάγει,
2467 1247 2556 1298 τὸν
2598 1246 2759 1300 αὑτὸν
2795 1242 2931 1298 εἶναι
2960 1246 3132 1312 λέγων
3171 1245 3260 1298 τὸν
3291 1244 3424 1298 Θεὸν
3465 1245 3559 1298 καὶ
3589 1243 3677 1298 τὸν
3709 1248 3768 1298 ὲν

2195 1336 2343 1408 αὑτῷ
2376 1337 2546 1404 Λόγον
2579 1339 2670 1390 καὶ
2695 1337 2756 1390 τὸ
2787 1335 2940 1405 ἅγιον
2967 1335 3210 1407 Πνεῦμα.
3247 1332 3360 1390 Εἶτ’
3398 1337 3644 1390 ἐντεῦθεν
3675 1354 3771 1407 με·

2195 1427 2366 1492 ταϐάς
2394 1429 2486 1480 ἐπὶ
2509 1427 2608 1490 τὰς
2639 1427 3000 1491 ἀποστολικὰς
3043 1428 3170 1498 περὶ
3201 1427 3294 1480 τοῦ
3329 1427 3563 1499 Χριστοῦ
3589 1428 3768 1481 Θεολο-

2195 1516 2340 1584 γίας,
2405 1516 2566 1570 πάλιν
2605 1517 2715 1586 (68)
2762 1515 3102 1586 διαστρόφοις
3142 1516 3404 1588 κέχρηται
3433 1517 3766 1588 ἑρμηνείαις.

2199 1607 2304 1660 Τοῦ
2345 1607 2456 1679 γάρ
2487 1608 2632 1660 θείου
2676 1609 2996 1660 Ἀποστόλου
3053 1607 3428 1676 θεολογοῦντος
3477 1609 3771 1680 διάρρηδην

2198 1697 2289 1750 τὸν
2315 1697 2442 1750 Υἱδν
2467 1696 2562 1749 τοῦ
2591 1695 2722 1750 Θεοῦ
2752 1697 2844 1748 καὶ
2863 1695 3250 1762 λέγοντος,”ος
3273 1695 3444 1748 ἐστιν
3470 1694 3646 1748 εἰκὼν
3665 1695 3772 1748 τοῦ

2202 1788 2352 1843 Θεοῦ
2395 1787 2502 1842 τοῦ
2549 1787 2828 1856 ἀοράτου,
2863 1790 3236 1856 πρωτότοκος
3265 1793 3468 1854 πάσης
3499 1787 3769 1852 κτίσεως,

518 1893 636 1931 cum
665 1895 724 1932 ea
757 1893 873 1946 qua:
907 1879 958 1929 in
1005 1878 1144 1930 cmlis
1189 1889 1332 1942 sunt,
1367 1889 1476 1932 tum
1513 1896 1628 1949 qua:
1651 1897 1806 1946 super
1847 1893 2042 1936 terram
2070 1899 2089 1937 :

2208 1878 2282 1932 in
2311 1880 2380 1932 ἐν
2403 1878 2562 1944 αὐτῷ
2593 1879 2838 1947 ἐκτίσθη
2867 1879 2937 1932 τὰ
2965 1878 3179 1941 πάντα,
3220 1877 3294 1932 τά
3317 1895 3379 1932 τε
3407 1879 3477 1930 ἑν
3507 1876 3632 1941 τοῖς
3675 1879 3774 1930 οὐ·

518 1971 623 2024 sive
649 1970 891 2036 visibilia,
927 1985 1016 2022 seu
1045 1971 1362 2024 inuisibilia:
1385 1972 1491 2024 sive
1520 1973 1714 2036 throni,
1739 1988 1832 2025 seu
1854 1973 2096 2026 domina-

2208 1970 2418 2035 διανοῖς,
2455 1971 2552 2023 καὶ
2596 1969 2666 2024 τὰ
2694 1970 2792 2024 ἐπὶ
2819 1970 2931 2038 τῆς
2969 1969 3102 2040 γῆς,
3129 1970 3248 2024 εἴτε
3298 1968 3498 2037 ὁρατὰ,
3528 1969 3647 2021 εἴτε
3677 1968 3776 2021 ἀό-

521 2061 708 2128 tiones,
753 2060 857 2113 sire
897 2062 1223 2128 principatus
1249 2102 1264 2126 ,
1295 2079 1389 2114 seu
1428 2071 1728 2128 potestates,
1773 2065 1950 2116 omnia
2005 2079 2097 2132 per

2208 2079 2363 2126 Data,
2403 2063 2526 2116 εἴτε
2575 2065 2796 2132 θρόνοι,
2835 2063 2956 2116 εῖτ-ε
2988 2063 3353 2133 κυριότητες,
3402 2062 3520 2116 εἴτε
3577 2063 3774 2130 ἀρχαὶ,

522 2153 718 2216 ipsum,
747 2161 796 2204 et
835 2151 887 2204 in
915 2157 1025 2217 ipso
1058 2151 1266 2205 condita
1295 2161 1417 2206 sunt
1453 2163 1541 2206 :et
1577 2154 1684 2221 ipse
1723 2163 1796 2209 est
1836 2164 1954 2208 ante
1981 2171 2096 2208 om-

523 2241 636 2306 nia,
659 2249 706 2294 et
737 2243 913 2294 omnia
944 2243 998 2294 in
1028 2243 1140 2310 ipso
1165 2245 1506 2297 constiterunt
1533 2243 1600 2298 ⁸⁵.

1165 2430 1316 2488 CAP.
1364 2432 1470 2488 VII.

527 2515 804 2586 Quomodo
830 2517 1360 2596 Marcellus_carnent
1399 2535 1650 2580 assereret
1676 2542 1787 2580 esse
1820 2511 2104 2596 imaginem

1102 2591 1199 2646 Dei
1237 2595 1534 2648 invisibilis.

597 2678 694 2734 Vir
727 2680 978 2752 egregius
1012 2682 1114 2736 iste
1167 2686 1381 2740 demum
1431 2685 1496 2739 ad
1555 2701 1771 2741 carnem
1822 2687 2098 2754 deiectus,

527 2769 696 2838 ipsam
726 2770 958 2826 aﬂirmat
997 2773 1282 2842 imaginem
1315 2776 1604 2830 invisibilis
1631 2791 1752 2832 esse
1795 2776 1884 2830 Dei
1923 2793 1936 2830 :
1979 2792 2102 2832 cum

531 2873 712 2916 tamen
744 2863 886 2932 quod
918 2880 1022 2918 non
1056 2866 1327 2930 observat,
1373 2866 1546 2920 forma
1587 2867 1902 2931 masculina,
1935 2869 2022 2938 qui
2051 2876 2106 2922 el.

532 2971 638 3010 non
671 2972 787 3022 qua:
829 2965 910 3010 est
949 2957 1124 3024 imago
1153 2955 1426 3011 efferatur.
1455 2957 1546 3010 Ille
1577 2971 1754 3012 autem
1795 2959 2102 3020 articulum,

529 3047 619 3113 ὃς,
661 3049 812 3102 carni
853 3048 1174 3102 attributum
1224 3049 1502 3102 declarare
1546 3051 1656 3112 ait,
1684 3050 1828 3118 quod
1880 3053 1994 3119 Ipsa
2035 3050 2108 3106 sit

533 3139 620 3192 illa
657 3140 831 3209 imago
860 3139 1142 3194 invisibilis
1181 3139 1272 3194 Dei
1310 3157 1324 3192 :
1355 3141 1485 3195 illud
1513 3156 1728 3210 quoque
1753 3142 1859 3208 ipse
1881 3150 1957 3194 est
1987 3153 2106 3197 ante

534 3233 711 3284 omnia
731 3232 797 3286 de
835 3246 997 3286 carne
1033 3231 1234 3285 dictum
1263 3233 1370 3288 ait:
1413 3249 1586 3304 neque
1633 3235 1819 3302 puduit
1865 3250 1988 3290 eum
2023 3235 2108 3290 di-

533 3337 686 3386 cere,
729 3323 856 3390 ipse,
884 3325 951 3376 de
995 3338 1176 3378 carne.
1207 3323 1312 3378 Sed
1356 3335 1409 3380 et
1455 3335 1670 3394 propter
1719 3341 1939 3380 carnem
1986 3329 2109 3382 uni-

537 3431 704 3472 versa:
725 3428 988 3472 creaturae
1011 3419 1421 3488 primogenitum
1454 3432 1702 3474 vocatum
1727 3423 1840 3475 ait:
1878 3441 1896 3472 ι
1935 3421 2112 3478 Manet

542 3525 560 3557 ι
609 3519 787 3562 autem
821 3509 1248 3574 innnntabililer,
1273 3509 1465 3578 inquit,
1492 3513 1558 3567 de
1583 3527 1766 3578 carne,
1793 3515 1973 3568 omnia
2003 3523 2110 3570 tam

541 3619 561 3650 ε
605 3599 654 3652 in
687 3601 839 3654 caelis
863 3616 1023 3670 quant
1055 3604 1106 3654 iu
1140 3611 1302 3666 terra,
1333 3604 1446 3656 sive
1480 3604 1732 3669 visibilia,
1763 3610 1822 3670 vlt
1847 3621 1942 3661 seu
1978 3607 2114 3661 invi-

541 3710 562 3744 ι
609 3691 782 3748 sibilia
810 3703 989 3747 creata
1021 3711 1032 3748 :
1068 3713 1085 3743 ι
1117 3708 1214 3748 nec
1249 3693 1446 3764 refugit
1472 3695 1650 3750 dicere
1681 3697 1922 3762 thronos,
1952 3697 2116 3752 domi-

539 3786 820 3846 nationes.
868 3785 1236 3854 principatus,
1300 3795 1590 3855 potestates
1633 3803 1728 3857 per
1799 3799 1852 3844 et
1895 3799 2116 3859 propter

539 3893 760 3932 carnem
813 3878 1120 3932 Servaloris
1187 3879 1518 3930 creationem
1583 3895 1734 3934 suam
1791 3881 1841 3934 in
1898 3880 2116 3936 Christo

537 3977 878 4022 consecutos.
941 3967 1072 4020 Cum
1141 3981 1270 4020 vero
1339 3969 1616 4035 superiore
1681 3969 1815 4024 l:bro
1879 3968 2114 4026 Marcelli

541 4061 702 4114 verba
755 4059 822 4112 de
871 4059 1030 4113 rebus
1077 4059 1194 4112 istis
1237 4060 1530 4126 posuerim,
1575 4077 1640 4115 ne
1671 4073 1949 4116 excrescat
1979 4063 2118 4118 ultra

543 4151 758 4204 modum
792 4153 986 4212 oratio,
1021 4159 1305 4204 contentus
1331 4163 1428 4203 ero
1460 4150 1566 4204 illic
1587 4165 1648 4204 ea
1687 4151 1996 4208 exhibuisse
2037 4163 2118 4208 te-

541 4240 816 4295 stimonia.
853 4240 1024 4306 Quam
1075 4253 1204 4294 vero
1236 4239 1310 4293 sit
1355 4239 1604 4306 distorta,
1645 4250 1702 4294 et
1730 4243 1992 4298 violenter
2029 4259 2120 4300 co-

543 4341 662 4387 acta
687 4333 800 4388 han:
826 4333 952 4386 dicti
997 4333 1276 4402 apostolici
1307 4333 1697 4402 interpretatio,
1733 4350 1836 4392 non
1873 4347 1974 4400 est,
2003 4337 2120 4405 opi-

543 4437 662 4486 nor,
692 4437 825 4492 opus
861 4431 918 4477 ut
953 4421 1196 4492 pluribus
1234 4424 1411 4477 adhuc
1451 4438 1768 4494 persequar,
1795 4439 1914 4479 cum
1955 4439 2118 4494 quam

2197 2155 2317 2207 sire
2360 2153 2657 2218 ἐξουσίαι,
2705 2153 2900 2206 πάντα
2954 2152 3028 2205 δι’
3071 2152 3278 2214 αὐτοῦ,
3323 2151 3420 2204 καὶ
3464 2153 3551 2218 είς
3593 2151 3778 2204 αὐτὸν

2199 2251 2488 2312 ἔκτισται,
2538 2251 2634 2302 καί
2682 2251 2864 2314 αὑτός
2905 2248 3037 2302 ἐστι
3089 2246 3200 2317 πρὸ
3253 2245 3512 2309 πάντων,
3563 2243 3658 2298 καί
3703 2241 3776 2295 τὰ

2201 2338 2396 2396 πάντα
2421 2341 2491 2392 ἐν
2517 2339 3108 2404 αὐτῷ’συνέστηκεν.

2859 2431 3014 2482 ΚΕΦ.
3057 2429 3126 2484 Ζ’.

2203 2527 2403 2589 Ὅπως
2449 2522 2804 2590 Μάρκελλος
2828 2519 2943 2587 τὴν
2973 2520 3180 2590 simia-rt
3205 2518 3310 2572 τοῦ
3357 2518 3504 2590 Θεοῦ
3534 2517 3638 2570 τοῦ
3678 2515 3780 2570 ἀοι-

2387 2586 2574 2662 ξράτοὺ
2605 2591 2718 2660 τὴν
2740 2586 2936 2658 σάρκα
2963 2586 3115 2642 εἶναι
3147 2588 3562 2644 διεϐεϐαιοῦτο.

2287 2689 2344 2740 Ὀ
2375 2685 2684 2756 θαυμαστὸς
2725 2677 2880 2746 οὗτος
2919 2679 3074 2746 αὖθις
3108 2684 3197 2734 ἐπὶ
3231 2683 3328 2752 τὴν
3371 2682 3550 2752 σάρκα
3579 2677 3782 2742 πεσὼν,

2205 2780 2377 2850 αὐτὴν
2436 2773 2576 2832 εἶναι
2623 2778 2985 2846 ἀποφαίνεται
3027 2777 3124 2846 τὴν
3173 2775 3356 2828 εἰκόνα
3407 2772 3500 2826 τοῦ
3550 2772 3786 2842 ἀοράτου.

2205 2871 2362 2936 Θεοῦ,
2379 2871 2478 2924 οὐκ
2493 2868 2706 2924 ἀκούων
2729 2869 2803 2930 ὡς
2825 2867 3096 2937 ἁρσενικῷ
3121 2868 3426 2938 χαρακτῆρι
3443 2865 3782 2936 ἐξενήνεκται

2205 2961 2288 3022 τὺ,
2319 2960 2379 3022 ὃς
2413 2961 2560 3014 ἐστιν
2593 2955 2774 3011 εἰκών.
2809 2956 2881 3008 Τὸ
2919 2955 3028 3026 γάρ
3061 2955 3128 3020 ὃς
3159 2956 3258 3010 οὐκ
3289 2951 3382 3006 οἷδ’
3427 2955 3574 3016 ὅπως
3615 2954 3788 3022 ἐφαρς.

2211 3053 2380 3122 μύσας
2411 3052 2476 3120 τῇ
2517 3050 2683 3118 σαρκὶ
2715 3047 2917 3117 ταύτην
2947 3046 3048 3118 ἔφη
3074 3045 3362 3116 δηλοῦσθαι
3392 3045 3468 3106 ὡς
3497 3043 3666 3113 αὐτῆς
3693 3043 3786 3095 οῦ-

2212 3161 2310 3214 σης
2341 3144 2438 3214 τῆς
2463 3142 2667 3204 εἰκόνος
2692 3139 2786 3193 τοῦ
2807 3138 2942 3192 Θεοῦ
2969 3138 3063 3192 τοῦ
3090 3139 3344 3210 ἀοράτου.
3369 3139 3475 3190 Καὶ
3504 3136 3682 3198 πάλιν,
3723 3136 3784 3187 τὸ

2209 3237 2392 3301 αὐτός
2423 3235 2554 3288 ἐστι
2591 3233 2702 3300 πρὸ
2725 3230 2969 3286 πάντων
2990 3232 3117 3302 περὶ
3149 3231 3248 3300 τῆς
3283 3231 3483 3300 σαρκός
3510 3245 3672 3299 φησιν
3703 3229 3786 3280 εξ-

2213 3325 2428 3400 ρῆσθαισ
2475 3325 2575 3377 οὐκ
2621 3321 2936 3391 αἰδούμενος
2977 3321 3038 3373 τὺ
3081 3320 3264 3386 αὐτὸς
3313 3321 3406 3374 ἐπὶ
3447 3319 3547 3388 τῆς
3589 3318 3789 3388 σαρκὸς

2211 3415 2596 3485 ἐκλαμϐάνειν.
2622 3413 2731 3466 Καὶ
2755 3412 2844 3465 τὸν
2872 3411 3215 3482 πρωτότοκον
3243 3410 3420 3479 πάσης
3446 3408 3676 3471 κτίσεως
3699 3407 3792 3460 διὰ

2211 3506 2308 3578 τὴν
2336 3505 2513 3576 σάρκα
2534 3503 2830 3573 κεκλῆσθαι
2855 3501 3020 3568 λέγει.
3053 3519 3070 3552 ι
3107 3500 3384 3570 Ἐπιμένει
3409 3498 3520 3569 (69)
3551 3515 3606 3552 τε
3641 3497 3792 3550 ἀδια-

2220 3618 2240 3650 s
2279 3599 2530 3670 τρέπτως
2563 3599 2620 3649 ὲν
2645 3599 2708 3666 τῇ
2741 3596 2902 3664 σαρκὶ
2929 3594 3152 3662 φάσκων
3179 3591 3248 3644 τά
3289 3593 3346 3644 ὲν
3372 3594 3482 3654 τοῖς
3519 3591 3790 3660 οὐρα·δοίς,

2219 3708 2238 3741 ι
2276 3691 2369 3742 καὶ
2403 3687 2476 3742 τὰ
2517 3689 2610 3740 ἐπὶ
2653 3689 2752 3757 τῆς
2779 3687 2882 3755 γῆς
2912 3685 3178 3748 ἐκτίσθαι,
3211 3683 3278 3736 τά
3313 3700 3370 3734 τε
3395 3682 3568 3753 ὁρατά
3598 3681 3692 3734 καὶ
3723 3682 3792 3733 τά

2220 3799 2240 3832 ι
2273 3781 2496 3851 ἀόρατα.
2513 3799 2530 3830 ι
2554 3779 2690 3832 Οὐδὲ
2707 3779 3054 3849 διατρέπεται
3072 3775 3310 3847 θρόνους,
3331 3776 3426 3827 καί
3443 3773 3792 3843 κυριότητας,

2215 3875 2308 3926 καὶ
2353 3870 2548 3944 ἀρχὰς,
2597 3871 2694 3922 καὶ
2731 3869 2979 3936 ἐξουσίας
3025 3869 3112 3922 διὰ
3162 3867 3260 3936 τῆς
3293 3865 3495 3938 σαρκὸς
3539 3863 3632 3916 τοῦ
3679 3865 3798 3915 Σω-

2213 3969 2397 4038 τῆρος·
2451 3967 2645 4035 λέγων,
2695 3966 2794 4036 τῆς
2843 3967 2900 4018 ὲν
2954 3963 3174 4035 Χριστῷ
3225 3962 3456 4023 κτίσεως
3506 3958 3793 4028 ἠξιῶσθαι.

2219 4060 2362 4128 Ἤδη
2389 4057 2446 4110 δὲ
2466 4058 2553 4111 διὰ
2581 4059 2676 4128 τῆς
2705 4057 2811 4128 πρὸ
2833 4055 3024 4108 τούτου
3049 4055 3266 4124 γραφῆς
3297 4051 3396 4115 τὰς
3430 4052 3556 4122 ’περὶ¹
3589 4049 3798 4104 τούτων

2216 4148 2310 4204 τοῦ
2343 4147 2663 4220 Μαρκέλλου
2700 4147 2881 4216 φωνὰς
2927 4145 3350 4218 παραθέμενος..
3373 4143 3532 4211 λόγου
3579 4158 3800 4212 συμμε-

2217 4241 2374 4314 τρίας
2402 4240 2736 4310 φειδόμενος,
2766 4242 2831 4309 τῇ
2861 4239 2970 4306 (70)
2997 4237 3176 4292 αὐτῶν
3207 4236 3427 4288 ἐκείνων
3464 4233 3800 4304 ἀρκεσθήσο-

2224 4345 2320 4399 μαι
2344 4327 2634 4399 μαρτυρίᾳ.
2682 4328 2768 4390 Ὡς
2806 4326 2864 4378 δὲ
2905 4315 3227 4399 διάστροφος
3269 4325 3362 4376 καὶ
3401 4323 3726 4394 βεϐιασμένη
3761 4325 3798 4394 ἡ

2219 4417 2442 4489 τοιαύτη
2473 4419 2728 4488 τυγχάνει
2766 4421 2864 4488 τῆς
2913 4416 3277 4484 ἀποστολικῆς
3301 4413 3497 4478 λέξεως
3521 4415 3796 4485 διήγησις,

544 4515 616 4567 sit
643 4513 732 4568 illa
761 4515 1043 4584 impudens
1069 4516 1473 4585 interpretatio,
1498 4521 1696 4586 cuique
1743 4519 1876 4572 satis
1907 4517 2104 4574 innote-

2223 4509 2283 4564 οὔ
2332 4527 2421 4580 μοι
2455 4509 2564 4562 δεῖν
2612 4508 2848 4580 ἡγοῦμαι
2895 4507 3240 4576 κατασκευῆς
3289 4505 3551 4570 πλείονος,
3603 4505 3690 4557 διὰ
3735 4504 3800 4558 τὸ

2295 4601 2307 4614 .
2366 4601 2466 4614 .-..
2659 4601 2668 4614 .
2757 4599 2781 4611 η
2945 4599 2957 4614 .
3205 4595 3223 4614 τ
3391 4597 3405 4614 .
3457 4599 3469 4612 .
3577 4597 3617 4614 ς.
3708 4597 3758 4614 ί-

544 4614 678 4662 5031.

1131 4779 1358 4834 CAPUT
1394 4778 1525 4832 VIII.

550 4873 824 4938 Quomodo
863 4874 1002 4928 idem
1053 4885 1254 4928 astruo:
1296 4891 1508 4930 carnem
1550 4873 1844 4930 Servatoris
1879 4875 2118 4942 prodesse

1261 4946 1412 4998 nihil.

617 5033 978 5089 Nihilominus
1027 5033 1118 5102 qui
1170 5033 1236 5088 de
1289 5050 1453 5088 carne
1505 5035 1807 5089 Servatoris
1861 5034 1968 5104 egit
2011 5043 2118 5088 tam

549 5126 756 5188 multis,
791 5125 933 5178 illam
987 5126 1142 5180 nobis
1183 5141 1286 5180 non
1332 5137 1617 5180 conservat
1665 5135 1866 5180 sartam
1900 5135 2118 5180 tectam.

550 5217 856 5286 Optandum
911 5230 1078 5280 esset,
1125 5227 1182 5270 ut
1215 5218 1296 5272 vel
1327 5219 1414 5272 hic
1456 5218 1644 5272 saltem
1681 5217 1768 5286 pie
1797 5231 1986 5286 sapere
2023 5232 2119 5270 vo-

549 5311 758 5368 luisset.
812 5307 879 5360 At
907 5324 1050 5362 nunc
1093 5317 1436 5379 posteaquam
1481 5311 1660 5363 omnia
1695 5309 1762 5364 de
1797 5321 1960 5362 carne
2027 5307 2123 5364 de-

627 5479 686 5536 )B
720 5473 814 5527 Ed.
843 5472 1042 5540 Paris.,
1069 5489 1190 5543 pag.
1219 5473 1344 5530 176.
1385 5475 1429 5507 ⁸³
1450 5474 1656 5534 Coloss.
1691 5489 1728 5542 t,
1767 5475 1956 5532 lii-I7.

622 5613 731 5751 (68g
767 5614 938 5683 Vulgo
970 5611 1264 5684 διαφόροις.

622 5685 708 5751 (ϐε)
767 5683 933 5750 Vulgo
965 5683 1043 5736 δέ.
1175 5747 1198 5751 λλ

621 5683 730 5761 ea
767 5683 1043 5761 μιαρέ·
1083 5752 1094 5761 .
1172 5747 1198 5761 -

621 5757 734 5826 (70)
773 5755 826 5807 In
856 5754 1010 5807 codd.
1039 5752 1222 5826 αὐτοῦ,

624 5817 738 5900 (Ἠ)
779 5826 944 5897 Vulgo
989 5823 1143 5880 παντὶ
1169 5817 1251 5880 τό.

2225 4601 2318 4656 καὶ
2361 4601 2472 4671 (7-1)
2521 4601 2680 4652 παντὶ
2716 4599 2792 4669 τῷ
2825 4599 3148 4671 κατάφωρον
3176 4595 3315 4652 εἶναι
3355 4597 3416 4650 τὸ
3447 4597 3658 4660 ἀναιδὲς
3698 4597 3800 4668 τῆς

2219 4693 2532 4768 ἑρμηνείας.

2873 4783 3027 4834 ΚΕΦ.
3070 4782 3150 4834 H'.

2223 4879 2414 4940 Ὅπως
2461 4879 2492 4928 ὀ
2537 4876 2720 4938 αὐτὸς
2758 4873 2949 4942 μηδὲν
2994 4871 3246 4940 ὠφελεῖν
3292 4871 3406 4938 τὴν
3445 4867 3643 4936 σάρκα
3692 4865 3798 4922 τοῦ

2673 4943 2944 5010 Σωτῆρος
2975 4943 3335 5010 ἀπεφαίνετο

2301 5037 2445 5108 Πλὴν
2463 5036 2700 5092 τοσαῦτα
2724 5035 2970 5106 περὶτῆς
2996 5033 3194 5104 σαρκὸς
3215 5033 3307 5086 τοῦ
3331 5031 3580 5102 Σωτῆρος
3605 5027 3797 5092 εἰπὼν,

2227 5129 2335 5182 οὐδ’
2367 5129 2532 5199 αὐτὴν
2567 5131 2695 5200 ἡμῖν
2724 5127 2979 5195 φυλάττει
3009 5125 3171 5178 σώαψ
3210 5125 3284 5187 ὡς
3318 5125 3426 5177 εἴθε
3453 5123 3562 5194 γάρ
3588 5121 3690 5176 κᾶν
3719 5121 3798 5182 είς

2229 5218 2394 5290 αὐτὴν
2433 5219 2522 5272 τὸν
2573 5217 2767 5287 εὐσεδῆ
2816 5217 3052 5286 διετήρει
3097 5214 3374 5285 λογισμόν·
3429 5214 3546 5267 νυνὶ
3591 5210 3700 5278 (7‘2)
3741 5208 3798 5261 δὲ

2237 5313 2372 5380 μετὰ
2399 5313 2576 5364 πάντα
2597 5311 2662 5363 τὰ
2689 5311 2814 5380 περὶ
2844 5311 3010 5380 αὐτῆς
3043 5307 3188 5378 αὐτῷ
3222 5307 3517 5378 λελεγμένα
3542 5305 3673 5376 (75),
3708 5303 3800 5354 ἐπὶ

2291 5607 2380 5674 (72
2411 5605 2578 5676 Vulgo
2603 5605 2660 5658 δὲ
2693 5605 2886 5659 πάντα.

2289 5671 2400 5745 (75)
2431 5667 2597 5746 Vulgo
2630 5678 2730 5752 ίὲπὶ
2758 5671 3139 5758 σωτηρίᾳ-τίῆν
3171 5667 3564 5758 αἰιὶινων.¹ξ›ηιί5
3592 5673 3800 5728 consul:

2214 5737 2496 5818 legendum
2520 5737 2638 5804 Esse
2669 5737 3070 5814 σ·.›ντελεῖᾲ.’Μ.
3101 5741 3178 5812 [et
3205 5743 3280 5794 sic
3309 5737 3508 5808 codd.].
