4098 6398
527 389 674 452 1019

1213 391 1480 447 EUSEBII
1516 389 1993 448 CESARIENSIS
2031 389 2186 447 OPP.
2223 386 2403 443 PARS
2440 385 2528 442 ιν.
2567 417 2638 430 —-
2677 386 3090 446 DOGMAT.CA.

3643 389 3778 444 ωτι)

539 521 562 558 ι
605 505 686 559 Ad
719 503 840 558 illos
868 519 994 558 vero
1020 503 1109 573 qui
1135 514 1382 558 exactam
1407 503 1474 558 de
1501 505 1664 557 rebus
1695 504 1812 557 istis
1843 503 2103 556 rationem

2215 515 2234 551 ι
2282 515 2381 569 μεν
2417 495 2668 568 Γραφῶν,
2719 497 2818 548 οὐκ
2852 495 3090 566 ἀσφαλὲς
3131 491 3267 549 εἶναι
3294 495 3604 566 νομίζομεν.
3651 497 3780 563 Πῶς

538 615 560 649 ε
610 615 638 651 a
669 597 824 650 nobis
849 596 1098 664 exigunt,
1130 594 1424 663 inquimus,
1457 594 1599 664 quod
1624 605 1813 648 sancto
1847 593 2106 660 Apostolo

537 705 562 741 ι
608 687 1094 756 obtemperandum
1134 687 1338 741 scimus
1379 701 1522 752 esse,
1554 686 1648 754 qui
1693 685 1947 754 mysteria
1982 685 2106 737 abs-

539 795 560 832 (
608 779 848 841 condita,
892 778 959 831 ad
1013 777 1159 830 illum
1212 779 1450 841 modum,
1496 792 1656 846 quem
1725 777 1838 845 ipse
1891 777 2102 838 statuit,

541 891 562 924 1
610 873 900 925 scrutanda
953 871 1138 922 docuit
1178 887 1193 924 :
1247 867 1495 922 Videmus
1537 869 1673 922 enim
1714 885 1872 931 nunc,
1909 867 2103 935 inquit,

544 979 562 1010 ι
608 971 860 1028 tanquam
908 975 1000 1025 per
1031 958 1298 1024 speculum
1345 959 1399 1010 in
1444 957 1764 1024 wnigmale:
1817 969 1937 1008 tunc
1989 971 2104 1008 vero

543 1071 564 1104 ε
609 1052 746 1120 facie
784 1051 853 1102 ad
883 1050 1073 1118 faciem
1108 1049 1176 1112 ’°.
1218 1060 1272 1102 et
1301 1055 1358 1111 >14
1398 1063 1516 1117 quae
1562 1059 1876 1114 sequuntur.
1908 1043 1984 1098 Ne
2023 1061 2106 1100 tne

541 1159 566 1196 ι
609 1143 910 1210 interroges
937 1157 1087 1210 ergo.
1118 1143 1182 1194 de
1213 1141 1374 1193 rebus
1399 1155 1520 1208 qua:
1543 1155 1648 1192 non
1675 1145 1894 1190 exstant
1922 1145 2106 1204 aperte

543 1250 566 1286 ε
614 1232 824 1287 tradita:
853 1232 902 1284 in
937 1230 1238 1299 Scripturis
1291 1229 1462 1284 sacris
1498 1249 1510 1283 :
1552 1230 1696 1283 unde
1737 1237 1941 1282 certum
1976 1226 2106 1296 quid

543 1340 566 1376 ι
609 1333 848 1376 statuere
897 1336 998 1374 non
1049 1337 1266 1390 possunt
1313 1321 1378 1373 de
1428 1335 1610 1384 carne,
1659 1318 1812 1386 cujus
1841 1319 2105 1387 particeps

545 1429 566 1466 ι
611 1421 734 1467 erat
770 1411 1032 1465 Verbum.
1077 1410 1178 1475 Qui
1221 1419 1402 1464 autem
1453 1408 1656 1462 fatetur
1699 1423 1759 1462 se
1806 1423 1910 1460 non
1953 1421 2107 1475 posse

545 1521 566 1555 α
615 1503 680 1556 de
733 1503 1034 1571 Scriptnris
1082 1503 1430 1570 respondere,
1483 1499 1643 1553 simul
1691 1499 2010 1562 confitetur.
2048 1513 2107 1553 se

543 1611 566 1646 ι
614 1593 748 1648 nihil
777 1594 909 1648 certi
941 1595 1007 1648 de
1045 1592 1338 1663 Scripturis
1372 1593 1648 1646 didicisse.
1677 1609 1696 1642 ι
1729 1589 2104 1656 llujuscentodi

541 1685 634 1740 ille
667 1687 733 1740 de
759 1685 862 1739 hac
889 1701 1053 1739 carne
1085 1686 1242 1740 scivit
1275 1703 1289 1739 :
1321 1699 1424 1738 non
1451 1695 1670 1752 accepta
1695 1685 1761 1737 de
1787 1683 2103 1750 Scripturis,

2214 608 2234 642 ι
2274 589 2384 661 γάρ
2400 589 2560 642 τοῦτο
2583 589 2842 660 πράττειν
2858 587 3081 640 δυνατὸν
3109 589 3220 650 τοῖς
3243 588 3335 640 καὶ
3351 587 3423 640 τά
3447 588 3644 659 ἑτέρων
3663 591 3776 659 βο)

2213 699 2232 732 t
2269 681 2635 752 ἀνατρέπουσι
2657 679 2928 750 δόγματα;
2971 677 3106 730 Ἀλλ’
3133 676 3363 748 ἐροῦμεν
3391 679 3525 750 πρὸς
3542 680 3666 744 τοὺς
3687 681 3778 734 τὸν

2214 791 2232 824 ι
2268 771 2468 844 ἀκριϐῆ
2507 773 2630 842 περὶ
2660 769 2850 824 τούτου
2875 771 3064 840 μαθεῖν
3088 769 3212 840 παρ’
3241 769 3396 840 ἡμῶν
3429 769 3779 842 βουλομένους

2213 883 2232 916 ι
2269 865 2560 932 λόγον,ὃτι,
2585 861 2983 934 πειθόμενοιτῷ
3004 859 3132 933 ἱερῷ
3161 861 3778 933 ’Λποστόλῳ,ίσμεν,ὃτι

2215 974 2234 1007 ‹
2277 954 2450 1017 οὕτως
2498 956 2647 1025 ἡμᾶς
2700 956 2832 1026 όρᾷν
2881 953 2950 1006 τά
3000 953 3464 1023 ἀποκεκρυμμένα
3511 955 3780 1026 μυστήρια

2214 1065 2234 1098 ι
2275 1047 2560 1118 προσήκει,
2610 1045 2686 1108 ὼς
2732 1045 2894 1108 αὐτὸς
2941 1043 3077 1114 ἔφη·
3131 1043 3446 1113 Βλέπομεν
3489 1044 3598 1113 γὰρ
3628 1045 3777 1114 ἄρτι,

2214 1155 2232 1188 ι
2270 1137 2420 1206 φησὶ,
2448 1134 2522 1188 δι’
2549 1135 2869 1202 εὶσόπτρου
2885 1136 2953 1187 ἐν
2973 1135 3268 1202 αἰνίγματι
3289 1150 3304 1165 ο
3335 1135 3468 1188 τότε
3499 1133 3565 1186 δὲ
3595 1135 3782 1202 πρόσ-

2213 1243 2232 1276 ι
2273 1239 2434 1278 ωπον
2483 1226 2633 1294 πρὸς
2683 1227 3028 1293 πρόσωπον,
3087 1226 3182 1278 καὶ
3215 1225 3282 1278 τὰ
3314 1225 3441 1295 ἑξῆς
3462 1243 3476 1256 ·
3523 1225 3660 1280 ὥστε
3703 1228 3777 1298 μή

2211 1333 2232 1367 ι
2279 1333 2380 1384 μου
2409 1315 2679 1370 πυνθάνου
2708 1316 2837 1385 περὶ
2865 1307 2939 1367 ὧν
2967 1313 3154 1382 σαφῶς
3179 1313 3329 1386 παρά
3355 1315 3456 1385 τῆς
3477 1315 3622 1378 θείας
3646 1316 3686 1368 Γ
3693 1333 3784 1386 ρα-

2215 1423 2234 1456 ι
2271 1406 2377 1476 φῆς
2402 1407 2475 1478 μὴ
2509 1407 2802 1477 μεμάθηκα
2825 1423 2840 1436 ·
2871 1406 2957 1459 ὄιά
2987 1405 3147 1459 τοῦτο
3176 1406 3353 1459 τοίνυν
3385 1407 3505 1459 οὐδὲ
3536 1407 3780 1480 περὶτῆς

2213 1515 2233 1549 ι
2271 1498 2418 1562 θείας
2451 1498 2560 1570 (81)
2595 1497 2813 1569 Γραφῆς
2841 1497 3056 1567 ἐκείνης
3086 1498 3184 1565 τῆς
3223 1497 3301 1568 τῷ
3335 1498 3495 1568 Λόγῳ
3523 1515 3782 1569 κοινωνη-

2214 1607 2232 1641 t
2275 1590 2446 1659 σάσης
2475 1590 2675 1660 σαρκὸς
2699 1588 2884 1656 σαφῶς
2931 1590 3104 1642 εἰπεῖν
3131 1588 3450 1659 δυνήσομαι.
3484 1587 3598 1642 Εἶθ’
3621 1592 3649 1643 ό
3677 1607 3780 1660 μη-

2215 1697 2235 1732 ι
2273 1681 2361 1734 δὲν
2388 1680 2566 1748 λέγειν
2607 1679 2865 1732 δύνασθαι
2911 1678 3208 1750 ὁμολογῶν,
3247 1679 3381 1750 μηδὲ
3408 1681 3779 1752 μεμαθηκέναι

541 1791 648 1830 non
701 1775 771 1830 ab
815 1776 937 1830 aliis
985 1786 1270 1842 occupata,
1311 1791 1415 1828 non
1445 1789 1476 1828 e
1509 1775 1802 1828 traditione
1851 1773 2103 1828 Ecclesiae

2216 1791 2236 1824 ‹
2275 1790 2325 1826 τι
2354 1772 2462 1826 ἀπὸ
2499 1771 2602 1842 τῆς
2643 1771 2885 1843 Γραφῆς.
2926 1790 2946 1822 ι
2981 1770 3221 1826 Τοιαῦτα
3265 1773 3394 1842 περὶ
3438 1773 3540 1841 τῆς
3579 1772 3780 1843 σαρκὸς

541 1866 750 1931 doctus,
778 1867 878 1920 sibi
909 1883 1036 1921 vero
1063 1868 1298 1921 conficta
1327 1885 1339 1920 :
1370 1876 1424 1920 et
1456 1866 1523 1920 de
1555 1883 1653 1920 suo
1678 1867 1909 1921 cerebro
1937 1881 2102 1921 exen-

2209 1865 2541 1934 ἀπεφήνατο,
2557 1835 2806 1916 ’διτίάτέδ
2822 1835 2926 1931 τῆς
2955 1863 3176 1932 Γραφῆς
3205 1835 3384 1917 λαὸῶν
3409 1835 3518 1916 οὔτ’
3539 1865 3633 1934 ἀρ’
3651 1835 3781 1917 ’ὲτέξ-

539 1968 709 2025 gttata
735 1974 749 2010 :
785 1959 1154 2026 peregrinum.
1179 1967 1234 2012 et
1264 1959 1497 2012 alienum
1519 1974 1546 2011 a
1570 1957 1792 2013 veritate
1817 1959 2064 2029 genimen
2087 1977 2102 2014 :

544 2063 642 2101 nec.
670 2061 790 2102 erat
817 2048 890 2102 illi
921 2050 972 2102 in
1009 2050 1191 2101 animo
1223 2048 1501 2118 Scriptura
1543 2049 1817 2120 inquiens.
1849 2049 1931 2104 Ne
1954 2050 2106 2120 adje-

538 2142 670 2194 ceris
696 2143 764 2192 ad
802 2157 1066 2193 sermones
1105 2141 1240 2210 ejus.
1266 2156 1328 2194 ne
1353 2151 1400 2193 te
1431 2151 1704 2209 coarguat.
1735 2152 1782 2195 et
1812 2143 1866 2194 in
1895 2147 2107 2194 menda-

537 2237 620 2285 cio
659 2234 1065 2302 deprehendat-is
1101 2234 1167 2286 ".
1229 2233 1312 2294 Et.
1361 2232 1450 2287 Va:
1491 2235 1559 2286 iis
1594 2234 1683 2302 qui
1719 2235 1782 2287 de
1819 2249 1914 2287 suo
1950 2235 2107 2286 corde

537 2323 847 2388 prophetarit
871 2325 938 2378 ".
973 2322 1184 2379 Intuere
1213 2332 1394 2378 autem
1429 2334 1629 2394 quanta
1657 2339 1716 2379 se
1741 2325 2105 2379 circumduxit

539 2413 840 2482 impietate.
871 2413 971 2480 Qui
1005 2417 1164 2468 enim.
1208 2416 1516 2469 universam
1563 2415 1706 2468 illam
1748 2415 2103 2487 theologicam

540 2505 803 2556 rationem
831 2505 896 2558 de
927 2505 1064 2558 Filio
1105 2506 1384 2574 nnigenito
1413 2508 1826 2575 praeessistente
1871 2508 1936 2560 ad
1983 2522 2106 2562 car-

540 2607 662 2646 nem
692 2591 904 2660 deiecit,
945 2605 1000 2646 et
1047 2603 1256 2647 tantum
1305 2610 1410 2648 non
1459 2594 1702 2648 lauream
1749 2595 1823 2648 illi
1867 2595 2105 2650 vietoria

535 2684 820 2754 pramium
859 2684 1040 2738 verbis
1083 2685 1461 2740 disertissimis
1521 2683 1916 2754 superinduxit.
1973 2685 2104 2738 Nam

539 2779 586 2832 is
623 2779 715 2846 qui
757 2778 914 2842 dixit,
953 2777 1044 2832 Dei
1075 2777 1308 2831 Verbum
1351 2793 1448 2846 per
1493 2779 1949 2832 resurrectionem
1977 2793 2106 2846 pro-

535 2887 764 2926 curasse
795 2871 1250 2925 immortalitatem
1290 2873 1538 2924 humanae
1565 2871 1738 2935 carni,
1763 2881 1817 2924 et
1848 2881 2101 2938 tanquam

535 2977 740 3018 corona
802 2963 1114 3016 redimitum
1173 2961 1238 3014 ad
1303 2961 1394 3015 Dei
1463 2962 1709 3015 dextram
1766 2963 2105 3015 ascendendo

534 3053 886 3108 consedisse:
921 3054 1062 3107 idem
1099 3054 1213 3122 ipse
1241 3052 1317 3106 ait
1342 3052 1484 3106 illam
1529 3054 1742 3106 inanem
1789 3060 1842 3106 et
1881 3066 2101 3105 vacuant

537 3143 774 3197 futuram
822 3144 872 3196 in
917 3143 1024 3200 line
1066 3142 1248 3196 mundi
1281 3159 1296 3196 :
1325 3144 1450 3194 dum
1481 3140 1718 3196 Verbum
1747 3140 1934 3195 adunit
1972 3143 2101 3204 Deo,

2211 1971 2318 2025 ρων
2341 1953 2450 2025 (82)
2469 1953 2794 2026 παραλαϐών
2810 1970 2821 1980 ·
2847 1953 2907 2008 οὔ
2917 1955 2955 2007 τ’
2975 1952 3085 2008 ἀπὸ
3103 1954 3205 2023 τῆς
3231 1955 3426 2026 Ἐκκλη
3435 1956 3552 2020 σίας
3573 1955 3776 2026 μαθὼν,

2207 2043 2382 2116 ἑαυτῷ
2408 2045 2466 2098 δὲ
2487 2046 2806 2109 ἀναπλάσας
2831 2046 2926 2099 καὶ¹
2953 2046 3051 2116 τῆς
3073 2046 3277 2110 οἰκείας
3294 2045 3638 2118 ἐνθυμήσεως
3663 2049 3780 2101 επι-

2206 2138 2404 2204 νοήσας
2455 2136 2602 2201 ξένον
2651 2138 2746 2191 καὶ
2791 2137 2891 2207 τῆς
2923 2137 3182 2208 ἀληθείας
3210 2138 3484 2209 ἀλλότριον
3514 2139 3778 2210 γέννημα,

2211 2227 2375 2298 μηδὲν
2421 2229 2478 2280 ἐν
2525 2225 2601 2298 νῷ
2673 2227 2852 2282 λαϐὼν
2899 2230 3000 2300 τὴν
3049 2229 3313 2298 λέγουσαν
3363 2231 3584 2300 Γραφήν
3619 2247 3633 2261 ·
3679 2233 3779 2300 Μὴ

2209 2317 2478 2385 προσθῇς
2497 2317 2618 2386 τοῖς
2641 2320 2846 2388 λόγοις
2875 2320 3082 2382 αὐτοῦ,
3091 2320 3323 2390 μήποτε
3336 2320 3552 2390 ἐλέγξῃ
3567 2335 3658 2375 σε·
3683 2323 3781 2375 καὶ

2207 2408 2442 2476 ψευδὴς
2469 2409 2613 2478 γένῃ
2633 2427 2648 2440 ·
2679 2410 2794 2474 καὶ,
2819 2411 2963 2466 οὐαὶ
2991 2411 3116 2477 τοῖς
3133 2415 3619 2482 προφητεύουσιν
3662 2415 3780 2467 ἀπὸ

2207 2497 2456 2566 καρδίας
2487 2500 2706 2554 αὐτῶν.
2746 2503 2887 2572 ὀρα
2941 2502 2986 2555 δ’
3015 2499 3108 2558 οὖν
3151 2503 3253 2576 ὅσῃ
3298 2503 3582 2575 δυσσεϐείᾳ
3625 2519 3782 2573 περι-

2207 2590 2518 2646 πέπτωκεν.
2560 2592 2619 2647 Ὀ
2649 2592 2757 2664 γὰρ
2792 2593 2890 2664 τὴν
2915 2595 3092 2648 πᾶσαν
3125 2595 3254 2666 περὶ
3281 2593 3374 2647 τοῦ
3399 2595 3780 2665 προῦπάρχον-

2205 2697 2298 2744 τος
2338 2681 2657 2752 μονογενοῦς
2683 2680 2814 2735 Υἱοῦ
2841 2682 3135 2752 θεολογίαν,
3159 2684 3251 2737 ἐπὶ
3277 2683 3374 2756 τὴν
3402 2686 3578 2756 σάρκα
3607 2702 3779 2738 κατα-

2207 2771 2405 2836 ϐαλὼν,
2434 2774 2616 2837 αὐτοῖς
2635 2791 2694 2826 τε
2732 2775 2938 2846 ῥήμασι
2961 2775 3116 2847 νίκης
3147 2776 3408 2844 στέφανον
3446 2777 3614 2848 αὐτὴν
3651 2779 3784 2830 ἀνα-

2205 2863 2494 2936 γορεύσας,
2521 2865 2692 2930 οὕτως
2739 2867 2872 2937 ἔφη·
2900 2867 2991 2921 τὸν
3019 2867 3112 2921 τοῦ
3143 2867 3278 2921 Θεοῦ
3324 2869 3495 2936 Λόγον
3537 2870 3638 2941 τὴν
3687 2869 3784 2923 ἄν·

2207 2954 2486 3027 θρωπίνην
2527 2957 2709 3030 σάρκα
2751 2958 2840 3012 διὰ
2873 2959 2972 3030 τῆς
3004 2959 3352 3023 ἀναστάσεως
3383 2961 3646 3014 ἀθάνατον
3678 2977 3776 3028 γε-

2203 3046 2388 3102 νέσθαι
2439 3049 2928 3119 παρεσκευακέναι,
2966 3052 3058 3104 καὶ
3088 3051 3278 3125 ὥσπερ
3300 3052 3421 3106 τινὰ
3471 3053 3582 3125 (85)
3621 3053 3780 3122 νίκην

2206 3138 2468 3208 στέφανον
2515 3139 2918 3212 ἀναδησάμενον
2943 3143 3001 3196 ἐν
3031 3141 3180 3215 δεξιᾷ
3212 3142 3308 3196 τοῦ
3361 3145 3576 3215 Πατρδς
3606 3145 3774 3198 καθέ-

537 3247 760 3288 carnem
806 3247 932 3286 vero
981 3241 1193 3301 separat
1233 3234 1300 3287 ab
1331 3232 1586 3302 operibus
1613 3231 1770 3286 Verbi
1799 3248 1813 3285 :
1858 3241 1914 3286 et
1945 3231 2103 3286 relin-

2210 3230 2419 3295 ζεσθαι,
2451 3225 2606 3296 οὗτος
2632 3233 2795 3296 αὐτός
2819 3251 2982 3306 φησιν
3007 3235 3175 3306 αὐτὴν
3210 3235 3412 3307 ἔρημον
3441 3236 3660 3290 ἔσεσθαι
3687 3235 3784 3290 καὶ

537 3327 656 3395 quit
703 3325 886 3378 nescio
933 3324 1020 3379 ubi
1057 3325 1370 3378 destitutam
1411 3323 1816 3377 :immortalem
1863 3333 2010 3378 certe
2052 3333 2103 3378 et

2209 3329 2450 3401 ὀρφανὴν
2477 3332 2535 3384 ὲν
2559 3327 2637 3402 τῷ
2667 3331 2762 3385 τοῦ
2783 3333 2980 3397 παντὸς
2997 3333 3140 3387 τέλει
3165 3351 3179 3364 ·
3215 3335 3349 3388 ἑνῶν
3385 3335 3482 3405 μὲν
3504 3335 3594 3389 τὸν
3613 3336 3786 3403 Λόγον

537 3415 998 3483 incorruptibilem
1027 3432 1040 3468 :
1077 3415 1367 3469 inanimem
1393 3429 1540 3478 vero.
1566 3422 1620 3469 et
1646 3413 1902 3470 destituta
1933 3415 2103 3469 Verbo

2210 3420 2288 3492 τῷ
2312 3421 2450 3492 Θεῷ,
2477 3421 2574 3494 τὴν
2606 3423 2663 3476 δὲ
2697 3423 2876 3494 σάρκα
2905 3425 3153 3496 χωρίζων
3184 3426 3282 3496 τῆς
3303 3425 3394 3479 τοῦ
3417 3426 3588 3494 Λόγου
3633 3427 3785 3497 ἐνερ-

541 3509 612 3563 ab
639 3508 785 3562 omni
817 3521 980 3576 npere
1004 3507 1308 3561 feriantetn.
1338 3505 1467 3572 ρυω
1504 3506 1618 3575 ipsa
1650 3505 1718 3560 de
1753 3522 1860 3560 non
1895 3505 2107 3562 intelle-

537 3602 642 3654 ctis
669 3599 1075 3667 Scripturarum
1109 3597 1435 3653 lectionibus
1477 3596 1722 3651 stabilire
1751 3596 1932 3649 voluit.
1969 3595 2105 3650 Nam

537 3707 661 3746 cum
690 3692 950 3744 Servator
981 3689 1046 3742 ad
1073 3703 1186 3754 eos,
1215 3689 1306 3759 qui
1343 3703 1448 3741 non
1475 3687 1764 3755 capiebant
1793 3701 2101 3742 sermOuem

535 3797 717 3847 suum,
755 3783 822 3835 de
843 3795 1006 3834 carne
1032 3795 1124 3834 sua
1152 3789 1205 3832 et
1231 3779 1490 3847 sanguine
1533 3779 1891 3832 disserentem
1951 3779 2102 3832 dice-

537 3887 640 3942 ret,
661 3875 890 3928 llocrine
905 3890 988 3926 vos
1013 3872 1381 3927 scandalizat?
1401 3870 1462 3924 Si
1488 3886 1610 3938 ergo
1635 3868 1871 3922 videritis
1903 3867 2103 3922 Filium

534 3969 760 4022 hantiuis
795 3967 1158 4020 ascendentem
1185 3963 1274 4017 ubi
1299 3969 1415 4015 erat
1445 3963 1610 4029 prius.
1638 3962 1865 4027 Spiritus
1891 3971 1986 4020 est.
2012 3963 2102 4031 qui

533 4058 803 4124 aiviﬁcat:
847 4073 972 4109 raro
1025 4073 1128 4108 non
1179 4055 1386 4121 prodest
1423 4053 1730 4122 quidquam.
1775 4051 1946 4106 Verba
1985 4069 2102 4120 quia

533 4167 630 4219 ego
651 4151 855 4202 locum:
885 4163 999 4202 sum
1023 4145 1164 4201 vobis
1195 4147 1408 4212 spiritus
1438 4155 1484 4198 et
1515 4145 1616 4197 vita
1645 4155 1763 4197 sunt
1788 4145 1880 4198 ⁹²⁶.

2212 3516 2386 3584 γείας,
2417 3516 2511 3570 καὶ
2549 3517 2865 3573 καταλιπὼν
2903 3519 3092 3591 αὐτὴν,
3121 3521 3223 3574 οὐκ
3257 3517 3351 3574 οἷδ’
3383 3522 3546 3584 ὅπως,
3577 3521 3783 3576 ἀθάνα-

2207 3620 2300 3656 τον
2347 3604 2447 3674 μὲν
2490 3605 2583 3658 καὶ
2627 3605 2928 3678 ἄφθαρτον,
2963 3607 3167 3678 ἄψυχον
3195 3609 3251 3662 δὲ
3293 3610 3384 3662 καὶ
3425 3612 3782 3681 ἁνενέργητον

2209 3693 2318 3745 ὑπὸ
2345 3691 2438 3746 τοῦ
2471 3694 2664 3762 Λόγου.
2714 3696 2824 3749 Καὶ
2859 3696 3034 3750 ταῦτα
3075 3697 3131 3750 δὲ
3183 3698 3342 3752 πάλιν
3377 3701 3441 3752 ἐκ
3479 3699 3584 3754 τῶν
3625 3700 3783 3752 θείων

2206 3785 2668 3856 ἀναγνωσμάτων,
2702 3786 2738 3840 ἃ
2789 3787 2864 3860 μὴ
2899 3789 3144 3860 νενόηκε,
3203 3793 3454 3862 συνιστᾷν
3505 3795 3778 3863 πειρᾶται.

2207 3873 2313 3927 Τοῦ
2353 3875 2459 3946 γὰρ
2498 3877 2751 3950 Σωτῆρος
2810 3880 2966 3951 ἡμῶν
3019 3883 3154 3955 πρὸς
3209 3883 3334 3946 τοὺς
3375 3882 3448 3954 μὴ
3501 3883 3780 3946 συνιέντας

2207 3964 2305 4029 τὰς
2336 3967 2463 4037 περὶ
2494 3967 2594 4036 τῆς
2619 3970 2821 4040 σαρκὸς
2845 3971 2939 4024 κα)⁸
2967 3971 3062 4024 τοῦ
3093 3973 3324 4043 αἵματος
3348 3974 3508 4027 αὐτοῦ
3530 3975 3776 4027 διδασκα-

2209 4057 2328 4120 λίας
2349 4059 2658 4128 εἰρηκότος·
2701 4061 2881 4115 Τοῦτο
2905 4060 3060 4130 ὑμᾶς
3085 4063 3500 4130 σκανδαλίζειε
3535 4065 3643 4119 ἐὰν
3665 4059 3783 4120 οὖν

2209 4145 2462 4214 θεωρῆτε
2505 4149 2613 4202 τὸν
2667 4150 2806 4204 Υἱόν
2835 4151 2942 4206 τοῦ
2975 4153 3288 4221 ἀνθρώπου
3344 4156 3778 4217 ἀναϐαίνοντα,

535 4238 688 4293 ὅπου
717 4237 797 4305 ἧν
818 4236 882 4289 τὸ
901 4233 1285 4303 πρότερον,τὸ
1305 4231 1544 4300 Πνεῦμά
1558 4233 1686 4284 ἐστι
1709 4229 1772 4284 τὸ
1793 4231 2132 4296 ζωοπιιοῦν,
2173 4234 2210 4300 ἠ
2231 4233 2386 4301 σὰρξ
2443 4237 2552 4290 οὐκ
2574 4236 2793 4307 ὠφελεῖ
2832 4239 3029 4294 οὐδέν·
3053 4243 3375 4314 τὰηὸήματα
3397 4245 3433 4299 ἀ
3464 4245 3578 4316 ἐγὼ
3602 4243 3780 4299 λαιά-

532 4335 692 4399 ληκα
713 4327 872 4397 ὑμῖν,
903 4327 1136 4396 πνευμά
1157 4327 1288 4378 ἐστι
1313 4325 1408 4378 καὶ
1437 4322 1545 4392 ζωή
1577 4325 1727 4376 ἐστι.

1180 4413 1331 4469 CAP.
1375 4413 1459 4467 XI.

535 4510 690 4576 Quod
721 4525 892 4562 rorem
917 4505 1270 4573 evangelicum
1302 4521 1404 4556 non
1431 4503 1749 4576 intelligens.
1781 4505 1916 4558 dixit
1941 4521 2096 4558 scun-

605 4579 896 4642 -dultzare,
925 4589 974 4631 et
1004 4577 1136 4630 nihil
1163 4576 1407 4644 prodesse
1430 4589 1644 4628 carnem
1681 4573 1999 4628 Servutoris.

604 4737 836 4791 Sensum
875 4734 1161 4788 verborum
1204 4747 1306 4785 non
1342 4730 1772 4800 apprehendens,
1816 4729 2098 4784 existima-

533 4831 612 4886 vit
636 4828 784 4884 illiilli
815 4827 902 4880 hic
933 4826 1155 4891 rejicere
1201 4829 1258 4886 »Β
1313 4837 1530 4876 carnem
1562 4837 1721 4886 quam
1743 4829 2106 4891 assumpserat

531 4924 602 4976 de
652 4931 840 4976 sancta
897 4916 1137 4984 Virgine.
1190 4921 1366 4984 Atque
1416 4916 1612 4968 exinde
1670 4913 1938 4968 continere
1986 4915 2100 4968 vult

535 5012 690 5076 illud,
727 5018 848 5080 post
893 5007 1078 5062 mundi
1130 5005 1653 5060 consummationem
1699 5002 2097 5069 DeiNerbum,

532 5103 691 5174 plane
723 5100 978 5154 nudatam
1010 5101 1157 5152 omni
1187 5097 1498 5164 operatione
1543 5109 1762 5150 carnem
1809 5113 1960 5150 suam
2006 5101 2102 5150 Ile-

2839 4419 2997 4474 ΚΕΦ.
3047 4421 3146 4473 ΙΛ’.

2209 4505 2402 4579 Ὅκως
2417 4504 2504 4579 μὴ
2530 4505 2761 4579 νοήσας
2785 4507 2899 4574 τὴν
2915 4511 3239 4579 ίεῠατγελικ
3249 4509 3324 4576 ὴν
3361 4510 3568 4579 φωνὴν
3590 4527 3777 4565 σκαν-

2275 4576 2534 4650 ᾷᾳλίζειν
2555 4577 2670 4650 ἕδρη
2705 4576 2820 4646 τὴν
2844 4578 3041 4646 σάρκα
3065 4576 3172 4633 τοῦ
3200 4576 3492 4650 Σωτῆρος,
3515 4576 3636 4635 καί
3658 4599 3776 4650 μη-

2275 4646 2384 4699 δὲν
2400 4645 2672 4714 ὠφελεῖν.

2277 4735 2391 4806 (84)
2421 4737 2533 4788 Οὐκ
2563 4737 2865 4806 ἐπιστήσας
2884 4739 2948 4808 τῇ
2971 4737 3178 4808 διανοίᾳ
3201 4737 3294 4789 τοῦ
3311 4737 3488 4806 λόγου,
3507 4737 3775 4791 ὑπέλαϐεν

2209 4827 2371 4880 αὐτὸν
2397 4827 2608 4880 ἀθετεῖν
2639 4827 2736 4898 τὴν
2761 4827 2960 4899 σάρκα,
2992 4829 3058 4899 ἦν
3082 4829 3367 4900 ἀνείληφεν
3403 4832 3468 4882 ἐκ
3495 4833 3592 4900 τῆς
3616 4829 3776 4896 ἁγίας

2205 4919 2502 4991 Παρθένου.
2549 4915 2662 4972 Εἶτ’
2693 4921 2758 4973 ὲκ
2793 4920 2981 4973 τούτου
3033 4923 3279 4990 πειρᾶται
3323 4922 3772 4984 κατασκευάζειν,

2202 5006 2277 5068 ὡς
2304 5007 2444 5074 μετὰ
2473 5006 2570 5076 τὴν
2605 5006 2906 5059 συντέλειαν
2929 5008 3021 5059 τοῦ
3047 5008 3266 5071 παντὸς.
3296 5008 3500 5080 ἔρημον
3523 5009 3618 5079 τῆς
3643 5011 3774 5062 ἑαυ-

2201 5095 2296 5148 τοῦ
2329 5097 2606 5167 ἐνεργείας
2630 5100 2686 5149 ὲν
2702 5097 2779 5167 τῷ
2803 5097 2921 5168 Θεῷ
2935 5099 3103 5168 Λόγος
3124 5099 3436 5170 καταλείψει
3459 5102 3557 5172 τὴν
3575 5101 3772 5172 σάρκα.

822 5189 1016 5254 Paris.,
1053 5205 1172 5259 pag.
1197 5187 1318 5242 178.
1350 5187 1470 5244 179.
1546 5191 1592 5222 '°
1620 5189 1638 5244 Ι
1671 5189 1798 5246 Cor.
1829 5204 1950 5249 xm.
1987 5189 2072 5248 l2.

2223 5189 2390 5272 Eccli.
2433 5204 2527 5254 vn,
2566 5189 2654 5255 14,
2697 5189 2782 5244 lii.
2857 5192 2902 5222 "
2950 5189 3050 5247 lsa.
3088 5193 3286 5258 tx,15.
3373 5195 3440 5226 ⁹¹⁴
3476 5191 3632 5249 Joan.
3670 5209 3768 5260 τι..

529 5261 700 5320 62-64

601 5425 715 5496 (80)
761 5425 1180 5496 Ἀνατρέπονσι
1215 5423 1496 5493 δόγματα.
1519 5421 1718 5496 Asterii
1751 5421 2018 5496 nimirum
2043 5428 2097 5475 et

533 5490 882 5557 Arianorum.
912 5490 1047 5564 quos
1081 5490 1367 5549 Marcellus
1409 5491 1769 5564 oppugnabat.
1824 5490 1945 5564 ideo
1977 5491 2097 5544 sine

531 5567 752 5622 disertis
783 5560 1078 5636 Scriptura:
1117 5565 1315 5636 verbis,
1337 5633 1344 5636 _
1369 5563 1436 5636 ad
1469 5561 1690 5636 illorum
1744 5560 2096 5636 quaestionem

531 5653 638 5692 non
680 5630 1064 5698 responsurum
1097 5648 1155 5688 se
1185 5635 1280 5687 ait.
1317 5631 1397 5686 Ad
1433 5631 1568 5684 alios
1603 5644 1731 5682 vero
1766 5630 1856 5698 qui
1891 5630 2100 5698 simpli-

531 5709 687 5768 riter.
727 5697 825 5759 nec
853 5703 1142 5774 ἐριστικῶς
1187 5704 1542 5774 interrogent,
1571 5697 2097 5774 se‘dicturnmalta—

529 5793 636 5843 qne
669 5791 764 5844 pro
786 5768 922 5844 προς
943 5774 1087 5834 τούς,
1121 5775 1350 5844 legerem
1373 5769 1532 5844 Δπρὸς
1577 5768 1790 5836 ἄλλους,
1835 5770 1916 5824 vel
1957 5769 2097 5823 ὲκεί-

528 5837 680 5908 νουςξ
705 5837 840 5906 τοὺς
863 5843 950 5896 τὸν
980 5837 1200 5912 ἀκριῦῆζ
1233 5851 1337 5896 etc.
1373 5837 1442 5894 Μ.

2275 5419 2385 5494 (8!)
2415 5419 2584 5494 _V_"|_s0
2605 5424 2823 5494 γραφῆς
2841 5422 3074 5494 ἐκείνης-

2419 5488 2589 5565 Υ-ιιιικο
2613 5488 2916 5565 προλαϐών,
2949 5488 3152 5565 θιήιοκ
3173 5491 3246 5565 μὴ
3279 5493 3557 5565 προσθείς.

2275 5561 2384 5632 (85)
2413 5560 2605 5632 Νίκην
2625 5560 2948 5632 στέφανον.
2979 5563 3132 5632 Esset
3165 5560 3341 5632 νίκηςζ
3378 5563 3449 5618 Μ.

2273 5629 2382 5703 (84)
2447 5631 2569 5684 Οὐκ
2613 5631 2948 5703 ἐπιστήσας
3003 5631 3122 5703 τῇ..
3157 5629 3349 5687 Annon
3401 5633 3600 5688 rectius
3669 5633 3777 5703 τὴν

2201 5700 2460 5774 διάνοιαν,
2481 5710 2585 5774 aut
2635 5702 2946 5774 {:fjﬁtavoiq
2981 5703 3073 5756 τὸν
3113 5701 3292 5774 λόγον,
3342 5703 3414 5756 ita
3455 5700 3774 5774 ettittraltlvi

2203 5771 2455 5832 loquitur.
2481 5769 2604 5826 Post
2629 5769 2788 5841 ἁγίας
2807 5769 2984 5830 addidi
3004 5771 3306 5844 Παρθένου,
3327 5773 3466 5843 quod
3483 5771 3710 5829 manifes
3721 5785 3776 5828 te
