  <div class='ocr_page' id='page_1' title='image "/cluster/home/n/w/nwhite01/storage/ocr_20150623/24/hvd.32044073501108/521.png"; bbox 0 0 4160 6444; ppageno 0'>
   <div class='ocr_carea' id='block_1_1' title="bbox 504 309 640 365">
    <p class='ocr_par' dir='ltr' id='par_1_1' title="bbox 504 309 640 365">
     <span class='ocr_line' id='line_1_1' title="bbox 504 309 640 365; baseline -0.015 0"><span class='ocrx_word' id='word_1_1' title='bbox 504 309 640 365; x_wconf 68' lang='grc' dir='ltr'><strong><em>Ιοῖἵ</em></strong></span> 
     </span>
    </p>
   </div>
   <div class='ocr_carea' id='block_1_2' title="bbox 1177 300 2070 360">
    <p class='ocr_par' dir='ltr' id='par_1_2' title="bbox 1177 301 2070 360">
     <span class='ocr_line' id='line_1_2' title="bbox 1177 301 2070 360; baseline -0.004 0"><span class='ocrx_word' id='word_1_2' title='bbox 1177 303 1440 360; x_wconf 71' lang='lat' dir='ltr'><strong><em>EUSEBII</em></strong></span> <span class='ocrx_word' id='word_1_3' title='bbox 1480 301 1955 358; x_wconf 64' lang='lat' dir='ltr'><strong><em>CESARIENSIS</em></strong></span> <span class='ocrx_word' id='word_1_4' title='bbox 1991 301 2070 357; x_wconf 68' lang='lat' dir='ltr'><strong><em>Ol‘</em></strong></span> 
     </span>
    </p>
   </div>
   <div class='ocr_carea' id='block_1_3' title="bbox 2173 300 3062 360">
    <p class='ocr_par' dir='ltr' id='par_1_3' title="bbox 2185 300 3062 357">
     <span class='ocr_line' id='line_1_3' title="bbox 2185 300 3062 357; baseline -0.001 -1"><span class='ocrx_word' id='word_1_5' title='bbox 2185 301 2364 357; x_wconf 73' lang='lat' dir='ltr'><strong><em>PARS</em></strong></span> <span class='ocrx_word' id='word_1_6' title='bbox 2403 301 2493 357; x_wconf 85' lang='lat' dir='ltr'><strong><em>IV.</em></strong></span> <span class='ocrx_word' id='word_1_7' title='bbox 2533 334 2603 343; x_wconf 96' lang='lat'><strong><em>—</em></strong></span> <span class='ocrx_word' id='word_1_8' title='bbox 2643 300 3062 356; x_wconf 76' lang='lat' dir='ltr'><strong><em>DOGMATICA.</em></strong></span> 
     </span>
    </p>
   </div>
   <div class='ocr_carea' id='block_1_4' title="bbox 3609 302 3748 356">
    <p class='ocr_par' dir='ltr' id='par_1_4' title="bbox 3609 302 3748 356">
     <span class='ocr_line' id='line_1_4' title="bbox 3609 302 3748 356; baseline -0.014 0"><span class='ocrx_word' id='word_1_9' title='bbox 3609 302 3748 356; x_wconf 64' lang='lat'><strong><em>&quot;&#39;28</em></strong></span> 
     </span>
    </p>
   </div>
   <div class='ocr_carea' id='block_1_5' title="bbox 497 409 2070 489">
    <p class='ocr_par' dir='ltr' id='par_1_5' title="bbox 497 417 2068 489">
     <span class='ocr_line' id='line_1_5' title="bbox 497 417 2068 489; baseline -0.005 -11"><span class='ocrx_word' id='word_1_10' title='bbox 497 426 637 480; x_wconf 72' lang='lat' dir='ltr'><strong><em>malo</em></strong></span> <span class='ocrx_word' id='word_1_11' title='bbox 688 423 1000 479; x_wconf 75' lang='lat' dir='ltr'><strong><em>descensum</em></strong></span> <span class='ocrx_word' id='word_1_12' title='bbox 1075 435 1230 474; x_wconf 77' lang='lat' dir='ltr'><strong><em>suum</em></strong></span> <span class='ocrx_word' id='word_1_13' title='bbox 1286 419 1570 474; x_wconf 78' lang='lat' dir='ltr'><strong><em>facturus:</em></strong></span> <span class='ocrx_word' id='word_1_14' title='bbox 1607 418 1674 473; x_wconf 90' lang='lat' dir='ltr'><strong><em>de</em></strong></span> <span class='ocrx_word' id='word_1_15' title='bbox 1720 420 1839 489; x_wconf 66' lang='lat' dir='ltr'><strong><em>{quo</em></strong></span> <span class='ocrx_word' id='word_1_16' title='bbox 1894 417 2068 487; x_wconf 88' lang='lat' dir='ltr'><strong><em>inquit</em></strong></span> 
     </span>
    </p>
   </div>
   <div class='ocr_carea' id='block_1_6' title="bbox 2173 409 3748 489">
    <p class='ocr_par' dir='ltr' id='par_1_6' title="bbox 2173 409 3748 488">
     <span class='ocr_line' id='line_1_6' title="bbox 2173 409 3748 488; baseline -0.001 -18"><span class='ocrx_word' id='word_1_17' title='bbox 2173 417 2330 488; x_wconf 83' lang='grc' dir='ltr'><em>τέραν</em></span> <span class='ocrx_word' id='word_1_18' title='bbox 2369 416 2637 470; x_wconf 80' lang='grc' dir='ltr'><em>ποιεῖσθαι</em></span> <span class='ocrx_word' id='word_1_19' title='bbox 2677 417 2900 470; x_wconf 78' lang='grc' dir='ltr'><em>κάθοδον</em></span> <span class='ocrx_word' id='word_1_20' title='bbox 2950 419 3014 470; x_wconf 83' lang='grc' dir='ltr'><strong><em>ὲκ</em></strong></span> <span class='ocrx_word' id='word_1_21' title='bbox 3056 414 3148 469; x_wconf 69' lang='grc' dir='ltr'><em>τοῦ</em></span> <span class='ocrx_word' id='word_1_22' title='bbox 3177 415 3406 488; x_wconf 67' lang='grc' dir='ltr'><em>οὐρανοῦ</em></span> <span class='ocrx_word' id='word_1_23' title='bbox 3432 455 3447 479; x_wconf 91' lang='grc'><strong><em>,</em></strong></span> <span class='ocrx_word' id='word_1_24' title='bbox 3476 413 3605 485; x_wconf 74' lang='grc' dir='ltr'><em>περὶ</em></span> <span class='ocrx_word' id='word_1_25' title='bbox 3627 409 3692 486; x_wconf 84' lang='grc' dir='ltr'><em>ἦς</em></span> <span class='ocrx_word' id='word_1_26' title='bbox 3718 418 3748 468; x_wconf 99' lang='lat'><strong><em>6</em></strong></span> 
     </span>
    </p>
   </div>
   <div class='ocr_carea' id='block_1_7' title="bbox 496 510 2070 584">
    <p class='ocr_par' dir='ltr' id='par_1_7' title="bbox 496 510 2070 584">
     <span class='ocr_line' id='line_1_7' title="bbox 496 510 2070 584; baseline -0.005 -13"><span class='ocrx_word' id='word_1_27' title='bbox 496 515 784 584; x_wconf 75' lang='lat' dir='ltr'><strong>Apostolus</strong></span> <span class='ocrx_word' id='word_1_28' title='bbox 813 533 826 568; x_wconf 89' lang='lat'><strong>:</strong></span> <span class='ocrx_word' id='word_1_29' title='bbox 862 513 927 568; x_wconf 81' lang='lat' dir='ltr'><strong><em>Et</em></strong></span> <span class='ocrx_word' id='word_1_30' title='bbox 973 515 1082 582; x_wconf 86' lang='lat' dir='ltr'><strong><em>ipse</em></strong></span> <span class='ocrx_word' id='word_1_31' title='bbox 1109 513 1360 565; x_wconf 75' lang='lat' dir='ltr'><strong><em>Dominus</em></strong></span> <span class='ocrx_word' id='word_1_32' title='bbox 1396 514 1449 565; x_wconf 83' lang='lat' dir='ltr'><strong><em>in</em></strong></span> <span class='ocrx_word' id='word_1_33' title='bbox 1492 510 1819 573; x_wconf 73' lang='lat' dir='ltr'><strong><em>celeumate,</em></strong></span> <span class='ocrx_word' id='word_1_34' title='bbox 1865 511 1919 564; x_wconf 87' lang='lat' dir='ltr'><strong><em>iu</em></strong></span> <span class='ocrx_word' id='word_1_35' title='bbox 1953 527 2070 564; x_wconf 83' lang='lat' dir='ltr'><strong><em>voce</em></strong></span> 
     </span>
    </p>
   </div>
   <div class='ocr_carea' id='block_1_8' title="bbox 497 603 2070 675">
    <p class='ocr_par' dir='ltr' id='par_1_8' title="bbox 497 603 2070 675">
     <span class='ocr_line' id='line_1_8' title="bbox 497 603 2070 675; baseline -0.004 -15"><span class='ocrx_word' id='word_1_36' title='bbox 497 606 821 675; x_wconf 78' lang='lat' dir='ltr'><strong><em>archangeli,</em></strong></span> <span class='ocrx_word' id='word_1_37' title='bbox 851 607 906 660; x_wconf 87' lang='lat' dir='ltr'><strong><em>iu</em></strong></span> <span class='ocrx_word' id='word_1_38' title='bbox 941 609 1064 658; x_wconf 80' lang='lat' dir='ltr'><strong><em>tuba</em></strong></span> <span class='ocrx_word' id='word_1_39' title='bbox 1097 604 1188 658; x_wconf 90' lang='lat' dir='ltr'><strong><em>Dei</em></strong></span> <span class='ocrx_word' id='word_1_40' title='bbox 1211 605 1482 657; x_wconf 82' lang='lat' dir='ltr'><strong><em>descendet</em></strong></span> <span class='ocrx_word' id='word_1_41' title='bbox 1514 605 1576 656; x_wconf 83' lang='lat' dir='ltr'><strong><em>de</em></strong></span> <span class='ocrx_word' id='word_1_42' title='bbox 1602 603 1761 666; x_wconf 74' lang='lat' dir='ltr'><strong><em>cozlo,</em></strong></span> <span class='ocrx_word' id='word_1_43' title='bbox 1801 613 1850 655; x_wconf 84' lang='lat' dir='ltr'><strong><em>et</em></strong></span> <span class='ocrx_word' id='word_1_44' title='bbox 1878 603 2070 655; x_wconf 89' lang='lat' dir='ltr'><strong><em>mortui</em></strong></span> 
     </span>
    </p>
   </div>
   <div class='ocr_carea' id='block_1_9' title="bbox 496 694 2069 766">
    <p class='ocr_par' dir='ltr' id='par_1_9' title="bbox 496 694 2069 766">
     <span class='ocr_line' id='line_1_9' title="bbox 496 694 2069 766; baseline -0.006 -13"><span class='ocrx_word' id='word_1_45' title='bbox 496 702 550 753; x_wconf 82' lang='lat' dir='ltr'><strong><em>iu</em></strong></span> <span class='ocrx_word' id='word_1_46' title='bbox 592 697 806 752; x_wconf 84' lang='lat' dir='ltr'><strong><em>Christo</em></strong></span> <span class='ocrx_word' id='word_1_47' title='bbox 851 704 1123 766; x_wconf 82' lang='lat' dir='ltr'><strong><em>resurgeut</em></strong></span> <span class='ocrx_word' id='word_1_48' title='bbox 1157 696 1487 763; x_wconf 87' lang='lat' dir='ltr'><strong><em>primi:tum</em></strong></span> <span class='ocrx_word' id='word_1_49' title='bbox 1529 710 1620 746; x_wconf 86' lang='lat' dir='ltr'><strong><em>uos</em></strong></span> <span class='ocrx_word' id='word_1_50' title='bbox 1647 695 1736 762; x_wconf 86' lang='lat' dir='ltr'><strong><em>qui</em></strong></span> <span class='ocrx_word' id='word_1_51' title='bbox 1778 695 1972 746; x_wconf 84' lang='lat' dir='ltr'><strong><em>erimus</em></strong></span> <span class='ocrx_word' id='word_1_52' title='bbox 2016 694 2069 744; x_wconf 82' lang='lat' dir='ltr'><strong><em>in</em></strong></span> 
     </span>
    </p>
   </div>
   <div class='ocr_carea' id='block_1_10' title="bbox 495 785 2070 854">
    <p class='ocr_par' dir='ltr' id='par_1_10' title="bbox 495 785 2070 854">
     <span class='ocr_line' id='line_1_10' title="bbox 495 785 2070 854; baseline -0.005 -10"><span class='ocrx_word' id='word_1_53' title='bbox 495 792 620 844; x_wconf 73' lang='lat' dir='ltr'><strong><em>ciris</em></strong></span> <span class='ocrx_word' id='word_1_54' title='bbox 648 788 902 850; x_wconf 87' lang='lat' dir='ltr'><strong><em>derelicti,</em></strong></span> <span class='ocrx_word' id='word_1_55' title='bbox 929 805 1031 840; x_wconf 84' lang='lat' dir='ltr'><strong><em>una</em></strong></span> <span class='ocrx_word' id='word_1_56' title='bbox 1060 803 1178 840; x_wconf 87' lang='lat' dir='ltr'><strong><em>cum</em></strong></span> <span class='ocrx_word' id='word_1_57' title='bbox 1209 786 1316 838; x_wconf 86' lang='lat' dir='ltr'><strong><em>illis</em></strong></span> <span class='ocrx_word' id='word_1_58' title='bbox 1360 786 1623 854; x_wconf 82' lang='lat' dir='ltr'><strong><em>rapiemur</em></strong></span> <span class='ocrx_word' id='word_1_59' title='bbox 1652 786 1706 838; x_wconf 87' lang='lat' dir='ltr'><strong><em>in</em></strong></span> <span class='ocrx_word' id='word_1_60' title='bbox 1749 785 1969 837; x_wconf 85' lang='lat' dir='ltr'><strong><em>nubibus</em></strong></span> <span class='ocrx_word' id='word_1_61' title='bbox 2001 785 2070 836; x_wconf 87' lang='lat' dir='ltr'><strong><em>ad</em></strong></span> 
     </span>
    </p>
   </div>
   <div class='ocr_carea' id='block_1_11' title="bbox 495 877 2071 944">
    <p class='ocr_par' dir='ltr' id='par_1_11' title="bbox 495 877 2071 944">
     <span class='ocr_line' id='line_1_11' title="bbox 495 877 2071 944; baseline -0.003 -11"><span class='ocrx_word' id='word_1_62' title='bbox 495 881 700 934; x_wconf 76' lang='lat' dir='ltr'><strong><em>obuium</em></strong></span> <span class='ocrx_word' id='word_1_63' title='bbox 722 880 950 932; x_wconf 84' lang='lat' dir='ltr'><strong><em>eundum</em></strong></span> <span class='ocrx_word' id='word_1_64' title='bbox 985 877 1206 931; x_wconf 83' lang='lat' dir='ltr'><strong><em>Domino</em></strong></span> <span class='ocrx_word' id='word_1_65' title='bbox 1230 880 1283 930; x_wconf 81' lang='lat' dir='ltr'><strong><em>in</em></strong></span> <span class='ocrx_word' id='word_1_66' title='bbox 1318 895 1458 941; x_wconf 86' lang='lat' dir='ltr'><strong><em>aere,</em></strong></span> <span class='ocrx_word' id='word_1_67' title='bbox 1489 889 1535 930; x_wconf 89' lang='lat' dir='ltr'><strong><em>et</em></strong></span> <span class='ocrx_word' id='word_1_68' title='bbox 1565 877 1641 930; x_wconf 88' lang='lat' dir='ltr'><strong><em>ita</em></strong></span> <span class='ocrx_word' id='word_1_69' title='bbox 1675 877 1815 929; x_wconf 84' lang='lat' dir='ltr'><strong><em>omni</em></strong></span> <span class='ocrx_word' id='word_1_70' title='bbox 1846 886 2071 944; x_wconf 87' lang='lat' dir='ltr'><strong><em>tempore</em></strong></span> 
     </span>
    </p>
   </div>
   <div class='ocr_carea' id='block_1_12' title="bbox 493 969 2068 1038">
    <p class='ocr_par' dir='ltr' id='par_1_12' title="bbox 493 969 2068 1038">
     <span class='ocr_line' id='line_1_12' title="bbox 493 969 2068 1038; baseline -0.003 -14"><span class='ocrx_word' id='word_1_71' title='bbox 493 988 612 1024; x_wconf 81' lang='lat' dir='ltr'><strong><em>cum</em></strong></span> <span class='ocrx_word' id='word_1_72' title='bbox 653 970 880 1024; x_wconf 88' lang='lat' dir='ltr'><strong><em>Domino</em></strong></span> <span class='ocrx_word' id='word_1_73' title='bbox 909 971 1104 1023; x_wconf 88' lang='lat' dir='ltr'><strong><em>erimus</em></strong></span> <span class='ocrx_word' id='word_1_74' title='bbox 1141 971 1206 1024; x_wconf 79' lang='lat'><strong><em>&#39;°.</em></strong></span> <span class='ocrx_word' id='word_1_75' title='bbox 1235 976 1291 1032; x_wconf 67' lang='lat'><strong><em>&gt;14</em></strong></span> <span class='ocrx_word' id='word_1_76' title='bbox 1318 969 1693 1038; x_wconf 82' lang='lat' dir='ltr'><strong><em>Oportetergo</em></strong></span> <span class='ocrx_word' id='word_1_77' title='bbox 1721 969 2068 1023; x_wconf 74' lang='lat' dir='ltr'><strong><em>Servatorem</em></strong></span> 
     </span>
    </p>
   </div>
   <div class='ocr_carea' id='block_1_13' title="bbox 497 1059 2071 1129">
    <p class='ocr_par' dir='ltr' id='par_1_13' title="bbox 497 1059 2071 1129">
     <span class='ocr_line' id='line_1_13' title="bbox 497 1059 2071 1129; baseline -0.001 -14"><span class='ocrx_word' id='word_1_78' title='bbox 497 1063 548 1115; x_wconf 90' lang='lat' dir='ltr'><strong><em>in</em></strong></span> <span class='ocrx_word' id='word_1_79' title='bbox 583 1063 738 1117; x_wconf 70' lang='lat' dir='ltr'><strong><em>cmlis</em></strong></span> <span class='ocrx_word' id='word_1_80' title='bbox 771 1079 988 1117; x_wconf 85' lang='lat' dir='ltr'><strong><em>manere</em></strong></span> <span class='ocrx_word' id='word_1_81' title='bbox 1012 1103 1030 1129; x_wconf 92' lang='lat'><strong><em>,</em></strong></span> <span class='ocrx_word' id='word_1_82' title='bbox 1065 1073 1120 1116; x_wconf 92' lang='lat' dir='ltr'><strong><em>et</em></strong></span> <span class='ocrx_word' id='word_1_83' title='bbox 1149 1062 1435 1116; x_wconf 84' lang='lat' dir='ltr'><strong><em>considere</em></strong></span> <span class='ocrx_word' id='word_1_84' title='bbox 1468 1077 1496 1113; x_wconf 86' lang='lat' dir='ltr'><strong><em>a</em></strong></span> <span class='ocrx_word' id='word_1_85' title='bbox 1528 1062 1736 1116; x_wconf 76' lang='lat' dir='ltr'><strong><em>dextris</em></strong></span> <span class='ocrx_word' id='word_1_86' title='bbox 1767 1061 1858 1116; x_wconf 80' lang='lat' dir='ltr'><strong><em>Dei</em></strong></span> <span class='ocrx_word' id='word_1_87' title='bbox 1894 1059 2071 1114; x_wconf 75' lang='lat' dir='ltr'><strong><em>Patris</em></strong></span> 
     </span>
    </p>
   </div>
   <div class='ocr_carea' id='block_1_14' title="bbox 499 1154 2070 1224">
    <p class='ocr_par' dir='ltr' id='par_1_14' title="bbox 499 1154 2070 1224">
     <span class='ocr_line' id='line_1_14' title="bbox 499 1154 2070 1224; baseline 0.003 -20"><span class='ocrx_word' id='word_1_88' title='bbox 499 1156 752 1223; x_wconf 83' lang='lat' dir='ltr'><strong><em>usquead</em></strong></span> <span class='ocrx_word' id='word_1_89' title='bbox 783 1156 942 1208; x_wconf 87' lang='lat' dir='ltr'><strong><em>linem</em></strong></span> <span class='ocrx_word' id='word_1_90' title='bbox 971 1172 986 1208; x_wconf 89' lang='lat'><strong>:</strong></span> <span class='ocrx_word' id='word_1_91' title='bbox 1021 1157 1071 1208; x_wconf 93' lang='lat' dir='ltr'><strong><em>in</em></strong></span> <span class='ocrx_word' id='word_1_92' title='bbox 1102 1154 1218 1224; x_wconf 88' lang='lat' dir='ltr'><strong><em>ipso</em></strong></span> <span class='ocrx_word' id='word_1_93' title='bbox 1241 1165 1421 1208; x_wconf 90' lang='lat' dir='ltr'><strong><em>autem</em></strong></span> <span class='ocrx_word' id='word_1_94' title='bbox 1446 1154 1551 1208; x_wconf 82' lang='lat' dir='ltr'><strong><em>line</em></strong></span> <span class='ocrx_word' id='word_1_95' title='bbox 1571 1156 1811 1208; x_wconf 89' lang='lat' dir='ltr'><strong><em>omnium</em></strong></span> <span class='ocrx_word' id='word_1_96' title='bbox 1835 1156 2070 1208; x_wconf 81' lang='lat' dir='ltr'><strong><em>secundo</em></strong></span> 
     </span>
    </p>
   </div>
   <div class='ocr_carea' id='block_1_15' title="bbox 500 1244 2071 1313">
    <p class='ocr_par' dir='ltr' id='par_1_15' title="bbox 500 1244 2071 1313">
     <span class='ocr_line' id='line_1_15' title="bbox 500 1244 2071 1313; baseline 0.002 -18"><span class='ocrx_word' id='word_1_97' title='bbox 500 1245 736 1313; x_wconf 75' lang='lat' dir='ltr'><strong><em>gloriose</em></strong></span> <span class='ocrx_word' id='word_1_98' title='bbox 763 1246 1097 1300; x_wconf 83' lang='lat' dir='ltr'><strong><em>adventurus</em></strong></span> <span class='ocrx_word' id='word_1_99' title='bbox 1131 1255 1347 1299; x_wconf 84' lang='lat' dir='ltr'><strong><em>sanctos</em></strong></span> <span class='ocrx_word' id='word_1_100' title='bbox 1372 1262 1500 1300; x_wconf 88' lang='lat' dir='ltr'><strong><em>suos</em></strong></span> <span class='ocrx_word' id='word_1_101' title='bbox 1523 1244 1589 1297; x_wconf 92' lang='lat' dir='ltr'><strong><em>ad</em></strong></span> <span class='ocrx_word' id='word_1_102' title='bbox 1620 1260 1677 1298; x_wconf 88' lang='lat' dir='ltr'><strong><em>se</em></strong></span> <span class='ocrx_word' id='word_1_103' title='bbox 1708 1256 1967 1309; x_wconf 84' lang='lat' dir='ltr'><strong><em>assumet,</em></strong></span> <span class='ocrx_word' id='word_1_104' title='bbox 2013 1255 2071 1298; x_wconf 87' lang='lat' dir='ltr'><strong><em>ut</em></strong></span> 
     </span>
    </p>
   </div>
   <div class='ocr_carea' id='block_1_16' title="bbox 498 1337 2071 1408">
    <p class='ocr_par' dir='ltr' id='par_1_16' title="bbox 498 1337 2071 1408">
     <span class='ocr_line' id='line_1_16' title="bbox 498 1337 2071 1408; baseline 0.001 -19"><span class='ocrx_word' id='word_1_105' title='bbox 498 1337 645 1391; x_wconf 89' lang='lat' dir='ltr'><strong><em>omni</em></strong></span> <span class='ocrx_word' id='word_1_106' title='bbox 677 1347 918 1408; x_wconf 88' lang='lat' dir='ltr'><strong><em>tempore</em></strong></span> <span class='ocrx_word' id='word_1_107' title='bbox 947 1339 1055 1392; x_wconf 90' lang='lat' dir='ltr'><strong><em>siut</em></strong></span> <span class='ocrx_word' id='word_1_108' title='bbox 1099 1353 1220 1392; x_wconf 79' lang='lat' dir='ltr'><strong><em>Cum</em></strong></span> <span class='ocrx_word' id='word_1_109' title='bbox 1266 1338 1383 1408; x_wconf 85' lang='lat' dir='ltr'><strong><em>ipso</em></strong></span> <span class='ocrx_word' id='word_1_110' title='bbox 1417 1356 1430 1392; x_wconf 89' lang='lat'><strong>:</strong></span> <span class='ocrx_word' id='word_1_111' title='bbox 1472 1353 1574 1391; x_wconf 90' lang='lat' dir='ltr'><strong><em>non</em></strong></span> <span class='ocrx_word' id='word_1_112' title='bbox 1609 1337 1673 1392; x_wconf 85' lang='lat' dir='ltr'><strong><em>ad</em></strong></span> <span class='ocrx_word' id='word_1_113' title='bbox 1704 1348 1914 1405; x_wconf 84' lang='lat' dir='ltr'><strong><em>tempus</em></strong></span> <span class='ocrx_word' id='word_1_114' title='bbox 1939 1337 2071 1392; x_wconf 78' lang='lat' dir='ltr'><strong><em>deti-</em></strong></span> 
     </span>
    </p>
   </div>
   <div class='ocr_carea' id='block_1_17' title="bbox 501 1429 2066 1495">
    <p class='ocr_par' dir='ltr' id='par_1_17' title="bbox 501 1429 2066 1495">
     <span class='ocr_line' id='line_1_17' title="bbox 501 1429 2066 1495; baseline -0.001 -13"><span class='ocrx_word' id='word_1_115' title='bbox 501 1429 698 1494; x_wconf 87' lang='lat' dir='ltr'><strong><em>nitttm,</em></strong></span> <span class='ocrx_word' id='word_1_116' title='bbox 755 1433 849 1486; x_wconf 84' lang='lat' dir='ltr'><strong><em>sed</em></strong></span> <span class='ocrx_word' id='word_1_117' title='bbox 899 1431 1152 1485; x_wconf 74' lang='lat' dir='ltr'><strong><em>sa-culum</em></strong></span> <span class='ocrx_word' id='word_1_118' title='bbox 1207 1429 1701 1495; x_wconf 84' lang='lat' dir='ltr'><strong><em>iudetcrmiuabile;</em></strong></span> <span class='ocrx_word' id='word_1_119' title='bbox 1759 1432 1838 1483; x_wconf 76' lang='lat' dir='ltr'><strong><em>sit</em></strong></span> <span class='ocrx_word' id='word_1_120' title='bbox 1889 1429 2066 1490; x_wconf 87' lang='lat' dir='ltr'><strong><em>enim,</em></strong></span> 
     </span>
    </p>
   </div>
   <div class='ocr_carea' id='block_1_18' title="bbox 501 1519 2065 1590">
    <p class='ocr_par' dir='ltr' id='par_1_18' title="bbox 501 1519 2065 1590">
     <span class='ocr_line' id='line_1_18' title="bbox 501 1519 2065 1590; baseline -0.001 -16"><span class='ocrx_word' id='word_1_121' title='bbox 501 1520 722 1590; x_wconf 81' lang='lat' dir='ltr'><strong><em>Semper</em></strong></span> <span class='ocrx_word' id='word_1_122' title='bbox 760 1538 875 1576; x_wconf 85' lang='lat' dir='ltr'><strong><em>cum</em></strong></span> <span class='ocrx_word' id='word_1_123' title='bbox 926 1520 1150 1574; x_wconf 86' lang='lat' dir='ltr'><strong><em>Domino</em></strong></span> <span class='ocrx_word' id='word_1_124' title='bbox 1195 1520 1363 1589; x_wconf 79' lang='lat' dir='ltr'><strong><em>futuri</em></strong></span> <span class='ocrx_word' id='word_1_125' title='bbox 1409 1536 1613 1573; x_wconf 84' lang='lat' dir='ltr'><strong><em>sumus.</em></strong></span> <span class='ocrx_word' id='word_1_126' title='bbox 1672 1521 1934 1585; x_wconf 77' lang='lat' dir='ltr'><strong><em>Quocirca</em></strong></span> <span class='ocrx_word' id='word_1_127' title='bbox 1993 1519 2065 1572; x_wconf 87' lang='lat' dir='ltr'><strong><em>illi</em></strong></span> 
     </span>
    </p>
   </div>
   <div class='ocr_carea' id='block_1_19' title="bbox 499 1613 2069 1683">
    <p class='ocr_par' dir='ltr' id='par_1_19' title="bbox 499 1613 2069 1683">
     <span class='ocr_line' id='line_1_19' title="bbox 499 1613 2069 1683; baseline 0.001 -16"><span class='ocrx_word' id='word_1_128' title='bbox 499 1614 670 1667; x_wconf 80' lang='lat' dir='ltr'><strong><em>sancti</em></strong></span> <span class='ocrx_word' id='word_1_129' title='bbox 700 1630 820 1667; x_wconf 89' lang='lat' dir='ltr'><strong><em>cum</em></strong></span> <span class='ocrx_word' id='word_1_130' title='bbox 851 1615 967 1683; x_wconf 92' lang='lat' dir='ltr'><strong><em>ipso</em></strong></span> <span class='ocrx_word' id='word_1_131' title='bbox 997 1613 1185 1678; x_wconf 83' lang='lat' dir='ltr'><strong><em>futuri,</em></strong></span> <span class='ocrx_word' id='word_1_132' title='bbox 1215 1628 1380 1683; x_wconf 77' lang='lat' dir='ltr'><strong><em>regno</em></strong></span> <span class='ocrx_word' id='word_1_133' title='bbox 1413 1613 1581 1681; x_wconf 82' lang='lat' dir='ltr'><strong>ipsius</strong></span> <span class='ocrx_word' id='word_1_134' title='bbox 1613 1613 1664 1667; x_wconf 91' lang='lat' dir='ltr'><strong><em>in</em></strong></span> <span class='ocrx_word' id='word_1_135' title='bbox 1703 1628 1870 1682; x_wconf 72' lang='lat' dir='ltr'><strong><em>regno</em></strong></span> <span class='ocrx_word' id='word_1_136' title='bbox 1901 1613 2069 1668; x_wconf 61' lang='lat' dir='ltr'><strong><em>casio-</em></strong></span> 
     </span>
    </p>
   </div>
   <div class='ocr_carea' id='block_1_20' title="bbox 499 1701 2067 1772">
    <p class='ocr_par' dir='ltr' id='par_1_20' title="bbox 499 1701 2067 1772">
     <span class='ocr_line' id='line_1_20' title="bbox 499 1701 2067 1772; baseline 0.003 -18"><span class='ocrx_word' id='word_1_137' title='bbox 499 1717 619 1755; x_wconf 83' lang='lat' dir='ltr'><strong><em>rum</em></strong></span> <span class='ocrx_word' id='word_1_138' title='bbox 643 1701 1010 1772; x_wconf 76' lang='lat' dir='ltr'><strong><em>perfruentur.</em></strong></span> <span class='ocrx_word' id='word_1_139' title='bbox 1040 1701 1110 1755; x_wconf 76' lang='lat' dir='ltr'><strong><em>At</em></strong></span> <span class='ocrx_word' id='word_1_140' title='bbox 1138 1704 1386 1772; x_wconf 73' lang='lat' dir='ltr'><strong><em>egregius</em></strong></span> <span class='ocrx_word' id='word_1_141' title='bbox 1421 1705 1518 1757; x_wconf 88' lang='lat' dir='ltr'><strong><em>iste</em></strong></span> <span class='ocrx_word' id='word_1_142' title='bbox 1566 1703 1650 1756; x_wconf 78' lang='lat' dir='ltr'><strong><em>vir</em></strong></span> <span class='ocrx_word' id='word_1_143' title='bbox 1679 1704 1744 1756; x_wconf 88' lang='lat' dir='ltr'><strong><em>de</em></strong></span> <span class='ocrx_word' id='word_1_144' title='bbox 1780 1705 2067 1758; x_wconf 77' lang='lat' dir='ltr'><strong><em>Servatore</em></strong></span> 
     </span>
    </p>
   </div>
   <div class='ocr_carea' id='block_1_21' title="bbox 500 1794 2068 1864">
    <p class='ocr_par' dir='ltr' id='par_1_21' title="bbox 500 1794 2068 1864">
     <span class='ocr_line' id='line_1_21' title="bbox 500 1794 2068 1864; baseline 0.004 -21"><span class='ocrx_word' id='word_1_145' title='bbox 500 1794 701 1848; x_wconf 90' lang='lat' dir='ltr'><strong><em>dictum</em></strong></span> <span class='ocrx_word' id='word_1_146' title='bbox 759 1803 1036 1856; x_wconf 84' lang='lat' dir='ltr'><strong><em>autumat,</em></strong></span> <span class='ocrx_word' id='word_1_147' title='bbox 1074 1806 1325 1860; x_wconf 79' lang='lat' dir='ltr'><strong><em>oportere</em></strong></span> <span class='ocrx_word' id='word_1_148' title='bbox 1376 1812 1498 1848; x_wconf 87' lang='lat' dir='ltr'><strong><em>eum</em></strong></span> <span class='ocrx_word' id='word_1_149' title='bbox 1545 1796 1843 1862; x_wconf 77' lang='lat' dir='ltr'><strong><em>imperare,</em></strong></span> <span class='ocrx_word' id='word_1_150' title='bbox 1900 1811 2068 1864; x_wconf 87' lang='lat' dir='ltr'><strong><em>usque</em></strong></span> 
     </span>
    </p>
   </div>
   <div class='ocr_carea' id='block_1_22' title="bbox 499 1884 2064 1953">
    <p class='ocr_par' dir='ltr' id='par_1_22' title="bbox 499 1884 2064 1953">
     <span class='ocr_line' id='line_1_22' title="bbox 499 1884 2064 1953; baseline 0.002 -17"><span class='ocrx_word' id='word_1_151' title='bbox 499 1884 625 1937; x_wconf 90' lang='lat' dir='ltr'><strong><em>dum</em></strong></span> <span class='ocrx_word' id='word_1_152' title='bbox 680 1885 921 1952; x_wconf 82' lang='lat' dir='ltr'><strong><em>posuerit</em></strong></span> <span class='ocrx_word' id='word_1_153' title='bbox 970 1884 1220 1940; x_wconf 89' lang='lat' dir='ltr'><strong><em>inimicos</em></strong></span> <span class='ocrx_word' id='word_1_154' title='bbox 1277 1885 1571 1939; x_wconf 80' lang='lat' dir='ltr'><strong><em>scabellum</em></strong></span> <span class='ocrx_word' id='word_1_155' title='bbox 1625 1885 1848 1953; x_wconf 79' lang='lat' dir='ltr'><strong><em>pedibus</em></strong></span> <span class='ocrx_word' id='word_1_156' title='bbox 1907 1886 2064 1940; x_wconf 85' lang='lat' dir='ltr'><strong><em>suis:</em></strong></span> 
     </span>
    </p>
   </div>
   <div class='ocr_carea' id='block_1_23' title="bbox 499 1977 2065 2046">
    <p class='ocr_par' dir='ltr' id='par_1_23' title="bbox 499 1977 2065 2046">
     <span class='ocr_line' id='line_1_23' title="bbox 499 1977 2065 2046; baseline 0.003 -18"><span class='ocrx_word' id='word_1_157' title='bbox 499 1985 804 2045; x_wconf 84' lang='lat' dir='ltr'><strong><em>postremus</em></strong></span> <span class='ocrx_word' id='word_1_158' title='bbox 847 1985 1024 2032; x_wconf 86' lang='lat' dir='ltr'><strong><em>autem</em></strong></span> <span class='ocrx_word' id='word_1_159' title='bbox 1075 1978 1327 2032; x_wconf 80' lang='lat' dir='ltr'><strong><em>inimicus</em></strong></span> <span class='ocrx_word' id='word_1_160' title='bbox 1371 1977 1737 2046; x_wconf 78' lang='lat' dir='ltr'><strong><em>subjiciendus</em></strong></span> <span class='ocrx_word' id='word_1_161' title='bbox 1778 1992 1922 2031; x_wconf 89' lang='lat' dir='ltr'><strong><em>mors</em></strong></span> <span class='ocrx_word' id='word_1_162' title='bbox 1962 1988 2065 2032; x_wconf 80' lang='lat' dir='ltr'><strong><em>est.</em></strong></span> 
     </span>
    </p>
   </div>
   <div class='ocr_carea' id='block_1_24' title="bbox 501 2053 2067 2136">
    <p class='ocr_par' dir='ltr' id='par_1_24' title="bbox 501 2053 2067 2136">
     <span class='ocr_line' id='line_1_24' title="bbox 501 2053 2067 2136; baseline 0.003 -18"><span class='ocrx_word' id='word_1_163' title='bbox 501 2065 589 2130; x_wconf 78' lang='lat' dir='ltr'><strong><em>Et,</em></strong></span> <span class='ocrx_word' id='word_1_164' title='bbox 623 2053 774 2118; x_wconf 73' lang='lat' dir='ltr'><strong><em>Cum</em></strong></span> <span class='ocrx_word' id='word_1_165' title='bbox 825 2083 941 2120; x_wconf 77' lang='lat' dir='ltr'><strong><em>rero</em></strong></span> <span class='ocrx_word' id='word_1_166' title='bbox 988 2067 1088 2135; x_wconf 83' lang='lat' dir='ltr'><strong><em>ipsi</em></strong></span> <span class='ocrx_word' id='word_1_167' title='bbox 1134 2068 1480 2136; x_wconf 79' lang='lat' dir='ltr'><strong><em>subjicieutur</em></strong></span> <span class='ocrx_word' id='word_1_168' title='bbox 1507 2069 1703 2130; x_wconf 83' lang='lat' dir='ltr'><strong><em>omnia,</em></strong></span> <span class='ocrx_word' id='word_1_169' title='bbox 1733 2077 1842 2122; x_wconf 89' lang='lat' dir='ltr'><strong><em>tum</em></strong></span> <span class='ocrx_word' id='word_1_170' title='bbox 1885 2078 1934 2122; x_wconf 87' lang='lat' dir='ltr'><strong><em>et</em></strong></span> <span class='ocrx_word' id='word_1_171' title='bbox 1959 2071 2067 2136; x_wconf 82' lang='lat' dir='ltr'><strong><em>ipse</em></strong></span> 
     </span>
    </p>
   </div>
   <div class='ocr_carea' id='block_1_25' title="bbox 500 2155 2064 2230">
    <p class='ocr_par' dir='ltr' id='par_1_25' title="bbox 500 2155 2064 2230">
     <span class='ocr_line' id='line_1_25' title="bbox 500 2155 2064 2230; baseline 0.004 -22"><span class='ocrx_word' id='word_1_172' title='bbox 500 2155 888 2225; x_wconf 82' lang='lat' dir='ltr'><strong><em>subjicieturei,</em></strong></span> <span class='ocrx_word' id='word_1_173' title='bbox 912 2160 1002 2227; x_wconf 87' lang='lat' dir='ltr'><strong><em>qui</em></strong></span> <span class='ocrx_word' id='word_1_174' title='bbox 1035 2160 1256 2228; x_wconf 86' lang='lat' dir='ltr'><strong><em>subjecit</em></strong></span> <span class='ocrx_word' id='word_1_175' title='bbox 1283 2159 1568 2212; x_wconf 80' lang='lat' dir='ltr'><strong><em>omniasub</em></strong></span> <span class='ocrx_word' id='word_1_176' title='bbox 1590 2160 1804 2227; x_wconf 82' lang='lat' dir='ltr'><strong><em>pedibus</em></strong></span> <span class='ocrx_word' id='word_1_177' title='bbox 1834 2160 1978 2230; x_wconf 82' lang='lat' dir='ltr'><strong><em>ejus,</em></strong></span> <span class='ocrx_word' id='word_1_178' title='bbox 2011 2171 2064 2213; x_wconf 84' lang='lat' dir='ltr'><strong><em>ut</em></strong></span> 
     </span>
    </p>
   </div>
   <div class='ocr_carea' id='block_1_26' title="bbox 497 2248 2068 2307">
    <p class='ocr_par' dir='ltr' id='par_1_26' title="bbox 497 2248 2068 2307">
     <span class='ocr_line' id='line_1_26' title="bbox 497 2248 2068 2307; baseline 0.004 -7"><span class='ocrx_word' id='word_1_179' title='bbox 497 2249 567 2300; x_wconf 86' lang='lat' dir='ltr'><strong><em>sit</em></strong></span> <span class='ocrx_word' id='word_1_180' title='bbox 593 2248 728 2301; x_wconf 85' lang='lat' dir='ltr'><strong><em>Deus</em></strong></span> <span class='ocrx_word' id='word_1_181' title='bbox 749 2251 929 2303; x_wconf 81' lang='lat' dir='ltr'><strong><em>omnia</em></strong></span> <span class='ocrx_word' id='word_1_182' title='bbox 953 2251 1006 2304; x_wconf 86' lang='lat' dir='ltr'><strong><em>in</em></strong></span> <span class='ocrx_word' id='word_1_183' title='bbox 1025 2253 1264 2304; x_wconf 83' lang='lat' dir='ltr'><strong><em>omnibus</em></strong></span> <span class='ocrx_word' id='word_1_184' title='bbox 1294 2253 1332 2283; x_wconf 85' lang='grc'>¹¹</span> <span class='ocrx_word' id='word_1_185' title='bbox 1355 2268 1368 2307; x_wconf 89' lang='grc'>;</span> <span class='ocrx_word' id='word_1_186' title='bbox 1395 2267 1524 2306; x_wconf 91' lang='lat' dir='ltr'><strong><em>usus</em></strong></span> <span class='ocrx_word' id='word_1_187' title='bbox 1547 2267 1641 2306; x_wconf 86' lang='lat' dir='ltr'><strong><em>sua</em></strong></span> <span class='ocrx_word' id='word_1_188' title='bbox 1680 2255 2068 2307; x_wconf 75' lang='lat' dir='ltr'><strong><em>consuetudine</em></strong></span> 
     </span>
    </p>
   </div>
   <div class='ocr_carea' id='block_1_27' title="bbox 501 2337 2069 2412">
    <p class='ocr_par' dir='ltr' id='par_1_27' title="bbox 501 2337 2069 2412">
     <span class='ocr_line' id='line_1_27' title="bbox 501 2337 2069 2412; baseline 0.004 -20"><span class='ocrx_word' id='word_1_189' title='bbox 501 2337 617 2393; x_wconf 70' lang='lat' dir='ltr'><strong><em>lucc</em></strong></span> <span class='ocrx_word' id='word_1_190' title='bbox 646 2340 904 2408; x_wconf 77' lang='lat' dir='ltr'><strong><em>depravat</em></strong></span> <span class='ocrx_word' id='word_1_191' title='bbox 935 2359 948 2394; x_wconf 91' lang='lat'><strong>:</strong></span> <span class='ocrx_word' id='word_1_192' title='bbox 981 2342 1163 2396; x_wconf 87' lang='lat' dir='ltr'><strong><em>nescio</em></strong></span> <span class='ocrx_word' id='word_1_193' title='bbox 1191 2342 1333 2395; x_wconf 89' lang='lat' dir='ltr'><strong><em>enim</em></strong></span> <span class='ocrx_word' id='word_1_194' title='bbox 1373 2358 1479 2410; x_wconf 88' lang='lat' dir='ltr'><strong><em>quo</em></strong></span> <span class='ocrx_word' id='word_1_195' title='bbox 1510 2355 1703 2412; x_wconf 90' lang='lat' dir='ltr'><strong><em>pacto,</em></strong></span> <span class='ocrx_word' id='word_1_196' title='bbox 1748 2344 2069 2412; x_wconf 85' lang='lat' dir='ltr'><strong><em>subjicietur</em></strong></span> 
     </span>
    </p>
   </div>
   <div class='ocr_carea' id='block_1_28' title="bbox 501 2431 2066 2504">
    <p class='ocr_par' dir='ltr' id='par_1_28' title="bbox 501 2431 2066 2504">
     <span class='ocr_line' id='line_1_28' title="bbox 501 2431 2066 2504; baseline 0.004 -19"><span class='ocrx_word' id='word_1_197' title='bbox 501 2431 671 2486; x_wconf 85' lang='lat' dir='ltr'><strong><em>Filius</em></strong></span> <span class='ocrx_word' id='word_1_198' title='bbox 720 2432 890 2496; x_wconf 79' lang='lat' dir='ltr'><strong><em>Patri,</em></strong></span> <span class='ocrx_word' id='word_1_199' title='bbox 946 2447 1064 2502; x_wconf 89' lang='lat' dir='ltr'><strong><em>pro,</em></strong></span> <span class='ocrx_word' id='word_1_200' title='bbox 1107 2434 1321 2488; x_wconf 89' lang='lat' dir='ltr'><strong><em>unietur</em></strong></span> <span class='ocrx_word' id='word_1_201' title='bbox 1380 2435 1487 2490; x_wconf 87' lang='lat' dir='ltr'><strong><em>Deo</em></strong></span> <span class='ocrx_word' id='word_1_202' title='bbox 1534 2435 1790 2500; x_wconf 79' lang='lat' dir='ltr'><strong><em>Verbum,</em></strong></span> <span class='ocrx_word' id='word_1_203' title='bbox 1837 2438 2066 2504; x_wconf 82' lang='lat' dir='ltr'><strong><em>accepit.</em></strong></span> 
     </span>
    </p>
   </div>
   <div class='ocr_carea' id='block_1_29' title="bbox 502 2523 2075 2595">
    <p class='ocr_par' dir='ltr' id='par_1_29' title="bbox 502 2523 2075 2595">
     <span class='ocr_line' id='line_1_29' title="bbox 502 2523 2075 2595; baseline 0.005 -19"><span class='ocrx_word' id='word_1_204' title='bbox 502 2523 665 2588; x_wconf 85' lang='lat' dir='ltr'><strong><em>Quasi</em></strong></span> <span class='ocrx_word' id='word_1_205' title='bbox 701 2525 814 2578; x_wconf 88' lang='lat' dir='ltr'><strong><em>dari</em></strong></span> <span class='ocrx_word' id='word_1_206' title='bbox 843 2535 1021 2594; x_wconf 79' lang='lat' dir='ltr'><strong><em>posset</em></strong></span> <span class='ocrx_word' id='word_1_207' title='bbox 1067 2535 1276 2595; x_wconf 85' lang='lat' dir='ltr'><strong><em>tempus</em></strong></span> <span class='ocrx_word' id='word_1_208' title='bbox 1319 2527 1534 2595; x_wconf 83' lang='lat' dir='ltr'><strong><em>quando</em></strong></span> <span class='ocrx_word' id='word_1_209' title='bbox 1567 2528 1638 2580; x_wconf 91' lang='lat' dir='ltr'><strong><em>illi</em></strong></span> <span class='ocrx_word' id='word_1_210' title='bbox 1676 2544 1780 2584; x_wconf 89' lang='lat' dir='ltr'><strong><em>non</em></strong></span> <span class='ocrx_word' id='word_1_211' title='bbox 1820 2531 2075 2584; x_wconf 73' lang='lat' dir='ltr'><strong><em>adunire-</em></strong></span> 
     </span>
    </p>
   </div>
   <div class='ocr_carea' id='block_1_30' title="bbox 504 2614 2076 2682">
    <p class='ocr_par' dir='ltr' id='par_1_30' title="bbox 504 2614 2076 2682">
     <span class='ocr_line' id='line_1_30' title="bbox 504 2614 2076 2682; baseline 0.006 -15"><span class='ocrx_word' id='word_1_212' title='bbox 504 2624 612 2670; x_wconf 91' lang='lat' dir='ltr'><strong><em>tur.</em></strong></span> <span class='ocrx_word' id='word_1_213' title='bbox 653 2616 804 2682; x_wconf 87' lang='lat' dir='ltr'><strong><em>Quod</em></strong></span> <span class='ocrx_word' id='word_1_214' title='bbox 837 2619 880 2671; x_wconf 91' lang='lat' dir='ltr'><strong><em>si</em></strong></span> <span class='ocrx_word' id='word_1_215' title='bbox 917 2614 1151 2671; x_wconf 81' lang='lat' dir='ltr'><strong><em>Verbum</em></strong></span> <span class='ocrx_word' id='word_1_216' title='bbox 1177 2629 1295 2673; x_wconf 88' lang='lat' dir='ltr'><strong><em>erat</em></strong></span> <span class='ocrx_word' id='word_1_217' title='bbox 1329 2620 1397 2674; x_wconf 88' lang='lat' dir='ltr'><strong><em>ab</em></strong></span> <span class='ocrx_word' id='word_1_218' title='bbox 1424 2631 1628 2675; x_wconf 67' lang='lat' dir='ltr'><strong><em>aeterno</em></strong></span> <span class='ocrx_word' id='word_1_219' title='bbox 1658 2622 1708 2673; x_wconf 93' lang='lat' dir='ltr'><strong><em>in</em></strong></span> <span class='ocrx_word' id='word_1_220' title='bbox 1741 2619 1849 2675; x_wconf 88' lang='lat' dir='ltr'><strong><em>Deo</em></strong></span> <span class='ocrx_word' id='word_1_221' title='bbox 1874 2623 2076 2676; x_wconf 83' lang='lat' dir='ltr'><strong><em>subsis-</em></strong></span> 
     </span>
    </p>
   </div>
   <div class='ocr_carea' id='block_1_31' title="bbox 503 2711 2074 2780">
    <p class='ocr_par' dir='ltr' id='par_1_31' title="bbox 503 2711 2074 2780">
     <span class='ocr_line' id='line_1_31' title="bbox 503 2711 2074 2780; baseline 0.004 -18"><span class='ocrx_word' id='word_1_222' title='bbox 503 2717 649 2773; x_wconf 85' lang='lat' dir='ltr'><strong><em>tens,</em></strong></span> <span class='ocrx_word' id='word_1_223' title='bbox 683 2711 952 2779; x_wconf 87' lang='lat' dir='ltr'><strong><em>quomodo</em></strong></span> <span class='ocrx_word' id='word_1_224' title='bbox 1003 2711 1134 2764; x_wconf 90' lang='lat' dir='ltr'><strong><em>dicit</em></strong></span> <span class='ocrx_word' id='word_1_225' title='bbox 1179 2722 1308 2766; x_wconf 90' lang='lat' dir='ltr'><strong><em>tunc</em></strong></span> <span class='ocrx_word' id='word_1_226' title='bbox 1343 2712 1450 2768; x_wconf 90' lang='lat' dir='ltr'><strong><em>Deo</em></strong></span> <span class='ocrx_word' id='word_1_227' title='bbox 1491 2723 1546 2766; x_wconf 84' lang='lat' dir='ltr'><strong><em>et</em></strong></span> <span class='ocrx_word' id='word_1_228' title='bbox 1576 2711 1722 2766; x_wconf 77' lang='lat' dir='ltr'><strong><em>Patri</em></strong></span> <span class='ocrx_word' id='word_1_229' title='bbox 1779 2712 2074 2780; x_wconf 89' lang='lat' dir='ltr'><strong><em>subjectum</em></strong></span> 
     </span>
    </p>
   </div>
   <div class='ocr_carea' id='block_1_32' title="bbox 504 2798 928 2856">
    <p class='ocr_par' dir='ltr' id='par_1_32' title="bbox 504 2798 928 2856">
     <span class='ocr_line' id='line_1_32' title="bbox 504 2798 928 2856; baseline 0.009 -4"><span class='ocrx_word' id='word_1_230' title='bbox 504 2798 741 2854; x_wconf 81' lang='lat' dir='ltr'><strong><em>futurum</em></strong></span> <span class='ocrx_word' id='word_1_231' title='bbox 767 2801 928 2856; x_wconf 72' lang='lat' dir='ltr'><strong><em>eum?</em></strong></span> 
     </span>
    </p>
   </div>
   <div class='ocr_carea' id='block_1_33' title="bbox 2184 507 3748 578">
    <p class='ocr_par' dir='ltr' id='par_1_33' title="bbox 2184 507 3748 578">
     <span class='ocr_line' id='line_1_33' title="bbox 2184 507 3748 578; baseline 0 -18"><span class='ocrx_word' id='word_1_232' title='bbox 2184 509 2503 572; x_wconf 79' lang='grc' dir='ltr'><em>’Λπόστολος</em></span> <span class='ocrx_word' id='word_1_233' title='bbox 2533 510 2771 563; x_wconf 74' lang='grc' dir='ltr'><strong><em>διδάσκει</em></strong></span> <span class='ocrx_word' id='word_1_234' title='bbox 2795 510 2989 578; x_wconf 83' lang='grc' dir='ltr'><em>λέγων,</em></span> <span class='ocrx_word' id='word_1_235' title='bbox 3025 512 3150 563; x_wconf 81' lang='grc' dir='ltr'><em>Ὀτι</em></span> <span class='ocrx_word' id='word_1_236' title='bbox 3174 507 3355 574; x_wconf 86' lang='grc' dir='ltr'><em>αὐτὸς</em></span> <span class='ocrx_word' id='word_1_237' title='bbox 3381 510 3414 560; x_wconf 89' lang='grc' dir='ltr'><strong><em>ό</em></strong></span> <span class='ocrx_word' id='word_1_238' title='bbox 3443 508 3650 576; x_wconf 83' lang='grc' dir='ltr'><em>Κύριος</em></span> <span class='ocrx_word' id='word_1_239' title='bbox 3675 507 3748 560; x_wconf 81' lang='grc' dir='ltr'><em>ὲν</em></span> 
     </span>
    </p>
   </div>
   <div class='ocr_carea' id='block_1_34' title="bbox 2170 596 3748 672">
    <p class='ocr_par' dir='ltr' id='par_1_34' title="bbox 2170 596 3748 672">
     <span class='ocr_line' id='line_1_34' title="bbox 2170 596 3748 672; baseline -0.001 -18"><span class='ocrx_word' id='word_1_240' title='bbox 2170 603 2549 670; x_wconf 77' lang='grc' dir='ltr'><strong><em>κελεύσματι,</em></strong></span> <span class='ocrx_word' id='word_1_241' title='bbox 2589 602 2658 655; x_wconf 88' lang='grc' dir='ltr'><em>ὲν</em></span> <span class='ocrx_word' id='word_1_242' title='bbox 2692 603 2859 672; x_wconf 66' lang='grc' dir='ltr'><em>φωνῇ</em></span> <span class='ocrx_word' id='word_1_243' title='bbox 2913 602 3311 671; x_wconf 72' lang='grc' dir='ltr'><strong><em>ἀρχαγγέλου,</em></strong></span> <span class='ocrx_word' id='word_1_244' title='bbox 3347 597 3447 652; x_wconf 77' lang='grc' dir='ltr'><em>καὶ</em></span> <span class='ocrx_word' id='word_1_245' title='bbox 3487 599 3557 651; x_wconf 84' lang='grc' dir='ltr'><em>ἐν</em></span> <span class='ocrx_word' id='word_1_246' title='bbox 3595 596 3748 652; x_wconf 76' lang='grc' dir='ltr'><em>σάλ-</em></span> 
     </span>
    </p>
   </div>
   <div class='ocr_carea' id='block_1_35' title="bbox 2171 687 3750 764">
    <p class='ocr_par' dir='ltr' id='par_1_35' title="bbox 2171 687 3750 764">
     <span class='ocr_line' id='line_1_35' title="bbox 2171 687 3750 764; baseline -0.004 -15"><span class='ocrx_word' id='word_1_247' title='bbox 2171 708 2330 764; x_wconf 84' lang='grc' dir='ltr'><em>πιγγι</em></span> <span class='ocrx_word' id='word_1_248' title='bbox 2364 695 2510 749; x_wconf 82' lang='grc' dir='ltr'><em>Θεοῦ</em></span> <span class='ocrx_word' id='word_1_249' title='bbox 2542 695 2934 762; x_wconf 73' lang='grc' dir='ltr'><em>καταϐήσεται</em></span> <span class='ocrx_word' id='word_1_250' title='bbox 2965 695 3067 748; x_wconf 78' lang='grc' dir='ltr'><strong><em>ἀπ’</em></strong></span> <span class='ocrx_word' id='word_1_251' title='bbox 3102 690 3380 760; x_wconf 69' lang='grc' dir='ltr'><em>οἱφανοῦ,</em></span> <span class='ocrx_word' id='word_1_252' title='bbox 3416 687 3514 742; x_wconf 78' lang='grc' dir='ltr'><em>καὶ</em></span> <span class='ocrx_word' id='word_1_253' title='bbox 3560 693 3616 743; x_wconf 85' lang='grc' dir='ltr'><em>οι</em></span> <span class='ocrx_word' id='word_1_254' title='bbox 3652 707 3750 742; x_wconf 76' lang='grc' dir='ltr'><em>νε-</em></span> 
     </span>
    </p>
   </div>
   <div class='ocr_carea' id='block_1_36' title="bbox 2170 781 3748 856">
    <p class='ocr_par' dir='ltr' id='par_1_36' title="bbox 2170 781 3748 856">
     <span class='ocr_line' id='line_1_36' title="bbox 2170 781 3748 856; baseline -0.004 -16"><span class='ocrx_word' id='word_1_255' title='bbox 2170 790 2295 856; x_wconf 75' lang='grc' dir='ltr'><em>κροὶ</em></span> <span class='ocrx_word' id='word_1_256' title='bbox 2321 789 2392 842; x_wconf 84' lang='grc' dir='ltr'><em>ἐν</em></span> <span class='ocrx_word' id='word_1_257' title='bbox 2416 787 2645 855; x_wconf 71' lang='grc' dir='ltr'><em>Χριστῷ</em></span> <span class='ocrx_word' id='word_1_258' title='bbox 2669 788 3118 853; x_wconf 68' lang='grc' dir='ltr'><strong><em>ἀναστήσονται</em></strong></span> <span class='ocrx_word' id='word_1_259' title='bbox 3143 785 3254 851; x_wconf 79' lang='lat'><strong><em>(98)</em></strong></span> <span class='ocrx_word' id='word_1_260' title='bbox 3279 781 3513 851; x_wconf 78' lang='grc' dir='ltr'><em>πρῶτοι·</em></span> <span class='ocrx_word' id='word_1_261' title='bbox 3544 782 3748 834; x_wconf 67' lang='grc' dir='ltr'><em>ἔπειτα</em></span> 
     </span>
    </p>
   </div>
   <div class='ocr_carea' id='block_1_37' title="bbox 2170 871 3751 946">
    <p class='ocr_par' dir='ltr' id='par_1_37' title="bbox 2170 871 3751 946">
     <span class='ocr_line' id='line_1_37' title="bbox 2170 871 3751 946; baseline -0.003 -17"><span class='ocrx_word' id='word_1_262' title='bbox 2170 876 2335 944; x_wconf 73' lang='grc' dir='ltr'><em>ἡμεῖς</em></span> <span class='ocrx_word' id='word_1_263' title='bbox 2371 880 2423 930; x_wconf 85' lang='lat' dir='ltr'><strong><em>ol</em></strong></span> <span class='ocrx_word' id='word_1_264' title='bbox 2455 877 2682 943; x_wconf 74' lang='grc' dir='ltr'><em>ζῶντες,</em></span> <span class='ocrx_word' id='word_1_265' title='bbox 2715 880 2769 930; x_wconf 78' lang='grc' dir='ltr'><em>οἱ</em></span> <span class='ocrx_word' id='word_1_266' title='bbox 2803 879 3275 946; x_wconf 75' lang='grc' dir='ltr'><strong><em>περιλειπόμενοι</em></strong></span> <span class='ocrx_word' id='word_1_267' title='bbox 3301 914 3316 936; x_wconf 92' lang='grc'><strong><em>,</em></strong></span> <span class='ocrx_word' id='word_1_268' title='bbox 3345 873 3464 940; x_wconf 83' lang='grc' dir='ltr'><em>ἅμα</em></span> <span class='ocrx_word' id='word_1_269' title='bbox 3493 871 3614 926; x_wconf 85' lang='grc' dir='ltr'><em>σὺν</em></span> <span class='ocrx_word' id='word_1_270' title='bbox 3641 874 3751 925; x_wconf 81' lang='grc' dir='ltr'><strong><em>αὺ-</em></strong></span> 
     </span>
    </p>
   </div>
   <div class='ocr_carea' id='block_1_38' title="bbox 2170 962 3750 1036">
    <p class='ocr_par' dir='ltr' id='par_1_38' title="bbox 2170 962 3750 1036">
     <span class='ocr_line' id='line_1_38' title="bbox 2170 962 3750 1036; baseline -0.004 -16"><span class='ocrx_word' id='word_1_271' title='bbox 2170 966 2292 1032; x_wconf 82' lang='grc' dir='ltr'><strong><em>τοῖς</em></strong></span> <span class='ocrx_word' id='word_1_272' title='bbox 2329 968 2790 1036; x_wconf 77' lang='grc' dir='ltr'><strong><em>ἁρπαγησόμεθα</em></strong></span> <span class='ocrx_word' id='word_1_273' title='bbox 2834 968 2904 1021; x_wconf 80' lang='grc' dir='ltr'><em>ὲν</em></span> <span class='ocrx_word' id='word_1_274' title='bbox 2947 967 3228 1036; x_wconf 56' lang='grc' dir='ltr'><em>νεφέλαις</em></span> <span class='ocrx_word' id='word_1_275' title='bbox 3266 967 3353 1029; x_wconf 75' lang='grc' dir='ltr'><strong><em>εἰς</em></strong></span> <span class='ocrx_word' id='word_1_276' title='bbox 3401 962 3750 1030; x_wconf 80' lang='grc' dir='ltr'><em>ἀπάντησιν</em></span> 
     </span>
    </p>
   </div>
   <div class='ocr_carea' id='block_1_39' title="bbox 2170 1057 3745 1128">
    <p class='ocr_par' dir='ltr' id='par_1_39' title="bbox 2170 1057 3745 1128">
     <span class='ocr_line' id='line_1_39' title="bbox 2170 1057 3745 1128; baseline -0.002 -16"><span class='ocrx_word' id='word_1_277' title='bbox 2170 1059 2272 1113; x_wconf 88' lang='grc' dir='ltr'><em>τοῦ</em></span> <span class='ocrx_word' id='word_1_278' title='bbox 2306 1061 2524 1127; x_wconf 73' lang='grc' dir='ltr'><em>Κυρίου</em></span> <span class='ocrx_word' id='word_1_279' title='bbox 2556 1063 2640 1125; x_wconf 81' lang='grc' dir='ltr'><em>εις</em></span> <span class='ocrx_word' id='word_1_280' title='bbox 2666 1061 2864 1128; x_wconf 80' lang='grc' dir='ltr'><em>ἀέρας,</em></span> <span class='ocrx_word' id='word_1_281' title='bbox 2894 1060 2990 1113; x_wconf 71' lang='grc' dir='ltr'><strong><em>καὶ</em></strong></span> <span class='ocrx_word' id='word_1_282' title='bbox 3017 1060 3167 1113; x_wconf 82' lang='grc' dir='ltr'><em>οὕτω</em></span> <span class='ocrx_word' id='word_1_283' title='bbox 3194 1059 3449 1111; x_wconf 82' lang='grc' dir='ltr'><em>πάντοτε</em></span> <span class='ocrx_word' id='word_1_284' title='bbox 3480 1057 3602 1110; x_wconf 88' lang='grc' dir='ltr'><em>σὺν</em></span> <span class='ocrx_word' id='word_1_285' title='bbox 3628 1060 3745 1109; x_wconf 77' lang='lat' dir='ltr'><strong><em>Ku-</em></strong></span> 
     </span>
    </p>
   </div>
   <div class='ocr_carea' id='block_1_40' title="bbox 2162 1151 3748 1223">
    <p class='ocr_par' dir='ltr' id='par_1_40' title="bbox 2162 1151 3748 1223">
     <span class='ocr_line' id='line_1_40' title="bbox 2162 1151 3748 1223; baseline 0.001 -21"><span class='ocrx_word' id='word_1_286' title='bbox 2162 1152 2274 1220; x_wconf 82' lang='grc' dir='ltr'><em>ρίφ</em></span> <span class='ocrx_word' id='word_1_287' title='bbox 2301 1153 2576 1222; x_wconf 81' lang='grc' dir='ltr'><em>ἐσόμεθα.</em></span> <span class='ocrx_word' id='word_1_288' title='bbox 2607 1156 2696 1206; x_wconf 86' lang='grc' dir='ltr'><strong><em>Δεῖ</em></strong></span> <span class='ocrx_word' id='word_1_289' title='bbox 2719 1154 2898 1205; x_wconf 77' lang='grc' dir='ltr'><strong><em>τοίνυν</em></strong></span> <span class='ocrx_word' id='word_1_290' title='bbox 2937 1152 3026 1206; x_wconf 74' lang='grc' dir='ltr'><em>τὸν</em></span> <span class='ocrx_word' id='word_1_291' title='bbox 3071 1151 3304 1223; x_wconf 80' lang='grc' dir='ltr'><em>Σωτῆρα</em></span> <span class='ocrx_word' id='word_1_292' title='bbox 3342 1151 3522 1222; x_wconf 84' lang='grc' dir='ltr'><em>μένειν</em></span> <span class='ocrx_word' id='word_1_293' title='bbox 3560 1152 3618 1205; x_wconf 82' lang='grc' dir='ltr'><em>ἐν</em></span> <span class='ocrx_word' id='word_1_294' title='bbox 3654 1151 3748 1204; x_wconf 78' lang='grc' dir='ltr'><em>οὑο</em></span> 
     </span>
    </p>
   </div>
   <div class='ocr_carea' id='block_1_41' title="bbox 2173 1240 3748 1317">
    <p class='ocr_par' dir='ltr' id='par_1_41' title="bbox 2173 1240 3748 1317">
     <span class='ocr_line' id='line_1_41' title="bbox 2173 1240 3748 1317; baseline -0.003 -20"><span class='ocrx_word' id='word_1_295' title='bbox 2173 1245 2338 1317; x_wconf 80' lang='grc' dir='ltr'><em>ρανῴ,</em></span> <span class='ocrx_word' id='word_1_296' title='bbox 2371 1245 2464 1296; x_wconf 68' lang='grc' dir='ltr'><strong><em>καὶ</em></strong></span> <span class='ocrx_word' id='word_1_297' title='bbox 2491 1243 2812 1306; x_wconf 71' lang='grc' dir='ltr'><em>καθέζεσθαι</em></span> <span class='ocrx_word' id='word_1_298' title='bbox 2845 1245 2902 1295; x_wconf 83' lang='grc' dir='ltr'><em>ἐν</em></span> <span class='ocrx_word' id='word_1_299' title='bbox 2933 1242 3078 1314; x_wconf 79' lang='grc' dir='ltr'><em>δεξιᾷ</em></span> <span class='ocrx_word' id='word_1_300' title='bbox 3107 1243 3200 1294; x_wconf 73' lang='grc' dir='ltr'><em>τοῦ</em></span> <span class='ocrx_word' id='word_1_301' title='bbox 3231 1242 3444 1314; x_wconf 76' lang='grc' dir='ltr'><em>Πατρὸς</em></span> <span class='ocrx_word' id='word_1_302' title='bbox 3465 1281 3479 1303; x_wconf 93' lang='grc'><strong><em>,</em></strong></span> <span class='ocrx_word' id='word_1_303' title='bbox 3507 1241 3611 1304; x_wconf 75' lang='grc' dir='ltr'><em>ἕως</em></span> <span class='ocrx_word' id='word_1_304' title='bbox 3647 1240 3748 1310; x_wconf 82' lang='grc' dir='ltr'><em>τῆς</em></span> 
     </span>
    </p>
   </div>
   <div class='ocr_carea' id='block_1_42' title="bbox 2172 1332 3745 1406">
    <p class='ocr_par' dir='ltr' id='par_1_42' title="bbox 2172 1332 3745 1406">
     <span class='ocr_line' id='line_1_42' title="bbox 2172 1332 3745 1406; baseline -0.003 -16"><span class='ocrx_word' id='word_1_305' title='bbox 2172 1336 2496 1398; x_wconf 74' lang='grc' dir='ltr'><em>συντελείας,</em></span> <span class='ocrx_word' id='word_1_306' title='bbox 2520 1335 2660 1388; x_wconf 74' lang='grc' dir='ltr'><em>κατὰ</em></span> <span class='ocrx_word' id='word_1_307' title='bbox 2680 1335 2734 1388; x_wconf 77' lang='grc' dir='ltr'><em>δὲ</em></span> <span class='ocrx_word' id='word_1_308' title='bbox 2755 1336 2920 1406; x_wconf 76' lang='grc' dir='ltr'><em>αὑτὴν</em></span> <span class='ocrx_word' id='word_1_309' title='bbox 2947 1335 3044 1405; x_wconf 75' lang='grc' dir='ltr'><em>τὴν</em></span> <span class='ocrx_word' id='word_1_310' title='bbox 3067 1333 3374 1388; x_wconf 79' lang='grc' dir='ltr'><em>συντέλειαν</em></span> <span class='ocrx_word' id='word_1_311' title='bbox 3403 1332 3495 1386; x_wconf 77' lang='grc' dir='ltr'><em>τοῦ</em></span> <span class='ocrx_word' id='word_1_312' title='bbox 3523 1333 3745 1395; x_wconf 82' lang='grc' dir='ltr'><em>παντὸς,</em></span> 
     </span>
    </p>
   </div>
   <div class='ocr_carea' id='block_1_43' title="bbox 2167 1425 3747 1500">
    <p class='ocr_par' dir='ltr' id='par_1_43' title="bbox 2167 1425 3747 1500">
     <span class='ocr_line' id='line_1_43' title="bbox 2167 1425 3747 1500; baseline -0.003 -18"><span class='ocrx_word' id='word_1_313' title='bbox 2167 1430 2266 1499; x_wconf 74' lang='grc' dir='ltr'><em>τὴν</em></span> <span class='ocrx_word' id='word_1_314' title='bbox 2305 1429 2512 1495; x_wconf 82' lang='grc' dir='ltr'><em>ἔνδοξον</em></span> <span class='ocrx_word' id='word_1_315' title='bbox 2563 1429 2656 1480; x_wconf 81' lang='grc' dir='ltr'><strong><em>καὶ</em></strong></span> <span class='ocrx_word' id='word_1_316' title='bbox 2702 1429 2960 1500; x_wconf 77' lang='grc' dir='ltr'><em>δευτέραν</em></span> <span class='ocrx_word' id='word_1_317' title='bbox 2991 1427 3153 1481; x_wconf 76' lang='grc' dir='ltr'><em>αὑτοῦ</em></span> <span class='ocrx_word' id='word_1_318' title='bbox 3185 1427 3485 1498; x_wconf 80' lang='grc' dir='ltr'><em>παρουσίαν</em></span> <span class='ocrx_word' id='word_1_319' title='bbox 3515 1425 3747 1495; x_wconf 81' lang='grc' dir='ltr'><em>ποιησά-</em></span> 
     </span>
    </p>
   </div>
   <div class='ocr_carea' id='block_1_44' title="bbox 2173 1517 3747 1591">
    <p class='ocr_par' dir='ltr' id='par_1_44' title="bbox 2173 1517 3747 1591">
     <span class='ocr_line' id='line_1_44' title="bbox 2173 1517 3747 1591; baseline -0.002 -19"><span class='ocrx_word' id='word_1_320' title='bbox 2173 1538 2350 1591; x_wconf 84' lang='grc' dir='ltr'><em>μενος,</em></span> <span class='ocrx_word' id='word_1_321' title='bbox 2378 1523 2504 1584; x_wconf 80' lang='grc' dir='ltr'><em>τοὺς</em></span> <span class='ocrx_word' id='word_1_322' title='bbox 2553 1521 2738 1589; x_wconf 79' lang='grc' dir='ltr'><strong><em>ἁγίους</em></strong></span> <span class='ocrx_word' id='word_1_323' title='bbox 2772 1519 2935 1574; x_wconf 75' lang='grc' dir='ltr'><em>αὑτοῦ</em></span> <span class='ocrx_word' id='word_1_324' title='bbox 2979 1519 3360 1591; x_wconf 66' lang='grc' dir='ltr'><em>παραλήψεται</em></span> <span class='ocrx_word' id='word_1_325' title='bbox 3408 1519 3489 1582; x_wconf 76' lang='grc' dir='ltr'><em>εἰς</em></span> <span class='ocrx_word' id='word_1_326' title='bbox 3517 1517 3577 1570; x_wconf 78' lang='grc' dir='ltr'><em>τὸ</em></span> <span class='ocrx_word' id='word_1_327' title='bbox 3611 1518 3747 1571; x_wconf 80' lang='grc' dir='ltr'><em>πάν-</em></span> 
     </span>
    </p>
   </div>
   <div class='ocr_carea' id='block_1_45' title="bbox 2167 1609 3748 1684">
    <p class='ocr_par' dir='ltr' id='par_1_45' title="bbox 2167 1609 3748 1684">
     <span class='ocr_line' id='line_1_45' title="bbox 2167 1609 3748 1684; baseline -0.001 -20"><span class='ocrx_word' id='word_1_328' title='bbox 2167 1628 2287 1664; x_wconf 82' lang='grc' dir='ltr'><em>τοτε</em></span> <span class='ocrx_word' id='word_1_329' title='bbox 2319 1612 2466 1682; x_wconf 79' lang='grc' dir='ltr'><em>αὑτῷ</em></span> <span class='ocrx_word' id='word_1_330' title='bbox 2501 1616 2772 1665; x_wconf 83' lang='grc' dir='ltr'><em>συνεῖναι·</em></span> <span class='ocrx_word' id='word_1_331' title='bbox 2813 1613 2934 1682; x_wconf 81' lang='grc' dir='ltr'><em>οὑχί</em></span> <span class='ocrx_word' id='word_1_332' title='bbox 2983 1613 3142 1684; x_wconf 83' lang='grc' dir='ltr'><em>μέχρι</em></span> <span class='ocrx_word' id='word_1_333' title='bbox 3186 1612 3332 1674; x_wconf 86' lang='grc' dir='ltr'><em>τινὸς</em></span> <span class='ocrx_word' id='word_1_334' title='bbox 3372 1612 3564 1683; x_wconf 79' lang='grc' dir='ltr'><em>χρόνου</em></span> <span class='ocrx_word' id='word_1_335' title='bbox 3585 1649 3600 1672; x_wconf 98' lang='grc'><strong><em>,</em></strong></span> <span class='ocrx_word' id='word_1_336' title='bbox 3633 1609 3748 1662; x_wconf 82' lang='grc' dir='ltr'><em>ἀλλ’</em></span> 
     </span>
    </p>
   </div>
   <div class='ocr_carea' id='block_1_46' title="bbox 2171 1701 3752 1776">
    <p class='ocr_par' dir='ltr' id='par_1_46' title="bbox 2171 1701 3752 1776">
     <span class='ocr_line' id='line_1_46' title="bbox 2171 1701 3752 1776; baseline 0 -20"><span class='ocrx_word' id='word_1_337' title='bbox 2171 1707 2250 1768; x_wconf 82' lang='grc' dir='ltr'><em>εἰς</em></span> <span class='ocrx_word' id='word_1_338' title='bbox 2279 1705 2502 1776; x_wconf 82' lang='grc' dir='ltr'><em>ἄπειρον</em></span> <span class='ocrx_word' id='word_1_339' title='bbox 2534 1705 2706 1759; x_wconf 83' lang='grc' dir='ltr'><em>αἰῶνα</em></span> <span class='ocrx_word' id='word_1_340' title='bbox 2728 1723 2742 1736; x_wconf 88' lang='grc'><strong>·</strong></span> <span class='ocrx_word' id='word_1_341' title='bbox 2779 1706 2942 1758; x_wconf 76' lang='grc' dir='ltr'><em>Οΰτω</em></span> <span class='ocrx_word' id='word_1_342' title='bbox 2985 1705 3094 1776; x_wconf 83' lang='grc' dir='ltr'><em>γάρ</em></span> <span class='ocrx_word' id='word_1_343' title='bbox 3135 1721 3266 1776; x_wconf 71' lang='grc' dir='ltr'><em>φησι</em></span> <span class='ocrx_word' id='word_1_344' title='bbox 3293 1742 3307 1767; x_wconf 86' lang='grc'><strong><em>,</em></strong></span> <span class='ocrx_word' id='word_1_345' title='bbox 3343 1703 3602 1757; x_wconf 77' lang='grc' dir='ltr'><em>Πάντοτε</em></span> <span class='ocrx_word' id='word_1_346' title='bbox 3628 1701 3752 1756; x_wconf 78' lang='grc' dir='ltr'><em>σὺν</em></span> 
     </span>
    </p>
   </div>
   <div class='ocr_carea' id='block_1_47' title="bbox 2171 1794 3752 1866">
    <p class='ocr_par' dir='ltr' id='par_1_47' title="bbox 2171 1794 3752 1866">
     <span class='ocr_line' id='line_1_47' title="bbox 2171 1794 3752 1866; baseline -0.003 -16"><span class='ocrx_word' id='word_1_347' title='bbox 2171 1798 2366 1864; x_wconf 81' lang='grc' dir='ltr'><em>Κυρίῳ</em></span> <span class='ocrx_word' id='word_1_348' title='bbox 2398 1797 2672 1866; x_wconf 78' lang='grc' dir='ltr'><strong><em>ἐσόμεθα.</em></strong></span> <span class='ocrx_word' id='word_1_349' title='bbox 2708 1799 2914 1850; x_wconf 80' lang='grc' dir='ltr'><em>Οὑκοῦν</em></span> <span class='ocrx_word' id='word_1_350' title='bbox 2968 1799 3017 1851; x_wconf 92' lang='grc' dir='ltr'><em>οἱ</em></span> <span class='ocrx_word' id='word_1_351' title='bbox 3064 1797 3209 1865; x_wconf 80' lang='grc' dir='ltr'><em>ἅγιοι</em></span> <span class='ocrx_word' id='word_1_352' title='bbox 3260 1797 3490 1850; x_wconf 82' lang='grc' dir='ltr'><em>πάντοτε</em></span> <span class='ocrx_word' id='word_1_353' title='bbox 3536 1794 3752 1848; x_wconf 73' lang='grc' dir='ltr'><em>συνεσό-</em></span> 
     </span>
    </p>
   </div>
   <div class='ocr_carea' id='block_1_48' title="bbox 2177 1888 3751 1961">
    <p class='ocr_par' dir='ltr' id='par_1_48' title="bbox 2177 1888 3751 1961">
     <span class='ocr_line' id='line_1_48' title="bbox 2177 1888 3751 1961; baseline -0.003 -19"><span class='ocrx_word' id='word_1_354' title='bbox 2177 1906 2326 1959; x_wconf 88' lang='grc' dir='ltr'><em>μενοι</em></span> <span class='ocrx_word' id='word_1_355' title='bbox 2371 1889 2539 1960; x_wconf 80' lang='grc' dir='ltr'><em>αὐτῷ,</em></span> <span class='ocrx_word' id='word_1_356' title='bbox 2571 1890 2671 1960; x_wconf 83' lang='grc' dir='ltr'><em>τῆς</em></span> <span class='ocrx_word' id='word_1_357' title='bbox 2718 1889 2884 1944; x_wconf 73' lang='grc' dir='ltr'><em>αὑτοῦ</em></span> <span class='ocrx_word' id='word_1_358' title='bbox 2935 1889 3210 1961; x_wconf 84' lang='grc' dir='ltr'><em>βασιλείας</em></span> <span class='ocrx_word' id='word_1_359' title='bbox 3257 1888 3655 1942; x_wconf 78' lang='grc' dir='ltr'><em>ἀπολαύσουσιν</em></span> <span class='ocrx_word' id='word_1_360' title='bbox 3691 1888 3751 1938; x_wconf 81' lang='grc' dir='ltr'><em>ὲν</em></span> 
     </span>
    </p>
   </div>
   <div class='ocr_carea' id='block_1_49' title="bbox 2171 1977 3751 2052">
    <p class='ocr_par' dir='ltr' id='par_1_49' title="bbox 2171 1977 3751 2052">
     <span class='ocr_line' id='line_1_49' title="bbox 2171 1977 3751 2052; baseline -0.001 -22"><span class='ocrx_word' id='word_1_361' title='bbox 2171 1979 2236 2048; x_wconf 79' lang='grc' dir='ltr'><em>τῇ</em></span> <span class='ocrx_word' id='word_1_362' title='bbox 2283 1978 2694 2052; x_wconf 81' lang='grc' dir='ltr'><em>κατηγγελμένῃ</em></span> <span class='ocrx_word' id='word_1_363' title='bbox 2742 1979 2848 2032; x_wconf 87' lang='grc' dir='ltr'><strong><em>τῶν</em></strong></span> <span class='ocrx_word' id='word_1_364' title='bbox 2900 1979 3143 2051; x_wconf 83' lang='grc' dir='ltr'><em>οὐρανῶν</em></span> <span class='ocrx_word' id='word_1_365' title='bbox 3205 1978 3470 2050; x_wconf 64' lang='grc' dir='ltr'><em>βασιλεία.</em></span> <span class='ocrx_word' id='word_1_366' title='bbox 3530 1977 3668 2030; x_wconf 76' lang='grc' dir='ltr'><em>Ἀλλ’</em></span> <span class='ocrx_word' id='word_1_367' title='bbox 3721 1977 3751 2028; x_wconf 78' lang='grc' dir='ltr'>ὁ</span> 
     </span>
    </p>
   </div>
   <div class='ocr_carea' id='block_1_50' title="bbox 2171 2067 3751 2142">
    <p class='ocr_par' dir='ltr' id='par_1_50' title="bbox 2171 2067 3751 2142">
     <span class='ocr_line' id='line_1_50' title="bbox 2171 2067 3751 2142; baseline -0.001 -22"><span class='ocrx_word' id='word_1_368' title='bbox 2171 2071 2414 2135; x_wconf 82' lang='grc' dir='ltr'><em>γενναῖος</em></span> <span class='ocrx_word' id='word_1_369' title='bbox 2446 2068 2619 2123; x_wconf 77' lang='grc' dir='ltr'><em>ταῦτα</em></span> <span class='ocrx_word' id='word_1_370' title='bbox 2651 2070 2766 2141; x_wconf 76' lang='lat'><strong><em>(99)</em></strong></span> <span class='ocrx_word' id='word_1_371' title='bbox 2791 2072 2864 2142; x_wconf 82' lang='grc' dir='ltr'><strong><em>μὴ</em></strong></span> <span class='ocrx_word' id='word_1_372' title='bbox 2898 2070 3098 2134; x_wconf 70' lang='grc' dir='ltr'><em>συνεὶς,</em></span> <span class='ocrx_word' id='word_1_373' title='bbox 3129 2069 3220 2123; x_wconf 78' lang='grc' dir='ltr'><em>τοῦ</em></span> <span class='ocrx_word' id='word_1_374' title='bbox 3247 2069 3390 2122; x_wconf 84' lang='grc' dir='ltr'><em>θείου</em></span> <span class='ocrx_word' id='word_1_375' title='bbox 3430 2067 3751 2123; x_wconf 80' lang='grc' dir='ltr'><em>Ἀποστὸλου</em></span> 
     </span>
    </p>
   </div>
   <div class='ocr_carea' id='block_1_51' title="bbox 2175 2160 3755 2234">
    <p class='ocr_par' dir='ltr' id='par_1_51' title="bbox 2175 2160 3755 2234">
     <span class='ocr_line' id='line_1_51' title="bbox 2175 2160 3755 2234; baseline 0.001 -20"><span class='ocrx_word' id='word_1_376' title='bbox 2175 2161 2300 2232; x_wconf 72' lang='grc' dir='ltr'><em>περὶ</em></span> <span class='ocrx_word' id='word_1_377' title='bbox 2322 2160 2414 2212; x_wconf 75' lang='grc' dir='ltr'><em>τοῦ</em></span> <span class='ocrx_word' id='word_1_378' title='bbox 2445 2160 2694 2233; x_wconf 76' lang='grc' dir='ltr'><em>Σωτῆρος</em></span> <span class='ocrx_word' id='word_1_379' title='bbox 2721 2163 2880 2233; x_wconf 78' lang='grc' dir='ltr'><em>ἡμῶν</em></span> <span class='ocrx_word' id='word_1_380' title='bbox 2909 2163 3189 2234; x_wconf 77' lang='grc' dir='ltr'><em>είρηκότος</em></span> <span class='ocrx_word' id='word_1_381' title='bbox 3211 2161 3291 2223; x_wconf 85' lang='grc' dir='ltr'><em>τὸ,</em></span> <span class='ocrx_word' id='word_1_382' title='bbox 3309 2160 3534 2232; x_wconf 77' lang='grc' dir='ltr'><em>Δσῖγὰρ</em></span> <span class='ocrx_word' id='word_1_383' title='bbox 3564 2161 3755 2215; x_wconf 83' lang='grc' dir='ltr'><em>αὐτὸν</em></span> 
     </span>
    </p>
   </div>
   <div class='ocr_carea' id='block_1_52' title="bbox 2167 2252 3755 2324">
    <p class='ocr_par' dir='ltr' id='par_1_52' title="bbox 2167 2252 3755 2324">
     <span class='ocr_line' id='line_1_52' title="bbox 2167 2252 3755 2324; baseline 0.003 -21"><span class='ocrx_word' id='word_1_384' title='bbox 2167 2252 2543 2316; x_wconf 75' lang='grc' dir='ltr'><em>βασιλεύειν,</em></span> <span class='ocrx_word' id='word_1_385' title='bbox 2575 2254 2748 2321; x_wconf 77' lang='grc' dir='ltr'><em>ἄχρις</em></span> <span class='ocrx_word' id='word_1_386' title='bbox 2781 2252 2851 2310; x_wconf 86' lang='grc' dir='ltr'><em>οὗ</em></span> <span class='ocrx_word' id='word_1_387' title='bbox 2891 2253 2965 2324; x_wconf 74' lang='grc' dir='ltr'><strong><em>θῇ</em></strong></span> <span class='ocrx_word' id='word_1_388' title='bbox 3004 2253 3143 2321; x_wconf 85' lang='grc' dir='ltr'><em>τοὺς</em></span> <span class='ocrx_word' id='word_1_389' title='bbox 3174 2255 3427 2323; x_wconf 83' lang='grc' dir='ltr'><em>ἐχθροὺς</em></span> <span class='ocrx_word' id='word_1_390' title='bbox 3459 2254 3578 2307; x_wconf 83' lang='grc' dir='ltr'><em>ὑπὸ</em></span> <span class='ocrx_word' id='word_1_391' title='bbox 3609 2254 3755 2321; x_wconf 85' lang='grc' dir='ltr'><em>τοὺς</em></span> 
     </span>
    </p>
   </div>
   <div class='ocr_carea' id='block_1_53' title="bbox 2173 2343 3752 2416">
    <p class='ocr_par' dir='ltr' id='par_1_53' title="bbox 2173 2343 3752 2416">
     <span class='ocr_line' id='line_1_53' title="bbox 2173 2343 3752 2416; baseline 0.004 -22"><span class='ocrx_word' id='word_1_392' title='bbox 2173 2343 2362 2408; x_wconf 82' lang='grc' dir='ltr'><em>πόδας</em></span> <span class='ocrx_word' id='word_1_393' title='bbox 2393 2345 2578 2400; x_wconf 83' lang='grc' dir='ltr'><em>αὐτοῦ</em></span> <span class='ocrx_word' id='word_1_394' title='bbox 2602 2363 2614 2376; x_wconf 89' lang='grc'><strong>·</strong></span> <span class='ocrx_word' id='word_1_395' title='bbox 2647 2347 2905 2416; x_wconf 77' lang='grc' dir='ltr'><em>ἔσχατος</em></span> <span class='ocrx_word' id='word_1_396' title='bbox 2931 2347 3141 2416; x_wconf 78' lang='grc' dir='ltr'><em>ἐχθρὸς</em></span> <span class='ocrx_word' id='word_1_397' title='bbox 3179 2344 3552 2415; x_wconf 76' lang='grc' dir='ltr'><em>καταργεῖται</em></span> <span class='ocrx_word' id='word_1_398' title='bbox 3589 2350 3622 2401; x_wconf 86' lang='grc' dir='ltr'><strong><em>ό</em></strong></span> <span class='ocrx_word' id='word_1_399' title='bbox 3650 2347 3752 2401; x_wconf 79' lang='grc' dir='ltr'><strong><em>θά-</em></strong></span> 
     </span>
    </p>
   </div>
   <div class='ocr_carea' id='block_1_54' title="bbox 2173 2438 3818 2509">
    <p class='ocr_par' dir='ltr' id='par_1_54' title="bbox 2173 2438 3818 2509">
     <span class='ocr_line' id='line_1_54' title="bbox 2173 2438 3818 2509; baseline 0.002 -21"><span class='ocrx_word' id='word_1_400' title='bbox 2173 2449 2385 2502; x_wconf 88' lang='grc' dir='ltr'><em>νατος·</em></span> <span class='ocrx_word' id='word_1_401' title='bbox 2425 2438 2517 2490; x_wconf 73' lang='grc' dir='ltr'><strong><em>καὶ</em></strong></span> <span class='ocrx_word' id='word_1_402' title='bbox 2563 2438 2753 2500; x_wconf 73' lang='grc' dir='ltr'><em>πάλιν,</em></span> <span class='ocrx_word' id='word_1_403' title='bbox 2807 2440 2992 2493; x_wconf 83' lang='grc' dir='ltr'><em>Ὅταν</em></span> <span class='ocrx_word' id='word_1_404' title='bbox 3035 2440 3103 2494; x_wconf 76' lang='grc' dir='ltr'><strong><em>δὲ</em></strong></span> <span class='ocrx_word' id='word_1_405' title='bbox 3147 2442 3309 2508; x_wconf 86' lang='grc' dir='ltr'><em>αὐτῷ</em></span> <span class='ocrx_word' id='word_1_406' title='bbox 3358 2439 3628 2509; x_wconf 77' lang='grc' dir='ltr'><em>ὑποταγῇ</em></span> <span class='ocrx_word' id='word_1_407' title='bbox 3677 2442 3756 2492; x_wconf 79' lang='grc' dir='ltr'><em>τὰ</em></span> <span class='ocrx_word' id='word_1_408' title='bbox 3813 2443 3818 2447; x_wconf 78' lang='grc'><strong><em>’</em></strong></span> 
     </span>
    </p>
   </div>
   <div class='ocr_carea' id='block_1_55' title="bbox 2176 2527 3756 2602">
    <p class='ocr_par' dir='ltr' id='par_1_55' title="bbox 2176 2527 3756 2602">
     <span class='ocr_line' id='line_1_55' title="bbox 2176 2527 3756 2602; baseline 0.002 -23"><span class='ocrx_word' id='word_1_409' title='bbox 2176 2527 2392 2590; x_wconf 84' lang='grc' dir='ltr'><em>πάντα.</em></span> <span class='ocrx_word' id='word_1_410' title='bbox 2438 2529 2570 2582; x_wconf 85' lang='grc' dir='ltr'><em>τότε</em></span> <span class='ocrx_word' id='word_1_411' title='bbox 2609 2529 2706 2583; x_wconf 81' lang='grc' dir='ltr'><em>καὶ</em></span> <span class='ocrx_word' id='word_1_412' title='bbox 2747 2533 2929 2597; x_wconf 76' lang='grc' dir='ltr'><em>αὐτὸς</em></span> <span class='ocrx_word' id='word_1_413' title='bbox 2958 2531 3397 2602; x_wconf 77' lang='grc' dir='ltr'><em>ὑποταγήσεται</em></span> <span class='ocrx_word' id='word_1_414' title='bbox 3427 2531 3505 2598; x_wconf 86' lang='grc' dir='ltr'><em>τῷ</em></span> <span class='ocrx_word' id='word_1_415' title='bbox 3535 2528 3756 2586; x_wconf 67' lang='grc' dir='ltr'><em>ὑποτάε</em></span> 
     </span>
    </p>
   </div>
   <div class='ocr_carea' id='block_1_56' title="bbox 2179 2617 3758 2694">
    <p class='ocr_par' dir='ltr' id='par_1_56' title="bbox 2179 2617 3758 2694">
     <span class='ocr_line' id='line_1_56' title="bbox 2179 2617 3758 2694; baseline 0.002 -24"><span class='ocrx_word' id='word_1_416' title='bbox 2179 2618 2292 2682; x_wconf 83' lang='grc' dir='ltr'><em>ξαν</em></span> <span class='ocrx_word' id='word_1_417' title='bbox 2307 2634 2358 2671; x_wconf 89' lang='grc' dir='ltr'><strong><em>τι</em></strong></span> <span class='ocrx_word' id='word_1_418' title='bbox 2383 2619 2543 2685; x_wconf 86' lang='grc' dir='ltr'><em>αὐτῷ</em></span> <span class='ocrx_word' id='word_1_419' title='bbox 2565 2621 2636 2675; x_wconf 83' lang='grc' dir='ltr'><em>τὰ</em></span> <span class='ocrx_word' id='word_1_420' title='bbox 2663 2621 2878 2685; x_wconf 85' lang='grc' dir='ltr'><em>πάντα,</em></span> <span class='ocrx_word' id='word_1_421' title='bbox 2911 2625 3010 2676; x_wconf 82' lang='grc' dir='ltr'><em>ἵνα</em></span> <span class='ocrx_word' id='word_1_422' title='bbox 3040 2617 3080 2694; x_wconf 79' lang='grc' dir='ltr'><em>ᾖ</em></span> <span class='ocrx_word' id='word_1_423' title='bbox 3111 2626 3143 2676; x_wconf 87' lang='grc' dir='ltr'><strong><em>ό</em></strong></span> <span class='ocrx_word' id='word_1_424' title='bbox 3188 2623 3332 2690; x_wconf 87' lang='grc' dir='ltr'><em>Θεὸς</em></span> <span class='ocrx_word' id='word_1_425' title='bbox 3359 2624 3432 2678; x_wconf 81' lang='grc' dir='ltr'><em>τὰ</em></span> <span class='ocrx_word' id='word_1_426' title='bbox 3465 2621 3658 2676; x_wconf 78' lang='grc' dir='ltr'><em>πάντα</em></span> <span class='ocrx_word' id='word_1_427' title='bbox 3682 2621 3758 2674; x_wconf 77' lang='grc' dir='ltr'><em>ἐν</em></span> 
     </span>
    </p>
   </div>
   <div class='ocr_carea' id='block_1_57' title="bbox 2178 2709 3754 2788">
    <p class='ocr_par' dir='ltr' id='par_1_57' title="bbox 2178 2709 3754 2788">
     <span class='ocr_line' id='line_1_57' title="bbox 2178 2709 3754 2788; baseline 0.003 -26"><span class='ocrx_word' id='word_1_428' title='bbox 2178 2709 2361 2774; x_wconf 85' lang='grc' dir='ltr'><em>πᾶσι,</em></span> <span class='ocrx_word' id='word_1_429' title='bbox 2391 2714 2456 2782; x_wconf 76' lang='grc' dir='ltr'><em>τῇ</em></span> <span class='ocrx_word' id='word_1_430' title='bbox 2492 2712 2568 2783; x_wconf 81' lang='grc' dir='ltr'><strong><em>(Ι)</em></strong></span> <span class='ocrx_word' id='word_1_431' title='bbox 2606 2714 2821 2784; x_wconf 76' lang='grc' dir='ltr'><em>συνήθει</em></span> <span class='ocrx_word' id='word_1_432' title='bbox 2861 2714 3034 2788; x_wconf 81' lang='grc' dir='ltr'><em>ταύτῃ</em></span> <span class='ocrx_word' id='word_1_433' title='bbox 3077 2715 3372 2786; x_wconf 81' lang='grc' dir='ltr'><em>διαστροφῇ</em></span> <span class='ocrx_word' id='word_1_434' title='bbox 3414 2713 3754 2786; x_wconf 78' lang='grc' dir='ltr'><em>χρησάμενος</em></span> 
     </span>
    </p>
   </div>
   <div class='ocr_carea' id='block_1_58' title="bbox 2179 2800 3753 2880">
    <p class='ocr_par' dir='ltr' id='par_1_58' title="bbox 2179 2800 3753 2880">
     <span class='ocr_line' id='line_1_58' title="bbox 2179 2800 3753 2880; baseline -0.001 -22"><span class='ocrx_word' id='word_1_435' title='bbox 2179 2807 2274 2860; x_wconf 77' lang='grc' dir='ltr'><strong><em>καὶ</em></strong></span> <span class='ocrx_word' id='word_1_436' title='bbox 2319 2805 2490 2860; x_wconf 81' lang='grc' dir='ltr'><em>ταῦτα</em></span> <span class='ocrx_word' id='word_1_437' title='bbox 2530 2804 2974 2880; x_wconf 80' lang='grc' dir='ltr'><em>παρερμηνεύει·</em></span> <span class='ocrx_word' id='word_1_438' title='bbox 3024 2805 3124 2858; x_wconf 86' lang='grc' dir='ltr'><em>οὑκ</em></span> <span class='ocrx_word' id='word_1_439' title='bbox 3160 2800 3253 2858; x_wconf 83' lang='grc' dir='ltr'><em>οἷδ’</em></span> <span class='ocrx_word' id='word_1_440' title='bbox 3297 2805 3444 2870; x_wconf 85' lang='grc' dir='ltr'><em>ὃπως</em></span> <span class='ocrx_word' id='word_1_441' title='bbox 3490 2804 3575 2868; x_wconf 62' lang='grc' dir='ltr'><em>τὸ,</em></span> <span class='ocrx_word' id='word_1_442' title='bbox 3618 2805 3753 2858; x_wconf 83' lang='grc' dir='ltr'><em>ὑπο-</em></span> 
     </span>
    </p>
   </div>
   <div class='ocr_carea' id='block_1_59' title="bbox 501 2893 3755 2972">
    <p class='ocr_par' dir='ltr' id='par_1_59' title="bbox 501 2893 3755 2972">
     <span class='ocr_line' id='line_1_59' title="bbox 501 2893 3755 2972; baseline 0.002 -29"><span class='ocrx_word' id='word_1_443' title='bbox 501 2893 837 2964; x_wconf 78' lang='grc' dir='ltr'><em>ταγήσεσθαι</em></span> <span class='ocrx_word' id='word_1_444' title='bbox 863 2895 940 2966; x_wconf 84' lang='grc' dir='ltr'><em>τῷ</em></span> <span class='ocrx_word' id='word_1_445' title='bbox 964 2897 1138 2970; x_wconf 76' lang='grc' dir='ltr'><em>Πατρὶ</em></span> <span class='ocrx_word' id='word_1_446' title='bbox 1172 2899 1262 2952; x_wconf 74' lang='grc' dir='ltr'><em>τὸν</em></span> <span class='ocrx_word' id='word_1_447' title='bbox 1287 2899 1436 2962; x_wconf 70' lang='grc' dir='ltr'><em>Υἰὸν,</em></span> <span class='ocrx_word' id='word_1_448' title='bbox 1463 2900 1584 2953; x_wconf 76' lang='grc' dir='ltr'><em>ἀντὶ</em></span> <span class='ocrx_word' id='word_1_449' title='bbox 1626 2898 1719 2952; x_wconf 80' lang='grc' dir='ltr'><em>τοῦ</em></span> <span class='ocrx_word' id='word_1_450' title='bbox 1763 2899 2129 2971; x_wconf 76' lang='grc' dir='ltr'><em>ὲνωοήσεσοαι</em></span> <span class='ocrx_word' id='word_1_451' title='bbox 2173 2900 2252 2972; x_wconf 74' lang='grc' dir='ltr'><em>τῷ</em></span> <span class='ocrx_word' id='word_1_452' title='bbox 2281 2902 2400 2972; x_wconf 80' lang='grc' dir='ltr'><em>Θεῷ</em></span> <span class='ocrx_word' id='word_1_453' title='bbox 2425 2903 2515 2954; x_wconf 82' lang='grc' dir='ltr'><em>τὸν</em></span> <span class='ocrx_word' id='word_1_454' title='bbox 2561 2903 2732 2970; x_wconf 82' lang='grc' dir='ltr'><em>Λόγον</em></span> <span class='ocrx_word' id='word_1_455' title='bbox 2768 2901 3041 2967; x_wconf 78' lang='grc' dir='ltr'><em>έξακοὺων</em></span> <span class='ocrx_word' id='word_1_456' title='bbox 3067 2917 3080 2930; x_wconf 87' lang='grc'><strong>·</strong></span> <span class='ocrx_word' id='word_1_457' title='bbox 3123 2902 3219 2953; x_wconf 76' lang='grc' dir='ltr'><strong><em>καὶ</em></strong></span> <span class='ocrx_word' id='word_1_458' title='bbox 3286 2901 3417 2953; x_wconf 78' lang='grc' dir='ltr'><em>πότε</em></span> <span class='ocrx_word' id='word_1_459' title='bbox 3461 2899 3570 2970; x_wconf 73' lang='grc' dir='ltr'><em>γὰρ</em></span> <span class='ocrx_word' id='word_1_460' title='bbox 3607 2898 3755 2968; x_wconf 69' lang='grc' dir='ltr'><em>αὐτῷ</em></span> 
     </span>
    </p>
   </div>
   <div class='ocr_carea' id='block_1_60' title="bbox 503 2978 3756 3062">
    <p class='ocr_par' dir='ltr' id='par_1_60' title="bbox 503 2978 3756 3062">
     <span class='ocr_line' id='line_1_60' title="bbox 503 2978 3756 3062; baseline 0.003 -28"><span class='ocrx_word' id='word_1_461' title='bbox 503 2984 605 3036; x_wconf 77' lang='grc' dir='ltr'><strong><em>οὐκ</em></strong></span> <span class='ocrx_word' id='word_1_462' title='bbox 635 2978 701 3054; x_wconf 79' lang='grc' dir='ltr'><em>ἦν</em></span> <span class='ocrx_word' id='word_1_463' title='bbox 733 2985 1047 3054; x_wconf 71' lang='grc' dir='ltr'><em>ἡνωμένοςς</em></span> <span class='ocrx_word' id='word_1_464' title='bbox 1080 2991 1128 3041; x_wconf 82' lang='grc' dir='ltr'><strong><em>εί</em></strong></span> <span class='ocrx_word' id='word_1_465' title='bbox 1159 2987 1223 3059; x_wconf 84' lang='grc' dir='ltr'><em>δὴ</em></span> <span class='ocrx_word' id='word_1_466' title='bbox 1271 2989 1442 3057; x_wconf 82' lang='grc' dir='ltr'><em>Λόγος</em></span> <span class='ocrx_word' id='word_1_467' title='bbox 1473 2984 1541 3059; x_wconf 80' lang='grc' dir='ltr'><em>ἦν</em></span> <span class='ocrx_word' id='word_1_468' title='bbox 1564 3031 1580 3055; x_wconf 91' lang='grc'><strong><em>,</em></strong></span> <span class='ocrx_word' id='word_1_469' title='bbox 1647 2987 1832 3052; x_wconf 77' lang='grc' dir='ltr'><em>ἁῖδίως</em></span> <span class='ocrx_word' id='word_1_470' title='bbox 1885 2989 1962 3059; x_wconf 74' lang='lat' dir='ltr'><strong><em>t2)</em></strong></span> <span class='ocrx_word' id='word_1_471' title='bbox 2023 2989 2282 3062; x_wconf 75' lang='grc' dir='ltr'><strong><em>ὑπάρχων</em></strong></span> <span class='ocrx_word' id='word_1_472' title='bbox 2311 2993 2369 3043; x_wconf 79' lang='grc' dir='ltr'><em>ὲν</em></span> <span class='ocrx_word' id='word_1_473' title='bbox 2412 2991 2492 3060; x_wconf 86' lang='grc' dir='ltr'><em>τῷ</em></span> <span class='ocrx_word' id='word_1_474' title='bbox 2524 2989 2662 3060; x_wconf 76' lang='grc' dir='ltr'><em>Θεῷ.</em></span> <span class='ocrx_word' id='word_1_475' title='bbox 2705 2989 2830 3053; x_wconf 87' lang='grc' dir='ltr'><em>Πῶς</em></span> <span class='ocrx_word' id='word_1_476' title='bbox 2865 2985 2957 3044; x_wconf 81' lang='grc' dir='ltr'><em>οὖν</em></span> <span class='ocrx_word' id='word_1_477' title='bbox 2995 2988 3114 3042; x_wconf 88' lang='grc' dir='ltr'><em>τότε</em></span> <span class='ocrx_word' id='word_1_478' title='bbox 3154 2990 3318 3059; x_wconf 74' lang='grc' dir='ltr'><em>φησὶν</em></span> <span class='ocrx_word' id='word_1_479' title='bbox 3353 2990 3756 3060; x_wconf 66' lang='grc' dir='ltr'><em>ὑποταγήσεται</em></span> 
     </span>
    </p>
   </div>
   <div class='ocr_carea' id='block_1_61' title="bbox 503 3076 1110 3150">
    <p class='ocr_par' dir='ltr' id='par_1_61' title="bbox 503 3076 1110 3150">
     <span class='ocr_line' id='line_1_61' title="bbox 503 3076 1110 3150; baseline 0 -20"><span class='ocrx_word' id='word_1_480' title='bbox 503 3076 580 3148; x_wconf 80' lang='grc' dir='ltr'><em>τῷ</em></span> <span class='ocrx_word' id='word_1_481' title='bbox 615 3076 735 3149; x_wconf 82' lang='grc' dir='ltr'><em>Θεῷ</em></span> <span class='ocrx_word' id='word_1_482' title='bbox 773 3078 868 3131; x_wconf 74' lang='grc' dir='ltr'><strong><em>καὶ</em></strong></span> <span class='ocrx_word' id='word_1_483' title='bbox 904 3078 1110 3150; x_wconf 87' lang='grc' dir='ltr'><em>Πατρί;</em></span> 
     </span>
    </p>
   </div>
   <div class='ocr_carea' id='block_1_62' title="bbox 1133 3173 1442 3229">
    <p class='ocr_par' dir='ltr' id='par_1_62' title="bbox 1133 3173 1442 3229">
     <span class='ocr_line' id='line_1_62' title="bbox 1133 3173 1442 3229; baseline 0 -1"><span class='ocrx_word' id='word_1_484' title='bbox 1133 3173 1284 3228; x_wconf 80' lang='lat' dir='ltr'><strong><em>CAP.</em></strong></span> <span class='ocrx_word' id='word_1_485' title='bbox 1325 3173 1442 3229; x_wconf 75' lang='lat' dir='ltr'><strong><em>XV.</em></strong></span> 
     </span>
    </p>
   </div>
   <div class='ocr_carea' id='block_1_63' title="bbox 508 3262 2076 3339">
    <p class='ocr_par' dir='ltr' id='par_1_63' title="bbox 508 3262 2076 3339">
     <span class='ocr_line' id='line_1_63' title="bbox 508 3262 2076 3339; baseline 0.003 -21"><span class='ocrx_word' id='word_1_486' title='bbox 508 3262 750 3330; x_wconf 84' lang='lat' dir='ltr'><strong><em>Qualiter</em></strong></span> <span class='ocrx_word' id='word_1_487' title='bbox 801 3265 1021 3330; x_wconf 81' lang='lat' dir='ltr'><strong><em>diritur,</em></strong></span> <span class='ocrx_word' id='word_1_488' title='bbox 1070 3269 1245 3339; x_wconf 79' lang='lat' dir='ltr'><strong><em>omnia</em></strong></span> <span class='ocrx_word' id='word_1_489' title='bbox 1286 3266 1429 3339; x_wconf 76' lang='lat' dir='ltr'><strong><em>Filio</em></strong></span> <span class='ocrx_word' id='word_1_490' title='bbox 1461 3269 1822 3339; x_wconf 80' lang='lat' dir='ltr'><strong><em>subjicieutur,</em></strong></span> <span class='ocrx_word' id='word_1_491' title='bbox 1873 3277 1922 3323; x_wconf 82' lang='lat' dir='ltr'><strong><em>et</em></strong></span> <span class='ocrx_word' id='word_1_492' title='bbox 1968 3268 2076 3338; x_wconf 86' lang='lat' dir='ltr'><strong><em>ipse</em></strong></span> 
     </span>
    </p>
   </div>
   <div class='ocr_carea' id='block_1_64' title="bbox 1033 3336 1553 3406">
    <p class='ocr_par' dir='ltr' id='par_1_64' title="bbox 1033 3336 1553 3406">
     <span class='ocr_line' id='line_1_64' title="bbox 1033 3336 1553 3406; baseline 0.006 -16"><span class='ocrx_word' id='word_1_493' title='bbox 1033 3337 1348 3406; x_wconf 61' lang='lat' dir='ltr'><strong><em>subjiciatur</em></strong></span> <span class='ocrx_word' id='word_1_494' title='bbox 1379 3336 1553 3393; x_wconf 79' lang='lat' dir='ltr'><strong><em>Patri.</em></strong></span> 
     </span>
    </p>
   </div>
   <div class='ocr_carea' id='block_1_65' title="bbox 573 3423 2075 3497">
    <p class='ocr_par' dir='ltr' id='par_1_65' title="bbox 573 3423 2075 3497">
     <span class='ocr_line' id='line_1_65' title="bbox 573 3423 2075 3497; baseline 0.003 -20"><span class='ocrx_word' id='word_1_495' title='bbox 573 3423 976 3479; x_wconf 66' lang='lat' dir='ltr'><strong><em>advertendum</em></strong></span> <span class='ocrx_word' id='word_1_496' title='bbox 1001 3438 1088 3482; x_wconf 87' lang='lat' dir='ltr'><strong><em>est</em></strong></span> <span class='ocrx_word' id='word_1_497' title='bbox 1116 3443 1244 3481; x_wconf 79' lang='lat' dir='ltr'><strong><em>vero</em></strong></span> <span class='ocrx_word' id='word_1_498' title='bbox 1282 3432 1552 3497; x_wconf 86' lang='lat' dir='ltr'><strong><em>quomodo</em></strong></span> <span class='ocrx_word' id='word_1_499' title='bbox 1593 3430 1738 3485; x_wconf 91' lang='lat' dir='ltr'><strong><em>dicat</em></strong></span> <span class='ocrx_word' id='word_1_500' title='bbox 1764 3429 2075 3497; x_wconf 80' lang='lat' dir='ltr'><strong><em>Apostolus,</em></strong></span> 
     </span>
    </p>
   </div>
   <div class='ocr_carea' id='block_1_66' title="bbox 531 3515 2075 3591">
    <p class='ocr_par' dir='ltr' id='par_1_66' title="bbox 531 3515 2075 3591">
     <span class='ocr_line' id='line_1_66' title="bbox 531 3515 2075 3591; baseline 0.006 -24"><span class='ocrx_word' id='word_1_501' title='bbox 531 3515 688 3568; x_wconf 84' lang='lat' dir='ltr'><strong><em>mnia</em></strong></span> <span class='ocrx_word' id='word_1_502' title='bbox 715 3517 1012 3582; x_wconf 85' lang='lat' dir='ltr'><strong><em>subjectum</em></strong></span> <span class='ocrx_word' id='word_1_503' title='bbox 1053 3519 1116 3572; x_wconf 92' lang='lat' dir='ltr'><strong><em>iri</em></strong></span> <span class='ocrx_word' id='word_1_504' title='bbox 1145 3517 1282 3574; x_wconf 84' lang='lat' dir='ltr'><strong><em>Filio</em></strong></span> <span class='ocrx_word' id='word_1_505' title='bbox 1311 3537 1327 3575; x_wconf 91' lang='lat'><strong>:</strong></span> <span class='ocrx_word' id='word_1_506' title='bbox 1351 3530 1407 3575; x_wconf 92' lang='lat' dir='ltr'><strong><em>et</em></strong></span> <span class='ocrx_word' id='word_1_507' title='bbox 1429 3521 1665 3590; x_wconf 83' lang='lat' dir='ltr'><strong><em>qualiter</em></strong></span> <span class='ocrx_word' id='word_1_508' title='bbox 1704 3538 1798 3591; x_wconf 82' lang='lat' dir='ltr'><strong><em>por</em></strong></span> <span class='ocrx_word' id='word_1_509' title='bbox 1831 3523 2075 3576; x_wconf 84' lang='lat' dir='ltr'><strong><em>eamdem</em></strong></span> 
     </span>
    </p>
   </div>
   <div class='ocr_carea' id='block_1_67' title="bbox 543 3604 2074 3674">
    <p class='ocr_par' dir='ltr' id='par_1_67' title="bbox 543 3604 2074 3674">
     <span class='ocr_line' id='line_1_67' title="bbox 543 3604 2074 3674; baseline 0.003 -17"><span class='ocrx_word' id='word_1_510' title='bbox 543 3604 899 3674; x_wconf 87' lang='lat' dir='ltr'><strong><em>ubjectionem</em></strong></span> <span class='ocrx_word' id='word_1_511' title='bbox 962 3607 1359 3673; x_wconf 80' lang='lat' dir='ltr'><strong><em>subjiciendum</em></strong></span> <span class='ocrx_word' id='word_1_512' title='bbox 1422 3608 1570 3663; x_wconf 84' lang='lat' dir='ltr'><strong><em>Patri</em></strong></span> <span class='ocrx_word' id='word_1_513' title='bbox 1625 3608 1819 3663; x_wconf 85' lang='lat' dir='ltr'><strong><em>Filium</em></strong></span> <span class='ocrx_word' id='word_1_514' title='bbox 1881 3611 2074 3664; x_wconf 78' lang='lat' dir='ltr'><strong><em>dicat:</em></strong></span> 
     </span>
    </p>
   </div>
   <div class='ocr_carea' id='block_1_68' title="bbox 527 3695 2076 3769">
    <p class='ocr_par' dir='ltr' id='par_1_68' title="bbox 527 3695 2076 3769">
     <span class='ocr_line' id='line_1_68' title="bbox 527 3695 2076 3769; baseline 0.003 -20"><span class='ocrx_word' id='word_1_515' title='bbox 527 3695 798 3766; x_wconf 75' lang='lat' dir='ltr'><strong><em>&quot;estquam</em></strong></span> <span class='ocrx_word' id='word_1_516' title='bbox 843 3714 960 3750; x_wconf 79' lang='lat' dir='ltr'><strong><em>vero</em></strong></span> <span class='ocrx_word' id='word_1_517' title='bbox 995 3699 1170 3752; x_wconf 84' lang='lat' dir='ltr'><strong><em>omnia</em></strong></span> <span class='ocrx_word' id='word_1_518' title='bbox 1206 3701 1435 3769; x_wconf 76' lang='lat' dir='ltr'><strong><em>subjecta</em></strong></span> <span class='ocrx_word' id='word_1_519' title='bbox 1481 3701 1559 3754; x_wconf 90' lang='lat' dir='ltr'><strong><em>illi</em></strong></span> <span class='ocrx_word' id='word_1_520' title='bbox 1603 3702 1826 3769; x_wconf 75' lang='lat' dir='ltr'><strong><em>fuerint,</em></strong></span> <span class='ocrx_word' id='word_1_521' title='bbox 1872 3712 1979 3753; x_wconf 90' lang='lat' dir='ltr'><strong><em>tum</em></strong></span> <span class='ocrx_word' id='word_1_522' title='bbox 2027 3711 2076 3754; x_wconf 81' lang='lat' dir='ltr'><strong><em>et</em></strong></span> 
     </span>
    </p>
   </div>
   <div class='ocr_carea' id='block_1_69' title="bbox 528 3785 2076 3860">
    <p class='ocr_par' dir='ltr' id='par_1_69' title="bbox 528 3785 2076 3860">
     <span class='ocr_line' id='line_1_69' title="bbox 528 3785 2076 3860; baseline 0.003 -20"><span class='ocrx_word' id='word_1_523' title='bbox 528 3803 619 3854; x_wconf 84' lang='lat' dir='ltr'><strong><em>pse</em></strong></span> <span class='ocrx_word' id='word_1_524' title='bbox 652 3785 824 3840; x_wconf 82' lang='lat' dir='ltr'><strong><em>Filius</em></strong></span> <span class='ocrx_word' id='word_1_525' title='bbox 852 3789 1162 3856; x_wconf 80' lang='lat' dir='ltr'><strong><em>subjicietur</em></strong></span> <span class='ocrx_word' id='word_1_526' title='bbox 1192 3789 1362 3853; x_wconf 85' lang='lat' dir='ltr'><strong><em>l&#39;atri,</em></strong></span> <span class='ocrx_word' id='word_1_527' title='bbox 1393 3793 1482 3860; x_wconf 84' lang='lat' dir='ltr'><strong><em>qui</em></strong></span> <span class='ocrx_word' id='word_1_528' title='bbox 1506 3793 1604 3855; x_wconf 81' lang='lat' dir='ltr'><strong><em>ipsi</em></strong></span> <span class='ocrx_word' id='word_1_529' title='bbox 1635 3793 1849 3854; x_wconf 78' lang='lat' dir='ltr'><strong><em>subiecit</em></strong></span> <span class='ocrx_word' id='word_1_530' title='bbox 1879 3794 2076 3845; x_wconf 84' lang='lat' dir='ltr'><strong><em>omnia:</em></strong></span> 
     </span>
    </p>
   </div>
   <div class='ocr_carea' id='block_1_70' title="bbox 511 3877 2078 3944">
    <p class='ocr_par' dir='ltr' id='par_1_70' title="bbox 511 3877 2078 3944">
     <span class='ocr_line' id='line_1_70' title="bbox 511 3877 2078 3944; baseline 0.004 -16"><span class='ocrx_word' id='word_1_531' title='bbox 511 3886 566 3930; x_wconf 86' lang='lat' dir='ltr'><strong><em>ut</em></strong></span> <span class='ocrx_word' id='word_1_532' title='bbox 615 3877 751 3931; x_wconf 88' lang='lat' dir='ltr'><strong><em>Deus</em></strong></span> <span class='ocrx_word' id='word_1_533' title='bbox 803 3880 871 3931; x_wconf 88' lang='lat' dir='ltr'><strong><em>sit</em></strong></span> <span class='ocrx_word' id='word_1_534' title='bbox 909 3881 1084 3932; x_wconf 86' lang='lat' dir='ltr'><strong><em>omnia</em></strong></span> <span class='ocrx_word' id='word_1_535' title='bbox 1129 3883 1180 3934; x_wconf 87' lang='lat' dir='ltr'><strong><em>iu</em></strong></span> <span class='ocrx_word' id='word_1_536' title='bbox 1217 3885 1455 3934; x_wconf 77' lang='lat' dir='ltr'><strong><em>omnibus</em></strong></span> <span class='ocrx_word' id='word_1_537' title='bbox 1498 3883 1561 3935; x_wconf 80' lang='lat'><strong><em>&quot;.</em></strong></span> <span class='ocrx_word' id='word_1_538' title='bbox 1600 3883 1749 3944; x_wconf 91' lang='lat' dir='ltr'><strong><em>Illud,</em></strong></span> <span class='ocrx_word' id='word_1_539' title='bbox 1794 3883 1969 3934; x_wconf 80' lang='lat' dir='ltr'><strong><em>omnia</em></strong></span> <span class='ocrx_word' id='word_1_540' title='bbox 2023 3884 2078 3934; x_wconf 85' lang='lat' dir='ltr'><strong><em>in</em></strong></span> 
     </span>
    </p>
   </div>
   <div class='ocr_carea' id='block_1_71' title="bbox 514 3971 2077 4039">
    <p class='ocr_par' dir='ltr' id='par_1_71' title="bbox 514 3971 2077 4039">
     <span class='ocr_line' id='line_1_71' title="bbox 514 3971 2077 4039; baseline 0.006 -19"><span class='ocrx_word' id='word_1_541' title='bbox 514 3972 772 4031; x_wconf 83' lang='lat' dir='ltr'><strong><em>omnibus,</em></strong></span> <span class='ocrx_word' id='word_1_542' title='bbox 802 3987 906 4025; x_wconf 89' lang='lat' dir='ltr'><strong><em>non</em></strong></span> <span class='ocrx_word' id='word_1_543' title='bbox 934 3972 1202 4039; x_wconf 68' lang='lat' dir='ltr'><strong><em>intelligit.</em></strong></span> <span class='ocrx_word' id='word_1_544' title='bbox 1228 3971 1344 4026; x_wconf 89' lang='lat' dir='ltr'><strong><em>Non</em></strong></span> <span class='ocrx_word' id='word_1_545' title='bbox 1374 3977 1518 4027; x_wconf 82' lang='lat' dir='ltr'><strong><em>enim</em></strong></span> <span class='ocrx_word' id='word_1_546' title='bbox 1544 3975 1638 4035; x_wconf 87' lang='lat' dir='ltr'><strong><em>ait.</em></strong></span> <span class='ocrx_word' id='word_1_547' title='bbox 1666 3973 1830 4029; x_wconf 86' lang='lat' dir='ltr'><strong><em>Deum</em></strong></span> <span class='ocrx_word' id='word_1_548' title='bbox 1865 3977 1914 4028; x_wconf 93' lang='lat' dir='ltr'><strong><em>in</em></strong></span> <span class='ocrx_word' id='word_1_549' title='bbox 1942 3975 2077 4029; x_wconf 85' lang='lat' dir='ltr'><strong><em>Filio</em></strong></span> 
     </span>
    </p>
   </div>
   <div class='ocr_carea' id='block_1_72' title="bbox 513 4059 2079 4134">
    <p class='ocr_par' dir='ltr' id='par_1_72' title="bbox 513 4059 2079 4134">
     <span class='ocr_line' id='line_1_72' title="bbox 513 4059 2079 4134; baseline 0.008 -26"><span class='ocrx_word' id='word_1_550' title='bbox 513 4059 749 4113; x_wconf 88' lang='lat' dir='ltr'><strong><em>luturum</em></strong></span> <span class='ocrx_word' id='word_1_551' title='bbox 780 4063 981 4125; x_wconf 83' lang='lat' dir='ltr'><strong><em>omnia,</em></strong></span> <span class='ocrx_word' id='word_1_552' title='bbox 1032 4067 1126 4118; x_wconf 81' lang='lat' dir='ltr'><strong><em>sed</em></strong></span> <span class='ocrx_word' id='word_1_553' title='bbox 1160 4064 1212 4117; x_wconf 85' lang='lat' dir='ltr'><strong><em>iu</em></strong></span> <span class='ocrx_word' id='word_1_554' title='bbox 1237 4068 1510 4130; x_wconf 76' lang='lat' dir='ltr'><strong><em>omnibus;</em></strong></span> <span class='ocrx_word' id='word_1_555' title='bbox 1557 4068 1698 4134; x_wconf 87' lang='lat' dir='ltr'><strong><em>quod</em></strong></span> <span class='ocrx_word' id='word_1_556' title='bbox 1731 4069 1900 4134; x_wconf 75' lang='lat' dir='ltr'><strong><em>inagis</em></strong></span> <span class='ocrx_word' id='word_1_557' title='bbox 1930 4067 2079 4120; x_wconf 74' lang='lat' dir='ltr'><strong><em>vide-</em></strong></span> 
     </span>
    </p>
   </div>
   <div class='ocr_carea' id='block_1_73' title="bbox 514 4153 2075 4225">
    <p class='ocr_par' dir='ltr' id='par_1_73' title="bbox 514 4153 2075 4225">
     <span class='ocr_line' id='line_1_73' title="bbox 514 4153 2075 4225; baseline 0.006 -23"><span class='ocrx_word' id='word_1_558' title='bbox 514 4166 598 4204; x_wconf 66' lang='lat' dir='ltr'><strong><em>iur</em></strong></span> <span class='ocrx_word' id='word_1_559' title='bbox 671 4153 1015 4207; x_wconf 82' lang='lat' dir='ltr'><strong><em>coalitiouem</em></strong></span> <span class='ocrx_word' id='word_1_560' title='bbox 1092 4159 1380 4225; x_wconf 77' lang='lat' dir='ltr'><strong><em>quamdam</em></strong></span> <span class='ocrx_word' id='word_1_561' title='bbox 1447 4170 1500 4212; x_wconf 85' lang='lat' dir='ltr'><strong><em>et</em></strong></span> <span class='ocrx_word' id='word_1_562' title='bbox 1557 4163 2075 4214; x_wconf 81' lang='lat' dir='ltr'><strong><em>consummatimictu</em></strong></span> 
     </span>
    </p>
   </div>
   <div class='ocr_carea' id='block_1_74' title="bbox 507 4244 2076 4316">
    <p class='ocr_par' dir='ltr' id='par_1_74' title="bbox 507 4244 2076 4316">
     <span class='ocr_line' id='line_1_74' title="bbox 507 4244 2076 4316; baseline 0.004 -19"><span class='ocrx_word' id='word_1_563' title='bbox 507 4244 746 4298; x_wconf 86' lang='lat' dir='ltr'><strong><em>mnuium</em></strong></span> <span class='ocrx_word' id='word_1_564' title='bbox 799 4245 1126 4316; x_wconf 75' lang='lat' dir='ltr'><strong><em>signiﬁcare,</em></strong></span> <span class='ocrx_word' id='word_1_565' title='bbox 1163 4247 1208 4300; x_wconf 90' lang='lat' dir='ltr'><strong><em>si</em></strong></span> <span class='ocrx_word' id='word_1_566' title='bbox 1247 4249 1383 4302; x_wconf 83' lang='lat' dir='ltr'><strong><em>Deus</em></strong></span> <span class='ocrx_word' id='word_1_567' title='bbox 1420 4250 1493 4302; x_wconf 86' lang='lat' dir='ltr'><strong><em>sit</em></strong></span> <span class='ocrx_word' id='word_1_568' title='bbox 1539 4250 1748 4303; x_wconf 80' lang='lat' dir='ltr'><strong><em>futurus</em></strong></span> <span class='ocrx_word' id='word_1_569' title='bbox 1793 4253 1972 4303; x_wconf 86' lang='lat' dir='ltr'><strong><em>omnia</em></strong></span> <span class='ocrx_word' id='word_1_570' title='bbox 2025 4252 2076 4305; x_wconf 92' lang='lat' dir='ltr'><strong><em>iu</em></strong></span> 
     </span>
    </p>
   </div>
   <div class='ocr_carea' id='block_1_75' title="bbox 508 4336 2074 4406">
    <p class='ocr_par' dir='ltr' id='par_1_75' title="bbox 508 4336 2074 4406">
     <span class='ocr_line' id='line_1_75' title="bbox 508 4336 2074 4406; baseline 0.001 -16"><span class='ocrx_word' id='word_1_571' title='bbox 508 4336 760 4391; x_wconf 85' lang='lat' dir='ltr'><strong><em>omuilms</em></strong></span> <span class='ocrx_word' id='word_1_572' title='bbox 785 4354 799 4390; x_wconf 85' lang='lat'><strong>:</strong></span> <span class='ocrx_word' id='word_1_573' title='bbox 826 4338 1214 4406; x_wconf 74' lang='lat' dir='ltr'><strong><em>sulojectionem</em></strong></span> <span class='ocrx_word' id='word_1_574' title='bbox 1247 4353 1371 4392; x_wconf 87' lang='lat' dir='ltr'><strong><em>vero</em></strong></span> <span class='ocrx_word' id='word_1_575' title='bbox 1395 4338 1514 4392; x_wconf 86' lang='lat' dir='ltr'><strong><em>Filii</em></strong></span> <span class='ocrx_word' id='word_1_576' title='bbox 1545 4340 1797 4393; x_wconf 90' lang='lat' dir='ltr'><strong><em>unionem</em></strong></span> <span class='ocrx_word' id='word_1_577' title='bbox 1826 4339 2074 4406; x_wconf 81' lang='lat' dir='ltr'><strong><em>intelligit</em></strong></span> 
     </span>
    </p>
   </div>
   <div class='ocr_carea' id='block_1_76' title="bbox 511 4425 2076 4499">
    <p class='ocr_par' dir='ltr' id='par_1_76' title="bbox 511 4425 2076 4499">
     <span class='ocr_line' id='line_1_76' title="bbox 511 4425 2076 4499; baseline 0.003 -22"><span class='ocrx_word' id='word_1_578' title='bbox 511 4425 698 4491; x_wconf 81' lang='lat' dir='ltr'><strong><em>Verbi,</em></strong></span> <span class='ocrx_word' id='word_1_579' title='bbox 729 4438 782 4482; x_wconf 75' lang='lat' dir='ltr'><strong><em>et</em></strong></span> <span class='ocrx_word' id='word_1_580' title='bbox 814 4428 1224 4497; x_wconf 77' lang='lat' dir='ltr'><strong><em>interpretatur,</em></strong></span> <span class='ocrx_word' id='word_1_581' title='bbox 1251 4435 1308 4492; x_wconf 51' lang='grc' dir='ltr'>ὦ</span> <span class='ocrx_word' id='word_1_582' title='bbox 1334 4431 1423 4499; x_wconf 91' lang='lat' dir='ltr'><strong><em>qui</em></strong></span> <span class='ocrx_word' id='word_1_583' title='bbox 1480 4445 1620 4483; x_wconf 89' lang='lat' dir='ltr'><strong><em>unus</em></strong></span> <span class='ocrx_word' id='word_1_584' title='bbox 1659 4439 1714 4483; x_wconf 87' lang='lat' dir='ltr'><strong><em>et</em></strong></span> <span class='ocrx_word' id='word_1_585' title='bbox 1762 4429 1902 4483; x_wconf 84' lang='lat' dir='ltr'><strong><em>idem</em></strong></span> <span class='ocrx_word' id='word_1_586' title='bbox 1955 4443 2076 4482; x_wconf 88' lang='lat' dir='ltr'><strong><em>cum</em></strong></span> 
     </span>
    </p>
   </div>
   <div class='ocr_carea' id='block_1_77' title="bbox 2814 3164 3118 3227">
    <p class='ocr_par' dir='ltr' id='par_1_77' title="bbox 2814 3164 3118 3227">
     <span class='ocr_line' id='line_1_77' title="bbox 2814 3164 3118 3227; baseline 0.003 -2"><span class='ocrx_word' id='word_1_587' title='bbox 2814 3173 2974 3227; x_wconf 79' lang='grc' dir='ltr'><strong><em>ΚΕΦ.</em></strong></span> <span class='ocrx_word' id='word_1_588' title='bbox 3015 3164 3118 3226; x_wconf 76' lang='lat' dir='ltr'><strong><em>IE&#39;.</em></strong></span> 
     </span>
    </p>
   </div>
   <div class='ocr_carea' id='block_1_78' title="bbox 2178 3259 3759 3333">
    <p class='ocr_par' dir='ltr' id='par_1_78' title="bbox 2178 3259 3759 3333">
     <span class='ocr_line' id='line_1_78' title="bbox 2178 3259 3759 3333; baseline -0.004 -15"><span class='ocrx_word' id='word_1_589' title='bbox 2178 3263 2380 3330; x_wconf 77' lang='grc' dir='ltr'><em>Ὀπως</em></span> <span class='ocrx_word' id='word_1_590' title='bbox 2409 3264 2633 3333; x_wconf 75' lang='grc' dir='ltr'><em>εἴρηται</em></span> <span class='ocrx_word' id='word_1_591' title='bbox 2648 3261 2731 3333; x_wconf 77' lang='grc' dir='ltr'><em>τὰ</em></span> <span class='ocrx_word' id='word_1_592' title='bbox 2775 3261 2972 3315; x_wconf 83' lang='grc' dir='ltr'><em>πάντα</em></span> <span class='ocrx_word' id='word_1_593' title='bbox 2998 3261 3485 3332; x_wconf 82' lang='grc' dir='ltr'><em>ὑποταγήσεσθαι</em></span> <span class='ocrx_word' id='word_1_594' title='bbox 3526 3259 3605 3327; x_wconf 77' lang='grc' dir='ltr'><em>τῷ</em></span> <span class='ocrx_word' id='word_1_595' title='bbox 3646 3259 3759 3328; x_wconf 79' lang='grc' dir='ltr'><strong><em>Υιῷ</em></strong></span> 
     </span>
    </p>
   </div>
   <div class='ocr_carea' id='block_1_79' title="bbox 2249 3332 2912 3400">
    <p class='ocr_par' dir='ltr' id='par_1_79' title="bbox 2249 3332 2912 3400">
     <span class='ocr_line' id='line_1_79' title="bbox 2249 3332 2912 3400; baseline -0.006 -12"><span class='ocrx_word' id='word_1_596' title='bbox 2249 3338 2346 3388; x_wconf 76' lang='grc' dir='ltr'><em>καὶ</em></span> <span class='ocrx_word' id='word_1_597' title='bbox 2375 3332 2562 3388; x_wconf 79' lang='grc' dir='ltr'><em>αὑτὸν</em></span> <span class='ocrx_word' id='word_1_598' title='bbox 2592 3332 2671 3398; x_wconf 82' lang='grc' dir='ltr'><em>τῷ</em></span> <span class='ocrx_word' id='word_1_599' title='bbox 2709 3333 2912 3400; x_wconf 84' lang='grc' dir='ltr'><em>Πατρί.</em></span> 
     </span>
    </p>
   </div>
   <div class='ocr_carea' id='block_1_80' title="bbox 2249 3421 3756 3499">
    <p class='ocr_par' dir='ltr' id='par_1_80' title="bbox 2249 3421 3756 3499">
     <span class='ocr_line' id='line_1_80' title="bbox 2249 3421 3756 3499; baseline -0.005 -18"><span class='ocrx_word' id='word_1_600' title='bbox 2249 3428 2368 3499; x_wconf 85' lang='grc' dir='ltr'><strong><em>Χρὴ</em></strong></span> <span class='ocrx_word' id='word_1_601' title='bbox 2397 3426 2452 3479; x_wconf 78' lang='grc' dir='ltr'><em>δὲ</em></span> <span class='ocrx_word' id='word_1_602' title='bbox 2479 3426 2767 3496; x_wconf 82' lang='grc' dir='ltr'><em>ἐπιστῆσαι</em></span> <span class='ocrx_word' id='word_1_603' title='bbox 2805 3425 2896 3478; x_wconf 86' lang='grc' dir='ltr'><em>τὸν</em></span> <span class='ocrx_word' id='word_1_604' title='bbox 2925 3423 3076 3487; x_wconf 74' lang='grc' dir='ltr'><em>νοῦν,</em></span> <span class='ocrx_word' id='word_1_605' title='bbox 3112 3423 3188 3487; x_wconf 84' lang='grc' dir='ltr'><strong><em>ῶς</em></strong></span> <span class='ocrx_word' id='word_1_606' title='bbox 3215 3424 3309 3477; x_wconf 73' lang='grc' dir='ltr'><strong><em>καὶ</em></strong></span> <span class='ocrx_word' id='word_1_607' title='bbox 3350 3423 3499 3494; x_wconf 81' lang='grc' dir='ltr'><em>αὑτῷ</em></span> <span class='ocrx_word' id='word_1_608' title='bbox 3535 3421 3611 3494; x_wconf 80' lang='grc' dir='ltr'><em>τῷ</em></span> <span class='ocrx_word' id='word_1_609' title='bbox 3641 3422 3756 3494; x_wconf 80' lang='grc' dir='ltr'><strong><em>Υίῷ</em></strong></span> 
     </span>
    </p>
   </div>
   <div class='ocr_carea' id='block_1_81' title="bbox 2178 3515 3756 3588">
    <p class='ocr_par' dir='ltr' id='par_1_81' title="bbox 2178 3515 3756 3588">
     <span class='ocr_line' id='line_1_81' title="bbox 2178 3515 3756 3588; baseline -0.006 -14"><span class='ocrx_word' id='word_1_610' title='bbox 2178 3520 2246 3574; x_wconf 73' lang='grc' dir='ltr'><em>τὰ</em></span> <span class='ocrx_word' id='word_1_611' title='bbox 2291 3518 2466 3571; x_wconf 81' lang='grc' dir='ltr'><em>πάντα</em></span> <span class='ocrx_word' id='word_1_612' title='bbox 2503 3516 2940 3588; x_wconf 81' lang='grc' dir='ltr'><em>ὑποταγήσεσθαι</em></span> <span class='ocrx_word' id='word_1_613' title='bbox 2972 3519 3000 3569; x_wconf 93' lang='lat'><strong><em>6</em></strong></span> <span class='ocrx_word' id='word_1_614' title='bbox 3037 3515 3353 3579; x_wconf 86' lang='grc' dir='ltr'><em>Ἀπόστολος</em></span> <span class='ocrx_word' id='word_1_615' title='bbox 3383 3516 3506 3585; x_wconf 76' lang='grc' dir='ltr'><strong><em>ἔφη,</em></strong></span> <span class='ocrx_word' id='word_1_616' title='bbox 3549 3516 3643 3569; x_wconf 76' lang='grc' dir='ltr'><strong><em>καὶ</em></strong></span> <span class='ocrx_word' id='word_1_617' title='bbox 3679 3517 3756 3577; x_wconf 82' lang='grc' dir='ltr'><em>ὡς</em></span> 
     </span>
    </p>
   </div>
   <div class='ocr_carea' id='block_1_82' title="bbox 2177 3607 3757 3682">
    <p class='ocr_par' dir='ltr' id='par_1_82' title="bbox 2177 3607 3757 3682">
     <span class='ocr_line' id='line_1_82' title="bbox 2177 3607 3757 3682; baseline -0.003 -18"><span class='ocrx_word' id='word_1_618' title='bbox 2177 3615 2242 3682; x_wconf 82' lang='grc' dir='ltr'><em>τῇ</em></span> <span class='ocrx_word' id='word_1_619' title='bbox 2270 3612 2406 3681; x_wconf 74' lang='grc' dir='ltr'><em>αὐτῇ</em></span> <span class='ocrx_word' id='word_1_620' title='bbox 2437 3611 2680 3680; x_wconf 76' lang='grc' dir='ltr'><em>ὑποταγῇ</em></span> <span class='ocrx_word' id='word_1_621' title='bbox 2708 3610 2800 3661; x_wconf 73' lang='grc' dir='ltr'><strong><em>καὶ</em></strong></span> <span class='ocrx_word' id='word_1_622' title='bbox 2824 3607 2982 3661; x_wconf 78' lang='grc' dir='ltr'><em>αὑτὸν</em></span> <span class='ocrx_word' id='word_1_623' title='bbox 3011 3607 3450 3678; x_wconf 82' lang='grc' dir='ltr'><em>ὑποταγήσεσθαι</em></span> <span class='ocrx_word' id='word_1_624' title='bbox 3470 3607 3549 3678; x_wconf 84' lang='grc' dir='ltr'><em>τῷ</em></span> <span class='ocrx_word' id='word_1_625' title='bbox 3581 3607 3757 3678; x_wconf 65' lang='grc' dir='ltr'><em>Πατρὶ</em></span> 
     </span>
    </p>
   </div>
   <div class='ocr_carea' id='block_1_83' title="bbox 2177 3697 3754 3769">
    <p class='ocr_par' dir='ltr' id='par_1_83' title="bbox 2177 3697 3754 3769">
     <span class='ocr_line' id='line_1_83' title="bbox 2177 3697 3754 3769; baseline -0.003 -13"><span class='ocrx_word' id='word_1_626' title='bbox 2177 3703 2416 3756; x_wconf 74' lang='grc' dir='ltr'><em>διδάσκει</em></span> <span class='ocrx_word' id='word_1_627' title='bbox 2444 3702 2636 3769; x_wconf 82' lang='grc' dir='ltr'><em>λέγων,</em></span> <span class='ocrx_word' id='word_1_628' title='bbox 2667 3703 2842 3752; x_wconf 83' lang='grc' dir='ltr'><em>Ὅταν</em></span> <span class='ocrx_word' id='word_1_629' title='bbox 2872 3697 2940 3752; x_wconf 80' lang='grc' dir='ltr'><em>δὲ</em></span> <span class='ocrx_word' id='word_1_630' title='bbox 2964 3698 3031 3752; x_wconf 81' lang='grc' dir='ltr'><strong><em>τὰ</em></strong></span> <span class='ocrx_word' id='word_1_631' title='bbox 3055 3697 3251 3752; x_wconf 84' lang='grc' dir='ltr'><em>πάντα</em></span> <span class='ocrx_word' id='word_1_632' title='bbox 3277 3697 3436 3764; x_wconf 72' lang='grc' dir='ltr'><em>αὐτῷ</em></span> <span class='ocrx_word' id='word_1_633' title='bbox 3461 3697 3754 3768; x_wconf 78' lang='grc' dir='ltr'><em>ὑποταγῇ,</em></span> 
     </span>
    </p>
   </div>
   <div class='ocr_carea' id='block_1_84' title="bbox 2179 3788 3757 3857">
    <p class='ocr_par' dir='ltr' id='par_1_84' title="bbox 2179 3788 3757 3857">
     <span class='ocr_line' id='line_1_84' title="bbox 2179 3788 3757 3857; baseline -0.001 -13"><span class='ocrx_word' id='word_1_634' title='bbox 2179 3795 2311 3846; x_wconf 89' lang='grc' dir='ltr'><em>τότε</em></span> <span class='ocrx_word' id='word_1_635' title='bbox 2345 3791 2443 3845; x_wconf 78' lang='grc' dir='ltr'><em>καὶ</em></span> <span class='ocrx_word' id='word_1_636' title='bbox 2475 3789 2658 3856; x_wconf 80' lang='grc' dir='ltr'><em>αὐτὸς</em></span> <span class='ocrx_word' id='word_1_637' title='bbox 2689 3793 2722 3842; x_wconf 88' lang='grc' dir='ltr'><strong><em>ό</em></strong></span> <span class='ocrx_word' id='word_1_638' title='bbox 2765 3789 2895 3854; x_wconf 78' lang='grc' dir='ltr'><em>Υἱὸς</em></span> <span class='ocrx_word' id='word_1_639' title='bbox 2941 3789 3383 3857; x_wconf 74' lang='grc' dir='ltr'><em>ὑποταγήσεται</em></span> <span class='ocrx_word' id='word_1_640' title='bbox 3424 3788 3505 3854; x_wconf 85' lang='grc' dir='ltr'><em>τῷ</em></span> <span class='ocrx_word' id='word_1_641' title='bbox 3542 3788 3757 3843; x_wconf 54' lang='grc' dir='ltr'><em>ὑποτάθ</em></span> 
     </span>
    </p>
   </div>
   <div class='ocr_carea' id='block_1_85' title="bbox 2179 3875 3758 3951">
    <p class='ocr_par' dir='ltr' id='par_1_85' title="bbox 2179 3875 3758 3951">
     <span class='ocr_line' id='line_1_85' title="bbox 2179 3875 3758 3951; baseline -0.003 -15"><span class='ocrx_word' id='word_1_642' title='bbox 2179 3883 2347 3947; x_wconf 75' lang='grc' dir='ltr'><em>ξαντι</em></span> <span class='ocrx_word' id='word_1_643' title='bbox 2379 3882 2538 3946; x_wconf 81' lang='grc' dir='ltr'><em>αὐτῷ</em></span> <span class='ocrx_word' id='word_1_644' title='bbox 2571 3881 2642 3934; x_wconf 80' lang='grc' dir='ltr'><em>τὰ</em></span> <span class='ocrx_word' id='word_1_645' title='bbox 2672 3879 2894 3933; x_wconf 77' lang='grc' dir='ltr'><em>πάντα·</em></span> <span class='ocrx_word' id='word_1_646' title='bbox 2929 3881 3028 3934; x_wconf 83' lang='grc' dir='ltr'><em>ἵνα</em></span> <span class='ocrx_word' id='word_1_647' title='bbox 3053 3875 3092 3951; x_wconf 79' lang='grc' dir='ltr'><em>ᾖ</em></span> <span class='ocrx_word' id='word_1_648' title='bbox 3125 3884 3157 3932; x_wconf 82' lang='grc' dir='ltr'><strong><em>ό</em></strong></span> <span class='ocrx_word' id='word_1_649' title='bbox 3191 3881 3335 3946; x_wconf 77' lang='grc' dir='ltr'><em>Θεὸς</em></span> <span class='ocrx_word' id='word_1_650' title='bbox 3361 3879 3432 3933; x_wconf 88' lang='grc' dir='ltr'><strong><em>τὰ</em></strong></span> <span class='ocrx_word' id='word_1_651' title='bbox 3466 3880 3662 3934; x_wconf 83' lang='grc' dir='ltr'><em>πάντα</em></span> <span class='ocrx_word' id='word_1_652' title='bbox 3685 3882 3758 3934; x_wconf 81' lang='grc' dir='ltr'><em>ἐν</em></span> 
     </span>
    </p>
   </div>
   <div class='ocr_carea' id='block_1_86' title="bbox 2179 3970 3756 4043">
    <p class='ocr_par' dir='ltr' id='par_1_86' title="bbox 2179 3970 3756 4043">
     <span class='ocr_line' id='line_1_86' title="bbox 2179 3970 3756 4043; baseline -0.001 -16"><span class='ocrx_word' id='word_1_653' title='bbox 2179 3975 2386 4030; x_wconf 82' lang='grc' dir='ltr'><em>πᾶσιν.</em></span> <span class='ocrx_word' id='word_1_654' title='bbox 2413 3970 2541 4027; x_wconf 74' lang='grc' dir='ltr'><em>Εἶτα</em></span> <span class='ocrx_word' id='word_1_655' title='bbox 2570 3972 2662 4026; x_wconf 81' lang='grc' dir='ltr'><em>τοῦ</em></span> <span class='ocrx_word' id='word_1_656' title='bbox 2696 3973 2793 4043; x_wconf 85' lang='grc' dir='ltr'><strong><em>μὲν</em></strong></span> <span class='ocrx_word' id='word_1_657' title='bbox 2823 3970 3017 4026; x_wconf 83' lang='grc' dir='ltr'><em>πάντα</em></span> <span class='ocrx_word' id='word_1_658' title='bbox 3045 3973 3112 4024; x_wconf 72' lang='grc' dir='ltr'><em>ἐν</em></span> <span class='ocrx_word' id='word_1_659' title='bbox 3127 3971 3316 4025; x_wconf 82' lang='grc' dir='ltr'><em>πᾶσιν</em></span> <span class='ocrx_word' id='word_1_660' title='bbox 3337 3973 3436 4025; x_wconf 83' lang='grc' dir='ltr'><em>οὑκ</em></span> <span class='ocrx_word' id='word_1_661' title='bbox 3464 3971 3671 4025; x_wconf 70' lang='grc' dir='ltr'><em>ἀκούεισ</em></span> <span class='ocrx_word' id='word_1_662' title='bbox 3690 3972 3756 4026; x_wconf 82' lang='grc' dir='ltr'><strong><em>οὑ</em></strong></span> 
     </span>
    </p>
   </div>
   <div class='ocr_carea' id='block_1_87' title="bbox 2178 4063 3754 4138">
    <p class='ocr_par' dir='ltr' id='par_1_87' title="bbox 2178 4063 3754 4138">
     <span class='ocr_line' id='line_1_87' title="bbox 2178 4063 3754 4138; baseline 0 -19"><span class='ocrx_word' id='word_1_663' title='bbox 2178 4067 2286 4138; x_wconf 84' lang='grc' dir='ltr'><em>γὰρ</em></span> <span class='ocrx_word' id='word_1_664' title='bbox 2328 4068 2385 4118; x_wconf 83' lang='grc' dir='ltr'><em>ὲν</em></span> <span class='ocrx_word' id='word_1_665' title='bbox 2428 4065 2504 4136; x_wconf 81' lang='grc' dir='ltr'><em>τῷ</em></span> <span class='ocrx_word' id='word_1_666' title='bbox 2537 4065 2650 4136; x_wconf 80' lang='grc' dir='ltr'><strong><em>Υἱῲ</em></strong></span> <span class='ocrx_word' id='word_1_667' title='bbox 2691 4081 2822 4136; x_wconf 78' lang='grc' dir='ltr'><em>φησι</em></span> <span class='ocrx_word' id='word_1_668' title='bbox 2848 4064 2920 4118; x_wconf 84' lang='grc' dir='ltr'><em>τὰ</em></span> <span class='ocrx_word' id='word_1_669' title='bbox 2957 4063 3149 4117; x_wconf 83' lang='grc' dir='ltr'><em>πάντα</em></span> <span class='ocrx_word' id='word_1_670' title='bbox 3199 4065 3414 4118; x_wconf 80' lang='grc' dir='ltr'><em>ἔσεσθαι</em></span> <span class='ocrx_word' id='word_1_671' title='bbox 3463 4066 3556 4119; x_wconf 81' lang='grc' dir='ltr'><em>τὸν</em></span> <span class='ocrx_word' id='word_1_672' title='bbox 3596 4064 3754 4129; x_wconf 73' lang='grc' dir='ltr'><em>Θεὸν,</em></span> 
     </span>
    </p>
   </div>
   <div class='ocr_carea' id='block_1_88' title="bbox 2178 4156 3755 4228">
    <p class='ocr_par' dir='ltr' id='par_1_88' title="bbox 2178 4156 3755 4228">
     <span class='ocr_line' id='line_1_88' title="bbox 2178 4156 3755 4228; baseline -0.001 -17"><span class='ocrx_word' id='word_1_673' title='bbox 2178 4159 2292 4212; x_wconf 77' lang='grc' dir='ltr'><em>ἀλλ’</em></span> <span class='ocrx_word' id='word_1_674' title='bbox 2324 4159 2394 4211; x_wconf 86' lang='grc' dir='ltr'><em>ἐν</em></span> <span class='ocrx_word' id='word_1_675' title='bbox 2424 4156 2647 4210; x_wconf 74' lang='grc' dir='ltr'><em>πιῖσινο</em></span> <span class='ocrx_word' id='word_1_676' title='bbox 2703 4158 2839 4226; x_wconf 78' lang='grc' dir='ltr'><em>ὅπερ</em></span> <span class='ocrx_word' id='word_1_677' title='bbox 2881 4157 3079 4226; x_wconf 79' lang='grc' dir='ltr'><em>μᾶλλον</em></span> <span class='ocrx_word' id='word_1_678' title='bbox 3131 4157 3306 4220; x_wconf 78' lang='grc' dir='ltr'><em>ἔδοξεν</em></span> <span class='ocrx_word' id='word_1_679' title='bbox 3344 4157 3410 4210; x_wconf 83' lang='grc' dir='ltr'><em>ἂν</em></span> <span class='ocrx_word' id='word_1_680' title='bbox 3458 4159 3755 4228; x_wconf 63' lang='grc' dir='ltr'><em>συνάφειάν</em></span> 
     </span>
    </p>
   </div>
   <div class='ocr_carea' id='block_1_89' title="bbox 2179 4248 3752 4318">
    <p class='ocr_par' dir='ltr' id='par_1_89' title="bbox 2179 4248 3752 4318">
     <span class='ocr_line' id='line_1_89' title="bbox 2179 4248 3752 4318; baseline 0.001 -15"><span class='ocrx_word' id='word_1_681' title='bbox 2179 4267 2298 4303; x_wconf 87' lang='grc' dir='ltr'><em>τινα</em></span> <span class='ocrx_word' id='word_1_682' title='bbox 2345 4250 2559 4303; x_wconf 81' lang='grc' dir='ltr'><em>πάντων</em></span> <span class='ocrx_word' id='word_1_683' title='bbox 2607 4249 2701 4300; x_wconf 72' lang='grc' dir='ltr'><strong><em>καὶ</em></strong></span> <span class='ocrx_word' id='word_1_684' title='bbox 2744 4248 2936 4301; x_wconf 76' lang='grc' dir='ltr'><em>ἕνωσιν</em></span> <span class='ocrx_word' id='word_1_685' title='bbox 2975 4249 3297 4318; x_wconf 76' lang='grc' dir='ltr'><em>σημαίνειν,</em></span> <span class='ocrx_word' id='word_1_686' title='bbox 3353 4251 3400 4302; x_wconf 79' lang='grc' dir='ltr'><strong><em>εί</em></strong></span> <span class='ocrx_word' id='word_1_687' title='bbox 3447 4249 3621 4304; x_wconf 81' lang='grc' dir='ltr'><em>πάντα</em></span> <span class='ocrx_word' id='word_1_688' title='bbox 3672 4251 3752 4317; x_wconf 78' lang='lat'><strong><em>(5)</em></strong></span> 
     </span>
    </p>
   </div>
   <div class='ocr_carea' id='block_1_90' title="bbox 2181 4336 3753 4414">
    <p class='ocr_par' dir='ltr' id='par_1_90' title="bbox 2181 4336 3753 4414">
     <span class='ocr_line' id='line_1_90' title="bbox 2181 4336 3753 4414; baseline 0.002 -21"><span class='ocrx_word' id='word_1_689' title='bbox 2181 4343 2361 4412; x_wconf 79' lang='grc' dir='ltr'><strong><em>μέλλοι</em></strong></span> <span class='ocrx_word' id='word_1_690' title='bbox 2411 4344 2440 4394; x_wconf 89' lang='lat'><strong><em>6</em></strong></span> <span class='ocrx_word' id='word_1_691' title='bbox 2480 4341 2612 4404; x_wconf 78' lang='grc' dir='ltr'><em>Θεὸς</em></span> <span class='ocrx_word' id='word_1_692' title='bbox 2657 4343 2714 4392; x_wconf 84' lang='grc' dir='ltr'><em>ὲν</em></span> <span class='ocrx_word' id='word_1_693' title='bbox 2747 4341 2910 4393; x_wconf 78' lang='grc' dir='ltr'><em>πᾶσιν</em></span> <span class='ocrx_word' id='word_1_694' title='bbox 2939 4336 3098 4393; x_wconf 84' lang='grc' dir='ltr'><em>εἶναι.</em></span> <span class='ocrx_word' id='word_1_695' title='bbox 3133 4339 3242 4410; x_wconf 79' lang='grc' dir='ltr'><strong><em>Τὴν</em></strong></span> <span class='ocrx_word' id='word_1_696' title='bbox 3282 4341 3325 4393; x_wconf 74' lang='grc' dir='ltr'><em>δ’</em></span> <span class='ocrx_word' id='word_1_697' title='bbox 3356 4341 3633 4414; x_wconf 82' lang='grc' dir='ltr'><em>ὑποταγὴν</em></span> <span class='ocrx_word' id='word_1_698' title='bbox 3659 4342 3753 4396; x_wconf 78' lang='grc' dir='ltr'><em>τοῦ</em></span> 
     </span>
    </p>
   </div>
   <div class='ocr_carea' id='block_1_91' title="bbox 2178 4430 3752 4502">
    <p class='ocr_par' dir='ltr' id='par_1_91' title="bbox 2178 4430 3752 4502">
     <span class='ocr_line' id='line_1_91' title="bbox 2178 4430 3752 4502; baseline -0.001 -18"><span class='ocrx_word' id='word_1_699' title='bbox 2178 4431 2308 4484; x_wconf 83' lang='grc' dir='ltr'><strong><em>Υἱοῦ</em></strong></span> <span class='ocrx_word' id='word_1_700' title='bbox 2342 4432 2534 4484; x_wconf 70' lang='grc' dir='ltr'><em>ἕνωσιν</em></span> <span class='ocrx_word' id='word_1_701' title='bbox 2563 4431 2852 4502; x_wconf 75' lang='grc' dir='ltr'><em>ἑρμηνεὺει</em></span> <span class='ocrx_word' id='word_1_702' title='bbox 2881 4430 2974 4484; x_wconf 77' lang='grc' dir='ltr'><em>τοῦ</em></span> <span class='ocrx_word' id='word_1_703' title='bbox 3023 4430 3218 4498; x_wconf 85' lang='grc' dir='ltr'><em>Λόγου,</em></span> <span class='ocrx_word' id='word_1_704' title='bbox 3245 4430 3302 4484; x_wconf 83' lang='grc' dir='ltr'><em>ἓν</em></span> <span class='ocrx_word' id='word_1_705' title='bbox 3332 4432 3420 4485; x_wconf 69' lang='grc' dir='ltr'><strong><em>καὶ</em></strong></span> <span class='ocrx_word' id='word_1_706' title='bbox 3451 4435 3527 4502; x_wconf 64' lang='grc' dir='ltr'><strong><em>(ί)</em></strong></span> <span class='ocrx_word' id='word_1_707' title='bbox 3555 4433 3752 4486; x_wconf 74' lang='grc' dir='ltr'><em>ταύτὸν</em></span> 
     </span>
    </p>
   </div>
   <div class='ocr_carea' id='block_1_92' title="bbox 507 4517 2070 4596">
    <p class='ocr_par' dir='ltr' id='par_1_92' title="bbox 507 4517 2070 4590">
     <span class='ocr_line' id='line_1_92' title="bbox 507 4517 2070 4590; baseline 0.001 -20"><span class='ocrx_word' id='word_1_708' title='bbox 507 4517 668 4573; x_wconf 73' lang='lat' dir='ltr'><strong><em>Putre</em></strong></span> <span class='ocrx_word' id='word_1_709' title='bbox 695 4518 904 4572; x_wconf 79' lang='lat' dir='ltr'><strong><em>futurus</em></strong></span> <span class='ocrx_word' id='word_1_710' title='bbox 937 4530 1070 4580; x_wconf 86' lang='lat' dir='ltr'><strong><em>erat,</em></strong></span> <span class='ocrx_word' id='word_1_711' title='bbox 1118 4522 1191 4574; x_wconf 89' lang='lat' dir='ltr'><strong><em>uti</em></strong></span> <span class='ocrx_word' id='word_1_712' title='bbox 1235 4535 1288 4574; x_wconf 86' lang='lat' dir='ltr'><strong><em>et</em></strong></span> <span class='ocrx_word' id='word_1_713' title='bbox 1335 4524 1482 4590; x_wconf 87' lang='lat' dir='ltr'><strong><em>prius</em></strong></span> <span class='ocrx_word' id='word_1_714' title='bbox 1519 4522 1715 4575; x_wconf 79' lang='lat' dir='ltr'><strong><em>fuerat.</em></strong></span> <span class='ocrx_word' id='word_1_715' title='bbox 1747 4522 1897 4588; x_wconf 87' lang='lat' dir='ltr'><strong><em>Quod</em></strong></span> <span class='ocrx_word' id='word_1_716' title='bbox 1929 4520 1974 4574; x_wconf 89' lang='lat' dir='ltr'><strong><em>si</em></strong></span> <span class='ocrx_word' id='word_1_717' title='bbox 2001 4521 2070 4571; x_wconf 86' lang='lat' dir='ltr'><strong><em>ita</em></strong></span> 
     </span>
    </p>
   </div>
   <div class='ocr_carea' id='block_1_93' title="bbox 2173 4517 3754 4596">
    <p class='ocr_par' dir='ltr' id='par_1_93' title="bbox 2175 4521 3754 4596">
     <span class='ocr_line' id='line_1_93' title="bbox 2175 4521 3754 4596; baseline -0.001 -19"><span class='ocrx_word' id='word_1_718' title='bbox 2175 4525 2539 4596; x_wconf 76' lang='grc' dir='ltr'><em>γενησομένου</em></span> <span class='ocrx_word' id='word_1_719' title='bbox 2576 4525 2654 4595; x_wconf 80' lang='grc' dir='ltr'><em>τῷ</em></span> <span class='ocrx_word' id='word_1_720' title='bbox 2684 4524 2856 4595; x_wconf 63' lang='lat' dir='ltr'><strong><em>[largi</em></strong></span> <span class='ocrx_word' id='word_1_721' title='bbox 2883 4523 3006 4577; x_wconf 77' lang='grc' dir='ltr'><strong><em>καθ’</em></strong></span> <span class='ocrx_word' id='word_1_722' title='bbox 3039 4523 3075 4576; x_wconf 80' lang='grc' dir='ltr'>ἃ</span> <span class='ocrx_word' id='word_1_723' title='bbox 3120 4526 3213 4577; x_wconf 78' lang='grc' dir='ltr'><strong><em>καὶ</em></strong></span> <span class='ocrx_word' id='word_1_724' title='bbox 3245 4527 3509 4595; x_wconf 85' lang='grc' dir='ltr'><em>πρότερον</em></span> <span class='ocrx_word' id='word_1_725' title='bbox 3553 4521 3640 4596; x_wconf 82' lang='grc' dir='ltr'><em>ἦν,</em></span> <span class='ocrx_word' id='word_1_726' title='bbox 3675 4525 3754 4588; x_wconf 85' lang='grc' dir='ltr'><em>ὡς</em></span> 
     </span>
    </p>
   </div>
   <div class='ocr_carea' id='block_1_94' title="bbox 510 4609 2070 4677">
    <p class='ocr_par' dir='ltr' id='par_1_94' title="bbox 510 4609 2070 4677">
     <span class='ocr_line' id='line_1_94' title="bbox 510 4609 2070 4677; baseline 0.001 -17"><span class='ocrx_word' id='word_1_727' title='bbox 510 4609 634 4662; x_wconf 71' lang='lat' dir='ltr'><strong><em>velit</em></strong></span> <span class='ocrx_word' id='word_1_728' title='bbox 660 4609 1053 4677; x_wconf 82' lang='lat' dir='ltr'><strong><em>subjectiooem</em></strong></span> <span class='ocrx_word' id='word_1_729' title='bbox 1104 4610 1250 4666; x_wconf 77' lang='lat' dir='ltr'><strong><em>Patri</em></strong></span> <span class='ocrx_word' id='word_1_730' title='bbox 1282 4629 1402 4668; x_wconf 82' lang='lat' dir='ltr'><strong><em>esse</em></strong></span> <span class='ocrx_word' id='word_1_731' title='bbox 1431 4630 1552 4669; x_wconf 88' lang='lat' dir='ltr'><strong><em>cum</em></strong></span> <span class='ocrx_word' id='word_1_732' title='bbox 1603 4613 1760 4667; x_wconf 83' lang='lat' dir='ltr'><strong><em>Patre</em></strong></span> <span class='ocrx_word' id='word_1_733' title='bbox 1795 4612 2070 4675; x_wconf 85' lang='lat' dir='ltr'><strong><em>unionem,</em></strong></span> 
     </span>
    </p>
   </div>
   <div class='ocr_carea' id='block_1_95' title="bbox 505 4705 2068 4774">
    <p class='ocr_par' dir='ltr' id='par_1_95' title="bbox 505 4705 2068 4774">
     <span class='ocr_line' id='line_1_95' title="bbox 505 4705 2068 4774; baseline -0.002 -17"><span class='ocrx_word' id='word_1_734' title='bbox 505 4706 813 4757; x_wconf 82' lang='lat' dir='ltr'><strong><em>necessario</em></strong></span> <span class='ocrx_word' id='word_1_735' title='bbox 835 4714 890 4758; x_wconf 85' lang='lat' dir='ltr'><strong><em>et</em></strong></span> <span class='ocrx_word' id='word_1_736' title='bbox 929 4705 1014 4758; x_wconf 85' lang='lat' dir='ltr'><strong><em>illa</em></strong></span> <span class='ocrx_word' id='word_1_737' title='bbox 1061 4707 1302 4759; x_wconf 87' lang='lat' dir='ltr'><strong><em>omnium</em></strong></span> <span class='ocrx_word' id='word_1_738' title='bbox 1344 4706 1608 4774; x_wconf 75' lang='lat' dir='ltr'><strong><em>Subjectio</em></strong></span> <span class='ocrx_word' id='word_1_739' title='bbox 1652 4705 1788 4758; x_wconf 85' lang='lat' dir='ltr'><strong><em>Filio</em></strong></span> <span class='ocrx_word' id='word_1_740' title='bbox 1818 4706 2068 4757; x_wconf 86' lang='lat' dir='ltr'><strong><em>unionem</em></strong></span> 
     </span>
    </p>
   </div>
   <div class='ocr_carea' id='block_1_96' title="bbox 503 4794 2070 4866">
    <p class='ocr_par' dir='ltr' id='par_1_96' title="bbox 503 4794 2070 4866">
     <span class='ocr_line' id='line_1_96' title="bbox 503 4794 2070 4866; baseline -0.002 -18"><span class='ocrx_word' id='word_1_741' title='bbox 503 4809 626 4848; x_wconf 88' lang='lat' dir='ltr'><strong><em>cum</em></strong></span> <span class='ocrx_word' id='word_1_742' title='bbox 686 4794 824 4848; x_wconf 83' lang='lat' dir='ltr'><strong><em>Filio</em></strong></span> <span class='ocrx_word' id='word_1_743' title='bbox 867 4797 1097 4849; x_wconf 89' lang='lat' dir='ltr'><strong><em>similem</em></strong></span> <span class='ocrx_word' id='word_1_744' title='bbox 1151 4798 1614 4866; x_wconf 67' lang='lat' dir='ltr'><strong><em>signiticabitnut</em></strong></span> <span class='ocrx_word' id='word_1_745' title='bbox 1676 4811 1848 4864; x_wconf 81' lang='lat' dir='ltr'><strong><em>neque</em></strong></span> <span class='ocrx_word' id='word_1_746' title='bbox 1903 4796 2070 4850; x_wconf 85' lang='lat' dir='ltr'><strong><em>Filius</em></strong></span> 
     </span>
    </p>
   </div>
   <div class='ocr_carea' id='block_1_97' title="bbox 503 4885 2065 4956">
    <p class='ocr_par' dir='ltr' id='par_1_97' title="bbox 503 4885 2065 4956">
     <span class='ocr_line' id='line_1_97' title="bbox 503 4885 2065 4956; baseline -0.003 -17"><span class='ocrx_word' id='word_1_747' title='bbox 503 4888 680 4942; x_wconf 83' lang='lat' dir='ltr'><strong><em>adhuc</em></strong></span> <span class='ocrx_word' id='word_1_748' title='bbox 713 4886 943 4954; x_wconf 82' lang='lat' dir='ltr'><strong><em>atnplius</em></strong></span> <span class='ocrx_word' id='word_1_749' title='bbox 964 4903 1056 4956; x_wconf 90' lang='lat' dir='ltr'><strong><em>per</em></strong></span> <span class='ocrx_word' id='word_1_750' title='bbox 1085 4903 1144 4941; x_wconf 82' lang='lat' dir='ltr'><strong><em>se</em></strong></span> <span class='ocrx_word' id='word_1_751' title='bbox 1169 4891 1241 4942; x_wconf 85' lang='lat' dir='ltr'><strong><em>sit</em></strong></span> <span class='ocrx_word' id='word_1_752' title='bbox 1277 4912 1286 4943; x_wconf 89' lang='lat'><em>:</em></span> <span class='ocrx_word' id='word_1_753' title='bbox 1315 4891 1407 4942; x_wconf 86' lang='lat' dir='ltr'><strong><em>sed</em></strong></span> <span class='ocrx_word' id='word_1_754' title='bbox 1441 4905 1538 4942; x_wconf 86' lang='lat' dir='ltr'><strong><em>nec</em></strong></span> <span class='ocrx_word' id='word_1_755' title='bbox 1584 4887 1683 4956; x_wconf 86' lang='lat' dir='ltr'><strong><em>ipsi</em></strong></span> <span class='ocrx_word' id='word_1_756' title='bbox 1731 4885 2065 4956; x_wconf 82' lang='lat' dir='ltr'><strong><em>subjicienda</em></strong></span> 
     </span>
    </p>
   </div>
   <div class='ocr_carea' id='block_1_98' title="bbox 502 4977 2064 5046">
    <p class='ocr_par' dir='ltr' id='par_1_98' title="bbox 502 4977 2064 5046">
     <span class='ocr_line' id='line_1_98' title="bbox 502 4977 2064 5046; baseline -0.001 -17"><span class='ocrx_word' id='word_1_757' title='bbox 502 4977 879 5031; x_wconf 76' lang='lat' dir='ltr'><strong><em>salvandorum</em></strong></span> <span class='ocrx_word' id='word_1_758' title='bbox 920 4978 1207 5031; x_wconf 87' lang='lat' dir='ltr'><strong><em>multitudo</em></strong></span> <span class='ocrx_word' id='word_1_759' title='bbox 1235 4995 1330 5046; x_wconf 89' lang='lat' dir='ltr'><strong><em>per</em></strong></span> <span class='ocrx_word' id='word_1_760' title='bbox 1356 4995 1413 5033; x_wconf 90' lang='lat' dir='ltr'><strong><em>se</em></strong></span> <span class='ocrx_word' id='word_1_761' title='bbox 1448 4981 1730 5041; x_wconf 87' lang='lat' dir='ltr'><strong><em>subsistat,</em></strong></span> <span class='ocrx_word' id='word_1_762' title='bbox 1776 4988 1868 5030; x_wconf 86' lang='lat' dir='ltr'><strong><em>aut</em></strong></span> <span class='ocrx_word' id='word_1_763' title='bbox 1911 4992 2064 5028; x_wconf 86' lang='lat' dir='ltr'><strong><em>suam</em></strong></span> 
     </span>
    </p>
   </div>
   <div class='ocr_carea' id='block_1_99' title="bbox 503 5068 2068 5136">
    <p class='ocr_par' dir='ltr' id='par_1_99' title="bbox 503 5068 2068 5136">
     <span class='ocr_line' id='line_1_99' title="bbox 503 5068 2068 5136; baseline -0.001 -15"><span class='ocrx_word' id='word_1_764' title='bbox 503 5068 772 5136; x_wconf 64' lang='lat' dir='ltr'><strong><em>i.ropriam</em></strong></span> <span class='ocrx_word' id='word_1_765' title='bbox 801 5069 966 5123; x_wconf 80' lang='lat' dir='ltr'><strong><em>vitam</em></strong></span> <span class='ocrx_word' id='word_1_766' title='bbox 996 5070 1138 5124; x_wconf 77' lang='lat' dir='ltr'><strong><em>vivat</em></strong></span> <span class='ocrx_word' id='word_1_767' title='bbox 1164 5087 1178 5125; x_wconf 89' lang='lat'><strong>:</strong></span> <span class='ocrx_word' id='word_1_768' title='bbox 1210 5071 1303 5125; x_wconf 88' lang='lat' dir='ltr'><strong><em>sed</em></strong></span> <span class='ocrx_word' id='word_1_769' title='bbox 1333 5081 1390 5124; x_wconf 91' lang='lat' dir='ltr'><strong><em>ut</em></strong></span> <span class='ocrx_word' id='word_1_770' title='bbox 1424 5071 1516 5124; x_wconf 80' lang='lat' dir='ltr'><strong><em>fiat</em></strong></span> <span class='ocrx_word' id='word_1_771' title='bbox 1554 5070 1800 5125; x_wconf 83' lang='lat' dir='ltr'><strong><em>conlusio</em></strong></span> <span class='ocrx_word' id='word_1_772' title='bbox 1828 5077 1880 5122; x_wconf 90' lang='lat' dir='ltr'><strong><em>et</em></strong></span> <span class='ocrx_word' id='word_1_773' title='bbox 1908 5069 2068 5122; x_wconf 89' lang='lat' dir='ltr'><strong><em>co.di-</em></strong></span> 
     </span>
    </p>
   </div>
   <div class='ocr_carea' id='block_1_100' title="bbox 2175 4613 3752 4687">
    <p class='ocr_par' dir='ltr' id='par_1_100' title="bbox 2175 4613 3752 4687">
     <span class='ocr_line' id='line_1_100' title="bbox 2175 4613 3752 4687; baseline -0.001 -17"><span class='ocrx_word' id='word_1_774' title='bbox 2175 4618 2334 4680; x_wconf 70' lang='grc' dir='ltr'><em>αὐτὸς</em></span> <span class='ocrx_word' id='word_1_775' title='bbox 2361 4617 2482 4686; x_wconf 74' lang='grc' dir='ltr'><strong><em>ἔφη.</em></strong></span> <span class='ocrx_word' id='word_1_776' title='bbox 2520 4618 2582 4668; x_wconf 81' lang='lat' dir='ltr'><strong><em>El</em></strong></span> <span class='ocrx_word' id='word_1_777' title='bbox 2614 4617 2792 4669; x_wconf 81' lang='grc' dir='ltr'><em>τοίνυν</em></span> <span class='ocrx_word' id='word_1_778' title='bbox 2824 4617 3016 4670; x_wconf 75' lang='grc' dir='ltr'><em>ἕνωσιν</em></span> <span class='ocrx_word' id='word_1_779' title='bbox 3045 4613 3180 4670; x_wconf 82' lang='grc' dir='ltr'><em>εἶναι</em></span> <span class='ocrx_word' id='word_1_780' title='bbox 3214 4617 3312 4686; x_wconf 75' lang='grc' dir='ltr'><em>τὴν</em></span> <span class='ocrx_word' id='word_1_781' title='bbox 3347 4617 3623 4687; x_wconf 82' lang='grc' dir='ltr'><em>ὑποταγὴν</em></span> <span class='ocrx_word' id='word_1_782' title='bbox 3653 4616 3752 4686; x_wconf 77' lang='grc' dir='ltr'><em>τὴν</em></span> 
     </span>
    </p>
   </div>
   <div class='ocr_carea' id='block_1_101' title="bbox 2173 4703 3751 4775">
    <p class='ocr_par' dir='ltr' id='par_1_101' title="bbox 2173 4703 3751 4775">
     <span class='ocr_line' id='line_1_101' title="bbox 2173 4703 3751 4775; baseline -0.001 -18"><span class='ocrx_word' id='word_1_783' title='bbox 2173 4706 2309 4774; x_wconf 80' lang='grc' dir='ltr'><em>πρὸς</em></span> <span class='ocrx_word' id='word_1_784' title='bbox 2336 4706 2425 4758; x_wconf 69' lang='grc' dir='ltr'><em>τὸν</em></span> <span class='ocrx_word' id='word_1_785' title='bbox 2451 4705 2669 4774; x_wconf 79' lang='grc' dir='ltr'><em>Πατέρα</em></span> <span class='ocrx_word' id='word_1_786' title='bbox 2701 4704 2960 4774; x_wconf 81' lang='grc' dir='ltr'><em>ὁρίζεται,</em></span> <span class='ocrx_word' id='word_1_787' title='bbox 2989 4704 3280 4757; x_wconf 80' lang='grc' dir='ltr'><em>ἀκόλουθον</em></span> <span class='ocrx_word' id='word_1_788' title='bbox 3307 4703 3371 4757; x_wconf 79' lang='grc' dir='ltr'><em>ἂν</em></span> <span class='ocrx_word' id='word_1_789' title='bbox 3416 4704 3500 4775; x_wconf 80' lang='grc' dir='ltr'><strong><em>εἴη</em></strong></span> <span class='ocrx_word' id='word_1_790' title='bbox 3528 4704 3622 4758; x_wconf 65' lang='grc' dir='ltr'><strong><em>κα)⁵</em></strong></span> <span class='ocrx_word' id='word_1_791' title='bbox 3653 4705 3751 4775; x_wconf 75' lang='grc' dir='ltr'><em>τὴν</em></span> 
     </span>
    </p>
   </div>
   <div class='ocr_carea' id='block_1_102' title="bbox 2173 4796 3752 4868">
    <p class='ocr_par' dir='ltr' id='par_1_102' title="bbox 2173 4796 3752 4868">
     <span class='ocr_line' id='line_1_102' title="bbox 2173 4796 3752 4868; baseline 0.001 -20"><span class='ocrx_word' id='word_1_792' title='bbox 2173 4797 2390 4850; x_wconf 74' lang='grc' dir='ltr'><em>πάντων</em></span> <span class='ocrx_word' id='word_1_793' title='bbox 2415 4797 2548 4868; x_wconf 72' lang='grc' dir='ltr'><em>πρὸς</em></span> <span class='ocrx_word' id='word_1_794' title='bbox 2573 4799 2664 4850; x_wconf 73' lang='grc' dir='ltr'><em>τὸν</em></span> <span class='ocrx_word' id='word_1_795' title='bbox 2694 4798 2820 4852; x_wconf 78' lang='grc' dir='ltr'><em>Υίδν</em></span> <span class='ocrx_word' id='word_1_796' title='bbox 2859 4797 3138 4868; x_wconf 82' lang='grc' dir='ltr'><em>ὑποταγὴν</em></span> <span class='ocrx_word' id='word_1_797' title='bbox 3181 4796 3257 4865; x_wconf 81' lang='grc'><strong><em>(5)</em></strong></span> <span class='ocrx_word' id='word_1_798' title='bbox 3283 4797 3381 4865; x_wconf 80' lang='grc' dir='ltr'><em>τὴν</em></span> <span class='ocrx_word' id='word_1_799' title='bbox 3414 4797 3582 4866; x_wconf 75' lang='grc' dir='ltr'><em>αὐτὴν</em></span> <span class='ocrx_word' id='word_1_800' title='bbox 3613 4797 3752 4868; x_wconf 75' lang='grc' dir='ltr'><em>πρὸς</em></span> 
     </span>
    </p>
   </div>
   <div class='ocr_carea' id='block_1_103' title="bbox 2173 4882 3751 4957">
    <p class='ocr_par' dir='ltr' id='par_1_103' title="bbox 2173 4882 3751 4957">
     <span class='ocr_line' id='line_1_103' title="bbox 2173 4882 3751 4957; baseline 0.001 -18"><span class='ocrx_word' id='word_1_801' title='bbox 2173 4887 2334 4940; x_wconf 78' lang='grc' dir='ltr'><em>αὑτὸν</em></span> <span class='ocrx_word' id='word_1_802' title='bbox 2378 4887 2570 4941; x_wconf 73' lang='grc' dir='ltr'><em>ἕνωσιν</em></span> <span class='ocrx_word' id='word_1_803' title='bbox 2613 4888 2897 4957; x_wconf 77' lang='grc' dir='ltr'><em>σημαίνειν</em></span> <span class='ocrx_word' id='word_1_804' title='bbox 2920 4927 2935 4950; x_wconf 98' lang='grc'><strong><em>,</em></strong></span> <span class='ocrx_word' id='word_1_805' title='bbox 2970 4887 3044 4950; x_wconf 85' lang='grc' dir='ltr'><em>ὼς</em></span> <span class='ocrx_word' id='word_1_806' title='bbox 3097 4887 3287 4957; x_wconf 75' lang='grc' dir='ltr'><strong><em>μηκέτ’</em></strong></span> <span class='ocrx_word' id='word_1_807' title='bbox 3322 4882 3458 4940; x_wconf 83' lang='grc' dir='ltr'><em>εἶναι</em></span> <span class='ocrx_word' id='word_1_808' title='bbox 3492 4888 3584 4940; x_wconf 80' lang='grc' dir='ltr'><em>τὸν</em></span> <span class='ocrx_word' id='word_1_809' title='bbox 3624 4886 3751 4942; x_wconf 78' lang='grc' dir='ltr'><em>Υίδν</em></span> 
     </span>
    </p>
   </div>
   <div class='ocr_carea' id='block_1_104' title="bbox 2173 4978 3748 5050">
    <p class='ocr_par' dir='ltr' id='par_1_104' title="bbox 2173 4978 3748 5050">
     <span class='ocr_line' id='line_1_104' title="bbox 2173 4978 3748 5050; baseline 0.001 -20"><span class='ocrx_word' id='word_1_810' title='bbox 2173 4979 2294 5031; x_wconf 78' lang='grc' dir='ltr'><strong><em>καθ’</em></strong></span> <span class='ocrx_word' id='word_1_811' title='bbox 2337 4980 2558 5041; x_wconf 77' lang='grc' dir='ltr'><em>ἑαυτὸν.</em></span> <span class='ocrx_word' id='word_1_812' title='bbox 2591 4980 2725 5049; x_wconf 80' lang='grc' dir='ltr'><strong><em>μηδὲ</em></strong></span> <span class='ocrx_word' id='word_1_813' title='bbox 2766 4980 2834 5032; x_wconf 74' lang='grc' dir='ltr'><em>τὰ</em></span> <span class='ocrx_word' id='word_1_814' title='bbox 2877 4978 3332 5048; x_wconf 84' lang='grc' dir='ltr'><em>ὑποταγησόμενα</em></span> <span class='ocrx_word' id='word_1_815' title='bbox 3381 4979 3528 5048; x_wconf 84' lang='grc' dir='ltr'><em>αὑτῷ</em></span> <span class='ocrx_word' id='word_1_816' title='bbox 3568 4978 3748 5050; x_wconf 78' lang='grc' dir='ltr'><em>πλήθη</em></span> 
     </span>
    </p>
   </div>
   <div class='ocr_carea' id='block_1_105' title="bbox 2171 5068 3749 5141">
    <p class='ocr_par' dir='ltr' id='par_1_105' title="bbox 2171 5068 3749 5141">
     <span class='ocr_line' id='line_1_105' title="bbox 2171 5068 3749 5141; baseline 0 -18"><span class='ocrx_word' id='word_1_817' title='bbox 2171 5070 2280 5123; x_wconf 85' lang='grc' dir='ltr'><strong><em>τῶν</em></strong></span> <span class='ocrx_word' id='word_1_818' title='bbox 2307 5070 2626 5141; x_wconf 76' lang='grc' dir='ltr'><em>σωζομένων</em></span> <span class='ocrx_word' id='word_1_819' title='bbox 2664 5071 2796 5124; x_wconf 73' lang='grc' dir='ltr'><em>ἰδίαν</em></span> <span class='ocrx_word' id='word_1_820' title='bbox 2829 5069 3087 5141; x_wconf 77' lang='grc' dir='ltr'><em>ζήσεσθαι</em></span> <span class='ocrx_word' id='word_1_821' title='bbox 3121 5068 3264 5140; x_wconf 74' lang='grc' dir='ltr'><em>ζωὴν</em></span> <span class='ocrx_word' id='word_1_822' title='bbox 3284 5108 3298 5132; x_wconf 94' lang='grc'><strong><em>,</em></strong></span> <span class='ocrx_word' id='word_1_823' title='bbox 3334 5069 3660 5140; x_wconf 73' lang='grc' dir='ltr'><em>συναλοιφὴν</em></span> <span class='ocrx_word' id='word_1_824' title='bbox 3689 5071 3749 5123; x_wconf 72' lang='grc' dir='ltr'><strong><em>δέ</em></strong></span> 
     </span>
    </p>
   </div>
   <div class='ocr_carea' id='block_1_106' title="bbox 570 5241 2824 5317">
    <p class='ocr_par' dir='ltr' id='par_1_106' title="bbox 570 5241 2824 5317">
     <span class='ocr_line' id='line_1_106' title="bbox 570 5241 2824 5317; baseline 0.001 -18"><span class='ocrx_word' id='word_1_825' title='bbox 570 5250 630 5310; x_wconf 69' lang='lat'><strong><em>&gt;14</em></strong></span> <span class='ocrx_word' id='word_1_826' title='bbox 660 5244 757 5299; x_wconf 86' lang='lat' dir='ltr'><strong><em>Ed.</em></strong></span> <span class='ocrx_word' id='word_1_827' title='bbox 785 5242 1126 5317; x_wconf 77' lang='lat' dir='ltr'><strong><em>Paris.,pag.</em></strong></span> <span class='ocrx_word' id='word_1_828' title='bbox 1166 5245 1288 5302; x_wconf 73' lang='grc'><strong><em>184.</em></strong></span> <span class='ocrx_word' id='word_1_829' title='bbox 1365 5245 1408 5276; x_wconf 84' lang='grc'><strong><em>¹⁰</em></strong></span> <span class='ocrx_word' id='word_1_830' title='bbox 1433 5245 1451 5300; x_wconf 86' lang='grc'><strong>1</strong></span> <span class='ocrx_word' id='word_1_831' title='bbox 1478 5243 1672 5299; x_wconf 86' lang='lat' dir='ltr'><strong><em>Thess.</em></strong></span> <span class='ocrx_word' id='word_1_832' title='bbox 1709 5259 1782 5309; x_wconf 78' lang='lat' dir='ltr'><strong><em>iv,</em></strong></span> <span class='ocrx_word' id='word_1_833' title='bbox 1823 5242 1912 5310; x_wconf 77' lang='lat' dir='ltr'><strong><em>l5,</em></strong></span> <span class='ocrx_word' id='word_1_834' title='bbox 1953 5241 2041 5298; x_wconf 73' lang='lat' dir='ltr'><strong><em>i0.</em></strong></span> <span class='ocrx_word' id='word_1_835' title='bbox 2115 5243 2157 5275; x_wconf 81' lang='lat'>&quot;</span> <span class='ocrx_word' id='word_1_836' title='bbox 2196 5242 2362 5299; x_wconf 85' lang='lat' dir='ltr'><strong><em>lCor.</em></strong></span> <span class='ocrx_word' id='word_1_837' title='bbox 2400 5245 2584 5311; x_wconf 66' lang='lat' dir='ltr'><strong><em>xv,28.</em></strong></span> <span class='ocrx_word' id='word_1_838' title='bbox 2622 5249 2664 5280; x_wconf 71' lang='grc' dir='ltr'>υ</span> <span class='ocrx_word' id='word_1_839' title='bbox 2695 5247 2824 5302; x_wconf 89' lang='lat' dir='ltr'><strong><em>ibid.</em></strong></span> 
     </span>
    </p>
   </div>
   <div class='ocr_carea' id='block_1_107' title="bbox 567 5445 1083 5518">
    <p class='ocr_par' dir='ltr' id='par_1_107' title="bbox 567 5445 1083 5518">
     <span class='ocr_line' id='line_1_107' title="bbox 567 5445 1083 5518; baseline -0.002 -18"><span class='ocrx_word' id='word_1_840' title='bbox 567 5445 681 5518; x_wconf 86' lang='lat'><strong><em>(98)</em></strong></span> <span class='ocrx_word' id='word_1_841' title='bbox 704 5446 811 5518; x_wconf 54' lang='lat' dir='ltr'><strong><em>pip.</em></strong></span> <span class='ocrx_word' id='word_1_842' title='bbox 849 5446 1083 5516; x_wconf 86' lang='grc' dir='ltr'><em>πρῶτον.</em></span> 
     </span>
    </p>
   </div>
   <div class='ocr_carea' id='block_1_108' title="bbox 567 5516 1255 5588">
    <p class='ocr_par' dir='ltr' id='par_1_108' title="bbox 567 5516 1255 5588">
     <span class='ocr_line' id='line_1_108' title="bbox 567 5516 1255 5588; baseline 0.015 -25"><span class='ocrx_word' id='word_1_843' title='bbox 567 5516 680 5582; x_wconf 62' lang='grc'><strong><em>(99⁷)</em></strong></span> <span class='ocrx_word' id='word_1_844' title='bbox 702 5516 867 5586; x_wconf 70' lang='lat' dir='ltr'><strong><em>Vulgo</em></strong></span> <span class='ocrx_word' id='word_1_845' title='bbox 899 5517 1033 5588; x_wconf 69' lang='grc' dir='ltr'><strong><em>φησὶ</em></strong></span> <span class='ocrx_word' id='word_1_846' title='bbox 1058 5519 1255 5582; x_wconf 76' lang='grc' dir='ltr'><em>συνείς.</em></span> 
     </span>
    </p>
   </div>
   <div class='ocr_carea' id='block_1_109' title="bbox 529 5588 2061 5711">
    <p class='ocr_par' dir='ltr' id='par_1_109' title="bbox 529 5588 2061 5711">
     <span class='ocr_line' id='line_1_109' title="bbox 564 5588 2061 5666; baseline -0.001 -25"><span class='ocrx_word' id='word_1_847' title='bbox 564 5589 640 5656; x_wconf 79' lang='grc' dir='ltr'><strong><em>(Ι)</em></strong></span> <span class='ocrx_word' id='word_1_848' title='bbox 677 5593 795 5640; x_wconf 83' lang='grc' dir='ltr'><em>υιιι.</em></span> <span class='ocrx_word' id='word_1_849' title='bbox 853 5589 992 5652; x_wconf 66' lang='lat' dir='ltr'><strong><em>Vulg.</em></strong></span> <span class='ocrx_word' id='word_1_850' title='bbox 1029 5588 1346 5663; x_wconf 71' lang='grc' dir='ltr'><em>διαστρσρῇ,</em></span> <span class='ocrx_word' id='word_1_851' title='bbox 1403 5592 1530 5648; x_wconf 79' lang='lat' dir='ltr'><strong><em>hinc</em></strong></span> <span class='ocrx_word' id='word_1_852' title='bbox 1591 5591 1694 5664; x_wconf 78' lang='grc' dir='ltr'><em>Μρ.</em></span> <span class='ocrx_word' id='word_1_853' title='bbox 1751 5610 1838 5666; x_wconf 82' lang='grc' dir='ltr'><strong><em>γρ,</em></strong></span> <span class='ocrx_word' id='word_1_854' title='bbox 1895 5609 2061 5665; x_wconf 80' lang='grc' dir='ltr'><em>συνη-</em></span> 
     </span>
     <span class='ocr_line' id='line_1_110' title="bbox 529 5656 1013 5711; baseline 0.006 -3"><span class='ocrx_word' id='word_1_855' title='bbox 529 5657 610 5711; x_wconf 82' lang='grc' dir='ltr'><strong><em>εία</em></strong></span> <span class='ocrx_word' id='word_1_856' title='bbox 633 5659 748 5709; x_wconf 76' lang='lat' dir='ltr'><strong><em>loco</em></strong></span> <span class='ocrx_word' id='word_1_857' title='bbox 776 5656 1013 5711; x_wconf 77' lang='grc' dir='ltr'><em>συνήθει.</em></span> 
     </span>
    </p>
   </div>
   <div class='ocr_carea' id='block_1_110' title="bbox 493 5655 1247 5802">
    <p class='ocr_par' dir='ltr' id='par_1_110' title="bbox 493 5655 1247 5802">
     <span class='ocr_line' id='line_1_111' title="bbox 493 5655 1199 5729; baseline -0.001 -17"><span class='ocrx_word' id='word_1_858' title='bbox 493 5655 610 5729; x_wconf 73' lang='grc' dir='ltr'><em>θείᾳ</em></span> <span class='ocrx_word' id='word_1_859' title='bbox 633 5659 748 5709; x_wconf 76' lang='lat' dir='ltr'><strong><em>loco</em></strong></span> <span class='ocrx_word' id='word_1_860' title='bbox 776 5656 1013 5726; x_wconf 76' lang='grc' dir='ltr'><em>συνήθει.</em></span> <span class='ocrx_word' id='word_1_861' title='bbox 1188 5655 1199 5661; x_wconf 62' lang='grc'>⁷</span> 
     </span>
     <span class='ocr_line' id='line_1_112' title="bbox 562 5726 1247 5802; baseline 0.006 -22"><span class='ocrx_word' id='word_1_862' title='bbox 562 5731 638 5798; x_wconf 63' lang='grc' dir='ltr'><strong><em>μὲ)</em></strong></span> <span class='ocrx_word' id='word_1_863' title='bbox 679 5726 847 5800; x_wconf 52' lang='lat' dir='ltr'><strong><em>Vulso</em></strong></span> <span class='ocrx_word' id='word_1_864' title='bbox 878 5729 1137 5802; x_wconf 68' lang='grc' dir='ltr'><em>ὑπάρχων</em></span> 
     </span>
    </p>
   </div>
   <div class='ocr_carea' id='block_1_111' title="bbox 2237 5452 2753 5523">
    <p class='ocr_par' dir='ltr' id='par_1_111' title="bbox 2237 5452 2753 5523">
     <span class='ocr_line' id='line_1_113' title="bbox 2237 5452 2753 5523; baseline 0 -19"><span class='ocrx_word' id='word_1_865' title='bbox 2237 5453 2315 5522; x_wconf 77' lang='grc'><strong><em>(5)</em></strong></span> <span class='ocrx_word' id='word_1_866' title='bbox 2353 5453 2521 5515; x_wconf 64' lang='lat' dir='ltr'><strong><em>Vulgo</em></strong></span> <span class='ocrx_word' id='word_1_867' title='bbox 2551 5452 2753 5523; x_wconf 78' lang='grc' dir='ltr'><em>μέλλει.</em></span> 
     </span>
    </p>
   </div>
   <div class='ocr_carea' id='block_1_112' title="bbox 2237 5516 3747 5591">
    <p class='ocr_par' dir='ltr' id='par_1_112' title="bbox 2237 5516 3747 5591">
     <span class='ocr_line' id='line_1_114' title="bbox 2237 5516 3747 5591; baseline -0.002 -16"><span class='ocrx_word' id='word_1_868' title='bbox 2237 5516 2314 5591; x_wconf 68' lang='lat'><strong><em>(4)</em></strong></span> <span class='ocrx_word' id='word_1_869' title='bbox 2339 5516 2562 5577; x_wconf 60' lang='grc' dir='ltr'><em>Ταὺητόν</em></span> <span class='ocrx_word' id='word_1_870' title='bbox 2577 5521 3002 5591; x_wconf 73' lang='grc' dir='ltr'><em>γενησομένου.</em></span> <span class='ocrx_word' id='word_1_871' title='bbox 3029 5537 3224 5591; x_wconf 86' lang='lat' dir='ltr'><strong><em>nempe</em></strong></span> <span class='ocrx_word' id='word_1_872' title='bbox 3246 5523 3426 5591; x_wconf 76' lang='grc' dir='ltr'><em>λόγου,</em></span> <span class='ocrx_word' id='word_1_873' title='bbox 3455 5521 3522 5574; x_wconf 80' lang='lat' dir='ltr'><strong><em>de</em></strong></span> <span class='ocrx_word' id='word_1_874' title='bbox 3539 5516 3747 5591; x_wconf 53' lang='lat' dir='ltr'><strong><em>quoii?-</em></strong></span> 
     </span>
    </p>
   </div>
   <div class='ocr_carea' id='block_1_113' title="bbox 2167 5586 3740 5662">
    <p class='ocr_par' dir='ltr' id='par_1_113' title="bbox 2167 5586 3740 5662">
     <span class='ocr_line' id='line_1_115' title="bbox 2167 5586 3740 5662; baseline -0.002 -16"><span class='ocrx_word' id='word_1_875' title='bbox 2167 5586 2253 5646; x_wconf 38' lang='lat' dir='ltr'><strong><em>xit&#39;</em></strong></span> <span class='ocrx_word' id='word_1_876' title='bbox 2279 5586 2434 5657; x_wconf 57' lang='lat' dir='ltr'><strong><em>uulgo</em></strong></span> <span class='ocrx_word' id='word_1_877' title='bbox 2450 5586 2832 5662; x_wconf 68' lang='grc' dir='ltr'><em>γενησόμενον,</em></span> <span class='ocrx_word' id='word_1_878' title='bbox 2857 5599 3012 5647; x_wconf 83' lang='lat' dir='ltr'><strong><em>male.</em></strong></span> <span class='ocrx_word' id='word_1_879' title='bbox 3034 5591 3103 5645; x_wconf 82' lang='grc' dir='ltr'><em>Μ.</em></span> <span class='ocrx_word' id='word_1_880' title='bbox 3125 5586 3332 5647; x_wconf 56' lang='grc' dir='ltr'><em>-ὲΜςιί</em></span> <span class='ocrx_word' id='word_1_881' title='bbox 3361 5593 3518 5656; x_wconf 68' lang='lat' dir='ltr'><strong><em>vulgo</em></strong></span> <span class='ocrx_word' id='word_1_882' title='bbox 3547 5586 3668 5644; x_wconf 53' lang='grc' dir='ltr'><strong><em>καθ’</em></strong></span> 
     </span>
    </p>
   </div>
   <div class='ocr_carea' id='block_1_114' title="bbox 2239 5656 3744 5732">
    <p class='ocr_par' dir='ltr' id='par_1_114' title="bbox 2239 5656 3744 5732">
     <span class='ocr_line' id='line_1_116' title="bbox 2239 5656 3744 5732; baseline -0.001 -19"><span class='ocrx_word' id='word_1_883' title='bbox 2239 5663 2314 5726; x_wconf 78' lang='grc'><strong><em>(5)</em></strong></span> <span class='ocrx_word' id='word_1_884' title='bbox 2372 5656 2486 5729; x_wconf 71' lang='grc' dir='ltr'><em>Τὶρν</em></span> <span class='ocrx_word' id='word_1_885' title='bbox 2537 5656 2732 5731; x_wconf 62' lang='grc' dir='ltr'><em>αὐτὴν</em></span> <span class='ocrx_word' id='word_1_886' title='bbox 2793 5662 2941 5732; x_wconf 76' lang='grc' dir='ltr'><em>πρὸς</em></span> <span class='ocrx_word' id='word_1_887' title='bbox 3005 5663 3212 5718; x_wconf 79' lang='grc' dir='ltr'><em>αὐτόν.</em></span> <span class='ocrx_word' id='word_1_888' title='bbox 3287 5664 3497 5716; x_wconf 77' lang='lat' dir='ltr'><strong><em>Mallem</em></strong></span> <span class='ocrx_word' id='word_1_889' title='bbox 3565 5656 3744 5713; x_wconf 73' lang='grc' dir='ltr'><em>τοιαύ·</em></span> 
     </span>
    </p>
   </div>
   <div class='ocr_carea' id='block_1_115' title="bbox 2169 5734 2399 5803">
    <p class='ocr_par' dir='ltr' id='par_1_115' title="bbox 2169 5734 2399 5803">
     <span class='ocr_line' id='line_1_117' title="bbox 2169 5734 2399 5803; baseline -0.009 -15"><span class='ocrx_word' id='word_1_890' title='bbox 2169 5751 2288 5803; x_wconf 69' lang='grc' dir='ltr'><em>την.</em></span> <span class='ocrx_word' id='word_1_891' title='bbox 2331 5734 2399 5788; x_wconf 76' lang='grc'><strong><em>31.</em></strong></span> 
     </span>
    </p>
   </div>
  </div>
