4098 6398
310 354 328 390 ι
357 342 448 391 .-.1

1220 327 1308 381 ΒΕ
1348 325 1882 383 ECCLESIASTICA
1923 321 2318 380 't'llEOLOGIA
2352 320 2482 377 LIB.
2523 319 2616 376 ιη.

3411 319 3550 376 1030

306 468 428 506 τινα
458 452 550 504 καὶ
584 449 842 520 σύγχυσιν
871 446 1116 516 γίνεσθαι
1153 445 1261 499 τῶν
1291 446 1448 508 ὗλων,
1486 445 1660 498 ἕνκαὶ
1691 445 1874 498 ταύτὸν

1987 444 2062 497 tio
2091 443 2142 496 in
2175 456 2234 497 se
2255 439 2412 496 simul
2455 439 2694 496 omnium
2739 452 2902 494 :cum
2961 437 3128 493 Filius
3179 445 3236 493 et
3290 447 3553 509 quotquot

308 542 686 613 γενησομένων
718 539 810 594 τοῦ
834 539 962 592 Υἱοῦ
991 540 1086 592 καὶ
1118 538 1225 591 τῶν
1252 536 1453 590 λοιπῶν
1480 538 1752 599 ἁπάντων,
1788 539 1882 589 καὶ

310 632 370 686 οὐ
398 633 575 703 μόνον,
595 630 729 685 ἀλλὰ
755 631 848 684 καὶ
862 629 1025 683 αὐτοῦ
1042 629 1135 682 τοῦ
1153 628 1284 681 Θεοῦ
1305 628 1358 697 (6
1365 647 1402 697 ).
1422 629 1483 681 Εἰ
1500 631 1606 700 γὰρ
1621 629 1688 681 τὰ
1707 627 1882 682 πάντα

310 723 389 795 τῷ
421 723 532 794 Υῐῷ
554 763 568 787 ,
603 724 631 775 ό
654 722 709 776 δὲ
745 722 867 786 Υἱὸς
901 721 978 792 τῷ
1015 723 1183 792 Πατρ).
1207 760 1221 783 ,
1263 722 1320 772 ὲν
1357 719 1436 790 τῷ
1484 719 1881 773 ὑποτάσσεσθαι

313 814 543 876 ἑνοῦται,
561 815 662 884 ὅρα
690 813 743 864 τε
765 813 1047 884 συμϐαίνει
1081 813 1144 864 ἐκ
1168 810 1260 864 τοῦ
1285 811 1464 878 λόγου.
1512 810 1670 865 Ἀλλ’.
1695 810 1882 881 ῶσπερ

310 906 409 974 οὐχ
439 905 628 957 ἓνωσιν
656 905 684 957 ὁ
722 902 1037 965 Ἀπόστολος
1052 901 1240 972 ἐδήλου
1268 900 1461 969 λέγων.
1479 900 1880 970 ’Υποταγήσε-

310 996 450 1048 σθαι
482 991 560 1058 τῷ
615 990 722 1057 Υιῷ
765 992 836 1044 τὰ
885 991 1114 1054 πάντα,
1147 991 1281 1044 ἀλλὰ
1312 992 1409 1063 τὴν
1441 990 1500 1057 ἐξ
1532 990 1879 1044 αὐθεκουσίου

311 1085 680 1158 προαιρέσεως
710 1084 954 1155 ὐπακυὴν
985 1085 1078 1138 καὶ
1109 1083 1206 1154 τὴν
1236 1083 1391 1149 δόξαν
1425 1084 1518 1136 καὶ
1553 1082 1651 1154 τὴν
1693 1082 1879 1153 τιμὴν,

310 1177 378 1247 ἢν
410 1174 676 1230 ἀποδώσει
705 1175 854 1245 αὐτῷ
881 1175 947 1228 τὰ
983 1176 1178 1235 πάντα,
1218 1167 1304 1226 οἶα
1334 1173 1567 1244 Σωτῆρι,
1595 1174 1690 1226 καὶ
1733 1171 1882 1242 βασι-

311 1267 393 1319 λεὶ⁹
419 1265 525 1318 τῶν
552 1265 684 1318 ὅλων
699 1281 713 1294 ο
731 1265 821 1318 τὸν
844 1265 1216 1336 αὐτὸντρόπον
1241 1265 1332 1318 καὶ
1349 1263 1408 1318 τὸ
1435 1263 1594 1316 αὐτὸν
1612 1263 1884 1332 ὑποταγή-

313 1358 500 1411 σεσθαι
533 1357 609 1429 τῷ
637 1358 810 1430 Πατρὶ
832 1359 982 1412 οὐδὲν
998 1359 1179 1430 ἕτερον
1206 1359 1567 1429 (7),σημαίνοι
1597 1358 1682 1417 ἂν,
1723 1356 1755 1428 ἢ
1783 1357 1881 1427 τὴν

310 1450 466 1516 δόξαν
480 1450 572 1502 καὶ
587 1449 685 1520 τὴν
696 1466 746 1502 τι
753 1450 859 1520 μὴν
877 1452 968 1503 καὶ
977 1450 1036 1502 τὸ
1053 1449 1212 1513 σέϐας
1226 1452 1322 1520 τήν
1333 1467 1390 1502 τε
1412 1449 1880 1520 μεγαλοπρέπειαν

309 1543 410 1611 τήν
430 1558 488 1593 τε
515 1539 864 1594 αὐθεκούσιον
885 1541 1151 1611 ὑπακοὴν,
1181 1543 1246 1612 ἢν
1285 1542 1380 1594 καὶ
1422 1539 1583 1603 αὐτὸς
1614 1537 1880 1592 ἀποδώσει

307 1632 388 1704 τῷ
407 1632 524 1703 Θεῷ
556 1630 651 1685 καὶ
680 1631 888 1703 "arpi,
938 1631 1154 1684 ἐπειδὰν
1186 1633 1312 1694 τοὺς
1336 1632 1538 1693 πάντας
1571 1629 1752 1694 ἀξίους
1784 1629 1880 1698 τῆς

310 1726 581 1795 πατρικῆς
602 1725 852 1794 θεότητος
872 1719 1006 1775 εἶναι
1029 1723 1440 1793 παρασκευάσῃ.
1459 1721 1608 1783 Τέως
1628 1720 1724 1789 μὲν
1749 1717 1876 1787 γὰρ,

305 1815 382 1877 ὡς
408 1792 495 1866 δτε
526 1792 625 1867 οὐκ
653 1792 789 1876 ἄξιοι
815 1811 1014 1882 ταύτης
1053 1811 1176 1874 εἰσὶ,
1225 1792 1508 1881 προλαϐὼν
1559 1807 1738 1869 αὐτὸς,
1790 1800 1877 1858 οἷά
1911 1792 1949 1846 Β

309 1920 394 1963 τις
423 1903 598 1966 κοινὸς
627 1903 880 1956 ἁπάντων
921 1900 1129 1970 Σωτὴρ,
1162 1898 1515 1970 διορθωτικὴν
1539 1897 1646 1950 τῶν
1675 1894 1876 1950 ἀτελῶν

309 1997 400 2050 καὶ
435 1995 835 2066 θεραπευτικὴν
850 1994 956 2048 τῶν
974 1992 1262 2064 θεραπείας
1301 1993 1570 2062 δεομένων
1602 1988 1876 2059 βασιλείαν

305 2088 597 2159 βασιλεύει,
648 2089 773 2150 τοὺς
815 2087 916 2154 τὴς
953 2085 1228 2155 βασιλείας
1261 2083 1492 2156 ἐχθροὺς
1517 2084 1742 2152 ὑπάγων
1765 2087 1877 2149 τοῖς

303 2179 467 2233 αὐτοῦ
517 2179 702 2232 ποσίν·
740 2177 768 2230 ὃ
811 2177 876 2247 δὴ
922 2177 1247 2248 παρίστησιν
1293 2177 1322 2228 ὁ
1367 2177 1592 2245 φάσκων
1627 2175 1874 2245 Ψαλμὸς,

301 2267 488 2324 Εἶπεν
523 2272 554 2323 ό
583 2270 796 2336 Κύριος
819 2265 900 2331 τῷ
932 2267 1126 2334 Κιιρίῳ
1145 2283 1265 2332 μου
1286 2305 1300 2329 ,
1332 2265 1526 2319 Κάθου
1561 2265 1629 2318 ἐκ
1665 2263 1877 2328 δεξιῶν

297 2378 440 2430 μου,
471 2359 582 2424 ἕως
613 2358 690 2412 ἂν
718 2362 798 2413 θω
819 2357 961 2422 τοὺς
981 2357 1231 2424 ἐχθρούς
1260 2373 1376 2410 σου
1404 2355 1735 2410 ὑποπόδιον
1759 2353 1877 2408 τῶν

303 2451 503 2506 ποδῶν
530 2467 666 2513 σου,
707 2449 794 2502 ὅτε
826 2449 952 2512 τούς
982 2449 1080 2517 μὲν
1107 2448 1335 2519 ἐχθροὺς
1363 2449 1468 2502 ὐπὸ
1497 2447 1665 2510 πόδας
1705 2446 1871 2510 θέσει,

299 2545 427 2606 τοὺς
456 2543 513 2596 δὲ
542 2542 640 2612 τῆς
670 2539 834 2594 αὐτοῦ
883 2539 1155 2609 βασιλείας
1202 2540 1382 2605 ἀξίους
1434 2543 1491 2592 ὲν
1536 2538 1873 2608 ἀτελευτήτῳ

301 2635 415 2705 ζωῇ
449 2634 795 2704 καταστήσει.
832 2631 1142 2702 Τηνικαῦτα
1177 2632 1286 2703 γὰρ
1337 2631 1427 2685 καὶ
1461 2631 1536 2703 (8)
1583 2633 1633 2708 ὁ.
1659 2631 1875 2686 πάντων

301 2725 496 2797 ἐχθρὸς
546 2725 773 2789 θάνατος
809 2724 1033 2795 ἔσχατος
1078 2723 1590 2795 καταργηθήσεται·
1651 2723 1876 2795 μηδενὸς

299 2817 408 2889 γὰρ
448 2817 767 2889 θνήσκοντος
811 2818 922 2878 ἔτι,
963 2817 1020 2868 ἐν
1053 2815 1254 2886 αἰωνίῳ
1300 2815 1357 2868 δὲ
1399 2813 1510 2885 ζωῇ
1558 2813 1874 2885 ζησομένων

300 2908 418 2961 τότε
446 2908 553 2962 τῶν
585 2907 684 2978 τῆς
712 2907 983 2978 βασιλείας
1018 2906 1203 2971 ἀξίων,
1233 2906 1323 2959 τὸν
1356 2906 1584 2960 θάνατον
1612 2909 1874 2978 ἀργήσειν

299 2999 476 3062 εἰκὸς,
509 3000 698 3070 μηκέτ’
755 2999 945 3068 ἔχοντα
976 2996 1070 3060 οὓς
1111 2996 1468 3050 θανατῶσειεν
1511 2997 1606 3064 (9).
1644 2993 1744 3050 ’Ὧν
1771 2991 1873 3050 ὧδε

299 3089 778 3159 εὐτρεπισθέντων,
795 3088 872 3158 τῷ
895 3087 1007 3158 Υίῴ
1029 3086 1120 3140 τοῦ
1141 3086 1274 3140 Θεοῦ
1307 3088 1570 3158 σωτήριον
1597 3086 1872 3158 ὑποταγὴν

299 3180 498 3242 πάντες
517 3182 564 3232 οἱ
582 3179 724 3248 ἆγιοι
743 3181 1192 3248 ὐποταγήσονται,
1212 3177 1361 3250 αὐτῷ
1378 3177 1488 3249 ζωῇ
1513 3178 1610 3247 μὲν
1633 3177 1746 3230 δντι
1773 3177 1869 3250 ζη-

289 3270 514 3340 σόμενοι
535 3271 782 3334 αἱωνίως·
805 3272 964 3342 σοφίᾳ
999 3271 1055 3324 δὲ
1076 3271 1206 3331 ὄντι,
1226 3270 1379 3339 σοφοὶ
1408 3270 1704 3340 γενόμενον
1728 3269 1870 3340 λόγῳ

297 3361 354 3413 δὲ
393 3361 537 3425 ὄντι,
585 3361 756 3430 λόγιοι
802 3363 1275 3432 ἁπεργασθέντες·
1318 3361 1460 3415 οὐτω
1491 3362 1547 3414 δὲ
1590 3362 1685 3416 καὶ
1730 3363 1868 3434 Χρι-

299 3454 414 3506 στοὶ
434 3455 772 3524 γενήσονται,
792 3455 1059 3526 πνεύματι
1079 3454 1176 3524 τῆς
1193 3453 1355 3508 αὐτοῦ
1374 3455 1600 3517 εὐωδίας
1621 3453 1870 3524 χρισθέν-

294 3559 386 3606 τες
409 3559 423 3572 ο
458 3537 740 3613 φωστῆρες
762 3559 822 3596 τε
853 3542 1326 3614 ἀναδειχθήσονται
1365 3542 1458 3594 τοῦ
1491 3543 1611 3595 νέου
1653 3541 1865 3606 αἰῶνοςο

296 3631 356 3696 ἐξ
372 3631 536 3685 αὐτοῦ
562 3632 630 3685 τὰ
653 3633 805 3712 φῶτα
827 3633 1060 3704 χορηγού
1069 3650 1218 3702 μενοι
1240 3634 1332 3686 καὶ
1358 3634 1464 3684 υἱοὶ
1488 3632 1545 3684 δὲ
1567 3631 1702 3685 Θεοῦ
1727 3632 1870 3686 ἔσον-

294 3743 405 3787 ται,
441 3725 517 3796 τῷ
558 3726 656 3796 τῆς
693 3725 964 3789 υἱοθεσίας
1003 3724 1274 3794 πνεύματι
1321 3723 1723 3794 κοσμηθέντες,
1773 3724 1867 3777 καὶ

295 3817 403 3870 τῶν
434 3817 634 3870 λοιπῶν
664 3818 722 3868 ὲν
753 3815 898 3885 αὐτῷ
939 3817 1220 3885 δυνάμεων
1250 3815 1595 3885 μεθέξουσιν,
1630 3815 1678 3867 οἱ
1718 3813 1867 3885 αὐτῷ

297 3901 798 3978 ὐπὸταγησόμενοι,
833 3909 908 3970 ὼς
952 3909 1047 3962 καὶ
1075 3907 1317 3969 δικαίους
1363 3905 1614 3975 γενέσθαι
1656 3907 1721 3958 ὲκ
1768 3907 1868 3977 τῆς

321 4001 462 4054 εὐτοῦ
494 4000 858 4071 δικαιοσύνης,
892 4002 986 4055 καὶ
1027 4000 1214 4068 ἁγίους
1255 4001 1318 4052 ὲκ
1362 4002 1462 4070 τῆς
1510 3997 1671 4052 αὐτοῦ
1700 4001 1866 4068 ἀγιωο

295 4091 480 4162 σύνης.
521 4092 673 4144 Ἐπεὶ
697 4091 751 4144 δὲ
779 4093 872 4144 καὶ
893 4091 1023 4155 Θεὸς
1049 4086 1116 4162 ἦν
1145 4091 1173 4142 ὁ
1197 4089 1386 4157 Λόγος,
1414 4088 1534 4142 οὐδὲ
1559 4087 1657 4158 τῆς
1686 4087 1866 4160 θεότη-

293 4197 382 4244 τος
409 4182 590 4244 αὐτοῖς
621 4179 892 4252 φθονήσει·
921 4179 1061 4232 ὥστε.
1087 4177 1450 4249 ἐπαληθεῦσαι
1473 4178 1562 4230 τὸν
1605 4177 1863 4230 Ἀπόστο-

292 4270 404 4329 λον.
432 4271 855 4339 Κληρονόμους
888 4270 1005 4340 μὲν
1037 4269 1204 4333 Θεοῦ,
1229 4269 1764 4339 συγκληρονόμους
1797 4266 1866 4320 δὲ

292 4360 548 4429 λριστοῦ
593 4361 916 4434 γενήσεσθαι
953 4360 1077 4424 τούς
1112 4360 1297 4428 ἁγίους
1331 4360 1687 4431 προφήσαντα
1727 4357 1859 4428 (10).

1899 3124 1940 3180 C

1984 543 2108 588 sunt
2132 533 2294 587 futuri
2327 531 2593 594 homines,
2632 545 2796 585 unum
2836 531 3002 585 l'utttri
3041 531 3148 585 sint
3191 538 3352 599 alque
3382 530 3550 594 idem,

1984 641 2083 681 nec
2106 641 2294 680 eorum
2331 624 2704 679 tantummodo
2731 623 2781 676 in
2808 637 3009 686 unum;
3043 623 3136 676 sed
3173 632 3228 675 et
3263 621 3353 676 Dei
3391 621 3550 676 simul

1983 718 2160 772 latura
2193 719 2259 772 sil
2304 716 2542 772 coalitio.
2583 715 2661 770 Ita
2705 716 2848 768 enim
2880 728 3100 768 necesse
3135 721 3238 776 est,
3281 713 3549 781 siquidem

1983 812 2163 866 omnia
2221 811 2386 872 Filio,
2458 810 2625 862 Filius
2675 818 2852 861 autent
2892 807 3059 869 Patri,
3117 807 3168 858 itt
3211 806 3551 873 subjicieudo

1984 905 2239 956 uitiantur
2281 921 2294 958 :
2328 904 2432 956 hoc
2472 905 2616 956 enim
2657 900 2725 955 de
2767 901 2955 970 positis
3004 910 3381 967 consequi-tur.
3441 898 3549 953 Sed

1983 993 2439 1061 quemadmodum
2479 994 2731 1045 unioneut
2778 1008 2882 1044 non
2933 991 3189 1044 iudicavit
3238 989 3546 1056 Apostolus,

1985 1085 2251 1153 inquiens,
2302 1082 2490 1136 Omnia
2535 1080 2677 1135 Filio
2721 1081 3085 1149 subjicientur.
3142 1079 3246 1134 Sed
3295 1080 3552 1134 obedien-

1986 1176 2109 1228 tiam
2149 1175 2314 1228 voluit
2347 1176 2604 1229 delibera
2636 1176 3015 1242 procedentem
3045 1173 3318 1226 voluntate
3351 1182 3404 1227 et
3437 1171 3549 1242 glo-

1985 1267 2116 1318 riam
2147 1276 2198 1318 et
2223 1267 2503 1326 honorem,
2535 1281 2692 1332 quem
2724 1265 3029 1319 referebant
3047 1265 3095 1318 ei
3119 1265 3322 1327 omnia,
3359 1274 3548 1334 utpote

1983 1355 2257 1409 Servatori
2294 1366 2347 1410 et
2377 1358 2486 1425 regi
2512 1357 2748 1410 muniunt
2786 1357 2886 1412 :ad
2917 1357 3161 1409 eumdem
3209 1358 3459 1421 modum,
3491 1365 3548 1410 et

1983 1449 2129 1502 illum
2157 1447 2455 1514 subjectum
2505 1448 2568 1502 iri
2603 1448 2744 1502 Patri
2781 1464 2878 1503 suo
2905 1449 3036 1502 nihil
3065 1448 3210 1501 aliud
3251 1449 3548 1518 signiﬁcat,

1981 1555 2140 1608 quant
2164 1539 2386 1608 gloriam
2420 1551 2473 1593 et
2508 1540 2766 1594 honorem
2806 1553 2858 1594 et
2888 1544 3316 1604 venerationem,
3345 1551 3398 1595 et
3433 1557 3548 1594 ma-

1982 1633 2374 1701 gnificentiam,
2430 1643 2484 1687 et
2516 1633 2868 1686 Voluntariatn
2913 1632 3322 1699 subjectionem,
3383 1647 3543 1702 quam

1985 1724 2288 1778 redditurus
2323 1733 2407 1779 cst
2457 1725 2570 1793 ipse
2613 1725 2720 1778 Deo
2757 1734 2808 1777 ct
2863 1723 3041 1785 Patri,
3093 1739 3214 1776 cum
3268 1725 3546 1778 un’versos

1977 1812 2213 1866 elTecerit
2248 1813 2438 1882 dignos
2469 1813 2752 1868 divinitate
2785 1829 2879 1866 sua
2913 1824 3153 1879 paterna.
3194 1810 3371 1882 Usque
3400 1813 3542 1866 enim

1979 1907 2101 1958 dum
2137 1904 2294 1970 hujus
2334 1920 2437 1957 non
2472 1914 2598 1957 sunt
2627 1905 2803 1972 digni,
2845 1906 3144 1973 attticipans
3179 1905 3330 1973 ipse;
3377 1904 3542 1958 Veluti

1977 1996 2280 2048 communis
2309 1996 2528 2064 quidam
2557 1996 2794 2048 omnitnn
2827 1996 3101 2055 Servatur.
3129 2012 3348 2064 regnum
3375 1996 3544 2049 adiui-

1978 2085 2196 2150 nistrat,
2231 2099 2337 2154 quo
2377 2085 2674 2154 imperfecti
2719 2098 3162 2142 consummentur
3186 2099 3234 2141 et
3267 2088 3543 2142 curatione

1978 2174 2279 2245 indigentes
2313 2188 2596 2240 curentur,
2645 2176 2940 2244 suhjicieus
2991 2180 3090 2232 suh
3150 2179 3378 2248 pedibus
3429 2178 3544 2232 suis

1977 2265 2160 2318 hostes
2189 2265 2342 2319 istius
2370 2267 2518 2335 regni
2555 2267 2657 2320 sui.
2687 2267 2839 2333 Quod
2869 2278 2920 2321 et
2968 2268 3214 2322 I'salmus
3264 2269 3543 2337 indicavit,

1977 2353 2221 2422 inquiens
2240 2353 2411 2412 .Dizit
2442 2355 2694 2409 Dominus
2728 2356 2947 2409 Domino
2975 2375 3108 2423 meo,
3137 2356 3265 2413 Sed:
3285 2376 3318 2412 α
3347 2361 3545 2413 dextris

1974 2446 2332 2513 meis,_donec
2370 2463 2589 2516 posuero
2625 2449 2858 2502 inimicos
2892 2461 3006 2502 tuos
3035 2451 3319 2502 scabellum
3357 2452 3544 2519 pedum

1978 2545 2186 2588 tuorum
2222 2537 2285 2588 ³³.
2323 2536 2548 2604 Quando
2583 2539 2833 2593 inimicos
2861 2540 3130 2608 positurus
3160 2554 3244 2595 est
3270 2553 3369 2596 snt)
3397 2544 3546 2612 pedi-

1977 2625 2076 2679 hus
2101 2626 2212 2680 suis
2239 2639 2255 2680 :
2286 2643 2383 2681 suo
2405 2637 2586 2681 autem
2619 2643 2784 2697 regno
2811 2630 3025 2698 dignos,
3068 2631 3120 2684 in
3152 2635 3259 2686 vita
3290 2631 3544 2688 intermi-

1976 2716 2141 2770 nabili
2196 2718 2596 2772 constituturus
2629 2736 2642 2770 :
2677 2730 2787 2772 tutu
2819 2729 2868 2772 et
2919 2721 3160 2773 omnium
3203 2722 3541 2777 inimicorum

1977 2821 2124 2861 mors
2170 2818 2473 2876 postremus
2514 2809 2849 2878 subjicietur.
2905 2809 3038 2864 Cum
3071 2813 3214 2864 enim
3263 2825 3420 2866 nemo
3476 2813 3545 2866 sit

1975 2899 2227 2966 deinceps
2279 2900 2596 2962 moriturus.
2633 2903 2726 2955 sed
2772 2901 2823 2954 in
2865 2902 2972 2954 vita
3011 2902 3395 2958 interminabili
3429 2920 3546 2958 om-

1976 3005 2073 3042 nes
2113 2990 2330 3053 victuri,
2369 3001 2478 3043 tum
2526 3003 2752 3046 mortem
2807 2994 3031 3046 omnino
3073 2993 3391 3048 abolendam
3417 3038 3432 3062 ,
3486 2997 3541 3050 in

1975 3081 2150 3151 dignis
2179 3082 2266 3136 illo
2295 3097 2482 3151 regno.
2512 3095 2661 3138 recte
2701 3085 2804 3138 dici
2849 3085 3081 3148 videtur,
3114 3102 3234 3139 cum
3276 3103 3434 3141 neruo
3471 3090 3545 3143 sit

1972 3173 2190 3228 futurus
2243 3191 2405 3244 quem
2446 3175 2642 3231 alliciat
2673 3188 2860 3232 morte.
2901 3179 3104 3245 Quibus
3139 3181 3204 3233 ad
3243 3182 3385 3235 hunc
3426 3162 3575 3235 mo?

1969 3267 2095 3320 dttm
2147 3269 2438 3337 adaptatis,
2481 3269 2616 3323 Filio
2646 3271 2860 3337 quidem
2896 3271 2987 3325 llei
3030 3274 3200 3326 sancti
3229 3287 3416 3326 omnes
3446 3287 3544 3342 per

1969 3361 2261 3415 salutarem
2309 3361 2690 3430 subjectioaem
2741 3363 3116 3431 subjicieutur,
3183 3376 3451 3432 quatenus
3495 3366 3542 3420 is

1970 3455 2077 3507 vita
2098 3463 2198 3516 est,
2223 3454 2388 3507 vitatu
2419 3455 2470 3508 in
2502 3469 2566 3510 eo
2595 3455 2784 3508 victuri
2834 3455 3191 3509 immortalem
3224 3474 3238 3509 :
3271 3463 3542 3524 quatenus

1969 3547 2256 3615 sapientia.
2299 3547 2568 3616 sapientes
2626 3547 2836 3600 futuri:
2871 3547 3020 3618 logos
3075 3542 3364 3616 quatenus,
3416 3547 3540 3616 lego

1970 3637 2300 3705 perﬁciendi,
2345 3647 2399 3690 et
2428 3636 2676 3691 Christus
2705 3649 3000 3707 quatenus,
3035 3640 3201 3692 odore
3228 3638 3348 3706 ejus
3397 3639 3541 3693 bono

1971 3727 2277 3797 inungeutli.
2319 3729 2630 3783 Luminaria
2671 3731 3098 3795 designabantur
3137 3731 3260 3782 novi
3313 3731 3494 3784 saeculi
3520 3771 3537 3796 ,

1973 3823 2031 3880 ὦ
2060 3821 2250 3886 quibus
2275 3820 2361 3873 lux
2386 3821 2453 3874 ab
2487 3821 2575 3874 illo
2599 3820 3040 3889 suppeditabitur.
3085 3821 3204 3877 Filii
3231 3822 3321 3876 Dei
3371 3824 3536 3877 futuri

1969 3908 2244 3963 ﬂliationis
2267 3910 2457 3978 Spiritu
2489 3911 2605 3978 ejus
2641 3911 2883 3963 adornati
2916 3921 2970 3963 et
3006 3914 3226 3966 exculti.
3257 3914 3538 3979 Quomodo

1967 3999 2057 4066 qui
2104 3997 2177 4050 illi
2231 4008 2357 4051 sunt
2413 3998 2729 4065 suljiciendi
2777 4015 2998 4065 omnes,
3047 3999 3366 4054 facultatum
3419 4016 3538 4070 ejus

1967 4094 2280 4138 ceterarum
2336 4088 2626 4156 participes
2683 4087 2831 4144 llcnt.
2890 4087 3022 4140 Nam
3081 4100 3132 4142 et
3183 4088 3312 4158 justi
3373 4091 3534 4143 futuri

1966 4188 2113 4244 sunt,
2145 4181 2210 4233 de
2233 4177 2443 4248 justitia
2478 4180 2629 4248 ejus:
2666 4193 2719 4236 et
2743 4185 2808 4236 de
2837 4183 3125 4237 sanctitate
3166 4183 3307 4238 illius
3337 4184 3533 4238 sancti.

1967 4268 2073 4322 Sed
2109 4286 2279 4340 neque
2327 4273 2757 4340 quandoquidem
2810 4271 2950 4326 Deus
2997 4282 3114 4326 erat
3170 4273 3442 4338 Verbum,
3480 4286 3537 4327 et

1967 4360 2218 4413 deitatem
2267 4375 2419 4413 suam
2465 4360 2530 4414 iis
2573 4361 2822 4414 invidebit
2865 4379 2878 4413 :
2930 4370 2988 4413 ιιι
3037 4376 3160 4416 vere
3208 4363 3417 4414 locutus
3463 4363 3536 4416 sit

292 4451 399 4504 Ναὶ
439 4469 544 4523 μην
589 4452 684 4505 καὶ
733 4451 1324 4528 σώμασινρύρανίοις,
1356 4450 1491 4521 ἡλίῳ
1523 4449 1617 4502 καὶ
1664 4449 1858 4522 σελήνη

1974 4450 2270 4517 Apostolus,
2301 4448 2550 4504 eredes
2583 4451 2700 4516 Dei,
2733 4453 3028 4506 ποιων-σάω
3065 4463 3235 4504 autem
3270 4450 3466 4505 Christi
3489 4452 3536 4484 ιδ

293 4543 386 4596 καὶ
425 4542 644 4614 ἄστροις
677 4545 967 4615 χρήσονται
1003 4541 1421 4615 παραπλησίοις,
1470 4541 1562 4595 καὶ
1601 4542 1658 4594 ἐν
1690 4541 1862 4612 τούτῳ

290 4635 388 4704 τῆς
419 4635 581 4688 αὐτοῦ
617 4635 1046 4706 μεταληψόμενοι
1070 4634 1246 4704 δόξης.
1283 4634 1348 4686 Ὃ
1379 4632 1444 4704 δὴ
1488 4632 1596 4704 (ll)
1624 4634 1863 4704 παρίστη

290 4725 450 4790 αὐτὸς
491 4727 691 4797 φήσας,
728 4726 796 4791 ἐξ
839 4722 911 4781 οὗ
962 4725 1061 4778 καὶ
1108 4722 1350 4791 Σωτῆρα
1393 4724 1863 4794 ἀπεκδεχόμεθα,

295 4819 509 4885 Κύριον
569 4817 814 4884 Ἰησοῦν
864 4819 1123 4888 Χριστὸν
1159 4818 1227 4884 ὃς
1260 4816 1753 4887 μετασχηματίζᾶ
1793 4817 1861 4870 τὸ

289 4907 458 4979 σῶμα
490 4909 598 4978 τῆς
629 4909 1040 4978 ταπεινώσεως
1063 4909 1231 4980 ἡμῶν
1247 4909 1380 4980 (12),
1401 4910 1760 4976 σύμμορφον·
1777 4907 1862 4974 τῷ

365 5070 425 5127 ›Ι‹
465 5066 560 5119 Ed.
591 5065 790 5135 Paris.,
816 5083 940 5138 pag.
974 5067 1095 5123 185.
1175 5066 1218 5099 ⁸³
1244 5064 1388 5120 Psal.
1419 5078 1530 5127 ets,
1561 5061 1614 5118 1.
1691 5063 1734 5093 ⁸⁵
1772 5061 1928 5117 Rom.

358 5264 437 5333 (6)
471 5263 639 5336 yttlgo
665 5265 715 5319 sl.
749 5266 870 5336 μέν.

297 5407 310 5424 .
359 5336 434 5405 (7)
464 5333 636 5424 Δνιιίιςο
659 5333 936 5407 σημαίνει,
958 5348 1011 5392 et
1033 5343 1376 5410 πηοκμεγαλ.
1411 5345 1505 5396 καὶ
1525 5344 1624 5415 τὴν
1656 5346 1846 5398 αὐθεκ.

288 5421 583 5476 υποταγην.

357 5478 433 5553 (8)
472 5471 529 5528 Ὁ
557 5471 800 5553 αάντῳν
823 5476 1073 5553 Δἐχθρός.
1108 5478 1389 5553 Legcretn,
1424 5483 1726 5553 τηνικαῦτα
1755 5487 1850 5540 καὶ

284 5551 314 5601 ό
337 5549 553 5631 παντων
586 5545 1069 5631 ὲζῢρῶνῃθάνατος,
1097 5545 1210 5602 etc:
1229 5551 1295 5631 ill.

358 5618 432 5687 (9)
474 5611 586 5668 Ὠν
618 5611 754 5672 ὦδε.
787 5615 878 5694 Su:
913 5620 1211 5694 legentitlttt.
1244 5617 1437 5694 Stattm
1464 5624 1722 5694 εΧριστοὶ
1752 5642 1846 5694 γε·

284 5688 536 5760 νίσσονται
570 5704 674 5740 non
705 5692 1008 5755 γενησοντι.
1057 5687 1225 5742 Erunt
1261 5690 1336 5742 illi
1369 5687 1576 5746 christi.
1614 5694 1681 5751 Μ.

1969 4540 2176 4594 futuros
2200 4557 2315 4597 eos.
2347 4543 2452 4596 Sed
2478 4553 2534 4596 et
2570 4559 2798 4611 corpora
2839 4560 2934 4598 sua
2969 4544 3532 4613 atteruitatetprzedita

1969 4634 2090 4697 soli,
2123 4633 2260 4686 luna:
2287 4645 2342 4688 et
2368 4634 2637 4688 sideribus
2670 4634 2867 4688 similia
2900 4635 3266 4689 coruscabunt
3291 4651 3305 4688 :
3335 4650 3440 4700 quo
3479 4646 3533 4687 et

1971 4725 2023 4777 in
2069 4725 2187 4791 ipso
2231 4724 2346 4790 ejus
2389 4726 2571 4792 gloria:
2629 4727 3047 4794 participahunt.
3092 4725 3241 4790 Quod
3285 4736 3340 4777 et
3389 4723 3529 4778 idem

1967 4812 2149 4863 docuit
2186 4813 2356 4872 aiens,
2400 4809 2548 4864 Unde
2587 4823 2634 4864 et
2673 4809 2997 4864 Servatorem
3039 4823 3394 4878 exspectamus
3438 4809 3532 4864 Je-

1967 4916 2080 4954 sum
2109 4899 2410 4966 Clu-istum,
2435 4905 2522 4971 qui
2553 4902 2948 4971 transformabit
2985 4917 3172 4969 corpus
3217 4902 3530 4956 humilitatis

1969 5076 2099 5128 vnt,
2131 5060 2197 5114 l7

2026 5272 2136 5344 (l0)
2165 5270 2274 5326 Ναὶ
2305 5269 2426 5339 μὴν
2449 5270 2562 5344 Ᾱκαὶ
2595 5267 2873 5344 σώμασιν
2900 5269 3242 5344 οὐρανίοις.Δ
3265 5267 3338 5344 De
3369 5267 3529 5322 clari-

1959 5340 2067 5396 tate
2098 5359 2384 5410 corporum
2410 5342 2833 5405 gloriticatoruut
2864 5342 3118 5403 intelligit
3145 5358 3160 5392 :
3195 5340 3281 5389 ubi
3305 5347 3526 5405 qutdaut

1955 5425 2013 5466 ttt
2039 5413 2141 5475 sol,
2180 5413 2270 5464 alii
2307 5422 2363 5462 ιιι
2391 5413 2538 5469 luna.
2574 5413 2882 5464 radiabunt.
2925 5411 3088 5462 Stella
3121 5410 3263 5463 euitu
3303 5425 3332 5459 a
3369 5410 3526 5461 sti-tta

1954 5482 2152 5539 dill'ert,
2176 5495 2229 5532 et
2252 5484 2329 5533 sic.
2351 5491 2434 5533 est
2461 5482 2788 5534 resurrectio
2813 5494 3172 5533 mortuorum.
3215 5477 3286 5531 Μ.
3311 5505 3382 5517 -
3414 5478 3521 5546 Μι).

1951 5551 2083 5613 νίοις
2114 5558 2228 5602 loco
2248 5549 2539 5620 οὐρανίοις.

2024 5626 2070 5688 (l
2092 5623 2136 5691 Ι)
2174 5614 2336 5687 Vulgo
2359 5619 2414 5671 δὲ
2435 5619 2705 5690 παρίστας
2742 5618 3002 5690 (παρίστη
3026 5617 3110 5678 Mi)
3140 5614 3328 5691 )_[xai.]
3364 5615 3526 5691 αὐτός

1952 5687 2263 5762 rma-vitatas
2305 5691 2503 5759 φήσας)
2519 5687 2728 5762 et)...“
2761 5687 2914 5754 vulgo
2939 5687 3293 5762 Κύριονιτῖινι
3317 5687 3523 5762 (coxo.

2019 5758 2131 5832 (l2)
2165 5758 2521 5829 Scivqtopyor
2543 5759 2619 5826 τῷ
2638 5761 2880 5830 σώματι.
2907 5758 3056 5814 Adae
3079 5758 3350 5825 γενέσθαι.
3395 5758 3466 5808 lt.
