4160 6444
390 402 529 465 1053

1290 399 1393 481 tot:
1426 396 1973 463 ECCLESlAS‘I‘lCA
2009 400 2409 463 THEOLOGIA
2445 400 2577 463 LIB.
2612 384 2725 462 m.’

3474 409 3605 464 1051

385 521 516 595 ὶαδὴ
549 518 770 577 ὲνοικῶν
800 522 859 576 ὲν
894 518 1105 589 αὺτοῖς,
1128 523 1222 578 καὶ
1247 521 1631 595 ἐμπεριπατῶν
1660 523 1718 574 ἐν
1745 521 1946 585 αὐτοῖς,

2052 523 2252 585 bitans,
2284 526 2334 576 in
2365 523 2470 578 illis
2502 523 2801 586 ambulans,
2829 536 2929 579 nec
2967 521 3285 595 dedignatus
3325 537 3448 580 esse
3491 524 3615 579 illo—

386 612 482 669 καὶ
520 613 648 679 Θεὸς
681 614 859 668 αὐτῶν
894 615 996 668 οὐκ
1037 613 1282 680 ἀπαξιῶν
1318 609 1475 679 εἶναι,
1508 613 1633 667 λαόν
1680 630 1741 666 τε
1776 612 1940 667 αὑτοῦ

386 705 509 769 τοὺς
542 703 748 767 πάντας
786 703 1173 775 οἰκειούμενος.
1220 702 1375 757 Οὕτω
1416 703 1515 774 μὲν
1546 703 1646 757 οὒκ
1696 702 1853 757 ἔσται
1883 703 1942 756 ἐν

382 796 587 863 αὐτοῖς,
625 795 701 860 ὡς
732 796 825 849 καὶ
863 797 922 848 ἐν
959 796 1106 867 αὐτῷ
1128 796 1342 865 λέγεται
1377 792 1516 849 εἶναι
1558 795 1637 867 τῷ
1665 796 1799 868 Υἰῷ,
1817 795 1949 849 καθ-

384 887 462 952 ὼς
490 887 727 943 διδάσκει
771 887 940 957 λέγων
966 888 1150 951 αὐτὸς,
1187 889 1244 940 '0
1269 886 1472 956 Πατὴρ
1511 888 1583 941 ἐν
1612 888 1760 957 ἐμοὶ,
1789 887 1950 958 κάγὼ

374 979 454 1033 ἐν
491 978 572 1046 τῷ
618 979 832 1047 Πατρίσ
882 979 974 1032 καὶ
1018 979 1198 1032 πάντα
1227 979 1286 1033 δὲ
1329 979 1481 1034 ἔσται
1519 982 1577 1033 ὲν
1615 981 1815 1044 αὐτοῖς,
1870 980 1949 1052 τῷ

383 1071 548 1124 πᾶσιν
586 1070 776 1123 ἑαυτὸν
821 1069 1105 1142 παρέχειν,
1148 1071 1268 1125 καθ’
1296 1071 1326 1125 ὃ
1369 1075 1402 1144 ἡ
1450 1072 1678 1126 ἑκάστου
1723 1071 1947 1144 δύναμις

376 1163 549 1233 ,χωρεῖ
581 1161 680 1232 τῆς
705 1161 867 1216 αὑτοῦ
898 1160 1149 1232 θεότητος
1178 1163 1603 1235 μεταλαγχάνειν
1624 1180 1638 1193 ·
1670 1163 1768 1233 τῆς
1799 1179 1952 1235 τρισ-

382 1252 657 1325 μακαρίας
677 1253 890 1317 ἐλπίδος
910 1253 1003 1308 καὶ
1027 1254 1129 1324 τῆς
1152 1254 1511 1326 ἀτελευτήτου
1537 1255 1632 1308 καὶ
1670 1254 1945 1326 ἀφθάρτου

379 1341 530 1415 ζωῆς
553 1345 611 1400 ὲν
632 1344 803 1416 τούτῳ
827 1344 1306 1417 καταστησομένης
1326 1345 1404 1417 τῷ
1430 1346 1594 1411 τέλει,
1624 1347 1681 1398 ἐν
1710 1338 1753 1413 ᾧ
1786 1347 1815 1397 ὁ
1851 1346 1948 1414 μὲν

372 1434 513 1500 ’Θεὸς
542 1434 695 1490 ἔσται
740 1437 917 1492 πάντα
952 1440 1011 1493 ὲν
1055 1440 1188 1492 πᾶσι
1233 1437 1367 1508 (15),
1399 1439 1520 1500 ταῖς
1567 1436 1666 1506 τῆς
1699 1436 1949 1507 θεότητος

378 1525 544 1579 αὐτοῦ
589 1532 976 1600 μαρμαρυγαῖς
1014 1531 1237 1585 ἀλέκτου
1284 1529 1461 1597 φωτὸς
1506 1527 1793 1601 ἐμπιπλῶν
1821 1529 1946 1591 τοὺς

379 1616 609 1682 πάνταςο
632 1622 660 1674 ὁ
675 1621 733 1673 δὲ
759 1621 884 1686 Υἱὸς
904 1623 1328 1694 ὲναγαλλόμενος
1355 1622 1449 1675 καὶ
1480 1622 1684 1693 χαίρων
1715 1619 1791 1691 τῷ
1816 1638 1948 1675 κατ-

383 1709 662 1783 ορθώματι
680 1751 695 1775 ,
732 1713 994 1781 στεφάνου
1023 1714 1179 1784 δίκην
1223 1711 1574 1785 περιθέμενος
1603 1714 1728 1776 τοὺς
1759 1712 1825 1766 δι’
1851 1713 1949 1766 αύ-

378 1801 475 1855 τοῦ
518 1803 621 1873 τῆς
655 1804 1053 1877 μακαριότητος
1099 1804 1460 1876 ἠξιωμένους,
1497 1803 1602 1857 ὑπὸ
1642 1803 1821 1875 ὲφόρῳ
1867 1802 1947 1874 τῷ

2058 627 2177 666 rum
2223 613 2390 679 Deus,
2418 628 2539 667 cum
2572 614 2624 667 in
2665 612 2919 683 populum
2957 612 3058 668 sibi
3082 627 3272 669 omnes
3304 619 3618 687 appropria-

2057 705 2213 759 verit.
2260 705 2374 760 Non
2421 716 2597 760 autem
2638 706 2742 759 erit
2784 705 2851 760 ad
2889 719 3013 760 eum
3077 705 3293 761 modum
3340 705 3396 760 in
3440 707 3613 776 ipsis,

2050 794 2497 861 quemadmodum
2544 794 2740 850 dicitur
2770 795 2823 848 in
2869 792 3006 848 Filio
3032 808 3173 859 esse,
3199 794 3266 849 de
3295 810 3403 864 quo
3432 796 3612 861 docet,

2048 884 2213 939 Pater
2248 886 2303 938 in
2341 902 2441 950 me,
2469 897 2519 941 et
2555 902 2647 956 ego
2691 887 2746 940 in
2777 884 2939 941 Patre
2957 886 3043 955 '°;
3070 887 3249 941 omnia
3278 897 3458 942 autem
3500 896 3612 943 tum

2048 976 2154 1031 illis
2180 977 2314 1043 erit,
2357 976 2496 1046 quod
2527 993 2586 1033 se
2634 988 2742 1032 tum
2793 978 3045 1033 omnibus
3083 979 3400 1047 exhibebit,
3453 987 3616 1048 prout
3680 974 3685 981 ’

2048 1067 2463 1137 uniuscujusque
2508 1066 2738 1122 facultas
2786 1067 2930 1123 illius
2980 1069 3236 1124 deitatem
3276 1079 3454 1138 potest
3515 1085 3611 1125 ca-

2044 1172 2174 1225 pere
2201 1196 2218 1222 ,
2246 1174 2367 1212 cum
2396 1172 2520 1228 spes
2552 1159 2899 1215 beatitudinis
2944 1169 2998 1215 et
3036 1162 3161 1216 vita:
3198 1161 3616 1219 interminabilis

2046 1260 2097 1302 et
2130 1250 2552 1319 incorruptibilis
2587 1251 2642 1304 in
2682 1266 2749 1306 eo
2781 1253 2885 1308 sita
2925 1252 2995 1307 sit
3031 1253 3136 1305 line
3161 1293 3179 1318 ,
3218 1253 3433 1321 quando
3473 1253 3615 1309 Deus

2043 1338 2258 1394 futurus
2298 1352 2384 1396 est
2435 1342 2613 1395 omnia
2665 1342 2721 1396 in
2768 1344 3050 1407 omnibus.
3093 1344 3388 1412 adimplens
3427 1359 3615 1399 omnes

2046 1427 2213 1483 radiis
2237 1443 2349 1483 sua:
2379 1430 2596 1487 deitatis
2638 1429 3014 1487 indelicientis.
3055 1432 3223 1488 Filius
3258 1443 3437 1489 autem
3486 1445 3615 1488 tunc

2045 1520 2321 1574 exsultans
2374 1522 2606 1590 gaudio,
2665 1531 2723 1577 et
2786 1523 2951 1578 veluti
3011 1525 3334 1580 victoriosus
3408 1526 3613 1581 athleta

2046 1612 2533 1680 triumpliabundus
2592 1629 2791 1669 corona
2845 1597 3031 1670 eorum
3092 1616 3428 1685 redimietur,
3475 1632 3614 1687 quos

2046 1699 2376 1756 beatitudine
2424 1704 2615 1774 dignos
2657 1705 2888 1771 habitos,
2938 1705 3099 1761 Patre
3160 1721 3258 1762 suo
3299 1717 3611 1777 spectante,

2046 1806 2212 1862 regno
2264 1793 2591 1850 indelicienti
2633 1807 2686 1850 et
2727 1811 2831 1849 non
2888 1797 3243 1853 veterascenti
3300 1814 3615 1855 remunera-

378 1894 573 1967 Πατρὶ,
599 1894 697 1966 τὴν
728 1875 919 1968 ἀγήρω
946 1875 1039 1950 καὶ
1071 1875 1422 1967 ἀτελεύτητον
1453 1894 1750 1949 διατελέσει
1785 1894 1943 1965 βασι-

2044 1892 2199 1938 turus
2229 1894 2332 1939 est.
2372 1885 2608 1954 lmpletis
2642 1890 2706 1941 de
2730 1902 2796 1942 eo
2828 1897 2939 1941 tum
2972 1888 3169 1944 divinis
3208 1890 3464 1956 oraculis,
3490 1905 3614 1945 cum

375 1985 546 2050 λείαν,
572 1986 681 2041 τῶν
721 1987 849 2059 περὶ
885 1987 1047 2041 αὑτοῦ
1079 1987 1273 2056 λογίων
1303 1985 1603 2058 τηνικαῦτα
1650 1984 1945 2057 πληρωθη-

373 2076 641 2149 σομένων,
669 2078 775 2131 τῶν
812 2095 870 2131 τε
900 2078 1097 2141 ἄλλων,
1131 2079 1270 2150 ἄταρ
1314 2078 1379 2148 δὴ
1408 2079 1500 2131 καὶ
1522 2077 1629 2132 τῶν
1655 2076 1749 2130 τοῦ
1782 2074 1948 2146 ἀγγέ-

374 2167 471 2223 λου
492 2169 733 2241 Γαϐριὴλ
765 2169 900 2242 πρὸς
930 2171 1032 2241 τὴν
1059 2170 1324 2238 παναγὶαν
1350 2169 1621 2241 Παρθένον
1645 2168 1946 2240 εἰρημένων

377 2259 511 2330 περὶ
540 2258 638 2314 τοῦ
663 2260 721 2327 ἐξ
753 2260 924 2331 αὐτῆς
942 2259 1356 2332 τεχθησομένου,
1400 2260 1495 2327 Ὡς
1517 2259 1632 2329 ἄρα
1651 2261 1945 2326 βασιλεύ-

370 2364 474 2406 σει
515 2353 604 2418 εἰς
653 2351 795 2417 τοὺς
830 2351 1072 2418 αἰῶνας,
1106 2352 1207 2406 καὶ
1251 2352 1364 2421 τῆς
1408 2354 1730 2421 βασιλείας
1759 2353 1946 2409 αὐτοῦ

376 2445 491 2499 οὐκ
522 2442 695 2498 ἐσται
722 2443 917 2510 τέλος.
946 2443 1251 2498 Βασιλεύων
1277 2444 1388 2515 (16)
1414 2445 1478 2515 δὴ
1498 2445 1617 2499 τότε
1639 2448 1669 2499 ὀ
1695 2447 1824 2511 Υἱὸς
1849 2444 1945 2499 τοῦ

376 2532 514 2587 θεοῦ
541 2533 669 2598 τοὺς
701 2533 793 2587 ὑπ’
821 2532 969 2604 αύτῷ
997 2532 1441 2603 βασιλευομένους
1467 2533 1762 2606 πάνταςτῷ
1783 2534 1945 2588 αὐτοῦ

379 2625 688 2696 παραδώσει
719 2624 914 2696 Πατρὶ,
941 2625 1002 2678 οὐ
1028 2624 1360 2695 παυσόμενος
1390 2625 1488 2691 τῆς
1515 2624 1806 2694 βασιλείας,
1838 2626 1946 2679 οὐδ’

376 2717 674 2789 ἀναχωρῶν
705 2717 903 2788 αὐτῆς·
933 2717 1052 2769 οὐδὲ
1086 2717 1193 2787 γὰρ
1228 2715 1494 2769 παύεσθαι
1535 2715 1697 2770 αὐτὸν
1723 2717 1821 2786 τῆς
1856 2716 1948 2787 βα-

375 2807 584 2872 σιλείας
618 2810 647 2863 ὁ
680 2807 819 2872 θεῖος
863 2807 1176 2868 Ἀπόστολος
1208 2807 1310 2878 ἔφη
1351 2807 1482 2877 (17),
1525 2801 1561 2878 ἦ
1610 2805 1718 2877 γὰρ
1752 2807 1817 2861 ἂν
1854 2809 1948 2863 τά-

377 2897 568 2954 ναντία
595 2898 800 2974 ἔγραψε
828 2899 904 2969 τῷ
930 2898 1169 2971 Γαϐριὴλ
1202 2899 1313 2968 (18)
1340 2898 1657 2952 Θεσπίσαντι
1687 2897 1823 2969 πρὸς
1851 2898 1948 2969 τὴν

374 2991 647 3063 Παρθένον
686 2988 1023 3061 βασιλεύσειν
1054 2989 1214 3042 αὐτδν
1244 2991 1324 3051 εἰς
1352 2990 1475 3052 τοὺς
1504 2987 1704 3051 αἰῶνας
1730 2986 1824 3040 καὶ
1848 2988 1948 3057 τῆς

377 3079 652 3149 βασιλείας
688 3081 851 3136 αὐτοῦ
886 3080 996 3153 (19)
1032 3078 1105 3153 μὴ
1139 3080 1353 3134 ἔσεσθαι
1384 3080 1552 3144 τέλος,
1589 3078 1723 3133 ἀλλά
1765 3094 1945 3150 παρα-

369 3171 567 3226 δώσειν
608 3173 707 3244 τὴν
739 3172 1045 3243 βασιλείαν,
1076 3172 1278 3244 δηλαδὴ
1311 3172 1435 3238 τοὺς
1480 3172 1573 3223 ὑπ’
1600 3170 1748 3243 αύτῷ
1795 3170 1944 3241 βασις
1971 3207 2018 3269 c

375 3262 693 3335 λευομὲνους
715 3263 793 3334 τῷ
813 3263 931 3333 Θεῷ
953 3263 1047 3317 καὶ
1073 3263 1265 3335 Πατρί.
1287 3263 1682 3328 Τελειωθὲντας
1710 3263 1820 3334 γὰρ
1849 3263 1943 3317 ὐπ’

374 3354 524 3423 αύτῷ
566 3355 689 3419 τοὺς
733 3356 957 3419 πάντας,
990 3354 1187 3408 ὡσανεὶ
1236 3355 1347 3425 (20)
1395 3355 1813 3427 φαεδρυνομένος
1867 3354 1947 3425 τῷ

375 3441 776 3515 κατορθώματι,
807 3440 1116 3516 παραδώσει
1152 3442 1232 3512 τῷ
1260 3443 1431 3512 Πατρί
1450 3459 1464 3472 ·
1496 3438 1585 3496 οἶά
1615 3460 1738 3496 τινα
1769 3460 1948 3513 παρα-

372 3534 547 3605 θήκην
578 3532 1034 3606 ἀποδεδεγμένος⁸
1069 3534 1098 3586 ὃ
1132 3534 1242 3604 (ﬁl)
1270 3533 1334 3604 δὴ
1359 3533 1601 3586 διδάσκει
1642 3533 1820 3603 λέγων
1850 3530 1948 3587 α’ὐ-

370 3626 481 3691 τὸς,
527 3624 726 3680 Πάντα
758 3642 861 3694 μοι
888 3624 1183 3695 παρεδόθη
1219 3624 1335 3678 ὑπὸ
1379 3623 1485 3677 τοῦ
1517 3627 1745 3693 Πατρός
1789 3642 1941 3695 patr

367 3717 454 3770 διὸ
476 3717 803 3781 ἀκολούθως,
828 3713 914 3771 οἷα
943 3717 1114 3787 φύλαξ
1134 3716 1355 3786 ἀγαθὸς,
1386 3715 1527 3768 σῶαν
1554 3716 1647 3770 καὶ
1674 3717 1785 3786 (£2)
1807 3716 1947 3770 κατά

298 3800 301 3801 ν
376 3806 552 3862 πάντα
582 3807 899 3881 ἐρρωμένην
931 3811 1029 3881 τὴν
1064 3808 1390 3881 παραθήκην
1422 3808 1603 3880 φέρων
1635 3807 1946 3879 παραδώσει

371 3899 453 3973 τῷ
478 3899 596 3971 Θεῷ
630 3902 764 3971 (25),
807 3903 1108 3974 ἀρχιερέως
1150 3901 1327 3972 δίκην,
1368 3904 1495 3966 τοὺς
1529 3900 1621 3954 ὑπ’
1650 3899 1797 3971 αὐτῷ
1830 3899 1944 3972 (24)

383 3976 750 4065 ἰερουμένῖιυς,
779 3993 985 4058 πάντας
1007 3992 1378 4064 λευχείμονας,
1425 3995 1518 4048 καὶ
1542 3991 1783 4065 ὡσπερεὶ
1809 3992 1947 4064 λαμ-

373 4084 673 4158 προτάταις
716 4086 927 4150 στολαῖς
970 4090 1079 4151 τοίς
1124 4086 1223 4157 τῆς
1267 4086 1613 4149 ἀναστάσεως
1650 4084 1946 4158 άφθάρτοις

376 4176 623 4248 σώμασιν
672 4177 1140 4249 ὲξαστράπτοντας
1193 4177 1470 4250 παριστῶν
1523 4175 1692 4247 αὐτῷ,
1746 4177 1835 4230 ἵνα
1870 4177 1946 4249 μὴ

375 4269 547 4340 μόνης
576 4269 675 4340 τῆς
698 4271 791 4323 ὑπ’
815 4268 962 4341 αὐτῷ
986 4270 1261 4340 βασιλείας
1288 4260 1651 4338 ἀπολαύωσιν,
1683 4270 1821 4324 ἀλλὰ
1854 4272 1947 4325 καὶ

372 4356 483 4412 τῶν
530 4357 626 4411 τοῦ
677 4358 889 4431 Πατρὸς
951 4360 1204 4432 ἀρρήτων
1265 4361 1484 4430 ἀγαθῶν
1544 4360 1941 4431 ὲμπιπλῶνται.

369 4446 530 4503 Οὕτω
560 4448 667 4521 γὰρ
691 4450 861 4516 ἔσται,
884 4452 1023 4504 κατά
1041 4452 1131 4505 τὸν
1148 4452 1480 4518 Ἀπὸστολον,
1499 4453 1556 4507 ’0
1585 4453 1728 4517 Θεὸς
1752 4451 1947 4506 πάντα

2046 1974 2164 2029 aliis
2199 1985 2308 2029 tum
2349 1976 2440 2031 illo
2465 1976 2732 2033 Gabrielis
2760 1980 2938 2049 angeli
2965 1979 3032 2035 ad
3060 1981 3455 2036 sanctissimam
3490 1982 3614 2038 Vir—

2042 2066 2220 2134 ginem
2254 2072 2312 2129 is
2338 2068 2545 2135 prolato
2574 2071 2639 2124 de
2661 2068 2800 2124 Filio
2822 2085 2889 2125 ex
2910 2085 2973 2126 ea
3007 2074 3433 2141 progenerando,
3462 2073 3615 2139 Quod

2043 2167 2356 2227 regnaturus
2380 2159 2450 2212 sit
2484 2160 2537 2212 in
2573 2171 2843 2228 (sternam,
2871 2172 2921 2215 et
2958 2164 3104 2233 regni
3129 2164 3243 2231 eius
3283 2181 3387 2219 non
3416 2168 3515 2218 erit
3547 2166 3617 2234 [i-

2044 2249 2218 2304 nis“.
2262 2247 2514 2318 Regnans
2555 2264 2621 2304 eo
2651 2260 2891 2321 tempore
2931 2252 3022 2308 Dei
3068 2251 3260 2320 Filius,
3304 2269 3492 2311 omnes
3519 2271 3615 2311 eos

2044 2340 2136 2409 qui
2168 2339 2267 2394 sub
2300 2341 2415 2410 ipso
2454 2349 2578 2408 sunt
2608 2344 2880 2411 regnaturi
2927 2344 3220 2400 traditurus
3252 2356 3337 2400 est
3372 2356 3482 2401 tum
3516 2362 3616 2402 suo

2045 2430 2190 2485 Patri
2216 2449 2232 2487 :
2255 2447 2358 2487 non
2387 2434 2600 2502 quidem
2629 2435 2881 2491 desinens
2911 2436 3025 2506 ipse
3048 2451 3275 2508 regnare
3300 2438 3613 2526 aliquando,

2048 2536 2148 2578 nec
2186 2526 2374 2594 quovis
2409 2536 2651 2596 tempore
2688 2544 2853 2601 regno
2900 2545 2960 2584 se
2994 2532 3251 2588 abdicans
3293 2533 3428 2604 (nec
3468 2533 3615 2588 enim

2046 2608 2275 2685 regnare
2332 2617 2626 2672 desiturum
2683 2621 2975 2690 aliquando
3025 2639 3148 2679 eum
3196 2625 3408 2681 divinus
3466 2627 3615 2695 Apo-

2045 2706 2216 2762 etolus
2240 2706 2556 2775 aﬂirmavit;
2584 2709 2661 2766 ita
2695 2714 2841 2767 enim
2867 2712 3104 2772 Gabrieli
3128 2719 3396 2773 contraria
3428 2730 3617 2789 protu-

2045 2797 2196 2854 lisset
2241 2800 2332 2870 qui
2386 2800 2584 2873 Virgini
2621 2805 2793 2869 dixit,
2843 2816 3188 2875 regnaturum
3238 2809 3384 2864 illum
3421 2811 3473 2864 in
3512 2825 3616 2866 saa-

2045 2890 2204 2955 cula,
2244 2906 2345 2946 nec
2387 2892 2624 2948 futurum
2664 2895 2950 2965 aliquando
2974 2901 3139 2970 regni
3190 2899 3334 2956 illius
3372 2901 3615 2975 linem);

2045 2981 2142 3036 sed
2171 2981 2310 3037 dixit
2345 2985 2665 3040 traditurum
2712 3002 2937 3058 regnum
2972 3004 3127 3044 suum
3166 2990 3349 3058 Patri,
3387 2992 3492 3049 hoc
3532 3002 3620 3050 est

2045 3071 2169 3127 illos
2197 3072 2253 3126 in
2285 3088 2422 3143 quos
2452 3077 2727 3132 obtinebat
2761 3094 3003 3149 regnum.
3032 3080 3441 3140 Consummatos
3469 3086 3616 3141 enim

2047 3164 2115 3217 ab
2153 3164 2270 3232 ipso
2295 3166 2437 3230 illos,
2463 3178 2517 3221 et
2548 3177 2802 3238 tanquam
2835 3187 2933 3225 suo
2959 3172 3193 3241 glorioso
3215 3173 3459 3230 facinore
3490 3176 3617 3231 illu-

2046 3263 2267 3321 stratos,
2309 3255 2460 3312 Patri
2486 3262 2679 3325 tradet,
2722 3272 2973 3332 tanquam
3003 3265 3269 3332 quoddam
3305 3266 3612 3336 depositum

2046 3345 2392 3401 manifestum
2433 3367 2446 3401 :
2480 3352 2622 3418 quod
2661 3361 2716 3406 et
2750 3352 2865 3421 ipse
2904 3354 3060 3408 docet
3097 3356 3381 3424 inquiens:
3419 3357 3616 3414 Omnia

2046 3438 2179 3491 mihi
2215 3442 2413 3495 tradita
2455 3454 2576 3497 sunt
2616 3461 2649 3497 α
2694 3442 2856 3499 Patre
2886 3462 2998 3501 meo
3018 3449 3086 3502 ι’.
3137 3448 3402 3515 Quocirca
3451 3451 3617 3507 veluti

2044 3528 2251 3599 probus
2288 3532 2516 3601 depositi
2560 3544 2773 3601 custos,
2813 3537 3112 3607 depositum
3154 3539 3363 3595 salvum
3407 3553 3615 3598 sartum

2049 3630 2359 3692 tectumque
2384 3626 2659 3681 exhibebit
2683 3628 2812 3694 Deo,
2836 3631 2903 3685 ad
2931 3632 3099 3685 instar
3125 3630 3405 3688 Pontiﬁcis
3428 3648 3618 3691 omnes

2047 3712 2183 3768 albis
2209 3718 2455 3780 amictos,
2479 3729 2534 3773 et
2566 3723 2883 3789 corporibus
2915 3722 3332 3790 immortalibus,
3362 3736 3615 3795 tanquam

2047 3805 2198 3861 atolis
2226 3809 2627 3864 candidissimis
2658 3812 2929 3867 radiantes
2959 3812 3031 3867 illi
3070 3813 3120 3867 in
3151 3830 3344 3870 manus
3371 3817 3614 3884 tradens,

2046 3906 2107 3951 ut
2140 3913 2247 3952 non
2285 3900 2446 3955 modo
2481 3903 2579 3956 sub
2620 3902 2707 3956 illo
2738 3900 2989 3958 fruantur
3020 3919 3216 3977 regno,
3261 3907 3357 3961 sed
3393 3909 3617 3976 insuper

2046 3989 2328 4058 adimpleri
2392 3992 2601 4060 possint
2656 3990 3011 4050 lneﬂ'abilibus
3068 3996 3244 4052 Patris
3282 3996 3363 4051 sui
3417 3997 3612 4053 bonis:

2046 4090 2208 4148 atque
2246 4083 2320 4135 ita
2370 4082 2582 4139 futurus
2618 4096 2721 4151 est,
2745 4087 3042 4141 secundum
3094 4087 3336 4155 Apostoli
3368 4089 3571 4143 dictum
3596 4127 3616 4155 ,

2048 4170 2186 4226 Deus
2227 4175 2406 4227 omnia
2443 4176 2498 4228 in
2544 4176 2781 4231 omnibus
2805 4177 2852 4209 “
2876 4216 2892 4242 ,
2932 4192 3056 4232 cum
3105 4163 3145 4231 Ιυς
3153 4178 3275 4234 ilius
3312 4193 3441 4235 suos
3481 4182 3613 4236 sub-

2047 4262 2185 4316 ditos
2216 4275 2699 4333 repraesentaturus
2724 4277 2809 4323 est
2836 4267 2959 4337 ipsi,
2989 4277 3047 4322 ut
3077 4269 3193 4339 ipse
3211 4268 3372 4324 Pater
3389 4284 3616 4340 pernm-

2045 4354 2133 4408 nia
2165 4355 2237 4409 sit
2263 4354 2317 4409 in
2347 4358 2601 4411 omnibus
2622 4360 2825 4413 omnia.
2852 4357 2984 4413 Nam
3009 4369 3069 4413 ut
3100 4368 3219 4414 erat
3248 4361 3365 4431 ipse
3392 4363 3442 4413 in
3474 4360 3614 4417 Filio

2045 4458 2142 4499 suo
2155 4445 2470 4516 olim,juxta
2504 4448 2629 4501 illud
2654 4464 2669 4501 :
2704 4446 2935 4503 Peterin
2955 4467 3053 4513 me,
3081 4459 3129 4504 et
3142 4466 3234 4519 ego
3255 4452 3310 4504 in
3330 4451 3492 4505 Patro
3517 4452 3564 4484 ἰ
3593 4493 3612 4521 ,

367 4540 441 4595 ἐν
476 4541 625 4596 πᾶσι
646 4582 661 4607 ,
712 4542 804 4596 τοῦ
854 4542 980 4597 Υἱοῦ
1013 4545 1136 4608 τοὺς
1173 4544 1615 4616 βασιλευομένους
1644 4545 1944 4615 προσάγον-

2046 4538 2114 4591 ad
2140 4540 2385 4595 eumdem
2418 4544 2633 4597 modum
2656 4545 2760 4599 erit
2785 4553 2897 4597 tum
2925 4543 2978 4597 in
3012 4545 3262 4599 omnibus
3285 4559 3384 4614 per
3416 4535 3611 4600 Filium

369 4648 462 4697 τος
486 4631 653 4705 αὐτῷ,
682 4634 767 4688 ἵνα
802 4634 922 4688 ὅλον
943 4634 1103 4689 τοῦτο
1129 4636 1372 4707 γένηται,
1400 4637 1543 4705 λέγω
1569 4636 1625 4689 δὲ
1661 4636 1938 4707 τδὶΠάντα

369 4648 462 4697 τος
486 4636 653 4705 αὐτῷ,
682 4636 767 4688 ἵνα
802 4636 922 4688 ὅλον
943 4636 1103 4689 τοῦτο
1129 4636 1372 4707 γένηται,
1400 4637 1543 4705 λέγω
1569 4636 1625 4689 δὲ
1661 4653 1691 4689 τ
1753 4637 1938 4690 Πάντα

368 4725 429 4780 ἐν
458 4728 621 4782 πᾶσιν
648 4723 788 4783 εἶναι
823 4728 914 4783 τὸν
954 4729 1191 4800 Πατέρα.
1231 4730 1318 4791 Ὠς
1342 4728 1449 4800 γὰρ
1486 4724 1553 4799 ἦν
1589 4636 1853 4895 πρόὲν
1879 4728 1938 4780 ὲν

368 4813 445 4885 τῷ
474 4814 605 4886 Υἰῷ,
635 4818 776 4872 κατά
804 4817 886 4882 τὸ,
926 4816 989 4870 '0
1028 4817 1233 4886 Πατὴρ
1262 4817 1332 4871 ἐν
1352 4817 1503 4886 ἐμοὶ,
1547 4815 1709 4885 κάγὼ
1859 4813 1938 4879 τῷ

367 4813 445 4885 τῷ
474 4814 605 4886 Υἰῷ,
635 4818 776 4872 κατά
804 4817 886 4882 τὸ,
926 4816 989 4870 '0
1028 4817 1233 4886 Πατὴρ
1262 4817 1332 4871 ἐν
1352 4817 1503 4886 ἐμοὶ,
1547 4815 1709 4885 κάγὼ
1746 4813 1815 4886 ᾲ·
1859 4813 1938 4879 τῷ

2042 4635 2450 4690 consummatis.
2494 4634 2608 4691 Non
2636 4637 2779 4691 enim
2810 4638 3101 4705 Apostolus
3130 4638 3281 4699 dixit,
3310 4636 3506 4691 Filium
3553 4652 3615 4692 se

2043 4737 2143 4777 suo
2178 4739 2344 4793 regno
2376 4728 2751 4782 abdicaturum
2791 4740 2848 4785 et
2879 4740 3227 4799 regnaturum
3264 4730 3431 4784 Deum
3462 4744 3478 4781 :
3516 4730 3613 4783 sed

2044 4813 2236 4871 Filium
2274 4817 2383 4873 Deo
2403 4829 2458 4873 et
2494 4818 2638 4874 Patri
2674 4836 2896 4890 regnum
2928 4823 3252 4877 traditurum
3281 4820 3489 4876 salvum
3520 4820 3614 4874 de-

1796 4910 1829 4945 ξ.
1856 4916 1917 4947 1::

444 4995 502 5052 νΒ
523 4989 621 5046 Ed.
640 4991 835 5060 Parit...
853 5009 973 5066 pag.
994 4994 1116 5050 187.
1191 4995 1238 5029 ⁸⁸
1262 4993 1416 5051 Joan.
1439 5009 1495 5059 ι,
1511 4991 1599 5047 38.
1676 4993 1720 5026 “
1738 4938 1946 5091 ιυέῆ

2050 4998 2139 5052 55.
2215 4999 2261 5030 ¹²
2282 4996 2413 5053 Luc.
2431 5014 2486 5065 ς,
2503 4998 2592 5053 22.
2670 5000 2753 5055 ³³1
2778 5000 2904 5057 Cor.
2928 5015 3018 5083 ιν,
3033 5001 3126 5058 ‘28.
3200 4999 3247 5034 “
3260 4997 3417 5057 Joan.
3441 5013 3497 5064 ι,
3515 4996 3609 5055 58.

581 5167 746 5248 Συίαο
765 5174 885 5248 ταῖς
906 5190 965 5226 τε
994 5172 1047 5229 θ.
1079 5182 1136 5230 et
1164 5188 1285 5229 mox
1308 5174 1568 5248 ἀλήκτου.

495 5236 550 5309 6.)
581 5236 749 5309 Vulgo
773 5239 853 5296 δέ.

1021 5383 1189 5460 unde.
1237 5383 1378 5460 Non“
1408 5396 1493 5439 est
1545 5402 1672 5460 vera
1738 5391 1922 5448 lectio.

361 5443 549 5525 Neque
570 5443 719 5525 enini
740 5448 979 5525 Gabriel,
1132 5443 1288 5508 beata
1323 5454 1482 5525 Virgo
1507 5443 1919 5517 admirabatur:

360 5517 731 5599 et_legenduui
779 5532 863 5575 est
919 5521 1297 5599 θαυμάσασαν,
1358 5517 1549 5599 sensus
1599 5541 1770 5599 patet,
1823 5549 1928 5588 vox

361 5586 735 5661 substituenda
766 5606 873 5646 non
912 5586 1172 5648 occurrit.
1224 5593 1294 5649 Il.
1350 5622 1424 5636 —
1470 5586 1613 5655 Dedi.
1648 5619 1718 5661 ex
1757 5586 1925 5659 codd.

360 5652 697 5711 θεσπίσαντι.

456 5726 521 5779 19
617 5728 668 5780 ul
870 5770 886 5787 .

454 5726 1344 5910 32%Eggﬂiﬁﬁ'ﬁﬁm
1374 5806 1534 5910 ΞἚΪΞῬ
1550 5817 1665 5910 legi
1697 5816 1933 5910 φαὶδέλὲ·

356 5863 585 5937 νόμενος
617 5863 781 5940 [quod
811 5863 931 5928 dédi
963 5863 1086 5930 cum
1108 5863 1297 5950 codd.]r
1330 5896 1344 5931 :
1378 5863 1932 5970 quo.t'l;:’ﬁ..§'§ib1-

640 5960 911 6026 ΡΑτιιοι..
958 5965 1076 6029 Gn.
1124 5967 1352 6030 XXIV.

2041 5188 2176 5245 tror,
2232 5194 2354 5234 cum
2388 5177 2566 5249 illum
2608 5186 2882 5249 tanquam
2937 5179 3259 5249 choragum,
3314 5184 3371 5233 et
3425 5176 3609 5249 atble-

2040 5261 2172 5314 tam,
2225 5260 2280 5304 et
2333 5246 2871 5316 triumphabundum,
2918 5252 2972 5304 in
3030 5246 3136 5304 ιιι)ιὶ
3183 5262 3282 5304 suo
3328 5246 3609 5319 κατορθὼ-

2037 5336 2186 5389 ματι,
2211 5330 2337 5373 ante
2377 5320 2762 5389 designaverit.
2807 5320 2879 5373 Μ.

2126 5390 2216 5462 ει)
2253 5388 2423 5459 Vulgo
2452 5390 2602 5462 deest
2629 5388 2719 5459 δή.

2123 5457 2214 5530 :2)
2242 5457 2401 5514 Κατᾶ
2429 5457 2643 5532 πάντα,
2660 5457 3077 5532 Δι)ιεοξῖ›ιςτρόει-.ον.
3113 5457 3187 5515 Μ.

2099 5527 2210 5600 (25)
2244 5527 2573 5600 Ἀρχιερέως
2608 5527 2809 5597 δίκην.
2834 5527 2946 5584 Non
2970 5541 3029 5585 ut
3069 5531 3182 5598 ipse
3223 5531 3293 5585 sit
3325 5528 3393 5583 ad
3436 5527 3609 5600 instar

2024 5597 2677 5671 pontiﬁcis,"quatiquati:
2713 5615 2901 5655 revera
2940 5603 3012 5655 sit
3064 5597 3301 5671 pontifex
3355 5615 3371 5651 :
3412 5597 3504 5671 sed
3551 5609 3611 5649 ut

2030 5667 2219 5725 salvati
2271 5667 2403 5732 sint,
2435 5670 2503 5724 ad
2553 5672 2725 5722 instar
2767 5672 3041 5741 pontiﬁcis
3068 5667 3452 5741 λευχείμονες,
3487 5667 3610 5736 lego

2032 5741 2398 5813 ἐρρωμένους,
2429 5756 2462 5813 e
2492 5740 2864 5813 superioribus
2887 5753 2942 5795 et
2975 5740 3234 5813 ὡσπερεί.
3256 5740 3352 5813 ΔΜ.

2099 5794 2215 5884 ἀί)
2245 5794 2410 5880 Vulgo
2438 5794 2994 5881 ὲρουμένουςίειήιιιολ
3031 5811 3105 5874 ὼς
3133 5794 3283 5881 ’περὶ

3257 5967 3337 6025 33
