4098 6398
402 352 540 416 1057
1308 350 1403 417 DE
1441 350 1981 420 ECCLESIASTICA

2025 352 2419 423 THEOLOGIA
2461 354 2596 422 LIB:
2633 355 2723 422 lli.
3501 357 3643 414 {053

394 477 580 550 ἄρχων
625 475 719 530 καὶ
765 474 966 548 ποιμὴν
1011 468 1337 551 γενήσεσθαι
1385 482 1416 534 6
1462 480 1664 536 Aa6i6°
1720 485 2012 543 ὲπικεκαυ

2028 464 2051 543 ί
2078 492 2222 551 patet
2254 487 2396 554 quod
2424 485 2588 540 David
2617 491 2776 541 etate
2802 480 2957 551 longe
2978 478 3336 536 antecedebat
3362 477 3479 534 haec
3507 487 3646 533 tem-

395 567 685 639 λυμμένως
715 568 952 623 ἐνταῦθα
977 570 1071 623 τοῦ
1093 571 1257 624 Δαόὶδ
1289 572 1381 625 τὸν
1402 573 1638 645 Χριστὸν
1664 574 1969 645 αἰνιττομέ⁴

2072 588 2221 642 pora.
2245 575 2457 630 Clarius
2484 576 2598 629 haec
2623 576 2738 645 ipsa
2764 572 3098 627 vaticinatur
3125 569 3331 633 Daniel.
3356 569 3445 625 ubi
3476 567 3640 623 Chri-

392 676 489 716 νου
513 651 601 714 διὰ
639 660 700 714 τὸ
737 662 801 715 ὲκ
836 661 1149 734 σπέρματος
1169 663 1335 717 αὐτοῦ
1370 666 1673 734 γεγονέναι.
1716 667 1888 721 Τοῦτο
1909 663 1969 722 δὲ

2070 675 2212 719 stum
2235 666 2467 736 appellat
2500 664 2699 718 Filium
2728 663 2972 728 hominis,
3011 676 3117 732 quo
3144 661 3360 717 nomine
3388 659 3642 728 frequen-

393 751 553 822 δῆλον
594 753 659 806 ὲκ
702 751 797 806 τοῦ
851 753 1272 826 πῳτεθνηκέναι
1307 756 1400 811 τὸν
1438 757 1601 812 Δαϐὶδ
1633 758 1728 813 τοῦ
1754 760 1967 831 χρόνου,

2088 772 2154 813 er
2179 758 2232 811 in
2261 756 2565 827 Evangeliis
2595 767 2907 827 usurpatur.
2940 755 3032 809 Ait
3054 762 3235 809 autem
3267 767 3283 807 :
3310 751 3640 821 Aspiciebam
3700 790 3706 803 ..

392 839 519 896 καθ’
544 834 609 897 ’ὃν
634 844 786 898 ταῦτ’
807 834 1041 915 ἐλέγετο.
1088 848 1431 920 Σαφέστερον
1457 850 1513 903 δὲ
1540 850 1713 905 ταῦτα
1737 853 1831 906 καὶ¹
1862 854 1969 906 Δα-

2110 865 2126 903 :
2154 849 2347 904 visione
2379 850 2567 914 noctis,
2603 860 2650 903 et
2675 864 2792 903 ecce
2810 864 2929 903 cum
2952 846 3172 900 nubibus
3202 844 3313 899 caeli
3354 845 3506 913 quasi
3547 840 3641 894 Fi—
3717 833 3727 856 ³

395 934 515 1006 νιὴλ
559 937 588 989 6
627 929 910 1010 προφήτης
943 937 1225 1004 θεσπίζει,
1270 940 1363 993 τὸν
1402 942 1638 1013 Χριστὸν
1679 942 1774 997 τοῦ
1809 943 1968 1011 Θεοῦ,

2069 941 2172 996 lius
2204 943 2427 997 hominis
2458 943 2726 1007 veniebat;
2749 953 2796 996 et
2826 956 2988 1011 usque
3016 937 3086 992 ad
3122 937 3404 1007 Antiquam
3434 936 3637 989 dierum

403 1024 541 1079 Υἱὸν
565 1024 876 1093 ἀνθρώπου
903 1018 1183 1097 ὀνομάζων
1209 1029 1419 1093 λευκῶς
1438 1069 1453 1092 ,
1482 1020 1654 1095 οὕτως
1682 1027 1775 1087 οὖν
1809 1033 1905 1087 καὶ⁹
1934 1034 1969 1104 ἡ

2069 1036 2295 1103 pervenit
2318 1050 2339 1099 ;
2359 1043 2406 1088 et
2432 1034 2487 1086 in
2510 1043 2786 1101 conspectu
2811 1032 2925 1102 ejus
2966 1030 3262 1084 obtulerunt
3286 1043 3437 1093 eum;
3476 1037 3524 1080 et
3548 1027 3641 1079 de-

391 1116 501 1171 τῶν
524 1110 687 1188 ίερῶν
700 1117 1047 1187 Εὐαγγελίων
1068 1119 1257 1173 εἴωθεν
1276 1116 1434 1175 αὑτὸν
1453 1123 1743 1177 ἀποκαλεῖν
1763 1126 1970 1197 γραφή.

2070 1124 2150 1174 dit
2190 1122 2240 1175 ei
2292 1130 2615 1191 potestatem,
2651 1131 2700 1174 et
2727 1121 2976 1174 honorem
3022 1128 3070 1172 et
3118 1133 3353 1187 regnum.
3384 1124 3435 1170 et
3463 1129 3636 1168 omnes

392 1206 555 1277 Λέγει
578 1208 635 1262 δὲ
660 1198 848 1263 τοῦτον
878 1211 969 1265 τὸν
995 1212 1193 1282 τρόπον
1213 1228 1226 1242 ·
1274 1208 1597 1283 Ἐθεώρουν
1626 1216 1695 1269 ἐν
1726 1215 1973 1286 ὁράματι

2069 1212 2267 1281 populi,
2312 1212 2482 1265 tribus
2514 1222 2563 1265 et
2602 1211 2794 1282 lingua:
2824 1210 2923 1280 ipsi
2947 1210 3189 1264 servient.
3224 1205 3466 1261 Potestas
3500 1203 3634 1274 ejus,

384 1298 501 1369 τῆς
523 1300 743 1368 νυκτός
763 1346 776 1365 ,
817 1302 914 1355 καὶ
938 1301 1067 1355 ἰδοὺ
1095 1301 1244 1371 μετὰ
1268 1294 1385 1357 τῶν·
1412 1303 1683 1374 νεφελῶν
1712 1305 1821 1360 τοῦ
1865 1307 1969 1360 οὺ-

2070 1314 2297 1372 potestas
2325 1314 2541 1367 (eterna,
2573 1320 2693 1374 quis
2723 1320 2827 1357 non
2852 1304 3141 1373 auferetur,
3184 1311 3232 1355 et
3262 1315 3479 1372 regnum
3520 1298 3637 1369 ejus

384 1394 597 1462 ραν-οῦ,
627 1388 708 1461 ὡς
746 1386 875 1461 Υἱὸς
902 1393 1215 1464 ἀνθρώπου
1249 1395 1571 1467 ἐρχόμενος
1594 1392 1673 1469 ἦν
1693 1414 1708 1429 ο
1743 1397 1840 1452 καὶ
1860 1397 1971 1464 ἕως

2070 1398 2211 1468 quod
2239 1411 2341 1449 non
2375 1404 2734 1462 corrumpetur
2748 1394 2818 1447 ”.
2856 1392 3016 1448 Vides
3048 1400 3107 1447 ut
3132 1392 3185 1446 in
3215 1390 3335 1447 istis
3388 1392 3638 1446 incurru-

390 1481 501 1537 τοῦ
555 1476 822 1537 Παλαιοῦ
887 1481 1007 1536 τῶν
1052 1476 1287 1552 ἦμερῶν
1343 1483 1573 1554 ἔφθασε
1635 1484 1735 1539 καὶ
1781 1492 1970 1555 προσ-

2017 1476 2025 1488 ’
2071 1487 2255 1558 ptibile
2276 1502 2384 1543 non
2404 1500 2713 1551 senescens,
2736 1485 2853 1541 sine
2881 1483 2988 1539 ﬁne
3009 1482 3245 1538 futurum
3266 1482 3383 1551 eius
3411 1497 3635 1552 regnum

389 1571 620 1643 ηγέχθη
642 1613 658 1637 ,
691 1572 792 1627 καὶ
811 1572 974 1640 αὐτῷ
996 1572 1176 1644 ἐδόθη
1206 1576 1246 1643 ἡ
1278 1574 1458 1646 ἀρχὴ,
1487 1576 1587 1630 καὶ
1614 1577 1654 1647 ἠ
1682 1576 1842 1647 τιμὴ,
1871 1576 1972 1632 καὶ

2070 1581 2329 1651 propheta
2384 1578 2623 1634 declaret
2669 1596 2684 1632 :
2735 1593 2841 1633 non
2882 1576 3100 1645 quidem
3137 1575 3300 1632 Verbi
3349 1574 3445 1631 Dei
3493 1573 3638 1630 illius

332 1664 339 1669 ’
391 1661 434 1733 ἠ
462 1658 754 1730 ,βασιλεία
776 1681 791 1696 ο
820 1663 920 1718 καί
952 1662 1176 1732 πάντες
1198 1670 1250 1721 οἱ
1274 1666 1433 1731 λαοὶ,
1458 1659 1668 1737 φυλαὶ,
1698 1667 1948 1738 γλῶσσα

2071 1670 2211 1742 quod
2240 1672 2294 1726 in
2320 1671 2428 1725 Deo
2449 1670 2613 1736 inest,
2637 1669 2732 1724 sed
2759 1666 2891 1722 Filii
2916 1669 3160 1723 hominis.
3190 1666 3358 1735 Quem
3388 1667 3637 1723 eumdem

384 1754 554 1822 αὐτῷ
582 1753 1045 1811 δουλεύσουσιν.
1081 1746 1163 1811 ’Ἡ
1198 1756 1450 1823 ἐξουσία
1490 1747 1681 1814 αὐτοῦ
1717 1757 1971 1825 ἐξουσία

2074 1762 2308 1818 hominis
2330 1760 2529 1817 Filium
2581 1761 2743 1817 alium
2794 1767 2853 1816 et
2885 1759 3159 1817 diuersum
3207 1772 3327 1815 esse
3364 1756 3521 1814 docet
3567 1759 3637 1813 ab

381 1844 647 1913 αἰώνιος,
691 1846 825 1915 ἥτις
866 1847 939 1901 οὐ
970 1849 1438 1917 παρελεύσεται·
1483 1849 1583 1904 καὶ
1610 1851 1650 1919 ἠ
1681 1850 1969 1916 ,βασιλεία
1996 1837 1999 1893 Ὗ

2020 1839 2303 1924 3Antiquo
2346 1856 2578 1923 dierum,
2627 1855 2718 1924 qui
2766 1870 2992 1925 regnum
3034 1853 3235 1923 accipit
3276 1861 3535 1908 aeternum
3567 1850 3638 1906 ab

389 1936 576 1991 αὐτοῦ
599 1938 671 1992 οὐ
694 1936 1163 2008 διαφθαρήσεται
1181 1928 1212 1995 .’
1247 1930 1486 2011 Συνορᾶς
1513 1940 1594 2005 ὼς
1632 1941 1726 1995 καὶ
1750 1942 1808 1996 ὲν
1845 1941 1969 1996 τοῦ·

2068 1947 2307 2018 Antiquo
2326 1947 2555 2013 dierum,
2584 1948 2687 2002 hoc
2708 1956 2791 2003 est
2821 1949 2888 2001 ab
2913 1948 3081 2019 ipsius
3107 1946 3269 2001 Patre
3297 1959 3312 1999 :
3340 1942 3434 1999 sed
3472 1942 3639 1997 hosce

387 2041 504 2089 τοις
529 2024 804 2098 ἄφθαρτον
851 2018 947 2081 καὶ
989 2027 1180 2101 ἀγήρω
1226 2029 1321 2083 καὶ
1365 2029 1721 2104 ἀτελεύτητον
1764 2032 1826 2086 οὐ
1871 2034 1965 2089 τοῦ

2066 2052 2234 2091 unum
2284 2046 2340 2092 et
2390 2043 2638 2091 eumdem
2693 2050 2814 2093 esse
2850 2035 3136 2093 Marcellus
3169 2036 3345 2101 docet,
3368 2046 3638 2102 unamque

390 2116 567 2185 Λόγου
608 2117 703 2172 τοῦ
737 2116 794 2172 ὲν
827 2117 904 2189 τῷ
932 2116 1051 2189 Θεῷ
1081 2118 1178 2191 τὴν
1222 2118 1498 2190 βασιλείαν
1539 2118 1791 2189 ἔσεσθαι,
1828 2122 1966 2179 ἀλλὰ

2064 2128 2420 2184 substantiam
2452 2127 2662 2183 duobus
2710 2127 3020 2183 nominibus
3055 2126 3388 2197 insignitum.
3431 2122 3538 2180 Sed
3579 2132 3638 2176 et

388 2207 486 2261 σωῦ
510 2205 643 2262 Υἱοῦ
692 2204 786 2263 τοῦ
835 2208 1145 2281 ἀνθρώπου,
1201 2211 1524 2283 παρίστησιν
1569 2214 1600 2267 6
1646 2216 1961 2287 ιιτροφκθιτης⁸

2066 2233 2292 2290 regnum
2325 2220 2494 2288 ipsius
2521 2218 2949 2290 circumscripsit
2985 2218 3196 2273 audax:
3220 2225 3277 2273 et
3313 2215 3456 2285 quod
3486 2213 3636 2283 regni

389 2291 578 2372 ἕτερόν
604 2317 664 2355 τε
696 2300 846 2374 παρά
871 2301 963 2356 τὸν
992 2302 1226 2358 Παλαιὸν
1263 2303 1372 2358 τῶν
1411 2297 1634 2378 ἡμερῶν
1672 2307 1857 2378 σαφῶς
1888 2309 1966 2362 δι-

2063 2311 2265 2367 Christi
2321 2311 2444 2367 linis
2484 2312 2557 2367 sit
2595 2311 2808 2367 futurus
2845 2319 2967 2380 post
2990 2309 3184 2381 iudicii
3224 2318 3485 2377 tempora.
3519 2306 3637 2363 sine

274 2447 286 2453 -
388 2390 578 2445 δάσκει
601 2391 693 2445 τὺν
715 2392 843 2447 Υίδν
872 2389 1013 2449 εἶναι
1038 2394 1132 2448 τοῦ
1164 2393 1451 2467 ἀνθρώπου
1491 2396 1584 2451 τὸν
1624 2397 1723 2470 τὴν
1751 2397 1892 2469 άφθα

2062 2403 2569 2470 omniverecundia,
2594 2401 2667 2457 ita
2697 2401 2887 2459 scribit
2916 2417 2932 2454 :
2970 2420 2990 2454 ι
3025 2400 3316 2457 Maximum
3338 2397 3495 2455 nobis
3519 2411 3634 2468 my-

389 2499 482 2536 τον
515 2482 792 2554 βασιλείαν
824 2485 978 2558 παρὰ
999 2485 1096 2540 τοῦ
1118 2486 1357 2541 Παλαιοῦ
1381 2487 1490 2543 τῶν
1515 2490 1736 2562 ἡμερῶν
1764 2492 1963 2566 δηλαδὴ

2069 2512 2090 2547 ι
2126 2495 2349 2551 sterium
2380 2496 2469 2551 hic
2498 2493 2701 2550 revelat
2725 2494 3040 2565 Apostolus,
3076 2508 3201 2548 cum
3234 2492 3377 2562 quod
3409 2504 3634 2561 regnum

390 2572 545 2645 παρὰ
579 2574 673 2629 τοῦ
712 2576 876 2630 αὑτοῦ
908 2574 1120 2651 Πατρός
1158 2578 1573 2650 ὑποδεξάμενον.
1624 2581 1784 2637 Ἀλλά
1810 2584 1965 2656 Μάρ-

2068 2602 2089 2637 ‹
2122 2586 2321 2642 Christi
2350 2586 2423 2642 sit
2458 2586 2791 2653 habiturum,
2826 2588 2989 2641 linem
3038 2585 3258 2649 indicet,
3308 2583 3468 2638 ﬁnem
3503 2595 3633 2635 vero

390 2664 578 2729 κελλος
607 2666 703 2720 ἕνα
737 2668 830 2721 καὶ
870 2664 961 2722 τὸν
1002 2667 1168 2723 αὐτὸν
1209 2666 1348 2725 εἶναι
1394 2673 1634 2746 ὁρίζεται
1680 2675 1775 2728 καὶ
1833 2675 1963 2745 μίαν

2128 2686 2259 2741 tum,
2323 2694 2439 2732 cum
2467 2674 2737 2748 'subjecta
2788 2676 2986 2746 fuerint
3042 2675 3217 2730 omnia
3272 2673 3367 2726 sub
3418 2669 3633 2739 pedibus
3740 2718 3746 2725 .

391 2754 686 2810 ὑπόστασιν
741 2757 894 2812 δυσὶν
953 2755 1214 2831 ὀνόμασιν
1261 2762 1657 2836 ὑποκειμένην·
1716 2764 1798 2819 ἐτι
1856 2766 1963 2837 μὴν

2069 2784 2089 2823 ι
2123 2770 2312 2842 ejus".
2353 2789 2373 2824 ι
2412 2770 2582 2838 Quem
2614 2784 2919 2824 sermonem
2948 2768 3016 2822 ad
3038 2768 3186 2822 hunc
3208 2766 3425 2822 modum
3455 2763 3634 2819 adhuc

390 2844 486 2898 καὶ
514 2845 613 2917 τὴν
649 2844 925 2917 βασιλείαν
964 2851 1128 2905 αὐτοῦ
1161 2854 1522 2925 περιγράφειν
1550 2855 1722 2927 τολμᾷ
1754 2854 1845 2910 καὶ
1872 2856 1961 2910 τὲ-

2062 2871 2354 2933 exaggerat
2385 2882 2398 2917 :
2442 2879 2463 2913 ι
2499 2857 2742 2916 Diximus
2783 2860 2835 2915 in
2867 2858 3312 2929 praecedentibus,
3345 2854 3632 2910 Dominum

379 2926 479 3035 Ptol;
514 2937 733 2994 ἔσεσθαι
775 2941 875 3013 τῆς
913 2943 1148 3015 Χριστοῦ
1195 2944 1472 3016 βασιλείας
1513 2926 1744 3013 ἀναιδῶς
1790 2948 1963 3013 οὕτως

2066 2972 2087 3006 ι
2120 2926 2363 3009 nostrum
2392 2952 2663 3008 Christum
2690 2953 2840 3022 regni
2868 2951 2952 3006 sui
2979 2950 3189 3006 initium
3217 2948 3468 3004 habuisse
3501 2962 3518 3002 :
3548 2943 3633 2999 usi

380 3028 746 3123 Pnocpaiverat
789 3033 926 3106 μετὰ
966 3028 1058 3089 τὸν
1108 3032 1208 3108 τῆς
1258 3038 1492 3110 κρίσεως
1523 3039 1734 3112 καιρὸν,
1774 3040 1961 3095 τοῦτον

2066 3055 2087 3092 ι
2121 3055 2306 3096 sumus
2352 3041 2419 3095 ad
2467 3041 2572 3096 hoc
2622 3040 2797 3110 ipsum
2863 3039 3248 3095 declarandum
3314 3036 3633 3094 testimoniis

380 3122 615 3190 ἐγράφων
677 3124 767 3177 τὸν
808 3126 1043 3198 τρόπον·
1091 3147 1108 3178 ι
1160 3128 1431 3196 Μέγιστον
1489 3131 1619 3199 ἡμῖν
1665 3133 1960 3203 μυστήριον
2066 3147 2086 3182 ι
2123 3129 3013 3200 Scripturarum.sAddit:«Certe
3030 3137 3319 3201 suppetunt
3348 3129 3633 3183 innumera

380 3174 415 3293 ξι
445 3211 675 3267 ἐνταῦθα
699 3215 729 3267 6
767 3215 1084 3280 Ἀπὸστολος
1112 3218 1809 3291 ἀνακαλύπτει(53),τέλος
1840 3220 1958 3275 ἔσε-
1984 3180 2027 3239 c
2068 3239 2089 3274 ι
2125 3222 2303 3289 nobis,
2359 3233 2414 3279 et
2468 3222 2686 3293 quidem
2733 3222 3093 3288 abundanter,
3128 3220 3432 3276 teetimonia
3487 3220 3634 3288 quod

394 3319 416 3354 ι
451 3302 575 3357 σθαι
634 3305 857 3374 φάσκων
902 3307 1003 3378 τῆς
1044 3309 1280 3382 Χριστοῦ
1334 3310 1644 3381 βασιλείας.
1697 3308 1847 3376 τέλος
1902 3312 1962 3367 δὲ

2067 3332 2088 3366 ι
2122 3315 2346 3370 sortitus
2371 3314 2441 3368 sit
2483 3315 2634 3385 regni
2668 3315 2749 3369 sui
2783 3314 3102 3383 principium
3150 3313 3310 3367 homo
3352 3325 3448 3379 per
3494 3308 3632 3363 Ver-

388 3412 414 3447 i
449 3394 570 3449 τότε
588 3436 604 3461 ,
648 3395 792 3451 ὅταν
833 3397 1029 3453 πάντα
1080 3400 1352 3472 ὑποταγῇ
1402 3402 1522 3457 ὑπὸ
1574 3402 1717 3469 τοὺς
1771 3399 1961 3467 πόδας

2066 3422 2087 3454 ι
2122 3403 2268 3457 bum.
2306 3409 2364 3467 ᾖ
2400 3402 2457 3458 Si
2487 3418 2616 3458 vero
2645 3403 2874 3473 sumpsit
2913 3405 3017 3457 hoc
3056 3402 3271 3456 initium
3301 3409 3427 3455 ante
3460 3413 3631 3453 annos

376 3503 413 3568 ,ι
452 3487 657 3543 αὐτοῦ.
683 3507 703 3542 ι
741 3489 852 3544 Καὶ
900 3491 1326 3564 ὲπεξεργάζεται
1366 3493 1480 3563 (54)
1526 3494 1617 3547 τὸν
1659 3492 1815 3563 λόγον
1857 3485 1962 3546 ὧδέ

2065 3511 2087 3546 ι
2123 3510 2227 3549 non
2244 3494 2427 3563 plures
2445 3509 2608 3564 quam
2629 3505 2776 3559 cccc,
2806 3494 2934 3564 quid
2954 3494 3148 3547 mirum
3166 3493 3212 3548 si
3235 3490 3523 3560 Apostolus
3538 3505 3630 3545 re-

382 3590 464 3648 ’πη
519 3577 693 3648 λέγων
710 3596 726 3611 ’
783 3600 803 3633 ι
831 3574 1081 3653 Ἔφαμεν
1139 3583 1197 3638 ὲν
1251 3586 1362 3648 τοῖς
1421 3582 1750 3656 προάγουσιν
1802 3582 1963 3656 ἡμῶν

2064 3606 2087 3640 ι
2120 3587 2325 3652 tulerit,
2357 3586 2501 3640 illum
2530 3587 2620 3657 qui
2658 3596 2783 3641 ante
2809 3596 3022 3654 tempus
3047 3599 3151 3639 non
3184 3594 3292 3638 tam
3316 3584 3629 3637 diuturnum

389 3687 409 3720 ι
450 3670 654 3741 ῥητοῖς,
710 3672 802 3725 τὸν
851 3673 1126 3744 Δεσπότην
1174 3673 1330 3745 ἡμῶν
1377 3675 1468 3728 τὸν
1512 3676 1745 3748 Χριστὸν
1786 3674 1961 3748 ἀρχὴν

2065 3699 2084 3732 ι
2120 3680 2327 3751 accepit
2365 3693 2586 3751 regnum
2632 3693 2811 3743 suum,
2857 3678 2997 3733 idem
3031 3690 3254 3747 regnum
3306 3674 3627 3729 traditurum

385 3777 411 3809 ο(
450 3758 738 3832 ἐσχηκέναι
777 3757 1070 3832 βασιλείας,
1117 3765 1183 3817 ὲκ
1219 3764 1327 3819 τῶν
1369 3764 1527 3820 θείων
1559 3767 1791 3839 Γραφῶν
1819 3770 1959 3824 ἀπο-

2064 3789 2083 3824 ι
2115 3771 2262 3826 Patri
2280 3786 2378 3826 suo
2389 3770 2440 3824 ἲ)
2460 3771 2587 3826 Post
2603 3771 2869 3841 pauca-sic
2894 3767 3091 3824 infert:
3115 3767 3285 3834 «Quid
3301 3781 3430 3834 ergo
3447 3767 3514 3821 de
3536 3766 3633 3820 hu-

385 3868 411 3901 s
448 3849 643 3918 δείξεσι
669 3848 961 3924 χρώμενοι.
1005 3848 1116 3908 Καὶ
1150 3854 1413 3926 ἐπιλέγει,
1459 3857 1555 3912 καὶ
1584 3857 1720 3922 ὅλως
1747 3859 1962 3931 μυρίων

2063 3881 2083 3915 ι
2120 3878 2275 3917 mana
2305 3863 2390 3917 illa
2426 3877 2591 3919 carne
2621 3862 2931 3926 educamur,
2967 3875 3129 3930 quam
3170 3872 3267 3929 pro
3309 3856 3464 3912 nobis
3500 3865 3630 3911 ante

384 3957 411 3992 τ
446 3940 626 4013 ῥητῶν
656 3940 794 4014 πρὸς
824 3942 1126 4015 μαρτυρίαν
1169 3945 1316 3999 ἐστὶν
1362 3946 1735 4020 εὐπορήσαντα
1764 3949 1960 4018 δείξαι,

2063 3975 2083 4009 ι
2117 3970 2286 4010 annos
2311 3956 2400 4010 vix
2422 3969 2549 4011 cccc
2573 3955 2813 4024 integros
2835 3953 3123 4022 assumpsit
3148 3951 3421 4010 Verbum?
3446 3956 3628 4018 utrum

384 4051 410 4085 ί
444 4031 526 4087 ὅτι
550 4034 723 4107 ἀρχὴν
755 4033 865 4106 (55)
898 4034 1172 4106 βασιλείας
1210 4037 1431 4110 εῑληφεν
1479 4039 1509 4091 ό
1549 4040 1832 4112 ἄνθρωπος
1868 4042 1957 4097 διὰ

2062 4063 2082 4099 ι
2122 4057 2459 4102 retenturum
2487 4047 2561 4102 sit
2591 4046 2827 4101 Verbum
2866 4047 3125 4101 eamdem
3167 4045 3221 4099 in
3248 4043 3432 4098 futuro
3454 4054 3628 4097 saeu-

387 4144 409 4178 ι
446 4126 540 4181 τοῦ
567 4123 763 4196 Λόγου.
811 4124 874 4182 El
915 4125 1007 4184 οῦν
1056 4128 1278 4203 εἴληφεν
1322 4132 1495 4204 ἀρχὴν
1542 4132 1815 4204 βασιλείας
1850 4134 1958 4207 πρὸ

2061 4154 2081 4189 ι
2122 4137 2196 4205 lo,
2248 4152 2316 4192 an
2349 4137 2684 4193 solummodo
2724 4138 2793 4191 ad
2833 4134 3023 4205 judicii
3073 4144 3301 4204 tempus.
3344 4152 3364 4186 ι
3406 4132 3475 4188 Et
3512 4134 3628 4188 haec

387 4230 410 4265 ι
444 4207 583 4269 ὲτῶν
603 4214 739 4269 ὅλων
764 4216 825 4269 οὐ
849 4215 1111 4272 πλειόνων
1134 4214 1168 4289 ἢ
1197 4219 1585 4292 τετρακοσίων,
1605 4223 1756 4277 οὐδὲν
1784 4225 1960 4297 παρά-

2056 4229 2272 4301 quidem
2305 4244 2470 4285 ausus
2486 4240 2569 4285 est
2597 4227 2878 4284 Marcellus
2904 4225 3078 4283 eﬂ'ari.
3104 4228 3174 4280 At
3202 4225 3294 4281 Dei
3328 4224 3624 4295 prepheue,

387 4322 408 4356 ι
439 4302 609 4391 δοξον,
630 4308 679 4361 εἰ
698 4308 789 4362 τὸν
803 4306 910 4383 πρὸ
930 4310 1103 4376 οὕτως
1123 4310 1306 4379 ὀλίγου
1327 4313 1518 4384 χρόνου
1543 4313 1641 4385 τῆς
1681 4314 1956 4400 βασιλείας

2056 4333 2281 4390 regnum
2307 4319 2508 4375 Christi
2534 4320 2770 4374 futurum
2801 4315 3204 4372 interminabile
3234 4314 3500 4369 deﬁniunt
3526 4329 3543 4368 :
3570 4326 3627 4367 et

384 4417 408 4452 ε
437 4400 641 4473 ταύτης
664 4404 894 4474 τυχόντα
922 4403 1279 4471 ὁἈπόστολός
1306 4424 1441 4480 φησι
1478 4406 1817 4479 παραδώσειν
1858 4409 1956 4481 τὴν

2057 4427 2085 4465 a
2117 4425 2256 4465 novo
2294 4411 2557 4480 principio
2600 4410 3012 4476 exordiendum,
3067 4416 3188 4477 post
3237 4406 3380 4461 diem
3436 4405 3622 4475 iudicii

387 4510 407 4544 ι
435 4491 706 4563 βασιλείαν
719 4494 796 4565 τῷ
810 4496 944 4568 Θεῷ.
960 4515 979 4547 ι
992 4497 1100 4550 Καὶ
1119 4496 1438 4569 προστίθησι
1457 4498 1575 4567 μεθ’
1587 4500 1673 4552 ἓτε
1682 4517 1747 4570 ρα
1761 4500 1952 4568 λέγων·
1987 4518 2005 4573 ι

2007 4518 2032 4573 )
2059 4505 2162 4559 hoc
2187 4503 2475 4558 afﬁrmant.
2498 4502 2634 4558 Nata
2662 4504 2807 4558 enim
2842 4502 2974 4557 mihi
3008 4512 3067 4554 ut
3090 4501 3349 4571 propheta
3378 4498 3625 4554 Ezechiel

387 4602 407 4635 ‹
443 4583 508 4637 Τί
536 4585 713 4639 τοίνυν
747 4586 857 4656 (56)
895 4586 1233 4658 μανθάνομεν
1290 4589 1418 4660 περὶ
1461 4590 1560 4660 τῆς
1607 4589 1956 4664 ἀνθρωπίνης

2056 4595 2344 4649 discrimen
2394 4603 2658 4664 supponat
2695 4594 2875 4647 ovium
2925 4591 3017 4647 Dei
3049 4629 3066 4654 .
3111 4599 3167 4645 et
3216 4599 3336 4659 post
3365 4589 3622 4658 judicium

385 4694 404 4727 ι
442 4676 661 4747 σαρκὸς,
690 4677 754 4748 ἣν
783 4677 850 4732 δι’
882 4680 1028 4750 ἡμᾶς
1057 4679 1274 4750 εἴληφεν
1296 4683 1325 4734 6
1347 4680 1535 4749 Λόγος,
1571 4681 1676 4752 πρὸ
1699 4699 1958 4753 τετρακο-

2058 4686 2222 4741 David
2253 4687 2320 4742 iis
2352 4699 2625 4756 pastorem
2648 4686 2927 4754 praeﬁciat,
2969 4698 3129 4752 quem
3154 4693 3206 4737 et
3238 4683 3535 4752 principem
3564 4679 3626 4731 il-

384 4787 402 4818 ι
440 4770 569 4823 σίων
606 4771 703 4841 οὐχ
735 4771 871 4825 ὅλων
906 4771 1077 4837 ὲτῶν;
1114 4773 1347 4845 Πότερόν
1387 4791 1518 4827 ποτε
1550 4774 1754 4846 ταύτην
1782 4775 1874 4829 καὶ
1898 4777 1955 4829 ὲν

2057 4780 2229 4833 lorum
2265 4779 2500 4833 futurum
2545 4778 2891 4832 vaticinatur.
2928 4774 3111 4830 Daniel
3153 4783 3331 4828 autem
3360 4773 3448 4826 ubi
3484 4783 3622 4840 pra:-

382 4880 402 4913 ‹
432 4863 543 4926 τοῖς
575 4862 855 4933 μέλλουσιν
908 4862 1097 4917 αἰῶσιν
1126 4867 1154 4918 6
1181 4865 1350 4934 Λόγος
1382 4865 1527 4932 seu;
1571 4866 1603 4937 ἢ
1632 4866 1759 4940 ἄχρι
1796 4868 1955 4939 μόνου

2057 4874 2282 4927 miserat
2311 4889 2325 4925 :
2357 4871 2694 4926 Consideravi
2730 4880 2904 4923 autem
2947 4869 3111 4922 donec
3136 4869 3310 4921 throni
3332 4876 3624 4920 statueren-

381 4971 401 5004 ι
435 4953 529 5006 τοῦ
557 4953 657 5024 τῆς
684 4955 918 5026 κρίσεως
951 4957 1142 5029 καιροῦ
1164 4974 1179 5020 ;
1206 4977 1224 5008 ι
1263 4956 1579 5028 Μάρκελλος
1605 4958 1703 5028 μὲν
1723 4954 1815 5012 οῦν
1841 4977 1952 5013 τοιο

2056 4972 2168 5025 :ur,
2225 4971 2275 5015 et
2316 4961 2571 5027 Antiquus
2618 4960 2824 5013 dierum
2858 4960 2994 5013 sedit
3032 4974 3052 5012 :
3100 4958 3457 5011 vestimentum
3508 4953 3662 5031 ejus

377 5042 516 5096 αῦτα
559 5044 737 5113 λέγειν
781 5047 985 5119 ὲτόλμα
1007 5067 1020 5079 ·
1069 5050 1118 5100 οἱ
1153 5048 1210 5101 δέ
1254 5064 1317 5116 γε
1355 5047 1448 5101 τοῦ
1494 5047 1628 5101 Θεοῦ
1674 5050 1951 5121 προφῆται

2052 5055 2332 5108 candidum
2363 5054 2514 5121 quasi
2537 5053 2647 5115 nix,
2677 5062 2725 5104 et
2765 5050 2943 5119 capilli
2967 5050 3148 5118 capitis
3177 5050 3291 5118 ejus
3322 5047 3472 5117 quasi
3499 5044 3621 5098 lana

378 5134 732 5206 ἀτελεύτητον
778 5138 869 5192 τοῦ
900 5139 1136 5211 Χριστοῦ
1183 5138 1282 5211 τὴν
1330 5139 1604 5208 βασιλείαν
1650 5140 1951 5213 ὁριζόμενοι

2051 5147 2248 5199 munda
2280 5161 2299 5198 :
2334 5146 2550 5198 thronus
2573 5144 2688 5211 ejus
2714 5143 2926 5211 ﬂamma
2950 5142 3086 5212 ignis
3116 5154 3138 5193 :
3167 5150 3295 5195 rota:
3332 5141 3444 5208 ejus
3481 5139 3616 5206 ignis

382 5224 521 5295 μετὰ
574 5225 662 5280 τὸν
706 5229 804 5299 τῆς
842 5232 1073 5301 κρίσεως
1110 5232 1299 5303 καιρὸν
1338 5231 1431 5285 τοῦ
1480 5231 1599 5285 νέου
1631 5233 1824 5295 αἰῶνος
1853 5235 1950 5306 τὴν

2052 5253 2320 5292 accensus.
2346 5236 2565 5292 Flauius
2588 5239 2722 5307 ignis
2753 5238 3063 5306 rapidusque
3081 5234 3440 5303 egrediebatur
3471 5249 3503 5283 τι
3534 5232 3617 5297 [a-

378 5316 553 5388 ἀρχὴν
584 5316 696 5388 (57)
726 5318 974 5384 καθέξειν
999 5321 1160 5377 αὐτόν
1186 5340 1337 5392 φασι.
1371 5322 1480 5376 Θέα
1510 5323 1619 5395 γὰρ
1649 5325 1679 5377 6
1707 5324 1783 5387 ὡς
1812 5343 1949 5397 προ-

2046 5322 2126 5383 cie
2158 5329 2270 5392 eius
2301 5345 2320 5383 :
2351 5332 2519 5385 millia
2568 5332 2790 5385 millium
2834 5328 3200 5381 ministrabant
3244 5326 3314 5389 ei,
3366 5334 3413 5378 et
3447 5322 3616 5377 decies

453 5460 515 5519 >14
545 5453 645 5509 Ed.
659 5455 859 5520 Paris.,
887 5473 1007 5528 pag.
1033 5459 1156 5515 190.
1228 5463 1274 5496 "
1302 5462 1435 5519 Dan.
1486 5479 1582 5530 vn,
1626 5465 1710 5535 l3,
1746 5463 1831 5521 M.
1909 5467 1954 5500 ’°
1988 5466 2007 5522 l
2035 5467 2158 5524 Cor.
2210 5485 2302 5533 xv,
2328 5468 2421 5523 28.

594 5588 767 5674 Xulgo
792 5590 1183 5674 άποκαλύπτει.

2121 5601 2233 5674 (i7)
2262 5602 2548 5668 Καθέξειν
2569 5602 2776 5674 αὐτὸν.
2807 5602 2920 5656 lmo
2960 5603 3142 5657 αὐτόν.
3167 5605 3448 5674 Christum
3469 5598 3615 5657 sci'i-

594 5656 766 5745 Σιιζιζο
788 5659 1049 5745 ῥπεξειρλί.
1072 5731 1091 5745 Ἰ
1125 5732 1150 5745 Δ
2065 5656 2229 5728 εεῖἰιῖ
2264 5656 2676 5740 futurdswculo,
2715 5656 2834 5729 novi
2868 5676 3021 5745 regni
3061 5656 3273 5729 initium
3298 5656 3615 5742 auspicatu-

597 5729 768 5804 Vulgo
791 5729 929 5804 dpx._
949 5728 1091 5804 [τῆς]
1123 5732 1247 5801 βασ.
1476 5775 1506 5804 η
2052 5760 2195 5801 rum.
2228 5749 2298 5804 ill.

473 5797 561 5870 56)
598 5799 768 5869 Vulgo
802 5797 1172 5874 μανθάνωμεν.
1469 5798 1483 5818 ¹
