4098 6398
476 382 612 436 1059

1148 379 1413 437 EUSEBII
1453 379 1930 437 C/ESARlENSlS
1967 362 2118 436 opp.
2163 381 2345 436 pnas
2384 379 2470 438 tv.
2512 413 2582 423 --
2623 380 3040 438 DOGMATICA.

3582 381 3723 440 {040

469 501 662 555 millies
695 511 910 555 centena
933 498 1102 552 millia
1143 499 1456 552 assistebant
1484 500 1564 563 ei;
1583 500 1848 568 judicium
1885 497 2016 554 sedit

2145 499 2319 571 φήτης
2365 498 2625 570 Ἰεζεκιὴλ
2673 500 2954 571 κριτήριον
2999 499 3109 552 τῶν
3141 496 3232 552 τοῦ
3261 493 3394 552 Θεοῦ
3436 496 3722 571 προϐάτων

467 605 512 648 et
544 594 661 647 libri
689 594 854 661 aperti
879 602 998 644 sunt
1022 592 1088 645 ³⁸.
1110 591 1256 656 Haec,
1289 591 1530 660 inquam,
1562 591 1651 647 ubi
1683 592 2038 661 praemiserat,

466 686 602 738 vidit
628 685 682 738 in
712 683 1065 752 sequentibus
1110 682 1306 736 Filium
1333 683 1566 737 hominis
1587 683 1887 738 venientem
1917 697 2038 738 cum

466 775 700 830 nubibus
739 774 883 839 cmli,
932 782 987 828 et
1026 789 1196 842 usque
1222 774 1288 827 ad
1317 772 1610 842 Antiqnum
1661 772 1869 828 dierum
1907 790 2036 844 pro-

464 866 796 932 gredientem
835 882 848 918 :
881 874 938 921 et
969 881 1190 936 regnum
1224 863 1632 932 incorruptibile
1660 865 2034 932 accipientem.

465 953 729 1020 Quocirca
766 954 1082 1010 dill‘erenter
1107 946 1196 1008 ille
1232 965 1366 1018 tum,
1409 965 1464 1008 et
1493 955 1662 1008 multo
1702 955 1917 1024 quidem
1945 970 2038 1009 ex-

466 1046 748 1100 cellentius
776 1060 996 1114 regnum
1020 1055 1339 1116 accepturus
1371 1056 1476 1111 est,
1521 1062 1682 1114 quam
1723 1062 1863 1101 nunc
1892 1046 2037 1100 obti-

464 1144 554 1188 net
587 1153 600 1188 :
641 1151 762 1190 nam
786 1137 838 1190 in
865 1136 983 1190 illos
1014 1136 1297 1205 imperium
1325 1147 1708 1207 consequetur,
1731 1138 1823 1206 qui
1863 1138 2035 1193 felici-

465 1236 576 1280 tate
609 1227 695 1280 illa
727 1227 1152 1282 honorahuntur.
1185 1227 1570 1282 Testimonium
1604 1227 1750 1283 hisce
1789 1228 2036 1297 perhibet

463 1317 834 1387 Evangelium,
889 1319 976 1372 ubi
1009 1319 1237 1387 ipsemet
1265 1317 1521 1372 Servator
1571 1317 1914 1388 propheticas
1937 1317 2035 1373 bas

462 1410 839 1477 praedictiones
861 1410 1164 1479 consignat,
1187 1409 1278 1462 ubi
1308 1423 1609 1463 sermonem
1635 1409 1772 1478 apud
1801 1410 2036 1479 discipu-

461 1500 546 1555 los
578 1500 759 1561 habet,
799 1499 864 1554 de
897 1500 1004 1554 ﬁne
1053 1499 1369 1553 saeculorum
1399 1515 1414 1553 :
1440 1498 1571 1552 Cum
1619 1510 1794 1553 autem
1839 1502 2036 1554 venerit

462 1590 639 1645 Filius
671 1592 894 1644 hominis
924 1592 975 1643 in
1002 1594 1274 1659 majestate
1293 1607 1412 1655 sua,
1434 1599 1482 1643 et
1513 1606 1690 1644 omnes
1722 1591 1894 1659 angeli
1915 1607 2033 1646 cum

461 1698 542 1748 eo,
569 1691 691 1734 tunc
714 1681 904 1734 sedebit
932 1695 1088 1746 super
1112 1679 1282 1733 sedem
1323 1678 1613 1747 majestatis
1659 1694 1789 1743 suae,
1837 1688 1885 1732 et
1916 1694 2036 1733 con-

460 1775 810 1842 gregabuntur
834 1783 955 1826 ante
973 1788 1089 1825 eum
1121 1787 1298 1824 omnes
1335 1780 1532 1839 gentes,
1571 1777 1620 1824 et
1651 1769 1915 1836 separabit
1944 1785 2032 1824 eos

2141 588 2474 661 ὑποθέμενος
2524 589 2664 662 μετὰ
2709 590 2806 662 τὴν
2843 590 3046 643 τούτων
3092 589 3271 661 κρίσιν
3299 589 3389 642 τὸν
3418 587 3579 641 Δαὸὶδ
3625 591 3722 643 αὑ·-

2137 684 2249 745 τοῖς
2284 681 2535 752 ἐφίστησι
2582 682 2834 752 ποιμένα,
2875 680 2969 736 καὶ
3011 680 3100 735 τὸν
3149 679 3307 734 αὐτὸν
3349 680 3581 751 ἄρχοντα
3622 679 3720 734 a6-

2137 771 2244 824 τῶν
2273 772 2491 826 ἔσεσθαι
2524 771 2788 836 θεσπίζει.
2830 769 2890 826 Ὀ
2919 770 2976 825 δὲ
2998 772 3193 844 Δανιὴλ
3219 769 3515 840 προειπὼν,
3556 771 3715 840 Ἐθεο

2137 861 2331 930 ώρουν
2383 863 2495 929 ἕως
2552 859 2692 916 ὅτου
2741 864 2937 932 θρόνοι
2979 863 3291 930 ἐτέθησαν,
3336 860 3446 932 (58)
3481 862 3580 914 καὶ
3601 864 3717 916 lla-

2134 954 2306 1021 λαιὸς
2339 953 2575 1024 ἡμερῶν
2605 954 2878 1021 ἐκάθητο,
2927 954 3024 1008 καὶ
3063 953 3131 1008 τὸ
3180 953 3409 1022 ἔνδυμα
3450 954 3560 1023 (59)
3605 955 3712 1008 αὐε-

2134 1043 2243 1098 τοῦ
2287 1045 2510 1099 λευκὸν
2551 1047 2631 1112 ὡς
2674 1044 2840 1114 χιὼν,
2889 1046 2987 1099 καὶ
3040 1047 3078 1112 ἡ
3120 1044 3253 1113 θρὶξ
3295 1044 3403 1113 τῆς
3444 1045 3714 1114 κεφαλῆς

2134 1135 2322 1188 αὑτοῦ
2359 1134 2501 1188 ὡσεὶ
2544 1133 2706 1203 ἔριον
2743 1133 3021 1204 καθαρόν.
3075 1137 3108 1187 ό
3149 1134 3358 1202 θρόνος
3386 1133 3572 1187 αὐτοῦ
3599 1133 3712 1205 (40)

2134 1223 2294 1293 φλὸξ
2319 1224 2529 1292 πυρὸς,
2556 1227 2610 1277 οἱ
2633 1223 2833 1294 τροχοί
2845 1224 3030 1278 αὐτοῦ
3051 1225 3169 1292 πῦρ
3186 1221 3433 1294 φλέγον,
3447 1223 3712 1292 ,ποταμὸς

2134 1317 2323 1386 πυρὸς
2347 1313 2550 1372 εἷλκεν
2595 1317 2933 1388 ἔμπροσθεν
2958 1317 3164 1380 αὐτοῦ,
3213 1318 3399 1387 χίλιαι
3447 1317 3711 1384 χιλιάδες

2132 1409 2556 1477 ἐλειτούργουν
2587 1392 2764 1472 αὐτῷ,
2814 1407 2914 1461 καὶ
2955 1407 3160 1476 μύριαι
3194 1408 3479 1476 μυριάδες
3513 1424 3709 1476 παρει-

2132 1498 2472 1568 στήκεισαν
2503 1500 2841 1568 ἔμπροσθεν
2873 1498 3078 1563 αὐτοῦ,
3125 1498 3427 1567 κριτήριον
3461 1497 3704 1559 ἐκάθιζε,

2132 1592 2231 1646 καὶ
2278 1592 2491 1656 ,βίϐλοι
2538 1589 2949 1659 ἠνεῴχθησαν.
3004 1589 3191 1644 Ταῦτα
3241 1589 3702 1662 προθεασάμενος,

2133 1683 2261 1754 ἑξῆς
2286 1682 2377 1736 τὸν
2403 1681 2532 1736 Υίὸν
2565 1681 2658 1735 τοῦ
2693 1679 2980 1752 ἀνθρώπου
3004 1680 3196 1753 θεωρεῖ
3219 1682 3310 1734 ἐπί
3335 1681 3441 1734 τῶν
3469 1667 3709 1750 νεφελῶν

2131 1774 2225 1828 τοῦ
2251 1773 2481 1846 οὐρανοῦ
2513 1773 2804 1846 προσιόντα
2834 1772 2910 1844 τῷ
2935 1772 3153 1844 Παλαιῷ
3191 1772 3300 1827 τῶν
3337 1773 3577 1846 ἡμερῶν,
3610 1773 3705 1827 καὶ

461 1863 525 1914 ab
564 1863 798 1924 invicem,
841 1863 974 1914 sicut
1022 1870 1201 1926 pastor
1240 1866 1475 1928 segregat
1507 1873 1622 1911 ores
1652 1858 1716 1911 ab
1747 1857 1934 1924 ltwdis,
1979 1867 2026 1912 et

2131 1863 2227 1936 τὴν
2258 1863 2531 1936 ἄφθαρτον
2567 1861 2845 1936 βασιλείαν
2891 1862 3298 1934 ὑποδεχόμενον.
3357 1861 3562 1916 Οὐκοῦν
3610 1863 3705 1916 και)⁸

459 1965 646 2009 statuet
680 1971 795 2011 oves
823 1954 1029 2025 quidem
1085 1971 1115 2006 a
1161 1951 1358 2006 dextris
1396 1952 1528 2015 suis,
1571 1950 1747 2004 qudos
1782 1959 1955 2003 autem
1994 1965 2026 2002 a

458 2050 708 2101 sinistris.
762 2046 905 2101 Tunc
954 2047 1087 2098 dicet
1139 2043 1246 2098 Rea;
1297 2043 1378 2096 Itis
1430 2042 1521 2112 qui
1585 2058 1622 2095 α
1661 2041 1858 2095 dextris
1911 2042 2030 2109 eius

457 2151 630 2205 erunt,
672 2139 872 2204 Venite,
905 2137 1160 2192 benedicti
1195 2135 1377 2190 Patris
1424 2135 1546 2201 mei,
1595 2134 1848 2204 possidete
1878 2150 2030 2201 para-

459 2243 567 2285 tum
597 2231 733 2286 vobis
765 2245 976 2300 regnum
1025 2245 1057 2281 a
1088 2226 1462 2282 constitutione
1493 2227 1676 2281 mundi
1697 2227 1764 2282 ³³.
1794 2231 1854 2290 ἧς
1891 2225 2027 2280 Nota

456 2324 587 2381 mihi
637 2333 811 2378 autem
867 2337 1030 2393 quam
1078 2321 1394 2392 conspirant
1432 2318 1535 2375 ista
1566 2332 1690 2374 cum
1722 2318 1882 2374 dictis
1902 2319 2026 2389 'per

455 2417 767 2485 prophetam
790 2417 857 2468 de
885 2414 1072 2468 ovibus
1096 2421 1150 2467 et
1172 2410 1497 2468 discretione
1523 2411 1751 2466 arietum
1772 2450 1790 2475 ,
1824 2418 2023 2480 etqua-

457 2507 578 2561 liter
615 2515 734 2574 post
769 2505 912 2559 illam
950 2504 1129 2559 ovium
1167 2503 1544 2558 discretionem
1574 2500 1691 2558 Rex
1732 2501 1818 2556 hic
1859 2501 2027 2555 intro-

338 2617 348 2627 ·
454 2598 670 2652 ducitur
705 2596 872 2652 Filius
904 2596 1136 2651 hominis
1173 2613 1187 2649 :
1230 2595 1398 2664 ipsius
1437 2603 1615 2648 autem
1662 2591 1821 2647 Pater
1859 2591 2020 2647 Deus.

454 2688 568 2747 Hoc
599 2688 780 2743 docuit
819 2687 933 2756 ipse
965 2702 981 2739 :
1020 2685 1165 2741 Tunc
1202 2686 1335 2740 dicet
1366 2684 1478 2740 Rex
1517 2685 1596 2740 his
1640 2685 1730 2756 qui
1763 2701 1796 2738 a
1827 2683 2022 2738 dextris

452 2781 566 2848 ejus
587 2790 737 2833 erunt
767 2794 786 2833 :
818 2777 1017 2844 Venite,
1063 2777 1318 2831 benedicti
1373 2775 1552 2830 Patris
1598 2774 1719 2842 mei,
1765 2774 2022 2844 possidete

451 2868 858 2937 ρανοιιιιηιοὸίε
882 2882 1132 2935 regnum;
1169 2864 1446 2935 analogice
1477 2863 1546 2918 ad
1580 2862 1708 2917 illud
1737 2876 1766 2916 a
1793 2861 2024 2931 prophe-

456 2970 508 3012 ta
534 2962 758 3022 dictum,
791 2958 880 3012 ubi
917 2955 1084 3010 David
1113 2957 1204 3026 qui
1232 2957 1430 3010 dicitur
1464 2963 1650 3024 pastor
1687 2961 1740 3008 et
1771 2954 2022 3022 princeps

453 3050 664 3104 futurus
685 3049 880 3102 dicitur
903 3047 1105 3110 ovium,
1147 3049 1236 3116 qui
1281 3047 1382 3101 sub
1420 3047 1636 3116 auspice
1666 3047 1794 3110 Deo,
1835 3054 2020 3113 pastu-

453 3158 547 3196 rns
600 3151 653 3197 ct
686 3143 986 3196 directurus
1032 3149 1151 3194 erat
1185 3153 1381 3208 pecora
1416 3135 1528 3193 Dei.
1569 3138 1741 3208 Atque
1783 3138 1849 3191 ad
1893 3136 2018 3190 illud

2127 1955 2249 2009 τότε
2275 1955 2640 2027 διαφερόντως
2685 1954 2775 2007 καὶ
2809 1952 3130 2025 κρειττόνως
3175 1953 3207 2024 ἢ
3252 1951 3346 2006 νῦν
3377 1953 3552 2026 ἀρχὴν
3593 1951 3705 2016 ἔξει

2127 2047 2220 2100 τοῦ
2271 2047 2575 2119 βασιλεύειν
2607 2046 2715 2100 τῶν
2761 2045 2860 2116 τῆς
2899 2044 3298 2116 μακαριότητος
3333 2041 3518 2108 ἀξίων.
3569 2043 3703 2096 Toti-

2125 2154 2240 2202 τοις
2271 2141 2537 2212 μαρτυρεῖ
2566 2137 2626 2191 τὸ
2654 2135 3003 2206 Εὑαγγέλιον,
3033 2137 3090 2188 ὲν
3133 2129 3213 2198 οἷς
3245 2134 3405 2198 αὐτὸς
3436 2135 3704 2205 ἐπισφρα-

2082 2277 2086 2282 ,
2125 2230 2338 2299 γίζεται
2374 2232 2404 2284 ό
2435 2229 2625 2302 Σωτὴρ
2667 2228 2766 2292 τὰς
2810 2227 2922 2300 (41)
2975 2226 3315 2301 προφητικὰς
3359 2225 3532 2292 λέξεις
3576 2226 3702 2289 τοὺς

2127 2324 2256 2395 περὶ
2298 2321 2608 2386 συντελείας
2639 2320 2831 2390 λόγους
2863 2319 3189 2392 παραδιδοὺς
3218 2321 3330 2382 τοῖς
3371 2317 3563 2371 ἑαυτοῦ
3608 2336 3703 2388 μα-

2124 2412 2333 2484 θηταῖς,
2364 2413 2431 2468 δι’
2459 2404 2536 2466 ὧν
2567 2411 2717 2466 ταῦτ’
2751 2410 2994 2463 ἐδίδασκε
3023 2409 3214 2478 λέγων’
3253 2407 3435 2461 Ὅταν
3457 2407 3524 2460 δὲ
3552 2407 3699 2477 ἔλθῃ

2124 2505 2157 2557 ό
2198 2504 2330 2571 Υἱὸς
2377 2503 2486 2558 τοῦ
2531 2502 2845 2572 ἀνθρώπου
2892 2501 2962 2555 ἐν
3007 2500 3084 2572 τῇ
3137 2501 3288 2572 δόξῃ
3340 2499 3547 2565 αὑτοῦ,
3601 2499 3697 2554 καὶ

2123 2594 2346 2662 πάντες
2371 2598 2427 2650 οἱ
2455 2595 2697 2665 ἄγγελοι
2731 2597 2856 2665 μετ’
2890 2592 3097 2658 αὐτοῦ,
3140 2596 3274 2648 τότε
3314 2593 3547 2648 καθίσει
3599 2591 3697 2645 ἐπὶ

2122 2690 2340 2756 θρόνου
2367 2687 2552 2758 δόξης
2593 2688 2798 2752 αὐτοῦ,
2836 2689 2933 2742 καὶ
2967 2686 3460 2758 συναχθήσονται
3486 2687 3698 2754 ἔμπρο-

2120 2780 2274 2832 σθεν
2309 2779 2495 2832 αὐτοῦ
2541 2777 2737 2832 πάντα
2774 2778 2845 2832 τὰ
2893 2779 3036 2845 ἔθνη
3058 2793 3073 2808 ·
3098 2777 3196 2831 καὶ
3226 2775 3458 2846 (ignorate?
3479 2774 3698 2840 αὐτοὺς

2120 2867 2222 2923 ἀπ’
2255 2868 2564 2936 ἀλλήλων,
2603 2868 2807 2939 ὥσπερ
2853 2871 2885 2922 ό
2925 2867 3149 2938 ποιμὴν
3179 2866 3433 2938 ἀφορίζει
3464 2867 3536 2920 τὰ
3559 2866 3699 2933 πρό-

2125 2960 2271 3013 ϐατα
2296 2959 2414 3014 ἀπὸ
2449 2960 2568 3014 τῶν
2612 2960 2851 3029 ἐρίφων,
2903 2961 3001 3014 καί
3047 2960 3261 3028 στήσει
3311 2958 3383 3013 τὰ
3421 2958 3535 3029 μὲν
3565 2959 3698 3026 πρό-

2123 3051 2273 3133 ϐατα
2291 3051 2358 3104 ἐκ
2374 3049 2588 3117 δεξιῶν
2611 3051 2818 3114 αὐτοῦ,
2847 3052 2919 3106 τὰ
2951 3052 3020 3106 δὲ
3049 3053 3250 3121 ἐρίφια
3271 3052 3340 3118 ἐξ
3356 3053 3692 3121 εὐωνύμων·

2122 3142 2256 3194 τότε
2277 3141 2448 3208 apde
2475 3141 2774 3207 ,βασιλεὺς
2797 3142 2920 3208 τοῖς
2942 3143 3010 3196 ἐκ
3043 3142 3256 3208 δεξιῶν
3290 3143 3498 3198 αὐτοῦ’
3520 3140 3698 3196 Δεῦτε

453 3248 667 3302 quoque
720 3233 931 3286 animus
996 3230 1375 3294 advertendus,
1421 3229 1566 3299 quod
1611 3231 1810 3283 dictum
1841 3236 1924 3284 est
1958 3226 2025 3302 ab

2126 3234 2181 3284 οἱ
2217 3231 2609 3301 εὐλογημένοι
2637 3231 2742 3286 τοῦ
2768 3235 3000 3300 Πατρός
3028 3250 3167 3302 μου,
3203 3231 3698 3302 κληρονομήσατε

453 3323 730 3393 Apostolo,
758 3322 888 3376 Cum
943 3321 1266 3375 euacuaverit
1319 3335 1520 3373 omnem
1573 3319 1923 3388 principatum
1974 3327 2021 3371 et

450 3433 653 3471 onmem
679 3423 978 3483 potestatem
1009 3422 1056 3466 et
1078 3412 1313 3467 virtutem
1329 3411 1396 3465 ³³.
1423 3410 1688 3480 Propheta
1712 3426 1922 3479 quoque
1943 3412 2024 3463 in-

453 3509 712 3572 sinuavit,
752 3506 1020 3576 inquiens,
1048 3501 1114 3555 Et
1139 3502 1318 3556 delebo
1351 3501 1518 3556 malas
1549 3502 1740 3555 bestias
1765 3518 1936 3555 omnes
1958 3501 2022 3555 de

451 3599 674 3653 terra“.
711 3597 964 3664 Quanam
1011 3596 1208 3650 iuerint
1255 3605 1434 3648 autem
1491 3593 1593 3647 illa:
1647 3593 1853 3659 bestiae,
1903 3609 2022 3662 qua:

447 3692 578 3746 olim
620 3689 958 3745 lacessebant
988 3689 1284 3742 molestiam
1304 3687 1512 3750 ovibus,
1544 3693 2021 3754 qnam-potestates

453 3785 517 3835 atl
549 3781 854 3851 oppositum
887 3780 1192 3835 constitutae
1223 3796 1238 3832 :
1279 3792 1396 3846 quae
1431 3793 1553 3831 cum
1577 3791 1608 3831 e
1635 3776 1812 3831 medio
1835 3774 2017 3830 subla-

448 3885 518 3927 ta:
569 3872 786 3938 iuerint,
833 3885 1025 3926 novum
1061 3869 1188 3924 illud
1237 3877 1397 3939 atque
1438 3868 1692 3923 eximium
1739 3867 2018 3932 saeculum,

447 3963 596 4016 omni
655 3962 936 4031 iniquitate
983 3967 1293 4030 purgatum,
1350 3957 1547 4028 Regem
1576 3956 1789 4012 habebit
1821 3955 2017 4012 Filium

450 4052 721 4107 hominis:
754 4051 839 4106 vel
887 4052 1044 4120 juxta
1093 4049 1408 4122 prophetica
1440 4049 1719 4104 involucra
1745 4057 2016 4120 pastorem

449 4155 604 4194 suum
635 4150 797 4210 atque
816 4139 1113 4210 principem
1144 4139 1310 4194 David
1340 4155 1354 4192 τ
1379 4147 1436 4192 at
1459 4138 1627 4193 Deum
1661 4153 1764 4193 non
1799 4139 2014 4202 dicitur,

447 4233 532 4289 vel
558 4242 849 4302 pastorem,
888 4231 975 4286 vel
1005 4229 1298 4300 principem
1342 4229 1668 4284 habiturum.
1707 4229 1812 4286 Sed
1849 4231 2014 4286 subli-

449 4323 608 4379 miori
636 4322 869 4393 quodam
897 4333 952 4378 et
987 4321 1267 4378 illustriori
1300 4335 1461 4390 supra
1495 4329 1788 4390 pastorem,
1817 4322 2018 4392 princi-

448 4430 589 4485 pem,
622 4425 677 4470 et
702 4430 883 4486 regem
912 4408 1095 4477 Sensu,
1125 4423 1370 4483 respectu
1411 4414 1476 4469 ad
1507 4415 1740 4470 divinam
1769 4399 2018 4484 ejusma-

445 4508 694 4575 jestatem
726 4505 932 4567 habito,
963 4519 1067 4558 non
1095 4503 1285 4558 ovibus
1315 4505 1705 4567 tantummodo,
1749 4520 1931 4560 verum
1959 4519 2015 4559 et

2124 3323 2238 3392 τὴν
2279 3324 2726 3394 ἡτοιμασμένην
2765 3324 2907 3393 ὑμῖν
2939 3325 3266 3390 ,ϐασιλείαν
3293 3324 3413 3380 ἀπὸ
3451 3327 3695 3379 καταϐο-

2121 3417 2236 3486 λῆς
2255 3421 2502 3489 κόσμου.
2532 3421 2715 3484 Ὅπως
2744 3421 2800 3474 δὲ
2825 3420 2996 3474 ταῦτα
3023 3419 3234 3492 συνᾴδει
3258 3422 3370 3483 τοῖς
3395 3421 3450 3474 ὲν
3474 3423 3539 3492 τῇ
3561 3435 3694 3490 προ-

2122 3512 2321 3583 φητείᾳ
2347 3512 2474 3583 περὶ
2497 3511 2808 3583 προϐάτων,
2835 3512 2930 3565 καὶ
2962 3511 3089 3583 περ).
3116 3510 3226 3582 (42)
3260 3512 3492 3582 κρίσεως
3524 3508 3694 3582 κριῶν

2121 3599 2449 3672 εἰρημένοις,
2497 3602 2672 3672 τήρει,
2724 3602 2817 3655 καὶ
2865 3604 3013 3666 ὅπως
3058 3601 3308 3672 βασιλεὺς
3365 3600 3475 3672 (45)
3519 3601 3616 3672 μὲν
3663 3599 3694 3651 ὁ

2122 3688 2248 3752 Υἱὸς
2286 3688 2380 3742 τοῦ
2413 3689 2698 3761 ἀνθρώπου
2735 3690 2874 3761 μετὰ
2912 3690 3010 3762 τὴν
3044 3689 3152 3744 τῶν
3197 3688 3482 3760 προϐάτων
3514 3687 3693 3760 κρίσιν

2118 3781 2389 3850 εἰσῆκται,
2417 3782 2606 3853 Πατὴρ
2631 3779 2688 3834 δὲ
2717 3781 2878 3835 αὑτοῦ
2914 3784 2943 3836 ὁ
2965 3781 3114 3845 Θεός.
3144 3780 3313 3834 Τοῦτο
3339 3779 3447 3851 γὰρ
3475 3781 3569 3833 καὶ
3591 3780 3690 3833 αὖα

2118 3871 2208 3936 τὸς
2236 3872 2510 3925 ἐδίδασκεν
2569 3872 2760 3940 εἰπὼν,
2812 3872 2950 3927 Τότε
3001 3871 3126 3942 ἐρεῖ
3165 3876 3199 3927 ό
3237 3870 3535 3936 ,ϐασιλεὺς
3567 3869 3690 3935 τοῖς

2114 3962 2186 4018 ἐκ
2222 3962 2435 4028 δεξιῶν
2463 3965 2669 4027 αὐτοῦ,
2710 3963 2888 4018 Δεῦτε
2915 3967 2969 4018 οὶ
3010 3964 3402 4033 εὐλογημένοι
3434 3963 3541 4016 τοῦ
3572 3966 3692 4017 Παι-

2115 4055 2254 4122 τρός
2276 4072 2416 4125 μου,
2461 4055 2736 4124 ἀναλόγως
2781 4055 2860 4126 τῷ
2911 4057 2970 4109 ὲν
3019 4059 3084 4128 τῇ
3130 4053 3434 4127 προφητείᾳ
3476 4055 3691 4124 ὠνομασ

2120 4145 2298 4216 σμένῳ
2325 4145 2504 4199 Δαϐίδ.
2543 4147 2637 4200 Ὃν
2678 4147 2910 4217 ποιμένα
2939 4147 3032 4200 καὶ
3074 4146 3309 4219 ἄρχοντα
3331 4145 3548 4199 ἔσεσθαι
3579 4145 3688 4197 τῶν

2117 4238 2398 4307 προϐάτων
2431 4240 2459 4291 ὁ
2484 4237 2638 4308 λόγος
2665 4238 2925 4299 διδάσκει,
2950 4238 3054 4291 ὑπὸ
3097 4237 3275 4310 ὲφόρῳ
3304 4237 3381 4308 τῷ
3410 4235 3525 4307 Θεῷ
3560 4234 3688 4307 μέλ-

2116 4327 2275 4381 λοντα
2321 4331 2626 4400 ποιμαίνειν
2667 4331 2761 4384 καὶ
2784 4329 2972 4402 ἄρχειν
2999 4330 3105 4384 τῶν
3135 4329 3229 4382 τοῦ
3262 4328 3396 4402 Θεοῦ
3437 4326 3686 4400 θρεμμά·

2115 4439 2242 4477 των.
2292 4423 2400 4475 Καὶ
2443 4423 2636 4493 ἐκείνῳ
2677 4423 2734 4476 δὲ
2771 4425 3064 4493 ἀναγκαῖον
3091 4422 3378 4493 ἐπιστῆσαι
3418 4420 3509 4473 τὸν
3539 4419 3683 4484 νοῦν,

2115 4512 2191 4576 ὡς
2220 4513 2280 4566 τὸ
2307 4513 2457 4585 παρὰ
2485 4514 2562 4585 τῷ
2600 4515 2905 4588 Ἀποστόλῳ
2926 4514 3270 4586 λελεγμένον,
3295 4516 3354 4566 ὲν
3381 4511 3477 4583 τῷ,
3511 4513 3686 4565 Ὅταν

449 4599 630 4651 ovium
664 4597 865 4666 pastori
890 4596 1243 4665 imperantem
1275 4613 1288 4648 :
1323 4593 1439 4648 Erit
1485 4595 1644 4658 enim,
1670 4595 1860 4663 inquit,
1907 4595 2012 4649 illis

2124 4565 2459 4679 καταργήσῃ
2502 4567 2708 4665 στᾶσαν
2757 4565 2974 4678 ἀρχάιν,
2989 4565 3114 4661 δια)
3397 4565 3685 4668 ἐξουσίαν

445 4699 626 4756 pastor
661 4704 836 4743 servus
864 4704 1006 4742 meus
1049 4687 1237 4754 David,
1267 4699 1317 4742 et
1340 4702 1432 4757 ego
1455 4685 1708 4740 Dominus
1742 4702 1829 4739 ero
1861 4686 1927 4740 iis
1958 4690 2011 4741 in

2124 4698 2213 4751 καὶ
2264 4697 2520 4768 δύναμιν
2563 4699 2675 4770 (44)
2726 4699 2946 4771 ⁴ᾐνίξατο
2975 4697 3030 4768 νή
3081 4695 3383 4768 προφητεία
3443 4696 3681 4765 φήσασα,

446 4778 635 4832 Deum.
672 4777 898 4833 Servum
947 4793 1103 4834 suum
1152 4779 1317 4835 David
1359 4777 1588 4849 appellat
1615 4792 1758 4843 eum,
1799 4789 2015 4849 propter

2124 4790 2223 4845 Kal
2261 4790 2493 4860 ἀφανιῶ
2514 4794 2689 4863 θηρία
2712 4791 2943 4860 πονγιοὰ
2968 4789 3086 4844 ἀπὸ
3112 4786 3224 4857 τῆς
3250 4787 3383 4858 γῆς.
3421 4787 3554 4840 Τίνα
3574 4787 3682 4858 γάρ

445 4872 587 4925 servi
617 4870 868 4935 formam,
901 4887 1060 4941 quam
1090 4873 1350 4930 Servator
1369 4881 1423 4926 et
1454 4871 1707 4927 Dominus
1736 4882 1920 4926 noster
1947 4875 2014 4930 de

2124 4882 2179 4936 iv
2205 4883 2414 4953 γένοιτο
2442 4885 2512 4940 τά
2544 4885 2733 4958 θηρία,
2763 4884 2834 4939 τά
2872 4883 3036 4938 πάλαι
3085 4881 3346 4955 πρότερον
3391 4883 3504 4944 τοῖς
3546 4896 3680 4952 προ-

447 4960 646 5014 Davidc
667 4962 913 5031 sumpsit.

2124 4974 2300 5040 Βάτοις
2350 4977 2738 5047 διενοχλοῦντα,
2791 4976 2824 5046 ἢ
2873 4977 2930 5029 αἱ
2979 4973 3347 5044 ἀντικείμεναι
3391 4972 3676 5044 δυνάμειςς

441 5044 518 5103 ῶν
542 5053 607 5102 ἐκ
640 5051 814 5106 ποδῶν
851 5053 1138 5126 ἁρθεισῶν,
1185 5052 1363 5123 πάσης
1404 5051 1604 5115 κακίας
1633 5053 1925 5127 καθαρθεὶς
1969 5062 1997 5113 ὁ
2033 5063 2150 5128 νέος
2175 5066 2266 5119 καὶ
2294 5067 2478 5131 καινὸς
2505 5044 2616 5139 (45)
2643 5044 3057 5136 αίὼνξβασιλέα
3081 5063 3182 5135 μὲν
3202 5063 3311 5128 ἕξει
3334 5061 3562 5116 τδνΥἰδν
3589 5061 3676 5116 τοῦ

442 5167 743 5300 mgf“.
772 5169 1115 5240 l’aris..pag.
1150 5169 1272 5224 19L
1385 5171 1428 5201 ιι
1463 5170 1592 5225 Dan.
1634 5176 1816 5240 vn,9,
1850 5177 1936 5231 ιο.
2044 5179 2302 5240 “Matth.
2331 5184 2676 5248 nium-51.
2786 5181 3162 5247 πιοοωιν,
3217 5179 3306 5234 at.

3407 5179 3450 5210 "’
3481 5179 3672 5234 Ezech.

656 5445 838 5520 _\_’u_lgo
866 5444 960 5499 καὶ
1096 5445 1233 5520 Ila)“

2188 5450 2296 5520 (42)
2327 5446 2808 5520 Kplo'swgaplm‘.
2851 5446 2940 5520 Sic
2985 5457 3154 5513 recte,
3178 5447 3278 5501 nisi
3313 5446 3452 5500 forte
3489 5442 3674 5516 χρίων,

542 5513 825 5589 satureo
844 5513 1166 5589 οιητᾷύλεοῦ·
1286 5586 1296 5589 ,
1378 5586 1402 5589 __

2124 5513 2211 5574 nati.
2240 5513 2426 5589 χρίων.
2461 5520 2528 5574 Μ.
2570 5513 2741 5589 Vulgo
2770 5519 3022 5589 κρίσεων.

674 5583 842 5660 Χιιιεο
869 5584 1093 5660 φλὸξ...
1118 5604 1210 5660 τρί.
1239 5586 1404 5660 αὐτοῦ
1434 5603 1543 5644 om.
1754 5659 1759 5660 ί
1933 5658 1945 5660 Α

2187 5583 2298 5660 (45)
2331 5589 2506 5660 _\_lulgo
2534 5603 2643 5660 om.
2669 5583 2769 5658 ῥέν
2796 5583 2849 5644 et
2873 5604 2995 5642 mox
3020 5589 3048 5641 ὁ
3074 5595 3199 5641 ante
3223 5584 3372 5648 Θεὸς.

521 5605 632 5653 μυ)
681 5605 842 5654 Vlllgo
869 5605 1093 5653 <pA0;....
1122 5605 1152 5638 τ
1198 5627 1210 5640 ι
1239 5605 1404 5641 αυτου
1434 5605 1543 5644 0111.

665 5653 1042 5734 Πρρφητικὰς
1092 5605 1345 5734 λέξεις.-
1370 5658 1636 5734 Intersere
1665 5659 1895 5734 ταύτας.Δ
1931 5658 2013 5734 ln-

2187 5605 2276 5660 (40
2345 5605 2506 5660 vulgo
2534 5605 2643 5642 om.
2669 5605 2762 5658 μεν

2187 5605 2300 5734 (lli
2331 5658 2502 5734 YP'EO
2542 5657 2762 5734 ηὔξατο·

445 5723 640 5788 telligit
679 5727 822 5778 enim
873 5734 1144 5782 mutuatas
1189 5729 1256 5781 ab
1309 5727 1585 5784 Ezechiele
1637 5737 1694 5781 ct
1768 5729 2008 5795 Danicle,

447 5805 552 5845 non
586 5794 825 5848 attasvis.
859 5794 928 5848 Μ.

2189 5723 2299 5802 MS)
2341 5723 2510 5802 VIII—go
2543 5723 2748 5792 κλεινός
2771 5744 2786 5795 ;
2810 5737 2866 5783 ιιι
2893 5726 2964 5783 cf.
3005 5741 3060 5798 p.
3095 5726 3191 5782 H5
3222 5726 3283 5793 Ι),
3315 5741 3367 5796 p.
3408 5725 3506 5780 150
3542 5725 3605 5780 Δ.

447 5805 552 5845 non
586 5807 825 5860 quasvis.
859 5805 928 5856 Μ.
