4098 6398
513 261 652 358 ιοιδ

1180 305 1454 374 Ευεεβιι
1485 305 1958 366 (ἷιΕΒΑΜΕΝὸιὸ
1993 309 2066 364 0F

2184 309 2368 367 pass
2403 310 2493 369 tv.
2531 345 2600 356 -
2635 282 3082 372 οοσιιΑτιοΑί

3597 317 3736 373 1044

510 440 674 478 unum
705 441 882 480 sumus
899 427 1074 490 “:ita
1107 441 1320 496 quoque
1363 429 1428 482 ad
1479 429 1647 496 ipsius
1695 429 2066 495 imitationem,

2177 432 2234 484 ἓν
2260 427 2399 484 εἶναι
2420 430 2592 500 ἔλεγε,
2615 432 2856 500 φάσκων,
2885 431 3033 501 Ἐγὼ
3051 431 3150 484 καὶ
3170 433 3204 484 ό
3227 431 3426 500 Πατὴρ
3448 429 3733 501 ἓνέσμεγ,

511 527 572 572 ιιι
615 533 714 572 nos
752 531 941 572 omnes
991 520 1182 574 ﬁamus
1233 521 1524 591 participes
1557 519 1793 588 ejusdem
1834 519 2070 586 unionis,

509 620 759 680 precatus
785 621 888 666 est.
919 609 1034 666 Non
1081 613 1225 682 quod
1261 611 1517 678 Verbum,
1545 623 1604 667 ut
1633 613 1909 668 Marcellus
1937 613 2070 678 vult,

510 705 728 756 ltlliallll'
759 703 889 766 Deo;
920 713 974 758 et
1007 705 1440 760 substantialiter
1471 704 1827 775 coniungatur
1867 707 1914 758 ei
1946 746 1961 770 ,
2015 714 2070 759 ut

507 796 712 849 veritas
756 796 869 863 ipsa
907 795 1168 850 Servator
1221 807 1473 862 testatur,
1524 797 2072 866 inquiens:Gloriam

505 902 662 956 quam
689 886 886 940 dedisti
900 888 1026 940 mihi
1055 888 1174 941 dedi
1209 889 1298 954 iis,
1329 896 1386 941 ut
1413 889 1520 942 sint
1552 905 1712 941 unum
1737 890 1869 942 sicut
1897 898 1944 940 et
1979 903 2072 941 nos

505 994 671 1031 unum
709 995 912 1036 sumus.
953 977 1064 1047 Ego
1109 980 1164 1031 in
1211 981 1276 1032 iis
1326 989 1373 1033 et
1419 989 1475 1032 tu
1511 979 1569 1032 in
1595 995 1693 1044 me,
1727 987 1786 1034 ut
1814 980 1916 1033 sint
1948 994 2076 1031 con-

506 1071 757 1122 summoti
811 1069 866 1122 in
915 1085 1101 1122 unum.
1151 1071 1328 1139 Atque
1381 1069 1452 1123 ita
1503 1069 1883 1136 adimplebitur
1944 1066 2072 1120 illud

505 1160 746 1230 Apostoli
779 1160 980 1216 dictum
1014 1178 1028 1214 :
1056 1159 1125 1215 Ut
1157 1160 1298 1215 Deus
1334 1163 1403 1215 sit
1444 1161 1621 1214 omnia
1651 1162 1706 1212 in
1751 1159 1990 1217 omnibus
2005 1158 2070 1212 ⁸⁷.

507 1254 640 1310 Cum
685 1268 814 1309 vero
853 1253 1164 1320 Marcellus,
1191 1263 1246 1308 et
1273 1253 1362 1322 qui
1397 1267 1517 1307 cum
1548 1252 1665 1321 ipso
1695 1251 1882 1306 eodem
1917 1248 2074 1304 modo

506 1363 614 1417 quo
651 1347 765 1416 ipse
814 1345 1106 1401 Sabelliani
1148 1357 1294 1411 sunt,
1329 1345 1500 1402 tribus
1533 1347 1631 1402 niti
1681 1345 1890 1400 soleant
1923 1344 2075 1399 testi-

507 1436 724 1500 moniis,
754 1433 948 1504 quibus
963 1444 1229 1491 conantur
1245 1435 1553 1500 ostendere,
1567 1435 1782 1490 Patrem
1807 1446 1968 1506 atque
1981 1435 2076 1489 Fi-

505 1530 640 1586 lium
669 1541 790 1583 esse
822 1543 1010 1594 unum,
1036 1535 1221 1596 utputa
1269 1527 1397 1580 illud
1425 1545 1439 1581 :
1465 1525 1583 1597 Ego
1617 1537 1666 1580 et
1711 1527 1872 1581 Pater
1913 1543 2074 1580 unum

505 1638 687 1676 sumus
716 1621 796 1688 ⁸⁸;
832 1630 887 1676 et
909 1619 1144 1675 secundo
1169 1637 1182 1672 :
1205 1617 1369 1674 Pater
1391 1619 1443 1672 in
1461 1635 1540 1672 me
1561 1629 1608 1672 et
1625 1635 1717 1689 ego
1737 1620 1790 1672 in
1817 1618 2034 1671 Patre”
2057 1636 2072 1684 ;

505 1721 561 1766 et
591 1711 752 1766 tertio.
778 1728 793 1768 :
820 1709 928 1776 Qui
959 1727 1037 1764 me
1069 1709 1217 1773 vidit,
1257 1709 1384 1762 vidit
1439 1719 1486 1761 et
1529 1706 1821 1774 Patrem”,
1845 1724 1963 1778 quae
1997 1709 2070 1762 illi

504 1819 720 1872 semper
771 1803 824 1857 in
883 1815 978 1856 ore
1035 1801 1276 1867 habent;
1308 1807 1364 1854 et
1421 1799 1552 1853 illud
1595 1818 1608 1854 :
1647 1797 1756 1870 Ego
1805 1809 1851 1853 et
1907 1796 2070 1851 Pater

504 1913 668 1951 unum
696 1891 1214 1962 sumus,objicienda
1241 1899 1369 1946 sunt
1395 1904 1428 1944 e
1459 1898 1644 1944 contra
1672 1904 1788 1962 quae
1808 1888 1918 1958 1am
1943 1903 2071 1958 pro-

423 2019 428 2024 -
505 1989 774 2048 tulimus:
813 1985 908 2041 ubi
949 1997 1048 2056 pro
1101 1982 1380 2052 discipulis
1433 1981 1737 2047 intercedit,
1779 1989 1836 2034 ut
1878 1994 2070 2037 omnes

502 2081 740 2154 ejusdem
772 2078 996 2133 unitatis
1028 2074 1317 2146 participes
1363 2072 1515 2130 (iant.
1543 2072 1723 2143 lnquit
1765 2075 1910 2128 enim
1946 2088 1959 2124 :
1997 2071 2068 2127 Ur

501 2177 608 2232 sint
641 2188 827 2236 unum,
850 2166 1286 2240 quemadmodum
1315 2174 1364 2219 et
1395 2181 1488 2218 nos
1518 2180 1700 2217 sumus
1737 2181 1919 2221 unum.
1954 2161 2067 2233 Ego

500 2271 556 2324 in
582 2267 690 2321 illis
721 2275 768 2320 et
798 2273 854 2318 tu
884 2265 940 2316 in
967 2277 1070 2326 me,
1100 2267 1156 2314 ut
1187 2259 1294 2312 sint
1326 2256 1676 2310 consummati
1697 2257 1751 2310 in
1776 2273 1958 2310 unum.
1987 2258 2068 2310 Ad

500 2358 628 2415 illud
658 2366 836 2412 autem
863 2370 879 2408 :
914 2351 1074 2406 Pater
1098 2351 1152 2406 in
1175 2366 1254 2403 me
1281 2358 1327 2403 et
1361 2363 1454 2417 ego
1491 2348 1546 2406 in
1577 2346 1768 2414 Patre,
1796 2363 2065 2422 apponam

500 2451 678 2505 denuo
735 2447 907 2517 ipsius
945 2457 1154 2508 vocem,
1181 2442 1268 2496 ubi
1300 2442 1395 2506 ait,
1427 2456 1522 2514 pro
1563 2440 1630 2494 iis
1669 2441 2016 2496 iutercedcns
2050 2455 2064 2492 :

501 2539 572 2598 Ut
600 2551 656 2594 ιιι
687 2537 854 2592 Pater
891 2537 946 2590 in
994 2551 1100 2600 me,
1142 2544 1190 2588 et
1239 2550 1332 2602 ego
1373 2534 1425 2586 in
1462 2544 1529 2599 te,
1555 2543 1611 2588 ut
1643 2543 1690 2587 et
1713 2533 1811 2598 ipsi
1842 2531 1895 2585 in
1921 2532 2068 2584 nobis

499 2647 662 2688 unum
697 2630 821 2682 sint.
852 2625 918 2680 Et
941 2641 1034 2695 ego
1069 2623 1366 2678 claritatem
1396 2639 1552 2693 quam
1578 2623 1767 2676 dedisti
1793 2621 1919 2674 mihi
1948 2620 2069 2675 dedi

497 2723 649 2792 ipsis.
689 2719 744 2774 ln
791 2717 987 2787 quibus
1025 2714 1310 2786 perspicue
1341 2713 1470 2767 illud
1509 2712 1780 2778 indicavit,
1820 2713 1884 2765 ad
1943 2725 2068 2766 eum

499 2815 714 2870 modum
749 2811 802 2864 in
845 2811 964 2879 ipso
997 2822 1115 2862 esse
1157 2807 1400 2870 Patrem,
1438 2821 1542 2873 quo
1573 2813 1628 2859 et
1673 2803 1725 2857 in
1770 2804 1924 2858 nobis
1957 2801 2069 2854 vult

497 2919 637 2960 esse.
689 2901 805 2956 Non
859 2899 1002 2967 quod
1053 2913 1218 2950 unum
1274 2897 1390 2966 ipse
1439 2907 1494 2949 et
1523 2894 1686 2949 Pater
1733 2895 2070 2966 bypostatice

497 2996 602 3050 fuit
634 3014 648 3049 :
681 2993 774 3048 sed
823 2989 965 3059 quod
1013 2987 1172 3042 Pater
1205 3002 1328 3042 cum
1381 2985 1695 3056 participem
1751 2986 1926 3054 ipsqu
1960 2999 2070 3038 suae

2171 521 2312 574 οὕτω
2341 521 2434 574 καὶ
2467 521 2675 585 πάντας
2701 524 2848 592 ἡμᾶς
2877 521 3016 576 κατά
3047 523 3146 591 τὴν
3179 522 3345 576 αὐτοῦ
3383 523 3611 594 μίμησιν
3639 525 3736 596 τῆς

2173 611 2422 680 svo-meo:
2452 610 2552 679 τῆς
2578 609 2688 681 (51)
2739 611 3023 680 μετασχεῖν
3055 609 3290 681 εὔχεται·
3321 611 3383 663 οὐ
3411 612 3552 664 κατὰ
3582 611 3736 683 Μάρ-

2171 701 2466 768 κελλονζτοῦ
2491 703 2663 770 Λόγου
2693 703 2960 773 ὲνωμένου
2979 703 3056 773 τῷ
3081 702 3198 773 Θεῷ
3227 705 3320 757 xal.
3342 706 3406 774 τῇ
3435 705 3590 774 οὐσίᾳ
3615 722 3736 757 συν-

2170 793 2570 864 αφθησομένου,
2607 793 2788 857 καθὼς
2823 794 2880 846 δὲ
2918 794 3302 867 ἐμαρτύρησεν
3359 799 3392 868 ὴ
3435 797 3676 867 ἀλήθεια,
3707 800 3735 852 6

2173 887 2366 960 Σωτὴρ
2407 887 2570 949 αὐτὸς
2601 886 2789 938 εἰπών·
2837 886 2958 954 Τὴν
2995 887 3184 951 δόξαν
3227 889 3305 958 ἣν
3350 887 3577 954 ἔδωκάς
3611 908 3732 958 μοι,

2173 979 2391 1033 δέδωκα
2415 977 2637 1043 αὐτοῖς·
2669 977 2770 1030 ἵνα
2794 971 2945 1030 ὦσιν
2984 976 3053 1032 ἓν
3086 979 3197 1050 (52)
3233 978 3424 1044 καθὼς
3457 979 3625 1047 ἡμεῖς
3666 981 3736 1033 ἓν

2171 1073 2377 1141 ἐσμεν·
2407 1070 2522 1139 ἐγὼ
2545 1071 2614 1124 ἒν
2637 1069 2841 1136 αὐτοῖς
2869 1069 2968 1123 καί
3001 1069 3082 1123 σὺ
3117 1070 3188 1124 ἐν
3205 1070 3356 1140 ἐμοὶ.
3382 1072 3479 1124 ἵνα
3506 1065 3616 1124 ὦσι
3647 1087 3736 1124 τε-

2171 1162 2545 1231 τελειωμένοι
2587 1163 2673 1226 εἱς
2713 1159 2779 1214 τὸ
2809 1161 2898 1214 ἓν·
2946 1161 3088 1214 οὕτω
3124 1161 3233 1231 γὰρ
3271 1162 3365 1218 καὶ
3396 1163 3516 1215 τότε
3553 1163 3644 1216 καὶ
3673 1163 3734 1216 τὸ

2173 1252 2525 1307 ἀποστολικὺν
2557 1251 2740 1307 λοιπὸν
2773 1251 2959 1315 τέλους
2989 1251 3251 1318 τεύξεται,
3280 1252 3341 1304 τὸ
3369 1251 3568 1322 φῆσαν,
3605 1253 3735 1308 Ἵνα

2171 1341 2214 1416 ᾖ
2248 1349 2282 1398 ὀ
2315 1345 2458 1412 Θεὸς
2499 1345 2694 1400 πάντα
2719 1346 2789 1401 ἐν
2821 1343 2991 1400 πᾶσι.
3021 1344 3132 1400 Καὶ
3164 1342 3349 1414 ἐπειδὴ
3375 1343 3523 1414 τρισὶ
3554 1345 3736 1414 ῥητοῖς

2173 1435 2489 1508 Μάρκελλος
2515 1437 2609 1489 καὶ
2641 1437 2690 1489 oi
2728 1437 2818 1490 τὸν
2855 1437 3036 1505 ὅμοιον
3081 1434 3228 1506 αὐτῷ
3251 1435 3450 1508 τρόπον
3483 1435 3732 1489 Σαϐελλί-

2176 1526 2358 1591 ζοντες
2389 1527 2622 1597 χρῆσθαι
2649 1526 2889 1589 εἰώθασι,
2924 1527 3016 1580 τὸν
3041 1527 3259 1599 Πατέρα
3290 1529 3495 1582 καὶτὸν
3521 1527 3646 1582 Υἰδν
3675 1527 3733 1582 ἓν

2175 1611 2314 1670 εἶναι
2349 1616 2675 1686 πειρώμενοι
2703 1616 2993 1670 δεικνύναι·
3023 1617 3151 1668 ποτὲ
3174 1617 3284 1686 (55)
3315 1618 3436 1688 μὲν,
3469 1617 3610 1687 Ἐγὼ
3635 1617 3738 1672 καὶ

2175 1707 2375 1776 Πατὴρ
2396 1707 2466 1761 ἓν
2486 1709 2690 1777 ἐσμεν,
2721 1706 3058 1779 θρυλοῦντες·
3091 1708 3219 1760 ποτὲ
3242 1709 3298 1761 δὲ
3327 1709 3409 1772 τὸ,
3443 1709 3506 1762 '0
3533 1707 3742 1776 Πατὴρ,

2167 1799 2400 1868 ἑνὲμοὶ,
2430 1800 2588 1869 κάγὼ
2611 1799 2679 1852 ἐν
2698 1797 2776 1864 τῷ
2799 1797 2999 1866 Πατρί·
3026 1798 3120 1850 καὶ
3142 1798 3223 1862 τὸ,
3264 1799 3316 1851 Ὀ
3341 1797 3608 1868 ἑωρακὼς
3631 1796 3740 1867 ἐμὲ

2167 1890 2385 1959 ἑώρακε
2416 1891 2510 1944 καί
2551 1889 2655 1944 τὸν
2687 1889 2934 1958 Πατέρα·
2964 1891 3102 1962 πρὸς
3145 1891 3242 1963 μὲν
3273 1891 3354 1954 τὸ,
3400 1889 3538 1959 Ἐγὼ
3574 1889 3672 1944 καὶ
3699 1892 3738 1944 ὀ

2165 1983 2370 2051 Πατὴρ
2397 1981 2466 2036 ἓν·
2486 1983 2670 2051 ἐσμεν
2695 1981 2763 2034 τὰ
2783 1982 3136 2054 προκείμενα,
3165 1983 3350 2052 αὐτοῖς
3373 1979 3736 2052 προσακτέον.

2167 2075 2234 2128 δι’
2263 2068 2337 2128 ὧν
2366 2074 2721 2146 ὑπερεύχεται
2743 2075 2851 2132 τῶν
2875 2076 3039 2130 αὐτοῦ
3074 2074 3349 2146 μαθητῶν,
3383 2073 3470 2126 ἴνα
3491 2073 3585 2126 καὶ
3605 2071 3736 2126 πάν-

2166 2185 2260 2230 τες
2287 2167 2438 2220 αὐτοὶ
2473 2166 2574 2237 τῆς
2609 2167 2776 2239 αὐτῆς
2816 2167 2926 2240 (54)
2965 2166 3207 2230 ὲνώσεως
3234 2166 3455 2237 τύχωσι·
3485 2165 3634 2234 λέγει
3677 2164 3737 2219 δὲ

2166 2255 2278 2324 οὖν,
2312 2260 2446 2316 Ἵνα
2471 2253 2621 2313 ὦσιν
2640 2258 2728 2325 ἒν,
2761 2258 2952 2325 καθὼς
2977 2259 3146 2329 ἡμεῖς
3166 2259 3252 2312 ἓν·
3282 2258 3396 2329 ἐγὼ
3416 2259 3486 2312 ἐν
3511 2257 3736 2323 αὐτοῖς,

2168 2348 2267 2402 καὶ
2303 2347 2384 2402 σὺ
2415 2350 2485 2402 ἐν
2512 2349 2660 2418 ἐμοὶ,
2698 2351 2796 2402 ἵνα
2822 2344 2932 2403 ὦσι
2963 2348 3396 2418 τετελειωμένοι
3427 2349 3514 2414 είς
3550 2347 3616 2400 τὸ
3643 2347 3734 2402 ἓν.

2168 2441 2311 2512 Πρὸς
2343 2441 2398 2496 δὲ
2429 2441 2508 2506 τὸ,
2533 2441 2588 2494 Ὁ
2624 2441 2822 2509 Πατὴρ
2858 2442 2929 2494 ἐν
2953 2441 3103 2510 ἐμοὶ,
3132 2439 3292 2510 κάγὼ
3323 2441 3392 2494 ἐν
3423 2439 3502 2504 τῷ
3529 2438 3734 2507 Harp},

2169 2532 2558 2606 παραθήσομεν
2583 2532 2680 2604 τὴν
2712 2533 2874 2585 αὑτοῦ
2901 2531 3061 2586 πάλιν
3086 2532 3288 2604 φωνὴν,
3319 2531 3385 2584 δι’
3408 2525 3476 2603 ἦς
3508 2531 3738 2602 ὑπερευ-

2168 2624 2394 2696 χόμενος
2445 2623 2620 2677 αὐτῶν
2669 2623 2836 2692 ἔλεγε·
2865 2623 3066 2690 Καθὼς
3089 2623 3190 2690 σὺ,
3235 2623 3446 2692 Πάτερ,
3485 2624 3554 2676 ἐν
3583 2621 3734 2692 ἐμοὶ,

2168 2715 2328 2784 κάγὼ
2354 2716 2422 2768 ἐν
2442 2716 2563 2774 σοὶ.
2586 2717 2686 2769 ἵνα
2714 2715 2810 2770 καὶ
2835 2717 3000 2776 αὐτοὶ
3025 2716 3095 2769 ἐν
3118 2715 3259 2784 ἡμῖν
3277 2711 3406 2774 ὦσι·
3438 2713 3596 2790 κάγὼ
3623 2712 3738 2781 τὴν

2168 2807 2478 2874 δόξαν,ἣν
2519 2807 2775 2874 δέδωκάς
2817 2825 2936 2876 μοι,
2982 2807 3209 2860 δέδωκα
3250 2807 3472 2873 αὐτοῖς.
3517 2807 3594 2858 Δι’
3637 2799 3734 2870 ὧν,

2170 2900 2355 2970 σαφῶς
2390 2901 2714 2973 παρίστησιν
2750 2901 2920 2965 οὕτως
2953 2898 3090 2958 εἶναι
3115 2903 3172 2954 ὲν
3197 2900 3343 2972 αὐτῷ
3370 2901 3458 2954 τὸν
3495 2899 3734 2971 Πατέρα,

2169 2992 2348 3058 καθὼς
2377 2994 2470 3046 καὶ
2493 2993 2548 3046 ἐν
2570 2994 2697 3062 ἡμῖν
2728 2991 2862 3049 εἶναι
2894 2991 3159 3062 βούλεται.
3191 2993 3302 3062 Οὐχ
3330 2993 3413 3044 ὅτι
3450 2990 3736 3072 “usus-

497 3088 682 3160 gloria:
729 3083 942 3147 fecerit,
993 3087 1049 3135 et
1094 3081 1207 3148 ipse
1241 3077 1306 3132 ad
1350 3077 1706 3131 imitationem
1761 3076 1842 3130 sui
1885 3075 2062 3132 Patris

2171 3100 2356 3140 στασιν
2393 3081 2518 3153 μίαν
2538 3076 2616 3145 εἷς
2644 3081 2717 3136 ὢν
2743 3082 2997 3154 τυγχάνει
3018 3081 3179 3145 αὐτὸς
3206 3083 3300 3140 καὶ
3323 3083 3352 3136 6
3375 3082 3583 3158 Πατήρ·
3617 3080 3734 3135 ἀλλ’

497 3179 853 3238 familiaribus
885 3175 995 3230 suis
1041 3188 1195 3228 suam
1242 3169 1605 3226 communicet
1651 3168 1900 3238 gloriam.
1933 3165 2059 3221 Ideo

2167 3175 2244 3227 ’ὁτι
2270 3173 2362 3226 τοῦ
2391 3175 2604 3246 Πατρὸς
2641 3173 3065 3244 μεταδεδωκότος
3105 3173 3252 3244 αὐτῴ
3279 3173 3390 3244 (55)
3419 3174 3624 3237 οίκείας
3645 3173 3736 3226 δό-

497 3275 575 3328 ait
604 3293 614 3326 :
645 3269 759 3338 Ego
790 3265 1082 3322 claritatem
1121 3277 1278 3334 quam
1330 3260 1524 3315 dedisti
1573 3261 1702 3312 mihi
1735 3261 1856 3313 dedi
1882 3261 1975 3324 eis,
2008 3269 2061 3312 ut

2167 3260 2282 3329 ξηςο
2325 3260 2420 3313 καὶ
2455 3260 2615 3324 αὑτὸς
2643 3261 2842 3331 ὁμοίως
2865 3263 2974 3325 τοῖς
3003 3261 3237 3325 οἰκείοις,
3265 3263 3355 3316 τὸν
3397 3263 3613 3334 Πατέρα
3641 3280 3734 3332 μι-

496 3364 601 3418 sint
635 3375 798 3413 unum
819 3359 954 3410 sicut
981 3365 1028 3409 et
1063 3369 1156 3406 nos
1193 3369 1357 3406 unum
1387 3367 1586 3405 sumus.
1613 3349 1726 3420 Ego
1759 3353 1813 3404 in
1842 3351 1906 3402 iis
1929 3359 1976 3402 et
2006 3361 2062 3402 tu

495 3455 552 3504 in
579 3466 679 3513 me,
711 3457 763 3500 ut
795 3455 840 3499 et
865 3447 965 3513 ipsi
997 3444 1071 3498 sic
1108 3443 1210 3496 sint
1251 3443 1303 3496 in
1339 3442 1503 3495 nobis.
1529 3442 1606 3494 Ita
1637 3441 1794 3495 Pater
1818 3451 1870 3495 et
1893 3439 2062 3498 Filius

497 3557 660 3596 unum
701 3547 844 3602 sunt,
879 3538 1260 3591 communione
1290 3533 1552 3589 claritatis
1587 3550 1600 3583 :
1634 3548 1793 3602 quam
1823 3548 1944 3586 cum
1981 3533 2062 3586 di-

496 3631 716 3701 scipulis
745 3627 858 3683 suis
891 3624 1187 3696 impertiat,
1228 3623 1466 3694 ejusdem
1510 3636 1603 3676 eos
1653 3622 1867 3676 unionis
1895 3623 2062 3690 parti~

498 3723 645 3790 t-ipes
681 3718 826 3774 fecit.

495 3811 565 3890 ἦς
591 3817 703 3880 τοῖς
731 3811 894 3870 αὐτοῦ
933 3809 1200 3882 μαθηταῖς
1241 3806 1574 3880 μεταδιδοὺς,
1605 3809 1704 3877 τῆς
1731 3805 1899 3876 αὐτῆς
1925 3803 2168 3870 ὲνὼσεως
2201 3807 2288 3860 καὶ
2329 3807 2486 3870 αὑτὸς
2513 3807 2683 3876 ἠξίου.

1063 3927 1122 3986 >14
1165 3919 1394 3976 CAPUT
1431 3919 1550 3974 XX.

501 4015 654 4084 Quod
675 4024 729 4069 ut
767 4011 928 4066 Pater
957 4012 1012 4084 in
1047 4010 1211 4084 Filio,
1243 4020 1291 4064 et
1313 4008 1488 4084 Filius
1519 4009 1570 4062 in
1598 4007 1782 4084 Patre,
1819 4009 1892 4064 ita
1923 4018 1972 4063 et
2007 4009 2062 4064 in

900 4083 1010 4136 suis
1039 4081 1236 4134 sanctis
1265 4080 1504 4133 omnibus
1530 4081 1652 4133 erit.

563 4193 772 4246 Rursus
816 4191 890 4244 ita
931 4199 1058 4246 erat
1095 4189 1148 4244 in
1197 4189 1312 4258 ipso
1355 4187 1514 4244 Pater
1545 4175 1746 4258 etipse'
1776 4189 1829 4245 in
1863 4189 2055 4254 Patre;

493 4285 946 4359 quemadmodum
991 4281 1265 4337 concludit
1301 4281 1494 4335 beatus
1537 4281 1823 4350 Apostolus
1853 4283 1918 4336 de
1953 4281 2060 4334 illis

489 4379 762 4440 omnibus,
795 4373 887 4444 qui
919 4388 1083 4444 regno
1107 4372 1372 4428 caelorum
1393 4371 1536 4444 digni
1573 4374 1788 4440 fuerint,
1815 4373 1902 4426 ubi
1933 4373 2009 4425 ait
2040 4391 2052 4426 :
2100 4405 2114 4422 .

492 4472 641 4528 Tunc
672 4477 770 4524 erit
807 4467 946 4524 Deus
977 4467 1150 4520 omnia
1177 4467 1232 4520 in
1263 4463 1501 4519 omnibus
1517 4464 1585 4530 δι,
1613 4466 1679 4519 ad
1704 4468 1916 4520 modum
1949 4481 2055 4534 quo

490 4565 670 4618 dixit:
699 4561 962 4614 Habitabo
1011 4560 1068 4612 in
1098 4557 1228 4620 illis,
1273 4565 1323 4610 et
1381 4555 1660 4610 ambulabo
1698 4555 1833 4612 inter
1875 4572 1960 4608 eos
1984 4556 2050 4610 δ’.

491 4657 598 4712 Sed
628 4663 681 4708 et
699 4651 966 4722 quomodo
983 4649 1181 4704 dictum
1211 4663 1224 4702 :
1255 4645 1366 4701 Nos
1389 4649 1442 4700 in
1467 4648 1577 4714 ipso
1607 4647 1846 4710 vivimus,
1872 4656 2051 4699 etmo—

489 4763 690 4810 uemur,
713 4755 762 4798 et
777 4759 960 4798 sumus
977 4739 1042 4791 ⁸³.
1075 4739 1205 4804 Quae
1230 4751 1360 4792 sane
1385 4736 1564 4790 omnia
1596 4737 1661 4790 de
1690 4736 1842 4789 nobis
1867 4736 2053 4790 dicun-

491 4849 602 4900 tur.
630 4835 722 4905 qui
763 4845 938 4888 tamen
969 4831 1022 4884 in
1055 4829 1272 4899 propria
1311 4825 1591 4897 [typosmsi
1626 4826 1970 4882 subsistimus
1998 4838 2054 4882 et

488 4927 721 4984 vivimus
735 4940 758 4990 ;_
789 4935 890 4978 nec
921 4920 1216 4990 quidquam
1260 4918 1523 4973 habemus
1553 4933 1675 4972 cum
1714 4928 1940 4986 paterna
1971 4919 2053 4974 di-

563 5111 622 5168 »Β
657 5101 754 5156 Ed.
789 5100 988 5171 Paris,
1021 5115 1142 5171 pag.
1161 5099 1293 5171 A194.
1325 5097 1600 5171 _i'_‘Jo_an.
1652 5116 1706 5166 κ,
1743 5100 1830 5154 50.

1946 5103 1990 5134 ³⁷
2021 5103 2185 5159 lCor.
2219 5121 2310 5167 xv,
2344 5107 2436 5162 (ὶὸ.

2166 3351 2452 3422 μούμενος,
2499 3352 2834 3422 μεταδίδωσι.
2875 3354 2966 3406 Διό
2992 3370 3144 3424 φησι,
3187 3353 3360 3422 Κάγὼ
3395 3353 3508 3422 τὴν
3548 3353 3735 3418 δόξαν

2163 3441 2243 3510 ἢν
2267 3441 2490 3508 ἔδωκάς
2507 3461 2607 3510 μοι
2634 3443 2858 3498 δέδωκα
2881 3445 3105 3513 αὐτοῖς,
3128 3448 3228 3500 ἵνα
3253 3443 3402 3501 ὦσιν
3425 3445 3514 3508 ἓν,
3539 3445 3734 3513 καθὼς

2161 3533 2331 3601 ’ἡμεῖς
2361 3533 2469 3603 (56)
2606 3535 2807 3601 Καθὼς
2835 3536 2936 3602 σὺ,
2971 3537 3182 3606 Πάτερ,
3210 3538 3280 3591 ἐν
3309 3537 3634 3607 ἑμοὶ,κάγὼ
3662 3535 3734 3591 ἐν

2167 3624 2286 3689 σοὶ,
2313 3625 2413 3677 ἵνα
2439 3626 2535 3678 καί
2571 3627 2736 3680 αὐτοὶ
2765 3627 2834 3680 ἐν
2859 3627 3003 3697 ἡμῖν
3031 3624 3198 3682 ὦσιν.
3227 3625 3412 3691 Οὕτως
3439 3623 3529 3681 οὖν
3560 3627 3618 3682 ἓν
3649 3628 3730 3679 εί-

2168 3731 2251 3766 σιν
2270 3715 2297 3766 6
2319 3715 2506 3786 Πατὴρ
2528 3717 2621 3770 καὶ
2642 3717 2670 3767 6
2691 3715 2818 3780 Υίδς
2839 3717 2980 3770 κατὰ.
3000 3717 3098 3790 τὴν
3125 3717 3406 3772 κοινωνίαν
3431 3717 3528 3796 τῆς
3549 3715 3734 3796 δόξης,

2801 3923 2958 3976 ΚΕΦ.
2995 3923 3084 3979 K'..

2165 4008 2293 4062 Ὅτι
2328 4010 2408 4074 ὡς
2437 4013 2470 4064 δ
2518 4011 2718 4079 Πατὴρ
2761 4011 2829 4070 ἐν
2869 4011 2950 4078 τῷ
2985 4011 3115 4076 mp,
3158 4012 3257 4066 καὶ
3297 4014 3330 4066 δ
3382 4011 3514 4074 me
3543 4009 3613 4066 ἐν
3649 4007 3730 4075 τῷ

2221 4080 2418 4148 Πατρὶ,
2452 4080 2602 4134 οὕτω
2627 4081 2725 4134 καί
2748 4083 2819 4135 ἐν
2847 4081 2968 4148 τοῖς
2989 4083 3178 4153 ἁγίοις
3210 4081 3440 4137 ἅπασιν
3464 4081 3660 4135 ἔσται.

2233 4193 2342 4246 Καὶ
2371 4193 2550 4257 πάλιν,
2581 4193 2753 4258 οὔτως
2785 4189 2852 4264 ἦν
2879 4195 2908 4248 6
2934 4195 3124 4266 Πατὴρ
3157 4195 3214 4250 ὲν
3243 4193 3411 4264 αὐτῷ·
3443 4193 3537 4246 καὶ
3563 4193 3728 4256 αὐτὸς

2161 4281 2308 4352 ἐντῷ
2325 4285 2518 4354 Πατρὶ,
2540 4284 2614 4348 ὡς
2643 4285 2670 4336 ὁ
2698 4285 2838 4349 θεῖος
2877 4286 3195 4349 Ἀπόστολος
3225 4286 3316 4339 καὶ
3349 4287 3479 4356 περ)⁵
3509 4283 3728 4338 πάντων

2163 4375 2401 4428 διδάσκει
2426 4376 2531 4436 τῶν
2560 4377 2659 4446 τῆς
2676 4377 2995 4448 ἐπουρανίου
3019 4376 3294 4446 βασιλείας
3314 4375 3500 4442 ἀξίων,
3529 4375 3724 4444 λέγων·

2169 4467 2304 4519 Τότε
2333 4465 2502 4522 ἔσται
2534 4470 2566 4522 ὁ
2609 4467 2752 4534 Θεὸς
2789 4467 2984 4522 πάντα
3026 4470 3096 4522 ἐν
3125 4465 3348 4522 πᾶσιν·
3389 4467 3463 4530 ὡς
3506 4467 3600 4520 καὶ
3641 4466 3703 4520 τὸ

2175 4558 2501 4627 Ἐνοικήσω
2551 4561 2620 4614 ἐν
2669 4559 2872 4626 αὐτοῖς
2923 4559 3021 4614 καὶ
3071 4557 3544 4629 ἐμπεριπατήσω,
3570 4557 3694 4610 λὲλε

2158 4668 2309 4704 κται·
2344 4651 2452 4722 (57)
2488 4651 2622 4706 ἀλλὰ
2647 4654 2760 4718 καὶ,
2783 4652 2970 4722 Ἡμεῖς
3000 4654 3070 4707 ἐν
3101 4651 3259 4718 αὐτῷ
3288 4650 3489 4721 ζῶμεν,
3515 4649 3612 4704 καὶ
3643 4667 3730 4703 κι-

2157 4743 2434 4812 νούμεθα,
2474 4744 2574 4798 καί
2589 4744 2794 4814 ἐσμεν.
2837 4745 2945 4798 Καὶ
2979 4744 3152 4798 ταῦτα
3189 4745 3366 4804 πάντα
3405 4742 3534 4813 περὶ
3567 4741 3730 4813 ἡμῶν

2158 4834 2428 4902 λέλεκται,
2470 4836 2578 4890 τῶν
2615 4837 2734 4890 κατ’
2778 4837 2910 4892 ίδίαν
2948 4837 3243 4890 ὑπόστασιν
3271 4833 3592 4904 ὑφεστώτων
3631 4835 3730 4894 καὶ

2158 4925 2374 4992 ζώντων
2405 4929 2498 4981 καὶ
2524 4929 2686 5000 μηδὲν
2715 4929 2944 4998 ἐχόντων
2968 4928 3141 4982 κοινὸν
3169 4925 3304 4998 πρὸς
3328 4925 3426 4998 τὴν
3451 4924 3730 4997 πατρικὴν

2548 5109 2592 5141 ³⁸
2625 5107 2779 5162 Joan.
2809 5125 2862 5173 χ,
2899 5107 2986 5163 50.
3065 5109 3106 5142 ³³
3139 5106 3266 5168 ibid.
3294 5105 3380 5162 58.
3493 5103 3539 5134 “
3559 5099 3724 5158 Joan.

485 5167 599 5238 ιιν,
626 5173 681 5227 9.
755 5173 800 5202 “
826 5169 845 5224 Ι
877 5169 1006 5229 Cor.
1021 5167 1122 5236 sv,
1152 5169 1242 5224 28.
1320 5169 1366 5200 ι’
1393 5167 1565 5225 Levit.
1591 5186 1739 5236 xxvi,
1769 5171 1836 5224 12
1863 5189 1878 5238 ;
1919 5173 1936 5226 l
1968 5174 2066 5228 Cor

2167 5191 2198 5242 ι,
2231 5177 2318 5230 16.
2361 5176 2408 5209 ⁸³
2429 5178 2550 5232 Act.
2579 5193 2711 5242 xvu,
2751 5179 2844 5236 28.

557 5373 667 5445 (5|)
707 5373 874 5445 Vulgo
917 5373 1080 5428 αὑτοῦ
1125 5383 1200 5429 at.
1245 5373 1316 5430 cl.
1348 5373 1412 5429 Ι).
1447 5375 1539 5428 lln.
1583 5386 1638 5428 et
1668 5389 1791 5428 mox
1845 5377 2050 5445 ὲνωμὲ-

481 5460 666 5586 ωἷὲε)
701 5513 872 5586 Yulgo
901 5513 1083 5586 καθὼς
1117 5512 1258 5586 [και]
1288 5515 1448 5586 ἡμεῖς
1488 5523 1542 5567 et
1585 5527 1710 5568 mox
1755 5511 1862 5584 γὰρ
1905 5514 2046 5566 τότε·

555 5583 664 5656 (55)
699 5583 870 5656 νυιεο
893 5587 990 5656 μὲν
1017 5583 1096 5648 τό,
1120 5583 1192 5636 'et
1218 5583 1398 5656 θίρυλλ.

2155 5398 2336 5594 validi;
2361 5452 2530 5523 Vulgo
2554 5454 2652 5524 τῆς
2681 5457 2783 5510 οἰκ.

2223 5522 2310 5592 (56
2369 5523 2538 5594 Vitligo
2559 5525 2616 5578 ἓν
2646 5528 2778 5594 ὲσμε

2369 5522 2538 5598 γριεο
2559 5522 2618 5598 ἓν
2646 5528 2830 5598 ἐσμεν.

2223 5585 2341 5666 (547)-
2370 5585 2904 5666 ίΕοῖιείίειςρὶιιιιιιιι,
2970 5595 3150 5661 ’Λλ)ὰ,
3199 5597 3274 5662 ὼς
3319 5595 3408 5650 καὶ
3453 5591 3616 5666 ἡμεῖς
3657 5585 3730 5648 ἓν

554 5651 668 5722 (54)
702 5651 1200 5735 Μρ.ςαίνέσεως,Λιιι
1247 5651 1318 5706 cl.
1366 5653 1428 5708 ι).
1475 5653 1599 5735 lim;
1637 5669 1756 5735 [nos
1797 5651 1952 5735 vuigo
1979 5652 2038 5708 ἓν

2167 5651 2300 5735 isis)
2315 5651 2524 5735 ζῶμεν.
2569 5665 2638 5721 Μ.

482 5721 657 5796 ἔσμεν
693 5721 763 5776 et
790 5723 912 5778 dein
963 5721 1346 5794 παραθήσομεν
1409 5733 1464 5780 et
1519 5725 1586 5777 δι’
1629 5721 1698 5796 ἧς
1739 5721 2035 5796 ἐπερχόμε-

3729 3837 3762 3858 κ
