4098 6398
432 255 570 315 ili-£5

1343 248 1433 307 DE
1464 247 1998 305 ECCLESIASTICA
2037 247 2430 306 THEOLOGIA
2468 247 2598 304 LIB.
2638 245 2728 303 [Ila

3503 243 3639 305 ιοις

432 375 677 446 θεότητα.
717 371 784 426 Τί
833 370 946 442 (58)
982 369 1048 441 δὴ
1081 363 1173 423 οὖν
1210 368 1316 440 χρὴ
1345 367 1664 439 θαυμάζειν,
1695 371 1744 422 εἰ
1782 370 1875 423 καὶ
1900 370 1987 422 ἐπὶ

2091 371 2317 426 vinitate
2349 385 2656 427 commune.
2686 367 2948 437 Quocirca
2980 382 3086 424 non
3129 375 3215 424 est
3252 365 3468 434 mirum,
3496 367 3541 422 si
3578 368 3651 425 de

430 463 525 517 τοῦ
560 460 712 527 Υἱοῦ,
743 461 797 514 αί
821 458 1190 530 παραπλήσιοι
1217 457 1470 528 φέρονται
1499 459 1690 528 φωναί·
1718 459 1818 512 οὐκ
1840 461 1991 514 ἀναι-

435 554 623 626 ροῦσαι
668 553 764 624 μὲν
804 550 966 605 αὑτοῦ
1005 549 1105 621 τὴν
1147 549 1440 602 ὑπόστασιν
1488 550 1598 603 οὐδ’
1644 550 1804 604 αὑτὸν
1853 546 1992 605 εἶναι

432 646 650 718 Πατέρα
673 645 765 698 καὶ
785 644 912 696 Υἱδν
934 643 1299 707 διδάσκουσαι,
1313 642 1411 714 τὴν
1431 641 1488 695 δέ
1509 641 1604 695 τοῦ
1626 643 1837 714 Πατρὸς
1859 643 1993 714 πρὸς

432 739 594 795 αὐτὸν
629 737 932 801 ἰδιάζουσαν
953 737 1048 790 καὶ
1089 735 1360 806 ἐξαίρετον
1400 734 1562 806 τιμὴν
1594 735 1689 788 καὶ
1715 734 1871 801 δόξαν
1896 734 1993 805 τῆς

437 830 751 904 μονογενοῦς
775 830 868 888 καὶ
889 829 1075 900 θεῖκῆς
1098 827 1380 892 κοινωνίας
1407 826 1758 900 περιστῶσαι.

1041 1004 1198 1058 ΚΕΦ.
1237 1006 1371 1059 KA'.

433 1098 629 1165 ὀπως
658 1095 771 1168 χρὴ
792 1095 954 1152 νοεῖν
991 1097 1081 1168 τόξ
1106 1096 1166 1150 '0
1200 1094 1467 1168 ἑωρακὼς
1488 1095 1612 1166 ἐμὲ,
1641 1095 1862 1165 ἑώρακε
1895 1094 1992 1152 καί

1015 1166 1121 1221 τὸν
1166 1165 1415 1234 Πατέρα.

498 1258 682 1324 Οὕτως
711 1253 806 1314 οὖν
829 1257 924 1313 καὶ
951 1259 984 1312 ὁ
1011 1257 1278 1324 ἑωρακὼς
1300 1257 1484 1321 αὐτὸν,
1518 1254 1737 1324 ἑώρακε
1761 1254 1862 1308 καὶ
1888 1254 1995 1308 τὸν

429 1352 684 1421 Πατέρα,
716 1350 794 1422 τῷ
829 1349 985 1425 μόνον
1025 1349 1187 1406 αὑτὸν
1225 1349 1320 1405 καὶ
1361 1349 1563 1420 μηδένα
1605 1347 1761 1402 ἄλλον
1794 1349 1995 1401 εἰκόνα

429 1440 568 1498 εἶναι
609 1442 717 1498 τοῦ
749 1441 896 1496 Θεοῦ
939 1440 1042 1495 τοῦ
1087 1439 1341 1509 ἀοράτου
1381 1441 1474 1494 καὶ
1517 1439 1854 1511 ἀπαύγασμα
1895 1441 1993 1510 τῆς

427 1538 584 1608 δόξης
634 1536 728 1589 καὶ
771 1533 1096 1606 χαρακτῆρα
1139 1535 1241 1605 τῆς
1294 1534 1639 1598 ὑποστάσεως
1691 1531 1876 1599 αὐτοῦ,
1925 1534 1994 1586 ἐν

424 1626 629 1700 μορφῇ
671 1644 736 1680 τε
780 1625 927 1680 Θεοῦ
958 1625 1269 1695 ὑπάρχειν,
1303 1625 1445 1679 κατὰ
1493 1625 1592 1690 τὰς
1633 1625 1992 1688 ἁποστολικὰς

2092 463 2227 520 Filio
2275 463 2408 519 tales
2455 477 2612 518 voces
2656 470 3005 532 usurpentur,
3033 475 3153 532 quae
3193 459 3410 514 minime
3461 458 3649 514 tollant

2091 562 2272 608 tamen
2305 554 2473 622 ipsius
2500 552 2835 624 hypostasin,
2869 554 3064 606 nedum
3115 550 3435 605 confirmant
3471 549 3644 619 ipsum

2089 657 2210 699 esse
2237 653 2293 699 et
2326 643 2539 699 Patrem
2572 652 2626 700 et
2659 642 2852 698 Filium
2886 660 2899 696 :
2938 641 3306 695 tantummodo
3351 654 3649 709 repraesen-

2091 743 2206 790 tant
2238 735 2388 790 illam
2431 735 2667 790 divinam
2707 733 2966 804 uuigeniti
3013 731 3134 786 Filii
3185 732 3647 794 communionem,

2090 828 2372 895 honorem,
2407 836 2568 899 atque
2599 825 2848 898 gloriam,
2879 838 3041 895 quam
3081 837 3147 879 ex
3187 822 3275 878 illa
3307 836 3337 877 a
3364 819 3526 877 Patre
3550 836 3648 878 suo

2091 920 2268 976 habet.
2631 969 2640 978 .

2668 1009 2892 1066 CAPUT
2931 1009 3072 1066 XXI.

2093 1101 2365 1168 Quomodo
2401 1103 2621 1180 intelligi
2643 1104 2824 1227 de‘begt
2839 1103 2975 1226 (illud
2997 1119 3015 1156 :
3035 1119 3054 1154 ι
3089 1100 3194 1168 Qui
3215 1101 3340 1156 uidit
3372 1116 3480 1167 me,
3519 1097 3650 1154 vidit

2576 1218 2594 1226 ..
2672 1191 2700 1226 ε
2804 1191 2833 1226 ιι
2862 1189 2990 1227 rem.
3023 1191 3043 1226 ι
3330 1204 3341 1217 ·

2576 1218 2594 1226 ..
2672 1189 2720 1227 et
2754 1189 2990 1227 murem.
3023 1191 3043 1226 ι
3330 1204 3341 1217 ·

2163 1266 2234 1320 Ita
2272 1280 2496 1336 quoque
2520 1274 2580 1318 et»
2600 1266 2690 1335 qui
2721 1264 2870 1319 illum
2901 1265 3055 1330 uidit,
3082 1263 3212 1318 vidit
3241 1271 3289 1316 et
3334 1261 3552 1316 Patrem
3569 1257 3640 1324 “,

2093 1367 2157 1408 eo
2187 1354 2328 1422 quod
2359 1354 2473 1423 ipse
2506 1352 2652 1408 solus
2677 1354 2772 1417 sit,
2811 1368 2917 1408 non
2951 1363 3130 1408 autem
3165 1353 3306 1408 alius
3336 1351 3605 1422 quispiam
3632 1387 3652 1416 ,

2092 1443 2277 1514 Imago
2307 1443 2405 1497 Dei
2425 1443 2782 1510 invisibilis“,
2810 1453 2864 1499 et
2885 1444 3157 1500 emanatio
3174 1441 3604 1498 claritatisillius
3631 1481 3650 1507 ,

2093 1537 2468 1599 et,_character
2485 1552 2776 1606 expressus
2814 1538 3166 1608 hypostaseos
3197 1535 3315 1606 ejus
3339 1536 3453 1604 Qui,
3485 1544 3542 1589 ut
3567 1534 3650 1590 lo-

2093 1630 2277 1698 quitur
2313 1627 2628 1698 Apostolus,
2675 1629 2732 1682 in
2775 1628 2950 1698 forma
2994 1628 3092 1682 Dei
3132 1627 3400 1697 fuerat“.
3435 1627 3570 1682 Nam
3594 1637 3652 1682 ut

426 1716 790 1778 διδασκαλίας.
834 1715 920 1778 Ὠς
943 1713 1052 1786 γὰρ
1079 1714 1172 1767 καὶ
1197 1717 1225 1768 ὁ
1257 1713 1354 1790 τὴν
1380 1714 1660 1789 βασιλικὴν
1685 1715 1865 1768 εἰκόνα
1888 1714 1986 1786 τὴν

2088 1717 2178 1787 qui
2208 1717 2494 1788 imaginem
2532 1718 2674 1787 regis
2709 1731 3044 1786 expressam,
3072 1731 3175 1786 qua
3203 1717 3463 1772 exactiori
3493 1715 3652 1772 modo

428 1808 513 1864 ἐπ’
540 1805 760 1879 ἀκριϐὲς
781 1805 1214 1876 άφωμοιωμένην
1237 1806 1384 1877 αὐτῷ
1402 1805 1721 1877 τεθεαμένος
1741 1806 1866 1870 τοὺς
1887 1805 1986 1877 τῆς

429 1897 640 1968 μορφῆς
665 1896 862 1960 τύπους
887 1896 975 1950 διὰ
1004 1897 1102 1968 τῆς
1127 1897 1342 1968 γραφῆς
1372 1897 1818 1969 ἀποματτόμενος
1853 1915 1988 1968 φαν-

424 1987 700 2042 τασιοῦται
728 1988 836 2054 τὸν,
853 1987 1094 2057 βασιλέα,
1119 1989 1210 2042 τὸν
1248 1988 1410 2042 αὐτὸν
1450 1988 1671 2061 τρόπον,
1703 1988 1904 2060 μᾶλλον
1929 1989 1986 2043 δὲ

425 2081 564 2151 ὑπὲρ
597 2080 770 2134 πάντα
799 2080 910 2150 (59)
936 2078 1091 2148 λόγον
1131 2081 1325 2144 παντός
1360 2097 1421 2133 τε
1449 2080 1704 2154 ἐπέκεινα
1734 2081 1988 2152 παραδεί-

424 2187 652 2241 γματος,
677 2171 706 2223 ὁ
731 2168 806 2241 νῷ
829 2170 1038 2239 διαυγεῖ
1071 2171 1166 2224 καὶ
1191 2171 1368 2242 ψυχῆς
1395 2172 1827 2244 κεκαθαρμένοις
1850 2174 2000 2244 ἁγίῳ.

424 2279 486 2315 τε
527 2261 800 2334 Πνεύματι
832 2261 1261 2331 πεφωτισμένοις
1302 2261 1510 2333 ὄμμασι
1554 2261 1632 2336 τῷ
1670 2279 1729 2316 τε
1773 2263 1986 2334 μεγέθει

423 2352 522 2424 τῆς
551 2351 641 2406 τοῦ
669 2352 984 2424 μονογενοῦς
1009 2351 1138 2406 Υἰοῦ
1159 2354 1251 2407 καὶ
1272 2354 1474 2426 Κυρίου
1504 2354 1781 2427 δυνάμεως
1807 2355 1988 2408 ἐνατε-

425 2443 598 2508 νίσας,
627 2445 721 2498 καὶ
761 2446 1034 2515 ἐννοήσας,
1061 2445 1207 2510 ὅπως
1237 2447 1293 2498 ἐν
1321 2445 1468 2516 αὐτῷ
1510 2450 1753 2501 κατοικεῖ
1784 2447 1890 2500 πᾶν
1925 2447 1987 2501 τὸ

427 2535 713 2606 πλήρωμα
736 2534 846 2604 τῆς
877 2533 1164 2610 πατρικῆς
1198 2537 1490 2604 θεότητος,
1519 2538 1613 2591 καὶ
1634 2538 1710 2600 ὡς
1737 2538 1804 2592 τὰ
1836 2539 1987 2607 σύμ-

426 2640 621 2683 παντα
649 2624 733 2678 δι’
759 2625 942 2679 αὐτοῦ
969 2625 1222 2694 ἐγένετο,
1249 2626 1346 2679 καί
1380 2627 1448 2679 ἐν
1468 2625 1626 2692 αὐτῷ
1645 2628 1890 2696 ἐκτίσθη
1915 2628 1989 2682 τὰ

425 2715 642 2781 πάντα,
668 2714 740 2770 τὰ
766 2715 836 2770 ἐν
857 2715 981 2781 τοῖς
1000 2717 1298 2791 οὐρανοῖς,
1333 2719 1432 2772 καὶ
1471 2718 1543 2772 τὰ
1577 2719 1675 2772 ἐπὶ
1705 2719 1832 2790 τῆς·
1853 2719 1983 2790 γῆς·

423 2808 494 2863 τὰ
522 2808 693 2880 ὁρατά
729 2810 822 2862 κα)⁵
865 2809 932 2863 τὰ
971 2809 1195 2880 ἀόρατα·
1240 2810 1592 2881 λογισάμενός
1631 2828 1691 2864 τε
1724 2813 1800 2875 ὠς
1831 2814 1986 2884 μόνον

426 2901 588 2960 αὑτὸν
627 2901 752 2954 Υἰὺν
788 2902 1046 2973 μονογενῆ
1088 2902 1278 2970 ἐγέννα
1313 2902 1342 2954 ό
1389 2901 1596 2973 Πατὴρ,
1642 2903 1781 2956 κατὰ
1814 2904 1986 2958 πάντα

427 2992 851 3064 ἀφωμοιωμένον
882 2992 1030 3063 αὑτῷ
1061 2992 1308 3065 δυνάμει,
1344 2993 1437 3046 καὶ
1481 2994 1641 3048 αὐτὸν
1677 2994 1865 3064 ὄψεται
1893 2995 1984 3049 τὸν

426 3057 664 3158 Πατέρα,
693 3057 780 3140 διὰ
802 3085 896 3141 τοῦ
926 3057 1054 3138 me
1082 3057 1283 3156 ligneo!)
1292 3102 1471 3155 μενον,
1490 3086 1600 3148 τοῖς
1623 3057 1731 3156 τὴν.
1751 3085 1983 3140 διάνοιαν

427 3176 870 3247 κεκαθαρμένοις,
899 3178 1027 3247 περὶ
1043 3171 1116 3230 ὧν
1139 3176 1350 3247 εἴρηται
1379 3176 1462 3240 τὸ,
1486 3177 1771 3245 Μακάριοι
1800 3181 1856 3232 ol
1883 3195 1985 3233 κα-

427 3267 592 3336 θαροί
620 3266 696 3336 τῇ
719 3267 952 3335 καρδίᾳ,
984 3267 1073 3320 ὅτι
1099 3268 1267 3322 αὺτοί
1300 3266 1406 3320 τὸν
1433 3267 1581 3321 Θεὸν
1607 3268 1876 3337 ὄψονται.

494 3357 680 3413 Ταῦτα
719 3359 814 3430 μὲν
842 3353 933 3413 οὖν
963 3358 1314 3431 προθεμένοις
1340 3360 1473 3430 ἡμῖν
1505 3357 1616 3429 (60)
1659 3360 1858 3412 σκοπὸν
1889 3360 1985 3430 τὴν

427 3446 781 3520 βραχυλογίαν
801 3447 879 3511 ὠς
897 3449 953 3500 ἐν
973 3449 1202 3518 ἐπιτομῇ
1228 3445 1607 3517 γεγυμνάσθω’
1644 3446 1899 3518 πλείστης
1927 3448 1985 3500 δὲ

424 3542 554 3612 ὅσης
580 3539 898 3614 ἐξεργασίας
933 3539 1199 3610 δεομένων
1237 3538 1343 3592 τῶν
1372 3537 1511 3590 κατὰ
1537 3537 1628 3590 τὸν
1667 3537 1850 3601 τόπον,
1879 3539 1985 3608 ὅτῳ

428 3631 577 3708 μέλει
607 3632 704 3702 τῆς
741 3630 945 3684 τούτων
1002 3626 1265 3700 ἀκριϐοῦς
1297 3627 1654 3700 καταλήψεως»
1677 3631 1788 3692 τοῖς
1825 3629 1987 3698 εὐαγ-

424 3722 657 3791 γελικοῖς
681 3722 777 3776 καὶ
801 3720 1174 3784 άποστολικοῖς
1193 3719 1579 3791 ἀναγνώσμασι
1631 3720 1730 3791 τὴν
1749 3721 1986 3775 διάνοιαν

425 3813 710 3884 ἐπερείσας
736 3814 827 3866 τὸν
860 3812 1037 3867 πάντα
1062 3811 1185 3866 νοῦν
1211 3810 1270 3877 ἐξ
1300 3809 1476 3865 αὐτῶν
1511 3811 1603 3864 ἐπὶ
1636 3811 1830 3882 σχολῆς
1858 3813 1987 3865 ἀνα-

424 3904 650 3971 λέξει-αι’
701 3903 907 3975 μυρίων
935 3921 997 3973 γε
1047 3903 1150 3976 μὴν
1195 3905 1288 3956 καὶ
1315 3903 1487 3958 ἄλλων
1514 3906 1897 3976 ἀσυναρτήτως
1929 3907 1985 3958 ἐν

423 3995 502 4067 τῷ
527 3997 842 4069 Μαρκέλλου
870 3997 1258 4068 συγγράμματι
1284 3995 1806 4068 συμπεφορημένων,
1839 3997 1988 4050 πλείο

427 4104 566 4147 στων
603 4105 664 4141 τε
694 4089 833 4142 ὅσων
875 4087 1128 4152 ἐναντίως
1167 4087 1245 4159 τῷ
1289 4086 1583 4159 βουλήματι
1622 4089 1720 4158 τῆς
1767 4087 1986 4158 Γραφῆς

425 4180 724 4251 εἰρημένων
752 4180 950 4252 ἐτέρων
976 4197 1034 4233 τε
1063 4179 1430 4250 βεϐιασμένων
1459 4179 1553 4232 καὶ
1583 4178 1851 4250 μηδεμίαν
1885 4196 1986 4232 σω-

426 4273 628 4326 σάντων
688 4271 1002 4326 ἀκολουθίαν
1051 4271 1224 4324 κοινὸν
1265 4270 1355 4322 τὸν
1401 4269 1619 4340 ἔλεγχον
1667 4271 1986 4342 κατάφωρον

2087 1817 2500 1878 reprazsentatur
2527 1823 2646 1875 rex,
2673 1809 2917 1868 intuetur
2946 1823 3042 1880 per
3069 1808 3258 1864 forma:
3299 1809 3470 1879 ipsius
3507 1809 3648 1878 ﬁgu-

2087 1910 2194 1962 ras,
2222 1910 2317 1966 per
2343 1897 2609 1966 picturam
2638 1895 2934 1967 insculptas
2961 1895 3162 1963 animo,
3179 1913 3358 1968 regem
3386 1898 3650 1968 imagina-

2090 1994 2212 2052 tur;
2244 1988 2310 2043 ad
2343 1987 2592 2043 eumdem
2627 1989 2864 2057 modum,
2904 1999 2997 2045 aut
3035 1991 3212 2060 potius
3247 2006 3408 2060 supra
3437 2006 3650 2046 onmem

2089 2079 2307 2138 modum
2342 2078 2740 2149 rationemque,
2777 2087 2834 2134 et
2871 2095 3031 2150 supra
3071 2080 3347 2150 exemplar
3377 2083 3652 2151 quodcun-

2087 2185 2214 2240 que,
2264 2173 2354 2241 qui
2410 2181 2590 2228 mente
2648 2173 2914 2228 illustrata
2966 2183 3130 2244 atque
3155 2175 3329 2230 oculis
3397 2177 3563 2230 animi
3618 2192 3648 2230 a

2089 2261 2293 2332 Spiritu
2334 2272 2526 2318 sancto
2560 2264 2876 2320 illuminatis
2904 2274 2958 2318 et
2994 2264 3300 2334 puriﬁcatis
3347 2263 3649 2321 intuebitur

2088 2362 2324 2409 attentus
2385 2356 2810 2424 magnitudinem
2845 2357 3107 2427 unigeniti
3157 2356 3251 2412 Dei
3288 2355 3430 2423 Filii,
3463 2369 3518 2412 et
3545 2359 3649 2412 Do-

2088 2444 2217 2498 mini
2249 2444 2453 2514 gloriaa,
2481 2455 2536 2501 et
2565 2447 2706 2516 apud
2738 2447 3062 2510 a-animum
3096 2462 3252 2502 suum
3297 2449 3648 2516 reputaverit,

2087 2534 2316 2603 qualiter
2344 2536 2396 2590 in
2426 2551 2490 2591 eo
2525 2537 2731 2592 habitet
2765 2537 2942 2592 omnis
2977 2536 3247 2606 plenitudo
3287 2553 3522 2606 paterna:
3562 2539 3647 2589 di-

2087 2626 2320 2680 uinitatis
2341 2625 2410 2692 ⁸⁷,
2438 2636 2493 2681 et
2519 2627 2658 2696 quod
2681 2628 2856 2681 omnia
2881 2644 2973 2697 per
2993 2629 3160 2696 ipsum
3190 2627 3331 2696 facta
3370 2630 3473 2682 sint
3498 2627 3564 2694 ³⁸,
3595 2639 3648 2681 et

2087 2714 2229 2771 ineo
2272 2716 2476 2770 condita
2503 2717 2604 2771 sint
2630 2719 2890 2784 universa,
2915 2734 3032 2788 qua:
3063 2719 3119 2772 in
3152 2717 3314 2786 cwlis,
3343 2729 3389 2773 et
3409 2735 3525 2788 qua:
3556 2706 3646 2773 su-

2085 2826 2177 2877 per
2209 2821 2401 2865 terram
2430 2819 2574 2876 sunt,
2616 2810 2841 2864 visibilia
2873 2823 2920 2864 et
2966 2810 3248 2864 invisibilia
3265 2810 3344 2875 ‘9;
3376 2821 3430 2865 et
3466 2825 3647 2865 recor-

2087 2901 2245 2956 datus
2278 2901 2437 2956 fuerit
2468 2901 2610 2970 quod
2639 2901 2787 2956 illum
2821 2901 2993 2956 solum
3023 2899 3222 2956 Filium
3255 2903 3354 2957 sibi
3403 2903 3648 2972 unigeni-

2087 3000 2199 3047 tum
2230 2994 2472 3063 genuerit
2498 2993 2677 3059 Pater,
2704 2995 2900 3048 virtute
2935 2994 3034 3065 ipsi
3074 3008 3173 3064 per
3209 2994 3386 3048 omnia
3431 2995 3647 3048 assimi-

2084 3080 2250 3137 latum
2285 3098 2298 3134 :
2339 3085 2402 3148 is,
2436 3092 2490 3138 et
2525 3083 2718 3153 ipsum,
2748 3085 2934 3140 iisdem
2985 3085 3180 3140 mentis
3214 3085 3382 3140 oculis
3414 3086 3565 3152 puris
3593 3093 3649 3138 et

2085 3174 2376 3240 defzecatis,
2416 3175 2631 3230 Patrem
2669 3177 2961 3231 intuebitur
3005 3176 3059 3231 in
3101 3175 3236 3231 Filio
3274 3175 3646 3232 resultantem.

2085 3264 2242 3320 Tales
2279 3265 2388 3320 sint
2412 3266 2478 3320 de
2505 3267 2698 3335 quibus
2723 3267 2924 3322 dictum
2953 3275 3036 3323 est
3061 3285 3074 3321 :
3101 3265 3252 3323 Beati
3300 3268 3388 3339 qui
3450 3267 3645 3320 mundo

2085 3365 2204 3412 sunt
2244 3360 2436 3422 corde,
2489 3359 2737 3428 quoniam
2816 3359 2918 3426 ipsi
2999 3359 3243 3414 uidebunt
3281 3359 3529 3413 Deum".

2152 3451 2326 3520 Atque
2356 3451 2460 3506 ista
2477 3452 2692 3519 quidem
2713 3450 2855 3504 velut
2876 3465 2972 3520 per
2993 3451 3264 3520 epitomen
3299 3451 3408 3506 sint
3434 3465 3464 3504 a
3489 3450 3644 3504 nobis

2085 3541 2357 3598 elaborata
2406 3560 2420 3596 :
2479 3543 2672 3612 quippe
2712 3543 2803 3612 qui
2849 3543 3164 3597 brevitatem
3229 3551 3480 3610 tauquam
3525 3556 3646 3596 sco-

2084 3648 2213 3704 pum
2246 3613 2526 3702 quemdam
2565 3633 2717 3688 nobis
2742 3647 3210 3704 proposueramus.
3229 3633 3296 3686 Et
3330 3644 3472 3687 certe
3504 3633 3645 3686 mul-

2089 3735 2142 3778 ta
2198 3723 2288 3778 illa
2359 3738 2524 3794 opera
2584 3733 2744 3793 atque
2812 3723 3098 3792 sedulitate
3151 3723 3474 3778 exascianda
3532 3721 3646 3777 iue-

2086 3823 2210 3869 rant
2256 3823 2389 3885 qua!
2421 3815 2535 3871 hac
2586 3824 2849 3885 spectant.
2886 3815 2941 3870 In
2999 3817 3141 3886 quod
3173 3816 3216 3870 si
3247 3817 3368 3885 quis
3393 3815 3521 3870 velit
3549 3829 3644 3868 ac-

2086 3907 2324 3962 curatius
2351 3907 2684 3973 incumbere,
2717 3907 2784 3962 de
2817 3907 3044 3963 lectione
3077 3907 3402 3978 evangelica:
3431 3915 3487 3961 et
3523 3920 3649 3976 apo-

2085 3993 2290 4055 stolica:
2326 3999 2651 4070 Scripturaa,
2698 3999 2984 4068 diligenter
3022 3999 3428 4061 animadversas,
3479 3999 3645 4052 multo

2087 4090 2300 4158 quidem
2336 4089 2491 4156 plura
2519 4088 2774 4158 colligere
2820 4087 3039 4157 poterit,
3069 4101 3188 4155 qua:
3235 4084 3472 4139 Marcelli
3513 4084 3641 4137 illud

2088 4193 2220 4248 opus
2265 4178 2523 4232 dissolute
2563 4187 2900 4248 compactum
2958 4177 3224 4232 refellant.
3266 4176 3322 4230 lu
3368 4189 3476 4245 quo
3517 4190 3642 4243 pro-

2090 4271 2229 4325 iecto
2267 4278 2514 4325 sexcenta
2564 4270 2868 4324 isuusmodi
2899 4270 3264 4338 reperiuntur,
3301 4283 3420 4337 qua:
3458 4278 3643 4322 contra

423 4362 719 4432 γεγονέναι,
751 4363 902 4434 παρὰ
941 4365 1052 4426 τοῖς
1082 4361 1397 4433 εὑφρονοῦσι
1429 4360 1516 4414 διὰ
1555 4360 1662 4413 τῶν
1723 4361 1853 4430 ἡμῖν
1901 4360 1986 4424 ἐξ·

2090 4377 2308 4417 sensum
2354 4370 2408 4416 et
2466 4363 2784 4417 sententiam
2845 4363 3140 4432 Scriptura;
3198 4361 3433 4414 militant
3473 4378 3487 4414 :
3521 4369 3646 4412 sunt

422 4458 730 4524 ετασμένων
754 4453 1070 4526 ἡγούμενος,
1097 4453 1303 4516 τούτοις
1333 4451 1739 4524 ἀρκεσθήσομαι
1762 4453 1892 4522 (6|).

2096 4467 2214 4523 qua:
2263 4453 2368 4506 vim
2418 4450 2709 4522 Scriptum
2772 4451 3011 4507 inferunt
3089 4448 3466 4513 manifestam,
3525 4462 3645 4516 qua:

424 4547 622 4600 nullum
683 4548 838 4617 plane
873 4549 1156 4602 observant
1201 4546 1680 4615 consequentiam,
1727 4561 1844 4615 qme
1895 4553 2034 4620 apud
2080 4554 2367 4620 prudentes
2423 4546 2768 4604 manifestam
2825 4548 3119 4610 insinuant,
3164 4546 3257 4600 sed
3301 4557 3641 4600 communem

421 4647 471 4690 et
511 4637 795 4706 proclivem
827 4637 1202 4692 refutationem
1232 4652 1326 4708 per
1358 4653 1416 4691 se
1449 4637 1699 4692 aliorum.
1747 4639 1851 4694 Sed
1890 4656 1984 4694 nos
2024 4643 2172 4697 hisce
2199 4645 2434 4697 contenti
2463 4641 2691 4706 erimus,
2752 4653 2873 4707 qua:
2929 4637 2994 4692 ad
3027 4633 3451 4704 disquisitionem
3487 4647 3643 4686 voca-

421 4734 595 4786 vimus
620 4733 673 4786 in
703 4733 974 4802 praesenti.

418 4826 710 4881 Εὑσεϐίου
749 4825 867 4880 τῶν
896 4828 1044 4881 κατὰ
1076 4829 1424 4895 Μαρκέλλου
1468 4830 1728 4899 ἐλέγχων
1767 4829 1958 4895 τέλος.

493 4963 1173 5037 ᾖίἰιί.ἰδεη·ξε.,’ρῖιᾳ.195.
1250 4967 1588 5035 “Joan.x1v,
1609 4969 1660 5024 9.
1728 4969 1987 5023 "lioloss.

2088 4968 2166 5022 l5.
2245 4969 2287 4998 ⁸⁸
2305 4967 2529 5037 Philipp.
2551 4967 2682 5031 ",6.
2759 4969 2802 4999 ‘7
2830 4966 3034 5021 Coloss.
3059 4982 3116 5030 ll,
3149 4965 3203 5020 9.

419 5031 464 5064 "°
493 5035 695 5090 Coloss.
723 5051 762 5101 ι,
792 5035 881 5089 20.
908 5031 921 5035 “
954 5036 998 5067 ³⁸³
1030 5036 1218 5092 Matth.
1253 5054 1305 5105 v,
1337 5039 1392 5093 8.

491 5161 775 5242 (§§_)\lulgo
797 5164 874 5242 δέ,
898 5174 952 5218 et
979 5183 1100 5221 mox
1121 5169 1516 5242 παραπλήσιαι.

487 5232 600 5302 (59)
633 5232 735 5303 llp.
760 5235 977 5303 τρόπον.

487 5303 598 5374 (60)
632 5301 805 5373 Vulgo
833 5316 951 5374 post
1007 5309 1202 5381 σκοποῖ
1261 5311 1382 5366 add.
1436 5316 1589 5382 τινάς
1646 5335 1768 5376 mox
1820 5320 1978 5390 vulgo

1998 5500 2054 5519 α

2222 4828 2496 4882 Librorum
2526 4826 2738 4882 Eusebii
2768 4836 2949 4880 contra
2988 4824 3037 4878 Μ
3048 4825 3296 4879 arce/lum
3323 4826 3466 4891 finis.

3281 4965 3324 4998 ’⁵⁸
3353 4965 3507 5020 Joan.
3533 4967 3642 5028 1,5.

2126 5175 2284 5228 ἐλλει.

2126 5197 2284 5228 ΞΜει.

2087 5197 2123 5248 μ
2153 5246 2260 5315 (61)
2292 5245 2456 5317 Vulgo
2479 5244 2967 5316 ἐξαρκεσθὴσομαι.
