4160 6444
561 263 700 323 1047

1229 269 1499 328 EUSEBH
1534 270 2014 330 CESARIENSIS
2051 275 2202 332 OPP.
2245 277 2428 334 PARS
2467 275 2557 334 IV.
2597 310 2666 321 —
2703 279 3126 340 DOGMATICA.

3652 283 3813 342 ιοιε

597 417 3807 469 W

1297 497 2055 761 EUSEBII
2135 607 3049 765 PAMPHILI
3145 787 3152 791 ,

869 889 1599 1006 ΟλίΕΒΑΒΕᾹζ
1681 894 1831 1007 ΙΝ
1917 897 2101 1006 PA

2203 895 2758 1012 [ESTINA
2837 899 3475 1019 EPISCOPI

1559 1137 2383 1269 OPUSCULA
2441 1143 2780 1274 XIV.

593 1377 871 1442 Primum
908 1379 979 1440 in
1006 1375 1420 1468 lucemhedita
1449 1375 1669 1468 studio
1703 1381 1764 1436 et
1792 1391 1982 1468 Opera
2016 1377 2610 1468 JacobiSirmondi,
2642 1380 2966 1468 societatis
2996 1385 3157 1446 Iesu
3185 1385 3564 1468 presbyteri,
3599 1397 3659 1454 et
3714 1411 3750 1454 ιι

1209 1455 1550 1518 Gallandio
1581 1471 1806 1517 recusa
1835 1464 1990 1517 tom.
2022 1457 2104 1516 IV
2144 1455 2538 1523 Bibliothecw
2566 1469 2839 1546 veterum
2865 1460 3149 1528 Patrum.

2160 1607 2235 1624 ψ

1005 1755 1186 1865 DE
1267 1755 1595 1867 FIDE
1677 1754 2428 1871 ADVERSUS
2507 1757 3346 1876 SABELLIUM.

1723 2113 2071 2200 LIBER
2152 2114 2639 2201 PRIMUS.

615 2302 752 2356 Sunt
798 2301 1087 2357 tacentium
1115 2319 1232 2373 qum
1273 2304 1546 2368 dicuntur,
1582 2315 1635 2359 et
1664 2305 1955 2360 dicentium
1991 2321 2109 2373 qua:
2137 2311 2184 2368 Α
2215 2316 2325 2358 erat
2364 2305 2502 2371 apud
2527 2303 2689 2358 Deum
2713 2345 2728 2367 ,
2761 2315 2807 2358 et
2843 2306 2977 2358 Deus
3003 2315 3116 2360 erat
3148 2305 3373 2361 Verbum
3395 2323 3415 2360 :
3453 2309 3549 2361 hoc
3588 2319 3697 2362 erat
3727 2311 3799 2363 inv

543 2403 807 2449 tacentur.
834 2393 1079 2449 Charitas
1098 2396 1239 2450 enim
1259 2410 1364 2450 non
1382 2395 1661 2461 dividitur,
1691 2413 1793 2452 non
1813 2398 2108 2467 spernitur.

542 2486 819 2557 Siquidem
850 2497 904 2542 et
934 2487 1024 2556 qui
1056 2497 1194 2542 tacet
1228 2503 1322 2558 per
1353 2488 1515 2544 alium
1538 2490 1799 2561 loquitur,
1826 2500 1881 2546 et
1900 2491 1990 2560 qui
2033 2491 2112 2546 lo-

539 2579 726 2646 quitur
773 2594 870 2647 per
913 2580 1077 2634 alium
1123 2588 1283 2636 tacet.
1340 2581 1394 2636 ln
1426 2597 1535 2636 uno
1566 2583 1710 2638 enim
1737 2599 1963 2653 corpore
2003 2600 2108 2639 non

539 2671 718 2724 Omnia
769 2672 1007 2725 membra
1060 2671 1372 2740 loquuntur,
1426 2689 1489 2729 os
1539 2689 1635 2743 pro
1663 2674 2111 2744 ommbusloqui-

542 2771 648 2818 tur.
694 2761 820 2816 Sive
857 2763 1025 2833 igitur
1061 2779 1250 2819 omnes
1296 2765 1600 2835 loquamur,
1645 2768 1760 2821 sive
1803 2784 1962 2831 unus,
1997 2769 2109 2823 sive

539 2854 757 2921 plures;
806 2853 1064 2908 Dominus
1093 2855 1364 2923 loquitur.
1396 2857 1486 2925 qui
1520 2858 1688 2910 dicit:
1730 2857 1842 2928 Ego
1871 2875 2020 2922 sum;
2056 2867 2109 2913 et

538 2945 734 2999 iterum
765 2946 928 3000 dicit:
966 2945 1080 3015 Ego
1120 2963 1258 3000 sum.
1311 2947 1446 3001 Cum
1477 2963 1604 3017 ergo
1641 2951 1752 3015 ipse
1796 2950 1962 3016 dicit,
1999 2950 2114 3020 Ego

537 3053 652 3090 sum
677 3075 692 3100 ,
725 3046 778 3089 tu
811 3038 1052 3090 consenti
1085 3038 1208 3106 quia
1254 3038 1368 3105 ipse
1394 3050 1507 3102 est,
1549 3052 1605 3092 ut
1634 3048 1686 3094 et
1721 3053 1772 3094 tu
1808 3042 1902 3094 tias
1937 3043 2107 3110 parti-

537 3143 682 3196 ceps.
717 3127 858 3182 Dicit
887 3129 1176 3184 Dominus:
1202 3129 1315 3200 Ego
1350 3145 1499 3184 sum:
1522 3141 1576 3186 et
1621 3148 1780 3187 nemo
1811 3135 1952 3188 dicat
1983 3136 2104 3202 quia

539 3235 644 3272 non
675 3229 776 3275 est.
821 3221 961 3276 Dicit
995 3221 1156 3276 Pater
1188 3242 1201 3277 :
1238 3222 1342 3276 Hic
1373 3233 1472 3284 est.
1501 3226 1712 3293 suscipe
1733 3235 1788 3279 et
1814 3239 2104 3293 venerare;

535 3323 588 3365 et
620 3313 760 3366 Filio
810 3315 1008 3369 dicenti
1043 3332 1057 3368 :
1087 3314 1198 3383 Ego
1255 3333 1393 3374 sum.
1446 3318 1623 3370 crede.
1665 3318 1834 3372 Crede
1879 3332 2008 3371 sane
2053 3327 2108 3372 et

536 3403 698 3458 Patre
735 3405 1138 3460 demonstrante
1177 3406 1298 3474 quia
1350 3407 1513 3460 habet
1553 3407 1742 3460 Filium
1787 3405 1920 3476 (6‘2).
1973 3408 2108 3461 Dicit

533 3497 675 3549 enim
706 3497 887 3561 Pater,
920 3495 1022 3550 Hic
1049 3507 1127 3552 est
1169 3513 1186 3551 :
1219 3498 1310 3566 qui
1363 3498 1492 3552 hic?
1521 3497 1696 3552 Filius
1730 3517 1902 3560 .nteus,
1937 3499 2008 3552 ait
2035 3499 2103 3552 ⁸¹.

533 3586 648 3640 Νοιι
684 3598 860 3642 tamen
893 3604 992 3643 vox
1017 3605 1160 3653 mea,
1183 3599 1275 3643 aut
1305 3593 1571 3661 cogitatus
1597 3608 1780 3657 meus;
1812 3594 1903 3646 sed
1931 3592 2103 3647 Filius

2210 2396 2470 2466 principio
2497 2398 2636 2464 apud
2655 2396 2820 2450 Deum
2845 2398 2912 2448 ⁸³.
2953 2398 3014 2451 Et
3041 2412 3182 2466 smpe
3207 2398 3356 2462 dicit,
3391 2398 3518 2453 Erat
3542 2416 3560 2454 :
3589 2412 3640 2454 et
3663 2401 3787 2472 qui-

2211 2489 2334 2543 dam
2364 2503 2430 2544 ne
2453 2488 2669 2557 quidem
2701 2488 2862 2543 semel
2889 2489 3218 2544 contendunt
3243 2491 3384 2560 quod
3411 2501 3514 2554 est,
3549 2490 3641 2543 sed
3681 2507 3783 2548 nec

2211 2578 2378 2634 semel
2411 2577 2548 2631 dixit
2575 2580 2640 2631 de
2675 2577 2834 2643 Filio,
2864 2575 2966 2630 Hic
3008 2591 3103 2632 est.
3151 2578 3256 2633 Sed
3299 2593 3420 2633 cum
3448 2580 3786 2639 venitFilius

2209 2679 2270 2725 ut
2318 2670 2565 2741 impleret
2613 2685 2827 2724 omnem
2871 2669 3136 2738 justitiam
3189 2687 3282 2740 per
3317 2670 3544 2727 Joannis
3589 2673 3768 2744 bapti-

2209 2774 2407 2825 smum,
2440 2760 2566 2829 quia
2619 2769 2828 2828 tempus
2873 2771 2990 2814 erat
3041 2770 3098 2813 ut
3140 2761 3292 2831 signa
3321 2761 3548 2826 faceret,
3597 2772 3648 2818 et
3683 2764 3777 2818 de-

2210 2861 2544 2907 monstraret
2570 2851 2819 2906 virtutem
2849 2867 2968 2922 quze
2989 2862 3105 2906 erat
3135 2854 3394 2908 absconsa
3422 2871 3435 2907 :
3470 2865 3529 2908 ut
3562 2871 3628 2909 ne
3660 2855 3779 2924 quis

2208 2953 2421 3015 putaret
2473 2944 2594 3012 quia
2641 2953 2700 2998 ut
2749 2945 2910 2999 homo
2962 2961 3126 3014 purus
3168 2945 3414 3016 indigens
3457 2947 3773 3016 baptismum

2206 3039 2356 3092 venit
2393 3038 2459 3091 ad
2501 3037 2830 3105 baptismum
2883 3035 2996 3108 (65)
3031 3055 3044 3091 :
3081 3037 3285 3105 primus
3323 3035 3556 3092 Joannes
3595 3048 3775 3108 utpote

2206 3145 2311 3184 vox
2359 3143 2463 3182 non
2514 3135 2696 3192 tacet;
2753 3127 2843 3195 qui
2876 3142 2980 3181 vox
3027 3127 3245 3194 quidem
3282 3127 3589 3192 dicebatur,
3619 3131 3775 3182 homo

2208 3231 2385 3273 autem
2431 3227 2566 3276 erat.
2617 3216 2675 3272 Si
2717 3218 2881 3287 igitur
2905 3215 3141 3273 Joannes
3187 3219 3278 3286 qui
3322 3233 3425 3271 vox
3460 3219 3638 3272 dictus
3671 3233 3770 3272 non

2209 3312 2470 3366 interimit
2531 3311 2805 3366 hominem
2869 3309 3025 3380 (66),
3088 3311 3262 3379 magis
3321 3308 3492 3364 Filius
3542 3309 3772 3364 Verbum

2206 3405 2382 3457 dictus
2431 3420 2532 3457 non
2579 3403 2852 3473 intercipit
2895 3403 3084 3456 Deum.
3160 3402 3346 3472 Neque
3393 3403 3536 3457 enim
3567 3402 3771 3458 Zacha-

2208 3500 2315 3550 rias
2349 3510 2534 3551 vocem
2567 3495 2772 3566 genuit,
2807 3509 2981 3564 neque
3011 3494 3287 3550 Elisabeth
3325 3511 3510 3551 vocem
3547 3499 3772 3567 peperit.

2207 3586 2390 3655 Neque
2432 3588 2571 3640 Deus
2603 3585 2860 3651 Verbum,
2889 3601 3012 3641 eum
3041 3587 3135 3654 qui
3181 3601 3246 3640 ex
3278 3601 3411 3642 voce
3443 3597 3529 3642 est
3566 3590 3768 3658 genuit,

533 3695 701 3736 meus.
731 3680 924 3748 inquit,
953 3682 1035 3736 hic
1061 3691 1160 3748 est;
1197 3681 1364 3736 Filius
1387 3698 1538 3738 meus
1558 3685 1957 3740 dilectissimus.
1989 3685 2102 3739 Non
2135 3673 2180 3728 Β
2207 3678 2299 3730 sed
2346 3678 2513 3730 Deum
2547 3676 2780 3731 Verbum
2812 3695 2826 3730 ε
2858 3676 2982 3745 Ilui“
3012 3675 3252 3731 Joannes
3290 3678 3506 3746 quidem
3548 3692 3650 3732 νοι
3681 3692 3771 3730 νο·

534 3771 624 3839 qui
651 3774 960 3826 contrarius
989 3783 1074 3828 est
1103 3775 1261 3840 mihi,
1293 3774 1386 3830 sed
1413 3776 1507 3844 qui
1540 3791 1625 3830 me
1651 3777 1882 3831 honorat
1910 3788 1963 3831 et
1989 3779 2105 3831 dili-

532 3863 630 3930 git.
664 3862 756 3917 Est
782 3865 926 3919 enim
946 3865 1115 3920 Filius
1143 3877 1198 3920 ut
1223 3867 1412 3931 Filius,
1435 3876 1490 3923 et
1516 3878 1598 3924 est
1623 3868 1790 3925 Filius
1815 3870 1905 3924 Dei
1938 3883 1993 3924 ut
2015 3871 2104 3924 Fi-

532 3955 656 4013 lius.
707 3955 775 4010 Et
823 3972 942 4011 cum
985 3961 1054 4012 sit
1090 3961 1182 4014 Dei
1216 3959 1407 4025 Filius,
1435 3971 1612 4016 tamen
1649 3977 1753 4016 non
1796 3964 2102 4018 intermittit

528 4063 693 4100 unum
722 4050 1004 4118 imperium
1043 4051 1217 4107 Patris
1249 4051 1382 4124 (65).
1419 4053 1479 4109 Si
1511 4055 1655 4108 enim
1691 4055 1795 4109 alia
1829 4055 2103 4125 placerent

528 4137 700 4202 Patri,
734 4140 834 4192 alia
862 4140 1066 4196 faceret
1087 4143 1294 4210 Filius;
1327 4145 1393 4198 lis
1414 4157 1471 4200 et
1496 4145 1762 4200 dissensio
1788 4147 2097 4212 haberetur,

528 4239 582 4284 et
652 4232 1047 4298 periclitaretur
1094 4244 1270 4289 unitas
1336 4236 1571 4304 imperii.
1624 4237 1679 4290 Si
1724 4247 1901 4292 autem
1931 4237 2099 4304 dicit,

525 4338 644 4388 quis
677 4325 777 4390 ipsi
817 4324 1019 4388 placent
1053 4327 1192 4394 facio
1231 4344 1432 4396 semper
1457 4329 1502 4360 "
1534 4329 1646 4400 (64)
1671 4347 1685 4395 ;
1715 4330 1838 4399 quia
1883 4344 1948 4384 ea
1980 4345 2100 4398 quae

519 4416 740 4486 placent
769 4414 912 4470 Patri
970 4433 1183 4487 semper
1227 4417 1376 4483 facit,
1428 4433 1602 4488 neque
1647 4422 1952 4475 contrarius
1991 4432 2095 4484 est,

524 4523 702 4578 neque.
731 4509 1000 4577 dissentit,
1031 4525 1205 4578 neque
1227 4511 1546 4568 adversatur
1574 4512 1719 4566 Patri
1753 4532 1766 4566 :
1803 4513 1895 4567 sed
1922 4515 2097 4568 hono-

522 4601 700 4658 rilicat
721 4611 776 4656 et
802 4603 1142 4672 diligitsuum
1171 4605 1489 4672 genitorem,
1516 4605 1674 4675 eique
1709 4607 1910 4660 obedit.
1957 4606 2098 4661 Scri-

523 4704 672 4760 ptum
697 4704 812 4749 est:
845 4694 945 4748 Hic
973 4706 1072 4761 est,
1105 4683 1215 4765 Ego
1239 4714 1396 4762 sunt;
1434 4707 1491 4751 et
1521 4713 1536 4751 :
1575 4697 1641 4750 In
1667 4698 1928 4766 principio
1960 4709 2092 4751 erat.

523 4783 580 4840 Si
621 4785 764 4839 enim
817 4785 1030 4840 Patrem
1075 4787 1398 4858 interrogas,
1437 4789 1569 4842 dicit
1611 4806 1625 4843 :
1671 4786 1776 4841 Hic
1813 4799 1889 4842 est
1919 4786 2094 4842 Filius

2205 3767 2449 3832 cabatur,
2486 3768 2646 3822 homo
2685 3778 2862 3822 autem
2902 3778 3062 3823 erat:
3102 3758 3182 3824 "ita
3222 3779 3277 3825 et
3324 3771 3584 3826 Dominus
3610 3769 3768 3826 Jesus

2203 3871 2258 3916 et
2293 3863 2526 3916 Verbum
2557 3863 2756 3915 dicitur
2786 3876 2891 3916 non
2919 3863 3224 3929 visibiliter,
3255 3866 3349 3920 sed
3369 3863 3602 3920 Verbum
3631 3866 3770 3921 Deus

2203 3965 2257 4010 et
2284 3955 2421 4025 apud
2450 3953 2620 4010 Deum
2656 3972 2670 4008 :
2702 3969 2805 4008 non
2833 3955 3007 4008 solum
3037 3954 3289 4020 Verbum,
3316 3973 3491 4026 neque
3530 3973 3634 4012 una
3667 3973 3768 4012 vox

2201 4064 2266 4102 ex
2301 4048 2502 4110 multis,
2539 4048 2631 4102 sed
2673 4047 2985 4116 unigenitus
3018 4047 3178 4103 Deus.
3220 4049 3355 4116 Quia
3395 4049 3558 4120 igitur
3587 4049 3768 4105 venie-

2200 4142 2297 4195 bat
2330 4149 2385 4193 ιιι
2411 4140 2777 4210 baptizaretur
2813 4150 3032 4210 propter
3055 4154 3176 4205 nos,
3215 4139 3450 4195 Joannes
3479 4151 3766 4211 antequam

2201 4234 2660 4303 appropinquaret
2686 4233 2777 4303 qui
2803 4233 3158 4302 baptizandus
3184 4242 3324 4299 erat,
3357 4233 3483 4303 quia
3514 4249 3614 4288 vox
3645 4243 3762 4288 erat

2199 4341 2303 4377 non
2341 4325 2526 4391 tacuit,
2552 4326 2644 4380 sed
2675 4325 2925 4381 clamavit
2953 4327 3138 4382 dicens
3166 4326 3332 4396 :quid
3353 4326 3377 4380 ?
3402 4327 3537 4380 Ecce
3581 4327 3761 4396 Agnus

2197 4415 2295 4469 Dei
2318 4415 2384 4468 “.
2445 4415 2635 4472 Nonne
2688 4417 2890 4472 dictum
2947 4418 3051 4473 hoc
3098 4417 3339 4474 ostendit
3391 4432 3512 4475 eum
3558 4430 3650 4495 qui
3701 4427 3764 4480 ad

2199 4508 2518 4578 baptismum
2543 4511 2805 4565 venerat?
2831 4511 2920 4580 qui
2943 4511 3086 4566 enim
3108 4511 3415 4586 videbatur,
3444 4528 3561 4574 erat
3582 4519 3765 4590 Agnus

2197 4601 2292 4655 Dei
2319 4620 2332 4654 :
2363 4601 2455 4669 qui
2509 4611 2687 4656 autem
2734 4603 3128 4674 occultahatnr,
3181 4613 3436 4666 sacerdos
3468 4611 3581 4669 Dei.
3626 4611 3767 4666 Dicit

2193 4710 2320 4760 ergo
2351 4692 2620 4759 Joannes,
2655 4693 2790 4750 Ecce
2817 4697 2994 4770 Agnus
3023 4703 3141 4759 Dei.
3185 4703 3303 4758 Non
3335 4712 3453 4758 erat
3483 4711 3542 4758 ut
3565 4704 3762 4758 diceret

2197 4785 2415 4853 Filium,
2447 4802 2554 4840 non
2585 4798 2702 4845 erat
2737 4801 2794 4846 ut
2817 4794 3020 4848 diceret
3048 4810 3250 4866 regem.
3297 4798 3404 4851 Sed
3446 4797 3570 4866 quia
3619 4797 3760 4851 desi-

521 4891 666 4929 sneus
718 4874 1150 4932 dilectissimus:
1197 4886 1253 4932 et
1304 4895 1408 4932 non
1453 4878 1628 4934 solum
1688 4879 1841 4944 dicit,
1895 4880 1987 4933 sed
2041 4889 2096 4933 et
2193 4880 2454 4936 derabant
2483 4880 2612 4954 justi
2664 4893 2718 4938 et
2766 4887 3041 4955 prophetae
3087 4896 3143 4941 et
3193 4902 3372 4958 reges,
3421 4898 3478 4942 ut
3517 4887 3759 4943 viderent

517 4970 777 5024 ostendit.
828 4969 888 5025 Si
935 4986 964 5024 a
991 4970 1129 5025 Filio
1170 4974 1432 5042 requiras,
1475 4973 1646 5028 dicit:
1679 4970 1792 5042 Ego
1839 4990 1954 5027 sum
1986 4990 2005 5028 :
2038 4983 2092 5028 et
2192 4973 2421 5031 salutem
2459 4976 2667 5045 mundi,
2701 4979 2908 5047 peccati
2934 4989 3188 5047 mortem,
3210 4979 3529 5052 corruptela:
3553 4993 3756 5034 necem.

519 5060 624 5115 hoc
651 5061 985 5130 frequenter,
1018 5063 1062 5116 si
1094 5062 1442 5133 Evangelium
1468 5063 1623 5134 legis,
1649 5063 1891 5120 invenies
1917 5065 2092 5123 diccu-
2116 5053 2161 5121 C
2193 5067 2328 5133 Quia
2357 5070 2502 5125 enim
2551 5069 2653 5126 ista
2685 5080 2809 5126 erat
2849 5075 3182 5141 exspectatio
3221 5073 3510 5142 justorum,
3546 5073 3758 5143 quando

523 5165 664 5209 tem:
688 5153 755 5208 In
791 5157 1053 5225 principio
1080 5167 1212 5222 erat,
1238 5167 1314 5225 et,
1337 5158 1475 5223 apud
1495 5155 1661 5210 Deum
1689 5168 1819 5224 erat,
1850 5169 1925 5224 et,
1948 5158 2088 5213 Deus

517 5255 633 5300 erat
663 5263 682 5304 :
709 5245 778 5301 In
817 5250 1074 5318 principio
1127 5251 1269 5305 enim
1327 5257 1438 5304 erat
1494 5246 1738 5317 Verbum,
1785 5266 1835 5308 et
1864 5253 2087 5308 Verbum

2192 5162 2404 5217 veniret
2429 5163 2474 5218 is
2499 5163 2590 5233 qui
2619 5174 2802 5218 nosset
2827 5172 2882 5218 et
2911 5163 3206 5219 resolveret
3227 5179 3292 5220 ea
3322 5179 3445 5234 quae
3470 5178 3565 5234 per
3587 5163 3754 5218 Adam

2195 5255 2336 5309 mala
2379 5255 2598 5312 inducta
2635 5267 2782 5323 sunt,
2810 5257 2930 5313 ideo
2955 5257 3101 5314 venit
3120 5267 3174 5314 et
3203 5259 3450 5331 apparuit
3479 5256 3756 5314 Dominus.

587 5365 630 5398 ‘"
668 5365 856 5422 Matth.
889 5384 975 5430 Ill,
1012 5369 1100 5422 l7.
1173 5371 1397 5426 l"Joan.
1424 5373 1658 5434 vm,29.
1735 5373 1781 5404 ⁸³
1809 5372 1966 5428 Joan.
1995 5391 2032 5438 ι,
2077 5375 2098 5428 l

2203 5414 2214 5427 .
2287 5374 2336 5406 “
2371 5375 2502 5430 ibid.
2532 5375 2624 5432 29.

589 5459 698 5530 (62)
725 5461 1140 5517 Emendationes
1172 5474 1225 5518 et
1249 5466 1409 5520 variae
1439 5460 1715 5530 lectiones,
1744 5482 1807 5520 ex
1831 5468 1948 5520 cod.
1978 5483 2076 5521 ms.

516 5533 575 5587 S.
611 5532 849 5586 Cornelii
879 5533 1344 5601 Compendiensis.
1390 5535 1554 5589 Crede
1583 5555 1708 5592 sane
1738 5551 1784 5592 et
1811 5537 1965 5592 Patri
1993 5541 2082 5592 de-

513 5604 831 5659 monstranti
859 5605 982 5673 quia
1011 5605 1161 5658 Itabet
1184 5616 1233 5659 et
1263 5603 1482 5660 Filium.

591 5673 701 5743 (65)
750 5673 953 5730 Με.Ἐε
997 5692 1113 5746 cum
1167 5677 1234 5729 sit
1273 5675 1371 5732 Dei
1399 5675 1597 5746 Filius,
1653 5694 1754 5732 non
1791 5680 2082 5736 intermittit

515 5748 682 5802 ultum
717 5747 989 5818 imperium
1018 5744 1217 5800 Patris.

2261 5466 2370 5549 (64)
2409 5467 2506 5523 Ms.
2545 5469 2608 5525 Si
2643 5480 2817 5526 autem
2847 5473 2977 5526 dicit
3009 5470 3215 5542 Filius,
3248 5473 3377 5540 Qua:
3404 5472 3505 5544 ipsi
3544 5471 3754 5542 placent

2193 5539 2333 5594 facio
2364 5555 2596 5606 semper.
3201 5539 3209 5542 ⁷
3278 5539 3285 5540 “
3423 5539 3442 5544 “
3548 5539 3561 5542 “

2260 5608 2372 5680 (65)
2416 5609 2512 5680 ills.
2550 5609 2800 5680 [ndigens
2849 5612 3101 5680 baptismo
3139 5613 3277 5668 venit
3305 5613 3375 5667 ad
3419 5612 3749 5677 baptismum.

2263 5679 2375 5745 (66)
2412 5678 2511 5754 Ms.
2541 5679 2602 5734 Si
2632 5678 2797 5754 igitur
2829 5693 2876 5734 et
2914 5678 3011 5738 vox
3035 5682 3281 5752 Joannis,
3316 5686 3407 5754 qui
3434 5698 3532 5740 vos:
3559 5684 3750 5748 dictus,

2190 5767 2290 5804 non
2329 5752 2588 5820 intercipit
2620 5753 2902 5806 hominem.
